2951 3833
119 75 70 30 1961

153 220 19 23 A
197 219 141 30 profile
366 218 37 24 of
426 217 166 32 Ceylon's
616 216 167 25 Catholic
198 215 689 70 heritage.
344 254 60 24 SEE
425 253 227 29 Tambimuttu,
680 251 145 25 Francis
851 252 32 24 0.

117 316 163 24 CATHOLIC
307 314 271 26 INSTITUTIONAL
600 313 191 25 DIRECTORY

159 351 57 27 CO.
265 351 59 24 SEE

158 387 58 24 The
244 386 164 24 Official
432 386 101 29 guide
560 386 38 23 to
622 384 165 25 Catholic

201 422 227 24 educational
455 420 247 25 Institutions
727 420 60 23 and
200 419 692 68 religious
328 456 226 24 communities
581 456 39 24 in
645 455 57 24 the
727 455 123 24 United

202 493 138 28 States,
371 488 96 32 1961.

110 567 167 27 CATHOLIC
301 568 146 27 LIBRARY
471 567 96 27 ASSN.
618 567 169 26 MICHIGAN
809 568 98 26 UNIT.

149 601 124 25 PARISH
296 601 160 27 SECTION.

152 637 103 25 Check
279 638 55 25 it!
385 637 19 24 A
426 637 104 25 moral
555 637 211 26 evaluation
194 638 698 59 checklist
300 674 40 23 of
364 673 161 29 fiction,
555 668 203 34 1940-1961.

191 708 24 23 ©
237 708 125 24 Parish
384 708 162 29 Section,
575 708 169 29 Michigan
766 707 99 30 Unit,

194 741 165 26 Catholic
383 742 148 31 Library
554 742 120 29 Assn.;
723 739 142 32 16Oct61;

193 775 161 31 A527255.

116 837 165 26 CATHOLIC
303 840 212 26 MANAGEMENT
540 842 157 27 JOURNAL.
750 845 60 24 SEE

157 873 165 25 Catholic
344 875 212 30 population
579 878 224 33 statistics,
921 899 9 8 1961.

109 946 165 27 CATHOLIC
301 948 207 27 POPULATION
532 950 224 31 STATISTICS,
788 948 94 34 1961.

151 984 97 30 Appl.
278 985 140 26 author:
446 986 103 25 Bruce
575 987 75 26 Pub.
680 987 55 27 Co.

149 1021 24 23 ©
193 1018 165 27 Catholic
383 1020 124 26 School
532 1021 160 32 Journal,
722 1023 165 26 Catholic

149 1054 209 30 Management
383 1055 162 31 Journal;
575 1057 139 30 5Oct61;
743 1053 161 34 A528322.

105 1130 165 25 CATHOLIC
298 1129 121 26 SCHOOL
443 1130 121 30 BOARD,
591 1129 227 31 LOUISVILLE,
845 1130 57 24 KY.

151 1166 122 24 Junior
296 1166 103 30 great
423 1165 119 24 books.
594 1165 60 24 SEE
677 1164 99 30 Ford,
805 1164 83 25 John
911 1164 33 24 H.

110 1235 166 25 CATHOLIC
301 1233 120 25 SCHOOL
450 1231 158 26 JOURNAL.
661 1230 61 24 SEE

153 1269 164 26 Catholic
341 1267 210 31 population
576 1265 223 30 statistics,
829 1259 97 32 1961.

100 1361 166 27 CATHOLIC
291 1363 180 26 STUDENTS'
501 1364 149 26 MISSION
673 1365 160 33 CRUSADE,

142 1398 121 27 U.S.A.

143 1435 187 25 Southeast
354 1435 83 26 Asia
460 1436 40 25 in
525 1436 79 26 five
629 1438 119 25 hours.

185 1471 34 26 J.
250 1471 79 25 Paul
353 1472 140 31 Spaeth,
524 1474 139 25 editor.
715 1473 41 26 2d
778 1476 54 24 ed.

189 1500 97 37 (CSMC
313 1508 186 24 five-hour
524 1503 141 37 series)
712 1510 25 25 ©
756 1509 165 26 Catholic

183 1541 181 26 Students'
392 1544 150 25 Mission
565 1544 160 32 Crusade,
755 1545 141 31 U.S.A.;

184 1573 140 35 6Sep61;
353 1578 160 30 A527191.

113 1649 164 24 CATHOLIC
302 1648 166 24 STUDENTS
494 1648 119 26 PRESS.

153 1684 146 25 Federal
323 1685 60 23 and
410 1684 100 24 state
537 1682 182 26 services.
767 1682 60 23 SEE

196 1720 83 29 Mary
299 1719 142 30 Victor,
470 1719 142 26 Sister.

118 1784 167 26 CATHOLIC
306 1785 170 26 UNIVERSE
502 1786 181 26 BULLETIN.
733 1787 61 26 SEE

161 1820 166 25 Catholic
352 1820 187 33 directory
566 1822 58 25 and
650 1822 184 31 telephone

204 1855 101 31 guide
330 1855 60 25 for
413 1856 60 25 the
500 1857 142 25 diocese
669 1858 40 25 of
732 1857 189 27 Cleveland.

112 1924 165 25 CATHOLIC
302 1924 211 25 UNIVERSITY
535 1924 39 24 OF
598 1924 164 27 AMERICA.

153 1959 105 25 Faith
280 1959 61 24 and
366 1959 146 23 freedom
534 1957 102 26 basic
661 1958 163 26 readers.
874 1958 60 24 SEE

196 1996 225 30 Marguerite,
451 1995 141 27 Sister.

157 2035 41 30 My
221 2033 147 32 reading
392 2035 60 23 and
475 2034 83 25 word
583 2035 103 31 study
710 2035 81 24 book
816 2036 39 23 to

203 2075 185 25 accompany
415 2070 100 25 These
541 2075 58 19 are
625 2076 61 19 our
709 2070 161 32 friends,

202 2104 101 24 first
329 2105 140 31 reader,
499 2105 146 25 revised
668 2105 160 25 edition.

201 2140 60 23 SEE
286 2139 225 30 Marguerite,
540 2140 141 24 Sister.

155 2182 41 31 My
219 2182 146 30 reading
388 2183 59 23 and
471 2183 83 23 word
581 2182 103 29 study
706 2181 83 24 book
813 2181 38 23 to

197 2223 188 24 accompany
407 2217 81 25 This
515 2217 36 24 is
578 2223 60 19 our
663 2217 141 30 family.
852 2216 60 24 SEE

196 2254 225 30 Marguerite,
450 2253 143 28 Sister.

160 2296 122 25 Phonic
307 2296 62 32 key
394 2298 96 24 card.
540 2299 61 25 SEE
624 2299 84 25 Ginn
730 2301 21 24 &
774 2301 56 25 Co.

162 2337 165 32 Teaching
354 2338 56 24 the
436 2339 251 24 first-reader
709 2345 164 26 program.

202 2374 60 24 SEE
286 2373 226 32 Marguerite,
540 2374 141 25 Sister.

158 2413 167 30 Teaching
349 2413 60 24 the
434 2413 123 29 primer
583 2417 161 25 program.
793 2411 60 25 SEE

199 2447 224 31 Marguerite,
452 2447 142 27 Sister.

149 2488 60 25 The
235 2485 229 33 theological
489 2484 145 25 defense
657 2483 42 25 of
720 2482 103 31 papal

192 2527 119 26 power.
362 2520 62 25 SEE
447 2518 182 32 Sharrock,
658 2517 104 25 David
788 2515 96 25 John.

163 2563 102 25 These
289 2568 61 19 are
375 2566 60 20 our
459 2561 163 26 friends.
671 2559 59 25 SEE

205 2597 224 31 Marguerite,
459 2597 142 25 Sister.

113 2678 166 25 CATHOLIC
302 2678 213 25 UNIVERSITY
537 2678 40 25 OF
601 2678 161 27 AMERICA.
157 2678 740 60 WORKSHOP
263 2714 40 24 ON
325 2714 255 25 EPIDEMIOLOGY
602 2713 39 25 IN
663 2713 163 26 NURSING.

155 2748 255 31 Epidemiology
433 2749 40 24 in
494 2749 162 29 nursing.
707 2748 229 30 Proceedings

205 2802 49 7 ...
283 2786 81 24 June
391 2783 38 25 10
455 2785 37 23 to
517 2784 55 29 21,
692 2801 7 7 1960.
748 2784 127 25 Edited
898 2783 41 30 by

199 2820 166 29 Marjorie
389 2820 35 25 J.
454 2820 166 29 Corrigan
643 2821 21 24 &
686 2819 145 25 Lucille
854 2819 36 26 E.

200 2856 182 24 Corcoran.
429 2855 25 24 ©
475 2855 164 25 Catholic
664 2855 212 29 University
899 2853 37 25 of

200 2890 146 25 America
369 2891 119 27 Press,
518 2890 96 28 Inc.;
644 2889 140 29 3Jul61;

200 2920 161 33 A526087.

110 3001 165 25 CATHOLIC
298 3000 212 26 UNIVERSITY
533 3001 39 24 OF
597 3000 160 26 AMERICA.
151 3000 740 61 WORKSHOP
258 3036 39 25 ON
320 3037 103 24 MUSIC
447 3036 169 25 TEACHING
637 3036 147 25 METHODS
807 3037 21 24 &

152 3072 224 30 TECHNIQUES.

151 3107 103 25 Music
280 3107 165 30 teaching
466 3106 146 25 methods
639 3106 62 25 and
194 3106 612 67 techniques.
385 3143 228 29 Proceedings
645 3159 49 7 ...
723 3143 81 25 June
831 3141 39 24 10
895 3141 36 24 to

195 3177 55 30 21,
369 3195 7 7 1960.
426 3178 126 24 Edited
575 3177 41 30 by
637 3177 149 25 Richard
808 3178 35 24 H.

194 3211 141 25 Werder.
382 3212 26 24 ©
428 3211 165 26 Catholic
617 3211 213 29 University
851 3211 41 23 of

195 3248 148 24 America
363 3249 120 28 Press,
513 3248 96 28 Inc.;
640 3247 161 29 15Mar61;

196 3278 160 34 A526089.

111 3367 167 25 CATHOLIC
301 3366 214 26 UNIVERSITY
536 3367 39 25 OF
601 3367 160 25 AMERICA.
155 3367 741 60 WORKSHOP
261 3402 40 24 ON
324 3402 276 25 PSYCHOLOGICAL
621 3402 211 25 COUNSELING
855 3402 40 25 IN

153 3437 85 25 HIGH
261 3438 127 24 SCHOOL
411 3437 61 25 AND
495 3437 159 27 COLLEGE.

155 3471 272 31 Psychological
452 3472 208 30 counseling
685 3472 40 24 in
747 3472 84 30 high

198 3507 123 24 school
347 3508 60 23 and
431 3507 161 30 college.
642 3507 230 30 Proceedings

203 3559 47 7 ...
281 3543 82 25 June
389 3541 39 25 10
454 3542 36 24 to
516 3541 54 30 21,
690 3559 8 8 1960.
747 3542 127 24 Edited
897 3542 40 29 by

196 3577 127 23 Edward
347 3578 32 25 C.
410 3577 140 24 Stefic.
597 3578 25 22 ©
643 3577 165 24 Catholic
197 3577 696 64 University
368 3610 41 25 of
431 3611 148 25 America
600 3612 120 28 Press,
750 3612 96 27 Inc.;

198 3645 162 29 23Jun61;
388 3642 162 33 A526088.

1026 212 167 26 CATHOLIC
1217 211 213 25 UNIVERSITY
1451 211 39 24 OF
1515 209 161 26 AMERICA.
1070 209 742 64 WORKSHOP
1176 247 40 25 ON
1239 247 188 25 RELIGIOUS
1451 246 190 25 EDUCATION
1664 245 147 25 THROUGH

1070 283 61 25 THE
1156 281 274 26 CONFRATERNITY
1452 282 39 24 OF
1516 281 189 24 CHRISTIAN
1070 281 718 63 DOCTRINE.

1070 353 187 30 Religious
1283 352 189 24 education
1496 351 145 30 through
1665 352 76 24 CCD.

1114 388 228 29 Proceedings
1374 403 49 9 ...
1452 387 81 25 June
1560 385 39 24 10
1624 385 37 24 to
1687 385 55 30 21,
1856 401 8 8 1960.

1112 423 127 25 Edited
1261 422 43 30 by
1325 421 125 30 Joseph
1472 422 35 25 B.
1538 420 162 26 Collins.

1111 458 25 25 ©
1157 457 165 26 Catholic
1346 456 211 29 University
1580 456 41 23 of
1645 455 146 25 America

1114 494 119 28 Press,
1264 493 96 27 Inc.;
1391 491 159 29 15Mar61;
1582 485 160 34 A526086.

1041 561 163 26 CATHOLIC
1230 558 212 27 UNIVERSITY
1463 558 40 25 OF
1526 557 145 25 AMERICA
1697 556 120 27 PRESS.

1082 598 81 24 Duns
1189 597 141 25 Scotus.
1379 595 59 25 SEE
1462 593 163 29 Bettoni,
1652 592 123 26 Efrem.

1039 651 163 25 CATHOLIC
1227 651 211 25 UNIVERSITY
1460 652 41 24 OF
1523 651 145 26 AMERICA
1694 652 120 31 PRESS,

1082 686 75 25 INC.

1078 718 211 32 Adsorption
1314 720 40 24 in
1378 719 58 24 the
1460 725 104 25 paper
1121 721 656 64 chromatography
1249 755 40 23 of
1316 754 56 24 the
1398 755 102 24 lower
1524 755 104 32 fatty
1651 756 120 25 acids.

1122 791 61 24 SEE
1205 789 143 32 Molloy,
1373 790 128 25 Andrew
1523 791 36 26 A.

1068 834 146 26 Aerobic
1239 832 232 31 respiratory
1491 829 215 26 metabolism
1726 829 40 25 of

1112 869 291 30 Staphylococcus
1430 872 122 19 aureus
1579 866 39 24 in
1641 865 101 24 vitro
1770 865 60 23 and

1111 905 86 26 from
1219 911 41 18 an
1283 903 166 26 infected
1473 901 140 26 animal.
1664 901 62 25 SEE

1112 939 225 31 Gellenbeck,
1367 938 81 31 Mary
1473 937 119 31 Mercy.

1083 980 228 26 Alcoholism.
1359 982 62 25 SEE
1441 983 105 29 Ford,
1572 983 82 25 John
1676 985 18 24 C.

1071 1024 43 24 An
1137 1022 164 32 analysis
1326 1022 42 25 of
1392 1022 60 25 the
1476 1021 360 26 teacher-education

1115 1064 166 23 programs
1305 1059 43 23 of
1371 1058 60 24 the
1454 1057 212 25 Benedictine
1709 1058 145 24 Sisters

1118 1095 37 24 in
1180 1095 58 24 the
1262 1094 127 24 United
1412 1094 141 25 States.
1603 1093 62 25 SEE

1115 1129 204 32 Highbaugh,
1348 1129 162 25 Assunta.

1083 1169 57 24 The
1166 1168 184 25 attitudes
1377 1169 40 23 of
1440 1169 38 24 Le
1505 1168 272 30 Correspondent

1123 1205 60 23 and
1207 1205 41 24 La
1271 1206 118 23 Revue.
1439 1205 61 24 SEE
1525 1204 140 31 Hinger,
1693 1206 143 29 George.

1069 1256 211 26 Authorised
1304 1252 293 28 ecclesiastical
1622 1252 98 25 acts.
1771 1252 62 24 SEE

1112 1293 161 30 Tierney,
1301 1290 150 26 William
1475 1289 32 25 J.

1075 1331 123 24 Bach's
1225 1332 186 27 treatment
1434 1335 41 24 of
1500 1336 61 25 the
1586 1338 143 32 subject
1753 1340 41 25 of

1118 1366 105 25 death
1247 1367 39 25 in
1306 1367 61 26 his
1396 1370 122 25 choral
1540 1373 121 26 music.
1712 1376 62 25 SEE

1117 1400 162 34 Foelber,
1309 1404 81 24 Paul
1413 1405 205 28 Frederick.

1084 1443 60 25 The
1170 1443 141 25 beetles
1339 1446 40 23 of
1405 1446 56 25 the
1486 1449 125 24 United
1634 1452 142 24 States.

1127 1480 60 24 SEE
1209 1480 143 32 Arnett,
1384 1483 75 24 Ross
1485 1485 57 30 H.,
1572 1486 56 25 Jr.

1078 1526 184 26 Canonical
1287 1526 226 30 precedence.
1563 1525 62 24 SEE

1119 1561 206 32 Schreiber,
1353 1560 79 26 Paul
1456 1562 35 23 F.

1085 1601 57 23 The
1168 1606 121 19 canons
1316 1603 39 23 of
1381 1602 57 24 the
1463 1603 103 25 First
1592 1604 144 25 Council
1761 1606 39 23 of

1123 1635 121 32 Arles,
1274 1633 61 34 314
1355 1637 79 25 A.D.
1484 1640 61 24 SEE

1124 1671 205 31 O'Donnell,
1358 1673 125 30 Joseph
1504 1675 36 24 M.

1072 1713 61 24 The
1160 1711 165 25 Catholic
1350 1710 164 25 teachers
1542 1708 163 31 colleges
1732 1707 40 25 in

1117 1748 59 25 the
1200 1747 125 24 United
1349 1745 160 32 Kingdom,
1541 1739 203 34 1850-1960.
1796 1741 62 25 SEE

1117 1784 182 30 Carrigan,
1327 1781 121 25 Delia.

1078 1824 162 26 Clinical
1268 1823 122 25 social
1412 1822 86 25 work
1522 1821 39 25 in
1586 1822 58 24 the
1669 1821 77 25 U.S.

1117 1861 97 30 Army,
1246 1854 203 35 1947-1949.
1501 1858 61 24 SEE
1584 1858 140 30 Morgan,

1116 1895 105 31 Ralph
1243 1895 37 25 W.

1085 1937 59 24 The
1169 1938 253 29 co-operation
1444 1939 38 24 of
1507 1939 123 30 public
1656 1940 61 25 and

1126 1972 189 24 sectarian
1338 1974 162 30 agencies
1529 1974 39 25 in
1594 1975 56 24 the
1128 1976 653 55 education
1232 2007 39 23 of
1296 2008 187 31 exception
1508 2009 181 26 children.
1741 2012 59 24 SEE

1126 2042 118 31 Jenks,
1271 2042 151 25 William
1441 2045 35 23 F.

1081 2084 19 23 A
1126 2084 164 24 critical
1316 2084 164 31 analysis
1507 2085 39 23 of
1572 2085 56 23 the
1656 2084 205 32 objectives

1125 2120 39 23 of
1189 2119 314 24 extracurricular
1529 2119 167 31 activity

1124 2158 165 26 programs
1318 2154 38 23 in
1378 2154 165 24 Catholic
1568 2154 85 30 high
1677 2154 160 24 schools.

1124 2190 59 23 SEE
1207 2188 164 31 Geartts,
1398 2189 84 30 Mary
1505 2188 205 32 Margarita.

1079 2229 19 23 A
1124 2227 165 25 critical
1316 2228 102 31 study
1443 2229 39 23 of
1506 2228 146 24 current
1676 2227 164 30 concepts

1126 2264 38 23 of
1191 2263 101 24 truth
1317 2263 39 24 In
1377 2263 169 24 American
1570 2262 229 25 educational

1127 2298 121 31 theory
1271 2298 62 24 and
1359 2298 100 24 their
1485 2297 229 25 educational
1126 2297 715 61 Implications.
1335 2334 61 24 SEE
1419 2332 163 32 Flusche,
1610 2333 126 24 Ernest
1758 2333 37 24 A.

1071 2378 189 25 Decennial
1284 2376 187 26 faculties
1495 2375 62 25 for
1580 2373 209 26 ordinaries
1816 2372 40 25 in

1115 2413 310 31 quasi-dioceses.
1475 2410 63 25 SEE
1561 2410 139 31 Chyang,

1116 2451 101 24 Peter
1240 2451 36 23 B.

1071 2484 62 25 The
1158 2482 228 25 development
1411 2482 41 23 of
1474 2480 61 24 the
1560 2479 125 25 office
1708 2478 43 26 of

1117 2518 143 26 Prefect
1284 2517 41 25 of
1349 2516 183 31 Religion.
1583 2515 62 24 SEE
1670 2515 117 29 Jones,

1115 2554 124 24 Thomas
1266 2551 160 27 Patrick.

1072 2588 62 26 The
1159 2590 230 32 development
1412 2592 41 25 of
1478 2592 59 24 the
1562 2591 274 33 understanding

1115 2628 42 24 of
1181 2628 59 24 the
1263 2628 82 24 Mass
1373 2628 38 25 in
1437 2628 165 25 children
1627 2629 40 25 in
1690 2629 167 25 Catholic

1118 2662 159 26 schools.
1328 2663 64 25 SEE
1413 2663 204 32 Robertson,
1647 2664 147 25 Glendon
1817 2666 34 24 E.

1082 2703 81 25 Dies
1188 2704 168 25 dominica
1381 2706 59 23 and
1463 2706 81 24 dies
1571 2706 119 26 soils.
1740 2709 61 23 SEE

1128 2741 118 29 Regan,
1273 2740 144 25 Francis
1441 2742 37 27 A.

1076 2782 188 26 Doctrinal
1290 2784 295 32 interpretation
1607 2786 41 25 of
1672 2787 75 26 law.
1799 2789 63 24 SEE

1120 2818 202 33 Shekleton,
1352 2820 148 25 Matthew
1521 2822 35 25 M.

1074 2858 62 25 The
1160 2859 166 26 doctrine
1351 2860 41 25 of
1415 2861 82 25 time
1522 2861 40 25 in
1586 2862 55 25 St.
1669 2861 142 26 Thomas.

1118 2895 65 24 SEE
1203 2895 118 32 Quinn,
1355 2895 80 25 John
1458 2896 34 25 M.

1075 2936 143 25 Effects
1245 2937 38 25 of
1308 2937 233 25 distraction
1563 2944 40 19 on
1626 2938 230 30 performance

1118 2973 40 25 in
1182 2973 287 32 schizophrenic,
1498 2973 313 32 psychoneurotic,

1117 3010 61 24 and
1201 3009 124 25 normal
1353 3009 244 26 individuals.
1648 3009 63 25 SEE

1117 3045 206 32 Stammeyer,
1349 3045 125 31 Eugene
1498 3045 162 26 Charles.

1075 3089 142 24 Effects
1242 3087 40 25 of
1308 3086 121 24 stress
1454 3090 42 19 on
1518 3082 126 31 paired
1118 3086 629 63 associate
1244 3120 168 31 learning
1436 3119 60 24 and
1519 3116 141 26 recall.
1712 3114 64 26 SEE

1116 3158 121 31 Tecce,
1268 3156 123 30 Joseph
1418 3155 31 25 J.

1082 3199 45 24 An
1150 3199 312 26 electrochemical
1488 3202 103 31 study
1615 3203 39 23 of
1681 3203 58 24 the

1126 3240 144 27 passage
1297 3236 40 25 of
1358 3236 171 32 hydrogen
1551 3238 99 24 atoms
1680 3238 145 32 through

1128 3275 19 18 a
1168 3271 193 32 diaphragm
1382 3272 161 26 cathode.
1592 3275 59 23 SEE

1126 3306 41 25 La
1190 3306 141 32 Pietra,
1360 3307 145 25 Richard
1526 3309 37 24 A.

1074 3345 210 25 Electronic
1310 3344 209 25 excitation
1542 3344 41 25 in
1606 3343 124 24 atomic

1120 3382 222 25 collisions.
1394 3380 62 25 SEE
1479 3379 140 32 Scheel,
1647 3378 142 25 Nivard.

1075 3413 210 33 Elementary
1308 3415 168 31 hydrogen
1500 3416 85 25 atom
1605 3417 205 25 reactions.

1119 3452 62 24 SEE
1201 3451 207 32 Wadlinger,
1435 3452 125 25 Robert
1585 3452 34 26 L.

1086 3492 58 25 The
1171 3492 207 33 elementary
1401 3494 186 25 reactions
1616 3496 39 23 of
1677 3496 169 30 hydrogen

1128 3527 118 25 atoms.
1296 3529 61 24 SEE
1379 3529 99 31 Ambs,
1507 3529 150 25 William
1677 3532 36 24 J.

1084 3567 256 32 Epidemiology
1365 3568 40 25 in
1426 3569 164 30 nursing.
1639 3570 62 24 SEE
1130 3569 677 58 Catholic
1233 3602 213 32 University
1469 3603 40 25 of
1533 3604 164 24 America.
1131 3604 696 63 Workshop
1238 3643 40 19 on
1296 3638 255 32 Epidemiology
1576 3639 41 25 in
1638 3639 165 32 Nursing.

1994 210 186 24 Erroneous
2210 204 205 26 conscience
2440 202 60 24 and
2522 199 248 32 obligations.

2039 244 61 24 SEE
2123 240 227 31 Colavechio,
2375 237 126 26 Xavier
2524 238 36 24 G.

2002 278 61 23 The
2089 277 269 26 establishment
2385 281 59 23 and
2467 282 186 24 reactions
2681 282 39 25 of

2043 313 171 24 Aristida
2237 313 187 33 oligantha
2446 316 119 26 Michx.
2617 319 60 24 SEE

2043 350 143 29 Marrow,
2213 352 141 29 Eugene.

1995 391 41 24 An
2060 392 231 25 examination
2313 392 41 25 of
2379 392 59 24 the
2462 390 80 26 role
2566 390 108 25 which

2039 428 210 30 absorption
2272 427 101 31 plays
2401 426 38 25 in
2463 427 59 24 the
2547 432 104 24 paper

2041 464 293 31 chromatography
2356 463 41 25 of
2422 468 78 19 some
2527 468 122 25 sugars
2675 462 59 24 and

2040 499 124 25 allied
2190 499 202 30 compounds.
2442 498 62 24 SEE
2527 498 161 30 Schwane,

2038 535 142 25 Robert.

1995 571 40 24 An
2060 565 250 33 experimental
2336 565 102 30 study
2460 563 43 25 of
2527 561 208 26 cavitation

2037 604 205 30 phenomena.
2293 600 61 25 SEE
2380 601 136 29 Conway,
2547 597 182 26 Columban.

1990 644 21 24 A
2034 641 187 27 factorial
2248 641 102 31 study
2373 641 42 24 of
2437 638 165 26 educable

2033 677 170 27 retarded
2228 676 180 26 children.
2458 675 65 26 SEE
2544 674 141 32 Herard,

2036 715 124 28 Joseph
2184 715 33 23 P.

2002 753 103 25 First
2130 753 185 24 amendment
2341 753 182 25 freedoms.
2573 755 60 23 SEE

2046 788 139 31 Nessel,
2213 788 163 25 William.

2001 828 250 25 Fluctuations
2279 828 39 24 In
2340 828 228 31 populations
2596 829 39 23 of

2044 863 211 25 Collembola
2276 863 128 25 within
2426 863 81 25 leaf
2532 863 124 24 litter
2681 863 39 25 In

2045 899 59 24 the
2130 898 166 26 Patuxent
2322 898 164 25 Research
2509 899 141 30 Refuge,

2043 933 183 31 Maryland.
2277 935 61 24 SEE
2362 933 162 31 Ostdiek,
2552 934 85 24 John
2658 934 35 24 L.

2003 974 61 25 The
2090 973 229 25 fundamental
2347 974 161 25 theistic
2535 975 165 31 argument
2727 975 40 24 In

2050 1010 56 24 the
2130 1009 252 31 metaphysical
2407 1009 165 25 doctrine
2599 1011 38 23 of
2660 1010 104 25 Saint

2048 1046 121 24 Thomas
2193 1045 164 30 Aquinas.
2407 1047 60 24 SEE
2491 1046 141 31 Nugent,

2048 1083 99 24 James
2173 1083 35 23 B.

2004 1120 144 26 Gabriel
2172 1120 165 25 Marcel's
2364 1120 229 30 paradoxical

2047 1156 209 30 expression
2280 1157 39 23 of
2342 1156 161 31 mystery.
2554 1157 61 24 SEE

2048 1191 161 32 Ralston,
2236 1192 148 30 Zachary
2409 1191 136 31 Taylor.

1996 1234 63 24 The
2087 1233 184 25 influence
2295 1233 42 25 of
2359 1232 315 32 hospitalization
2698 1240 42 18 on

2042 1269 60 24 the
2127 1268 123 25 verbal
2273 1269 168 24 behavior
2464 1268 41 26 of
2531 1268 143 26 chronic

2041 1305 310 29 schizophrenics.
2404 1304 60 25 SEE
2483 1304 122 32 Wynne,

2040 1340 126 25 Ronald
2189 1340 36 25 D.

2007 1374 251 26 Introduction
2284 1374 38 24 to
2345 1373 185 25 classical
2557 1373 245 31 scholarship.

2048 1412 61 23 SEE
2131 1409 164 31 McGuire,
2322 1408 128 26 Martin
2472 1411 34 23 R.
2535 1411 34 23 P.

1999 1453 185 27 Invariant
2211 1448 226 28 connections
2464 1447 39 24 in
2525 1443 188 33 principal

2039 1489 103 25 fiber
2165 1485 146 26 bundles
2336 1489 81 20 over
2443 1480 144 31 locally
2040 1480 652 75 homogeneous
2212 1526 139 25 spaces.
2402 1518 61 25 SEE
2483 1516 164 30 Whitman,

2041 1558 124 26 Andrew
2191 1559 33 23 P.

1998 1597 274 32 Investigation
2293 1597 41 25 of
2359 1596 207 31 elementary
2590 1596 187 25 reactions

2041 1633 187 31 involving
2250 1633 169 31 hydrogen
2442 1632 119 25 atoms.
2611 1632 62 25 SEE

2037 1668 209 32 Borkowski,
2271 1667 148 32 Raymond
2442 1669 33 24 P.

2002 1711 187 26 Isolation
2211 1709 42 26 of
2275 1707 229 27 biochemical
2531 1707 60 23 and
2043 1706 696 72 chromogenic
2170 1744 145 25 mutants
2340 1744 41 24 of
2405 1742 227 25 Micrococcus

2044 1780 271 32 lysodeikticus
2340 1778 104 31 using
2468 1777 166 31 lysozyme
2659 1782 37 18 as

2044 1816 61 24 the
2130 1814 187 25 selective
2342 1813 117 31 agent.
2510 1811 62 26 SEE

2045 1848 269 32 Stechschulte,
2341 1848 101 31 Agnes
2467 1846 141 26 Louise.

2008 1890 125 25 Manual
2159 1890 59 26 for
2243 1891 105 32 forty
2369 1892 122 24 hours.
2540 1893 61 25 SEE

2053 1925 164 30 Schmitz,
2242 1926 126 25 Walter
2392 1927 58 29 J.,
2474 1928 58 25 ed.

1996 1968 146 26 Medical
2165 1969 185 31 hypnosis.
2401 1969 61 24 SEE
2484 1968 161 32 Gormley,

2036 2005 151 26 William
2211 2006 33 25 J.

1996 2041 168 31 Multiple
2189 2037 209 30 scattering
2421 2034 40 26 of
2485 2033 59 25 low
2571 2036 122 26 energy

2039 2077 102 31 pions
2169 2076 39 24 in
2231 2072 203 26 deuterium.
2485 2069 63 25 SEE
2570 2067 162 31 Spriggs,

2039 2114 148 25 Thurman
2211 2111 33 24 E.

1999 2149 103 24 Music
2126 2155 149 24 program
2297 2148 40 24 in
2363 2147 163 25 Catholic
2553 2148 162 30 colleges

2042 2185 60 23 and
2125 2183 252 25 universities
2404 2183 38 25 in
2467 2182 58 25 the
2549 2182 127 26 United

2041 2219 141 25 States.
2232 2219 66 25 SEE
2317 2219 119 31 Shaum,
2464 2217 104 26 David
2591 2219 35 24 W.

2008 2259 103 25 Music
2139 2260 166 31 teaching
2326 2261 145 25 methods
2499 2263 60 23 and
2051 2263 614 62 techniques.
2243 2296 62 25 SEE
2326 2296 165 25 Catholic
2514 2297 213 33 University
2753 2299 40 24 of

2052 2330 164 25 America.
2263 2331 167 31 Workshop
2455 2338 40 19 on
2516 2333 104 25 Music
2053 2333 698 63 Teaching
2135 2365 146 25 Methods
2305 2367 21 24 &
2351 2366 224 31 Techniques.

1999 2410 228 28 Paradoxical
2251 2412 165 30 patterns
2442 2411 42 25 in
2507 2411 184 25 Chaucer's

2039 2449 162 25 Troilus.
2253 2448 62 25 SEE
2336 2447 99 32 Gill,
2463 2448 81 23 Anne
2568 2446 164 26 Barbara.

2006 2490 19 23 A
2049 2489 273 31 philosophical
2347 2490 102 31 study
2474 2490 39 23 of
2540 2490 57 24 the

2051 2525 186 24 efficient
2263 2531 121 18 causes
2412 2526 38 23 of
2474 2525 166 32 learning

2050 2562 187 30 according
2264 2562 37 23 to
2325 2561 102 25 Saint
2454 2562 119 24 Thomas
2598 2561 164 30 Aquinas.

2049 2598 61 23 SEE
2136 2596 139 31 Gulley,
2302 2597 147 31 Anthony
2470 2598 37 24 D.

2010 2642 60 24 The
2094 2640 188 31 political
2306 2639 60 24 and
2392 2636 164 26 cultural
2580 2635 147 30 history

2054 2677 40 23 of
2117 2675 59 27 the
2201 2673 145 26 ancient
2369 2673 121 26 world.
2540 2671 59 25 SEE

2052 2711 163 29 McGuire,
2242 2709 128 26 Martin
2390 2709 38 26 R.
2456 2708 34 26 P.

2009 2752 80 29 Pope
2113 2751 107 25 Urban
2243 2752 36 24 II
2306 2752 59 24 and
2392 2756 102 20 canon
2517 2751 75 26 law.
2644 2754 60 23 SEE

2049 2788 164 28 Gossman,
2241 2786 142 25 Francis
2412 2788 32 24 J.

2003 2827 185 29 Principal
2213 2826 147 32 foreign
2386 2827 121 30 policy
2533 2826 162 30 problems
2723 2827 39 24 of

2045 2863 57 23 the
2129 2862 143 24 Federal
2297 2862 161 30 Republic
2489 2863 38 23 of
2551 2863 162 30 Germany,

2045 2891 203 37 1949-1954.
2299 2898 61 23 SEE
2384 2898 96 29 Szaz,
2508 2897 126 24 Zoltan

2042 2932 163 25 Michael.

1998 2964 124 25 Proton
2146 2964 168 31 strength
2335 2963 186 25 functions
2547 2964 86 24 from
2658 2960 50 35 (p,

2038 2998 170 26 reaction
2230 2998 141 32 yields.
2420 2999 62 25 SEE
2504 2999 162 31 Gutsche,

2037 3033 127 26 Graham
2186 3035 36 25 D.

2007 3069 273 31 Psychological
2305 3070 209 32 counseling
2537 3071 40 25 in
2598 3071 87 32 high

2051 3103 122 26 school
2200 3106 61 23 and
2284 3104 162 32 college.
2495 3106 60 25 SEE
2578 3106 166 26 Catholic

2047 3138 213 33 University
2283 3140 40 24 of
2346 3141 163 24 America.
2556 3142 169 30 Workshop

2050 3180 41 19 on
2112 3175 273 32 Psychological
2409 3176 209 33 Counseling
2643 3177 41 25 in

2048 3209 85 32 High
2156 3210 123 25 School
2305 3211 61 25 and
2388 3211 163 33 College.

1997 3249 188 26 Reactions
2211 3248 41 25 of
2276 3248 59 24 the
2363 3246 100 25 imine
2486 3245 162 26 radical.
2700 3245 62 24 SEE

2041 3284 141 31 Miller,
2211 3283 124 31 Eugene
2358 3282 37 26 D.

1998 3325 61 26 The
2084 3323 188 32 recipient
2296 3323 41 25 of
2362 3323 142 24 extreme
2528 3322 163 24 unction.

2043 3360 65 24 SEE
2126 3359 144 32 Renati,
2299 3357 142 25 Charles
2467 3358 140 30 George.

1994 3398 255 31 Relationship
2272 3397 41 26 of
2338 3395 166 33 antibody
2525 3396 169 31 nitrogen
2718 3396 37 24 to

2039 3434 104 25 titer
2166 3433 169 25 obtained
2360 3432 40 25 in
2422 3432 59 24 the
2508 3431 184 25 cercarial

2040 3470 147 31 antigen
2211 3469 117 25 slide.
2380 3468 61 25 SEE
2462 3468 183 30 Anderson,

2038 3506 125 25 Robert
2190 3505 118 25 Isiah.

1997 3542 63 25 The
2083 3541 168 25 Relative
2277 3538 206 31 importance
2506 3536 41 25 of
2571 3536 79 24 aims

2043 3577 124 23 stated
2191 3577 61 23 for
2277 3575 58 23 the
2363 3574 249 27 contemporary
2634 3569 125 31 public

2043 3610 209 30 elementary
2277 3607 139 26 school.
2466 3606 62 25 SEE
2550 3604 206 31 Leibrecht,

2045 3646 80 25 John
2152 3645 32 26 J.

2009 3680 188 31 Religious
2221 3681 191 25 education
2435 3681 146 32 through
2601 3682 80 25 CCD.

2052 3717 63 24 SEE
2136 3716 165 25 Catholic
2325 3717 211 32 University
2560 3718 40 24 of
2627 3718 160 26 America.

2051 3752 169 30 Workshop
2243 3758 41 19 on
2307 3752 185 32 Religious
2516 3753 188 25 Education
