2609 4293
0 0 0 0 97
101 337 362 73 Aeschylus.

181 413 128 58 The
345 410 378 59 Eumenides
769 411 160 72 (The
963 410 231 73 furies)
1240 410 67 57 of
1340 410 366 72 Aeschylus,
1744 411 351 57 translated

104 487 1992 74 into rhyming verse by Gilbert Murray … New York
123 570 127 69 [etc.]
286 566 244 58 Oxford
560 565 353 72 university
940 583 201 54 press,
1175 567 164 56 1925.

171 643 53 46 80
244 658 42 40 p.
372 643 28 45 19
405 646 47 18 cm
457 677 10 10 .

101 700 53 54 ©
183 703 99 51 Jan.
318 700 60 51 18,
416 699 128 53 1926;
577 701 65 42 2c.
677 700 87 43 and
796 700 78 42 aff.
907 701 99 51 Jan.
1038 700 79 51 21;
1151 699 44 43 A
1228 697 189 55 879334;
1454 699 185 44 Oxford
1670 698 250 53 university
1950 713 139 38 press,

170 757 243 44 American
445 756 181 43 branch.
695 755 241 55 (26-3126)

101 840 335 58 American
464 839 288 58 institute
787 839 68 58 of
887 838 297 59 chemical
1219 838 341 73 engineers.

182 918 1911 73 Transactions … v. 16, part 2, 1924 … New York,
102 997 71 56 D.
207 997 139 56 Van
379 997 323 56 Nostrand
734 1014 322 53 company,
1089 997 164 57 1925.

170 1073 61 52 iii,
260 1073 82 43 310
372 1087 39 38 p.
471 1072 128 51 illus.,
631 1072 158 51 tables,
819 1072 168 54 diagrs.
1046 1072 52 44 23½cm.

102 1127 53 54 ©
182 1131 100 51 Jan.
310 1130 38 49 2,
382 1129 129 51 1926;
543 1130 64 41 2c.
638 1130 100 51 Jan.
773 1129 74 51 14;
879 1129 79 43 aff.
990 1130 99 51 Jan.
1126 1126 74 54 15;
1234 1128 44 42 A
1309 1125 189 54 875843;
1534 1127 244 44 American
1811 1127 201 44 institute
2045 1127 49 44 of

171 1184 215 45 chemical
415 1185 249 52 engineers,
697 1185 245 52 Brooklyn.

102 1268 221 69 Baker,
359 1268 234 58 Robert
628 1266 339 59 Nicholson
1003 1268 192 69 Scott,
1237 1268 188 57 1894-

177 1344 349 71 Principles
555 1345 68 57 of
648 1345 103 57 the
776 1344 172 58 basic
974 1343 414 59 mechanisms;
1449 1363 80 38 an
1557 1344 379 72 elementary
1967 1348 128 54 text

102 1422 1973 136 book, by Robert N. Scott Baker … and William E. Farrell …
437 1501 339 73 [Menasha,
821 1501 175 73 Wis.,
1045 1502 128 56 The
1224 1499 340 74 Collegiate
1608 1519 202 54 press,
1858 1501 241 72 George

102 1579 205 57 Banta
338 1578 364 73 publishing
732 1597 321 55 company]
1088 1580 165 56 1926.

174 1655 1129 55 4 p. l. , 135 p. illus., diagrs. (1 fold.) 27 cm .
176 1712 258 54 “Prepared
463 1712 235 54 primarily
729 1713 76 45 for
836 1712 75 45 the
941 1728 79 29 use
1050 1713 51 44 of
1134 1712 297 53 midshipmen
1461 1715 51 42 of
1542 1713 75 44 the
1648 1712 121 45 third
1801 1712 115 45 class
1948 1721 45 36 at
2024 1714 74 44 the

101 1768 173 47 United
297 1768 148 48 States
467 1768 134 45 naval
622 1769 448 53 academy.”—Pref.

102 1825 53 54 ©
183 1828 99 51 Jan.
315 1827 61 50 18,
411 1826 128 52 1926;
570 1828 65 42 2c.
664 1828 99 51 Jan.
793 1827 77 52 30;
904 1827 79 43 aff.
1013 1828 101 51 Jan.
1141 1826 79 53 29;
1253 1827 44 42 A
1328 1824 189 55 883105;
1549 1827 60 44 U.
1642 1824 45 48 S.
1717 1827 132 43 naval
1881 1826 215 53 institute,

171 1883 264 52 Annapolis.
504 1882 242 55 (26-3152)

102 1965 308 74 Banning,
449 1965 288 73 Kendall,
777 1969 190 57 1879-

179 2044 1915 76 The great adventure … by Kendall Banning. New
101 2124 189 72 York,
325 2126 130 58 The
491 2124 417 58 Marchbanks
942 2144 202 53 press,
1179 2125 166 56 1926.

171 2200 53 43 44
262 2214 40 38 p.
360 2201 55 41 22½cm.

173 2256 180 43 Poems.

99 2310 56 54 ©
189 2313 98 51 Jan.
322 2313 67 51 22,
427 2312 128 52 1926;
592 2314 66 42 2c.
692 2313 99 53 Jan.
826 2310 79 55 25;
943 2313 79 43 aff.
1058 2314 101 51 Jan.
1196 2314 79 50 23;
1314 2312 44 43 A
1392 2311 190 53 879392;
1623 2314 59 43 K.
1722 2313 221 54 Banning,
1982 2315 116 44 New

174 2370 141 43 York.
394 2367 242 56 (26-3285)

106 2451 280 73 Boswell,
426 2453 215 72 Harry
675 2453 231 72 James,
945 2455 190 57 1874-

103 2529 1968 137 American blue book (Boswell) Texas attorneys … produced
348 2608 200 58 under
597 2607 306 59 direction
953 2607 68 59 of
1070 2606 79 59 H.
1202 2608 217 59 James
1469 2608 269 59 Boswell
1791 2610 123 58 and
1967 2628 126 40 son.

107 2684 452 75 [Minneapolis]
590 2694 18 22 c
611 2687 166 57 1926.

168 2762 1377 57 2 p. l. , 3-189, [5] p. mounted front. (18 port.) 23 cm .
174 2820 221 45 “Limited
421 2829 45 36 to
492 2836 83 29 one
601 2821 204 44 hundred
832 2821 89 44 and
949 2821 105 53 fifty
1079 2820 191 54 copies.”

101 2874 57 55 ©
186 2878 98 51 Jan.
315 2878 65 51 22,
417 2877 129 52 1926;
577 2878 65 42 2c.
674 2877 87 43 and
792 2877 79 44 aff.
902 2876 107 45 Feb.
1044 2878 18 41 1;
1125 2878 44 42 A
1201 2877 191 52 883131;
1426 2878 63 43 H.
1521 2879 153 51 James
1709 2878 196 44 Boswell
1938 2879 37 43 &
2006 2894 92 38 son,

176 2933 315 53 Minneapolis.
561 2933 242 54 (26-2912)

106 3017 194 72 Boyd,
341 3016 257 59 Charles
637 3016 258 58 Arthur.

184 3094 130 58 The
345 3094 244 73 singers
621 3094 68 58 of
718 3094 213 59 Judah
947 3098 46 54 ’s
1023 3093 146 59 hills;
1233 3115 37 37 a
1300 3094 194 60 series
1529 3095 67 58 of
1627 3096 472 74 story-settings

106 3171 1996 75 for selected Psalms, by Charles Arthur Boyd … New
105 3250 188 74 York,
328 3250 269 74 Chicago
630 3253 146 71 [etc.]
808 3251 288 73 Fleming
1123 3250 79 58 H.
1233 3251 219 58 Revell
1480 3270 307 54 company
1818 3282 12 44 [
1833 3261 18 22 c
1856 3254 165 72 1925]

176 3328 77 45 157
290 3345 40 38 p.
392 3330 150 50 front.,
580 3344 57 38 pl.
701 3331 49 43 19½
785 3332 46 17 cm
838 3366 8 7 .

105 3384 54 54 ©
189 3388 100 51 Jan.
317 3387 66 50 23,
418 3385 130 53 1926;
580 3387 65 42 2c.
677 3386 88 43 and
794 3386 80 44 aff.
905 3386 100 53 Jan.
1038 3385 78 54 30;
1150 3386 44 43 A
1226 3386 188 53 883090;
1450 3385 209 55 Fleming
1691 3387 62 43 H.
1786 3388 158 43 Revell
1978 3404 67 28 co.

185 3441 241 56 (26-3287)

107 3524 248 74 Briggs,
391 3525 202 73 Lloyd
627 3525 268 72 Vernon,
934 3527 190 57 1863-

182 3602 265 58 Around
494 3601 169 73 Cape
707 3602 182 57 Horn
933 3607 64 53 to
1043 3602 319 57 Honolulu
1407 3621 79 38 on
1530 3603 105 58 the
1679 3604 157 57 bark
1882 3604 220 71 “Amy

110 3679 1991 74 Turner”, 1880, by L. Vernon Briggs … Boston, Charles
106 3757 72 58 E.
217 3757 265 58 Lauriat
516 3776 106 55 co.,
659 3758 165 56 1926.

181 3836 1919 56 6 p. l. , 11-186 p. front., illus. (incl. facsims.) plates (1 double) ports.
108 3895 53 45 23½
195 3896 49 20 cm
247 3928 12 12 .
