2542 4285
1093 4002 148 57 1363

202 379 284 74 Bradley,
535 383 148 55 Mrs.
732 381 184 71 Mary
972 379 364 73 (Hastings)

280 468 319 60 Caravans
644 469 121 56 and
808 467 336 71 cannibals,
1186 468 82 70 by
1308 468 186 70 Mary
1536 467 305 72 Hastings
1887 467 291 72 Bradley.

200 547 150 57 New
384 546 187 69 York,
608 546 277 70 London,
920 546 73 54 D.
1030 545 318 71 Appleton
1386 546 121 56 and
1546 562 320 53 company,
1903 545 164 58 1926.

268 635 62 52 xi,
364 635 68 51 [1],
463 635 91 44 319,
590 651 11 30 [1]
681 649 38 37 p.
781 633 149 53 front.,
965 633 151 54 plates,
1151 639 137 46 ports.
1347 634 151 42 22½cm.

269 692 132 52 Maps
432 707 57 28 on
519 690 337 53 lining-papers.

196 746 53 54 ©
278 748 117 44 Nov.
431 749 61 46 19,
527 748 126 47 1926;
685 749 63 42 2c.
778 749 86 42 and
894 749 77 41 aff.
1005 748 117 43 Nov.
1152 747 79 51 26;
1265 747 43 42 A
1338 745 188 53 957232;
1560 748 56 42 D.
1647 747 226 52 Appleton
1904 747 38 44 &
1972 763 64 28 co.

273 805 266 53 (26-21484)

195 904 173 70 Burt,
412 904 215 73 Henry
668 903 290 72 Jackson,
1002 905 188 57 1873-

274 993 168 59 Steel
475 993 451 71 construction;
959 1013 35 37 a
1026 996 133 54 text
1192 993 123 57 and
1347 994 317 56 reference
1700 993 158 58 book
1890 994 292 73 covering

195 1071 102 58 the
339 1070 219 74 design
601 1071 68 57 of
711 1072 153 57 steel
903 1071 377 57 framework
1320 1071 104 57 for
1463 1070 333 73 buildings,
1837 1071 83 71 by
1961 1071 220 72 Henry

194 1147 1986 73 Jackson Burt … Chicago, American technical society,
195 1226 161 57 1927.

264 1303 80 45 396
372 1318 39 39 p.
443 1303 100 45 incl.
573 1304 127 50 illus.,
729 1303 157 54 plates,
915 1303 153 53 tables,
1101 1303 166 53 diagrs.
1327 1303 25 42 21½
1416 1304 46 18 cm
1469 1337 8 8 .

265 1360 245 45 Published
538 1359 43 45 in
613 1359 116 45 1926.

190 1414 53 54 ©
273 1416 118 44 Nov.
423 1416 62 51 16,
520 1417 126 51 1926;
678 1417 63 43 2c.
772 1418 87 42 and
889 1418 78 42 aff.
999 1417 119 43 Nov.
1148 1416 78 52 20;
1261 1416 43 42 A
1336 1414 189 53 958088;
1559 1415 242 44 American
1833 1414 220 45 technical
2085 1430 89 30 soc.

261 1472 66 55 [©
357 1489 98 29 new
486 1481 174 45 matter]
731 1473 269 55 (26-21469)

190 1573 287 73 Calvard,
520 1575 210 57 James
771 1572 161 59 Lois.

262 1666 278 71 Helping
569 1666 103 56 the
706 1665 147 57 deaf
884 1668 64 54 to
980 1666 170 55 hear.

257 1741 231 52 Envelope
514 1742 256 52 containing
796 1748 93 36 two
912 1740 263 54 pamphlets,
1202 1740 98 43 The
1328 1755 77 29 ear
1430 1742 86 42 and
1543 1741 189 52 hearing
1759 1743 87 42 and
1875 1741 298 44 Instructions

187 1798 74 43 for
288 1800 305 42 construction
620 1800 88 42 and
736 1814 78 28 use
843 1799 51 43 of
922 1814 55 27 an
1007 1799 269 42 instrument
1305 1798 77 43 for
1408 1797 185 54 helping
1622 1797 73 44 the
1726 1798 105 43 deaf
1860 1805 47 37 to
1934 1797 120 52 hear,
2086 1801 86 42 and

184 1862 92 37 two
310 1855 152 44 folded
496 1856 240 53 diagrams.

187 1910 1984 56 © 1c. Sept. 9, 1926; A ad int. 8799; pubd. Aug. 28; J. L. Calvard, Hull,
255 1970 264 52 Yorkshire,
550 1969 221 54 England.

187 2067 534 60 Chile-American
755 2069 392 70 association,
1184 2071 151 57 New
1374 2071 187 57 York.

264 2158 245 57 Mutual
543 2159 179 60 trade
759 2159 123 57 and
919 2177 321 40 resources
1286 2157 329 72 (comercio
1651 2179 42 52 y
1725 2178 287 40 recursos
187 2180 1966 129 mutuos)

415 2236 1760 73 of Chile and the United States … New York,
189 2312 172 61 Chile
392 2314 335 58 American
762 2313 395 71 association,
1192 2315 165 56 1926.

255 2392 268 53 cover-title,
548 2392 55 44 88
630 2407 40 38 p.
731 2391 114 45 illus.
872 2392 153 54 (map)
1091 2392 151 44 22½cm.

256 2448 192 55 English
477 2451 87 45 and
595 2448 194 53 Spanish
818 2450 43 46 in
888 2449 188 53 parallel
1105 2448 215 45 columns.

255 2506 222 45 “Sources
508 2506 50 44 of
588 2506 350 45 information”:
972 2520 41 39 p.
1048 2502 66 48 71.

181 2561 54 54 ©
269 2564 100 43 Oct.
400 2564 68 51 29,
504 2563 127 52 1926;
663 2564 64 42 2c.
761 2563 99 44 Oct.
893 2563 78 52 29;
1006 2564 79 43 aff.
1120 2563 121 44 Nov.
1277 2563 74 51 10;
1388 2563 43 42 A
1464 2562 187 52 950902;
1689 2562 127 45 Chile
1850 2563 154 43 Amer.
2038 2577 130 36 assn.,

251 2620 118 44 New
404 2621 141 43 York.
615 2620 269 54 (26-21337)

182 2719 345 73 Chrisman,
571 2720 199 57 Lewis
815 2719 287 73 Herbert,
1148 2723 189 57 1883-

255 2810 1846 76 The English of the pulpit, by Lewis H. Chrisman …
178 2888 149 60 New
356 2890 188 73 York,
574 2889 242 74 George
847 2890 79 58 H.
956 2891 215 57 Doran
1202 2910 305 54 company
1540 2920 12 43 [
1552 2899 21 21 c
1576 2892 163 71 1926]

247 2967 736 52 vii p., 2 l., 13-155 p. 19½ cm .
249 3023 351 53 Bibliography:
635 3040 41 35 p.
710 3024 133 47 v-vii.

178 3077 53 54 ©
262 3079 117 43 Nov.
414 3078 63 52 15,
510 3079 127 51 1926;
669 3079 63 43 2c.
763 3080 86 42 and
880 3079 77 43 aff.
992 3078 117 44 Nov.
1144 3078 74 51 16;
1250 3078 43 42 A
1325 3076 190 54 950998;
1552 3077 174 54 George
1761 3079 61 43 H.
1856 3080 160 43 Doran
2043 3094 66 30 co.

258 3135 268 55 (26-21512)

181 3235 239 72 Clarke,
465 3235 205 58 Isabel
713 3236 362 58 Constance.

259 3326 129 59 The
424 3326 191 58 castle
652 3325 68 59 of
757 3326 129 59 San
926 3326 187 59 Salvo;
1185 3347 38 37 a
1255 3327 182 56 novel
1470 3327 83 70 by
1589 3326 207 57 Isabel
1838 3325 62 59 C.
1946 3325 223 59 Clarke

246 3402 1921 74 … New York, Cincinnati [etc.] Benziger brothers, 1926.
248 3481 82 44 416
355 3495 40 39 p.
459 3481 49 44 18½
543 3484 46 18 cm
595 3517 9 8 .

177 3535 54 54 ©
262 3538 118 44 Nov.
414 3537 38 52 5,
486 3538 127 52 1926;
646 3539 62 43 2c.
742 3539 117 43 Nov.
897 3540 74 50 11;
1006 3539 77 43 aff.
1117 3539 118 43 Nov.
1270 3540 73 49 19;
1379 3538 43 42 A
1455 3536 188 53 957311;
1680 3536 224 55 Benziger
1931 3537 120 45 bros.

254 3594 269 55 (26-21490)

178 3693 283 70 Clifford,
497 3695 109 60 Sir
641 3696 193 73 Hugh
871 3695 273 69 Charles,
1184 3698 189 57 1866-

175 3787 1965 137 In days that are dead, by Sir Hugh Clifford … Garden
329 3865 161 73 City,
524 3865 72 56 N.
630 3866 94 70 Y.,
758 3864 383 74 Doubleday,
1175 3866 171 74 Page
1380 3866 47 57 &
1459 3884 321 55 company,
1814 3867 165 56 1926.

244 3942 628 53 7 p., 2 l., 316 p. 19 ½cm .
