2542 4285
1072 3988 150 55 1159

152 384 316 71 Teasdale,
512 383 175 71 Sara,
731 384 188 56 1884-

225 473 175 58 Dark
430 473 68 57 of
529 473 102 57 the
661 490 199 55 moon,
891 471 84 71 by
1008 470 160 58 Sara
1203 468 321 58 Teasdale.
1599 467 151 57 New
1779 466 189 70 York,
2002 467 129 55 The

151 551 355 58 Macmillan
537 567 321 53 company,
891 549 164 55 1926.

222 626 571 56 5 p. l., 9-92 p. 24½ cm .
223 676 1909 56 “Of this edition … two hundred and fifty copies have been prepared,
151 742 107 43 each
288 741 155 53 signed
472 741 58 51 by
558 740 74 44 the
661 739 173 44 author.
894 737 113 44 This
1035 738 37 44 is
1102 736 191 44 number
1321 734 121 46 249.”

148 797 53 53 ©
230 798 119 52 Sept.
375 798 66 50 28,
471 796 127 52 1926;
625 797 64 43 2c.
714 796 88 42 and
829 794 78 44 aff.
938 793 119 53 Sept.
1084 794 77 51 29;
1191 794 44 42 A
1261 791 189 53 950244;
1481 790 264 44 Macmillan
1770 805 66 29 co.

226 853 267 57 (26-17662)

151 940 210 73 Terry,
407 939 266 58 Thomas
714 937 227 74 Philip,
985 940 189 56 1864-

224 1031 260 71 Terry’s
533 1026 183 78 guide
767 1035 63 54 to
882 1029 190 65 Cuba,
1119 1027 319 74 including
1484 1028 104 57 the
1633 1026 125 58 Isle
1810 1027 67 56 of
1923 1023 208 73 Pines,

145 1109 149 59 with
324 1131 35 37 a
389 1108 258 73 chapter
676 1128 77 39 on
783 1109 104 58 the
918 1125 188 42 ocean
1137 1108 212 59 routes
1379 1111 65 54 to
1475 1106 103 59 the
1609 1104 237 71 island;
1877 1122 35 37 a
145 1104 1961 143 handbook

343 1186 106 57 for
487 1184 325 71 travelers,
853 1183 151 60 with
1045 1187 32 54 2
1120 1181 300 75 specially
1460 1185 216 57 drawn
1712 1200 181 53 maps
1935 1180 124 61 and
2100 1183 31 55 7

146 1260 1984 79 plans, by T. Philip Terry … Boston and New York [etc.]
145 1342 342 74 Houghton
517 1337 214 61 Mifflin
763 1358 320 54 company,
1118 1338 165 57 1926.

215 1421 62 51 ix,
306 1423 70 48 [1],
404 1423 82 43 460
513 1435 40 36 p.
615 1418 112 45 fold.
757 1431 139 37 maps.
958 1417 52 43 16
1015 1419 46 18 cm
1067 1452 9 9 .

145 1474 56 53 ©
231 1476 100 44 Oct.
359 1475 38 51 8,
429 1474 104 43 1926
547 1488 8 36 ;
583 1473 64 43 2c.
679 1473 100 43 Oct.
808 1472 50 52 4;
890 1471 77 43 aff.
998 1471 100 43 Oct.
1132 1467 73 54 15;
1238 1470 44 42 A
1311 1467 188 54 950866;
1530 1467 53 45 T.
1616 1470 48 42 P.
1693 1467 162 55 Terry,
1885 1468 248 53 Hingham,

219 1533 142 43 Mass.
429 1529 267 56 (26-17308)

150 1615 262 71 Thayer,
450 1614 184 72 Mary
670 1611 225 59 Dixon.

226 1705 214 69 Foam,
490 1704 82 71 by
623 1703 187 72 Mary
860 1701 206 57 Dixon
1120 1701 266 71 Thayer.
1470 1698 455 74 Philadelphia,
150 1702 1962 138 Dorrance
362 1780 124 58 and
512 1799 305 53 company
846 1808 13 43 [
862 1787 18 22 c
883 1779 164 72 1926]

218 1858 355 52 232 p. 19½ cm .
147 1913 56 54 ©
235 1915 101 44 Oct.
371 1914 37 52 7,
443 1912 127 54 1926;
604 1914 64 43 2c.
700 1915 86 42 and
821 1913 78 43 aff.
935 1913 100 44 Oct.
1070 1914 49 50 9;
1155 1912 44 43 A
1232 1912 188 52 949438;
1458 1913 233 43 Dorrance
1727 1913 37 43 &
1795 1928 81 37 co.,
1910 1913 82 43 inc.

226 1969 269 58 (26-17625)

152 2058 267 73 Tupper,
463 2056 354 73 Frederick,
861 2059 189 58 1871-

298 2147 1835 77 … Types of society in medieval literature, by Frederick
154 2227 1834 74 Tupper … New York, H. Holt and company [ c 1926]
220 2304 1789 56 vii, 167 p. 19½ cm . (Brown university. The Colver lectures, 1926)
485 2362 335 47 CONTENTS.—Conditions
849 2363 51 45 of
925 2360 258 47 men.—Sin
1209 2364 87 42 and
1323 2362 344 45 sinners.—The
1694 2363 171 46 eternal
1894 2362 237 54 womanly.

149 2417 53 54 ©
235 2418 119 53 Sept.
383 2417 64 53 25,
484 2418 127 52 1926;
641 2419 65 42 2c.
739 2419 86 42 and
855 2418 78 43 aff.
967 2418 101 44 Oct.
1105 2419 46 50 1;
1185 2418 44 42 A
1259 2416 189 54 950263;
1484 2418 167 44 Brown
1680 2416 260 55 university,
219 2419 1918 109 Providence,
404 2477 53 43 R.
491 2476 33 42 I.
594 2473 270 57 (26-17755)

150 2561 260 73 Uniack,
449 2562 168 59 John
650 2563 71 58 R.

229 2654 259 73 Making
512 2654 104 59 the
644 2656 210 56 eleven
882 2658 65 55 at
976 2654 89 60 St.
1095 2654 346 74 Michael's,
1468 2655 85 73 by
1579 2656 165 58 John
1773 2656 72 57 R.
1872 2655 261 59 Uniack.

152 2732 153 59 New
335 2732 189 73 York,
562 2731 353 61 Cincinnati
954 2736 145 71 [etc.]
1136 2733 308 73 Benziger
1478 2733 309 75 brothers,
1824 2735 164 57 1926.

221 2811 76 46 155
335 2829 40 35 p.
435 2812 137 45 front.
634 2813 50 45 19
690 2814 47 19 cm
742 2848 8 8 .

148 2865 53 54 ©
230 2867 119 52 Sept.
376 2866 66 48 30,
470 2866 128 53 1926;
624 2867 64 43 2c.
715 2868 86 42 and
827 2868 78 42 aff.
935 2867 101 44 Oct.
1068 2868 71 50 12;
1169 2868 44 42 A
1240 2866 188 53 949472;
1460 2867 221 55 Benziger
1708 2868 118 44 bros.

227 2923 270 56 (26-17770)

151 3008 294 73 Upward,
485 3009 200 72 Allen,
724 3013 188 56 1863-

231 3089 129 58 The
393 3087 153 60 Club
577 3089 67 57 of
671 3090 229 72 masks,
931 3090 83 72 by
1044 3089 182 59 Allen
1255 3090 297 72 Upward.
1623 3090 435 73 Philadelphia
2090 3091 47 57 &

151 3166 279 73 London,
458 3168 60 58 J.
546 3167 71 58 B.
648 3167 362 73 Lippincott
1039 3186 323 55 company,
1394 3170 165 57 1926.

219 3246 78 44 311
333 3262 39 36 p.
435 3248 50 43 19½
520 3249 46 18 cm
572 3282 8 8 .

226 3302 188 45 London
442 3302 167 45 edition
641 3302 173 51 (Faber
838 3304 37 43 &
903 3302 190 54 Gwyer)
1126 3303 81 46 has
1234 3303 123 45 title:
1382 3304 98 44 The
1508 3304 195 46 Domino
1729 3305 113 44 club.

148 3355 56 54 ©
235 3357 105 53 July
375 3358 62 51 12,
471 3357 106 44 1926
591 3373 8 36 ;
634 3358 63 43 2c.
731 3360 87 42 and
849 3360 78 42 aff.
963 3359 101 44 Oct.
1102 3360 73 51 13;
1211 3359 44 43 A
1288 3357 188 55 950427;
1512 3360 39 53 J.
1587 3361 48 43 B.
1672 3360 256 53 Lippincott
1959 3375 65 29 co.

229 3413 270 56 (26-17769)

151 3498 262 71 Villard,
456 3500 250 59 Oswald
743 3501 319 74 Garrison,
1102 3506 188 56 1872-

230 3576 182 60 Some
440 3597 401 54 newspapers
872 3580 124 57 and
1020 3599 554 53 newspaper-men,
1603 3583 82 70 by
1713 3582 246 59 Oswald

152 3583 1986 147 Garrison Villard … New and rev. ed. New York, A. A.
150 3732 241 72 Knopf,
426 3734 164 57 1926.

222 3809 64 44 xii
315 3825 53 38 p.,
398 3813 25 42 2
467 3846 7 8 l.,
518 3810 146 52 3-335,
699 3828 10 30 [1]
783 3827 38 39 p.
883 3813 152 46 front.,
1066 3813 198 45 facsims.
1324 3815 26 41 21½
1412 3816 48 19 cm
1466 3848 8 8 .

152 3865 53 54 ©
235 3868 100 44 Oct.
368 3869 33 47 1,
434 3868 106 43 1926
553 3884 8 36 ;
592 3869 63 43 2c.
687 3870 100 46 Oct.
819 3870 48 52 8;
900 3871 77 43 aff.
1010 3871 100 43 Oct.
1142 3868 48 54 5;
1223 3871 44 42 A
1296 3869 189 54 950377;
1518 3870 165 46 Alfred
1711 3872 57 44 A.
1799 3873 171 53 Knopf,
2000 3872 83 44 inc.

231 3924 269 55 (26-17793)
