2542 4285
1348 4019 150 55 1212

413 396 320 70 Marshall,
776 395 361 69 Archibald,
1183 398 189 55 1866-

491 486 1909 73 John, by Archibald Marshall … illustrations by Agnes
417 565 64 59 C.
512 566 293 56 Lehman.
875 566 152 55 New
1055 565 188 70 York,
1273 564 203 71 Dodd,
1508 565 185 57 Mead
1725 564 123 57 and
1881 583 319 53 company,
2236 566 166 56 1926.

481 653 818 56 2 p. l., 168 p. front., illus. 21½cm.
416 725 53 54 ©
503 727 99 44 Oct.
631 726 69 51 23,
736 726 128 52 1926;
898 726 63 43 2c.
993 726 91 43 and
1116 726 78 42 aff.
1230 725 101 44 Oct.
1366 726 77 51 30;
1478 726 45 42 A
1555 723 187 54 950690;
1780 726 145 52 Dodd,
1963 726 139 44 Mead
2135 725 38 45 &
2205 740 79 36 co.,
2319 725 81 45 inc.

494 783 269 55 (26-19023)

418 882 252 74 Martin,
709 882 210 59 David
952 882 291 70 Lorenzo,
1285 885 189 57 1874-

488 973 520 72 Representative
1041 992 138 38 men
1212 974 122 56 and
1366 991 234 39 women
1634 973 66 58 of
1732 974 103 58 the
1867 973 194 73 Bible,
2093 974 82 72 by
2205 972 202 60 David

418 1051 1693 74 L. Martin … Boston, The Warren press, 1926.
488 1140 942 57 4 p. l., xi-xii, 13-225 p. 18 x 10½ cm .
490 1212 353 55 Bibliography:
877 1213 56 45 3d
966 1212 161 54 prelim.
1171 1211 107 46 leaf.

416 1283 54 54 ©
502 1285 99 44 Oct.
634 1283 38 53 5,
704 1285 128 51 1926;
862 1285 65 42 2c.
957 1284 86 43 and
1073 1284 78 43 aff.
1183 1284 101 44 Oct.
1318 1283 74 52 18;
1424 1284 43 42 A
1498 1281 188 54 950517;
1719 1284 57 42 D.
1809 1284 50 42 L.
1891 1283 187 53 Martin,
2111 1283 184 44 Boston.

496 1341 268 55 (26-18732)

420 1442 164 73 May,
622 1441 217 59 Irville
876 1441 344 73 Augustus.

496 1533 209 58 Motor
752 1533 115 58 bus
920 1532 372 73 accounting
1340 1531 293 73 practice,
1684 1533 83 71 by
1820 1531 215 59 Irville
2087 1532 325 73 Augustus

420 1610 1915 73 May … New York, The Ronald press company [ c 1926]
489 1702 76 50 xii,
599 1701 81 44 200
712 1716 39 39 p.
782 1699 100 45 incl.
915 1700 157 44 forms.
1131 1700 123 44 22cm.

419 1771 53 54 ©
502 1773 99 44 Oct.
634 1773 63 50 14,
729 1772 128 52 1926;
886 1772 64 43 2c.
983 1772 100 45 Oct.
1118 1772 73 51 19;
1224 1770 79 45 aff.
1335 1771 100 44 Oct.
1470 1771 74 52 18;
1576 1771 43 42 A
1647 1770 189 53 949622;
1869 1770 177 44 Ronald
2076 1785 125 38 press
2232 1785 65 29 co.

498 1828 268 56 (26-18307)

421 1929 312 72 Mayfield,
780 1929 213 58 James
1036 1927 333 71 Jefferson,
1416 1930 189 57 1861-

491 2020 58 57 A
584 2039 182 53 scrap
845 2020 117 57 book
996 2040 78 37 on
1111 2018 472 59 constitutional
1620 2022 424 70 government,
2080 2019 84 73 by
2198 2020 219 59 James

422 2098 60 60 J.
517 2097 313 72 Mayfield.
912 2098 283 71 Atlanta,
1224 2098 198 57 Foote
1450 2096 49 59 &
1525 2096 231 59 Davies
1791 2115 105 55 co.,
1928 2098 165 60 1925.

489 2176 77 54 xii,
600 2175 83 46 572
712 2192 41 39 p.
812 2175 53 45 23
872 2177 48 19 cm
926 2211 10 9 .

422 2232 52 54 ©
513 2234 109 52 Apr.
660 2232 66 52 25,
766 2232 129 49 1925;
935 2233 63 43 2c.
1038 2233 87 43 and
1163 2233 78 43 aff.
1281 2232 101 44 Oct.
1426 2232 60 52 18,
1529 2231 129 53 1926;
1699 2232 45 42 A
1783 2229 189 54 950522;
2015 2232 39 52 J.
2095 2231 40 53 J.
2178 2230 234 53 Mayfield,

491 2292 336 52 Montgomery,
860 2290 102 44 Ala.
1032 2289 269 56 (26-18306)

423 2389 226 73 Méras,
685 2389 202 58 Leslie
922 2391 177 71 Ross,
1136 2391 91 59 ed.

495 2481 193 72 Eight
722 2481 246 58 French
1002 2487 244 55 one-act
1277 2480 200 76 plays,
1513 2479 148 58 with
1696 2482 198 68 notes,
1931 2478 326 73 exercises,
2294 2480 124 57 and

418 2556 1974 138 vocabulary by Leslie Ross Méras … and Edmond A. Méras …
657 2639 275 56 costume
963 2635 204 73 plates
1199 2636 83 71 by
1312 2635 73 58 E.
1418 2634 290 62 Beatrice
1742 2635 229 58 Méras.
2043 2635 153 57 New
2226 2635 190 70 York,

418 2714 339 71 Harcourt,
784 2713 202 59 Brace
1014 2717 125 57 and
1166 2732 307 54 company
1502 2742 14 44 [
1517 2721 20 23 c
1540 2713 163 73 1926]

488 2789 94 53 xvi,
610 2790 82 44 330
717 2804 41 38 p.
818 2789 120 44 illus.
1002 2791 49 44 19½cm.

758 2845 113 45 CONTENTS.—A
901 2843 125 47 brief
1059 2844 182 46 résumé
1273 2845 54 44 of
1359 2845 77 44 the
1469 2844 179 55 history
1680 2845 54 44 of
1766 2844 77 45 the
1875 2843 181 47 French
2090 2844 328 54 comedy.—La

425 2901 127 46 farce
592 2901 62 44 du
694 2900 294 48 cuvier.—Le
1029 2909 158 37 retour
1227 2900 224 55 imprévu,
1492 2902 58 53 by
1589 2902 40 53 J.
1668 2900 51 45 F.
1762 2900 292 54 Regnard.—
2055 2901 265 54 L’épreuve,
2362 2903 59 55 by

422 2956 508 48 Marivaux.—L’habit
968 2964 113 45 vert,
1120 2958 59 53 by
1219 2957 180 46 Musset
1440 2958 88 44 and
1570 2958 250 53 Augier.—
1820 2957 188 55 J’invite
2048 2958 40 45 le
2128 2959 193 51 colonel,
2361 2960 59 54 by

422 3013 212 47 Labiche.
650 3040 59 6 —
723 3012 194 49 L’œillet
960 3014 145 51 blanc,
1150 3014 60 54 by
1252 3014 56 43 A.
1355 3013 196 45 Daudet.
1570 3040 57 6 —
1640 3013 180 48 L’école
1864 3013 80 48 des
1989 3014 326 54 belles-mères,
2362 3016 58 42 by

422 3068 485 46 Brieux.—Franches
933 3069 184 54 lippées,
1144 3070 59 53 by
1228 3067 55 47 T.
1313 3069 222 45 Bernard.

424 3125 53 54 ©
510 3127 119 53 Sept.
659 3125 67 54 27,
761 3127 107 43 1926;
923 3128 63 42 2c.
1018 3128 86 43 and
1133 3129 78 42 aff.
1246 3128 100 44 Oct.
1380 3128 25 44 7;
1463 3128 43 42 A
1537 3128 166 43 949390;
1760 3129 248 53 Harcourt,
2042 3129 145 44 Brace
2217 3130 87 43 and
2336 3144 82 39 co.,

495 3184 80 44 inc.
645 3185 270 54 (26-18413)

427 3283 341 71 Michaelis,
805 3285 257 72 Leonor,
1101 3287 190 58 1875-

494 3373 349 74 Hydrogen
872 3374 104 59 ion
1005 3376 487 71 concentration,
1522 3376 84 59 its
1638 3376 394 73 significance
2063 3381 65 56 in
2160 3378 103 58 the
423 3378 1970 146 biological

688 3451 270 59 sciences
999 3456 125 57 and
1163 3452 284 59 methods
1491 3453 103 59 for
1634 3454 81 58 its
1761 3454 537 73 determinations,
2338 3456 84 72 by

422 3528 1976 136 Leonor Michaelis … authorized translation from the second
573 3605 250 60 revised
851 3610 125 57 and
1007 3607 299 73 enlarged
1337 3608 272 59 German
1639 3609 253 76 edition,
1924 3614 83 70 by
2033 3610 280 59 William
2343 3612 76 57 A.

426 3683 1993 80 Perlzweig … v. 1. Principles of the theory. Baltimore,
428 3761 127 57 The
588 3761 311 60 Williams
934 3764 49 56 &
1012 3764 269 58 Wilkins
1318 3784 320 55 company,
1677 3768 164 56 1926.

481 3838 878 56 xiv, 299 p. illus., diagrs. 23 ½ cm .
428 3892 53 55 ©
511 3895 99 44 Oct.
641 3897 39 50 9,
712 3897 129 52 1926;
873 3898 64 44 2c.
969 3900 88 43 and
1086 3899 79 45 aff.
1198 3899 101 44 Oct.
1333 3900 74 52 18;
1440 3900 44 43 A
1515 3898 188 56 950492;
1738 3901 228 45 Williams
2000 3903 39 44 &
2066 3901 198 46 Wilkins
2298 3918 65 29 co.

505 3953 270 55 (26-18260)
