2542 4285
1330 4005 150 57 1188

399 395 1202 73 Scott, Sir Walter, b art. , 1771-1832.
539 500 1834 76 … Ivanhoe; abridged and edited by J. C. Tressler ..
393 581 254 73 Boston,
681 581 152 58 New
863 579 174 58 York
1072 583 145 69 [etc.]
1251 579 190 72 Allyn
1475 582 122 57 and
1627 581 210 56 Bacon
1873 610 13 42 [
1886 588 20 21 c
1909 581 165 72 1926]

463 674 49 43 xi
537 686 54 39 p.,
622 676 18 43 1
686 708 23 16 l.,
736 674 79 45 669
840 687 41 36 p.
938 673 152 49 front.,
1116 672 131 50 illus.,
1274 673 155 48 plates,
1457 680 115 41 port.
1654 670 25 46 17
1686 674 47 18 cm
1738 707 9 9 .
1811 673 259 50 (Academy
2093 672 182 46 classics
2305 675 76 43 for

396 743 151 50 junior
576 741 110 51 high
718 741 206 50 schools)

396 807 54 54 ©
485 809 105 53 July
623 809 69 52 28,
732 808 103 43 1926;
897 807 64 43 2c.
1002 807 101 43 Oct.
1144 807 73 50 11;
1256 806 79 44 aff.
1373 807 110 48 Oct..
1513 806 50 52 9;
1604 807 42 42 A
1683 805 189 56 950445;
1912 807 141 54 Allyn
2089 809 87 43 and
2215 809 153 44 Bacon.

482 864 54 54 [©
566 881 98 29 new
697 873 177 44 matter]
945 862 270 56 (26-17967)

399 963 249 73 Scovill,
689 963 226 58 Hiram
952 963 370 71 Thompson.

473 1070 145 70 Key
649 1073 63 53 to
748 1069 407 70 Elementary
1189 1067 387 73 accounting,
1613 1071 149 68 part
1795 1070 49 54 2.
1920 1069 100 72 By
2051 1069 226 58 Hiram
2315 1071 67 56 T.

401 1146 1984 74 Scovill … and Henry Heaton Baily … Boston, New
397 1222 1510 78 York [etc.] D. C. Heath and company [ c 1926]
468 1313 677 54 1 p. l., 169 p. diagrs. 18½cm.
396 1385 53 53 ©
478 1386 117 44 Nov.
623 1386 39 52 2,
693 1385 129 53 1926;
849 1385 64 43 2c.
942 1385 119 44 Nov.
1092 1383 22 45 5;
1170 1386 78 42 aff.
1280 1385 119 44 Nov.
1427 1386 52 52 4;
1509 1385 44 43 A
1579 1384 188 54 950815;
1800 1386 57 43 D.
1889 1385 50 45 C.
1968 1387 154 44 Heath
2150 1387 89 44 and
2263 1402 66 30 co.

399 1500 333 70 Seabrook,
774 1501 271 72 Bagster
1081 1500 228 59 Roads.

459 1591 376 60 Seabrook’s
864 1591 287 59 business
1181 1592 254 58 manual
1463 1612 78 38 on
1572 1593 300 73 handling
1900 1593 490 74 computations;

400 1690 36 38 a
466 1670 193 57 series
688 1670 68 56 of
783 1669 303 71 practical
1114 1670 464 56 mathematical
1606 1671 199 57 tables
1836 1672 123 56 and
1986 1672 209 57 useful
2224 1674 166 70 data,

401 1748 274 71 adapted
716 1752 62 53 to
825 1747 83 58 all
949 1746 182 59 kinds
1174 1746 69 58 of
1284 1747 373 73 businesses,
1701 1747 516 75 manufacturing
401 1767 1968 119 concerns

625 1826 123 57 and
794 1825 425 72 professional
1265 1825 233 72 trades,
1544 1826 83 71 by
1668 1826 273 72 Bagster
1987 1827 212 59 Roads
400 1826 1969 135 Seabrook.

685 1902 817 76 Mishawaka, Ind. [ c 1926]
470 1994 80 45 616
580 2009 41 39 p.
679 1995 26 43 21½
768 1996 48 18 cm
820 2028 10 10 .

470 2065 122 44 Text
620 2079 106 30 runs
755 2064 185 54 parallel
968 2063 109 45 with
1107 2064 115 46 back
1248 2064 51 44 of
1327 2078 147 31 cover.

396 2134 56 54 ©
483 2135 119 52 Sept.
629 2135 67 51 29,
730 2134 127 52 1926;
887 2135 66 43 2c.
986 2135 101 44 Oct.
1121 2136 46 50 1;
1197 2135 80 43 aff.
1310 2135 101 43 Oct.
1441 2134 50 52 2;
1522 2134 43 42 A
1596 2134 187 52 949320;
1820 2135 50 43 B.
1903 2136 54 41 R.
1987 2135 87 43 and
2103 2133 52 48 E.
2187 2134 57 43 A.
467 2132 1901 112 Seabrook,

658 2193 300 52 Mishawaka,
992 2192 96 43 Ind.
1157 2190 270 57 (26-17706)

404 2292 299 73 Seabury,
742 2292 297 58 Florence
1079 2292 155 73 Guy.

483 2385 129 57 The
651 2384 412 59 delicatessen
1099 2385 305 72 husband,
1444 2386 123 57 and
1605 2384 178 58 other
1821 2402 236 56 essays,
2094 2385 84 72 by
406 2385 1961 136 Florence

581 2462 140 74 Guy
754 2463 314 71 Seabury;
1100 2463 337 58 ilustrated
1465 2463 81 72 by
1579 2462 294 59 Clarence
1902 2463 160 74 Bay,
2090 2462 79 73 jr.
2240 2463 150 58 New

405 2542 188 74 York,
628 2541 338 74 Harcourt,
996 2542 201 57 Brace
1231 2542 123 57 and
1388 2559 300 55 company
1727 2570 14 45 [
1741 2549 20 24 c
1765 2543 164 72 1926]

471 2632 61 55 ix,
568 2635 83 45 269
683 2649 42 38 p.
786 2633 116 45 illus.
966 2636 48 43 19½cm.

401 2702 53 54 ©
487 2703 120 53 Sept.
637 2703 65 51 30,
737 2703 129 52 1926;
899 2703 64 43 2c.
994 2703 87 43 and
1112 2703 78 42 aff.
1223 2703 102 44 Oct.
1358 2701 50 54 7;
1439 2702 44 43 A
1514 2702 190 53 949394;
1739 2703 249 52 Harcourt,
2021 2703 142 44 Brace
2194 2702 87 44 and
2310 2717 82 38 co.,

473 2761 81 44 inc.
624 2759 271 57 (26-17757)

406 2861 446 73 Shakespeare,
890 2859 296 70 William,
1224 2863 357 56 1564-1616.

551 2949 1847 76 … Shakespeare’s Comedy of errors, edited by Clarence
410 3029 1986 75 Stratton … Boston, New York [etc.] Allyn and Bacon
424 3111 184 72 [ c 1926]
476 3199 76 52 vii,
572 3199 76 44 143
666 3213 40 39 p.
760 3200 152 52 front.,
929 3198 116 45 illus.
1101 3198 52 46 17
1158 3202 47 17 cm
1211 3234 8 8 .
1283 3200 257 53 (Academy
1564 3199 181 45 classics
1775 3199 75 45 for
1875 3198 155 55 junior
2053 3200 109 53 high
2189 3199 201 54 schools)

478 3270 300 54 “Interesting
817 3272 142 44 books
1002 3271 137 44 about
1184 3270 308 53 Shakespeare
1536 3273 88 43 and
1664 3271 73 44 the
1780 3269 211 55 England
2031 3270 52 45 of
2122 3271 71 44 his
2236 3270 159 45 time”:

406 3346 39 38 p.
471 3329 199 46 120-122.

406 3400 54 54 ©
495 3402 111 52 Apr.
646 3400 64 53 17,
748 3400 128 52 1926;
913 3401 64 42 2c.
1016 3401 102 43 Oct.
1160 3401 73 51 11;
1273 3400 78 43 aff.
1390 3401 100 43 Oct.
1529 3400 50 52 9;
1618 3399 43 43 A
1698 3398 189 54 950442;
1926 3399 142 53 Allyn
2105 3401 86 43 and
2230 3400 151 43 Bacon.

493 3458 51 53 [©
576 3474 99 29 new
706 3467 178 44 matter]
954 3456 271 56 (26-17990)

410 3559 201 70 Shaw,
650 3557 271 60 Herbert
1010 3603 11 14 C.

481 3650 110 75 My
613 3648 357 74 neighbors,
998 3654 123 57 and
1149 3653 178 59 other
1353 3670 235 54 poems,
1615 3653 83 72 by
1723 3652 240 59 Hebert
1992 3650 74 73 [!]
2100 3649 64 61 C.
2195 3650 199 59 Shaw.

406 3727 1553 76 Philadelphia, Dorrance and company [ c 1926]
477 3821 52 47 54
559 3836 40 37 p.
663 3820 50 45 19½c
765 3822 29 17 m
800 3855 9 9 .
878 3819 288 52 (Half-title:
1204 3820 360 51 Contemporary
1593 3827 127 44 poets
1750 3822 52 45 of
1833 3821 250 50 Dorrance,
2114 3820 79 51 38)

407 3887 53 53 ©
489 3889 119 52 Aug.
635 3888 68 51 24,
736 3887 129 53 1926;
895 3887 65 43 2c.
989 3888 87 42 and
1104 3886 79 44 aff.
1214 3888 101 43 Oct.
1346 3888 50 51 9;
1429 3887 43 42 A
1504 3886 188 53 949440;
1725 3887 237 44 Dorrance
1995 3887 38 44 &
2062 3901 80 38 co.,
2173 3886 83 45 inc.

486 3944 269 56 (26-17879)
