2542 4285
1047 3966 111 56 467

131 342 129 55 The
287 339 263 58 Federal
575 342 301 69 reporter.
949 340 238 58 Second
1218 340 210 58 series.
1502 340 188 58 Cases
1722 344 236 69 argned
1987 344 122 55 and

205 417 381 56 determined
624 417 64 54 in
725 417 102 56 the
872 416 238 57 Circuit
1148 421 208 53 courts
1399 418 66 56 of
1507 419 254 69 appeals
1806 420 123 55 and
203 418 1878 131 District

398 496 206 53 courts
657 494 66 55 of
771 494 102 56 the
922 493 235 57 United
1208 493 210 58 States
1470 496 124 55 and
1640 494 103 57 the
1797 493 192 58 Court
2041 495 66 56 of

203 570 255 70 appeals
495 570 65 55 of
597 570 106 56 the
735 570 268 57 District
1038 570 66 56 of
1145 569 339 71 Columbia,
1521 571 148 56 with
1705 571 402 71 key-number

202 646 1903 73 annotations … v. 7 (2d) November-December, 1925.
204 722 89 57 St.
328 723 176 71 Paul,
539 723 179 56 West
748 723 361 71 publishing
1141 743 105 52 co.,
1285 725 163 55 1926.

189 796 912 56 xxiii, 1075 p. front. (map) 26 cm .
122 850 53 54 ©
205 852 106 44 Feb.
345 854 32 50 1,
410 853 128 51 1926;
567 854 64 42 2c.
662 855 110 51 May
800 854 51 52 8;
880 855 78 43 aff.
990 855 110 51 May
1131 855 48 50 7;
1209 854 44 42 A
1282 854 188 52 891311;
1503 854 131 45 West
1661 855 100 51 pub.
1792 870 64 28 co.

123 949 207 73 Gibbs,
368 951 108 58 Sir
514 950 208 73 Philip
764 950 339 58 Hamilton.

201 1041 236 57 Should
468 1041 250 56 Britain
754 1061 76 52 go
870 1043 153 69 dry?

193 1118 80 50 (In
310 1119 183 41 London
533 1119 190 51 Sunday
760 1118 248 51 chronicle)

121 1170 1961 112 © 1c. May 22, 1926; A ad int. 8230; pubd. Man 28; Sir P. Gibbs, Shackleford, Surrey, England.
120 1328 229 71 Goepp,
388 1326 290 73 Rudolph
712 1328 167 67 Max,
918 1330 188 56 1866-

198 1417 267 59 Nurses’
498 1421 162 55 state
690 1419 196 56 board
914 1417 318 72 questions
1266 1418 121 57 and
1418 1437 292 53 answers,
1740 1419 82 70 by
1849 1419 73 56 R.
1955 1418 149 58 Max

125 1494 1974 75 Goepp … Philadelphia and London, W. B. Saunders
122 1592 320 54 company,
471 1574 164 56 1926.

193 1648 603 56 1 p. l., 13-373 p. 20 ½ cm .
117 1703 53 54 ©
197 1706 111 52 Apr.
335 1705 67 51 23,
435 1705 128 52 1926;
593 1706 63 42 2c.
684 1705 112 52 Apr.
823 1704 79 52 26;
936 1705 78 42 aff.
1044 1704 111 52 Apr.
1184 1704 78 52 28;
1292 1705 44 42 A
1368 1702 187 54 890513;
1589 1705 75 44 W.
1696 1705 50 42 B.
1781 1702 225 48 Saunders
2037 1718 65 31 co.

194 1760 241 56 (26-9794)

122 1844 242 72 Harris,
400 1845 195 56 Corra
626 1846 148 71 May
818 1843 266 74 (White)
1161 1846 152 56 “Mrs.
1346 1843 66 58 L.
1448 1843 77 58 H.
1563 1842 281 70 Harris,”
1879 1845 188 57 1869-

195 1934 1906 74 Flapper Anne, by Corra Harris … Boston and New
117 2013 189 72 York,
334 2014 339 71 Houghton
702 2012 215 58 Mifflin
948 2031 320 55 company,
1300 2014 165 56 1926.

187 2091 629 53 3 p. l., 269, [1] p. 19½ cm .
113 2145 54 53 ©
194 2148 111 50 Apr.
335 2148 64 49 30,
433 2146 127 52 1926;
591 2147 64 42 2c.
687 2148 110 50 May
827 2147 50 51 3;
909 2146 79 43 aff.
1018 2147 110 51 May
1161 2147 46 50 1;
1239 2146 43 42 A
1314 2146 187 51 891241;
1537 2145 49 44 C.
1616 2146 180 51 Harris,
1828 2147 160 51 Rydal,
2019 2147 81 44 Ga.

192 2202 242 55 (26-9754)

119 2286 333 73 Heinberg,
490 2287 167 57 John
692 2285 255 59 Gilbert.

118 2377 1955 152 … The Office of the comptroller of the currency; its history,
315 2455 307 59 activities
664 2457 121 56 and
821 2456 451 72 organization,
1310 2456 83 71 by
1428 2456 168 57 John
1633 2455 240 58 Gilbert
117 2456 1958 150 Heinberg.
367 2533 361 72 Baltimore,

770 2534 146 69 Md.,
957 2533 129 57 The
1125 2533 200 57 Johns
1365 2532 285 72 Hopkins
1690 2553 199 52 press,
1930 2535 165 55 1926.

187 2613 77 51 xii,
306 2613 54 43 84
398 2628 39 37 p.
497 2613 52 42 22½
584 2614 45 17 cm
637 2648 8 8 .
714 2612 235 53 (Institute
991 2611 74 44 for
1103 2618 295 45 government
1439 2611 220 44 research.
1722 2610 181 47 Service
116 2626 1959 97 monographs
309 2669 50 45 of
381 2670 74 43 the
479 2668 170 45 United
677 2667 148 46 States
849 2678 308 43 government,
1183 2683 71 31 no.
1280 2668 77 52 38)

187 2725 347 53 Bibliography:
564 2742 39 35 p.
636 2723 149 47 74-79.

109 2780 55 53 ©
196 2783 117 41 Mar.
343 2781 36 50 6,
416 2781 127 51 1926;
574 2782 63 41 2c.
669 2781 119 42 Mar.
818 2780 78 52 31;
927 2780 79 44 aff.
1037 2780 112 51 Apr.
1183 2778 48 53 5;
1264 2780 43 41 A
1339 2779 162 44 890203;
1560 2779 209 44 Institute
1802 2780 75 43 for
180 2794 1896 87 government
334 2837 217 50 research,
584 2836 317 52 Washington.
971 2835 240 54 (26-9604)

116 2922 273 72 Hernan,
430 2920 279 59 William
748 2920 230 70 James,
1021 2922 188 56 1868-

195 3015 241 56 “What
465 3033 123 52 you
617 3016 169 54 want
815 3016 64 56 to
914 3031 113 53 say
1058 3013 123 58 and
1209 3013 140 56 how
1379 3014 62 57 to
1478 3029 113 53 say
1620 3009 104 59 it”
1754 3010 65 56 in
1848 3010 250 60 Italian.

117 3087 1959 154 By W. J. Hernan … Philadelphia, Macrae Smith company [c1926]
183 3245 612 53 2 p. l., 50, [15] p. 13 cm .
185 3303 218 45 Contains
430 3302 137 44 blank
593 3316 136 37 pages
760 3301 74 45 for
863 3298 369 47 “Memoranda”.

184 3361 146 43 “New
356 3358 207 46 edition.”

109 3412 52 54 ©
195 3415 119 42 Mar.
346 3415 37 48 8,
420 3412 128 52 1926;
580 3412 65 43 2c.
681 3412 120 43 Mar.
834 3409 78 54 25;
946 3410 77 44 aff.
1060 3411 119 42 Mar.
1211 3409 78 53 26;
1326 3410 44 42 A
1402 3408 190 53 890030;
1628 3410 185 42 Macrae
1850 3407 146 48 Smith
2029 3423 65 29 co.

187 3468 240 56 (26-9553)

112 3553 328 73 [Jameson,
475 3555 149 55 Mrs.
662 3551 203 57 Annie
902 3550 195 58 Edith
1130 3551 238 73 Foster]

188 3646 127 55 The
347 3644 156 57 dark
532 3642 261 71 curtain,
823 3642 83 72 by
933 3643 59 57 J.
1025 3642 71 55 E.
1130 3641 314 57 Buckrose
1479 3641 246 72 [pseud.]
1797 3640 174 70 chap.
2005 3640 89 69 11,

110 3724 87 54 12.

182 3800 79 50 (In
296 3799 121 42 Good
453 3797 365 51 Housekeeping,
851 3797 125 51 Apr.,
1013 3797 126 49 1926)

106 3848 1966 114 © 1c. May 26, 1926; A ad int. 8208; pubd. Mar.. 30; Mrs. Falconer Jameson, Hornsea, Hull, England.
