2542 4285
1378 3996 108 56 560

492 468 132 53 Maps
651 482 56 29 on
734 467 341 52 lining-papers.

426 521 52 53 ©
509 523 110 51 May
650 522 38 52 8,
720 522 128 51 1926;
876 523 66 42 2c.
976 524 111 50 May
1121 522 73 53 18;
1226 523 79 42 aff.
1336 524 112 51 May
1482 522 73 54 15;
1589 524 43 42 A
1663 522 188 54 891465;
1886 524 173 44 Robert
2091 526 64 42 M.
2189 524 219 45 McBride

496 579 36 43 &
564 594 64 28 co.
698 578 268 54 (26-10941)

428 676 215 56 Texas.
726 677 200 72 Laws,
954 681 285 66 statutes,
1270 681 110 53 etc.

501 766 313 57 Vernon’s
852 768 340 55 annotated
1224 766 271 57 Revised
1529 767 142 56 civil
1707 770 265 54 statutes
2008 767 66 57 of
2108 768 102 57 the
2249 772 161 55 state

427 844 67 57 of
529 845 219 71 Texas,
786 843 275 57 revision
1096 844 68 56 of
1198 846 164 69 1925,
1397 843 317 73 including
1751 845 86 55 all
1867 845 149 56 laws
2055 845 70 56 of
2159 847 254 70 general

427 921 381 71 application
852 922 232 69 passed
1129 921 84 72 by
1258 921 103 57 the
1411 922 251 71 regular
1713 921 240 57 session
2002 922 66 56 of
2116 923 103 56 the
2268 924 144 56 39th

425 998 411 72 Legislature,
868 997 152 57 with
1049 998 326 56 historical
1404 1001 178 55 notes
1618 1000 121 55 and
1769 1001 178 54 notes
1983 999 67 56 of
2085 1000 324 57 decisions,

424 1094 56 37 v.
525 1077 49 70 6,
620 1077 47 54 7.
716 1073 554 59 Courts-Practice
1311 1075 65 56 in
1419 1076 247 56 district
1709 1077 122 56 and
1873 1079 244 68 county,
2162 1076 249 58 articles

427 1151 1986 74 2078 to 2328 … Kansas City, Mo., Vernon law book
427 1246 318 54 company,
779 1231 164 55 1926.

493 1307 27 41 2
544 1322 40 27 v.
642 1306 56 42 26
703 1309 47 17 cm
756 1341 9 8 .

425 1377 41 27 v.
502 1363 38 50 6,
568 1360 56 53 ©
660 1362 118 42 Mar.
818 1361 61 51 10,
918 1361 129 51 1926;
1084 1377 42 28 v.
1161 1361 39 53 7,
1231 1359 56 54 ©
1323 1362 119 42 Mar.
1475 1360 78 53 24;
1590 1361 63 44 2c.
1691 1362 107 43 each
1836 1361 112 53 May
1983 1362 50 51 8;
2070 1362 103 43 affs.
2210 1362 112 52 May
2359 1362 49 52 7;

497 1418 43 42 A
570 1418 178 52 891333,
777 1418 188 51 891334;
1000 1418 188 43 Vernon
1217 1418 87 43 law
1335 1417 120 44 book
1485 1432 65 29 co.

428 1515 209 68 Thom,
682 1514 271 69 Charles,
998 1518 190 56 1872-

508 1607 128 57 The
684 1605 368 73 Aspergilli,
1100 1607 84 72 by
1235 1606 258 59 Charles
1547 1607 197 57 Thom
1794 1608 122 57 and
1965 1607 328 71 Margaret
2339 1607 71 57 B.

426 1683 1963 151 Church … photomicrographs by G. L. Keenan. Baltimore, The Williams & Wilkins company, 1926.
495 1840 796 53 ix, 272 p. illus., IV pl. 23½ cm .
491 1896 325 45 “References”
834 1912 9 27 :
872 1913 39 37 p.
941 1896 204 45 253-261.

429 1952 52 53 ©
511 1954 110 51 May
652 1954 32 49 1,
718 1953 108 43 1926
838 1968 8 37 ;
876 1954 65 42 2c.
971 1954 86 43 and
1085 1954 79 42 aff.
1195 1954 111 51 May
1334 1951 49 54 7;
1416 1953 43 42 A
1488 1950 189 55 890655;
1708 1952 231 44 Williams
1969 1954 38 43 &
2035 1951 198 46 Wilkins
2265 1968 65 28 co.

506 2008 268 55 (26-10777)

430 2107 368 73 Thompson,
836 2109 150 56 Mrs.
1024 2105 231 74 Myrtle
1290 2106 192 58 Louh.

507 2200 230 71 People
763 2202 123 57 and
908 2198 210 74 things
1142 2200 203 58 worth
1366 2196 200 75 while,
1589 2200 82 71 by
1695 2199 230 71 Myrtle
1951 2200 176 56 Louh
431 2198 1961 135 Thompson.
644 2276 406 74 [Pittsburgh,
1084 2278 163 72 1926]

499 2351 989 55 3 p. l., 150 p., 1 l. illus., ports. 23 cm .
505 2410 281 46 Cover-title.

426 2464 56 53 ©
515 2466 111 53 Apr.
661 2467 36 49 9,
738 2465 103 43 1926
858 2480 8 37 ;
902 2466 65 42 2c.
1002 2465 112 52 Apr.
1150 2465 77 51 30;
1266 2465 79 42 aff.
1381 2464 110 52 Apr.
1531 2463 74 52 17;
1644 2464 43 43 A
1723 2462 189 54 890605;
1952 2465 64 41 M.
2055 2464 49 43 L.
2141 2462 274 54 Thompson,

501 2522 280 52 Pittsburgh.
850 2519 268 55 (26-10710)

433 2604 301 72 Toffteen,
781 2604 145 58 Olof
968 2604 241 71 Alfred,
1258 2606 188 56 1863-

497 2692 1923 76 A forgotten religion, by Olof A. Totfteen … Chicago,
428 2775 116 69 Ill.,
578 2775 128 56 The
738 2773 333 57 Academic
1102 2792 200 52 press,
1334 2772 164 58 1926.

501 2848 1920 56 2 p. l., 128 p. 23 cm . (On cover: Researches in Biblical archæology,
431 2908 364 52 vol. III , pt. I )
431 2964 52 53 ©
515 2967 110 50 May
658 2967 35 48 1,
727 2965 128 50 1926;
886 2964 66 42 2c.
986 2964 111 52 May
1126 2964 50 51 4;
1211 2963 77 43 aff.
1322 2963 112 52 May
1467 2962 74 52 12;
1575 2962 43 42 A
1648 2961 189 53 891420;
1873 2962 55 43 O.
1961 2961 57 44 A.
2050 2960 228 53 Toffteen,
500 2959 1897 115 Chicago.
693 3019 269 55 (26-10873)

432 3105 264 71 Waugh,
737 3105 168 57 John
946 3104 283 67 Thomas,
1273 3106 189 55 1900-

432 3191 1969 232 … The United empire loyalists: with particular reference to the Niagara frontier, by John T. Waugh … [Buffalo, c 1926]
504 3423 1921 58 3 p. l., 75-123 p. 23 cm . (The University of Buffalo studies, vol. Iv, no. 3,
434 3487 271 48 November,
744 3484 130 53 1925)

504 3543 340 52 “Monographs
875 3542 46 42 in
951 3542 175 51 history
1142 3556 9 28 :
1183 3556 72 28 no.
1285 3541 65 42 3.”

506 3600 123 42 “The
658 3598 284 53 abridgment
972 3598 51 44 of
1051 3613 25 28 a
1106 3597 138 43 thesis
1275 3597 174 43 offered
1481 3597 46 41 in
1558 3597 161 53 partial
1753 3594 256 45 fulfillment
2039 3594 50 44 of
2119 3594 78 43 the
435 3593 1967 107 requirements
609 3656 74 43 for
713 3656 74 42 the
819 3657 163 49 degree
1013 3654 52 43 of
1093 3660 170 37 master
1292 3654 50 43 of
1373 3660 95 37 arts
1500 3662 45 35 at
1577 3653 73 44 the
1682 3651 268 52 University
1978 3652 51 42 of
2061 3649 224 45 Buffalo.”

505 3713 271 43 “Published
809 3711 145 44 under
984 3712 75 42 the
1089 3710 219 44 direction
1338 3710 51 43 of
1418 3709 75 44 the
1528 3708 266 46 Committee
1825 3723 58 29 on
1915 3706 312 55 publications,
2258 3721 59 29 on
2348 3705 76 44 the

439 3769 194 44 Roswell
671 3769 124 42 Park
830 3767 274 53 publication
1139 3766 153 44 fund.”

505 3824 326 54 Bibliography
848 3840 9 28 :
892 3839 39 37 p.
968 3824 200 43 122-123.

435 3881 53 54 ©
519 3882 107 44 Feb.
662 3883 62 50 10,
760 3881 127 52 1926;
920 3882 65 42 2c.
1017 3880 107 44 Feb.
1155 3881 76 51 20;
1265 3881 79 43 aff.
1377 3878 104 44 Feb.
1516 3879 74 52 19;
1627 3879 42 43 A
1701 3877 188 55 879720;
1925 3876 265 53 University
2223 3876 52 46 of
507 3875 1893 115 Buffalo,
650 3939 194 44 Buffalo.
914 3935 268 56 (26-10865)
