2609 4293
1404 3975 108 57 172

485 340 298 71 Mulford,
828 342 292 59 Clarence
1161 344 289 70 Edward,
1492 348 188 57 1883-

561 430 338 74 Hopalong
935 430 325 74 Cassidy’s
1296 437 274 71 protégé,
1606 436 84 73 by
1728 435 293 60 Clarence
2057 437 71 57 E.
2166 438 297 59 Mulford.

485 506 251 59 Garden
766 507 161 75 City,
958 508 73 59 N.
1062 510 92 73 Y.,
1183 511 385 72 Doubleday,
1595 513 171 72 Page
1796 514 47 56 &
1870 532 320 56 company,
2222 517 164 56 1926.

550 598 45 44 vi
619 614 54 38 p.,
704 601 19 42 1
770 636 24 16 l.,
817 600 82 44 349
921 615 39 38 p.
1024 601 50 44 19½
1110 604 46 17 cm
1162 637 8 8 .

482 665 53 53 ©
565 668 97 51 Jan.
694 668 36 50 8,
764 668 129 52 1926;
922 668 64 42 2c.
1017 669 86 42 and
1131 668 78 43 aff.
1240 668 106 44 Feb.
1377 669 78 52 24;
1488 670 45 42 A
1562 670 187 52 883427;
1784 672 279 52 Doubleday,
2095 674 123 52 Page
2250 674 37 43 &
2318 689 65 28 co.

561 722 241 54 (26-4941)

479 834 153 58 New
667 834 237 74 Jersey.
985 834 409 74 Legislature.

623 926 1846 77 … Manual … 150th session, 1926. By authority of
479 1003 1963 152 the Legislature … Trenton, N. J., Josephine A. Fitzgerald [1926]
547 1186 40 36 v,
623 1170 82 43 694
736 1185 39 37 p.
840 1170 138 43 front.
1005 1170 167 54 (port.)
1214 1185 115 38 map.
1393 1169 49 46 17
1450 1173 47 18 cm
1502 1206 9 9 .

477 1236 52 54 ©
561 1238 106 45 Feb.
700 1239 37 52 8,
770 1240 129 51 1926;
929 1240 65 43 2c.
1027 1240 87 43 and
1145 1240 78 43 aff.
1256 1239 106 44 Feb.
1394 1242 49 50 9;
1477 1241 43 42 A
1553 1240 187 52 879532;
1775 1240 241 54 Josephine

2046 1242 56 44 A.
2136 1242 272 53 Fitzgerald.

477 1350 345 70 Newcomb,
862 1350 209 75 Ralph
1108 1352 63 59 S.

553 1442 264 59 Modern
855 1442 285 59 methods
1183 1443 67 57 of
1290 1442 291 75 teaching
1621 1443 372 74 arithmetic,
2034 1445 83 72 by
2154 1446 207 72 Ralph
2406 1447 59 58 S.

476 1521 1990 75 Newcomb … Boston, New York [etc.] Houghton Mifflin
472 1617 305 53 company
801 1628 13 43 [
814 1607 20 21 c
839 1600 162 71 1926]

609 1725 7 15 xv,
655 1687 79 45 353
772 1703 39 37 p.
885 1687 166 54 diagrs.
1130 1690 48 42 19½
1214 1691 46 17 cm
1267 1724 8 7 .
1344 1687 288 56 (Half-title:
1676 1689 236 45 Riverside
1951 1691 240 44 textbooks
2227 1690 45 44 in

473 1691 1974 105 education,
610 1747 65 42 ed.
706 1746 58 52 by
797 1744 51 46 E.
881 1746 50 41 P.
967 1744 279 55 Cubberley)

546 1815 233 45 “Selected
805 1815 280 44 references”
1115 1823 46 39 at
1189 1816 85 44 end
1298 1815 53 47 of
1375 1816 110 44 each
1512 1817 197 51 chapter.

472 1883 53 53 ©
551 1885 107 43 Feb.
688 1887 61 49 10,
778 1886 129 51 1926;
934 1886 65 42 2c.
1025 1886 87 43 and
1134 1886 81 43 aff.
1241 1885 106 44 Feb.
1377 1885 74 53 15;
1481 1887 44 41 A
1549 1886 188 52 883289;
1767 1887 52 42 R.
1850 1885 44 47 S.
1924 1887 261 52 Newcomb,
2212 1887 117 51 Ada,
2357 1886 105 45 Okl.

552 1941 241 54 (26-5031)

472 2039 213 73 Noble,
721 2039 291 60 Edward.

552 2132 1911 75 The fire of spring, by Edward Noble … Boston and
473 2211 151 58 New
648 2209 189 73 York,
863 2211 341 72 Houghton
1230 2209 216 61 Mifflin
1472 2230 323 55 company,
1822 2212 165 56 1926.

538 2300 79 44 viii
643 2315 55 38 p.,
724 2301 28 43 2
795 2335 23 17 l.,
862 2302 152 44 [3]-343
1041 2315 42 38 p.
1145 2302 50 45 19½
1230 2305 47 18 cm
1282 2337 10 9 .

469 2366 55 53 ©
567 2368 105 44 Feb.
713 2369 65 51 26,
826 2369 107 43 1926
946 2384 9 36 ;
999 2369 64 42 2c.
1107 2370 88 42 and
1236 2370 78 42 aff.
1358 2370 119 42 Mar.
1523 2370 46 51 1;
1614 2369 45 42 A
1701 2368 190 54 879699;
1936 2369 51 46 E.
2031 2369 164 53 Noble,
2241 2368 220 53 Heswall,

542 2422 227 54 Cheshire,
815 2425 221 53 England.
1106 2424 242 56 (26-5145)

488 2523 239 72 [Norris,
761 2524 205 59 Sister
996 2524 68 57 M
1377 2523 90 58 St.
1504 2523 314 76 Anthony]
1855 2525 190 58 1859-

547 2619 130 57 The
710 2618 218 57 annals
962 2618 68 58 of
1059 2618 105 58 the
1199 2617 176 60 Good
1407 2617 345 73 Shepherd,
1785 2616 454 73 Philadelphia,
471 2618 1991 148 1850-1925,

671 2696 82 70 by
786 2717 35 37 a
856 2696 274 57 member
1166 2695 66 56 of
1266 2696 104 57 the
1406 2694 202 60 order.
1686 2693 455 74 Philadelphia,
2182 2695 277 59 Convent

470 2773 68 57 of
562 2775 105 56 the
696 2773 175 59 Good
900 2772 344 72 Shepherd,
1274 2773 165 56 1925.

537 2862 1082 53 3 p. l., [5]-271 p. front., pl., ports. 19 cm .
467 2929 53 53 ©
552 2931 107 42 Dec.
691 2932 64 50 31,
792 2929 129 53 1925;
953 2931 63 43 2c.
1047 2931 98 51 Jan.
1175 2931 65 51 29,
1277 2931 129 51 1926;
1440 2931 79 42 aff.
1553 2930 107 44 Feb.
1695 2932 74 50 11;
1803 2931 43 42 A
1878 2930 188 52 879553;
2104 2929 164 47 Sisters
2301 2932 50 43 of
2382 2931 75 43 the

539 2987 128 44 Good
713 2987 243 52 Shepherd,
1005 2987 325 52 Philadelphia.
1399 2986 242 54 (26-5012)

467 3084 259 70 Oemler,
758 3088 151 55 Mrs.
943 3084 200 58 Marie
1185 3085 331 73 (Conway)
1560 3087 188 58 1879-

547 3173 1909 76 Shepherds, by Marie Conway Oemler … New York &
466 3254 275 70 London,
769 3253 129 58 The
927 3252 280 73 Century
1232 3272 85 39 co.
1348 3283 13 44 [
1361 3260 21 24 c
1385 3254 163 71 1926]

527 3330 830 55 6 p. l., 3-352 p. 19½ cm . $2.00
465 3387 52 54 ©
546 3389 104 43 Feb.
683 3389 63 51 19,
778 3388 128 52 1926;
934 3388 64 43 2c.
1028 3389 87 42 and
1141 3388 78 43 aff.
1249 3388 106 43 Feb.
1381 3387 79 53 25;
1490 3388 43 42 A
1563 3386 188 53 883435;
1784 3386 199 54 Century
2011 3403 64 28 co.

543 3444 241 55 (26-4944)

466 3546 259 56 One-act
750 3544 180 71 plays
960 3543 106 56 for
1093 3545 177 70 stage
1299 3544 124 56 and
1453 3544 203 71 study,
1689 3543 225 57 second
1945 3542 224 69 series;
542 3544 1911 134 twenty-one

709 3624 482 68 contemporary
1240 3621 201 71 plays,
1494 3639 194 38 never
1736 3620 219 57 before
2006 3618 333 72 published
2388 3619 62 56 in

539 3699 160 57 book
737 3698 185 72 form,
964 3698 83 72 by
1087 3698 353 72 American,
1485 3697 284 73 English,
1811 3696 187 72 Irish,
2044 3696 243 57 French
2331 3698 124 56 and

539 3776 376 73 Hungarian
939 3775 279 72 writers;
1245 3775 255 73 preface
1525 3776 82 71 by
1629 3775 247 58 Walter
1900 3773 308 59 Prichard
2226 3773 224 58 Eaton.

539 3855 153 57 New
716 3854 174 56 York
916 3854 142 72 city,
1091 3854 61 58 S.
1183 3854 276 71 French;
1492 3856 147 71 [etc.,
1672 3857 129 71 etc.]
1835 3854 164 56 1925.
