2609 4293
1085 3965 111 56 109

145 326 387 72 Seidemann,
572 327 218 73 Henry
824 327 48 56 P
1187 328 190 56 1883-

141 412 1959 152 … Manual of accounting and reporting for the operating
294 491 267 57 services
609 491 67 57 of
720 491 104 57 the
869 491 282 57 national
1194 494 424 69 government,
1662 492 84 72 by
1789 492 222 71 Henry
2055 493 69 55 P.

145 567 1979 73 Seidemann … Baltimore, Md., The Johns Hopkins
139 665 197 54 press,
367 647 166 56 1926.

210 724 111 51 xxii,
359 724 80 44 399
475 738 40 38 p.
555 723 103 46 incl.
698 723 155 44 forms.
913 726 28 41 2
978 723 96 44 fold.
1124 722 142 53 diagr.
1325 723 150 43 22½cm.
1544 722 239 53 (Institute
1821 723 76 44 for
139 737 1964 88 government

287 780 217 44 research.
568 779 176 46 Studies
776 781 43 42 in
844 779 389 51 administration)

141 834 53 55 ©
221 837 99 52 Jan.
349 836 68 52 21,
450 834 129 54 1926;
612 836 65 42 2c.
710 834 106 45 Feb.
853 836 46 52 1;
934 835 78 43 aff.
1044 835 97 53 Jan.
1175 835 77 52 30;
1287 835 44 42 A
1362 833 190 55 879451;
1587 835 211 43 Institute
1832 835 74 44 for
209 848 1898 89 government

363 892 220 52 research,
616 892 316 53 Washington.
1003 891 240 55 (26-2904)

142 990 261 73 [Semer,
443 990 265 59 Gunnar]
757 992 189 56 1886-

218 1081 128 59 The
375 1086 254 69 strange
659 1083 377 57 adventures
1069 1084 67 57 of
1165 1082 119 57 Mr.
1317 1081 219 71 Collin,
1564 1083 84 71 by
1673 1082 216 57 Frank
1914 1080 216 59 Heller

157 1159 233 73 [pseud.]
422 1159 352 59 translated
804 1160 168 57 from
1002 1160 103 58 the
1138 1157 284 61 Swedish
1450 1161 85 71 by
1562 1160 237 57 Robert
1830 1160 297 58 Emmons

140 1235 1866 71 Lee. New York, Thomas Y. Crowell company [ c 1926]
206 1312 76 52 vii,
308 1312 83 47 356
414 1327 42 39 p.
518 1315 51 44 19
575 1316 47 18 cm
628 1349 10 9 .

139 1365 53 54 ©
221 1368 99 51 Jan.
350 1368 67 50 29,
451 1367 128 52 1926;
611 1368 65 43 2c.
707 1368 87 43 and
824 1368 79 42 aff.
935 1366 105 45 Feb.
1072 1368 50 51 4;
1156 1367 44 43 A
1230 1365 190 55 879479;
1455 1366 200 45 Thomas
1689 1368 56 42 Y.
1781 1367 195 45 Crowell
2010 1383 65 29 co.

218 1423 242 56 (26-3267)

141 1523 318 71 Seymour,
497 1523 160 57 Paul
690 1522 78 58 H.

214 1611 1849 74 Highlights on auction bridge, by Paul H. Seymour …
140 1687 1191 76 Chicago, Ill., Saul brothers [ c 1926]
214 1766 525 55 1 p. l., 5-30 p. 18 cm .
137 1822 55 54 ©
215 1825 99 52 Jan.
341 1823 66 52 25,
439 1824 129 53 1926;
596 1826 64 42 2c.
688 1825 88 44 and
802 1825 79 43 aff.
907 1825 98 52 Jan.
1035 1824 78 52 30;
1140 1824 45 43 A
1213 1823 188 54 879429;
1435 1823 109 48 Saul
1571 1824 222 45 brothers.

217 1880 242 55 (26-3240)

141 1977 290 72 Sheldon,
468 1978 288 58 Addison
794 1977 231 72 Erwin,
1066 1981 190 56 1861-

139 2069 1970 136 Nebraska civil government, by Addison Erwin Sheldon …
454 2147 276 73 Lincoln,
774 2146 270 74 Chicago
1088 2150 147 71 [etc.]
1280 2148 129 58 The
1448 2147 373 73 University
135 2148 1976 151 publishing
286 2243 321 56 company,
653 2227 166 56 1926.

205 2320 75 36 xv,
315 2304 81 45 384
427 2319 40 38 p.
502 2304 99 44 incl.
639 2304 149 49 front.,
823 2303 131 52 illus.,
987 2302 168 55 diagrs.
1218 2304 49 44 19½cm.

210 2361 304 52 “Interesting
547 2360 238 53 readings”
819 2369 46 35 at
896 2362 85 43 end
1010 2361 53 44 of
1095 2369 118 36 most
1244 2361 52 45 of
1325 2360 75 45 the
1431 2360 220 52 chapters.

139 2415 53 54 ©
223 2418 99 51 Jan.
353 2417 67 51 26,
455 2417 107 43 1926;
616 2417 65 42 2c.
715 2418 87 42 and
833 2417 79 43 aff.
944 2417 99 52 Jan.
1077 2417 77 52 30;
1191 2417 44 42 A
1268 2415 189 54 879434;
1495 2417 268 53 University
1795 2417 100 53 pub.
1928 2433 66 29 co.

218 2473 242 55 (26-3182)

141 2570 134 71 Sill,
315 2570 274 59 Charles.

215 2662 366 58 Economics
613 2662 276 59 dictated
913 2663 84 71 by
1022 2681 227 39 reason
1277 2663 125 58 and
1429 2663 290 57 revealed
1747 2662 283 74 religion,
2058 2663 82 72 by

141 2739 257 60 Charles
433 2741 132 57 Sill.
648 2740 264 73 Layton,
941 2738 191 73 Utah,
1164 2740 167 57 1925.

210 2819 553 52 1 p. l., 190 p. 21½ cm .
137 2873 55 54 ©
216 2876 106 52 July
349 2875 61 47 10,
439 2873 130 53 1925;
596 2875 64 43 2c.
689 2875 107 43 Dec.
824 2875 78 51 23;
931 2874 78 43 aff.
1040 2874 107 43 Dec.
1175 2875 78 52 21;
1281 2874 45 43 A
1353 2874 189 53 883032;
1574 2873 48 46 C.
1653 2873 98 53 Sill,
1781 2875 186 52 Layton,
1998 2873 136 46 Utah.

218 2930 242 56 (26-3176)

142 3030 221 72 Smith,
402 3031 229 56 Ernest
666 3029 293 58 Bramah.

219 3121 128 57 The
401 3123 203 55 secret
654 3120 67 57 of
771 3120 310 57 Headlam
1131 3120 257 72 Height,
1440 3121 82 71 by
1573 3120 238 57 Ernest
1858 3119 280 57 Bramah

142 3199 249 75 [pseud.]

211 3277 81 51 (In
322 3278 112 40 New
467 3277 256 52 magazine,
758 3277 117 51 Dec.,
912 3277 127 50 1925)

138 3328 1996 57 © 1c. Jan. 23, 1926; A ad int. 7674; pubd. Nov. 27, 1925; E. B. Smith,
210 3388 187 45 London.

143 3471 221 72 Smith,
397 3471 138 74 Roy
564 3471 248 71 Lemon,
847 3474 188 56 1887-

217 3564 396 59 Four-wheel
639 3564 245 71 brakes,
918 3563 124 61 and
1076 3565 177 57 other
1287 3583 216 50 essays
1537 3563 84 71 by
1653 3563 140 70 Roy
1824 3562 70 57 L.
1932 3560 201 61 Smith

140 3639 1967 152 … New York, Chicago [etc.] Fleming H. Revell company [ c 1925]
218 3794 354 54 135 p. 19½ cm .
142 3848 53 54 ©
221 3851 98 52 Jan.
348 3852 68 50 23,
446 3850 129 52 1926;
605 3850 66 44 2c.
700 3850 85 44 and
814 3850 79 44 aff.
921 3850 100 53 Jan.
1051 3849 78 52 30;
1162 3850 44 42 A
1238 3848 188 53 883094;
1462 3848 209 54 Fleming
1702 3850 61 43 H.
1795 3848 160 45 Revell
1985 3864 66 29 co.

219 3905 242 55 (26-3147)
