<alto xmlns="http://www.loc.gov/standards/alto/ns-v3#" xmlns:xlink="http://www.w3.org/1999/xlink" xmlns:xsi="http://www.w3.org/2001/XMLSchema-instance" xsi:schemaLocation="http://www.loc.gov/standards/alto/ns-v3# http://www.loc.gov/alto/v3/alto-3-0.xsd"><Description>
<MeasurementUnit>pixel</MeasurementUnit>
<sourceImageInformation>
<fileName>1926_v23_Part001.pdf</fileName>
</sourceImageInformation>
<OCRProcessing ID="IdOcr">
<ocrProcessingStep>
<processingDateTime>2019-04-10</processingDateTime>
<processingSoftware>
<softwareCreator>ABBYY</softwareCreator>
<softwareName>ABBYY Recognition Server</softwareName>
<softwareVersion>4.0</softwareVersion>
</processingSoftware>
</ocrProcessingStep>
</OCRProcessing>
</Description>
<Styles>
<ParagraphStyle ID="StyleId-FFFFFFFF-FFFF-FFFF-FFFF-FFFFFFFFFFFF-" ALIGN="Left" LEFT="0." RIGHT="0." FIRSTLINE="0."/>
<ParagraphStyle ID="StyleId-22C3EA86-D171-42E2-A7D2-9A866F7D91F9-" ALIGN="Left" LEFT="0." RIGHT="0." FIRSTLINE="0." LINESPACE="8.300000191"/>
<ParagraphStyle ID="StyleId-E3FA4CC6-F5E5-41CA-B4C4-90085BF71B6C-" ALIGN="Block" LEFT="0." RIGHT="0." FIRSTLINE="-14." LINESPACE="8.050000191"/>
<ParagraphStyle ID="StyleId-41118DB3-028A-4115-95B3-BB512DD0EDAE-" ALIGN="Left" LEFT="0." RIGHT="0." FIRSTLINE="-13." LINESPACE="13.30000019"/>
<ParagraphStyle ID="StyleId-A2FB4C2B-BF87-45AD-9689-33B0118FBFC1-" ALIGN="Block" LEFT="0." RIGHT="0." FIRSTLINE="-14." LINESPACE="11.06999969"/>
<ParagraphStyle ID="StyleId-BBBA7B5D-FE2B-4BC7-AC7D-F142900C21B8-" ALIGN="Block" LEFT="0." RIGHT="0." FIRSTLINE="0." LINESPACE="8.899999619"/>
<ParagraphStyle ID="StyleId-3CEA3EEE-4341-4E33-9EF0-A9438AB90A9B-" ALIGN="Center" LEFT="0." RIGHT="0." FIRSTLINE="0." LINESPACE="12.19999981"/>
<ParagraphStyle ID="StyleId-817955BE-3120-4B53-BBD3-920BAE733BFF-" ALIGN="Left" LEFT="0." RIGHT="0." FIRSTLINE="0." LINESPACE="12.19999981"/>
<ParagraphStyle ID="StyleId-456A266C-F799-486A-ACB1-75B61E9815AB-" ALIGN="Left" LEFT="0." RIGHT="0." FIRSTLINE="-13." LINESPACE="8.18999958"/>
<ParagraphStyle ID="StyleId-6A1E9ED6-E5EA-4E31-BD5A-88089B8D7134-" ALIGN="Right" LEFT="0." RIGHT="0." FIRSTLINE="0." LINESPACE="7.699999809"/>
<ParagraphStyle ID="StyleId-C11ABF73-04BC-4F6E-B7E4-01FCA3A26756-" ALIGN="Left" LEFT="0." RIGHT="0." FIRSTLINE="-13." LINESPACE="12.19999981"/>
<ParagraphStyle ID="StyleId-662CF6CF-DB5F-40BE-AD24-E877ED82DD6F-" ALIGN="Block" LEFT="0." RIGHT="0." FIRSTLINE="-14." LINESPACE="11.06999969"/>
<ParagraphStyle ID="StyleId-9361006B-74B5-41BD-BFD3-03318AD64910-" ALIGN="Left" LEFT="0." RIGHT="0." FIRSTLINE="0." LINESPACE="8.899999619"/>
</Styles>
<Layout>
<Page ID="Page229" PHYSICAL_IMG_NR="229" HEIGHT="4285" WIDTH="2542">
<TopMargin HEIGHT="342" WIDTH="2542" VPOS="0" HPOS="0">
</TopMargin>
<LeftMargin HEIGHT="3594" WIDTH="90" VPOS="342" HPOS="0">
</LeftMargin>
<RightMargin HEIGHT="3594" WIDTH="436" VPOS="342" HPOS="2106">
</RightMargin>
<BottomMargin HEIGHT="349" WIDTH="2542" VPOS="3936" HPOS="0">
<TextBlock ID="Page229_Block1" HEIGHT="65" WIDTH="2016" VPOS="3983" HPOS="90" STYLEREFS="StyleId-5A9399E5-6911-4CB1-8FCE-2DE80D1300EC-" LANG="en-US" CS="1">
</TextBlock>
</BottomMargin>
<PrintSpace HEIGHT="3594" WIDTH="2016" VPOS="342" HPOS="90">
<TextBlock ID="Page229_Block2" HEIGHT="3594" WIDTH="2016" VPOS="342" HPOS="90" STYLEREFS="StyleId-7B0D7277-0720-433F-913E-FDA6D67B8F60-" LANG="en-US" CS="1">
<TextLine HEIGHT="0" WIDTH="0" VPOS="0" HPOS="0" CS="1">
<String CS="1" CONTENT="229"/>
</TextLine>
<TextLine HEIGHT="74" WIDTH="1107" VPOS="353" HPOS="114">
<String CONTENT="Dorrance," HEIGHT="70" WIDTH="332" VPOS="357" HPOS="114"/>
<SP HEIGHT="72" WIDTH="37" VPOS="355" HPOS="447"/>
<String CONTENT="James" HEIGHT="58" WIDTH="210" VPOS="355" HPOS="485"/>
<SP HEIGHT="57" WIDTH="36" VPOS="354" HPOS="696"/>
<String CONTENT="French," HEIGHT="73" WIDTH="258" VPOS="353" HPOS="733"/>
<SP HEIGHT="69" WIDTH="40" VPOS="357" HPOS="992"/>
<String CONTENT="1879-" HEIGHT="57" WIDTH="188" VPOS="356" HPOS="1033"/>
</TextLine>
<TextLine HEIGHT="138" WIDTH="1956" VPOS="441" HPOS="114" CS="1">
<String CONTENT="The" HEIGHT="57" WIDTH="129" VPOS="444" HPOS="191"/>
<SP HEIGHT="56" WIDTH="33" VPOS="445" HPOS="321"/>
<String CONTENT="long" HEIGHT="70" WIDTH="147" VPOS="445" HPOS="355"/>
<SP HEIGHT="53" WIDTH="31" VPOS="462" HPOS="503"/>
<String CONTENT="arm" HEIGHT="38" WIDTH="134" VPOS="462" HPOS="535"/>
<SP HEIGHT="38" WIDTH="33" VPOS="461" HPOS="670"/>
<String CONTENT="of" HEIGHT="58" WIDTH="68" VPOS="441" HPOS="704"/>
<SP HEIGHT="59" WIDTH="32" VPOS="441" HPOS="773"/>
<String CONTENT="the" HEIGHT="57" WIDTH="101" VPOS="443" HPOS="806"/>
<SP HEIGHT="37" WIDTH="34" VPOS="462" HPOS="908"/>
<String CONTENT="mounted," HEIGHT="72" WIDTH="311" VPOS="443" HPOS="943"/>
<SP HEIGHT="72" WIDTH="35" VPOS="443" HPOS="1255"/>
<String CONTENT="by" HEIGHT="71" WIDTH="82" VPOS="443" HPOS="1291"/>
<SP HEIGHT="71" WIDTH="34" VPOS="443" HPOS="1374"/>
<String CONTENT="James" HEIGHT="57" WIDTH="215" VPOS="443" HPOS="1409"/>
<SP HEIGHT="58" WIDTH="35" VPOS="442" HPOS="1625"/>
<String CONTENT="French" HEIGHT="58" WIDTH="245" VPOS="442" HPOS="1661"/>
<SP HEIGHT="57" WIDTH="31" VPOS="443" HPOS="1907"/>
<String CONTENT="Dorrance" HEIGHT="134" WIDTH="1956" VPOS="444" HPOS="114"/>
<SP HEIGHT="38" WIDTH="34" VPOS="541" HPOS="297"/>
<String CS="1" CONTENT="&#8230;"/>
</TextLine>
<TextLine HEIGHT="73" WIDTH="1667" VPOS="519" HPOS="429">
<String CONTENT="frontispiece" HEIGHT="71" WIDTH="406" VPOS="519" HPOS="429"/>
<SP HEIGHT="57" WIDTH="27" VPOS="520" HPOS="836"/>
<String CONTENT="by" HEIGHT="70" WIDTH="82" VPOS="520" HPOS="864"/>
<SP HEIGHT="71" WIDTH="26" VPOS="519" HPOS="947"/>
<String CONTENT="Edward" HEIGHT="58" WIDTH="274" VPOS="519" HPOS="974"/>
<SP HEIGHT="59" WIDTH="31" VPOS="519" HPOS="1249"/>
<String CONTENT="C." HEIGHT="59" WIDTH="62" VPOS="519" HPOS="1281"/>
<SP HEIGHT="59" WIDTH="35" VPOS="519" HPOS="1344"/>
<String CONTENT="Caswell." HEIGHT="59" WIDTH="278" VPOS="519" HPOS="1380"/>
<SP HEIGHT="56" WIDTH="80" VPOS="520" HPOS="1659"/>
<String CONTENT="New" HEIGHT="57" WIDTH="150" VPOS="520" HPOS="1740"/>
<SP HEIGHT="55" WIDTH="14" VPOS="521" HPOS="1891"/>
<String CONTENT="York," HEIGHT="71" WIDTH="190" VPOS="521" HPOS="1906"/>
</TextLine>
<TextLine HEIGHT="73" WIDTH="1061" VPOS="596" HPOS="113">
<String CONTENT="The" HEIGHT="57" WIDTH="126" VPOS="599" HPOS="113"/>
<SP HEIGHT="58" WIDTH="34" VPOS="598" HPOS="240"/>
<String CONTENT="Macaulay" HEIGHT="71" WIDTH="328" VPOS="597" HPOS="275"/>
<SP HEIGHT="52" WIDTH="30" VPOS="616" HPOS="604"/>
<String CONTENT="company" HEIGHT="53" WIDTH="305" VPOS="614" HPOS="635"/>
<SP HEIGHT="53" WIDTH="32" VPOS="616" HPOS="941"/>
<String CONTENT="[" HEIGHT="43" WIDTH="13" VPOS="626" HPOS="974"/>
<String STYLE="superscript" CONTENT="c" HEIGHT="21" WIDTH="18" VPOS="606" HPOS="989"/>
<String CONTENT="1926]" HEIGHT="72" WIDTH="163" VPOS="596" HPOS="1011"/>
</TextLine>
<TextLine HEIGHT="53" WIDTH="732" VPOS="673" HPOS="181" STYLEREFS="StyleId-2FDBB7E2-5CD1-407E-850A-4EAC541BB925-">
<String CONTENT="viii," HEIGHT="52" WIDTH="92" VPOS="674" HPOS="181"/>
<SP HEIGHT="49" WIDTH="32" VPOS="677" HPOS="274"/>
<String CONTENT="11-321" HEIGHT="43" WIDTH="156" VPOS="675" HPOS="307"/>
<SP HEIGHT="49" WIDTH="32" VPOS="677" HPOS="464"/>
<String CONTENT="p." HEIGHT="37" WIDTH="38" VPOS="689" HPOS="497"/>
<SP HEIGHT="44" WIDTH="58" VPOS="673" HPOS="536"/>
<String CONTENT="front." HEIGHT="44" WIDTH="138" VPOS="673" HPOS="595"/>
<SP HEIGHT="41" WIDTH="61" VPOS="675" HPOS="734"/>
<String CONTENT="19" HEIGHT="43" WIDTH="49" VPOS="674" HPOS="796"/>
<String STYLE="superscript" CONTENT="cm" HEIGHT="17" WIDTH="46" VPOS="675" HPOS="852"/>
<String CONTENT="." HEIGHT="8" WIDTH="8" VPOS="707" HPOS="905"/>
</TextLine>
<TextLine HEIGHT="55" WIDTH="1643" VPOS="728" HPOS="111" STYLEREFS="StyleId-2FDBB7E2-5CD1-407E-850A-4EAC541BB925-" CS="1">
<String CONTENT="&#169;" HEIGHT="53" WIDTH="53" VPOS="730" HPOS="111"/>
<SP HEIGHT="53" WIDTH="23" VPOS="730" HPOS="165"/>
<String CONTENT="Feb." HEIGHT="44" WIDTH="106" VPOS="731" HPOS="189"/>
<SP HEIGHT="40" WIDTH="27" VPOS="734" HPOS="296"/>
<String CONTENT="10," HEIGHT="50" WIDTH="61" VPOS="731" HPOS="324"/>
<SP HEIGHT="48" WIDTH="27" VPOS="733" HPOS="386"/>
<String CONTENT="1926;" HEIGHT="52" WIDTH="128" VPOS="731" HPOS="414"/>
<SP HEIGHT="52" WIDTH="24" VPOS="731" HPOS="543"/>
<String CONTENT="2c." HEIGHT="42" WIDTH="64" VPOS="731" HPOS="568"/>
<SP HEIGHT="27" WIDTH="26" VPOS="746" HPOS="633"/>
<String CONTENT="and" HEIGHT="42" WIDTH="86" VPOS="731" HPOS="660"/>
<SP HEIGHT="42" WIDTH="23" VPOS="731" HPOS="747"/>
<String CONTENT="aff." HEIGHT="42" WIDTH="78" VPOS="731" HPOS="771"/>
<SP HEIGHT="42" WIDTH="27" VPOS="731" HPOS="850"/>
<String CONTENT="Mar." HEIGHT="41" WIDTH="119" VPOS="731" HPOS="878"/>
<SP HEIGHT="41" WIDTH="29" VPOS="731" HPOS="998"/>
<String CONTENT="17;" HEIGHT="53" WIDTH="74" VPOS="728" HPOS="1028"/>
<SP HEIGHT="52" WIDTH="27" VPOS="729" HPOS="1103"/>
<!-- cceid FCA4948F-6E1A-1014-9B7B-CA07F191E62B --><String CONTENT="A" HEIGHT="43" WIDTH="43" VPOS="729" HPOS="1131"/>
<SP HEIGHT="43" WIDTH="27" VPOS="729" HPOS="1175"/>
<String CS="1" CONTENT="879871;" HEIGHT="45" WIDTH="160" VPOS="728" HPOS="1203"/>
<SP HEIGHT="50" WIDTH="29" VPOS="731" HPOS="1392"/>
<String CONTENT="Macaulay" HEIGHT="51" WIDTH="241" VPOS="731" HPOS="1422"/>
<SP HEIGHT="36" WIDTH="24" VPOS="746" HPOS="1664"/>
<String CONTENT="co." HEIGHT="28" WIDTH="65" VPOS="745" HPOS="1689"/>
</TextLine>
<TextLine HEIGHT="55" WIDTH="240" VPOS="787" HPOS="190" STYLEREFS="StyleId-2FDBB7E2-5CD1-407E-850A-4EAC541BB925-">
<String CONTENT="(26-6480)" HEIGHT="55" WIDTH="240" VPOS="787" HPOS="190"/>
</TextLine>
<TextLine HEIGHT="73" WIDTH="1194" VPOS="881" HPOS="111" STYLEREFS="StyleId-AFD3158F-5399-41F4-94FF-1A34AFEF05AA-">
<String CONTENT="Dublin," HEIGHT="72" WIDTH="248" VPOS="882" HPOS="111"/>
<SP HEIGHT="71" WIDTH="35" VPOS="883" HPOS="360"/>
<String CONTENT="Louis" HEIGHT="57" WIDTH="186" VPOS="882" HPOS="396"/>
<SP HEIGHT="57" WIDTH="34" VPOS="882" HPOS="583"/>
<String CONTENT="Israel," HEIGHT="70" WIDTH="214" VPOS="881" HPOS="618"/>
<SP HEIGHT="65" WIDTH="36" VPOS="886" HPOS="833"/>
<String CONTENT="1882-" HEIGHT="57" WIDTH="188" VPOS="884" HPOS="870"/>
<SP HEIGHT="39" WIDTH="155" VPOS="900" HPOS="1059"/>
<String CONTENT="ed." HEIGHT="58" WIDTH="90" VPOS="883" HPOS="1215"/>
</TextLine>
<TextLine HEIGHT="74" WIDTH="1876" VPOS="972" HPOS="188" CS="1">
<String CONTENT="Population" HEIGHT="74" WIDTH="376" VPOS="972" HPOS="188"/>
<SP HEIGHT="54" WIDTH="22" VPOS="992" HPOS="565"/>
<String CONTENT="problems" HEIGHT="71" WIDTH="314" VPOS="975" HPOS="588"/>
<SP HEIGHT="56" WIDTH="26" VPOS="975" HPOS="903"/>
<String CONTENT="in" HEIGHT="56" WIDTH="63" VPOS="975" HPOS="930"/>
<SP HEIGHT="55" WIDTH="26" VPOS="977" HPOS="994"/>
<String CONTENT="the" HEIGHT="58" WIDTH="104" VPOS="974" HPOS="1021"/>
<SP HEIGHT="59" WIDTH="24" VPOS="973" HPOS="1126"/>
<String CONTENT="United" HEIGHT="59" WIDTH="237" VPOS="972" HPOS="1151"/>
<SP HEIGHT="58" WIDTH="25" VPOS="974" HPOS="1389"/>
<String CONTENT="States" HEIGHT="58" WIDTH="210" VPOS="974" HPOS="1415"/>
<SP HEIGHT="39" WIDTH="28" VPOS="992" HPOS="1626"/>
<String CONTENT="and" HEIGHT="56" WIDTH="122" VPOS="976" HPOS="1655"/>
<SP HEIGHT="59" WIDTH="29" VPOS="973" HPOS="1778"/>
<String CS="1" CONTENT="Canada;" HEIGHT="59" WIDTH="256" VPOS="973" HPOS="1808"/>
</TextLine>
<TextLine HEIGHT="73" WIDTH="1983" VPOS="1050" HPOS="113">
<String CONTENT="an" HEIGHT="38" WIDTH="78" VPOS="1071" HPOS="113"/>
<SP HEIGHT="38" WIDTH="81" VPOS="1071" HPOS="192"/>
<String CONTENT="outgrowth" HEIGHT="72" WIDTH="351" VPOS="1051" HPOS="274"/>
<SP HEIGHT="56" WIDTH="42" VPOS="1051" HPOS="626"/>
<String CONTENT="of" HEIGHT="56" WIDTH="67" VPOS="1051" HPOS="669"/>
<SP HEIGHT="72" WIDTH="40" VPOS="1051" HPOS="737"/>
<String CONTENT="papers" HEIGHT="54" WIDTH="230" VPOS="1069" HPOS="778"/>
<SP HEIGHT="53" WIDTH="44" VPOS="1070" HPOS="1009"/>
<String CONTENT="presented" HEIGHT="71" WIDTH="336" VPOS="1052" HPOS="1054"/>
<SP HEIGHT="57" WIDTH="40" VPOS="1052" HPOS="1391"/>
<String CONTENT="at" HEIGHT="55" WIDTH="65" VPOS="1053" HPOS="1432"/>
<SP HEIGHT="56" WIDTH="42" VPOS="1053" HPOS="1498"/>
<String CONTENT="the" HEIGHT="57" WIDTH="102" VPOS="1052" HPOS="1541"/>
<SP HEIGHT="38" WIDTH="45" VPOS="1071" HPOS="1644"/>
<String CONTENT="eighty-sixth" HEIGHT="73" WIDTH="406" VPOS="1050" HPOS="1690"/>
</TextLine>
<TextLine HEIGHT="74" WIDTH="1983" VPOS="1126" HPOS="112">
<String CONTENT="annual" HEIGHT="56" WIDTH="229" VPOS="1130" HPOS="112"/>
<SP HEIGHT="55" WIDTH="36" VPOS="1130" HPOS="342"/>
<String CONTENT="meeting" HEIGHT="73" WIDTH="274" VPOS="1127" HPOS="379"/>
<SP HEIGHT="51" WIDTH="39" VPOS="1149" HPOS="654"/>
<String CONTENT="of" HEIGHT="58" WIDTH="69" VPOS="1129" HPOS="694"/>
<SP HEIGHT="56" WIDTH="34" VPOS="1129" HPOS="764"/>
<String CONTENT="the" HEIGHT="57" WIDTH="104" VPOS="1129" HPOS="799"/>
<SP HEIGHT="57" WIDTH="40" VPOS="1129" HPOS="904"/>
<String CONTENT="American" HEIGHT="60" WIDTH="333" VPOS="1126" HPOS="945"/>
<SP HEIGHT="39" WIDTH="42" VPOS="1148" HPOS="1279"/>
<String CONTENT="statistical" HEIGHT="60" WIDTH="336" VPOS="1127" HPOS="1322"/>
<SP HEIGHT="58" WIDTH="39" VPOS="1130" HPOS="1659"/>
<String CONTENT="association," HEIGHT="73" WIDTH="396" VPOS="1127" HPOS="1699"/>
</TextLine>
<TextLine HEIGHT="74" WIDTH="1983" VPOS="1202" HPOS="112" CS="1">
<String CONTENT="December," HEIGHT="69" WIDTH="354" VPOS="1206" HPOS="112"/>
<SP HEIGHT="68" WIDTH="43" VPOS="1207" HPOS="467"/>
<String CONTENT="1924," HEIGHT="69" WIDTH="164" VPOS="1206" HPOS="511"/>
<SP HEIGHT="50" WIDTH="45" VPOS="1225" HPOS="676"/>
<String CONTENT="edited" HEIGHT="59" WIDTH="205" VPOS="1204" HPOS="722"/>
<SP HEIGHT="57" WIDTH="41" VPOS="1206" HPOS="928"/>
<String CONTENT="by" HEIGHT="69" WIDTH="84" VPOS="1207" HPOS="970"/>
<SP HEIGHT="70" WIDTH="40" VPOS="1206" HPOS="1055"/>
<String CONTENT="Louis" HEIGHT="59" WIDTH="189" VPOS="1204" HPOS="1096"/>
<SP HEIGHT="57" WIDTH="44" VPOS="1206" HPOS="1286"/>
<String CONTENT="I." HEIGHT="55" WIDTH="49" VPOS="1206" HPOS="1331"/>
<SP HEIGHT="56" WIDTH="44" VPOS="1206" HPOS="1381"/>
<String CONTENT="Dublin" HEIGHT="60" WIDTH="230" VPOS="1202" HPOS="1426"/>
<SP HEIGHT="38" WIDTH="49" VPOS="1224" HPOS="1657"/>
<String CS="1" CONTENT="&#8230;"/>
<SP HEIGHT="56" WIDTH="84" VPOS="1206" HPOS="1771"/>
<String CONTENT="Boston" HEIGHT="58" WIDTH="239" VPOS="1206" HPOS="1856"/>
</TextLine>
<TextLine HEIGHT="74" WIDTH="1666" VPOS="1279" HPOS="112">
<String CONTENT="and" HEIGHT="56" WIDTH="122" VPOS="1285" HPOS="112"/>
<SP HEIGHT="57" WIDTH="24" VPOS="1284" HPOS="235"/>
<String CONTENT="New" HEIGHT="57" WIDTH="151" VPOS="1284" HPOS="260"/>
<SP HEIGHT="56" WIDTH="22" VPOS="1284" HPOS="412"/>
<String CONTENT="York," HEIGHT="71" WIDTH="188" VPOS="1282" HPOS="435"/>
<SP HEIGHT="70" WIDTH="28" VPOS="1283" HPOS="624"/>
<String CONTENT="Houghton" HEIGHT="71" WIDTH="341" VPOS="1282" HPOS="653"/>
<SP HEIGHT="56" WIDTH="25" VPOS="1283" HPOS="995"/>
<String CONTENT="Mifflin" HEIGHT="60" WIDTH="212" VPOS="1279" HPOS="1021"/>
<SP HEIGHT="41" WIDTH="29" VPOS="1299" HPOS="1234"/>
<String CONTENT="company," HEIGHT="53" WIDTH="321" VPOS="1299" HPOS="1264"/>
<SP HEIGHT="67" WIDTH="27" VPOS="1284" HPOS="1586"/>
<String CONTENT="1926." HEIGHT="56" WIDTH="164" VPOS="1282" HPOS="1614"/>
</TextLine>
<TextLine HEIGHT="106" WIDTH="1943" VPOS="1356" HPOS="127" STYLEREFS="StyleId-2FDBB7E2-5CD1-407E-850A-4EAC541BB925-" CS="1">
<String CONTENT="xi" HEIGHT="42" WIDTH="47" VPOS="1359" HPOS="178"/>
<SP HEIGHT="52" WIDTH="26" VPOS="1359" HPOS="226"/>
<String CONTENT="p.," HEIGHT="37" WIDTH="52" VPOS="1374" HPOS="253"/>
<SP HEIGHT="52" WIDTH="23" VPOS="1359" HPOS="306"/>
<String CONTENT="2" HEIGHT="42" WIDTH="27" VPOS="1359" HPOS="330"/>
<SP HEIGHT="44" WIDTH="24" VPOS="1359" HPOS="358"/>
<String CS="1" CONTENT="l.," HEIGHT="18" WIDTH="22" VPOS="1392" HPOS="401"/>
<SP HEIGHT="30" WIDTH="28" VPOS="1383" HPOS="424"/>
<String CS="1" CONTENT="[3]-318" HEIGHT="54" WIDTH="152" VPOS="1358" HPOS="467"/>
<SP HEIGHT="52" WIDTH="25" VPOS="1358" HPOS="620"/>
<String CONTENT="p." HEIGHT="37" WIDTH="39" VPOS="1373" HPOS="646"/>
<SP HEIGHT="43" WIDTH="51" VPOS="1358" HPOS="686"/>
<String CONTENT="diagrs." HEIGHT="52" WIDTH="166" VPOS="1358" HPOS="738"/>
<SP HEIGHT="42" WIDTH="53" VPOS="1357" HPOS="905"/>
<String CONTENT="21" HEIGHT="43" WIDTH="50" VPOS="1357" HPOS="959"/>
<String STYLE="superscript" CONTENT="cm" HEIGHT="18" WIDTH="46" VPOS="1359" HPOS="1019"/>
<String CONTENT="." HEIGHT="8" WIDTH="9" VPOS="1391" HPOS="1074"/>
<SP HEIGHT="53" WIDTH="62" VPOS="1357" HPOS="1084"/>
<String CONTENT="(Half-title:" HEIGHT="54" WIDTH="290" VPOS="1356" HPOS="1147"/>
<SP HEIGHT="42" WIDTH="29" VPOS="1358" HPOS="1438"/>
<String CONTENT="Publications" HEIGHT="44" WIDTH="306" VPOS="1357" HPOS="1468"/>
<SP HEIGHT="29" WIDTH="25" VPOS="1372" HPOS="1775"/>
<String CONTENT="of" HEIGHT="45" WIDTH="53" VPOS="1356" HPOS="1801"/>
<SP HEIGHT="45" WIDTH="24" VPOS="1356" HPOS="1855"/>
<String CONTENT="the" HEIGHT="44" WIDTH="77" VPOS="1358" HPOS="1880"/>
<SP HEIGHT="44" WIDTH="28" VPOS="1358" HPOS="1958"/>
<String CS="1" CONTENT="Pollak" HEIGHT="105" WIDTH="1943" VPOS="1357" HPOS="127"/>
</TextLine>
<TextLine HEIGHT="50" WIDTH="1047" VPOS="1416" HPOS="211" STYLEREFS="StyleId-2FDBB7E2-5CD1-407E-850A-4EAC541BB925-">
<String CONTENT="foundation" HEIGHT="46" WIDTH="270" VPOS="1416" HPOS="211"/>
<SP HEIGHT="44" WIDTH="24" VPOS="1417" HPOS="482"/>
<String CONTENT="for" HEIGHT="44" WIDTH="72" VPOS="1417" HPOS="507"/>
<SP HEIGHT="29" WIDTH="24" VPOS="1431" HPOS="580"/>
<String CONTENT="economic" HEIGHT="45" WIDTH="231" VPOS="1416" HPOS="605"/>
<SP HEIGHT="30" WIDTH="24" VPOS="1431" HPOS="837"/>
<String CONTENT="research," HEIGHT="48" WIDTH="222" VPOS="1416" HPOS="862"/>
<SP HEIGHT="34" WIDTH="22" VPOS="1430" HPOS="1085"/>
<String CONTENT="no." HEIGHT="31" WIDTH="73" VPOS="1430" HPOS="1108"/>
<SP HEIGHT="45" WIDTH="25" VPOS="1416" HPOS="1182"/>
<String CONTENT="5)" HEIGHT="50" WIDTH="50" VPOS="1416" HPOS="1208"/>
</TextLine>
<TextLine HEIGHT="56" WIDTH="1985" VPOS="1468" HPOS="107" STYLEREFS="StyleId-2FDBB7E2-5CD1-407E-850A-4EAC541BB925-">
<String CONTENT="&#169;" HEIGHT="53" WIDTH="53" VPOS="1471" HPOS="107"/>
<SP HEIGHT="53" WIDTH="29" VPOS="1471" HPOS="161"/>
<String CONTENT="Mar." HEIGHT="42" WIDTH="117" VPOS="1473" HPOS="191"/>
<SP HEIGHT="41" WIDTH="32" VPOS="1474" HPOS="309"/>
<String CONTENT="12," HEIGHT="51" WIDTH="61" VPOS="1472" HPOS="342"/>
<SP HEIGHT="50" WIDTH="33" VPOS="1473" HPOS="404"/>
<String CONTENT="1926;" HEIGHT="52" WIDTH="128" VPOS="1470" HPOS="438"/>
<SP HEIGHT="51" WIDTH="30" VPOS="1471" HPOS="567"/>
<String CONTENT="2c." HEIGHT="43" WIDTH="63" VPOS="1471" HPOS="598"/>
<SP HEIGHT="42" WIDTH="33" VPOS="1472" HPOS="662"/>
<String CONTENT="Mar." HEIGHT="42" WIDTH="117" VPOS="1472" HPOS="696"/>
<SP HEIGHT="40" WIDTH="33" VPOS="1473" HPOS="814"/>
<String CONTENT="15;" HEIGHT="53" WIDTH="73" VPOS="1469" HPOS="848"/>
<SP HEIGHT="37" WIDTH="31" VPOS="1485" HPOS="922"/>
<String CONTENT="aff." HEIGHT="42" WIDTH="78" VPOS="1471" HPOS="954"/>
<SP HEIGHT="42" WIDTH="33" VPOS="1470" HPOS="1033"/>
<String CONTENT="Mar." HEIGHT="44" WIDTH="118" VPOS="1470" HPOS="1067"/>
<SP HEIGHT="42" WIDTH="33" VPOS="1472" HPOS="1186"/>
<String CONTENT="13;" HEIGHT="49" WIDTH="74" VPOS="1471" HPOS="1220"/>
<SP HEIGHT="52" WIDTH="32" VPOS="1468" HPOS="1295"/>
<!-- cceid FCA51822-6E1A-1014-9B7B-CA07F191E62B --><String CONTENT="A" HEIGHT="43" WIDTH="43" VPOS="1468" HPOS="1328"/>
<SP HEIGHT="44" WIDTH="30" VPOS="1468" HPOS="1372"/>
<String CONTENT="883649;" HEIGHT="51" WIDTH="189" VPOS="1470" HPOS="1403"/>
<SP HEIGHT="50" WIDTH="34" VPOS="1471" HPOS="1593"/>
<String CONTENT="Pollak" HEIGHT="42" WIDTH="163" VPOS="1471" HPOS="1628"/>
<SP HEIGHT="42" WIDTH="31" VPOS="1470" HPOS="1792"/>
<String CONTENT="foundation" HEIGHT="43" WIDTH="268" VPOS="1470" HPOS="1824"/>
</TextLine>
<TextLine HEIGHT="54" WIDTH="1331" VPOS="1525" HPOS="178" STYLEREFS="StyleId-2FDBB7E2-5CD1-407E-850A-4EAC541BB925-" CS="1">
<String CONTENT="for" HEIGHT="43" WIDTH="73" VPOS="1528" HPOS="178"/>
<SP HEIGHT="28" WIDTH="34" VPOS="1544" HPOS="252"/>
<String CONTENT="economic" HEIGHT="45" WIDTH="227" VPOS="1527" HPOS="287"/>
<SP HEIGHT="27" WIDTH="34" VPOS="1542" HPOS="515"/>
<String CONTENT="research," HEIGHT="50" WIDTH="219" VPOS="1526" HPOS="550"/>
<SP HEIGHT="50" WIDTH="37" VPOS="1526" HPOS="770"/>
<String CONTENT="Newton," HEIGHT="52" WIDTH="211" VPOS="1526" HPOS="808"/>
<SP/>
<String CONTENT="Mass." HEIGHT="42" WIDTH="142" VPOS="1527" HPOS="1056"/>
<SP HEIGHT="53" WIDTH="67" VPOS="1526" HPOS="1199"/>
<String CONTENT="(26-6554)" HEIGHT="54" WIDTH="242" VPOS="1525" HPOS="1267"/>
</TextLine>
<TextLine HEIGHT="72" WIDTH="875" VPOS="1610" HPOS="110" STYLEREFS="StyleId-AFD3158F-5399-41F4-94FF-1A34AFEF05AA-">
<String CONTENT="[Edgerly," HEIGHT="72" WIDTH="309" VPOS="1610" HPOS="110"/>
<SP HEIGHT="72" WIDTH="35" VPOS="1610" HPOS="420"/>
<String CONTENT="Webster]" HEIGHT="71" WIDTH="302" VPOS="1610" HPOS="456"/>
<SP HEIGHT="68" WIDTH="36" VPOS="1613" HPOS="759"/>
<String CONTENT="1852-" HEIGHT="55" WIDTH="189" VPOS="1612" HPOS="796"/>
</TextLine>
<TextLine HEIGHT="73" WIDTH="1906" VPOS="1698" HPOS="188" CS="1">
<String CONTENT="Future" HEIGHT="56" WIDTH="238" VPOS="1701" HPOS="188"/>
<SP HEIGHT="37" WIDTH="46" VPOS="1720" HPOS="427"/>
<String CONTENT="seeing" HEIGHT="71" WIDTH="212" VPOS="1700" HPOS="474"/>
<SP HEIGHT="52" WIDTH="40" VPOS="1719" HPOS="687"/>
<String CONTENT="and" HEIGHT="56" WIDTH="123" VPOS="1700" HPOS="728"/>
<SP HEIGHT="70" WIDTH="39" VPOS="1700" HPOS="852"/>
<String CONTENT="philosophy" HEIGHT="71" WIDTH="377" VPOS="1699" HPOS="892"/>
<SP HEIGHT="52" WIDTH="42" VPOS="1718" HPOS="1270"/>
<String CONTENT="of" HEIGHT="57" WIDTH="67" VPOS="1699" HPOS="1313"/>
<SP HEIGHT="71" WIDTH="41" VPOS="1699" HPOS="1381"/>
<String CONTENT="philosophies" HEIGHT="72" WIDTH="425" VPOS="1698" HPOS="1423"/>
<SP HEIGHT="37" WIDTH="51" VPOS="1720" HPOS="1849"/>
<String CS="1" CONTENT="&#8230;"/>
<SP HEIGHT="57" WIDTH="46" VPOS="1700" HPOS="1964"/>
<String CONTENT="by" HEIGHT="70" WIDTH="83" VPOS="1700" HPOS="2011"/>
</TextLine>
<TextLine HEIGHT="73" WIDTH="1981" VPOS="1776" HPOS="108" CS="1">
<String CONTENT="Edmund" HEIGHT="58" WIDTH="290" VPOS="1778" HPOS="108"/>
<SP HEIGHT="59" WIDTH="48" VPOS="1777" HPOS="399"/>
<String CONTENT="Shaftesbury" HEIGHT="71" WIDTH="421" VPOS="1777" HPOS="448"/>
<SP HEIGHT="53" WIDTH="44" VPOS="1796" HPOS="870"/>
<String CONTENT="[pseud.]" HEIGHT="72" WIDTH="248" VPOS="1777" HPOS="915"/>
<SP HEIGHT="43" WIDTH="52" VPOS="1805" HPOS="1164"/>
<String CS="1" CONTENT="&#8230;"/>
<SP HEIGHT="56" WIDTH="69" VPOS="1777" HPOS="1279"/>
<String CONTENT="Meriden," HEIGHT="72" WIDTH="300" VPOS="1777" HPOS="1349"/>
<SP HEIGHT="73" WIDTH="49" VPOS="1776" HPOS="1650"/>
<String CONTENT="Conn.," HEIGHT="73" WIDTH="210" VPOS="1776" HPOS="1700"/>
<SP HEIGHT="71" WIDTH="48" VPOS="1778" HPOS="1911"/>
<String CONTENT="The" HEIGHT="56" WIDTH="129" VPOS="1778" HPOS="1960"/>
</TextLine>
<TextLine HEIGHT="72" WIDTH="1057" VPOS="1855" HPOS="109">
<String CONTENT="Ralston" HEIGHT="58" WIDTH="262" VPOS="1857" HPOS="109"/>
<SP HEIGHT="36" WIDTH="25" VPOS="1876" HPOS="372"/>
<String CONTENT="university" HEIGHT="72" WIDTH="352" VPOS="1855" HPOS="398"/>
<SP HEIGHT="54" WIDTH="19" VPOS="1873" HPOS="751"/>
<String CONTENT="press," HEIGHT="54" WIDTH="201" VPOS="1873" HPOS="771"/>
<SP HEIGHT="70" WIDTH="27" VPOS="1857" HPOS="973"/>
<String CONTENT="1926." HEIGHT="56" WIDTH="165" VPOS="1855" HPOS="1001"/>
</TextLine>
<TextLine HEIGHT="55" WIDTH="324" VPOS="1932" HPOS="178" STYLEREFS="StyleId-2FDBB7E2-5CD1-407E-850A-4EAC541BB925-">
<String CONTENT="535" HEIGHT="46" WIDTH="78" VPOS="1933" HPOS="178"/>
<SP HEIGHT="54" WIDTH="23" VPOS="1933" HPOS="257"/>
<String CONTENT="p." HEIGHT="36" WIDTH="39" VPOS="1951" HPOS="281"/>
<SP HEIGHT="43" WIDTH="58" VPOS="1936" HPOS="321"/>
<String CONTENT="25" HEIGHT="46" WIDTH="52" VPOS="1932" HPOS="380"/>
<String STYLE="superscript" CONTENT="cm" HEIGHT="17" WIDTH="46" VPOS="1937" HPOS="440"/>
<String CONTENT="." HEIGHT="9" WIDTH="9" VPOS="1970" HPOS="493"/>
</TextLine>
<TextLine HEIGHT="111" WIDTH="1965" VPOS="1986" HPOS="107" STYLEREFS="StyleId-2FDBB7E2-5CD1-407E-850A-4EAC541BB925-" CS="1">
<String CONTENT="&#169;" HEIGHT="54" WIDTH="52" VPOS="1988" HPOS="107"/>
<SP HEIGHT="54" WIDTH="28" VPOS="1988" HPOS="160"/>
<String CONTENT="Feb." HEIGHT="43" WIDTH="107" VPOS="1990" HPOS="189"/>
<SP HEIGHT="42" WIDTH="28" VPOS="1990" HPOS="297"/>
<String CONTENT="24," HEIGHT="50" WIDTH="68" VPOS="1990" HPOS="326"/>
<SP HEIGHT="51" WIDTH="33" VPOS="1989" HPOS="395"/>
<String CS="1" CONTENT="1926;" HEIGHT="44" WIDTH="106" VPOS="1988" HPOS="429"/>
<SP HEIGHT="52" WIDTH="30" VPOS="1988" HPOS="557"/>
<String CONTENT="2c." HEIGHT="43" WIDTH="64" VPOS="1988" HPOS="588"/>
<SP HEIGHT="44" WIDTH="30" VPOS="1987" HPOS="653"/>
<String CONTENT="Feb." HEIGHT="44" WIDTH="105" VPOS="1987" HPOS="684"/>
<SP HEIGHT="43" WIDTH="29" VPOS="1988" HPOS="790"/>
<String CONTENT="27;" HEIGHT="53" WIDTH="79" VPOS="1987" HPOS="820"/>
<SP HEIGHT="38" WIDTH="30" VPOS="2002" HPOS="900"/>
<String CONTENT="aff." HEIGHT="43" WIDTH="79" VPOS="1988" HPOS="931"/>
<SP HEIGHT="43" WIDTH="31" VPOS="1988" HPOS="1011"/>
<String CONTENT="Mar." HEIGHT="42" WIDTH="118" VPOS="1988" HPOS="1043"/>
<SP HEIGHT="41" WIDTH="35" VPOS="1989" HPOS="1162"/>
<String CONTENT="15;" HEIGHT="52" WIDTH="74" VPOS="1986" HPOS="1198"/>
<SP HEIGHT="51" WIDTH="32" VPOS="1987" HPOS="1273"/>
<!-- cceid FCA599EE-6E1A-1014-9B7B-CA07F191E62B --><String CONTENT="A" HEIGHT="42" WIDTH="43" VPOS="1987" HPOS="1306"/>
<SP HEIGHT="46" WIDTH="29" VPOS="1987" HPOS="1350"/>
<String CONTENT="883656;" HEIGHT="52" WIDTH="188" VPOS="1987" HPOS="1380"/>
<SP HEIGHT="50" WIDTH="35" VPOS="1989" HPOS="1569"/>
<String CONTENT="Ralston" HEIGHT="43" WIDTH="188" VPOS="1989" HPOS="1605"/>
<SP HEIGHT="29" WIDTH="29" VPOS="2002" HPOS="1794"/>
<String CONTENT="co.," HEIGHT="37" WIDTH="78" VPOS="2002" HPOS="1824"/>
<SP HEIGHT="51" WIDTH="33" VPOS="1988" HPOS="1903"/>
<String CONTENT="Hopewell," HEIGHT="109" WIDTH="1897" VPOS="1988" HPOS="175"/>
</TextLine>
<TextLine HEIGHT="54" WIDTH="441" VPOS="2044" HPOS="325" STYLEREFS="StyleId-2FDBB7E2-5CD1-407E-850A-4EAC541BB925-" CS="1">
<String LANG="fr" CONTENT="N." HEIGHT="43" WIDTH="59" VPOS="2046" HPOS="325"/>
<SP HEIGHT="51" WIDTH="32" VPOS="2046" HPOS="385"/>
<String LANG="fr" CS="1" CONTENT="J"/>
<String LANG="en-US" CONTENT="." HEIGHT="8" WIDTH="8" VPOS="2080" HPOS="449"/>
<SP HEIGHT="53" WIDTH="67" VPOS="2045" HPOS="458"/>
<String LANG="en-US" CONTENT="(26-6647)" HEIGHT="54" WIDTH="240" VPOS="2044" HPOS="526"/>
</TextLine>
<TextLine HEIGHT="83" WIDTH="412" VPOS="2126" HPOS="105" STYLEREFS="StyleId-AFD3158F-5399-41F4-94FF-1A34AFEF05AA-" LANG="fr">
<String CONTENT="Faure," HEIGHT="72" WIDTH="221" VPOS="2137" HPOS="105"/>
<SP HEIGHT="83" WIDTH="35" VPOS="2126" HPOS="327"/>
<String CONTENT="&#201;lie." HEIGHT="67" WIDTH="154" VPOS="2126" HPOS="363"/>
</TextLine>
<TextLine HEIGHT="137" WIDTH="1968" VPOS="2224" HPOS="105" CS="1">
<String LANG="en-US" CONTENT="The" HEIGHT="56" WIDTH="128" VPOS="2227" HPOS="184"/>
<SP HEIGHT="56" WIDTH="32" VPOS="2227" HPOS="313"/>
<String LANG="en-US" CONTENT="dance" HEIGHT="56" WIDTH="190" VPOS="2227" HPOS="346"/>
<SP HEIGHT="38" WIDTH="29" VPOS="2244" HPOS="537"/>
<String LANG="en-US" CONTENT="over" HEIGHT="38" WIDTH="147" VPOS="2244" HPOS="567"/>
<SP HEIGHT="56" WIDTH="27" VPOS="2224" HPOS="715"/>
<String LANG="en-US" CONTENT="fire" HEIGHT="57" WIDTH="112" VPOS="2224" HPOS="743"/>
<SP HEIGHT="37" WIDTH="32" VPOS="2244" HPOS="856"/>
<String LANG="en-US" CONTENT="and" HEIGHT="56" WIDTH="123" VPOS="2226" HPOS="889"/>
<SP HEIGHT="56" WIDTH="28" VPOS="2226" HPOS="1013"/>
<String LANG="en-US" CONTENT="water," HEIGHT="70" WIDTH="213" VPOS="2227" HPOS="1042"/>
<SP HEIGHT="71" WIDTH="30" VPOS="2226" HPOS="1256"/>
<String LANG="en-US" CONTENT="by" HEIGHT="71" WIDTH="83" VPOS="2226" HPOS="1287"/>
<SP HEIGHT="71" WIDTH="28" VPOS="2226" HPOS="1371"/>
<String LANG="fr" CONTENT="Elie" HEIGHT="58" WIDTH="138" VPOS="2225" HPOS="1400"/>
<SP HEIGHT="57" WIDTH="31" VPOS="2226" HPOS="1539"/>
<String LANG="fr" CS="1" CONTENT="Faure;" HEIGHT="57" WIDTH="206" VPOS="2226" HPOS="1571"/>
<SP HEIGHT="52" WIDTH="33" VPOS="2246" HPOS="1810"/>
<String LANG="en-US" CONTENT="authorized" HEIGHT="134" WIDTH="1968" VPOS="2227" HPOS="105"/>
</TextLine>
<TextLine HEIGHT="71" WIDTH="1817" VPOS="2302" HPOS="278" CS="1">
<String CONTENT="translation" HEIGHT="58" WIDTH="378" VPOS="2302" HPOS="278"/>
<SP HEIGHT="56" WIDTH="32" VPOS="2303" HPOS="657"/>
<String CONTENT="by" HEIGHT="70" WIDTH="81" VPOS="2303" HPOS="690"/>
<SP HEIGHT="70" WIDTH="36" VPOS="2303" HPOS="772"/>
<String CONTENT="John" HEIGHT="57" WIDTH="168" VPOS="2303" HPOS="809"/>
<SP HEIGHT="58" WIDTH="38" VPOS="2302" HPOS="978"/>
<String CONTENT="Gould" HEIGHT="58" WIDTH="202" VPOS="2302" HPOS="1017"/>
<SP HEIGHT="57" WIDTH="35" VPOS="2303" HPOS="1220"/>
<String CONTENT="Fletcher" HEIGHT="57" WIDTH="293" VPOS="2303" HPOS="1256"/>
<SP HEIGHT="40" WIDTH="39" VPOS="2322" HPOS="1550"/>
<String CS="1" CONTENT="&#8230;"/>
<SP HEIGHT="57" WIDTH="80" VPOS="2304" HPOS="1653"/>
<String CONTENT="New" HEIGHT="57" WIDTH="150" VPOS="2304" HPOS="1734"/>
<SP HEIGHT="57" WIDTH="36" VPOS="2304" HPOS="1885"/>
<String CONTENT="York" HEIGHT="57" WIDTH="173" VPOS="2304" HPOS="1922"/>
</TextLine>
<TextLine HEIGHT="72" WIDTH="1341" VPOS="2380" HPOS="106">
<String CONTENT="and" HEIGHT="56" WIDTH="122" VPOS="2382" HPOS="106"/>
<SP HEIGHT="56" WIDTH="29" VPOS="2382" HPOS="229"/>
<String CONTENT="London," HEIGHT="71" WIDTH="276" VPOS="2381" HPOS="259"/>
<SP HEIGHT="72" WIDTH="33" VPOS="2380" HPOS="536"/>
<String CONTENT="Harper" HEIGHT="71" WIDTH="253" VPOS="2380" HPOS="570"/>
<SP HEIGHT="55" WIDTH="32" VPOS="2380" HPOS="824"/>
<String CONTENT="&amp;" HEIGHT="55" WIDTH="47" VPOS="2380" HPOS="857"/>
<SP HEIGHT="56" WIDTH="31" VPOS="2380" HPOS="905"/>
<String CONTENT="brothers," HEIGHT="71" WIDTH="309" VPOS="2380" HPOS="937"/>
<SP HEIGHT="69" WIDTH="35" VPOS="2382" HPOS="1247"/>
<String CONTENT="1926." HEIGHT="55" WIDTH="164" VPOS="2382" HPOS="1283"/>
</TextLine>
<TextLine HEIGHT="54" WIDTH="788" VPOS="2455" HPOS="174" STYLEREFS="StyleId-2FDBB7E2-5CD1-407E-850A-4EAC541BB925-" CS="1">
<String CONTENT="5" HEIGHT="44" WIDTH="24" VPOS="2456" HPOS="174"/>
<SP/>
<String CS="1" CONTENT="p."/>
<SP/>
<String CS="1" CONTENT="l.," HEIGHT="18" WIDTH="9" VPOS="2491" HPOS="331"/>
<SP HEIGHT="52" WIDTH="34" VPOS="2457" HPOS="341"/>
<String CONTENT="158" HEIGHT="44" WIDTH="78" VPOS="2455" HPOS="376"/>
<SP HEIGHT="52" WIDTH="27" VPOS="2456" HPOS="455"/>
<String LANG="fr" CONTENT="p." HEIGHT="38" WIDTH="40" VPOS="2470" HPOS="483"/>
<SP HEIGHT="40" WIDTH="61" VPOS="2458" HPOS="524"/>
<String CONTENT="1" HEIGHT="40" WIDTH="17" VPOS="2458" HPOS="586"/>
<SP HEIGHT="42" WIDTH="34" VPOS="2456" HPOS="604"/>
<String CONTENT="illus." HEIGHT="43" WIDTH="115" VPOS="2456" HPOS="639"/>
<SP HEIGHT="43" WIDTH="56" VPOS="2456" HPOS="755"/>
<String CS="1" CONTENT="22&#189;" HEIGHT="43" WIDTH="56" VPOS="2456" HPOS="812"/>
<String STYLE="superscript" CS="1" CONTENT="cm" HEIGHT="18" WIDTH="14" VPOS="2458" HPOS="901"/>
<String CONTENT="." HEIGHT="8" WIDTH="9" VPOS="2491" HPOS="953"/>
</TextLine>
<TextLine HEIGHT="53" WIDTH="697" VPOS="2511" HPOS="174" STYLEREFS="StyleId-2FDBB7E2-5CD1-407E-850A-4EAC541BB925-">
<String CONTENT="&#8220;First" HEIGHT="43" WIDTH="149" VPOS="2513" HPOS="174"/>
<SP HEIGHT="35" WIDTH="34" VPOS="2521" HPOS="324"/>
<String CONTENT="edition" HEIGHT="44" WIDTH="167" VPOS="2512" HPOS="359"/>
<SP HEIGHT="42" WIDTH="33" VPOS="2513" HPOS="527"/>
<String CONTENT="in" HEIGHT="42" WIDTH="44" VPOS="2513" HPOS="561"/>
<SP HEIGHT="47" WIDTH="34" VPOS="2511" HPOS="606"/>
<String CONTENT="English.&#8221;" HEIGHT="53" WIDTH="230" VPOS="2511" HPOS="641"/>
</TextLine>
<TextLine HEIGHT="54" WIDTH="1651" VPOS="2567" HPOS="441" STYLEREFS="StyleId-2FDBB7E2-5CD1-407E-850A-4EAC541BB925-" CS="1">
<String CS="1" CONTENT="CONTENTS." HEIGHT="7" WIDTH="7" VPOS="2604" HPOS="441"/>
<SP HEIGHT="17" WIDTH="15" VPOS="2594" HPOS="449"/>
<String CONTENT="&#8212;" HEIGHT="4" WIDTH="56" VPOS="2594" HPOS="465"/>
<SP HEIGHT="41" WIDTH="16" VPOS="2569" HPOS="522"/>
<String CONTENT="Preparatory." HEIGHT="50" WIDTH="317" VPOS="2569" HPOS="539"/>
<SP HEIGHT="17" WIDTH="15" VPOS="2593" HPOS="857"/>
<String CONTENT="&#8212;" HEIGHT="5" WIDTH="57" VPOS="2593" HPOS="873"/>
<SP HEIGHT="43" WIDTH="15" VPOS="2568" HPOS="931"/>
<String CONTENT="Of" HEIGHT="43" WIDTH="66" VPOS="2568" HPOS="947"/>
<SP HEIGHT="43" WIDTH="45" VPOS="2568" HPOS="1014"/>
<String CONTENT="civilization." HEIGHT="44" WIDTH="285" VPOS="2567" HPOS="1060"/>
<SP HEIGHT="17" WIDTH="14" VPOS="2593" HPOS="1346"/>
<String CONTENT="&#8212;" HEIGHT="5" WIDTH="57" VPOS="2593" HPOS="1361"/>
<SP HEIGHT="44" WIDTH="13" VPOS="2567" HPOS="1419"/>
<String CONTENT="Tragedy," HEIGHT="54" WIDTH="227" VPOS="2567" HPOS="1433"/>
<SP HEIGHT="37" WIDTH="42" VPOS="2584" HPOS="1661"/>
<String CONTENT="mother" HEIGHT="43" WIDTH="177" VPOS="2569" HPOS="1704"/>
<SP HEIGHT="30" WIDTH="42" VPOS="2583" HPOS="1882"/>
<String CONTENT="of" HEIGHT="43" WIDTH="49" VPOS="2570" HPOS="1925"/>
<SP HEIGHT="42" WIDTH="43" VPOS="2570" HPOS="1975"/>
<String CONTENT="the" HEIGHT="43" WIDTH="73" VPOS="2569" HPOS="2019"/>
</TextLine>
<TextLine HEIGHT="55" WIDTH="1989" VPOS="2623" HPOS="104" STYLEREFS="StyleId-2FDBB7E2-5CD1-407E-850A-4EAC541BB925-">
<String CONTENT="arts.&#8212;On" HEIGHT="43" WIDTH="242" VPOS="2626" HPOS="104"/>
<SP HEIGHT="35" WIDTH="24" VPOS="2632" HPOS="347"/>
<String CONTENT="the" HEIGHT="43" WIDTH="73" VPOS="2625" HPOS="372"/>
<SP HEIGHT="43" WIDTH="27" VPOS="2625" HPOS="446"/>
<String CONTENT="immorality" HEIGHT="52" WIDTH="273" VPOS="2624" HPOS="474"/>
<SP HEIGHT="36" WIDTH="27" VPOS="2640" HPOS="748"/>
<String CONTENT="of" HEIGHT="43" WIDTH="51" VPOS="2624" HPOS="776"/>
<SP HEIGHT="43" WIDTH="24" VPOS="2624" HPOS="828"/>
<String CONTENT="the" HEIGHT="43" WIDTH="74" VPOS="2624" HPOS="853"/>
<SP HEIGHT="51" WIDTH="25" VPOS="2624" HPOS="928"/>
<String CONTENT="just" HEIGHT="51" WIDTH="95" VPOS="2624" HPOS="954"/>
<SP HEIGHT="35" WIDTH="26" VPOS="2631" HPOS="1050"/>
<String CONTENT="man.&#8212;The" HEIGHT="43" WIDTH="274" VPOS="2624" HPOS="1077"/>
<SP HEIGHT="41" WIDTH="29" VPOS="2626" HPOS="1352"/>
<String CONTENT="Holy" HEIGHT="52" WIDTH="126" VPOS="2625" HPOS="1382"/>
<SP HEIGHT="54" WIDTH="30" VPOS="2623" HPOS="1509"/>
<String CONTENT="Spirit.&#8212;The" HEIGHT="54" WIDTH="310" VPOS="2623" HPOS="1540"/>
<SP HEIGHT="29" WIDTH="30" VPOS="2639" HPOS="1851"/>
<String CONTENT="morality" HEIGHT="54" WIDTH="211" VPOS="2624" HPOS="1882"/>
</TextLine>
<TextLine HEIGHT="55" WIDTH="1989" VPOS="2679" HPOS="103" STYLEREFS="StyleId-2FDBB7E2-5CD1-407E-850A-4EAC541BB925-">
<String CONTENT="of" HEIGHT="43" WIDTH="51" VPOS="2682" HPOS="103"/>
<SP HEIGHT="42" WIDTH="34" VPOS="2682" HPOS="155"/>
<String CONTENT="art.&#8212;Cleon" HEIGHT="45" WIDTH="285" VPOS="2680" HPOS="190"/>
<SP HEIGHT="29" WIDTH="34" VPOS="2695" HPOS="476"/>
<String CONTENT="on" HEIGHT="28" WIDTH="56" VPOS="2696" HPOS="511"/>
<SP HEIGHT="42" WIDTH="38" VPOS="2681" HPOS="568"/>
<String CONTENT="Parnassus.&#8212;The" HEIGHT="44" WIDTH="426" VPOS="2679" HPOS="607"/>
<SP HEIGHT="28" WIDTH="37" VPOS="2695" HPOS="1034"/>
<String CONTENT="eye" HEIGHT="37" WIDTH="77" VPOS="2695" HPOS="1072"/>
<SP HEIGHT="28" WIDTH="37" VPOS="2695" HPOS="1150"/>
<String CONTENT="of" HEIGHT="43" WIDTH="52" VPOS="2680" HPOS="1188"/>
<SP HEIGHT="43" WIDTH="37" VPOS="2680" HPOS="1241"/>
<String CONTENT="the" HEIGHT="43" WIDTH="76" VPOS="2680" HPOS="1279"/>
<SP HEIGHT="28" WIDTH="35" VPOS="2695" HPOS="1356"/>
<String CONTENT="master.&#8212;A" HEIGHT="43" WIDTH="284" VPOS="2681" HPOS="1392"/>
<SP HEIGHT="53" WIDTH="35" VPOS="2681" HPOS="1677"/>
<String CONTENT="plea" HEIGHT="51" WIDTH="100" VPOS="2683" HPOS="1713"/>
<SP HEIGHT="44" WIDTH="38" VPOS="2681" HPOS="1814"/>
<String CONTENT="for" HEIGHT="44" WIDTH="75" VPOS="2681" HPOS="1853"/>
<SP HEIGHT="35" WIDTH="36" VPOS="2688" HPOS="1929"/>
<String CONTENT="three" HEIGHT="44" WIDTH="126" VPOS="2681" HPOS="1966"/>
</TextLine>
<TextLine HEIGHT="43" WIDTH="241" VPOS="2737" HPOS="102" STYLEREFS="StyleId-2FDBB7E2-5CD1-407E-850A-4EAC541BB925-">
<String CONTENT="criminals." HEIGHT="43" WIDTH="241" VPOS="2737" HPOS="102"/>
</TextLine>
<TextLine HEIGHT="54" WIDTH="1902" VPOS="2791" HPOS="104" STYLEREFS="StyleId-2FDBB7E2-5CD1-407E-850A-4EAC541BB925-">
<String CONTENT="&#169;" HEIGHT="53" WIDTH="53" VPOS="2791" HPOS="104"/>
<SP HEIGHT="53" WIDTH="28" VPOS="2791" HPOS="158"/>
<String CONTENT="Mar." HEIGHT="42" WIDTH="117" VPOS="2794" HPOS="187"/>
<SP HEIGHT="41" WIDTH="32" VPOS="2795" HPOS="305"/>
<String CONTENT="11," HEIGHT="49" WIDTH="62" VPOS="2794" HPOS="338"/>
<SP HEIGHT="50" WIDTH="31" VPOS="2793" HPOS="401"/>
<String CONTENT="1926;" HEIGHT="52" WIDTH="127" VPOS="2792" HPOS="433"/>
<SP HEIGHT="51" WIDTH="29" VPOS="2793" HPOS="561"/>
<String CONTENT="2c." HEIGHT="42" WIDTH="63" VPOS="2793" HPOS="591"/>
<SP HEIGHT="42" WIDTH="30" VPOS="2793" HPOS="655"/>
<String CONTENT="Mar." HEIGHT="42" WIDTH="119" VPOS="2793" HPOS="686"/>
<SP HEIGHT="40" WIDTH="32" VPOS="2794" HPOS="806"/>
<String CONTENT="10;" HEIGHT="52" WIDTH="73" VPOS="2791" HPOS="839"/>
<SP HEIGHT="37" WIDTH="31" VPOS="2806" HPOS="913"/>
<String CONTENT="aff." HEIGHT="43" WIDTH="78" VPOS="2792" HPOS="945"/>
<SP HEIGHT="42" WIDTH="30" VPOS="2793" HPOS="1024"/>
<String CONTENT="Mar." HEIGHT="42" WIDTH="118" VPOS="2793" HPOS="1055"/>
<SP HEIGHT="43" WIDTH="31" VPOS="2792" HPOS="1174"/>
<String CONTENT="13;" HEIGHT="52" WIDTH="74" VPOS="2792" HPOS="1206"/>
<SP HEIGHT="52" WIDTH="32" VPOS="2792" HPOS="1281"/>
<!-- cceid FCA61B95-6E1A-1014-9B7B-CA07F191E62B --><String CONTENT="A" HEIGHT="42" WIDTH="43" VPOS="2792" HPOS="1314"/>
<SP HEIGHT="45" WIDTH="25" VPOS="2792" HPOS="1358"/>
<String CONTENT="883615;" HEIGHT="53" WIDTH="190" VPOS="2791" HPOS="1384"/>
<SP HEIGHT="51" WIDTH="31" VPOS="2793" HPOS="1575"/>
<String CONTENT="Harper" HEIGHT="52" WIDTH="183" VPOS="2793" HPOS="1607"/>
<SP HEIGHT="43" WIDTH="28" VPOS="2793" HPOS="1791"/>
<String CONTENT="&amp;" HEIGHT="43" WIDTH="37" VPOS="2793" HPOS="1820"/>
<SP HEIGHT="43" WIDTH="29" VPOS="2793" HPOS="1858"/>
<String CONTENT="bros." HEIGHT="42" WIDTH="118" VPOS="2794" HPOS="1888"/>
</TextLine>
<TextLine HEIGHT="55" WIDTH="241" VPOS="2848" HPOS="183" STYLEREFS="StyleId-2FDBB7E2-5CD1-407E-850A-4EAC541BB925-">
<String CONTENT="(26-6378)" HEIGHT="55" WIDTH="241" VPOS="2848" HPOS="183"/>
</TextLine>
<TextLine HEIGHT="73" WIDTH="843" VPOS="2932" HPOS="105" STYLEREFS="StyleId-AFD3158F-5399-41F4-94FF-1A34AFEF05AA-">
<String CONTENT="Ferris," HEIGHT="73" WIDTH="229" VPOS="2932" HPOS="105"/>
<SP HEIGHT="71" WIDTH="35" VPOS="2934" HPOS="335"/>
<String CONTENT="Forrest" HEIGHT="57" WIDTH="254" VPOS="2934" HPOS="371"/>
<SP HEIGHT="59" WIDTH="29" VPOS="2933" HPOS="626"/>
<String CONTENT="G," HEIGHT="72" WIDTH="69" VPOS="2933" HPOS="656"/>
<SP HEIGHT="68" WIDTH="32" VPOS="2937" HPOS="726"/>
<String CONTENT="1860-" HEIGHT="56" WIDTH="189" VPOS="2935" HPOS="759"/>
</TextLine>
<TextLine HEIGHT="150" WIDTH="1962" VPOS="3021" HPOS="106" CS="1">
<String CONTENT="The" HEIGHT="57" WIDTH="129" VPOS="3023" HPOS="182"/>
<SP HEIGHT="58" WIDTH="35" VPOS="3022" HPOS="312"/>
<String CONTENT="law" HEIGHT="57" WIDTH="117" VPOS="3022" HPOS="348"/>
<SP HEIGHT="38" WIDTH="35" VPOS="3041" HPOS="466"/>
<String CONTENT="of" HEIGHT="57" WIDTH="67" VPOS="3022" HPOS="502"/>
<SP HEIGHT="57" WIDTH="33" VPOS="3022" HPOS="570"/>
<String CONTENT="extraordinary" HEIGHT="71" WIDTH="484" VPOS="3022" HPOS="604"/>
<SP HEIGHT="70" WIDTH="31" VPOS="3023" HPOS="1089"/>
<String CONTENT="legal" HEIGHT="73" WIDTH="164" VPOS="3021" HPOS="1121"/>
<SP HEIGHT="57" WIDTH="34" VPOS="3021" HPOS="1286"/>
<String CONTENT="remedies;" HEIGHT="73" WIDTH="334" VPOS="3021" HPOS="1321"/>
<SP HEIGHT="71" WIDTH="37" VPOS="3023" HPOS="1656"/>
<String CONTENT="habeas" HEIGHT="58" WIDTH="231" VPOS="3023" HPOS="1694"/>
<SP HEIGHT="39" WIDTH="37" VPOS="3042" HPOS="1926"/>
<String CONTENT="corpus," HEIGHT="129" WIDTH="1962" VPOS="3042" HPOS="106"/>
</TextLine>
<TextLine HEIGHT="149" WIDTH="1963" VPOS="3099" HPOS="105" CS="1">
<String CONTENT="quo" HEIGHT="54" WIDTH="119" VPOS="3118" HPOS="282"/>
<SP HEIGHT="38" WIDTH="42" VPOS="3118" HPOS="402"/>
<String CONTENT="warranto," HEIGHT="69" WIDTH="335" VPOS="3102" HPOS="445"/>
<SP HEIGHT="52" WIDTH="45" VPOS="3119" HPOS="781"/>
<String CONTENT="certiorari," HEIGHT="72" WIDTH="348" VPOS="3099" HPOS="827"/>
<SP HEIGHT="52" WIDTH="41" VPOS="3119" HPOS="1176"/>
<String CONTENT="mandamus," HEIGHT="71" WIDTH="388" VPOS="3100" HPOS="1218"/>
<SP HEIGHT="52" WIDTH="44" VPOS="3119" HPOS="1607"/>
<String CONTENT="and" HEIGHT="56" WIDTH="124" VPOS="3101" HPOS="1652"/>
<SP HEIGHT="70" WIDTH="41" VPOS="3101" HPOS="1777"/>
<String CONTENT="prohibition," HEIGHT="148" WIDTH="1963" VPOS="3100" HPOS="105"/>
</TextLine>
<TextLine HEIGHT="73" WIDTH="1736" VPOS="3176" HPOS="289" CS="1">
<String CONTENT="by" HEIGHT="70" WIDTH="82" VPOS="3178" HPOS="289"/>
<SP HEIGHT="71" WIDTH="33" VPOS="3177" HPOS="372"/>
<String CONTENT="Forrest" HEIGHT="57" WIDTH="263" VPOS="3177" HPOS="406"/>
<SP HEIGHT="59" WIDTH="31" VPOS="3176" HPOS="670"/>
<String CONTENT="G." HEIGHT="59" WIDTH="69" VPOS="3176" HPOS="702"/>
<SP HEIGHT="56" WIDTH="34" VPOS="3176" HPOS="772"/>
<String CONTENT="Ferris" HEIGHT="58" WIDTH="218" VPOS="3176" HPOS="807"/>
<SP HEIGHT="39" WIDTH="36" VPOS="3195" HPOS="1026"/>
<String CONTENT="and" HEIGHT="57" WIDTH="124" VPOS="3177" HPOS="1063"/>
<SP HEIGHT="58" WIDTH="32" VPOS="3176" HPOS="1188"/>
<String CONTENT="Forrest" HEIGHT="58" WIDTH="263" VPOS="3176" HPOS="1221"/>
<SP HEIGHT="59" WIDTH="35" VPOS="3176" HPOS="1485"/>
<String CONTENT="G." HEIGHT="59" WIDTH="69" VPOS="3176" HPOS="1521"/>
<SP HEIGHT="55" WIDTH="36" VPOS="3177" HPOS="1591"/>
<String CONTENT="Ferris," HEIGHT="72" WIDTH="234" VPOS="3177" HPOS="1628"/>
<SP HEIGHT="73" WIDTH="36" VPOS="3176" HPOS="1863"/>
<String CONTENT="jr." HEIGHT="73" WIDTH="81" VPOS="3176" HPOS="1900"/>
<SP HEIGHT="11" WIDTH="43" VPOS="3224" HPOS="1982"/>
<String CS="1" CONTENT="&#8230;"/>
</TextLine>
<TextLine HEIGHT="74" WIDTH="1687" VPOS="3253" HPOS="107">
<String CONTENT="St." HEIGHT="59" WIDTH="89" VPOS="3254" HPOS="107"/>
<SP HEIGHT="56" WIDTH="29" VPOS="3254" HPOS="197"/>
<String CONTENT="Louis," HEIGHT="71" WIDTH="209" VPOS="3254" HPOS="227"/>
<SP HEIGHT="71" WIDTH="29" VPOS="3254" HPOS="437"/>
<String CONTENT="Mo.," HEIGHT="72" WIDTH="142" VPOS="3254" HPOS="467"/>
<SP HEIGHT="71" WIDTH="30" VPOS="3255" HPOS="610"/>
<String CONTENT="Thomas" HEIGHT="57" WIDTH="269" VPOS="3254" HPOS="641"/>
<SP HEIGHT="56" WIDTH="29" VPOS="3255" HPOS="911"/>
<String CONTENT="law" HEIGHT="55" WIDTH="118" VPOS="3255" HPOS="941"/>
<SP HEIGHT="57" WIDTH="25" VPOS="3254" HPOS="1060"/>
<String CONTENT="book" HEIGHT="58" WIDTH="160" VPOS="3253" HPOS="1086"/>
<SP HEIGHT="57" WIDTH="27" VPOS="3253" HPOS="1247"/>
<String CONTENT="company," HEIGHT="55" WIDTH="321" VPOS="3272" HPOS="1275"/>
<SP HEIGHT="71" WIDTH="32" VPOS="3256" HPOS="1597"/>
<String CONTENT="1926." HEIGHT="57" WIDTH="164" VPOS="3254" HPOS="1630"/>
</TextLine>
<TextLine HEIGHT="54" WIDTH="594" VPOS="3330" HPOS="171" STYLEREFS="StyleId-2FDBB7E2-5CD1-407E-850A-4EAC541BB925-" CS="1">
<String CONTENT="2" HEIGHT="42" WIDTH="28" VPOS="3331" HPOS="171"/>
<SP HEIGHT="52" WIDTH="24" VPOS="3331" HPOS="200"/>
<String CONTENT="p." HEIGHT="38" WIDTH="28" VPOS="3345" HPOS="225"/>
<SP HEIGHT="52" WIDTH="42" VPOS="3331" HPOS="254"/>
<String CS="1" CONTENT="l.," HEIGHT="17" WIDTH="23" VPOS="3365" HPOS="316"/>
<SP HEIGHT="52" WIDTH="27" VPOS="3330" HPOS="340"/>
<String CONTENT="7-531" HEIGHT="44" WIDTH="131" VPOS="3330" HPOS="368"/>
<SP HEIGHT="53" WIDTH="31" VPOS="3331" HPOS="500"/>
<String CONTENT="p." HEIGHT="38" WIDTH="38" VPOS="3346" HPOS="532"/>
<SP HEIGHT="44" WIDTH="57" VPOS="3330" HPOS="571"/>
<String CS="1" CONTENT="22&#189;" HEIGHT="44" WIDTH="52" VPOS="3330" HPOS="629"/>
<String STYLE="superscript" CONTENT="cm" HEIGHT="18" WIDTH="47" VPOS="3333" HPOS="718"/>
</TextLine>
<TextLine HEIGHT="54" WIDTH="1987" VPOS="3384" HPOS="103" STYLEREFS="StyleId-2FDBB7E2-5CD1-407E-850A-4EAC541BB925-">
<String CONTENT="&#169;" HEIGHT="53" WIDTH="53" VPOS="3385" HPOS="103"/>
<SP HEIGHT="53" WIDTH="27" VPOS="3385" HPOS="157"/>
<String CONTENT="Mar." HEIGHT="42" WIDTH="117" VPOS="3388" HPOS="185"/>
<SP HEIGHT="41" WIDTH="29" VPOS="3389" HPOS="303"/>
<String CONTENT="11," HEIGHT="49" WIDTH="62" VPOS="3388" HPOS="333"/>
<SP HEIGHT="50" WIDTH="29" VPOS="3387" HPOS="396"/>
<String CONTENT="1926;" HEIGHT="52" WIDTH="126" VPOS="3386" HPOS="426"/>
<SP HEIGHT="51" WIDTH="26" VPOS="3387" HPOS="553"/>
<String CONTENT="2c." HEIGHT="42" WIDTH="65" VPOS="3387" HPOS="580"/>
<SP HEIGHT="28" WIDTH="24" VPOS="3401" HPOS="646"/>
<String CONTENT="and" HEIGHT="42" WIDTH="88" VPOS="3387" HPOS="671"/>
<SP HEIGHT="42" WIDTH="27" VPOS="3387" HPOS="760"/>
<String CONTENT="aff." HEIGHT="42" WIDTH="78" VPOS="3387" HPOS="788"/>
<SP HEIGHT="42" WIDTH="26" VPOS="3387" HPOS="867"/>
<String CONTENT="Mar." HEIGHT="42" WIDTH="119" VPOS="3387" HPOS="894"/>
<SP HEIGHT="42" WIDTH="30" VPOS="3387" HPOS="1014"/>
<String CONTENT="15;" HEIGHT="52" WIDTH="74" VPOS="3385" HPOS="1045"/>
<SP HEIGHT="51" WIDTH="31" VPOS="3386" HPOS="1120"/>
<!-- cceid FCA6A53D-6E1A-1014-9B7B-CA07F191E62B --><String CONTENT="A" HEIGHT="42" WIDTH="43" VPOS="3386" HPOS="1152"/>
<SP HEIGHT="43" WIDTH="26" VPOS="3386" HPOS="1196"/>
<String CONTENT="879849;" HEIGHT="52" WIDTH="188" VPOS="3385" HPOS="1223"/>
<SP HEIGHT="53" WIDTH="30" VPOS="3384" HPOS="1412"/>
<String LANG="fr" CONTENT="F." HEIGHT="45" WIDTH="50" VPOS="3384" HPOS="1443"/>
<SP HEIGHT="46" WIDTH="30" VPOS="3385" HPOS="1494"/>
<String CONTENT="G." HEIGHT="46" WIDTH="51" VPOS="3385" HPOS="1525"/>
<SP HEIGHT="44" WIDTH="30" VPOS="3385" HPOS="1577"/>
<String CONTENT="Ferris" HEIGHT="45" WIDTH="151" VPOS="3385" HPOS="1608"/>
<SP HEIGHT="29" WIDTH="28" VPOS="3401" HPOS="1760"/>
<String CONTENT="and" HEIGHT="43" WIDTH="86" VPOS="3386" HPOS="1789"/>
<SP HEIGHT="44" WIDTH="26" VPOS="3385" HPOS="1876"/>
<String CONTENT="Forrest" HEIGHT="44" WIDTH="187" VPOS="3385" HPOS="1903"/>
</TextLine>
<TextLine HEIGHT="55" WIDTH="936" VPOS="3441" HPOS="176" STYLEREFS="StyleId-2FDBB7E2-5CD1-407E-850A-4EAC541BB925-">
<String CONTENT="G." HEIGHT="46" WIDTH="50" VPOS="3441" HPOS="176"/>
<SP HEIGHT="44" WIDTH="30" VPOS="3442" HPOS="227"/>
<String CONTENT="Ferris," HEIGHT="51" WIDTH="165" VPOS="3442" HPOS="258"/>
<SP HEIGHT="52" WIDTH="27" VPOS="3443" HPOS="424"/>
<String CONTENT="jr.," HEIGHT="52" WIDTH="71" VPOS="3443" HPOS="452"/>
<SP HEIGHT="53" WIDTH="31" VPOS="3441" HPOS="524"/>
<String CONTENT="St." HEIGHT="47" WIDTH="63" VPOS="3441" HPOS="556"/>
<SP HEIGHT="42" WIDTH="31" VPOS="3443" HPOS="620"/>
<String CONTENT="Louis." HEIGHT="43" WIDTH="149" VPOS="3442" HPOS="652"/>
<SP HEIGHT="53" WIDTH="67" VPOS="3443" HPOS="802"/>
<String CONTENT="(26-6616)" HEIGHT="54" WIDTH="242" VPOS="3442" HPOS="870"/>
</TextLine>
<TextLine HEIGHT="74" WIDTH="1070" VPOS="3525" HPOS="102">
<String CONTENT="Fletcher," HEIGHT="72" WIDTH="302" VPOS="3526" HPOS="102"/>
<SP HEIGHT="71" WIDTH="41" VPOS="3527" HPOS="405"/>
<String CONTENT="Joseph" HEIGHT="72" WIDTH="236" VPOS="3527" HPOS="447"/>
<SP HEIGHT="57" WIDTH="36" VPOS="3527" HPOS="684"/>
<String CONTENT="Smith," HEIGHT="73" WIDTH="222" VPOS="3525" HPOS="721"/>
<SP HEIGHT="68" WIDTH="40" VPOS="3530" HPOS="944"/>
<String CONTENT="1863-" HEIGHT="55" WIDTH="187" VPOS="3529" HPOS="985"/>
</TextLine>
<TextLine HEIGHT="72" WIDTH="1906" VPOS="3616" HPOS="182">
<String CONTENT="The" HEIGHT="56" WIDTH="127" VPOS="3617" HPOS="182"/>
<SP HEIGHT="57" WIDTH="26" VPOS="3616" HPOS="310"/>
<String CONTENT="Kang-he" HEIGHT="71" WIDTH="290" VPOS="3616" HPOS="337"/>
<SP HEIGHT="38" WIDTH="25" VPOS="3635" HPOS="628"/>
<String CONTENT="vase," HEIGHT="53" WIDTH="167" VPOS="3635" HPOS="654"/>
<SP HEIGHT="71" WIDTH="25" VPOS="3617" HPOS="822"/>
<String CONTENT="by" HEIGHT="70" WIDTH="83" VPOS="3617" HPOS="848"/>
<SP HEIGHT="70" WIDTH="23" VPOS="3617" HPOS="932"/>
<String LANG="fr" CONTENT="J." HEIGHT="57" WIDTH="60" VPOS="3617" HPOS="956"/>
<SP HEIGHT="57" WIDTH="30" VPOS="3616" HPOS="1017"/>
<String CONTENT="S." HEIGHT="57" WIDTH="61" VPOS="3616" HPOS="1048"/>
<SP HEIGHT="55" WIDTH="27" VPOS="3617" HPOS="1110"/>
<String CONTENT="Fletcher." HEIGHT="56" WIDTH="307" VPOS="3617" HPOS="1138"/>
<SP HEIGHT="55" WIDTH="67" VPOS="3618" HPOS="1446"/>
<String CONTENT="New" HEIGHT="55" WIDTH="148" VPOS="3618" HPOS="1514"/>
<SP HEIGHT="57" WIDTH="25" VPOS="3616" HPOS="1663"/>
<String CONTENT="York," HEIGHT="71" WIDTH="190" VPOS="3616" HPOS="1689"/>
<SP HEIGHT="71" WIDTH="27" VPOS="3616" HPOS="1880"/>
<String CONTENT="A." HEIGHT="57" WIDTH="76" VPOS="3616" HPOS="1908"/>
<SP HEIGHT="56" WIDTH="28" VPOS="3617" HPOS="1985"/>
<String CONTENT="A." HEIGHT="56" WIDTH="74" VPOS="3617" HPOS="2014"/>
</TextLine>
<TextLine HEIGHT="72" WIDTH="444" VPOS="3694" HPOS="100">
<String CONTENT="Knopf," HEIGHT="72" WIDTH="241" VPOS="3694" HPOS="100"/>
<SP HEIGHT="70" WIDTH="36" VPOS="3696" HPOS="342"/>
<String CONTENT="1926." HEIGHT="55" WIDTH="165" VPOS="3695" HPOS="379"/>
</TextLine>
<TextLine HEIGHT="52" WIDTH="409" VPOS="3770" HPOS="172" STYLEREFS="StyleId-2FDBB7E2-5CD1-407E-850A-4EAC541BB925-" CS="1">
<String LANG="en-US" CONTENT="310" HEIGHT="42" WIDTH="81" VPOS="3771" HPOS="172"/>
<SP HEIGHT="51" WIDTH="26" VPOS="3771" HPOS="254"/>
<String LANG="fr" CONTENT="p.," HEIGHT="38" WIDTH="53" VPOS="3784" HPOS="281"/>
<SP HEIGHT="51" WIDTH="32" VPOS="3771" HPOS="335"/>
<String LANG="en-US" CONTENT="1" HEIGHT="42" WIDTH="17" VPOS="3771" HPOS="368"/>
<SP HEIGHT="42" WIDTH="33" VPOS="3771" HPOS="386"/>
<String LANG="en-US" CS="1" CONTENT="l"/>
<SP HEIGHT="43" WIDTH="60" VPOS="3770" HPOS="448"/>
<String LANG="en-US" CONTENT="19" HEIGHT="43" WIDTH="49" VPOS="3770" HPOS="509"/>
<String STYLE="superscript" LANG="en-US" CS="1" CONTENT="cm" HEIGHT="18" WIDTH="14" VPOS="3772" HPOS="567"/>
</TextLine>
<TextLine HEIGHT="109" WIDTH="1965" VPOS="3824" HPOS="102" STYLEREFS="StyleId-2FDBB7E2-5CD1-407E-850A-4EAC541BB925-" CS="1">
<String CONTENT="&#169;" HEIGHT="53" WIDTH="55" VPOS="3824" HPOS="102"/>
<SP HEIGHT="53" WIDTH="36" VPOS="3824" HPOS="158"/>
<String CONTENT="Mar." HEIGHT="41" WIDTH="119" VPOS="3828" HPOS="195"/>
<SP HEIGHT="40" WIDTH="38" VPOS="3828" HPOS="315"/>
<String CONTENT="12," HEIGHT="50" WIDTH="63" VPOS="3827" HPOS="354"/>
<SP HEIGHT="49" WIDTH="35" VPOS="3828" HPOS="418"/>
<String CONTENT="1926;" HEIGHT="52" WIDTH="128" VPOS="3825" HPOS="454"/>
<SP HEIGHT="50" WIDTH="36" VPOS="3827" HPOS="583"/>
<String CONTENT="2c." HEIGHT="42" WIDTH="63" VPOS="3827" HPOS="620"/>
<SP HEIGHT="29" WIDTH="36" VPOS="3840" HPOS="684"/>
<String CONTENT="and" HEIGHT="42" WIDTH="87" VPOS="3827" HPOS="721"/>
<SP HEIGHT="42" WIDTH="33" VPOS="3827" HPOS="809"/>
<String CONTENT="aff." HEIGHT="43" WIDTH="78" VPOS="3826" HPOS="843"/>
<SP HEIGHT="42" WIDTH="37" VPOS="3827" HPOS="922"/>
<String CONTENT="Mar." HEIGHT="42" WIDTH="118" VPOS="3827" HPOS="960"/>
<SP HEIGHT="42" WIDTH="34" VPOS="3826" HPOS="1079"/>
<String CONTENT="20;" HEIGHT="51" WIDTH="76" VPOS="3826" HPOS="1114"/>
<SP HEIGHT="51" WIDTH="40" VPOS="3826" HPOS="1191"/>
<!-- cceid FCA72775-6E1A-1014-9B7B-CA07F191E62B --><String CONTENT="A" HEIGHT="42" WIDTH="43" VPOS="3826" HPOS="1232"/>
<SP HEIGHT="43" WIDTH="35" VPOS="3825" HPOS="1276"/>
<String CONTENT="883712;" HEIGHT="53" WIDTH="188" VPOS="3824" HPOS="1312"/>
<SP HEIGHT="51" WIDTH="38" VPOS="3827" HPOS="1501"/>
<String CS="1" CONTENT="J"/>
<SP HEIGHT="47" WIDTH="39" VPOS="3824" HPOS="1581"/>
<String CONTENT="S." HEIGHT="47" WIDTH="43" VPOS="3824" HPOS="1621"/>
<SP HEIGHT="44" WIDTH="37" VPOS="3825" HPOS="1665"/>
<String CONTENT="Fletcher," HEIGHT="54" WIDTH="225" VPOS="3824" HPOS="1703"/>
<SP HEIGHT="51" WIDTH="37" VPOS="3827" HPOS="1929"/>
<String CONTENT="Midharbour," HEIGHT="109" WIDTH="1894" VPOS="3824" HPOS="173"/>
</TextLine>
<TextLine HEIGHT="56" WIDTH="1337" VPOS="3880" HPOS="413" STYLEREFS="StyleId-2FDBB7E2-5CD1-407E-850A-4EAC541BB925-" CS="1">
<String CONTENT="Nutbourne," HEIGHT="51" WIDTH="281" VPOS="3882" HPOS="413"/>
<SP HEIGHT="53" WIDTH="28" VPOS="3880" HPOS="695"/>
<String CONTENT="Emsworth," HEIGHT="54" WIDTH="272" VPOS="3880" HPOS="724"/>
<SP HEIGHT="51" WIDTH="28" VPOS="3883" HPOS="997"/>
<String CONTENT="Hants," HEIGHT="50" WIDTH="163" VPOS="3883" HPOS="1026"/>
<SP HEIGHT="53" WIDTH="29" VPOS="3880" HPOS="1190"/>
<String CONTENT="England." HEIGHT="54" WIDTH="219" VPOS="3880" HPOS="1220"/>
<SP/>
<String CONTENT="(26-6639)" HEIGHT="54" WIDTH="241" VPOS="3882" HPOS="1509"/>
</TextLine>
</TextBlock>
</PrintSpace>
</Page>
</Layout>
</alto>