2542 4285
1057 4035 109 59 567

190 530 927 56 2 p. l., [iii]-iv p., 1 l. , 7-99 p. 22½ cm .
119 589 52 53 ©
197 591 110 50 Apr.
334 588 64 50 20,
432 587 126 53 1926;
586 587 64 43 2c.
680 588 86 42 and
793 588 79 43 aff.
901 588 111 51 May
1041 586 73 52 10;
1145 585 45 43 A
1217 585 188 52 890681;
1437 585 109 42 Dial
1572 600 139 37 press,
1740 587 83 42 inc.
197 643 267 54 (26-11045)

122 741 353 72 Schneider,
520 739 209 73 Philip
772 738 182 69 John,
998 741 189 56 1902-

195 829 291 59 Conflicts
539 828 68 58 of
654 829 149 58 laws
869 826 291 72 (outline)
1222 829 83 68 by
1358 825 210 73 Philip
1624 826 58 60 J.
1743 825 357 70 Schneider,

194 904 1907 74 LL . B. Cincinnati, O., The W. H. Anderson company,
115 985 165 56 1926.

182 1060 27 43 31
263 1074 41 38 p.
362 1060 57 43 22
424 1061 46 18 cm
475 1093 9 8 .

116 1114 57 54 ©
201 1117 112 51 May
343 1114 60 51 15,
438 1116 127 51 1926;
594 1116 64 42 2c.
687 1116 88 42 and
803 1117 78 41 aff.
911 1116 112 51 May
1056 1114 73 53 17;
1160 1115 44 42 A
1234 1114 190 53 890816;
1456 1116 74 43 W.
1563 1116 61 42 H.
1654 1115 240 44 Anderson
1924 1131 65 28 co.

199 1170 268 56 (26-11074)

120 1270 166 69 Seth,
324 1270 236 73 Joseph
593 1271 69 56 B.

196 1360 445 60 Recollections
682 1363 67 56 of
787 1382 35 36 a
860 1363 147 70 long
1042 1361 113 59 life
1192 1379 79 39 on
1309 1362 102 57 the
1450 1361 275 56 Eastern
1765 1362 215 63 Shore,
2018 1364 84 70 by

120 1438 1980 73 Joseph B. Seth and Mary W. Seth … [Easton, Md.,
120 1515 189 60 Press
343 1518 67 56 of
441 1517 103 58 the
578 1515 512 72 Star-democrat,
1120 1524 20 20 c
1144 1516 163 70 1926]

192 1594 867 51 82 p., 1 l. incl. front., illus. 20 cm .
119 1645 53 53 ©
202 1648 110 50 May
343 1646 61 51 15,
437 1647 127 50 1926;
595 1647 62 41 2c.
687 1648 86 40 and
802 1647 78 41 aff.
911 1647 111 50 May
1054 1646 73 50 18;
1157 1646 43 40 A
1229 1645 190 52 891449;
1451 1647 38 50 J.
1522 1646 50 42 B.
1607 1644 107 46 Seth
1744 1646 87 43 and
1860 1647 136 50 Mary
2026 1648 75 42 W.

188 1702 120 52 Seth,
341 1700 184 54 Easton,
556 1703 95 42 Md.
720 1701 269 54 (26-11006)

118 1800 312 73 Sigerson,
475 1798 273 60 Wilfred
790 1799 161 72 Carl,
997 1802 188 55 1892-

196 1890 226 72 Digest
471 1889 67 57 of
590 1888 371 73 accounting
1013 1888 435 73 organization
1501 1889 122 56 and
1674 1889 294 72 practice,
2021 1891 83 72 by

115 1965 1990 74 Wilfred C. Sigerson … New York, N. Y., Elliott-Fisher
118 2063 304 52 company
457 2075 14 42 [
473 2052 18 22 c
494 2045 163 71 1926]

186 2119 54 45 72
268 2135 40 38 p.
366 2120 28 43 21½
455 2123 47 18 cm
508 2153 9 9 .

111 2174 56 54 ©
198 2177 111 52 Apr.
341 2177 66 50 26,
442 2176 127 53 1926;
602 2176 65 43 2c.
697 2176 88 43 and
816 2177 78 43 aff.
926 2176 112 52 Apr.
1072 2175 76 52 30;
1184 2175 44 42 A
1261 2175 187 53 891410;
1486 2174 346 48 Elliott-Fisher
1863 2191 66 28 co.

195 2231 269 55 (26-10987)

119 2330 405 74 Singmaster,
565 2329 185 70 Elsie,
792 2333 188 56 1879-

197 2420 1839 73 The book of the Constitution, by Elsie Singmaster …
118 2497 1546 69 New York, George H. Doran company [ c 1926]
190 2575 77 43 138
297 2589 40 37 p.
397 2574 135 44 front.
590 2574 54 44 20
650 2578 47 17 cm
703 2610 8 7 .

116 2628 52 54 ©
197 2631 110 52 May
335 2631 63 50 14,
427 2631 126 51 1926;
582 2631 64 42 2c.
674 2631 112 52 May
815 2631 74 51 18;
918 2631 77 42 aff.
1024 2631 112 52 May
1162 2631 75 51 19;
1266 2631 44 42 A
1337 2631 188 52 890821;
1557 2630 178 55 George
1761 2632 61 43 H.
1850 2633 157 42 Doran
2035 2647 64 29 co.

194 2686 269 55 (26-10986)

120 2785 237 71 Smyth,
395 2783 280 60 William
708 2784 249 69 Woods,
999 2788 188 55 1843-

198 2875 129 58 The
365 2874 177 59 truth
580 2876 188 57 about
806 2876 103 57 the
947 2874 224 74 higher
1208 2876 298 57 criticism
1543 2879 121 56 and
1700 2877 399 73 modernism,

116 2952 1963 153 by William Woods Smyth … New York, P. R. Reynolds, 1926.
184 3110 66 52 48,
276 3111 43 43 iv
341 3125 43 38 p.
447 3110 49 44 18
503 3112 46 18 cm
552 3145 11 9 .

117 3163 53 54 ©
204 3166 110 51 Apr.
349 3165 66 51 22,
453 3166 105 42 1926
572 3180 9 36 ;
615 3165 63 43 2c.
714 3166 86 43 and
835 3166 78 42 aff.
950 3166 111 51 May
1101 3166 72 51 12;
1212 3165 44 42 A
1292 3164 188 54 890727;
1518 3167 74 43 W.
1627 3167 75 43 W.
1741 3164 172 55 Smyth,
188 3167 1891 106 Maidstone,
361 3222 134 51 Kent,
528 3219 218 54 England.
815 3221 270 54 (26-10954)

119 3319 309 73 Sweeney,
473 3320 211 57 James
729 3318 265 74 Shirley,
1040 3322 188 56 1896-

196 3410 131 57 The
392 3409 253 57 natural
708 3410 281 57 increase
1059 3410 67 57 of
1191 3410 314 72 mankind,
1573 3409 81 72 by
1720 3410 60 57 J.
1854 3408 248 74 Shirley

116 3486 1963 149 Sweeney … Baltimore, The Williams & Wilkins company, 1926.
191 3639 74 44 185
297 3655 40 37 p.
370 3640 99 43 incl.
503 3640 113 43 illus.
644 3640 152 53 (map)
835 3640 155 44 tables.
1048 3640 54 42 22½
1135 3643 46 17 cm
1188 3675 8 7 .

189 3695 1862 53 “Dissertation … based on work for his doctorate of science in hygiene …
119 3753 43 43 in
196 3752 75 43 the
307 3751 163 44 School
504 3751 49 44 of
584 3751 192 53 hygiene
808 3751 271 53 and public
1114 3751 152 44 health
1303 3751 50 44 of
1389 3751 73 44 the
1497 3750 140 54 Johns
1675 3751 211 52 Hopkins
118 3752 1962 108 university.”—Introd.

190 3863 347 52 Bibliography:
571 3878 40 37 p.
646 3862 199 47 153-158.

119 3917 52 55 ©
199 3921 98 51 Jan.
329 3920 62 49 30,
425 3920 128 56 1926;
584 3920 64 46 2c.
678 3921 85 47 and
795 3921 78 46 aff.
904 3919 108 47 Feb.
1041 3922 51 49 6;
1125 3920 44 42 A
1200 3918 188 53 879503;
1419 3919 228 47 Williams
1680 3921 37 46 &
1747 3920 198 47 Wilkins
1977 3935 66 29 co.

196 3975 269 53 (26-10988)
