2542 4285
1043 4023 112 55 551

120 462 1980 150 by the Right Rev. Thomas J. Shahan … Philadelphia, J. J. MoVey, 1926.
188 618 28 42 2
237 631 40 38 p.
322 651 21 17 l.,
366 615 183 54 vii-xvi,
575 616 75 44 511
679 631 38 38 p.
776 617 55 42 24
837 620 46 17 cm
889 653 9 8 .

191 672 243 44 Published
456 673 97 43 also
575 688 47 28 as
647 672 138 45 thesis
815 674 61 53 (J.
931 709 9 9 C.
994 674 34 53 D.)
1056 672 203 45 Catholic
1283 673 248 54 university
1553 674 50 43 of
1627 676 225 51 America,
1880 676 118 43 1919.

190 729 322 53 Bibliography
528 744 9 29 :
570 744 39 38 p.
633 730 204 44 483-488.

118 784 53 54 ©
204 788 110 51 May
347 788 34 50 1,
415 787 128 51 1926;
573 788 65 42 2c.
670 788 86 42 and
787 788 77 42 aff.
898 788 112 51 May
1044 788 74 50 10;
1152 789 44 41 A
1225 786 189 54 890713;
1449 788 39 52 J.
1521 788 42 51 J.
1597 786 47 45 C.
1679 787 240 54 Petrovits,
187 789 1893 104 Kulpmont,
358 844 78 42 Pa.
503 841 267 55 (26-10651)

118 947 208 69 Pettit,
369 948 217 73 Henry
623 948 207 73 Sloan,
871 951 188 56 1880-

194 1036 276 73 Fidelity
511 1039 122 55 and
678 1041 216 68 surety
934 1039 164 56 bond
1141 1038 221 71 digest,
1404 1039 84 70 by
1529 1038 222 71 Henry
1795 1038 61 61 S.
1902 1040 200 57 Pettit

117 1116 122 57 and
280 1115 183 57 Allen
510 1113 358 75 Caruthers,
913 1115 79 71 jr.
1075 1115 151 56 New
1267 1115 190 70 York,
1504 1117 128 56 The
1676 1116 275 57 Eastern
117 1136 1962 114 underwriter
479 1212 83 37 co.
604 1221 13 42 [
621 1200 18 22 c
641 1193 163 70 1926]

182 1268 539 54 4 p.l., 83 p. 17½ cm .
116 1325 1988 112 “This copy … is distributed by the Standard accident insurance company to its agents as a guide and for their information in the handling of
115 1447 184 36 matters
336 1439 73 43 for
440 1439 74 44 the
546 1438 208 53 Bonding
785 1440 281 50 department
1099 1440 51 41 of
1180 1439 75 42 the
1288 1439 256 52 company.”

186 1496 210 43 Lettered
438 1511 58 28 on
538 1510 134 28 cover
689 1511 8 28 :
746 1495 226 46 Standard
1013 1495 201 43 accident
1258 1494 237 45 insurance
1537 1511 230 38 company,
1812 1498 50 42 of
1906 1497 196 52 Detroit,

115 1551 248 53 Michigan.

114 1605 53 55 ©
200 1609 98 51 Jan.
337 1609 61 51 12,
436 1609 128 51 1926;
599 1609 62 42 2c.
698 1609 87 42 and
818 1609 79 42 aff.
930 1609 98 51 Jan.
1061 1608 79 49 20;
1178 1609 44 41 A
1256 1605 188 56 875960;
1483 1609 61 42 H.
1583 1608 45 47 S.
1665 1609 141 43 Pettit
1841 1611 87 42 and
1961 1610 135 44 Allen

185 1664 259 51 Caruthers,
475 1665 70 51 jr.,
576 1665 116 42 New
723 1665 140 41 York.
933 1663 269 54 (26-10794)

112 1766 286 71 Randall,
444 1768 169 57 John
655 1768 292 70 Herman,
994 1770 188 56 1899-

113 1857 1978 231 The making of the modern mind; a survey of the intellectual background of the present age [by] John Herman Randall, jr. … Boston, New York [etc.] Houghton
113 2089 212 60 Mifflin
352 2111 304 53 company
686 2123 12 43 [
701 2100 18 23 c
723 2094 163 72 1926]

220 2206 10 15 x,
256 2169 80 46 653
362 2186 40 38 p.
461 2172 50 44 21
521 2174 46 18 cm
572 2207 10 9 .

188 2226 331 46 “References”
547 2229 87 42 and
662 2226 232 46 “Selected
924 2229 183 52 reading
1135 2228 127 44 lists”
1290 2236 45 36 at
1362 2230 85 42 end
1473 2229 52 44 of
1552 2237 115 36 most
1695 2230 50 44 of
1772 2230 76 44 the
1876 2231 220 51 chapters.

108 2281 56 53 ©
192 2284 110 51 May
330 2281 37 54 5,
396 2284 129 50 1926;
552 2284 64 42 2c.
645 2284 111 51 May
783 2284 48 51 8;
862 2284 78 44 aff.
970 2285 111 51 May
1109 2283 49 53 7;
1188 2285 44 41 A
1259 2283 163 45 890674
1439 2300 8 36 ;
1478 2286 39 51 J.
1548 2286 61 42 H.
1639 2286 205 51 Randall,
1872 2286 74 53 jr,,
1976 2287 119 44 New

180 2339 141 43 York.
392 2339 267 54 (26-10684)

111 2442 344 72 Razovsky,
498 2442 243 70 Cecilia,
784 2446 188 56 1886-

252 2533 1845 76 … What every woman should know about citizenship,
108 2611 83 72 by
219 2610 228 59 Cecilia
474 2611 343 73 Razovsky.
900 2612 150 57 New
1077 2612 173 57 York
1280 2613 143 71 city,
1450 2612 412 72 Department
1892 2616 68 56 of
106 2615 1967 146 immigrant
416 2688 121 71 aid,
568 2690 298 56 National
897 2690 237 57 council
1168 2690 67 58 of
1266 2691 237 57 Jewish
1536 2711 254 51 women,
1824 2692 165 56 1926.

177 2766 1690 54 46 p. incl. pl. 18½cm. (Advice to immigrants series, number 2)
109 2821 53 54 ©
193 2825 109 51 May
335 2825 35 50 1,
403 2824 128 51 1926;
560 2824 64 42 2c.
657 2824 111 51 May
801 2825 45 50 1;
877 2825 78 41 aff.
988 2825 111 49 May
1127 2823 78 53 25;
1238 2826 44 41 A
1313 2825 188 52 891231;
1535 2825 123 43 Natl,
1688 2825 177 44 council
1896 2825 50 44 of
179 2826 1892 97 Jewish
276 2894 187 37 women,
495 2880 116 43 New
639 2880 142 43 York.
849 2879 269 55 (26-10790)

108 2984 304 72 Redpath,
448 2983 300 59 Beatrice.

185 3062 111 71 Oh,
330 3062 156 58 Miss
522 3062 327 72 Cupidity!

182 3153 79 50 (In
295 3154 144 41 Home
469 3154 254 51 magazine,
756 3155 125 50 May,
917 3154 126 51 1926)

105 3206 1929 56 © 1c. June 15, 1926; A ad int. 8272; pubd. Apr. 18; B. Redpath, London.
108 3321 203 72 Shaw,
355 3320 232 58 Robert
626 3321 286 73 Kendall,
956 3324 188 56 1871-

108 3410 1958 153 Samuel Swett Green, by Robert Kendall Shaw … Chicago, American library association, 1926.
107 3565 1959 113 5 p. l., 3-92, [2] p. pl., 2 port, (incl. front.) 21½cm. (Half-title: American library pioneers, A. E. Bostwick, editor, II)
179 3681 126 44 “One
341 3681 221 44 thousand
597 3683 145 51 copies
776 3683 53 43 of
862 3683 91 43 this
989 3683 120 44 book
1143 3698 118 29 were
1296 3683 178 52 printed
1507 3682 59 53 by
1600 3683 56 44 D.
1695 3683 51 43 B.
1783 3682 192 53 Updike,
2011 3683 75 44 the

109 3738 317 53 Merrymount
455 3753 140 38 press,
629 3739 184 53 Boston,
845 3741 43 42 in
920 3740 148 52 April,
1101 3740 116 50 1926,
1249 3740 52 43 of
1328 3738 149 45 which
1507 3739 85 44 five
1621 3739 203 44 hundred
1854 3755 76 30 are
106 3755 1958 84 numbered.”

177 3850 323 54 Bibliography
516 3866 10 29 :
551 3866 40 38 p.
617 3852 149 44 83-86.

106 3904 53 54 ©
189 3907 110 51 May
330 3905 33 49 5,
399 3907 128 52 1926;
556 3907 64 43 2c.
651 3908 87 42 and
765 3909 79 43 aff.
875 3909 110 51 May
1018 3908 73 51 10;
1125 3909 44 41 A
1197 3906 188 53 890680;
1416 3907 146 43 Amer.
1603 3907 198 54 libraray
1831 3923 116 29 assn.

184 3961 268 53 (26-10763)
