2542 4285
1347 4041 149 57 1496

534 515 571 54 v p., 2 l., 11-305 p. 20½cm.
434 572 52 53 ©
516 574 106 42 Dec.
651 573 36 51 6,
722 573 104 43 1926;
880 574 63 42 2c.
974 574 106 42 Dec.
1112 573 73 51 16;
1218 573 77 42 aff.
1327 573 107 42 Dec.
1468 573 74 51 14;
1573 573 43 42 A
1643 572 192 54 957684;
1868 574 177 53 George
2076 575 61 43 H.
2169 576 157 43 Doran
2356 591 64 28 co.

512 628 268 55 (26-24497)

431 714 208 68 Wells,
674 714 303 59 Webster.

508 805 143 71 Key
706 809 62 53 to
825 805 195 57 Wells
1079 806 122 55 and
1256 806 229 56 Hart’s
1544 806 263 57 Modern
1866 807 272 71 algebra,
2199 810 225 56 second

435 902 231 38 course.
739 883 256 71 Boston,
1028 882 73 56 D.
1141 881 63 59 C.
1239 882 211 57 Heath
1484 884 123 56 and
1638 902 306 53 company
1979 885 181 75 [1926]

502 960 19 42 1
550 974 42 30 v.

431 1014 54 53 ©
519 1015 106 44 Feb.
657 1016 37 51 6,
731 1015 128 51 1926;
892 1016 65 42 2c.
993 1016 86 42 and
1112 1016 77 43 aff.
1226 1015 106 44 Feb.
1365 1016 78 51 23;
1480 1016 43 43 A
1556 1016 189 52 883376;
1783 1017 57 43 D.
1878 1017 48 44 C.
1963 1017 155 44 Heath
2152 1019 86 43 and
2273 1034 64 28 co.

432 1099 224 70 White,
701 1101 243 56 Horace
985 1101 231 72 Henry,
1262 1103 187 56 1864-

510 1190 338 59 Louisiana
882 1192 148 56 land
1063 1193 149 56 laws
1248 1192 124 57 and
1403 1194 151 55 laws
1589 1191 272 74 relating
1893 1196 61 53 to
1988 1194 284 73 building
2304 1197 122 56 and

432 1272 142 56 loan
610 1269 429 72 associations,
1076 1270 105 56 for
1215 1270 103 57 the
1353 1288 110 38 use
1501 1270 68 57 of
1603 1274 131 54 real
1772 1274 199 54 estate
2011 1276 238 68 agents,
430 1273 1973 150 lawyers,

630 1347 278 59 notaries
949 1348 123 57 and
1107 1347 104 57 the
1248 1349 254 70 general
1539 1347 223 72 public.
1844 1348 99 72 By
1977 1347 78 57 H.
2095 1349 77 57 H.
2211 1349 211 59 White

500 1425 1923 76 … New Orleans, La., F. F. Hansell & bro., ltd. [ c 1926]
502 1503 538 54 3 p. l., [3]-644 p. 23½cm.
430 1561 53 53 ©
514 1563 105 42 Dec.
652 1563 37 50 2,
724 1560 105 44 1926;
888 1561 63 42 2c.
985 1561 85 42 and
1099 1561 80 42 aff.
1214 1561 107 42 Dec.
1356 1561 24 42 8;
1440 1560 43 43 A
1514 1559 160 45 958261;
1738 1559 51 45 F.
1821 1560 50 44 F.
1906 1561 192 43 Hansell
2131 1562 37 43 &
2201 1562 110 52 bro.,
2343 1561 77 44 ltd.

508 1617 267 56 (26-23211)

429 1687 256 72 Wilson,
729 1687 333 72 Benjamin
1102 1686 321 69 Franklin,
1468 1690 188 57 1883-

504 1778 358 74 Genealogy
905 1780 67 57 of
1016 1779 105 59 the
1166 1778 274 74 Mittong
1482 1778 224 74 family
1750 1781 125 59 and
1917 1778 381 72 connection,
2342 1780 82 72 by

425 1856 1920 74 Benjamin Franklin Wilson. [Wheeling, W. Va., c 1926]
499 1937 77 46 187
605 1953 41 35 p.
731 1944 138 43 ports.
929 1937 53 44 23½c
1035 1939 29 18 m
1071 1974 9 8 .

499 1992 267 48 Cover-title
783 2010 8 28 :
825 1994 206 49 Mittong
1058 1992 158 51 family
1245 1990 179 53 history
1452 1994 87 43 and
1567 1992 305 45 connections.

429 2043 1971 114 © Dec. 4, 1926; 2c. Dec. 10; aff. Dec. 15; A 957654; B . F. Wilson, Wheeling,
616 2106 75 43 W.
724 2105 85 42 Va.
879 2101 269 56 (26-24127)

433 2175 258 74 Wilson,
733 2175 244 58 Romer.

572 2265 1855 76 … Dragon’s blood, conte de feé [!] deuxième. New
427 2347 188 72 York,
643 2347 74 56 A.
747 2345 74 62 A.
851 2343 242 76 Knopf,
1123 2345 166 60 1926.

497 2423 722 54 5 p. l., 3-267 p., 1 l. 19 ½cm .
427 2477 52 53 ©
505 2479 117 43 Nov.
646 2477 37 53 5,
712 2478 129 50 1926;
863 2478 66 42 2c.
955 2477 118 43 Nov.
1102 2477 73 51 10;
1203 2477 78 42 aff.
1307 2476 119 44 Nov.
1451 2477 49 51 8;
1526 2477 43 42 A
1594 2475 187 54 950886;
1810 2478 171 42 Römer
2003 2478 180 44 Wilson
2210 2478 213 55 O’Brien,

497 2536 200 47 London.
761 2533 270 56 (26-20057)

426 2604 261 72 Winter,
731 2605 240 73 George
1012 2605 50 56 B
1380 2607 187 57 1878-

507 2694 348 73 Principles
910 2696 67 57 of
1029 2694 331 59 exodontia
1413 2715 68 38 as
1537 2695 253 72 applied
1840 2700 61 54 to
1955 2696 103 58 the
2109 2694 314 75 impacted

427 2774 397 58 mandibular
853 2775 173 57 third
1052 2775 200 56 molar;
1315 2795 36 36 a
1381 2775 300 70 complete
1710 2774 260 59 treatise
2003 2794 78 38 on
2109 2775 102 57 the
429 2794 1968 116 operative

622 2852 241 58 technic
889 2852 152 57 with
1069 2848 242 61 clinical
1339 2852 332 72 diagnoses
1706 2853 123 58 and
1859 2851 447 74 radiographic
429 2851 1967 151 interpretations,

928 2929 1492 75 by George B. Winter … drawings by Tom
428 3009 211 59 Jones.
727 3009 88 59 St.
845 3008 211 71 Louis,
1086 3009 142 71 Mo.,
1257 3008 336 58 American
1618 3008 263 58 medical
1910 3008 160 58 book
2097 3026 322 55 company,

429 3087 165 58 1926.

497 3165 89 52 viii,
618 3164 81 46 835
731 3181 38 37 p.
832 3164 113 45 illus.
1006 3164 51 44 25
1066 3167 46 18 cm
1120 3201 7 7 .

425 3220 1997 55 © Dec. 4, 1926; 2c. and aff. Dec. 15; A 958375; American medical book
495 3296 63 29 co.
630 3279 268 54 (26-24267)

424 3350 379 73 Woodbury,
849 3349 235 59 Robert
1125 3351 225 71 Morse,
1397 3351 188 57 1889-

504 3441 219 57 Infant
759 3441 328 72 mortality
1124 3442 124 56 and
1283 3440 83 59 its
1405 3459 236 53 causes,
1679 3440 151 58 with
1869 3461 78 37 an
1988 3440 315 72 appendix
2338 3458 82 39 on

428 3518 101 60 the
584 3520 185 57 trend
825 3520 67 56 of
942 3521 311 56 maternal
1307 3518 327 71 mortality
1686 3520 169 55 rates
1910 3519 64 56 in
2027 3518 103 57 the
2183 3516 236 61 United

431 3594 1988 75 States, by Robert Morse Woodbury … Baltimore, The
425 3675 310 58 Williams
765 3675 49 58 &
842 3675 268 58 Wilkins
1144 3694 322 52 company,
1500 3675 163 60 1926.

533 3789 10 17 x,
571 3752 84 46 204
683 3768 40 38 p.
755 3752 99 51 incl.
885 3752 154 45 tables.
1100 3754 25 43 21
1160 3754 47 19 cm
1213 3788 9 8 .

499 3809 239 46 Materials
780 3810 217 54 gathered
1036 3810 58 53 by
1134 3810 74 43 the
1250 3810 170 44 United
1463 3808 152 47 States
1656 3808 253 45 Children’s
1947 3808 169 44 bureau
2156 3806 114 48 have
2307 3806 111 46 been

430 3867 141 54 freely
602 3866 184 46 utilized
816 3868 44 42 in
892 3867 125 45 these
1048 3866 181 45 studies,
1291 3866 57 53 cf.
1382 3865 249 54 Prefatory
1659 3872 118 38 note.

425 3923 53 53 ©
509 3925 107 43 Dec.
653 3925 61 48 10,
750 3924 129 53 1926;
912 3925 63 42 2c.
1009 3924 87 43 and
1128 3924 78 43 aff.
1240 3925 107 42 Dec.
1383 3922 74 53 15;
1492 3924 43 42 A
1567 3920 188 55 957635;
1790 3921 227 46 Williams
2051 3922 37 44 &
2118 3921 198 45 Wilkins
2352 3935 64 30 co.

504 3980 268 55 (26-24270)
