2542 4285
1056 4000 115 58 273

133 365 239 71 Alanic,
414 364 320 72 Mathilde,
775 367 189 56 1864-

277 454 1833 74 … Quand le cœur parle …Paris, E. Flammarion
151 535 185 71 [ c 1926]
201 623 470 53 248 p., 1 l. 18½ cm .
131 691 53 54 ©
213 692 104 44 Feb.
348 694 38 49 4,
420 691 126 53 1926;
608 707 34 28 1c.
675 691 106 44 Feb.
818 689 73 54 17;
924 690 300 54 A—Foreign
1256 690 158 53 30175;
1450 691 166 47 Ernest
1648 692 322 45 Flammarion.

208 748 240 54 (26-7482)

131 846 330 57 American
491 846 234 57 bureau
757 846 67 57 of
856 846 311 72 shipping,
1202 848 92 55 New
1388 848 185 56 York.

273 936 1771 75 … Record of American and foreign shipping, 1926 …
129 1015 150 56 New
308 1014 188 72 York,
529 1014 334 57 American
892 1014 235 56 bureau
1160 1014 68 56 of
1260 1014 311 73 shipping,
1610 1016 162 56 1926.

200 1103 104 44 1316
333 1118 39 37 p.
429 1103 55 43 28
491 1105 46 18 cm
542 1137 7 9 .

198 1172 213 44 Contains
448 1172 136 44 blank
621 1187 148 38 pages.

127 1240 53 54 ©
206 1243 98 51 Jan.
329 1243 40 51 2,
398 1242 105 43 1926
518 1257 8 37 ;
553 1242 63 44 2c.
644 1244 85 42 and
755 1243 78 43 aff.
859 1243 98 52 Jan.
985 1241 47 53 5;
1062 1243 43 42 A
1129 1241 188 54 879132;
1348 1242 244 45 American
1619 1244 168 44 bureau
1812 1243 51 45 of
1889 1242 220 56 shipping.

123 1354 217 74 Ayres,
382 1355 183 73 Ruby
602 1354 288 73 Mildred,
932 1358 188 56 1883-

205 1447 378 72 Overheard,
617 1449 82 72 by
730 1449 183 71 Ruby
945 1448 83 56 M.
1063 1449 224 71 Ayres,
1322 1470 38 37 a
1389 1468 136 38 new
1557 1448 195 58 novel.
1835 1449 276 72 London,

127 1526 258 58 Hodder
413 1528 124 56 and
566 1526 369 72 Stoughton,
964 1525 241 59 limited
1234 1526 180 72 [1925]

193 1603 82 45 288
301 1617 28 37 p.
429 1604 27 45 18½
489 1605 48 19 cm

121 1655 1987 54 © 1c. Dec. 23, 1925; A ad int. 7678; pubd. Nov. 3; George H. Doran co.,
195 1712 116 44 New
360 1713 141 43 York.
569 1711 241 55 (26-7200)

124 1811 285 72 Bartlett,
449 1811 272 58 Edward
757 1812 273 71 Everett,
1070 1813 188 57 1863-

197 1901 129 57 The
364 1901 415 72 typographic
815 1904 319 55 treasures
1172 1900 65 57 in
1273 1901 275 71 Europe,
1585 1903 121 56 and
1745 1922 38 37 a
1820 1902 189 72 study
2045 1902 67 58 of

121 1981 591 69 contemporaneous
780 1979 160 58 book
1008 1978 373 72 production
1447 1978 65 57 in
1581 1978 193 59 Great
1840 1979 270 72 Britain,

121 2057 260 71 France,
421 2057 184 71 Italy,
646 2057 332 72 Germany,
1021 2057 273 58 Holland
1334 2059 123 56 and
1493 2056 306 73 Belgium,
1840 2056 149 59 with
2032 2075 78 40 an

120 2135 348 57 addendum
495 2135 81 71 by
601 2136 59 57 J.
689 2134 94 58 W.
816 2135 227 58 Muller
1070 2134 215 73 giving
1312 2134 103 58 the
1442 2134 312 72 principal
1780 2136 178 57 dates
1988 2135 123 58 and

116 2231 381 54 personages
550 2213 65 56 in
668 2212 284 73 printing
1003 2212 262 70 history.
1368 2213 100 71 By
1518 2212 275 59 Edward
1847 2212 264 60 Everett

117 2290 291 59 Bartlett.
492 2291 149 57 New
675 2290 173 57 York
886 2292 121 56 and
1042 2290 278 71 London,
1359 2290 69 59 G.
1469 2291 69 56 P.
1575 2291 332 58 Putnam’s
1945 2310 163 51 sons,

117 2369 164 57 1925.

193 2458 915 55 185 p ., 1 l. incl. front., ports. 41 cm .
189 2528 118 46 Title
336 2530 199 53 vignette
575 2529 153 54 (map)

189 2587 139 44 “This
360 2587 167 44 edition
558 2587 36 43 is
625 2586 169 44 limited
823 2593 47 37 to
902 2586 85 44 five
1015 2585 204 44 hundred
1252 2587 86 43 and
1371 2585 265 53 eighty-five
1667 2584 191 55 copies.”

189 2645 70 42 “A
297 2644 275 52 chronology
610 2643 51 44 of
697 2642 210 54 printing,
948 2643 216 51 prepared
1201 2659 48 28 as
1285 2658 56 28 an
1379 2644 72 43 aid
1486 2653 47 35 to
1569 2642 295 54 typographic
1902 2643 207 44 research

117 2703 87 43 and
230 2702 142 51 study,
400 2702 57 52 by
481 2699 146 54 Julius
652 2702 73 43 W.
753 2699 222 44 Muller”:
1005 2715 39 37 p.
1074 2698 208 48 [59]-185.

188 2759 200 44 “Works
417 2756 282 46 consulted”:
733 2770 39 39 p.
802 2755 148 45 62-64.

117 2827 53 54 ©
199 2830 108 42 Dec.
337 2829 59 50 10,
428 2827 126 51 1925;
583 2828 64 42 2c.
674 2827 86 43 and
788 2827 77 42 aff.
896 2827 117 42 Mar.
1039 2825 68 53 29,
1138 2825 128 52 1926;
1297 2826 43 42 A
1366 2826 188 52 890090;
1588 2825 50 47 E.
1667 2825 51 47 E.
1751 2827 208 51 Bartlett,
1989 2827 116 44 New

186 2886 141 43 York.
396 2882 241 56 (26-7358)

117 2985 250 71 Berger,
409 2981 213 59 Helen.

192 3075 232 70 Judy’s
449 3092 162 54 man,
637 3073 83 71 by
743 3073 201 57 Helen
969 3072 257 72 Berger.
1293 3071 455 74 Philadelphia,
1779 3072 130 57 The
1929 3073 176 57 Penn

115 3151 360 72 publishing
508 3169 320 53 company,
866 3151 165 56 1926.

188 3239 594 54 1 p. l., 5-308 p. 19½ cm .
114 3296 54 53 ©
195 3299 117 42 Mar.
343 3296 61 45 15.
435 3296 126 52 1926;
590 3296 64 43 2c.
683 3296 86 42 and
794 3296 78 42 aff.
902 3294 118 43 Mar.
1047 3294 77 52 29;
1154 3294 43 42 A
1226 3292 187 53 890073;
1445 3295 125 43 Penn
1596 3293 101 53 pub.
1725 3309 65 29 co.

194 3352 241 56 (26-7342)

114 3452 373 70 Blanchard,
529 3448 292 60 Frederic
863 3449 286 57 Thomas.

189 3542 292 72 Fielding
521 3542 102 56 the
665 3539 299 71 novelist;
1008 3559 38 37 a
1088 3539 188 70 study
1315 3538 67 57 in
1421 3537 326 59 historical
1788 3538 316 71 criticism,

110 3615 1970 156 by Frederic T. Blanchard … New Haven, Yale university
265 3716 213 54 press;
515 3699 147 70 [etc.,
695 3699 129 68 etc.]
857 3695 166 56 1926.

180 3776 91 52 xiv,
304 3774 78 45 655
414 3790 39 37 p.
515 3773 152 52 front.,
699 3772 155 52 plates,
886 3779 131 46 port.,
1052 3771 197 44 facsims.
1308 3770 152 44 23½cm.

184 3832 350 53 Bibliography:
568 3846 38 37 p.
644 3827 235 50 [581]-621.

113 3889 53 56 ©
195 3892 117 41 Mar.
345 3889 61 50 19,
441 3887 127 53 1926;
598 3887 65 43 2c.
694 3886 119 43 Mar.
842 3884 78 53 27;
951 3885 78 43 aff.
1061 3884 118 43 Mar.
1207 3884 78 52 25;
1318 3884 43 42 A
1390 3883 189 54 883808;
1612 3885 116 47 Yale
1757 3884 118 48 univ.
1905 3899 138 38 press.

190 3945 241 57 (26-7579)
