2542 4285
1394 3919 108 56 796

424 303 294 73 Collings,
760 303 280 59 Gilbeart
1080 302 268 72 Hooper,
1390 303 147 56 1895–

500 389 1846 77 The production of cotton, by Gilbeart H. Collings …
423 471 150 58 New
611 471 190 71 York,
845 471 59 56 J.
946 468 209 73 Wiley
1195 471 49 56 &
1284 487 163 53 sons,
1488 468 147 71 inc.;
1678 468 279 70 London,
2003 467 322 71 Chapman
2369 467 47 56 &

421 547 166 73 Hall,
615 547 259 72 limited,
904 547 165 58 1926.

493 632 1925 69 3 p. l., v-xi, 256 p. incl. illus., tables. 24 cm . (Half-title: The Wiley
423 692 302 54 agricultural
754 691 156 53 series,
939 691 68 45 ed.
1036 693 61 54 by
1120 693 41 54 J.
1190 691 53 45 G.
1314 692 181 53 Lipman)

494 762 339 44 “References”
859 770 45 36 at
931 762 88 45 end
1045 762 54 43 of
1125 770 122 36 most
1273 762 53 46 of
1353 762 77 44 the
1455 762 224 51 chapters.

431 819 52 53 ©
516 820 104 53 July
652 821 37 50 8,
726 820 128 51 1926;
888 821 64 42 2c.
984 820 86 43 and
1104 821 78 42 aff.
1216 819 104 53 July
1358 817 75 54 15;
1468 819 44 42 A
1545 819 188 51 901129;
1771 818 51 45 G.
1857 819 61 42 H.
1954 818 217 53 Collings,
2207 818 210 44 Clemson

502 877 194 53 College,
735 876 45 46 S.
816 876 48 45 C.
933 876 269 54 (26-13720)

428 976 335 69 Contenau,
801 976 290 72 Georges,
1128 979 189 56 1877-

575 1065 1844 73 … La civilisation phénicienne, avec 137 illustrations.
430 1146 203 70 Paris,
666 1146 222 71 Payot,
923 1147 165 56 1926.

501 1221 1468 55 3 p. l., [11]-396 p. front., illus. (incl. maps, plans) 19cm.
502 1282 64 42 At
585 1281 114 43 head
720 1280 51 44 of
791 1279 122 44 title:
948 1281 42 41 D
996 1282 15 17 r
1037 1280 52 44 G.
1114 1279 246 45 Contenau.

503 1336 390 54 “Bibliographie”:
954 1351 39 38 p.
1021 1335 235 55 [375]-382.

432 1390 1470 57 © May 4, 1926; 1c. June 21; A—Foreign 31256; Payot.
512 1450 269 55 (26-13979)

431 1551 256 73 Cooper,
726 1550 282 60 William
1049 1549 362 72 Courtland,
1454 1552 188 55 1884-

428 1630 1973 151 … Qualitative analysis, by William C. Cooper … Yonkers-on-Hudson,
1038 1711 73 56 N.
1156 1710 93 71 Y.,
1297 1708 291 72 Chicago,
1632 1708 222 58 World
1897 1708 162 58 book
2104 1726 321 54 company,

431 1789 165 57 1926.

501 1860 1929 57 viii p., 1 l., 142 p. 1 illus. 21 cm . (New-world science series, ed. by
430 1921 41 54 J.
498 1921 73 43 W.
600 1919 208 54 Ritchie)

435 1976 55 53 ©
524 1979 114 51 June
669 1978 40 51 2,
747 1977 104 43 1926;
909 1978 65 42 2c.
1011 1979 86 42 and
1132 1978 77 42 aff.
1246 1977 105 53 July
1389 1975 75 54 15;
1501 1977 44 42 A
1579 1977 189 52 901139;
1806 1977 164 44 World
2005 1977 121 43 book
2158 1992 66 28 co.

515 2034 269 55 (26-13732)

437 2134 269 73 Cushny,
748 2134 245 57 Arthur
1034 2134 366 71 Robertson,
1447 2136 148 56 1866–

577 2222 1853 74 … Biological relations of optically isomeric substances,
432 2300 2000 74 by Arthur R. Cushny … Baltimore, Pub. for the Johns
433 2378 288 72 Hopkins
751 2378 355 73 university
1133 2380 84 71 by
1246 2379 104 58 the
1380 2379 314 58 Williams
1727 2379 49 59 &
1804 2378 271 59 Wilkins
2109 2398 323 54 company,

435 2456 165 59 1926.

506 2532 1929 56 vi p., 2 l., 80 p. illus. 22 cm . (The Johns Hopkins university. School
436 2588 54 43 of
515 2587 239 46 medicine.
815 2587 102 47 The
945 2587 190 47 Charles
1165 2589 52 46 E.
1247 2589 184 45 Dohme
1458 2590 244 44 memorial
1730 2590 210 45 lectures.
2000 2590 55 45 3d
2084 2606 178 29 course,
2294 2590 132 51 1925)

442 2644 53 54 ©
523 2647 114 51 June
665 2647 66 51 21,
767 2647 127 52 1926;
928 2648 63 42 2c.
1023 2648 86 43 and
1139 2648 78 43 aff.
1249 2649 116 51 June
1393 2648 77 51 23;
1505 2648 44 42 A
1582 2647 187 53 891895;
1803 2648 229 45 Williams
2066 2649 38 44 &
2134 2648 200 46 Wilkins
2364 2664 67 30 co.

521 2703 268 55 (26-13733)

434 2803 212 72 Davis,
687 2803 189 58 Anna
917 2804 216 58 Chase.

587 2895 1844 76 … Stories of the United States for youngest readers,
443 2974 82 70 by
554 2974 188 58 Anna
771 2973 200 60 Chase
1002 2974 214 74 Davis,
1246 2975 272 74 brought
1548 2977 179 56 down
1756 2979 63 55 to
1850 2977 144 57 date
2024 2977 83 72 by
2137 2976 168 59 John
2334 2977 97 57 W.

441 3051 1967 152 Davis … Boston, New York [etc.] Educational publishing
586 3150 322 53 company,
947 3131 166 58 1926.

517 3208 35 50 5,
590 3212 67 49 [2],
693 3208 136 45 7-276
862 3225 39 37 p.
963 3211 152 50 front.,
1149 3210 130 50 illus.,
1313 3219 139 43 ports.
1516 3211 50 44 19
1572 3213 46 17 cm
1626 3246 8 7 .
1702 3211 192 52 (Young
1927 3212 213 42 America
2177 3209 163 53 series)

444 3262 54 54 ©
529 3265 105 52 July
666 3266 61 48 12,
763 3265 107 43 1926;
923 3266 66 42 2c.
1021 3266 86 42 and
1138 3266 78 42 aff.
1249 3265 105 52 July
1389 3265 74 52 14;
1497 3266 43 41 A
1571 3264 189 53 897428;
1793 3264 300 48 Educational
2125 3265 100 54 pub.
2258 3281 65 28 co.

525 3320 268 55 (26-13627)

443 3419 286 70 Dickens,
769 3420 273 71 Charles,
1079 3422 359 58 1812-1870.

529 3511 127 58 The
701 3513 435 72 lamplighter;
1184 3532 36 39 a
1264 3513 175 58 farce
1483 3513 64 57 in
1594 3533 112 40 one
1752 3518 99 53 act
1896 3514 123 58 and
2062 3532 70 39 as
2176 3533 37 39 a
2260 3513 177 59 short

452 3593 192 72 story,
697 3591 83 71 by
833 3589 261 62 Charles
1148 3591 288 71 Dickens,
1489 3592 256 71 preface
1795 3592 82 72 by
1928 3591 278 58 William
2259 3590 176 73 Lyon

449 3667 249 71 Phelps.
772 3668 150 58 New
955 3668 189 70 York,
1179 3668 71 57 D.
1288 3668 317 70 Appleton
1639 3670 123 57 and
1797 3688 322 50 company,
2154 3670 164 57 1926.

519 3746 90 49 viii,
644 3746 68 52 83,
751 3748 52 46 [1]
843 3761 41 37 p.
948 3748 51 44 19½
1031 3750 48 18 cm
1084 3782 10 10 .

452 3800 52 54 ©
533 3801 106 53 July
668 3801 37 51 9,
741 3802 128 52 1926;
901 3802 64 42 2c.
996 3801 105 53 July
1138 3802 72 51 12;
1246 3802 78 43 aff.
1357 3802 105 52 July
1561 3817 9 38 17;
1604 3802 42 43 A
1679 3800 188 53 901187;
1903 3802 58 44 D.
1993 3801 229 54 Appleton
2254 3802 86 43 and
2371 3817 65 28 co.

590 3858 550 42 [© preface] (26-13878)
