2542 4285
1370 4046 145 55 1318

412 430 195 72 Field,
645 427 233 60 Rachel
917 427 254 72 Lyman,
1213 426 188 57 1894-

487 520 101 58 An
615 519 293 75 alphabet
934 520 104 57 for
1064 519 154 70 boys
1249 520 123 56 and
1399 514 154 75 girls
1585 516 110 73 [by]
1725 515 233 58 Rachel
1983 513 197 58 Field.
412 510 1965 149 Garden

564 598 162 73 City,
759 598 74 59 N.
866 597 94 71 Y.,
994 596 384 71 Doubleday,
1415 594 170 71 Page
1619 594 47 56 &
1698 609 320 55 company,
2053 591 167 56 1926.

486 678 77 48 [59]
598 691 40 36 p.
698 677 84 43 col.
817 675 114 44 illus.
994 675 146 43 14½cm.

415 730 52 53 ©
499 731 100 43 Oct.
628 730 39 52 8,
701 731 128 50 1926;
862 730 63 41 2c.
958 728 85 43 and
1074 728 78 42 aff.
1185 727 116 42 Nov.
1338 725 74 52 16;
1444 726 43 41 A
1520 723 187 46 958000:
1742 722 280 52 Doubleday,
2057 723 124 51 Page
2212 722 38 43 &
2280 736 66 28 co.

496 785 268 57 (26-27589)

418 871 312 60 Firdausi.

493 963 129 58 The
655 961 134 74 epic
822 960 68 58 of
919 959 184 73 kings;
1168 959 152 60 hero
1356 959 159 57 tales
1550 957 68 58 of
1650 955 245 61 ancient
1931 954 241 73 Persia,
2207 955 202 59 retold

417 1040 164 58 from
625 1037 319 60 Firdusi’s
990 1037 172 59 Shah
1203 1036 227 57 nameh
1470 1036 83 71 by
1593 1034 203 59 Helen
1841 1033 330 71 Zimmern,
416 1031 1969 145 rediscovered

708 1116 50 59 &
783 1115 359 58 illustrated
1170 1116 85 70 by
1283 1112 274 61 Wilfred
1590 1112 212 59 Jones.
1875 1111 152 59 New
2056 1110 193 69 York,
2282 1110 129 59 The

418 1192 356 60 Macmillan
803 1211 324 53 company,
1159 1191 165 58 1926.

489 1264 1807 59 viii p., 1 l., 333 p. col. front., illus. (part col.) col. plates. 22½ cm .
489 1325 124 45 First
639 1324 240 55 published
907 1324 46 44 in
985 1324 119 45 1883.

422 1382 52 53 ©
506 1384 99 43 Oct.
635 1382 68 52 26,
736 1382 129 52 1926;
896 1382 63 42 2c.
991 1381 87 44 and
1109 1382 78 42 aff.
1220 1382 101 43 Oct.
1352 1379 78 54 27;
1464 1381 43 41 A
1538 1378 189 54 949774;
1762 1378 266 45 Macmillan
2061 1394 65 28 co.
2190 1377 66 54 [©
492 1378 1899 114 illustrations]

766 1439 270 54 (26-19088)

424 1522 202 68 Frost,
670 1522 169 58 John
879 1520 192 59 Elias.

498 1612 1919 73 Just rhymes, by John Elias Frost … Newtonville,
423 1691 210 73 Mass.,
665 1690 191 61 Press
886 1693 69 57 of
983 1692 60 58 J.
1076 1692 71 56 F.
1178 1691 278 73 Hughes,
1488 1699 17 21 c
1509 1692 164 56 1926.

494 1770 52 45 47
577 1784 40 36 p.
678 1770 164 45 double
874 1770 136 44 front.
1038 1771 50 48 (4
1116 1770 143 49 port.)
1325 1770 53 44 23
1386 1772 47 18 cm
1439 1805 8 9 .

427 1823 52 53 ©
507 1825 116 42 Nov.
651 1824 37 51 8,
719 1824 127 50 1926;
876 1824 64 42 2c.
967 1823 118 43 Nov.
1117 1824 73 50 11;
1221 1824 79 42 aff.
1328 1823 118 43 Nov.
1480 1823 72 50 10;
1582 1823 44 41 A
1653 1821 189 54 955430;
1872 1822 39 53 J.
1941 1821 53 47 E.
2023 1820 147 54 Frost,
496 1822 1901 112 Newtonville,

651 1882 141 42 Mass.
862 1880 268 54 (26-20420)

430 1967 338 71 Fullwood,
811 1965 257 58 Charles
1110 1966 68 57 T.

503 2048 129 58 The
660 2046 192 74 judge
885 2049 123 56 and
1038 2051 121 55 two
1192 2043 257 76 Lizzies,
1480 2048 83 71 by
1595 2046 63 61 C.
1690 2047 339 57 Fullwood.
427 2045 1972 153 Philadelphia,

619 2125 323 59 Dorrance
971 2127 123 58 and
1124 2143 262 53 company
1459 2155 13 42 [
1473 2133 20 21 c
1497 2125 163 71 1926]

500 2205 81 45 226
612 2219 40 34 p.
717 2205 51 44 19
772 2206 46 18 cm
826 2238 8 9 .

431 2256 52 54 ©
513 2259 116 42 Nov.
658 2258 36 50 3,
727 2258 104 42 1926;
883 2258 65 42 2c.
980 2257 118 43 Nov.
1133 2254 74 55 15;
1238 2257 77 42 aff.
1345 2256 118 43 Nov.
1497 2252 74 56 17;
1602 2257 42 41 A
1674 2255 190 53 950976;
1899 2257 234 43 Dorrance
2163 2257 37 44 &
2228 2272 82 36 co.,
2341 2257 81 43 inc.

511 2314 267 56 (26-20527)

434 2401 269 69 Garrett,
743 2400 281 60 William
1058 2399 59 58 A
1430 2402 189 57 1890-

513 2480 129 58 The
670 2481 203 71 grand
898 2478 240 58 buffalo;
1200 2498 80 38 an
1309 2480 344 57 adventure
1681 2484 65 54 at
1773 2479 105 58 the
1906 2480 156 58 back
2088 2480 68 58 of
2182 2480 243 73 beyond

437 2558 103 57 for
567 2558 107 73 big
702 2558 122 58 and
855 2557 160 58 little
1047 2557 149 72 folk,
1227 2558 82 71 by
1338 2556 280 59 William
1648 2556 277 77 Garrett,
1956 2557 359 60 illustrated
2344 2558 83 73 by

438 2637 185 73 Mary
652 2637 197 58 Stella
879 2636 327 58 Edwards.
1274 2635 151 58 New
1450 2635 189 73 York,
1668 2634 73 59 D.
1771 2635 319 73 Appleton
2119 2639 124 57 and
437 2655 1965 134 company,

663 2716 165 57 1926.

507 2797 60 48 xi,
601 2797 70 49 [1],
702 2794 90 51 146,
824 2795 51 46 [1]
908 2809 38 38 p.
1008 2794 81 43 col.
1121 2793 153 52 front.,
1307 2792 129 53 illus.,
1464 2793 142 54 plates
1633 2793 126 53 (part
1787 2793 109 54 col.)
1963 2794 53 44 20
2023 2796 47 18 cm
2075 2828 9 9 .

438 2849 52 53 ©
524 2851 99 43 Oct.
656 2850 66 51 22,
758 2849 128 52 1926;
919 2850 63 42 2c.
1017 2849 87 43 and
1136 2850 79 42 aff.
1250 2849 102 43 Oct.
1385 2849 77 51 26;
1498 2850 43 41 A
1575 2847 162 45 950643;
1800 2850 55 41 D.
1892 2849 228 53 Appleton
2153 2848 37 45 &
2222 2865 66 28 co.

517 2906 267 55 (26-18640)

439 2993 254 72 George,
734 2991 254 58 Marian
1023 2992 70 57 M
1406 2993 189 57 1865-
1751 2993 89 58 ed.

518 3072 58 56 A
608 3069 163 59 little
805 3069 267 72 journey
1108 3072 64 57 to
1208 3070 244 57 France
1489 3073 123 56 and
1648 3068 430 78 Switzerland,
2117 3069 103 59 for
2254 3072 180 59 home

443 3152 123 56 and
614 3148 227 70 school,
888 3146 441 59 intermediate
1379 3148 124 58 and
1551 3166 201 54 upper
1802 3148 248 71 grades.
2138 3148 151 57 Rev.
2342 3150 90 56 ed.

444 3225 231 59 Edited
721 3227 84 70 by
854 3224 251 57 Marian
1154 3225 82 56 M.
1293 3225 259 71 George.
1637 3224 290 77 Chicago,
1978 3227 75 55 A.
2108 3225 327 73 Flanagan

444 3320 304 54 company
777 3331 12 43 [
792 3309 19 23 c
814 3302 164 72 1926]

517 3377 1921 57 2 p. l., 7-98, 102, [2] p. illus. 19½ cm . (Lettered on cover: Library of
447 3434 172 53 travel)

443 3490 55 53 ©
530 3493 99 43 Oct.
659 3492 40 51 2,
732 3492 128 51 1926;
894 3492 64 43 2c.
993 3493 101 43 Oct.
1130 3493 74 51 11;
1239 3494 77 41 aff.
1352 3493 100 43 Oct.
1487 3492 47 52 7;
1571 3494 43 41 A
1645 3493 190 54 950450;
1871 3495 57 43 A.
1962 3492 236 55 Flanagan
2226 3510 67 29 co.

522 3548 268 55 (26-17940)

450 3633 293 75 Giboney,
785 3635 164 58 Ezra
984 3636 69 57 P.

524 3714 1775 77 Church quarrels: how ended, by Ezra P. Giboney, D. D.
445 3793 255 72 Boston,
735 3792 213 72 Mass.,
986 3794 130 59 The
1152 3794 329 61 Stratford
1515 3814 320 54 company,
1873 3797 164 57 1926.

516 3871 601 51 3 p. l., iv, 109 p. 19 cm .
449 3923 52 53 ©
534 3925 116 42 Nov.
681 3926 38 50 9,
754 3925 127 47 1926;
913 3926 61 42 2c.
1008 3927 85 42 and
1123 3927 80 44 aff.
1236 3926 117 43 Nov.
1390 3927 73 52 12;
1496 3928 43 41 A
1572 3926 188 54 950931;
1798 3927 233 47 Stratford
2063 3945 80 36 co.,
2173 3928 265 54 publishers.

529 3982 266 50 (26-20533)
