2542 4285
1392 3960 111 58 320

462 332 268 72 Walton,
772 333 213 73 Perry,
1025 336 189 56 1865-

541 426 128 57 The
707 428 177 69 story
916 427 68 56 of
1016 425 282 73 textiles;
1336 447 36 37 a
1403 427 342 73 bird’s-eye
1778 427 158 59 view
1971 432 69 57 of
2071 432 103 58 the
2207 431 246 74 history

463 503 68 57 of
555 504 104 56 the
684 501 340 75 beginning
1050 507 124 56 and
1199 506 102 56 the
1330 506 242 71 growth
1603 507 67 56 of
1696 507 103 57 the
1827 506 295 74 industry
2146 510 84 71 by
2254 508 196 60 which

460 579 297 60 mankind
798 579 55 57 is
902 580 261 73 clothed,
1208 584 84 70 by
1336 583 205 71 Perry
1583 581 270 60 Walton.
1935 582 258 74 Boston,
2239 586 211 72 Mass.,

458 658 255 59 Walton
749 656 392 75 advertising
1175 662 125 56 and
1331 658 286 74 printing
1650 678 83 40 co.
1849 662 127 71 [1925]

528 747 1258 55 2 p. l., [3]-274 p. front., illus., plates, ports. 24½cm.
532 820 206 47 “Second
765 818 212 46 edition.”

532 875 287 53 “Originally
850 875 222 52 compiled
1106 876 89 44 and
1230 874 180 54 printed
1445 875 77 45 for
1554 875 121 54 John
1711 877 45 47 S.
1791 879 286 44 Lawrence.”

457 942 53 54 ©
545 944 121 53 Sept.
697 943 67 52 29,
802 942 128 52 1925;
964 944 63 42 2c.
1064 944 119 43 Mar.
1213 944 66 51 24,
1315 942 130 54 1926;
1478 944 79 43 aff.
1594 945 117 42 Mar.
1745 946 78 52 31;
1858 946 44 42 A
1934 946 190 53 883853;
2162 948 51 42 P.
2249 947 201 54 Walton,

529 1001 182 43 Boston.
781 998 243 55 (26-7880)

455 1098 268 72 Walton,
764 1097 286 72 Thomas,
1090 1099 189 58 1887-

532 1187 1916 76 Walton shorthand. 4th ed. Copyright … by Thomas
457 1267 270 58 Walton.
822 1266 338 72 Lakeland,
1218 1266 154 72 Fla.,
1426 1265 256 59 Walton
1738 1267 348 59 shorthand
2137 1268 309 75 institute,

453 1352 18 23 c
475 1346 163 56 1926.

522 1421 515 53 2 p. l., 19 p. 21½c m .
454 1476 53 54 ©
534 1478 117 43 Mar.
681 1479 36 49 1,
747 1477 128 52 1926;
905 1477 63 43 2c.
998 1477 87 43 and
1112 1477 77 43 aff.
1219 1477 119 43 Mar.
1367 1476 78 52 30;
1476 1477 44 42 A
1547 1476 189 52 889366;
1765 1475 54 44 T.
1846 1476 201 52 Walton,
2077 1478 244 53 Lakeland,
2351 1477 97 46 Fla.

534 1531 240 57 (26-7802)

451 1634 283 70 Warren,
770 1632 253 59 Garnet.

454 1732 1989 155 The romance of design, by Garnet Warren in collaboration with Horace B. Cheney … Garden City, N. Y.,
453 1889 385 73 Doubleday,
866 1889 172 73 Page
1067 1890 48 57 &
1141 1907 324 55 company,
1494 1890 166 57 1926.

521 1966 1267 56 xiv p., 1 l., 237 p. incl. front., illus. (part col.) 31½cm.
523 2026 138 44 “This
700 2026 119 45 book
853 2025 81 45 has
973 2041 126 29 come
1137 2034 47 36 to
1222 2027 53 43 be
1311 2025 199 53 through
1545 2024 76 46 the
1656 2024 290 56 painstaking
1982 2025 207 45 research
2225 2027 132 43 work
2392 2028 50 45 of

452 2083 180 54 Cheney
655 2082 593 47 brothers.”—Publisher’s
1273 2090 116 37 note.

521 2140 151 45 “First
699 2139 211 49 edition.”

451 2194 53 54 ©
533 2196 105 44 Feb.
674 2198 33 49 1,
740 2195 108 45 1926;
900 2196 64 43 2c.
995 2196 88 43 and
1113 2195 79 44 aff.
1226 2196 119 42 Mar.
1376 2194 78 53 26;
1487 2196 44 42 A
1563 2191 188 57 890058;
1786 2194 282 55 Doubleday,
2100 2197 125 52 Page
2257 2198 37 43 &
2323 2213 65 28 co.

529 2251 241 55 (26-7819)

449 2350 324 69 Wellman,
808 2349 212 58 Mabel
1056 2350 299 57 Thacher.

525 2441 177 57 Food
738 2442 190 69 study
960 2440 106 57 for
1100 2439 153 73 high
1289 2439 241 59 schools;
1599 2459 35 38 a
1670 2440 297 57 textbook
1999 2441 65 56 in
2100 2440 179 59 home

447 2461 1975 132 economics, by Mabel Thacher Wellman … Boston,
2236 2519 211 71 Little,

445 2598 247 69 Brown,
726 2598 124 56 and
882 2614 323 54 company,
1239 2595 167 56 1926.

517 2675 94 53 xix,
638 2672 81 46 528
747 2689 39 38 p.
814 2672 102 45 incl.
945 2673 153 52 front.,
1128 2672 114 44 illus.
1305 2673 50 44 19½cm.

519 2730 328 45 “References”
877 2740 46 35 at
953 2730 86 44 end
1070 2730 51 43 of
1150 2737 118 37 most
1295 2729 51 47 of
1373 2728 77 47 the
1480 2728 220 54 chapters.

447 2786 53 54 ©
533 2789 118 43 Mar.
684 2789 64 50 31,
785 2787 129 51 1926;
946 2788 65 42 2c.
1042 2787 87 43 and
1160 2787 78 43 aff.
1270 2787 113 52 Apr.
1414 2787 52 52 2;
1501 2787 44 42 A
1576 2784 188 54 890159;
1802 2785 151 54 Little,
1988 2787 179 52 Brown,

2203 2788 87 43 and
517 2802 1904 95 company.
714 2841 244 56 (26-7851)

445 2941 211 73 Wells,
692 2939 289 75 Carolyn.

526 3032 130 55 The
689 3032 226 56 bronze
950 3031 171 57 hand;
1189 3050 39 37 a
1263 3030 289 72 Fleming
1589 3029 189 59 Stone
1818 3032 194 70 story,
2048 3032 85 70 by
2170 3029 272 74 Carolyn

444 3107 1996 73 Wells … Philadelphia and London, J. B. Lippincott
447 3205 320 53 company,
806 3186 165 56 1926.

513 3244 365 70 319 p. 19 ½c m .
441 3315 56 54 ©
531 3318 97 52 Jan.
663 3316 37 53 7,
738 3316 129 54 1926;
903 3317 65 44 2c.
1001 3318 88 43 and
1121 3317 79 43 aff.
1235 3317 119 43 Mar.
1387 3314 79 55 25;
1502 3316 45 43 A
1580 3315 189 54 883750;
1806 3317 39 52 J.
1882 3316 50 44 B.
1969 3315 258 55 Lippincott
2261 3331 64 30 co.

443 3429 223 72 Wilde,
708 3430 209 72 Oscar,
959 3431 357 58 1854-1900.

586 3517 1853 74 … Letzte briefe, deutsch von Max Meyerfeld. Berlin,
444 3598 60 58 S.
537 3596 277 74 Fischer,
846 3598 166 56 1925.

515 3673 90 56 172,
683 3692 10 30 [1]
732 3689 40 38 p.
831 3675 53 44 23½
919 3676 49 19 cm
972 3710 10 9 .

512 3731 163 47 “Erste
702 3732 69 44 bis
799 3731 144 45 vierte
971 3731 220 54 auflage.”

514 3788 174 45 “Oscar
717 3788 175 46 Wildes
923 3789 134 44 letzte
1086 3795 106 46 tage
1218 3802 90 30 von
1338 3787 174 46 Robert
1541 3786 171 45 Ross”:
1743 3801 42 39 p.
1819 3783 202 48 145-161.

442 3842 1991 56 © Nov. 5, 1925; 1c. Feb. 2, 1926; A— Foreign 30183; S. Fischer verlag a.-g.
521 3900 242 60 (26-7933)
