2542 4285
1025 4059 112 57 953

101 389 316 70 Adametz,
466 387 288 73 Leopold,
804 389 189 56 1861-

177 479 325 58 Lehrbuch
544 480 110 56 der
696 478 408 70 allgemeinen
1145 475 323 72 tierzucht,
1510 493 123 39 von
1671 476 94 58 dr.
1806 475 277 73 Leopold

102 554 1978 73 Adametz … Mit 228 abbildungen und 14 tabellen im text.
100 633 197 73 Wien,
328 636 60 57 J.
421 635 323 73 Springer,
776 635 166 56 1926.

164 712 743 52 xv, 457, [1] p. illus. 25½ cm .
97 764 1701 57 © Aug. 15, 1926; 1c. July 7; A—Foreign 31579; Julius Springer.
177 824 268 56 (26-15660)

98 923 334 57 American
456 927 264 67 country
743 923 225 57 houses
998 923 68 56 of
1093 923 194 70 today
1314 923 179 72 [1927]
1560 921 176 58 With
1764 940 40 38 a
1825 920 258 73 preface

172 998 1914 75 by Alfred Hopkins … New York, Architectural book
170 1078 364 73 publishing
562 1097 322 53 company,
917 1077 116 57 inc.
1072 1108 13 43 [
1087 1085 20 22 c
1109 1077 164 75 1926]

164 1153 1467 55 2 p. l., vii p. front., illus., 158 pl. (incl. diagrs.) 28½ cm .
96 1211 52 53 ©
179 1211 119 54 Sept.
327 1213 38 51 6,
394 1213 129 51 1926;
550 1213 63 42 2c.
639 1213 89 43 and
755 1212 78 43 aff.
864 1212 99 44 Oct.
997 1213 46 51 1;
1074 1212 44 42 A
1144 1210 188 53 950280;
1363 1211 335 44 Architectural
1725 1210 121 45 book
1872 1212 101 52 pub.
2001 1226 80 38 co.,

167 1269 83 45 inc.

97 1371 128 56 The
251 1369 334 59 American
608 1371 237 57 Jewish
869 1390 156 52 year
1044 1371 177 71 book,
1248 1372 165 69 5687,
1444 1369 368 72 September
1836 1372 52 63 9,
1915 1371 167 71 1926,

171 1452 64 53 to
274 1448 365 71 September
677 1450 88 70 26,
802 1450 164 55 1927.
1090 1495 9 9 v.
1139 1449 90 56 28.
1305 1448 116 57 Ed.
1458 1449 84 70 by
1576 1449 219 71 Harry
172 1447 1886 136 Schneiderman
471 1526 105 57 for
618 1526 102 57 the

763 1527 338 56 American
1142 1526 238 58 Jewish
1425 1526 366 57 committee.
171 1526 1888 150 Philadelphia,
488 1604 129 56 The
663 1604 239 58 Jewish
943 1604 386 71 publication
1377 1603 236 58 society
1658 1604 67 56 of
1770 1603 311 75 America,

170 1681 165 56 1926.

163 1773 44 35 x,
232 1755 79 44 645
336 1771 38 37 p.
429 1755 127 53 illus.,
584 1757 140 52 plates
761 1757 203 55 (printed
989 1773 57 28 on
1073 1756 108 45 both
1209 1757 142 55 sides)
1386 1765 151 45 ports.,
1566 1772 137 38 maps,
1732 1757 155 53 tables,
1913 1756 168 56 diagrs.

96 1814 49 42 19cm

93 1869 52 53 ©
177 1870 119 53 Sept.
330 1870 60 54 15,
425 1871 128 52 1926;
583 1872 63 43 2c.
680 1870 121 55 Sept.
830 1872 77 53 30;
940 1873 78 43 aff.
1051 1872 123 52 Sept.
1202 1874 80 51 29;
1314 1872 45 43 A
1388 1870 188 55 950272;
1608 1872 169 53 Jewish
1809 1872 272 53 publication

162 1928 171 53 society
367 1928 53 44 of
453 1929 224 44 America.

89 2026 345 73 Anderson,
474 2029 353 72 Sherwood,
866 2032 189 56 1876-

167 2119 128 57 The
353 2120 257 58 modern
668 2120 234 71 writer,
961 2120 83 72 by
1105 2120 339 58 Sherwood
1501 2120 351 59 Anderson.
1957 2122 127 59 San

90 2196 356 73 Francisco,
478 2199 127 58 The
633 2198 280 58 Lantern
941 2217 179 53 press
1154 2228 13 43 [
1167 2208 20 21 c
1190 2199 164 72 1925]

164 2275 647 53 1 p. l., 44 p., 1 l. 21½cm.
162 2332 128 45 “One
327 2333 225 44 thousand
591 2333 146 53 copies
775 2334 51 43 of
863 2332 88 45 this
989 2333 121 45 book
1143 2333 115 44 have
1294 2335 111 43 been
1443 2333 177 53 printed
1659 2334 74 44 for
1770 2333 76 45 the
1885 2334 198 45 Lantern

91 2404 140 39 press,
266 2390 90 46 San
390 2387 258 54 Francisco,
692 2390 205 53 (Gelber,
930 2389 255 51 Lilienthal,
1222 2390 111 52 inc.)
1372 2390 62 53 by
1464 2389 164 47 Edwin
1661 2392 37 43 &
1733 2392 172 43 Robert
91 2390 1971 101 Grabhorn.

278 2446 120 45 Nine
436 2447 203 45 hundred
680 2448 38 44 &
757 2447 106 53 fifty
900 2445 148 55 copies
1090 2462 77 30 are
1208 2463 57 28 on
1309 2448 50 42 B.
1400 2448 54 44 R.
1493 2448 121 44 book
1651 2462 149 39 paper,
1837 2448 248 45 numbered

93 2504 123 45 from
245 2503 49 45 51
329 2513 46 36 to
409 2504 117 52 1000,
556 2506 88 43 and
674 2504 105 53 fifty
809 2520 57 28 on
896 2506 147 51 Japan
1074 2502 180 54 vellum,
1285 2505 248 43 numbered
1562 2505 121 44 from
1717 2507 18 42 1
1768 2514 50 35 to
1845 2504 66 45 50.
1970 2504 112 45 This

90 2562 34 43 is
164 2576 115 39 copy
310 2562 188 43 number
535 2561 120 45 812.”

90 2618 52 53 ©
174 2620 107 43 Dec.
318 2619 62 52 10,
417 2617 128 54 1925;
578 2619 64 43 2c.
676 2618 107 52 July
816 2616 64 55 15,
916 2618 129 53 1926;
1080 2618 79 45 aff.
1193 2618 105 53 July
1333 2619 74 52 14;
1443 2619 44 43 A
1519 2618 188 53 897614;
1746 2618 44 48 S.
1824 2618 255 54 Anderson,

159 2676 118 45 New
315 2677 208 44 Orleans.
591 2675 269 55 (26-15256)

88 2761 289 59 Arizona.
454 2764 302 72 Supreme
797 2768 191 53 court.

89 2855 1964 135 Report of cases argued and determined … from October
223 2935 50 69 7,
300 2934 165 71 1924,
490 2937 61 53 to
578 2932 188 72 April
788 2934 89 71 10,
904 2934 164 55 1925.
1133 2933 175 57 Alice
1336 2933 82 56 M.
1446 2932 296 73 Birdsall,
1771 2936 291 70 reporter.

87 3030 54 36 v.
179 3012 87 56 27.
341 3010 128 58 San
502 3010 355 75 Francisco,
888 3010 636 73 Bancroft-Whitney
1555 3030 322 55 company,
1912 3014 166 56 1926.

156 3088 131 51 xxxi,
318 3085 79 45 645
428 3102 39 37 p.
525 3087 55 43 22½
613 3090 47 18 cm
667 3122 8 8 .

89 3143 52 53 ©
171 3143 118 54 Sept.
313 3145 67 50 24,
408 3145 130 52 1926;
563 3146 63 42 2c.
654 3145 101 44 Oct.
781 3145 50 51 4;
860 3146 79 43 aff.
968 3143 122 54 Sept.
1117 3144 78 53 30;
1224 3145 45 43 A
1295 3145 189 52 949348;
1513 3146 131 44 Alice
1671 3146 66 44 M.
1766 3145 210 54 Birdsall,
2005 3146 74 46 for

158 3201 75 44 the
259 3201 163 44 benefit
451 3202 50 43 of
526 3202 74 43 the
629 3210 115 36 state
770 3202 49 44 of
846 3202 215 51 Arizona,
1094 3202 91 46 San
1214 3201 257 45 Francisco.

90 3287 300 72 Barbour,
431 3287 209 73 Ralph
680 3288 232 73 Henry,
955 3290 190 57 1870-

164 3378 1849 73 Tod Hale with the crew, by Ralph Henry Barbour …
86 3456 151 57 New
272 3456 190 70 York,
498 3456 201 71 Dodd,
737 3458 186 58 Mead
960 3458 124 56 and
1120 3475 322 54 company,
1482 3457 164 57 1926.

157 3533 944 54 5 p. l., 307 p. front., plates. 19½ cm .
88 3591 52 53 ©
166 3592 119 53 Aug.
311 3593 65 48 28,
408 3592 129 52 1926;
563 3592 64 44 2c.
655 3593 86 42 and
770 3593 78 42 aff.
877 3593 119 52 Aug.
1025 3593 77 51 31;
1132 3592 44 42 A
1204 3591 188 52 901680;
1423 3592 147 52 Dodd,
1599 3592 137 43 Mead
1764 3593 37 43 &
1826 3607 80 38 co.,
1938 3593 82 44 inc.

167 3647 269 57 (26-15370)

90 3734 919 74 Baroja y Nessi, P í o, 1872-
167 3827 129 57 The
336 3827 139 57 lord
516 3826 65 57 of
621 3826 263 70 Labraz,
924 3827 85 70 by
1048 3824 113 57 Pio
1203 3824 270 72 Baroja;
1517 3826 353 59 translated
1908 3828 170 58 from

89 3905 103 56 the
224 3904 274 71 Spanish
522 3904 82 72 by
631 3904 258 71 Aubrey
917 3904 70 55 F.
1018 3901 69 59 G.
1119 3902 154 57 Bell.
1343 3901 153 58 New
1522 3901 174 58 York
1723 3903 48 58 &
1799 3904 278 78 London,

86 3982 76 57 A.
196 3982 76 57 A.
306 3981 241 74 Knopf,
582 3982 166 57 1926.
