2542 4285
0 0 0 0 834
463 362 240 56 Norton
729 377 321 56 company,
1085 363 351 57 Worcester
1440 412 13 21 ,
1480 363 189 56 Mass.

538 466 311 74 Grinding
878 467 986 58 wheels—machines—methods;
1930 465 413 60 information
2377 489 75 39 on

458 545 259 58 modern
765 546 276 71 practice
1091 543 65 59 in
1203 547 104 56 the
1356 545 372 72 production
1779 548 123 56 and
1952 545 384 73 application
2387 549 66 57 of

461 621 341 71 abrasives,
839 620 297 75 grinding
1172 623 225 58 wheels
1437 625 124 57 and
1597 621 297 75 grinding
1924 623 335 72 machines,
459 643 1971 129 compiled
654 702 82 70 by
762 701 307 57 members
1104 702 68 56 of
1201 701 102 58 the
1336 700 314 59 executive
1681 700 123 60 and
1834 701 303 59 technical
2170 700 185 60 staffs
2387 702 67 57 of

459 780 103 57 the
596 778 245 57 Norton
875 796 320 53 company.
1272 779 77 58 2d
1386 779 89 57 ed.
1550 778 376 72 Worcester,
1963 778 213 70 Mass.,
2211 779 242 59 Norton

460 875 305 53 company
832 856 165 71 [c1926]

460 942 54 53 ©
539 944 105 52 July
669 945 66 49 28,
767 943 128 52 1926;
926 944 63 43 2c.
1018 943 87 43 and
1131 944 77 42 aff.
1236 943 119 53 Aug.
1387 945 44 40 11;
1491 944 44 41 A
1562 943 187 52 897790;
1782 944 181 44 Norton
1992 960 65 28 co.
537 1000 268 56 (26-14591)

460 1127 740 74 Norwegian-American
1233 1127 328 58 historical
1595 1127 392 57 association.

457 1233 1975 151 … Studies and records, v. 1. Minneapolis, The Norwegian-American historical association, 1926.
457 1401 1977 112 vi p., 3 l. illus. (map, facsims.) pl., ports. 23 cm . (Half-title: Publications of the Norwegian-American historical association)
524 1527 224 47 Contains
777 1528 134 45 “Roll
939 1529 54 43 of
1020 1529 271 44 members”.

456 1600 53 53 ©
535 1601 105 53 July
672 1600 60 51 15,
767 1602 127 46 1926;
924 1602 66 43 2c.
1020 1601 106 52 July
1153 1602 77 50 29;
1260 1602 77 42 aff.
1367 1602 106 52 July
1501 1602 78 51 28;
1610 1603 43 41 A
1681 1602 189 51 901398;
1905 1602 547 53 Norwegian-American

525 1659 232 43 historical
794 1674 128 33 assn.,
963 1659 275 49 Northfield,
1277 1660 142 41 Minn.
1490 1658 268 53 (26-14503)

456 1772 328 72 Nothomb,
818 1771 231 70 Pierre,
1085 1775 188 56 1887-

602 1877 1670 77 … Le lion ailé. Paris, Plon-Nourrit et c ie [ c 1926]
526 1969 26 42 2
580 1983 38 38 p.
665 2002 22 17 l.,
713 1965 83 46 254
823 1982 56 38 p.,
909 1968 17 41 1
978 2002 8 8 l.
1050 1967 52 44 19
1107 1969 47 18 cm
1161 2001 8 8 .

457 2034 1908 56 © Apr. 26, 1926; 1c. June 25; A—Foreign 31399; Plon-Nourrit & co.
535 2094 269 56 (26-14415)

460 2210 189 72 [Nutt,
685 2208 143 75 Lily
862 2209 190 76 Clive]
1088 2212 189 56 1888-

455 2315 1975 149 The veil of glamour, by Clive Arden [pseud.] … Indianapolis, The Bobbs-Merrill company [ c 1926]
530 2484 554 54 4 p. l ., 343 p. 19½ cm .
456 2552 52 53 ©
540 2555 118 51 Aug.
694 2553 37 52 5,
767 2553 128 51 1926;
928 2553 63 43 2c.
1025 2554 87 42 and
1145 2554 77 41 aff.
1256 2553 118 51 Aug.
1408 2553 49 50 9;
1495 2553 44 41 A
1569 2552 190 52 897774;
1797 2552 360 44 Bobbs-Merrill
2189 2567 66 29 co.

534 2611 268 54 (26-14492)

457 2723 172 58 Ohio.
715 2726 227 58 Courts
981 2723 68 73 of
1085 2725 274 72 appeals.

534 2830 1918 72 Reports of cases argued and determined … Reported
456 2910 82 70 by
570 2910 60 56 J.
666 2909 68 55 L.
768 2908 96 58 W.
900 2909 283 71 Henney,
1223 2907 198 59 Court
1456 2908 67 56 of
1559 2908 258 71 appeals
1855 2911 305 70 reporter,
2202 2907 249 59 Clinton

460 2986 252 73 Collins,
748 2986 79 57 H.
863 2986 68 57 L.
971 2985 284 73 Connett,
1296 2986 304 57 assistant
1637 2989 340 69 reporters,
2054 3006 55 37 v.
2150 2989 88 54 19.
456 2985 1974 136 Official
617 3066 91 55 ed.
794 3063 373 71 Cincinnati,
1213 3065 127 56 The
1385 3063 155 59 Ohio
1583 3065 118 56 law
1744 3067 288 68 reporter
2077 3084 84 38 co.;
455 3064 1970 149 Cleveland,
651 3143 128 56 The
811 3142 287 57 Baldwin
1126 3143 121 55 law
1275 3142 363 73 publishing
1666 3161 105 54 co.,
1806 3144 165 55 1926.

521 3250 60 33 xl,
616 3233 81 42 610
727 3247 38 38 p.
825 3233 55 42 22½
912 3235 47 18 cm
966 3268 8 8 .

456 3302 52 53 ©
538 3304 119 52 Aug.
694 3303 60 52 17,
788 3304 105 43 1926;
950 3304 63 42 2c.
1047 3305 118 51 Aug.
1202 3305 73 50 19;
1308 3304 78 43 aff.
1419 3305 120 51 Aug.
1577 3304 71 52 18;
1683 3305 44 41 A
1759 3304 187 52 897862;
1982 3305 39 52 J.
2057 3305 47 42 L.
2137 3305 75 43 W.
2245 3305 193 52 Henney,

524 3361 74 43 for
632 3362 74 42 the
745 3369 112 35 state
895 3362 51 43 of
985 3362 133 51 Ohio,
1156 3361 260 52 Columbus,
1456 3362 53 43 O.

456 3461 265 70 O’Neile,
759 3461 258 58 Charles
1052 3463 70 56 E.

528 3565 1922 73 Preaching Christ crucified … sermons for Lent, by
453 3642 1996 75 Charles E. O’Neile … [San Francisco] Printed for the
449 3720 246 73 author,
724 3722 165 60 1926.

519 3810 58 54 vi,
606 3811 83 46 354
711 3826 43 38 p.
814 3812 56 44 20
875 3814 47 18 cm
928 3848 8 8 .

455 3881 52 53 ©
539 3885 105 50 July
679 3883 62 52 15,
780 3884 127 51 1926;
941 3884 65 42 2c.
1041 3885 118 52 Aug.
1196 3884 48 53 7;
1282 3885 77 43 aff.
1395 3885 118 52 Aug.
1548 3884 47 52 5;
1632 3885 42 41 A
1709 3884 160 45 897731;
1939 3884 46 44 C.
2022 3884 50 47 E.
2111 3884 207 48 O’Neile,
2358 3884 88 45 San

524 3940 255 44 Francisco.
849 3941 270 54 (26-14554)
