2609 4293
1029 4040 106 55 115

181 474 79 44 156
295 490 40 38 p.
397 474 49 44 19
454 476 15 17 cm
506 508 8 9 .
629 472 124 54 $0.50

180 542 349 53 Bibliography:
565 558 41 37 p.
643 541 233 47 [155]-156.

105 598 56 54 ©
191 600 116 43 Nov.
342 600 62 50 11,
435 596 128 53 1925;
594 598 64 42 2c.
687 598 86 42 and
802 598 78 42 aff.
910 598 98 51 Jan.
1042 599 61 49 11,
1139 598 128 51 1926;
1300 598 42 42 A
1374 596 187 54 879440;
1597 600 167 42 Lamar
1794 601 86 42 and
1910 601 183 52 Barton,

179 654 247 44 Nashville.
496 654 241 53 (26-3611)

110 754 238 72 Clarke,
384 754 280 59 William
695 754 82 57 M.

184 845 208 58 Minor
420 845 266 73 English
710 845 301 58 domestic
1036 845 431 72 architecture,
1496 846 188 73 being
1709 867 34 37 a
1774 847 319 57 collection

108 924 67 57 of
209 925 202 69 plates
446 923 164 56 from
645 923 431 71 photographs
1111 925 180 55 made
1327 925 83 69 by
1443 924 159 57 Wm.
1642 925 82 54 M.
1765 924 222 58 Clarke
2026 926 67 56 of

106 1002 102 55 the
255 1003 278 69 cottages
582 1002 123 55 and
750 1001 199 56 lesser
994 1001 302 56 domestic
1339 1002 172 55 work
1559 1001 67 56 of
1672 1001 103 57 the
1826 1002 265 71 English

107 1077 1986 75 country-side … v. 3. [Los Angeles] Los Angeles pressed
104 1155 173 56 brick
304 1173 306 53 company
637 1156 182 72 [1925]

173 1232 79 53 [12]
287 1245 51 38 p.,
368 1229 52 44 25
449 1232 213 42 mounted
692 1245 57 38 pl.
809 1231 53 43 49½cm.

100 1285 54 54 ©
193 1288 107 42 Dec.
337 1288 65 48 21,
447 1286 127 52 1925;
613 1288 65 42 2c.
716 1288 99 51 Jan.
856 1286 35 53 5,
933 1286 128 52 1926;
1103 1287 78 43 aff.
1219 1288 98 52 Jan.
1359 1286 48 52 4;
1448 1287 44 43 A
1530 1286 189 53 879342;
1763 1289 89 43 Los
1892 1289 197 52 Angeles

169 1344 183 52 pressed
388 1342 129 44 brick
550 1358 64 28 co.

104 1441 248 73 Collins,
387 1441 230 58 Archie
656 1439 354 74 Frederick,
1051 1442 189 58 1869-

177 1537 130 57 The
338 1533 178 61 radio
550 1538 345 56 amateur’s
924 1533 170 58 hand
1124 1534 189 72 book;
1350 1554 35 38 a
1418 1536 318 71 complete,
1774 1536 315 60 authentic

99 1614 123 57 and
249 1610 406 60 informative
684 1612 172 58 work
888 1633 77 38 on
992 1609 278 60 wireless
1302 1613 372 72 telegraphy
1705 1613 122 56 and
99 1614 1968 149 telephony,

269 1689 1818 76 by A. Frederick Collins … 4th ed., rev. by George
96 1767 1969 151 C. Baxter Rowe … New York, Thomas Y. Crowell company [ c 1926]
164 1920 126 54 xviii,
317 1924 80 44 413
421 1936 41 38 p.
523 1922 152 51 front.,
703 1919 134 53 illus.,
861 1921 156 52 plates,
1044 1928 132 45 port.,
1204 1922 168 51 diagrs.
1430 1922 56 45 20
1491 1925 47 19 cm
1545 1958 9 9 .

170 1978 246 46 “Wireless
447 1978 200 46 books”:
676 1993 41 36 p.
747 1977 206 46 308-309.

97 2032 52 54 ©
179 2033 105 45 Feb.
315 2034 37 51 2,
387 2033 128 53 1926;
548 2034 62 43 2c.
643 2033 86 44 and
759 2033 78 44 aff.
871 2032 104 45 Feb.
1008 2030 48 54 6;
1090 2032 42 43 A
1164 2031 188 54 879494;
1387 2031 199 46 Thomas
1620 2034 56 43 Y.
1710 2033 195 47 Crowell
1937 2052 65 29 co.

174 2090 240 55 (26-3698)

98 2189 213 73 Corey,
353 2188 277 73 Stephen
667 2188 39 57 J
1021 2189 189 57 1873-

170 2277 248 74 Among
450 2277 199 59 South
677 2275 336 59 American
1043 2275 245 59 friends;
1351 2277 105 58 the
1485 2276 254 74 journal
1768 2280 68 56 of
1868 2300 35 38 a
1931 2280 151 59 visit

94 2352 1987 80 to South America, by Stephen J. Corey … Cincinnati,
95 2434 232 58 Powell
357 2433 47 57 &
436 2433 211 58 White
684 2462 13 43 [
698 2440 20 23 c
721 2434 164 74 1925]

164 2513 78 44 182
270 2528 40 38 p.
371 2512 150 51 front.,
552 2511 156 53 plates,
740 2518 135 46 ports.
936 2512 54 43 20
996 2512 47 18 cm
1050 2547 9 8 .

94 2568 52 53 ©
179 2570 100 43 Oct.
310 2570 37 50 3,
383 2567 128 53 1925;
540 2569 66 42 2c.
639 2567 104 44 Feb.
776 2569 38 50 3,
847 2567 128 51 1926;
1009 2567 78 42 aff.
1120 2566 106 44 Feb.
1258 2567 49 51 4;
1343 2567 42 42 A
1419 2566 163 45 879477;
1645 2568 171 44 Powell
1848 2570 37 43 &
1916 2569 169 44 White.

171 2624 240 56 (26-3603)

94 2724 344 72 Crawford,
476 2723 200 59 Lewis
714 2723 69 58 F.

168 2816 376 73 Rekindling
567 2835 176 53 camp
766 2815 167 72 fires,
955 2816 103 58 the
1083 2814 267 74 exploits
1376 2818 67 57 of
1463 2816 135 58 Ben
1621 2817 241 59 Arnold
90 2817 1969 148 (Connor)

295 2893 332 73 (Wa-si-cu
667 2891 452 73 Tam-a-he-ca)
1170 2913 82 38 an
1293 2891 318 60 authentic
1649 2896 324 58 narrative
2018 2897 66 58 of

92 2971 167 73 sixty
286 2989 186 55 years
501 2969 63 58 in
593 2973 103 57 the
727 2973 101 57 old
854 2971 180 59 West
1060 2989 69 39 as
1159 2969 228 60 Indian
1414 2970 245 75 fighter,
1689 2973 145 72 gold
1863 2973 217 73 miner,

92 3051 264 72 cowboy,
394 3051 227 56 hunter
658 3052 123 56 and
818 3066 178 55 army
1034 3050 205 71 scout;
1274 3067 166 54 map,
1478 3048 440 73 illustrations,
88 3051 1970 150 bibliography,

483 3126 1532 73 index, and notes, by Lewis F. Crawford …
88 3204 343 74 Bismarck,
460 3205 73 58 N.
563 3204 94 73 D.,
688 3203 251 74 Capital
962 3204 160 59 book
1148 3224 86 39 co.
1267 3233 13 45 [
1282 3212 18 21 c
1303 3205 165 72 1926]

158 3282 1331 53 4 p. l., 7-324 p. front. (port.) plates, map. 22 ½ cm .
159 3339 354 52 Bibliography:
539 3353 43 38 p.
610 3339 206 46 311-313.

89 3393 52 53 ©
167 3396 98 51 Jan.
293 3394 69 53 25,
394 3393 128 52 1926;
552 3394 63 42 2c.
646 3394 85 42 and
760 3393 78 43 aff.
868 3391 107 45 Feb.
1010 3394 45 50 1;
1087 3393 44 41 A
1159 3391 165 44 883117;
1381 3393 47 42 L.
1461 3393 49 43 F.
1544 3392 256 55 Crawford,
1831 3395 251 53 Bismarck,

160 3451 59 45 N.
251 3452 56 43 D.
376 3450 241 55 (26-3520)

87 3548 221 71 Dixon,
347 3549 207 56 Asher
589 3548 268 72 Hooper,
899 3548 188 57 1865-

166 3637 162 61 Civil
371 3639 408 73 government
821 3640 69 57 of
933 3635 353 74 Wyoming,
1331 3640 83 70 by
1458 3639 74 57 A.
1580 3640 79 55 H.
1705 3639 205 60 Dixon
1957 3646 121 56 and

90 3717 63 60 C.
183 3717 67 59 O.
278 3715 323 74 Downing.
685 3715 271 71 Gillette,
981 3715 201 72 Wyo.,
1210 3716 130 60 The
1366 3716 224 73 Bailey
1617 3720 208 57 school
1851 3724 227 70 supply

84 3797 193 57 house
344 3795 164 73 [c1926]

153 3870 1101 55 237 p. incl. front. (port.) illus. pl. 21 cm .
85 3926 52 53 ©
164 3929 98 51 Jan.
289 3928 65 50 21,
383 3926 129 53 1926;
539 3927 65 43 2c.
631 3927 87 42 and
744 3926 79 43 aff.
849 3926 99 51 Jan.
975 3925 77 51 26;
1082 3925 42 42 A
1152 3923 165 45 879398;
1376 3925 157 53 Bailey
1561 3927 154 44 school
1742 3930 158 52 supply
1925 3930 152 45 house.

163 3982 241 55 (26-3595)
