2542 4285
1068 3974 108 55 251

120 355 296 58 National
450 353 337 58 industrial
825 353 360 57 conference
1225 352 213 58 board.

198 445 148 60 Cost
379 446 67 56 of
478 447 404 70 government
914 442 65 57 in
1012 443 103 58 the
1147 442 236 58 United
1419 442 228 58 States.
1730 443 150 56 New
1914 443 187 71 York,

118 525 296 56 National
446 522 335 57 industrial
815 521 363 57 conference
1211 520 215 70 board,
1457 520 136 72 inc.,
1628 520 165 57 1926.

192 614 75 43 138
300 628 40 38 p.
376 612 99 44 incl.
509 611 151 50 tables,
694 610 166 53 diagrs.
919 611 52 43 23½
1007 612 47 17 cm
1060 645 9 8 .

117 682 57 54 ©
213 684 119 42 Mar.
371 683 62 51 11,
473 683 127 50 1926;
637 682 65 42 2c.
738 682 87 42 and
862 681 78 42 aff.
979 681 117 42 Mar.
1134 680 77 51 22;
1251 681 43 41 A
1330 678 190 53 879955;
1561 679 111 43 Natl.
1723 679 236 43 industrial
189 695 1892 88 conference
401 739 152 51 board,
590 738 82 42 inc.
741 736 240 54 (26-6830)

201 837 328 58 Technical
568 834 327 60 education
938 837 123 57 and
1101 837 103 56 the
1247 833 311 60 electrical
1595 833 509 74 manufacturing

120 916 322 70 industry;
485 933 36 37 a
561 932 317 54 summary
916 917 216 67 report
1172 914 68 56 of
1279 930 79 38 an
1396 909 447 75 investigation
1881 913 83 71 by
2001 914 103 56 the

121 991 298 60 National
464 991 338 58 industrial
848 992 362 56 conference
1258 990 215 69 board,
1521 988 114 57 inc.
1718 989 151 56 New
1916 989 188 71 York,

123 1072 163 55 1925.

197 1163 46 42 11
271 1175 42 38 p.
342 1159 103 44 incl.
473 1157 157 46 tables.
687 1159 53 43 23
749 1160 47 18 cm
800 1193 11 9 .

117 1226 55 54 ©
203 1227 118 52 Sept.
351 1227 65 51 30,
447 1224 128 53 1925;
605 1226 65 42 2c.
699 1226 85 42 and
812 1226 77 42 aff.
921 1226 119 41 Mar.
1073 1225 60 49 13,
1167 1224 129 51 1926;
1328 1225 43 41 A
1401 1224 188 51 886649;
1623 1224 215 43 National
1869 1222 235 45 industrial

188 1284 267 43 conference
489 1283 151 50 board,
677 1281 95 51 inc.,
809 1281 117 43 New
964 1281 141 43 York.
1174 1280 241 54 (26-6790)

119 1379 298 58 National
447 1378 284 57 institute
766 1378 65 57 of
864 1378 208 73 public
1107 1376 525 59 administration.

187 1469 59 57 A
299 1468 438 72 bibliography
793 1469 67 56 of
915 1469 208 70 public
1180 1468 524 73 administration,
1762 1469 83 71 by
1904 1468 202 59 Sarah

120 1546 213 71 Greer,
369 1546 304 57 librarian
708 1545 67 58 of
812 1546 297 57 National
1143 1545 288 58 institute
1469 1546 67 57 of
1572 1545 207 72 public
119 1546 1963 134 administration

406 1625 122 55 and
578 1624 151 55 New
778 1623 172 56 York
998 1624 237 55 bureau
1288 1624 67 55 of
1404 1623 341 70 municipal
1797 1623 307 58 research.

118 1700 150 58 New
303 1700 174 58 York
513 1701 142 71 city,
694 1699 299 58 National
1030 1699 288 59 institute
1359 1700 68 57 of
1464 1699 208 73 public
118 1700 1966 152 administration,
301 1779 164 57 1926.

183 1868 96 55 xiii,
312 1871 94 51 238,
443 1870 53 46 [2]
532 1883 41 39 p.
630 1868 53 44 23½
719 1870 46 18 cm
771 1902 9 9 .

190 1939 132 44 “Few
364 1939 254 44 references
661 1937 235 54 published
937 1937 123 54 prior
1099 1945 48 37 to
1189 1937 103 45 1915
1332 1938 115 44 have
1487 1940 108 42 been
118 1939 1967 110 included.”—Prefatory
255 2003 116 37 note.

189 2050 1916 54 “Publications … by staff members or under the auspices of the National
119 2109 202 44 institute
355 2110 51 42 of
440 2108 144 53 public
620 2106 363 46 administration
1020 2109 87 43 and
1141 2107 76 45 the
1254 2108 117 44 New
1411 2108 133 43 York
1578 2109 167 44 bureau
1780 2110 50 43 of
1869 2110 239 52 municipal

118 2165 261 45 research”:
410 2167 26 41 2
468 2180 38 37 p.
539 2172 45 36 at
615 2163 97 45 end.

447 2270 8 8 CONTENTS.
471 2259 56 6 —
545 2233 195 44 General
781 2231 376 46 administration.
1173 2258 57 5 —
1247 2232 210 44 Political
1495 2233 164 54 parties
1700 2238 87 40 and
1827 2234 282 44 elections.—

120 2290 115 44 Civil
264 2292 170 43 service
463 2292 84 42 and
576 2290 301 52 employment
906 2289 545 53 management.—Public
1468 2290 404 45 finance.—Public
1888 2294 224 42 works.—

120 2347 159 44 Public
317 2346 198 45 utilities.
532 2374 55 5 —
605 2347 159 43 Public
803 2346 149 43 health
990 2348 87 42 and
1117 2345 255 45 sanitation.
1387 2372 58 6 —
1461 2346 158 45 Public
1658 2346 202 45 welfare.
1874 2372 58 9 —
1949 2347 160 45 Public

118 2404 147 53 safety
296 2406 87 42 and
412 2404 76 45 the
517 2402 364 45 administration
910 2402 50 45 of
988 2401 506 54 justice.—Education.

118 2472 54 54 ©
199 2475 119 42 Mar.
345 2475 36 50 8,
412 2474 128 51 1926;
567 2474 65 42 2c.
660 2474 86 42 and
773 2473 79 43 aff.
882 2473 120 43 Mar.
1031 2473 50 51 9;
1112 2474 43 41 A
1184 2471 189 54 883548;
1406 2472 216 44 National
1652 2474 201 44 institute
1880 2475 50 44 of
1959 2473 148 54 public

188 2530 375 44 administration.
631 2527 241 56 (26-6747)

119 2626 181 74 Neill,
334 2627 232 59 Robert
596 2628 85 58 M.

197 2721 393 71 Microscopy
623 2718 64 59 in
723 2721 103 56 the
865 2718 234 60 service
1136 2721 68 57 of
1236 2738 163 53 man,
1439 2721 81 72 by
1553 2721 234 57 Robert
1824 2719 83 58 M.
1947 2721 162 58 Neill

189 2798 1841 74 … New York, H. Holt and company; [etc., etc., c 1926]
187 2888 84 46 256
313 2903 42 38 p.
414 2887 119 46 illus.
594 2889 50 43 17
651 2891 48 18 cm
704 2923 9 9 .
781 2888 290 52 (Half-title:
1121 2889 152 44 Home
1315 2889 252 53 university
1609 2889 173 53 library
1823 2890 55 46 of
1922 2892 185 44 modern

119 2945 279 52 knowledge,
423 2959 74 30 no.
527 2943 102 54 115)

194 3016 354 52 Bibliography:
574 3030 42 38 p.
641 3015 207 46 248-251.

116 3082 56 54 ©
207 3085 118 43 Mar.
362 3083 37 52 5,
436 3083 104 44 1926
554 3098 9 38 ;
600 3084 64 43 2c.
699 3084 88 43 and
820 3084 80 43 aff.
938 3084 119 42 Mar.
1096 3081 75 54 17;
1210 3085 43 41 A
1289 3082 189 54 879895;
1517 3086 160 52 Henry
1715 3084 115 45 Holt
1864 3087 86 42 and
1984 3101 66 28 co.

197 3140 241 56 (26-6963)

119 3238 451 56 Northeastern
602 3241 299 69 reporter.

197 3328 457 57 Northeastern
683 3331 291 68 reporter
1003 3328 223 72 digest,
1255 3329 323 73 including
1607 3349 173 39 cases
1814 3332 295 69 reported

121 3405 1963 134 in vols. 1-140 Northeastern reporter … Ed. by the editorial
119 3482 1966 149 staff of the American digest system … v. 10. Salvage-Trolley wires.
876 3559 89 58 St.
998 3561 176 71 Paul,
1205 3561 181 57 West
1413 3561 363 73 publishing
1803 3581 105 53 co.,
1942 3564 164 54 1925.

188 3635 59 50 iii,
284 3634 299 45 12179-13564
615 3648 39 40 p.
714 3636 54 43 26
774 3638 46 18 cm
826 3669 10 9 .

120 3688 53 53 ©
201 3691 107 43 Dec.
341 3691 62 51 10,
435 3690 127 54 1925;
592 3693 65 42 2c.
686 3693 86 41 and
800 3693 78 42 aff.
910 3692 120 43 Mar.
1062 3693 63 50 11,
1159 3692 129 52 1926;
1321 3693 43 41 A
1393 3692 188 52 883568;
1613 3694 131 43 West
1774 3694 100 52 pub.
1905 3709 66 28 co.

121 3802 415 71 Nott-Bower,
574 3804 109 59 Sir
719 3803 297 59 William.

199 3892 291 54 Greatest
547 3893 127 53 living
756 3895 308 51 swindler.
