2609 4293
1434 3945 74 55 96

467 324 74 58 U.
578 326 61 57 S.
711 327 182 56 Laws
897 372 15 25 ,
947 331 266 53 statutes
1217 373 16 24 ,
1269 332 110 52 etc.

469 430 1968 151 … U. S. compiled statutes. [1925 cumulative supplement]
726 506 301 73 Compact
1053 510 109 71 ed.,
1193 508 360 73 embracing
1575 510 104 56 the
1709 512 268 56 statutes
2007 512 65 56 of
2096 513 103 55 the
2228 512 237 59 United

473 584 212 58 States
717 584 67 57 of
816 605 38 37 a
882 586 255 72 general
1169 586 124 57 and
1320 590 371 67 permanent
1722 589 225 55 nature
1979 587 167 58 from
2175 590 166 57 June
2372 593 90 67 14,

472 663 165 70 1918,
678 665 63 54 to
783 662 221 57 March
1041 665 52 70 4,
1138 664 164 55 1925.
1386 662 90 59 St.
1517 664 177 71 Paul,
1735 664 182 57 West
1954 666 362 73 publishing
2356 686 105 54 co.,

470 740 164 55 1925.

536 828 110 53 xvii,
679 828 108 44 1032
814 842 40 39 p.
912 828 57 44 26
974 832 46 17 cm
1027 864 9 8 .

469 896 53 54 ©
549 899 100 44 Oct.
681 898 61 53 17,
775 899 129 53 1925;
933 900 65 43 2c.
1025 901 99 51 Jan.
1158 900 60 52 14,
1252 899 129 53 1926;
1413 900 78 43 aff.
1522 901 99 51 Jan.
1652 901 74 52 13;
1757 901 43 42 A
1828 899 190 55 879249;
2049 902 133 44 West
2210 901 100 53 pub.
2340 916 66 29 co.

469 1040 263 73 Venner,
767 1041 296 58 Norman.

548 1146 129 58 The
723 1146 338 72 imperfect
1105 1145 326 72 impostor,
1482 1145 84 72 by
1612 1145 282 58 Norman
1940 1146 269 59 Venner.
2314 1147 150 58 New

468 1222 189 74 York,
690 1223 342 58 Frederick
1063 1223 76 56 A.
1178 1222 222 59 Stokes
1436 1241 321 54 company,
1794 1224 165 56 1925.

536 1309 557 55 4 p. l. , 305 p. 19½ cm .
470 1380 53 53 ©
552 1380 120 55 Sept.
698 1380 68 53 25,
795 1380 129 52 1925;
952 1381 64 43 2c.
1044 1381 88 43 and
1157 1381 79 42 aff.
1266 1380 119 43 Mar.
1413 1382 38 50 6,
1482 1379 129 53 1926;
1641 1380 43 42 A
1714 1379 190 54 883517;
1935 1380 248 44 Frederick
2211 1381 56 44 A.
2300 1378 164 48 Stokes

594 1474 8 8 co.
672 1436 270 57 (26-27462)

469 1552 248 73 Warde,
757 1551 328 75 Reginald,
1127 1553 190 58 1878-

546 1655 1918 75 A daughter of Indra … San Francisco, Calif., The
465 1735 241 58 Essene
734 1733 362 74 publishing
1126 1753 85 39 co.
1245 1764 13 44 [
1260 1742 20 22 c
1282 1735 165 72 1925]

539 1825 521 56 2 p. l. , 255 p. 20 cm .
468 1896 53 54 ©
550 1898 108 43 Dec.
690 1896 36 53 5,
760 1896 129 53 1925;
919 1897 67 44 2c.
1016 1897 87 43 and
1128 1896 82 44 aff.
1239 1897 109 43 Dec.
1375 1896 79 52 22;
1486 1896 45 43 A
1560 1894 190 55 879269;
1783 1897 55 43 R.
1867 1896 187 52 Warde,
2088 1895 90 48 San
2207 1895 256 46 Francisco.

545 1953 243 56 (26-2448)

467 2067 412 74 Washburne,
922 2066 295 60 Carleton
1253 2065 270 75 Wolsey,
1565 2068 190 58 1889-

544 2170 1853 75 Winnetka graded book list, by Carleton Washburne …
470 2248 1970 139 and Mabel Vogel … Results of a statistical investigation
638 2348 68 39 as
740 2333 64 54 to
836 2329 105 57 the
972 2328 192 58 books
1200 2327 270 73 enjoyed
1500 2328 85 71 by
1615 2327 280 58 children
1928 2328 67 58 of
2026 2327 256 59 various
2318 2346 147 54 ages

469 2408 122 57 and
612 2408 333 56 measured
968 2408 259 71 degrees
1252 2406 68 58 of
1342 2406 264 73 reading
1629 2406 237 72 ability.
1933 2404 288 75 Chicago,
467 2406 1975 137 American

638 2485 244 71 library
916 2484 396 73 association,
1349 2485 165 56 1926.

537 2578 81 44 286
652 2592 39 39 p.
725 2576 101 45 incl.
860 2577 158 50 tables,
1053 2576 168 53 diagrs.
1284 2578 148 43 19½cm.

467 2646 53 55 ©
546 2649 98 52 Jan.
675 2648 62 50 11,
767 2646 129 53 1926;
924 2647 64 44 2c.
1014 2648 99 52 Jan.
1144 2646 73 53 18;
1247 2647 78 43 aff.
1352 2647 100 52 Jan.
1484 2643 75 57 15;
1586 2646 45 44 A
1657 2644 190 55 875965;
1876 2645 244 45 American
2148 2644 174 54 library
2346 2661 118 29 assn.

547 2704 270 55 (26-26028)

468 2816 232 71 Welsh,
738 2815 225 71 Lilian,
1004 2818 191 57 1858-

546 2920 499 62 Reminiscences
1083 2925 68 57 of
1184 2922 202 74 thirty
1419 2942 188 53 years
1642 2924 66 55 in
1742 2922 364 71 Baltimore,
2142 2924 84 71 by
2260 2921 206 57 Lilian

467 2998 1999 75 Welsh … illustrated with six photographs. Baltimore,
471 3079 130 58 The
629 3080 299 69 Norman,
955 3077 378 73 Remington
1361 3098 106 51 co.,
1496 3078 166 57 1925.

538 3167 1127 54 6 p. l. , 167 p. front., plates, ports. 20½c m .
468 3235 53 55 ©
553 3239 107 42 Dec.
697 3236 60 53 15,
794 3235 129 54 1925;
955 3236 67 44 2c.
1053 3237 100 52 Jan.
1182 3236 41 54 2,
1256 3236 130 54 1926;
1420 3237 78 44 aff.
1532 3239 98 51 Jan.
1661 3237 79 53 21;
1775 3237 43 43 A
1852 3235 190 55 879348;
2076 3237 220 52 Norman,
539 3239 1904 109 Remington
724 3309 67 29 co.
861 3293 242 55 (26-2888)

470 3406 263 73 Wilbur,
771 3405 179 60 Jack.

546 3514 201 60 Word
793 3513 278 73 pictures
1121 3515 68 58 of
1239 3515 71 55 52
1359 3515 85 57 all
1492 3513 338 60 American
1877 3512 457 75 personalities,
2383 3516 81 71 by

469 3593 162 58 Jack
664 3590 266 72 Wilbur,
967 3589 151 59 with
1157 3592 316 71 drawings
1511 3594 83 70 by
1633 3592 73 57 E.
1746 3592 82 57 M.
1872 3592 360 59 Stevenson.
2317 3593 149 56 New

470 3668 1611 74 York city, Clement-Smith-Rogers, inc. [ c 1925]
540 3759 1100 53 4 p. l. , 13-119 p. incl. front., ports. 19½cm.
469 3825 53 55 ©
548 3828 112 53 Apr.
690 3826 64 54 17,
781 3826 131 55 1925;
936 3829 65 42 2c.
1028 3828 87 43 and
1140 3828 78 43 aff.
1245 3830 97 51 Jan.
1370 3828 41 52 4,
1439 3828 129 52 1926;
1597 3828 43 42 A
1666 3828 188 53 883068;
1885 3831 41 51 J.
1953 3828 195 54 Wilbur,
2177 3830 117 43 New
2320 3829 143 44 York.

549 3884 242 55 (26-2834)
