2609 4293
1405 3977 75 55 78

463 343 159 70 Piot,
658 344 50 56 B
1024 346 62 58 S.

542 435 511 60 Considerations
1106 458 77 37 on
1233 439 103 57 the
1391 437 218 58 sacred
1657 436 384 75 priesthood,
2089 442 105 56 for
2242 461 211 53 young

462 512 231 73 priests
742 517 123 56 and
913 514 432 71 seminarians,
1393 516 274 70 adapted
1710 517 168 56 from
1921 518 104 57 the
2072 517 263 73 original
2386 521 67 57 of

462 589 1987 75 the Rev. B. S. Piot, by F. J. Remler, C . M. St. Louis.
462 666 140 71 Mo.,
630 667 124 59 and
779 669 277 70 London,
1083 669 71 55 B.
1181 668 248 58 Herder
1455 669 159 57 book
1643 688 105 52 co.,
1777 671 165 56 1926.

563 778 9 16 x,
606 746 80 43 146
713 759 42 36 p.
817 747 53 43 19
874 747 47 18 cm
926 780 10 9 .

460 796 52 53 ©
543 799 98 50 Jan.
675 797 62 52 15,
771 799 128 51 1926;
930 799 66 44 2c.
1029 799 87 42 and
1146 799 78 42 aff.
1254 799 98 51 Jan.
1389 798 72 52 18;
1496 799 45 41 A
1571 796 188 55 875894;
1795 800 52 44 B.
1879 801 183 43 Herder
2093 802 120 43 book
2244 818 64 28 co.

537 853 241 55 (26-2316)

459 952 320 72 Pitigrilli,
1095 954 190 57 1893-

605 1042 1841 79 … Cocaína, novela; traduccion de J. M. M. Barcelona,
458 1121 70 58 B.
554 1121 213 58 Bauzá
792 1152 12 43 [
806 1130 19 22 c
829 1123 164 71 1925]

526 1199 860 54 288 p. 19 ½ cm . (Coleccion ideal)
457 1253 1850 55 © Apr. 24, 1925; 1c. Oct. 21; A—Foreign 29797; Bartolomé Bauz á .
535 1311 243 54 (26-6997)

455 1409 372 74 Recknagel,
865 1409 245 57 Arthur
1148 1408 345 74 Bernhard,
1536 1411 189 57 1883-

455 1498 1970 152 Forest management, by A. B. Recknagel … John Bentley, jr. …
847 1575 1597 76 and C. H. Guise … 2d ed., thoroughly rev.
455 1655 153 57 New
634 1655 190 72 York,
853 1656 60 57 J.
944 1654 207 73 Wiley
1177 1654 48 57 &
1256 1674 164 53 sons,
1449 1655 116 57 inc.;
1632 1658 147 71 [etc.,
1812 1658 129 71 etc.]
1975 1656 164 57 1926.

526 1735 24 43 3
581 1749 39 38 p.
684 1772 9 16 l.,
721 1734 166 51 v-xvii,
918 1734 80 44 329
1026 1748 40 38 p.
1099 1734 100 46 incl.
1230 1734 128 50 illus.,
1391 1732 155 45 tables,
1608 1733 152 53 front.,
1790 1734 168 52 diagrs.
1985 1735 47 53 (1
2067 1734 134 54 fold.)
2324 1733 124 54 $3.50

454 1789 52 53 ©
534 1791 98 51 Jan.
666 1791 63 51 11,
763 1790 128 51 1926;
921 1790 65 42 2c.
1015 1790 87 43 and
1131 1790 77 43 aff.
1237 1791 98 51 Jan.
1364 1790 78 51 23;
1476 1790 46 42 A
1549 1789 163 44 883033;
1768 1791 58 42 A.
1858 1790 52 44 B.
1942 1792 268 52 Recknagel,
2243 1791 120 53 John
2394 1793 55 42 R.

525 1847 198 52 Bentley,
758 1847 70 52 jr.,
865 1845 49 45 C.
949 1847 62 42 H.
1048 1845 152 53 Guise,
1232 1845 172 53 Ithaca,
1439 1846 58 42 N.
1533 1847 55 42 Y.
1658 1846 241 55 (26-2422)

453 1943 292 70 Rickard,
783 1944 66 57 L,
886 1944 186 58 “Mrs.
1108 1942 221 59 Victor
1359 1942 333 59 Rickard.”

527 2034 129 60 Not
688 2035 302 58 sufficient
1022 2035 308 59 evidence,
1414 2034 175 73 chap.
1628 2037 89 71 15,
1756 2037 90 56 16.

546 2118 58 38 (In
640 2115 169 40 Nash’s
846 2115 256 51 magazine,
1139 2115 117 51 Dec.,
1293 2114 127 51 1925)

450 2166 1995 56 © 1c. Jan. 13, 1926; A ad int. 7644; pubd. Nov. 18, 1925; Mrs. Victor
522 2226 213 52 Rickard,
767 2226 199 43 London.

449 2308 264 73 Russell,
759 2307 257 59 Charles
1056 2309 85 58 M.

525 2396 1922 75 More Rawhides, by C. M. Russell … with illustrations
450 2478 81 71 by
565 2478 103 56 the
702 2477 245 57 author.
1024 2477 194 58 Great
1254 2476 194 74 Falls,
1482 2476 216 72 Mont.,
1732 2476 266 62 Printed
2032 2477 83 71 by
2148 2476 302 57 Montana

447 2573 370 53 newspaper
850 2554 399 72 association,
1284 2555 166 58 1925.

517 2630 848 56 4 p. l., 7-59, [1] p. illus. 28 cm .
448 2689 52 53 ©
531 2691 109 43 Dec.
675 2691 63 51 10,
769 2689 129 53 1925;
931 2691 64 42 2c.
1026 2691 108 42 Dec.
1169 2690 73 52 16;
1274 2690 79 43 aff.
1383 2690 99 52 Jan.
1517 2690 61 51 12,
1614 2690 128 51 1926;
1775 2691 45 41 A
1848 2689 188 52 881068;
2071 2688 47 45 C.
2151 2689 65 43 M.
2250 2686 191 54 Russell,

520 2748 139 44 Great
696 2746 136 51 Falls,
874 2747 147 42 Mont.
1089 2746 244 54 (26-2337)

447 2843 279 73 Schulze,
766 2844 177 70 Paul,
981 2846 191 57 1873-

525 2937 130 57 Der
725 2934 475 75 geigenmacher
1267 2954 122 40 von
1458 2936 256 71 Absam,
1784 2934 242 57 novelle
2094 2952 122 39 von
2285 2934 160 58 Paul

452 3013 585 73 Schulze-Berghof.
1118 3011 278 75 Leipzig,
1429 3015 68 57 T.
1531 3012 289 60 Weicher
1853 3043 13 43 [
1868 3021 18 21 c
1889 3014 165 70 1925]

521 3092 355 52 132 p. 18½ cm .
445 3141 1995 56 © Nov. 25, 1925; 1c. Feb. 2, 1926; A—Foreign 30113; Theodor Weicher.
525 3201 243 57 (26-7158)

446 3287 193 72 Scott,
674 3286 110 59 Sir
816 3284 258 72 Walter,
1115 3288 177 71 hart.,
1328 3287 358 58 1771-1832.

523 3381 183 56 Tales
746 3381 69 56 of
849 3399 39 38 a
922 3379 438 72 grandfather,
1394 3380 187 71 being
1615 3380 105 57 the
1754 3379 249 70 history
2039 3378 65 57 of
2143 3377 297 58 Scotland

444 3459 167 57 from
636 3458 104 58 the
769 3457 254 60 earliest
1046 3455 223 73 period
1293 3461 64 54 to
1383 3458 105 57 the
1515 3458 163 57 close
1703 3457 68 58 of
1795 3457 104 57 the
1925 3454 176 73 reign
2129 3456 66 56 of
2221 3455 217 58 James

444 3535 103 59 the
588 3534 200 72 Fifth,
824 3534 84 71 by
943 3533 244 58 Walter
1228 3533 194 73 Scott,
1461 3533 305 72 abridged
1805 3535 123 57 and
1967 3534 88 57 ed.
2095 3533 84 70 by
2215 3530 224 58 Edwin

444 3610 182 74 Ginn,
684 3610 363 59 illustrated
1103 3612 83 69 by
1241 3611 263 70 Rodney
1561 3609 333 59 Thomson.
1974 3610 257 68 Boston,
2288 3609 150 58 New

444 3687 1253 74 York [etc.] Ginn and company [ c 1925]
510 3765 91 51 viii,
630 3763 78 49 351
734 3780 43 36 p.
801 3766 103 44 incl.
932 3765 151 50 front.,
1110 3766 119 43 illus.
1292 3765 50 43 18
1349 3767 46 17 cm
1401 3800 10 8 .

443 3818 52 54 ©
523 3820 119 44 Nov.
669 3819 68 54 25,
768 3819 102 44 1925;
923 3819 65 43 2c.
1017 3820 98 52 Jan.
1147 3818 61 53 14,
1241 3818 129 52 1926;
1402 3818 78 43 aff.
1511 3818 108 43 Dec.
1652 3818 61 52 16,
1747 3816 130 54 1925;
1908 3817 44 44 A
1983 3816 187 53 879262;
2204 3814 119 47 Ginn
2350 3817 87 43 and

513 3893 50 28 co.
641 3875 67 55 [©
737 3892 98 28 new
865 3884 125 36 notes
1023 3876 87 43 and
1140 3874 311 55 illustrations]
1523 3875 241 53 (26-2321)
