2542 4285
1360 3998 110 56 586

404 358 136 71 Coe,
578 356 316 58 Theodors
927 356 331 70 Laurence,
1295 358 353 56 1893-1925.

481 447 1901 74 Poems, by Theodore Laurence Coe … [Boston] Priv.
402 526 210 72 print.,
646 528 163 59 1926.

476 616 56 46 52
553 633 42 37 p.
653 619 50 43 21
715 622 46 17 cm
768 657 8 8 .

406 685 52 53 ©
492 687 110 51 May
632 686 66 51 20,
734 686 128 51 1926;
895 687 63 41 2c.
993 686 111 51 May
1135 685 78 51 24;
1247 685 78 43 aff.
1360 686 110 51 May
1501 685 77 51 21;
1614 685 43 42 A
1690 684 186 52 890920;
1912 684 243 44 Theodore
2186 686 56 41 D.
2279 683 105 49 Coe,

477 741 110 47 East
617 741 250 52 Sandwich,
901 742 141 42 Mass.
1111 741 269 54 (26-11322)

407 840 305 69 Coleman,
750 843 221 55 Emma
1002 840 218 59 Lewis.

482 932 148 57 New
658 932 292 72 England
979 932 278 71 captives
1286 930 245 59 carried
1559 935 62 54 to
1652 930 256 59 Canada
1934 933 277 56 between
2239 934 148 55 1677

407 1012 122 55 and
559 1011 165 71 1760,
757 1010 229 72 during
1017 1011 103 60 the
1153 1010 244 57 French
1430 1011 122 57 and
1582 1010 225 57 Indian
1837 1029 183 54 wars,
2051 1010 82 71 by
2165 1009 223 59 Emma

404 1087 1984 74 Lewis Coleman … Portland, Me., The Southworth press,
399 1168 164 56 1925.

476 1259 27 42 2
556 1293 9 8 v.
627 1258 173 50 fronts.,
830 1256 114 45 illus.
972 1258 139 53 (map,
1140 1257 199 53 facsim.)
1375 1258 155 52 plates,
1556 1265 138 45 ports.
1754 1258 150 43 24½cm.

473 1329 132 52 Maps
634 1346 57 27 on
720 1329 342 52 lining-papers.

410 1397 52 53 ©
493 1399 116 42 Mar.
638 1396 38 53 7,
708 1398 102 43 1926
827 1413 8 36 ;
865 1398 64 42 2c.
959 1397 107 44 each
1094 1398 85 42 and
1207 1398 78 42 aff.
1317 1398 110 51 May
1453 1398 54 42 24
1523 1412 8 36 ;
1562 1397 44 42 A
1635 1397 160 43 890901
1814 1411 9 37 ;
1855 1394 52 48 E.
1939 1397 48 42 L.
2021 1395 225 53 Coleman,
480 1397 1890 101 Boston.
637 1454 269 54 (26-11311)

411 1554 248 69 Collins,
696 1553 339 58 Frederick
1067 1552 218 72 Lewis,
1322 1555 188 57 1882-

488 1646 440 58 Travelcharts
962 1649 122 56 and
1116 1649 203 55 travel
1352 1645 193 69 chats,
1575 1648 83 68 by
1687 1646 342 56 Frederick
2057 1647 68 55 L.
2162 1647 232 57 Collins

414 1722 374 68 <Frederick
857 1720 238 67 Lewis>
1196 1719 449 74 Indianapolis,
1719 1724 129 57 The
1916 1721 480 58 Bobbs-Merrill

411 1802 535 72 company [ c 1926]
482 1894 93 50 316,
604 1911 10 30 [1]
685 1907 39 37 p.
755 1894 98 42 incl.
882 1905 140 37 maps,
1047 1890 156 46 tables.
1266 1892 145 44 19½cm.

413 1944 52 55 ©
495 1948 110 51 May
634 1947 36 50 3,
702 1947 108 42 1926
822 1961 9 37 ;
863 1948 65 42 2c.
957 1946 112 52 May
1099 1946 47 51 8;
1178 1945 78 43 aff.
1288 1946 111 51 May
1432 1945 71 51 14;
1536 1945 44 42 A
1610 1944 188 53 890917;
1834 1945 356 44 Bobbs-Merrill
2219 1960 64 28 co.

490 2002 268 55 (26-11325)

413 2104 384 72 Conyngton,
841 2103 283 68 Thomas,
1167 2104 188 56 1855-

409 2192 1990 229 Business law decisions of cases digested in the Appendix, by Thomas Conyngton … and Louis O. Bergh … revised by Louis O. Bergh. New York, The Ronald press
411 2447 302 53 company
743 2458 13 42 [
761 2431 14 17 c
781 2430 164 71 1926]

482 2508 49 42 61
555 2521 40 38 p.
654 2507 150 43 21½cm.

484 2562 124 45 “The
633 2561 255 54 quotations
912 2564 132 51 given
1071 2577 76 29 are
1174 2562 121 44 from
1318 2562 73 43 the
1415 2561 209 54 opinions
1648 2562 50 44 of
1724 2562 74 45 the
1822 2571 152 36 courts
2000 2562 95 44 that
2121 2562 181 45 decided
2327 2563 74 44 the

415 2635 124 29 cases
562 2621 201 52 digested
790 2620 43 43 in
859 2620 75 44 the
958 2620 245 52 Appendix
1228 2619 51 45 of
1306 2618 271 54 Conyngton
1604 2620 87 43 and
1718 2618 190 54 Bergh’s
1934 2620 219 43 textbook
2178 2620 51 43 of
413 2620 1967 102 ‘Business
538 2678 244 52 law’.”—p.
808 2680 37 42 3.

417 2734 52 54 ©
501 2737 109 52 May
641 2734 63 52 17,
737 2735 129 53 1926;
897 2737 63 41 2c.
988 2736 89 42 and
1104 2735 77 42 aff.
1214 2734 111 53 May
1350 2734 77 52 20;
1460 2734 44 42 A
1532 2734 187 51 891493;
1755 2733 177 45 Ronald
1961 2749 124 37 press
2115 2749 65 29 co.

496 2792 267 55 (26-11224)

416 2894 143 68 Cox,
605 2892 170 59 John
815 2893 50 56 E
1180 2893 190 57 1850-

490 2982 267 58 Thomas
801 2980 202 72 Price,
1032 2980 65 71 (a
1138 2979 258 73 pioneer
1435 2980 65 60 in
1544 2980 204 71 Posey
1793 2979 263 72 County,
2098 2980 297 73 Indiana)

413 3061 122 57 and
573 3060 97 60 his
712 3059 443 70 descendants;
1199 3077 36 38 a
1274 3056 248 74 history
1563 3058 121 56 and
1726 3058 362 72 genealogy,
2129 3061 83 70 by
2253 3059 150 57 Rev.

411 3134 1968 153 John E. Cox … Owensville, Ind., Printed in the Messenger office, 1926.
483 3290 90 52 129,
610 3290 52 47 [1]
699 3305 40 38 p.
861 3324 9 17 pl.,
906 3297 142 45 ports.
1108 3290 53 43 23
1169 3292 46 17 cm
1220 3324 10 9 .

420 3346 52 54 ©
508 3348 110 52 May
654 3346 60 52 17,
755 3348 103 42 1926
874 3362 9 36 ;
918 3349 65 42 2c.
1016 3348 87 42 and
1136 3347 78 43 aff.
1249 3348 111 51 May
1393 3349 51 40 21
1462 3362 9 37 ;
1508 3347 44 42 A
1586 3346 163 45 890874
1765 3362 9 37 ;
1812 3348 39 52 J.
1889 3346 50 47 E.
1979 3346 111 53 Cox,
2128 3347 274 55 Evansville,

491 3405 94 42 Ind.
654 3403 269 55 (26-11271)

418 3501 211 69 Davis,
670 3501 234 59 Robert
940 3500 259 71 Hobart,
1242 3505 189 56 1869-

498 3596 236 70 “Ruby
767 3595 289 57 Robert”
1093 3595 156 57 alias
1282 3595 135 58 Bob
1450 3596 457 71 Fitzsimmons,
1941 3596 83 71 by
2057 3597 234 57 Robert
2325 3597 77 56 H.

419 3669 1987 75 Davis, with an introduction by W. O. McGeehan … New
419 3748 1393 74 York, George H. Doran company [ c 1926]
493 3828 62 43 xii
586 3841 53 38 p.,
669 3830 23 42 3
741 3862 7 7 l.,
797 3830 159 42 19-134
986 3842 39 36 p.
1087 3828 156 50 front.,
1276 3832 17 40 1
1325 3826 132 52 illus.,
1486 3827 155 51 plates,
1670 3835 141 42 ports.
1875 3829 146 43 19½cm.

421 3879 55 54 ©
503 3882 110 50 May
642 3882 59 42 14.
734 3881 127 52 1926;
888 3881 64 44 2c.
979 3882 111 51 May
1120 3883 73 50 18;
1222 3882 78 43 aff.
1329 3883 111 50 May
1469 3882 73 51 19;
1572 3882 44 42 A
1641 3882 187 52 890830;
1859 3882 178 52 George
2064 3883 61 42 H.
2155 3882 156 42 Doran
2338 3895 65 29 co.

503 3937 267 51 (26-11399)
