2542 4285
0 0 0 0 1493
140 394 298 70 Macleod,
485 393 206 57 Adam
735 391 266 60 Gordon.

219 486 129 56 The
378 483 233 59 Cathra
636 486 300 67 mystery,
963 483 83 70 by
1070 482 204 56 Adam
1303 481 252 59 Gordon
1583 480 327 58 MacLeod.
1973 480 148 57 New

144 563 185 71 York,
365 563 65 55 L.
468 560 377 72 MacVeagh,
882 559 128 57 The
1042 559 145 58 Dial
1218 578 199 53 press,
1452 559 165 56 1926.

211 639 45 44 vi
283 655 53 37 p.,
367 641 17 42 1
445 673 10 17 l.,
480 638 81 44 418
587 652 40 39 p.
691 638 50 44 19
746 639 46 18 cm
799 672 9 9 .

141 694 53 54 ©
228 698 108 41 Dec.
370 696 66 50 20,
474 694 125 45 1926;
636 694 63 42 2c.
737 695 106 41 Dec.
877 694 76 50 23;
991 694 78 41 aff.
1104 694 107 41 Dec.
1247 693 76 50 22;
1362 693 44 41 A
1440 692 189 51 957776;
1666 691 105 43 Dial
1808 706 141 37 press,
1986 691 82 43 inc.

219 750 266 56 (26-24560)

142 848 366 58 Mercantile
537 853 163 53 trust
733 849 125 56 and
887 847 243 71 deposit
1161 863 88 41 co.
1282 846 67 57 of
1381 845 357 58 Baltimore.

221 940 250 59 Studies
504 940 63 55 in
599 939 156 56 wills;
821 957 286 38 romance
1140 939 123 55 and
1292 937 263 58 interest
1587 938 66 56 of
1684 957 79 39 an
1797 938 101 57 old
1931 942 192 67 story.

144 1018 376 71 [Baltimore]
558 1015 366 60 Mercantile
964 1019 166 53 trust
1167 1014 46 58 &
1252 1014 246 71 deposit
1536 1033 304 53 company
1879 1015 67 56 of
141 1015 1962 138 Baltimore
397 1124 12 42 [
412 1105 20 20 c
434 1096 162 70 1926]

212 1168 1468 56 3 p. l., 25, [1] p. col. front., illus. (incl. ports.) 19½cm.
139 1228 53 53 ©
220 1232 107 41 Dec.
360 1229 59 46 15,
449 1229 127 51 1926;
603 1229 66 43 2c.
696 1229 86 42 and
808 1229 78 42 aff.
914 1230 107 41 Dec.
1054 1227 73 51 17;
1158 1227 43 42 A
1228 1225 189 53 957695;
1450 1227 268 43 Mercantile
1744 1234 117 35 trust
1890 1227 38 43 &
1955 1225 174 54 deposit

208 1301 63 28 co.
298 1286 50 43 of
372 1285 260 43 Baltimore.
695 1283 267 54 (26-24277)

138 1383 224 68 Miller,
409 1384 159 56 Rose
615 1384 69 56 E.

216 1476 302 72 Opinions
542 1476 47 55 &
610 1494 305 39 nonsense
943 1477 95 70 [by]
1081 1477 165 59 Rose
1269 1476 72 56 E.
1370 1475 224 58 Miller.
1676 1477 257 68 Boston,
1959 1477 70 55 R.
2059 1476 67 57 G.

135 1556 252 72 Badger
413 1555 198 72 [c1926]

207 1635 53 43 27
290 1650 39 32 p.
394 1635 144 43 19½cm.

209 1692 155 43 Verse.

140 1742 53 54 ©
225 1745 107 41 Dec.
364 1744 40 50 4,
438 1742 127 52 1926;
600 1742 61 43 2c.
698 1743 106 41 Dec.
836 1742 77 51 21;
948 1741 77 42 aff.
1060 1742 107 42 Dec.
1204 1741 72 51 18;
1312 1741 44 41 A
1388 1740 190 53 958441;
1612 1740 199 45 Richard
1846 1742 51 44 G.
1935 1743 194 52 Badger.

218 1798 269 57 (26-24515)

138 1900 283 71 Morgan,
466 1897 168 58 John
674 1896 146 69 Hill,
868 1899 187 56 1870-

218 1987 329 74 Paintings
580 1989 82 70 by
692 1988 168 57 John
892 1987 324 58 Trumbull
1246 1991 64 53 at
1340 1987 155 57 Yale
1526 1988 351 72 university
1909 1991 67 56 of
142 1989 1962 136 historic

338 2086 208 39 scenes
586 2066 123 57 and
744 2083 384 54 personages
1162 2065 357 71 prominent
1555 2065 64 57 in
1653 2067 105 57 the
1794 2067 336 58 American

143 2143 1985 73 revolution, by John Hill Morgan … New Haven, Pub.
141 2225 105 57 for
280 2225 104 59 the
421 2222 338 59 associates
795 2222 63 56 in
894 2220 120 58 fine
1053 2225 132 53 arts
1226 2225 64 53 at
1328 2221 155 58 Yale
1519 2221 353 73 university
1908 2223 82 72 by
2026 2222 105 59 the

140 2303 153 58 Yale
324 2300 353 72 university
708 2318 201 53 press,
945 2300 163 55 1926.

211 2380 53 45 90
294 2395 40 38 p.
366 2378 100 45 incl.
497 2378 153 53 front.,
679 2378 114 43 illus.
821 2376 126 54 (incl.
979 2376 166 53 ports.)
1212 2376 54 44 26½c
1318 2378 29 18 m
1353 2411 9 9 .

138 2436 55 53 ©
227 2438 117 42 Nov.
379 2436 39 51 5,
451 2435 127 52 1926;
612 2435 63 42 2c.
710 2436 107 41 Dec.
849 2433 78 52 20;
962 2434 78 42 aff.
1075 2435 109 41 Dec.
1222 2433 73 52 17;
1333 2435 44 41 A
1411 2434 189 52 958430;
1635 2435 116 43 Yale
1783 2434 118 45 univ.
1937 2450 137 38 press.

217 2491 268 56 (26-24586)

139 2578 151 56 New
324 2577 175 57 York
542 2576 236 73 (State)
868 2576 303 72 Supreme
1212 2580 189 53 court.

139 2667 1971 139 … Reports of cases heard and determined in the appellate
296 2744 1834 73 division … Austin B. Griffin, reporter. v. 210-216.
141 2827 165 70 1925,
352 2826 163 55 1926.
600 2823 233 57 Official
876 2824 92 56 ed.
1052 2822 267 73 Albany,
1365 2823 58 57 J.
1473 2824 70 56 B.
1591 2825 177 71 Lyon
1810 2843 322 56 company,

139 2905 166 69 1925,
339 2903 164 56 1926.

209 2979 23 44 7
259 2995 42 28 v.
356 2978 54 44 23½
445 2980 46 19 cm
498 3012 9 9 .

171 3071 8 7 v.
216 3035 93 50 210,
345 3033 53 53 ©
437 3035 110 51 May
588 3035 64 50 13,
693 3032 127 53 1925;
861 3050 41 27 v.
939 3035 97 50 211,
1073 3031 53 54 ©
1165 3035 108 51 July
1308 3036 48 48 3;
1398 3051 39 27 v.
1477 3036 95 49 212,
1606 3034 56 53 ©
1702 3036 100 43 Oct.
1841 3036 78 52 26;
1959 3053 40 26 v.
2038 3038 94 51 213,

206 3090 61 53 ©,
295 3093 107 42 Dec.
439 3091 72 50 10;
545 3107 38 26 v.
616 3091 95 51 214,
739 3089 56 53 ©
827 3092 112 51 Apr.
971 3091 37 51 8,
1046 3091 128 51 1926;
1209 3108 40 26 v.
1282 3091 93 49 215,
1408 3090 55 53 ©
1495 3092 105 52 July
1635 3093 49 50 8;
1719 3108 40 27 v.
1793 3093 95 52 216,
1922 3091 53 54 ©
2014 3093 119 52 Sept.

209 3148 77 51 25;
323 3149 63 41 2c.
424 3148 108 45 each
567 3148 117 42 Nov.
720 3148 76 48 22;
836 3148 101 42 affs.
974 3149 109 41 Dec.
1122 3149 46 41 11;
1236 3149 44 41 A
1316 3148 360 44 957567-957573;
1740 3149 217 45 Florence
1995 3150 50 46 E.
2088 3150 44 46 S.

210 3205 177 51 Knapp,
431 3212 223 44 secretary
695 3204 51 43 of
787 3204 74 43 the
904 3212 114 36 state
1059 3204 51 44 of
1151 3204 117 44 New
1310 3206 145 51 York,
1498 3205 44 42 in
1584 3213 116 35 trust
1744 3206 73 44 for
1858 3207 75 44 the
1978 3210 155 49 people

210 3262 49 43 of
287 3261 73 43 the
392 3261 95 43 said
517 3269 127 44 state,
672 3261 193 52 Albany.

207 3345 1859 73 … The North eastern reporter. v. 152. Permanent ed. …
215 3423 176 57 With
439 3424 406 70 key-number
895 3424 419 58 annotations.
1407 3426 166 57 June
1626 3428 360 72 29-August
2043 3430 89 72 31,

219 3502 163 55 1926.
463 3500 87 57 St.
590 3501 176 71 Paul,
801 3502 182 58 West
1015 3502 361 73 publishing
1412 3523 105 51 co.,
1557 3506 163 55 1926.

209 3579 92 49 xvi,
334 3577 106 43 1009
469 3591 39 37 p.
566 3577 53 42 26
625 3580 46 18 cm
679 3613 7 7 .
754 3578 243 53 (National
1028 3586 204 44 reporter
1263 3581 356 50 system—State
1649 3582 164 53 series)

137 3631 57 54 ©
231 3634 99 43 Oct.
363 3634 67 50 21;
470 3634 104 43 1926;
633 3635 64 43 2c.
733 3636 108 42 Dec.
880 3635 73 52 16;
990 3636 78 43 aff.
1108 3637 106 42 Dec.
1257 3634 72 53 15;
1366 3638 44 41 A
1445 3637 164 44 957675;
1672 3639 135 44 West
1843 3640 99 51 pub.
1981 3655 64 29 co.

143 3710 254 73 Ophüls,
446 3710 294 73 William,
792 3716 187 56 1871-

287 3801 1844 80 … A statistical survey of three thousand autopsies,
145 3878 165 57 from
347 3879 102 57 the
485 3879 413 71 Department
936 3882 67 57 of
1039 3883 342 73 pathology
1416 3885 67 57 of
1517 3886 102 57 the
1658 3886 307 59 Stanford
1999 3888 133 56 uni-
