2542 4285
1130 3998 143 56 1437

250 479 1912 81 … Mit zwei farbigen tafeln und 11 textabbildungen.
184 569 325 67 München,
542 568 57 57 J.
633 567 69 56 F.
735 563 337 70 Lehmann,
1105 562 164 56 1926.

257 640 811 59 164 p. illus., 2 col. pl. 23 ½ cm .
181 690 1674 65 © May 1, 1926; 1c. May 21; A —Foreign 31047; J. F. Lehmann.
260 758 268 56 (26-23204)

182 844 85 57 Le
310 844 228 72 Queux,
584 840 295 72 William,
924 841 189 56 1864-

259 935 130 62 The
422 938 185 56 letter
642 932 184 75 “E”,
859 934 84 71 by
973 927 278 62 William
1286 929 87 59 Le
1411 926 230 73 Queux.
1724 927 256 57 London
2039 928 103 55 [etc.]

185 1014 238 61 Cassell
453 1012 122 58 and
607 1028 319 56 company,
957 1010 110 57 ltd.
1102 1008 179 73 [1926]

253 1091 650 52 3 p. l ., 313, [1] p . 19 ½ cm .
185 1134 1986 66 © 1c. Oct. 2, 1926; A ad int. 8572; pubd. Aug. 5; W. Le Queux, London.
265 1202 267 55 (26-24130)

187 1274 257 57 London
468 1272 270 73 opinion,
803 1289 57 37 v.
889 1272 91 68 91,
1006 1288 97 37 no.
1133 1268 166 70 1180,
1327 1266 156 57 Nov.
1512 1268 91 69 13,
1630 1267 163 55 1926.

187 1353 1987 64 © 1c. Nov. 19, 1926; A ad int. 8753; pubd. Nov. 5; George Newnes, ltd.,
258 1422 197 43 London.

188 1491 270 68 Manion,
496 1489 308 59 Clarence.

264 1574 1912 77 American history, by Clarence Manion … Boston,
190 1655 1368 76 New York [etc.] Allyn and Bacon [ c 1926]
258 1729 1288 57 xiii, 479, 52 p. front. (port.) illus., maps. 19½ cm .
260 1791 323 46 “References”
613 1798 44 35 at
684 1790 86 46 end
796 1789 50 44 of
873 1788 108 45 each
1009 1787 195 53 chapter.

189 1848 55 54 ©
274 1850 121 51 Sept.
422 1849 68 51 23,
523 1848 105 43 1926
641 1862 10 36 ;
679 1847 65 43 2c.
773 1847 109 42 Dec.
915 1846 74 51 13;
1021 1846 79 42 aff.
1129 1846 110 43 Dec.
1266 1844 52 53 9;
1347 1844 46 42 A
1418 1842 190 54 957590;
1639 1844 142 52 Allyn
1810 1845 90 43 and
1930 1844 166 43 Bacon.

268 1905 270 56 (26-23118)

192 1976 206 69 Milne,
436 1976 277 59 William
750 1975 229 70 James,
1021 1976 357 56 1843-1914.

269 2069 143 71 Key
442 2071 62 53 to
541 2066 240 58 Second
813 2084 217 38 course
1062 2065 66 55 in
1162 2064 273 73 algebra,
1469 2065 81 70 by
1581 2063 279 58 William
1893 2065 59 57 J.
1991 2064 191 57 Milne

194 2148 122 55 and
343 2145 245 58 Walter
615 2144 68 55 F.
716 2143 290 72 Downey.
1077 2143 153 56 New
1256 2142 190 73 York,
1477 2143 335 57 American
1839 2142 160 57 book
190 2162 1970 133 company
393 2223 179 73 [1926]

265 2301 18 42 1
314 2315 41 28 v.

193 2355 55 54 ©
280 2358 99 52 Jan.
418 2357 62 51 13,
519 2356 127 51 1926;
680 2354 65 44 2c.
779 2356 88 42 and
901 2354 77 43 aff.
1016 2354 97 52 Jan.
1154 2354 74 52 16;
1265 2353 45 44 A
1346 2352 189 54 879284;
1572 2353 245 45 American
1852 2354 122 44 book
2004 2369 67 28 co.

196 2434 297 57 National
521 2432 286 58 institute
837 2432 67 57 of
931 2431 193 58 social
1153 2431 287 58 sciences.

340 2508 1845 64 … Journal of the National institute of social sciences
264 2585 1922 75 … v. 11, October 15, 1926. Current discussions. This
196 2668 243 56 volume
467 2667 129 56 also
624 2668 358 69 represents
1008 2684 97 37 no.
1133 2667 70 55 57
1232 2666 66 57 of
1322 2666 103 56 the
1452 2666 269 57 Journal
1749 2667 67 56 of
1841 2666 102 57 the

196 2667 1972 134 American
384 2744 189 57 social
622 2742 234 59 science
905 2742 396 58 association.
1403 2743 255 72 Boston,
1710 2743 209 74 Mass.,
1972 2745 68 56 F.
2089 2745 97 57 W.

200 2821 785 76 Faxon company [ c 1926]
267 2896 710 54 4 p. l ., 230 p. illus. 23½c m .
197 2953 56 54 ©
282 2956 107 43 Dec.
422 2957 39 50 1,
491 2955 106 43 1926
611 2969 10 37 ;
651 2955 66 43 2c.
747 2955 88 42 and
862 2955 80 43 aff.
973 2955 107 43 Dec.
1110 2956 50 50 3;
1193 2955 46 43 A
1267 2952 191 56 957496;
1491 2954 217 45 National
1738 2955 206 45 institute
1970 2956 52 43 of
2051 2955 140 45 social

271 3012 209 53 sciences,
516 3012 118 43 New
669 3011 144 45 York.

200 3082 246 72 Nelson,
495 3083 167 58 John
707 3082 287 74 Herbert,
1042 3086 189 58 1897-

277 3174 128 58 The
443 3192 194 56 negro
677 3175 323 61 character
1037 3176 66 59 in
1140 3177 336 60 American
1515 3175 347 77 literature,
1902 3180 84 71 by
2023 3180 169 58 John

201 3251 1797 79 Herbert Nelson … Lawrence, Kan., Department of
199 3257 1971 134 journalism
451 3350 199 54 press,
681 3332 165 58 1926.

270 3413 28 43 4
339 3425 40 35 p.
441 3444 25 16 l.,
510 3410 167 48 [7]—146
719 3423 41 37 p.
818 3410 55 43 22½
908 3412 47 18 cm
960 3445 10 9 .
1038 3408 289 53 (Half-title:
1378 3409 199 47 Bulletin
1619 3413 52 45 of
1713 3412 76 48 the
1831 3414 268 52 University
2140 3416 54 45 of

205 3466 191 45 Kansas.
457 3465 289 47 Humanistic
776 3465 183 52 studies,
987 3467 90 45 vol.
1160 3502 10 15 Iv,
1195 3484 72 29 no.
1301 3468 48 50 1)

275 3522 385 50 Bibliographical
708 3522 268 47 foot-notes.

200 3572 60 55 ©
290 3576 116 43 Nov.
437 3576 67 50 30,
537 3576 103 43 1926
655 3591 9 35 ;
696 3575 64 45 2c.
792 3577 87 42 and
909 3577 78 42 aff.
1022 3577 109 42 Dec.
1163 3578 51 49 6;
1246 3575 44 44 A
1322 3575 190 53 957447;

1546 3578 39 52 J.
1621 3580 60 42 H.
1716 3578 188 55 Nelson,
1939 3581 255 51 Lawrence,

276 3632 116 44 Kan.
462 3631 268 55 (26-23101)

207 3701 152 59 New
392 3702 173 57 York
606 3703 237 73 (State)
932 3706 200 72 Laws,
1169 3710 284 70 statutes,
1491 3712 109 54 etc.

287 3792 268 60 General
604 3794 149 59 laws
805 3796 68 56 of
922 3796 102 57 the
1078 3799 162 56 state
1290 3799 68 56 of
1405 3799 150 57 New
1604 3801 188 70 York,
1842 3802 360 74 containing

211 3872 423 57 amendments
666 3875 62 55 to
760 3874 104 57 the
895 3870 443 64 Consolidated
1365 3879 170 69 laws,
1565 3879 102 60 the
1702 3879 165 60 Code
1900 3881 68 57 of
2000 3880 202 59 crimi-
