2542 4285
1102 4009 145 57 1355

150 397 393 68 Macfadden,
583 396 276 56 Bernarr
892 388 344 76 Adolphus,
1279 389 188 57 1868-

229 485 468 60 Predetermine
731 501 157 53 your
918 481 223 71 baby’s
1175 498 126 52 sex,
1333 477 84 72 by
1444 476 280 56 Bernarr
1758 472 375 60 Macfadden

220 551 1695 82 … New York, Macfadden publications, inc., 1926.
226 644 1142 65 xiv p., 2 l., 168 p. incl. front. (port.) 20 cm .
153 725 55 53 ©
237 726 119 43 Nov.
386 726 40 48 4,
461 722 129 52 1926;
621 722 68 42 2c.
720 721 90 43 and
839 719 79 43 aff.
951 717 119 43 Nov.
1104 714 76 54 17;
1214 716 45 41 A
1292 712 188 54 950992;
1517 712 277 44 Macfadden
1824 708 313 55 publications,

224 782 81 44 inc.
373 778 267 57 (26-21327)

156 879 327 69 Meredith,
516 879 149 56 Mrs.
705 874 298 59 Florence
1045 870 318 74 (Lyndon)
1410 870 188 58 1883-

229 970 316 76 Hygiene;
588 989 36 37 a
664 967 294 60 textbook
995 968 105 56 for
1141 963 231 74 college
1413 961 303 73 students,
1756 959 152 60 with
153 958 1962 166 introductory

454 1047 263 60 sections
757 1063 79 40 on
875 1045 296 70 anatomy
1209 1042 124 57 and
1370 1035 390 78 physiology,
1801 1039 124 59 and
158 1037 1960 164 pathological

473 1114 1595 82 conditions, by Florence Lyndon Meredith …
155 1201 453 75 Philadelphia,
644 1201 69 57 P.
749 1195 391 62 Blakiston’s
1178 1213 113 41 son
1325 1196 48 57 &
1407 1212 86 42 co.
1534 1221 13 44 [
1551 1203 17 21 c
1573 1194 162 74 1926]

224 1284 1408 63 xiii p., 1 l., 719 p. incl. illus. (part col.) diagrs. 22 cm .
227 1363 351 53 Bibliography:
609 1376 41 36 p.
680 1358 205 49 698-702.

159 1433 53 53 ©
240 1433 118 44 Nov.
392 1431 61 50 12,
486 1429 105 44 1926;
644 1429 63 41 2c.
737 1427 87 42 and
852 1426 77 42 aff.
962 1425 117 42 Nov.
1113 1424 74 52 13;
1218 1423 47 42 A
1289 1421 190 55 957081;
1513 1424 50 42 P.
1598 1422 271 45 Blakiston’s
1902 1438 79 28 son
2014 1424 36 44 &
2079 1437 65 30 co.

238 1484 267 60 (26-20856)

159 1586 313 60 Missouri.
555 1586 333 59 Governor.

239 1680 128 56 The
404 1694 316 54 messages
762 1676 123 54 and
922 1671 485 72 proclamations
1449 1672 67 55 of
1555 1672 103 56 the
1697 1687 343 55 governors
2083 1673 66 55 of

161 1760 102 56 the
293 1760 163 55 state
486 1754 67 58 of
581 1752 321 73 Missouri,
931 1749 306 73 compiled
1267 1749 122 58 and
1421 1748 207 59 edited
1655 1750 83 70 by
1771 1747 203 60 Sarah
163 1749 1962 145 Guitar

291 1823 1859 83 and Floyd C. Shoemaker, A. M., secretary of the State
161 1912 325 59 historical
529 1909 234 72 society
805 1908 65 57 of
912 1905 317 60 Missouri,
1311 1924 55 38 v.
1413 1908 125 55 7-9.
1624 1904 338 75 Columbia,
2007 1906 143 74 Mo.,

166 1993 127 56 The
326 1991 178 57 State
535 1987 325 58 historical
890 1985 237 73 society
1157 1985 68 57 of
1255 1983 322 74 Missouri,
1611 1986 163 55 1926.

233 2083 23 42 3
290 2096 40 29 v.
393 2085 140 47 ports.
595 2078 51 42 23
654 2079 47 18 cm
708 2111 9 9 .

238 2150 332 45 CONTENTS.—v.
650 2154 36 37 7.
728 2146 328 56 [Marmaduke,
1097 2144 285 53 Morehouse,
1422 2142 264 57 Francis]—v.
1767 2153 37 36 8.
1846 2144 168 55 [Stone,
165 2145 1969 117 Stephens]—v.
459 2214 37 36 9.

538 2204 241 55 [Dockery,
819 2201 132 59 Folk]

167 2278 53 53 ©
246 2279 118 45 Nov.
394 2278 63 52 10,
487 2277 127 52 1926;
640 2277 72 42 2c.:
731 2275 108 45 each
865 2274 117 44 Nov.
1013 2275 74 50 19;
1116 2274 77 43 aff.
1224 2274 118 42 Nov.
1369 2274 79 52 29;
1478 2274 43 42 A
1549 2271 188 57 957314;
1771 2273 126 46 State
1923 2274 233 46 historical

238 2336 169 53 society
441 2334 51 44 of
530 2333 231 45 Missouri.

171 2435 450 73 Montgomery,
662 2431 172 75 Lucy
873 2430 275 60 Lincoln.

243 2526 157 61 Miss
443 2524 307 75 Jeffrey’s
794 2523 486 77 neighborhood,
1322 2525 83 72 by
1446 2525 172 74 Lucy
1657 2523 257 62 Lincoln
167 2525 1967 156 Montgomery,

465 2602 360 63 illustrated
846 2605 83 71 by
954 2601 258 62 Charles
1237 2603 97 58 W.
1362 2600 253 77 Kelsey.
1679 2603 259 73 Boston,
1962 2603 94 59 W.
2082 2605 74 56 A.

168 2681 772 77 Wilde company [ c 1926]
239 2763 81 44 320
350 2776 42 36 p.
451 2760 82 45 col.
565 2762 140 43 front.
768 2759 50 44 19
824 2762 47 18 cm
877 2794 9 10 .

173 2815 53 54 ©
257 2816 121 53 Sept.
413 2814 62 53 15,
508 2815 128 51 1926;
668 2814 63 43 2c.
763 2814 85 42 and
879 2812 78 43 aff.
992 2813 117 43 Nov.
1139 2811 79 54 22;
1252 2813 43 42 A
1325 2811 190 55 957193;
1547 2813 74 45 W.
1653 2814 57 43 A.
1741 2813 154 46 Wilde
1926 2830 65 29 co.

249 2871 270 56 (26-21114)

175 2970 285 76 Morgan,
503 2972 229 71 James,
776 2972 189 58 1861-

255 3061 131 60 Our
420 3061 356 73 presidents;
842 3060 170 60 brief
1045 3059 401 76 biographies
1486 3063 68 57 of
1590 3082 113 39 our
1740 3063 167 59 chief
178 3064 1964 148 magistrates,

449 3140 83 72 by
581 3139 217 59 James
850 3138 284 75 Morgan.
1218 3139 151 57 New
1421 3141 90 56 ed.
1596 3140 152 59 New
1796 3141 188 73 York,
2037 3142 130 57 The

180 3218 356 58 Macmillan
570 3234 322 56 company,
925 3218 164 57 1926.

247 3295 109 52 xvii,
388 3296 80 44 348
497 3309 41 40 p.
600 3294 150 54 front.,
780 3294 156 54 plates,
967 3301 139 46 ports.
1166 3294 53 44 20½
1253 3296 46 18 cm
1308 3330 7 7 .

177 3352 53 54 ©
256 3353 117 45 Nov.
405 3353 62 51 16,
497 3352 128 53 1926;
655 3351 63 44 2c.
747 3352 86 43 and
860 3352 77 43 aff.
968 3352 117 43 Nov.
1118 3350 73 54 17;
1222 3352 43 42 A
1291 3349 190 55 958019;
1512 3351 264 46 Macmillan
1805 3368 65 30 co.

256 3409 269 56 (26-20901)

182 3508 320 70 Murdock,
545 3507 234 73 Victor,
824 3511 188 57 1871-

261 3596 515 77 Constantinople;
839 3601 104 57 the
974 3599 317 74 challenge
1324 3603 68 56 of
1422 3601 103 58 the
1560 3600 328 77 centuries,
1922 3603 80 72 by
184 3602 1967 134 Victor

326 3670 1846 91 Murdock … New York, Chicago [etc.] Fleming H.
245 3757 155 58 Revell
431 3773 305 55 company
770 3785 13 44 [
784 3765 19 21 c
806 3755 164 74 1926]

253 3833 83 46 288
368 3851 41 37 p.
469 3832 151 55 front.,
653 3831 129 53 illus.,
816 3833 154 52 plates.
1030 3835 49 42 21
1090 3836 47 18 cm
1142 3868 9 8 .

185 3889 53 54 ©
272 3890 100 46 Oct.
405 3891 39 51 9,
481 3890 127 53 1926;
641 3891 64 42 2c.
740 3892 85 43 and
858 3891 77 43 aff.
972 3891 100 44 Oct.
1106 3888 80 55 27;
1222 3891 43 42 A
1298 3889 188 56 949741;
1522 3890 208 56 Fleming
1762 3893 61 43 H.
1859 3892 157 44 Revell
2049 3907 65 29 co.

262 3946 270 57 (26-20923)
