2542 4285
1361 4006 150 56 1314

498 472 332 45 “Autorisierte
890 473 269 52 übersetzung
1189 487 79 32 aus
1297 472 101 44 dem
1427 470 253 45 russischen
1706 486 90 32 von
1823 469 189 53 Dmitrij
2045 470 290 53 Umanskij.”

758 565 8 7 CONTENTS.
782 554 57 7 —
854 528 105 45 Wie
997 546 44 27 es
1084 528 45 44 in
1170 528 175 45 Odessa
1386 527 208 53 gemacht
1634 528 325 44 wurde.—Der
1996 527 308 53 könig.—Der
428 541 1968 98 vater.—Ljubka

792 586 318 44 Kosak.—Die
1150 583 259 55 geschichte
1451 583 166 45 meines
1660 582 600 55 taubenschlages.—Meine
2302 590 117 37 erste

429 643 123 44 liebe.

427 696 1791 55 © Mar. 7, 1926; 1c. June 7; A —Foreign 31130; Malik-verlag, a.-g.
505 755 267 55 (26-20429)

429 842 222 72 Beard,
686 843 244 57 Patten.

502 931 1914 77 The complete playcraft book, by Patten Beard … with
423 1012 420 60 illustrations
886 1015 314 71 arranged
1239 1013 85 73 by
1363 1013 104 58 the
1511 1013 224 56 author
1778 1013 125 58 and
1941 1011 475 74 photographed

423 1094 82 71 by
560 1092 70 60 G.
691 1092 60 60 S.
807 1090 206 59 North
1068 1091 124 59 and
1243 1089 152 59 with
1448 1092 330 57 seventeen
1831 1088 339 75 diagrams.
2270 1089 151 59 New

425 1170 189 74 York,
649 1166 342 62 Frederick
1020 1169 75 57 A.
1133 1168 223 60 Stokes
1392 1185 320 55 company,
1747 1167 166 58 1926.

495 1245 1099 54 xvi p., 2 l., 364 p. incl. front., illus. 21 cm .
429 1301 53 54 ©
511 1304 117 42 Nov.
663 1302 62 51 10,
756 1302 106 42 1926;
916 1301 65 43 2c.
1012 1302 88 42 and
1128 1301 79 43 aff.
1238 1300 120 43 Nov.
1393 1299 72 53 12;
1497 1299 43 43 A
1570 1297 188 54 950906;
1792 1299 246 45 Frederick
2068 1301 58 42 A.
2160 1299 162 47 Stokes
2354 1317 65 29 co.

507 1358 267 57 (26-20518)

434 1443 390 76 [Beckmann,
867 1443 217 57 Frank
1126 1442 326 77 Harrison]

507 1519 1918 74 Practical public speaking … San Francisco, Calif.,
429 1600 371 72 Beckmann,
836 1599 308 57 Hollister
1175 1597 48 59 &
1254 1616 305 54 company
1594 1627 13 43 [
1609 1607 18 20 c
1631 1597 163 74 1926]

500 1677 277 44 6 v. 18 cm .
503 1732 196 45 Preface
733 1732 183 54 signed:
950 1731 49 45 F.
1034 1732 62 44 H.
1129 1732 275 44 Beckmann.

431 1789 53 54 ©
521 1790 101 45 Oct.
661 1792 35 50 1,
735 1790 129 51 1926;
903 1790 65 42 2c.
1004 1790 88 42 and
1127 1789 79 43 aff.
1244 1789 119 43 Nov.
1405 1788 72 52 10;
1517 1788 43 42 A
1598 1786 188 55 955325;
1826 1787 50 45 F.
1915 1789 62 42 H.
2019 1789 272 52 Beckmann,
2331 1787 92 47 San

500 1847 255 44 Francisco.
826 1846 269 55 (26-20428)

434 1930 225 74 Belloc,
697 1931 261 69 Hilaire,
997 1933 190 58 1870-

511 2011 129 56 The
669 2010 273 57 emerald
972 2010 69 56 of
1072 2007 335 60 Catherine
1437 2009 104 57 the
1571 2008 210 73 Great,
1811 2011 82 70 by
1925 2008 246 60 Hilaire
2200 2010 228 68 Belloc,

431 2088 151 58 with
613 2090 70 55 21
717 2087 316 73 drawings
1064 2088 84 71 by
1178 2086 69 60 G.
1281 2086 81 57 K.
1399 2085 388 60 Chesterton.
1870 2086 278 73 London,
434 2087 1973 137 Arrowsmith

656 2167 181 72 [1926]

503 2242 966 55 249, [1] p., 1 l. front., plates. 19 cm .
433 2297 1992 57 © 1c. Sept. 23, 1926; A ad int. 8557; pubd. July 29; Harper & bros., New
503 2359 142 43 York.
714 2357 269 55 (26-20768)

437 2444 262 71 Benson,
743 2442 214 74 Stella,
999 2444 190 58 1892-

513 2520 313 72 Goodbye,
860 2524 310 69 stranger,
1203 2520 82 72 by
1317 2519 196 59 Stella
1545 2519 268 59 Benson.
1896 2520 152 57 New
2077 2520 190 72 York,
2302 2521 129 58 The

436 2598 357 59 Macmillan
828 2616 324 54 company,
1190 2597 165 58 1926.

506 2676 550 55 4 p. l., 260 p. 19½cm.
435 2732 53 54 ©
520 2735 116 43 Nov.
665 2734 39 51 9,
737 2733 129 52 1926;
898 2733 64 44 2c.
994 2733 120 43 Nov.
1147 2733 75 51 10;
1254 2732 78 44 aff.
1364 2732 119 44 Nov.
1519 2733 74 51 11;
1626 2731 42 43 A
1699 2730 190 54 957030;
1924 2731 266 45 Macmillan
2220 2747 66 29 co.

513 2791 267 55 (26-20320)

438 2876 248 72 Beston,
727 2875 233 73 Henry,
1002 2877 190 57 1888-

515 2953 128 57 The
681 2972 144 39 sons
860 2954 70 56 of
962 2952 159 72 Kai;
1156 2952 104 58 the
1299 2956 175 68 story
1509 2953 103 58 the
1647 2952 228 58 Indian
1910 2952 151 71 told,
2097 2953 83 71 by
2214 2953 221 72 Henry

435 3032 252 57 Beston.
771 3031 151 57 New
952 3031 191 70 York,
1177 3031 130 57 The
1338 3030 360 58 Macmillan
1728 3049 323 53 company,
2085 3031 165 57 1926.

509 3107 1591 55 5 p. l., 55 p. incl. illus., plates, col. front., col. plates. 16 cm .
510 3167 72 44 On
611 3181 161 29 cover:
804 3165 100 45 The
936 3165 139 45 Little
1103 3165 185 53 library.

436 3222 54 53 ©
521 3224 117 43 Nov.
669 3223 40 52 9,
741 3222 128 53 1926;
901 3223 65 42 2c.
997 3222 120 43 Nov.
1152 3222 73 52 10;
1258 3222 78 43 aff.
1368 3222 119 43 Nov.
1522 3223 74 52 11;
1629 3222 43 42 A
1703 3220 165 45 957027;
1928 3222 266 43 Macmillan
2224 3237 65 29 co.

517 3280 268 55 (26-20426)

438 3362 319 75 Birdseye,
799 3363 295 58 Clarence
1133 3363 230 70 Frank,
1406 3367 189 56 1854-

515 3441 401 58 Arbitration
945 3442 123 57 and
1098 3440 287 59 business
1419 3441 194 58 ethics;
1676 3463 35 36 a
1743 3443 189 71 study
1960 3443 69 56 of
2057 3441 104 59 the
2190 3440 246 74 history

441 3521 123 56 and
601 3519 380 73 philosophy
1021 3518 69 58 of
1126 3520 105 57 the
1269 3519 257 58 various
1567 3522 181 69 types
1788 3520 69 57 of
1895 3519 379 59 arbitration
2313 3520 124 57 and

439 3597 163 58 their
629 3597 301 58 relations
959 3600 64 55 to
1051 3597 288 58 business
1369 3596 213 72 ethics,
1607 3597 83 72 by
1715 3595 299 61 Clarence
2038 3597 72 57 F.
2129 3596 308 73 Birdseye

508 3674 1929 73 … with a foreword by Charles L. Bernheimer … New
440 3753 189 69 York,
658 3753 279 69 London,
967 3753 73 57 D.
1073 3753 319 69 Appleton
1426 3753 124 57 and
1581 3770 320 52 company,
1936 3753 166 58 1926.

509 3829 96 52 xiii,
636 3828 80 47 305
746 3846 42 38 p.
845 3830 52 44 21
906 3831 48 19 cm
960 3864 10 10 .

441 3886 53 54 ©
532 3887 118 53 Sept.
688 3888 61 51 10,
787 3888 128 52 1926;
952 3888 62 43 2c.
1050 3889 87 42 and
1170 3888 79 43 aff.
1288 3886 120 54 Sept.
1448 3887 74 52 16;
1562 3888 42 41 A
1638 3885 189 54 949053;
1867 3886 48 45 C.
1951 3886 49 44 F.
2039 3886 231 53 Birdseye,
511 3885 1900 114 Dunnellen,

705 3944 473 56 N. J. (26-16129)
