2542 4285
1099 3961 108 54 215

256 423 752 54 263 p. front. (port.) 20½ cm .
179 477 54 53 ©
264 481 98 50 Jan.
398 478 62 52 16,
494 479 127 51 1926;
653 479 64 42 2c.
751 478 106 44 Feb.
893 480 74 50 13;
1000 480 78 42 aff.
1112 479 106 43 Feb.
1253 478 74 53 15;
1361 481 44 41 A
1439 479 187 53 883274;
1662 482 39 51 J.
1736 481 260 52 Guarascio,
248 481 1891 105 Fairmont,

481 534 435 54 W . Va. (26-6061)
179 631 274 69 Guthrie,
493 632 288 57 Kenneth
818 630 253 75 Sylvan,
1110 635 189 57 1871-

254 724 226 58 Votive
523 725 316 72 garlands,
877 725 174 72 hung
1091 745 78 37 on
1208 726 103 58 the
1353 724 452 73 world-temple
1846 725 195 70 walls,
2083 727 81 71 by

178 801 295 59 Kenneth
499 802 235 71 Sylvan
762 802 261 59 Guthrie;
1083 800 185 75 being
1293 801 97 59 his
1420 801 291 59 collected
1735 821 212 53 poems
1977 804 187 56 about

180 879 150 72 God,
370 881 103 56 the
509 881 307 69 universe,
856 879 250 72 society,
1145 881 103 56 the
1288 879 136 58 soul
1460 879 125 58 and
1618 879 82 59 its
1741 879 262 73 destiny.
2087 881 74 55 N.

177 957 300 69 Yonkers,
507 957 74 56 N.
611 956 93 72 Y.,
737 957 128 58 The
897 954 315 61 Platonist
1241 975 182 54 press
1458 986 13 43 [
1470 964 20 21 c
1494 956 164 72 1926]

249 1046 761 53 [460] p. front. (port.) 19 cm .
246 1116 201 45 Various
474 1115 203 53 pagings.

173 1183 52 53 ©
259 1184 106 44 Feb.
401 1183 61 51 1-7,
499 1183 127 51 1926;
659 1184 66 43 2c.
755 1184 88 42 and
873 1184 78 42 aff.
1041 1198 63 28 Mar.
1135 1186 49 48 8;
1221 1184 44 41 A
1298 1183 189 52 879780;
1522 1184 58 43 K.
1617 1184 43 45 S.
1697 1183 201 51 Guthrie,
1934 1184 225 50 Yonkers,

243 1240 59 43 N.
335 1240 54 43 Y.
458 1240 240 53 (26-6080)

175 1338 269 72 Haynes,
490 1336 243 73 Carlyle
774 1338 304 70 Boynton,
1122 1338 187 57 1882-

253 1427 1900 75 The hour of God’s judgment … by Carlyle B. Haynes
243 1504 1915 75 … Mountain View, Calif., Omaha, Neb. [etc.] Pacific
171 1602 180 53 press
378 1583 359 73 publishing
764 1583 377 58 association
1172 1613 13 43 t
1188 1591 19 22 c
1210 1584 164 71 1926]

244 1676 77 43 128
349 1690 39 37 p.
449 1675 114 43 illus.
626 1676 49 43 19½cm.

169 1743 52 53 ©
255 1743 105 44 Feb.
398 1743 62 52 18,
496 1743 128 51 1926;
659 1743 65 42 2c.
758 1743 88 43 and
877 1743 79 42 aff.
992 1743 119 42 Mar.
1150 1743 46 50 1;
1232 1743 44 41 A
1310 1741 188 53 879706;
1538 1743 167 43 Pacific
1739 1758 124 37 press
1899 1743 257 54 publishing

239 1800 282 44 association.
589 1798 242 55 (26-6189)

171 1897 315 74 Heyliger,
524 1896 295 72 William,
858 1899 190 57 1884-

244 1986 1914 75 Dorset’s twister, by William Heyliger … New York,
167 2067 277 71 London,
480 2067 71 56 D.
592 2066 319 71 Appleton
948 2066 122 56 and
1105 2084 322 55 company,
1466 2066 165 56 1926.

238 2156 749 53 3 p. l., 241, [1] p. front. 19½cm.
165 2227 55 53 ©
249 2229 120 42 Mar.
402 2228 62 51 12,
497 2226 127 52 1926;
652 2227 64 43 2c.
744 2227 87 43 and
858 2227 78 42 aff.
1020 2241 63 28 Mar.
1116 2225 74 52 16;
1222 2226 43 42 A
1293 2226 188 52 883666;
1514 2227 55 42 D.
1599 2226 228 53 Appleton
1856 2228 38 43 &
1920 2242 65 29 co.

246 2283 239 56 (26-6258)

168 2381 365 73 Hirshberg,
571 2380 287 58 Leonard
894 2380 223 72 Keene,
1158 2382 189 57 1877-

242 2472 193 58 What
461 2490 124 54 you
615 2471 192 72 ought
837 2475 64 53 to
931 2470 179 57 know
1140 2471 189 56 about
1358 2471 102 56 the
1493 2472 180 71 baby,
1704 2473 82 70 by
1816 2471 109 57 Dr.
168 2473 1958 135 Leonard

316 2548 1832 74 Keene Hirshberg … the science of rearing children.
167 2629 151 57 New
347 2627 174 58 York
552 2628 143 71 city,
729 2626 234 58 Health
999 2625 236 58 service
1266 2626 144 71 pub.
1447 2645 105 54 co.,
1584 2626 114 58 inc.
1735 2629 124 56 and
1892 2629 102 56 the
167 2628 1958 136 National

385 2706 211 57 health
622 2704 234 59 service
886 2734 13 43 [
901 2711 19 22 c
923 2705 164 73 1926]

236 2794 792 54 cover-title, 3 p. l., 147 p. 18 cm .
165 2866 50 53 ©
251 2867 105 43 Feb.
395 2868 35 49 1,
469 2865 127 52 1926;
659 2881 37 27 1c.
731 2864 106 44 Feb.
871 2864 51 51 2;
987 2879 23 27 1c,
1111 2878 66 28 Mar.
1214 2863 48 52 8;
1302 2864 78 44 aff.
1415 2863 106 46 Feb.
1561 2865 73 51 18;
1671 2866 44 41 A
1749 2864 164 45 879773;
1980 2865 171 44 Health

233 2923 172 43 service
441 2922 100 52 pub.
575 2936 80 37 co.,
693 2923 82 42 inc.
844 2919 242 55 (26-6055)

165 3022 316 72 Hodgson,
514 3022 151 57 Mrs.
701 3018 320 59 Harriette
1064 3017 289 75 (Ensley)

240 3114 129 56 The
413 3112 168 57 river
625 3111 67 58 of
733 3111 145 72 gold
922 3114 122 56 and
1087 3111 296 71 cobwebs,
1425 3111 84 72 by
1550 3110 326 59 Harriette
1920 3112 238 72 Ensley

164 3191 332 72 Hodgson;
541 3209 35 38 a
620 3193 177 68 story
839 3189 67 57 of
948 3189 102 57 the
1090 3192 224 68 patent
1354 3189 198 57 world
1593 3190 122 56 and
1758 3208 36 38 a
1838 3190 211 71 sequel
2090 3195 63 53 to

164 3270 129 56 The
331 3269 255 56 wooden
622 3268 185 56 horse
850 3267 67 56 of
957 3267 170 71 Troy
1165 3266 369 57 introduced
1572 3266 131 58 into
1745 3269 221 69 patent
2007 3268 147 57 land

162 3366 149 38 over
337 3346 196 72 night.
620 3345 167 73 [New
814 3344 189 72 York,
1034 3354 18 21 c
1057 3344 164 75 1926]

232 3421 621 54 4 p. l., 200, [2] p. 17 cm .
163 3480 51 53 ©
240 3481 105 43 Feb.
374 3481 62 49 18,
464 3480 127 51 1926;
617 3480 63 42 2c.
706 3479 87 43 and
814 3480 79 42 aff.
976 3494 64 27 Mar.
1066 3479 49 50 9;
1142 3480 44 41 A
1211 3476 189 54 883539;
1429 3478 61 43 H.
1518 3478 52 46 E.
1597 3478 238 52 Hodgson,
1862 3479 116 43 New
2005 3478 143 43 York.

240 3535 242 56 (26-6175)

164 3634 269 69 Holmes,
466 3634 240 57 Burton
733 3634 36 56 i.
802 3653 45 38 e.
880 3632 173 59 Elias
1083 3634 256 67 Burton,
1375 3634 187 58 1870-
1720 3634 89 59 ed.

237 3725 58 56 A
331 3724 130 71 trip
500 3725 240 56 around
776 3724 103 58 the
916 3725 195 56 world
1148 3724 271 71 through
1457 3724 104 60 the
1603 3728 411 67 stereoscope,
159 3724 1968 135 edited

322 3803 84 71 by
437 3802 244 57 Burton
717 3802 273 56 Holmes.
1074 3792 353 79 Meadville,
1465 3801 130 71 Pa.,
1633 3801 324 72 Keystone
1994 3801 158 57 view

161 3899 303 52 company
499 3908 13 44 [
512 3888 20 21 c
536 3880 163 72 1926]
