2542 4285
1307 3976 109 55 992

349 351 262 67 Huston,
655 349 262 58 Francis
959 351 278 71 Murray,
1283 351 189 57 1868-

422 440 347 74 Financing
815 459 78 38 an
938 441 265 72 empire;
1248 440 247 72 history
1540 443 66 56 of
1647 439 276 76 banking
1963 440 65 56 in
2073 439 262 72 Illinois,

344 522 82 72 by
469 519 261 60 Francis
778 518 264 74 Murray
1086 519 281 71 Huston;
1413 516 272 59 Andrew
1730 518 246 71 Russel,
344 516 1967 156 supervising

346 591 1966 158 editor … Chicago, The S. J. Clarke publishing company, 1926.
415 772 25 41 4
507 803 7 7 v.
575 766 153 50 front.,
765 764 130 50 illus.,
931 763 156 51 plates,
1124 769 154 45 ports.,
1314 777 141 37 maps,
1492 763 212 51 facsims.,
1742 766 153 49 tables,
1932 765 169 50 diagrs.
2160 762 53 44 27
2238 766 29 17 cm
2274 799 8 7 .

419 821 351 52 Bibliography:
798 838 40 27 v.
867 822 35 48 1,
930 835 40 35 p.
999 817 204 47 736-737.

352 876 52 53 ©
433 877 117 52 Aug.
580 877 65 50 31,
679 875 127 50 1926;
836 875 65 41 2c.
933 873 108 43 each
1069 874 87 42 and
1185 873 78 42 aff.
1297 871 121 53 Sept.
1449 871 48 52 7;
1529 872 44 42 A
1602 872 187 52 901806;
1822 871 50 44 F.
1903 873 64 42 M.
2000 873 197 51 Huston,
422 871 1893 115 Chicago.
615 930 270 56 (26-15595)

354 1031 457 59 International
853 1031 243 72 clinics;
1142 1050 39 37 a
1220 1030 324 72 quarterly
1590 1030 65 56 of
1698 1030 360 57 illustrated
2100 1030 242 58 clinical

429 1108 1845 71 lectures and especially prepared original articles …
432 1185 1914 75 Ed. by Henry W. Cattell [and others] … v. 2. 36th
435 1266 211 71 series,
685 1266 163 55 1926.
926 1264 437 70 Philadelphia
1402 1265 123 55 and
1562 1263 277 70 London,
1876 1264 60 57 J.
1976 1263 71 57 B.
2088 1264 256 71 Lippincott

588 1361 321 53 company,
944 1344 164 54 1926.

422 1437 44 34 X,
495 1421 80 42 314
601 1434 38 37 p.
697 1420 81 43 col.
809 1419 150 51 front.,
986 1419 153 52 plates,
1168 1418 142 42 tables
1347 1418 125 53 (part
1501 1417 134 53 fold.)
1673 1417 163 53 diagrs.
1895 1419 54 42 23½
1986 1420 46 18 cm
2038 1452 9 9 .

426 1479 111 41 Part
566 1478 50 45 of
647 1477 73 43 the
748 1477 142 51 plates
922 1491 76 28 are
1028 1475 175 52 printed
1234 1490 60 28 on
1320 1474 108 44 both
1460 1475 129 43 sides.

350 1533 57 53 ©
439 1536 114 51 June
585 1533 38 53 7,
657 1534 128 51 1926;
817 1534 63 42 2c.
914 1534 86 42 and
1032 1534 78 42 aff.
1144 1533 100 44 Oct.
1282 1533 73 51 13;
1390 1532 44 42 A
1466 1531 187 53 950424;
1687 1533 39 52 J.
1762 1533 48 42 B.
1846 1532 256 53 Lippincott
2134 1548 64 28 co.

355 1650 254 66 Janzen,
650 1648 323 57 Cornelius
1012 1647 232 57 Cicero.

435 1736 1845 74 Lines of laughter, love and living, by C. C. Janzen …
359 1815 1550 73 and Sara Hiebert … Hillsboro, Kan., 1925.
432 1895 137 53 [3]-60
594 1909 39 38 p.
697 1895 50 43 19
772 1898 29 17 cm
807 1930 9 8 .

358 1951 52 53 ©
440 1954 111 51 May
584 1951 59 51 15,
678 1951 128 53 1926;
836 1953 64 42 2c.
929 1952 86 42 and
1043 1952 77 41 aff.
1154 1950 119 52 Sept.
1303 1951 49 51 4;
1385 1951 44 41 A
1456 1950 188 52 948117;
1680 1949 48 45 C.
1762 1949 48 45 C.
1838 1951 184 52 Janzen,
2054 1951 168 50 Orono,
2255 1953 90 42 Me.

436 2009 269 55 (26-15586)

356 2109 293 72 Kimball,
691 2109 176 58 Paul.

434 2199 1914 73 Mrs. Merivale, by Paul Kimball … New York, E. J.
360 2278 208 72 Clode,
595 2277 115 58 inc.
746 2306 13 43 [
762 2286 18 22 c
784 2278 165 72 1926]

428 2354 83 44 320
535 2369 40 38 p.
638 2354 50 43 19½
741 2355 29 17 cm
776 2389 8 8 .

361 2411 52 53 ©
448 2411 117 52 Sept.
598 2411 38 52 7,
670 2412 128 51 1926;
828 2412 65 43 2c.
925 2412 87 42 and
1044 2413 77 42 aff.
1156 2411 121 52 Sept.
1315 2412 73 52 11;
1424 2412 42 41 A
1499 2412 187 51 901930;
1721 2411 198 47 Edward
1950 2413 39 52 J.
2025 2411 150 48 Clode,
2211 2413 81 43 inc.

440 2468 270 55 (26-15713)

361 2568 318 68 Knudson,
712 2571 152 55 Mrs.
901 2569 196 58 Grace
1132 2568 249 58 Powers
1425 2569 329 72 (Thomas)
1797 2571 189 58 1878-

438 2659 138 59 Gift
601 2662 124 56 and
750 2664 99 54 art
877 2660 154 71 shop
1055 2658 525 77 merchandising,
1606 2662 82 71 by
1712 2661 197 59 Grace
1934 2662 71 56 P.
2035 2664 67 56 T.
365 2662 1959 134 Knudson

570 2738 1537 75 … Boston, Little, Brown, and company, 1926.
429 2816 1637 54 xi p., 2 l., [3]-155 p. front., illus. (plan) plates, diagrs. 21 om .
363 2871 52 53 ©
448 2873 117 52 Aug.
596 2875 38 49 6,
669 2873 128 51 1926;
828 2872 65 43 2c.
924 2873 87 42 and
1042 2874 77 41 aff.
1152 2873 120 52 Aug.
1309 2873 73 52 10;
1415 2873 44 42 A
1491 2873 188 53 901401;
1716 2874 151 52 Little,
1899 2875 180 52 Brown,
2112 2876 86 42 and

433 2890 1898 92 company.
630 2928 270 55 (26-15619)

366 3031 128 56 The
532 3029 378 72 Legislative
950 3031 430 70 compendium
1418 3031 103 56 for
1559 3033 177 68 1926;
1777 3032 102 56 the
1917 3032 138 57 blue
2092 3033 160 56 book
2289 3032 67 57 of

441 3109 103 56 the
570 3108 336 56 American
935 3109 558 56 commonwealths.
1564 3109 113 57 Ed.
1699 3109 82 70 by
1799 3110 267 57 Barratt
2094 3110 259 58 O’Hara

509 3186 1845 75 … assisted by Lorence Holfman O’Hara … Chicago,
441 3264 114 71 Ill.,
592 3263 381 72 Legislative
1009 3263 412 57 information
1456 3265 253 71 bureau,
1747 3274 16 21 c
1768 3267 164 55 1926.

434 3340 53 43 80
519 3355 36 37 p.
615 3340 53 43 23
695 3343 28 16 cm
729 3375 9 8 .

363 3395 54 53 ©
446 3397 119 53 Sept.
597 3398 62 50 11,
691 3397 127 51 1926;
847 3398 63 42 2c.
942 3396 121 53 Sept.
1090 3396 77 53 27;
1198 3399 78 41 aff.
1306 3397 100 45 Oct.
1438 3399 72 52 12;
1541 3399 44 42 A
1612 3399 186 52 949468;
1832 3400 275 52 Legislative
435 3400 1898 98 information
569 3456 181 42 bureau.

364 3552 216 71 Lewis,
626 3553 372 73 Wyndham,
1047 3557 190 57 1886-

445 3643 129 58 The
598 3646 100 54 art
724 3645 68 56 of
812 3644 186 73 being
1022 3645 196 72 ruled,
1241 3646 83 70 by
1344 3645 355 72 Wyndham
1723 3647 219 58 Lewis.
2007 3647 152 58 New
2180 3647 174 58 York

368 3722 122 56 and
517 3720 277 73 London,
821 3722 256 73 Harper
1104 3723 48 57 &
1173 3723 310 73 brothers,
1513 3725 164 57 1926.

435 3800 580 53 xii, 450 p., 1 l. 21½ cm .
369 3853 52 53 ©
455 3854 117 52 Sept.
602 3856 36 45 3,
673 3856 128 51 1926;
834 3856 63 43 2c.
933 3855 119 53 Sept.
1082 3858 49 51 2;
1163 3859 77 42 aff.
1274 3857 120 52 Sept.
1424 3858 49 52 8;
1506 3858 44 42 A
1580 3858 187 53 901844;
1801 3860 75 43 W.
1907 3859 160 52 Lewis,
2100 3860 198 43 London.

448 3912 267 56 (26-15617)
