2542 4285
1317 3975 115 58 474

376 350 327 57 Bancroft-
707 349 299 74 Whitney
1042 368 319 58 company,
1405 355 130 58 San
1574 354 355 59 Francisco.

453 439 164 59 Code
641 441 296 73 pleading
958 442 66 56 in
1050 443 103 58 the
1176 447 270 53 western
1473 448 213 67 states,
1710 445 151 56 with
1887 446 198 57 forms;
375 447 1964 128 adapted
480 520 61 55 to

575 518 273 71 practice
879 519 66 56 in
974 520 105 57 the
1112 524 195 54 states
1341 521 68 56 of
1443 521 369 71 California,
1845 523 265 73 Oregon,
372 523 1968 144 Washington,
648 596 214 71 Idaho,

903 599 319 66 Montana,
1263 598 277 70 Nevada,
1580 599 293 71 Arizona,
1913 600 150 56 New
2104 601 259 71 Mexico,

372 673 186 72 Utah,
596 672 324 74 Colorado,
956 675 343 66 Nebraska,
1333 676 204 56 North
1568 676 263 71 Dakota,
1868 677 198 58 South
2099 677 265 71 Dakota,

371 751 254 57 Kansas
663 752 122 56 and
823 751 358 72 Oklahoma,
1214 753 83 70 by
1331 753 104 56 the
1467 752 381 71 publisher’s
1887 754 291 57 editorial
2213 754 152 58 staff

438 829 1924 76 … v. 1-3. San Francisco, Bancroft-Whitney company,
373 908 163 54 1926.

441 981 205 44 3 v. 25 cm.
445 1039 152 51 Paged
630 1038 325 53 continuously.

403 1128 8 8 v.
444 1095 101 51 1,2,
574 1093 52 53 ©
654 1096 112 50 Apr.
800 1096 60 49 16,
885 1095 138 52 1926;
1053 1097 65 42 2c.
1148 1096 106 42 each
1284 1097 112 50 Apr.
1426 1095 77 51 24;
1535 1096 101 43 affs.
1666 1097 111 51 Apr.
1808 1098 78 49 22;
1916 1112 41 27 v.
1988 1098 36 49 3,
2054 1095 55 53 ©
2139 1098 111 51 Apr.
2283 1098 77 51 29;

440 1150 64 44 2c.
531 1151 86 43 and
643 1151 78 43 aff.
750 1151 110 52 May
889 1149 47 55 5;
969 1151 43 43 A
1042 1152 175 51 890490,
1245 1151 176 53 890491,
1452 1150 185 54 890628;
1671 1152 461 53 Bancroft-Whitney
2161 1167 65 30 co.

451 1205 240 55 (26-9725)

375 1291 253 70 Barton,
664 1290 283 59 William
979 1290 280 74 Eleazar,
1299 1295 189 55 1861-

449 1381 59 56 A
539 1382 308 56 beautiful
878 1382 293 70 blunder;
1207 1382 103 57 the
1344 1386 141 53 true
1518 1389 176 64 story
1727 1383 68 56 of
1828 1382 319 59 Lincoln’s
2181 1383 187 57 letter

375 1459 1969 149 to Mrs. Lydia A. Bixby, by William E. Barton … Indianapolis,
784 1537 129 58 The
950 1536 484 59 Bobbs-Merrill
1468 1556 306 52 company
1811 1567 12 42 [
1825 1547 19 20 c
1848 1539 164 71 1926]

445 1613 1315 55 9 p. l., 17-135, [1] p. front. (port.) facsim. 25 cm .
447 1672 103 47 “Of,
578 1672 87 43 this
706 1671 170 44 limited
916 1672 99 42 first
1052 1672 179 49 edition,
1271 1672 86 42 five
1387 1672 208 44 hundred
1633 1672 146 52 copies
1819 1685 78 29 are
1933 1671 176 52 printed
2147 1671 75 44 for
2263 1672 104 50 sale,

375 1728 107 44 each
517 1742 80 38 copy
660 1728 309 52 autographed
1002 1728 58 51 by
1094 1728 75 43 the
1201 1727 174 43 author.
1436 1726 114 45 This
1586 1727 37 44 is
1657 1742 112 37 copy
1803 1728 187 43 number
2026 1726 92 45 59.”

373 1782 52 53 ©
459 1784 109 52 Apr.
602 1785 66 51 23,
706 1784 129 52 1926;
870 1785 62 42 2c.
968 1785 112 51 Apr.
1113 1784 76 52 26;
1226 1785 78 42 aff.
1340 1784 111 53 Apr.
1485 1785 76 51 28;
1599 1785 41 42 A
1674 1783 189 55 890505;
1904 1784 361 45 Bobbs-Merrill
2301 1801 63 27 co.

450 1839 240 55 (26-9720)

375 1923 151 71 Bell,
568 1924 286 58 Bernard
890 1923 282 74 Iddings,
1216 1927 188 56 1886-

451 2015 555 73 Postmodernism,
1042 2017 122 56 and
1200 2016 177 57 other
1414 2036 216 51 essays
1663 2017 84 70 by
1777 2016 289 58 Bernard
2102 2016 262 73 Iddings

373 2093 1967 150 Bell … Milwaukee, Wis., Morehouse publishing company, 1926.
445 2250 60 51 xi,
537 2249 89 53 135,
653 2252 53 45 [1]
734 2265 38 38 p.
831 2252 48 42 19
887 2253 46 17 cm
939 2286 8 8 .

782 2305 558 45 CONTENTS.—Postmodernism.—The
1378 2306 144 44 moral
1561 2307 142 51 revolt
1740 2307 50 45 of
1826 2308 76 43 the
1937 2321 201 38 younger
377 2322 1964 94 generation.—Religion
799 2364 42 42 in

885 2363 368 53 colleges.—The
1295 2364 166 43 church
1507 2364 88 43 and
1638 2364 74 43 the
1755 2378 151 38 young
1951 2363 413 45 man.—Victorian

378 2420 140 44 ethics
543 2420 85 43 and
652 2419 190 53 religion
867 2419 420 53 today.—Religion
1312 2421 86 42 and
1423 2419 284 44 civilization.

373 2474 52 53 ©
458 2477 110 52 Apr.
599 2476 68 51 21,
704 2475 127 53 1926;
863 2476 66 42 2c.
962 2476 87 43 and
1082 2476 77 42 aff.
1193 2476 111 51 Apr.
1336 2475 76 52 26;
1448 2476 43 41 A
1524 2475 186 52 890482;
1749 2476 273 43 Morehouse
2053 2475 99 53 pub.
2188 2491 65 28 co.
451 2530 242 55 (26-9711)

376 2616 286 71 Bruseth,
699 2615 166 57 Nels.

452 2701 220 57 Indian
722 2699 225 58 stories
995 2700 122 56 and
1163 2700 253 70 legends
1464 2699 67 57 of
1574 2699 103 57 the
1725 2697 476 74 Stillaguamish
2247 2700 123 57 and

375 2778 188 58 allied
620 2778 215 57 tribes,
894 2778 38 56 by
1036 2777 149 57 Nels
1246 2777 292 57 Bruseth.
1641 2779 97 56 1st
1801 2778 90 56 ed.
1997 2776 372 74 [Arlington,

373 2856 234 71 Wash.,
639 2865 19 21 c
663 2857 163 71 1926]

446 2934 268 50 cover-title,
746 2934 52 42 21
833 2948 39 38 p.
908 2932 100 44 incl.
1042 2932 55 53 pl.
1158 2934 51 42 23½
1246 2934 47 17 cm
1300 2967 7 8 .

373 2989 52 53 ©
458 2992 112 51 Apr.
607 2991 60 51 10,
705 2976 128 65 i926;
868 2990 64 43 2c.
968 2989 87 44 and
1087 2988 77 44 aff.
1200 2990 112 51 Apr.
1346 2990 77 51 28;
1460 2988 43 43 A
1537 2987 188 55 890545;
1765 2990 57 42 N.
1863 2988 208 53 Bruseth,
2107 2988 259 54 Arlington,

443 3048 157 44 Wash.
669 3044 240 56 (26-9722)

376 3130 364 58 California.
819 3132 301 71 Supreme
1160 3135 191 52 court.

451 3212 1915 72 Reports of cases determined … December 1, 1924, to
374 3291 185 71 April
592 3293 88 69 11,
717 3291 164 55 1925.
952 3290 334 70 Randolph
1318 3289 73 57 V.
1425 3289 303 72 Whiting,
1764 3291 304 69 reporter,
2143 3309 55 36 v.
2239 3290 126 56 195.

376 3369 127 57 San
537 3367 356 71 Francisco,
928 3366 633 72 Bancroft-Whitney
1598 3385 319 53 company,
1957 3368 165 55 1926.

575 3479 8 17 xxxv,
616 3444 80 45 889
729 3457 39 38 p.
829 3443 52 43 23
890 3446 47 17 cm
943 3478 8 8 .

374 3499 52 53 ©
460 3502 109 50 Apr.
604 3501 65 51 22,
707 3499 128 52 1926;
869 3501 63 41 2c.
967 3500 111 50 Apr.
1113 3498 76 52 30;
1226 3499 79 42 aff.
1339 3499 111 51 Apr.
1486 3498 76 52 28;
1599 3499 42 41 A
1675 3495 187 55 890570;
1902 3497 463 54 Bancroft-Whitney

444 3571 64 29 co.

379 3636 312 70 Cathcart,
728 3638 165 57 Vera
940 3638 287 71 (Fraser)
1275 3641 300 54 countess.

461 3724 129 57 The
640 3743 241 37 woman
933 3724 296 71 tempted,
1280 3724 83 71 by
1413 3724 105 57 the
1574 3721 303 59 Countess
1929 3725 67 56 of
2049 3721 314 59 Cathcart.

380 3802 150 56 New
558 3800 190 71 York,
781 3802 128 57 The
941 3799 331 58 Macaulay
1303 3819 305 53 company
1640 3801 180 71 [1926]

449 3877 1057 53 7 p., 2 l., 11-307 p. front. (port.) 19 cm .
