2542 4285
1299 3993 147 57 1268

384 463 507 73 Higginbottom)
926 464 152 56 with
1103 461 425 58 introduction
1554 463 81 71 by
1661 462 169 58 John
1860 461 292 73 Timothy
2182 462 189 58 Stone

454 540 1919 73 … New York, Chicago [etc.] Fleming H. Reveil company
386 648 13 45 [
402 627 18 23 c
423 621 162 74 1926]

451 694 995 55 2 p. l., 7-129 p. front., plates. 19 ½c m .
380 752 53 54 ©
467 755 99 43 Oct.
600 755 39 50 9,
675 754 106 42 1926;
838 754 63 42 2c.
934 752 88 43 and
1053 754 78 41 aff.
1166 753 100 43 Oct.
1300 750 77 54 27;
1414 752 43 42 A
1491 751 188 53 949748;
1715 750 212 53 Fleming
1958 751 62 43 H.
2056 751 157 43 Revell
2246 765 65 28 co.

459 810 269 56 (26-19739)

388 895 247 72 Hirsch,
673 894 340 60 Nathaniel
1048 894 56 58 D
1416 894 257 58 Mttron.

378 970 1970 142 … A study of natio-racial mental differences, by Nathaniel D.
779 1050 1594 72 Mttron Hirsch … Worcester, Mass., Clark
378 1128 365 76 university,
771 1138 19 22 c
794 1130 165 57 1926.

378 1205 1970 110 4 p. l., p. [239]-406. illus., diagrs. 23 cm . (Genetic psychology monographs, vol. I, nos. 3 and 4)
380 1317 53 54 ©
465 1319 104 52 July
600 1319 66 51 29,
701 1318 129 51 1926;
862 1318 66 42 2c.
960 1317 86 42 and
1077 1317 78 42 aff.
1190 1316 105 53 July
1326 1315 77 53 30;
1438 1316 43 42 A
1514 1314 188 54 897596;
1741 1315 139 45 Clark
1910 1317 261 53 university.

458 1376 269 55 (26-19481)

381 1463 132 56 The
540 1462 190 56 house
758 1460 311 57 beautiful
1098 1458 363 74 furnishing
1493 1460 246 72 annual,
1774 1461 164 55 1926.
2011 1460 59 56 A
454 1478 1894 118 comprehensive

752 1540 123 55 and
914 1538 305 71 practical
1258 1538 253 56 manual
1551 1537 102 56 for
1694 1538 103 56 the
1837 1538 304 71 guidance
2182 1539 65 56 of
2290 1537 85 57 all

455 1618 135 56 who
646 1617 144 56 seek
842 1616 409 56 comfortable
1307 1616 122 56 and
1484 1615 333 57 attractive
1871 1615 231 57 homes.
2196 1616 176 57 With

457 1693 453 58 contributions
949 1693 123 56 and
1110 1691 396 73 suggestions
1542 1693 83 70 by
1660 1693 252 70 experts
1945 1693 67 55 in
2050 1712 188 52 every
455 1694 1893 149 department

811 1771 69 56 of
911 1770 265 57 interior
1214 1770 221 72 design
1469 1769 186 57 finish
1693 1771 125 56 and
1851 1770 366 73 furnishing
2251 1772 123 56 and

457 1869 80 37 an
573 1850 440 69 introductory
1053 1849 261 70 chapter
1353 1867 79 37 on
1470 1848 171 56 basic
1681 1847 341 72 principles
2063 1850 82 71 by
2185 1849 186 57 Fiske

457 1925 1917 74 Kimball … Boston, The Atlantic monthly company
459 2035 13 43 [
475 2013 17 21 c
496 2006 163 71 1925]

446 2081 73 52 vii,
560 2084 69 53 [1],
670 2081 79 44 168
782 2096 39 37 p.
883 2081 115 43 illus.
1025 2082 128 53 (part
1187 2081 110 54 col.)
1370 2081 54 43 32½
1457 2084 46 16 cm
1510 2116 9 9 .

378 2138 54 53 ©
463 2140 99 43 Oct.
591 2140 66 51 26,
693 2138 128 53 1925;
852 2139 64 43 2c.
946 2140 99 50 Jan.
1075 2139 39 52 4,
1149 2139 128 51 1926;
1311 2138 78 43 aff.
1422 2139 98 51 Jan.
1549 2139 51 51 2;
1634 2139 43 42 A
1709 2136 189 54 879114;
1934 2139 202 44 Atlantic
2168 2139 204 54 monthly

445 2212 66 29 co.

383 2281 290 69 Howard,
718 2281 259 73 Harvey
1017 2281 230 68 James,
1292 2284 189 57 1880-

377 2358 1975 141 Ten weeks with Chinese bandits, by Harvey J. Howard … with
811 2436 421 62 illustrations
1267 2440 167 58 from
1469 2439 279 60 sketches
1784 2442 123 56 and
1940 2440 433 73 photographs

375 2519 83 72 by
500 2519 101 57 the
648 2518 242 57 author.
974 2516 152 58 New
1169 2517 191 70 York,
1405 2517 201 72 Dodd,
1651 2517 186 60 Mead
1883 2521 122 56 and
2051 2537 321 53 company.

377 2597 164 57 1926.

444 2672 1618 53 xiv p., 1 l., 272 p. front., illus., plates, ports., facsim. 21 cm .
448 2730 329 52 “Experiences
815 2728 88 46 and
941 2729 293 52 impressions
1272 2730 54 43 of
1360 2730 75 44 the
1469 2731 166 44 author
1670 2746 49 30 as
1754 2746 25 29 a
1817 2730 174 53 captive
2028 2733 50 43 of
2113 2732 178 45 bandits
2327 2735 45 44 in

378 2785 1995 56 Heilungchiang Province, China … during the summer and early fall of
379 2842 469 47 1925.”—Foreword.

377 2897 54 53 ©
459 2899 100 43 Oct.
586 2898 65 51 23,
683 2898 128 51 1926;
839 2897 63 43 2c.
930 2897 86 43 and
1044 2897 78 43 aff.
1152 2896 100 43 Oct.
1281 2896 76 51 30;
1388 2896 43 42 A
1457 2894 187 54 950687;
1675 2897 61 43 H.
1765 2898 39 52 J.
1834 2899 219 53 Howard,
2084 2900 119 44 New
2229 2902 143 43 York.

457 2953 270 56 (26-19738)

382 3024 255 70 Howell,
679 3024 231 59 Alfred
949 3024 273 72 Brazier,
1265 3027 188 57 1886-

526 3101 1853 80 … Anatomy of the wood rat; comparative anatomy of
382 3181 104 62 the
525 3182 346 72 subgenera
910 3181 67 57 of
1013 3181 104 57 the
1154 3180 338 58 American
1526 3183 177 58 wood
1741 3186 101 55 rat
1890 3182 224 74 (genus
382 3185 1968 146 Neotoma)

550 3258 1827 76 by A. Brazier Howell … Baltimore, The Williams
380 3338 48 57 &
460 3337 266 57 Wilkins
763 3355 321 54 company,
1123 3338 165 55 1926.

486 3450 8 17 x,
534 3413 80 47 225
651 3429 39 39 p.
752 3413 154 53 front.,
942 3412 116 46 illus.
1084 3413 148 66 (part,
1247 3413 110 54 col.)
1404 3413 155 55 plates.
1618 3415 52 44 23½cm.
1836 3415 342 55 (Monographs
2215 3417 51 45 of
2302 3417 75 45 the

381 3471 247 45 American
661 3472 171 53 society
862 3471 52 45 of
942 3469 380 55 mammalogists,,
1344 3484 72 31 no.
1451 3470 48 55 1)

452 3528 327 54 Bibliography:
840 3543 40 39 p.
914 3525 207 48 217-219.

380 3585 53 53 ©
463 3587 99 43 Oct.
588 3587 69 50 26,
689 3585 130 51 1926;
848 3585 65 43 2c.
943 3585 87 43 and
1058 3586 78 42 aff.
1168 3585 117 43 Nov.
1317 3585 49 51 3;
1400 3585 43 42 A
1472 3584 188 53 949924;
1692 3586 229 44 Williams
1954 3587 38 44 &
2020 3586 198 45 Wilkins
2250 3602 64 28 co.

457 3642 270 56 (26-19665)

383 3713 264 73 Huxley,
682 3713 240 58 Aldous
955 3714 303 71 Leonard,
1294 3717 188 56 1894-

376 3792 1972 154 Jesting Pilate; an intellectual holiday, by Aldous Huxley … New York, George H. Doran company [ c 1926]
