2542 4285
1085 3965 109 59 907

233 456 246 52 “Kennedy
509 457 84 42 and
624 456 132 43 allied
789 454 218 44 families”
1038 454 79 43 has
1149 453 164 52 special
1342 461 94 42 t.-p.
1467 453 86 43 and
1585 459 201 46 separate
1816 449 178 55 paging.

228 513 193 44 Revised
449 512 163 44 edition
640 513 50 42 of
717 510 222 53 “History
965 510 50 44 of
1042 510 74 44 the
1145 509 162 51 Hume,
1339 509 232 52 Kennedy,
1602 507 255 43 Brockman
1884 507 86 43 and
1999 503 133 47 allied

156 568 220 45 families”
424 567 232 53 published
703 568 45 42 in
799 568 115 43 1916.

162 622 53 53 ©
250 623 104 52 July
388 623 38 51 8,
466 623 126 51 1926;
628 622 64 42 2c.
728 621 105 52 July
872 622 72 50 12;
984 621 78 42 aff.
1098 620 105 52 July
1237 619 79 52 21;
1356 619 43 42 A
1434 617 188 53 901301;
1660 618 75 44 W.
1773 615 51 49 E.
1865 616 269 53 Brockman,

232 680 312 51 Minneapolis.
612 677 267 55 (26-14356)

158 763 188 72 Burk,
377 763 278 60 William
683 762 284 68 Herbert,
1002 764 188 56 1867-

234 855 127 56 The
394 854 415 71 Washington
842 853 260 56 window
1133 853 67 55 in
1230 852 102 56 the
1366 850 416 72 Washington
1813 848 322 58 memorial

157 925 1910 77 chapel, Valley Forge, by the Rev. W. Herbert Burk …
158 1008 423 74 [Norristown,
615 1008 127 73 Pa.,]
778 1006 128 56 The
938 1005 393 57 Norristown
1360 1022 201 54 press,
1594 1005 163 56 1926.

223 1084 53 43 36
307 1097 38 38 p.
406 1083 114 44 illus.
578 1080 52 46 25½
666 1086 47 17 cm
718 1118 9 8 .

226 1139 124 44 “The
384 1146 124 45 story
538 1139 50 44 of
620 1140 74 43 the
727 1139 78 43 life
836 1139 86 42 and
957 1138 191 44 services
1181 1136 52 45 of
1262 1136 318 53 Washington,
1614 1151 48 29 as
1698 1137 21 42 I
1753 1136 96 45 told
1882 1136 34 44 it
1950 1135 76 45 for
2059 1136 76 44 the

154 1197 198 42 creation
393 1196 52 43 of
485 1196 72 43 the
598 1204 128 44 great
769 1194 304 53 Washington
1117 1194 192 44 window
1351 1194 43 43 in
1437 1193 74 45 the
1554 1192 304 54 Washington
1900 1192 236 45 memorial

154 1252 166 52 chapel,
352 1252 162 52 Valley
544 1251 507 53 Forge.”—Foreword.

157 1305 1979 55 © Apr. 17, 1926; 1c. and aff. July 6; 1c. July 14; A 901174; W. H. Burk,
228 1366 164 52 Valley
432 1365 160 53 Forge,
632 1367 77 42 Pa.
778 1366 244 54 (26-14302
1030 1365 16 53 )

157 1449 276 74 Century
459 1449 313 58 furniture
804 1465 320 58 company,
1159 1450 213 59 Grand
1401 1447 257 75 Rapids.

232 1529 339 57 Furniture
595 1549 69 38 as
687 1529 389 71 interpreted
1098 1530 83 71 by
1204 1528 102 58 the
1336 1526 279 73 Century
1635 1526 317 59 furniture
154 1547 1955 131 company.

411 1605 954 74 Grand Rapids, Mich. [ c 1926]
225 1683 77 45 156
329 1700 37 37 p.
396 1685 98 45 incl.
522 1685 127 51 illus.,
678 1684 142 53 plates
856 1684 45 53 (1
932 1684 109 53 col.)
1102 1687 49 42 2l½
1190 1687 46 18 cm
1243 1720 8 8 .

156 1737 52 54 ©
242 1741 113 50 June
387 1740 64 49 21,
490 1740 126 51 1926;
652 1740 64 43 2c.
752 1740 87 43 and
871 1740 78 43 aff.
984 1740 118 52 Aug.
1143 1739 72 52 16;
1252 1740 43 42 A
1331 1736 188 55 901518;
1560 1737 199 55 Century
1795 1737 224 46 furniture
2054 1753 80 37 co.,

227 1796 152 45 Grand
416 1798 182 51 Rapids,
636 1796 138 44 Mich.
843 1795 269 55 (26-14875)

157 1881 388 70 Chenevière,
585 1882 286 72 Jacques,
911 1885 189 57 1886-

295 1958 1761 76 … Les messagers inutiles. Paris, B. Grasset, 1926.
219 2037 95 51 283,
350 2038 52 53 [1]
435 2051 39 37 p.
539 2038 47 42 19
594 2040 46 17 cm
647 2072 8 9 .

154 2091 1783 56 © June 18, 1926; 1c. July 28; A—Foreign 31625; Bernard Grasset.
232 2149 268 55 (26-15421)

154 2235 203 73 Clary,
391 2235 252 59 Martin.

231 2314 129 56 The
395 2314 202 58 inside
636 2317 174 69 story
849 2316 68 56 of
954 2314 236 58 Muscle
1231 2314 241 73 Shoals,
1511 2316 84 70 by
1632 2315 238 57 Martin
1910 2315 222 73 Clary;

154 2411 181 38 cover
373 2394 122 56 and
532 2393 392 58 decorations
962 2394 83 71 by
1079 2394 67 57 L.
1185 2392 79 58 H.
1304 2393 91 57 De
1432 2393 225 58 Wolfe.
1740 2393 167 74 [New
1941 2393 192 73 York,

151 2471 189 57 Press
368 2471 67 57 of
463 2471 180 57 Thos.
672 2471 69 56 B.
768 2470 260 73 Brooks,
1055 2470 135 75 inc.,
1218 2479 19 22 c
1241 2472 163 72 1926]

225 2547 63 54 15,
320 2552 52 45 [1]
403 2565 40 36 p.
505 2548 115 45 illus.
647 2550 124 52 (part
802 2550 108 51 col.)
975 2551 54 43 22½
1063 2553 47 17 cm
1116 2588 8 8 .

153 2602 53 53 ©
236 2604 118 53 Aug.
387 2605 38 50 9,
458 2604 128 52 1926;
617 2605 65 42 2c.
715 2605 87 43 and
832 2605 77 43 aff.
940 2605 120 52 Aug.
1096 2603 73 54 17;
1205 2605 43 42 A
1279 2604 189 53 901468;
1503 2606 66 43 M.
1605 2603 148 55 Clary,
1787 2605 116 44 New
1935 2605 142 44 York.

230 2659 267 56 (26-14879)

154 2745 160 72 Cole,
344 2745 280 60 William
651 2747 224 67 Morse,
910 2749 188 56 1866-

225 2823 331 58 Economic
584 2843 261 52 success,
872 2825 83 70 by
977 2823 279 59 William
1284 2824 210 58 Morse
1524 2822 162 61 Cole.
1770 2825 151 58 New
1946 2824 189 68 York,

151 2902 127 57 The
312 2901 357 58 Macmillan
702 2921 321 52 company,
1058 2903 164 56 1926.

284 3014 8 18 xv,
321 2980 76 44 391
432 2994 38 38 p.
530 2979 115 45 illus.
704 2979 54 44 20½
791 2981 48 19 cm
845 3015 9 8 .

151 3034 53 54 ©
234 3036 106 53 July
366 3035 67 52 27,
468 3037 127 51 1926;
629 3037 63 43 2c.
724 3037 105 52 July
857 3036 79 53 29;
971 3037 78 43 aff.
1081 3037 105 52 July
1216 3037 77 52 28;
1330 3037 44 43 A
1405 3036 189 54 901317;
1629 3036 263 45 Macmillan
1924 3052 65 29 co.

229 3092 268 56 (26-14905)

154 3176 277 59 Collier’s
454 3198 133 38 new
613 3179 465 71 encyclopedia;
1107 3200 38 37 a
1170 3179 429 70 self-revising
1621 3180 318 57 reference
1963 3179 172 58 work

221 3253 1914 76 with loose-leaf features … profusely illustrated, color
223 3330 1908 75 frontispieces, ninety-six maps … Anniversary ed.
222 3409 151 57 New
403 3408 187 71 York,
627 3408 67 58 P.
730 3410 68 56 F.
838 3409 228 59 Collier
1099 3410 48 59 &
1183 3430 110 38 son
1328 3430 306 53 company
1668 3440 13 43 [
1683 3419 19 22 c
1705 3410 165 72 1926]

220 3484 1914 57 10 v . col. fronts., illus. (incl. ports.) plates, maps (part fold.) 24½ cm .
152 3538 52 54 ©
233 3541 118 53 Aug.
381 3542 38 50 9,
453 3542 127 51 1926;
610 3543 64 43 2c.
705 3543 107 43 each
841 3546 87 42 and
957 3545 78 42 aff.
1065 3545 119 52 Aug.
1219 3544 73 53 17;
1326 3545 43 42 A
1399 3543 188 54 901501;
1622 3546 49 42 P.
1704 3543 50 45 F.
1788 3543 170 46 Collier
1984 3546 38 44 &
2051 3561 80 29 son

219 3613 64 28 co.
352 3597 267 56 (26-14735)

151 3682 269 69 Condon,
456 3683 272 58 Randall
760 3685 260 72 Judson,
1056 3689 188 56 1862-
1420 3689 90 57 ed.

149 3760 1960 148 … High and far, edited by Randall J. Condon … Boston,
301 3838 208 74 Little,
538 3840 247 71 Brown,
817 3842 121 56 and
968 3860 320 54 company,
1320 3843 164 63 1926.
