2542 4285
1319 4000 149 56 1208

411 365 409 74 Hutchinson,
855 364 311 60 Veronica
1201 366 63 60 S.

486 442 301 71 Chimney
834 462 221 38 corner
1103 442 173 72 fairy
1323 442 179 74 tales,
1551 442 296 58 collected
1896 442 123 57 and
2067 443 204 60 retold
2317 444 83 70 by

404 519 311 59 Veronica
753 518 61 60 S.
853 519 414 71 Hutchinson,
1303 519 152 58 with
1490 519 316 72 drawings
1843 520 84 71 by
1961 519 151 58 Lois
2149 520 248 58 Lenski.

405 597 151 59 New
580 596 189 74 York,
797 596 264 72 Minton,
1088 596 198 57 Balch
1313 597 48 57 &
1386 615 323 55 company,
1738 597 166 60 1926.

475 671 1385 55 5 p. l. , [3]-183 p. col. front., illus., col. plates. 26 cm .
407 726 54 55 ©
489 729 120 52 Sept.
637 729 66 52 24,
736 730 105 43 1926;
895 730 64 44 2c.
990 730 101 44 Oct.
1118 730 78 52 21;
1226 730 78 43 aff.
1336 730 101 44 Oct.
1469 728 75 54 15;
1575 730 59 47 A,
1647 730 189 53 949661;
1871 730 194 52 Minton,
2096 730 142 44 Balch
2267 731 38 44 &
2331 746 65 29 co.

486 785 269 56 (26-18757)

407 857 239 70 Inman,
681 858 245 58 Arthur
959 858 191 68 Crew,
1188 860 190 58 1895-

490 935 1841 75 Silhouettes against the sun, by Arthur Crew Inman …
408 1012 1481 76 New York, E. P. Dutton & company [ c 1926]
509 1126 9 17 x,
559 1094 78 45 129
671 1107 41 38 p.
771 1092 55 46 20
832 1095 47 17 cm
885 1128 9 9 .

477 1149 176 45 Poems.

405 1201 54 55 ©
491 1204 100 44 Oct.
622 1204 67 52 22,
725 1203 106 44 1926;
888 1203 65 44 2c.
987 1204 88 43 and
1105 1204 78 44 aff.
1219 1204 101 44 Oct.
1353 1202 52 45 25;
1465 1204 44 43 A
1542 1202 163 47 950600;
1766 1202 52 49 E.
1855 1206 52 42 P.
1941 1205 175 44 Dutton
2151 1206 38 44 &
2219 1220 67 30 co.

484 1259 269 57 (26-18750)

408 1331 257 70 Jordan,
712 1331 320 59 Charlotte
1073 1333 330 59 Brewster.

477 1409 352 73 Tuckaway
856 1409 212 73 house,
1100 1411 83 72 by
1219 1409 324 60 Charlotte
1574 1410 319 58 Brewster
1923 1411 278 73 Jordan;
406 1411 1971 134 illustrated

651 1487 84 72 by
772 1487 198 60 Grace
1008 1487 309 59 Norcross
1357 1489 124 57 and
1519 1487 265 60 Bernice
1825 1486 242 61 Oehler.
2150 1487 249 60 Garden

409 1563 162 74 City,
599 1564 73 59 N.
703 1565 96 72 Y.,
826 1565 386 74 Doubleday,
1241 1566 171 73 Page
1440 1564 51 60 &
1520 1583 322 55 company,
1873 1566 166 57 1926.

475 1641 1566 56 2 p. l. , vii-ix p., 1 l., 313 p. col. front., illus., plates. 21 cm .
476 1698 152 47 “First
657 1697 209 46 edition.”

401 1753 56 55 ©
488 1755 118 54 Sept.
632 1756 69 51 24,
732 1756 129 52 1926;
890 1756 63 43 2c.
983 1756 87 44 and
1097 1756 80 45 aff.
1209 1756 101 44 Oct.
1339 1756 77 54 22;
1448 1756 44 43 A
1518 1753 190 55 950566;
1740 1754 282 54 Doubleday,
2053 1756 125 51 Page
2208 1754 38 44 &
2275 1767 66 31 co.

480 1812 269 55 (26-18321)

405 1882 239 74 Joslyn,
686 1882 120 58 Lee
846 1884 276 73 Everett,
1163 1887 191 56 1864-

478 1962 329 60 Students’
831 1967 257 56 manual
1112 1966 69 59 of
1202 1963 397 75 bankruptcy
1620 1966 121 57 law
1765 1964 124 57 and
1911 1960 276 76 practice;
2246 1979 37 39 a
403 1980 1971 120 series

583 2043 69 58 of
702 2040 268 61 lectures
1022 2045 317 70 prepared
1394 2062 69 40 as
1518 2062 36 39 a
1604 2042 206 59 model
1862 2042 105 58 for
2022 2039 373 73 conducting

398 2119 272 74 through
700 2121 105 58 the
838 2124 176 55 court
1047 2142 36 38 a
1115 2121 396 73 bankruptcy
1541 2138 159 55 case,
1731 2120 341 72 voluntary
2104 2139 72 41 or
397 2118 1980 151 involuntary.

731 2195 321 75 Contains,
1083 2198 152 60 with
1267 2215 167 43 some
1465 2195 455 63 modifications
1955 2200 124 57 and
2109 2197 290 73 changes,

399 2277 105 59 the
537 2278 329 58 substance
898 2277 68 60 of
997 2298 36 38 a
1069 2276 194 59 series
1296 2278 69 57 of
1394 2278 267 58 lectures
1696 2275 319 61 delivered
2043 2277 84 71 by
2156 2275 105 60 the
398 2295 1977 119 author

571 2358 64 56 to
670 2357 285 57 students
990 2359 65 55 at
1085 2355 104 58 the
1222 2351 252 63 Detroit
1505 2353 228 75 college
1767 2355 68 58 of
1862 2353 140 73 law,
2033 2352 231 75 during
2294 2354 103 58 the

397 2436 146 71 past
592 2433 221 59 twelve
862 2452 207 53 years,
1121 2431 152 62 with
1324 2432 355 59 references
1731 2434 63 57 to
1848 2434 425 57 amendments
2330 2433 69 57 of

396 2510 412 74 Bankruptcy
851 2515 99 55 act
994 2511 68 59 of
1107 2510 169 71 1898,
1323 2530 68 39 as
1439 2511 303 58 amended
1785 2507 322 76 including
396 2510 1979 138 amendment

398 2586 1977 156 of 1926, by Lee E. Joslyn … Together with Bankruptcy
660 2672 100 55 act
795 2668 69 58 of
898 2667 169 72 1898,
1103 2685 69 41 as
1210 2667 302 58 amended
1546 2667 84 72 by
1663 2671 100 55 act
1798 2668 69 58 of
1901 2667 153 72 May
2088 2668 91 72 28,
2217 2668 179 71 1926;

398 2746 269 61 General
708 2748 220 58 orders
967 2744 65 59 in
1070 2744 395 73 bankruptcy
1506 2746 370 71 annotated;
1921 2744 233 60 Official
2195 2747 202 58 forms

396 2826 66 59 in
491 2824 394 72 bankruptcy
917 2822 357 58 annotated.
1417 2840 90 38 Rev.
1542 2823 110 60 ed.,
1684 2821 152 60 with
1868 2823 428 60 amendments
2330 2826 69 57 of

398 2904 164 59 1926.
644 2901 269 73 Albany,
954 2898 75 63 N.
1073 2899 94 74 Y.,
1210 2900 84 58 M.
1335 2899 251 59 Bender
1626 2900 47 58 &
1714 2919 323 55 company,
398 2901 1974 154 incorporated,
593 2981 166 61 1926.

471 3054 1386 57 xviii, 173 p., 1 l., 59 p., 1 l., 61-183 p. 26 cm . $4.00
396 3112 58 55 ©
486 3114 119 53 Sept.
641 3114 61 50 13,
737 3112 129 51 1926;
897 3111 65 43 2c.
996 3111 102 44 Oct.
1132 3110 73 52 18;
1238 3110 79 43 aff.
1351 3110 100 43 Oct.
1486 3109 74 53 14;
1593 3109 43 43 A
1667 3109 190 53 949618;
1894 3110 223 45 Matthew
2150 3112 176 45 Bender
2357 3114 38 44 &

469 3187 78 36 co.,
588 3170 83 45 inc.
740 3168 270 57 (26-18270)

403 3241 338 70 Kaufman,
779 3239 272 62 Samuel.

401 3359 1924 94 ספר תפארת שמואל על ה תּ ורה ועל קצת נביאים
393 3441 1988 126 כתובים, פּ שטים ודרושים על דרך עבודה, גם אי וו
2091 3585 304 64 חידושים
1975 3553 88 104 על
1677 3585 268 64 משניות
1375 3585 278 64 וחידושי
861 3553 486 98 הש״םבהלכה
589 3587 242 66 והגדה,
397 3587 168 62 אשר

399 3667 1992 124 חנן ה׳ אותי שמואל … באאמו״ר … ר'אברהם דוד
395 3777 1998 126 הנקרא … ר' דור׳ל מירא פּאָ ליר … ניו י אָ רק, התר פּ ״ג.
401 3920 166 76 [New
597 3919 191 75 York,
821 3922 166 73 1926]
