2542 4285
1316 3956 112 57 190

389 315 187 73 Stuff,
619 316 215 75 Harry
870 319 290 72 Spencer.

464 407 129 58 The
638 407 159 58 book
843 407 69 58 of
954 408 306 74 holidays,
1306 410 941 75 what—when—where—why,
2294 414 82 71 by

387 483 216 73 Harry
649 485 274 71 Spencer
969 485 187 58 Stuff.
1236 486 203 73 Being
1484 507 36 37 a
1564 490 220 56 record
1827 487 69 58 of
1941 489 84 58 all
2068 489 306 73 holidays,

384 562 149 71 holy
580 564 175 70 days,
804 563 221 71 feasts,
1074 563 165 58 fasts
1288 566 123 56 and
1458 564 308 73 festivals,
1815 566 321 74 including
2181 567 193 58 world

383 640 302 71 holidays,
721 641 104 56 the
856 641 165 57 bank
1051 640 287 72 holidays
1370 641 66 57 in
1471 640 367 75 California,
1874 643 124 58 and
2029 644 164 72 legal
385 643 1967 146 holidays
574 718 67 57 in
676 718 83 57 all

797 721 214 70 states,
1050 718 352 73 combining
1434 719 330 58 therewith
1798 721 163 58 their
2001 741 215 39 source
2253 722 121 57 and

383 797 270 56 customs
683 795 152 57 with
864 796 300 70 complete
1196 795 456 74 chronological
1682 799 167 56 data.
1930 799 123 57 Los
2084 798 291 74 Angeles,

385 871 204 75 Calif.,
623 874 130 56 The
788 872 474 59 Times-Mirror
1296 891 305 54 company
1634 903 13 43 [
1648 882 19 22 c
1671 876 164 72 1926]

453 961 585 55 3 p. l., 9-78 p. 17½ cm .
384 1031 53 54 ©
493 1047 70 29 Jan.
599 1032 63 53 10,
696 1033 130 52 1926;
857 1033 66 44 2c.
956 1032 107 45 Feb.
1093 1033 79 53 24;
1205 1034 79 43 aff.
1319 1033 106 45 Feb.
1456 1034 80 52 23;
1570 1035 44 42 A
1646 1033 188 55 884970;
1869 1034 347 45 Times-mirror
2249 1051 65 28 co.

463 1087 241 56 (26-5553)

385 1185 302 73 Sullivan,
724 1186 182 59 Ellen
938 1187 70 58 F.

466 1278 394 61 Correlation
886 1278 64 58 in
977 1281 104 58 the
1108 1279 563 74 work-study-play
1699 1281 208 59 school
1943 1281 314 72 (platoon)
2293 1284 81 71 by

387 1356 1983 76 Ellen F. Sullivan … with an introduction by Walter J.
383 1432 1991 77 Bankes … illustrations, activities of Akron public schools
454 1512 1630 76 … [Akron, O., The Superior printing co., c 1926]
451 1602 144 54 xxvii,
625 1605 84 44 386
734 1618 41 37 p.
804 1604 102 45 incl.
939 1605 152 50 front.,
1120 1604 134 52 illus.,
1281 1603 158 53 plates,
1497 1603 170 53 diagrs.
1729 1606 51 45 19
1785 1608 48 19 cm
1841 1641 7 9 .

381 1656 54 54 ©
463 1658 105 43 Feb.
595 1659 68 50 20,
693 1659 129 52 1926;
850 1659 65 44 2c.
940 1660 88 42 and
1054 1659 79 43 aff.
1163 1659 105 44 Feb.
1296 1658 78 53 25;
1406 1659 44 42 A
1478 1659 189 52 883439;
1697 1658 54 47 E.
1779 1658 50 44 F.
1862 1658 215 51 Sullivan,
2109 1659 174 51 Akron,
2314 1660 55 43 O.

460 1713 242 55 (26-5300)

382 1812 203 71 Swan,
622 1812 239 73 Joseph
894 1811 331 74 Rockwell,
1264 1813 358 58 1802-1884.

459 1918 60 57 A
572 1917 262 59 treatise
890 1939 80 38 on
1023 1918 105 57 the
1182 1919 152 57 laws
1394 1919 67 57 of
1517 1916 155 62 Ohio
1727 1918 365 74 pertaining
2146 1923 63 55 to

2270 1920 102 58 the
383 2012 240 55 powers
658 1997 124 58 and
812 1996 204 60 duties
1047 1997 86 72 of,
1165 1998 125 58 and
1319 1996 276 74 practice
1628 1996 123 57 and
1779 1998 345 72 procedure
2154 1997 218 59 before

382 2072 258 73 justices
671 2074 69 58 of
768 2074 104 59 the
901 2092 188 54 peace;
1152 2073 131 60 also
1316 2093 69 40 as
1414 2078 64 55 to
1509 2075 104 58 the
1640 2093 244 54 powers
1916 2075 125 58 and
2068 2072 204 61 duties
2306 2077 64 55 of

381 2170 272 53 mayors,
679 2150 332 74 marshals,
1043 2151 368 72 constables,
1442 2170 309 54 coroners,
1782 2154 273 56 trustees
2086 2152 69 57 of
384 2155 1962 146 townships,
615 2232 130 68 etc.,

784 2229 132 59 also
957 2248 68 40 as
1063 2234 64 55 to
1167 2231 84 56 all
1286 2229 165 73 legal
1489 2227 320 74 questions
1848 2229 138 59 that
2024 2226 347 74 ordinarily

382 2304 165 60 arise
576 2306 276 58 between
878 2304 241 73 parties
1148 2308 67 57 in
1242 2305 286 61 business
1558 2303 422 61 transactions
2011 2326 71 38 or
2111 2308 260 57 because

381 2386 69 57 of
481 2386 297 70 personal
812 2382 319 75 relations,
1165 2381 361 77 containing
1557 2383 306 73 practical
1895 2385 201 57 forms
2131 2384 67 57 in
382 2402 1964 133 proceedings
705 2461 67 58 in
807 2460 144 60 civil
988 2461 260 72 actions,

1288 2465 226 69 arrest,
1553 2462 401 71 attachment,
1993 2460 373 60 arbitration

381 2542 123 57 and
538 2538 231 73 award,
806 2538 298 74 replevin,
1142 2538 478 74 conveyancing,
1657 2541 332 68 contracts,
2023 2538 178 72 wills,
2239 2547 130 56 etc.,

382 2622 131 66 etc.,
543 2618 82 72 by
651 2618 243 71 Joseph
922 2618 72 59 R.
1029 2618 202 58 Swan.
1303 2618 145 57 26th
1479 2618 111 71 ed.,
1621 2615 247 61 revised
1897 2621 64 55 to
1993 2618 283 57 conform
2304 2621 64 54 to

379 2693 260 75 judicial
660 2691 307 63 decisions
994 2696 124 58 and
1141 2693 83 62 all
1245 2691 376 76 legislation,
1645 2699 63 55 to
1735 2694 167 72 1926,
1923 2694 84 72 by
2027 2692 219 58 Aaron
2268 2693 101 57 Du

378 2770 1988 74 Bois … Cincinnati, The W. H. Anderson company, 1926.
447 2865 68 36 cv,
551 2850 108 45 1010
689 2864 41 37 p.
790 2848 130 46 front.
959 2848 169 53 (port.)
1193 2849 56 44 26
1253 2850 49 19 cm

375 2902 53 54 ©
470 2905 117 42 Mar.
625 2904 39 52 2,
706 2903 131 52 1926;
875 2904 66 43 2c.
983 2904 120 44 Mar.
1142 2903 50 52 3;
1233 2903 79 43 aff.
1355 2903 119 42 Mar.
1514 2902 50 53 4;
1609 2902 43 43 A
1690 2900 190 54 883502;
1921 2902 152 52 James
2114 2901 57 43 A.
2216 2899 147 54 Swan,

444 2967 180 44 trustee,
657 2961 117 43 New
805 2960 143 44 York.
1017 2958 242 55 (26-5460)

377 3058 168 72 Taft,
584 3058 219 74 Henry
835 3058 270 72 Waters,
1145 3059 189 58 1859-

376 3146 1970 232 Law reform; papers and addreses by a practicing lawyer, Henry W. Taft … New York, The Macmillan company, 1926.
447 3381 623 53 ix p., 1 l., 265 p. 22½c m .
374 3433 53 55 ©
453 3436 118 43 Mar.
594 3436 41 51 2,
665 3436 129 52 1926;
822 3435 66 45 2c.
913 3436 88 43 and
1024 3436 81 43 aff.
1135 3436 120 43 Mar.
1283 3435 49 52 3;
1362 3434 44 43 A
1433 3433 160 46 879731;
1651 3432 268 46 Macmillan
1945 3447 66 30 co.

454 3490 242 56 (26-5459)

377 3590 346 74 Tennyson,
750 3589 230 58 Alfred
1008 3590 348 73 Tennyson,
1383 3594 98 53 1st
1512 3591 212 72 baron,
1752 3588 357 59 1809-1892.

451 3681 333 70 Tennyson
798 3683 46 54 ’s
896 3681 129 56 The
1073 3679 244 73 coming
1365 3679 69 57 of
1480 3678 262 72 Arthur,
1794 3676 238 60 Gareth
2080 3675 124 58 and
373 3674 1971 156 Lynette,

612 3757 297 58 Lancelot
962 3759 123 56 and
1136 3756 244 72 Elaine,
1434 3755 194 73 Quest
1677 3756 69 57 of
1795 3755 105 58 the
1951 3753 170 72 Holy
2171 3751 196 72 Grail,

374 3836 272 72 Passing
688 3835 68 58 of
795 3835 261 73 Arthur,
1101 3834 209 60 edited
1349 3832 153 59 with
1541 3831 443 73 introduction,
2027 3830 339 74 questions,
