2542 4285
1135 4021 147 55 1395

297 488 65 45 At
389 489 115 44 head
535 489 47 43 of
611 489 120 43 title:
764 488 164 43 Lucien
960 487 199 51 Dubech,
1192 488 159 44 Pierre
1381 487 246 54 d’Espezel.

298 544 386 55 “Bibliographie”
703 559 9 29 :
750 560 38 37 p.
830 542 232 48 [495]—509.

223 613 1493 55 © Aug. 31, 1926; 1c. Oct. 27; A—Foreign 32059; Payot.
303 671 267 55 (26-21715)

222 773 100 56 Du
363 772 366 69 Genestoux,
775 770 407 73 Magdeleine,
1229 773 188 57 1885-

369 858 1808 75 … Les tribulations de M. Clairon. Ouvrage illustr é
225 940 73 56 de
328 940 70 55 32
427 937 309 73 vignettes
763 956 119 52 par
908 937 72 56 A.
1012 937 262 57 Pécoud.
1350 937 204 70 Paris,
1584 937 326 71 Hachette,
1942 940 164 58 1926.

294 1024 1741 57 254 p., 1 l. illus. 19 cm . (On cover: Bibliothèque rose illustrée)
220 1095 1870 55 © Oct. 13, 1926; 1c. Oct. 27; A—Foreign 32070; Librairie Hachette.
300 1153 267 56 (26-21644)

221 1254 371 71 Edmonson,
638 1254 212 58 James
894 1252 288 74 Bartlett,
1229 1255 188 57 1882-

300 1345 128 58 The
455 1346 162 71 legal
644 1344 122 57 and
792 1343 472 58 constitutional
1288 1344 170 58 basis
1490 1345 67 57 of
1585 1365 36 37 a
1649 1347 161 56 state
1843 1345 208 58 school
223 1366 1961 129 system;

418 1442 79 37 an
540 1422 276 71 analysis
858 1422 67 57 of
964 1422 103 57 the
1111 1420 471 59 constitutional
1623 1422 375 74 provisions,
2041 1424 169 70 laws,

222 1501 121 56 and
393 1501 103 57 the
551 1500 301 71 Supreme
908 1503 176 53 court
1136 1498 306 59 decisions
1496 1499 300 73 affecting
1845 1500 102 59 the
2003 1500 205 58 school

223 1581 234 69 system
492 1579 67 56 of
590 1578 102 56 the
728 1581 160 54 state
925 1579 67 56 of
1024 1575 317 74 Michigan
1377 1578 112 71 [by]
1525 1578 214 57 James
1775 1578 277 58 Bartlett
221 1578 1966 135 Edmonson

592 1653 1620 74 … Bloomington, Ill., Public school publishing
222 1752 320 53 company,
575 1734 164 56 1926.

292 1823 448 54 ix, 203 p. 23½ cm .
293 1880 349 53 Bibliography:
674 1895 39 38 p.
748 1878 201 46 176-179.

219 1936 52 53 ©
297 1938 116 43 Nov.
440 1937 35 50 6,
506 1936 126 52 1926;
658 1937 63 41 2c.
749 1937 117 42 Nov.
898 1936 74 51 10;
999 1936 78 42 aff.
1106 1937 117 42 Nov.
1255 1936 74 52 12;
1356 1936 43 42 A
1427 1934 188 53 950901;
1647 1934 158 45 Public
1832 1932 154 47 school
2012 1936 100 51 pub.
2140 1949 65 30 co.

295 1993 267 56 (26-21476)

218 2094 315 72 Emerson,
573 2093 206 71 Ralph
817 2092 242 72 Waldo,
1101 2094 356 58 1803-1882.

291 2186 259 72 Essays,
577 2186 139 60 first
746 2189 122 57 and
897 2188 224 57 second
1153 2186 212 74 series,
1392 2187 83 72 by
1502 2187 208 72 Ralph
1735 2186 225 59 Waldo
216 2186 1967 151 Emerson;

396 2263 1810 74 with an introduction by Harold Goddard … New
214 2342 188 75 York,
435 2341 127 60 The
594 2340 360 60 Macmillan
985 2360 321 55 company,
1338 2343 165 59 1926.

285 2420 1801 51 xvi p., 2 l., 3-360 p. incl. front. 19 cm . (The modern readers’ series)
217 2474 52 53 ©
301 2477 116 42 Nov.
447 2475 66 51 30,
545 2475 104 43 1926
665 2490 8 37 ;
703 2475 64 42 2c.
798 2475 86 42 and
914 2475 77 42 aff.
1025 2475 108 42 Dec.
1168 2475 46 51 1;
1248 2475 43 42 A
1321 2473 189 53 958188;
1545 2474 264 44 Macmillan
1839 2489 66 29 co.
1968 2472 66 55 [©
286 2476 1897 109 introduction]
550 2531 269 55 (26-26548)

218 2632 227 70 Evans,
490 2630 293 70 William,
829 2632 187 57 1870-

294 2722 270 60 Christ’s
601 2722 124 60 last
760 2741 284 55 message
1081 2729 63 54 to
1181 2724 120 60 His
1338 2724 258 72 church;
1634 2745 78 37 an
1751 2722 352 75 exposition
2139 2726 67 57 of

213 2799 1992 76 the seven letters of Revelation I-III … by William Evans
282 2876 1720 77 … New York, Chicago [etc.] Fleming H. Revell
212 2898 1969 133 company
420 2988 13 43 [
433 2966 21 21 c
456 2958 164 72 1926]

283 3038 80 44 223
401 3050 39 36 p.
500 3036 48 43 21
559 3038 47 18 cm
611 3071 8 8 .

215 3088 54 54 ©
300 3091 99 43 Oct.
430 3090 66 51 30,
530 3090 126 51 1926;
686 3090 65 42 2c.
781 3091 86 42 and
896 3090 78 43 aff.
1008 3091 117 42 Nov.
1155 3090 77 51 30;
1266 3090 43 42 A
1342 3088 189 54 958140;
1560 3089 212 54 Fleming
1802 3091 60 43 H.
1896 3090 156 45 Revell
2080 3106 67 29 co.

294 3146 268 56 (26-21879)

216 3247 462 69 Featherstone,
718 3246 261 58 Belford
1015 3246 334 70 Kinchant,
1392 3249 188 57 1898-

295 3338 101 57 An
438 3337 384 71 unexplored
864 3355 181 53 pass;
1092 3356 36 37 a
1170 3336 322 58 narrative
1539 3339 66 56 of
1647 3357 37 38 a
1724 3337 484 60 thousand-mile

217 3416 266 71 journey
513 3419 62 53 to
603 3415 102 58 the
735 3415 425 57 Kara-koram
1189 3414 391 72 Himalayas,
1608 3416 83 71 by
1723 3414 271 73 Captain
2023 3417 70 59 B.
2125 3416 81 58 K.

219 3492 1987 72 Featherstone … introduction by Brig.-General, the Hon.
219 3569 1964 152 C. G. Bruce … with map and 25 illustrations from photographs
557 3649 38 56 by
673 3648 102 57 the
813 3648 240 57 author.
1130 3648 277 69 London,
1443 3648 395 58 Hutchinson
1870 3648 49 59 &
1956 3668 106 55 co.,
2097 3649 108 58 ltd.

221 3728 180 72 [1926]

287 3801 1198 57 295 p. front. (port.) plates, fold. map. 24 cm .
217 3860 1988 54 © 1c. Aug. 14, 1926; A ad int. 8434; pubd. June 18; B. K. Featherstone,
286 3919 297 52 Haymarket,
619 3918 220 52 England.
909 3916 268 55 (26-22521)
