2542 4285
1372 4001 149 55 1232

443 386 269 72 Currier,
749 385 278 59 Richard
1060 385 262 73 Dudley,
1363 388 188 57 1877-

520 473 1842 74 Cases on torts (Rev. ed.) By Richard D. Currier …
441 554 284 70 Newark,
756 554 151 57 New
934 554 230 70 Jersey
1192 553 119 56 law
1344 553 206 57 school
1578 571 202 53 press,
1813 552 165 58 1926.

510 643 109 54 xvii,
653 642 105 46 1165
789 658 40 39 p.
888 644 54 44 24
948 645 48 19 cm
1001 677 10 9 .

437 713 55 54 ©
518 716 100 43 Oct.
641 715 67 51 26,
737 715 128 50 1926;
891 715 65 41 2c.
984 714 101 43 Oct.
1111 714 77 51 29;
1213 713 79 42 aff.
1319 713 100 43 Oct.
1446 713 77 50 28;
1552 713 43 41 A
1620 711 188 53 950684;
1837 713 116 43 New
1978 713 158 51 Jersey
2162 711 87 44 law
2276 710 153 45 school

509 787 138 37 press.
716 770 270 56 (26-19237)

442 873 195 69 Dana,
681 873 222 56 Forest
948 869 273 69 Charles,
1267 872 189 57 1886-

520 959 1845 75 Engineering problems manual, by Forest C. Dana …
443 1037 1848 74 and Elmer H. Willmarth … 1st ed. New York [etc.]
444 1038 1969 139 McGraw-Hill
815 1116 159 58 book
1001 1134 320 54 company,
1350 1115 136 73 inc.,
1518 1117 164 56 1926.

513 1195 61 53 ix,
605 1196 73 43 121
708 1210 39 37 p.
776 1192 103 46 incl.
908 1193 156 52 tables,
1092 1194 167 52 diagrs.
1323 1193 50 44 19
1380 1196 47 17 cm
1431 1228 11 8 .
1556 1191 123 54 $1.00

442 1252 52 53 ©
522 1254 100 43 Oct.
649 1255 39 49 8,
718 1253 127 49 1926;
874 1252 64 43 2c.
966 1252 101 43 Oct.
1096 1251 74 52 16;
1200 1251 78 43 aff.
1308 1251 101 43 Oct.
1441 1251 74 51 19;
1544 1251 43 41 A
1614 1250 187 52 949626;
1833 1250 346 45 McGraw-Hill
2207 1249 119 45 book
2352 1265 80 37 co.,

510 1310 81 44 inc.
661 1309 269 54 (26-19129)

444 1410 211 69 Davis,
694 1410 248 57 Jerome
979 1407 271 72 Dwight,
1290 1410 189 56 1891-
1635 1407 91 58 ed.

515 1499 303 59 Business
869 1499 124 57 and
1041 1498 103 59 the
1198 1498 258 70 church;
1508 1518 36 37 a
1596 1497 403 73 symposium,
2054 1496 206 60 edited
2313 1500 124 57 and

439 1577 150 58 with
636 1596 80 40 an
760 1575 428 59 introduction
1233 1577 84 71 by
1362 1575 254 59 Jerome
1664 1575 215 58 Davis.
1970 1575 151 60 New
2168 1575 175 58 York
2391 1576 46 57 &

439 1655 277 72 London,
747 1654 128 57 The
906 1652 279 71 Century
1210 1673 87 38 co.
1328 1681 14 43 [
1344 1661 19 21 c
1367 1652 165 73 1926]

509 1728 79 51 xii,
615 1730 82 44 383
723 1744 40 38 p.
823 1729 55 44 20½
912 1731 46 18 cm
965 1764 7 8 .
1088 1727 125 54 $2.50

440 1786 55 53 ©
532 1787 119 52 Sept.
689 1787 63 51 10,
789 1786 129 51 1926;
954 1787 64 42 2c.
1057 1785 120 53 Sept.
1217 1787 72 50 13;
1328 1787 78 42 aff.
1445 1785 121 53 Sept.
1604 1787 73 51 14;
1714 1788 43 41 A
1794 1785 189 53 949025;
2023 1785 200 54 Century
2256 1802 66 27 co.

520 1843 268 55 (26-19083)

446 1945 185 72 Dene,
670 1944 244 58 Shafto.

520 2037 201 75 Songs
754 2036 65 58 in
855 2038 348 73 silhouette,
1234 2039 84 73 by
1351 2038 228 60 Shafto
1612 2039 170 58 Dene
1825 2037 83 74 (le
1937 2037 493 74 mousquetaire)

445 2116 288 74 Chicago,
767 2117 130 58 The
931 2115 468 60 Contributors’
1430 2114 192 75 guild,
1654 2118 166 56 1926.

513 2194 419 51 92 p., 1 l. 26 cm .
515 2252 136 46 “This
684 2251 169 45 edition
886 2252 51 44 of
969 2268 84 28 one
1085 2251 227 44 thousand
1343 2249 166 53 copies,
1544 2251 110 45 with
1685 2254 84 43 end
1800 2253 145 44 sheets
1976 2252 58 52 by
2067 2250 190 48 Isabelle
2286 2253 151 51 Joyce.

443 2310 175 49 printed
644 2317 46 36 at
717 2307 74 48 the
816 2322 127 37 press
970 2310 52 43 of
1050 2310 56 41 A.
1136 2308 55 42 D.
1220 2307 273 52 Weinthrop
1522 2310 88 43 and
1634 2322 233 38 company,
1898 2307 242 53 Chicago.”

515 2363 171 46 “Third
715 2364 215 50 printing,
965 2364 277 50 September,
1273 2362 145 46 1926.”

446 2417 53 54 ©
533 2419 121 52 Sept.
691 2418 62 51 18,
788 2418 129 51 1926;
953 2418 63 43 2c.
1053 2417 101 43 Oct.
1187 2416 77 52 20;
1300 2417 78 43 aff.
1415 2418 102 43 Oct.
1554 2418 73 51 14;
1661 2419 43 41 A
1738 2417 189 54 950664;
1969 2418 43 47 S.
2048 2420 141 52 Dene,
2225 2419 213 54 Chicago.

523 2475 269 55 (26-19289)

448 2576 250 73 Disney,
739 2575 243 60 Walter
1020 2575 186 71 Reed,
1248 2577 189 58 1877-

522 2665 1921 77 The de-miracleized Bible, by W. Reed Disney … New
445 2744 188 71 York,
661 2745 73 55 N.
761 2744 94 73 Y.,
880 2742 97 59 W.
1005 2744 72 59 R.
1105 2742 255 74 Disney,
1386 2752 19 23 c
1408 2744 165 59 1926.

512 2821 26 44 3
562 2834 41 39 p.
662 2857 11 16 l.,
697 2819 138 45 9-223
861 2834 42 39 p.
962 2819 54 44 23½
1051 2821 47 17 cm
1103 2854 9 10 .

447 2876 52 53 ©
528 2878 100 45 Oct.
652 2878 67 51 22,
748 2878 129 51 1926;
904 2878 66 42 2c.
994 2878 91 43 and
1111 2878 78 42 aff.
1219 2878 100 43 Oct.
1345 2877 77 53 25;
1451 2878 44 43 A
1524 2877 188 54 950596;
1742 2880 75 44 W.
1846 2880 53 43 R.
1930 2879 184 55 Disney.

526 2934 269 56 (26-19086)

454 3034 320 75 [Drouilly,
818 3036 148 59 Jose
1006 3034 310 77 Germain]
1361 3038 189 57 1884-

595 3125 1851 78 … Le roi des coqs, roman. Paris, J. Ferenczi et fils
454 3235 12 43 [
469 3214 17 21 c
491 3206 162 72 1926]

518 3283 479 53 210 p., 2 l. 18½ cm .
521 3340 216 44 Author’s
766 3340 163 52 pseud.,
956 3340 112 52 Jose
1100 3338 227 55 Germain,
1353 3348 47 37 at
1428 3339 116 45 head
1572 3340 52 47 of
1649 3340 113 46 title.

449 3394 1798 56 © July 30, 1926; 1c. Sept. 7; A—Foreign 31875; J. Ferenczi & fils.
528 3453 269 56 (26-19174)

454 3555 207 70 Elson,
698 3554 260 73 Arthur,
1000 3557 189 56 1873-

524 3646 59 56 A
617 3643 246 73 history
896 3643 70 58 of
998 3662 223 55 opera;
1257 3644 218 74 giving
1508 3666 79 37 an
1622 3650 259 55 account
1916 3646 69 59 of
2019 3648 103 59 the
2159 3647 126 60 rise
2322 3648 121 60 and

449 3740 299 54 progress
789 3720 69 59 of
895 3722 105 58 the
1037 3722 302 61 different
1379 3723 262 71 schools,
1681 3723 151 59 with
1874 3743 36 40 a
1950 3723 385 75 description
2378 3724 69 59 of

449 3799 1995 73 the master works in each, by Arthur Elson … New rev.
453 3876 90 57 ed.
623 3876 259 73 Boston,
906 3877 69 61 L.
1005 3876 64 60 C.
1097 3877 170 72 Page
1294 3879 47 57 &
1365 3897 306 54 company
1698 3880 183 73 [1926]
