2542 4285
1344 4003 150 59 1020

405 385 293 73 Chaucer,
739 385 310 73 Geoffrey,
1092 388 55 56 d.
1190 387 166 57 1400.

483 477 129 57 The
689 477 115 56 book
839 477 68 57 of
941 477 251 59 Troilus
1227 478 124 56 and
1390 474 316 74 Criseyde,
1740 477 84 71 by
1859 475 300 72 Geoffrey
408 473 1961 154 Chancer,

571 553 207 60 edited
821 556 167 56 from
1032 556 83 56 all
1157 555 105 57 the
1302 555 224 56 known
1566 554 423 71 manuscripts
2032 556 84 70 by
2155 554 237 57 Robert

405 631 1987 75 Kilburn Root … Princeton, Princeton university press,
406 713 165 57 1926.

490 791 165 51 lxxxix,
688 793 68 48 [1],
788 789 92 51 572,
955 807 10 30 [1]
997 806 40 35 p.
1097 792 54 42 24
1158 793 47 17 cm
1211 826 8 7 .

474 846 412 52 “Bibliographical
915 847 128 44 list”:
1073 862 39 35 p.
1145 845 202 45 567-569.

407 901 53 53 ©
486 902 113 53 May
626 903 62 51 12,
717 901 128 52 1926;
871 901 65 43 2fc.
963 902 86 43 and
1073 902 78 43 aff.
1180 901 120 52 Sept.
1329 900 73 53 17;
1431 901 44 42 A
1499 899 187 53 950052;
1717 900 242 44 Princeton
1985 900 249 53 university
2258 915 139 37 press.

487 957 60 57 [©
578 974 100 29 new
710 967 178 46 matter]
959 957 269 56 (26-16058)

410 1057 288 75 Chicago.
782 1058 384 73 University.

484 1151 336 57 Abstracts
852 1151 66 56 of
950 1151 227 72 theses,
1209 1150 382 58 humanistic
1625 1150 211 58 series,
1908 1170 57 38 v.
2003 1153 50 54 2.
2088 1151 159 56 Arts
2280 1151 122 57 and

407 1228 347 73 literature,
806 1227 286 73 divinity,
1148 1228 193 58 social
1392 1228 236 57 service
1681 1228 529 72 administration,
407 1229 1970 135 submitted

654 1310 63 53 to
745 1306 104 57 the
875 1307 292 57 faculties
1197 1307 68 57 of
1291 1306 104 58 the
1423 1308 306 71 graduate
1757 1307 241 57 schools
2028 1307 67 57 of
2120 1307 103 57 the
407 1306 1971 150 University

674 1384 69 57 of
769 1383 270 73 Chicago
1065 1385 107 57 for
1194 1385 105 57 the
1324 1386 225 71 degree
1577 1385 66 57 of
1669 1386 215 56 doctor
1914 1385 68 56 of
2004 1385 396 72 philosophy,

408 1462 252 72 August
689 1463 356 57 1923-June
1076 1464 165 71 1924,
1273 1463 152 57 with
1455 1464 312 56 abstracts
1799 1463 67 57 of
1899 1482 167 38 some
2095 1464 208 56 theses
2337 1464 68 56 of

411 1560 79 36 an
518 1540 228 56 earlier
771 1541 162 56 date.
1005 1540 289 73 Chicago,
1324 1541 115 73 Ill.,
1472 1542 130 56 The
1631 1541 372 72 University
2033 1541 67 58 of
2132 1540 270 74 Chicago

408 1636 183 51 press
626 1649 14 42 [
640 1625 20 22 c
664 1619 164 73 1926]

480 1692 985 55 xi, 507 p., 2 l. tables, diagrs. 23½ cm .
410 1748 59 54 ©
485 1751 118 53 Aug.
631 1751 62 52 16,
724 1751 105 44 1926;
876 1751 66 44 2c.
967 1752 102 43 Oct.
1090 1752 80 61 26;
1198 1752 78 44 aff.
1305 1752 100 44 Oct.
1428 1752 79 52 27;
1534 1753 44 42 A
1605 1752 189 54 949734;
1821 1752 268 53 University
2115 1753 51 44 of
2192 1752 212 54 Chicago,

483 1807 211 54 Chicago.

411 1907 419 73 Clemenceau,
870 1909 271 73 Georges
1180 1911 255 70 Eugène
1475 1909 349 73 Benjamin,
1865 1914 190 56 1841-

414 1999 1966 139 … Demosthenes, translated by Charles Miner Thompson … Boston
1006 2082 123 56 and
1172 2080 152 58 New
1365 2080 191 73 York,
1601 2080 345 74 Houghton
1988 2081 218 57 Mifflin
409 2100 1970 132 company,
632 2160 165 56 1926.

482 2237 1124 55 4 p. l., 158 p. front., plates, ports. 21½cm.
481 2296 64 45 At
573 2294 114 45 head
715 2295 50 44 of
794 2294 122 45 title:
948 2295 201 53 Georges
1183 2295 306 44 Clemenceau.

409 2347 57 61 ©
500 2349 120 52 Sept.
655 2349 62 53 17,
750 2350 129 52 1926;
912 2350 65 44 2c.
1013 2350 122 53 Sept.
1164 2351 80 52 20;
1274 2352 80 42 aff.
1391 2351 121 53 Sept.
1548 2351 73 53 18;
1656 2352 44 42 A
1730 2351 191 53 949099;
1958 2352 253 53 Houghton
2244 2352 164 44 Mifflin

484 2422 51 29 co.
616 2406 270 56 (26-16054)

413 2493 347 72 Crawford,
801 2494 234 58 Claude
1075 2495 64 57 C.

482 2582 1931 77 Methods of study, by Claude C. Crawford … Moscow,
411 2663 114 69 Id.,
560 2662 130 58 The
727 2662 226 57 author
992 2691 14 44 [
1005 2672 20 21 c
1028 2664 165 72 1926]

486 2741 75 44 163
592 2755 61 51 p..
691 2741 53 44 23½
781 2743 47 18 cm
834 2776 9 8 .

485 2797 284 54 “Readings”
804 2805 46 37 at
880 2799 85 44 end
994 2798 54 44 of
1079 2798 108 44 each
1219 2798 197 52 chapter.

416 2854 53 54 ©
500 2856 119 52 Aug.
652 2854 38 52 5,
725 2855 130 51 1926;
887 2856 65 42 2c.
982 2855 120 52 Aug.
1133 2854 79 54 20;
1246 2856 79 43 aff.
1358 2856 120 52 Aug.
1515 2856 74 52 19;
1624 2856 45 42 A
1700 2854 191 55 901527;
1928 2855 48 45 C.
2014 2856 48 45 C.
2099 2855 257 46 Crawford.

495 2911 271 56 (26-15919)

412 2999 279 69 Darrow,
740 2997 205 75 Floyd
987 2998 262 69 Lavem,
1298 3001 191 57 1880-

415 3088 1975 151 Miracles, a modern view, by Floyd L. Darrow … Indianapolis,
829 3167 130 58 The
997 3166 488 58 Bobbs-Merrill
1522 3186 307 54 company
1867 3196 14 44 [
1882 3175 19 23 c
1904 3169 165 72 1926]

484 3241 695 54 4 p. l., 11-289, [1] p. 21 cm .
488 3297 354 54 Bibliography:
871 3314 41 38 p.
956 3299 242 47 [279]-[283]

418 3354 53 53 ©
505 3355 120 54 Sept.
657 3356 36 51 9,
729 3356 130 52 1926;
893 3356 65 43 2c.
996 3356 110 52 Sept.
1155 3357 74 51 14;
1264 3357 78 43 aff.
1380 3357 121 52 Sept.
1538 3357 74 52 16;
1647 3359 44 42 A
1724 3358 190 54 949061;
1953 3359 362 45 Bobbs-Merrill
2345 3375 68 30 co.

498 3411 270 57 (26-15949)

418 3499 272 74 Denney,
730 3501 239 73 Joseph
1002 3500 273 73 Villiers,
1317 3505 189 56 1862-

498 3591 1850 76 Our English. 4th year. By Joseph Villiers Denney …
420 3668 1999 63 Eleanor L. Skinner … and Ada M. Skinner … New
418 3746 190 73 York,
646 3745 271 75 Chicago
955 3752 147 71 [etc.]
1144 3748 260 59 Charles
1446 3750 292 58 Scribner
1755 3754 45 55 ’s
1842 3771 143 38 sons
2025 3782 13 43 [
2041 3759 17 22 c
2062 3753 164 71 1926]

488 3823 1087 55 xii p., 1 l., 150 p. incl. front., illus. 19 cm .
415 3879 60 54 ©
505 3882 119 52 Aug.
658 3882 61 52 12,
756 3882 129 52 1926;
917 3883 65 43 2c.
1019 3882 121 54 Sept.
1171 3883 78 53 25;
1281 3885 79 43 aff.
1394 3884 102 44 Oct.
1527 3884 78 53 25;
1639 3886 44 42 A
1714 3884 190 54 950639;
1940 3885 189 45 Charles
2166 3885 249 47 Scribner’s

493 3952 115 31 sons.
