<alto xmlns="http://www.loc.gov/standards/alto/ns-v3#" xmlns:xlink="http://www.w3.org/1999/xlink" xmlns:xsi="http://www.w3.org/2001/XMLSchema-instance" xsi:schemaLocation="http://www.loc.gov/standards/alto/ns-v3# http://www.loc.gov/alto/v3/alto-3-0.xsd"><Description>
<MeasurementUnit>pixel</MeasurementUnit>
<sourceImageInformation>
<fileName>1926_v23_Part001.pdf</fileName>
</sourceImageInformation>
<OCRProcessing ID="IdOcr">
<ocrProcessingStep>
<processingDateTime>2019-04-10</processingDateTime>
<processingSoftware>
<softwareCreator>ABBYY</softwareCreator>
<softwareName>ABBYY Recognition Server</softwareName>
<softwareVersion>4.0</softwareVersion>
</processingSoftware>
</ocrProcessingStep>
</OCRProcessing>
</Description>
<Styles>
<ParagraphStyle ID="StyleId-FFFFFFFF-FFFF-FFFF-FFFF-FFFFFFFFFFFF-" ALIGN="Left" LEFT="0." RIGHT="0." FIRSTLINE="0."/>
<ParagraphStyle ID="StyleId-22C3EA86-D171-42E2-A7D2-9A866F7D91F9-" ALIGN="Left" LEFT="0." RIGHT="0." FIRSTLINE="0." LINESPACE="8.300000191"/>
<ParagraphStyle ID="StyleId-E3FA4CC6-F5E5-41CA-B4C4-90085BF71B6C-" ALIGN="Block" LEFT="0." RIGHT="0." FIRSTLINE="-14." LINESPACE="8.050000191"/>
<ParagraphStyle ID="StyleId-41118DB3-028A-4115-95B3-BB512DD0EDAE-" ALIGN="Left" LEFT="0." RIGHT="0." FIRSTLINE="-13." LINESPACE="13.30000019"/>
<ParagraphStyle ID="StyleId-A2FB4C2B-BF87-45AD-9689-33B0118FBFC1-" ALIGN="Block" LEFT="0." RIGHT="0." FIRSTLINE="-14." LINESPACE="11.06999969"/>
<ParagraphStyle ID="StyleId-BBBA7B5D-FE2B-4BC7-AC7D-F142900C21B8-" ALIGN="Block" LEFT="0." RIGHT="0." FIRSTLINE="0." LINESPACE="8.899999619"/>
<ParagraphStyle ID="StyleId-3CEA3EEE-4341-4E33-9EF0-A9438AB90A9B-" ALIGN="Center" LEFT="0." RIGHT="0." FIRSTLINE="0." LINESPACE="12.19999981"/>
<ParagraphStyle ID="StyleId-817955BE-3120-4B53-BBD3-920BAE733BFF-" ALIGN="Left" LEFT="0." RIGHT="0." FIRSTLINE="0." LINESPACE="12.19999981"/>
<ParagraphStyle ID="StyleId-456A266C-F799-486A-ACB1-75B61E9815AB-" ALIGN="Left" LEFT="0." RIGHT="0." FIRSTLINE="-13." LINESPACE="8.18999958"/>
<ParagraphStyle ID="StyleId-6A1E9ED6-E5EA-4E31-BD5A-88089B8D7134-" ALIGN="Right" LEFT="0." RIGHT="0." FIRSTLINE="0." LINESPACE="7.699999809"/>
<ParagraphStyle ID="StyleId-C11ABF73-04BC-4F6E-B7E4-01FCA3A26756-" ALIGN="Left" LEFT="0." RIGHT="0." FIRSTLINE="-13." LINESPACE="12.19999981"/>
<ParagraphStyle ID="StyleId-662CF6CF-DB5F-40BE-AD24-E877ED82DD6F-" ALIGN="Block" LEFT="0." RIGHT="0." FIRSTLINE="-14." LINESPACE="11.06999969"/>
<ParagraphStyle ID="StyleId-9361006B-74B5-41BD-BFD3-03318AD64910-" ALIGN="Left" LEFT="0." RIGHT="0." FIRSTLINE="0." LINESPACE="8.899999619"/>
</Styles>
<Layout>
<Page ID="Page986" PHYSICAL_IMG_NR="986" HEIGHT="4285" WIDTH="2542">
<TopMargin HEIGHT="361" WIDTH="2542" VPOS="0" HPOS="0">
</TopMargin>
<LeftMargin HEIGHT="3597" WIDTH="368" VPOS="361" HPOS="0">
</LeftMargin>
<RightMargin HEIGHT="3597" WIDTH="118" VPOS="361" HPOS="2424">
</RightMargin>
<BottomMargin HEIGHT="327" WIDTH="2542" VPOS="3958" HPOS="0">
<TextBlock ID="Page986_Block1" HEIGHT="229" WIDTH="333" VPOS="3986" HPOS="1243" LANG="en-US" STYLEREFS="StyleId-21B2A948-8858-43D7-9C84-83831063E2D3-">
<TextLine HEIGHT="57" WIDTH="111" VPOS="4000" HPOS="1349">
<String CONTENT="986" HEIGHT="57" WIDTH="111" VPOS="4000" HPOS="1349"/>
</TextLine>
</TextBlock>
<GraphicalElement ID="Page986_Block2" HEIGHT="327" WIDTH="36" VPOS="3958" HPOS="2506"/>
</BottomMargin>
<PrintSpace HEIGHT="3597" WIDTH="2056" VPOS="361" HPOS="368">
<TextBlock ID="Page986_Block3" HEIGHT="3597" WIDTH="2056" VPOS="361" HPOS="368" LANG="en-US" CS="1" STYLEREFS="StyleId-73C238F8-750B-44E6-BAB4-613433FB4811-">
<TextLine HEIGHT="71" WIDTH="1071" VPOS="394" HPOS="409" STYLEREFS="StyleId-D47A3DF2-56FB-4CEB-BE20-CD3ABFDCBA39-">
<String CONTENT="Beresford," HEIGHT="69" WIDTH="353" VPOS="394" HPOS="409"/>
<SP HEIGHT="68" WIDTH="43" VPOS="395" HPOS="763"/>
<String CONTENT="John" HEIGHT="58" WIDTH="167" VPOS="394" HPOS="807"/>
<SP HEIGHT="56" WIDTH="39" VPOS="394" HPOS="975"/>
<String CONTENT="Davys," HEIGHT="71" WIDTH="230" VPOS="394" HPOS="1015"/>
<SP HEIGHT="65" WIDTH="44" VPOS="398" HPOS="1246"/>
<String CONTENT="1873-" HEIGHT="57" WIDTH="189" VPOS="396" HPOS="1291"/>
</TextLine>
<TextLine HEIGHT="74" WIDTH="1927" VPOS="470" HPOS="465" STYLEREFS="StyleId-D47A3DF2-56FB-4CEB-BE20-CD3ABFDCBA39-" CS="1">
<String CONTENT="Almost" HEIGHT="57" WIDTH="246" VPOS="473" HPOS="465"/>
<SP HEIGHT="69" WIDTH="22" VPOS="474" HPOS="712"/>
<String CONTENT="pagan," HEIGHT="52" WIDTH="228" VPOS="491" HPOS="735"/>
<SP HEIGHT="70" WIDTH="20" VPOS="473" HPOS="964"/>
<String CONTENT="by" HEIGHT="71" WIDTH="83" VPOS="473" HPOS="985"/>
<SP HEIGHT="72" WIDTH="21" VPOS="472" HPOS="1069"/>
<String CONTENT="J." HEIGHT="57" WIDTH="60" VPOS="472" HPOS="1091"/>
<SP HEIGHT="56" WIDTH="25" VPOS="472" HPOS="1152"/>
<String CONTENT="D." HEIGHT="57" WIDTH="74" VPOS="472" HPOS="1178"/>
<SP HEIGHT="57" WIDTH="22" VPOS="472" HPOS="1253"/>
<String CONTENT="Beresford" HEIGHT="58" WIDTH="350" VPOS="472" HPOS="1276"/>
<SP HEIGHT="57" WIDTH="25" VPOS="472" HPOS="1627"/>
<String CS="1" CONTENT="&#8230;"/>
<SP HEIGHT="56" WIDTH="67" VPOS="471" HPOS="1715"/>
<String CONTENT="Indianapolis," HEIGHT="74" WIDTH="451" VPOS="470" HPOS="1783"/>
<SP HEIGHT="73" WIDTH="26" VPOS="471" HPOS="2235"/>
<String CONTENT="The" HEIGHT="58" WIDTH="130" VPOS="470" HPOS="2262"/>
</TextLine>
<TextLine HEIGHT="74" WIDTH="1053" VPOS="549" HPOS="406" STYLEREFS="StyleId-D47A3DF2-56FB-4CEB-BE20-CD3ABFDCBA39-">
<String CONTENT="Bobbs-Merrill" HEIGHT="59" WIDTH="484" VPOS="549" HPOS="406"/>
<SP HEIGHT="54" WIDTH="31" VPOS="552" HPOS="891"/>
<String CONTENT="company" HEIGHT="53" WIDTH="304" VPOS="569" HPOS="923"/>
<SP HEIGHT="53" WIDTH="30" VPOS="570" HPOS="1228"/>
<String CONTENT="[" HEIGHT="42" WIDTH="12" VPOS="581" HPOS="1259"/>
<String STYLE="superscript" CONTENT="c" HEIGHT="22" WIDTH="19" VPOS="558" HPOS="1274"/>
<String CONTENT="1926]" HEIGHT="72" WIDTH="163" VPOS="551" HPOS="1296"/>
</TextLine>
<TextLine HEIGHT="53" WIDTH="513" VPOS="628" HPOS="478" CS="1">
<String LANG="en-US" CONTENT="3" HEIGHT="43" WIDTH="23" VPOS="629" HPOS="478"/>
<SP HEIGHT="52" WIDTH="25" VPOS="629" HPOS="502"/>
<String LANG="la" CONTENT="p." HEIGHT="40" WIDTH="38" VPOS="641" HPOS="528"/>
<SP HEIGHT="44" WIDTH="27" VPOS="628" HPOS="567"/>
<String LANG="la" CS="1" CONTENT="l."/>
<String LANG="en-US" CONTENT="," HEIGHT="16" WIDTH="9" VPOS="663" HPOS="626"/>
<SP HEIGHT="50" WIDTH="27" VPOS="629" HPOS="636"/>
<String LANG="en-US" CONTENT="333" HEIGHT="44" WIDTH="79" VPOS="628" HPOS="664"/>
<SP HEIGHT="52" WIDTH="25" VPOS="629" HPOS="744"/>
<String LANG="en-US" CONTENT="p." HEIGHT="38" WIDTH="39" VPOS="643" HPOS="770"/>
<SP HEIGHT="41" WIDTH="58" VPOS="631" HPOS="810"/>
<String LANG="en-US" CONTENT="20" HEIGHT="43" WIDTH="54" VPOS="629" HPOS="869"/>
<String STYLE="superscript" LANG="en-US" CONTENT="cm" HEIGHT="17" WIDTH="46" VPOS="631" HPOS="930"/>
<String LANG="en-US" CONTENT="." HEIGHT="8" WIDTH="9" VPOS="664" HPOS="982"/>
</TextLine>
<TextLine HEIGHT="55" WIDTH="1404" VPOS="682" HPOS="479">
<String CONTENT="London" HEIGHT="45" WIDTH="187" VPOS="684" HPOS="479"/>
<SP HEIGHT="28" WIDTH="25" VPOS="700" HPOS="667"/>
<String CONTENT="edition" HEIGHT="44" WIDTH="166" VPOS="684" HPOS="693"/>
<SP HEIGHT="50" WIDTH="34" VPOS="685" HPOS="860"/>
<String CONTENT="(Collins)" HEIGHT="54" WIDTH="223" VPOS="683" HPOS="895"/>
<SP HEIGHT="53" WIDTH="34" VPOS="684" HPOS="1119"/>
<String CONTENT="has" HEIGHT="44" WIDTH="81" VPOS="684" HPOS="1154"/>
<SP HEIGHT="37" WIDTH="24" VPOS="691" HPOS="1236"/>
<String CONTENT="title:" HEIGHT="44" WIDTH="123" VPOS="684" HPOS="1261"/>
<SP HEIGHT="46" WIDTH="28" VPOS="682" HPOS="1385"/>
<String CONTENT="That" HEIGHT="45" WIDTH="121" VPOS="682" HPOS="1414"/>
<SP HEIGHT="43" WIDTH="24" VPOS="684" HPOS="1536"/>
<String CONTENT="kind" HEIGHT="43" WIDTH="106" VPOS="684" HPOS="1561"/>
<SP HEIGHT="43" WIDTH="23" VPOS="685" HPOS="1668"/>
<String CONTENT="of" HEIGHT="44" WIDTH="50" VPOS="684" HPOS="1692"/>
<SP HEIGHT="42" WIDTH="25" VPOS="684" HPOS="1743"/>
<String CONTENT="man." HEIGHT="29" WIDTH="114" VPOS="698" HPOS="1769"/>
</TextLine>
<TextLine HEIGHT="54" WIDTH="1843" VPOS="737" HPOS="409">
<String CONTENT="&#169;" HEIGHT="53" WIDTH="54" VPOS="738" HPOS="409"/>
<SP HEIGHT="53" WIDTH="33" VPOS="738" HPOS="464"/>
<String CONTENT="Sept." HEIGHT="51" WIDTH="120" VPOS="740" HPOS="498"/>
<SP HEIGHT="43" WIDTH="30" VPOS="740" HPOS="619"/>
<String CONTENT="2," HEIGHT="51" WIDTH="39" VPOS="740" HPOS="650"/>
<SP HEIGHT="51" WIDTH="33" VPOS="740" HPOS="690"/>
<String CONTENT="1926;" HEIGHT="52" WIDTH="129" VPOS="739" HPOS="724"/>
<SP HEIGHT="51" WIDTH="33" VPOS="740" HPOS="854"/>
<String CONTENT="2c." HEIGHT="42" WIDTH="64" VPOS="740" HPOS="888"/>
<SP HEIGHT="27" WIDTH="34" VPOS="755" HPOS="953"/>
<String CONTENT="and" HEIGHT="42" WIDTH="86" VPOS="740" HPOS="988"/>
<SP HEIGHT="42" WIDTH="29" VPOS="740" HPOS="1075"/>
<String CONTENT="aff." HEIGHT="42" WIDTH="77" VPOS="740" HPOS="1105"/>
<SP HEIGHT="45" WIDTH="36" VPOS="740" HPOS="1183"/>
<String CONTENT="Sept." HEIGHT="51" WIDTH="122" VPOS="740" HPOS="1220"/>
<SP HEIGHT="41" WIDTH="36" VPOS="741" HPOS="1343"/>
<String CONTENT="13;" HEIGHT="50" WIDTH="72" VPOS="740" HPOS="1380"/>
<SP HEIGHT="50" WIDTH="35" VPOS="740" HPOS="1453"/>
<!-- cceid 03F08B82-6E1B-1014-9B7B-CA07F191E62B --><String CONTENT="A" HEIGHT="41" WIDTH="43" VPOS="740" HPOS="1489"/>
<SP HEIGHT="41" WIDTH="34" VPOS="740" HPOS="1533"/>
<String CONTENT="901987;" HEIGHT="53" WIDTH="187" VPOS="737" HPOS="1568"/>
<SP HEIGHT="51" WIDTH="38" VPOS="739" HPOS="1756"/>
<String CONTENT="Bobbs-Merrill" HEIGHT="44" WIDTH="359" VPOS="738" HPOS="1795"/>
<SP HEIGHT="43" WIDTH="31" VPOS="738" HPOS="2155"/>
<String CONTENT="co." HEIGHT="27" WIDTH="65" VPOS="754" HPOS="2187"/>
</TextLine>
<TextLine HEIGHT="55" WIDTH="268" VPOS="795" HPOS="490">
<String CONTENT="(26-15606)" HEIGHT="55" WIDTH="268" VPOS="795" HPOS="490"/>
</TextLine>
<TextLine HEIGHT="76" WIDTH="1632" VPOS="879" HPOS="410" STYLEREFS="StyleId-D8F47E2F-9BB0-48D5-B821-93C92D911861-">
<String CONTENT="Bible." HEIGHT="58" WIDTH="193" VPOS="879" HPOS="410"/>
<SP HEIGHT="56" WIDTH="79" VPOS="882" HPOS="604"/>
<String CONTENT="N." HEIGHT="56" WIDTH="76" VPOS="882" HPOS="684"/>
<SP HEIGHT="55" WIDTH="43" VPOS="883" HPOS="761"/>
<String CONTENT="T." HEIGHT="55" WIDTH="67" VPOS="883" HPOS="805"/>
<SP HEIGHT="57" WIDTH="83" VPOS="883" HPOS="873"/>
<String CONTENT="Gospels." HEIGHT="72" WIDTH="274" VPOS="883" HPOS="957"/>
<SP HEIGHT="57" WIDTH="82" VPOS="883" HPOS="1232"/>
<String CONTENT="Selections." HEIGHT="59" WIDTH="360" VPOS="881" HPOS="1315"/>
<SP HEIGHT="55" WIDTH="80" VPOS="883" HPOS="1676"/>
<String CONTENT="English." HEIGHT="73" WIDTH="285" VPOS="880" HPOS="1757"/>
</TextLine>
<TextLine HEIGHT="74" WIDTH="1915" VPOS="957" HPOS="484" STYLEREFS="StyleId-D47A3DF2-56FB-4CEB-BE20-CD3ABFDCBA39-">
<String CONTENT="A" HEIGHT="57" WIDTH="60" VPOS="958" HPOS="484"/>
<SP HEIGHT="57" WIDTH="41" VPOS="958" HPOS="545"/>
<String CONTENT="harmony" HEIGHT="72" WIDTH="307" VPOS="958" HPOS="587"/>
<SP HEIGHT="52" WIDTH="41" VPOS="978" HPOS="895"/>
<String CONTENT="of" HEIGHT="56" WIDTH="68" VPOS="960" HPOS="937"/>
<SP HEIGHT="56" WIDTH="41" VPOS="960" HPOS="1006"/>
<String CONTENT="the" HEIGHT="57" WIDTH="102" VPOS="959" HPOS="1048"/>
<SP HEIGHT="58" WIDTH="50" VPOS="959" HPOS="1151"/>
<String CONTENT="Gospels," HEIGHT="72" WIDTH="282" VPOS="959" HPOS="1202"/>
<SP HEIGHT="72" WIDTH="46" VPOS="959" HPOS="1485"/>
<String CONTENT="Jesus&#8217;" HEIGHT="57" WIDTH="214" VPOS="959" HPOS="1532"/>
<SP HEIGHT="55" WIDTH="48" VPOS="961" HPOS="1747"/>
<String CONTENT="exaltation" HEIGHT="59" WIDTH="342" VPOS="957" HPOS="1796"/>
<SP HEIGHT="38" WIDTH="43" VPOS="978" HPOS="2139"/>
<String CONTENT="of" HEIGHT="57" WIDTH="66" VPOS="959" HPOS="2183"/>
<SP HEIGHT="56" WIDTH="44" VPOS="959" HPOS="2250"/>
<String CONTENT="the" HEIGHT="57" WIDTH="104" VPOS="959" HPOS="2295"/>
</TextLine>
<TextLine HEIGHT="72" WIDTH="1992" VPOS="1035" HPOS="409" STYLEREFS="StyleId-D47A3DF2-56FB-4CEB-BE20-CD3ABFDCBA39-">
<String CONTENT="Fatherhood" HEIGHT="58" WIDTH="402" VPOS="1035" HPOS="409"/>
<SP HEIGHT="56" WIDTH="31" VPOS="1037" HPOS="812"/>
<String CONTENT="of" HEIGHT="56" WIDTH="68" VPOS="1037" HPOS="844"/>
<SP HEIGHT="59" WIDTH="30" VPOS="1036" HPOS="913"/>
<String CONTENT="God," HEIGHT="71" WIDTH="153" VPOS="1036" HPOS="944"/>
<SP HEIGHT="69" WIDTH="27" VPOS="1038" HPOS="1098"/>
<String CONTENT="business" HEIGHT="57" WIDTH="287" VPOS="1037" HPOS="1126"/>
<SP HEIGHT="37" WIDTH="29" VPOS="1056" HPOS="1414"/>
<String CONTENT="new" HEIGHT="37" WIDTH="136" VPOS="1056" HPOS="1444"/>
<SP HEIGHT="38" WIDTH="29" VPOS="1056" HPOS="1581"/>
<String CONTENT="era" HEIGHT="39" WIDTH="106" VPOS="1055" HPOS="1611"/>
<SP HEIGHT="37" WIDTH="29" VPOS="1056" HPOS="1718"/>
<String CONTENT="version," HEIGHT="70" WIDTH="270" VPOS="1037" HPOS="1748"/>
<SP HEIGHT="67" WIDTH="29" VPOS="1040" HPOS="2019"/>
<String CONTENT="translated" HEIGHT="58" WIDTH="352" VPOS="1036" HPOS="2049"/>
</TextLine>
<TextLine HEIGHT="150" WIDTH="1968" VPOS="1112" HPOS="409" STYLEREFS="StyleId-D47A3DF2-56FB-4CEB-BE20-CD3ABFDCBA39-" CS="1">
<String CONTENT="out" HEIGHT="53" WIDTH="108" VPOS="1117" HPOS="409"/>
<SP HEIGHT="54" WIDTH="27" VPOS="1117" HPOS="518"/>
<String CONTENT="of" HEIGHT="57" WIDTH="67" VPOS="1114" HPOS="546"/>
<SP HEIGHT="57" WIDTH="29" VPOS="1114" HPOS="614"/>
<String CONTENT="the" HEIGHT="57" WIDTH="103" VPOS="1114" HPOS="644"/>
<SP HEIGHT="38" WIDTH="29" VPOS="1133" HPOS="748"/>
<String CONTENT="original" HEIGHT="73" WIDTH="269" VPOS="1114" HPOS="778"/>
<SP HEIGHT="58" WIDTH="29" VPOS="1114" HPOS="1048"/>
<String CONTENT="Greek," HEIGHT="73" WIDTH="220" VPOS="1114" HPOS="1078"/>
<SP HEIGHT="73" WIDTH="28" VPOS="1114" HPOS="1299"/>
<String CONTENT="by" HEIGHT="71" WIDTH="84" VPOS="1114" HPOS="1328"/>
<SP HEIGHT="71" WIDTH="25" VPOS="1114" HPOS="1413"/>
<String LANG="de" CONTENT="Du" HEIGHT="56" WIDTH="100" VPOS="1114" HPOS="1439"/>
<SP HEIGHT="56" WIDTH="26" VPOS="1114" HPOS="1540"/>
<String LANG="de" CONTENT="Bois" HEIGHT="57" WIDTH="150" VPOS="1114" HPOS="1567"/>
<SP HEIGHT="57" WIDTH="30" VPOS="1114" HPOS="1718"/>
<String CONTENT="H." HEIGHT="56" WIDTH="78" VPOS="1114" HPOS="1749"/>
<SP HEIGHT="55" WIDTH="30" VPOS="1114" HPOS="1828"/>
<String CONTENT="Loux" HEIGHT="56" WIDTH="176" VPOS="1114" HPOS="1859"/>
<SP HEIGHT="38" WIDTH="33" VPOS="1133" HPOS="2036"/>
<String CS="1" CONTENT="&#8230;"/>
<SP HEIGHT="58" WIDTH="86" VPOS="1114" HPOS="2132"/>
<String CONTENT="Jackson," HEIGHT="150" WIDTH="1966" VPOS="1112" HPOS="411"/>
</TextLine>
<TextLine HEIGHT="74" WIDTH="1358" VPOS="1190" HPOS="577" STYLEREFS="StyleId-D47A3DF2-56FB-4CEB-BE20-CD3ABFDCBA39-">
<String CONTENT="Mich.," HEIGHT="73" WIDTH="201" VPOS="1191" HPOS="577"/>
<SP HEIGHT="74" WIDTH="35" VPOS="1190" HPOS="779"/>
<String CONTENT="Fellowship" HEIGHT="73" WIDTH="377" VPOS="1190" HPOS="815"/>
<SP HEIGHT="52" WIDTH="35" VPOS="1211" HPOS="1193"/>
<String CONTENT="of" HEIGHT="56" WIDTH="68" VPOS="1192" HPOS="1229"/>
<SP HEIGHT="57" WIDTH="33" VPOS="1192" HPOS="1298"/>
<String CONTENT="declaration," HEIGHT="71" WIDTH="402" VPOS="1191" HPOS="1332"/>
<SP HEIGHT="68" WIDTH="33" VPOS="1194" HPOS="1735"/>
<String CONTENT="1926." HEIGHT="56" WIDTH="166" VPOS="1192" HPOS="1769"/>
</TextLine>
<TextLine HEIGHT="52" WIDTH="555" VPOS="1270" HPOS="479" CS="1">
<String CONTENT="3" HEIGHT="42" WIDTH="23" VPOS="1270" HPOS="479"/>
<SP HEIGHT="51" WIDTH="28" VPOS="1270" HPOS="503"/>
<String CONTENT="p." HEIGHT="38" WIDTH="38" VPOS="1283" HPOS="532"/>
<SP/>
<String CS="1" CONTENT="l.,"/>
<SP HEIGHT="50" WIDTH="32" VPOS="1270" HPOS="645"/>
<String CONTENT="122" HEIGHT="42" WIDTH="79" VPOS="1270" HPOS="678"/>
<SP HEIGHT="52" WIDTH="25" VPOS="1270" HPOS="758"/>
<String CONTENT="p." HEIGHT="38" WIDTH="39" VPOS="1284" HPOS="784"/>
<SP HEIGHT="42" WIDTH="58" VPOS="1271" HPOS="824"/>
<String CS="1" CONTENT="23&#189;" HEIGHT="43" WIDTH="52" VPOS="1270" HPOS="883"/>
<String STYLE="superscript" CONTENT="cm" HEIGHT="17" WIDTH="46" VPOS="1271" HPOS="971"/>
<String CONTENT="." HEIGHT="9" WIDTH="9" VPOS="1303" HPOS="1025"/>
</TextLine>
<TextLine HEIGHT="54" WIDTH="1986" VPOS="1324" HPOS="410">
<String CONTENT="&#169;" HEIGHT="53" WIDTH="53" VPOS="1324" HPOS="410"/>
<SP HEIGHT="53" WIDTH="24" VPOS="1324" HPOS="464"/>
<String CONTENT="Aug." HEIGHT="51" WIDTH="119" VPOS="1327" HPOS="489"/>
<SP HEIGHT="42" WIDTH="23" VPOS="1327" HPOS="609"/>
<String CONTENT="30," HEIGHT="51" WIDTH="66" VPOS="1327" HPOS="633"/>
<SP HEIGHT="51" WIDTH="27" VPOS="1327" HPOS="700"/>
<String CONTENT="1926;" HEIGHT="52" WIDTH="129" VPOS="1326" HPOS="728"/>
<SP HEIGHT="51" WIDTH="25" VPOS="1327" HPOS="858"/>
<String CONTENT="2c." HEIGHT="42" WIDTH="63" VPOS="1327" HPOS="884"/>
<SP HEIGHT="45" WIDTH="29" VPOS="1326" HPOS="948"/>
<String CONTENT="Sept." HEIGHT="52" WIDTH="121" VPOS="1326" HPOS="978"/>
<SP HEIGHT="42" WIDTH="25" VPOS="1327" HPOS="1100"/>
<String CONTENT="3;" HEIGHT="50" WIDTH="49" VPOS="1327" HPOS="1126"/>
<SP HEIGHT="36" WIDTH="28" VPOS="1341" HPOS="1176"/>
<String CONTENT="aff." HEIGHT="41" WIDTH="77" VPOS="1327" HPOS="1205"/>
<SP HEIGHT="47" WIDTH="31" VPOS="1324" HPOS="1283"/>
<String CONTENT="Sept." HEIGHT="53" WIDTH="118" VPOS="1324" HPOS="1315"/>
<SP HEIGHT="42" WIDTH="26" VPOS="1326" HPOS="1434"/>
<String CONTENT="2;" HEIGHT="51" WIDTH="49" VPOS="1326" HPOS="1461"/>
<SP HEIGHT="50" WIDTH="27" VPOS="1327" HPOS="1511"/>
<!-- cceid 03F0CAEB-6E1B-1014-9B7B-CA07F191E62B --><String CONTENT="A" HEIGHT="41" WIDTH="43" VPOS="1327" HPOS="1539"/>
<SP HEIGHT="41" WIDTH="25" VPOS="1327" HPOS="1583"/>
<String CONTENT="901815;" HEIGHT="53" WIDTH="188" VPOS="1324" HPOS="1609"/>
<SP HEIGHT="51" WIDTH="27" VPOS="1326" HPOS="1798"/>
<String CONTENT="Du" HEIGHT="42" WIDTH="73" VPOS="1326" HPOS="1826"/>
<SP HEIGHT="41" WIDTH="28" VPOS="1328" HPOS="1900"/>
<String CONTENT="Bois" HEIGHT="44" WIDTH="106" VPOS="1325" HPOS="1929"/>
<SP HEIGHT="42" WIDTH="28" VPOS="1326" HPOS="2036"/>
<String CONTENT="Henry" HEIGHT="51" WIDTH="160" VPOS="1326" HPOS="2065"/>
<SP HEIGHT="48" WIDTH="26" VPOS="1329" HPOS="2226"/>
<String CONTENT="Loux," HEIGHT="47" WIDTH="143" VPOS="1329" HPOS="2253"/>
</TextLine>
<TextLine HEIGHT="55" WIDTH="725" VPOS="1382" HPOS="480">
<String CONTENT="Jackson," HEIGHT="51" WIDTH="208" VPOS="1384" HPOS="480"/>
<SP HEIGHT="49" WIDTH="39" VPOS="1385" HPOS="689"/>
<String CONTENT="Mich." HEIGHT="44" WIDTH="138" VPOS="1383" HPOS="729"/>
<SP HEIGHT="53" WIDTH="69" VPOS="1384" HPOS="868"/>
<String CONTENT="(26-15626)" HEIGHT="55" WIDTH="267" VPOS="1382" HPOS="938"/>
</TextLine>
<TextLine HEIGHT="71" WIDTH="521" VPOS="1465" HPOS="411" STYLEREFS="StyleId-E4E24CF9-C428-4AD6-A3E5-98463DBA5D5E-">
<String CONTENT="Bill," HEIGHT="71" WIDTH="141" VPOS="1465" HPOS="411"/>
<SP HEIGHT="69" WIDTH="33" VPOS="1467" HPOS="553"/>
<String CONTENT="Alfred" HEIGHT="59" WIDTH="231" VPOS="1466" HPOS="587"/>
<SP HEIGHT="57" WIDTH="35" VPOS="1468" HPOS="819"/>
<String CONTENT="H." HEIGHT="57" WIDTH="77" VPOS="1468" HPOS="855"/>
</TextLine>
<TextLine HEIGHT="75" WIDTH="1915" VPOS="1543" HPOS="485" STYLEREFS="StyleId-D47A3DF2-56FB-4CEB-BE20-CD3ABFDCBA39-">
<String CONTENT="Highroads" HEIGHT="74" WIDTH="362" VPOS="1543" HPOS="485"/>
<SP HEIGHT="41" WIDTH="39" VPOS="1564" HPOS="848"/>
<String CONTENT="of" HEIGHT="57" WIDTH="68" VPOS="1545" HPOS="888"/>
<SP HEIGHT="71" WIDTH="35" VPOS="1545" HPOS="957"/>
<String CONTENT="peril," HEIGHT="72" WIDTH="179" VPOS="1546" HPOS="993"/>
<SP HEIGHT="72" WIDTH="35" VPOS="1546" HPOS="1173"/>
<String CONTENT="being" HEIGHT="73" WIDTH="187" VPOS="1544" HPOS="1209"/>
<SP HEIGHT="69" WIDTH="33" VPOS="1548" HPOS="1397"/>
<String CONTENT="the" HEIGHT="57" WIDTH="103" VPOS="1544" HPOS="1431"/>
<SP HEIGHT="37" WIDTH="40" VPOS="1565" HPOS="1535"/>
<String CONTENT="adventures" HEIGHT="56" WIDTH="375" VPOS="1546" HPOS="1576"/>
<SP HEIGHT="38" WIDTH="39" VPOS="1565" HPOS="1952"/>
<String CONTENT="of" HEIGHT="58" WIDTH="68" VPOS="1545" HPOS="1992"/>
<SP HEIGHT="56" WIDTH="35" VPOS="1545" HPOS="2061"/>
<String CONTENT="Franklin" HEIGHT="58" WIDTH="303" VPOS="1544" HPOS="2097"/>
</TextLine>
<TextLine HEIGHT="73" WIDTH="1992" VPOS="1621" HPOS="409" STYLEREFS="StyleId-D47A3DF2-56FB-4CEB-BE20-CD3ABFDCBA39-">
<String CONTENT="Darlington," HEIGHT="71" WIDTH="396" VPOS="1622" HPOS="409"/>
<SP HEIGHT="68" WIDTH="43" VPOS="1623" HPOS="806"/>
<String CONTENT="American," HEIGHT="68" WIDTH="355" VPOS="1623" HPOS="850"/>
<SP HEIGHT="50" WIDTH="44" VPOS="1641" HPOS="1206"/>
<String CONTENT="among" HEIGHT="53" WIDTH="226" VPOS="1641" HPOS="1251"/>
<SP HEIGHT="68" WIDTH="42" VPOS="1626" HPOS="1478"/>
<String CONTENT="the" HEIGHT="57" WIDTH="104" VPOS="1622" HPOS="1521"/>
<SP HEIGHT="37" WIDTH="45" VPOS="1642" HPOS="1626"/>
<String CONTENT="secret" HEIGHT="53" WIDTH="200" VPOS="1626" HPOS="1672"/>
<SP HEIGHT="52" WIDTH="44" VPOS="1626" HPOS="1873"/>
<String CONTENT="agents" HEIGHT="68" WIDTH="219" VPOS="1626" HPOS="1918"/>
<SP HEIGHT="38" WIDTH="46" VPOS="1641" HPOS="2138"/>
<String CONTENT="of" HEIGHT="57" WIDTH="69" VPOS="1621" HPOS="2185"/>
<SP HEIGHT="57" WIDTH="41" VPOS="1621" HPOS="2255"/>
<String CONTENT="the" HEIGHT="56" WIDTH="104" VPOS="1623" HPOS="2297"/>
</TextLine>
<TextLine HEIGHT="74" WIDTH="1988" VPOS="1698" HPOS="412" STYLEREFS="StyleId-D47A3DF2-56FB-4CEB-BE20-CD3ABFDCBA39-" CS="1">
<String CONTENT="exiled" HEIGHT="58" WIDTH="197" VPOS="1699" HPOS="412"/>
<SP HEIGHT="56" WIDTH="31" VPOS="1700" HPOS="610"/>
<String CONTENT="Louis" HEIGHT="57" WIDTH="191" VPOS="1700" HPOS="642"/>
<SP HEIGHT="38" WIDTH="33" VPOS="1719" HPOS="834"/>
<String CS="1" CONTENT="XVIII," HEIGHT="26" WIDTH="11" VPOS="1746" HPOS="1021"/>
<SP HEIGHT="73" WIDTH="31" VPOS="1699" HPOS="1033"/>
<String CONTENT="king" HEIGHT="67" WIDTH="150" VPOS="1699" HPOS="1065"/>
<SP HEIGHT="47" WIDTH="32" VPOS="1719" HPOS="1216"/>
<String CONTENT="of" HEIGHT="57" WIDTH="67" VPOS="1700" HPOS="1249"/>
<SP HEIGHT="56" WIDTH="32" VPOS="1699" HPOS="1317"/>
<String CONTENT="France" HEIGHT="58" WIDTH="243" VPOS="1699" HPOS="1350"/>
<SP HEIGHT="39" WIDTH="37" VPOS="1718" HPOS="1594"/>
<String CS="1" CONTENT="&#8230;"/>
<SP HEIGHT="37" WIDTH="38" VPOS="1718" HPOS="1694"/>
<String CONTENT="as" HEIGHT="38" WIDTH="69" VPOS="1718" HPOS="1733"/>
<SP HEIGHT="53" WIDTH="33" VPOS="1703" HPOS="1803"/>
<String CONTENT="told" HEIGHT="57" WIDTH="131" VPOS="1699" HPOS="1837"/>
<SP HEIGHT="57" WIDTH="33" VPOS="1699" HPOS="1969"/>
<String CONTENT="by" HEIGHT="72" WIDTH="83" VPOS="1699" HPOS="2003"/>
<SP HEIGHT="72" WIDTH="29" VPOS="1699" HPOS="2087"/>
<String CONTENT="him" HEIGHT="57" WIDTH="130" VPOS="1698" HPOS="2117"/>
<SP HEIGHT="38" WIDTH="32" VPOS="1718" HPOS="2248"/>
<String CONTENT="and" HEIGHT="58" WIDTH="119" VPOS="1698" HPOS="2281"/>
</TextLine>
<TextLine HEIGHT="73" WIDTH="1989" VPOS="1775" HPOS="412" STYLEREFS="StyleId-D47A3DF2-56FB-4CEB-BE20-CD3ABFDCBA39-" CS="1">
<String CONTENT="set" HEIGHT="53" WIDTH="94" VPOS="1781" HPOS="412"/>
<SP HEIGHT="56" WIDTH="39" VPOS="1778" HPOS="507"/>
<String CONTENT="forth" HEIGHT="56" WIDTH="176" VPOS="1778" HPOS="547"/>
<SP HEIGHT="57" WIDTH="40" VPOS="1778" HPOS="724"/>
<String CONTENT="by" HEIGHT="70" WIDTH="84" VPOS="1778" HPOS="765"/>
<SP HEIGHT="70" WIDTH="39" VPOS="1778" HPOS="850"/>
<String CONTENT="Alfred" HEIGHT="56" WIDTH="230" VPOS="1778" HPOS="890"/>
<SP HEIGHT="57" WIDTH="37" VPOS="1777" HPOS="1121"/>
<String CONTENT="H." HEIGHT="56" WIDTH="79" VPOS="1777" HPOS="1159"/>
<SP HEIGHT="56" WIDTH="43" VPOS="1777" HPOS="1239"/>
<String CONTENT="Bill" HEIGHT="57" WIDTH="126" VPOS="1776" HPOS="1283"/>
<SP HEIGHT="56" WIDTH="44" VPOS="1778" HPOS="1410"/>
<String CS="1" CONTENT="&#8230;"/>
<SP HEIGHT="58" WIDTH="84" VPOS="1777" HPOS="1517"/>
<String CONTENT="Boston," HEIGHT="70" WIDTH="258" VPOS="1777" HPOS="1602"/>
<SP HEIGHT="70" WIDTH="39" VPOS="1777" HPOS="1861"/>
<String CONTENT="Little," HEIGHT="73" WIDTH="213" VPOS="1775" HPOS="1901"/>
<SP HEIGHT="71" WIDTH="37" VPOS="1777" HPOS="2115"/>
<String CONTENT="Brown," HEIGHT="71" WIDTH="248" VPOS="1777" HPOS="2153"/>
</TextLine>
<TextLine HEIGHT="71" WIDTH="677" VPOS="1855" HPOS="409" STYLEREFS="StyleId-D47A3DF2-56FB-4CEB-BE20-CD3ABFDCBA39-">
<String CONTENT="and" HEIGHT="57" WIDTH="123" VPOS="1856" HPOS="409"/>
<SP HEIGHT="57" WIDTH="29" VPOS="1856" HPOS="533"/>
<String CONTENT="company," HEIGHT="52" WIDTH="323" VPOS="1874" HPOS="563"/>
<SP HEIGHT="67" WIDTH="34" VPOS="1858" HPOS="887"/>
<String CONTENT="1926." HEIGHT="57" WIDTH="164" VPOS="1855" HPOS="922"/>
</TextLine>
<TextLine HEIGHT="55" WIDTH="1028" VPOS="1931" HPOS="479" CS="1">
<String CONTENT="7" HEIGHT="45" WIDTH="26" VPOS="1931" HPOS="479"/>
<SP HEIGHT="54" WIDTH="27" VPOS="1931" HPOS="506"/>
<String CONTENT="p." HEIGHT="38" WIDTH="40" VPOS="1947" HPOS="534"/>
<SP/>
<String CS="1" CONTENT="l.,"/>
<SP HEIGHT="36" WIDTH="33" VPOS="1949" HPOS="649"/>
<String CONTENT="[3]-322" HEIGHT="46" WIDTH="167" VPOS="1934" HPOS="683"/>
<SP HEIGHT="51" WIDTH="29" VPOS="1935" HPOS="851"/>
<String CONTENT="p." HEIGHT="39" WIDTH="39" VPOS="1947" HPOS="881"/>
<SP HEIGHT="43" WIDTH="60" VPOS="1932" HPOS="921"/>
<String CONTENT="front.," HEIGHT="51" WIDTH="151" VPOS="1932" HPOS="982"/>
<SP HEIGHT="38" WIDTH="32" VPOS="1947" HPOS="1134"/>
<String CONTENT="plates." HEIGHT="53" WIDTH="158" VPOS="1932" HPOS="1167"/>
<SP HEIGHT="43" WIDTH="57" VPOS="1932" HPOS="1326"/>
<String CONTENT="21" HEIGHT="43" WIDTH="51" VPOS="1932" HPOS="1384"/>
<String STYLE="superscript" CONTENT="cm" HEIGHT="19" WIDTH="49" VPOS="1933" HPOS="1443"/>
<String CONTENT="." HEIGHT="8" WIDTH="9" VPOS="1965" HPOS="1498"/>
</TextLine>
<TextLine HEIGHT="54" WIDTH="1929" VPOS="1987" HPOS="411">
<String CONTENT="&#169;" HEIGHT="53" WIDTH="52" VPOS="1988" HPOS="411"/>
<SP HEIGHT="53" WIDTH="32" VPOS="1988" HPOS="464"/>
<String CONTENT="Sept." HEIGHT="51" WIDTH="118" VPOS="1990" HPOS="497"/>
<SP HEIGHT="41" WIDTH="33" VPOS="1991" HPOS="616"/>
<String CONTENT="10," HEIGHT="44" WIDTH="59" VPOS="1991" HPOS="650"/>
<SP HEIGHT="44" WIDTH="35" VPOS="1991" HPOS="710"/>
<String CONTENT="1926;" HEIGHT="52" WIDTH="128" VPOS="1989" HPOS="746"/>
<SP HEIGHT="51" WIDTH="30" VPOS="1990" HPOS="875"/>
<String CONTENT="2c." HEIGHT="42" WIDTH="64" VPOS="1990" HPOS="906"/>
<SP HEIGHT="27" WIDTH="31" VPOS="2005" HPOS="971"/>
<String CONTENT="and" HEIGHT="43" WIDTH="86" VPOS="1990" HPOS="1003"/>
<SP HEIGHT="43" WIDTH="30" VPOS="1990" HPOS="1090"/>
<String CONTENT="aff." HEIGHT="41" WIDTH="76" VPOS="1991" HPOS="1121"/>
<SP HEIGHT="45" WIDTH="34" VPOS="1990" HPOS="1198"/>
<String CONTENT="Sept." HEIGHT="51" WIDTH="120" VPOS="1990" HPOS="1233"/>
<SP HEIGHT="43" WIDTH="33" VPOS="1990" HPOS="1354"/>
<String CONTENT="13;" HEIGHT="51" WIDTH="73" VPOS="1990" HPOS="1388"/>
<SP HEIGHT="51" WIDTH="32" VPOS="1990" HPOS="1462"/>
<!-- cceid 03F10933-6E1B-1014-9B7B-CA07F191E62B --><String CONTENT="A" HEIGHT="41" WIDTH="43" VPOS="1990" HPOS="1495"/>
<SP HEIGHT="42" WIDTH="30" VPOS="1990" HPOS="1539"/>
<String CONTENT="901967;" HEIGHT="53" WIDTH="187" VPOS="1987" HPOS="1570"/>
<SP HEIGHT="50" WIDTH="34" VPOS="1990" HPOS="1758"/>
<String CONTENT="A." HEIGHT="41" WIDTH="55" VPOS="1990" HPOS="1793"/>
<SP HEIGHT="42" WIDTH="34" VPOS="1989" HPOS="1849"/>
<String CONTENT="H." HEIGHT="42" WIDTH="60" VPOS="1989" HPOS="1884"/>
<SP HEIGHT="42" WIDTH="33" VPOS="1989" HPOS="1945"/>
<String CONTENT="Bill," HEIGHT="53" WIDTH="101" VPOS="1988" HPOS="1979"/>
<SP HEIGHT="54" WIDTH="35" VPOS="1987" HPOS="2081"/>
<String CONTENT="St." HEIGHT="47" WIDTH="62" VPOS="1987" HPOS="2117"/>
<SP HEIGHT="42" WIDTH="34" VPOS="1989" HPOS="2180"/>
<String CONTENT="Paul." HEIGHT="43" WIDTH="125" VPOS="1988" HPOS="2215"/>
</TextLine>
<TextLine HEIGHT="55" WIDTH="269" VPOS="2046" HPOS="489">
<String CONTENT="(26-15795)" HEIGHT="55" WIDTH="269" VPOS="2046" HPOS="489"/>
</TextLine>
<TextLine HEIGHT="71" WIDTH="828" VPOS="2131" HPOS="409" STYLEREFS="StyleId-E4E24CF9-C428-4AD6-A3E5-98463DBA5D5E-">
<String CONTENT="Bowen," HEIGHT="69" WIDTH="244" VPOS="2133" HPOS="409"/>
<SP HEIGHT="70" WIDTH="47" VPOS="2132" HPOS="654"/>
<String CONTENT="William," HEIGHT="69" WIDTH="295" VPOS="2131" HPOS="702"/>
<SP HEIGHT="63" WIDTH="49" VPOS="2137" HPOS="998"/>
<String CONTENT="1877-" HEIGHT="55" WIDTH="189" VPOS="2136" HPOS="1048"/>
</TextLine>
<TextLine HEIGHT="74" WIDTH="1913" VPOS="2208" HPOS="487" STYLEREFS="StyleId-D47A3DF2-56FB-4CEB-BE20-CD3ABFDCBA39-" CS="1">
<String CONTENT="Philip" HEIGHT="73" WIDTH="209" VPOS="2209" HPOS="487"/>
<SP HEIGHT="53" WIDTH="42" VPOS="2229" HPOS="697"/>
<String CONTENT="and" HEIGHT="57" WIDTH="123" VPOS="2210" HPOS="740"/>
<SP HEIGHT="57" WIDTH="38" VPOS="2210" HPOS="864"/>
<String CONTENT="the" HEIGHT="59" WIDTH="104" VPOS="2210" HPOS="903"/>
<SP HEIGHT="60" WIDTH="41" VPOS="2209" HPOS="1008"/>
<String CONTENT="faun," HEIGHT="72" WIDTH="173" VPOS="2209" HPOS="1050"/>
<SP HEIGHT="71" WIDTH="42" VPOS="2210" HPOS="1224"/>
<String CONTENT="by" HEIGHT="71" WIDTH="81" VPOS="2210" HPOS="1267"/>
<SP HEIGHT="72" WIDTH="38" VPOS="2209" HPOS="1349"/>
<String CONTENT="William" HEIGHT="58" WIDTH="278" VPOS="2208" HPOS="1388"/>
<SP HEIGHT="57" WIDTH="41" VPOS="2209" HPOS="1667"/>
<String CONTENT="Bowen" HEIGHT="57" WIDTH="232" VPOS="2209" HPOS="1709"/>
<SP HEIGHT="36" WIDTH="46" VPOS="2230" HPOS="1942"/>
<String CS="1" CONTENT="&#8230;"/>
<SP HEIGHT="56" WIDTH="85" VPOS="2209" HPOS="2053"/>
<String CONTENT="Boston," HEIGHT="72" WIDTH="261" VPOS="2209" HPOS="2139"/>
</TextLine>
<TextLine HEIGHT="73" WIDTH="1185" VPOS="2286" HPOS="407" STYLEREFS="StyleId-D47A3DF2-56FB-4CEB-BE20-CD3ABFDCBA39-">
<String CONTENT="Little," HEIGHT="71" WIDTH="210" VPOS="2286" HPOS="407"/>
<SP HEIGHT="70" WIDTH="24" VPOS="2287" HPOS="618"/>
<String CONTENT="Brown," HEIGHT="71" WIDTH="249" VPOS="2287" HPOS="643"/>
<SP HEIGHT="48" WIDTH="28" VPOS="2310" HPOS="893"/>
<String CONTENT="and" HEIGHT="60" WIDTH="122" VPOS="2288" HPOS="922"/>
<SP HEIGHT="57" WIDTH="26" VPOS="2288" HPOS="1045"/>
<String CONTENT="company," HEIGHT="53" WIDTH="324" VPOS="2306" HPOS="1072"/>
<SP HEIGHT="68" WIDTH="28" VPOS="2289" HPOS="1397"/>
<String CONTENT="1926." HEIGHT="56" WIDTH="166" VPOS="2288" HPOS="1426"/>
</TextLine>
<TextLine HEIGHT="53" WIDTH="788" VPOS="2363" HPOS="476" CS="1">
<String CONTENT="4" HEIGHT="44" WIDTH="29" VPOS="2363" HPOS="476"/>
<SP HEIGHT="53" WIDTH="23" VPOS="2363" HPOS="506"/>
<String CONTENT="p." HEIGHT="38" WIDTH="39" VPOS="2378" HPOS="530"/>
<SP/>
<String CS="1" CONTENT="l.,"/>
<SP HEIGHT="50" WIDTH="28" VPOS="2364" HPOS="640"/>
<String CONTENT="3-143" HEIGHT="44" WIDTH="136" VPOS="2364" HPOS="669"/>
<SP HEIGHT="51" WIDTH="27" VPOS="2365" HPOS="806"/>
<String CONTENT="p." HEIGHT="38" WIDTH="40" VPOS="2378" HPOS="834"/>
<SP HEIGHT="43" WIDTH="59" VPOS="2363" HPOS="875"/>
<String CONTENT="illus." HEIGHT="44" WIDTH="118" VPOS="2363" HPOS="935"/>
<SP HEIGHT="41" WIDTH="59" VPOS="2366" HPOS="1054"/>
<String CS="1" CONTENT="20&#189;" HEIGHT="44" WIDTH="53" VPOS="2364" HPOS="1114"/>
<String STYLE="superscript" CONTENT="cm" HEIGHT="17" WIDTH="46" VPOS="2367" HPOS="1202"/>
<String CONTENT="." HEIGHT="8" WIDTH="9" VPOS="2399" HPOS="1255"/>
</TextLine>
<TextLine HEIGHT="113" WIDTH="1968" VPOS="2419" HPOS="411" CS="1">
<String CONTENT="&#169;" HEIGHT="53" WIDTH="52" VPOS="2419" HPOS="411"/>
<SP HEIGHT="53" WIDTH="28" VPOS="2419" HPOS="464"/>
<String CONTENT="Sept." HEIGHT="52" WIDTH="120" VPOS="2420" HPOS="493"/>
<SP HEIGHT="41" WIDTH="31" VPOS="2422" HPOS="614"/>
<String CONTENT="10," HEIGHT="50" WIDTH="62" VPOS="2422" HPOS="646"/>
<SP HEIGHT="50" WIDTH="30" VPOS="2422" HPOS="709"/>
<String CONTENT="1926;" HEIGHT="51" WIDTH="128" VPOS="2421" HPOS="740"/>
<SP HEIGHT="51" WIDTH="29" VPOS="2421" HPOS="869"/>
<String CONTENT="2c." HEIGHT="43" WIDTH="62" VPOS="2421" HPOS="899"/>
<SP HEIGHT="27" WIDTH="28" VPOS="2437" HPOS="962"/>
<String CONTENT="and" HEIGHT="42" WIDTH="87" VPOS="2423" HPOS="991"/>
<SP HEIGHT="42" WIDTH="26" VPOS="2423" HPOS="1079"/>
<String CONTENT="aff." HEIGHT="42" WIDTH="77" VPOS="2423" HPOS="1106"/>
<SP HEIGHT="45" WIDTH="33" VPOS="2422" HPOS="1184"/>
<String CONTENT="Sept." HEIGHT="52" WIDTH="122" VPOS="2422" HPOS="1218"/>
<SP HEIGHT="43" WIDTH="31" VPOS="2423" HPOS="1341"/>
<String CONTENT="13;" HEIGHT="51" WIDTH="73" VPOS="2423" HPOS="1373"/>
<SP HEIGHT="51" WIDTH="29" VPOS="2423" HPOS="1447"/>
<!-- cceid 03F1485C-6E1B-1014-9B7B-CA07F191E62B --><String CONTENT="A" HEIGHT="41" WIDTH="43" VPOS="2423" HPOS="1477"/>
<SP HEIGHT="42" WIDTH="28" VPOS="2423" HPOS="1521"/>
<String CONTENT="901963;" HEIGHT="52" WIDTH="187" VPOS="2422" HPOS="1550"/>
<SP HEIGHT="52" WIDTH="30" VPOS="2422" HPOS="1738"/>
<String CONTENT="Little," HEIGHT="52" WIDTH="149" VPOS="2422" HPOS="1769"/>
<SP HEIGHT="51" WIDTH="31" VPOS="2423" HPOS="1919"/>
<String CONTENT="Brown," HEIGHT="52" WIDTH="180" VPOS="2423" HPOS="1951"/>
<SP HEIGHT="37" WIDTH="28" VPOS="2438" HPOS="2132"/>
<String CONTENT="and" HEIGHT="42" WIDTH="87" VPOS="2423" HPOS="2161"/>
<SP HEIGHT="42" WIDTH="27" VPOS="2423" HPOS="2249"/>
<String CONTENT="company." HEIGHT="93" WIDTH="1900" VPOS="2437" HPOS="479"/>
<SP HEIGHT="53" WIDTH="69" VPOS="2479" HPOS="609"/>
<String CONTENT="(26-15704)" HEIGHT="55" WIDTH="269" VPOS="2477" HPOS="679"/>
</TextLine>
<TextLine HEIGHT="75" WIDTH="1038" VPOS="2562" HPOS="411" STYLEREFS="StyleId-E4E24CF9-C428-4AD6-A3E5-98463DBA5D5E-">
<String CONTENT="Brantly," HEIGHT="74" WIDTH="280" VPOS="2562" HPOS="411"/>
<SP HEIGHT="67" WIDTH="40" VPOS="2565" HPOS="692"/>
<String CONTENT="William" HEIGHT="60" WIDTH="280" VPOS="2562" HPOS="733"/>
<SP HEIGHT="56" WIDTH="38" VPOS="2565" HPOS="1014"/>
<String CONTENT="Theophilus." HEIGHT="72" WIDTH="396" VPOS="2565" HPOS="1053"/>
</TextLine>
<TextLine HEIGHT="76" WIDTH="1910" VPOS="2641" HPOS="487" STYLEREFS="StyleId-D47A3DF2-56FB-4CEB-BE20-CD3ABFDCBA39-">
<String CONTENT="Digest" HEIGHT="73" WIDTH="225" VPOS="2641" HPOS="487"/>
<SP HEIGHT="53" WIDTH="30" VPOS="2646" HPOS="713"/>
<String CONTENT="of" HEIGHT="56" WIDTH="67" VPOS="2643" HPOS="744"/>
<SP HEIGHT="56" WIDTH="30" VPOS="2643" HPOS="812"/>
<String CONTENT="the" HEIGHT="56" WIDTH="103" VPOS="2643" HPOS="843"/>
<SP HEIGHT="56" WIDTH="33" VPOS="2643" HPOS="947"/>
<String CONTENT="Maryland" HEIGHT="71" WIDTH="336" VPOS="2643" HPOS="981"/>
<SP HEIGHT="56" WIDTH="34" VPOS="2645" HPOS="1318"/>
<String CONTENT="reports." HEIGHT="67" WIDTH="268" VPOS="2647" HPOS="1353"/>
<SP HEIGHT="56" WIDTH="69" VPOS="2644" HPOS="1622"/>
<String CONTENT="Volumes" HEIGHT="57" WIDTH="296" VPOS="2644" HPOS="1692"/>
<SP HEIGHT="54" WIDTH="35" VPOS="2647" HPOS="1989"/>
<String CONTENT="106" HEIGHT="55" WIDTH="109" VPOS="2646" HPOS="2025"/>
<SP HEIGHT="55" WIDTH="34" VPOS="2647" HPOS="2135"/>
<String CONTENT="to" HEIGHT="53" WIDTH="62" VPOS="2649" HPOS="2170"/>
<SP HEIGHT="54" WIDTH="37" VPOS="2647" HPOS="2233"/>
<String CONTENT="147," HEIGHT="71" WIDTH="126" VPOS="2646" HPOS="2271"/>
</TextLine>
<TextLine HEIGHT="77" WIDTH="1989" VPOS="2718" HPOS="410" STYLEREFS="StyleId-D47A3DF2-56FB-4CEB-BE20-CD3ABFDCBA39-" CS="1">
<String CONTENT="inclusive." HEIGHT="59" WIDTH="316" VPOS="2718" HPOS="410"/>
<SP HEIGHT="58" WIDTH="84" VPOS="2719" HPOS="727"/>
<String CONTENT="Supplement" HEIGHT="72" WIDTH="408" VPOS="2719" HPOS="812"/>
<SP HEIGHT="53" WIDTH="38" VPOS="2725" HPOS="1221"/>
<String CS="1" CONTENT="III," HEIGHT="24" WIDTH="12" VPOS="2769" HPOS="1336"/>
<SP HEIGHT="51" WIDTH="44" VPOS="2742" HPOS="1349"/>
<String CONTENT="continuing" HEIGHT="72" WIDTH="365" VPOS="2722" HPOS="1394"/>
<SP HEIGHT="71" WIDTH="39" VPOS="2723" HPOS="1760"/>
<String CONTENT="Brantly" HEIGHT="70" WIDTH="270" VPOS="2723" HPOS="1800"/>
<String LANG="de" CONTENT="&#8217;s" HEIGHT="53" WIDTH="45" VPOS="2727" HPOS="2084"/>
<SP HEIGHT="56" WIDTH="45" VPOS="2724" HPOS="2130"/>
<String CONTENT="digest." HEIGHT="72" WIDTH="223" VPOS="2723" HPOS="2176"/>
</TextLine>
<TextLine HEIGHT="76" WIDTH="1989" VPOS="2796" HPOS="409" STYLEREFS="StyleId-D47A3DF2-56FB-4CEB-BE20-CD3ABFDCBA39-" CS="1">
<String CONTENT="By" HEIGHT="72" WIDTH="100" VPOS="2796" HPOS="409"/>
<SP HEIGHT="70" WIDTH="30" VPOS="2798" HPOS="510"/>
<String CONTENT="James" HEIGHT="56" WIDTH="215" VPOS="2798" HPOS="541"/>
<SP HEIGHT="55" WIDTH="37" VPOS="2799" HPOS="757"/>
<String CONTENT="Treat" HEIGHT="56" WIDTH="194" VPOS="2799" HPOS="795"/>
<SP HEIGHT="59" WIDTH="36" VPOS="2797" HPOS="990"/>
<String CONTENT="Carter" HEIGHT="59" WIDTH="223" VPOS="2797" HPOS="1027"/>
<SP HEIGHT="38" WIDTH="41" VPOS="2819" HPOS="1251"/>
<String CS="1" CONTENT="&#8230;"/>
<SP HEIGHT="57" WIDTH="79" VPOS="2800" HPOS="1354"/>
<String CONTENT="Baltimore," HEIGHT="72" WIDTH="363" VPOS="2800" HPOS="1434"/>
<SP HEIGHT="72" WIDTH="37" VPOS="2800" HPOS="1798"/>
<String LANG="de" CONTENT="Md.," HEIGHT="72" WIDTH="146" VPOS="2800" HPOS="1836"/>
<SP HEIGHT="72" WIDTH="39" VPOS="2800" HPOS="1983"/>
<String CONTENT="George" HEIGHT="72" WIDTH="240" VPOS="2800" HPOS="2023"/>
<SP HEIGHT="57" WIDTH="36" VPOS="2802" HPOS="2264"/>
<String CONTENT="W." HEIGHT="57" WIDTH="97" VPOS="2802" HPOS="2301"/>
</TextLine>
<TextLine HEIGHT="74" WIDTH="500" VPOS="2874" HPOS="413" STYLEREFS="StyleId-D47A3DF2-56FB-4CEB-BE20-CD3ABFDCBA39-">
<String CONTENT="Sparger," HEIGHT="74" WIDTH="297" VPOS="2874" HPOS="413"/>
<SP HEIGHT="71" WIDTH="35" VPOS="2877" HPOS="711"/>
<String CONTENT="1926." HEIGHT="55" WIDTH="166" VPOS="2877" HPOS="747"/>
</TextLine>
<TextLine HEIGHT="43" WIDTH="280" VPOS="2952" HPOS="476" CS="1">
<String LANG="en-US" CONTENT="2" HEIGHT="42" WIDTH="27" VPOS="2952" HPOS="476"/>
<SP/>
<String LANG="la" CONTENT="v." HEIGHT="29" WIDTH="40" VPOS="2965" HPOS="536"/>
<SP HEIGHT="42" WIDTH="56" VPOS="2952" HPOS="577"/>
<String LANG="en-US" CONTENT="26" HEIGHT="43" WIDTH="54" VPOS="2952" HPOS="634"/>
<String STYLE="superscript" LANG="en-US" CONTENT="cm" HEIGHT="17" WIDTH="46" VPOS="2954" HPOS="695"/>
<String LANG="en-US" CONTENT="." HEIGHT="8" WIDTH="7" VPOS="2986" HPOS="749"/>
</TextLine>
<TextLine HEIGHT="46" WIDTH="1005" VPOS="3010" HPOS="748" CS="1">
<String CS="1" CONTENT="CONTENTS.&#8212;v." HEIGHT="30" WIDTH="109" VPOS="3022" HPOS="748"/>
<SP/>
<String CS="1" CONTENT="l."/>
<SP/>
<String CONTENT="A-Intention.&#8212;v." HEIGHT="45" WIDTH="415" VPOS="3010" HPOS="963"/>
<SP HEIGHT="37" WIDTH="31" VPOS="3018" HPOS="1379"/>
<String CONTENT="2." HEIGHT="37" WIDTH="38" VPOS="3018" HPOS="1411"/>
<SP HEIGHT="43" WIDTH="33" VPOS="3012" HPOS="1450"/>
<String CONTENT="Interest-Z." HEIGHT="44" WIDTH="269" VPOS="3012" HPOS="1484"/>
</TextLine>
<TextLine HEIGHT="59" WIDTH="1991" VPOS="3064" HPOS="407">
<String CONTENT="&#169;" HEIGHT="53" WIDTH="57" VPOS="3064" HPOS="407"/>
<SP HEIGHT="53" WIDTH="34" VPOS="3064" HPOS="465"/>
<String CONTENT="Sept." HEIGHT="55" WIDTH="118" VPOS="3064" HPOS="500"/>
<SP HEIGHT="43" WIDTH="30" VPOS="3066" HPOS="619"/>
<String CONTENT="21," HEIGHT="51" WIDTH="69" VPOS="3066" HPOS="650"/>
<SP HEIGHT="50" WIDTH="35" VPOS="3067" HPOS="720"/>
<String CONTENT="1926;" HEIGHT="52" WIDTH="129" VPOS="3067" HPOS="756"/>
<SP HEIGHT="52" WIDTH="32" VPOS="3067" HPOS="886"/>
<String CONTENT="2c." HEIGHT="43" WIDTH="64" VPOS="3067" HPOS="919"/>
<SP HEIGHT="27" WIDTH="33" VPOS="3084" HPOS="984"/>
<String CONTENT="each" HEIGHT="44" WIDTH="109" VPOS="3067" HPOS="1018"/>
<SP HEIGHT="46" WIDTH="34" VPOS="3067" HPOS="1128"/>
<String CONTENT="Sept." HEIGHT="52" WIDTH="118" VPOS="3068" HPOS="1163"/>
<SP HEIGHT="42" WIDTH="31" VPOS="3069" HPOS="1282"/>
<String CONTENT="27;" HEIGHT="54" WIDTH="79" VPOS="3067" HPOS="1314"/>
<SP HEIGHT="38" WIDTH="33" VPOS="3083" HPOS="1394"/>
<String CONTENT="aff." HEIGHT="41" WIDTH="77" VPOS="3070" HPOS="1428"/>
<SP HEIGHT="47" WIDTH="37" VPOS="3068" HPOS="1506"/>
<String CONTENT="Sept." HEIGHT="53" WIDTH="118" VPOS="3068" HPOS="1544"/>
<SP HEIGHT="43" WIDTH="31" VPOS="3070" HPOS="1663"/>
<String CONTENT="29;" HEIGHT="52" WIDTH="77" VPOS="3070" HPOS="1695"/>
<SP HEIGHT="51" WIDTH="34" VPOS="3071" HPOS="1773"/>
<!-- cceid 03F18544-6E1B-1014-9B7B-CA07F191E62B --><String CONTENT="A" HEIGHT="41" WIDTH="43" VPOS="3071" HPOS="1808"/>
<SP HEIGHT="42" WIDTH="32" VPOS="3071" HPOS="1852"/>
<String CONTENT="950240;" HEIGHT="53" WIDTH="187" VPOS="3069" HPOS="1885"/>
<SP HEIGHT="52" WIDTH="39" VPOS="3070" HPOS="2073"/>
<String CONTENT="George" HEIGHT="53" WIDTH="177" VPOS="3070" HPOS="2113"/>
<SP HEIGHT="44" WIDTH="32" VPOS="3072" HPOS="2291"/>
<String CONTENT="W." HEIGHT="44" WIDTH="74" VPOS="3072" HPOS="2324"/>
</TextLine>
<TextLine HEIGHT="54" WIDTH="208" VPOS="3122" HPOS="485">
<String CONTENT="Sparger." HEIGHT="54" WIDTH="208" VPOS="3122" HPOS="485"/>
</TextLine>
<TextLine HEIGHT="76" WIDTH="522" VPOS="3207" HPOS="412" STYLEREFS="StyleId-E4E24CF9-C428-4AD6-A3E5-98463DBA5D5E-">
<String CONTENT="Britton," HEIGHT="74" WIDTH="265" VPOS="3207" HPOS="412"/>
<SP HEIGHT="71" WIDTH="33" VPOS="3210" HPOS="678"/>
<String CONTENT="Wiley." HEIGHT="74" WIDTH="222" VPOS="3209" HPOS="712"/>
</TextLine>
<TextLine HEIGHT="79" WIDTH="1910" VPOS="3286" HPOS="488" STYLEREFS="StyleId-D47A3DF2-56FB-4CEB-BE20-CD3ABFDCBA39-">
<String CONTENT="A" HEIGHT="57" WIDTH="58" VPOS="3286" HPOS="488"/>
<SP HEIGHT="57" WIDTH="21" VPOS="3286" HPOS="547"/>
<String CONTENT="traveling" HEIGHT="72" WIDTH="315" VPOS="3288" HPOS="569"/>
<SP HEIGHT="52" WIDTH="23" VPOS="3308" HPOS="885"/>
<String CONTENT="court," HEIGHT="69" WIDTH="194" VPOS="3292" HPOS="909"/>
<SP HEIGHT="70" WIDTH="23" VPOS="3291" HPOS="1104"/>
<String CONTENT="based" HEIGHT="56" WIDTH="193" VPOS="3291" HPOS="1128"/>
<SP HEIGHT="56" WIDTH="23" VPOS="3291" HPOS="1322"/>
<String CONTENT="on" HEIGHT="37" WIDTH="78" VPOS="3310" HPOS="1346"/>
<SP HEIGHT="56" WIDTH="19" VPOS="3290" HPOS="1425"/>
<String CONTENT="investigation" HEIGHT="74" WIDTH="450" VPOS="3290" HPOS="1445"/>
<SP HEIGHT="37" WIDTH="28" VPOS="3312" HPOS="1896"/>
<String CONTENT="of" HEIGHT="56" WIDTH="66" VPOS="3293" HPOS="1925"/>
<SP HEIGHT="55" WIDTH="22" VPOS="3293" HPOS="1992"/>
<String CONTENT="war" HEIGHT="37" WIDTH="130" VPOS="3312" HPOS="2015"/>
<SP HEIGHT="37" WIDTH="19" VPOS="3313" HPOS="2146"/>
<String CONTENT="claims," HEIGHT="72" WIDTH="232" VPOS="3293" HPOS="2166"/>
</TextLine>
<TextLine HEIGHT="135" WIDTH="1988" VPOS="3364" HPOS="411" STYLEREFS="StyleId-D47A3DF2-56FB-4CEB-BE20-CD3ABFDCBA39-" CS="1">
<String CONTENT="by" HEIGHT="71" WIDTH="84" VPOS="3364" HPOS="411"/>
<SP HEIGHT="71" WIDTH="38" VPOS="3364" HPOS="496"/>
<String CONTENT="Wiley" HEIGHT="72" WIDTH="207" VPOS="3364" HPOS="535"/>
<SP HEIGHT="71" WIDTH="36" VPOS="3365" HPOS="743"/>
<String CONTENT="Britton" HEIGHT="58" WIDTH="257" VPOS="3365" HPOS="780"/>
<SP HEIGHT="39" WIDTH="44" VPOS="3386" HPOS="1038"/>
<String CS="1" CONTENT="&#8230;"/>
<SP HEIGHT="39" WIDTH="85" VPOS="3387" HPOS="1145"/>
<String CONTENT="v." HEIGHT="37" WIDTH="55" VPOS="3387" HPOS="1231"/>
<SP HEIGHT="54" WIDTH="47" VPOS="3371" HPOS="1287"/>
<String CONTENT="8." HEIGHT="54" WIDTH="50" VPOS="3371" HPOS="1335"/>
<SP HEIGHT="55" WIDTH="83" VPOS="3369" HPOS="1386"/>
<String CONTENT="Kansas" HEIGHT="57" WIDTH="254" VPOS="3369" HPOS="1470"/>
<SP HEIGHT="58" WIDTH="47" VPOS="3369" HPOS="1725"/>
<String CONTENT="City," HEIGHT="72" WIDTH="162" VPOS="3369" HPOS="1773"/>
<SP HEIGHT="69" WIDTH="44" VPOS="3371" HPOS="1936"/>
<String CONTENT="Mo.," HEIGHT="72" WIDTH="140" VPOS="3371" HPOS="1981"/>
<SP HEIGHT="72" WIDTH="49" VPOS="3371" HPOS="2122"/>
<String CONTENT="Smith-Grieves" HEIGHT="128" WIDTH="1986" VPOS="3371" HPOS="413"/>
</TextLine>
<TextLine HEIGHT="73" WIDTH="324" VPOS="3446" HPOS="706" STYLEREFS="StyleId-D47A3DF2-56FB-4CEB-BE20-CD3ABFDCBA39-">
<String CONTENT="co." HEIGHT="37" WIDTH="83" VPOS="3462" HPOS="706"/>
<SP HEIGHT="42" WIDTH="38" VPOS="3475" HPOS="790"/>
<String CONTENT="[" HEIGHT="42" WIDTH="13" VPOS="3475" HPOS="829"/>
<String STYLE="superscript" CONTENT="c" HEIGHT="21" WIDTH="19" VPOS="3451" HPOS="844"/>
<String CONTENT="1926]" HEIGHT="73" WIDTH="164" VPOS="3446" HPOS="866"/>
</TextLine>
<TextLine HEIGHT="54" WIDTH="646" VPOS="3518" HPOS="482" CS="1">
<String CONTENT="1" HEIGHT="41" WIDTH="16" VPOS="3519" HPOS="482"/>
<SP HEIGHT="50" WIDTH="36" VPOS="3519" HPOS="499"/>
<String CONTENT="p." HEIGHT="36" WIDTH="36" VPOS="3533" HPOS="536"/>
<SP/>
<String CS="1" CONTENT="l.,"/>
<SP HEIGHT="29" WIDTH="34" VPOS="3543" HPOS="648"/>
<String CS="1" CONTENT="[5]-387" HEIGHT="54" WIDTH="166" VPOS="3518" HPOS="683"/>
<SP HEIGHT="53" WIDTH="29" VPOS="3519" HPOS="850"/>
<String CONTENT="p." HEIGHT="37" WIDTH="39" VPOS="3535" HPOS="880"/>
<SP HEIGHT="43" WIDTH="57" VPOS="3521" HPOS="920"/>
<String CS="1" CONTENT="23&#189;" HEIGHT="44" WIDTH="53" VPOS="3521" HPOS="978"/>
<String STYLE="superscript" CONTENT="cm" HEIGHT="17" WIDTH="46" VPOS="3525" HPOS="1067"/>
<String CONTENT="." HEIGHT="8" WIDTH="8" VPOS="3557" HPOS="1120"/>
</TextLine>
<TextLine HEIGHT="62" WIDTH="1987" VPOS="3572" HPOS="411">
<String CONTENT="&#169;" HEIGHT="54" WIDTH="52" VPOS="3572" HPOS="411"/>
<SP HEIGHT="54" WIDTH="33" VPOS="3572" HPOS="464"/>
<String CONTENT="Sept." HEIGHT="52" WIDTH="119" VPOS="3575" HPOS="498"/>
<SP HEIGHT="41" WIDTH="36" VPOS="3577" HPOS="618"/>
<String CONTENT="1," HEIGHT="50" WIDTH="34" VPOS="3577" HPOS="655"/>
<SP HEIGHT="50" WIDTH="32" VPOS="3577" HPOS="690"/>
<String CONTENT="1926;" HEIGHT="51" WIDTH="128" VPOS="3577" HPOS="723"/>
<SP HEIGHT="50" WIDTH="33" VPOS="3578" HPOS="852"/>
<String CONTENT="2c." HEIGHT="42" WIDTH="63" VPOS="3578" HPOS="886"/>
<SP HEIGHT="45" WIDTH="35" VPOS="3578" HPOS="950"/>
<String CONTENT="Sept." HEIGHT="53" WIDTH="121" VPOS="3578" HPOS="986"/>
<SP HEIGHT="42" WIDTH="32" VPOS="3580" HPOS="1108"/>
<String CONTENT="30;" HEIGHT="51" WIDTH="76" VPOS="3579" HPOS="1141"/>
<SP HEIGHT="36" WIDTH="34" VPOS="3594" HPOS="1218"/>
<String CONTENT="aff." HEIGHT="42" WIDTH="77" VPOS="3580" HPOS="1253"/>
<SP HEIGHT="43" WIDTH="36" VPOS="3580" HPOS="1331"/>
<String CONTENT="Oct." HEIGHT="44" WIDTH="100" VPOS="3580" HPOS="1368"/>
<SP HEIGHT="43" WIDTH="33" VPOS="3581" HPOS="1469"/>
<String CONTENT="9;" HEIGHT="50" WIDTH="48" VPOS="3581" HPOS="1503"/>
<SP HEIGHT="49" WIDTH="37" VPOS="3582" HPOS="1552"/>
<!-- cceid 03F1CDBA-6E1B-1014-9B7B-CA07F191E62B --><String CONTENT="A" HEIGHT="41" WIDTH="43" VPOS="3582" HPOS="1590"/>
<SP HEIGHT="42" WIDTH="29" VPOS="3582" HPOS="1634"/>
<String CONTENT="949528;" HEIGHT="53" WIDTH="188" VPOS="3581" HPOS="1664"/>
<SP HEIGHT="51" WIDTH="36" VPOS="3583" HPOS="1853"/>
<String CONTENT="M." HEIGHT="42" WIDTH="64" VPOS="3583" HPOS="1890"/>
<SP HEIGHT="42" WIDTH="35" VPOS="3583" HPOS="1955"/>
<String CONTENT="Britton," HEIGHT="51" WIDTH="191" VPOS="3582" HPOS="1991"/>
<SP HEIGHT="49" WIDTH="36" VPOS="3584" HPOS="2183"/>
<String CONTENT="Kansas" HEIGHT="43" WIDTH="178" VPOS="3584" HPOS="2220"/>
</TextLine>
<TextLine HEIGHT="54" WIDTH="267" VPOS="3631" HPOS="483">
<String CONTENT="City," HEIGHT="54" WIDTH="116" VPOS="3631" HPOS="483"/>
<SP HEIGHT="52" WIDTH="33" VPOS="3633" HPOS="600"/>
<String CONTENT="Kan." HEIGHT="43" WIDTH="116" VPOS="3633" HPOS="634"/>
</TextLine>
<TextLine HEIGHT="70" WIDTH="448" VPOS="3718" HPOS="408" STYLEREFS="StyleId-E4E24CF9-C428-4AD6-A3E5-98463DBA5D5E-">
<String CONTENT="Busch," HEIGHT="70" WIDTH="222" VPOS="3718" HPOS="408"/>
<SP HEIGHT="69" WIDTH="37" VPOS="3719" HPOS="631"/>
<String CONTENT="John." HEIGHT="58" WIDTH="187" VPOS="3718" HPOS="669"/>
</TextLine>
<TextLine HEIGHT="137" WIDTH="1968" VPOS="3793" HPOS="407" STYLEREFS="StyleId-D47A3DF2-56FB-4CEB-BE20-CD3ABFDCBA39-" CS="1">
<String LANG="en-US" CONTENT="Die" HEIGHT="59" WIDTH="115" VPOS="3793" HPOS="485"/>
<SP HEIGHT="52" WIDTH="31" VPOS="3814" HPOS="601"/>
<String LANG="de" CONTENT="gesch&#252;ft" HEIGHT="70" WIDTH="287" VPOS="3796" HPOS="633"/>
<String LANG="en-US" CONTENT="skalkulation;" HEIGHT="73" WIDTH="449" VPOS="3798" HPOS="926"/>
<SP HEIGHT="49" WIDTH="37" VPOS="3822" HPOS="1376"/>
<String LANG="de" CONTENT="ein" HEIGHT="58" WIDTH="100" VPOS="3801" HPOS="1414"/>
<SP HEIGHT="58" WIDTH="32" VPOS="3801" HPOS="1515"/>
<String LANG="en-US" CONTENT="handbuch" HEIGHT="58" WIDTH="329" VPOS="3801" HPOS="1548"/>
<SP HEIGHT="56" WIDTH="34" VPOS="3802" HPOS="1878"/>
<String LANG="de" CONTENT="f&#252;r" HEIGHT="57" WIDTH="105" VPOS="3802" HPOS="1913"/>
<SP HEIGHT="53" WIDTH="37" VPOS="3822" HPOS="2019"/>
<String LANG="de" CONTENT="gesch&#228;fts" HEIGHT="71" WIDTH="318" VPOS="3804" HPOS="2057"/>
<String LANG="en-US" CONTENT="leiter" HEIGHT="60" WIDTH="182" VPOS="3870" HPOS="407"/>
</TextLine>
<TextLine HEIGHT="86" WIDTH="1768" VPOS="3871" HPOS="628" STYLEREFS="StyleId-D47A3DF2-56FB-4CEB-BE20-CD3ABFDCBA39-">
<String LANG="en-US" CONTENT="in" HEIGHT="58" WIDTH="66" VPOS="3871" HPOS="628"/>
<SP HEIGHT="57" WIDTH="35" VPOS="3872" HPOS="695"/>
<String LANG="la" CONTENT="industrie," HEIGHT="74" WIDTH="330" VPOS="3872" HPOS="731"/>
<SP HEIGHT="52" WIDTH="38" VPOS="3896" HPOS="1062"/>
<String LANG="en-US" CONTENT="gewerbe," HEIGHT="71" WIDTH="300" VPOS="3878" HPOS="1101"/>
<SP HEIGHT="70" WIDTH="38" VPOS="3879" HPOS="1402"/>
<String LANG="en-US" CONTENT="handel" HEIGHT="58" WIDTH="226" VPOS="3879" HPOS="1441"/>
<SP HEIGHT="56" WIDTH="35" VPOS="3880" HPOS="1668"/>
<String LANG="de" CONTENT="und" HEIGHT="57" WIDTH="130" VPOS="3881" HPOS="1704"/>
<SP HEIGHT="58" WIDTH="36" VPOS="3880" HPOS="1835"/>
<String LANG="en-US" CONTENT="landwirtschaft," HEIGHT="77" WIDTH="524" VPOS="3880" HPOS="1872"/>
</TextLine>
</TextBlock>
</PrintSpace>
</Page>
</Layout>
</alto>