2542 4285
1056 3966 146 56 1285

144 367 276 70 Darrow,
461 365 158 58 Karl
654 365 324 69 Kelchner,
1021 366 188 58 1891-

145 464 1957 148 Introduction to contemporary physics, by Karl K. Darrow … New York, D. Van Nostrand company, 1926.
212 631 124 50 xxvi,
366 628 93 52 453,
496 628 51 55 [2]
582 642 39 38 p.
682 628 128 52 illus.,
844 628 165 53 diagrs.
1068 627 53 45 23½
1157 630 47 18 cm
1210 663 8 9 .
1331 626 124 56 $6.00

214 699 193 46 “Errata
435 699 89 43 and
546 699 229 43 addenda”
815 699 50 53 (2
894 713 40 38 p.
965 705 46 37 at
1040 698 111 54 end)

142 755 52 53 ©
224 756 120 52 Sept.
372 756 64 50 30,
468 756 126 52 1926;
622 756 65 43 2c.
715 757 100 43 Oct.
842 756 77 53 26;
950 757 78 42 aff.
1058 756 117 42 Nov.
1207 755 46 52 5;
1285 756 44 42 A
1355 756 188 52 949962;
1575 757 56 41 D.
1661 756 104 43 Van
1793 755 235 44 Nostrand
2055 770 66 29 co.

219 813 266 54 (26-19821)

142 911 246 70 Davies,
425 914 150 56 Mrs.
613 909 198 60 Helen
844 913 69 59 G.

218 1001 1909 74 Peter Curtis and his, by Helen G. Davies … London,
140 1082 60 57 J.
234 1080 193 73 Long,
462 1080 238 57 limited
739 1109 13 43 [
754 1088 20 22 c
776 1080 163 73 1926]

210 1157 579 54 2 p. l ., 7-318 p. 19 cm .
140 1212 1814 55 © 1c. July 30, 1926; A ad int. 8385; pubd. July 13; John Long, ltd.
217 1272 268 54 (26-20317)

143 1372 330 73 [Dodgson,
514 1370 254 58 Charles
806 1369 342 77 Lutwidge]
1189 1372 354 57 1832-1898.

212 1465 273 58 Further
528 1482 306 41 nonsense
874 1483 181 41 verse
1099 1466 123 56 and
1264 1482 206 55 prose,
1510 1465 84 71 by
1634 1463 201 59 Lewis
1881 1463 243 60 Carroll

138 1544 246 73 [pseud.]
430 1541 236 74 (edited
698 1543 83 71 by
813 1542 326 72 Langford
1174 1540 200 73 Reed)
1416 1540 358 62 illustrated
1807 1543 84 73 by
1923 1543 81 58 H.
2041 1543 82 57 M.

135 1620 322 58 Bateman.
539 1618 150 60 New
728 1619 189 71 York,
957 1620 74 58 D.
1072 1617 320 73 Appleton
1432 1620 123 56 and
1597 1637 320 54 company,
1958 1621 166 56 1926.

207 1695 1155 54 v, [1], 20 p., 1 l. , 21-117, [2] p. illus. 26½cm.
139 1748 1805 56 © Oct. 29, 1926; 2c. and aff. Nov. 2; A 950747; D. Appleton & co.
215 1807 269 57 (26-19905)

140 1909 260 72 Draper,
441 1907 167 59 John
644 1906 296 72 William,
980 1908 355 58 1811-1882.

211 2001 270 72 History
508 2001 66 58 of
604 2000 104 59 the
739 1997 240 60 conflict
1006 2002 277 57 between
1313 1997 265 75 religion
1610 2004 121 56 and
1761 2000 253 72 science,
2044 2004 82 71 by

134 2076 1991 78 John William Draper … original text edited and abridged
134 2161 82 70 by
263 2156 258 61 Charles
568 2157 68 55 T.
687 2152 334 75 Sprading.
1105 2154 151 58 New
1299 2155 190 71 York,
1534 2155 347 73 Vanguard
1924 2177 201 55 press,

135 2237 165 56 1926.

204 2313 74 51 vii,
308 2313 79 45 116
410 2326 42 37 p.
515 2311 144 46 18½cm.

137 2367 52 53 ©
221 2367 118 52 Sept.
366 2366 66 52 24,
463 2365 127 51 1926;
618 2365 63 42 2c.
714 2363 119 53 Sept
861 2363 77 52 27;
968 2364 78 43 aff.
1076 2363 118 44 Nov.
1222 2364 49 51 2;
1303 2364 44 42 A
1375 2364 188 53 949947;
1595 2366 251 53 Vanguard
1870 2382 141 39 press,
2041 2370 82 44 inc.

210 2423 65 55 [©
301 2423 181 53 preface
508 2423 87 43 and
620 2421 182 53 editing]
874 2419 269 56 (26-19853)

140 2523 270 72 Dubech,
448 2521 247 58 Lucien.

280 2611 1767 78 … La grève des forgerons. Paris, B. Grasset, 1926.
203 2690 712 55 3 p. l., [9]-252 p., 1 l. 19 cm .
137 2744 1786 57 © July 20, 1926; 1c. Oct. 4; A— Foreign 31952; Bernard Grasset.
216 2804 269 55 (26-19919)

139 2905 277 72 Durand,
453 2905 290 72 Georges.

142 2995 1985 149 Pour comprendre le calcul intégral, par Georges Durand … avec une préface de l’abbé Th. Moreux … avec
142 3153 71 56 82
241 3151 231 72 figures
505 3152 153 56 dans
690 3151 56 56 le
777 3153 183 55 texte.
1032 3151 204 72 Paris,
1270 3151 69 59 G.
1372 3152 165 58 Doin
1568 3154 61 57 et
1660 3173 32 38 ci
1708 3161 19 22 e
1731 3199 13 26 ,
1778 3156 165 56 1926.

208 3228 90 51 viii,
333 3227 83 44 208
448 3241 39 38 p.
546 3226 128 52 illus.,
712 3227 166 53 diagrs.
946 3228 52 47 18
1003 3230 47 18 cm
1055 3263 11 10 .

139 3284 1928 55 © May 1, 1926; 1c. June 21; A— Foreign 31293; Gaston Doin & co.
217 3341 269 56 (26-19819)

141 3441 276 69 Durand,
454 3442 211 58 James
697 3442 54 57 R
1067 3445 51 57 b.
1155 3446 165 56 1786.

216 3533 215 57 James
462 3531 278 73 Durand,
769 3552 80 37 an
878 3535 135 58 able
1043 3554 252 38 seaman
1325 3535 67 57 of
1420 3536 178 71 1812;
1625 3536 96 59 his
1752 3538 376 59 adventures

141 3628 79 38 on
262 3610 174 58 “Old
477 3609 308 59 ironsides”
886 3613 123 56 and
1053 3631 68 37 as
1167 3631 79 37 an
1290 3611 349 73 impressed
1682 3614 190 58 sailor
1917 3615 66 57 in
2026 3616 105 59 the

140 3688 245 57 British
422 3706 184 52 navy,
646 3688 207 58 edited
893 3690 82 70 by
1015 3688 241 73 George
1299 3689 60 59 S.
1401 3690 261 75 Brooks,
1700 3691 152 59 with
1891 3713 36 38 a
139 3693 1966 130 foreword
356 3765 82 72 by
485 3764 408 59 Commander
942 3766 274 58 Herbert
1261 3768 67 60 L.
1382 3768 326 59 Satterlee.
1789 3769 342 60 Published

140 3842 151 58 with
331 3843 104 58 the
480 3843 398 71 coöperation
917 3844 68 58 of
1027 3845 104 58 the
1172 3844 204 58 Naval
1417 3846 186 58 order
1643 3846 69 58 of
1751 3848 104 58 the
1895 3846 236 61 United
