<alto xmlns="http://www.loc.gov/standards/alto/ns-v3#" xmlns:xlink="http://www.w3.org/1999/xlink" xmlns:xsi="http://www.w3.org/2001/XMLSchema-instance" xsi:schemaLocation="http://www.loc.gov/standards/alto/ns-v3# http://www.loc.gov/alto/v3/alto-3-0.xsd"><Description>
<MeasurementUnit>pixel</MeasurementUnit>
<sourceImageInformation>
<fileName>1926_v23_Part001.pdf</fileName>
</sourceImageInformation>
<OCRProcessing ID="IdOcr">
<ocrProcessingStep>
<processingDateTime>2019-04-10</processingDateTime>
<processingSoftware>
<softwareCreator>ABBYY</softwareCreator>
<softwareName>ABBYY Recognition Server</softwareName>
<softwareVersion>4.0</softwareVersion>
</processingSoftware>
</ocrProcessingStep>
</OCRProcessing>
</Description>
<Styles>
<ParagraphStyle ID="StyleId-FFFFFFFF-FFFF-FFFF-FFFF-FFFFFFFFFFFF-" ALIGN="Left" LEFT="0." RIGHT="0." FIRSTLINE="0."/>
<ParagraphStyle ID="StyleId-22C3EA86-D171-42E2-A7D2-9A866F7D91F9-" ALIGN="Left" LEFT="0." RIGHT="0." FIRSTLINE="0." LINESPACE="8.300000191"/>
<ParagraphStyle ID="StyleId-E3FA4CC6-F5E5-41CA-B4C4-90085BF71B6C-" ALIGN="Block" LEFT="0." RIGHT="0." FIRSTLINE="-14." LINESPACE="8.050000191"/>
<ParagraphStyle ID="StyleId-41118DB3-028A-4115-95B3-BB512DD0EDAE-" ALIGN="Left" LEFT="0." RIGHT="0." FIRSTLINE="-13." LINESPACE="13.30000019"/>
<ParagraphStyle ID="StyleId-A2FB4C2B-BF87-45AD-9689-33B0118FBFC1-" ALIGN="Block" LEFT="0." RIGHT="0." FIRSTLINE="-14." LINESPACE="11.06999969"/>
<ParagraphStyle ID="StyleId-BBBA7B5D-FE2B-4BC7-AC7D-F142900C21B8-" ALIGN="Block" LEFT="0." RIGHT="0." FIRSTLINE="0." LINESPACE="8.899999619"/>
<ParagraphStyle ID="StyleId-3CEA3EEE-4341-4E33-9EF0-A9438AB90A9B-" ALIGN="Center" LEFT="0." RIGHT="0." FIRSTLINE="0." LINESPACE="12.19999981"/>
<ParagraphStyle ID="StyleId-817955BE-3120-4B53-BBD3-920BAE733BFF-" ALIGN="Left" LEFT="0." RIGHT="0." FIRSTLINE="0." LINESPACE="12.19999981"/>
<ParagraphStyle ID="StyleId-456A266C-F799-486A-ACB1-75B61E9815AB-" ALIGN="Left" LEFT="0." RIGHT="0." FIRSTLINE="-13." LINESPACE="8.18999958"/>
<ParagraphStyle ID="StyleId-6A1E9ED6-E5EA-4E31-BD5A-88089B8D7134-" ALIGN="Right" LEFT="0." RIGHT="0." FIRSTLINE="0." LINESPACE="7.699999809"/>
<ParagraphStyle ID="StyleId-C11ABF73-04BC-4F6E-B7E4-01FCA3A26756-" ALIGN="Left" LEFT="0." RIGHT="0." FIRSTLINE="-13." LINESPACE="12.19999981"/>
<ParagraphStyle ID="StyleId-662CF6CF-DB5F-40BE-AD24-E877ED82DD6F-" ALIGN="Block" LEFT="0." RIGHT="0." FIRSTLINE="-14." LINESPACE="11.06999969"/>
<ParagraphStyle ID="StyleId-9361006B-74B5-41BD-BFD3-03318AD64910-" ALIGN="Left" LEFT="0." RIGHT="0." FIRSTLINE="0." LINESPACE="8.899999619"/>
</Styles>
<Layout>
<Page ID="Page1170" PHYSICAL_IMG_NR="1170" HEIGHT="4285" WIDTH="2542">
<TopMargin HEIGHT="370" WIDTH="2542" VPOS="0" HPOS="0">
</TopMargin>
<LeftMargin HEIGHT="3571" WIDTH="292" VPOS="370" HPOS="0">
</LeftMargin>
<RightMargin HEIGHT="3571" WIDTH="142" VPOS="370" HPOS="2400">
</RightMargin>
<BottomMargin HEIGHT="344" WIDTH="2542" VPOS="3941" HPOS="0">
<TextBlock ID="Page1170_Block1" HEIGHT="178" WIDTH="466" VPOS="3975" HPOS="1179" LANG="en-US" STYLEREFS="StyleId-EAB69426-1A8D-49CD-911E-8E307D3C8462-">
<TextLine HEIGHT="58" WIDTH="152" VPOS="3998" HPOS="1314">
<String CONTENT="1170" HEIGHT="58" WIDTH="152" VPOS="3998" HPOS="1314"/>
</TextLine>
</TextBlock>
</BottomMargin>
<PrintSpace HEIGHT="3571" WIDTH="2108" VPOS="370" HPOS="292">
<TextBlock ID="Page1170_Block2" HEIGHT="3571" WIDTH="2024" VPOS="370" HPOS="376" LANG="en-US" CS="1" STYLEREFS="StyleId-8E27600E-404A-4710-9514-52705F6D4F07-">
<TextLine HEIGHT="77" WIDTH="1233" VPOS="380" HPOS="400" STYLEREFS="StyleId-7584618A-5B3E-478F-89CD-01416BF938F2-" CS="1">
<String LANG="en-US" CONTENT="Foote," HEIGHT="71" WIDTH="207" VPOS="386" HPOS="400"/>
<SP HEIGHT="72" WIDTH="33" VPOS="385" HPOS="608"/>
<String LANG="la" CONTENT="John" HEIGHT="58" WIDTH="167" VPOS="385" HPOS="642"/>
<SP HEIGHT="61" WIDTH="26" VPOS="380" HPOS="813"/>
<String LANG="en-US" CONTENT="Ambrose," HEIGHT="71" WIDTH="322" VPOS="385" HPOS="840"/>
<SP HEIGHT="68" WIDTH="34" VPOS="388" HPOS="1163"/>
<String LANG="en-US" CONTENT="1874-" HEIGHT="57" WIDTH="187" VPOS="387" HPOS="1198"/>
<SP HEIGHT="38" WIDTH="156" VPOS="404" HPOS="1386"/>
<String LANG="de" CS="1" CONTENT="ed." HEIGHT="38" WIDTH="90" VPOS="404" HPOS="1543"/>
</TextLine>
<TextLine HEIGHT="76" WIDTH="1846" VPOS="475" HPOS="539" STYLEREFS="StyleId-3F5731AD-8AF0-449D-8509-24666D7137AE-" CS="1">
<String CS="1" CONTENT="&#8230;"/>
<SP HEIGHT="59" WIDTH="30" VPOS="477" HPOS="539"/>
<String CONTENT="State" HEIGHT="59" WIDTH="178" VPOS="477" HPOS="570"/>
<SP HEIGHT="57" WIDTH="21" VPOS="480" HPOS="749"/>
<String CONTENT="board" HEIGHT="58" WIDTH="200" VPOS="479" HPOS="771"/>
<SP HEIGHT="71" WIDTH="23" VPOS="479" HPOS="972"/>
<String CONTENT="questions" HEIGHT="72" WIDTH="321" VPOS="478" HPOS="996"/>
<SP HEIGHT="42" WIDTH="23" VPOS="495" HPOS="1318"/>
<String CONTENT="and" HEIGHT="60" WIDTH="122" VPOS="477" HPOS="1342"/>
<SP HEIGHT="60" WIDTH="26" VPOS="477" HPOS="1465"/>
<String CONTENT="answers" HEIGHT="40" WIDTH="274" VPOS="497" HPOS="1492"/>
<SP HEIGHT="57" WIDTH="24" VPOS="480" HPOS="1767"/>
<String CONTENT="for" HEIGHT="57" WIDTH="105" VPOS="480" HPOS="1792"/>
<SP HEIGHT="38" WIDTH="21" VPOS="495" HPOS="1898"/>
<String CS="1" CONTENT="nurses;" HEIGHT="41" WIDTH="223" VPOS="495" HPOS="1920"/>
<SP HEIGHT="72" WIDTH="23" VPOS="478" HPOS="2175"/>
<String CONTENT="being" HEIGHT="76" WIDTH="186" VPOS="475" HPOS="2199"/>
</TextLine>
<TextLine HEIGHT="74" WIDTH="1980" VPOS="553" HPOS="396" STYLEREFS="StyleId-3F5731AD-8AF0-449D-8509-24666D7137AE-">
<String CONTENT="the" HEIGHT="58" WIDTH="100" VPOS="556" HPOS="396"/>
<SP HEIGHT="39" WIDTH="31" VPOS="573" HPOS="497"/>
<String CONTENT="actual" HEIGHT="57" WIDTH="206" VPOS="555" HPOS="529"/>
<SP HEIGHT="72" WIDTH="28" VPOS="555" HPOS="736"/>
<String CONTENT="questions" HEIGHT="71" WIDTH="321" VPOS="556" HPOS="765"/>
<SP HEIGHT="39" WIDTH="34" VPOS="575" HPOS="1087"/>
<String CONTENT="submitted" HEIGHT="62" WIDTH="337" VPOS="553" HPOS="1122"/>
<SP HEIGHT="58" WIDTH="30" VPOS="557" HPOS="1460"/>
<String CONTENT="at" HEIGHT="55" WIDTH="65" VPOS="560" HPOS="1491"/>
<SP HEIGHT="55" WIDTH="29" VPOS="560" HPOS="1557"/>
<String CONTENT="the" HEIGHT="58" WIDTH="103" VPOS="556" HPOS="1587"/>
<SP HEIGHT="38" WIDTH="33" VPOS="576" HPOS="1691"/>
<String CONTENT="examinations" HEIGHT="62" WIDTH="453" VPOS="553" HPOS="1725"/>
<SP HEIGHT="40" WIDTH="33" VPOS="576" HPOS="2179"/>
<String CONTENT="of" HEIGHT="59" WIDTH="68" VPOS="557" HPOS="2213"/>
<SP HEIGHT="57" WIDTH="29" VPOS="557" HPOS="2282"/>
<String CONTENT="31" HEIGHT="55" WIDTH="64" VPOS="558" HPOS="2312"/>
</TextLine>
<TextLine HEIGHT="154" WIDTH="1968" VPOS="630" HPOS="392" STYLEREFS="StyleId-3F5731AD-8AF0-449D-8509-24666D7137AE-" CS="1">
<String CONTENT="state" HEIGHT="57" WIDTH="161" VPOS="636" HPOS="395"/>
<SP HEIGHT="40" WIDTH="44" VPOS="653" HPOS="557"/>
<String CONTENT="examining" HEIGHT="75" WIDTH="355" VPOS="631" HPOS="602"/>
<SP HEIGHT="71" WIDTH="37" VPOS="635" HPOS="958"/>
<String CONTENT="boards" HEIGHT="58" WIDTH="232" VPOS="634" HPOS="996"/>
<SP HEIGHT="56" WIDTH="40" VPOS="635" HPOS="1229"/>
<String CONTENT="for" HEIGHT="56" WIDTH="104" VPOS="635" HPOS="1270"/>
<SP HEIGHT="37" WIDTH="38" VPOS="651" HPOS="1375"/>
<String CONTENT="nurses," HEIGHT="54" WIDTH="242" VPOS="651" HPOS="1414"/>
<SP HEIGHT="53" WIDTH="38" VPOS="652" HPOS="1657"/>
<String CONTENT="with" HEIGHT="61" WIDTH="151" VPOS="630" HPOS="1696"/>
<SP HEIGHT="59" WIDTH="41" VPOS="634" HPOS="1848"/>
<String CONTENT="answers," HEIGHT="52" WIDTH="295" VPOS="652" HPOS="1890"/>
<SP HEIGHT="51" WIDTH="41" VPOS="653" HPOS="2186"/>
<String CONTENT="compiled" HEIGHT="131" WIDTH="1968" VPOS="653" HPOS="392"/>
</TextLine>
<TextLine HEIGHT="75" WIDTH="1790" VPOS="708" HPOS="594" STYLEREFS="StyleId-3F5731AD-8AF0-449D-8509-24666D7137AE-" CS="1">
<String CONTENT="and" HEIGHT="57" WIDTH="124" VPOS="713" HPOS="594"/>
<SP HEIGHT="57" WIDTH="32" VPOS="713" HPOS="719"/>
<String CONTENT="edited" HEIGHT="59" WIDTH="206" VPOS="711" HPOS="752"/>
<SP HEIGHT="58" WIDTH="31" VPOS="712" HPOS="959"/>
<String CONTENT="by" HEIGHT="71" WIDTH="83" VPOS="712" HPOS="991"/>
<SP HEIGHT="75" WIDTH="33" VPOS="708" HPOS="1075"/>
<String CONTENT="John" HEIGHT="60" WIDTH="169" VPOS="708" HPOS="1109"/>
<SP HEIGHT="58" WIDTH="29" VPOS="710" HPOS="1279"/>
<String CONTENT="A." HEIGHT="59" WIDTH="76" VPOS="710" HPOS="1309"/>
<SP HEIGHT="59" WIDTH="37" VPOS="710" HPOS="1386"/>
<String CONTENT="Foote" HEIGHT="58" WIDTH="196" VPOS="710" HPOS="1424"/>
<SP HEIGHT="38" WIDTH="36" VPOS="731" HPOS="1621"/>
<String CS="1" CONTENT="&#8230;"/>
<SP HEIGHT="56" WIDTH="83" VPOS="712" HPOS="1722"/>
<String CONTENT="4th" HEIGHT="56" WIDTH="109" VPOS="712" HPOS="1806"/>
<SP HEIGHT="57" WIDTH="32" VPOS="712" HPOS="1916"/>
<String CONTENT="ed.," HEIGHT="69" WIDTH="111" VPOS="712" HPOS="1949"/>
<SP HEIGHT="49" WIDTH="34" VPOS="732" HPOS="2061"/>
<String CONTENT="rev." HEIGHT="39" WIDTH="127" VPOS="730" HPOS="2096"/>
<SP HEIGHT="38" WIDTH="36" VPOS="731" HPOS="2224"/>
<String CONTENT="and" HEIGHT="57" WIDTH="123" VPOS="714" HPOS="2261"/>
</TextLine>
<TextLine HEIGHT="155" WIDTH="1968" VPOS="786" HPOS="392" STYLEREFS="StyleId-3F5731AD-8AF0-449D-8509-24666D7137AE-" CS="1">
<String LANG="en-US" CONTENT="enl." HEIGHT="60" WIDTH="114" VPOS="788" HPOS="395"/>
<SP HEIGHT="57" WIDTH="79" VPOS="789" HPOS="510"/>
<String LANG="en-US" CONTENT="Philadelphia" HEIGHT="74" WIDTH="439" VPOS="786" HPOS="590"/>
<SP HEIGHT="39" WIDTH="50" VPOS="808" HPOS="1030"/>
<String LANG="en-US" CONTENT="and" HEIGHT="57" WIDTH="123" VPOS="789" HPOS="1081"/>
<SP HEIGHT="57" WIDTH="47" VPOS="788" HPOS="1205"/>
<String LANG="en-US" CONTENT="London," HEIGHT="72" WIDTH="277" VPOS="788" HPOS="1253"/>
<SP HEIGHT="74" WIDTH="49" VPOS="786" HPOS="1531"/>
<String LANG="fr" CONTENT="J." HEIGHT="59" WIDTH="59" VPOS="786" HPOS="1581"/>
<SP HEIGHT="57" WIDTH="50" VPOS="788" HPOS="1641"/>
<String LANG="fr" CONTENT="B." HEIGHT="60" WIDTH="72" VPOS="788" HPOS="1692"/>
<SP HEIGHT="59" WIDTH="49" VPOS="789" HPOS="1765"/>
<String LANG="fr" CONTENT="Lippincott" HEIGHT="74" WIDTH="363" VPOS="786" HPOS="1815"/>
<SP HEIGHT="54" WIDTH="47" VPOS="794" HPOS="2179"/>
<String LANG="en-US" CONTENT="company" HEIGHT="133" WIDTH="1968" VPOS="808" HPOS="392"/>
<SP HEIGHT="54" WIDTH="31" VPOS="887" HPOS="562"/>
<String LANG="en-US" CS="1" CONTENT="["/>
<String STYLE="superscript" LANG="en-US" CONTENT="c" HEIGHT="22" WIDTH="21" VPOS="875" HPOS="608"/>
<String LANG="en-US" CONTENT="1926]" HEIGHT="71" WIDTH="164" VPOS="868" HPOS="632"/>
</TextLine>
<TextLine HEIGHT="55" WIDTH="1856" VPOS="954" HPOS="466" CS="1">
<String CONTENT="5" HEIGHT="46" WIDTH="24" VPOS="958" HPOS="466"/>
<SP HEIGHT="51" WIDTH="24" VPOS="958" HPOS="491"/>
<String LANG="fr" CONTENT="p." HEIGHT="37" WIDTH="40" VPOS="972" HPOS="516"/>
<SP/>
<String LANG="fr" CS="1" CONTENT="l.,"/>
<SP/>
<String CONTENT="ix-xii," HEIGHT="52" WIDTH="158" VPOS="955" HPOS="650"/>
<SP HEIGHT="48" WIDTH="23" VPOS="959" HPOS="809"/>
<String CONTENT="484" HEIGHT="44" WIDTH="82" VPOS="957" HPOS="833"/>
<SP HEIGHT="48" WIDTH="23" VPOS="958" HPOS="916"/>
<String CONTENT="p." HEIGHT="36" WIDTH="40" VPOS="970" HPOS="940"/>
<SP HEIGHT="43" WIDTH="57" VPOS="955" HPOS="981"/>
<String CONTENT="21" HEIGHT="42" WIDTH="51" VPOS="955" HPOS="1039"/>
<String STYLE="superscript" CONTENT="cm" HEIGHT="17" WIDTH="47" VPOS="958" HPOS="1100"/>
<String CONTENT="." HEIGHT="9" WIDTH="9" VPOS="989" HPOS="1153"/>
<SP HEIGHT="51" WIDTH="66" VPOS="955" HPOS="1163"/>
<String CONTENT="(Half-title:" HEIGHT="52" WIDTH="289" VPOS="954" HPOS="1230"/>
<SP HEIGHT="43" WIDTH="28" VPOS="956" HPOS="1520"/>
<String CONTENT="Lippincott&#8217;s" HEIGHT="52" WIDTH="297" VPOS="954" HPOS="1549"/>
<SP HEIGHT="30" WIDTH="23" VPOS="972" HPOS="1847"/>
<String CONTENT="nursing" HEIGHT="51" WIDTH="191" VPOS="956" HPOS="1871"/>
<SP HEIGHT="36" WIDTH="23" VPOS="971" HPOS="2063"/>
<String CONTENT="manuals)" HEIGHT="53" WIDTH="235" VPOS="956" HPOS="2087"/>
</TextLine>
<TextLine HEIGHT="58" WIDTH="1878" VPOS="1019" HPOS="396" CS="1">
<String LANG="en-US" CONTENT="&#169;" HEIGHT="54" WIDTH="52" VPOS="1023" HPOS="396"/>
<SP HEIGHT="54" WIDTH="30" VPOS="1023" HPOS="449"/>
<String LANG="en-US" CONTENT="June" HEIGHT="52" WIDTH="114" VPOS="1025" HPOS="480"/>
<SP HEIGHT="43" WIDTH="25" VPOS="1025" HPOS="595"/>
<String LANG="en-US" CONTENT="24," HEIGHT="50" WIDTH="67" VPOS="1024" HPOS="621"/>
<SP HEIGHT="50" WIDTH="35" VPOS="1024" HPOS="689"/>
<String LANG="en-US" CS="1" CONTENT="1926;" HEIGHT="44" WIDTH="103" VPOS="1022" HPOS="725"/>
<SP HEIGHT="51" WIDTH="33" VPOS="1023" HPOS="853"/>
<String LANG="en-US" CONTENT="2c." HEIGHT="41" WIDTH="64" VPOS="1023" HPOS="887"/>
<SP HEIGHT="27" WIDTH="29" VPOS="1037" HPOS="952"/>
<String LANG="en-US" CONTENT="and" HEIGHT="43" WIDTH="87" VPOS="1021" HPOS="982"/>
<SP HEIGHT="43" WIDTH="29" VPOS="1021" HPOS="1070"/>
<String LANG="en-US" CONTENT="aff." HEIGHT="42" WIDTH="79" VPOS="1022" HPOS="1100"/>
<SP HEIGHT="44" WIDTH="33" VPOS="1021" HPOS="1180"/>
<String LANG="en-US" CONTENT="Oct." HEIGHT="44" WIDTH="100" VPOS="1021" HPOS="1214"/>
<SP HEIGHT="42" WIDTH="36" VPOS="1022" HPOS="1315"/>
<String LANG="en-US" CONTENT="13;" HEIGHT="52" WIDTH="73" VPOS="1021" HPOS="1352"/>
<SP HEIGHT="51" WIDTH="33" VPOS="1022" HPOS="1426"/>
<!-- cceid 04F20CE7-6E1B-1014-9B7B-CA07F191E62B --><String LANG="en-US" CONTENT="A" HEIGHT="42" WIDTH="44" VPOS="1022" HPOS="1460"/>
<SP HEIGHT="43" WIDTH="31" VPOS="1022" HPOS="1505"/>
<String LANG="en-US" CONTENT="950428;" HEIGHT="56" WIDTH="187" VPOS="1019" HPOS="1537"/>
<SP HEIGHT="52" WIDTH="31" VPOS="1023" HPOS="1725"/>
<String LANG="fr" CONTENT="J." HEIGHT="52" WIDTH="41" VPOS="1023" HPOS="1757"/>
<SP HEIGHT="45" WIDTH="34" VPOS="1022" HPOS="1799"/>
<String LANG="fr" CONTENT="B." HEIGHT="45" WIDTH="51" VPOS="1022" HPOS="1834"/>
<SP HEIGHT="44" WIDTH="31" VPOS="1023" HPOS="1886"/>
<String LANG="fr" CONTENT="Lippincott" HEIGHT="56" WIDTH="256" VPOS="1021" HPOS="1918"/>
<SP HEIGHT="37" WIDTH="30" VPOS="1032" HPOS="2175"/>
<String LANG="en-US" CONTENT="co." HEIGHT="31" WIDTH="68" VPOS="1038" HPOS="2206"/>
</TextLine>
<TextLine HEIGHT="57" WIDTH="269" VPOS="1079" HPOS="472">
<String CONTENT="(26-18117)" HEIGHT="57" WIDTH="269" VPOS="1079" HPOS="472"/>
</TextLine>
<TextLine HEIGHT="71" WIDTH="674" VPOS="1178" HPOS="396" STYLEREFS="StyleId-795A71B5-2A6F-47FC-A785-28BFD2FB0889-">
<String CONTENT="Forbes," HEIGHT="70" WIDTH="250" VPOS="1179" HPOS="396"/>
<SP HEIGHT="70" WIDTH="39" VPOS="1179" HPOS="647"/>
<String CONTENT="Graham" HEIGHT="60" WIDTH="278" VPOS="1178" HPOS="687"/>
<SP HEIGHT="56" WIDTH="34" VPOS="1179" HPOS="966"/>
<String CONTENT="B." HEIGHT="57" WIDTH="69" VPOS="1179" HPOS="1001"/>
</TextLine>
<TextLine HEIGHT="76" WIDTH="1916" VPOS="1268" HPOS="473" STYLEREFS="StyleId-3F5731AD-8AF0-449D-8509-24666D7137AE-">
<String CONTENT="Frank" HEIGHT="57" WIDTH="213" VPOS="1270" HPOS="473"/>
<SP HEIGHT="57" WIDTH="30" VPOS="1269" HPOS="687"/>
<String CONTENT="Allen" HEIGHT="58" WIDTH="184" VPOS="1268" HPOS="718"/>
<SP HEIGHT="38" WIDTH="34" VPOS="1288" HPOS="903"/>
<String CONTENT="and" HEIGHT="57" WIDTH="121" VPOS="1269" HPOS="938"/>
<SP HEIGHT="57" WIDTH="33" VPOS="1269" HPOS="1060"/>
<String CONTENT="his" HEIGHT="58" WIDTH="97" VPOS="1268" HPOS="1094"/>
<SP HEIGHT="39" WIDTH="33" VPOS="1287" HPOS="1192"/>
<String CONTENT="motor" HEIGHT="55" WIDTH="203" VPOS="1271" HPOS="1226"/>
<SP HEIGHT="57" WIDTH="32" VPOS="1269" HPOS="1430"/>
<String CONTENT="boat;" HEIGHT="71" WIDTH="177" VPOS="1269" HPOS="1463"/>
<SP HEIGHT="51" WIDTH="32" VPOS="1289" HPOS="1641"/>
<String CONTENT="or," HEIGHT="52" WIDTH="90" VPOS="1289" HPOS="1674"/>
<SP HEIGHT="71" WIDTH="30" VPOS="1270" HPOS="1765"/>
<String CONTENT="Racing" HEIGHT="75" WIDTH="242" VPOS="1269" HPOS="1796"/>
<SP HEIGHT="70" WIDTH="30" VPOS="1274" HPOS="2039"/>
<String CONTENT="to" HEIGHT="56" WIDTH="64" VPOS="1274" HPOS="2070"/>
<SP HEIGHT="40" WIDTH="34" VPOS="1290" HPOS="2135"/>
<String CONTENT="save" HEIGHT="40" WIDTH="146" VPOS="1291" HPOS="2170"/>
<SP HEIGHT="40" WIDTH="34" VPOS="1291" HPOS="2317"/>
<String CONTENT="a" HEIGHT="39" WIDTH="37" VPOS="1291" HPOS="2352"/>
</TextLine>
<TextLine HEIGHT="79" WIDTH="1992" VPOS="1345" HPOS="396" STYLEREFS="StyleId-3F5731AD-8AF0-449D-8509-24666D7137AE-" CS="1">
<String CONTENT="life," HEIGHT="76" WIDTH="128" VPOS="1348" HPOS="396"/>
<SP HEIGHT="75" WIDTH="32" VPOS="1349" HPOS="525"/>
<String CONTENT="by" HEIGHT="71" WIDTH="83" VPOS="1349" HPOS="558"/>
<SP HEIGHT="73" WIDTH="33" VPOS="1347" HPOS="642"/>
<String CONTENT="Graham" HEIGHT="60" WIDTH="277" VPOS="1347" HPOS="676"/>
<SP HEIGHT="57" WIDTH="31" VPOS="1346" HPOS="954"/>
<String CONTENT="B." HEIGHT="57" WIDTH="70" VPOS="1346" HPOS="986"/>
<SP HEIGHT="58" WIDTH="37" VPOS="1345" HPOS="1057"/>
<String CONTENT="Forbes" HEIGHT="60" WIDTH="240" VPOS="1345" HPOS="1095"/>
<SP HEIGHT="38" WIDTH="39" VPOS="1367" HPOS="1336"/>
<String CS="1" CONTENT="&#8230;"/>
<SP HEIGHT="59" WIDTH="86" VPOS="1346" HPOS="1439"/>
<String CONTENT="Garden" HEIGHT="59" WIDTH="250" VPOS="1346" HPOS="1526"/>
<SP HEIGHT="60" WIDTH="36" VPOS="1346" HPOS="1777"/>
<String CONTENT="City," HEIGHT="75" WIDTH="162" VPOS="1346" HPOS="1814"/>
<SP HEIGHT="73" WIDTH="35" VPOS="1348" HPOS="1977"/>
<String CONTENT="New" HEIGHT="58" WIDTH="151" VPOS="1348" HPOS="2013"/>
<SP HEIGHT="58" WIDTH="31" VPOS="1348" HPOS="2165"/>
<String CONTENT="York," HEIGHT="73" WIDTH="191" VPOS="1348" HPOS="2197"/>
</TextLine>
<TextLine HEIGHT="74" WIDTH="1319" VPOS="1423" HPOS="395" STYLEREFS="StyleId-3F5731AD-8AF0-449D-8509-24666D7137AE-">
<String CONTENT="Garden" HEIGHT="61" WIDTH="251" VPOS="1426" HPOS="395"/>
<SP HEIGHT="60" WIDTH="32" VPOS="1424" HPOS="647"/>
<String CONTENT="City" HEIGHT="73" WIDTH="145" VPOS="1424" HPOS="680"/>
<SP HEIGHT="54" WIDTH="27" VPOS="1443" HPOS="826"/>
<String CONTENT="publishing" HEIGHT="73" WIDTH="363" VPOS="1424" HPOS="854"/>
<SP HEIGHT="54" WIDTH="27" VPOS="1443" HPOS="1218"/>
<String CONTENT="co.," HEIGHT="53" WIDTH="106" VPOS="1443" HPOS="1246"/>
<SP HEIGHT="73" WIDTH="26" VPOS="1423" HPOS="1353"/>
<String CONTENT="inc.," HEIGHT="73" WIDTH="139" VPOS="1423" HPOS="1380"/>
<SP HEIGHT="70" WIDTH="28" VPOS="1426" HPOS="1520"/>
<String CONTENT="1926." HEIGHT="57" WIDTH="165" VPOS="1425" HPOS="1549"/>
</TextLine>
<TextLine HEIGHT="59" WIDTH="1339" VPOS="1513" HPOS="469" CS="1">
<String CONTENT="1" HEIGHT="42" WIDTH="19" VPOS="1519" HPOS="469"/>
<SP HEIGHT="53" WIDTH="25" VPOS="1519" HPOS="489"/>
<String LANG="fr" CONTENT="p." HEIGHT="38" WIDTH="41" VPOS="1534" HPOS="515"/>
<SP/>
<String LANG="fr" CS="1" CONTENT="l.,"/>
<SP/>
<String CONTENT="216" HEIGHT="44" WIDTH="81" VPOS="1516" HPOS="648"/>
<SP HEIGHT="53" WIDTH="25" VPOS="1516" HPOS="730"/>
<String CONTENT="p." HEIGHT="38" WIDTH="39" VPOS="1531" HPOS="756"/>
<SP HEIGHT="43" WIDTH="62" VPOS="1517" HPOS="796"/>
<String CONTENT="19" HEIGHT="44" WIDTH="49" VPOS="1516" HPOS="859"/>
<String STYLE="superscript" CONTENT="cm" HEIGHT="19" WIDTH="48" VPOS="1516" HPOS="913"/>
<String CONTENT="." HEIGHT="9" WIDTH="9" VPOS="1550" HPOS="967"/>
<SP HEIGHT="54" WIDTH="67" VPOS="1515" HPOS="977"/>
<String CONTENT="(His" HEIGHT="54" WIDTH="118" VPOS="1515" HPOS="1045"/>
<SP HEIGHT="47" WIDTH="22" VPOS="1513" HPOS="1164"/>
<String CONTENT="Frank" HEIGHT="46" WIDTH="156" VPOS="1513" HPOS="1187"/>
<SP HEIGHT="44" WIDTH="25" VPOS="1514" HPOS="1344"/>
<String CONTENT="Allen" HEIGHT="45" WIDTH="136" VPOS="1513" HPOS="1370"/>
<SP HEIGHT="31" WIDTH="25" VPOS="1529" HPOS="1507"/>
<String CONTENT="series&#8212;10)" HEIGHT="54" WIDTH="275" VPOS="1513" HPOS="1533"/>
</TextLine>
<TextLine HEIGHT="58" WIDTH="1934" VPOS="1570" HPOS="394" CS="1">
<String CONTENT="&#169;" HEIGHT="54" WIDTH="53" VPOS="1574" HPOS="394"/>
<SP HEIGHT="54" WIDTH="33" VPOS="1574" HPOS="448"/>
<String CONTENT="Sept." HEIGHT="53" WIDTH="120" VPOS="1575" HPOS="482"/>
<SP HEIGHT="45" WIDTH="32" VPOS="1573" HPOS="603"/>
<String CONTENT="7," HEIGHT="52" WIDTH="37" VPOS="1573" HPOS="636"/>
<SP HEIGHT="50" WIDTH="35" VPOS="1575" HPOS="674"/>
<String CS="1" CONTENT="1926;" HEIGHT="43" WIDTH="106" VPOS="1574" HPOS="710"/>
<SP HEIGHT="51" WIDTH="32" VPOS="1574" HPOS="840"/>
<String CONTENT="2c." HEIGHT="42" WIDTH="63" VPOS="1574" HPOS="873"/>
<SP HEIGHT="27" WIDTH="34" VPOS="1589" HPOS="937"/>
<String CONTENT="and" HEIGHT="43" WIDTH="86" VPOS="1573" HPOS="972"/>
<SP HEIGHT="43" WIDTH="30" VPOS="1573" HPOS="1059"/>
<String CONTENT="aff." HEIGHT="42" WIDTH="77" VPOS="1573" HPOS="1090"/>
<SP HEIGHT="47" WIDTH="38" VPOS="1570" HPOS="1168"/>
<String CONTENT="Sept." HEIGHT="54" WIDTH="121" VPOS="1570" HPOS="1207"/>
<SP HEIGHT="42" WIDTH="29" VPOS="1573" HPOS="1329"/>
<String CONTENT="27;" HEIGHT="54" WIDTH="78" VPOS="1570" HPOS="1359"/>
<SP HEIGHT="52" WIDTH="35" VPOS="1572" HPOS="1438"/>
<!-- cceid 04F23D31-6E1B-1014-9B7B-CA07F191E62B --><String CONTENT="A" HEIGHT="42" WIDTH="44" VPOS="1572" HPOS="1474"/>
<SP HEIGHT="43" WIDTH="31" VPOS="1572" HPOS="1519"/>
<String CONTENT="950188;" HEIGHT="55" WIDTH="188" VPOS="1570" HPOS="1551"/>
<SP HEIGHT="53" WIDTH="37" VPOS="1572" HPOS="1740"/>
<String CONTENT="Garden" HEIGHT="45" WIDTH="181" VPOS="1572" HPOS="1778"/>
<SP HEIGHT="45" WIDTH="32" VPOS="1572" HPOS="1960"/>
<String CONTENT="City" HEIGHT="55" WIDTH="103" VPOS="1572" HPOS="1993"/>
<SP HEIGHT="39" WIDTH="30" VPOS="1588" HPOS="2097"/>
<String CONTENT="pub." HEIGHT="54" WIDTH="102" VPOS="1573" HPOS="2128"/>
<SP HEIGHT="29" WIDTH="29" VPOS="1589" HPOS="2231"/>
<String CONTENT="co." HEIGHT="29" WIDTH="67" VPOS="1589" HPOS="2261"/>
</TextLine>
<TextLine HEIGHT="55" WIDTH="268" VPOS="1631" HPOS="471">
<String CONTENT="(26-18102)" HEIGHT="55" WIDTH="268" VPOS="1631" HPOS="471"/>
</TextLine>
<TextLine HEIGHT="74" WIDTH="1157" VPOS="1729" HPOS="395" STYLEREFS="StyleId-795A71B5-2A6F-47FC-A785-28BFD2FB0889-">
<String CONTENT="Fraser," HEIGHT="72" WIDTH="246" VPOS="1731" HPOS="395"/>
<SP HEIGHT="73" WIDTH="42" VPOS="1730" HPOS="642"/>
<String CONTENT="Herbert" HEIGHT="58" WIDTH="272" VPOS="1729" HPOS="685"/>
<SP HEIGHT="58" WIDTH="39" VPOS="1729" HPOS="958"/>
<String CONTENT="Freeman," HEIGHT="69" WIDTH="319" VPOS="1729" HPOS="998"/>
<SP HEIGHT="66" WIDTH="44" VPOS="1732" HPOS="1318"/>
<String CONTENT="1890-" HEIGHT="57" WIDTH="189" VPOS="1730" HPOS="1363"/>
</TextLine>
<TextLine HEIGHT="142" WIDTH="1963" VPOS="1818" HPOS="397" STYLEREFS="StyleId-3F5731AD-8AF0-449D-8509-24666D7137AE-" CS="1">
<String CONTENT="Foreign" HEIGHT="75" WIDTH="276" VPOS="1821" HPOS="477"/>
<SP HEIGHT="54" WIDTH="25" VPOS="1825" HPOS="754"/>
<String CONTENT="trade" HEIGHT="58" WIDTH="181" VPOS="1821" HPOS="780"/>
<SP HEIGHT="38" WIDTH="31" VPOS="1841" HPOS="962"/>
<String CONTENT="and" HEIGHT="57" WIDTH="123" VPOS="1822" HPOS="994"/>
<SP HEIGHT="57" WIDTH="26" VPOS="1822" HPOS="1118"/>
<String CONTENT="world" HEIGHT="59" WIDTH="195" VPOS="1820" HPOS="1145"/>
<SP HEIGHT="72" WIDTH="28" VPOS="1821" HPOS="1341"/>
<String CS="1" CONTENT="politics;" HEIGHT="75" WIDTH="248" VPOS="1818" HPOS="1370"/>
<SP HEIGHT="53" WIDTH="29" VPOS="1840" HPOS="1651"/>
<String CONTENT="a" HEIGHT="39" WIDTH="37" VPOS="1840" HPOS="1681"/>
<SP HEIGHT="39" WIDTH="27" VPOS="1840" HPOS="1719"/>
<String CONTENT="study" HEIGHT="73" WIDTH="189" VPOS="1822" HPOS="1747"/>
<SP HEIGHT="54" WIDTH="25" VPOS="1841" HPOS="1937"/>
<String CONTENT="of" HEIGHT="58" WIDTH="70" VPOS="1823" HPOS="1963"/>
<SP HEIGHT="57" WIDTH="26" VPOS="1823" HPOS="2034"/>
<String CONTENT="the" HEIGHT="58" WIDTH="104" VPOS="1822" HPOS="2061"/>
<SP HEIGHT="59" WIDTH="26" VPOS="1821" HPOS="2166"/>
<String CONTENT="international" HEIGHT="139" WIDTH="1963" VPOS="1821" HPOS="397"/>
</TextLine>
<TextLine HEIGHT="141" WIDTH="1960" VPOS="1898" HPOS="401" STYLEREFS="StyleId-3F5731AD-8AF0-449D-8509-24666D7137AE-" CS="1">
<String CONTENT="foundations" HEIGHT="59" WIDTH="409" VPOS="1899" HPOS="705"/>
<SP HEIGHT="39" WIDTH="30" VPOS="1919" HPOS="1115"/>
<String CONTENT="of" HEIGHT="58" WIDTH="68" VPOS="1900" HPOS="1146"/>
<SP HEIGHT="71" WIDTH="26" VPOS="1900" HPOS="1215"/>
<String CONTENT="prosperity" HEIGHT="73" WIDTH="364" VPOS="1899" HPOS="1242"/>
<SP HEIGHT="54" WIDTH="24" VPOS="1918" HPOS="1607"/>
<String CONTENT="with" HEIGHT="59" WIDTH="151" VPOS="1898" HPOS="1632"/>
<SP HEIGHT="74" WIDTH="26" VPOS="1899" HPOS="1784"/>
<String CONTENT="particular" HEIGHT="74" WIDTH="350" VPOS="1899" HPOS="1811"/>
<SP HEIGHT="39" WIDTH="25" VPOS="1920" HPOS="2162"/>
<String CONTENT="reference" HEIGHT="137" WIDTH="1960" VPOS="1902" HPOS="401"/>
<SP HEIGHT="55" WIDTH="36" VPOS="1984" HPOS="546"/>
<String CONTENT="to" HEIGHT="55" WIDTH="64" VPOS="1984" HPOS="583"/>
<SP HEIGHT="58" WIDTH="39" VPOS="1980" HPOS="648"/>
<String CONTENT="American" HEIGHT="59" WIDTH="338" VPOS="1977" HPOS="688"/>
</TextLine>
<TextLine HEIGHT="75" WIDTH="1247" VPOS="1976" HPOS="1068" STYLEREFS="StyleId-3F5731AD-8AF0-449D-8509-24666D7137AE-" CS="1">
<String CONTENT="conditions," HEIGHT="74" WIDTH="371" VPOS="1976" HPOS="1068"/>
<SP HEIGHT="72" WIDTH="38" VPOS="1978" HPOS="1440"/>
<String CONTENT="by" HEIGHT="73" WIDTH="83" VPOS="1978" HPOS="1479"/>
<SP HEIGHT="75" WIDTH="39" VPOS="1976" HPOS="1563"/>
<String CONTENT="Herbert" HEIGHT="62" WIDTH="276" VPOS="1976" HPOS="1603"/>
<SP HEIGHT="59" WIDTH="39" VPOS="1979" HPOS="1880"/>
<String CONTENT="F." HEIGHT="58" WIDTH="71" VPOS="1979" HPOS="1920"/>
<SP HEIGHT="58" WIDTH="41" VPOS="1979" HPOS="1992"/>
<String CONTENT="Fraser" HEIGHT="59" WIDTH="237" VPOS="1979" HPOS="2034"/>
<SP HEIGHT="38" WIDTH="43" VPOS="2000" HPOS="2272"/>
<String CS="1" CONTENT="&#8230;"/>
</TextLine>
<TextLine HEIGHT="75" WIDTH="1498" VPOS="2055" HPOS="398" STYLEREFS="StyleId-3F5731AD-8AF0-449D-8509-24666D7137AE-">
<String CONTENT="New" HEIGHT="58" WIDTH="151" VPOS="2059" HPOS="398"/>
<SP HEIGHT="59" WIDTH="25" VPOS="2057" HPOS="550"/>
<String CONTENT="York" HEIGHT="59" WIDTH="174" VPOS="2057" HPOS="576"/>
<SP HEIGHT="59" WIDTH="27" VPOS="2057" HPOS="751"/>
<String CONTENT="and" HEIGHT="58" WIDTH="125" VPOS="2058" HPOS="779"/>
<SP HEIGHT="59" WIDTH="25" VPOS="2057" HPOS="905"/>
<String CONTENT="London," HEIGHT="72" WIDTH="277" VPOS="2057" HPOS="931"/>
<SP HEIGHT="74" WIDTH="28" VPOS="2055" HPOS="1209"/>
<String CONTENT="A." HEIGHT="58" WIDTH="75" VPOS="2055" HPOS="1238"/>
<SP HEIGHT="58" WIDTH="33" VPOS="2055" HPOS="1314"/>
<String CONTENT="A." HEIGHT="59" WIDTH="75" VPOS="2055" HPOS="1348"/>
<SP HEIGHT="58" WIDTH="29" VPOS="2056" HPOS="1424"/>
<String CONTENT="Knopf," HEIGHT="74" WIDTH="240" VPOS="2056" HPOS="1454"/>
<SP HEIGHT="71" WIDTH="33" VPOS="2059" HPOS="1695"/>
<String CONTENT="1926." HEIGHT="59" WIDTH="167" VPOS="2057" HPOS="1729"/>
</TextLine>
<TextLine HEIGHT="57" WIDTH="1595" VPOS="2134" HPOS="471" CS="1">
<String CONTENT="xiii" HEIGHT="46" WIDTH="82" VPOS="2136" HPOS="471"/>
<SP HEIGHT="55" WIDTH="21" VPOS="2136" HPOS="554"/>
<String LANG="fr" CONTENT="p.," HEIGHT="38" WIDTH="56" VPOS="2153" HPOS="576"/>
<SP HEIGHT="50" WIDTH="24" VPOS="2139" HPOS="633"/>
<String CONTENT="1" HEIGHT="43" WIDTH="19" VPOS="2139" HPOS="658"/>
<SP/>
<String CS="1" CONTENT="l.,"/>
<SP/>
<String CONTENT="346" HEIGHT="45" WIDTH="82" VPOS="2136" HPOS="769"/>
<SP HEIGHT="52" WIDTH="19" VPOS="2136" HPOS="852"/>
<String LANG="fr" CONTENT="p.," HEIGHT="37" WIDTH="58" VPOS="2151" HPOS="872"/>
<SP HEIGHT="50" WIDTH="25" VPOS="2138" HPOS="931"/>
<String CONTENT="1" HEIGHT="42" WIDTH="19" VPOS="2138" HPOS="957"/>
<SP HEIGHT="44" WIDTH="26" VPOS="2136" HPOS="977"/>
<String CS="1" CONTENT="l." HEIGHT="10" WIDTH="9" VPOS="2170" HPOS="1022"/>
<SP HEIGHT="44" WIDTH="57" VPOS="2136" HPOS="1032"/>
<String CS="1" CONTENT="21&#189;" HEIGHT="43" WIDTH="50" VPOS="2136" HPOS="1090"/>
<String STYLE="superscript" CONTENT="cm" HEIGHT="18" WIDTH="46" VPOS="2137" HPOS="1178"/>
<String CONTENT="." HEIGHT="8" WIDTH="7" VPOS="2168" HPOS="1232"/>
<SP HEIGHT="30" WIDTH="63" VPOS="2152" HPOS="1240"/>
<String CONTENT="[Borzoi" HEIGHT="48" WIDTH="180" VPOS="2134" HPOS="1304"/>
<SP HEIGHT="54" WIDTH="22" VPOS="2134" HPOS="1485"/>
<String CONTENT="political" HEIGHT="53" WIDTH="198" VPOS="2135" HPOS="1508"/>
<SP HEIGHT="44" WIDTH="24" VPOS="2136" HPOS="1707"/>
<String CONTENT="science" HEIGHT="44" WIDTH="173" VPOS="2137" HPOS="1732"/>
<SP HEIGHT="36" WIDTH="23" VPOS="2145" HPOS="1906"/>
<String CONTENT="texts]" HEIGHT="41" WIDTH="136" VPOS="2143" HPOS="1930"/>
</TextLine>
<TextLine HEIGHT="56" WIDTH="1688" VPOS="2190" HPOS="476">
<String CONTENT="&#8220;Bibliographical" HEIGHT="55" WIDTH="415" VPOS="2191" HPOS="476"/>
<SP HEIGHT="43" WIDTH="27" VPOS="2192" HPOS="892"/>
<String CONTENT="note" HEIGHT="37" WIDTH="103" VPOS="2200" HPOS="920"/>
<SP HEIGHT="30" WIDTH="29" VPOS="2207" HPOS="1024"/>
<String CONTENT="on" HEIGHT="30" WIDTH="58" VPOS="2207" HPOS="1054"/>
<SP HEIGHT="35" WIDTH="28" VPOS="2201" HPOS="1113"/>
<String CONTENT="the" HEIGHT="44" WIDTH="75" VPOS="2192" HPOS="1142"/>
<SP HEIGHT="44" WIDTH="26" VPOS="2192" HPOS="1218"/>
<String CONTENT="diplomacy" HEIGHT="54" WIDTH="252" VPOS="2190" HPOS="1245"/>
<SP HEIGHT="37" WIDTH="27" VPOS="2207" HPOS="1498"/>
<String CONTENT="of" HEIGHT="46" WIDTH="51" VPOS="2191" HPOS="1526"/>
<SP HEIGHT="44" WIDTH="27" VPOS="2191" HPOS="1578"/>
<String CONTENT="the" HEIGHT="43" WIDTH="73" VPOS="2192" HPOS="1606"/>
<SP HEIGHT="29" WIDTH="27" VPOS="2206" HPOS="1680"/>
<String CONTENT="war&#8221;" HEIGHT="43" WIDTH="122" VPOS="2192" HPOS="1708"/>
<SP HEIGHT="44" WIDTH="15" VPOS="2192" HPOS="1831"/>
<String CONTENT=":" HEIGHT="29" WIDTH="10" VPOS="2207" HPOS="1847"/>
<SP HEIGHT="38" WIDTH="28" VPOS="2207" HPOS="1858"/>
<String CONTENT="p." HEIGHT="38" WIDTH="42" VPOS="2207" HPOS="1887"/>
<SP HEIGHT="44" WIDTH="28" VPOS="2193" HPOS="1930"/>
<String CONTENT="334-337." HEIGHT="45" WIDTH="205" VPOS="2192" HPOS="1959"/>
</TextLine>
<TextLine HEIGHT="57" WIDTH="1990" VPOS="2245" HPOS="393">
<String CONTENT="&#169;" HEIGHT="54" WIDTH="53" VPOS="2248" HPOS="393"/>
<SP HEIGHT="54" WIDTH="31" VPOS="2248" HPOS="447"/>
<String CONTENT="Sept." HEIGHT="53" WIDTH="119" VPOS="2249" HPOS="479"/>
<SP HEIGHT="42" WIDTH="31" VPOS="2250" HPOS="599"/>
<String CONTENT="17," HEIGHT="53" WIDTH="65" VPOS="2248" HPOS="631"/>
<SP HEIGHT="52" WIDTH="31" VPOS="2249" HPOS="697"/>
<String CONTENT="1926;" HEIGHT="52" WIDTH="130" VPOS="2247" HPOS="729"/>
<SP HEIGHT="51" WIDTH="30" VPOS="2248" HPOS="860"/>
<String CONTENT="2c." HEIGHT="43" WIDTH="64" VPOS="2248" HPOS="891"/>
<SP HEIGHT="47" WIDTH="32" VPOS="2246" HPOS="956"/>
<String CONTENT="Sept." HEIGHT="54" WIDTH="122" VPOS="2246" HPOS="989"/>
<SP HEIGHT="42" WIDTH="27" VPOS="2248" HPOS="1112"/>
<String CONTENT="25;" HEIGHT="54" WIDTH="78" VPOS="2245" HPOS="1140"/>
<SP HEIGHT="37" WIDTH="32" VPOS="2262" HPOS="1219"/>
<String CONTENT="aff." HEIGHT="44" WIDTH="78" VPOS="2247" HPOS="1252"/>
<SP HEIGHT="47" WIDTH="33" VPOS="2246" HPOS="1331"/>
<String CONTENT="Sept." HEIGHT="53" WIDTH="122" VPOS="2246" HPOS="1365"/>
<SP HEIGHT="43" WIDTH="28" VPOS="2247" HPOS="1488"/>
<String CONTENT="22;" HEIGHT="52" WIDTH="79" VPOS="2247" HPOS="1517"/>
<SP HEIGHT="52" WIDTH="32" VPOS="2247" HPOS="1597"/>
<!-- cceid 04F26C58-6E1B-1014-9B7B-CA07F191E62B --><String CONTENT="A" HEIGHT="42" WIDTH="43" VPOS="2247" HPOS="1630"/>
<SP HEIGHT="43" WIDTH="27" VPOS="2247" HPOS="1674"/>
<String CONTENT="950198;" HEIGHT="54" WIDTH="189" VPOS="2246" HPOS="1702"/>
<SP HEIGHT="53" WIDTH="33" VPOS="2247" HPOS="1892"/>
<String CONTENT="Alfred" HEIGHT="45" WIDTH="168" VPOS="2247" HPOS="1926"/>
<SP HEIGHT="44" WIDTH="26" VPOS="2248" HPOS="2095"/>
<String CONTENT="A." HEIGHT="43" WIDTH="58" VPOS="2249" HPOS="2122"/>
<SP HEIGHT="44" WIDTH="32" VPOS="2248" HPOS="2181"/>
<String CONTENT="Knopf," HEIGHT="55" WIDTH="169" VPOS="2246" HPOS="2214"/>
</TextLine>
<TextLine HEIGHT="57" WIDTH="421" VPOS="2302" HPOS="462">
<String CONTENT="inc." HEIGHT="44" WIDTH="82" VPOS="2307" HPOS="462"/>
<SP HEIGHT="52" WIDTH="65" VPOS="2307" HPOS="545"/>
<String CONTENT="(26-17857)" HEIGHT="57" WIDTH="272" VPOS="2302" HPOS="611"/>
</TextLine>
<TextLine HEIGHT="76" WIDTH="1115" VPOS="2405" HPOS="394" STYLEREFS="StyleId-3F5731AD-8AF0-449D-8509-24666D7137AE-">
<String CONTENT="Freeman," HEIGHT="72" WIDTH="321" VPOS="2409" HPOS="394"/>
<SP HEIGHT="73" WIDTH="38" VPOS="2408" HPOS="716"/>
<String CONTENT="Frank" HEIGHT="59" WIDTH="217" VPOS="2406" HPOS="755"/>
<SP HEIGHT="58" WIDTH="35" VPOS="2405" HPOS="973"/>
<String CONTENT="Nugent," HEIGHT="73" WIDTH="268" VPOS="2405" HPOS="1009"/>
<SP HEIGHT="70" WIDTH="41" VPOS="2407" HPOS="1278"/>
<String CONTENT="1880-" HEIGHT="58" WIDTH="189" VPOS="2406" HPOS="1320"/>
</TextLine>
<TextLine HEIGHT="75" WIDTH="1914" VPOS="2494" HPOS="472" STYLEREFS="StyleId-3F5731AD-8AF0-449D-8509-24666D7137AE-" CS="1">
<String CONTENT="Mental" HEIGHT="60" WIDTH="237" VPOS="2498" HPOS="472"/>
<SP HEIGHT="59" WIDTH="22" VPOS="2498" HPOS="710"/>
<String CS="1" CONTENT="tests;" HEIGHT="57" WIDTH="159" VPOS="2500" HPOS="733"/>
<SP HEIGHT="69" WIDTH="24" VPOS="2500" HPOS="925"/>
<String CONTENT="their" HEIGHT="60" WIDTH="165" VPOS="2495" HPOS="950"/>
<SP HEIGHT="59" WIDTH="21" VPOS="2495" HPOS="1116"/>
<String CONTENT="history," HEIGHT="72" WIDTH="267" VPOS="2494" HPOS="1138"/>
<SP HEIGHT="54" WIDTH="23" VPOS="2514" HPOS="1406"/>
<String CONTENT="principles" HEIGHT="74" WIDTH="341" VPOS="2494" HPOS="1430"/>
<SP HEIGHT="39" WIDTH="27" VPOS="2514" HPOS="1772"/>
<String CONTENT="and" HEIGHT="58" WIDTH="123" VPOS="2495" HPOS="1800"/>
<SP HEIGHT="58" WIDTH="25" VPOS="2495" HPOS="1924"/>
<String CONTENT="applications," HEIGHT="74" WIDTH="436" VPOS="2495" HPOS="1950"/>
</TextLine>
<TextLine HEIGHT="77" WIDTH="1714" VPOS="2573" HPOS="390" STYLEREFS="StyleId-3F5731AD-8AF0-449D-8509-24666D7137AE-" CS="1">
<String CONTENT="by" HEIGHT="70" WIDTH="82" VPOS="2580" HPOS="390"/>
<SP HEIGHT="72" WIDTH="21" VPOS="2578" HPOS="473"/>
<String CONTENT="Frank" HEIGHT="60" WIDTH="215" VPOS="2576" HPOS="495"/>
<SP HEIGHT="57" WIDTH="20" VPOS="2575" HPOS="711"/>
<String CONTENT="N." HEIGHT="57" WIDTH="74" VPOS="2575" HPOS="732"/>
<SP HEIGHT="57" WIDTH="23" VPOS="2576" HPOS="807"/>
<String CONTENT="Freeman" HEIGHT="57" WIDTH="309" VPOS="2576" HPOS="831"/>
<SP HEIGHT="38" WIDTH="26" VPOS="2592" HPOS="1141"/>
<String CS="1" CONTENT="&#8230;"/>
<SP HEIGHT="57" WIDTH="66" VPOS="2573" HPOS="1232"/>
<String CONTENT="Boston," HEIGHT="71" WIDTH="261" VPOS="2573" HPOS="1299"/>
<SP HEIGHT="71" WIDTH="23" VPOS="2573" HPOS="1561"/>
<String CONTENT="New" HEIGHT="58" WIDTH="150" VPOS="2573" HPOS="1585"/>
<SP HEIGHT="58" WIDTH="19" VPOS="2573" HPOS="1736"/>
<String CONTENT="York" HEIGHT="57" WIDTH="175" VPOS="2573" HPOS="1756"/>
<SP HEIGHT="73" WIDTH="24" VPOS="2573" HPOS="1932"/>
<String CONTENT="[etc.]" HEIGHT="71" WIDTH="147" VPOS="2575" HPOS="1957"/>
</TextLine>
<TextLine HEIGHT="152" WIDTH="1971" VPOS="2573" HPOS="393" STYLEREFS="StyleId-3F5731AD-8AF0-449D-8509-24666D7137AE-" CS="1">
<String CONTENT="Houghton" HEIGHT="139" WIDTH="1971" VPOS="2573" HPOS="393"/>
<SP HEIGHT="57" WIDTH="29" VPOS="2654" HPOS="502"/>
<String CONTENT="Mifflin" HEIGHT="59" WIDTH="215" VPOS="2652" HPOS="532"/>
<SP HEIGHT="39" WIDTH="29" VPOS="2671" HPOS="748"/>
<String CONTENT="company" HEIGHT="56" WIDTH="308" VPOS="2669" HPOS="778"/>
<SP HEIGHT="54" WIDTH="31" VPOS="2670" HPOS="1087"/>
<String CONTENT="[" HEIGHT="44" WIDTH="14" VPOS="2680" HPOS="1119"/>
<String STYLE="superscript" CONTENT="c" HEIGHT="23" WIDTH="19" VPOS="2659" HPOS="1135"/>
<String CONTENT="1926]" HEIGHT="73" WIDTH="165" VPOS="2651" HPOS="1157"/>
</TextLine>
<TextLine HEIGHT="58" WIDTH="1928" VPOS="2726" HPOS="459" CS="1">
<String LANG="de" CONTENT="ix" HEIGHT="44" WIDTH="51" VPOS="2730" HPOS="459"/>
<SP HEIGHT="38" WIDTH="20" VPOS="2746" HPOS="511"/>
<String LANG="fr" CONTENT="p.," HEIGHT="38" WIDTH="54" VPOS="2746" HPOS="532"/>
<SP HEIGHT="52" WIDTH="25" VPOS="2731" HPOS="587"/>
<String CONTENT="1" HEIGHT="42" WIDTH="19" VPOS="2731" HPOS="613"/>
<SP/>
<String CS="1" CONTENT="l.,"/>
<SP/>
<String CONTENT="503" HEIGHT="45" WIDTH="80" VPOS="2729" HPOS="728"/>
<SP HEIGHT="53" WIDTH="22" VPOS="2729" HPOS="809"/>
<String CONTENT="p." HEIGHT="38" WIDTH="41" VPOS="2744" HPOS="832"/>
<SP HEIGHT="44" WIDTH="59" VPOS="2728" HPOS="874"/>
<String CONTENT="illus.," HEIGHT="54" WIDTH="132" VPOS="2728" HPOS="934"/>
<SP HEIGHT="55" WIDTH="24" VPOS="2727" HPOS="1067"/>
<String CONTENT="diagrs." HEIGHT="54" WIDTH="171" VPOS="2727" HPOS="1092"/>
<SP HEIGHT="42" WIDTH="62" VPOS="2729" HPOS="1264"/>
<String CS="1" CONTENT="19&#189;" HEIGHT="44" WIDTH="49" VPOS="2728" HPOS="1327"/>
<String STYLE="superscript" CONTENT="cm" HEIGHT="18" WIDTH="47" VPOS="2730" HPOS="1412"/>
<String CONTENT="." HEIGHT="9" WIDTH="10" VPOS="2762" HPOS="1463"/>
<SP HEIGHT="54" WIDTH="67" VPOS="2728" HPOS="1474"/>
<String CONTENT="(Half-title:" HEIGHT="55" WIDTH="296" VPOS="2728" HPOS="1542"/>
<SP HEIGHT="47" WIDTH="29" VPOS="2726" HPOS="1839"/>
<String CONTENT="Riverside" HEIGHT="47" WIDTH="242" VPOS="2726" HPOS="1869"/>
<SP HEIGHT="38" WIDTH="26" VPOS="2735" HPOS="2112"/>
<String CONTENT="textbooks" HEIGHT="46" WIDTH="248" VPOS="2729" HPOS="2139"/>
</TextLine>
<TextLine HEIGHT="57" WIDTH="978" VPOS="2783" HPOS="396">
<String CONTENT="in" HEIGHT="44" WIDTH="46" VPOS="2786" HPOS="396"/>
<SP HEIGHT="29" WIDTH="25" VPOS="2802" HPOS="443"/>
<String CONTENT="education," HEIGHT="53" WIDTH="257" VPOS="2785" HPOS="469"/>
<SP HEIGHT="36" WIDTH="25" VPOS="2802" HPOS="727"/>
<String CONTENT="ed." HEIGHT="46" WIDTH="69" VPOS="2784" HPOS="753"/>
<SP HEIGHT="44" WIDTH="24" VPOS="2786" HPOS="823"/>
<String CONTENT="by" HEIGHT="54" WIDTH="60" VPOS="2786" HPOS="848"/>
<SP HEIGHT="56" WIDTH="24" VPOS="2784" HPOS="909"/>
<String LANG="la" CONTENT="E." HEIGHT="47" WIDTH="51" VPOS="2784" HPOS="934"/>
<SP HEIGHT="43" WIDTH="28" VPOS="2786" HPOS="986"/>
<String CONTENT="P." HEIGHT="43" WIDTH="50" VPOS="2786" HPOS="1015"/>
<SP HEIGHT="46" WIDTH="26" VPOS="2783" HPOS="1066"/>
<String CONTENT="Cubberley)" HEIGHT="55" WIDTH="281" VPOS="2783" HPOS="1093"/>
</TextLine>
<TextLine HEIGHT="55" WIDTH="624" VPOS="2841" HPOS="468">
<String CONTENT="Contains" HEIGHT="46" WIDTH="223" VPOS="2841" HPOS="468"/>
<SP HEIGHT="44" WIDTH="27" VPOS="2842" HPOS="692"/>
<String CONTENT="bibliographies." HEIGHT="55" WIDTH="372" VPOS="2841" HPOS="720"/>
</TextLine>
<TextLine HEIGHT="56" WIDTH="1990" VPOS="2896" HPOS="392" CS="1">
<String CONTENT="&#169;" HEIGHT="54" WIDTH="53" VPOS="2898" HPOS="392"/>
<SP HEIGHT="54" WIDTH="36" VPOS="2898" HPOS="446"/>
<String CONTENT="Sept." HEIGHT="53" WIDTH="119" VPOS="2899" HPOS="483"/>
<SP HEIGHT="42" WIDTH="34" VPOS="2901" HPOS="603"/>
<String CONTENT="10," HEIGHT="52" WIDTH="63" VPOS="2900" HPOS="638"/>
<SP HEIGHT="51" WIDTH="36" VPOS="2901" HPOS="702"/>
<String CS="1" CONTENT="1926;" HEIGHT="44" WIDTH="104" VPOS="2899" HPOS="739"/>
<SP HEIGHT="51" WIDTH="33" VPOS="2900" HPOS="868"/>
<String CONTENT="2c." HEIGHT="42" WIDTH="65" VPOS="2900" HPOS="902"/>
<SP HEIGHT="47" WIDTH="38" VPOS="2897" HPOS="968"/>
<String CONTENT="Sept." HEIGHT="53" WIDTH="120" VPOS="2897" HPOS="1007"/>
<SP HEIGHT="42" WIDTH="36" VPOS="2899" HPOS="1128"/>
<String CONTENT="18;" HEIGHT="52" WIDTH="73" VPOS="2898" HPOS="1165"/>
<SP HEIGHT="37" WIDTH="36" VPOS="2913" HPOS="1239"/>
<String CONTENT="aff." HEIGHT="45" WIDTH="79" VPOS="2898" HPOS="1276"/>
<SP HEIGHT="47" WIDTH="35" VPOS="2897" HPOS="1356"/>
<String CONTENT="Sept." HEIGHT="53" WIDTH="121" VPOS="2897" HPOS="1392"/>
<SP HEIGHT="42" WIDTH="38" VPOS="2899" HPOS="1514"/>
<String CONTENT="16;" HEIGHT="54" WIDTH="74" VPOS="2897" HPOS="1553"/>
<SP HEIGHT="52" WIDTH="33" VPOS="2899" HPOS="1628"/>
<!-- cceid 04F29C1D-6E1B-1014-9B7B-CA07F191E62B --><String CONTENT="A" HEIGHT="42" WIDTH="44" VPOS="2899" HPOS="1662"/>
<SP HEIGHT="44" WIDTH="34" VPOS="2899" HPOS="1707"/>
<String CONTENT="950107;" HEIGHT="56" WIDTH="189" VPOS="2896" HPOS="1742"/>
<SP HEIGHT="55" WIDTH="34" VPOS="2897" HPOS="1932"/>
<String LANG="fr" CONTENT="F." HEIGHT="46" WIDTH="51" VPOS="2897" HPOS="1967"/>
<SP HEIGHT="44" WIDTH="35" VPOS="2899" HPOS="2019"/>
<String CONTENT="N." HEIGHT="44" WIDTH="59" VPOS="2899" HPOS="2055"/>
<SP HEIGHT="45" WIDTH="34" VPOS="2898" HPOS="2115"/>
<String CONTENT="Freeman," HEIGHT="53" WIDTH="232" VPOS="2898" HPOS="2150"/>
</TextLine>
<TextLine HEIGHT="57" WIDTH="552" VPOS="2954" HPOS="463">
<String CONTENT="Chicago." HEIGHT="54" WIDTH="212" VPOS="2957" HPOS="463"/>
<SP HEIGHT="54" WIDTH="67" VPOS="2957" HPOS="676"/>
<String CONTENT="(26-17916)" HEIGHT="57" WIDTH="271" VPOS="2954" HPOS="744"/>
</TextLine>
<TextLine HEIGHT="74" WIDTH="926" VPOS="3055" HPOS="393" STYLEREFS="StyleId-795A71B5-2A6F-47FC-A785-28BFD2FB0889-">
<String CONTENT="Freeman," HEIGHT="70" WIDTH="320" VPOS="3059" HPOS="393"/>
<SP HEIGHT="72" WIDTH="41" VPOS="3057" HPOS="714"/>
<String CONTENT="Richard" HEIGHT="59" WIDTH="279" VPOS="3055" HPOS="756"/>
<SP HEIGHT="58" WIDTH="32" VPOS="3055" HPOS="1036"/>
<String CONTENT="Austin." HEIGHT="58" WIDTH="250" VPOS="3055" HPOS="1069"/>
</TextLine>
<TextLine HEIGHT="60" WIDTH="841" VPOS="3147" HPOS="471" STYLEREFS="StyleId-3F5731AD-8AF0-449D-8509-24666D7137AE-">
<String CONTENT="The" HEIGHT="56" WIDTH="127" VPOS="3151" HPOS="471"/>
<SP HEIGHT="55" WIDTH="34" VPOS="3152" HPOS="599"/>
<String CONTENT="trail" HEIGHT="58" WIDTH="150" VPOS="3149" HPOS="634"/>
<SP HEIGHT="56" WIDTH="33" VPOS="3150" HPOS="785"/>
<String CONTENT="of" HEIGHT="58" WIDTH="69" VPOS="3148" HPOS="819"/>
<SP HEIGHT="58" WIDTH="28" VPOS="3147" HPOS="889"/>
<String CONTENT="Behemoth." HEIGHT="58" WIDTH="394" VPOS="3147" HPOS="918"/>
</TextLine>
<TextLine HEIGHT="52" WIDTH="966" VPOS="3227" HPOS="464" STYLEREFS="StyleId-3F712236-EF6C-4C6F-B72C-B8CD64015453-">
<String CONTENT="(In" HEIGHT="51" WIDTH="80" VPOS="3228" HPOS="464"/>
<SP HEIGHT="41" WIDTH="29" VPOS="3230" HPOS="545"/>
<String CONTENT="Pearson&#8217;s" HEIGHT="41" WIDTH="244" VPOS="3229" HPOS="575"/>
<SP HEIGHT="28" WIDTH="31" VPOS="3240" HPOS="820"/>
<String CONTENT="magazine," HEIGHT="52" WIDTH="255" VPOS="3227" HPOS="852"/>
<SP HEIGHT="51" WIDTH="29" VPOS="3228" HPOS="1108"/>
<String CONTENT="Nov.," HEIGHT="51" WIDTH="129" VPOS="3228" HPOS="1138"/>
<SP HEIGHT="47" WIDTH="32" VPOS="3232" HPOS="1268"/>
<String CONTENT="1926)" HEIGHT="51" WIDTH="129" VPOS="3227" HPOS="1301"/>
</TextLine>
<TextLine HEIGHT="112" WIDTH="1970" VPOS="3282" HPOS="392" CS="1">
<String CONTENT="&#169;" HEIGHT="54" WIDTH="53" VPOS="3283" HPOS="392"/>
<SP/>
<String CS="1" CONTENT="1c."/>
<SP/>
<String CONTENT="Nov." HEIGHT="43" WIDTH="119" VPOS="3284" HPOS="563"/>
<SP HEIGHT="43" WIDTH="25" VPOS="3284" HPOS="683"/>
<String CONTENT="8," HEIGHT="51" WIDTH="40" VPOS="3284" HPOS="709"/>
<SP HEIGHT="50" WIDTH="27" VPOS="3285" HPOS="750"/>
<String CONTENT="1926;" HEIGHT="53" WIDTH="129" VPOS="3283" HPOS="778"/>
<SP HEIGHT="52" WIDTH="27" VPOS="3284" HPOS="908"/>
<!-- cceid 04F2CDCA-6E1B-1014-9B7B-CA07F191E62B --><String CONTENT="A" HEIGHT="42" WIDTH="44" VPOS="3284" HPOS="936"/>
<SP HEIGHT="42" WIDTH="25" VPOS="3284" HPOS="981"/>
<String CONTENT="ad" HEIGHT="43" WIDTH="55" VPOS="3284" HPOS="1007"/>
<SP HEIGHT="44" WIDTH="26" VPOS="3283" HPOS="1063"/>
<String CONTENT="int." HEIGHT="43" WIDTH="76" VPOS="3283" HPOS="1090"/>
<SP HEIGHT="43" WIDTH="27" VPOS="3283" HPOS="1167"/>
<String CONTENT="8699;&#183;" HEIGHT="53" WIDTH="139" VPOS="3283" HPOS="1195"/>
<SP HEIGHT="39" WIDTH="23" VPOS="3296" HPOS="1335"/>
<String CONTENT="pubd." HEIGHT="52" WIDTH="130" VPOS="3283" HPOS="1359"/>
<SP HEIGHT="44" WIDTH="29" VPOS="3283" HPOS="1490"/>
<String CONTENT="Oct." HEIGHT="44" WIDTH="101" VPOS="3283" HPOS="1520"/>
<SP HEIGHT="43" WIDTH="28" VPOS="3283" HPOS="1622"/>
<String CONTENT="30;" HEIGHT="53" WIDTH="75" VPOS="3283" HPOS="1651"/>
<SP HEIGHT="52" WIDTH="28" VPOS="3284" HPOS="1727"/>
<String CONTENT="R." HEIGHT="42" WIDTH="54" VPOS="3284" HPOS="1756"/>
<SP HEIGHT="42" WIDTH="28" VPOS="3284" HPOS="1811"/>
<String CONTENT="A." HEIGHT="43" WIDTH="57" VPOS="3284" HPOS="1840"/>
<SP HEIGHT="45" WIDTH="27" VPOS="3282" HPOS="1898"/>
<String CONTENT="Freeman," HEIGHT="55" WIDTH="234" VPOS="3282" HPOS="1926"/>
<SP HEIGHT="54" WIDTH="25" VPOS="3283" HPOS="2161"/>
<String CONTENT="Gravesend," HEIGHT="111" WIDTH="1900" VPOS="3283" HPOS="462"/>
<SP HEIGHT="54" WIDTH="40" VPOS="3340" HPOS="559"/>
<String CONTENT="England." HEIGHT="54" WIDTH="222" VPOS="3340" HPOS="600"/>
</TextLine>
<TextLine HEIGHT="75" WIDTH="764" VPOS="3439" HPOS="395" STYLEREFS="StyleId-795A71B5-2A6F-47FC-A785-28BFD2FB0889-">
<String CONTENT="Fueter," HEIGHT="70" WIDTH="244" VPOS="3442" HPOS="395"/>
<SP HEIGHT="72" WIDTH="36" VPOS="3440" HPOS="640"/>
<String CONTENT="Rudolf," HEIGHT="75" WIDTH="253" VPOS="3439" HPOS="677"/>
<SP HEIGHT="70" WIDTH="38" VPOS="3444" HPOS="931"/>
<String CONTENT="1880-" HEIGHT="57" WIDTH="189" VPOS="3443" HPOS="970"/>
</TextLine>
<TextLine HEIGHT="74" WIDTH="1922" VPOS="3530" HPOS="464" STYLEREFS="StyleId-719D0D94-2D9D-43F8-9871-ED1FA78862B0-" LANG="de">
<String LANG="en-US" CONTENT="Das" HEIGHT="60" WIDTH="130" VPOS="3531" HPOS="464"/>
<SP HEIGHT="41" WIDTH="35" VPOS="3550" HPOS="595"/>
<String CONTENT="mathematische" HEIGHT="59" WIDTH="514" VPOS="3530" HPOS="631"/>
<SP HEIGHT="38" WIDTH="37" VPOS="3551" HPOS="1146"/>
<String CONTENT="Werkzeug" HEIGHT="72" WIDTH="325" VPOS="3532" HPOS="1184"/>
<SP HEIGHT="71" WIDTH="37" VPOS="3533" HPOS="1510"/>
<String CONTENT="des" HEIGHT="58" WIDTH="109" VPOS="3533" HPOS="1548"/>
<SP HEIGHT="39" WIDTH="37" VPOS="3551" HPOS="1658"/>
<String CONTENT="Chemikers," HEIGHT="73" WIDTH="364" VPOS="3530" HPOS="1696"/>
<SP HEIGHT="68" WIDTH="36" VPOS="3535" HPOS="2061"/>
<String CONTENT="biologen" HEIGHT="73" WIDTH="288" VPOS="3531" HPOS="2098"/>
</TextLine>
<TextLine HEIGHT="137" WIDTH="1974" VPOS="3607" HPOS="385" STYLEREFS="StyleId-719D0D94-2D9D-43F8-9871-ED1FA78862B0-" LANG="de" CS="1">
<String CONTENT="und" HEIGHT="59" WIDTH="132" VPOS="3608" HPOS="385"/>
<SP HEIGHT="57" WIDTH="25" VPOS="3608" HPOS="518"/>
<String CS="1" CONTENT="Statistikers;" HEIGHT="60" WIDTH="385" VPOS="3607" HPOS="544"/>
<SP HEIGHT="52" WIDTH="28" VPOS="3628" HPOS="962"/>
<String CONTENT="Vorlesungen" HEIGHT="72" WIDTH="419" VPOS="3609" HPOS="991"/>
<SP HEIGHT="57" WIDTH="24" VPOS="3611" HPOS="1411"/>
<String CONTENT="&#252;ber" HEIGHT="58" WIDTH="154" VPOS="3609" HPOS="1436"/>
<SP HEIGHT="56" WIDTH="27" VPOS="3611" HPOS="1591"/>
<String CONTENT="die" HEIGHT="58" WIDTH="97" VPOS="3609" HPOS="1619"/>
<SP HEIGHT="58" WIDTH="28" VPOS="3609" HPOS="1717"/>
<String CONTENT="h&#246;heren" HEIGHT="60" WIDTH="274" VPOS="3608" HPOS="1746"/>
<SP HEIGHT="39" WIDTH="26" VPOS="3628" HPOS="2021"/>
<String CONTENT="mathematischen" HEIGHT="135" WIDTH="1970" VPOS="3609" HPOS="389"/>
</TextLine>
<TextLine HEIGHT="76" WIDTH="1715" VPOS="3684" HPOS="668" STYLEREFS="StyleId-719D0D94-2D9D-43F8-9871-ED1FA78862B0-" LANG="de">
<String CONTENT="begriffe" HEIGHT="73" WIDTH="267" VPOS="3684" HPOS="668"/>
<SP HEIGHT="58" WIDTH="41" VPOS="3685" HPOS="936"/>
<String CONTENT="in" HEIGHT="57" WIDTH="64" VPOS="3685" HPOS="978"/>
<SP HEIGHT="38" WIDTH="39" VPOS="3705" HPOS="1043"/>
<String CONTENT="Verbindung" HEIGHT="73" WIDTH="394" VPOS="3686" HPOS="1083"/>
<SP HEIGHT="53" WIDTH="39" VPOS="3706" HPOS="1478"/>
<String CONTENT="mit" HEIGHT="57" WIDTH="116" VPOS="3686" HPOS="1518"/>
<SP HEIGHT="57" WIDTH="38" VPOS="3686" HPOS="1635"/>
<String CONTENT="ihren" HEIGHT="59" WIDTH="181" VPOS="3686" HPOS="1674"/>
<SP HEIGHT="38" WIDTH="41" VPOS="3708" HPOS="1856"/>
<String CONTENT="anwendungen," HEIGHT="73" WIDTH="485" VPOS="3687" HPOS="1898"/>
</TextLine>
<TextLine HEIGHT="75" WIDTH="1996" VPOS="3762" HPOS="387" STYLEREFS="StyleId-719D0D94-2D9D-43F8-9871-ED1FA78862B0-" LANG="de" CS="1">
<String CONTENT="von" HEIGHT="39" WIDTH="124" VPOS="3781" HPOS="387"/>
<SP HEIGHT="57" WIDTH="23" VPOS="3762" HPOS="512"/>
<String CONTENT="dr." HEIGHT="58" WIDTH="91" VPOS="3762" HPOS="536"/>
<SP HEIGHT="57" WIDTH="28" VPOS="3763" HPOS="628"/>
<String CONTENT="Rudolf" HEIGHT="61" WIDTH="239" VPOS="3762" HPOS="657"/>
<SP HEIGHT="59" WIDTH="24" VPOS="3764" HPOS="897"/>
<String CONTENT="Fueter" HEIGHT="57" WIDTH="232" VPOS="3764" HPOS="922"/>
<SP HEIGHT="38" WIDTH="32" VPOS="3783" HPOS="1155"/>
<String CS="1" CONTENT="&#8230;"/>
<SP HEIGHT="57" WIDTH="68" VPOS="3764" HPOS="1252"/>
<String CONTENT="Z&#252;rich" HEIGHT="59" WIDTH="226" VPOS="3763" HPOS="1321"/>
<SP HEIGHT="71" WIDTH="28" VPOS="3766" HPOS="1548"/>
<String CONTENT="[etc.]" HEIGHT="69" WIDTH="146" VPOS="3768" HPOS="1577"/>
<SP HEIGHT="74" WIDTH="31" VPOS="3763" HPOS="1724"/>
<String CONTENT="Orell" HEIGHT="61" WIDTH="171" VPOS="3763" HPOS="1756"/>
<SP HEIGHT="59" WIDTH="27" VPOS="3764" HPOS="1928"/>
<String CONTENT="F&#252;ssli," HEIGHT="73" WIDTH="232" VPOS="3763" HPOS="1956"/>
<SP HEIGHT="67" WIDTH="28" VPOS="3769" HPOS="2189"/>
<String CONTENT="1926." HEIGHT="57" WIDTH="165" VPOS="3766" HPOS="2218"/>
</TextLine>
<TextLine HEIGHT="103" WIDTH="1974" VPOS="3837" HPOS="390" LANG="de" CS="1">
<String CONTENT="2" HEIGHT="41" WIDTH="27" VPOS="3842" HPOS="459"/>
<SP HEIGHT="49" WIDTH="36" VPOS="3842" HPOS="487"/>
<String CONTENT="p." HEIGHT="38" WIDTH="40" VPOS="3853" HPOS="524"/>
<SP/>
<String CS="1" CONTENT="l.,"/>
<SP/>
<String CONTENT="3-268" HEIGHT="44" WIDTH="138" VPOS="3839" HPOS="686"/>
<SP HEIGHT="53" WIDTH="36" VPOS="3839" HPOS="825"/>
<String CONTENT="p." HEIGHT="38" WIDTH="41" VPOS="3854" HPOS="862"/>
<SP HEIGHT="43" WIDTH="60" VPOS="3839" HPOS="904"/>
<String CONTENT="diagrs." HEIGHT="55" WIDTH="170" VPOS="3837" HPOS="965"/>
<SP HEIGHT="41" WIDTH="58" VPOS="3843" HPOS="1136"/>
<String LANG="fr" CONTENT="22" HEIGHT="42" WIDTH="53" VPOS="3842" HPOS="1195"/>
<String LANG="en-US" CS="1" CONTENT="&#189;"/>
<String STYLE="superscript" LANG="fr" CONTENT="cm" HEIGHT="18" WIDTH="48" VPOS="3842" HPOS="1282"/>
<String LANG="fr" CONTENT="." HEIGHT="10" WIDTH="9" VPOS="3874" HPOS="1335"/>
<SP HEIGHT="31" WIDTH="61" VPOS="3857" HPOS="1345"/>
<String CONTENT="[Ver&#246;ffentlichungen" HEIGHT="54" WIDTH="511" VPOS="3840" HPOS="1407"/>
<SP HEIGHT="45" WIDTH="40" VPOS="3839" HPOS="1919"/>
<String CONTENT="der" HEIGHT="46" WIDTH="84" VPOS="3839" HPOS="1960"/>
<SP HEIGHT="48" WIDTH="41" VPOS="3840" HPOS="2045"/>
<String CONTENT="Schweizerischen" HEIGHT="98" WIDTH="1974" VPOS="3840" HPOS="390"/>
<SP HEIGHT="29" WIDTH="22" VPOS="3910" HPOS="530"/>
<String CONTENT="mathematischen" HEIGHT="46" WIDTH="412" VPOS="3894" HPOS="553"/>
<SP HEIGHT="29" WIDTH="26" VPOS="3911" HPOS="966"/>
<String CS="1" CONTENT="gesellschaft" HEIGHT="44" WIDTH="269" VPOS="3896" HPOS="1024"/>
<SP HEIGHT="35" WIDTH="28" VPOS="3905" HPOS="1294"/>
<String CS="1" CONTENT="&#8230;"/>
<SP HEIGHT="43" WIDTH="59" VPOS="3897" HPOS="1372"/>
<String CONTENT="bd." HEIGHT="43" WIDTH="73" VPOS="3897" HPOS="1432"/>
<SP HEIGHT="42" WIDTH="24" VPOS="3898" HPOS="1506"/>
<String CS="1" CONTENT="3]" HEIGHT="42" WIDTH="25" VPOS="3898" HPOS="1531"/>
</TextLine>
</TextBlock>
</PrintSpace>
</Page>
</Layout>
</alto>