2542 4285
988 3996 149 57 1017

88 375 333 73 Abdullah,
460 375 294 69 Achmed,
798 378 189 56 1881-

165 466 59 56 A
251 465 145 57 wild
424 484 186 53 goose
640 465 68 57 of
735 464 326 72 Limerick,
1092 466 84 70 by
1203 464 278 59 Achmed
1512 465 331 58 Abdullah.
1924 465 152 58 New

88 541 189 73 York,
312 542 379 58 Brentano’s
728 571 13 43 [
742 551 19 21 c
764 543 164 71 1926]

159 631 517 54 5 p. l. , 322 p. 20 cm .
87 701 55 54 ©
170 702 120 52 Sept.
323 703 59 50 17,
413 702 128 52 1926;
567 703 64 42 2c.
658 702 86 43 and
770 703 78 43 aff.
880 701 119 53 Sept.
1026 703 78 51 21;
1133 703 45 42 A
1205 700 189 55 949115;
1428 702 276 52 Brentano’s,
1734 702 84 45 inc.

166 759 268 55 (26-16086)

83 860 1073 73 Andrews, Roy Chapman, 1884 –
156 948 96 59 On
290 949 102 58 the
434 949 149 58 trail
625 950 67 56 of
732 949 245 57 ancient
1016 968 175 49 man;
1236 969 38 38 a
1310 948 324 58 narrative
1674 950 68 56 of
1784 949 105 58 the
1928 949 145 58 field

84 1027 171 56 work
296 1026 68 58 of
401 1027 103 57 the
546 1026 256 58 Central
839 1026 245 57 Asiatic
1125 1025 409 73 expeditions,
1574 1028 83 70 by
1693 1027 140 71 Roy
82 1026 1966 135 Chapman

85 1103 1963 136 Andrews, SC. D., leader of the Central Asiatic expedition
312 1182 69 57 of
412 1183 103 56 the
546 1182 335 57 American
910 1200 282 39 museum
1223 1182 68 56 of
1320 1184 254 55 natural
1606 1181 247 73 history
1882 1183 66 56 in
120 1200 1927 131 coöperation

449 1260 150 56 with
643 1259 209 57 “Asia
894 1258 396 74 magazine”,
1334 1259 152 57 with
1529 1279 79 37 an
1647 1259 425 59 introduction

82 1335 1963 154 and a chapter by Henry Fairfield Osborn … with 58 photographs
408 1417 84 70 by
514 1416 57 58 J.
601 1416 70 55 B.
705 1413 427 60 Shackelford.
1216 1413 153 57 New
1389 1414 190 72 York,
1605 1414 278 72 London,
1910 1414 70 60 G.
1999 1415 70 57 P.

81 1494 330 58 Putnam’s
447 1512 161 54 sons,
643 1493 165 56 1926.

149 1566 1563 59 xxiv, 375 p. front. (port.) 1 illus., plates, map, tab. 24½cm.
80 1627 55 53 ©
171 1628 120 51 Sept.
327 1628 61 50 10,
426 1627 127 51 1926;
587 1626 65 44 2c.
686 1627 86 43 and
803 1627 81 42 aff.
923 1625 119 53 Sept.
1082 1625 74 53 16;
1194 1627 43 42 A
1271 1624 190 54 949058;
1500 1626 53 44 R.
1591 1624 48 46 C.
1675 1626 238 52 Andrews,
1950 1626 119 45 New

151 1685 141 44 York.
361 1683 269 55 (26-16076)

78 1783 231 70 Anson,
350 1782 258 59 Harold.

223 1871 1845 76 … A practical faith, by Harold Anson … with a preface
78 1949 1988 75 by the Rev. H. R. L. Sheppard … New York, London,
79 2028 129 57 The
238 2026 280 73 Century
544 2047 86 39 co.
663 2055 13 44 [
677 2035 21 23 c
701 2027 165 73 1926]

147 2102 109 52 xvii,
289 2104 79 44 194
397 2118 40 38 p.
498 2103 74 47 182
583 2106 46 17 cm
635 2138 8 8 .
712 2101 126 56 (The
870 2102 220 54 practical
1123 2101 303 57 Christianity
1457 2103 168 54 series)
1746 2103 124 55 $1.25

76 2158 56 54 ©
164 2159 120 53 Sept.
319 2160 62 51 10,
413 2160 129 53 1926;
572 2160 63 43 2c.
670 2159 120 53 Sept.
825 2161 73 52 13;
931 2160 78 43 aff.
1044 2159 119 53 Sept.
1199 2162 73 51 14;
1306 2161 44 43 A
1380 2161 188 53 949034;
1604 2160 199 56 Century
1830 2178 66 29 co.

156 2216 269 56 (26-15945)

74 2316 392 73 Armstrong,
512 2316 239 59 Martin
791 2316 438 74 Donisthorpe,
1275 2320 148 57 1882–

152 2406 1914 76 Desert; a legend, by Martin Armstrong … woodcuts
73 2486 83 71 by
208 2485 72 57 E.
334 2484 342 58 Ravilious.
778 2484 152 58 New
979 2484 173 57 York
1206 2485 125 57 and
1380 2485 278 73 London,
1711 2487 256 74 Harper
2018 2490 50 59 &

72 2563 307 72 brothers,
414 2563 164 58 1926.

144 2638 986 56 4 p. l., 275, [1] p. front., illus. 20 cm .
146 2698 126 45 “The
302 2698 120 45 basis
453 2698 50 43 of
533 2697 89 45 this
654 2704 129 46 story
810 2696 82 46 lies
922 2696 13 44 in
996 2712 28 29 a
1050 2696 123 45 brief
1200 2696 91 46 tale
1320 2696 242 56 occurring
1591 2698 46 45 in
1665 2699 77 46 the
1774 2700 161 53 Syriac
75 2716 1970 84 version

202 2755 51 47 of
282 2754 267 45 Palladius’s
578 2753 232 45 Histories
839 2753 50 45 of
916 2753 75 46 the
1022 2752 414 46 fathers.”—Note.

75 2811 54 54 ©
162 2811 118 53 Sept.
316 2811 60 52 17,
412 2812 129 52 1926;
571 2812 63 43 2c.
668 2810 120 53 Sept.
822 2812 73 50 11;
929 2811 78 43 aff.
1043 2810 118 53 Sept.
1192 2811 78 52 20;
1305 2811 44 43 A
1380 2810 189 55 950063;
1604 2814 185 53 Harper
1819 2815 37 44 &
1886 2815 118 44 bros.

154 2868 270 57 (26-16087)

70 2970 219 73 Ayres,
326 2969 185 74 Ruby
542 2968 290 69 Mildred,
872 2970 146 57 1883–

150 3062 323 72 Charity’s
531 3062 243 69 chosen,
827 3061 84 71 by
964 3060 184 72 Ruby
1202 3062 83 57 M.
1342 3058 224 73 Ayres.
1669 3065 149 56 New
1873 3065 189 73 York,

72 3142 242 72 George
339 3140 79 57 H.
445 3140 218 57 Doran
690 3158 307 54 company
1099 3139 127 71 [c1926]

140 3217 83 48 254
249 3234 40 36 p.
353 3218 146 46 19½cm.

73 3272 53 54 ©
158 3274 119 51 Aug.
314 3270 61 52 17,
414 3271 129 53 1926;
577 3271 64 44 2c.
676 3271 120 52 Aug.
830 3270 78 52 20;
946 3270 79 44 aff.
1062 3270 119 53 Aug.
1218 3270 77 53 30;
1334 3271 43 42 A
1412 3270 190 55 901706;
1639 3274 132 53 Ruby
1806 3276 66 43 M.
1908 3277 150 52 Ayres

143 3331 196 51 Pocock,
366 3331 212 48 Harrow,
607 3328 273 52 Middlesex,
906 3326 222 54 England.
1198 3326 269 57 (26-15266)

72 3427 257 69 Bartoli,
369 3425 274 75 Giorgio.

148 3519 130 58 The
302 3516 265 58 Biblical
594 3518 178 69 story
798 3514 68 59 of
890 3514 280 60 creation
1194 3514 66 57 in
1284 3515 105 57 the
1413 3514 160 74 light
1601 3518 69 58 of
1694 3520 106 59 the
69 3526 1967 142 recently

163 3594 367 59 discovered
560 3592 395 72 Babylonian
990 3592 381 71 documents,
1404 3594 84 70 by
1524 3594 253 74 Giorgio
1813 3598 247 63 Bartoli

137 3668 1926 82 … Philadelphia, The Sunday school times company
71 3778 13 44 [
85 3757 20 23 c
109 3748 164 72 1926]

138 3822 568 56 2 p. l., 7-155 p. 20 cm .
73 3881 52 54 ©
155 3883 112 54 Apr.
299 3881 40 52 7,
373 3881 128 52 1926;
533 3881 62 44 2c.
627 3881 86 44 and
745 3881 78 44 aff.
857 3879 122 54 Sept.
1015 3879 76 54 14;
1123 3879 44 42 A
1199 3879 190 56 949002;
1427 3879 184 60 Sunday
1643 3885 154 48 school
1827 3889 132 46 times
1993 3907 56 30 co

149 3937 270 58 (26-15944)
