2542 4285
999 4005 148 55 1003

92 384 266 67 Brower,
405 382 322 58 Harriette
766 384 230 69 Moore,
1040 386 188 55 1869-

169 474 264 56 Modern
459 475 267 55 masters
759 473 66 57 of
853 473 104 57 the
987 472 334 72 keyboard,
1352 474 85 70 by
1464 472 326 58 Harriette
1820 473 261 57 Brower

158 548 1917 73 … with sixteen portraits. New York, Frederick A.
91 627 221 58 Stokes
347 647 318 54 company,
701 628 164 57 1926.

159 703 1050 56 viii p., 2 l., 303 p. front., ports. 21½cm.
91 760 54 53 ©
173 762 118 52 Aug.
318 762 66 49 26,
419 762 126 51 1926;
577 762 63 43 2c.
672 762 86 42 and
788 762 78 42 aff.
898 761 119 52 Sept.
1050 760 74 53 16;
1157 762 44 41 A
1231 760 188 52 949043;
1453 760 245 45 Frederick
1726 760 56 44 A.
1816 759 162 47 Stokes
2008 775 65 29 co.

170 817 269 54 (26-15814)

90 917 256 71 Bryant,
383 919 152 56 Mrs.
572 917 277 57 Lorinda
890 918 326 72 (Munson)
1262 919 146 56 1855–

167 1007 129 57 The
333 1007 338 59 children’s
708 1008 160 58 book
904 1008 68 57 of
1009 1007 351 59 celebrated
1395 1012 247 67 towers,
1677 1008 83 71 by
1796 1005 274 61 Lorinda

90 1085 269 58 Munson
397 1086 261 72 Bryant.
740 1086 150 58 New
927 1085 174 57 York
1140 1087 125 57 and
1302 1086 278 72 London,
1623 1085 130 59 The
1796 1084 279 74 Century

88 1183 86 38 co.
209 1194 12 43 [
223 1172 19 22 c
245 1165 165 72 1926]

151 1242 57 48 vi,
245 1243 78 43 106
354 1259 39 36 p.
454 1241 113 44 illus.
627 1241 51 45 25
688 1245 46 17 cm
741 1279 8 7 .
863 1242 123 50 $2.50

89 1295 53 54 ©
174 1297 120 51 Sept.
327 1298 60 49 10,
422 1298 127 52 1926;
578 1299 64 42 2c.
676 1298 122 52 Sept.
832 1299 73 51 13;
937 1299 78 43 aff.
1050 1297 120 53 Sept.
1205 1298 74 51 14;
1311 1299 44 41 A
1384 1298 189 52 949038;
1609 1296 200 54 Century
1838 1311 66 30 co.

167 1352 269 57 (26-15815)

86 1453 307 69 Burkard,
436 1454 280 58 William
754 1454 238 72 Edwin,
1034 1458 189 55 1890-

229 1543 1849 74 … Health habits by practice, by William E. Burkard
151 1622 1856 71 … Raymond L. Chambers … Frederick W. Maroney …
81 1698 359 59 illustrated
468 1701 83 70 by
579 1700 169 57 Vera
782 1700 190 58 Stone
1004 1700 296 57 Norman.
1386 1698 288 75 Chicago,
1705 1699 152 59 New
1885 1698 191 70 York,

82 1776 209 72 Lyons
326 1778 123 57 and
487 1777 334 59 Carnahan
860 1809 13 42 [
876 1786 19 22 c
897 1779 164 69 1926]

151 1853 1924 56 2 v. illus., col. plates. 19½cm. (Health—happiness—success series, bk. 1,
82 1918 59 45 pt.
176 1911 102 52 1-2)

85 1976 61 44 pt.
183 1970 32 50 1,
246 1966 56 54 ©
334 1970 120 51 Aug.
488 1967 38 53 7,
561 1969 129 51 1926;
724 1978 59 44 pt.
815 1970 38 50 2,
885 1966 56 54 ©
974 1971 120 51 Aug.
1127 1970 49 51 9;
1211 1969 65 44 2c.
1310 1969 109 46 each
1454 1967 121 54 Sept.
1614 1968 72 53 10;
1722 1968 103 44 affs.
1863 1968 120 53 Sept.
2021 1967 49 53 7;

153 2027 44 41 A
225 2025 174 53 901891,
428 2026 186 52 901892;
646 2027 148 52 Lyons
825 2028 37 42 &
890 2026 251 44 Carnahan.
1211 2024 269 56 (26-15782)

85 2125 320 73 Cambrey,
443 2126 242 58 Leonne
724 2127 95 57 de.

161 2215 288 72 Lapland
476 2216 286 72 legends;
793 2217 158 58 tales
981 2218 67 57 of
1077 2237 80 36 an
1186 2217 247 57 ancient
1459 2235 142 39 race
1629 2218 122 57 and
1777 2216 84 57 its
1890 2218 181 71 great

84 2296 173 71 gods,
298 2296 202 56 retold
539 2296 168 56 from
747 2296 103 57 the
894 2295 282 58 Swedish
1214 2297 85 70 by
1335 2295 249 58 Leonne
1625 2296 75 57 de
1742 2294 327 73 Cambrey.

82 2372 152 57 New
266 2373 243 72 Haven,
540 2373 153 58 Yale
726 2373 354 72 university
1112 2391 214 54 press;
1360 2374 276 73 London,
1671 2373 78 58 H.
1785 2373 284 73 Milford,

84 2450 244 60 Oxford
352 2450 353 74 university
728 2471 200 53 press,
957 2453 166 56 1926.

181 2531 775 64 x p., 1 l., 212 p. front. 21 cm .
152 2586 126 44 “The
314 2588 182 50 legends
532 2587 233 45 contained
799 2586 42 45 in
877 2587 74 45 the
982 2594 180 46 present
1193 2586 179 46 volume
1404 2602 88 36 are,
1528 2587 74 44 for
1635 2588 74 44 the
1741 2595 119 37 most
1892 2594 112 44 part,
2040 2602 25 29 a

80 2642 95 47 free
208 2641 242 55 rendering
481 2643 52 45 of
561 2643 74 44 the
673 2642 300 46 Solsönernas
1008 2659 107 37 saga
1149 2644 52 44 of
1231 2644 250 43 Valdemar
1513 2642 239 45 Lindholm
1795 2641 269 55 (Göteborg,

81 2698 485 52 1909)”—Foreword.

83 2752 53 54 ©
161 2755 120 51 Aug.
304 2754 68 51 27,
401 2755 128 52 1926;
555 2755 64 43 2c.
648 2753 120 54 Sept.
798 2756 45 51 1;
871 2756 78 42 aff.
976 2756 120 51 Aug.
1122 2753 78 54 27;
1230 2756 44 41 A
1299 2754 189 53 901736;
1516 2755 115 43 Yale
1657 2755 249 52 university
1930 2769 140 39 press.

161 2810 269 55 (26-15769)

81 2909 308 71 Cammen,
426 2911 183 58 Leon.

148 3001 351 72 Principles
540 3003 66 56 of
641 3003 380 72 metallurgy
1059 3002 68 57 of
1164 3001 253 58 ferrous
1455 3003 256 70 metals;
1750 3022 37 38 a
1821 3001 254 60 manual

78 3078 1993 74 for mechanical engineers, by Leon Cammen, M. A. 2d ed.
79 3156 151 58 New
275 3157 191 70 York,
518 3158 127 57 The
694 3158 337 58 American
1080 3156 237 74 society
1363 3158 68 58 of
1477 3156 381 60 mechanical
78 3156 1972 150 engineers,
311 3237 164 55 1926.

148 3312 74 52 vii,
260 3311 74 46 145
368 3327 39 38 p.
467 3312 129 54 illus.,
629 3312 167 55 diagrs.
855 3313 150 46 23½cm.

150 3370 326 44 “References”
507 3380 45 37 at
581 3372 82 43 end
694 3370 51 45 of
773 3372 109 43 each
913 3372 198 51 chapter.

79 3425 55 54 ©
163 3428 119 52 Aug.
313 3427 66 52 20,
415 3427 128 52 1926;
576 3428 64 43 2c.
675 3426 121 54 Sept.
830 3430 74 46 11;
940 3429 78 42 aff.
1056 3427 120 53 Sept.
1213 3427 74 52 15;
1323 3430 44 41 A
1398 3427 189 52 950008;
1622 3429 243 42 American
1899 3425 171 55 society

147 3485 52 43 of
238 3484 275 44 mechanical
554 3486 246 52 engineers.
869 3484 270 55 (26-15932)

82 3582 242 74 Collett,
364 3584 256 58 Glenna.

157 3674 1909 74 Golf for young players, by Glenna Collett … Boston,
80 3751 209 73 Little,
315 3753 247 69 Brown,
590 3755 123 56 and
742 3772 323 54 company,
1092 3754 167 58 1926.

181 3868 8 9 x.
224 3829 76 46 115
334 3846 40 35 p.
407 3830 99 45 incl.
540 3832 127 51 illus.,
703 3832 152 52 plates,
918 3832 136 44 front.
1143 3834 26 42 19½c
1220 3835 27 17 m
1256 3870 6 5 .

81 3884 53 54 ©
168 3885 119 53 Sept.
323 3886 60 50 10,
418 3885 127 49 1926;
580 3887 64 42 2c.
676 3888 86 42 and
793 3888 77 42 aff.
909 3886 121 53 Sept.
1067 3888 74 50 13;
1176 3887 44 41 A
1250 3886 188 52 901966;
1475 3886 51 45 G.
1562 3886 179 54 Collett,
1774 3886 292 52 Providence,

153 3941 469 56 R. I. (26-15771)
