2542 4285
989 3986 110 56 993

30 379 271 73 Liguori,
337 377 264 58 Alfonso
635 374 208 58 Maria
875 375 89 70 de,
1001 372 203 71 Saint,
1238 372 356 58 1696-1787.

106 467 420 74 Preparation
552 468 105 56 for
687 465 217 70 death;
938 483 88 54 or,
1062 460 511 61 Considerations
1605 481 79 38 on
1715 460 104 58 the
31 464 1954 142 eternal

175 547 226 74 truths,
454 544 289 72 (maxims
787 544 67 56 of
896 539 485 74 eternity—rule
1424 539 67 58 of
1531 536 160 75 life.)
1777 538 99 72 By
1919 537 89 59 St.

32 614 1978 84 Alphonsus de Liguori … edited by Rev. Eugene Grimm
99 692 1910 83 … Brooklyn, St. Louis [etc.] Redemptorist fathers [ c 1926]
98 784 26 42 2
168 797 38 36 p.
285 815 10 18 l.,
344 778 165 49 [3]—473
552 793 39 37 p.
656 778 49 43 19
711 779 46 17 cm
764 811 8 8 .
842 772 288 55 (Half-title:
1178 771 97 46 The
1322 772 217 53 complete
1586 772 150 43 works
1783 771 50 45 of
1881 768 128 46 Saint

32 825 1980 65 Alphonsus de Liguori … tr. from the Italian. Ed. by Rev. Eugene Grimm
80 888 766 51 … The ascetical works, v. 1)
33 946 55 53 ©
111 948 119 51 Aug.
262 947 62 48 11,
356 944 129 51 1926;
512 944 64 42 2c.
603 943 88 42 and
717 942 79 42 aff.
823 942 122 51 Aug.
973 940 74 51 12;
1076 941 46 41 A
1147 937 190 53 901427;
1366 939 153 52 James
1551 937 191 53 Barron,
1772 936 244 52 Brooklyn.

112 1001 269 57 (26-15361)

31 1102 240 70 Lomas,
320 1101 170 57 John
529 1100 51 56 E
894 1096 95 60 W.

110 1192 128 57 The
272 1208 145 40 man
451 1187 149 58 with
636 1188 105 56 the
780 1205 157 51 scar,
972 1185 83 73 by
1090 1184 169 58 John
1292 1185 247 56 Lomas.
1617 1184 241 56 Boston
1896 1184 123 57 and

32 1269 150 56 New
209 1266 190 70 York,
426 1263 342 73 Houghton
796 1262 215 58 Mifflin
1039 1280 323 54 company,
1393 1261 166 57 1926.

100 1341 447 53 vi, 310 p. 19½ cm .
33 1399 54 53 ©
120 1400 118 52 Sept.
273 1400 61 50 10,
372 1398 127 51 1926;
533 1398 63 42 2c.
632 1396 119 53 Sept.
787 1398 73 50 13;
894 1396 78 44 aff.
1007 1396 120 52 Sept.
1165 1397 73 49 11;
1273 1397 44 41 A
1350 1394 189 53 901917;
1573 1395 40 52 J.
1646 1394 52 46 E.
1732 1395 74 43 W.
1840 1395 177 51 Lomas,

105 1458 201 43 London.
374 1441 269 70 (26-15705)

38 1556 256 58 London
326 1555 269 73 opinion,
675 1574 56 37 v.
764 1556 89 70 90,
885 1573 96 38 no.
1015 1555 167 70 1163,
1214 1553 154 71 July
1398 1555 88 69 17,
1520 1553 164 57 1926.

37 1641 1985 58 © 1c. July 22, 1926; A ad int. 8351; pubd. July 9; George Newnes, ltd.,
107 1703 200 44 London.

215 1800 996 74 London opinion, v. 90, no. 1164, July 24, 1926.
37 1886 1988 59 © 1c. July 30, 1926; A ad int. 8387; pubd. July 24; George Newnes, ltd.,
108 1949 199 42 London.

36 2033 317 67 Machard,
401 2034 182 56 Mme.
631 2031 378 68 Raymonde.

112 2125 60 56 A
210 2123 168 59 child
414 2123 55 58 is
509 2125 186 62 born;
738 2144 37 38 a
816 2141 307 55 romance,
1165 2124 85 71 by
1287 2123 366 71 Raymonde
1694 2123 334 71 Machard;

38 2202 351 62 translated
432 2202 167 56 from
644 2201 103 58 the
794 2200 246 59 French
1084 2202 83 71 by
1210 2200 349 59 Madeleine
1606 2202 197 71 Boyd.
1878 2201 153 57 New

37 2280 188 70 York,
263 2278 467 74 Cosmopolitan
760 2279 159 57 book
952 2278 420 72 corporation,
1404 2279 165 57 1926.

109 2355 542 56 5 p. l., 165 p. 19½ cm .
41 2413 53 53 ©
129 2414 122 52 Sept.
281 2415 36 48 8,
354 2414 128 50 1926;
517 2414 61 42 2c.
614 2412 120 53 Sept.
771 2413 73 52 10;
880 2414 78 42 aff.
995 2412 120 53 Sept.
1148 2413 49 51 9;
1232 2413 44 42 A
1308 2413 189 52 901971;
1536 2411 341 55 Cosmopolitan
1908 2413 120 44 book

110 2486 119 38 corp.
297 2470 269 56 (26-15788)

41 2554 397 76 Martindale,
487 2555 174 74 Cyril
705 2556 265 69 Charlie,
1018 2558 190 57 1879-

112 2645 179 59 Saint
323 2646 296 72 Aloysius
655 2645 309 73 Gonzaga,
995 2646 83 71 by
1107 2647 103 56 the
1243 2647 149 56 Rev.
1429 2646 65 59 C.
1532 2644 63 61 C.
1632 2645 400 71 Martindale,

44 2744 45 37 s.
120 2745 50 36 j.
239 2724 169 76 [New
431 2723 189 71 York,
651 2725 130 56 The
809 2724 295 59 America
1131 2744 199 53 press,
1361 2726 164 73 1926]

111 2803 49 42 31
195 2817 39 37 p.
321 2801 25 45 18½
382 2803 47 18 cm
435 2834 9 10 .

44 2856 53 53 ©
132 2858 119 52 Sept.
285 2859 38 50 3,
359 2858 128 53 1926;
520 2858 63 43 2c.
616 2859 87 42 and
735 2859 78 42 aff.
851 2858 120 53 Sept.
1003 2859 49 51 4;
1088 2858 43 43 A
1162 2859 188 52 948086;
1387 2858 212 45 America
1633 2874 136 38 press,
1804 2859 83 42 inc.

123 2914 269 56 (26-15623)

43 2998 350 74 Matthews,
436 3001 185 73 Mary
659 2999 364 60 Lockwood.

127 3088 408 75 Elementary
569 3092 178 56 home
789 3092 372 71 economics;
1203 3092 143 58 first
1381 3092 240 60 lessons
1658 3093 66 56 in
1764 3092 274 72 clothing

51 3168 124 56 and
201 3166 268 76 textiles,
501 3169 183 58 foods
716 3171 125 56 and
870 3170 280 73 cookery,
1181 3169 227 74 family
1436 3170 465 73 relationships,
1932 3172 104 56 the

53 3264 140 39 care
227 3248 122 56 and
381 3252 438 67 management
848 3248 67 57 of
947 3248 103 58 the
1081 3249 213 71 house,
1327 3249 103 57 the
1465 3267 141 40 care
1640 3248 68 57 of
1741 3249 295 69 children,

50 3322 179 58 home
258 3324 266 73 nursing
550 3326 125 56 and
700 3324 230 59 health.
1001 3326 151 57 Rev.
1187 3327 91 57 ed.
1351 3327 99 71 By
1479 3326 187 72 Mary
1694 3326 344 58 Lockwood

53 3397 1983 84 Matthews … Boston, Little, Brown, and company, 1926.
118 3475 1030 60 xiv, 472 p. front., illus., diagrs. 19½ cm .
122 3534 279 47 “Reference
426 3537 138 43 books
592 3537 74 44 for
689 3538 259 45 teachers”:
975 3553 41 39 p.
1060 3536 220 46 [451]—453.

51 3591 53 53 ©
134 3592 118 53 Sept.
284 3595 61 48 11,
379 3594 127 51 1926;
537 3595 63 42 2c.
628 3596 87 42 and
741 3595 77 43 aff.
852 3594 118 55 Sept.
1004 3597 73 49 13;
1109 3597 44 41 A
1183 3596 188 51 901961;
1405 3595 149 51 Little,
1588 3596 179 52 Brown,
1797 3597 88 42 and
121 3611 1895 91 company.
317 3650 268 56 (26-15726)

48 3734 320 70 Matthias,
407 3735 139 72 Leo,
585 3740 189 56 1893-

190 3825 1845 83 … Ausflug nach Mexiko. Mit vierzehn abbildungen.
48 3905 233 71 Berlin,
312 3904 118 62 Die
460 3906 340 73 Schmiede,
833 3909 166 56 1926.
