2609 4293
0 0 0 0 19
192 357 334 70 Chapman,
568 353 165 58 Cecil
770 352 295 72 Maurice,
1106 356 189 55 1852-

265 448 127 56 The
426 465 155 52 poor
615 449 204 55 man’s
857 451 175 53 court
1069 447 68 57 of
1170 443 257 71 justice:
1463 445 378 72 twenty-five
1876 465 184 52 years
2098 465 70 38 as

187 520 1957 150 a metropolitan magistrate, by Cecil Chapman … London, Hodder
644 601 121 56 and
797 599 352 71 Stoughton
1176 597 242 58 limited
1449 599 180 72 [1925]

252 688 663 52 320 p. front. (port.) 22½cm.
185 754 1982 54 © 1c. Jan. 14, 1926; A ad int. 7668; pubd. Dec. 11, 1925; C. Chapman,
253 812 197 42 London.
520 810 240 55 (26-2831)

185 923 287 72 Chicago.
548 923 122 56 Art
706 922 303 58 institute.

327 1011 1837 74 … A guide to the paintings in the permanent collection.
184 1091 304 73 [Chicago]
520 1092 166 56 1925.

249 1183 73 50 vii,
355 1181 73 44 171
457 1197 39 37 p.
558 1181 114 44 illus.
732 1183 53 42 24
792 1184 46 17 cm
845 1216 10 9 .

179 1250 52 53 ©
266 1250 119 53 Sept.
422 1253 34 49 1,
493 1249 129 53 1925;
655 1251 64 43 2c.
753 1252 98 51 Jan.
887 1249 35 54 5,
960 1250 129 53 1926;
1125 1251 79 42 aff.
1238 1252 98 51 Jan.
1371 1252 49 50 9;
1456 1251 44 41 A
1532 1250 189 52 879203;
1758 1252 91 43 Art
1883 1251 201 45 institute
2116 1253 51 44 of

250 1307 212 53 Chicago,
494 1307 213 52 Chicago.
776 1306 241 55 (26-1454)

181 1418 169 75 Clay,
385 1418 249 59 Robert.

252 1509 60 56 A
345 1508 504 71 chequer-board,
935 1508 210 73 [chap.]
1181 1509 129 55 1-5.

248 1586 80 50 (In
360 1586 312 41 Blackwood’s
703 1586 256 50 magazine,
993 1586 127 50 Nov.,
1154 1585 128 50 1925)

174 1639 1905 54 © 1c. Dec. 28, 1925; A ad int. 7665; pubd. Oct. 31; R. Clay, London.
177 1753 254 69 Clifton,
471 1752 295 60 Wallace.

253 1846 198 57 Three
487 1847 219 70 paths;
743 1845 353 73 biography
1131 1846 68 57 of
1234 1864 36 37 a
1305 1864 146 37 man
1485 1846 135 58 who
1658 1844 166 60 tried
1859 1846 168 57 them
2065 1847 99 70 all,

174 1943 79 39 an
304 1923 360 71 allegorical
713 1941 306 52 romance,
1070 1924 82 69 by
1200 1921 276 59 Wallace
1528 1920 255 60 Clifton.
1866 1924 122 57 Los
173 1924 1963 149 Angeles,

389 2001 127 56 The
545 1999 342 73 Typosium
915 1999 373 73 publishers,
1319 2000 165 56 1925.

244 2077 74 45 141
349 2091 43 38 p.
449 2078 56 43 20
510 2080 48 17 cm
565 2116 8 8 .

171 2129 53 54 ©
250 2132 107 43 Dec.
383 2133 38 49 4,
450 2130 128 53 1925;
605 2132 64 42 2c.
695 2132 108 42 Dec.
834 2132 74 50 11;
936 2131 78 43 aff.
1042 2132 98 51 Jan.
1170 2132 60 49 11,
1261 2130 130 52 1926;
1421 2131 44 41 A
1490 2131 191 52 879223;
1709 2132 163 42 Laurie
1899 2133 39 51 J.
1969 2132 193 53 Quinby,

242 2188 88 44 Los
368 2188 212 52 Angeles.
649 2187 242 54 (26-1473)

175 2286 161 71 Cole,
374 2286 208 60 Willis
621 2287 268 56 Vernon.

247 2375 129 56 The
414 2377 132 54 star
584 2374 69 57 of
687 2375 103 56 the
825 2374 243 72 Alamo,
1105 2374 83 70 by
1220 2373 208 59 Willis
1466 2373 450 59 Vemon-Cole.
2017 2377 149 57 New

167 2453 190 71 York,
391 2452 129 57 The
550 2451 274 58 Writers
858 2452 191 72 guild,
1083 2453 165 56 1926.

239 2529 629 53 viii p., 1 l., 11-320 p. 19½cm.
171 2585 52 54 ©
248 2588 100 51 Jan.
373 2588 39 48 2,
445 2587 104 43 1926;
600 2587 64 42 2c.
691 2588 87 42 and
804 2588 79 42 aff.
910 2588 99 51 Jan.
1038 2586 47 52 5;
1117 2587 44 41 A
1188 2586 190 52 879143;
1408 2587 74 43 W.
1510 2586 337 52 Vernon-Cole,
1877 2588 116 43 New
2021 2588 143 44 York.

246 2643 242 55 (26-1390)

173 2743 286 73 Conway,
499 2743 315 57 Bertrand
848 2740 206 73 Louis,
1095 2743 190 58 1872-

246 2834 128 56 The
405 2832 210 73 virgin
644 2832 190 71 birth,
865 2833 84 70 by
980 2833 150 56 Rev.
1164 2832 321 57 Bertrand
1515 2831 69 57 L.
1622 2830 290 74 Conway,
1986 2879 10 13 C.
2066 2880 12 12 S.
2151 2880 11 11 P.

167 2911 151 57 New
343 2910 189 72 York,
565 2910 129 57 The
721 2909 249 58 Paulist
997 2927 182 53 press
1213 2937 14 44 [
1227 2918 20 20 c
1250 2909 164 72 1924]

236 2988 52 44 62
319 3003 39 37 p.
421 2987 51 45 18
478 2990 47 18 cm
531 3022 8 8 .

238 3044 349 53 Bibliography:
623 3059 40 37 p.
696 3043 149 44 60-62.

167 3100 52 54 ©
250 3103 109 42 Dec.
389 3102 65 51 26,
489 3100 128 52 1924;
651 3101 63 42 2c.
744 3101 86 42 and
861 3100 78 43 aff.
973 3100 110 42 Dec.
1115 3099 65 50 31,
1215 3097 129 52 1925;
1380 3099 43 42 A
1455 3098 162 45 875791;
1681 3100 278 54 Missionary
1991 3117 88 29 soc.
2112 3102 51 46 of

240 3158 65 46 St.
332 3158 116 43 Paul
475 3158 73 43 the
573 3157 192 52 Apostle
791 3158 43 42 in
860 3156 75 43 the
961 3162 114 36 state
1101 3155 50 44 of
1177 3154 116 44 New
1322 3155 142 51 York,
1495 3155 118 44 New
1639 3157 142 43 York.

244 3214 241 56 (26-1279)

171 3313 349 71 Crimmins,
562 3313 169 58 John
768 3311 240 69 Daniel,
1051 3312 358 57 1844-1917.

244 3405 128 57 The
417 3404 184 71 diary
646 3404 69 56 of
757 3403 170 58 John
971 3401 73 56 D.
1095 3400 335 59 Crimmins
1478 3400 168 58 from
1690 3404 150 57 1878
1883 3407 62 55 to
1996 3406 164 58 1917.

167 3483 168 60 Priv.
366 3483 192 71 print.
644 3479 323 72 Compiled
994 3480 65 56 in
1089 3479 103 59 the
1222 3497 156 53 year
1407 3478 166 57 1925.
1659 3479 168 73 [New
1853 3481 307 75 Rochelle,

165 3561 73 57 N.
269 3561 92 70 Y.,
393 3561 128 56 The
551 3556 505 59 Knickerbocker
1085 3574 201 53 press,
1315 3566 18 20 c
1337 3556 165 73 1925]

234 3634 839 56 v, 1064 p. front. (port.) 24cm.
236 3694 140 44 “This
402 3693 167 45 edition
594 3692 51 47 of
667 3691 74 45 the
767 3691 133 53 diary
923 3690 53 44 of
998 3689 122 54 John
1146 3690 60 43 D.
1232 3688 244 46 Crimmins
1500 3689 37 45 is
1563 3688 175 48 limited
1764 3698 47 39 to

1838 3692 108 55 fifty
1971 3695 190 53 copies.”

165 3751 112 45 This
305 3766 114 38 copy
445 3758 78 36 not
551 3748 260 45 numbered.

237 3807 232 55 Compiled
495 3808 60 52 by
583 3804 201 46 Thomas
815 3802 258 48 Crimmins.

166 3864 52 55 ©
255 3867 99 51 Jan.
387 3864 36 52 5,
463 3864 130 50 1926;
631 3863 63 43 2c.
731 3863 87 42 and
853 3862 78 42 aff.
968 3862 98 51 Jan.
1106 3858 50 53 7;
1197 3860 43 42 A
1277 3857 190 56 879157;
1505 3858 202 48 Thomas
1746 3862 258 55 Crimmins,
2043 3867 71 43 New

234 3923 142 43 York.
444 3918 241 56 (26-1350)
