2609 4293
1216 4012 32 55 5

295 491 959 56 25 p. l., lxix, 1196 p. 23 cm . $3.50
296 564 122 44 Text
446 564 87 43 and
562 577 103 39 map
693 578 58 29 on
781 562 317 53 lining-paper.

228 632 53 54 ©
311 635 107 42 Dec.
449 634 65 49 31,
548 632 128 53 1925;
707 632 64 43 2c.
800 633 99 52 Jan.
929 633 38 51 4,
1000 632 130 52 1926;
1163 632 78 44 aff.
1270 633 99 52 Jan.
1402 631 47 53 5;
1481 632 44 43 A
1555 631 189 53 879136;
1780 631 199 54 Century
2010 647 65 30 co.

305 687 214 57 (26-753)

230 800 294 72 Cushing,
562 800 236 56 Luther
833 800 276 71 Stearns,
1147 801 357 57 1803-1856.

304 889 338 74 Cushing’s
680 891 260 56 Manual
975 890 69 56 of
1076 889 501 72 parliamentary
1609 889 295 74 practice,
1942 889 166 59 rules
2149 890 67 57 of

224 970 342 69 procedure
605 969 123 56 and
762 968 221 57 debate
1019 968 66 56 in
1120 967 407 58 deliberative
1565 968 383 71 assemblies,
1981 969 85 71 by

226 968 1966 136 Luther
404 1046 59 59 S.
504 1045 294 73 Cushing.
882 1046 151 57 New
1069 1046 111 72 ed.,
1220 1046 207 58 edited
1464 1047 125 57 and
1625 1047 115 57 enl.
1777 1047 84 71 by
1895 1046 224 59 Albert
2157 1046 62 59 S.

223 1122 1993 73 Bolles … including a self-explanatory chart, showing the
225 1202 373 70 precedence
645 1201 67 57 of
755 1201 287 70 motions,
1090 1200 240 73 typical
1374 1201 314 71 examples
1737 1201 68 58 of
1851 1200 367 73 organizing

226 1280 123 56 and
383 1279 373 72 conducting
786 1279 326 72 meetings,
1147 1279 104 58 the
1287 1276 426 60 Constitution
1747 1279 69 57 of
1845 1278 104 58 the
1981 1278 236 59 United

228 1356 231 72 States,
500 1356 103 60 the
643 1356 403 58 Declaration
1086 1356 68 57 of
1192 1356 480 73 independence,
1715 1360 111 54 etc.
226 1355 1967 153 Philadelphia,

424 1434 290 74 Chicago,
743 1435 129 57 The
900 1435 169 58 John
1099 1433 65 60 C.
1190 1434 295 59 Winston
1513 1452 307 56 company
1850 1463 13 45 [
1864 1442 19 22 c
1886 1435 165 73 1925]

295 1530 38 50 4,
362 1527 81 45 267
470 1543 41 37 p.
600 1526 22 44 15
632 1530 45 17 cm
685 1562 8 8 .

229 1596 53 54 ©
311 1598 118 43 Nov.
462 1597 62 51 16,
558 1595 128 53 1925;
717 1597 64 43 2c.
808 1597 100 51 Jan.
936 1598 37 49 7,
1006 1596 130 52 1926;
1162 1596 81 43 aff.
1274 1596 97 52 Jan.
1403 1596 49 52 6;
1483 1597 45 42 A
1555 1595 191 53 875778;
1777 1595 122 54 John
1927 1595 49 45 C.
2008 1594 214 47 Winston

298 1669 65 29 co.
431 1652 216 55 (26-917)

233 1765 329 68 Cushman,
603 1765 276 58 Edward
915 1763 294 72 Howard,
1250 1766 190 57 1897-

307 1856 128 57 The
469 1857 119 55 law
624 1856 67 57 of
723 1854 378 58 mechanics’
1135 1855 158 57 liens
1327 1854 67 57 in
1426 1854 487 72 Pennsylvania,
1948 1853 150 59 with

228 1875 1996 129 selected forms, by Edward H. Cushman … New York,
231 2010 189 60 Clark
445 2011 363 58 Boardman
836 2029 107 53 co.,
972 2011 130 71 ltd.,
1131 2010 167 58 1926.

298 2104 27 42 2
360 2119 40 28 V.
460 2103 52 44 23½c
565 2104 30 17 m
601 2137 9 9 .

301 2173 154 53 Paged
491 2171 327 55 continuously.

302 2229 216 45 Contains
549 2228 137 45 blank
717 2242 137 40 pages
888 2228 73 47 for
995 2227 375 46 “Annotations”.

229 2298 55 54 ©
316 2301 109 43 Dec.
457 2300 66 52 30,
557 2298 129 53 1925;
716 2299 66 43 2c.
813 2298 108 44 each
951 2300 87 42 and
1070 2299 102 42 affs.
1205 2299 99 51 Jan.
1332 2298 39 51 2,
1409 2297 128 53 1926;
1573 2299 42 42 A
1647 2298 177 52 879109,
1858 2297 190 53 879110;
2087 2297 138 45 Clark

303 2357 257 44 Boardman
585 2371 79 36 co.,
690 2355 77 43 ltd.
836 2353 215 55 (26-937)

232 2468 212 72 Davis,
482 2468 190 73 Clyde
706 2467 354 73 Llewellyn,
1096 2468 357 58 1884-1919.

306 2563 58 57 A
397 2562 267 56 Kansan
700 2565 66 55 at
799 2561 195 71 large,
1028 2561 83 71 by
1147 2559 191 72 Clyde
1372 2560 69 56 L.
1477 2560 216 57 Davis.
1776 2560 228 59 Forest
2039 2561 185 72 Hills,

231 2640 74 58 N.
334 2641 92 70 Y.,
454 2638 261 60 Bernice
746 2638 65 61 C.
839 2635 217 73 Davis,
1085 2638 165 56 1924.

297 2727 836 55 xii, 143 p. front. (port.) 20 cm .
301 2800 251 47 Foreword
583 2799 185 52 signed:
801 2798 193 45 Bernice
1029 2799 163 45 Carter
1223 2798 157 46 Davis.

231 2865 1971 114 CONTENTS.—Clyde Llewellyn Davis, '1 3, by Dr. T. N. Carver.—Autobiography—A
625 2925 187 43 Kansan
853 2933 46 36 at
941 2922 457 53 large.—Twentieth
1439 2933 190 44 century
1669 2925 292 47 translations
2005 2928 54 45 of
2100 2943 126 32 some

231 2980 451 48 classics.—Tarheel
713 2979 136 53 lyrics
880 2981 87 44 and
999 2980 436 51 prose.—Patriotic
1466 2982 416 53 verses.—College
232 2984 1971 107 verses.—Essays.—Miscellaneous.

234 3104 53 54 ©
316 3106 118 44 Nov.
467 3106 36 51 1,
534 3104 129 52 1924;
691 3104 64 43 2c.
783 3103 87 43 and
897 3103 79 43 aff.
1003 3104 98 51 Jan.
1132 3102 37 52 7,
1202 3102 130 53 1926;
1363 3104 45 42 A
1435 3104 165 45 879167;
1658 3106 190 45 Bernice
1878 3106 162 46 Carter
2073 3108 154 46 Davis.

313 3161 242 55 (26-1047)

235 3277 206 68 Dawe,
480 3276 252 71 Joseph.

314 3369 127 56 The
475 3367 378 57 workman’s
891 3366 267 59 charter.

234 3455 1908 56 © 1c. Nov. 30, 1925; A ad int. 7775; pubd. Nov. 10; J. Dawe, London.
236 3569 213 74 Doyle,
486 3570 107 59 Sir
627 3570 245 56 Arthur
909 3568 230 58 Conan.

317 3659 128 56 The
487 3658 149 57 land
677 3658 68 56 of
785 3657 179 73 mist;
1007 3678 89 53 or,
1140 3660 128 56 The
1311 3663 181 68 quest
1535 3660 68 58 of
1644 3660 276 59 Edward
1964 3662 245 57 Malone.

239 3736 174 71 chap.
444 3736 170 72 9,10.

311 3826 80 52 (In
425 3826 176 43 Strand
633 3826 257 53 magazine,
925 3826 129 54 Nov.,
1092 3826 128 53 1925)

238 3892 1993 112 © 1c. Dec. 30, 1925; A ad int. 7745; pubd. Nov. 2; A. C. Doyle, Crow-borough, Sussex, England.
