2542 4285
1073 3962 108 56 705

108 336 257 59 Illinois,
448 335 300 72 Supreme
795 336 189 53 court.

186 428 269 70 Reports
497 425 65 56 of
600 442 173 39 cases
815 426 67 53 at
918 421 119 56 law
1078 421 122 55 and
1238 419 68 55 in
1344 418 303 71 chancery
1690 418 236 71 argued
1966 418 123 55 and

111 492 1977 81 determined … v. 320, containing cases in which opinions
109 598 163 40 were
296 579 145 57 filed
464 578 65 55 in
556 571 331 76 February
911 576 124 55 and
1060 572 205 72 April,
1295 573 167 70 1926,
1482 572 123 56 and
1623 590 174 37 cases
1817 569 274 59 wherein

112 656 363 71 rehearings
502 671 160 39 were
690 652 224 57 denied
941 654 67 53 at
1032 650 103 58 the
1163 649 331 71 February
1518 649 122 56 and
1665 647 187 71 April
1879 650 211 70 terms,

112 734 162 55 1926.
378 729 251 59 Samuel
685 729 274 69 Pashley
1016 726 210 73 Irwin,
1288 727 286 70 reporter
1637 725 66 56 of
1765 723 325 59 decisions.

113 808 454 72 Bloomington,
604 806 115 70 Ill.,
757 807 164 54 1926.

179 902 43 31 X,
261 883 195 55 [11]-680
487 898 40 37 p.
586 882 54 43 22½
673 885 47 17 cm
726 917 8 8 .

109 938 55 55 ©
193 940 106 53 July
328 940 36 51 6,
398 940 128 51 1926;
556 938 64 44 2c.
649 939 89 42 and
769 937 78 43 aff.
878 936 107 53 July
1018 936 73 52 10;
1124 935 43 42 A
1198 933 189 53 897396;
1425 932 182 48 Samuel
1639 935 50 41 P.
1725 933 152 52 Irwin,
182 932 1890 117 Bloomington,

385 996 70 43 Ill.

108 1095 255 73 Jacoby,
399 1092 249 59 Rosalie
687 1092 63 59 S.

188 1183 486 73 Kaleidoscope;
719 1200 233 55 poems,
993 1184 84 70 by
1119 1178 254 62 Rosalie
1418 1180 61 58 S.
1525 1180 256 70 Jacoby.
110 1179 1964 156 [Hollywood,

336 1260 204 73 Calif.,
568 1260 263 60 Printed
859 1262 84 71 by
968 1260 73 59 D.
1073 1258 68 60 G.
1174 1257 258 59 Fischer
1464 1254 417 77 corporation,
1911 1266 18 22 c
1932 1257 147 57 1926]

184 1341 326 51 89 p. 19½ cm .
114 1393 53 55 ©
198 1396 112 51 Apr.
346 1392 61 53 15,
443 1393 127 51 1926;
602 1391 65 45 2c.
699 1393 113 50 Apr.
843 1390 78 53 23;
954 1387 79 47 aff.
1064 1390 115 52 June
1211 1388 77 52 24;
1324 1390 43 41 A
1399 1388 190 54 891911;
1625 1389 52 42 R.
1713 1387 44 47 S.
1789 1388 185 54 Jacoby,
2009 1389 89 43 Los

182 1451 216 54 Angeles.
466 1446 270 57 (26-12856)

111 1551 176 72 Jean,
323 1548 238 71 Albert,
601 1550 188 57 1892-

255 1630 1847 79 … Une rose à la main, roman. Paris, E. Flammarion
112 1746 14 44 [
128 1725 18 23 c
151 1716 164 73 1926]

180 1788 487 56 284 p., 1 l. 18½ cm .
181 1850 64 43 At
276 1847 119 44 head
427 1846 53 44 of
509 1844 124 47 title:
669 1845 316 52 Albert-Jean.

115 1896 1848 62 © May 27, 1926; 1c. June 4; A—Foreign 31107; Ernest Flammarion.
195 1959 269 57 (26-12755)

114 2047 297 68 Johnson,
451 2042 291 74 Gaylord.

192 2134 301 60 Nature’s
547 2151 317 55 program,
918 2133 83 71 by
1057 2130 276 72 Gaylord
1388 2130 317 73 Johnson;
1762 2131 344 74 thirty-one

118 2210 432 62 illustrations.
625 2210 268 73 [Garden
929 2208 162 73 City,
1125 2210 72 56 N.
1230 2210 91 71 Y.]
1357 2207 339 63 Published
1728 2213 83 68 by
115 2210 1967 155 Doubleday,

285 2290 170 70 Page
484 2290 47 56 &
555 2306 306 54 company
888 2286 104 58 for
1020 2287 234 58 Nelson
1282 2285 385 75 Doubleday,
1697 2286 132 73 inc.,
1863 2288 165 58 1926.

185 2360 1309 58 3 p. l., 181 p. col. front., illus., col. plates. 21 cm .
188 2419 262 55 “Designed
492 2435 51 29 as
585 2436 25 28 a
653 2420 375 53 supplementary
1067 2417 187 47 volume
1297 2426 49 38 to
1390 2419 76 45 the
1509 2420 149 54 newly
1702 2419 182 45 revised
1930 2421 180 45 Nature

121 2476 207 56 library.”

122 2532 53 56 ©
206 2535 113 52 June
352 2535 39 51 9,
428 2534 127 52 1926;
588 2532 64 46 2c.
687 2535 87 42 and
806 2534 78 43 aff.
919 2534 114 52 June
1069 2534 74 51 19;
1180 2534 43 41 A
1259 2533 188 52 891861;
1486 2533 172 45 Nelson
1695 2532 278 56 Doubleday,
2011 2536 97 51 inc.,

196 2589 836 56 Garden City, N. Y. (26-12821)
116 2675 304 74 Kolthoff,
466 2675 192 58 Izaak
698 2674 290 59 Maurits.

194 2767 384 70 Indicators;
624 2766 167 58 their
830 2786 112 38 use
983 2766 64 57 in
1092 2765 419 73 quantitative
1556 2766 278 73 analysis
1880 2768 125 58 and
2046 2768 66 58 in

121 2845 103 58 the
266 2843 415 59 colorimetric
722 2843 487 60 determination
1252 2844 69 57 of
1362 2843 454 75 hydrogen-ion
122 2862 1966 119 concentration

121 2917 1967 141 of hydrogen, by Dr. I. M. Kolthoff … An authorized
436 2999 377 59 translation
849 3001 193 56 based
1079 3018 168 54 upon
1284 2999 104 58 the
1429 3000 226 59 second
1690 2997 273 61 German
2002 3001 110 70 ed.,

124 3073 1988 80 rev. and enl. by N. Howell Furman … New York, J.
121 3154 206 74 Wiley
356 3154 48 56 &
433 3173 161 54 sons,
626 3153 149 72 inc.;
812 3156 147 71 [etc.,
995 3156 129 72 etc.]
1158 3155 165 57 1926.

191 3231 80 51 xii,
299 3230 82 44 269
411 3245 38 37 p.
508 3228 168 56 diagrs.
714 3231 47 53 (1
796 3229 137 51 fold.)
999 3231 52 44 23½
1086 3233 48 18 cm
1139 3265 11 9 .
1263 3228 125 55 $3.50

195 3286 323 53 Bibliography
549 3295 45 36 at
626 3288 85 42 end
742 3286 52 45 of
827 3286 108 44 each
968 3285 197 55 chapter.

130 3340 52 56 ©
213 3343 114 53 June
359 3342 35 50 7,
428 3343 128 51 1926;
590 3342 63 45 2c.
686 3344 87 42 and
804 3343 77 43 aff.
916 3342 118 52 June
1066 3342 73 52 16;
1174 3342 44 43 A
1250 3341 190 53 891815;
1476 3342 35 43 I.
1548 3342 64 43 M.
1644 3342 228 52 Kolthoff,
1905 3342 209 52 Utrecht,

200 3399 215 52 Holland,
440 3400 87 42 and
552 3398 58 45 N.
638 3399 183 44 Howell
846 3398 212 52 Furman,
1088 3399 255 53 Princeton,
1371 3399 58 43 N.
1456 3399 40 53 J.
1564 3398 269 54 (26-12705)

124 3483 295 74 Lathrop,
465 3483 279 60 William
787 3482 257 75 Gilbert,
1092 3486 189 57 1865-

206 3573 128 58 The
359 3573 182 58 brass
567 3574 293 72 industry
884 3574 66 56 in
974 3573 102 59 the
1104 3574 236 58 United
1372 3573 242 70 States;
1644 3595 33 36 a
1708 3575 188 70 study
1920 3573 69 59 of
2015 3574 102 56 the

128 3651 208 74 origin
369 3652 123 56 and
526 3651 103 58 the
663 3651 432 72 development
1128 3651 71 57 of
1232 3652 105 57 the
1369 3651 183 58 brass
1589 3649 294 74 industry
1915 3650 65 58 in
2015 3652 105 56 the

130 3728 370 74 Naugatuck
532 3727 224 75 Valley
790 3734 123 56 and
945 3729 83 59 its
1067 3729 375 71 subsequent
1477 3729 321 58 extension
1834 3747 147 40 over
2015 3730 104 56 the

130 3806 231 59 nation.
445 3807 148 57 Rev.
630 3807 89 57 ed.
795 3807 220 57 Mount
1049 3805 264 74 Carmel,
1348 3803 210 75 Conn.,
1588 3806 79 58 W.
1717 3805 68 60 G.
1819 3805 300 73 Lathrop,

134 3885 163 58 1926.
