2609 4293
1464 4004 112 55 160

516 368 141 58 Van
694 368 230 71 Haren,
965 369 200 57 Ethel.

593 457 223 59 Mount
837 459 257 57 Vernon
1117 459 304 73 mansion,
1445 459 311 74 Virginia,
1780 462 84 71 by
1887 461 190 58 Ethel
2096 461 142 58 Van
2263 462 235 58 Haren.

519 535 147 74 [San
694 537 353 72 Francisco]
1076 544 20 24 c
1098 538 165 56 1925.

583 628 53 47 [8]
667 644 39 37 p.
767 627 115 45 illus.
947 627 48 44 19
1002 630 47 17 cm
1056 664 8 8 .

516 694 54 54 ©
599 698 108 42 Dec.
738 696 37 53 8,
807 695 131 52 1925;
967 696 64 43 2c.
1062 697 110 42 Dec.
1206 697 74 51 19;
1311 697 80 42 aff.
1423 697 98 52 Jan.
1557 697 64 51 13,
1655 698 128 51 1926;
1817 698 44 42 A
1890 699 188 51 881820;
2112 699 52 46 E.
2198 700 103 43 Van
2333 700 170 52 Haren,

589 752 91 47 San
713 752 257 44 Francisco.
1039 751 242 54 (26-4701)

516 850 141 58 Van
689 850 193 72 Horn,
918 849 252 60 Samuel
1203 847 175 72 Hale,
1415 852 190 58 1875-
1762 851 90 59 ed.

591 940 1919 74 Michigan probate manual … The jurisdiction, law
517 1020 123 56 and
662 1018 275 72 practice
963 1020 67 56 of
1055 1018 104 57 the
1185 1019 273 57 Probate
1484 1021 176 54 court
1685 1019 68 57 of
1776 1019 104 58 the
1910 1023 162 54 state
2100 1020 67 58 of
2193 1020 314 73 Michigan

583 1095 1858 73 … Edition 1925, edited by Samuel H. Van Horn …
514 1174 405 70 Kalamazoo,
981 1173 206 71 Mich.,
1245 1172 369 74 Doubleday
1670 1174 291 58 brothers
2024 1174 124 58 and
2208 1193 299 53 company

517 1283 13 43 [
531 1262 19 20 c
555 1253 163 71 1925]

589 1340 75 46 173
693 1357 40 38 p.
797 1342 146 44 19½cm.

587 1411 301 44 “References
922 1412 43 43 in
996 1411 88 45 this
1117 1412 181 43 manual
1327 1426 80 29 are
1438 1417 46 38 to
1516 1410 79 46 the
1623 1412 207 52 chapters
1859 1412 87 45 and
1977 1411 192 46 sections
2200 1411 51 45 of

2279 1412 76 46 the
516 1413 1973 100 Judicature
705 1476 73 37 act
814 1470 86 43 and
937 1469 75 44 the
1049 1468 253 55 compiler’s
1339 1467 195 46 sections
1571 1468 51 45 of
1657 1469 75 45 the
1770 1467 233 55 Compiled
2043 1469 108 45 laws
2188 1469 51 45 of
2276 1467 233 57 Michigan

514 1527 52 43 of
598 1524 145 47 1915.”

516 1581 54 54 ©
608 1584 110 42 Dec.
754 1583 66 51 28,
863 1581 129 54 1925;
1032 1582 64 43 2c.
1136 1584 98 51 Jan.
1278 1580 65 55 15,
1383 1582 130 53 1926;
1553 1583 79 43 aff.
1671 1584 99 51 Jan.
1812 1584 74 51 13;
1929 1584 43 42 A
2011 1582 188 53 875869;
2242 1582 266 53 Doubleday

587 1640 208 43 brothers
832 1640 37 43 &
900 1654 67 29 co.
1036 1637 243 56 (26-4784)

516 1738 374 71 Washburn,
930 1736 185 59 Earle
1154 1737 218 73 Leroy,
1412 1738 190 59 1891-

590 1826 1847 75 Accounting for universities, by Earle L. Washburn …
516 1907 153 57 New
695 1906 191 72 York,
917 1906 129 57 The
1075 1905 248 59 Ronald
1348 1923 182 54 press
1561 1922 307 56 company
1897 1934 12 44 [
1911 1912 20 24 c
1933 1906 165 72 1926]

584 1986 91 49 viii,
710 1985 78 44 126
817 2000 40 38 p.
890 1984 100 45 incl.
1022 1984 160 44 forms.
1245 1983 50 44 18½
1330 1986 48 18 cm
1383 2018 8 9 .
1461 1984 303 53 (Ronograph
1796 1982 183 54 library,
2009 1998 73 30 no.
2113 1984 79 52 41)

514 2039 55 55 ©
596 2041 106 45 Feb.
729 2039 37 54 5,
795 2040 128 53 1926;
950 2040 65 44 2c.
1041 2042 86 43 and
1150 2041 81 44 aff.
1260 2040 106 45 Feb.
1398 2040 74 53 11;
1502 2039 44 44 A
1572 2038 189 54 883251;
1791 2039 178 45 Ronald
1996 2054 124 39 press
2147 2054 66 30 co.

594 2098 241 55 (26-4422)

515 2195 295 72 Wescott,
849 2195 314 74 Glenway.

516 2284 1973 152 … Natives of rock: xx poems: 1921-1922, with decorations by Pamela
1112 2363 252 58 Bianco.
1448 2363 152 57 New
1629 2362 191 72 York,
1851 2363 71 56 F.
1955 2362 253 74 Bianco,
2242 2363 166 56 1925.

603 2440 678 54 [36] p., 1 l. illus. 24½ cm .
588 2498 95 45 “Of
717 2498 88 44 this
841 2498 168 44 edition
1044 2498 115 43 have
1196 2500 111 42 been
1344 2496 177 54 printed
1557 2497 282 53 twenty-five
1873 2495 150 54 copies
2061 2511 56 29 on
2154 2497 145 52 Japan
2334 2495 180 50 vellum,

517 2557 245 42 numbered
794 2553 117 52 1-25,
939 2554 156 53 signed
1121 2555 59 52 by
1208 2554 164 44 author
1399 2555 91 42 and
1516 2553 157 51 artist;
1704 2553 86 45 five
1819 2553 203 45 hundred
2053 2553 147 53 copies
2229 2568 58 29 on
2315 2553 198 43 Vidalon

516 2612 118 45 velin
664 2612 272 45 hand-made
967 2625 149 40 paper,
1147 2611 246 45 numbered
1420 2609 190 55 26-525;
1645 2612 88 43 and
1765 2610 280 54 twenty-five
2075 2608 162 55 copies,
2270 2607 242 51 numbered

517 2667 207 56 526-550,
760 2669 74 44 for
868 2669 304 53 presentation
1207 2669 38 44 &
1279 2666 240 55 copyright
1554 2667 349 53 requirement.”
1975 2666 113 46 This
2125 2681 112 39 copy
2273 2678 78 35 not
516 2681 1976 90 numbered.

515 2782 54 54 ©
598 2783 107 44 Feb.
730 2784 39 49 4,
804 2783 129 52 1926;
962 2784 67 42 2c.
1060 2781 105 45 Feb.
1201 2780 74 54 15;
1306 2783 77 43 aff.
1414 2781 107 44 Feb.
1555 2782 74 52 16;
1660 2782 44 42 A
1733 2779 190 54 879584;
1957 2780 254 44 Francesco
2241 2780 184 44 Bianco.

595 2840 242 55 (26-4731)

516 2937 348 72 Whitbeck,
905 2938 141 72 Ray
1085 2937 276 73 Hughes,
1404 2939 189 57 1871-

516 3025 1971 142 Economic geography of South America, by R. H. Whitbeck … 1st
1030 3107 91 57 ed.
1205 3108 151 57 New
1410 3106 175 59 York
1659 3111 128 68 [etc.]
1846 3103 452 63 McGraw-Hill
2353 3104 158 58 book

518 3205 322 54 company,
868 3183 136 75 inc.,
1034 3187 166 59 1926.

585 3264 75 52 vii,
687 3265 84 45 430
794 3278 43 38 p.
897 3263 133 52 illus.,
1059 3263 167 53 diagrs.
1284 3264 54 45 23½
1374 3266 48 18 cm
1427 3299 10 10 .
1551 3261 126 54 $3.50

588 3321 221 45 “General
846 3320 308 46 references”:
1191 3334 41 39 p.
1268 3321 206 46 409-412.
1534 3318 330 48 “References”
1899 3327 46 37 at
1981 3321 83 45 end
2099 3319 55 46 of
2192 3334 124 31 some
2350 3320 51 45 of
2435 3319 75 45 the

516 3378 225 51 chapters.

518 3430 54 54 ©
602 3431 106 44 Feb.
744 3432 63 51 10,
841 3430 130 53 1926;
1002 3431 64 43 2c.
1099 3430 107 44 Feb.
1241 3430 73 53 16;
1348 3431 78 43 aff.
1461 3429 107 45 Feb.
1605 3429 73 53 17;
1714 3430 43 42 A
1790 3430 188 52 883311;
2014 3429 346 46 McGraw-Hill
2392 3429 120 44 book

586 3503 81 37 co.,
702 3487 83 44 inc.
854 3485 242 55 (26-4565)

518 3586 277 73 Witwer,
835 3588 216 74 Harry
1088 3586 275 74 Charles,
1403 3590 189 57 1890-

594 3677 293 73 Roughly
935 3677 320 74 speaking,
1303 3677 84 72 by
1433 3676 80 58 H.
1565 3676 66 60 C.
1677 3676 279 58 Witwer.
2047 3675 149 57 New
2245 3675 172 58 York
2464 3676 47 56 &

518 3755 278 73 London,
828 3754 70 60 G.
931 3754 69 56 P.
1035 3754 334 58 Putnam’s
1404 3773 164 53 sons,
1601 3755 166 56 1926.

619 3866 9 17 v,
659 3830 80 46 355
769 3847 41 38 p.
871 3831 52 44 19½
955 3834 49 18 cm
1008 3866 11 11 .

518 3886 54 54 ©
602 3887 108 45 Feb.
744 3889 64 51 19,
841 3888 128 52 1926;
1000 3888 65 44 2c.
1097 3886 106 45 Feb.
1233 3888 78 52 20;
1347 3888 79 43 aff.
1457 3886 107 45 Feb.
1594 3887 78 52 23;
1706 3887 44 42 A
1780 3887 189 50 883380;
2003 3887 61 42 H.
2099 3885 48 45 C.
2180 3886 206 50 Witwer,
2421 3886 88 43 Los

588 3944 214 54 Angeles.
871 3942 243 55 (26-4708)
