2542 4285
1082 4065 149 57 1175

164 508 1946 159 Hirshberg … New York city, Natural health association, inc. [ c 1926]
231 669 537 55 123 p. illus. 18½ cm .
228 725 294 53 Advertising
552 733 190 37 matter:
775 740 40 37 p.
852 724 91 45 123.

155 781 56 53 ©
241 781 118 53 Sept.
392 782 33 49 1,
459 781 127 50 1926;
614 781 64 42 2c.
711 779 118 52 Sept.
859 780 49 51 3;
938 779 78 43 aff.
1048 778 119 52 Sept.
1197 776 79 53 25;
1307 777 44 43 A
1380 776 188 52 949302;
1600 775 195 44 Natural
1824 775 154 43 health
2007 789 132 38 assn.,

228 838 82 44 inc.
378 837 267 55 (26-18081)

161 923 263 73 History
449 922 289 57 research
765 921 235 73 society
1028 920 68 58 of
1120 920 103 57 the
1254 920 265 72 Tappan
1545 918 139 57 Zee.

236 1014 129 57 The
389 1013 103 57 old
513 1012 204 57 Dutch
738 1011 271 73 burying
1033 1012 243 70 ground
1301 1009 68 58 of
1393 1009 230 72 Sleepy
1645 1009 264 57 Hollow.
1977 1009 167 72 [New

160 1091 187 71 York]
379 1088 269 72 History
677 1089 292 59 research
1001 1088 236 72 society
1268 1087 69 58 of
1368 1088 103 58 the
1507 1088 266 71 Tappan
1805 1085 134 72 Zee,
1975 1087 165 57 1926.

229 1163 949 55 4 p. l., 7-87 p. illus., fold. map. 23½cm.
231 1219 284 46 “Historical
542 1218 327 56 background”:
924 1235 42 38 p.
994 1219 122 46 7-10.
1175 1218 354 55 “Biographical
1557 1217 141 45 index
1726 1227 48 36 to
1802 1218 133 54 map”:
1991 1235 42 38 p.
179 1219 1966 105 13-[65]

157 1332 54 55 ©
243 1335 101 43 Oct.
381 1336 35 49 1,
452 1333 127 52 1926;
612 1335 64 42 2c.
709 1334 88 43 and
829 1334 80 42 aff.
945 1333 101 44 Oct.
1085 1334 75 51 11;
1196 1333 44 43 A
1275 1331 189 54 950405;
1500 1331 193 54 History
1728 1331 213 45 research
1973 1333 168 53 society

227 1391 50 44 of
304 1391 75 44 the
407 1389 189 54 Tappan
623 1391 100 44 Zee.
792 1389 270 55 (26-17835)

161 1476 315 73 Hoffman,
515 1477 79 59 W
902 1476 75 59 D.

160 1553 1962 151 The man from El Paso, by W. D. Hoffman … Chicago,
355 1632 75 57 A.
463 1631 63 59 C.
555 1631 299 73 McClurg
881 1631 49 58 &
958 1651 105 51 co.,
1094 1632 164 56 1926.

230 1706 791 56 4 p. l., 285 p. 19½cm. $2.00
159 1765 53 53 ©
240 1767 102 44 Oct.
371 1765 60 51 16,
463 1766 105 44 1926;
620 1766 63 43 2c.
714 1766 100 44 Oct.
846 1765 74 52 19;
951 1765 78 44 aff.
1061 1766 101 44 Oct.
1196 1765 74 53 18;
1300 1765 44 43 A
1373 1764 189 54 950523;
1593 1766 56 44 A.
1679 1764 49 46 C.
1760 1764 225 54 McClurg
2013 1766 37 44 &
2076 1781 66 29 co.

235 1821 269 57 (26-18098)

162 1908 300 67 Houston,
500 1907 297 60 William.

237 1986 129 58 The
405 1986 226 58 church
668 1989 64 54 at
769 1985 104 58 the
910 1984 382 72 university;
1331 1986 112 57 her
1482 1987 478 71 opportunities,
159 1986 1964 147 obligations

449 2064 123 57 and
611 2063 303 70 methods,
958 2064 84 71 by
1082 2063 279 58 William
1403 2063 307 58 Houston.
1796 2063 352 68 Columbus,

218 2194 11 9 O.
280 2142 129 59 [The
435 2140 444 59 Westminster
905 2141 373 58 foundation
1308 2141 68 58 of
1405 2140 173 75 Ohio]
1611 2143 164 58 1926.

233 2219 79 45 116
341 2235 41 38 p.
439 2219 150 45 23½cm.

159 2276 53 53 ©
245 2276 119 54 Sept.
391 2274 66 55 27,
491 2276 129 52 1926;
650 2277 64 42 2c.
748 2275 119 53 Sept.
904 2274 75 54 17;
1013 2277 78 43 aff.
1126 2276 120 52 Sept.
1280 2276 77 52 30;
1392 2276 44 43 A
1468 2275 188 53 949354;
1689 2278 74 43 W.
1798 2278 226 52 Houston,
229 2277 1894 110 Columbus,
503 2369 8 7 O.
578 2332 270 56 (26-17751)

161 2419 314 69 Huonder,
517 2419 226 68 Anton,
789 2422 188 57 1858-

237 2497 87 57 At
351 2497 103 58 the
482 2498 128 57 feet
639 2495 68 59 of
731 2497 105 60 the
863 2496 209 58 divine
1101 2497 241 57 Master;
1407 2498 175 59 short
1608 2497 403 59 meditations
2043 2498 104 59 for

159 2577 160 69 busy
347 2572 219 74 parish
595 2574 254 72 priests,
878 2575 84 70 by
990 2574 104 58 the
1126 2576 149 56 Rev.
1310 2575 300 72 Anthony
1638 2575 324 71 Huonder,
2029 2623 11 11 S.
2115 2624 31 27 J.,

162 2650 204 73 freely
407 2651 272 72 adapted
721 2650 132 59 into
898 2651 285 73 English,
1229 2652 207 58 edited
1478 2653 84 72 by
1605 2654 243 57 Arthur
1894 2654 251 58 Preuss.

164 2727 241 61 Second
442 2727 212 73 series,
689 2730 103 56 the
827 2729 181 72 night
1043 2729 70 58 of
1148 2729 103 59 the
1288 2730 276 73 passion.
1643 2730 90 60 St.
1770 2731 212 68 Louis,
2023 2732 123 57 Mo.

162 2805 122 59 and
308 2806 278 68 London,
611 2806 73 57 B.
710 2806 251 58 Herder
986 2807 161 58 book
1173 2828 107 52 co.,
1308 2808 166 59 1926.

231 2879 60 53 vi,
317 2881 78 45 341
424 2897 42 38 p.
527 2882 51 45 19½c
628 2885 30 19 m
664 2918 9 8 .

160 2937 53 53 ©
247 2938 101 44 Oct.
383 2939 38 51 8,
457 2939 128 51 1926;
620 2940 64 42 2c.
718 2941 87 43 and
838 2941 79 43 aff.
954 2941 101 45 Oct.
1095 2942 74 51 11;
1206 2942 44 43 A
1284 2940 190 56 950407;
1514 2943 50 44 B.
1601 2943 183 44 Herder
1816 2945 120 43 book
1968 2960 65 29 co.

239 2995 245 54 (26-17840)

162 3078 233 74 Irving,
434 3080 433 74 Washington,
910 3086 358 56 1783-1859.

309 3157 1774 77 … The Alhambra, edited by Frederick Houk Law …
166 3234 1693 85 Boston, New York [etc.] Allyn and Bacon [ c 1926]
232 3310 62 55 xi,
323 3312 78 44 401
436 3327 39 38 p.
536 3313 129 53 illus.,
695 3314 156 54 plates,
882 3323 113 47 port.
1085 3315 25 45 17
1116 3320 47 18 cm
1168 3352 8 8 .
1247 3318 258 54 (Academy
1535 3319 184 45 classics
1754 3319 74 46 for
1858 3321 155 53 junior
2042 3322 107 54 high

163 3368 201 55 schools)

234 3426 324 54 Bibliography:
616 3443 39 39 p.
680 3428 204 46 373-374.

162 3482 53 53 ©
249 3485 115 51 June
399 3485 64 51 26,
504 3486 129 52 1926;
667 3486 65 44 2c.
772 3487 102 45 Oct.
915 3489 75 49 11;
1028 3489 78 43 aff.
1147 3490 101 44 Oct.
1286 3490 49 51 9;
1375 3490 44 43 A
1455 3488 186 55 950443;
1682 3491 140 53 Allyn
1859 3492 86 44 and
1983 3493 164 44 Bacon,

247 3540 53 53 [©
336 3557 100 29 new
467 3550 181 47 matter]
719 3543 270 56 (26-17989)

164 3623 228 69 James,
430 3626 253 58 Gorton.

244 3701 198 61 Profit
481 3704 257 75 sharing
772 3709 121 56 and
931 3709 173 57 stock
1137 3710 352 72 ownership
1524 3710 106 57 for
1663 3713 370 71 employees,
2065 3712 82 73 by

169 3779 1910 82 Gorton James … Henry S. Dennison … Edwin F. Gay …
169 3858 1978 73 Henry P. Kendall … Arthur W. Burritt … New York
167 3939 121 56 and
320 3938 276 74 London,
630 3940 254 73 Harper
917 3942 48 58 &
994 3943 309 75 brothers,
1340 3947 165 57 1926.
