2542 4285
1338 4004 150 57 1206

487 481 96 52 xiii,
620 483 77 44 891
733 496 42 37 p.
836 480 116 45 illus.
1011 480 55 46 24
1072 483 47 18 cm
1125 516 9 9 .
1202 480 290 52 (Half-title:
1532 479 350 46 McGraw-Hill
1914 478 304 52 publications
2253 478 46 47 in
2333 482 76 44 the

417 550 297 52 agricultural
744 553 88 43 and
860 551 226 46 botanical
1115 549 210 52 sciences,
1358 550 50 46 C.
1440 550 58 44 V.
1530 550 148 51 Piper,
1707 547 262 53 consulting
1995 547 171 53 editor)
2286 547 125 54 $7.00

489 619 221 47 Contains
740 618 369 52 bibliographies.

420 672 53 54 ©
506 674 99 44 Oct.
642 674 62 51 13,
740 672 130 54 1926;
901 674 64 42 2c.
1000 673 100 44 Oct.
1136 673 74 51 16;
1246 672 78 43 aff.
1361 672 101 44 Oct.
1500 673 74 51 19;
1611 672 44 42 A
1685 671 189 53 949627;
1910 671 350 46 McGraw-Hill
2289 672 121 44 book

489 747 79 36 co.,
603 731 82 43 inc.
755 729 270 56 (26-18296)

422 816 340 71 Herschell,
798 814 297 75 William,
1133 818 189 57 1873-

494 908 128 57 The
657 905 477 73 smile-bringer,
1167 907 124 58 and
1324 907 178 57 other
1532 905 124 59 bits
1690 904 69 60 of
1789 905 200 72 cheer,
2019 906 84 73 by
2132 904 280 59 William

413 982 1973 137 Herschell … illustrated with photographs by Paul Shideler.
593 1060 455 73 Indianapolis,
1080 1063 130 59 The
1242 1059 485 60 Bobbs-Merrill
1759 1078 307 56 company
2101 1089 14 44 [
2116 1068 19 23 c
2138 1060 166 73 1926]

484 1136 832 56 6 p. l. , 179, [1] p. illus. 20½c m .
489 1194 181 44 Poems.

418 1249 55 54 ©
504 1251 100 44 Oct.
639 1251 64 52 19,
736 1251 129 52 1926;
896 1251 63 43 2c.
993 1251 102 44 Oct.
1124 1248 78 55 25;
1235 1251 80 44 aff.
1350 1250 102 45 Oct.
1482 1250 81 53 23;
1595 1251 43 43 A
1672 1250 188 53 949706;
1897 1249 360 46 Bobbs-Merrill
2287 1265 66 30 co.

495 1306 270 57 (26-18752)

419 1407 370 53 Hershfield.
825 1406 231 54 Bessie.

413 1497 1855 116 … קארעלן… [שיה אַ גע, איהואע פרויען ק ונסט קלו בּ ,
2263 1637 154 70 [1926

485 1749 67 52 94,
587 1748 53 56 [2]
675 1762 39 39 p.
775 1749 117 44 illus.
950 1747 57 46 20
1011 1751 47 19 cm
1063 1783 10 10 .

488 1847 1253 48 Author’s name בּעסי הערשפּעלר at head of title.
487 1918 122 45 Title
651 1919 387 54 (transliterated):
1108 1919 188 44 Kareln.

418 1975 53 54 ©
502 1978 114 50 June
648 1978 62 49 18,
746 1976 130 53 1926;
908 1977 64 43 2c.
1003 1977 88 43 and
1122 1977 79 44 aff.
1233 1976 120 53 Aug.
1384 1976 79 53 20;
1499 1977 44 43 A
1576 1977 189 53 949216;
1803 1978 49 44 B.
1887 1979 277 54 Hershfield,
2197 1978 213 55 Chicago.

497 2033 269 56 (26-18397)

420 2118 148 71 Hill,
610 2119 228 59 Judith
873 2119 203 59 Parks
1113 2118 311 60 America.

494 2210 59 57 A
585 2210 249 73 history
869 2210 69 58 of
971 2210 223 73 Henry
1230 2210 265 73 County,
1528 2210 310 75 Virginia,
1875 2212 150 59 with
418 2212 1973 134 biographical

541 2288 279 59 sketches
849 2288 69 58 of
944 2289 83 58 its
1055 2291 164 56 most
1246 2289 357 72 prominent
1629 2290 254 60 citizens
1915 2291 124 58 and
419 2291 1973 135 genealogical

546 2365 296 60 histories
880 2366 69 58 of
983 2365 138 59 half
1156 2387 37 38 a
1227 2367 287 59 hundred
1549 2368 67 57 of
1649 2367 82 59 its
1769 2368 201 59 oldest
2003 2368 293 75 families,
2336 2371 81 71 by

417 2444 227 59 Judith
681 2444 201 58 Parks
921 2443 294 60 America
1250 2444 150 57 Hill.
1484 2444 440 75 Martinsville,
1963 2445 136 73 Va.,
2138 2447 165 58 1925.

488 2522 767 54 332 p., 1 l. plates, ports. 23½cm.
418 2578 53 54 ©
501 2579 108 45 Dec.
639 2581 64 52 22,
738 2578 104 45 1925;
899 2580 65 43 2c.
997 2580 102 44 Oct.
1135 2581 64 51 11,
1232 2579 130 54 1926;
1394 2580 80 44 aff.
1507 2580 101 44 Oct.
1641 2579 75 54 16;
1750 2581 46 42 A
1825 2580 189 53 949620;
2049 2582 40 52 J.
2122 2582 51 44 P.
2204 2581 59 44 A.
2296 2581 115 53 Hill,

488 2637 319 53 Martinsville,
840 2638 86 43 Va.
995 2636 270 56 (26-18142)

419 2722 347 71 Hirshfeld,
808 2723 295 59 Clarence
1140 2723 219 74 Floyd,
1400 2727 189 56 1881-

495 2814 320 60 Elements
867 2816 67 57 of
977 2816 389 72 heat-power
1413 2816 421 75 engineering,
1881 2817 84 73 by
2009 2817 279 59 William
2336 2817 75 58 N.

417 2892 1972 137 Barnard … Frank O. Ellenwood … Clarence F. Hirshfeld
644 2972 1769 73 … pt. 1. Thermodynamics and prime movers. New
417 3049 189 73 York,
648 3050 60 58 J.
747 3050 209 72 Wiley
993 3050 48 57 &
1080 3069 164 53 sons,
1282 3051 150 72 inc.;
1474 3052 277 73 London,
1795 3051 323 73 Chapman
2158 3052 48 57 &
2243 3051 168 72 Hall,

416 3127 258 72 limited,
709 3129 165 56 1926.

488 3205 18 42 1
545 3218 40 30 V.
646 3205 130 52 illus.,
812 3204 158 53 tables,
1008 3205 167 54 diagrs.
1239 3206 152 45 23½cm.

492 3260 173 47 “Third
691 3262 167 45 edition
884 3263 51 44 of
960 3263 99 44 first
1085 3270 102 45 part
1211 3262 52 45 of
1290 3263 244 45 Hirshfeld
1560 3265 86 43 and
1675 3265 246 44 Barnard’s
1949 3264 232 48 Elements
2207 3264 55 45 of
2286 3264 128 46 heat-

422 3332 153 38 power
608 3318 303 55 engineering,
951 3320 267 53 completely
1257 3320 233 45 rewritten
1527 3321 58 53 by
1623 3320 50 45 F.
1713 3322 56 44 O.
1807 3319 269 48 Ellenwood
2112 3324 88 43 and
2235 3323 75 43 W.
2352 3322 59 45 N.

422 3375 246 46 Barnard.”

418 3431 53 54 ©
502 3432 119 54 Sept.
649 3434 66 49 20,
749 3434 106 44 1926;
909 3435 64 43 2c.
1003 3435 101 44 Oct.
1135 3434 48 53 7;
1215 3436 78 43 aff.
1324 3436 103 44 Oct.
1461 3436 75 53 14;
1567 3436 44 43 A
1639 3434 191 55 950475;
1860 3436 209 46 William
2099 3437 60 44 N.
2191 3437 221 54 Barnard,

489 3490 154 44 Frank
675 3491 54 44 O.
762 3490 278 55 Ellenwood,
1073 3493 170 52 Ithaca,
1276 3493 61 45 N.
1369 3494 71 53 Y.,
1473 3495 89 43 and
1595 3493 215 45 Clarence
1841 3493 51 45 F.
1925 3491 257 56 Hirshfeld,
2217 3495 195 45 Detroit.

497 3547 271 56 (26-18157)

423 3630 252 73 Hiscox,
707 3634 287 58 Gardner
1023 3634 249 71 Dexter,
1307 3638 56 58 d.
1398 3638 167 58 1908.

497 3723 388 59 Mechanical
912 3730 404 68 movements,
1348 3745 241 54 powers
1623 3728 125 58 and
1779 3727 243 59 devices;
2087 3746 37 39 a
2153 3729 263 57 treatise

422 3801 355 74 describing
824 3801 382 60 mechanical
1253 3808 382 56 movements
1685 3805 126 58 and
1856 3805 243 59 devices
2149 3806 155 57 used
2353 3806 63 57 in

422 3878 417 61 constructive
867 3886 124 57 and
1017 3882 323 71 operative
1366 3882 363 72 machinery
1756 3884 124 60 and
1905 3883 104 59 the
2037 3883 379 59 mechanical
