2542 4285
1373 3931 110 55 604

419 319 176 67 Hart,
633 318 222 58 Albert
886 317 313 72 Bushnell,
1237 320 189 55 1854-

420 408 1983 150 School history of the United States, by Albert Bushnell Hart … Rev. New York, Cincinnati [etc.] American
420 567 157 59 book
607 583 303 54 company
942 595 12 43 [
958 573 16 21 c
978 566 165 70 1926]

491 652 1635 56 520, xxxiv p. col. front., illus. (part col., incl. maps) 20 ½ cm .
493 726 156 45 ‘‘Brief
675 725 73 46 list
775 727 51 44 of
854 726 113 45 desk
989 726 172 45 books”
1178 741 8 29 :
1215 739 41 38 p.
1285 724 93 46 5-6.

493 784 125 42 “List
647 785 51 44 of
727 783 247 51 important
1005 782 167 45 books”
1191 798 8 29 :
1231 796 40 37 p.
1302 781 239 44 xxi-xxiv.

423 850 51 53 ©
507 852 109 51 May
650 851 61 51 19,
745 851 129 51 1926;
905 851 65 42 2c.
1000 851 86 42 and
1116 850 79 43 aff.
1227 850 111 51 May
1368 849 78 52 22;
1479 849 43 42 A
1554 846 189 54 891589;
1776 848 56 42 A.
1868 848 49 43 B.
1951 849 134 51 Hart,
2120 846 285 51 Cambridge,

493 908 140 43 Mass.
702 907 269 54 (26-11639)

423 1004 266 74 Hennig,
730 1004 291 72 Richard,
1065 1008 187 55 1874-

566 1095 1843 72 … Von rätselhaften ländern; versunkene stätten der
423 1174 365 74 geschichte.
873 1174 324 71 München,
1238 1170 514 75 Delphin-verlag
1793 1204 13 42 [
1806 1182 20 20 c
1830 1174 163 71 1925]

495 1264 969 52 326 p., 1 l. illus. (incl. maps) 21 cm .
423 1332 51 53 ©
507 1334 108 42 Dec.
648 1334 33 49 1,
717 1331 129 52 1925;
882 1333 60 42 1c.
975 1333 117 41 Mar.
1125 1333 35 49 9,
1198 1331 128 51 1926;
1361 1331 43 41 A
1406 1329 252 54 —Foreign
1691 1330 159 52 30568;
1885 1329 373 53 Delphin-verlag
2299 1331 107 52 (Dr.

494 1388 832 54 Richard Landauer) (26 – 11401)
427 1487 289 69 Hichens,
751 1487 232 57 Robert
1015 1485 273 74 Smythe.

503 1580 128 55 The
659 1579 311 56 memoirs.

503 1670 78 51 (In
611 1669 332 41 Hutchinson’s
971 1669 255 50 magazine,
1254 1669 121 50 June
1403 1669 92 40 and
1522 1669 127 50 July,
1679 1669 126 50 1926)

426 1736 1983 54 © 1c. July 23, 1926; A ad int. 8356; pubd. May 28; R. S. Hichens, Tour de
522 1796 138 51 Peilz,
689 1809 108 29 near
824 1795 169 52 Vevey,
1027 1793 310 47 Switzerland.

425 1893 383 73 Hightower,
850 1893 192 74 Clyde
1080 1895 94 57 W.

506 1986 1840 73 Shadows of the valley, by Clyde W. Hightower …
427 2065 384 72 Hollywood,
863 2064 203 71 Calif.,
1114 2065 207 58 David
1366 2064 274 59 Graham
1691 2062 259 60 Fischer
1997 2064 417 74 corporation,

428 2144 163 55 1926.

498 2234 79 45 327
604 2249 40 36 p.
705 2234 53 43 20½
794 2237 14 17 cm
848 2272 7 6 .

428 2300 51 53 ©
512 2303 111 51 May
652 2302 66 51 26,
753 2302 128 51 1926;
910 2302 65 42 2c.
1008 2302 85 43 and
1124 2302 75 42 aff.
1233 2303 114 51 June
1382 2303 45 49 1;
1462 2302 43 42 A
1537 2301 188 52 890977;
1762 2301 47 44 C.
1843 2304 73 42 W.
1951 2302 287 53 Hightower,
2271 2302 141 53 Eagle

499 2360 137 49 Rock,
673 2358 131 44 Calif.
875 2357 270 55 (26-11635)

428 2456 148 74 Hill,
610 2458 219 73 Henry
863 2458 214 69 Chase,
1116 2460 90 57 ed.

506 2550 128 56 The
661 2551 252 56 wonder
936 2549 159 57 book
1122 2550 66 56 of
1215 2549 358 73 knowledge;
1633 2550 103 57 the
1761 2551 273 57 marvels
2062 2551 68 56 of
2153 2552 259 56 modern

428 2626 291 73 industry
743 2629 122 56 and
891 2628 340 72 invention,
1259 2628 105 57 the
1388 2628 376 72 interesting
1790 2628 227 58 stories
2044 2629 67 57 of
2135 2647 277 40 common

428 2703 227 78 things,
706 2706 103 57 the
854 2706 380 71 mysterious
1282 2725 323 51 processes
1654 2707 68 56 of
1766 2710 226 53 nature
2041 2706 228 72 simply
427 2726 1963 131 explained,
734 2784 303 71 compiled
1073 2785 123 56 and
1231 2784 206 57 edited
1470 2785 84 70 by
1587 2784 219 72 Henry
1843 2783 201 59 Chase
2080 2784 149 74 Hill,
2264 2784 150 58 with

431 2863 101 56 the
570 2862 426 71 co-operation
1032 2863 67 56 of
1138 2864 251 69 experts
1429 2863 436 72 representing
1904 2864 148 55 each
2087 2863 324 71 industry;

430 2940 357 59 illustrated
824 2940 151 57 with
1015 2940 109 56 780
1161 2940 431 72 photographs
1633 2942 121 56 and
1794 2940 332 72 drawings.
430 2938 1959 154 Philadelphia,
724 3019 128 56 The
877 3018 168 58 John
1074 3017 63 59 C.
1162 3018 292 58 Winston
1480 3037 304 52 company
1812 3049 13 43 [
1828 3026 18 22 c
1850 3020 163 71 1926]

503 3096 968 52 1 p. l., 606 p. col. front., illus. 24 cm .
432 3151 54 53 ©
514 3152 104 44 Feb.
644 3152 68 51 24,
744 3152 128 51 1926;
901 3152 65 43 2c.
998 3152 111 52 May
1135 3152 78 51 28;
1245 3152 78 42 aff.
1355 3152 111 51 May
1494 3151 78 52 27;
1603 3152 42 41 A
1676 3150 188 53 891569;
1896 3152 47 42 L.
1975 3150 53 44 T.
2062 3152 169 51 Myers,
501 3150 1894 110 Philadelphia.
758 3208 269 53 (26-11698)

432 3306 267 69 Holmes,
737 3307 237 71 George
1007 3305 317 70 Winslow,
1362 3309 188 56 1876-

507 3399 323 70 Roentgen
871 3397 520 72 interpretation;
1439 3417 38 37 a
1519 3398 254 56 manual
1814 3396 106 58 for
1965 3398 283 56 students
2296 3398 123 57 and

433 3474 1983 73 practitioners, by George W. Holmes … and Howard E.
432 3551 1962 150 Ruggles … 3d ed., rev., with 226 illustrations. Philadelphia and New York, Lea & Febiger, 1926.
503 3705 70 48 vii,
611 3704 161 44 17-326
802 3720 38 37 p.
903 3705 130 51 illus.,
1066 3704 167 53 diagrs.
1293 3705 151 44 24½cm.

506 3760 322 52 Bibliography
856 3768 47 36 at
930 3761 81 43 end
1041 3760 51 44 of
1121 3760 107 44 each
1255 3760 185 52 chapter
1469 3768 160 45 except
1655 3762 72 42 the
1760 3760 99 44 last.

433 3813 54 53 ©
517 3816 110 52 May
653 3815 65 50 27,
752 3816 127 51 1926;
907 3816 62 42 2c.
999 3817 113 51 June
1142 3817 45 49 1;
1219 3816 77 43 aff.
1327 3817 111 52 May
1464 3817 78 51 29;
1572 3816 43 42 A
1645 3815 187 53 891605;
1865 3817 88 42 Lea
1983 3818 37 42 &
2048 3816 206 52 Febiger.

514 3870 268 55 (26-11671)
