2542 4285
1272 3957 150 55 1534

366 322 145 52 New
540 322 161 52 York
768 322 191 69 (State)
1043 322 277 68 Supreme
1351 329 173 46 court.

499 399 1854 70 … Reports of cases heard and determined in the appellate
367 477 1980 70 division … Austin B. Griffin, reporter, v. 217. [May to July]
369 557 148 48 1926.
594 553 219 54 Official
842 555 83 52 ed.
1000 554 249 68 Albany,
1278 555 55 53 J.
1365 556 66 51 B.
1460 556 164 68 Lyon
1651 574 297 50 company,
1977 558 149 49 1926.

433 634 117 48 lxix,
578 635 85 41 864
688 646 44 37 p.
790 636 57 40 23½
879 637 45 22 cm
929 668 8 8 .

366 686 52 52 ©
447 692 111 39 Dec.
587 690 68 48 16,
684 691 140 47 1926;
856 692 67 39 2c.
952 693 95 38 and
1076 691 81 40 aff.
1187 693 113 39 Dec.
1329 692 83 47 27;
1443 693 42 38 A
1512 692 199 48 958479;
1743 693 230 39 Florence
2003 693 53 39 E.
2089 693 45 40 S.
2165 693 190 48 Knapp,

434 749 247 45 secretary
714 747 52 39 of
797 749 81 38 the
912 750 128 37 state
1074 748 51 39 of
1158 748 119 43 New
1309 749 143 47 York,
1488 748 52 39 in
1573 751 128 37 trust
1732 749 80 39 for
1847 750 81 39 the
1962 750 167 46 people
2164 748 51 40 of
2248 749 108 40 said

433 804 141 46 state,
606 804 205 46 Albany.

359 868 372 64 Noussanne,
764 870 188 52 Henri
984 870 88 63 de,
1110 873 172 50 1865-

364 947 1964 148 … Vive l’empereur; ou: Comment en finir avec une république
586 1025 154 54 folle.
816 1026 185 68 Paris,
1034 1027 55 53 J.
1124 1028 327 66 Peyronnet
1481 1029 45 50 &
1557 1046 27 34 ci
1603 1033 19 21 e
1627 1068 11 26 ,
1672 1029 149 50 1925.

439 1107 439 50 93 p., 1 l. 19 cm .
359 1158 1998 55 © Dec. 10, 1925; 1c. Jan. 25, 1926; A—Foreign 29920; J. Peyronnet &
431 1231 68 30 co.
568 1220 223 49 (27-592)

360 1287 195 62 Owen,
586 1286 155 54 John
769 1286 65 54 P.

437 1364 179 56 Owen
664 1365 302 54 A—B—C
1019 1365 335 61 shorthand,
1405 1366 96 52 the
1552 1366 382 67 alphabetical
1986 1371 226 64 system,

362 1366 1970 145 designed
591 1443 94 52 for
710 1443 290 52 universal
1026 1462 97 34 use
1149 1443 76 68 by
1252 1444 157 53 John
1436 1445 65 51 P.
1533 1443 194 63 Owen,
1827 1486 9 10 LL.
1923 1485 11 11 M.
2009 1444 138 52 New
2176 1444 180 68 York,

363 1519 1478 71 N. Y., The Owen publishing company [ c 1926]
434 1604 635 47 1 p. l., v-x, 132 p. 20 cm .
361 1654 54 53 ©
443 1661 112 38 Dec.
584 1660 68 47 11,
682 1660 141 47 1926;
855 1661 68 38 2c.
953 1661 113 38 Dec.
1096 1659 83 47 20;
1213 1659 82 40 aff.
1326 1661 113 38 Dec.
1469 1660 82 46 18;
1582 1660 42 38 A
1653 1659 200 47 957797;
1888 1660 43 39 J.
1963 1661 51 38 P.
2046 1660 161 46 Owen,
2237 1661 119 38 New

427 1716 144 40 York.
641 1715 222 48 (27-423)

355 1781 178 64 Page,
569 1781 257 54 William
863 1781 213 63 Adino,
1118 1783 171 51 1877-

433 1861 226 52 Behind
688 1861 96 52 the
816 1861 253 52 curtains
1098 1859 65 53 of
1191 1861 97 52 the
1318 1860 323 69 Broadway
1670 1860 209 69 beauty
1907 1864 168 64 trust,
2103 1861 76 68 by
2210 1860 140 56 Will

360 1938 72 53 A.
471 1941 173 67 Page,
682 1938 139 52 with
863 1957 73 33 an
974 1938 391 52 introduction
1404 1938 75 68 by
1519 1937 149 55 Jack
1704 1938 152 66 Lait,
1895 1938 300 69 including

359 1956 1969 114 several
514 2017 194 52 letters
745 2016 75 69 by
860 2017 263 52 Bernard
1166 2015 186 55 Shaw.
1427 2016 140 52 New
1607 2016 181 68 York,
1825 2017 122 53 The
1984 2017 255 52 Edward
2279 2016 71 53 A.

359 2095 196 52 Miller
582 2093 336 70 publishing
945 2113 98 49 co.,
1074 2093 150 54 1927.

434 2175 1479 51 2 p. l., [1], iii, 227 p. col. front., plates, ports. 20 cm .
356 2228 1996 54 © Dec. 13, 1926; 2c. and aff. Dec. 31; A 958540; W. A. Page, New York.
436 2289 223 49 (27-599)

356 2355 260 64 Patrick,
644 2354 377 66 Wellington,
1053 2374 178 53 comp.

428 2435 58 52 A
514 2435 199 52 debate
743 2434 307 53 handbook
1078 2453 73 34 on
1183 2453 31 33 a
1244 2435 259 51 national
1536 2435 363 67 department
1928 2433 65 54 of
2022 2434 328 53 education:

359 2513 171 69 being
562 2532 32 33 a
628 2513 314 53 discussion
974 2512 65 53 of
1070 2513 97 52 the
1201 2514 270 66 proposal
1506 2512 96 53 for
1634 2532 32 33 a
1700 2512 259 53 national
1992 2513 360 67 department

359 2592 66 52 of
465 2591 318 67 education,
824 2591 141 52 with
1008 2610 31 33 a
1080 2591 373 67 compilation
1493 2590 65 53 of
1598 2590 226 53 articles
1867 2609 73 34 on
1980 2591 97 52 the
2118 2590 236 69 subject,

359 2668 1716 70 compiled by Wellington Patrick … and Louis Clifton …
358 2669 1971 146 Lexington,
610 2747 339 69 University
982 2746 65 53 of
1078 2747 325 67 Kentucky,
1440 2750 148 50 1926.

428 2830 87 40 204
531 2841 42 37 p.
627 2831 56 40 23
686 2833 45 20 cm
736 2863 9 8 .
809 2831 97 48 (On
1020 2841 74 29 cover:
1118 2830 231 48 Bulletin,
1370 2830 282 48 University
1672 2830 50 40 of
1740 2831 272 46 Kentucky.
2068 2829 281 48 University

358 2888 1352 48 extension series, November, 1926 … vol. v, no. 6)
430 2945 309 48 “Appendix:
775 2945 149 40 Hints
950 2948 49 37 to
1026 2944 282 40 debaters”:
1344 2956 43 36 p.
1460 2944 204 40 [191]-204.

430 3003 376 47 Bibliography:
841 3013 44 37 p.
910 3002 249 49 [183]-189.

353 3055 1761 54 © Nov. 10, 1926; 2c. Dec. 3; aff. Dec. 1; A 957412; University
2144 3056 51 40 of
425 3056 1909 108 Kentucky.
656 3115 223 49 (27-427)

352 3183 317 62 Plummer,
704 3181 254 54 Edward
992 3181 296 62 Clarence,
1324 3184 172 49 1863-

421 3261 449 53 Reminiscences
905 3258 65 54 of
1004 3279 31 33 a
1071 3259 326 52 Yarmouth
1432 3258 322 69 schoolboy,
1786 3258 76 69 by
1897 3258 255 53 Edward

351 3257 1975 147 Clarence Plummer … Portland, Marks printing house, 1926.
422 3420 86 40 263
532 3431 43 37 p.
637 3418 165 48 front.,
828 3420 172 47 plates,
1026 3421 149 46 ports.
1237 3418 58 40 20
1297 3420 45 21 cm
1346 3450 9 9 .

355 3471 52 52 ©
440 3477 111 39 Dec.
583 3477 70 46 11,
685 3475 141 47 1926;
860 3476 69 39 2c.
962 3476 112 39 Dec.
1108 3474 81 48 15;
1225 3474 82 41 aff.
1343 3475 111 39 Dec.
1488 3474 83 48 20;
1606 3475 41 38 A
1679 3473 201 48 958419;
1918 3473 53 40 E.
2048 3505 7 8 C.
2089 3474 257 46 Plummer,

424 3531 334 49 Washington.
828 3531 223 48 (27-587)

351 3599 233 62 Richer,
611 3597 147 54 Paul
786 3598 188 52 Marie
1000 3597 181 53 Louis
1208 3598 220 52 Pierre.

426 3677 274 52 Nouvelle
743 3676 284 52 anatomie
1072 3675 301 68 artistique
1414 3675 77 52 du
1532 3693 163 50 corps
1736 3674 252 53 humain.
2067 3693 51 34 v.
2165 3673 181 54 Cours

356 3754 293 68 supérieur
698 3754 225 68 (suite).
996 3755 80 51 Le
1114 3773 77 32 nu
1230 3754 141 52 dans
1408 3753 147 52 l’art.
1652 3758 39 47 [t.
1729 3756 32 48 2]
1857 3752 162 52 L’art
2055 3769 148 51 grec,
2240 3769 106 50 par

354 3831 1628 68 le Dr. Paul Richer … Paris, Librairie Plon, 1926.
