2542 4285
1085 3972 146 55 1333

178 354 507 73 Coolidge-Rask,
721 354 218 59 Marie.

253 445 347 73 Sparrows,
636 445 317 59 novelized
988 445 82 72 by
1104 445 201 59 Marie
1344 444 510 74 Coolidge-Rask,
1892 444 266 74 original

176 528 177 68 story
396 524 82 71 by
521 523 315 58 Winifred
882 523 204 70 Dunn,
1134 523 357 58 illustrated
1537 522 147 58 with
1733 541 211 40 scenes
1993 524 162 56 from

174 601 104 58 the
339 601 343 71 photoplay
745 601 280 71 starring
1089 601 185 71 Mary
1338 599 316 58 Pickford.
1757 600 149 57 New
1970 599 188 70 York,

175 678 258 59 Grosset
461 678 49 58 &
534 678 249 71 Dunlap
817 705 14 44 [
832 687 18 21 c
854 678 163 72 1926]

243 754 916 54 3 p. l., 305 p. front., plates. 19 cm .
171 811 52 54 ©
257 814 99 43 Oct.
388 811 66 52 25,
489 813 105 43 1926;
650 813 62 41 2c.
745 813 85 42 and
864 812 78 43 aff.
977 813 100 43 Oct.
1110 810 54 44 27;
1224 812 44 42 A
1300 810 164 44 958062;
1528 811 187 46 Grosset
1748 811 37 44 &
1819 811 192 51 Dunlap.

246 870 266 53 (26-20888)

174 955 212 68 Curoe,
428 953 209 74 Philip
673 954 54 58 R
1037 954 59 58 V
1407 955 188 57 1892-

243 1045 1911 75 Principles of education, by Philip R. V. Curoe … New
167 1123 1163 71 York, Globe book company [ c 1926]
271 1238 9 13 v.
311 1204 79 45 138
418 1217 41 35 p.
523 1203 48 44 19½
606 1204 47 18 cm
658 1237 9 9 .

168 1256 54 53 ©
255 1258 100 43 Oct.
386 1257 66 51 23,
487 1256 105 44 1926;
646 1257 65 42 2c.
745 1256 100 43 Oct.
877 1254 78 53 25;
989 1256 78 42 aff.
1102 1256 100 43 Oct.
1237 1255 77 51 26;
1350 1255 44 42 A
1427 1254 163 45 950673;
1653 1254 141 45 Globe
1826 1254 121 45 book
1977 1270 63 28 co.

247 1313 267 55 (26-20886)

171 1397 295 73 Daniells,
506 1398 243 57 Arthur
789 1399 368 70 Grosvenor,
1203 1401 188 56 1858-

250 1490 215 59 Christ
498 1509 115 39 our
645 1489 469 73 righteousness;
1181 1508 40 39 a
1254 1491 188 70 study
1476 1490 66 57 of
1576 1491 103 57 the
1712 1490 341 72 principles
2089 1490 67 59 of

173 1568 468 73 righteousness
676 1568 81 70 by
792 1567 166 57 faith
993 1586 69 39 as
1101 1569 95 56 set
1231 1567 175 57 forth
1441 1567 66 57 in
1542 1568 104 57 the
1681 1568 200 58 Word
1917 1568 67 57 of
2019 1567 136 60 God

172 1647 122 56 and
325 1646 104 57 the
457 1645 286 72 writings
777 1645 66 56 of
874 1645 103 56 the
1013 1644 188 71 spirit
1232 1645 68 56 of
1329 1645 335 72 prophecy,
1696 1646 84 71 by
1808 1646 247 57 Arthur
2084 1645 69 59 G.

169 1722 298 58 Daniells.
543 1722 273 57 Takoma
850 1722 185 70 Park,
1069 1721 437 73 Washington,
1540 1722 73 57 D.
1652 1721 84 73 C.,
1775 1723 129 58 The
170 1722 1961 136 Ministerial

385 1799 376 58 association
792 1800 67 57 of
892 1799 426 72 Seventh-day
1347 1799 389 73 Adventists,
1770 1802 165 56 1926.

242 1874 809 55 1 p. l. , 5-165 p. 1 illus. 16 cm .
240 1934 71 44 “A
343 1933 287 55 compilation
662 1933 51 44 of
745 1933 75 45 the
854 1933 206 54 writings
1093 1934 52 44 of
1179 1934 114 43 Mrs.
1329 1932 51 49 E.
1419 1933 52 46 G.
1504 1933 155 46 White
1692 1949 57 29 on
1784 1933 76 45 the
1896 1934 178 53 subject
2104 1935 52 45 of

168 1991 293 54 justification
495 1992 57 52 by
586 1990 475 46 faith.”—Foreword.

167 2048 51 53 ©
254 2050 101 43 Oct.
389 2050 64 49 22,
495 2049 103 43 1926;
659 2049 65 43 2c.
762 2049 86 43 and
884 2049 77 43 aff.
1001 2050 99 43 Oct.
1138 2050 51 42 23;
1254 2049 44 42 A
1334 2048 164 44 949696;
1563 2049 183 44 Review
1784 2050 37 44 &
1857 2050 157 44 herald
2052 2051 100 52 pub.

234 2122 129 35 assn.,
407 2106 315 53 Washington.
792 2105 268 54 (26-20740)

170 2189 153 73 Day,
361 2188 214 58 Frank
608 2188 254 59 Parker.

245 2277 191 59 River
483 2278 66 57 of
594 2277 360 73 Strangers,
997 2278 82 72 by
1121 2278 216 57 Frank
1381 2278 240 58 Parker
1665 2279 156 72 Day.
1907 2278 247 60 Garden

171 2354 161 73 City,
366 2356 73 57 N.
473 2355 93 70 Y.,
598 2355 383 72 Doubleday,
1014 2355 171 73 Page
1219 2354 49 60 &
1299 2374 322 55 company,
1657 2358 163 56 1926.

237 2432 552 55 4 p. l. , 237 p. 19½ cm .
167 2490 51 53 ©
252 2490 116 53 Sept.
401 2492 66 51 24,
501 2490 103 43 1926;
661 2491 63 42 2c.
758 2490 86 44 and
875 2491 77 42 aff.
987 2491 117 42 Nov.
1141 2490 73 51 16;
1250 2491 44 42 A
1325 2489 188 53 958003;
1550 2491 280 52 Doubleday,
1863 2492 127 52 Page
2019 2493 38 43 &
2088 2507 64 28 co.

243 2547 267 55 (26-20762)

168 2634 117 58 Del
317 2634 186 70 Ruth,
540 2634 335 73 Hampton.

245 2724 155 57 Port
432 2727 62 53 o’
525 2723 180 57 heart
720 2725 46 55 ’s
799 2722 205 58 desire;
1071 2742 35 37 a
1140 2723 199 74 novel,
1372 2724 82 72 by
1485 2723 322 73 Hampton
1841 2724 118 58 Del
1989 2726 170 57 Ruth

235 2799 1924 75 … jacket painting in oil by Charles L. Wrenn. New
169 2880 187 71 York,
389 2880 73 58 N.
495 2880 72 56 Y.;
636 2878 286 71 Newark,
952 2878 75 57 N.
1062 2879 81 70 J.,
1175 2879 200 58 Barse
1409 2878 49 60 &
1487 2877 287 74 Hopkins
1810 2908 13 43 [
1827 2889 16 21 c
1848 2881 163 72 1926]

269 2955 647 56 x p, 2 l., 15-308 p. 19 cm .
163 3013 55 54 ©
252 3015 117 44 Nov.
406 3014 62 52 19,
504 3013 127 52 1926;
664 3015 63 42 2c.
760 3014 86 43 and
878 3014 77 42 aff.
989 3014 118 43 Nov.
1140 3013 77 52 20;
1252 3014 44 42 A
1328 3012 189 53 957149;
1556 3014 143 42 Barse
1730 3013 37 44 &
1800 3014 210 52 Hopkins.
2101 3012 53 54 [©

236 3072 193 44 revision
455 3073 86 42 and
566 3087 99 27 new
692 3071 220 52 material]
984 3070 269 54 (26-20889)

167 3159 282 67 Deuster,
488 3156 210 59 Adolf.

238 3248 503 71 Menschengüte,
793 3248 99 55 ein
937 3247 158 57 buch
1142 3265 142 38 vom
1337 3247 230 57 sehnen
1615 3247 329 57 moderner
170 3267 1965 132 menschen,

413 3344 122 38 von
577 3325 194 57 Adolf
815 3325 287 56 Deuster.
1186 3323 711 73 M[ünchen]-Gladbach,
168 3324 1966 151 Volksvereins-verlag
692 3431 12 43 [
706 3412 18 20 c
729 3403 162 71 1925]

238 3478 608 59 3 p. l., 9-236 p. 17 ½c m .
163 3534 1993 57 © Dec. 10, 1925; 1c. Mar. 9, 1926; A —Foreign 30555; Volksvereins-verlag,
234 3610 41 39 g.
311 3611 58 28 m.
408 3596 40 43 b.
487 3595 41 42 h.
597 3593 268 55 (26-20549)

170 3680 169 71 Duff,
378 3680 359 58 Alexander
774 3679 276 69 Wilmer,
1093 3682 189 56 1864-

250 3770 1904 75 College physics, by A. Wilmer Duff … New ed., rev.
172 3850 149 56 New
347 3850 174 56 York
549 3852 146 72 [etc.]
726 3849 374 72 Longmans,
1131 3848 204 60 Green
1365 3851 122 56 and
1518 3868 105 53 co.,
1653 3850 165 57 1926.
