2609 4293
0 0 0 0 91
148 354 150 57 New
331 351 172 58 York
576 350 172 73 (City)
840 351 314 59 Charters.

225 456 127 57 The
384 454 266 59 Greater
679 454 150 56 New
858 453 173 57 York
1063 453 248 57 charter
1344 473 70 38 as
1446 454 257 57 enacted
1732 452 65 58 in
1827 455 148 57 1897
2008 455 121 57 and

147 533 244 58 revised
422 533 64 55 in
522 532 165 72 1901,
723 551 69 38 as
827 531 249 57 further
1113 531 301 57 amended
1447 531 84 72 by
1566 531 377 73 subsequent
1979 535 149 70 acts,

148 612 176 56 down
352 613 64 54 to
447 611 123 56 and
599 609 321 71 including
948 608 102 57 the
1080 627 152 52 year
1266 609 166 71 1925,
1462 608 149 57 with
1642 609 196 58 notes’
1854 610 123 57 and
147 609 1959 137 references

441 691 63 53 to
552 686 258 71 judicial
858 686 308 60 decisions
1215 686 273 72 relating
1534 687 261 70 thereto,
1843 687 288 72 together

146 763 1985 74 with appendixes … and the English colonial charters, by
146 839 1984 78 Mark Ash … 5th ed. New York, Baker, Voorhis and
143 940 322 53 company,
493 922 164 55 1925.

213 1010 823 57 2 p. l., [iii]-lxxvi, 1627 p. 26 cm .
218 1082 270 45 “Addenda”
516 1083 209 42 mounted
751 1097 57 28 on
837 1082 122 44 front
987 1081 320 52 lining-paper.

144 1151 52 54 ©
231 1154 107 42 Dec.
371 1152 68 51 29,
476 1149 129 53 1925;
641 1151 64 43 2c.
740 1151 86 42 and
859 1151 79 42 aff.
972 1150 99 52 Jan.
1109 1150 67 52 23,
1214 1149 130 53 1926;
1381 1150 43 42 A
1460 1149 190 55 879360;
1690 1151 140 43 Mark
1865 1151 111 51 Ash,
2016 1152 116 43 New

214 1209 140 44 York.
423 1206 241 56 (26-2559)

142 1335 277 73 Newton,
454 1333 295 74 Douglas.

219 1436 246 73 Beauty
496 1438 121 56 and
649 1437 103 57 the
786 1437 194 57 beast.

214 1531 81 51 (In
328 1530 176 42 Strand
536 1528 256 51 magazine,
827 1529 116 50 Dec.,
982 1528 126 51 1925)

143 1595 1987 56 © 1c. Jan. 22, 1926; A ad int. 7850; pubd. Nov. 25, 1925; D. Newton,
212 1654 354 52 Crowborough,
607 1652 182 52 Sussex,
826 1652 222 53 England.

143 1779 288 71 Odeneal,
474 1780 268 57 Thomas
784 1777 200 71 Helm,
1027 1780 189 57 1889-

199 1884 442 73 Non-surgical
665 1886 338 54 treatment
1030 1881 67 59 of
1120 1882 277 58 diseases
1424 1881 67 59 of
1516 1882 103 58 the
1645 1883 236 72 mouth,
1906 1884 230 73 throat,

141 1958 1972 156 nose, ear, and eye, by Thomas H. Odeneal … Philadelphia,
337 2041 68 57 P.
434 2039 389 58 Blakiston’s
854 2057 111 40 son
993 2036 49 60 &
1070 2057 85 42 co.
1188 2068 13 44 [
1202 2046 19 22 c
1226 2038 164 74 1926]

209 2132 61 52 xi,
304 2133 80 43 428
415 2145 40 39 p.
515 2129 117 44 illus.
691 2129 151 45 21½cm.

141 2201 52 53 ©
225 2203 98 51 Jan.
355 2200 37 52 5,
426 2200 129 52 1926;
588 2201 64 42 2c.
684 2200 86 42 and
803 2199 78 43 aff.
913 2201 100 51 Jan.
1047 2198 49 52 6;
1129 2199 44 42 A
1205 2197 191 53 879140;
1434 2199 50 44 P.
1520 2199 274 45 Blakiston’s
1829 2215 81 29 son
1943 2201 37 44 &
2011 2216 66 29 co.

219 2257 240 56 (26-2531)

141 2370 173 59 Ohio.
387 2372 184 56 Laws,
624 2373 267 55 statutes,
948 2373 110 53 etc.

215 2476 231 71 Page’s
485 2493 134 37 new
659 2474 340 56 annotated
1041 2472 156 58 Ohio
1239 2473 256 71 general
1533 2474 180 70 code;
1754 2474 85 57 all
1875 2474 151 58 laws
2070 2474 66 59 of

140 2573 36 37 a
219 2553 255 73 general
515 2555 225 53 nature
785 2551 65 56 in
895 2550 173 58 force
1113 2553 64 54 to
1223 2550 146 58 date
1413 2551 69 57 of
1523 2551 418 73 publication;
1984 2552 152 59 with

138 2634 176 55 notes
356 2630 67 58 of
461 2629 327 71 decisions,
828 2626 278 75 showing
1144 2628 163 58 their
1348 2628 444 73 construction,
140 2629 1971 138 interpretation

366 2709 127 56 and
521 2706 384 73 application
933 2707 83 71 by
1044 2706 83 57 all
1157 2709 210 55 courts
1400 2707 68 57 of
1497 2708 221 58 record
1745 2708 67 57 in
1841 2707 175 75 Ohio,
139 2709 1974 151 including

425 2787 104 57 the
568 2786 244 57 federal
852 2787 229 70 courts,
1122 2784 290 73 together
1448 2784 154 58 with
1638 2788 179 56 notes
1859 2784 279 75 showing

139 2867 102 57 the
270 2864 352 74 legislative
652 2863 248 70 history
929 2862 67 57 of
1026 2862 148 59 each
1205 2862 254 71 section,
1492 2862 340 73 analogous
1868 2864 267 58 sections

140 2944 121 57 and
287 2941 554 60 cross-references
868 2944 64 54 to
959 2938 264 59 kindred
1253 2940 288 71 sections,
1566 2941 84 70 by
1672 2939 280 60 William
141 2941 1969 138 Herbert

310 3017 1824 76 Page … V. 1, 2. Cincinnati, The W. H. Anderson
138 3117 322 53 company,
496 3098 164 56 1926.

205 3189 29 42 2
292 3224 8 7 v.
359 3187 54 43 28
419 3190 46 17 cm
472 3222 9 8 .

140 3273 40 29 v.
218 3260 35 49 1,
286 3256 52 53 ©
370 3258 99 51 Jan.
503 3257 67 52 23,
606 3256 128 51 1926;
771 3256 63 43 2c.
869 3257 86 42 and
989 3256 79 42 aff.
1101 3256 98 52 Jan.
1231 3253 80 54 25;
1347 3271 40 27 v.
1421 3256 39 51 2,
1493 3253 53 55 ©
1582 3257 119 42 Mar.
1739 3257 49 52 8;
1823 3257 65 43 2c.
1925 3257 120 43 Mar.
2079 3257 49 51 9;

207 3316 79 42 aff.
313 3316 118 41 Mar.
463 3314 73 51 10;
565 3314 43 41 A
633 3312 179 52 879822,
838 3312 189 51 883042;
1057 3313 75 43 W.
1161 3313 61 42 H.
1249 3312 242 44 Anderson
1519 3327 64 29 co.

218 3370 241 55 (26-2613)

141 3496 266 72 [Onions,
449 3497 192 56 Berta
678 3494 194 76 Ruck]

219 3599 127 56 The
388 3598 177 71 pearl
606 3597 179 73 thief,
827 3599 82 71 by
950 3597 194 57 Berta
1188 3598 175 56 Ruck
1407 3600 250 72 [pseud.]
1744 3597 392 73 [Instalment

141 3677 201 72 10-13]

213 3767 79 51 (In
315 3766 233 42 Woman’s
575 3766 83 42 life
683 3767 256 51 magazine,
964 3767 113 41 Nov.
1107 3771 63 46 14,
1198 3771 65 47 21,
1291 3771 64 47 28,
1381 3768 102 41 Dec.
1511 3770 37 48 5,
1577 3766 128 51 1925)

140 3835 1989 53 © 1c. each Jan. 6, 1926; A ad int. 7605; pubd. Nov. 9, 16, 23, 30; Mrs.
211 3892 175 53 George
420 3892 168 51 Oliver,
623 3892 109 44 Fair
763 3892 124 53 Mile,
922 3892 499 53 Henley-on-Thames,
1455 3892 222 53 England.
