2609 4293
0 0 0 0 20
489 376 240 70 Grume,
770 376 267 57 Thomas
1078 375 266 58 Clinton.

561 460 1847 78 Evangelism in action, by Thomas Clinton Crume …
485 543 359 66 Louisville,
889 544 145 71 Ky.,
1077 542 398 58 Pentecostal
1518 538 363 73 publishing
1926 558 303 54 company
2274 571 13 43 [
2288 550 19 21 c
2311 541 163 71 1925]

555 621 82 44 246
664 635 40 39 p.
767 621 50 45 19½
849 621 48 19 cm
904 656 9 9 .

486 675 53 54 ©
576 679 107 42 Dec.
723 679 36 50 1,
797 676 129 53 1925;
961 677 65 43 2c.
1063 678 97 50 Jan.
1196 678 40 50 9,
1273 675 130 52 1926;
1440 675 78 43 aff.
1554 675 98 51 Jan.
1695 674 74 51 11;
1809 675 43 41 A
1890 673 189 54 875807;
2114 674 54 43 T.
2208 674 49 45 C.
2296 673 180 52 Crume,

559 733 267 53 Covington,
864 734 89 52 Ky.
1022 733 242 53 (26-1334)

487 831 191 73 Dark,
719 830 251 75 Sidney,
1010 834 189 57 1874-

564 924 243 75 Mainly
840 927 188 57 about
1062 927 177 57 other
1272 923 238 73 people,
1544 922 85 72 by
1662 920 236 74 Sidney
1930 921 190 58 Dark.
2200 923 277 70 London,

489 1003 260 58 Hodder
783 1005 121 57 and
941 1001 369 73 Stoughton,
1342 1000 240 58 limited
1620 1000 181 71 [1925]

559 1076 807 54 xi. 243 p. front. ports. 23 cm .
561 1133 151 45 “First
744 1134 250 53 published,
1027 1132 276 51 November,
1339 1128 147 48 1925.”

490 1187 1991 57 © 1c. Jan. 14, 1926; A ad int. 7669; pubd. Dec. 11, 1925; S. Dark, London.
568 1247 241 54 (26-3283)

491 1345 213 72 Davis,
743 1345 249 57 Darrell
1031 1345 204 71 Haug,
1277 1344 189 57 1879-

572 1437 128 58 The
732 1436 364 74 geography
1127 1434 65 59 of
1222 1434 102 58 the
1353 1433 358 59 mountains
1743 1433 67 58 of
1840 1437 249 55 eastern
2118 1435 334 72 Kentucky;

495 1535 33 36 a
564 1515 513 57 reconnaissance
1114 1514 188 70 study
1332 1512 67 56 of
1435 1512 102 57 the
1573 1511 407 58 distribution
2017 1513 120 57 and
2173 1513 310 57 activities

495 1592 67 57 of
588 1611 146 38 man
757 1592 67 56 in
851 1591 140 57 that
1014 1593 151 69 part
1191 1589 65 57 of
1283 1589 103 57 the
1418 1588 419 59 Cumberland
1864 1589 267 57 Plateau
2159 1590 328 57 embraced

492 1665 1969 139 by the commonwealth. By Darrell Haug Davis … illustrated
741 1747 82 69 by
859 1745 215 72 eighty
1106 1744 454 72 photographs,
1595 1762 179 52 maps
1817 1744 121 57 and
1976 1744 337 71 diagrams.
2390 1747 99 55 1st

497 1820 1991 74 ed. … Frankfort, Ky., The Kentucky geological survey,
495 1901 163 56 1924.

597 1972 1889 58 x p., 2 l., [3]-180 p. incl. front., illus., maps, diagrs. 23½cm. (Half-title:
494 2029 1315 56 The Kentucky Geological survey … ser. 6, v. 18)
496 2088 52 54 ©
578 2091 98 52 Jan.
706 2090 68 52 20,
809 2088 130 53 1925;
969 2090 65 42 2c.
1068 2089 109 42 Dec.
1215 2088 74 52 18;
1323 2088 78 43 aff.
1437 2089 97 51 Jan.
1567 2088 40 51 4,
1641 2088 130 51 1926;
1806 2088 45 42 A
1883 2087 188 51 879125;
2106 2088 197 44 Willard
2338 2089 151 42 Rouse

564 2147 176 53 Jillson,
772 2146 72 44 for
875 2146 75 44 the
979 2145 241 52 Kentucky
1248 2144 251 53 geological
1532 2158 179 39 survey,
1743 2144 264 52 Frankfort,
2039 2145 88 52 Ky.

498 2258 207 72 Elson,
744 2258 218 73 Henry
993 2256 297 60 William.

643 2347 1849 73 … The story of our country, by Henry W. Elson .:. and
502 2425 1987 60 Cornelia E. MacMullan … Book 2. Revised edition.
498 2503 704 71 Yonkers-on-Hudson,
1236 2503 73 55 N.
1341 2502 95 72 Y.,
1465 2502 224 58 World
1717 2503 160 57 book
1908 2522 321 53 company,
2260 2504 164 56 1925.

567 2580 92 51 viii,
690 2578 79 45 315
803 2593 38 39 p.
877 2579 99 43 incl.
1009 2578 151 51 front.,
1195 2578 114 44 illus.
1338 2578 126 54 (incl.
1498 2585 154 45 ports.,
1684 2578 202 54 facsim.)
1929 2594 138 37 maps.
2131 2580 52 42 19
2188 2581 46 18 cm
2241 2614 9 8 .
498 2579 1973 102 (Foundation
682 2636 175 52 history
891 2634 163 55 series)

499 2692 53 54 ©
590 2694 101 44 Oct.
727 2693 37 52 8,
801 2692 130 53 1925;
966 2693 64 42 2c.
1066 2694 86 42 and
1188 2693 79 43 aff.
1302 2693 99 52 Jan.
1435 2693 40 51 6,
1515 2692 128 53 1926;
1682 2693 43 41 A
1762 2690 190 55 875757;
1989 2694 166 43 World
2190 2693 121 44 book
2344 2708 65 28 co.

502 2805 422 73 Entzminger,
959 2804 207 59 Louis.

578 2896 129 56 The
741 2894 260 71 Sunday
1028 2894 209 57 school
1265 2893 447 74 transformed,
1742 2895 82 72 by
1850 2894 191 59 Louis
2073 2895 424 74 Entzminger.

501 2971 1930 77 Philadelphia, The Sunday school times company [ c 1925]
574 3050 79 45 179
680 3065 40 39 p.
751 3047 102 46 incl.
883 3048 157 45 forms.
1103 3048 50 45 19½
1186 3050 48 19 cm
1240 3083 9 10 .

499 3106 55 54 ©
585 3108 119 52 Aug.
734 3106 65 51 27,
835 3105 104 44 1925;
998 3106 64 43 2c.
1093 3107 86 42 and
1209 3107 79 42 aff.
1319 3107 108 43 Dec.
1456 3107 55 43 28;
1570 3108 43 41 A
1644 3106 164 44 879209;
1869 3106 183 54 Sunday
2085 3107 151 44 school
2269 3108 129 43 times
2432 3122 65 29 co.

580 3163 242 55 (26-1336)

504 3260 338 72 Escholier,
882 3261 344 72 Raymond.

652 3353 1847 74 … Le sel de la terre, roman. Amiens, E. Malfère,
506 3433 167 57 1924.

580 3507 1553 54 3 p. l., [9]-198 p., 1 l. 18½ cm . (Bibliothèque du hérisson)
505 3562 1882 55 © July 4, 1924; 1c. Jan. 2, 1926; A— Foreign 29767; Edgar Malfère.
583 3619 243 55 (26-6689)

507 3716 220 74 Fagin,
764 3717 253 57 Nathan
1051 3716 302 74 Bryllion,
1392 3720 188 56 1892-

589 3807 84 60 Of
699 3809 135 58 love
866 3809 121 58 and
1014 3809 181 58 other
1221 3807 217 74 trifles,
1464 3808 83 74 by
1573 3809 74 58 N.
1675 3808 288 75 Bryllion
1991 3808 221 75 Fagin.

512 3807 1966 153 Washington,
777 3887 74 57 D.
882 3886 85 75 C.,
997 3888 129 57 The
1155 3887 391 73 Rossi-Bryn
1573 3907 325 54 company,
1928 3889 165 58 1925.
