2542 4285
1356 4074 149 57 1082

432 521 227 59 church
692 520 69 58 in
793 519 105 60 the
932 517 238 62 United
1207 520 210 59 States
1455 520 68 59 of
1557 517 310 74 America,
1902 521 83 69 by
2020 518 294 59 Edmund
2350 519 72 57 R.

429 594 1997 74 Beckwith … New York, The National council, Protestant
432 672 341 75 Episcopal
800 675 229 59 church
1053 674 68 58 in
1146 676 104 58 the
1278 672 236 61 United
1546 675 209 58 States
1787 676 68 57 of
1880 674 311 69 America,
2220 675 164 55 1926.

501 753 95 51 xiii,
630 757 54 44 49
715 769 40 36 p.
818 755 50 43 19
874 756 48 18 cm
927 788 9 9 .

434 806 56 54 ©
523 807 119 53 Sept.
672 808 68 51 24,
775 807 105 44 1926;
938 807 64 42 2c.
1034 807 87 42 and
1152 807 78 42 aff.
1268 805 122 52 Sept.
1421 803 79 54 25;
1534 805 45 42 A
1609 804 189 52 949186;
1834 803 217 45 National
2085 805 190 51 council,
505 805 1897 104 Protestant

704 863 239 54 Episcopal
974 863 181 43 church.
1224 861 270 56 (26-16897)

436 964 207 72 Blunt,
683 963 194 73 Hugh
912 961 280 70 Francis,
1235 964 190 58 1877-

508 1053 1850 75 Homely spirituals, by Rev. Hugh Francis Blunt …
432 1135 152 59 New
611 1134 191 70 York,
837 1132 131 61 The
999 1131 361 59 Macmillan
1391 1148 321 56 company,
1747 1132 166 57 1926.

505 1214 77 45 164
613 1226 41 38 p.
718 1212 146 45 19½cm.

435 1265 54 54 ©
515 1265 121 54 Sept.
665 1266 64 51 14,
758 1265 129 52 1926;
916 1265 64 43 2c.
1007 1264 86 44 and
1120 1265 79 43 aff.
1230 1261 121 55 Sept.
1381 1261 74 55 15;
1484 1264 45 42 A
1554 1260 187 55 950022;
1772 1262 265 45 Macmillan
2065 1278 65 29 co.

515 1323 269 56 (26-16898)

435 1409 289 74 Bradley,
768 1408 320 59 Theodore
1128 1408 230 70 James,
1402 1408 191 58 1874-

509 1500 60 57 A
603 1499 370 72 laboratory
1008 1498 254 57 manual
1298 1496 70 59 of
1405 1496 369 73 qualitative
1813 1496 297 60 chemical
2150 1497 278 72 analysis

435 1575 1927 73 for students of pharmacy, by Theodore J. Bradley …
434 1652 1996 73 4th e d. Philadelphia and New York, Lea & Febiger,
435 1732 166 58 1926.

500 1805 78 55 vii,
608 1806 171 49 [9]-184
800 1821 42 39 p.
901 1806 52 44 21
962 1807 48 19 cm
1015 1842 9 9 .

433 1863 57 54 ©
523 1864 121 55 Sept.
672 1865 66 51 22,
774 1865 130 52 1926;
934 1865 65 43 2c.
1035 1863 121 54 Sept.
1185 1864 78 53 24;
1295 1864 79 44 aff.
1409 1862 120 54 Sept.
1560 1862 77 54 25;
1672 1866 45 42 A
1747 1865 190 52 949193;
1972 1864 94 44 Lea
2096 1864 37 45 &
2164 1863 209 55 Febiger.

515 1922 269 56 (26-17138)

435 2007 175 74 Brill,
654 2008 184 58 Ethel
884 2007 223 72 Claire,
1152 2010 189 58 1877-

515 2098 1917 74 The secret cache, by E. C. Brill … with illustrations by
437 2178 98 59 W.
590 2178 79 57 H.
725 2177 192 59 Wolf.
1028 2176 461 74 Philadelphia,,
1548 2177 252 57 Macrae
1858 2174 208 64 Smith
2117 2192 316 57 company

438 2257 201 75 [ c 1926]
504 2334 81 43 304
614 2348 39 38 p.
714 2332 153 53 front.,
898 2333 157 54 plates.
1118 2333 52 45 19
1175 2336 48 19 cm
1228 2368 9 9 .

435 2383 1992 61 © Sept. 25, 1926; 2c. Sept. 27; aff. Sept. 28; A 949233; Macrae Smith co.
513 2447 270 56 (26-16709)

432 2534 439 73 Buomberger,
911 2534 379 71 Ferdinand,
1332 2537 191 57 1874-

579 2623 1784 60 … Briefe an eine frau im dienste ihrer lieben …
430 2700 278 77 Weggis,
738 2701 412 74 Rigi-verlag,
1181 2702 167 60 1926.

505 2779 78 44 192
609 2794 41 38 p.
713 2778 53 45 18
771 2781 47 18 cm
823 2814 9 9 .

434 2833 1993 58 © Apr, 6, 1926; 1c. July 7; A—Foreign 31490; F. Buomberger, Weggis,
507 2892 311 47 Switzerland.
888 2893 271 57 (26-16235)

436 2978 398 74 Callaghan’s
872 2981 357 58 Wisconsin
1272 2981 236 73 digest;
1553 3001 35 37 a
1632 2982 300 71 complete
1975 2980 210 74 digest
2223 2981 67 58 of
513 2982 1891 134 decisions

770 3059 66 56 of
862 3060 103 56 the
995 3059 309 72 Supreme
1327 3062 177 56 court
1532 3059 67 57 of
1623 3059 358 58 Wisconsin
2009 3060 182 57 down
2216 3062 64 55 to
2309 3060 123 57 and

508 3135 323 74 including
870 3137 245 58 volume
1164 3140 108 55 186
1316 3137 376 71 Wisconsin,
1741 3138 287 72 together
2074 3137 152 57 with
513 3136 1893 135 decisions

727 3214 67 57 of
837 3215 103 57 the
985 3215 247 58 federal
1274 3218 211 55 courts
1528 3216 267 72 passing
1835 3234 169 53 upon
2048 3218 267 55 matters
2363 3215 69 57 of

508 3291 357 62 Wisconsin
914 3293 136 70 law,
1100 3293 307 72 compiled
1457 3294 125 57 and
1632 3292 208 60 edited
1888 3294 84 71 by
2019 3293 280 58 William
2347 3293 81 57 H.

511 3367 241 75 Mason,
789 3369 154 58 with
978 3371 103 57 the
1122 3371 407 71 cooperation
1567 3372 67 57 of
1670 3372 103 56 the
1814 3371 228 73 Digest
2079 3371 350 57 committee

511 3447 66 56 of
609 3448 107 56 the
746 3447 361 59 Wisconsin
1139 3451 162 56 state
1335 3450 119 56 bar
1487 3449 382 58 association.
1956 3468 56 37 v.
2046 3451 53 55 4.
2139 3450 290 73 [Interest

510 3527 62 55 to
609 3525 335 74 Partition]
1024 3527 289 72 Chicago,
1356 3526 345 74 Callaghan
1740 3528 124 57 and
1900 3545 321 54 company,
2263 3527 167 57 1926.

555 3601 640 55 1 p. l., 3099-4162 p. 26 cm .
429 3656 57 54 ©
516 3659 101 44 Oct.
645 3658 67 53 27,
745 3660 130 52 1926;
904 3661 65 43 2c.
1000 3662 87 43 and
1114 3662 79 43 aff.
1225 3662 102 44 Oct.
1358 3661 77 52 30;
1468 3662 45 42 A
1542 3659 188 55 950722;
1766 3660 251 55 Callaghan
2048 3662 38 44 &
2114 3677 66 28 co.

432 3743 251 75 Carver,
721 3745 258 74 George,
1021 3748 91 57 ed.

506 3833 526 74 Representative
1102 3837 284 59 Catholic
1455 3856 236 53 essays,
1762 3836 210 62 edited
2036 3840 83 70 by
2189 3838 241 73 George

428 3909 1978 138 Carver and Ellen M. Geyer … New York, The Macmillan
560 4008 325 54 company,
913 3991 166 60 1926.
