2542 4285
1089 4014 147 55 1345

255 387 1915 73 … American federal tax reports, v. 5, no. 7, August,
265 471 163 55 1926.
499 469 149 55 New
676 468 188 71 York,
895 466 484 72 Prentice-Hall,
1409 468 136 70 inc.,
1576 466 164 57 1926.

256 547 58 49 iii,
354 544 255 50 5889-6071,
645 544 61 43 vii
741 559 41 37 p.
841 544 150 44 24½cm.

256 602 281 45 Cover-title.

187 658 52 53 ©
266 659 118 52 Sept.
406 660 39 51 2,
473 658 126 52 1926;
625 659 63 42 2c.
715 659 108 42 Dec.
847 659 51 51 4;
924 659 78 41 aff.
1027 659 118 42 Nov.
1171 658 77 51 29;
1276 658 42 42 A
1343 656 187 47 958206;
1559 658 132 43 West
1716 658 99 50 pub.
1841 671 80 37 co.,
1949 655 64 46 St.
2042 656 126 44 Paul.

184 774 294 68 Andress,
529 774 211 57 James
789 773 193 69 Mace,
1033 776 187 55 1881-

329 862 1773 74 … Health and good citizenship, by J. Mace Andress …
186 940 1986 76 and W. A. Evans … Boston, New York [etc.] Ginn and
183 1039 304 53 company
527 1052 14 43 [
542 1030 18 22 c
564 1023 162 70 1926]

253 1111 91 52 viii,
379 1111 75 44 391
495 1126 39 37 p.
600 1111 114 44 illus.
741 1111 125 54 (part
903 1111 108 53 col.)
1057 1111 81 43 col.
1178 1111 157 52 plates,
1373 1111 165 52 diagrs.
1608 1110 48 44 19
1664 1113 46 18 cm
1717 1145 9 9 .
1793 1109 124 54 (The
1954 1110 215 52 practical

179 1168 152 43 health
371 1168 152 52 series,
559 1169 120 43 book
716 1169 116 53 two)

252 1223 350 54 “Bibliography
642 1225 74 44 for
754 1225 230 44 teachers”:
1052 1240 39 37 p.
1131 1225 204 45 363-364.

183 1280 52 54 ©
261 1283 117 52 Aug.
405 1283 66 51 30,
502 1282 105 43 1926;
655 1283 65 42 2c.
749 1283 117 43 Nov.
897 1283 74 51 11;
999 1283 78 43 aff.
1107 1283 118 42 Nov.
1253 1283 50 51 9;
1333 1283 43 41 A
1403 1280 189 54 957059;
1622 1283 38 51 J.
1690 1282 66 43 M.
1783 1282 218 51 Andress,
252 1282 1896 109 Newtonville,

480 1340 154 51 Mass.,
661 1341 87 42 and
774 1340 74 44 W.
878 1341 57 42 A.
963 1339 166 52 Evans,
1161 1339 211 53 Chicago.
1447 1337 56 54 [©
1529 1354 99 29 new
1657 1346 179 48 matter]

183 1437 370 74 Armagnac,
592 1441 168 57 Mlle.
796 1440 70 57 M
1174 1439 70 57 M
1551 1438 45 59 d’

323 1526 1845 78 … La carrière bolchéviste d’Alexis Iourouskine, par
177 1606 66 58 M
246 1606 50 30 lle
323 1608 443 71 d’Armagnac.
852 1606 217 74 [Paris]
1099 1606 308 61 Hachette
1438 1638 13 42 [
1451 1616 20 21 c
1474 1608 163 70 1926]

246 1684 1502 53 254 p., 1 l. incl. front., illus. 19 cm . (Bibliothèque bleue)
177 1738 55 53 ©
264 1741 115 51 June
407 1740 40 51 2,
482 1739 128 52 1926;
701 1775 8 7 1c.
742 1740 113 51 June
886 1738 78 53 25;
999 1739 103 42 A—
1103 1738 199 53 Foreign
1333 1739 161 53 31396;
1531 1740 220 44 Librairie
1784 1740 239 45 Hachette.

256 1796 270 55 (26-21102)

180 1896 391 72 Armstrong,
613 1895 325 59 Hamilton
976 1895 168 71 Fish,
1188 1898 188 57 1893-

254 1987 1845 78 The new Balkans, by Hamilton Fish Armstrong …
174 2063 1994 79 with an introduction by Archibald Cary Coolidge … with
174 2164 197 54 maps.
443 2144 150 58 New
622 2144 174 58 York
826 2146 124 58 and
980 2144 276 71 London,
1288 2144 258 73 Harper
1577 2145 48 57 &
1655 2147 308 73 brothers,
2000 2150 164 57 1926.

244 2220 1121 53 4 p. l., 179 p. front., illus. (maps) 22½ cm .
245 2280 152 45 “First
427 2279 209 47 edition.”

178 2333 52 54 ©
261 2336 117 42 Nov.
415 2332 63 52 15,
511 2332 128 53 1926;
671 2333 64 43 2c.
769 2333 118 43 Nov.
923 2330 73 53 15;
1030 2332 79 43 aff.
1142 2332 120 43 Nov.
1300 2330 74 55 17;
1408 2334 45 41 A
1484 2332 187 52 950990;
1707 2336 184 53 Harper
1924 2337 38 44 &
1991 2338 119 44 bros.

254 2390 268 56 (26-20988)

180 2491 176 72 Bain,
395 2489 261 70 Donald,
698 2492 189 57 1867-

248 2582 1850 77 Locusts and wild honey; poems [by] Donald Bain …
172 2663 272 72 Buffalo,
480 2662 73 57 N.
589 2661 93 73 Y.,
719 2662 130 57 The
885 2661 287 58 Heacock
1204 2661 363 76 publishing
1600 2683 166 53 corp.
1808 2697 14 43 [
1821 2675 20 21 c
1845 2668 164 73 1926]

243 2741 526 51 6 p. l., 204 p. 18 cm .
172 2794 55 54 ©
259 2796 117 44 Nov.
407 2795 37 52 8,
479 2794 103 43 1926;
637 2795 64 42 2c.
733 2793 86 43 and
847 2794 81 43 aff.
960 2794 119 44 Nov.
1114 2795 73 51 13;
1220 2794 44 42 A
1295 2792 189 56 950938;
1519 2798 55 42 D.
1610 2798 124 52 Bain,
1770 2800 196 45 Buffalo.

253 2852 269 55 (26-21099)

178 2953 256 57 Baretto
464 2953 74 57 de
570 2952 219 71 Souza,
822 2952 239 72 Joseph
1088 2951 269 58 Michaël
1390 2953 285 74 Thomas,
1710 2958 188 57 1859-

251 3043 339 58 Advanced
629 3041 363 73 equitation,
1031 3042 83 71 by
1150 3041 263 59 Baretto
1452 3044 74 57 de
1568 3044 201 59 Souza
1819 3047 232 71 (Count
2091 3054 75 56 de

179 3119 1987 74 Souza) … illustrated under the author’s direction with
177 3198 430 72 photographs
664 3201 123 56 and
837 3197 150 57 with
1041 3215 334 40 numerous
1432 3199 314 67 drawings
1802 3202 82 69 by
1938 3202 221 62 Victor

176 3277 233 58 Nickol.
493 3276 149 57 New
674 3275 190 70 York,
899 3275 73 56 E.
1008 3275 68 59 P.
1114 3274 242 58 Dutton
1388 3274 49 59 &
1470 3296 303 54 company
1808 3308 14 43 [
1825 3288 19 23 c
1846 3282 164 72 1926]

243 3350 1505 57 xxxvii p., 1 l., 419 p. front., illus., plates, diagrs. 21 cm .
173 3411 52 54 ©
257 3413 118 42 Nov.
409 3410 38 53 5,
481 3410 128 53 1926;
642 3410 64 43 2c.
738 3410 86 43 and
856 3409 78 43 aff.
967 3409 118 43 Nov.
1118 3410 50 51 8;
1201 3409 44 42 A
1279 3409 190 53 949990;
1504 3409 52 47 E.
1592 3412 49 42 P.
1676 3413 176 44 Dutton
1884 3416 38 44 &
1953 3432 64 29 co.

249 3468 268 56 (26-21124)

170 3570 288 67 Bartlett,
499 3569 243 57 Arthur
782 3568 64 57 C.

248 3663 234 74 Spunk,
522 3662 211 58 leader
776 3662 68 57 of
884 3661 102 57 the
1028 3662 123 72 dog
1190 3666 195 66 team;
1427 3661 186 75 being
1651 3665 104 58 the
1798 3672 176 70 story
2017 3673 69 56 of
2125 3694 31 39 a

169 3743 123 73 dog
317 3742 136 58 who
480 3757 139 41 won
645 3738 97 58 his
770 3735 177 76 place
978 3742 64 55 at
1072 3739 103 58 the
1203 3738 162 58 head
1393 3741 67 58 of
1490 3742 104 57 the
1625 3745 121 71 dog
1775 3748 165 57 team
1972 3753 123 57 and
2125 3771 34 37 a

167 3820 289 60 hermit’s
486 3837 111 41 son
621 3818 136 57 who
785 3812 199 76 might
1011 3833 190 40 never
1228 3816 160 59 have
1414 3818 155 59 been
1594 3821 168 60 what
1788 3824 75 58 he
1894 3826 265 78 became,

167 3901 126 57 had
325 3896 51 61 it
408 3901 110 54 not
550 3897 155 57 been
739 3895 105 56 for
880 3892 347 73 “Spunk”,
1262 3894 83 73 by
1377 3892 245 62 Arthur
1659 3898 64 61 C.
1761 3899 293 81 Bartlett,
2090 3907 68 57 il-
