2542 4285
1114 4013 151 57 1173

168 395 242 71 Harris,
448 395 236 70 George
724 390 206 74 Stiles,
971 393 188 57 1887-

243 477 1836 77 Cases on crimes (Rev. eel.) by George S. Harris …
166 562 282 72 Newark,
487 562 150 57 New
672 561 228 72 Jersey
933 557 121 59 law
1092 559 209 59 school
1334 574 200 56 press,
1573 556 164 57 1926.

234 641 79 51 xii,
348 642 80 46 519
492 675 8 9 p.
557 639 54 44 24
617 641 47 19 cm
670 675 9 9 .

238 697 164 46 “Cases
438 713 58 28 on
530 697 174 47 crimes,
743 694 134 45 taken
911 692 164 45 almost
1111 690 193 46 without
1339 697 238 43 exception
1615 689 124 44 from
1774 688 127 45 those
1938 689 210 48 reported

168 755 42 44 in
237 755 118 43 New
379 755 159 49 Jersey
561 757 155 39 courts
744 750 53 45 of
825 745 525 47 record.”—Foreword.

167 806 54 53 ©
258 806 118 52 Sept.
410 805 65 51 30,
512 804 128 51 1926;
673 803 65 43 2c.
772 802 87 43 and
890 801 82 43 aff.
1007 800 101 44 Oct.
1142 800 51 51 4;
1229 799 44 42 A
1305 796 189 54 950326;
1532 797 118 44 New
1681 797 159 53 Jersey
1875 797 87 43 law
1996 794 154 45 school

237 877 136 38 press.
442 859 268 57 (26-18107)

171 946 324 69 Harrison,
542 944 232 72 Shelby
813 941 274 72 Millard,
1132 943 189 57 1881-

246 1034 282 59 Welfare
561 1032 315 74 problems
912 1030 67 57 in
1014 1031 151 56 New
1199 1029 174 57 York
1409 1028 127 71 city
1571 1026 197 58 which
1804 1028 158 57 have
1999 1030 156 57 been

175 1111 247 61 studied
456 1111 123 57 and
612 1109 298 73 reported
940 1127 172 53 upon
1144 1106 230 73 during
1407 1106 103 58 the
1545 1104 221 74 period
1802 1103 169 58 from
2006 1105 148 58 1915

174 1189 271 71 through
488 1188 165 70 1925,
696 1185 315 74 prepared
1056 1189 64 54 at
1164 1185 104 58 the
1314 1185 251 71 request
1612 1182 68 57 of
1724 1182 103 58 the
1872 1181 283 58 Welfare

174 1267 237 58 council
444 1264 102 58 for
576 1283 111 40 use
720 1266 83 69 by
834 1264 103 57 the
972 1261 238 60 council
1244 1264 124 57 and
1402 1261 105 58 the
1542 1258 189 60 social
1768 1258 286 73 agencies
2090 1257 68 60 of

174 1337 1985 76 the city, by Shelby M. Harrison and Allen Eaton … New
174 1419 190 69 York,
394 1417 281 59 Welfare
709 1416 237 60 council
979 1416 69 58 of
1077 1417 153 58 New
1260 1416 174 57 York
1465 1415 145 72 city,
1642 1415 167 57 1926.

245 1493 80 52 xii,
351 1494 56 45 84
433 1509 41 38 p.
532 1495 53 43 23
592 1496 47 19 cm
643 1528 10 10 .

174 1549 52 54 ©
256 1551 121 54 Sept.
410 1553 35 49 1,
477 1551 104 44 1926;
636 1552 64 42 2c.
728 1552 88 42 and
844 1551 81 43 aff.
958 1549 121 53 Sept.
1108 1550 79 52 21;
1219 1549 44 43 A
1293 1550 189 51 949113;
1515 1548 208 45 Welfare
1755 1548 173 44 council
1959 1548 52 45 of
2041 1549 118 44 New

242 1609 131 43 York
414 1609 102 52 city.
583 1606 270 57 (26-17904)

177 1693 223 72 Hatch,
442 1693 137 73 Roy
617 1692 352 74 Winthrop,
1014 1694 188 58 1878-

258 1785 129 57 The
436 1784 189 59 social
674 1785 239 58 studies
957 1785 66 57 in
1068 1784 103 58 the
1218 1783 248 60 Horace
1515 1783 193 57 Mann
1752 1782 213 74 junior
2008 1782 149 74 high

182 1861 1978 75 school, by R. W. Hatch … and De Forest Stull … [New
180 1941 186 75 York]
404 1942 151 58 Pub.
589 1942 84 71 by
705 1940 254 60 Bureau
993 1942 69 57 of
1094 1938 437 76 publications,
1567 1940 308 60 Teachers
1913 1941 248 74 college,

184 2019 322 61 Columbia
539 2021 368 71 university,
940 2020 103 57 for
1075 2019 248 59 Horace
1357 2019 193 57 Mann
1587 2020 207 58 school
1829 2020 68 57 of
180 2019 1958 141 Teachers
323 2098 247 75 college,
614 2099 165 57 1926.

251 2176 503 54 2 p. l., 97 p. 23 cm .
252 2233 213 46 ‘“Texts”
495 2234 88 44 and
616 2232 220 46 “General
868 2232 306 46 references”:
1207 2249 38 36 p.
1279 2230 149 48 95-97.

179 2287 53 54 ©
263 2287 119 54 Sept.
408 2288 67 53 27,
505 2288 105 44 1926;
659 2288 65 43 2c.
755 2287 119 54 Sept.
902 2289 79 51 28;
1009 2288 79 43 aff.
1117 2288 101 44 Oct.
1247 2288 49 51 8;
1326 2288 44 42 A
1397 2285 188 55 950452;
1615 2288 185 43 Horace
1829 2288 142 43 Mann
2000 2287 168 53 school,

247 2345 227 45 Teachers
502 2345 182 53 college,
713 2343 235 46 Columbia
973 2345 263 53 university,
1262 2345 117 44 New
1405 2345 143 44 York.
1617 2344 267 55 (26-18072)

184 2432 263 72 Hauser,
486 2432 161 69 Otto,
684 2434 191 57 1876-

251 2522 195 59 Reine
471 2522 494 74 lebensführung
990 2541 124 38 von
1141 2522 147 59 Otto
1315 2522 271 72 Hauser,
1610 2521 116 59 mit
1753 2522 148 59 zwei
1931 2523 239 59 skizzen

183 2602 85 56 im
311 2604 148 55 text.
542 2600 487 74 Braunschweig
1074 2601 128 57 und
1245 2600 346 74 Hamburg,
1638 2600 70 60 G.
1755 2600 415 75 Westerman,

185 2680 165 56 1925.

257 2754 362 57 174 p. 18½ cm .
182 2812 1989 55 © Nov. 20, 1925; 1c. Feb. 2, 1926; A—Foreign 30021; Georg Westermann.
262 2869 270 57 (26-18715)

187 2954 276 75 Hawley,
504 2955 119 58 Lee
661 2956 183 72 Fred,
884 2958 189 57 1882-

266 3046 1910 73 The chemistry of wood, by L. F. Hawley … and Louis
188 3123 1988 74 E. Wise … New York, The Chemical catalog company,
186 3201 136 73 inc.,
364 3204 166 56 1926.

258 3281 81 43 334
383 3294 38 38 p.
464 3279 99 45 incl.
607 3279 130 54 illus.,
780 3280 154 51 tables,
979 3280 168 53 diagrs.
1206 3280 53 44 23½
1295 3282 46 18 cm
1348 3315 8 9 .
1425 3281 270 53 (American
1737 3279 214 47 chemical
1998 3277 180 55 society.

190 3337 291 53 Monograph
515 3336 163 54 series)

190 3392 52 54 ©
274 3394 100 44 Oct.
408 3395 61 49 11,
502 3394 104 43 1926;
659 3395 63 42 2c.
751 3394 87 43 and
866 3393 78 44 aff.
978 3394 99 44 Oct.
1112 3395 75 51 12;
1218 3394 44 42 A
1290 3392 190 54 949470;
1516 3391 228 47 Chemical
1773 3392 178 54 catalog
1982 3407 79 38 co.,
2093 3393 83 44 inc.

267 3449 269 56 (26-17883)

191 3534 397 71 Hawthorne,
631 3535 403 74 Hildegarde.

195 3624 1959 139 Corsica, the surprising island, by Hildegarde Hawthorne … New
764 3705 190 74 York,
982 3705 263 60 Duffield
1275 3708 123 57 and
1428 3724 322 55 company,
1779 3708 165 58 1926.

296 3818 9 16 x,
338 3781 81 47 235
451 3797 41 38 p.
551 3783 152 53 front.,
736 3783 155 53 plates.
950 3786 55 42 22
1011 3787 16 18 cm
1063 3820 8 8 .

262 3840 111 52 Map
405 3854 58 31 on
497 3838 339 55 lining-papers.

192 3892 54 54 ©
283 3893 121 54 Sept.
435 3894 69 52 22,
539 3894 105 44 1926;
700 3895 64 43 2c.
800 3895 101 44 Oct.
939 3897 46 51 1;
1020 3896 78 43 aff.
1137 3894 121 54 Sept.
1290 3896 77 53 29;
1403 3896 44 43 A
1479 3896 189 55 949330;
1706 3898 195 44 Duffield
1935 3898 38 45 &
2002 3912 66 29 co.

272 3950 270 55 (26-17730)
