2542 4285
1070 3969 148 56 1263

167 436 114 45 tions
323 436 121 44 from
482 437 73 44 the
594 435 199 48 Exodus.
852 437 279 52 Judith.—V.
1172 435 165 48 Saints’
1378 436 210 54 legends:
1631 435 246 48 Selections
1915 436 123 45 from
2075 437 74 46 the

165 496 219 42 Andreas.
447 493 247 46 Selections
729 494 120 43 from
880 492 75 45 the
985 491 283 48 Elene.—VI.
1298 491 234 55 Religious
1563 491 290 55 mythology:
1884 491 100 47 The
164 492 1964 102 Phœnix.—VII.

439 548 617 54 Charms.—Bibliography:
1092 548 279 47 References
1404 549 74 45 for
1510 549 203 44 students
1748 549 50 44 of
1831 548 93 46 Old
1958 548 190 54 English

166 605 466 54 poetry.—Appendix
691 640 9 9 I.
740 605 250 48 Selections
1028 605 120 45 from
1184 605 75 45 the
1298 604 445 46 verse-translations
1780 604 52 46 of
1870 604 281 46 Beowulf.—

164 662 240 54 Appendix
486 697 9 8 II.
534 662 99 45 The
668 677 112 38 song
816 662 50 45 of
906 661 617 54 Brunanburh.—Appendix
1628 697 8 9 III.
1676 661 159 45 Bede’s
1872 672 188 37 account
2100 660 50 46 of

163 716 1987 57 the poet Caedmon.—Appendix IV. Fragment I of the Old Saxon Genesis,
163 779 88 42 and
285 777 74 44 the
395 777 90 44 Old
522 775 189 53 English
750 775 195 51 Genesis,
987 773 407 46 790-820.—Index
1430 774 51 45 of
1517 773 415 54 subjects.—Index
1968 773 53 44 of
162 788 1966 89 media.—Index
480 831 51 48 of
558 831 134 45 titles.

161 887 52 54 ©
249 890 119 51 Sept.
401 890 67 51 20,
505 889 126 51 1926;
669 890 62 41 2c.
768 889 118 43 Nov.
924 890 45 50 1;
1006 889 79 41 aff.
1122 887 101 44 Oct.
1258 888 76 46 29;
1374 888 45 41 A
1451 888 188 51 949900;
1677 889 55 41 A.
1772 886 44 47 S.
1854 885 139 52 Cook,
2029 886 116 43 New

228 948 175 42 Haven.
472 946 267 53 (26-19460)

165 1032 333 73 Couperus,
536 1031 187 58 Louis
756 1030 201 59 Marie
991 1031 161 68 Ann,
1191 1032 355 57 1863-1923.

234 1125 128 57 The
415 1122 367 75 comedians,
836 1145 35 37 a
924 1122 176 74 story
1150 1126 68 56 of
1267 1123 244 60 ancient
1560 1124 211 71 Rome,
1821 1124 83 71 by
1953 1120 190 61 Louis

159 1198 1984 76 Couperus … translated from the Dutch by J. Menzies
157 1278 256 60 Wilson.
496 1279 273 70 London,
802 1277 60 58 J.
900 1277 186 74 Cape,
1119 1277 109 59 ltd.
1264 1278 180 72 [1926]

224 1357 82 45 352
334 1373 40 36 p.
438 1359 49 44 19
493 1360 46 18 cm
545 1393 8 8 .

156 1408 1989 56 © 1c. Aug. 20, 1926; A ad int. 8451; pubd. July 15; George H. Doran co.,
225 1470 118 43 New
378 1469 140 43 York.
586 1468 268 54 (26-20123)

162 1554 311 72 Crashing
506 1554 308 68 Thunder,
856 1553 384 73 Winnebago
1274 1552 245 60 Indian.

239 1646 311 71 Crashing
579 1645 294 57 Thunder;
935 1645 104 56 the
1070 1644 502 72 autobiography
1602 1645 67 56 of
1700 1664 82 37 an
1809 1645 336 57 American

158 1723 244 74 Indian,
444 1723 206 57 edited
687 1723 81 70 by
805 1722 161 57 Paul
1003 1722 222 57 Radin.
1306 1723 152 56 New
1493 1721 172 58 York
1704 1723 123 58 and
1865 1722 278 74 London,

157 1801 73 56 D.
262 1801 318 71 Appleton
611 1802 123 56 and
766 1818 319 53 company,
1118 1800 165 57 1926.

322 1875 650 55 xxv p., 1 l., 202, 1 p. 21 cm .
157 1932 1964 112 Published in 1920, as part I of “The autobiography of a Winnebago Indian”,
336 1992 43 43 in
411 1992 75 44 the
518 1991 265 52 University
814 1991 50 44 of
901 1990 251 46 California
1187 1991 140 44 series
1362 1992 43 43 in
1439 1991 243 45 American
1718 1992 303 53 archaeology
2055 1993 86 44 and

157 2049 255 53 ethnology,
444 2050 87 43 vol.
650 2085 11 15 XVI,
692 2063 70 30 no.
796 2049 37 44 7.
892 2049 59 51 cf.
986 2047 124 46 Pref.

155 2105 53 53 ©
241 2107 101 44 Oct.
371 2107 69 51 29,
479 2106 103 43 1926;
641 2107 63 42 2c.
737 2108 87 42 and
858 2108 77 41 aff.
972 2107 117 42 Nov.
1124 2107 50 51 2;
1210 2107 44 42 A
1288 2106 188 53 950746;
1514 2108 55 43 D.
1604 2108 226 51 Appleton
1864 2108 38 44 &
1932 2123 66 28 co.

231 2163 269 55 (26-19828)

159 2251 217 73 Curry,
415 2252 266 57 Preston
717 2252 70 57 E.

152 2343 1969 139 Business arithmetic, by Preston E. Curry … and Victor M. Rubert … for
921 2443 109 39 use
1064 2422 66 59 in
1165 2423 84 57 all
1283 2424 240 60 schools
1561 2422 271 76 offering
1865 2425 103 58 the
149 2425 1969 148 subject
330 2501 69 58 of
453 2499 285 60 business

798 2500 370 60 arithmetic.
1252 2502 77 59 2d
1387 2504 90 57 ed.
1562 2499 371 75 Cincinnati,
1992 2503 151 58 New

150 2575 1875 78 York [etc.] South-western publishing company [ c 1926]
219 2657 83 45 478
331 2671 40 37 p.
402 2657 100 43 incl.
535 2655 131 53 illus.,
697 2658 182 50 diagrs.,
911 2659 163 43 forms.
1132 2658 55 42 22½
1221 2660 47 17 cm
1274 2695 9 8 .

153 2709 52 54 ©
238 2711 119 52 Sept.
393 2713 35 48 1,
461 2711 102 43 1926;
620 2712 62 42 2c.
715 2712 86 42 and
831 2711 78 43 aff.
943 2712 102 43 Oct.
1074 2711 79 52 29;
1188 2712 43 41 A
1264 2710 190 54 949817;
1493 2712 363 45 South-western
1886 2714 99 51 pub.
2019 2729 65 28 co.

230 2768 269 54 (26-19736)

155 2854 179 74 Daly,
378 2855 310 74 Reginald
727 2856 345 70 Aldworth,
1120 2859 189 57 1871-

149 2934 1968 139 Our mobile earth, by Reginald Aldworth Daly … illustrated
397 3012 1745 76 with maps, diagrams, and photographs … New
149 3091 190 73 York,
369 3092 274 70 London,
678 3091 64 60 C.
776 3092 354 59 Scribner’s
1163 3110 164 53 sons,
1359 3093 165 57 1926.

219 3168 1727 54 xxii p., 1 l., 342 p. incl. illus., plates, maps, diagrs. front. 23 cm .
222 3225 215 46 Contains
470 3228 74 43 the
574 3226 239 46 substance
841 3228 51 44 of
923 3243 24 28 a
980 3241 162 31 course
1174 3228 51 45 of
1254 3226 151 52 public
1436 3227 205 51 lectures,
1673 3226 133 52 given
1836 3228 166 52 during

150 3229 1969 105 January,
313 3281 118 52 1925,
464 3289 43 38 at
542 3284 74 43 the
652 3282 172 45 Lowell
857 3281 207 47 institute
1097 3283 49 44 of
1181 3282 450 45 Boston.”—Introd.

222 3339 282 50 “Suggested
531 3338 152 44 works
712 3340 51 44 of
789 3338 261 46 reference”:
1106 3353 41 36 p.
1176 3339 206 45 321-326.

153 3390 52 54 ©
240 3393 119 51 Sept.
395 3393 61 50 10,
490 3392 103 43 1926;
649 3392 65 43 2c.
748 3392 100 44 Oct.
879 3393 52 42 30;
991 3393 79 42 aff.
1106 3392 120 52 Sept.
1261 3394 49 41 14;
1370 3394 43 41 A
1444 3392 164 45 950697;
1670 3392 185 47 Charles
1893 3394 247 47 Scribner’s

222 3466 115 27 sons.
407 3449 268 54 (26-19363)

155 3534 212 73 Davis,
404 3534 280 61 William
721 3536 276 73 Stearns,
1035 3539 189 57 1877-

227 3614 254 73 Europe
515 3613 164 62 since
708 3615 321 59 Waterloo;
1095 3636 35 37 a
1162 3617 455 60 non-technical
1642 3615 247 76 history
1921 3619 68 59 of
158 3619 1959 142 Europe

153 3691 1987 152 from the exile of Napoleon to the Treaty of Versailles, 1815-1919, by William Stearns Davis … New
157 3846 171 57 York
358 3847 46 56 &
433 3846 274 73 London,
743 3847 129 58 The
906 3846 279 74 Century
1214 3867 86 39 co.
1335 3881 14 44 [
1351 3856 19 24 c
1373 3851 164 74 1926]
