2542 4285
1293 3940 111 56 976

316 340 216 71 Hurst,
580 335 255 72 Fannie,
884 335 189 58 1889-

393 424 397 73 Mannequin,
812 424 85 71 by
921 420 240 60 Fannie
1184 421 222 57 Hurst.
1471 419 152 57 New
1644 417 192 72 York,
1860 418 76 56 A.
1963 417 75 56 A.
2061 415 243 73 Knopf,

320 505 163 57 1926.

389 589 724 58 3 p. l., 3-297 p., 1 l. 19½ cm .
321 663 52 54 ©
405 665 119 51 Aug.
557 665 38 51 6,
629 662 129 52 1926;
791 663 63 41 2c.
887 661 86 43 and
1004 660 77 44 aff.
1113 660 118 52 Aug.
1268 659 74 51 16;
1376 659 44 42 A
1452 656 189 53 901814;
1676 656 166 43 Alfred
1874 656 55 43 A.
1963 655 172 52 Knopf,
2169 656 82 42 inc.

399 718 268 58 (26-15426)

319 820 263 68 Inkster,
633 819 170 58 John
850 816 249 60 Gibson.

400 911 128 56 The
558 909 219 58 letters
806 911 64 53 to
902 908 104 58 the
1040 925 187 42 seven
1258 904 316 75 churches,
1603 904 83 71 by
1715 904 150 57 Rev.
1898 903 143 58 Jno.
2080 902 233 58 Gibson

321 979 1814 76 Inkster … New York, N. Y., The Christian alliance
321 981 1966 154 publishing
581 1082 306 54 company
917 1091 13 43 [
933 1069 18 23 c
954 1061 165 73 1926]

390 1149 535 57 83 p. front. 19½ cm .
323 1224 56 54 ©
405 1226 120 51 Aug.
551 1223 66 51 31,
649 1223 130 51 1926;
805 1223 68 43 2c.
900 1223 89 43 and
1014 1221 79 45 aff.
1124 1221 122 52 Sept.
1271 1221 51 51 2;
1351 1221 46 42 A
1422 1219 191 53 901716;
1644 1219 233 44 Christian
1902 1218 189 45 alliance
2118 1218 101 53 pub.
2249 1233 65 29 co.

405 1279 268 57 (26-15435)

325 1381 210 73 Irwin,
576 1383 151 58 Mrs.
771 1381 147 57 Inez
967 1379 315 74 (Haynes)
1334 1379 190 58 1873-

399 1471 273 60 Maida’s
715 1470 161 59 little
919 1470 227 72 school,
1184 1472 82 69 by
1305 1469 147 57 Inez
1491 1468 260 72 Haynes
1793 1467 225 72 Irwin;
327 1466 1967 157 frontispiece

526 1552 82 70 by
634 1550 275 57 Eleanor
939 1547 291 59 Gottheil.
1300 1547 151 56 New
1478 1545 190 77 York,
1700 1547 128 57 The
1857 1543 236 75 Viking
2119 1564 201 54 press,

329 1630 166 55 1926.

398 1700 673 57 246 p. col. front. 19½ cm .
332 1759 52 54 ©
413 1761 119 52 Aug.
560 1759 67 52 21,
658 1758 129 53 1926;
819 1760 63 41 2c.
915 1757 120 55 Sept.
1066 1756 49 54 7;
1147 1758 78 42 aff.
1259 1755 119 54 Sept.
1407 1758 50 51 4;
1489 1756 45 44 A
1563 1755 187 54 901782;
1784 1755 174 55 Viking
1986 1770 139 39 press,
2157 1756 80 43 inc.

410 1815 269 57 (26-15427)

333 1916 290 69 Jackson,
665 1916 204 73 Leroy
905 1915 322 73 Freeman,
1267 1917 190 57 1881-

409 2002 1918 79 Rimskittle ’s book, by Leroy F. Jackson … pictures by
333 2085 171 58 Ruth
553 2083 292 61 Caroline
892 2082 188 72 Eger.
1172 2081 291 75 Chicago,
1511 2083 152 56 New
1709 2082 191 71 York,
1950 2082 202 71 Rand,
333 2083 1971 150 McNally
550 2163 48 57 &
625 2179 308 54 company
964 2190 14 43 [
980 2168 19 23 c
1001 2160 166 74 1926]

409 2239 108 47 [110]
552 2253 40 38 p.
625 2237 104 44 incl.
762 2237 84 44 col.
881 2237 156 51 front.,
1074 2237 117 43 illus.
1219 2236 128 54 (part
1379 2235 110 54 col.)
1557 2237 51 43 31
1618 2239 45 17 cm
1669 2271 9 9 .
1743 2233 216 50 [Classics
1992 2250 101 30 new
2128 2235 90 46 and
2252 2236 75 44 old

338 2295 79 43 for
445 2293 220 48 children]

338 2350 53 53 ©
421 2352 119 52 Aug.
569 2350 67 53 25,
671 2350 128 53 1926;
832 2351 63 43 2c.
926 2350 86 43 and
1042 2350 78 44 aff.
1152 2349 118 53 Aug.
1302 2350 77 51 28;
1412 2350 44 42 A
1485 2349 188 53 901626;
1708 2350 145 52 Rand,
1884 2349 224 55 McNally
2140 2351 37 43 &
2206 2364 64 29 co.

417 2406 268 57 (26-15413)

339 2508 245 73 Jacobs,
629 2507 247 73 Michel,
923 2509 191 59 1877-

418 2596 127 59 The
591 2599 101 54 art
733 2595 70 58 of
842 2593 445 74 composition;
1334 2617 36 37 a
1416 2592 218 75 simple
1681 2592 387 74 application
2113 2594 70 58 of
337 2596 1973 135 dynamic

574 2675 361 70 symmetry,
963 2671 83 72 by
1076 2671 227 58 Michel
1331 2671 250 59 Jacobs.
1656 2671 251 59 Garden
1940 2671 162 75 City,
2135 2673 73 57 N.
2239 2655 94 88 Ϋ.,

340 2751 385 72 Doubleday,
756 2749 169 72 Page
956 2751 47 56 &
1031 2768 323 54 company,
1385 2749 165 59 1926.

410 2822 1700 59 xviii p., 1 l., 141 p. incl. illus., plates, diagrs. col. front. 28 cm .
342 2882 54 54 ©
425 2884 106 53 July
557 2884 68 52 29,
660 2882 106 45 1926
779 2898 9 38 ;
818 2884 65 42 2c.
914 2884 87 42 and
1029 2883 80 44 aff.
1144 2882 120 53 Sept.
1298 2884 46 51 1;
1378 2884 44 42 A
1452 2882 188 54 901708;
1675 2884 66 43 M.
1772 2885 177 51 Jacobs,
1985 2883 117 44 New
2133 2885 144 42 York.

423 2939 268 57 (26-15545)

345 3040 298 70 Johnson,
686 3040 268 72 Samuel,
996 3043 358 57 1709-1784.

423 3134 128 56 The
578 3132 243 60 critical
847 3130 288 74 opinions
1163 3131 68 58 of
1258 3130 252 60 Samuel
1536 3132 304 71 Johnson,
1870 3135 315 70 arranged
2216 3132 123 57 and

346 3208 304 74 compiled
688 3208 152 59 with
881 3228 81 38 an
1000 3208 428 60 introduction
1467 3210 83 72 by
1590 3209 242 73 Joseph
1874 3210 170 73 Epes
2088 3210 248 74 Brown,

590 3282 1749 79 PH. D. A compilation and interpretation of Dr. Johnson’s
347 3362 340 75 principles
734 3363 67 58 of
843 3361 299 63 criticism
1192 3363 176 73 (part
1412 3364 172 73 one),
1629 3368 121 56 and
1791 3365 98 59 his
1937 3364 288 74 opinions
2273 3364 67 59 of

348 3442 260 59 authors
635 3445 122 56 and
780 3442 204 57 works
1020 3441 176 72 (part
1220 3442 179 72 two).
1467 3441 353 74 Princeton,
1846 3442 336 60 Princeton
347 3442 1971 148 university
617 3537 201 53 press,
850 3519 165 58 1926.

421 3592 809 56 lxxvi p., 1 l., 551 p., 1 l. 23 cm .
421 3647 164 49 Thesis
624 3651 18 53 (PH.
807 3649 338 55 D.)—Princeton
1174 3651 268 54 university,
1475 3652 118 46 1923.

423 3705 96 45 “Of
551 3705 91 45 this
673 3706 122 44 book
826 3707 130 43 there
986 3704 119 48 have
1135 3708 114 43 been
1279 3706 183 54 printed
1492 3707 81 47 975
1607 3708 152 53 copies
1791 3723 60 28 on
1882 3708 151 45 Aldus
2064 3724 154 38 paper,
2253 3710 90 44 and

350 3760 287 54 twenty-five
664 3762 153 52 copies
848 3777 60 29 on
940 3761 212 47 Swedish
1182 3763 263 44 handmade
1476 3779 154 40 paper,
1660 3764 91 46 and
1781 3765 78 44 the
1889 3772 105 47 type
2027 3765 315 45 distributed.”

351 3816 56 54 ©
435 3820 98 51 Jan.
562 3819 36 51 4,
634 3820 102 42 1926
753 3835 8 37 ;
794 3820 63 43 2c.
888 3821 86 42 and
1005 3820 77 44 aff.
1118 3820 119 52 Sept.
1268 3822 50 51 2;
1350 3822 44 42 A
1424 3820 189 56 901726;
1648 3822 246 44 Princeton
1923 3822 248 54 university
2201 3837 140 38 press.

431 3873 269 59 (26-15407)
