2542 4285
0 0 0 0 840
483 365 210 71 Wells,
724 365 193 58 Amos
949 366 237 67 Russel,
1223 369 186 56 1862-

558 472 1848 72 The glorious names of Jesus, by Amos R. Wells …
479 549 152 57 New
675 548 191 70 York,
918 546 270 74 Chicago
1262 553 128 68 [etc.]
1442 548 287 74 Fleming
1775 551 77 56 H.
1905 550 214 58 Revell
2169 569 304 55 company

498 627 184 72 [ c 1926]
549 718 54 45 64
629 731 40 37 p.
735 717 50 42 19
792 719 45 16 cm
843 752 9 8 .

479 783 53 53 ©
560 786 116 51 June
710 786 59 49 12,
804 785 128 50 1926;
965 784 64 43 2c.
1061 786 86 40 and
1179 785 77 42 aff.
1289 785 118 51 Aug.
1442 783 46 52 5;
1525 785 43 41 A
1598 783 187 52 897650;
1824 783 206 54 Fleming
2061 787 61 41 H.
2157 787 157 42 Revell
2347 802 66 28 co.

556 841 270 54 (26-14439)

479 955 302 72 Wheeler,
811 954 347 60 Genevieve
1191 955 288 58 Thomas.

547 1046 323 60 Blossoms
904 1065 79 38 on
1014 1047 102 58 the
1152 1045 271 73 straight
1457 1046 199 60 ahead
1690 1048 186 69 road;
1912 1046 339 74 reasoning
2283 1047 188 63 rimes

471 1124 103 57 for
601 1123 296 74 children,
924 1125 82 70 by
1035 1123 349 59 Genevieve
1413 1124 269 59 Thomas
1709 1124 310 71 Wheeler,
2050 1124 420 62 illustrations

471 1201 122 57 and
628 1221 183 38 cover
845 1200 221 73 design
1098 1202 84 72 by
1213 1201 210 59 Violet
1459 1203 271 56 Thomas
1763 1202 377 57 Hartmann.
2214 1204 255 57 Kansas

472 1278 160 74 City,
664 1279 143 70 Mo.,
834 1278 325 58 Blossoms
1190 1282 101 54 art
1319 1297 324 54 company,
1674 1280 166 57 1926.

543 1369 77 44 136
646 1384 39 37 p.
714 1368 102 45 incl.
844 1369 132 52 illus.,
1005 1369 160 52 plates.
1224 1369 51 44 17½c
1327 1372 29 17 m
1362 1405 8 8 .

473 1439 52 54 ©
560 1442 110 51 May
701 1441 68 51 20,
807 1441 127 50 1926;
968 1441 64 42 2c.
1068 1441 105 51 July
1210 1441 72 47 16;
1320 1441 77 42 aff.
1433 1442 104 51 July
1576 1441 72 51 17;
1687 1441 41 42 A
1763 1440 188 53 897692;
1989 1442 118 52 John
2141 1443 62 44 H.
2237 1443 229 53 Wheeler,

544 1498 178 43 Kansas
760 1497 114 54 City,
913 1499 93 42 Mo.
1077 1498 270 53 (26-14558)

474 1610 412 71 Williamson,
918 1609 236 61 Robert
1182 1611 265 59 Donald.

550 1702 432 74 Stewardship
1029 1706 65 56 in
1138 1704 103 58 the
1286 1702 113 60 life
1448 1705 68 57 of
1558 1704 212 72 youth,
1817 1706 81 70 by
1943 1704 234 58 Robert
2223 1707 243 57 Donald

469 1780 1997 154 Williamson and Helen Kingsbury Wallace … introduction by Helen B. Montgomery. New York, Chicago [etc.]
471 1936 287 74 Fleming
785 1937 81 61 H.
897 1937 217 59 Revell
1146 1955 304 54 company
1485 1967 12 42 [
1501 1944 17 22 c
1522 1938 163 71 1926]

540 2031 53 44 88
623 2043 40 37 p.
740 2029 52 42 19½
825 2030 47 17 cm
879 2065 8 9 .

543 2096 232 54 “Reading
800 2097 102 44 list”
920 2114 9 29 :
959 2111 41 37 p.
1028 2098 65 45 88.

469 2165 54 54 ©
552 2168 115 51 June
699 2166 62 50 12,
794 2164 128 52 1926;
952 2165 63 42 2c.
1046 2165 87 42 and
1162 2165 78 42 aff.
1271 2165 119 51 Aug.
1421 2162 49 53 5;
1503 2165 43 41 A
1576 2163 188 53 897644;
1798 2164 206 54 Fleming
2037 2167 60 42 H.
2129 2166 157 44 Revell
2315 2182 65 28 co.

547 2223 270 55 (26-14440)

467 2339 249 73 Woods,
747 2337 452 60 Alexandrina.

544 2430 190 60 Little
773 2450 160 54 gray
967 2431 208 70 doors,
1210 2431 84 72 by
1330 2428 433 61 Alexandrina
1795 2429 269 73 Woods;
2103 2430 359 60 illustrated

466 2511 82 71 by
576 2510 105 57 the
710 2509 287 72 Phillips.
1069 2506 399 75 Springfield,
1500 2508 213 73 Mass.,
1743 2508 223 59 Milton
1995 2508 280 74 Bradley
463 2528 1973 134 company,
689 2589 166 57 1926.

534 2677 1697 57 3 p. l ., 9-120, [1] p. incl. col. front., col. illus., col. plates. 24½ cm .
465 2749 54 54 ©
548 2751 105 53 July
682 2751 38 51 9,
757 2751 105 42 1926;
918 2750 63 42 2c.
1014 2749 105 52 July
1151 2748 76 52 30;
1261 2748 78 43 aff.
1373 2749 119 51 Aug.
1526 2746 47 54 5;
1610 2748 42 42 A
1681 2748 189 52 901376;
1908 2747 167 45 Milton
2109 2749 197 53 Bradley
2339 2763 64 29 co.

543 2807 269 55 (26-14350)

466 2923 331 71 Woodson,
842 2921 222 57 Carter
1103 2920 280 72 Godwin,
1426 2923 189 56 1875-
1773 2922 89 56 ed.

545 3015 128 57 The
711 3015 174 56 mind
924 3014 66 56 of
1029 3014 103 56 the
1173 3033 192 52 negro
1407 3032 68 37 as
1516 3012 290 59 reflected
1842 3012 67 57 in
1947 3013 220 57 letters
2206 3012 254 59 written

466 3089 1995 153 during the crisis, 1800-1860, edited by Carter G. Woodson … Washington, D. C., The Association for the study
467 3249 67 57 of
562 3267 193 54 negro
790 3248 110 57 life
934 3249 124 56 and
1086 3247 266 73 history,
1385 3247 116 57 inc.
1541 3278 12 42 [
1555 3255 20 22 c
1578 3248 163 74 1926]

533 3335 759 56 5 p. l ., v-xxxii, 672 p. 24 cm .
463 3410 52 52 ©
542 3411 104 52 July
678 3412 32 48 1,
745 3410 127 51 1926;
901 3410 64 43 2c.
994 3410 105 52 July
1123 3408 79 53 23;
1233 3409 79 44 aff.
1340 3410 105 51 July
1474 3409 77 52 24;
1581 3409 44 42 A
1654 3408 188 53 901240;
1873 3410 134 42 Assn.
2040 3408 74 44 for
2142 3408 76 44 the
2247 3410 131 51 study
2407 3409 50 44 of

531 3484 142 39 negro
704 3468 80 43 life
815 3468 37 43 &
881 3467 189 52 history,
1101 3467 82 42 inc.
1253 3466 270 53 (26-14304)

463 3581 229 73 Worst,
725 3580 277 59 Edward
1031 3579 281 74 Francis,
1346 3583 189 57 1874-

460 3670 1974 151 How to weave linens [by] Edward F. Worst … Milwaukee, Wis., The Bruce publishing company [ c 1926]
532 3841 78 45 166
635 3856 39 39 p.
736 3842 115 44 illus.
910 3841 151 47 27½cm.

461 3911 1934 56 © July 22, 1926; 2c. and aff. Aug. 2; A 897612; E . F. Worst, Chicago.
537 3971 268 56 (26-14443)
