2542 4285
0 0 0 0 393
77 455 170 44 certain
272 462 130 44 great
427 452 197 44 national
651 454 334 51 organizations
1013 455 86 41 and
1128 453 209 43 research
1364 455 193 42 bureaus
1585 454 113 44 have
1725 455 114 43 been
1863 454 198 53 brought

79 511 202 52 together
308 526 47 29 as
384 510 73 44 the
481 510 119 43 basis
630 510 72 43 for
728 509 76 43 the
829 510 132 42 work
987 511 50 42 of
1063 509 75 44 the
1164 509 242 44 students.”

77 579 52 52 ©
156 581 110 50 Apr.
298 581 59 48 13,
389 579 126 53 1926;
544 580 62 42 2c.
637 581 86 42 and
749 580 78 42 aff.
855 580 113 51 Apr.
998 581 72 50 14;
1100 580 44 41 A
1173 579 186 52 890342;
1391 579 267 43 Macmillan
1684 595 64 28 co.

148 634 240 56 (26-8895)

73 733 91 57 La
198 733 149 71 Rue,
386 732 273 58 Charles.

218 823 1833 72 … Thirty-four common tennis errors of the million
76 902 249 70 players
382 902 121 56 and
556 900 103 58 the
714 902 283 70 remedy;
1053 902 131 56 also
1239 920 36 38 a
1330 901 222 71 theory
1608 901 66 58 of
1727 901 325 73 campaign

85 979 215 71 (never
341 979 214 57 before
599 978 235 70 stated)
882 979 82 70 by
1008 976 258 60 Charles
1310 978 91 58 La
1442 979 151 56 Rue.
1675 978 151 58 New
1864 978 190 73 York,

74 1056 331 57 American
434 1058 208 68 sports
670 1055 361 72 publishing
1059 1074 302 53 company
1390 1085 13 43 [
1405 1064 19 22 c
1428 1056 163 72 1926]

139 1147 53 43 48
235 1161 42 37 p.
339 1147 152 50 front.,
537 1146 154 52 plates.
758 1146 46 43 17
831 1149 26 16 cm
865 1181 7 8 .
943 1146 244 52 (Spalding
1233 1147 106 43 “red
1385 1147 159 43 cover”
1592 1147 137 43 series
1773 1147 52 43 of
1870 1146 182 46 athletic

68 1203 271 50 handbooks,
369 1218 68 28 no.
466 1202 54 43 84
546 1203 65 51 R)

144 1272 73 43 On
243 1287 158 28 cover:
433 1271 252 53 Spalding’s
712 1273 179 42 athletic
917 1272 181 52 library,
1124 1289 67 27 no.
1219 1273 51 42 84
1300 1274 49 41 R.

70 1325 53 53 ©
149 1328 112 51 Apr.
291 1328 37 50 3,
359 1327 128 52 1926;
518 1328 62 42 2c.
611 1329 87 42 and
726 1329 77 42 aff.
833 1328 110 52 Apr.
975 1328 48 51 8;
1058 1329 44 41 A
1129 1326 191 53 889747;
1350 1328 247 43 American
1626 1335 146 45 sports
1804 1328 101 52 pub.
1937 1344 65 28 co.

147 1382 240 54 (26-8704)

73 1480 250 72 Luther,
361 1480 254 73 Martin,
655 1484 357 55 1483-1546.

146 1571 154 57 Five
327 1571 267 58 minutes
626 1572 170 70 daily
822 1572 148 56 with
998 1571 267 70 Luther;
1297 1571 171 72 daily
1494 1573 238 57 lessons
1762 1572 170 57 from
1957 1572 104 57 the

70 1636 1923 83 writings of Martin Luther, by John Theodore Mueller …
71 1725 149 56 New
251 1725 189 72 York,
476 1725 126 56 The
638 1725 358 57 Macmillan
1030 1744 320 52 company,
1385 1726 165 56 1926.

138 1800 75 53 vii,
245 1800 79 46 375
359 1816 39 38 p.
457 1803 27 41 21½
545 1804 47 17 cm
598 1837 8 8 .

65 1857 54 53 ©
146 1859 112 51 Apr.
291 1860 60 50 13,
383 1859 127 52 1926;
537 1860 63 41 2c.
629 1860 86 42 and
743 1860 78 41 aff.
850 1860 111 50 Apr.
994 1860 73 51 14;
1096 1859 44 42 A
1169 1858 187 53 890345;
1390 1858 267 44 Macmillan
1680 1875 65 28 co.

149 1914 241 55 (26-8767)

71 2012 388 72 MacAlpine,
499 2012 233 58 Robert
768 2012 183 72 John,
993 2016 188 55 1874-

154 2105 254 57 “There
437 2106 53 58 is
521 2124 79 39 no
631 2104 273 71 death”;
937 2106 331 57 addresses
1301 2125 78 38 on
1409 2106 104 57 the
1542 2104 111 59 life
1683 2107 261 71 beyond,
1977 2107 81 70 by

70 2181 1964 151 Robert J. MacAlpine … New York, Chicago [etc.] Fleming EL
314 2260 215 57 Revell
557 2279 304 53 company
890 2290 13 43 [
904 2268 19 22 c
927 2261 163 71 1926]

140 2339 77 45 106
242 2353 38 38 p.
369 2340 24 43 19½
446 2341 28 17 cm
480 2374 9 8 .

67 2392 53 53 ©
150 2395 117 42 Mar.
295 2394 67 50 20,
395 2394 127 51 1926;
552 2394 62 42 2c.
645 2395 86 42 and
760 2395 77 42 aff.
869 2394 109 53 Apr.
1013 2394 73 51 14;
1120 2394 44 42 A
1195 2394 188 51 890328;
1415 2393 209 53 Fleming
1652 2395 62 43 H.
1746 2393 158 44 Revell
1936 2409 65 28 co.

145 2449 241 55 (26-8844)

72 2549 382 72 Macartney,
491 2547 292 58 Clarence
817 2547 274 58 Edward
1121 2547 211 70 Noble,
1369 2549 188 58 1879-

146 2639 264 73 Putting
440 2659 78 38 on
546 2639 444 72 immortality;
1023 2638 347 60 reflections
1405 2659 78 38 on
1515 2640 104 57 the
1650 2640 112 57 life
1793 2642 262 69 beyond,

71 2716 1984 75 by Clarence Edward Macartney … New York, Chicago
73 2799 145 69 [etc.]
248 2794 287 73 Fleming
557 2795 79 56 EL
664 2795 217 57 Revell
906 2813 305 54 company
1239 2825 13 43 [
1254 2802 19 23 c
1277 2796 146 56 1926]

166 2873 324 54 189 p. 19½ cm .
69 2927 52 54 ©
150 2930 117 42 Mar.
295 2929 65 49 20,
394 2928 129 52 1926;
552 2929 65 42 2c.
648 2929 87 42 and
763 2930 78 41 aff.
872 2930 110 50 Apr.
1018 2929 72 51 14;
1123 2928 44 42 A
1195 2926 187 54 890325;
1416 2928 209 52 Fleming
1655 2929 61 44 H.
1748 2927 157 45 Revell
1937 2943 65 28 co.

145 2984 241 55 (26-8845)

68 3081 373 74 Mackenzie,
480 3081 319 72 Compton.

145 3172 197 72 Fairy
378 3172 159 72 gold.
621 3172 173 70 chap.
836 3174 70 54 23
955 3171 402 72 (contd.)-26.
1444 3175 49 72 [6
1531 3173 412 73 instalments]

140 3250 79 50 (In
252 3251 184 40 London
467 3250 210 50 Evening
710 3249 249 51 standard)

68 3302 1991 55 © 1c. each Apr. 10, 1926; A ad int. 8009-8014; pubd. Feb. 15-20; George
138 3362 60 41 H.
237 3362 157 42 Doran
429 3376 79 36 co.,
545 3362 116 42 New
697 3361 141 43 York.

251 3458 1310 75 Fairy gold. chap. 26 (contd.)-30. [6 instalments]
141 3537 79 50 (In
252 3538 184 40 London
467 3536 211 51 Evening
710 3537 249 51 standard)

68 3590 1988 54 © 1c. each Apr. 20, 1926; A ad int. 8057-8062; pubd. Feb. 22-27; George
138 3649 61 42 H.
233 3648 158 43 Doran
423 3663 77 34 co.,
536 3648 116 42 New
685 3648 142 42 York.

248 3746 1302 74 Fairy gold. chap. 30 (contd.)-32. [6 instalments]
141 3824 79 50 (In
253 3825 183 40 London
468 3824 210 50 Evening
710 3823 248 51 standard)

70 3875 1984 55 © 1c. each Apr. 27, 1926; A ad int. 8089-8094; pubd. Mar. 1-6; George
139 3935 60 42 H.
230 3935 158 42 Doran
415 3949 77 35 co.,
526 3935 117 43 New
672 3935 141 42 York.
