2542 4285
1366 3972 112 58 938

487 423 62 50 xi,
580 422 77 46 199
680 436 42 35 p.
782 420 117 45 illus.
963 419 50 46 19
1020 422 47 17 cm
1072 456 9 8 .

414 473 55 54 ©
503 474 108 54 July
645 475 65 50 30,
750 474 130 51 1926;
918 476 64 41 2c.
1019 473 120 52 Aug.
1176 473 78 50 23;
1292 472 79 45 aff.
1408 472 121 52 Aug.
1566 472 77 50 20;
1685 471 44 42 A
1765 469 189 51 897906;
1999 468 45 47 S.
2082 467 53 45 T.
2177 470 232 51 Barrows,

416 532 128 43 Iowa
576 530 114 52 City,
749 546 51 35 Ia.,
832 529 91 44 and
952 530 139 43 Anna
1124 530 56 42 D.
1213 528 182 53 Cordts,
1428 529 173 51 Boone,
1660 543 37 28 Ia.
1767 526 270 55 (26-15140)

419 624 288 70 Bartlett,
743 623 288 71 Willard,
1069 625 188 57 1868-

491 708 1852 75 The surgical treatment of goiter, by Willard Bartlett …
417 785 1971 138 with foreword by Dr. Charles H. Mayo … with 130 original
576 864 441 59 illustrations.
1091 865 90 59 St.
1212 864 212 74 Louis,
1460 866 130 57 The
1624 864 65 59 C.
1721 864 75 59 V.
1831 863 226 72 Mosby
2088 881 324 55 company,

420 943 165 57 1926.

489 1018 80 45 365
598 1033 41 38 p.
697 1018 117 44 illus.
873 1018 52 46 25½
962 1021 47 18 cm
1014 1053 9 9 .

492 1073 340 45 “References”
860 1082 46 37 at
928 1076 89 43 end
1044 1075 53 43 of
1123 1082 105 46 part
1253 1075 53 42 of
1332 1075 78 44 the
1436 1074 224 53 chapters.

416 1128 54 53 ©
498 1129 120 54 Aug.
645 1131 67 50 20,
743 1131 130 52 1926;
903 1134 63 41 2c.
996 1131 121 52 Aug.
1145 1132 78 51 23;
1255 1131 79 44 aff.
1364 1130 121 53 Aug.
1514 1129 78 53 27;
1626 1131 43 42 A
1697 1130 190 51 897986;
1922 1130 49 46 C.
2001 1130 59 44 V.
2092 1130 170 55 Mosby
2290 1145 67 29 co.

495 1187 270 53 (26-15161)

422 1273 283 70 Bennett,
738 1271 257 59 Charles
1021 1273 299 73 Alpheus,
1354 1276 149 56 1864–

498 1362 266 75 History
793 1365 67 57 of
885 1366 254 56 manual
1168 1366 124 57 and
1316 1364 340 59 industrial
1686 1364 328 59 education
2038 1383 86 54 up
2150 1367 63 56 to
2244 1365 166 73 1870,

418 1441 1970 138 by Charles Alpheus Bennett … Peoria, Ill., The Manual
556 1525 134 55 arts
720 1540 182 53 press
940 1551 13 43 [
956 1529 19 23 c
978 1522 164 72 1926]

490 1600 76 45 461
599 1615 40 38 p.
700 1599 115 45 illus.
843 1599 125 53 (incl.
1000 1607 152 46 ports.,
1183 1599 141 53 plans,
1357 1599 224 54 facsims.)
1618 1601 142 52 diagr.
1817 1600 53 44 23½
1906 1603 47 17 cm
1958 1635 9 8 .

492 1655 198 45 “Source
718 1655 284 44 references”
1030 1664 47 35 at
1104 1657 83 42 end
1215 1656 51 44 of
1294 1657 107 42 each
1431 1657 195 49 chapter.

416 1707 55 54 ©
496 1709 121 54 Aug.
647 1710 62 51 16,
738 1709 107 45 1926;
896 1712 64 41 2c.
986 1709 122 52 Aug.
1134 1710 78 51 21;
1240 1709 79 46 aff.
1346 1708 121 54 Aug.
1497 1710 74 51 19;
1602 1709 44 43 A
1671 1708 191 53 897908;
1895 1709 48 46 C.
1972 1709 57 43 A.
2059 1710 212 51 Bennett,
490 1710 1905 108 Peoria,

600 1764 69 45 Ill.
739 1765 270 54 (26-15053)

421 1851 207 74 Birge,
666 1852 278 58 Edward
980 1849 205 75 Coley.

496 1943 344 72 Westport,
882 1940 420 74 Connecticut,
1338 1943 103 57 the
1479 1943 253 72 making
1770 1943 68 57 of
1872 1963 36 37 a
1943 1943 253 57 Yankee
422 1947 1974 147 township,

610 2022 84 71 by
724 2021 278 57 Edward
1035 2020 191 72 Coley
1253 2021 211 72 Birge,
1495 2021 150 57 with
1679 2041 35 38 a
1744 2021 347 72 postscript
2121 2023 83 70 by
2234 2022 187 71 Mary

425 2099 190 74 Coley
667 2100 188 72 Gage.
940 2099 150 57 New
1141 2099 192 71 York,
1388 2099 129 58 The
1569 2099 274 58 Writers
1896 2099 365 73 publishing
2311 2120 108 51 co.,

419 2179 135 72 inc.,
592 2180 165 56 1926.

523 2256 902 55 x p., 1 l., 113 p. incl. front. 19½ cm .
417 2312 55 54 ©
503 2313 120 54 Aug.
652 2314 65 52 26,
751 2313 130 51 1926;
913 2315 64 41 2c.
1010 2311 90 45 and
1131 2313 78 43 aff.
1240 2312 122 53 Aug.
1394 2313 78 51 28;
1507 2313 44 42 A
1581 2311 190 53 901596;
1807 2310 52 48 E.
1894 2311 49 46 C.
1978 2311 153 55 Birge,
2165 2312 253 53 Westport,

491 2368 143 46 Conn.
704 2368 272 56 (26-15194)

425 2456 311 72 Bolenius,
773 2457 222 56 Emma
1029 2454 226 59 Miller.

499 2548 128 57 The
679 2547 184 71 boys’
919 2548 124 56 and
1096 2545 185 72 girls’
1336 2546 277 57 readers.
1711 2546 275 59 Seventh
2041 2546 243 71 reader,
2338 2547 81 71 by

417 2626 224 59 Emma
676 2624 208 57 Miller
917 2623 317 58 Bolenius.
1306 2623 177 58 With
1516 2624 316 72 drawings
1865 2626 82 70 by
1982 2625 206 57 Mabel
2222 2625 197 71 Betsy

417 2702 149 57 Hill.
649 2702 260 73 Boston,
964 2702 152 57 New
1166 2702 173 56 York
1393 2705 146 70 [etc.]
1595 2702 343 73 Houghton
1992 2702 215 57 Mifflin
416 2723 1978 129 company

618 2809 13 43 [
633 2788 19 21 c
654 2779 166 72 1926]

594 2854 1296 56 xv, [2], 2-432 p. illus., maps, facsim., diagrs. 19 ½ cm .
426 2911 53 54 ©
515 2912 119 53 Sept.
672 2914 63 51 10,
772 2912 129 52 1926;
936 2913 65 43 2c.
1038 2912 119 53 Sept.
1198 2914 73 52 18;
1309 2914 79 43 aff.
1426 2913 122 53 Sept.
1585 2915 72 52 16;
1695 2915 45 43 A
1773 2914 189 54 949156;
1999 2914 53 48 E.
2087 2915 66 44 M.
2191 2915 227 54 Bolenius,

497 2971 256 51 Lancaster,
799 2971 80 43 Pa.

424 3055 246 72 Busser,
713 3054 253 59 Samuel
1004 3054 240 59 Edwin.

499 3135 300 72 Monkeys
844 3137 125 57 and
1009 3136 242 71 myths;
1298 3156 90 51 or,
1433 3130 341 61 Evolution
1813 3133 66 56 in
1920 3132 309 72 harmony
2268 3132 153 58 with

422 3214 103 59 the
574 3213 198 70 Bible,
818 3213 189 72 being
1055 3233 36 37 a
1139 3212 176 73 plain
1366 3213 335 59 statement
1753 3212 67 56 of
1867 3208 168 61 what
2086 3209 106 59 the
2241 3207 179 60 Bible

423 3292 266 70 teaches,
715 3290 123 57 and
862 3290 167 60 what
1055 3290 315 58 evolution
1392 3307 215 41 means
1632 3289 169 58 from
1824 3306 36 37 a
1887 3285 298 60 scientific
421 3288 1975 152 standpoint,

650 3365 1770 74 by Samuel Edwin Busser … Boston, Mass., The
425 3444 330 60 Stratford
783 3463 323 54 company,
1137 3446 167 56 1926.

493 3523 27 42 2
545 3537 40 36 p.
646 3557 9 16 l.,
684 3523 106 45 iii-v
814 3537 54 36 p.,
899 3527 18 41 1
978 3558 9 16 l.,
1012 3524 82 44 238
1119 3537 42 37 p.
1363 3560 8 8 19½cm.

419 3572 55 54 ©
501 3575 120 53 Aug.
648 3576 65 51 21,
744 3576 130 51 1926;
903 3579 64 41 2c.
996 3576 121 52 Aug.
1145 3575 77 52 25;
1254 3575 79 43 aff.
1362 3575 122 53 Aug.
1513 3575 77 51 26;
1622 3574 44 43 A
1694 3573 189 52 901592;
1918 3572 243 50 Stratford
2190 3588 66 28 co.

500 3631 269 54 (26-15149)

427 3715 303 70 Caillaux,
776 3716 254 73 Joseph,
1079 3719 189 56 1863-

572 3794 1527 74 … Ma doctrine. Paris, E. Flammarion [ c 1926]
494 3872 910 55 xiii p., 1 l., [17]-282 p., 1 l. 18½ cm .
