2609 4293
0 0 0 0 95
132 330 301 72 Swallow,
466 333 151 55 Mrs.
653 330 159 57 Jane
848 330 289 56 Frances.

202 420 59 56 A
291 437 286 40 romance
608 418 67 58 of
703 418 104 57 the
837 417 168 72 siege
1035 417 68 58 of
1130 416 369 73 Vicksburg,
1529 418 84 70 by
1641 418 163 58 Jane
1833 418 276 59 Frances

129 496 298 60 Swallow.
507 495 259 71 Boston,
807 495 212 71 Mass.,
1061 495 129 57 The
1233 493 278 72 Chappie
1551 494 362 73 publishing
125 514 1959 133 company,

339 574 128 71 ltd.,
499 574 165 56 1925.

199 665 78 44 126
301 680 39 38 p.
401 672 113 45 port.
578 665 50 43 19
633 665 47 18 cm
686 698 9 10 .

128 732 53 54 ©
204 736 107 41 Dec.
334 733 66 52 28,
431 731 128 53 1925;
586 733 63 42 2c.
674 734 98 50 Jan.
799 730 65 53 25,
895 732 129 51 1926;
1053 732 79 42 aff.
1160 732 98 51 Jan.
1286 732 76 51 23;
1389 732 44 42 A
1459 731 190 53 879390;
1680 730 197 54 Chappie
1903 733 100 52 pub.
2032 748 79 38 co.,

196 791 75 42 ltd.
341 788 240 55 (26-2449)

147 890 198 55 [Texas
379 888 126 57 and
540 887 469 59 Southwestern
1038 891 284 67 reporter
1354 884 222 75 digest]

205 979 197 57 South
441 981 269 53 western
751 980 291 68 reporter
1080 977 208 71 digest
1336 976 534 73 (supplementing
1911 978 200 57 Texas

126 1057 46 55 &
203 1057 182 56 south
410 1058 270 53 western
708 1054 233 72 digest)
981 1054 321 71 including
1331 1072 172 38 cases
1537 1056 298 68 reported
1863 1055 64 55 in
1959 1055 152 57 vols.

127 1131 1988 71 256-270 South western reporter … Ed. by the editorial
128 1207 1988 73 staff of the American digest system … St. Paul, West
124 1285 359 73 publishing
516 1305 106 53 co.,
658 1287 164 55 1925.

193 1389 60 52 iii,
289 1389 103 43 1132
423 1403 40 37 p.
522 1388 150 43 26½cm.

125 1456 52 56 ©
207 1455 118 47 Nov.
357 1457 61 53 17,
453 1456 129 54 1925;
615 1458 64 43 2c.
711 1458 98 53 Jan.
845 1456 64 54 14,
942 1455 128 54 1926;
1104 1457 77 44 aff.
1213 1457 98 53 Jan.
1347 1457 74 52 13;
1454 1457 44 43 A
1526 1454 189 55 875857;
1749 1458 133 44 West
1911 1457 101 54 pub.
2045 1473 65 28 co.

124 1572 262 73 Thorpe,
425 1572 239 72 George
706 1570 216 73 Cyrus,
962 1572 189 57 1875-

199 1662 269 57 Federal
510 1661 461 71 departmental
1015 1659 432 74 organization
1493 1660 124 58 and
1657 1659 307 73 practice;
2012 1660 103 58 the

123 1739 316 59 executive
482 1739 449 70 departments,
972 1739 269 57 bureaus
1287 1739 124 57 and
1453 1736 419 73 independent
122 1738 1969 136 establishments

491 1815 68 59 of
601 1816 102 57 the
745 1814 237 59 United
1024 1815 211 59 States
1279 1818 426 69 government,
1747 1816 83 71 by
1873 1813 242 77 George

124 1892 1988 75 Cyrus Thorpe … Kansas City, Vernon law book co.; St.
121 1972 177 71 Paul,
326 1971 178 59 West
531 1970 361 73 publishing
919 1990 107 52 co.,
1057 1971 166 58 1925.

190 2063 60 51 xi,
286 2063 104 44 1027
421 2078 39 38 p.
523 2064 18 42 1
574 2060 129 53 illus.,
733 2062 167 53 diagrs.
959 2060 54 45 26
1019 2063 47 18 cm
1072 2097 9 9 .

121 2132 53 54 ©
201 2135 101 43 Oct.
324 2133 67 51 29,
422 2132 129 53 1925;
577 2133 63 43 2c.
665 2133 99 52 Jan.
794 2133 61 50 14,
883 2131 129 53 1926;
1039 2132 78 43 aff.
1143 2133 100 52 Jan.
1273 2133 74 51 13;
1376 2132 44 42 A
1446 2131 188 53 879254;
1666 2133 186 43 Vernon
1880 2132 86 45 law
1993 2134 119 43 book

189 2206 65 28 co.
324 2190 241 54 (26-2698)

123 2287 279 74 Thwing,
442 2286 256 59 Charles
736 2286 324 71 Franklin,
1099 2289 190 57 1853-

199 2375 1848 77 The college president, by Charles Franklin Thwing …
121 2456 150 58 New
299 2455 188 73 York,
519 2456 129 58 The
677 2454 360 59 Macmillan
1068 2473 323 55 company,
1422 2456 166 56 1926.

223 2544 602 56 x p., 1 l., 345 p. 20 ½ cm .
119 2614 53 55 ©
195 2616 99 53 Jan.
325 2616 62 53 19,
416 2616 128 53 1926;
572 2617 64 43 2c.
663 2617 87 43 and
776 2616 78 43 aff.
881 2616 99 53 Jan.
1005 2615 78 54 20;
1113 2616 44 43 A
1182 2614 190 55 875958;
1403 2616 264 44 Macmillan
1693 2632 64 29 co.

197 2673 241 55 (26-2540)

121 2770 357 74 Tompkins,
516 2772 173 57 Dora
723 2770 258 59 Gilbert.

195 2860 103 57 An
322 2860 424 59 introduction
774 2864 64 55 to
868 2860 364 73 expository
1258 2860 272 75 writing,
1556 2863 84 71 by
1665 2862 173 58 Dora
1867 2861 241 61 Gilbert

121 2938 1987 72 Tompkins … and Jessie MacArthur … New York and
117 3016 277 73 London,
419 3016 256 72 Harper
701 3019 62 55 &
785 3017 310 72 brothers,
1124 3017 165 57 1926.

187 3094 478 54 viii, 349 p. 19 ½ cm .
190 3151 152 46 “First
366 3150 209 46 edition.”

194 3208 307 45 “Illustrative
528 3207 288 46 selections”:
845 3223 40 39 p.
962 3208 189 47 [111]-349.

119 3263 53 54 ©
203 3266 97 51 Jan.
332 3266 66 49 22,
433 3265 103 43 1926;
594 3266 65 42 2c.
690 3266 97 52 Jan.
819 3265 51 43 21;
933 3266 78 43 aff.
1045 3267 98 51 Jan.
1177 3264 52 45 25;
1291 3266 44 42 A
1369 3265 164 44 883017;
1596 3268 186 51 Harper
1817 3268 86 43 and
1935 3268 119 43 bros.

197 3321 241 55 (26-2570)

121 3419 306 73 Trollope,
463 3419 315 74 Anthony,
817 3422 357 58 1815-1882.

198 3510 128 56 The
369 3511 272 71 warden,
685 3511 84 72 by
809 3511 300 72 Anthony
1153 3511 324 72 Trollope;
1526 3511 208 59 edited
1776 3513 85 71 by
1903 3512 207 59 Jessie

119 3587 1991 76 Du Val Myers … New York, The Macmillan company,
120 3666 164 55 1926.

187 3740 112 52 xxii,
328 3740 81 44 360
438 3755 38 37 p.
538 3742 144 43 14½cm.
746 3740 113 55 [The
889 3742 266 43 Macmillan
1182 3743 164 51 pocket
1374 3741 199 55 classics]

191 3795 187 55 Sequel:
414 3797 269 45 Barchester
713 3804 179 39 towers.

119 3851 54 53 ©
199 3853 98 52 Jan.
326 3854 68 52 26,
425 3854 105 43 1926;
588 3854 64 44 2c.
683 3855 87 43 and
800 3856 78 43 aff.
910 3856 98 52 Jan.
1038 3855 54 43 27;
1149 3856 44 41 A
1224 3855 165 44 883049;
1449 3855 264 44 Macmillan
1742 3871 65 29 co.
1870 3853 67 55 [©
189 3856 1898 107 introduction]
453 3910 241 54 (26-2816)
