2542 4285
1060 3979 148 57 1185

125 474 1978 79 tion by Rev. William B. Millar … New York, George H.
130 560 214 58 Doran
370 575 302 54 company
702 585 13 43 [
716 563 20 23 c
739 555 164 72 1926]

200 646 98 43 xvii
324 660 54 38 p.,
404 648 26 41 2
476 679 23 17 l.,
525 643 165 45 23-268
715 658 41 38 p.
818 643 50 44 19½cm.

126 714 55 54 ©
211 716 99 43 Oct.
342 714 36 50 8,
415 713 127 52 1926;
572 713 65 43 2c.
672 713 99 44 Oct.
806 713 74 50 11;
914 712 78 43 aff.
1028 712 100 43 Oct.
1161 710 49 53 9;
1244 711 44 42 A
1318 709 188 53 950414;
1544 708 176 54 George
1754 709 62 43 H.
1849 710 159 42 Doran
2038 723 66 31 co.

206 770 268 56 (26-17843)

129 869 201 69 Poole,
372 870 241 67 Ernest,
656 871 189 56 1880-

202 961 174 59 With
412 963 247 57 eastern
696 978 161 56 eyes,
894 962 82 71 by
1010 960 233 58 Ernest
1279 961 207 58 Poole.
1568 959 151 59 New
1751 959 187 70 York,
1979 960 129 57 The

127 1037 355 60 Macmillan
513 1057 319 53 company,
866 1039 164 56 1926.

199 1132 24 43 3
255 1144 40 34 p.
344 1167 8 7 l.,
396 1129 82 45 217
540 1162 7 9 p.
606 1127 54 44 20
667 1130 46 18 cm
719 1163 9 7 .

130 1193 52 54 ©
217 1195 99 43 Oct.
352 1195 61 49 13,
450 1192 126 52 1926;
609 1193 64 42 2c.
707 1192 86 43 and
826 1192 77 43 aff.
937 1193 100 43 Oct.
1075 1192 73 52 14;
1183 1191 44 43 A
1261 1190 189 54 949512;
1485 1191 53 47 E.
1574 1192 153 52 Poole,
1762 1192 116 45 New
1912 1192 142 44 York.

206 1251 269 54 (26-17971)

132 1350 182 57 Print
346 1350 155 71 club,
536 1348 455 74 Philadelphia.

209 1439 327 58 Memorial
577 1438 340 58 exhibition
961 1439 66 57 of
1068 1439 103 57 the
1212 1438 203 59 works
1457 1439 68 58 of
1566 1439 102 59 the
1709 1439 125 59 late
1874 1440 242 73 Joseph

131 1519 273 69 Pennell,
426 1517 142 57 held
592 1518 197 56 under
814 1516 103 58 the
944 1515 284 72 auspices
1256 1517 68 57 of
1349 1516 104 59 the
1478 1516 438 73 Philadelphia
1931 1517 184 59 Print

132 1596 136 57 club
316 1596 122 56 and
483 1595 102 57 the
630 1594 465 71 Pennsylvania
1141 1612 299 53 museum,
1485 1594 66 57 in
1597 1593 327 59 Memorial
1971 1594 144 73 hall,

134 1673 368 58 Fairmount
531 1672 175 70 park,
737 1671 454 72 Philadelphia,
1223 1671 167 56 from
1421 1671 264 58 October
1717 1674 96 55 1st
1844 1675 64 54 to
132 1672 1961 136 October

281 1751 150 72 31st,
475 1750 162 55 1926.
724 1747 468 73 [Philadelphia]
1238 1748 129 58 The
1407 1748 185 57 Print
1631 1748 135 58 club
1807 1747 68 59 of
133 1748 1962 151 Philadelphia.

481 1826 263 57 Printed
770 1827 81 70 by
878 1826 60 58 J.
967 1825 70 57 B.
1070 1824 362 73 Lippincott
1459 1844 321 54 company,
1810 1826 164 58 1926.

203 1914 1166 56 59, [1] p. illus. (port.) 36 pl. on 18 l. 26cm.
205 1973 236 47 Half-title:
499 1972 246 54 Catalogue
772 1972 51 45 of
849 1971 217 55 etchings,
1095 1972 296 53 lithographs,
1417 1981 143 36 water
1586 1972 160 52 colors,
1774 1971 230 55 drawings
2034 1972 85 44 and

133 2032 154 44 books.

133 2086 52 54 ©
218 2089 100 43 Oct.
354 2089 34 50 1,
424 2086 127 53 1926;
585 2088 63 42 2c.
680 2086 87 43 and
798 2086 78 43 aff.
911 2087 101 44 Oct.
1051 2087 73 50 13;
1159 2086 44 42 A
1236 2084 190 55 950425;
1458 2086 39 53 J.
1534 2088 50 42 B.
1621 2086 254 53 Lippincott
1907 2101 65 28 co.

210 2143 269 56 (26-17745)

134 2244 181 69 Rath,
356 2242 182 71 Emil,
580 2245 188 58 1873-

209 2336 281 59 Outlines
549 2334 66 61 of
676 2354 167 41 some
901 2333 283 75 physical
1246 2334 327 63 education
1633 2335 328 73 activities,
132 2356 1963 131 arranged
394 2416 83 71 by
505 2410 166 60 Emil
701 2414 169 57 Rath

130 2410 1962 154 … Indianapolis, Ind., Normal college
299 2494 66 57 of
396 2492 104 59 the
532 2488 335 61 American
897 2488 351 76 gymnastic
1277 2490 208 74 union,
1520 2493 164 57 1926.

200 2568 82 46 207
311 2585 42 36 p.
413 2567 117 46 illus.
571 2568 191 52 (music)
804 2569 167 51 diagrs.
1030 2570 53 44 23
1091 2572 47 17 cm
1144 2604 8 9 .

205 2627 111 45 Part
345 2627 51 45 of
422 2628 74 45 the
525 2639 137 38 pages
691 2626 149 44 blank.

204 2681 246 45 Published
473 2682 46 44 in
545 2681 106 46 1916
674 2682 143 43 under
838 2681 98 45 title:
991 2679 209 45 Outlines
1226 2682 53 43 of
1303 2680 287 46 educational
1615 2684 292 49 gymnastics.

131 2734 57 55 ©
216 2737 118 52 Aug.
362 2737 66 51 31,
460 2735 127 52 1926;
617 2736 64 41 2c.
712 2735 100 43 Oct.
842 2734 50 52 2;
925 2735 78 42 aff.
1033 2734 101 43 Oct.
1165 2734 50 51 4;
1245 2734 46 42 A
1321 2733 189 53 949415;
1544 2735 192 44 Normal
1765 2736 171 53 college
1965 2736 49 43 of
2044 2736 74 45 the

202 2794 244 43 American
477 2792 249 53 gymnastic
757 2791 148 44 union.
974 2789 269 56 (26-17962)

137 2893 342 73 Raymond,
519 2890 281 61 William
838 2890 161 73 Galt,
1043 2893 189 57 1859-

214 2979 425 74 Engineering
674 2979 345 73 problems;
1061 2999 37 38 a
1134 2979 168 59 brief
1340 2981 382 72 elementary
1760 3001 217 40 course
2019 2982 101 58 for

135 3055 1964 139 engineering students, by William G. Raymond … Sherman
302 3134 1820 74 M. Woodward … and Irving H. Prageman … 1st ed.
139 3213 151 57 New
319 3212 174 57 York
528 3215 146 68 [etc.]
712 3211 451 60 McGraw-Hill
1195 3213 159 57 book
1389 3231 322 54 company,
1746 3212 135 73 inc.,
1919 3214 164 58 1926.

209 3286 1393 57 vii, 47 p. front. (fold. tab.) diagrs. 23½cm. $1.00
211 3343 305 54 “Four-place
541 3342 248 54 logarithm
817 3344 171 44 tables”:
1043 3359 41 39 p.
1114 3345 180 46 [41]-47.

137 3399 53 54 ©
220 3402 101 43 Oct.
355 3402 33 50 1,
423 3400 126 52 1926;
580 3401 66 43 2c.
678 3402 100 43 Oct.
808 3401 49 53 6;
889 3402 79 43 aff.
1002 3402 101 43 Oct.
1134 3402 48 51 8;
1217 3402 44 42 A
1290 3400 161 45 950371;
1516 3403 343 45 McGraw-Hill
1891 3405 121 44 book
2041 3420 80 38 co.,

209 3458 82 44 inc.
359 3455 269 58 (26-17913)

140 3557 216 70 Reeve,
394 3559 243 58 Arthur
673 3558 349 73 Benjamin,
1062 3562 188 57 1880-

216 3647 1911 78 Pandora, by Arthur B. Reeve … New York, London,
141 3724 253 72 Harper
424 3723 49 60 &
501 3725 305 74 brothers,
843 3726 164 58 1926.

211 3802 553 54 4 p. l. , 261 p. 19½c m .
141 3857 54 53 ©
228 3858 121 53 Sept.
386 3858 62 53 15,
484 3859 106 44 1926;
646 3860 64 44 2c.
745 3861 100 43 Oct.
880 3861 50 52 6;
966 3862 77 42 aff.
1078 3861 101 45 Oct.
1217 3861 74 53 18;
1329 3862 42 43 A
1405 3862 189 54 950487;
1630 3864 55 44 A.
1723 3864 49 44 B.
1808 3865 162 52 Reeve,
2007 3866 116 45 New

210 3915 141 45 York.
421 3914 268 57 (26-17994)
