<alto xmlns="http://www.loc.gov/standards/alto/ns-v3#" xmlns:xlink="http://www.w3.org/1999/xlink" xmlns:xsi="http://www.w3.org/2001/XMLSchema-instance" xsi:schemaLocation="http://www.loc.gov/standards/alto/ns-v3# http://www.loc.gov/alto/v3/alto-3-0.xsd"><Description>
<MeasurementUnit>pixel</MeasurementUnit>
<sourceImageInformation>
<fileName>1926_v23_Part001.pdf</fileName>
</sourceImageInformation>
<OCRProcessing ID="IdOcr">
<ocrProcessingStep>
<processingDateTime>2019-04-10</processingDateTime>
<processingSoftware>
<softwareCreator>ABBYY</softwareCreator>
<softwareName>ABBYY Recognition Server</softwareName>
<softwareVersion>4.0</softwareVersion>
</processingSoftware>
</ocrProcessingStep>
</OCRProcessing>
</Description>
<Styles>
<ParagraphStyle ID="StyleId-FFFFFFFF-FFFF-FFFF-FFFF-FFFFFFFFFFFF-" ALIGN="Left" LEFT="0." RIGHT="0." FIRSTLINE="0."/>
<ParagraphStyle ID="StyleId-22C3EA86-D171-42E2-A7D2-9A866F7D91F9-" ALIGN="Left" LEFT="0." RIGHT="0." FIRSTLINE="0." LINESPACE="8.300000191"/>
<ParagraphStyle ID="StyleId-E3FA4CC6-F5E5-41CA-B4C4-90085BF71B6C-" ALIGN="Block" LEFT="0." RIGHT="0." FIRSTLINE="-14." LINESPACE="8.050000191"/>
<ParagraphStyle ID="StyleId-41118DB3-028A-4115-95B3-BB512DD0EDAE-" ALIGN="Left" LEFT="0." RIGHT="0." FIRSTLINE="-13." LINESPACE="13.30000019"/>
<ParagraphStyle ID="StyleId-A2FB4C2B-BF87-45AD-9689-33B0118FBFC1-" ALIGN="Block" LEFT="0." RIGHT="0." FIRSTLINE="-14." LINESPACE="11.06999969"/>
<ParagraphStyle ID="StyleId-BBBA7B5D-FE2B-4BC7-AC7D-F142900C21B8-" ALIGN="Block" LEFT="0." RIGHT="0." FIRSTLINE="0." LINESPACE="8.899999619"/>
<ParagraphStyle ID="StyleId-3CEA3EEE-4341-4E33-9EF0-A9438AB90A9B-" ALIGN="Center" LEFT="0." RIGHT="0." FIRSTLINE="0." LINESPACE="12.19999981"/>
<ParagraphStyle ID="StyleId-817955BE-3120-4B53-BBD3-920BAE733BFF-" ALIGN="Left" LEFT="0." RIGHT="0." FIRSTLINE="0." LINESPACE="12.19999981"/>
<ParagraphStyle ID="StyleId-456A266C-F799-486A-ACB1-75B61E9815AB-" ALIGN="Left" LEFT="0." RIGHT="0." FIRSTLINE="-13." LINESPACE="8.18999958"/>
<ParagraphStyle ID="StyleId-6A1E9ED6-E5EA-4E31-BD5A-88089B8D7134-" ALIGN="Right" LEFT="0." RIGHT="0." FIRSTLINE="0." LINESPACE="7.699999809"/>
<ParagraphStyle ID="StyleId-C11ABF73-04BC-4F6E-B7E4-01FCA3A26756-" ALIGN="Left" LEFT="0." RIGHT="0." FIRSTLINE="-13." LINESPACE="12.19999981"/>
<ParagraphStyle ID="StyleId-662CF6CF-DB5F-40BE-AD24-E877ED82DD6F-" ALIGN="Block" LEFT="0." RIGHT="0." FIRSTLINE="-14." LINESPACE="11.06999969"/>
<ParagraphStyle ID="StyleId-9361006B-74B5-41BD-BFD3-03318AD64910-" ALIGN="Left" LEFT="0." RIGHT="0." FIRSTLINE="0." LINESPACE="8.899999619"/>
</Styles>
<Layout>
<Page ID="Page900" PHYSICAL_IMG_NR="900" HEIGHT="4285" WIDTH="2542">
<TopMargin HEIGHT="401" WIDTH="2542" VPOS="0" HPOS="0">
</TopMargin>
<LeftMargin HEIGHT="3518" WIDTH="316" VPOS="401" HPOS="0">
</LeftMargin>
<RightMargin HEIGHT="3518" WIDTH="83" VPOS="401" HPOS="2459">
</RightMargin>
<BottomMargin HEIGHT="366" WIDTH="2542" VPOS="3919" HPOS="0">
<TextBlock ID="Page900_Block1" HEIGHT="137" WIDTH="316" VPOS="3953" HPOS="1306" LANG="en-US" STYLEREFS="StyleId-3C76C3AA-3F4D-43ED-90D8-0495AD36B90E-">
<TextLine HEIGHT="56" WIDTH="111" VPOS="3964" HPOS="1335">
<String CONTENT="900" HEIGHT="56" WIDTH="111" VPOS="3964" HPOS="1335"/>
</TextLine>
</TextBlock>
</BottomMargin>
<PrintSpace HEIGHT="3518" WIDTH="2143" VPOS="401" HPOS="316">
<TextBlock ID="Page900_Block2" HEIGHT="3518" WIDTH="2143" VPOS="401" HPOS="316" LANG="en-US" CS="1" STYLEREFS="StyleId-999A062D-21FF-4595-A2D4-DB68F0E53EB2-">
<TextLine HEIGHT="53" WIDTH="357" VPOS="428" HPOS="450" CS="1">
<String LANG="de" CONTENT="352" HEIGHT="45" WIDTH="82" VPOS="429" HPOS="450"/>
<SP HEIGHT="50" WIDTH="21" VPOS="431" HPOS="533"/>
<String LANG="de" CONTENT="p." HEIGHT="38" WIDTH="41" VPOS="443" HPOS="555"/>
<SP HEIGHT="42" WIDTH="58" VPOS="430" HPOS="597"/>
<String LANG="el" CONTENT="20" HEIGHT="44" WIDTH="55" VPOS="428" HPOS="656"/>
<String LANG="en-US" CS="1" CONTENT="&#189;"/>
<String STYLE="superscript" LANG="de" CONTENT="cm" HEIGHT="18" WIDTH="47" VPOS="430" HPOS="745"/>
<String LANG="de" CONTENT="." HEIGHT="8" WIDTH="8" VPOS="463" HPOS="799"/>
</TextLine>
<TextLine HEIGHT="55" WIDTH="1994" VPOS="483" HPOS="379">
<String LANG="de" CONTENT="&#169;" HEIGHT="53" WIDTH="57" VPOS="483" HPOS="379"/>
<SP HEIGHT="55" WIDTH="26" VPOS="483" HPOS="437"/>
<String LANG="en-US" CONTENT="July" HEIGHT="53" WIDTH="108" VPOS="485" HPOS="464"/>
<SP HEIGHT="51" WIDTH="26" VPOS="487" HPOS="573"/>
<String LANG="de" CONTENT="29," HEIGHT="48" WIDTH="65" VPOS="486" HPOS="600"/>
<SP HEIGHT="49" WIDTH="32" VPOS="485" HPOS="666"/>
<String LANG="de" CONTENT="1926" HEIGHT="43" WIDTH="105" VPOS="485" HPOS="699"/>
<SP HEIGHT="50" WIDTH="12" VPOS="485" HPOS="805"/>
<String LANG="de" CONTENT=";" HEIGHT="37" WIDTH="9" VPOS="498" HPOS="818"/>
<SP HEIGHT="49" WIDTH="30" VPOS="486" HPOS="828"/>
<String LANG="de" CONTENT="2c." HEIGHT="41" WIDTH="63" VPOS="486" HPOS="859"/>
<SP HEIGHT="53" WIDTH="31" VPOS="483" HPOS="923"/>
<String LANG="en-US" CONTENT="July" HEIGHT="54" WIDTH="109" VPOS="483" HPOS="955"/>
<SP HEIGHT="52" WIDTH="26" VPOS="485" HPOS="1065"/>
<String LANG="de" CONTENT="30;" HEIGHT="50" WIDTH="77" VPOS="485" HPOS="1092"/>
<SP HEIGHT="36" WIDTH="33" VPOS="499" HPOS="1170"/>
<String LANG="de" CONTENT="aff." HEIGHT="46" WIDTH="78" VPOS="483" HPOS="1204"/>
<SP HEIGHT="43" WIDTH="28" VPOS="484" HPOS="1283"/>
<String LANG="en-US" CONTENT="Aug." HEIGHT="52" WIDTH="121" VPOS="484" HPOS="1312"/>
<SP HEIGHT="42" WIDTH="29" VPOS="485" HPOS="1434"/>
<String LANG="de" CONTENT="2;" HEIGHT="51" WIDTH="50" VPOS="485" HPOS="1464"/>
<SP HEIGHT="52" WIDTH="33" VPOS="484" HPOS="1515"/>
<!-- cceid 035DFA75-6E1B-1014-9B7B-CA07F191E62B --><String LANG="en-US" CONTENT="A" HEIGHT="42" WIDTH="42" VPOS="484" HPOS="1549"/>
<SP HEIGHT="44" WIDTH="30" VPOS="483" HPOS="1592"/>
<String LANG="en-US" CONTENT="897610;" HEIGHT="53" WIDTH="188" VPOS="483" HPOS="1623"/>
<SP HEIGHT="50" WIDTH="33" VPOS="486" HPOS="1812"/>
<String LANG="en-US" CONTENT="W." HEIGHT="42" WIDTH="74" VPOS="486" HPOS="1846"/>
<SP HEIGHT="43" WIDTH="33" VPOS="485" HPOS="1921"/>
<String LANG="en-US" CONTENT="B." HEIGHT="43" WIDTH="51" VPOS="485" HPOS="1955"/>
<SP HEIGHT="47" WIDTH="34" VPOS="484" HPOS="2007"/>
<String LANG="en-US" CONTENT="Saunders" HEIGHT="47" WIDTH="233" VPOS="484" HPOS="2042"/>
<SP HEIGHT="28" WIDTH="32" VPOS="502" HPOS="2276"/>
<String LANG="en-US" CONTENT="co." HEIGHT="30" WIDTH="64" VPOS="501" HPOS="2309"/>
</TextLine>
<TextLine HEIGHT="55" WIDTH="269" VPOS="539" HPOS="459">
<String CONTENT="(26-14203)" HEIGHT="55" WIDTH="269" VPOS="539" HPOS="459"/>
</TextLine>
<TextLine HEIGHT="74" WIDTH="827" VPOS="637" HPOS="384" STYLEREFS="StyleId-C6F9085E-D7FA-41F7-9EBF-4812083635AF-">
<String CONTENT="Perrachio," HEIGHT="72" WIDTH="353" VPOS="638" HPOS="384"/>
<SP HEIGHT="72" WIDTH="38" VPOS="638" HPOS="738"/>
<String CONTENT="Luigi," HEIGHT="74" WIDTH="204" VPOS="637" HPOS="777"/>
<SP HEIGHT="68" WIDTH="40" VPOS="642" HPOS="982"/>
<String CONTENT="1883-" HEIGHT="56" WIDTH="188" VPOS="641" HPOS="1023"/>
</TextLine>
<TextLine HEIGHT="73" WIDTH="1848" VPOS="728" HPOS="528" STYLEREFS="StyleId-1CEC9D49-B1BC-42D6-8542-6D738DE6B94A-" CS="1">
<String LANG="en-US" CS="1" CONTENT="&#8230;"/>
<SP HEIGHT="58" WIDTH="34" VPOS="729" HPOS="528"/>
<String LANG="en-US" CONTENT="G." HEIGHT="58" WIDTH="67" VPOS="729" HPOS="563"/>
<SP HEIGHT="59" WIDTH="31" VPOS="728" HPOS="631"/>
<String LANG="en-US" CONTENT="S." HEIGHT="59" WIDTH="61" VPOS="728" HPOS="663"/>
<SP HEIGHT="56" WIDTH="27" VPOS="729" HPOS="725"/>
<String LANG="de" CONTENT="Bach:" HEIGHT="57" WIDTH="204" VPOS="728" HPOS="753"/>
<SP HEIGHT="56" WIDTH="25" VPOS="729" HPOS="958"/>
<String LANG="en-US" CS="1" CONTENT="Il" HEIGHT="55" WIDTH="34" VPOS="729" HPOS="984"/>
<SP HEIGHT="56" WIDTH="27" VPOS="729" HPOS="1042"/>
<String LANG="en-US" CONTENT="clavicembalo" HEIGHT="58" WIDTH="437" VPOS="728" HPOS="1070"/>
<SP HEIGHT="56" WIDTH="26" VPOS="729" HPOS="1508"/>
<String LANG="en-US" CONTENT="ben" HEIGHT="56" WIDTH="119" VPOS="729" HPOS="1535"/>
<SP HEIGHT="54" WIDTH="26" VPOS="731" HPOS="1655"/>
<String LANG="la" CONTENT="temperato." HEIGHT="70" WIDTH="368" VPOS="731" HPOS="1682"/>
<SP HEIGHT="56" WIDTH="68" VPOS="731" HPOS="2051"/>
<String LANG="en-US" CONTENT="Milano," HEIGHT="66" WIDTH="256" VPOS="730" HPOS="2120"/>
</TextLine>
<TextLine HEIGHT="75" WIDTH="827" VPOS="804" HPOS="384" STYLEREFS="StyleId-1CEC9D49-B1BC-42D6-8542-6D738DE6B94A-">
<String LANG="de" CONTENT="Bottega" HEIGHT="71" WIDTH="270" VPOS="807" HPOS="384"/>
<SP HEIGHT="57" WIDTH="29" VPOS="808" HPOS="655"/>
<String LANG="en-US" CONTENT="di" HEIGHT="60" WIDTH="65" VPOS="805" HPOS="685"/>
<SP HEIGHT="73" WIDTH="26" VPOS="805" HPOS="751"/>
<String LANG="en-US" CONTENT="poesia" HEIGHT="74" WIDTH="217" VPOS="804" HPOS="778"/>
<SP HEIGHT="52" WIDTH="33" VPOS="826" HPOS="996"/>
<String LANG="en-US" CONTENT="[1926]" HEIGHT="73" WIDTH="181" VPOS="806" HPOS="1030"/>
</TextLine>
<TextLine HEIGHT="55" WIDTH="1923" VPOS="881" HPOS="455" CS="1">
<String CONTENT="308," HEIGHT="52" WIDTH="92" VPOS="882" HPOS="455"/>
<SP HEIGHT="35" WIDTH="38" VPOS="899" HPOS="548"/>
<String CONTENT="[1]" HEIGHT="45" WIDTH="52" VPOS="884" HPOS="587"/>
<SP HEIGHT="37" WIDTH="35" VPOS="897" HPOS="640"/>
<String LANG="la" CONTENT="p.," HEIGHT="37" WIDTH="55" VPOS="897" HPOS="676"/>
<SP HEIGHT="50" WIDTH="37" VPOS="884" HPOS="732"/>
<String CONTENT="1" HEIGHT="41" WIDTH="18" VPOS="884" HPOS="770"/>
<SP/>
<String CS="1" CONTENT="l."/>
<SP/>
<String CONTENT="illus." HEIGHT="44" WIDTH="118" VPOS="882" HPOS="919"/>
<SP HEIGHT="53" WIDTH="26" VPOS="883" HPOS="1038"/>
<String CONTENT="(music)" HEIGHT="55" WIDTH="198" VPOS="881" HPOS="1065"/>
<SP HEIGHT="54" WIDTH="72" VPOS="882" HPOS="1264"/>
<String CS="1" CONTENT="19&#189;"/>
<String STYLE="superscript" CONTENT="cm" HEIGHT="18" WIDTH="47" VPOS="885" HPOS="1422"/>
<String CONTENT="." HEIGHT="9" WIDTH="8" VPOS="917" HPOS="1476"/>
<SP HEIGHT="53" WIDTH="70" VPOS="883" HPOS="1485"/>
<String CONTENT="(I" HEIGHT="53" WIDTH="48" VPOS="883" HPOS="1556"/>
<SP HEIGHT="42" WIDTH="38" VPOS="883" HPOS="1605"/>
<String CONTENT="fascicoli" HEIGHT="44" WIDTH="210" VPOS="882" HPOS="1644"/>
<SP HEIGHT="43" WIDTH="34" VPOS="883" HPOS="1855"/>
<String CONTENT="musicali," HEIGHT="53" WIDTH="224" VPOS="883" HPOS="1890"/>
<SP HEIGHT="37" WIDTH="36" VPOS="899" HPOS="2115"/>
<String CONTENT="scelti" HEIGHT="44" WIDTH="130" VPOS="884" HPOS="2152"/>
<SP HEIGHT="45" WIDTH="35" VPOS="884" HPOS="2283"/>
<String CONTENT="da" HEIGHT="45" WIDTH="59" VPOS="885" HPOS="2319"/>
</TextLine>
<TextLine HEIGHT="54" WIDTH="526" VPOS="937" HPOS="386">
<String CONTENT="Giovanni" HEIGHT="45" WIDTH="231" VPOS="937" HPOS="386"/>
<SP HEIGHT="43" WIDTH="27" VPOS="938" HPOS="618"/>
<String CONTENT="Da" HEIGHT="43" WIDTH="73" VPOS="939" HPOS="646"/>
<SP HEIGHT="44" WIDTH="28" VPOS="938" HPOS="720"/>
<String CONTENT="Nova)" HEIGHT="53" WIDTH="163" VPOS="938" HPOS="749"/>
</TextLine>
<TextLine HEIGHT="58" WIDTH="1996" VPOS="993" HPOS="382" CS="1">
<String CONTENT="&#169;" HEIGHT="53" WIDTH="53" VPOS="994" HPOS="382"/>
<SP HEIGHT="53" WIDTH="35" VPOS="994" HPOS="436"/>
<String CONTENT="Feb." HEIGHT="43" WIDTH="104" VPOS="995" HPOS="472"/>
<SP HEIGHT="41" WIDTH="38" VPOS="997" HPOS="577"/>
<String CONTENT="15," HEIGHT="51" WIDTH="61" VPOS="994" HPOS="616"/>
<SP HEIGHT="49" WIDTH="38" VPOS="996" HPOS="678"/>
<String CONTENT="1926;" HEIGHT="49" WIDTH="129" VPOS="996" HPOS="717"/>
<SP/>
<String CS="1" CONTENT="1c."/>
<SP HEIGHT="51" WIDTH="35" VPOS="996" HPOS="948"/>
<String CONTENT="June" HEIGHT="51" WIDTH="120" VPOS="996" HPOS="984"/>
<SP HEIGHT="40" WIDTH="31" VPOS="999" HPOS="1105"/>
<String CONTENT="24;" HEIGHT="50" WIDTH="77" VPOS="996" HPOS="1137"/>
<SP HEIGHT="50" WIDTH="38" VPOS="996" HPOS="1215"/>
<!-- cceid 035E4008-6E1B-1014-9B7B-CA07F191E62B --><String CONTENT="A&#8212;Foreign" HEIGHT="54" WIDTH="305" VPOS="994" HPOS="1254"/>
<SP HEIGHT="42" WIDTH="36" VPOS="997" HPOS="1560"/>
<String CONTENT="31374;" HEIGHT="54" WIDTH="159" VPOS="993" HPOS="1597"/>
<SP HEIGHT="53" WIDTH="39" VPOS="994" HPOS="1757"/>
<String CONTENT="Casa" HEIGHT="45" WIDTH="119" VPOS="994" HPOS="1797"/>
<SP HEIGHT="30" WIDTH="36" VPOS="1010" HPOS="1917"/>
<String CONTENT="editrice" HEIGHT="44" WIDTH="189" VPOS="996" HPOS="1954"/>
<SP HEIGHT="42" WIDTH="37" VPOS="998" HPOS="2144"/>
<String LANG="de" CONTENT="Bottega" HEIGHT="53" WIDTH="196" VPOS="998" HPOS="2182"/>
</TextLine>
<TextLine HEIGHT="55" WIDTH="583" VPOS="1050" HPOS="451">
<String CONTENT="di" HEIGHT="44" WIDTH="46" VPOS="1050" HPOS="451"/>
<SP HEIGHT="52" WIDTH="26" VPOS="1052" HPOS="498"/>
<String CONTENT="poesia." HEIGHT="53" WIDTH="169" VPOS="1051" HPOS="525"/>
<SP HEIGHT="53" WIDTH="67" VPOS="1052" HPOS="695"/>
<String CONTENT="(26-15116)" HEIGHT="54" WIDTH="271" VPOS="1051" HPOS="763"/>
</TextLine>
<TextLine HEIGHT="76" WIDTH="1992" VPOS="1136" HPOS="383" STYLEREFS="StyleId-C6F9085E-D7FA-41F7-9EBF-4812083635AF-">
<String CONTENT="Philadelphia." HEIGHT="73" WIDTH="458" VPOS="1137" HPOS="383"/>
<SP HEIGHT="58" WIDTH="83" VPOS="1137" HPOS="842"/>
<String CONTENT="South" HEIGHT="58" WIDTH="200" VPOS="1137" HPOS="926"/>
<SP HEIGHT="56" WIDTH="32" VPOS="1138" HPOS="1127"/>
<String CONTENT="Philadelphia" HEIGHT="73" WIDTH="443" VPOS="1136" HPOS="1160"/>
<SP HEIGHT="56" WIDTH="29" VPOS="1138" HPOS="1604"/>
<String CONTENT="high" HEIGHT="73" WIDTH="152" VPOS="1137" HPOS="1634"/>
<SP HEIGHT="57" WIDTH="33" VPOS="1138" HPOS="1787"/>
<String CONTENT="school" HEIGHT="58" WIDTH="210" VPOS="1138" HPOS="1821"/>
<SP HEIGHT="57" WIDTH="33" VPOS="1139" HPOS="2032"/>
<String CONTENT="for" HEIGHT="58" WIDTH="101" VPOS="1139" HPOS="2066"/>
<SP HEIGHT="57" WIDTH="34" VPOS="1155" HPOS="2168"/>
<String CONTENT="girls." HEIGHT="74" WIDTH="172" VPOS="1138" HPOS="2203"/>
</TextLine>
<TextLine HEIGHT="76" WIDTH="1930" VPOS="1227" HPOS="455" STYLEREFS="StyleId-1CEC9D49-B1BC-42D6-8542-6D738DE6B94A-">
<String CONTENT="Educating" HEIGHT="72" WIDTH="358" VPOS="1227" HPOS="455"/>
<SP HEIGHT="71" WIDTH="50" VPOS="1228" HPOS="814"/>
<String CONTENT="for" HEIGHT="56" WIDTH="104" VPOS="1228" HPOS="865"/>
<SP HEIGHT="36" WIDTH="51" VPOS="1247" HPOS="970"/>
<String CONTENT="responsibility;" HEIGHT="71" WIDTH="504" VPOS="1227" HPOS="1022"/>
<SP HEIGHT="66" WIDTH="54" VPOS="1231" HPOS="1527"/>
<String CONTENT="the" HEIGHT="58" WIDTH="103" VPOS="1228" HPOS="1582"/>
<SP HEIGHT="58" WIDTH="53" VPOS="1228" HPOS="1686"/>
<String CONTENT="Dalton" HEIGHT="58" WIDTH="234" VPOS="1228" HPOS="1740"/>
<SP HEIGHT="56" WIDTH="48" VPOS="1229" HPOS="1975"/>
<String CONTENT="laboratory" HEIGHT="74" WIDTH="361" VPOS="1229" HPOS="2024"/>
</TextLine>
<TextLine HEIGHT="74" WIDTH="2001" VPOS="1305" HPOS="387" STYLEREFS="StyleId-1CEC9D49-B1BC-42D6-8542-6D738DE6B94A-">
<String CONTENT="plan" HEIGHT="70" WIDTH="149" VPOS="1308" HPOS="387"/>
<SP HEIGHT="57" WIDTH="39" VPOS="1307" HPOS="537"/>
<String CONTENT="in" HEIGHT="56" WIDTH="67" VPOS="1307" HPOS="577"/>
<SP HEIGHT="38" WIDTH="40" VPOS="1326" HPOS="645"/>
<String CONTENT="a" HEIGHT="38" WIDTH="35" VPOS="1326" HPOS="686"/>
<SP HEIGHT="38" WIDTH="42" VPOS="1326" HPOS="722"/>
<String CONTENT="secondary" HEIGHT="70" WIDTH="345" VPOS="1307" HPOS="765"/>
<SP HEIGHT="52" WIDTH="43" VPOS="1325" HPOS="1111"/>
<String CONTENT="school," HEIGHT="71" WIDTH="225" VPOS="1305" HPOS="1155"/>
<SP HEIGHT="70" WIDTH="42" VPOS="1306" HPOS="1381"/>
<String CONTENT="by" HEIGHT="71" WIDTH="83" VPOS="1306" HPOS="1424"/>
<SP HEIGHT="52" WIDTH="37" VPOS="1325" HPOS="1508"/>
<String CONTENT="members" HEIGHT="57" WIDTH="306" VPOS="1306" HPOS="1546"/>
<SP HEIGHT="41" WIDTH="42" VPOS="1326" HPOS="1853"/>
<String CONTENT="of" HEIGHT="58" WIDTH="67" VPOS="1309" HPOS="1896"/>
<SP HEIGHT="56" WIDTH="41" VPOS="1309" HPOS="1964"/>
<String CONTENT="the" HEIGHT="57" WIDTH="103" VPOS="1307" HPOS="2006"/>
<SP HEIGHT="57" WIDTH="42" VPOS="1308" HPOS="2110"/>
<String CONTENT="faculty" HEIGHT="72" WIDTH="235" VPOS="1307" HPOS="2153"/>
</TextLine>
<TextLine HEIGHT="73" WIDTH="2000" VPOS="1383" HPOS="388" STYLEREFS="StyleId-1CEC9D49-B1BC-42D6-8542-6D738DE6B94A-" CS="1">
<String CONTENT="of" HEIGHT="56" WIDTH="68" VPOS="1386" HPOS="388"/>
<SP HEIGHT="56" WIDTH="30" VPOS="1386" HPOS="457"/>
<String CONTENT="the" HEIGHT="57" WIDTH="103" VPOS="1385" HPOS="488"/>
<SP HEIGHT="58" WIDTH="38" VPOS="1385" HPOS="592"/>
<String CONTENT="South" HEIGHT="58" WIDTH="200" VPOS="1385" HPOS="631"/>
<SP HEIGHT="56" WIDTH="33" VPOS="1383" HPOS="832"/>
<String CONTENT="Philadelphia" HEIGHT="71" WIDTH="439" VPOS="1383" HPOS="866"/>
<SP HEIGHT="57" WIDTH="32" VPOS="1383" HPOS="1306"/>
<String CONTENT="high" HEIGHT="73" WIDTH="150" VPOS="1383" HPOS="1339"/>
<SP HEIGHT="57" WIDTH="36" VPOS="1384" HPOS="1490"/>
<String CONTENT="school" HEIGHT="57" WIDTH="206" VPOS="1384" HPOS="1527"/>
<SP HEIGHT="57" WIDTH="32" VPOS="1383" HPOS="1734"/>
<String CONTENT="for" HEIGHT="57" WIDTH="104" VPOS="1383" HPOS="1767"/>
<SP HEIGHT="53" WIDTH="32" VPOS="1403" HPOS="1872"/>
<String CONTENT="girls" HEIGHT="71" WIDTH="155" VPOS="1385" HPOS="1905"/>
<SP HEIGHT="40" WIDTH="39" VPOS="1404" HPOS="2061"/>
<String CS="1" CONTENT="&#8230;"/>
<SP HEIGHT="57" WIDTH="80" VPOS="1386" HPOS="2162"/>
<String CONTENT="New" HEIGHT="56" WIDTH="145" VPOS="1386" HPOS="2243"/>
</TextLine>
<TextLine HEIGHT="76" WIDTH="1296" VPOS="1460" HPOS="386" STYLEREFS="StyleId-1CEC9D49-B1BC-42D6-8542-6D738DE6B94A-">
<String CONTENT="York," HEIGHT="72" WIDTH="189" VPOS="1463" HPOS="386"/>
<SP HEIGHT="72" WIDTH="33" VPOS="1463" HPOS="576"/>
<String CONTENT="The" HEIGHT="58" WIDTH="128" VPOS="1463" HPOS="610"/>
<SP HEIGHT="58" WIDTH="31" VPOS="1463" HPOS="739"/>
<String CONTENT="Macmillan" HEIGHT="59" WIDTH="359" VPOS="1460" HPOS="771"/>
<SP HEIGHT="38" WIDTH="31" VPOS="1480" HPOS="1131"/>
<String CONTENT="company," HEIGHT="56" WIDTH="323" VPOS="1480" HPOS="1163"/>
<SP HEIGHT="70" WIDTH="31" VPOS="1466" HPOS="1487"/>
<String CONTENT="1926." HEIGHT="57" WIDTH="163" VPOS="1462" HPOS="1519"/>
</TextLine>
<TextLine HEIGHT="54" WIDTH="671" VPOS="1539" HPOS="456" CS="1">
<String CONTENT="xvii," HEIGHT="53" WIDTH="108" VPOS="1540" HPOS="456"/>
<SP HEIGHT="51" WIDTH="31" VPOS="1542" HPOS="565"/>
<String CONTENT="310" HEIGHT="44" WIDTH="79" VPOS="1540" HPOS="597"/>
<SP HEIGHT="52" WIDTH="31" VPOS="1540" HPOS="677"/>
<String CONTENT="p." HEIGHT="37" WIDTH="38" VPOS="1555" HPOS="709"/>
<SP HEIGHT="43" WIDTH="56" VPOS="1539" HPOS="748"/>
<String CONTENT="illus." HEIGHT="44" WIDTH="116" VPOS="1539" HPOS="805"/>
<SP HEIGHT="41" WIDTH="61" VPOS="1541" HPOS="922"/>
<String CS="1" CONTENT="19&#189;" HEIGHT="42" WIDTH="47" VPOS="1540" HPOS="984"/>
<String STYLE="superscript" CS="1" CONTENT="cm"/>
<String CONTENT="." HEIGHT="7" WIDTH="7" VPOS="1574" HPOS="1120"/>
</TextLine>
<TextLine HEIGHT="56" WIDTH="1235" VPOS="1594" HPOS="459">
<String CONTENT="&#8220;Bibliography" HEIGHT="53" WIDTH="358" VPOS="1597" HPOS="459"/>
<SP HEIGHT="37" WIDTH="29" VPOS="1612" HPOS="818"/>
<String CONTENT="of" HEIGHT="42" WIDTH="49" VPOS="1597" HPOS="848"/>
<SP HEIGHT="42" WIDTH="26" VPOS="1597" HPOS="898"/>
<String CONTENT="the" HEIGHT="43" WIDTH="76" VPOS="1596" HPOS="925"/>
<SP HEIGHT="42" WIDTH="27" VPOS="1597" HPOS="1002"/>
<String CONTENT="Dalton" HEIGHT="42" WIDTH="169" VPOS="1597" HPOS="1030"/>
<SP HEIGHT="36" WIDTH="28" VPOS="1611" HPOS="1200"/>
<String CONTENT="plan&#8221;:" HEIGHT="52" WIDTH="156" VPOS="1595" HPOS="1229"/>
<SP HEIGHT="37" WIDTH="34" VPOS="1611" HPOS="1386"/>
<String CONTENT="p." HEIGHT="37" WIDTH="38" VPOS="1611" HPOS="1421"/>
<SP HEIGHT="41" WIDTH="33" VPOS="1597" HPOS="1460"/>
<String CONTENT="151-157." HEIGHT="44" WIDTH="200" VPOS="1594" HPOS="1494"/>
</TextLine>
<TextLine HEIGHT="56" WIDTH="1807" VPOS="1652" HPOS="380">
<String CONTENT="&#169;" HEIGHT="53" WIDTH="56" VPOS="1654" HPOS="380"/>
<SP HEIGHT="54" WIDTH="24" VPOS="1654" HPOS="437"/>
<String CONTENT="July" HEIGHT="53" WIDTH="108" VPOS="1655" HPOS="462"/>
<SP HEIGHT="49" WIDTH="23" VPOS="1659" HPOS="571"/>
<String CONTENT="27," HEIGHT="50" WIDTH="65" VPOS="1655" HPOS="595"/>
<SP HEIGHT="49" WIDTH="28" VPOS="1656" HPOS="661"/>
<String CONTENT="1926;" HEIGHT="49" WIDTH="130" VPOS="1655" HPOS="690"/>
<SP HEIGHT="47" WIDTH="27" VPOS="1657" HPOS="821"/>
<String CONTENT="2c." HEIGHT="39" WIDTH="64" VPOS="1657" HPOS="849"/>
<SP HEIGHT="51" WIDTH="26" VPOS="1654" HPOS="914"/>
<String CONTENT="July" HEIGHT="52" WIDTH="110" VPOS="1653" HPOS="941"/>
<SP HEIGHT="50" WIDTH="23" VPOS="1655" HPOS="1052"/>
<String CONTENT="29;" HEIGHT="49" WIDTH="77" VPOS="1654" HPOS="1076"/>
<SP HEIGHT="35" WIDTH="30" VPOS="1668" HPOS="1154"/>
<String CONTENT="aff." HEIGHT="44" WIDTH="78" VPOS="1652" HPOS="1185"/>
<SP HEIGHT="50" WIDTH="24" VPOS="1655" HPOS="1264"/>
<String CONTENT="July" HEIGHT="53" WIDTH="107" VPOS="1652" HPOS="1289"/>
<SP HEIGHT="49" WIDTH="24" VPOS="1655" HPOS="1397"/>
<String CONTENT="28;" HEIGHT="50" WIDTH="79" VPOS="1652" HPOS="1422"/>
<SP HEIGHT="49" WIDTH="29" VPOS="1653" HPOS="1502"/>
<!-- cceid 035E858D-6E1B-1014-9B7B-CA07F191E62B --><String CONTENT="A" HEIGHT="41" WIDTH="45" VPOS="1653" HPOS="1532"/>
<SP HEIGHT="41" WIDTH="24" VPOS="1653" HPOS="1578"/>
<String CONTENT="897577;" HEIGHT="51" WIDTH="188" VPOS="1652" HPOS="1603"/>
<SP HEIGHT="51" WIDTH="32" VPOS="1652" HPOS="1792"/>
<String CONTENT="Macmillan" HEIGHT="44" WIDTH="268" VPOS="1652" HPOS="1825"/>
<SP HEIGHT="27" WIDTH="27" VPOS="1668" HPOS="2094"/>
<String CONTENT="co." HEIGHT="27" WIDTH="65" VPOS="1668" HPOS="2122"/>
</TextLine>
<TextLine HEIGHT="55" WIDTH="269" VPOS="1709" HPOS="462">
<String CONTENT="(26-14215)" HEIGHT="55" WIDTH="269" VPOS="1709" HPOS="462"/>
</TextLine>
<TextLine HEIGHT="73" WIDTH="500" VPOS="1795" HPOS="387" STYLEREFS="StyleId-C6F9085E-D7FA-41F7-9EBF-4812083635AF-">
<String CONTENT="Platt," HEIGHT="71" WIDTH="188" VPOS="1797" HPOS="387"/>
<SP HEIGHT="71" WIDTH="34" VPOS="1797" HPOS="576"/>
<String CONTENT="Charles." HEIGHT="59" WIDTH="276" VPOS="1795" HPOS="611"/>
</TextLine>
<TextLine HEIGHT="76" WIDTH="1923" VPOS="1883" HPOS="460" STYLEREFS="StyleId-1CEC9D49-B1BC-42D6-8542-6D738DE6B94A-">
<String CONTENT="Popular" HEIGHT="72" WIDTH="278" VPOS="1887" HPOS="460"/>
<SP HEIGHT="37" WIDTH="64" VPOS="1905" HPOS="739"/>
<String CONTENT="superstitions," HEIGHT="74" WIDTH="469" VPOS="1883" HPOS="804"/>
<SP HEIGHT="69" WIDTH="60" VPOS="1886" HPOS="1274"/>
<String CONTENT="by" HEIGHT="70" WIDTH="81" VPOS="1886" HPOS="1335"/>
<SP HEIGHT="73" WIDTH="64" VPOS="1883" HPOS="1417"/>
<String CONTENT="Charles" HEIGHT="58" WIDTH="260" VPOS="1883" HPOS="1482"/>
<SP HEIGHT="57" WIDTH="63" VPOS="1884" HPOS="1743"/>
<String CONTENT="Platt." HEIGHT="58" WIDTH="189" VPOS="1884" HPOS="1807"/>
<SP HEIGHT="56" WIDTH="104" VPOS="1885" HPOS="1997"/>
<String CONTENT="London," HEIGHT="72" WIDTH="281" VPOS="1885" HPOS="2102"/>
</TextLine>
<TextLine HEIGHT="72" WIDTH="869" VPOS="1962" HPOS="379" STYLEREFS="StyleId-1CEC9D49-B1BC-42D6-8542-6D738DE6B94A-">
<String CONTENT="H." HEIGHT="57" WIDTH="81" VPOS="1966" HPOS="379"/>
<SP HEIGHT="57" WIDTH="31" VPOS="1966" HPOS="461"/>
<String CONTENT="Jenkins" HEIGHT="59" WIDTH="264" VPOS="1964" HPOS="493"/>
<SP HEIGHT="57" WIDTH="28" VPOS="1964" HPOS="758"/>
<String CONTENT="limited," HEIGHT="71" WIDTH="262" VPOS="1963" HPOS="787"/>
<SP HEIGHT="69" WIDTH="31" VPOS="1965" HPOS="1050"/>
<String CONTENT="1925." HEIGHT="58" WIDTH="166" VPOS="1962" HPOS="1082"/>
</TextLine>
<TextLine HEIGHT="57" WIDTH="602" VPOS="2038" HPOS="451" CS="1">
<String LANG="en-US" CONTENT="4" HEIGHT="44" WIDTH="29" VPOS="2043" HPOS="451"/>
<SP/>
<String LANG="la" CONTENT="p." HEIGHT="38" WIDTH="41" VPOS="2057" HPOS="504"/>
<SP/>
<String LANG="la" CS="1" CONTENT="l.,"/>
<SP HEIGHT="54" WIDTH="26" VPOS="2041" HPOS="612"/>
<String LANG="en-US" CONTENT="7-244" HEIGHT="45" WIDTH="139" VPOS="2040" HPOS="639"/>
<SP HEIGHT="53" WIDTH="22" VPOS="2040" HPOS="779"/>
<String LANG="en-US" CONTENT="p." HEIGHT="39" WIDTH="41" VPOS="2054" HPOS="802"/>
<SP HEIGHT="48" WIDTH="61" VPOS="2038" HPOS="844"/>
<String LANG="en-US" CS="1" CONTENT="19&#189;"/>
<String STYLE="superscript" LANG="en-US" CS="1" CONTENT="cm" HEIGHT="17" WIDTH="15" VPOS="2043" HPOS="991"/>
<String LANG="en-US" CONTENT="." HEIGHT="7" WIDTH="7" VPOS="2074" HPOS="1046"/>
</TextLine>
<TextLine HEIGHT="58" WIDTH="1998" VPOS="2093" HPOS="384" CS="1">
<String CONTENT="&#169;" HEIGHT="53" WIDTH="53" VPOS="2098" HPOS="384"/>
<SP/>
<String CS="1" CONTENT="1c."/>
<SP HEIGHT="45" WIDTH="28" VPOS="2096" HPOS="528"/>
<String CONTENT="Feb." HEIGHT="45" WIDTH="106" VPOS="2096" HPOS="557"/>
<SP HEIGHT="44" WIDTH="24" VPOS="2097" HPOS="664"/>
<String CONTENT="8," HEIGHT="51" WIDTH="38" VPOS="2097" HPOS="689"/>
<SP HEIGHT="48" WIDTH="31" VPOS="2100" HPOS="728"/>
<String CONTENT="1926;" HEIGHT="49" WIDTH="129" VPOS="2098" HPOS="760"/>
<SP HEIGHT="51" WIDTH="29" VPOS="2096" HPOS="890"/>
<!-- cceid 035ECC9E-6E1B-1014-9B7B-CA07F191E62B --><String CONTENT="A" HEIGHT="42" WIDTH="45" VPOS="2096" HPOS="920"/>
<SP HEIGHT="43" WIDTH="27" VPOS="2096" HPOS="966"/>
<String CONTENT="ad" HEIGHT="45" WIDTH="58" VPOS="2094" HPOS="994"/>
<SP HEIGHT="44" WIDTH="26" VPOS="2094" HPOS="1053"/>
<String CONTENT="int." HEIGHT="43" WIDTH="79" VPOS="2095" HPOS="1080"/>
<SP HEIGHT="44" WIDTH="29" VPOS="2095" HPOS="1160"/>
<String CONTENT="7735;" HEIGHT="52" WIDTH="132" VPOS="2094" HPOS="1190"/>
<SP HEIGHT="37" WIDTH="31" VPOS="2110" HPOS="1323"/>
<String CONTENT="pubd." HEIGHT="54" WIDTH="136" VPOS="2093" HPOS="1355"/>
<SP HEIGHT="43" WIDTH="29" VPOS="2095" HPOS="1492"/>
<String CONTENT="Dec." HEIGHT="43" WIDTH="110" VPOS="2095" HPOS="1522"/>
<SP HEIGHT="42" WIDTH="31" VPOS="2096" HPOS="1633"/>
<String CONTENT="11," HEIGHT="51" WIDTH="61" VPOS="2096" HPOS="1665"/>
<SP HEIGHT="51" WIDTH="32" VPOS="2096" HPOS="1727"/>
<String CONTENT="1925;" HEIGHT="52" WIDTH="129" VPOS="2094" HPOS="1760"/>
<SP HEIGHT="51" WIDTH="32" VPOS="2095" HPOS="1890"/>
<String CONTENT="C." HEIGHT="45" WIDTH="48" VPOS="2095" HPOS="1923"/>
<SP HEIGHT="43" WIDTH="32" VPOS="2096" HPOS="1972"/>
<String CONTENT="Platt," HEIGHT="52" WIDTH="134" VPOS="2095" HPOS="2005"/>
<SP HEIGHT="50" WIDTH="31" VPOS="2097" HPOS="2140"/>
<String CONTENT="London." HEIGHT="46" WIDTH="210" VPOS="2097" HPOS="2172"/>
</TextLine>
<TextLine HEIGHT="55" WIDTH="270" VPOS="2154" HPOS="463">
<String CONTENT="(26-14520)" HEIGHT="55" WIDTH="270" VPOS="2154" HPOS="463"/>
</TextLine>
<TextLine HEIGHT="71" WIDTH="961" VPOS="2239" HPOS="389" STYLEREFS="StyleId-C6F9085E-D7FA-41F7-9EBF-4812083635AF-">
<String CONTENT="Public" HEIGHT="59" WIDTH="218" VPOS="2240" HPOS="389"/>
<SP HEIGHT="41" WIDTH="30" VPOS="2257" HPOS="608"/>
<String CONTENT="utilities" HEIGHT="59" WIDTH="263" VPOS="2239" HPOS="639"/>
<SP HEIGHT="41" WIDTH="31" VPOS="2255" HPOS="903"/>
<String CONTENT="reports," HEIGHT="68" WIDTH="262" VPOS="2242" HPOS="935"/>
<SP HEIGHT="71" WIDTH="33" VPOS="2239" HPOS="1198"/>
<String CONTENT="inc." HEIGHT="56" WIDTH="118" VPOS="2239" HPOS="1232"/>
</TextLine>
<TextLine HEIGHT="75" WIDTH="1921" VPOS="2329" HPOS="461" STYLEREFS="StyleId-1CEC9D49-B1BC-42D6-8542-6D738DE6B94A-">
<String CONTENT="Digest" HEIGHT="71" WIDTH="221" VPOS="2333" HPOS="461"/>
<SP HEIGHT="55" WIDTH="45" VPOS="2338" HPOS="683"/>
<String CONTENT="of" HEIGHT="57" WIDTH="68" VPOS="2331" HPOS="729"/>
<SP HEIGHT="56" WIDTH="44" VPOS="2331" HPOS="798"/>
<String CONTENT="Public" HEIGHT="59" WIDTH="217" VPOS="2330" HPOS="843"/>
<SP HEIGHT="39" WIDTH="44" VPOS="2350" HPOS="1061"/>
<String CONTENT="utilities" HEIGHT="58" WIDTH="265" VPOS="2329" HPOS="1106"/>
<SP HEIGHT="37" WIDTH="47" VPOS="2349" HPOS="1372"/>
<String CONTENT="reports," HEIGHT="67" WIDTH="268" VPOS="2334" HPOS="1420"/>
<SP HEIGHT="50" WIDTH="49" VPOS="2350" HPOS="1689"/>
<String CONTENT="annotated" HEIGHT="57" WIDTH="341" VPOS="2333" HPOS="1739"/>
<SP HEIGHT="60" WIDTH="46" VPOS="2330" HPOS="2081"/>
<String CONTENT="for" HEIGHT="57" WIDTH="102" VPOS="2330" HPOS="2128"/>
<SP HEIGHT="52" WIDTH="47" VPOS="2337" HPOS="2231"/>
<String CONTENT="the" HEIGHT="56" WIDTH="103" VPOS="2333" HPOS="2279"/>
</TextLine>
<TextLine HEIGHT="76" WIDTH="1999" VPOS="2406" HPOS="384" STYLEREFS="StyleId-1CEC9D49-B1BC-42D6-8542-6D738DE6B94A-">
<String CONTENT="year" HEIGHT="52" WIDTH="151" VPOS="2430" HPOS="384"/>
<SP HEIGHT="56" WIDTH="33" VPOS="2413" HPOS="536"/>
<String CONTENT="1925," HEIGHT="70" WIDTH="168" VPOS="2410" HPOS="570"/>
<SP HEIGHT="72" WIDTH="31" VPOS="2408" HPOS="739"/>
<String CONTENT="including" HEIGHT="73" WIDTH="320" VPOS="2407" HPOS="771"/>
<SP HEIGHT="52" WIDTH="32" VPOS="2428" HPOS="1092"/>
<String CONTENT="vols." HEIGHT="58" WIDTH="154" VPOS="2406" HPOS="1125"/>
<SP HEIGHT="53" WIDTH="39" VPOS="2411" HPOS="1280"/>
<String CONTENT="1925A-1925E," HEIGHT="71" WIDTH="478" VPOS="2407" HPOS="1320"/>
<SP HEIGHT="66" WIDTH="35" VPOS="2412" HPOS="1799"/>
<String CONTENT="together" HEIGHT="70" WIDTH="288" VPOS="2409" HPOS="1835"/>
<SP HEIGHT="37" WIDTH="33" VPOS="2428" HPOS="2124"/>
<String CONTENT="with" HEIGHT="57" WIDTH="152" VPOS="2409" HPOS="2158"/>
<SP HEIGHT="56" WIDTH="36" VPOS="2410" HPOS="2311"/>
<String CONTENT="a" HEIGHT="37" WIDTH="35" VPOS="2429" HPOS="2348"/>
</TextLine>
<TextLine HEIGHT="75" WIDTH="1998" VPOS="2484" HPOS="386" STYLEREFS="StyleId-1CEC9D49-B1BC-42D6-8542-6D738DE6B94A-">
<String CONTENT="table" HEIGHT="59" WIDTH="163" VPOS="2488" HPOS="386"/>
<SP HEIGHT="40" WIDTH="26" VPOS="2507" HPOS="550"/>
<String CONTENT="of" HEIGHT="60" WIDTH="69" VPOS="2487" HPOS="577"/>
<SP HEIGHT="56" WIDTH="23" VPOS="2487" HPOS="647"/>
<String CONTENT="annotations" HEIGHT="60" WIDTH="402" VPOS="2484" HPOS="671"/>
<SP HEIGHT="57" WIDTH="25" VPOS="2485" HPOS="1074"/>
<String CONTENT="from" HEIGHT="56" WIDTH="167" VPOS="2485" HPOS="1100"/>
<SP HEIGHT="55" WIDTH="26" VPOS="2486" HPOS="1268"/>
<String CONTENT="1915" HEIGHT="57" WIDTH="148" VPOS="2486" HPOS="1295"/>
<SP HEIGHT="58" WIDTH="27" VPOS="2486" HPOS="1444"/>
<String CONTENT="to" HEIGHT="55" WIDTH="62" VPOS="2489" HPOS="1472"/>
<SP HEIGHT="55" WIDTH="28" VPOS="2487" HPOS="1535"/>
<String CONTENT="1926." HEIGHT="56" WIDTH="163" VPOS="2485" HPOS="1564"/>
<SP HEIGHT="56" WIDTH="67" VPOS="2485" HPOS="1728"/>
<String CONTENT="Rochester," HEIGHT="72" WIDTH="362" VPOS="2485" HPOS="1796"/>
<SP HEIGHT="69" WIDTH="26" VPOS="2488" HPOS="2159"/>
<String CONTENT="N." HEIGHT="55" WIDTH="73" VPOS="2488" HPOS="2186"/>
<SP HEIGHT="55" WIDTH="29" VPOS="2488" HPOS="2260"/>
<String CONTENT="Y.," HEIGHT="71" WIDTH="94" VPOS="2488" HPOS="2290"/>
</TextLine>
<TextLine HEIGHT="73" WIDTH="1163" VPOS="2562" HPOS="386" STYLEREFS="StyleId-1CEC9D49-B1BC-42D6-8542-6D738DE6B94A-">
<String CONTENT="Public" HEIGHT="59" WIDTH="215" VPOS="2566" HPOS="386"/>
<SP HEIGHT="40" WIDTH="21" VPOS="2585" HPOS="602"/>
<String CONTENT="utilities" HEIGHT="59" WIDTH="267" VPOS="2563" HPOS="624"/>
<SP HEIGHT="38" WIDTH="27" VPOS="2584" HPOS="892"/>
<String CONTENT="reports," HEIGHT="68" WIDTH="271" VPOS="2567" HPOS="920"/>
<SP HEIGHT="72" WIDTH="25" VPOS="2562" HPOS="1192"/>
<String CONTENT="inc.," HEIGHT="72" WIDTH="137" VPOS="2562" HPOS="1218"/>
<SP HEIGHT="70" WIDTH="27" VPOS="2564" HPOS="1356"/>
<String CONTENT="1926." HEIGHT="57" WIDTH="165" VPOS="2563" HPOS="1384"/>
</TextLine>
<TextLine HEIGHT="53" WIDTH="329" VPOS="2642" HPOS="456">
<String CONTENT="580" HEIGHT="45" WIDTH="81" VPOS="2642" HPOS="456"/>
<SP HEIGHT="52" WIDTH="24" VPOS="2643" HPOS="538"/>
<String CONTENT="p." HEIGHT="38" WIDTH="41" VPOS="2657" HPOS="563"/>
<SP HEIGHT="42" WIDTH="57" VPOS="2643" HPOS="605"/>
<String CONTENT="24" HEIGHT="43" WIDTH="56" VPOS="2642" HPOS="663"/>
<String STYLE="superscript" CONTENT="cm" HEIGHT="18" WIDTH="46" VPOS="2643" HPOS="724"/>
<String CONTENT="." HEIGHT="7" WIDTH="7" VPOS="2677" HPOS="778"/>
</TextLine>
<TextLine HEIGHT="56" WIDTH="2001" VPOS="2695" HPOS="384" STYLEREFS="StyleId-C9CA0DF5-3AAC-467D-8C0A-5F6CA14E4EEC-">
<String CONTENT="&#169;" HEIGHT="54" WIDTH="55" VPOS="2697" HPOS="384"/>
<SP HEIGHT="54" WIDTH="27" VPOS="2697" HPOS="440"/>
<String CONTENT="Aug." HEIGHT="52" WIDTH="120" VPOS="2699" HPOS="468"/>
<SP HEIGHT="40" WIDTH="31" VPOS="2703" HPOS="589"/>
<String CONTENT="20," HEIGHT="51" WIDTH="64" VPOS="2698" HPOS="621"/>
<SP HEIGHT="50" WIDTH="33" VPOS="2699" HPOS="686"/>
<String CONTENT="1926;" HEIGHT="49" WIDTH="129" VPOS="2699" HPOS="720"/>
<SP HEIGHT="50" WIDTH="31" VPOS="2698" HPOS="850"/>
<String CONTENT="2c." HEIGHT="42" WIDTH="65" VPOS="2698" HPOS="882"/>
<SP HEIGHT="28" WIDTH="29" VPOS="2711" HPOS="948"/>
<String CONTENT="and" HEIGHT="44" WIDTH="91" VPOS="2695" HPOS="978"/>
<SP HEIGHT="44" WIDTH="29" VPOS="2695" HPOS="1070"/>
<String CONTENT="aff." HEIGHT="44" WIDTH="79" VPOS="2695" HPOS="1100"/>
<SP HEIGHT="42" WIDTH="31" VPOS="2697" HPOS="1180"/>
<String CONTENT="Aug." HEIGHT="51" WIDTH="120" VPOS="2697" HPOS="1212"/>
<SP HEIGHT="42" WIDTH="30" VPOS="2697" HPOS="1333"/>
<String CONTENT="31;" HEIGHT="50" WIDTH="77" VPOS="2697" HPOS="1364"/>
<SP HEIGHT="51" WIDTH="32" VPOS="2696" HPOS="1442"/>
<!-- cceid 035F1498-6E1B-1014-9B7B-CA07F191E62B --><String CONTENT="A" HEIGHT="42" WIDTH="45" VPOS="2696" HPOS="1475"/>
<SP HEIGHT="44" WIDTH="28" VPOS="2696" HPOS="1521"/>
<String CONTENT="901688;" HEIGHT="52" WIDTH="189" VPOS="2696" HPOS="1550"/>
<SP HEIGHT="51" WIDTH="35" VPOS="2697" HPOS="1740"/>
<String CONTENT="Public" HEIGHT="44" WIDTH="161" VPOS="2696" HPOS="1776"/>
<SP HEIGHT="29" WIDTH="28" VPOS="2711" HPOS="1938"/>
<String CONTENT="utilities" HEIGHT="45" WIDTH="190" VPOS="2696" HPOS="1967"/>
<SP HEIGHT="28" WIDTH="34" VPOS="2713" HPOS="2158"/>
<String CONTENT="reports," HEIGHT="46" WIDTH="192" VPOS="2705" HPOS="2193"/>
</TextLine>
<TextLine HEIGHT="43" WIDTH="86" VPOS="2754" HPOS="456" STYLEREFS="StyleId-C9CA0DF5-3AAC-467D-8C0A-5F6CA14E4EEC-">
<String CONTENT="inc." HEIGHT="43" WIDTH="86" VPOS="2754" HPOS="456"/>
</TextLine>
<TextLine HEIGHT="74" WIDTH="861" VPOS="2839" HPOS="389" STYLEREFS="StyleId-C6F9085E-D7FA-41F7-9EBF-4812083635AF-">
<String CONTENT="[Rawlins," HEIGHT="74" WIDTH="312" VPOS="2839" HPOS="389"/>
<SP HEIGHT="70" WIDTH="36" VPOS="2840" HPOS="702"/>
<String CONTENT="Eustace]" HEIGHT="73" WIDTH="285" VPOS="2840" HPOS="739"/>
<SP HEIGHT="71" WIDTH="34" VPOS="2842" HPOS="1025"/>
<String CONTENT="1854-" HEIGHT="56" WIDTH="190" VPOS="2840" HPOS="1060"/>
</TextLine>
<TextLine HEIGHT="74" WIDTH="1921" VPOS="2927" HPOS="467" STYLEREFS="StyleId-1CEC9D49-B1BC-42D6-8542-6D738DE6B94A-">
<String CONTENT="The" HEIGHT="57" WIDTH="128" VPOS="2929" HPOS="467"/>
<SP HEIGHT="57" WIDTH="34" VPOS="2929" HPOS="596"/>
<String CONTENT="hidden" HEIGHT="57" WIDTH="234" VPOS="2929" HPOS="631"/>
<SP HEIGHT="54" WIDTH="36" VPOS="2931" HPOS="866"/>
<String CONTENT="treasures" HEIGHT="54" WIDTH="322" VPOS="2931" HPOS="903"/>
<SP HEIGHT="38" WIDTH="39" VPOS="2946" HPOS="1226"/>
<String CONTENT="of" HEIGHT="57" WIDTH="68" VPOS="2927" HPOS="1266"/>
<SP HEIGHT="56" WIDTH="37" VPOS="2927" HPOS="1335"/>
<String CONTENT="Egypt;" HEIGHT="72" WIDTH="248" VPOS="2927" HPOS="1373"/>
<SP HEIGHT="47" WIDTH="38" VPOS="2950" HPOS="1622"/>
<String CONTENT="a" HEIGHT="38" WIDTH="38" VPOS="2951" HPOS="1661"/>
<SP HEIGHT="42" WIDTH="36" VPOS="2947" HPOS="1700"/>
<String CONTENT="romance," HEIGHT="54" WIDTH="306" VPOS="2947" HPOS="1737"/>
<SP HEIGHT="52" WIDTH="39" VPOS="2949" HPOS="2044"/>
<String CONTENT="compiled" HEIGHT="72" WIDTH="304" VPOS="2929" HPOS="2084"/>
</TextLine>
<TextLine HEIGHT="73" WIDTH="1997" VPOS="3005" HPOS="391" STYLEREFS="StyleId-1CEC9D49-B1BC-42D6-8542-6D738DE6B94A-">
<String CONTENT="and" HEIGHT="56" WIDTH="123" VPOS="3009" HPOS="391"/>
<SP HEIGHT="56" WIDTH="29" VPOS="3009" HPOS="515"/>
<String CONTENT="adapted" HEIGHT="72" WIDTH="274" VPOS="3006" HPOS="545"/>
<SP HEIGHT="57" WIDTH="27" VPOS="3006" HPOS="820"/>
<String CONTENT="from" HEIGHT="57" WIDTH="168" VPOS="3006" HPOS="848"/>
<SP HEIGHT="52" WIDTH="29" VPOS="3010" HPOS="1017"/>
<String CONTENT="the" HEIGHT="57" WIDTH="102" VPOS="3005" HPOS="1047"/>
<SP HEIGHT="38" WIDTH="31" VPOS="3024" HPOS="1150"/>
<String CONTENT="records" HEIGHT="57" WIDTH="254" VPOS="3006" HPOS="1182"/>
<SP HEIGHT="39" WIDTH="32" VPOS="3024" HPOS="1437"/>
<String CONTENT="of" HEIGHT="57" WIDTH="69" VPOS="3005" HPOS="1470"/>
<SP HEIGHT="57" WIDTH="26" VPOS="3005" HPOS="1540"/>
<String CONTENT="Ptahmes," HEIGHT="73" WIDTH="317" VPOS="3005" HPOS="1567"/>
<SP HEIGHT="69" WIDTH="32" VPOS="3009" HPOS="1885"/>
<String CONTENT="third" HEIGHT="58" WIDTH="170" VPOS="3006" HPOS="1918"/>
<SP HEIGHT="71" WIDTH="28" VPOS="3007" HPOS="2089"/>
<String CONTENT="prophet" HEIGHT="71" WIDTH="270" VPOS="3007" HPOS="2118"/>
</TextLine>
<TextLine HEIGHT="76" WIDTH="1998" VPOS="3083" HPOS="390" STYLEREFS="StyleId-1CEC9D49-B1BC-42D6-8542-6D738DE6B94A-">
<String CONTENT="of" HEIGHT="57" WIDTH="68" VPOS="3086" HPOS="390"/>
<SP HEIGHT="56" WIDTH="19" VPOS="3086" HPOS="459"/>
<String CONTENT="Ammon," HEIGHT="72" WIDTH="286" VPOS="3087" HPOS="479"/>
<SP HEIGHT="56" WIDTH="20" VPOS="3103" HPOS="766"/>
<String CONTENT="piromis" HEIGHT="71" WIDTH="263" VPOS="3084" HPOS="787"/>
<SP HEIGHT="39" WIDTH="25" VPOS="3103" HPOS="1051"/>
<String CONTENT="of" HEIGHT="56" WIDTH="66" VPOS="3084" HPOS="1077"/>
<SP HEIGHT="56" WIDTH="23" VPOS="3084" HPOS="1144"/>
<String CONTENT="Thebes" HEIGHT="56" WIDTH="240" VPOS="3084" HPOS="1168"/>
<SP HEIGHT="37" WIDTH="25" VPOS="3103" HPOS="1409"/>
<String CONTENT="and" HEIGHT="57" WIDTH="125" VPOS="3084" HPOS="1435"/>
<SP HEIGHT="71" WIDTH="15" VPOS="3084" HPOS="1561"/>
<String CONTENT="prince" HEIGHT="72" WIDTH="214" VPOS="3083" HPOS="1577"/>
<SP HEIGHT="38" WIDTH="24" VPOS="3103" HPOS="1792"/>
<String CONTENT="of" HEIGHT="56" WIDTH="67" VPOS="3085" HPOS="1817"/>
<SP HEIGHT="57" WIDTH="21" VPOS="3085" HPOS="1885"/>
<String CONTENT="the" HEIGHT="58" WIDTH="103" VPOS="3084" HPOS="1907"/>
<SP HEIGHT="56" WIDTH="25" VPOS="3085" HPOS="2011"/>
<String CONTENT="North" HEIGHT="58" WIDTH="203" VPOS="3085" HPOS="2037"/>
<SP HEIGHT="57" WIDTH="23" VPOS="3086" HPOS="2241"/>
<String CONTENT="and" HEIGHT="57" WIDTH="123" VPOS="3086" HPOS="2265"/>
</TextLine>
<TextLine HEIGHT="75" WIDTH="1926" VPOS="3162" HPOS="393" STYLEREFS="StyleId-1CEC9D49-B1BC-42D6-8542-6D738DE6B94A-" CS="1">
<String CONTENT="South" HEIGHT="58" WIDTH="199" VPOS="3164" HPOS="393"/>
<SP HEIGHT="72" WIDTH="39" VPOS="3164" HPOS="593"/>
<String CONTENT="(epoch" HEIGHT="73" WIDTH="226" VPOS="3163" HPOS="633"/>
<SP HEIGHT="56" WIDTH="28" VPOS="3163" HPOS="860"/>
<String CONTENT="about" HEIGHT="56" WIDTH="188" VPOS="3163" HPOS="889"/>
<SP HEIGHT="55" WIDTH="31" VPOS="3164" HPOS="1078"/>
<String CONTENT="1300" HEIGHT="56" WIDTH="148" VPOS="3163" HPOS="1110"/>
<SP HEIGHT="55" WIDTH="30" VPOS="3163" HPOS="1259"/>
<String CS="1" CONTENT="B." HEIGHT="11" WIDTH="11" VPOS="3208" HPOS="1331"/>
<SP HEIGHT="37" WIDTH="35" VPOS="3182" HPOS="1343"/>
<String CS="1" CONTENT="C.)" HEIGHT="71" WIDTH="42" VPOS="3162" HPOS="1418"/>
<SP HEIGHT="71" WIDTH="39" VPOS="3162" HPOS="1461"/>
<String CONTENT="by" HEIGHT="72" WIDTH="84" VPOS="3162" HPOS="1501"/>
<SP HEIGHT="71" WIDTH="27" VPOS="3163" HPOS="1586"/>
<String CONTENT="R." HEIGHT="56" WIDTH="71" VPOS="3163" HPOS="1614"/>
<SP HEIGHT="57" WIDTH="34" VPOS="3162" HPOS="1686"/>
<String CONTENT="Eustace" HEIGHT="58" WIDTH="272" VPOS="3162" HPOS="1721"/>
<SP HEIGHT="53" WIDTH="34" VPOS="3183" HPOS="1994"/>
<String CONTENT="[pseud.]" HEIGHT="73" WIDTH="249" VPOS="3164" HPOS="2029"/>
<SP HEIGHT="44" WIDTH="40" VPOS="3193" HPOS="2279"/>
<String CS="1" CONTENT="&#8230;"/>
</TextLine>
<TextLine HEIGHT="75" WIDTH="1991" VPOS="3240" HPOS="393" STYLEREFS="StyleId-1CEC9D49-B1BC-42D6-8542-6D738DE6B94A-">
<String CONTENT="London," HEIGHT="71" WIDTH="276" VPOS="3244" HPOS="393"/>
<SP HEIGHT="73" WIDTH="42" VPOS="3242" HPOS="670"/>
<String CONTENT="Simpkin," HEIGHT="73" WIDTH="303" VPOS="3240" HPOS="713"/>
<SP HEIGHT="72" WIDTH="42" VPOS="3241" HPOS="1017"/>
<String CONTENT="Marshall," HEIGHT="74" WIDTH="326" VPOS="3240" HPOS="1060"/>
<SP HEIGHT="74" WIDTH="38" VPOS="3240" HPOS="1387"/>
<String CONTENT="Hamilton," HEIGHT="71" WIDTH="343" VPOS="3240" HPOS="1426"/>
<SP HEIGHT="70" WIDTH="40" VPOS="3241" HPOS="1770"/>
<String CONTENT="Kent," HEIGHT="72" WIDTH="191" VPOS="3241" HPOS="1811"/>
<SP HEIGHT="71" WIDTH="37" VPOS="3242" HPOS="2003"/>
<String CONTENT="&amp;" HEIGHT="56" WIDTH="48" VPOS="3242" HPOS="2041"/>
<SP HEIGHT="57" WIDTH="39" VPOS="3242" HPOS="2090"/>
<String CONTENT="co.," HEIGHT="55" WIDTH="106" VPOS="3260" HPOS="2130"/>
<SP HEIGHT="73" WIDTH="40" VPOS="3242" HPOS="2237"/>
<String CONTENT="ltd." HEIGHT="58" WIDTH="106" VPOS="3242" HPOS="2278"/>
</TextLine>
<TextLine HEIGHT="75" WIDTH="200" VPOS="3323" HPOS="392" STYLEREFS="StyleId-1CEC9D49-B1BC-42D6-8542-6D738DE6B94A-">
<String CONTENT="[" HEIGHT="42" WIDTH="10" VPOS="3353" HPOS="392"/>
<String STYLE="superscript" CONTENT="c" HEIGHT="22" WIDTH="18" VPOS="3331" HPOS="408"/>
<String CONTENT="1925]" HEIGHT="75" WIDTH="162" VPOS="3323" HPOS="430"/>
</TextLine>
<TextLine HEIGHT="55" WIDTH="760" VPOS="3395" HPOS="459">
<String CONTENT="xxxii," HEIGHT="52" WIDTH="148" VPOS="3398" HPOS="459"/>
<SP HEIGHT="50" WIDTH="20" VPOS="3400" HPOS="608"/>
<String CONTENT="352" HEIGHT="46" WIDTH="82" VPOS="3396" HPOS="629"/>
<SP HEIGHT="52" WIDTH="20" VPOS="3398" HPOS="712"/>
<String CONTENT="p." HEIGHT="38" WIDTH="38" VPOS="3412" HPOS="733"/>
<SP HEIGHT="44" WIDTH="23" VPOS="3397" HPOS="772"/>
<String CONTENT="incl." HEIGHT="46" WIDTH="101" VPOS="3395" HPOS="796"/>
<SP HEIGHT="28" WIDTH="21" VPOS="3413" HPOS="898"/>
<String CONTENT="map." HEIGHT="38" WIDTH="115" VPOS="3411" HPOS="920"/>
<SP HEIGHT="19" WIDTH="39" VPOS="3427" HPOS="1036"/>
<String CONTENT="19" HEIGHT="44" WIDTH="50" VPOS="3397" HPOS="1101"/>
<String STYLE="superscript" CONTENT="cm" HEIGHT="18" WIDTH="46" VPOS="3399" HPOS="1158"/>
<String CONTENT="." HEIGHT="9" WIDTH="9" VPOS="3432" HPOS="1210"/>
</TextLine>
<TextLine HEIGHT="57" WIDTH="1997" VPOS="3451" HPOS="389" CS="1">
<String CONTENT="&#169;" HEIGHT="52" WIDTH="53" VPOS="3456" HPOS="389"/>
<SP/>
<String CS="1" CONTENT="1c."/>
<SP HEIGHT="45" WIDTH="30" VPOS="3454" HPOS="533"/>
<String CONTENT="Feb." HEIGHT="45" WIDTH="105" VPOS="3454" HPOS="564"/>
<SP HEIGHT="40" WIDTH="28" VPOS="3459" HPOS="670"/>
<String CONTENT="26," HEIGHT="51" WIDTH="66" VPOS="3456" HPOS="699"/>
<SP HEIGHT="51" WIDTH="30" VPOS="3456" HPOS="766"/>
<String CONTENT="1926;" HEIGHT="49" WIDTH="130" VPOS="3456" HPOS="797"/>
<SP HEIGHT="50" WIDTH="30" VPOS="3455" HPOS="928"/>
<!-- cceid 035F59AF-6E1B-1014-9B7B-CA07F191E62B --><String CONTENT="A" HEIGHT="42" WIDTH="45" VPOS="3455" HPOS="959"/>
<SP HEIGHT="42" WIDTH="27" VPOS="3455" HPOS="1005"/>
<String CONTENT="ad" HEIGHT="44" WIDTH="58" VPOS="3453" HPOS="1033"/>
<SP HEIGHT="44" WIDTH="28" VPOS="3453" HPOS="1092"/>
<String CONTENT="int." HEIGHT="42" WIDTH="79" VPOS="3454" HPOS="1121"/>
<SP HEIGHT="43" WIDTH="26" VPOS="3454" HPOS="1201"/>
<String CONTENT="8121;" HEIGHT="49" WIDTH="134" VPOS="3454" HPOS="1228"/>
<SP HEIGHT="39" WIDTH="31" VPOS="3467" HPOS="1363"/>
<String CONTENT="pubd." HEIGHT="55" WIDTH="137" VPOS="3451" HPOS="1395"/>
<SP HEIGHT="51" WIDTH="28" VPOS="3454" HPOS="1533"/>
<String CONTENT="Jan." HEIGHT="51" WIDTH="101" VPOS="3454" HPOS="1562"/>
<SP HEIGHT="41" WIDTH="31" VPOS="3456" HPOS="1664"/>
<String CONTENT="27;" HEIGHT="50" WIDTH="76" VPOS="3453" HPOS="1696"/>
<SP HEIGHT="51" WIDTH="34" VPOS="3452" HPOS="1773"/>
<String CONTENT="E." HEIGHT="45" WIDTH="51" VPOS="3452" HPOS="1808"/>
<SP HEIGHT="44" WIDTH="31" VPOS="3452" HPOS="1860"/>
<String CONTENT="Rawlins," HEIGHT="51" WIDTH="219" VPOS="3452" HPOS="1892"/>
<SP HEIGHT="51" WIDTH="32" VPOS="3452" HPOS="2112"/>
<String CONTENT="Eversley-" HEIGHT="54" WIDTH="241" VPOS="3452" HPOS="2145"/>
</TextLine>
<TextLine HEIGHT="55" WIDTH="1453" VPOS="3508" HPOS="461">
<String CONTENT="Crescent," HEIGHT="52" WIDTH="229" VPOS="3511" HPOS="461"/>
<SP HEIGHT="50" WIDTH="30" VPOS="3513" HPOS="691"/>
<String CONTENT="Islesworth," HEIGHT="51" WIDTH="282" VPOS="3510" HPOS="722"/>
<SP HEIGHT="51" WIDTH="29" VPOS="3510" HPOS="1005"/>
<String CONTENT="Middlesex," HEIGHT="53" WIDTH="281" VPOS="3509" HPOS="1035"/>
<SP HEIGHT="54" WIDTH="29" VPOS="3508" HPOS="1317"/>
<String CONTENT="England." HEIGHT="54" WIDTH="228" VPOS="3508" HPOS="1347"/>
<SP HEIGHT="53" WIDTH="67" VPOS="3510" HPOS="1576"/>
<String CONTENT="(26-13993)" HEIGHT="53" WIDTH="270" VPOS="3510" HPOS="1644"/>
</TextLine>
<TextLine HEIGHT="75" WIDTH="1279" VPOS="3594" HPOS="391" STYLEREFS="StyleId-C6F9085E-D7FA-41F7-9EBF-4812083635AF-">
<String CONTENT="Remington," HEIGHT="73" WIDTH="392" VPOS="3596" HPOS="391"/>
<SP HEIGHT="71" WIDTH="30" VPOS="3597" HPOS="784"/>
<String CONTENT="Joseph" HEIGHT="71" WIDTH="238" VPOS="3596" HPOS="815"/>
<SP HEIGHT="56" WIDTH="27" VPOS="3596" HPOS="1054"/>
<String CONTENT="Price," HEIGHT="72" WIDTH="197" VPOS="3594" HPOS="1082"/>
<SP HEIGHT="68" WIDTH="32" VPOS="3598" HPOS="1280"/>
<String CONTENT="1847-1918." HEIGHT="57" WIDTH="357" VPOS="3597" HPOS="1313"/>
</TextLine>
<TextLine HEIGHT="74" WIDTH="1921" VPOS="3683" HPOS="465" STYLEREFS="StyleId-1CEC9D49-B1BC-42D6-8542-6D738DE6B94A-">
<String CONTENT="Remington&#8217;s" HEIGHT="71" WIDTH="436" VPOS="3686" HPOS="465"/>
<SP HEIGHT="58" WIDTH="39" VPOS="3685" HPOS="902"/>
<String CONTENT="Practice" HEIGHT="58" WIDTH="284" VPOS="3684" HPOS="942"/>
<SP HEIGHT="40" WIDTH="39" VPOS="3704" HPOS="1227"/>
<String CONTENT="of" HEIGHT="58" WIDTH="68" VPOS="3686" HPOS="1267"/>
<SP HEIGHT="71" WIDTH="34" VPOS="3686" HPOS="1336"/>
<String CONTENT="pharmacy;" HEIGHT="73" WIDTH="373" VPOS="3684" HPOS="1371"/>
<SP HEIGHT="52" WIDTH="40" VPOS="3704" HPOS="1745"/>
<String CONTENT="a" HEIGHT="37" WIDTH="35" VPOS="3704" HPOS="1786"/>
<SP HEIGHT="53" WIDTH="39" VPOS="3689" HPOS="1822"/>
<String CONTENT="treatise" HEIGHT="60" WIDTH="261" VPOS="3683" HPOS="1862"/>
<SP HEIGHT="40" WIDTH="40" VPOS="3703" HPOS="2124"/>
<String CONTENT="on" HEIGHT="38" WIDTH="80" VPOS="3703" HPOS="2165"/>
<SP HEIGHT="52" WIDTH="36" VPOS="3689" HPOS="2246"/>
<String CONTENT="the" HEIGHT="57" WIDTH="103" VPOS="3684" HPOS="2283"/>
</TextLine>
<TextLine HEIGHT="151" WIDTH="1977" VPOS="3761" HPOS="386" STYLEREFS="StyleId-1CEC9D49-B1BC-42D6-8542-6D738DE6B94A-" CS="1">
<String CONTENT="making," HEIGHT="71" WIDTH="272" VPOS="3763" HPOS="386"/>
<SP HEIGHT="46" WIDTH="49" VPOS="3788" HPOS="659"/>
<String CONTENT="standardizing," HEIGHT="73" WIDTH="494" VPOS="3761" HPOS="709"/>
<SP HEIGHT="51" WIDTH="52" VPOS="3783" HPOS="1204"/>
<String CONTENT="and" HEIGHT="57" WIDTH="124" VPOS="3763" HPOS="1257"/>
<SP HEIGHT="56" WIDTH="49" VPOS="3763" HPOS="1382"/>
<String CONTENT="dispensing," HEIGHT="73" WIDTH="386" VPOS="3761" HPOS="1432"/>
<SP HEIGHT="50" WIDTH="51" VPOS="3783" HPOS="1819"/>
<String CONTENT="of" HEIGHT="59" WIDTH="68" VPOS="3762" HPOS="1871"/>
<SP HEIGHT="57" WIDTH="51" VPOS="3762" HPOS="1940"/>
<String CONTENT="official," HEIGHT="69" WIDTH="235" VPOS="3761" HPOS="1992"/>
<SP HEIGHT="50" WIDTH="49" VPOS="3780" HPOS="2228"/>
<String CONTENT="unofficial," HEIGHT="132" WIDTH="1974" VPOS="3780" HPOS="389"/>
</TextLine>
<TextLine HEIGHT="74" WIDTH="1702" VPOS="3839" HPOS="685" STYLEREFS="StyleId-1CEC9D49-B1BC-42D6-8542-6D738DE6B94A-">
<String CONTENT="and" HEIGHT="58" WIDTH="124" VPOS="3842" HPOS="685"/>
<SP HEIGHT="58" WIDTH="60" VPOS="3842" HPOS="810"/>
<String CONTENT="extemporaneous" HEIGHT="68" WIDTH="561" VPOS="3845" HPOS="871"/>
<SP HEIGHT="53" WIDTH="59" VPOS="3860" HPOS="1433"/>
<String CONTENT="pharmaceutical" HEIGHT="74" WIDTH="533" VPOS="3839" HPOS="1493"/>
<SP HEIGHT="72" WIDTH="58" VPOS="3840" HPOS="2027"/>
<String CONTENT="prepara" HEIGHT="54" WIDTH="275" VPOS="3858" HPOS="2086"/>
<HYP CONTENT="&#173;"/>
</TextLine>
</TextBlock>
</PrintSpace>
</Page>
</Layout>
</alto>