2542 4285
962 3909 147 55 1147

60 300 376 57 Conference
465 297 346 59 committee
842 314 79 41 on
951 296 103 58 the
1084 297 183 57 merit
1299 300 248 68 system.

134 390 129 58 The
299 388 184 59 merit
522 392 230 68 system
788 389 63 56 in
890 390 435 71 government;
1365 388 216 70 report
1620 386 65 57 of
1721 386 103 56 the
55 385 1962 141 Committee

303 487 77 38 on
414 467 103 57 the
549 466 186 57 merit
770 469 251 68 system.
1096 464 150 57 New
1280 464 188 70 York,
1503 463 72 56 N.
1614 463 90 72 Y.,
1743 462 296 57 National

54 544 336 72 municipal
421 544 218 72 league
675 573 13 43 [
689 553 18 20 c
711 544 146 56 1926]

153 634 329 54 170 p. 19½ cm .
55 699 1980 59 © Aug. 25, 1926; 1c. Sept. 4; 1c. and aff. Oct. 6; A 950360; Bureau of
120 763 147 51 public
298 762 234 52 personnel
565 761 373 50 administration,
971 758 316 53 Washington.
1356 756 269 56 (26-17705)

56 860 240 74 Cooley,
339 861 201 58 Rossa
575 861 187 72 Belle,
807 862 187 57 1873-

128 951 233 57 Homes
392 949 67 59 of
485 951 103 56 the
616 949 197 71 freed,
839 952 83 68 by
948 950 205 58 Rossa
1178 950 73 56 B.
1283 948 247 72 Cooley,
1557 947 153 59 with
1737 967 79 38 an
53 946 1957 140 introduction

336 1023 1698 76 by J. H. Dillard … and four wood cuts by J. J.
51 1105 262 57 Lankes.
377 1106 151 57 New
547 1105 191 71 York,
764 1105 150 56 New
937 1103 297 73 republic,
1259 1103 136 71 inc.,
1423 1103 166 57 1926.

121 1193 94 55 xiv,
243 1195 80 44 199
348 1209 40 38 p.
446 1194 157 53 plates.
666 1196 50 43 19
724 1198 46 18 cm
776 1232 8 7 .

49 1263 53 54 ©
134 1266 100 43 Oct.
266 1264 36 53 5,
339 1266 127 46 1926;
498 1267 64 42 2c.
597 1267 101 43 Oct.
732 1266 47 52 7;
813 1267 78 42 aff.
925 1267 100 43 Oct.
1060 1267 74 50 11;
1171 1266 43 41 A
1247 1263 188 53 950406;
1472 1264 116 44 New
1622 1263 207 53 republic,
1865 1263 83 43 inc.

128 1322 269 55 (26-17773)

50 1422 303 73 [Cozanet,
387 1422 237 77 Albert]

189 1513 1847 78 … Traité complet de géométrie rythmique, th é orie et
45 1592 305 73 pratique,
404 1596 384 69 permettant
840 1614 123 39 aux
1013 1595 402 72 professeurs
1471 1596 75 56 de
1599 1591 436 75 gymnastique

42 1669 1968 153 rythmique, de dance et de culture physique … d’appliquer,
287 1749 1746 70 à toutes les formes de dance et de mouvement, les
42 1824 1936 138 innombrables combinaisons décoratives d é rivant des vérités
224 1904 1348 74 géométriques … Paris, Heugel, c 1926.
112 1980 1150 54 2 p. l., viii, 319, [1] p. illus., diagrs. 28½ cm .
112 2039 221 46 Author’s
361 2039 167 51 pseud.,
554 2041 111 49 Jean
694 2038 209 50 d’Udine,
931 2049 45 35 at
1001 2039 116 45 head
1143 2039 50 45 of
1218 2039 111 44 title.

44 2089 1526 57 © June 28, 1926; 1c. July 16; A—Foreign 31549; Heugel.
124 2149 270 55 (26-17679)

46 2247 296 75 Cuthrell,
383 2252 151 56 Mrs.
574 2249 189 58 Faith
810 2247 346 75 (Baldwin)

123 2340 1910 73 Three women, by Faith Baldwin … New York, Dodd,
46 2418 187 59 Mead
259 2416 48 60 &
331 2437 321 54 company,
681 2419 166 57 1926.

113 2493 565 54 4 p. l., 3-310 p. 19 cm .
45 2549 52 53 ©
129 2552 100 43 Oct.
259 2552 39 51 2,
331 2551 104 43 1926
450 2566 9 38 ;
490 2553 63 42 2c.
585 2553 101 44 Oct.
718 2551 47 54 5;
797 2553 79 43 aff.
909 2552 101 45 Oct.
1039 2554 50 51 9;
1121 2553 44 42 A
1197 2553 188 52 949466;
1421 2554 145 50 Dodd,
1601 2553 137 44 Mead
1769 2553 38 44 &
1836 2568 79 36 co.,
1947 2554 82 43 inc.

123 2607 270 56 (26-17629)

42 2708 195 69 Dana,
281 2708 256 58 Charles
574 2710 264 73 Loomis,
882 2714 189 55 1852-

117 2801 129 56 The
278 2800 192 71 peaks
505 2804 67 57 of
601 2801 266 60 medical
896 2804 277 73 history;
1209 2823 79 40 an
1323 2803 233 62 outline
1590 2805 67 57 of
1689 2806 105 57 the
40 2805 1968 129 evolution

205 2882 69 57 of
303 2879 301 61 medicine
638 2884 104 56 for
776 2883 105 58 the
913 2903 111 37 use
1058 2886 68 57 of
1156 2883 265 60 medical
1454 2885 283 58 students
1773 2885 48 56 &
40 2903 1967 125 practitioners,

389 2959 84 71 by
514 2959 258 60 Charles
815 2962 66 55 L.
926 2961 212 71 Dana;
1181 2961 362 60 illustrated
1582 2961 150 58 with
1774 2963 73 55 40
39 2961 1970 148 full-page

234 3035 203 73 plates
478 3036 123 57 and
639 3038 70 56 16
748 3041 132 55 text
917 3036 437 63 illustrations.
1435 3040 152 57 New
1623 3040 189 71 York,
1851 3041 70 56 P.
1958 3040 71 57 B.

39 3113 266 73 Hoeber,
337 3113 134 72 inc.,
505 3116 164 57 1926.

112 3190 76 45 105
215 3207 40 36 p.
319 3193 154 50 front.,
500 3192 129 51 illus.,
658 3194 157 50 plates,
842 3202 153 43 ports.,
1025 3195 197 44 facsims.
1282 3197 53 41 22½
1369 3197 46 17 cm
1424 3232 7 8 .

111 3246 413 53 “Bibliographical
553 3250 185 45 notes”:
768 3263 40 37 p.
841 3249 176 47 95-100.

41 3298 53 54 ©
126 3302 111 52 May
264 3302 66 51 20,
365 3303 104 43 1926
484 3317 9 38 ;
525 3302 64 44 2c.
622 3303 87 43 and
739 3304 78 43 aff.
852 3305 101 43 Oct.
986 3302 47 54 5;
1068 3305 44 42 A
1142 3305 189 51 949343;
1368 3305 115 43 Paul
1517 3306 50 41 B.
1601 3306 197 52 Hoeber,
1833 3306 82 44 inc.

121 3357 269 56 (26-17664)

41 3457 229 74 Darby,
309 3458 82 60 W
698 3461 74 58 D.

111 3549 216 74 Linen,
358 3552 104 58 the
496 3554 256 58 emblem
785 3557 67 57 of
883 3556 317 71 elegance;
1235 3577 36 37 a
1307 3577 228 52 survey
1567 3560 67 56 of
1661 3555 169 59 linen
36 3577 1970 111 manufacture

363 3631 167 57 from
567 3632 104 58 the
709 3653 129 38 raw
873 3632 293 62 material
1202 3640 62 54 to
1303 3636 104 57 the
1442 3634 267 61 finished
1745 3636 284 73 product,

37 3705 319 76 including
372 3728 36 37 a
424 3706 167 61 brief
605 3708 248 74 history
870 3712 68 57 of
965 3711 167 57 linen
1165 3715 122 56 and
1318 3734 36 38 a
1385 3711 351 76 dictionary
1765 3717 69 56 of
1862 3712 167 61 linen

36 3783 255 73 fabrics,
326 3785 469 72 supplemented
824 3790 84 68 by
938 3789 290 69 chapters
1265 3809 76 37 on
1372 3792 104 57 the
1506 3792 522 66 merchandising,
