2542 4285
1326 4040 151 58 1074

400 414 102 74 [Le
542 413 84 57 Co
630 429 47 54 z,
716 414 183 56 Mme.
941 411 184 75 Léon]
1167 412 189 56 1865-

540 501 1852 74 … Le roman du capitaine Aubry. Paris, Gautier et
395 586 430 71 Languereau,
859 583 165 56 1926.

464 656 1673 61 2 p. l., 280 p., 1 l. 19 cm . (On cover : Bibliothèque de ma fille)
465 719 221 44 Author’s
714 717 167 51 pseud.,
912 717 163 49 Henry
1101 715 164 49 Bister,
1292 722 47 37 at
1362 715 114 44 head
1503 716 50 43 of
1577 712 111 48 title.

401 765 1989 59 © May 25, 1926; 1c. Aug. 16; A—Foreign 31720; Gautier & Languereau.
480 828 268 56 (26-16102)

402 928 259 58 London
687 926 255 72 opinion.
1028 945 56 36 v.
1117 928 91 69 91,
1235 944 97 37 no.
1364 926 167 70 1176,
1564 924 129 57 Oct.
1724 927 89 69 16,
1845 926 165 55 1926.

401 1013 1988 58 © 1c. Oct. 19, 1926; A ad int. 8619; pubd. Oct. 8; George Newnes, ltd.,
469 1076 201 50 London.

398 1174 228 70 Lovell,
672 1174 169 58 John
882 1174 272 71 Harvey,
1200 1175 190 56 1860-

474 1265 227 70 Honey
736 1264 212 71 plants
988 1265 67 57 of
1091 1263 207 57 North
1334 1261 297 58 America
1675 1260 217 72 (north
1931 1260 68 59 of
2036 1261 271 70 Mexico)
2357 1282 35 37 a

399 1341 183 72 guide
616 1345 63 54 to
714 1341 103 58 the
851 1341 139 57 best
1024 1339 307 59 locations
1367 1339 103 57 for
1503 1338 382 74 beekeeping
1918 1338 65 57 in
2018 1339 103 59 the
2158 1339 236 59 United

401 1419 232 70 States,
666 1418 254 58 written
956 1417 104 57 for
1097 1419 102 56 the
1238 1418 76 56 A.
1352 1417 50 56 I.
1442 1417 165 57 Hoot
1644 1435 306 55 company
1985 1419 84 70 by
2104 1417 169 58 John
2312 1417 80 57 H.

398 1493 1995 74 Lovell … illustrated from photographs by the author.
400 1573 272 71 Medina,
699 1571 89 73 O.,
817 1573 127 57 The
970 1572 76 60 A.
1072 1572 50 57 I.
1150 1573 164 56 Root
1342 1590 323 54 company,
1693 1573 167 57 1926.

468 1647 1093 54 2 p. l., iii, 408 p. col. front. illus. 24 cm .
471 1705 215 45 Lettered
714 1719 59 28 on
799 1718 138 29 cover
954 1719 9 28 :
992 1701 101 47 The
1119 1706 57 41 A.
1206 1705 33 42 I.
1268 1703 124 46 Root
1416 1705 82 43 bee
1525 1704 185 52 library.

404 1760 53 53 ©
491 1760 119 54 Sept.
649 1760 60 52 15,
747 1761 129 52 1926;
908 1761 65 44 2c.
1007 1760 121 53 Sept.
1165 1761 72 52 16;
1273 1762 79 42 aff.
1388 1761 120 53 Sept.
1546 1763 74 51 18;
1654 1763 44 42 A
1731 1761 191 54 950110;
1957 1762 58 44 A.
2050 1763 35 43 I.
2120 1764 123 43 Root
2272 1777 64 30 co.

481 1818 269 55 (26-16669)

399 1925 179 74 Luce,
618 1925 249 70 Robert,
909 1929 190 56 1862-

479 2014 1918 78 Congress, an explanation, by Robert Luce … being five
399 2095 267 57 lectures
708 2094 318 58 delivered
1068 2097 65 55 at
1173 2094 302 62 Harvard
1514 2094 354 74 university
1906 2095 65 57 in
2014 2095 222 59 March
2276 2095 124 60 and

399 2173 204 71 April,
630 2174 166 72 1925,
826 2192 78 38 on
931 2173 103 57 the
1064 2173 244 58 Godkin
1333 2173 393 58 foundation.
1811 2172 394 76 Cambridge,
400 2173 1977 136 Harvard

587 2250 356 73 university
972 2270 201 54 press,
1209 2253 165 55 1926.

471 2328 671 56 5 p. l., [3]-154 p. 19½cm.
403 2385 53 53 ©
491 2386 119 53 Sept.
642 2388 37 50 4,
713 2386 129 53 1926;
873 2387 65 43 2c.
974 2386 122 53 Sept.
1131 2387 74 51 13;
1241 2387 77 43 aff.
1355 2385 119 54 Sept:
1511 2388 74 52 11;
1619 2388 43 42 A
1694 2387 190 52 901941;
1920 2387 241 44 President
2189 2388 88 44 and
473 2386 1900 102 fellows

611 2444 50 44 of
691 2444 218 43 Harvard
935 2444 184 53 college,
1149 2443 284 55 Cambridge,
1467 2445 140 43 Mass.
1676 2444 270 55 (26-16580)

404 2543 251 74 [Marks,
699 2545 241 72 George
985 2544 241 75 Edwin]
1274 2548 189 56 1853-

476 2634 1922 76 Manual of artificial limbs … an exhaustive exposition
400 2717 66 57 of
497 2712 334 75 prothesis.
915 2714 152 59 New
1099 2715 192 71 York,
1326 2713 74 59 N.
1436 2717 94 69 Y.,
1564 2716 74 58 A.
1673 2715 75 56 A.
1787 2716 237 73 Marks,
2056 2715 135 73 inc.,
2229 2717 165 56 1926.

469 2793 80 46 359
581 2808 41 37 p.
682 2792 119 45 illus.
860 2793 25 42 21½
949 2796 47 17 cm
1001 2828 10 9 .

403 2846 55 53 ©
485 2849 114 51 June
628 2848 64 48 23,
729 2847 129 52 1926;
889 2848 65 42 2c.
984 2848 89 43 and
1100 2848 80 42 aff.
1208 2848 116 52 June
1351 2846 78 53 25;
1462 2847 44 42 A
1536 2845 189 54 897297;
1752 2847 62 43 A.
1845 2848 57 43 A.
1937 2848 175 53 Marks,
2145 2848 82 44 inc.

482 2904 268 55 (26-16682)

402 3005 319 68 Mathews,
769 3004 178 58 Basil
987 3005 252 71 Joseph,
1286 3007 190 59 1879-

478 3096 226 72 Young
735 3096 195 58 Islam
965 3116 78 37 on
1077 3095 170 72 trek;
1287 3118 35 37 a
1361 3095 187 72 study
1583 3095 65 57 in
1682 3096 102 58 the
1821 3096 171 58 clash
2030 3097 68 58 of
404 3096 1973 151 civilizations,

624 3174 84 72 by
745 3174 179 57 Basil
964 3173 324 58 Mathews.
1370 3173 152 58 New
1562 3174 191 71 York,
1792 3174 383 73 Friendship
2217 3193 180 54 press

405 3281 13 44 [
418 3261 20 21 c
441 3253 163 72 1926]

472 3329 89 52 viii,
592 3331 136 44 9-224
756 3344 40 38 p.
856 3330 155 53 plates,
1039 3329 164 46 double
1231 3343 115 39 map.
1410 3329 50 44 19
1466 3331 48 18 cm
1519 3363 10 9 .

474 3389 110 51 Map
617 3403 58 29 on
707 3387 318 53 lining-paper.

473 3444 234 53 “Reading
739 3444 102 44 list”
858 3459 10 29 :
902 3459 40 38 p.
973 3443 207 45 220-224.

405 3500 53 53 ©
489 3503 115 50 June
641 3502 63 51 18,
740 3502 129 50 1926;
904 3501 64 43 2c.
1004 3501 88 43 and
1123 3501 79 42 aff.
1235 3500 120 53 Aug.
1388 3499 77 54 27;
1503 3500 44 42 A
1580 3498 188 55 897974;
1804 3501 207 43 Herbert
2044 3500 48 43 L.
2128 3500 114 51 Hill,
2279 3500 118 44 New

475 3560 142 43 York.
686 3556 269 57 (26-16592)

405 3659 349 70 Matthews,
798 3659 213 57 James
1054 3659 300 68 Brander,
1400 3661 189 55 1852-

481 3748 121 73 Rip
632 3749 143 58 Van
803 3748 248 58 Winkle
1082 3768 149 52 goes
1263 3752 63 54 to
1360 3750 103 59 the
1498 3749 166 72 play,
1699 3748 124 57 and
1854 3749 178 56 other
2068 3767 216 51 essays
2320 3768 78 37 on

402 3825 1994 73 plays and players, by Brander Matthews … New York,
402 3903 279 70 London,
714 3903 64 59 C.
813 3903 356 59 Scribner’s
1202 3923 166 52 sons,
1400 3905 166 57 1926.

473 3978 599 55 5 p. l. , 3-256 p. 19½cm.
