2542 4285
1367 3943 109 56 580

504 413 944 55 viii, 670 p. illus. (part col.) 24 ½ cm .
435 470 182 47 Editors
635 486 9 28 :
683 470 115 53 1926,
832 471 57 43 K.
922 487 40 26 v.
996 470 172 52 Frisch,
1203 471 53 43 R.
1291 469 324 52 Goldschmidt,
1648 470 75 43 W.
1758 469 208 43 Ruhland
2000 469 86 43 and
2120 470 60 42 H.
504 470 1890 101 Winterstein.

510 587 213 44 Contains
751 586 367 51 bibliographies.

433 636 1754 56 © Feb. 1, 1926; 1c. Mar. 24; A—Foreign 30791; Julius Springer.
513 696 265 55 (26-11246)

434 794 209 75 Fealy,
684 795 330 58 Lawrence
1053 794 343 73 Augustus.

507 884 194 72 Fealy
716 884 48 57 ’s
803 883 104 73 log
943 884 175 71 book,
1162 882 373 73 concerning
1573 882 151 58 laws
1767 881 305 73 objective
2116 883 123 57 and
428 884 1966 149 subjective,
708 962 84 70 by
827 962 68 56 L.
934 962 77 56 A.
1051 960 213 73 Fealy.
1344 960 451 76 Birmingham,
1834 960 161 71 Ala.,
2035 961 129 58 The
429 960 1965 136 Altrurian
601 1038 251 73 society,
884 1039 166 57 1926.

497 1113 550 54 3 p. l., 221 p. 15½ cm .
434 1171 52 53 ©
518 1173 110 51 May
655 1171 36 52 8,
725 1172 104 43 1926
844 1186 9 37 ;
883 1172 65 43 2c.
978 1172 86 43 and
1092 1172 78 44 aff.
1202 1173 110 51 May
1338 1172 78 52 22;
1446 1172 44 43 A
1521 1170 188 55 891513;
1742 1172 49 42 L.
1821 1172 57 44 A.
1909 1171 152 53 Fealy,
2091 1169 324 55 Birmingham,

501 1228 102 44 Ala.
672 1227 269 55 (26-11259)

433 1312 555 73 Forbes-Lindsay,
1027 1312 255 59 Charles
1319 1314 316 56 Harcourt
1667 1312 259 71 Ainslie,
1965 1315 187 57 1860-

511 1406 279 56 Panama
822 1407 124 57 and
973 1406 104 58 the
1108 1406 176 58 canal
1315 1406 218 71 to-day
1550 1429 13 47 ;
1597 1425 80 39 an
1704 1404 326 60 historical
2061 1414 257 51 account
2351 1408 67 56 of

434 1484 103 57 the
569 1482 195 70 canal,
794 1480 152 60 with
978 1481 230 73 special
1240 1483 320 58 reference
1593 1486 62 55 to
1688 1484 104 56 the
1828 1481 173 73 early
2035 1483 381 72 enterprises

435 1562 67 56 of
529 1561 101 57 the
658 1561 245 56 French
930 1577 305 54 company
1264 1562 123 57 and
1413 1561 104 57 the
1544 1557 234 61 United
1810 1560 210 58 States
2040 1584 13 47 ;
2083 1561 104 58 the
433 1560 1958 147 inception,
614 1636 441 72 construction,
1089 1639 121 55 and
1242 1636 372 71 completion
1645 1638 68 57 of
1742 1638 103 56 the
1878 1638 207 70 canal;
2120 1659 36 36 a
2191 1656 228 51 survey

435 1714 66 57 of
535 1713 101 57 the
672 1712 141 59 first
845 1718 105 53 ten
983 1731 186 53 years
1206 1714 68 57 of
1309 1712 355 73 operation;
1701 1713 124 57 and
1860 1733 37 37 a
1929 1711 247 74 history
2212 1714 67 57 of
2313 1714 103 58 the

434 1795 262 68 country
727 1795 62 53 to
823 1789 162 73 date,
1019 1790 285 73 together
1334 1790 151 58 with
1520 1808 79 37 an
1632 1793 256 55 account
1922 1791 68 59 of
2018 1790 85 57 its
2134 1789 282 73 physical

433 1866 1916 73 features and natural resources. By Forbes Lindsay …
434 1943 1979 67 and Nevin O. Winter … New rev. ed. Boston, L. C.
433 2022 889 73 Page and company [ c 1926]
507 2097 1909 53 3 p. l., iii-xiii p., 1 l., 536 p. front. (ports.) illus., plates, fold. maps. 23 cm .
504 2156 180 47 Earlier
710 2155 193 46 editions
930 2157 114 43 have
1071 2155 123 45 title:
1225 2157 211 49 Panama,
1465 2158 76 43 the
1567 2156 193 44 isthmus
1789 2158 86 43 and
1903 2157 74 44 the
2004 2155 141 45 canal.

504 2212 353 51 Bibliography:
886 2226 41 37 p.
957 2210 203 47 520-528.

431 2265 52 53 ©
518 2267 110 52 May
661 2264 60 53 15,
758 2266 129 51 1926;
919 2266 66 42 2c.
1019 2267 111 51 May
1161 2265 78 52 20;
1273 2266 78 43 aff.
1385 2266 111 51 May
1526 2265 79 52 21;
1639 2265 44 43 A
1715 2265 189 52 890882;
1941 2265 49 45 L.
2026 2264 48 45 C.
2109 2265 125 53 Page
2268 2266 40 43 &
2336 2279 79 37 co.,

501 2324 80 43 inc.
651 2320 269 56 (26-11007)

431 2409 256 72 France,
726 2407 234 59 Victor.

510 2502 127 56 The
673 2501 228 57 carved
938 2500 292 70 emerald,
1263 2500 83 71 by
1378 2499 219 58 Victor
1630 2500 258 58 France.
1971 2501 276 69 London,
429 2499 1964 152 Selwyn
596 2580 123 57 and
742 2577 232 59 Blount
1001 2578 110 58 ltd.
1142 2578 180 74 [1926]

495 2658 79 45 320
600 2673 42 37 p.
704 2659 49 43 19
762 2659 47 18 cm
814 2693 10 9 .

430 2710 1927 55 © 1c. Apr. 19, 1926; A ad int. 8043; pubd. Mar. 25; V. France, London.
508 2768 268 56 (26-11031)

432 2869 243 68 Frazer,
709 2868 108 58 Sir
847 2867 211 57 James
1092 2868 255 71 George,
1380 2870 187 56 1854-

509 2947 126 55 The
675 2946 273 70 worship
990 2945 67 57 of
1094 2948 242 69 nature,
1376 2946 82 71 by
1498 2945 103 59 Sir
1641 2946 218 57 James
1901 2946 240 72 George
2183 2947 237 56 Frazer

497 3022 1557 73 … London, Macmillan and co., limited, 1926.
495 3100 125 51 xxvi,
652 3098 82 45 672
760 3114 40 38 p.
858 3098 149 43 22½cm.

500 3156 102 43 Vol.
635 3157 34 50 1,
700 3155 98 43 The
832 3155 180 44 Gifford
1040 3155 203 51 lectures,
1276 3153 265 54 University
1571 3155 50 44 of
1649 3155 281 54 Edinburgh,
1964 3156 255 45 1924-1925.

430 3210 1985 56 © 1c. Mar. 10, 1926; A ad int. 7914; pubd. Mar. 5; Macmillan co., New
500 3269 140 43 York.
709 3266 269 55 (26-10956)

430 3348 204 69 Fürst,
664 3348 215 58 Artur.

505 3439 129 57 Das
747 3439 255 57 weltreich
1056 3441 109 55 der
1219 3440 277 72 technik;
1552 3441 413 73 entwicklung
2012 3443 128 57 und
427 3461 1962 127 gegenwart,
644 3535 122 37 von
806 3516 203 57 Artur
1049 3516 210 58 Fürst,
1344 3519 49 55 3.
1438 3519 96 56 bd.
1615 3518 232 74 Berlin,
1891 3520 96 55 Im
2027 3520 219 73 Verlag
431 3520 1959 145 Ullstein,
642 3595 164 55 1926.

499 3667 1915 60 4 p. l., 533, [3] p. illus. (incl. ports.) plates (part col., part double, part
430 3725 144 53 fold.):
599 3740 124 37 maps
751 3726 125 52 (part
904 3726 135 54 fold.)
1075 3728 210 42 mounted
1312 3727 186 52 facsim.,
1528 3728 164 54 diagrs.
1752 3729 148 45 32½cm.

502 3780 173 53 Special
706 3790 94 43 t.-p.
818 3797 8 28 :
862 3783 95 43 Der
985 3784 193 42 verkehr
1209 3783 78 44 auf
1318 3785 100 42 dem
1448 3799 180 29 wasser.
1688 3786 98 42 Der
1817 3787 194 42 verkehr
2043 3787 43 43 in
2117 3787 80 44 der
2228 3786 100 45 luft.

430 3836 1649 60 © Feb. 23, 1926; 1c. June 7; A —Foreign 31162; Ullstein a. g.
