2542 4285
1381 3962 110 57 800

489 433 64 51 63,
582 449 52 33 [1]
663 446 41 37 p.
765 431 150 47 front.,
940 430 161 54 plates.
1160 430 57 47 20
1221 435 46 17 cm
1275 469 7 7 .

418 485 55 54 ©
499 487 118 43 Nov.
649 488 62 50 12,
741 484 128 53 1925;
895 487 65 42 2c.
987 487 107 51 July
1123 486 37 49 6,
1194 487 128 49 1926;
1352 487 77 42 aff.
1459 487 106 52 July
1593 487 48 50 3;
1673 487 43 41 A
1743 486 190 52 897330;
1965 487 49 43 F.
2045 489 60 42 H.
2136 488 268 51 Hitchcock,

490 545 115 42 New
642 544 141 42 York.
853 542 270 54 (26-13769)

415 613 479 74 Hollingworth,
941 614 214 72 Harry
1198 613 169 71 Levi,
1414 616 147 56 1880–

480 707 128 57 The
634 706 385 72 psychology
1044 707 67 57 of
1136 706 283 72 thought,
1449 707 397 70 approached
1871 707 273 73 through
2170 708 237 57 studies

421 783 1920 75 of sleeping and dreaming, by H. L. Hollingworth …
420 864 150 57 New
598 863 189 72 York,
818 863 277 69 London,
1125 863 73 56 D.
1232 863 317 70 Appleton
1582 863 121 57 and
1735 881 323 54 company,
2089 863 164 57 1926.

488 944 106 48 xvii,
628 943 79 42 329
741 956 38 37 p.
842 942 166 52 diagrs.
1069 944 49 41 21
1128 944 46 17 cm
1183 978 7 7 .

423 996 52 53 ©
505 999 114 51 June
647 996 66 48 25,
749 998 128 50 1926;
909 998 64 41 2c.
1005 999 86 41 and
1122 997 78 42 aff.
1262 1012 85 28 June
1378 996 77 50 28;
1490 996 43 42 A
1564 996 188 52 891947;
1790 997 56 43 D.
1879 996 227 53 Appleton
2139 997 38 44 &
2204 1012 65 28 co.

500 1054 268 54 (26-12968)

419 1125 187 69 Jaffe,
645 1125 301 58 Bernard.

561 1214 1856 75 … Chemical calculations; a systematic presentation of
419 1294 102 58 the
559 1293 273 58 solution
869 1293 68 57 of
972 1298 148 67 type
1155 1294 334 72 problems,
1526 1292 149 58 with
1714 1292 148 57 1000
1901 1292 296 60 chemical
418 1295 1974 134 problems

606 1373 316 67 arranged
956 1370 473 72 progressively
1464 1370 335 72 according
1832 1374 64 54 to
1931 1370 211 58 lesson
418 1371 1972 148 assignments,

672 1447 1746 73 by Bernard Jaffe … Yonkers-on-Hudson, N. Y.,
422 1525 288 70 Chicago,
738 1525 222 57 World
986 1526 161 56 book
1174 1544 324 53 company,
1528 1527 164 56 1926.

558 1638 8 15 xv,
601 1603 76 43 159
711 1616 39 37 p.
783 1601 102 45 incl.
923 1602 142 43 front.
1094 1602 170 52 (port.)
1303 1602 119 43 ilius.
1486 1604 48 42 19½
1570 1605 46 16 cm
1624 1637 8 7 .
1700 1602 319 53 (New-world
2055 1602 176 46 science
2266 1603 153 50 series,

420 1659 68 42 ed.
517 1659 58 52 by
599 1659 42 52 J.
671 1659 72 42 W.
774 1656 208 54 Ritchie)

427 1713 52 53 ©
512 1716 109 51 May
651 1714 37 49 5,
720 1715 129 50 1926;
882 1715 63 42 2c.
979 1715 85 42 and
1096 1715 78 42 aff.
1206 1715 105 52 July
1347 1713 72 53 15;
1455 1715 44 42 A
1530 1715 188 52 901140;
1754 1717 162 42 World
1949 1717 119 43 book
2099 1732 66 29 co.

505 1770 269 54 (26-13730)

424 1841 247 68 Jaloux,
705 1842 302 68 Edmond,
1043 1845 144 56 1878–

607 1933 1814 73 … L’ami des jeunes filles, roman. Paris, J. Ferenczi
426 2015 58 53 et
514 2011 97 58 fils
645 2042 12 42 [
659 2019 20 22 c
684 2013 163 73 1926]

491 2089 82 43 240
601 2103 37 37 p.
703 2090 48 42 19cm

429 2143 1796 55 © May 1, 1926; 1c. June 21; A—Foreign 31275; J. Ferenczi & fils.
507 2201 269 55 (26-13921)

426 2273 274 72 Kenney,
746 2273 234 58 Robert
1019 2275 71 56 D.

505 2367 191 58 From
728 2368 370 71 geyserdom
1130 2372 62 55 to
1228 2369 291 57 show-me
1550 2368 178 72 land;
1762 2388 36 37 a
1829 2366 287 73 thrilling
2149 2371 176 68 story
2359 2369 66 57 of

430 2444 344 59 adventure
811 2442 276 62 incident
1127 2450 62 54 to
1232 2465 37 38 a
1308 2444 507 74 covered-wagon
1857 2449 143 55 tour
2039 2448 67 57 of
2144 2446 104 59 the
428 2445 1974 135 Yellowstone

764 2524 283 57 national
1086 2521 161 73 park
1289 2541 36 38 a
1365 2520 366 75 generation
1772 2543 116 54 ago
1931 2525 83 71 by
2055 2523 104 57 the
2202 2523 226 59 author

427 2600 1975 136 and others, by R. D. Kenney … [Livingston, Mont., Hammond
641 2676 287 74 printing
953 2697 106 53 co.,
1086 2686 20 21 c
1110 2678 164 71 1926]

507 2756 19 40 1
554 2771 40 36 p.
644 2789 7 7 l.,
694 2756 109 45 3-79
828 2769 40 37 p.
930 2753 118 44 illus.
1114 2754 48 43 18½
1198 2756 45 17 cm
1252 2790 8 7 .

433 2796 1992 65 © June 10, 1926; 1c. June 26; 1c. and aff. July 12; A 900831; R. D. Kenney,
505 2867 139 52 Clyde
680 2868 136 50 Park,
852 2867 146 43 Mont.
1067 2865 269 54 (26-13760)

430 2937 321 73 Kingsley,
796 2938 169 58 John
1004 2936 296 74 Sterling,
1346 2940 187 55 1854-

510 3016 283 58 Outlines
845 3017 67 56 of
959 3015 425 72 comparative
1435 3020 294 67 anatomy
1776 3017 67 56 of
1889 3017 412 66 vertebrates,
2350 3017 81 70 by

432 3093 1997 73 J. S. Kingsley … 3d ed., rev., with 435 illustrations,
431 3174 241 71 largely
710 3173 167 56 from
918 3172 269 73 original
1231 3191 268 39 sources.
1582 3172 456 71 Philadelphia,
2079 3173 68 56 P.
433 3171 1973 138 Blakiston’s

633 3271 111 38 son
772 3250 49 59 &
851 3270 84 38 co.
971 3280 13 41 [
987 3260 19 21 c
1008 3252 147 55 1926]

502 3346 45 36 X,
574 3327 81 47 470
684 3344 38 37 p.
782 3329 128 50 ilius.,
938 3329 168 52 diagrs.
1162 3329 54 42 24
1224 3331 44 16 cm
1277 3363 7 8 .

505 3386 355 53 Bibliography:
894 3401 40 37 p.
965 3383 206 47 403-435.

438 3443 51 53 ©
518 3443 105 53 July
656 3444 63 50 10,
753 3444 129 50 1926;
916 3444 62 42 2c.
1012 3444 86 42 and
1130 3444 77 41 aff.
1240 3442 105 53 July
1380 3443 73 51 12;
1486 3442 44 42 A
1562 3441 188 53 901118;
1787 3443 51 42 P.
1874 3440 274 45 Blakiston’s
2183 3456 80 29 son
2295 3442 37 43 &
2362 3456 66 29 co.

515 3500 269 55 (26-13663)

433 3572 258 73 Knight,
732 3572 217 73 Edgar
984 3570 295 71 Wallace,
1321 3574 187 55 1885-

515 3650 128 60 Our
684 3653 162 55 state
885 3653 437 71 government;
1362 3670 79 37 an
1481 3650 383 71 elementary
1897 3650 133 57 text
2066 3650 65 57 in
435 3664 1969 124 government

632 3731 123 56 and
783 3728 365 71 citizenship
1172 3729 106 57 for
1301 3748 110 38 use
1436 3729 66 56 in
1528 3727 206 58 North
1762 3725 313 74 Carolina,
2101 3726 85 71 by
2210 3724 220 73 Edgar

436 3804 1989 76 W. Knight … Chicago, Atlanta [etc.] Scott, Foresman
438 3886 711 73 and company [ c 1926]
