2542 4285
0 0 0 0 360
433 413 263 60 editions
727 415 68 57 of
821 414 311 58 Keener’s
1163 416 123 57 and
1310 411 379 62 Williston’s
1720 413 354 72 casebooks,
2104 416 122 56 and
431 413 1961 151 leading

560 508 174 41 cases
758 491 65 58 in
851 493 178 57 other
1056 491 332 58 casebooks
1417 512 76 38 on
1519 493 331 56 contracts.
1916 492 98 70 By
2041 490 147 59 Carl
2233 490 181 57 Helm

498 567 1600 73 … New York city, Central book company, 1926.
499 645 126 52 xxiv,
651 645 82 46 580
759 659 39 38 p.
857 646 53 44 23
918 647 48 18 cm
971 680 9 10 .

427 698 53 53 ©
509 702 110 50 Apr.
651 699 35 52 5,
722 699 128 52 1926;
879 700 64 41 2c.
972 699 87 42 and
1088 700 77 41 aff.
1196 699 112 51 Apr.
1340 695 50 54 7;
1424 699 43 41 A
1497 696 187 54 890237;
1718 697 48 45 C.
1798 698 156 51 Helm,
1987 698 116 43 New
2134 698 141 43 York.

507 755 239 55 (26-8364)

429 851 369 73 Hendricks,
835 851 259 59 Walter.

504 943 247 57 Flames
794 943 124 57 and
956 940 267 74 fireflies,
1266 943 82 70 by
1386 941 245 58 Walter
1669 942 371 58 Hendricks.
2125 941 289 74 Chicago,

425 1021 72 58 R.
527 1020 304 74 Packard,
862 1021 166 56 1926.

504 1097 482 56 5 p. l ., 37 p. 20 cm .
504 1156 176 45 Poems.

429 1209 53 53 ©
510 1210 111 54 Apr.
650 1210 38 51 2,
724 1209 105 44 1926;
883 1210 66 43 2c.
979 1210 111 51 Apr.
1125 1209 72 52 10;
1231 1210 78 42 aff.
1342 1211 111 51 Apr.
1486 1211 50 51 9;
1569 1211 43 41 A
1643 1208 187 54 890276;
1865 1211 52 42 R.
1948 1211 74 43 W.
2058 1211 220 43 Packard.

507 1266 240 55 (26-8321)

430 1364 231 72 Hobbs,
700 1364 276 58 Edward
1008 1364 97 60 W.

574 1453 1842 74 … Sailing ships at a glance; a pictorial record of the
432 1531 313 59 evolution
775 1532 69 58 of
868 1533 105 57 the
1004 1532 228 72 sailing
1263 1532 139 71 ship
1433 1532 168 57 from
1628 1532 104 58 the
1762 1532 254 59 earliest
2046 1533 181 58 times
2257 1533 157 58 until

431 1608 1984 74 to-day, by Edward W. Hobbs … with an introduction by
429 1686 68 59 L.
528 1687 68 59 G.
631 1686 160 59 Carr
820 1686 349 73 Laughton.
1253 1687 278 71 London,
1563 1687 129 58 The
1721 1686 469 59 Architectural
2217 1707 199 54 press,

426 1766 164 57 1925.

501 1843 126 54 xviii,
654 1844 77 44 114
759 1859 41 38 p.
860 1842 114 44 illus.
1035 1844 24 42 21½
1123 1845 47 17 cm
1175 1877 9 10 .
1254 1843 117 52 (“At
1398 1858 25 29 a
1450 1842 184 53 glance”
1664 1845 151 43 series.
1875 1844 51 49 4)

505 1902 110 43 Part
638 1900 51 45 of
713 1901 96 43 title
831 1902 86 42 and
941 1907 98 45 part
1063 1901 50 43 of
1136 1901 181 51 imprint
1340 1916 57 28 on
1423 1900 138 44 labels
1588 1903 209 42 mounted
1820 1915 60 29 on
1905 1911 95 42 t.-p.

499 1957 197 45 “Works
727 1957 51 45 of
808 1956 281 44 reference”:
1123 1973 37 36 p.
1195 1958 88 44 114.

429 2010 1990 55 © 1c. Feb. 5, 1926; A ad int. 7723; pubd. Dec. 14, 1925; E. W. Hobbs,
500 2070 198 43 London.
768 2068 243 55 (26-8693)

431 2168 294 67 Hosman,
767 2167 260 57 Everett
1063 2166 69 58 M
1444 2186 192 54 comp.

499 2258 176 58 State
710 2257 251 57 teacher
995 2255 484 73 organizations,
1512 2256 331 72 published
1875 2258 84 70 by
1990 2258 103 57 the
2128 2257 292 58 National

428 2334 376 62 association
842 2335 69 57 of
946 2334 369 58 secretaries
1353 2335 69 56 of
1459 2337 162 55 state
1657 2335 283 57 teachers
1980 2335 442 70 associations;

427 2411 1975 152 compiled and edited by Everett M. Hosman … [University
600 2490 205 71 Place,
852 2490 168 72 Neb.]
1070 2489 299 57 National
1416 2490 377 57 association
1845 2490 368 58 secretaries
2263 2495 160 53 state

427 2569 281 58 teachers
742 2567 431 69 associations,
1205 2568 164 56 1926.

497 2646 59 53 vi,
585 2646 84 44 206
697 2662 39 38 p.
772 2645 99 46 incl.
907 2644 160 46 forms.
1130 2644 148 45 18½cm.

430 2702 52 54 ©
514 2703 106 44 Feb.
654 2703 62 51 18,
751 2702 128 52 1926;
912 2703 63 42 2c.
1009 2703 118 41 Mar.
1159 2701 76 52 30;
1268 2701 79 43 aff.
1380 2701 117 43 Mar.
1531 2701 77 52 29;
1643 2702 43 41 A
1719 2700 188 54 890091;
1943 2702 125 43 Natl.
2099 2717 103 29 assn.
2247 2702 49 44 of
502 2718 1898 85 secretaries

718 2759 49 43 of
799 2766 115 36 state
944 2757 201 44 teachers
1176 2772 117 29 assn.
1362 2757 243 54 (26-8093)

432 2856 230 72 Huber,
701 2855 318 74 François,
1061 2857 357 58 1750-1831.

505 2947 150 57 New
689 2946 433 58 observations
1158 2965 168 52 upon
1360 2946 164 71 bees,
1555 2947 83 70 by
1670 2946 264 58 Francis
1971 2947 237 71 Huber,
2246 2950 177 68 1814;

428 3022 1976 153 translated from the French by C. P. Dadant … Hamilton,
583 3103 117 70 Ill.,
728 3102 335 57 American
1093 3102 110 57 bee
1235 3101 270 73 journal,
1537 3102 164 57 1926.

500 3178 1163 54 3 p. l., 5-230 p. front. (port.) plates. 24 cm .
431 3236 53 53 ©
514 3238 116 43 Mar.
657 3237 66 51 26,
754 3236 129 52 1926;
912 3236 64 44 2c.
1006 3237 86 42 and
1122 3236 78 44 aff.
1232 3237 119 42 Mar.
1377 3236 80 52 29;
1487 3237 43 41 A
1560 3237 187 51 883912;
1783 3235 48 45 C.
1863 3238 51 41 P.
1946 3238 194 51 Dadant,
2171 3238 249 52 Hamilton,

502 3294 68 43 Ill.
640 3292 241 56 (26-8372)

432 3389 1334 74 Jinar ā jad ā sa, Curuppumullagé, 1875-
506 3479 247 59 Letters
793 3479 165 58 from
995 3480 103 58 the
1136 3483 269 55 masters
1445 3479 68 58 of
1551 3481 101 57 the
1691 3480 277 59 wisdom.
2055 3481 240 59 Second
432 3502 1968 129 series,

620 3558 1737 73 transcribed and annotated by C. Jinarajadasa …
429 3635 1970 150 with a foreword by Annie Besant … Chicago, The Theosophical
777 3731 180 53 press
995 3744 12 42 [
1008 3722 20 21 c
1032 3714 163 72 1926]

501 3789 775 54 5 p. l., 9-205 p. facsims. 19½cm.
430 3845 56 54 ©
515 3849 111 50 Apr.
686 3882 8 17 1,
727 3847 106 43 1926;
888 3847 64 43 2c.
983 3849 112 50 Apr.
1126 3848 25 42 8;
1208 3849 78 42 aff.
1317 3849 110 51 Apr.
1461 3845 22 45 5;
1545 3848 43 41 A
1619 3845 162 45 883925;
1841 3847 244 44 American
2117 3846 305 53 theosophical

503 3904 179 52 society,
720 3902 211 53 Chicago.
1000 3903 242 54 (26-8344)
