2542 4285
1127 3945 110 60 205

259 412 952 52 viii, 249, [1] p. front. (port.) 21 cm .
262 480 1491 54 “The edition of this volume … is limited to 500 copies.”
190 548 51 53 ©
275 550 98 51 Jan.
411 547 61 53 15,
511 548 128 52 1926;
674 549 65 42 2c.
771 549 89 43 and
895 549 78 42 aff.
1010 549 117 42 Mar.
1162 549 50 52 4;
1250 549 44 42 A
1329 548 188 53 883511;
1558 547 247 55 Sovereign
1842 552 143 51 grand
2023 551 144 54 lodge,

259 606 35 42 I.
329 605 54 44 O.
418 605 55 44 O.
506 603 63 54 F.,
604 604 260 44 Baltimore.
932 605 240 53 (26-6004)

188 702 257 74 Pocock,
478 702 185 59 Doris
695 702 76 58 A.

267 793 1902 73 Summer at Hallowdene farm , by Doris Pocock … New
188 870 188 73 York,
407 870 75 58 D.
513 870 316 72 Appleton
861 871 124 58 and
1015 888 321 55 company,
1368 871 165 57 1926.

257 957 747 56 3 p. l., 274, [1] p. front. 19½cm.
188 1027 53 54 ©
273 1030 117 42 Mar.
422 1027 37 53 5,
493 1028 126 53 1926;
651 1029 65 43 2c.
745 1029 86 43 and
859 1029 79 43 aff.
970 1029 117 42 Mar.
1122 1028 73 52 10;
1227 1028 44 42 A
1303 1026 188 54 879811;
1526 1029 56 42 D.
1615 1027 226 54 Appleton
1871 1029 38 44 &
1938 1043 65 29 co.

266 1084 240 56 (26-5890)

189 1169 287 73 Porcher,
509 1170 187 73 Mary
727 1170 50 56 F
1089 1168 347 60 Wickham.

263 1259 128 58 The
425 1259 181 59 tilted
637 1278 135 54 cup,
803 1260 83 71 by
917 1257 187 74 Mary
1134 1258 70 58 F.
1237 1259 324 58 Wickham
1593 1259 293 58 Porcher.
188 1259 1954 152 Philadelphia,
482 1336 317 59 Dorrance
828 1338 123 57 and
978 1354 305 54 company
1312 1366 13 44 [
1326 1344 20 23 c
1349 1337 164 75 1926]

258 1429 67 53 63,
352 1431 52 45 [1]
432 1444 40 38 p.
535 1429 48 44 19½
617 1430 47 18 cm
670 1465 10 10 .
747 1427 287 55 (Half-title:
1068 1427 358 54 Contemporary
1452 1434 140 46 poets,
1620 1427 79 53 31)

260 1499 177 46 Poems.

186 1566 54 54 ©
272 1567 105 44 Feb.
409 1568 38 51 8,
481 1566 127 53 1926;
639 1568 65 43 2c.
739 1568 118 42 Mar.
894 1569 45 51 1;
974 1568 78 43 aff.
1088 1565 105 46 Feb.
1225 1566 78 53 26;
1338 1567 44 42 A
1415 1564 188 54 879713;
1639 1567 236 43 Dorrance
1905 1568 38 43 &
1973 1583 80 35 co.,
2089 1567 82 44 inc.

265 1622 241 56 (26-5757)

190 1707 293 76 [Proctor,
519 1707 284 76 Thomas]
835 1707 62 73 fl.
932 1709 165 57 1578.

263 1801 61 57 A
366 1818 307 56 gorgeous
720 1800 243 74 gallery
1008 1801 69 57 of
1120 1798 239 76 gallant
1403 1796 354 61 inventions
1812 1796 208 74 (1578)
190 1801 1962 137 edited

351 1880 83 71 by
467 1878 219 73 Hyder
721 1878 74 57 E.
831 1859 261 77 Rollins.
1169 1876 392 74 Cambridge,
1595 1876 304 58 Harvard
190 1876 1964 154 university
339 1975 200 55 press,
566 1958 166 56 1926.

260 2065 109 37 xxv,
401 2050 70 51 [1],
500 2048 94 53 245,
670 2066 12 32 [1]
714 2061 40 40 p.
813 2048 55 46 24½cm.

189 2117 1965 106 With reproduction of original t.-p.: A gorgious gallery, of gallant inuentions … First
606 2176 176 45 framed
813 2177 87 44 and
934 2175 240 46 fashioned
1206 2177 46 44 in
1282 2174 186 47 sundrie
1500 2178 187 51 formes,
1718 2177 60 53 by
1807 2176 155 46 diuers
1994 2177 181 54 worthy

187 2234 263 46 workemen
475 2234 52 46 of
550 2236 87 43 late
664 2236 136 50 dayes:
853 2235 88 44 and
966 2248 117 37 now,
1102 2233 164 53 ioyned
1292 2234 211 52 together
1529 2235 87 45 and
1639 2233 185 48 builded
1851 2249 59 37 up:
1966 2237 55 50 by
2049 2234 55 46 T.
2123 2237 52 44 P.

192 2290 251 53 Imprinted
466 2299 47 37 at
537 2291 200 51 London,
765 2291 74 44 for
864 2289 200 47 Richard
1089 2291 147 44 Iones.
1264 2289 119 47 1578.

185 2344 53 54 ©
269 2345 106 45 Feb.
411 2345 61 53 17,
508 2345 128 52 1926;
671 2346 63 43 2c.
767 2345 105 45 Feb.
903 2347 77 51 23;
1014 2347 79 43 aff.
1126 2345 106 45 Feb.
1263 2347 78 52 24;
1377 2346 44 43 A
1454 2344 186 55 879648;
1678 2347 215 44 Harvard
1925 2347 248 53 university

257 2417 139 38 press.
465 2400 239 56 (26-5644)

186 2482 286 74 Randall,
512 2483 338 73 Josephine
889 2482 222 59 Louise
1152 2484 203 58 Dows.

268 2574 341 60 Character
655 2573 285 77 building
986 2593 354 54 resources;
1391 2595 36 38 a
1477 2578 187 71 study
1711 2576 67 59 of
1826 2577 103 58 the
189 2596 1962 115 recreational

457 2653 460 73 opportunities
953 2654 123 57 and
1109 2651 297 61 facilities
1438 2654 308 73 provided
1775 2655 85 71 by
1891 2654 284 73 agencies

190 2728 292 62 affiliated
509 2729 149 59 with
686 2732 104 58 the
824 2729 396 74 Community
1248 2732 171 59 chest
1451 2732 67 59 of
1549 2732 127 59 San
1708 2730 356 72 Francisco,
2095 2732 81 71 by

188 2806 342 74 Josephine
557 2809 74 56 D.
660 2808 288 73 Randall,
977 2809 72 56 E.
1080 2809 69 57 P.
1240 2827 79 39 Von
1345 2808 267 72 Allmen,
1639 2809 234 58 Esther
1900 2809 93 57 De
188 2810 1964 135 Turbeville;

470 2888 181 57 made
682 2887 105 58 for
816 2888 104 57 the
956 2883 247 75 Special
1236 2885 347 60 committee
1618 2903 78 39 on
1727 2886 351 58 recreation
2111 2887 66 57 of

189 2965 103 58 the
336 2963 254 60 Council
627 2965 69 58 of
736 2961 189 61 social
964 2966 123 57 and
1122 2963 216 60 health
1377 2962 285 74 agencies
1703 2964 68 58 of
1812 2964 129 58 San
189 2963 1963 151 Francisco,
428 3041 367 71 November,
857 3040 426 72 1924-March,
1345 3041 166 57 1925.
1614 3041 147 73 [San
1819 3040 357 72 Francisco,

188 3119 193 58 Press
417 3120 68 57 of
517 3119 101 59 the
652 3118 328 73 Margaret
1014 3117 187 73 Mary
1235 3116 270 74 Morgan
1539 3138 107 51 co.,
1679 3125 19 22 c
1703 3118 165 72 1926]

258 3194 1590 55 6 p. l., 11-217 p., 1 l. incl. illus. (maps) tables, diagrs. 23 cm .
188 3249 53 54 ©
275 3250 106 45 Feb.
422 3250 62 53 17,
524 3249 128 54 1926;
690 3252 64 42 2c.
791 3252 86 43 and
914 3252 79 43 aff.
1030 3251 107 44 Feb.
1172 3252 79 51 23;
1292 3252 44 42 A
1372 3250 189 53 883420;
1602 3249 188 46 Council
1825 3249 53 44 of
1915 3248 137 46 social
2089 3249 87 44 and

255 3307 151 44 health
438 3307 206 53 agencies
680 3307 51 44 of
768 3306 91 47 San
896 3306 256 54 Francisco,
1190 3306 91 48 San
1317 3306 256 45 Francisco.
1641 3305 243 56 (26-5998)

188 3391 258 73 Randle,
475 3394 152 57 Mrs.
657 3392 273 59 Rowena
958 3391 340 58 Emmeline
1339 3392 273 73 (Hearn)
1651 3393 190 58 1855-

268 3482 357 74 Genealogy
663 3483 69 59 of
768 3483 104 58 the
910 3484 357 71 Patterson,
1305 3483 229 58 Wheat
1573 3484 123 57 and
1734 3482 217 58 Hearn
191 3480 1955 153 families,

352 3559 1817 74 by Rowena Emmeline Hearn Randle … Richmond,
191 3639 155 72 Ind.,
372 3638 71 60 G.
470 3637 68 60 O.
561 3638 324 74 Ballinger
911 3658 107 51 co.,
1044 3640 165 56 1926.

257 3716 93 53 259,
378 3719 54 46 [2]
459 3733 41 38 p.
559 3717 151 53 front.,
738 3724 137 46 ports.
934 3717 52 44 23½
1022 3719 47 19 cm
1074 3752 9 9 .

257 3773 216 46 Contains
498 3773 138 45 blank
659 3787 138 39 pages
824 3773 74 45 for
925 3772 243 45 “Record”.

188 3827 53 56 ©
272 3829 117 43 Mar.
424 3830 33 50 1,
492 3828 126 53 1926;
653 3829 65 44 2c.
748 3829 87 44 and
865 3829 78 44 aff.
977 3830 119 42 Mar.
1127 3828 49 52 8;
1212 3829 44 42 A
1288 3826 190 55 879769;
1514 3829 53 42 R.
1601 3829 51 42 E.
1687 3827 186 55 Randle,
1909 3825 264 46 Richmond.

268 3883 242 59 (26-5985)
