2542 4285
1137 4020 149 57 1157

269 489 111 51 Map
417 503 57 30 on
510 485 316 52 lining-paper.

195 533 1981 61 © 1c. June 7, 1926; A ad int. 8249; pubd. Apr. 13; L. Richardson, Menton,
265 600 55 43 A.
359 600 79 50 M.,
474 597 184 43 France.
727 596 268 53 (26-18084)

197 698 280 67 Rihouët,
518 696 307 60 Simonne.

336 784 1775 76 … L’eurythmie, un nouvel art du mouvement …
194 868 256 57 Poèmes
488 865 74 60 de
599 862 330 63 Germaine
968 865 287 59 Claretie.
1369 864 74 54 41
1480 862 293 72 planches
1812 866 58 54 et
193 860 1962 143 illustrations.

457 938 1338 76 Paris, “La Science spirituelle” [ c 1926]
263 1022 53 43 62
345 1037 55 37 p.,
429 1024 27 41 2
503 1060 8 8 l.
544 1021 98 44 incl.
672 1020 155 52 plates,
859 1027 126 43 ports.
1056 1019 157 51 plates.
1271 1017 55 44 26½
1359 1020 46 17 cm
1414 1052 8 8 .

195 1069 1818 60 © June 1, 1926; 1c. July 28; A—Foreign 31647; Science spirituelle.
275 1131 268 56 (26-17961)

200 1230 250 71 Robins,
491 1230 340 72 Elizabeth,
874 1231 187 57 1862-

273 1325 130 58 The
440 1329 196 54 secret
670 1324 138 58 that
842 1343 126 38 was
1002 1323 179 71 kept;
1218 1342 35 36 a
1290 1322 188 73 study
1510 1319 66 57 in
1609 1322 170 70 fear;
1818 1339 34 37 a
1886 1319 176 59 novel
2100 1322 83 70 by

196 1402 326 58 Elizabeth
554 1400 251 60 Robins.
888 1402 277 72 London,
1201 1398 396 61 Hutchinson
1629 1400 46 56 &
1709 1418 108 51 co.,
1852 1399 109 58 ltd.
2002 1401 163 67 [1926]

265 1480 355 52 287 p. 19½ cm .
199 1526 1987 61 © 1c. June 12, 1926; A ad int. 8274; pubd. Apr. 28; Mrs. George Richmond
270 1593 186 50 Parkes,
487 1592 194 43 Backset
709 1590 160 53 Town,
899 1591 224 51 Henfield,
1157 1589 184 52 Sussex,
1371 1589 221 53 England.
1660 1589 269 54 (26-18629)

198 1675 338 70 Rosbrook,
576 1676 207 58 Alden
820 1677 174 71 Ivan,
1037 1678 190 56 1880-

280 1767 60 56 A
365 1766 260 59 treatise
655 1786 78 38 on
763 1769 103 57 the
894 1769 120 56 law
1044 1769 68 57 of
1142 1766 434 73 corporations
1605 1768 64 57 in
1699 1767 152 58 New
1877 1766 189 74 York,
204 1766 1958 153 including

483 1847 102 57 the
614 1846 302 59 Business
952 1847 431 71 corporations
1415 1847 135 72 law,
1588 1844 436 74 Co-operative
204 1865 1960 131 corporations

555 1924 135 73 law,
720 1924 268 59 General
1015 1925 402 71 corporation
1442 1927 136 68 law,
1605 1923 423 73 Membership
205 1943 1958 131 corporations

576 2004 120 57 law
738 2005 67 57 of
852 2005 166 72 1926,
1066 2003 187 58 Stock
1299 2005 400 69 corporation
1743 2005 120 55 law
1906 2003 69 57 of
2021 2004 166 71 1923,

208 2081 528 72 Transportation
776 2084 432 69 corporations
1247 2083 121 56 law
1407 2082 67 57 of
1516 2082 164 72 1926,
1725 2082 124 57 and
204 2078 1960 141 miscellaneous

447 2162 318 70 statutory
810 2158 356 74 provisions
1218 2178 68 38 as
1336 2161 302 57 amended
1683 2164 64 54 to
1797 2160 292 72 January
2136 2162 52 71 1,

202 2239 1987 73 1927. 3d ed., by Alden I. Rosbrook … with introduction
205 2316 1961 137 by Frank S. Sharp … with foreword by Hon Frank Irvine …
483 2394 149 58 with
665 2396 340 58 annotated
1033 2396 201 59 forms
1267 2395 106 57 for
1401 2395 104 58 the
1540 2393 449 75 organization,
210 2414 1957 134 management

548 2475 124 57 and
725 2475 239 56 control
1017 2474 68 58 of
1137 2471 453 74 corporations,
1645 2474 122 58 and
1819 2474 373 72 procedural

208 2554 218 56 forms.
508 2553 266 71 Albany,
807 2553 73 57 N.
913 2552 93 73 Y.,
1041 2552 82 57 M.
1156 2552 249 58 Bender
1438 2552 49 57 &
1519 2570 321 55 company,
209 2551 1958 154 incorporated,
406 2633 163 56 1926.

274 2710 155 52 clxxii,
466 2708 106 47 1769
601 2725 40 38 p.
701 2710 54 44 26½
789 2712 47 18 cm
842 2747 9 9 .

208 2764 52 54 ©
291 2766 100 44 Oct.
423 2766 35 50 1,
488 2765 130 51 1926;
650 2765 64 43 2c.
746 2765 102 44 Oct.
880 2764 47 52 6;
960 2765 78 42 aff.
1072 2765 100 43 Oct.
1203 2765 49 51 2;
1287 2765 44 42 A
1360 2765 188 51 949412;
1584 2765 222 43 Matthew
1841 2765 177 44 Bender
2049 2766 37 43 &
2115 2780 79 36 co.,

277 2823 82 43 inc.
429 2819 268 58 (26-17589)

207 2906 324 75 Rutledge,
571 2907 348 59 Archibald
956 2907 340 70 Hamilton,
1340 2910 189 57 1883-

285 2996 1917 75 A monarch of the sky, by Archibald Rutledge … [New
209 3075 190 71 York,
430 3075 128 61 The
588 3075 219 71 Purdy
834 3094 198 53 press,
1066 3077 163 72 1926]

281 3151 1922 56 5 p. l., 12 p. 18½ cm . (Added t.-p.: Little classics of the South. South
213 3209 236 54 Carolina)

283 3267 160 44 Bound
469 3266 110 44 with
607 3265 114 46 this:
752 3264 114 47 Two
896 3265 163 46 Gullah
1089 3267 140 44 tales:
1258 3266 99 44 The
1385 3267 160 51 turkey
1573 3266 162 44 hunter
1764 3267 88 43 and
1879 3267 65 44 At
1973 3266 74 45 the
2077 3280 125 31 cross

215 3322 1595 53 roads store, by Ambrose E. Gonzales … [New York, 1926]
210 3378 52 54 ©
289 3381 101 44 Oct.
419 3381 34 50 1,
483 3379 128 53 1926;
636 3380 66 43 2c.
729 3380 87 43 and
840 3380 78 43 aff.
948 3380 100 44 Oct.
1074 3380 50 51 4;
1153 3380 44 42 A
1223 3378 188 54 950334;
1443 3379 156 53 Purdy
1624 3394 139 38 press.

290 3435 269 56 (26-17656)

214 3520 326 71 Sandison,
584 3520 200 60 Helen
820 3521 369 72 Estabrook,
1230 3526 190 56 1884-

289 3610 1918 75 A guidebook in English, by Helen E. Sandison … and
215 3688 1988 76 M. L. Lowery … New York, The Macmillan company,
216 3766 162 57 1926.

285 3841 455 56 xi, 350 p. 19½ cm .
213 3898 55 54 ©
297 3899 120 53 Sept.
442 3900 67 52 28,
539 3900 126 53 1926;
693 3902 64 43 2c.
785 3902 86 43 and
897 3902 77 42 aff.
1005 3901 121 53 Sept.
1152 3902 79 52 29;
1260 3903 45 42 A
1331 3900 188 55 950258;
1551 3902 264 45 Macmillan
1843 3919 66 29 co.

294 3956 270 56 (26-17661)
