2542 4285
1052 3995 144 54 1315

156 378 218 73 Bland,
413 378 215 73 Henry
661 376 237 59 Meade.

232 468 377 70 California;
660 491 36 37 a
744 486 155 53 song
945 467 67 57 of
1059 467 104 57 the
1210 466 284 57 ultimate
1540 466 196 70 West,
1786 465 123 58 and
1956 466 180 57 other

151 540 1982 80 poems, by Henry Meade Bland … San Jose, Calif., The
152 623 228 58 Pacific
411 623 171 57 short
615 624 175 69 story
819 622 136 57 club
990 651 12 41 [
1004 630 18 20 c
1025 621 164 71 1926]

221 695 1464 58 2 p. l., 7-40, [1] p. front., illus. (facsim.) plates. 20 cm .
149 755 53 54 ©
236 758 118 42 Nov.
385 758 37 49 4,
460 756 126 51 1926;
620 756 65 43 2c.
718 756 86 43 and
835 756 79 42 aff.
950 755 118 43 Nov.
1103 755 49 50 9;
1190 754 43 42 A
1267 751 188 54 956209;
1490 753 63 44 H.
1588 753 66 42 M.
1689 752 161 52 Bland,
1886 750 91 47 San
2010 753 118 50 Jose,

220 813 132 45 Calif.
421 813 267 54 (26-20283)

148 885 408 72 Bregendahl,
599 883 215 69 Marie,
858 888 187 55 1867-

146 973 1962 152 … Med aabne sind; to smaa pigers oplevelser og indtryk.
384 1053 406 74 København,
830 1052 366 73 Gyldendal,
1236 1052 274 57 Nordisk
1548 1051 226 72 forlag,
1815 1051 165 55 1926.

218 1130 77 43 129
321 1145 42 38 p.
421 1130 148 44 20½cm.

214 1189 64 44 At
308 1187 113 44 head
450 1187 52 47 of
531 1187 120 44 title:
687 1187 149 46 Marie
870 1186 298 53 Bregendahl.

215 1244 202 52 “Oplag:
457 1242 106 45 1500
593 1243 345 52 eksemplarer.”

144 1296 1964 106 © Oct. 2, 1926; 1c. Nov. 15; A—Foreign 32176; M. Bregendahl, ℅ Gyldendalske
402 1358 265 53 boghandel,
702 1359 206 43 Nordisk
940 1358 163 52 forlag.

148 1428 246 74 Briggs,
436 1429 199 73 Lloyd
673 1430 268 71 Vernon,
984 1432 187 56 1863-

221 1507 418 71 Experiences
677 1510 67 56 of
777 1527 36 37 a
846 1506 263 60 medical
1145 1508 251 57 student
1430 1507 65 58 in
1528 1507 332 71 Honolulu,
1899 1505 123 59 and
2055 1525 78 40 on

144 1584 1965 146 the island of Oahu, 1881, by L. Vernon Briggs … Boston,
297 1663 206 57 David
530 1663 72 56 D.
633 1662 344 58 Nickerson
1007 1680 321 53 company,
1359 1663 163 55 1926.

213 1738 78 52 xii,
326 1738 77 45 251
442 1755 38 37 p.
541 1740 151 53 front.,
726 1739 116 44 illus.
870 1740 177 52 (maps)
1092 1740 153 52 plates,
1283 1747 153 44 ports.,
1473 1737 195 46 facsims.
1696 1737 46 54 (1
1783 1737 135 52 fold.)
1984 1738 149 43 23½cm.

143 1794 53 55 ©
225 1797 117 44 Nov.
377 1798 62 50 11,
472 1797 127 52 1926;
629 1798 63 42 2c.
724 1797 86 43 and
837 1798 80 42 aff.
950 1797 117 44 Nov.
1101 1797 74 51 13;
1208 1797 43 42 A
1281 1795 189 52 957082;
1502 1798 37 47 L.
1585 1795 57 45 V.
1676 1795 181 53 Briggs,
1888 1794 184 44 Boston.

220 1853 268 55 (26-20538)

147 1926 200 71 Burtt,
387 1925 242 59 Harold
666 1926 243 71 Ernest,
952 1928 188 57 1890-

214 2003 350 75 Principles
605 2007 69 57 of
713 2004 416 74 employment
1168 2003 400 75 psychology,
1607 2006 83 71 by
1729 2001 245 62 Harold
136 2002 1968 141 Ernest

307 2077 1822 79 Burtt … Boston, New York [etc.] Houghton Mifflin
138 2179 306 56 company
475 2191 13 44 [
489 2169 20 22 c
512 2161 164 73 1926]

208 2239 937 52 xi, 568 p. incl. tables, diagrs. 21½c m .
139 2294 1990 110 “The present book is confined entirely to … the selection of personnel.”—Introd.,
357 2368 40 35 p.
425 2356 38 43 4.

207 2409 353 51 Bibliography:
592 2424 40 35 p.
663 2407 205 48 527-563.

140 2462 53 54 ©
222 2464 118 44 Nov.
365 2464 41 51 4,
435 2464 127 51 1926;
592 2464 63 43 2c.
685 2464 87 43 and
798 2464 78 42 aff.
908 2464 118 42 Nov.
1052 2465 49 48 8;
1132 2462 43 42 A
1204 2462 189 51 949998;
1427 2463 60 43 H.
1519 2462 52 47 E.
1602 2463 147 51 Burtt,
1780 2462 259 54 Columbus,
2070 2464 56 45 O.

218 2520 268 56 (26-20531)

141 2591 251 70 Challis,
430 2592 255 72 George.

216 2669 1910 73 Monsieur, by George Challis … Indianapolis, The
136 2749 482 57 Bobbs-Merrill
652 2767 306 53 company
995 2779 12 42 [
1008 2756 20 22 c
1032 2749 163 75 1926]

207 2826 621 54 3 p. l., 311, [1] p. 19cm.
139 2881 53 54 ©
223 2883 118 43 Nov.
377 2884 62 51 11,
471 2883 129 52 1926;
633 2884 64 41 2c.
728 2883 86 43 and
848 2884 78 42 aff.
961 2883 119 44 Nov.
1115 2881 74 53 15;
1224 2883 43 42 A
1300 2882 189 52 950949;
1527 2883 356 44 Bobbs-Merrill
1918 2899 65 28 co.

216 2938 269 57 (26-20415)

143 3009 257 74 Chapin,
435 3010 280 60 William
743 3011 275 59 Andrew
1048 3012 363 69 Robertson,
1448 3014 188 57 1890-

209 3088 129 57 The
368 3089 121 57 lost
517 3089 206 73 legion;
785 3090 103 57 the
918 3093 178 68 story
1123 3091 67 56 of
1221 3090 102 57 the
1352 3089 217 58 fifteen
1599 3090 286 58 hundred
137 3092 1969 131 American

316 3167 248 57 doctors
603 3168 135 56 who
780 3170 222 57 served
1036 3165 151 59 with
1226 3169 104 57 the
1367 3169 71 56 B.
1481 3167 72 57 E.
1594 3168 69 56 F.
1702 3168 66 56 in
1806 3167 105 59 the
1950 3171 181 69 great

137 3263 147 52 war,
317 3244 83 72 by
429 3244 109 58 Dr.
569 3244 95 58 W.
699 3245 75 56 A.
805 3246 72 56 R.
914 3243 259 73 Chapin.
1261 3244 399 74 Springfield,
1693 3245 190 58 Mass.
1922 3246 207 72 [Press

138 3321 67 57 of
233 3321 105 59 the
369 3322 475 65 Loring-Axtell
874 3341 319 55 company]
1232 3324 164 55 1926.

211 3402 17 40 1
264 3416 38 37 p.
352 3436 8 7 l.,
403 3400 62 50 xi,
495 3400 138 44 3-408
660 3416 39 37 p.
760 3401 150 48 front.,
944 3401 141 52 plates
1111 3401 18 52 (1
1193 3400 94 44 fold
1309 3400 18 50 )
1368 3406 154 45 ports.,
1553 3400 170 44 facsim.
1783 3401 54 43 24
1843 3402 46 18 cm
1896 3434 10 10 .

136 3454 53 54 ©
219 3456 118 53 Sept.
365 3456 66 52 30,
461 3457 127 48 1926;
616 3458 64 42 2c.
708 3458 86 42 and
820 3458 79 43 aff.
929 3458 119 43 Nov.
1077 3458 49 51 9;
1156 3458 41 42 A
1227 3456 189 53 950872;
1447 3457 75 44 W.
1551 3456 55 44 A.
1636 3457 52 43 R.
1718 3455 185 54 Chapin,
206 3456 1897 110 Springfield,

358 3514 140 43 Mass.
567 3513 268 56 (26-20435)

139 3584 384 71 Chesterton,
566 3585 242 59 Gilbert
848 3586 208 68 Keith,
1101 3590 188 55 1874-

211 3665 130 59 The
373 3662 281 62 Catholic
683 3665 226 60 church
941 3668 124 58 and
1094 3666 385 70 conversion,
1510 3668 83 71 by
1623 3667 68 59 G.
1723 3666 82 57 K.
133 3666 1967 135 Chesterton.

338 3742 153 57 New
523 3742 189 70 York,
748 3744 130 59 The
913 3742 358 59 Macmillan
1306 3760 322 55 company,
1664 3745 165 59 1926.

207 3820 77 46 115
313 3836 40 35 p.
413 3821 143 44 19½cm.
623 3821 292 50 (Half-title:
947 3821 100 46 The
1077 3820 183 47 Calvert
1290 3823 163 45 series)

134 3872 55 54 ©
220 3874 117 44 Nov.
367 3874 38 48 9,
438 3874 106 44 1926;
597 3875 63 43 2c.
693 3875 117 43 Nov.
847 3875 72 51 10;
953 3876 77 42 aff.
1063 3876 117 43 Nov.
1217 3877 73 50 11;
1326 3877 41 41 A
1399 3875 187 55 957026;
1622 3877 264 44 Macmillan
1917 3893 64 28 co.

213 3930 268 56 (26-20535)
