2609 4293
1411 4005 111 54 146

466 362 210 70 Benét,
717 361 276 72 Stephen
1025 358 283 73 Vincent,
1347 361 188 56 1898-

546 451 275 72 Spanish
870 451 286 71 bayonet,
1209 450 84 71 by
1347 449 276 71 Stephen
1673 448 271 57 Vincent
1994 448 211 57 Benét.
2300 448 148 56 New

465 528 191 74 York,
689 528 241 72 George
961 528 79 56 H.
1074 527 217 56 Doran
1324 544 303 53 company
1663 556 13 43 [
1677 532 20 23 c
1701 526 163 73 1926]

533 618 83 44 268
643 632 41 39 p.
746 617 52 44 19
804 619 47 19 cm
856 651 10 10 .

466 686 53 53 ©
546 687 105 44 Feb.
681 688 64 50 19,
776 686 130 52 1926;
934 686 65 42 2c.
1027 685 105 44 Feb.
1160 686 78 50 23;
1266 685 78 42 aff.
1372 683 104 44 Feb.
1503 684 78 51 20;
1610 684 43 42 A
1682 683 188 52 883387;
1904 682 177 53 George
2108 684 61 42 H.
2200 684 157 42 Doran
2386 698 64 28 co.

546 742 241 55 (26-4705)

468 855 371 72 Bergmann,
877 854 208 57 Ernst.

466 943 1963 138 … Einführung in die philosophie. 2. bd.: Weltproblem.
712 1024 283 71 Breslau,
1029 1024 69 54 F.
1132 1023 168 71 Hirt,
1333 1024 163 55 1926.

540 1109 1915 57 120 p. 19½ cm . (Half-title: Jedermanns bücherei. abt.: Philosophie,
466 1171 121 52 hrsg.
619 1186 88 28 von
737 1169 139 46 Ernst
911 1169 282 52 Bergmann)

468 1235 1930 56 © Nov. 19, 1925; 1c. Feb. 25, 1926; A—Foreign 30302; Ferdinand Hirt.
472 1405 1964 153 The Best humor of 1925 … Boston, Mass., The Stratford company, 1926.
542 1573 606 54 1 p. l., vi, 358 p. 19 cm .
469 1632 210 46 Editors:
712 1631 117 52 1925,
860 1632 58 42 N.
950 1632 61 43 H.
1041 1632 117 42 Dole
1186 1632 88 42 and
1304 1631 60 41 H.
1400 1629 43 46 S.
1475 1629 130 44 Dole.

468 1700 53 53 ©
546 1701 98 52 Jan.
669 1702 69 51 29,
769 1702 129 51 1926;
925 1702 64 42 2c.
1017 1701 106 43 Feb.
1149 1701 50 52 8;
1229 1701 79 43 aff.
1335 1700 107 44 Feb.
1470 1701 49 51 3;
1547 1699 43 42 A
1616 1697 190 54 879530;
1838 1698 234 46 Stratford
2095 1714 65 29 co.

548 1757 242 54 (26-4511)

470 1869 253 74 Bishop,
766 1872 333 71 Farnham,
1141 1875 188 56 1886-

548 1962 129 58 The
716 1963 164 56 altar
919 1963 67 56 of
1023 1962 102 58 the
1164 1962 224 73 legion,
1426 1963 84 72 by
1544 1963 323 56 Farnham
1902 1962 237 71 Bishop
2181 1964 123 56 and
468 1964 1967 133 Arthur

645 2039 300 60 Gilchrist
971 2040 317 72 Brodeur;
1317 2040 151 58 with
1496 2041 419 58 illustrations
1945 2041 82 71 by
2053 2040 220 73 Henry
2301 2040 156 58 Pitz.

467 2118 257 70 Boston,
751 2118 211 72 Little,
987 2118 248 73 Brown,
1265 2121 123 56 and
1416 2137 320 54 company,
1767 2120 164 56 1926.

537 2225 77 38 xv,
644 2209 80 44 316
753 2225 40 37 p.
854 2209 152 55 front.,
1036 2210 155 53 plates.
1255 2211 48 43 19½
1338 2211 46 18 cm
1392 2244 8 9 .

540 2279 133 52 Maps
704 2294 58 28 on
789 2279 338 54 lining-papers.

469 2346 53 53 ©
558 2348 106 44 Feb.
703 2350 62 51 16,
802 2350 128 52 1926;
965 2351 63 42 2c.
1064 2351 87 43 and
1184 2351 79 42 aff.
1299 2350 105 44 Feb.
1444 2350 73 52 17;
1556 2350 43 43 A
1635 2349 189 53 883315;
1865 2350 49 44 F.
1954 2350 167 53 Bishop
2157 2351 86 43 and
2280 2350 176 43 Arthur

541 2404 215 44 Gilchrist
794 2406 218 53 Brodeur,
1048 2407 231 52 Berkeley,
1318 2407 133 44 Calif.
1520 2407 241 53 (26-4302)

470 2516 300 75 Blackall,
809 2519 234 58 Robert
1079 2520 232 74 Henry,
1353 2523 188 57 1868-

543 2608 369 72 Up-to-date
945 2609 98 58 air
1073 2611 188 58 brake
1292 2610 352 73 catechism,
1675 2612 82 73 by
1788 2612 236 57 Robert
2054 2610 77 58 H.
2164 2610 295 71 Blackall,

467 2686 104 58 the
600 2692 163 53 most
794 2689 303 70 practical
1127 2691 122 56 and
1279 2690 299 71 complete
1608 2689 170 58 work
1808 2688 345 74 published,

470 2689 1987 132 treatingon
583 2765 105 57 the
725 2765 254 58 various
1020 2768 101 56 old
1159 2769 123 56 and
1317 2787 135 37 new
1485 2766 189 66 brake
1717 2767 387 72 equipments

467 2767 1994 151 manufactured by the Westinghouse air brake company … 2,250
465 2921 1847 72 questions with their answers … Rev., enl. and
468 2940 1992 132 rearranged by F . H. Parke … 30th ed. New York, The
467 3076 280 57 Norman
777 3077 95 58 W.
907 3077 245 73 Henley
1180 3078 363 73 publishing
1573 3096 322 54 company,
1931 3079 163 55 1926.

534 3167 90 50 viii,
655 3166 80 45 707
764 3184 39 37 p.
865 3168 114 44 illus.
1043 3171 49 43 19½
1144 3172 30 17 cm
1180 3204 9 9 .

465 3235 53 54 ©
547 3239 99 51 Jan.
682 3240 62 50 11,
777 3239 129 51 1926;
939 3241 64 42 2c.
1034 3242 87 42 and
1151 3242 78 42 aff.
1261 3241 106 45 Feb.
1403 3242 72 50 12;
1509 3241 43 42 A
1582 3240 188 52 883241;
1804 3240 207 43 Norman
2040 3240 73 43 W.
2146 3237 180 52 Henley
2356 3236 99 53 pub.

535 3310 65 28 co.
670 3295 242 54 (26-4438)

466 3404 419 75 Bloodworth,
916 3411 152 56 Mrs.
1105 3409 222 59 Jennie
1359 3410 222 58 Akers.

539 3496 258 74 Getting
853 3499 375 72 acquainted
1279 3501 151 56 with
1487 3499 289 74 Georgia,
1833 3500 84 71 by
1970 3496 224 60 Jennie
2250 3497 204 56 Akers

459 3573 1997 77 Bloodworth … Dallas, Tex., The Southern publishing
461 3671 305 55 company
794 3684 13 43 [
809 3661 20 23 c
831 3655 164 74 1926]

531 3745 74 51 vii,
627 3744 85 44 246
734 3760 40 37 p.
836 3745 150 52 front.,
1012 3747 116 45 illus.
1191 3749 50 44 19½
1276 3751 47 18 cm
1329 3785 9 8 .

533 3814 45 44 A
608 3822 138 46 story.

461 3880 53 53 ©
543 3881 108 45 Feb.
683 3884 63 50 11,
781 3885 129 52 1926;
939 3885 64 44 2c.
1035 3886 107 48 Feb.
1176 3889 75 52 16;
1283 3890 79 42 aff.
1395 3888 107 44 Feb.
1538 3886 74 54 15;
1647 3889 43 41 A
1721 3887 189 51 883302;
1949 3886 223 46 Southern
2204 3884 98 53 pub.
2338 3898 64 28 co.

539 3938 214 38 (26-4703)
