2542 4285
1049 3992 107 57 575

112 373 259 69 Russell,
412 371 280 60 William
728 371 303 70 Fletcher,
1074 374 188 57 1890-

114 448 1956 150 … American education, by William F. Russell. Chicago, American library association, 1926.
180 602 68 52 21,
276 603 52 52 [1]
353 617 39 37 p.
457 602 49 43 18
513 605 44 17 cm
564 637 8 8 .
641 603 230 52 (Reading
893 603 108 43 with
1027 618 25 28 a
1076 617 202 37 purpose.
1343 604 107 53 [22])

184 659 179 43 “Books
389 661 335 42 recommended
747 661 44 41 in
814 659 87 44 this
926 660 183 43 course”
1127 674 9 28 :
1170 674 38 37 p.
1237 660 79 52 [22]

112 715 52 53 ©
200 717 110 51 May
346 715 36 52 5,
422 717 128 50 1926;
588 716 63 43 2c.
690 717 110 51 May
840 717 72 51 13;
951 717 78 42 aff.
1070 717 110 51 May
1221 717 72 51 12;
1333 717 43 41 A
1414 716 188 52 891462;
1640 716 244 43 American
1921 716 171 53 library

181 787 114 28 assn.
365 772 266 54 (26-11233)

111 855 269 73 Scholes,
425 857 198 72 Percy
659 855 242 70 Alfred,
947 860 189 56 1877-

186 933 436 72 Everybody’s
658 933 184 73 guide
879 938 62 53 to
979 933 176 58 radio
1189 934 226 70 music;
1450 933 319 73 including
1805 956 36 38 a
1878 933 220 72 simple

110 1010 382 72 description
524 1012 67 56 of
619 1011 102 58 the
753 1012 254 56 various
1040 1011 198 57 forms
1272 1011 68 57 of
1366 1012 215 68 music,
1615 1013 121 56 and
1768 1011 67 58 of
1865 1011 103 58 the
109 1031 1965 128 orchestra,
419 1108 35 37 a
498 1089 173 57 short
715 1093 258 54 account
1016 1089 69 56 of
1127 1089 102 58 the
1273 1088 248 70 history
1562 1089 69 57 of
1670 1088 213 71 music,
1930 1108 166 38 some

109 1166 213 58 advice
361 1186 79 38 on
478 1168 103 56 the
624 1167 356 71 enjoyment
1021 1167 68 58 of
1128 1165 177 58 radio
1347 1185 191 52 opera
1589 1165 176 72 (with
1807 1186 35 37 a
1881 1166 108 57 list
2029 1166 69 57 of

107 1244 330 71 published
468 1243 256 70 libretti,
760 1244 169 69 etc.),
964 1245 122 56 and
1121 1263 35 37 a
1190 1244 349 57 discussion
1574 1245 67 56 of
1670 1244 168 56 what
109 1245 1965 134 constitutes
332 1323 161 71 good
546 1322 196 56 music
799 1323 122 55 and
977 1322 160 71 good
1190 1321 261 57 musical
1505 1321 456 71 performance,
2015 1321 83 70 by

108 1399 202 72 Percy
358 1399 73 58 A.
486 1399 268 72 Scholes,
804 1399 150 56 with
1006 1419 35 37 a
1088 1399 316 60 foreword
1453 1399 84 70 by
1583 1399 107 56 Dr.
1742 1397 229 58 Alfred
2021 1398 74 56 N.

107 1475 1986 74 Goldsmith … New York [etc.] Oxford university press,
107 1556 165 56 1926.

177 1631 107 52 xvii,
321 1632 81 43 206
434 1646 39 37 p.
535 1632 123 43 front.
698 1631 164 52 (port.)
908 1630 113 44 illus.
1049 1629 192 53 (music)
1286 1630 140 52 plates
1454 1631 46 51 (1
1541 1630 165 52 music)
1778 1630 48 43 19½
1862 1631 45 17 cm
1916 1664 8 8 .

177 1688 187 44 London
395 1689 165 43 edition
586 1688 82 45 has
697 1687 96 44 title
811 1702 8 29 :
851 1686 306 53 Everybody’s
1186 1686 133 53 guide
1349 1693 45 36 to
1422 1686 241 44 broadcast
1693 1685 154 44 music.

175 1745 297 52 Advertising
501 1751 188 37 matter:
722 1759 39 37 p.
790 1743 205 44 205-206.

104 1801 55 53 ©
185 1804 110 50 Apr.
328 1802 62 52 19,
419 1801 126 51 1926;
570 1802 65 42 2c.
662 1801 86 43 and
773 1801 78 43 aff.
878 1802 111 50 Apr.
1016 1801 78 51 29;
1122 1801 43 41 A
1192 1800 188 52 891211;
1411 1799 184 44 Oxford
1622 1798 117 44 univ.
1766 1813 141 38 press,
1939 1798 139 43 Amer.

177 1858 180 45 branch.
426 1856 268 55 (26-10958)

109 1941 183 70 Seitz,
335 1942 139 57 Don
515 1940 231 72 Carlos,
790 1943 189 57 1862-

102 2016 1990 229 The dreadful decade ; detailing some phases in the history of the United States from reconstruction to resumption, 1869-1879, by Don C. Seitz … Indianapolis, The
101 2248 480 59 Bobbs-Merrill
613 2268 306 53 company
950 2279 13 43 [
965 2258 19 22 c
988 2250 164 72 1926]

174 2324 1498 55 7 p. l., 13-311, [1] p. front., plates, ports., facsim. 22 cm .
105 2380 55 54 ©
192 2384 110 51 May
336 2383 59 50 14,
432 2383 127 52 1926;
591 2383 63 44 2c.
687 2384 86 43 and
803 2384 78 43 aff.
915 2386 111 50 May
1056 2385 78 51 21;
1168 2386 43 41 A
1243 2382 163 46 890875
1423 2400 9 37 ;
1469 2383 357 45 Bobbs-Merrill
1859 2400 64 28 co.

185 2438 268 55 (26-11080)

110 2522 404 72 Siersdorfer,
546 2525 286 58 Michael.

185 2602 1840 74 Here, there & everywhere, by Michael Siersdorfer …
109 2679 149 57 New
287 2679 188 74 York,
508 2681 79 56 M.
626 2681 412 72 Siersdorfer,
1072 2684 163 55 1926.

178 2756 1372 56 3 p. l., v-xv p., 1 l. , 313, [1] p. front. (port.) 19½ cm .
107 2809 55 54 ©
195 2813 110 51 May
332 2812 68 51 21,
433 2813 128 52 1926;
593 2813 62 43 2c.
687 2816 85 41 and
805 2815 77 43 aff.
915 2816 113 51 May
1057 2815 79 52 24;
1168 2817 43 41 A
1244 2814 189 53 890895;
1470 2816 65 43 M.
1572 2814 294 47 Siersdorfer.

188 2868 268 54 (26-11185)

108 2952 356 59 Tennessee.
549 2956 193 57 Court
773 2956 66 72 of
867 2958 272 71 appeals.

182 3032 346 58 Tennessee
572 3034 305 58 decisions
919 3035 150 56 with
1107 3036 403 71 key-number
1554 3035 398 57 annotations
103 3054 1958 125 reporting
388 3129 171 38 cases
593 3113 237 69 argued
861 3113 123 56 and
1015 3113 385 57 determined
1430 3114 64 55 in
1524 3115 102 55 the
1660 3112 197 58 Court
1887 3113 67 57 of
104 3133 1957 122 appeals
311 3186 229 73 during
570 3189 145 55 1925
747 3192 160 53 term
940 3191 122 55 and
1095 3190 301 71 Supreme
1431 3194 175 53 court
1640 3210 173 37 cases
105 3194 1957 125 reported
238 3263 65 56 in
372 3263 193 58 South
627 3268 269 54 western
959 3270 285 67 reporter
1306 3268 227 72 during
1597 3269 493 71 corresponding

103 3339 235 70 period,
436 3360 54 37 v.
586 3388 8 9 1.
644 3342 267 72 [Sample
963 3362 210 55 pages]
1274 3344 88 57 St.
1426 3346 168 70 Paul,
1646 3346 211 71 Minn.,
1909 3346 176 57 West

102 3417 360 73 publishing
492 3438 105 52 co.,
629 3420 163 56 1926.

174 3493 55 50 iv,
262 3494 90 50 111,
385 3495 52 53 [1]
469 3508 38 37 p.
565 3494 52 44 25½
653 3498 46 18 cm
706 3531 8 7 .

104 3546 52 53 ©
181 3548 106 44 Feb.
318 3551 60 48 11,
410 3551 128 51 1926;
564 3551 62 43 2c.
655 3553 111 51 May
792 3553 49 51 8;
870 3554 78 42 aff.
977 3554 112 51 May
1117 3553 22 43 7
1156 3569 9 36 ;
1193 3555 43 41 A
1261 3554 166 43 891387
1442 3569 9 37 ;
1481 3555 132 43 West
1640 3556 99 50 pub.
1769 3570 64 29 co.

105 3619 271 73 Vachell,
413 3621 240 57 Horace
685 3621 332 75 Annesley.

182 3697 58 57 A
267 3717 240 37 woman
532 3699 65 56 in
627 3700 169 57 exile.
886 3702 49 71 [3
962 3702 414 72 instalments]

205 3774 56 41 (In
289 3776 182 40 London
499 3776 210 52 Evening
735 3779 251 50 standard)

109 3826 1954 114 © 1c. each June 10, 1926; A ad int. 8263 ; pubd. May 1, 3, 17; H. A. Vachell, Lyndhurst, Hants, England.
