2542 4285
1075 3989 110 58 489

141 373 251 69 Barnes,
430 371 221 57 Albert
691 373 62 56 C.

215 463 126 55 The
372 466 100 52 art
500 461 63 56 in
594 461 305 72 painting,
928 463 82 69 by
1039 461 221 57 Albert
1293 460 63 59 C.
1388 463 271 69 Barnes;
1691 482 113 37 one
1834 463 284 58 hundred

138 541 120 55 and
302 540 94 56 six
436 540 433 56 illustrations.
952 539 150 56 New
1143 539 188 69 York,
1377 539 334 72 Harcourt,
1753 539 197 57 Brace
1996 541 122 56 and

137 634 301 52 company
478 645 12 42 [
492 625 18 20 c
515 618 161 70 1925]

208 691 78 45 530
323 708 39 37 p.
400 693 99 47 incl.
538 693 150 48 front.,
727 692 154 53 plates.
939 692 53 43 23½
1028 694 46 17 cm
1081 726 9 9 .

205 750 153 44 Plates
389 751 176 51 printed
595 764 58 28 on
682 749 108 43 both
823 749 129 43 sides.

133 804 53 53 ©
212 808 109 50 Apr.
349 805 64 51 27,
444 806 126 50 1926;
599 806 63 42 2c.
689 807 86 42 and
801 806 79 43 aff.
908 806 111 52 May
1049 806 46 52 1;
1124 806 44 42 A
1194 805 187 52 891230;
1414 806 170 43 Barnes
1614 806 278 52 foundation,
1922 806 192 51 Merion,

204 863 78 42 Pa.
352 861 266 55 (26-10056)

135 959 288 73 [Buchan,
461 959 199 75 Anna]

212 1051 130 56 The
371 1069 233 52 proper
630 1051 194 71 place,
856 1051 82 71 by
1025 1097 10 9 O.
1068 1051 278 71 Douglas
1397 1052 214 70 [pseud.]
1704 1051 173 71 chap.
1915 1052 202 55 26-28.

204 1129 80 49 (In
323 1128 166 50 Quiver
527 1129 253 50 magazine,
819 1129 126 50 Apr.,
986 1128 126 50 1926)

129 1180 1987 55 © 1c. May 22, 1926; A ad int. 8197; pubd. Mar. 26; A. Buchan, Peebles,
204 1238 225 46 Scotland.

138 1335 333 70 Buranelli,
517 1337 284 72 Prosper,
847 1338 91 57 ed.

211 1428 129 58 The
367 1447 171 37 cross
565 1428 171 56 word
762 1428 211 70 puzzle
1000 1428 173 57 book.
1256 1427 180 57 Fifth
1467 1428 210 58 series.
1759 1428 59 54 A
1842 1427 146 57 fifth
134 1445 1962 132 anthology

428 1506 69 56 of
533 1505 145 72 fifty
714 1524 133 38 new
889 1525 169 37 cross
1099 1507 172 55 word
1312 1504 244 71 puzzles
1599 1504 264 58 selected
1905 1524 68 38 as
2017 1505 102 56 the

133 1583 135 57 best
301 1584 67 55 of
397 1583 102 56 the
530 1583 342 57 thousands
905 1582 336 58 submitted
1272 1587 64 52 to
1367 1583 103 56 the
1503 1582 148 57 New
1683 1581 170 57 York
1883 1581 236 69 World,

133 1660 328 69 published
495 1661 146 55 here
682 1660 374 69 exclusively
1092 1661 102 55 for
1231 1659 103 57 the
1372 1658 138 57 first
1549 1658 166 66 time,
1755 1660 122 56 and
1915 1653 204 62 edited

133 1737 83 71 by
251 1736 276 72 Prosper
565 1737 342 70 Buranelli,
947 1737 69 55 F.
1059 1736 285 71 Gregory
1382 1734 371 69 Hartswick,
1795 1735 325 73 Margaret

132 1814 481 72 Petherbridge;
645 1815 150 56 with
829 1815 102 57 the
966 1813 347 58 additional
1344 1833 133 37 new
1511 1813 231 70 special
1772 1814 248 55 feature
2055 1811 66 58 of

135 1892 410 72 diagramless
590 1892 263 71 puzzles.
937 1892 150 57 New
1132 1891 190 69 York,
1372 1891 213 57 Simon
1633 1892 121 55 and
1805 1890 315 71 Schuster,

134 1969 134 74 inc.,
304 1971 164 55 1926.

203 2045 1090 55 4 p. l., 130 p. l illus., diagrs. 19½ × 16 cm .
132 2103 53 53 ©
217 2106 111 51 Apr.
365 2103 61 49 15,
465 2104 126 50 1926;
624 2105 64 42 2c.
722 2105 112 51 Apr.
872 2104 72 51 19;
980 2104 77 42 aff.
1094 2104 112 51 May
1237 2104 49 50 4;
1322 2103 44 42 A
1400 2100 188 54 891165;
1628 2101 155 47 Simon
1816 2102 37 44 &
1891 2100 228 53 Schuster,

200 2161 82 43 inc.
351 2160 268 54 (26-10017)

133 2246 197 67 Butts,
370 2246 197 71 Mary.

207 2336 169 57 Ashe
417 2336 67 56 of
524 2336 196 71 Rings
764 2337 97 72 [by]
919 2336 185 71 Mary
1142 2335 204 57 Butts.
1430 2335 150 57 New
1616 2332 190 71 York,
1847 2333 74 55 A.
1963 2332 49 56 &
2053 2332 64 58 C.

129 2414 179 72 Boni,
342 2415 163 56 1926.

201 2489 608 53 3 p. l., 3-296 p. 19½ cm .
132 2544 52 54 ©
211 2548 111 50 Apr.
347 2547 67 50 24,
445 2546 126 50 1926;
601 2547 64 43 2c.
692 2547 111 52 May
831 2544 48 54 5;
909 2546 78 43 aff.
1017 2546 111 52 May
1152 2547 49 50 8;
1232 2546 44 42 A
1301 2542 189 54 891305;
1521 2542 162 46 Albert
1709 2544 37 44 &
1774 2541 187 46 Charles
1991 2541 129 54 Boni,

202 2603 81 43 inc.
352 2603 268 54 (26-10199)

137 2688 281 73 Clausen,
461 2689 284 58 Bernard
784 2686 381 73 Chancellor,
1207 2688 188 58 1892-

211 2777 465 76 Pen-portraits
714 2782 68 57 of
814 2781 103 58 the
951 2779 323 73 prophets,
1308 2780 82 72 by
1425 2777 288 58 Bernard
1750 2776 64 59 C.
1854 2775 264 60 Clausen

205 2852 1915 79 … New York, Chicago [etc.] Fleming H. Revell company
139 2967 12 42 [
155 2945 17 21 c
177 2938 166 71 1926]

210 3013 351 52 175 p. 19½ cm .
130 3066 54 53 ©
214 3069 112 51 Apr.
363 3068 60 49 10,
458 3067 126 52 1926;
618 3067 63 43 2c.
713 3068 86 42 and
832 3067 78 42 aff.
944 3067 111 51 May
1088 3064 49 54 5;
1170 3066 44 41 A
1248 3064 186 52 890646;
1471 3063 207 53 Fleming
1712 3064 61 42 H.
1809 3061 158 45 Revell
1997 3076 65 29 co.

211 3123 267 55 (26-10133)

137 3209 241 70 Covert,
415 3207 215 59 William
733 3205 334 70 Chalmers,
1109 3208 188 56 1864-

214 3296 286 75 Religion
530 3297 65 58 in
624 3298 103 58 the
756 3298 202 69 heart,
990 3298 122 57 and
1144 3296 177 57 other
1353 3294 349 70 addresses,
1732 3295 82 69 by
1844 3290 276 60 William

141 3367 1980 76 Chalmers Covert … New York, Chicago [etc.] Fleming
137 3454 79 57 H.
244 3452 215 59 Revell
485 3469 302 54 company
814 3481 13 41 [
827 3459 21 21 c
852 3449 163 72 1926]

212 3533 76 43 192
319 3546 41 35 p.
424 3532 49 43 19½
508 3533 45 17 cm
559 3565 9 9 .

132 3583 53 53 ©
213 3586 111 51 Apr.
354 3584 64 49 24,
453 3582 128 52 1926;
611 3582 65 43 2c.
704 3582 89 42 and
821 3580 79 44 aff.
932 3581 111 51 May
1075 3577 48 54 5;
1155 3579 44 42 A
1228 3578 191 52 890639;
1451 3577 207 52 Fleming
1687 3578 62 41 H.
1784 3576 158 44 Revell
1970 3590 65 29 co.

211 3640 269 55 (26-10139)

205 3716 1913 79 … Croquet, rules of the game. New York, American
213 3805 208 69 sports
450 3798 360 74 publishing
837 3816 87 39 co.
958 3826 13 43 [
971 3806 19 21 c
995 3797 163 70 1926]

204 3869 1912 64 2 p. l., p. 41-64. diagrs. 17 cm . (Spalding’s athletic library, mo. 119R])
207 3930 124 51 “The
362 3936 120 43 rules
511 3934 48 44 of
589 3941 182 41 croquet
799 3948 49 28 as
876 3929 233 53 published
1138 3928 158 44 herein
1322 3943 76 30 are
1427 3929 134 44 taken
1588 3928 122 45 from
1741 3926 253 56 Spalding’s
2025 3928 98 45 ath-
