2542 4285
1024 4020 109 55 641

101 388 248 72 Abbott,
379 391 135 55 Mrs
521 435 10 10 .
566 389 158 56 Jane
755 387 257 57 Ludlow
1053 386 267 72 (Drake)
1363 388 185 55 1881-

173 474 1909 74 Juliet is twenty, by Jane Abbott … Philadelphia &
94 555 276 70 London,
404 554 58 57 J.
496 554 69 56 B.
597 552 364 73 Lippincott
994 571 321 53 company,
1348 553 165 56 1926.

164 630 359 52 352 p. 19½ cm .
98 685 55 53 ©
181 687 110 52 Apr.
314 687 66 49 29,
412 686 105 43 1926
531 701 9 36 ;
568 687 63 41 2c.
658 686 87 42 and
770 687 77 41 aff.
877 687 114 50 June
1023 685 72 52 10;
1126 685 44 42 A
1197 684 188 52 897067;
1417 687 38 50 J.
1487 686 49 41 B.
1567 684 253 52 Lippincott
1847 699 67 29 co.

179 743 267 54 (26-12146)

99 839 1979 73 American law reports annotated … v. 42. Rochester,
175 919 71 54 N.
281 918 92 71 Y.,
411 919 126 55 The
570 919 294 70 Lawyers
900 917 418 70 co-operative
1353 917 360 71 publishing
1745 935 332 52 company;

176 996 367 70 Northport,
580 996 66 55 L.
686 996 67 70 I.,
792 995 73 55 N.
902 995 93 71 Y.,
1035 995 275 56 Edward
1349 995 357 69 Thompson
1744 1012 332 52 company;

177 1071 127 58 San
369 1073 352 70 Francisco,
791 1071 203 72 Calif.,
1062 1071 632 71 Bancroft-Whitney
1757 1089 322 53 company,

172 1150 164 56 1926.

165 1227 58 49 ix,
262 1226 105 44 1600
397 1240 38 37 p.
494 1224 51 44 25½
582 1228 46 18 cm
634 1261 7 7 .

166 1281 420 46 Editors-in-chief:
620 1283 159 51 Henry
809 1283 51 42 P.
890 1281 226 43 Farnham
1146 1282 86 42 and
1262 1282 65 42 M.
1359 1280 127 44 Blair
1513 1281 186 44 Wailes.

92 1336 57 53 ©
174 1340 113 50 June
317 1336 61 53 15,
408 1338 127 52 1926;
563 1338 62 42 2c.
652 1339 116 50 June
795 1339 73 50 18;
896 1338 78 43 aff.
1001 1340 116 50 June
1145 1338 74 51 19;
1247 1338 42 41 A
1317 1337 187 52 891863;
1534 1338 211 52 Lawyers
1773 1341 304 49 co-operative

164 1395 100 51 pub.
298 1410 78 35 co.,
412 1394 197 46 Edward
640 1393 262 53 Thompson
937 1409 79 37 co.,
1053 1394 466 52 Bancroft-Whitney
1550 1409 64 29 co.

94 1477 192 58 Bible.
359 1479 281 71 English.

173 1569 318 58 Standard
537 1571 317 56 reference
903 1570 264 58 indexed
1210 1570 194 57 Bible.
1492 1571 129 56 The
1666 1570 168 73 Holy
1877 1570 196 71 Bible,

94 1647 360 72 containing
488 1649 101 55 the
629 1647 116 58 Old
782 1650 122 55 and
940 1648 150 56 New
1128 1649 395 57 Testaments
1573 1648 391 70 (authorized
2004 1669 72 36 or

93 1723 173 74 King
295 1725 216 58 James
542 1724 280 72 version)
864 1725 595 72 self-pronouncing,
1490 1726 205 57 words
1729 1726 233 71 spoken
1993 1728 83 69 by

97 1802 211 59 Christ
341 1804 251 71 printed
625 1804 65 56 in
722 1805 141 70 red;
896 1808 63 53 to
992 1804 198 56 which
1221 1806 55 56 is
1310 1805 202 57 added
1546 1823 79 39 an
1660 1803 415 73 alphabetical

93 1883 122 56 and
239 1882 349 71 cyclopedic
610 1882 204 71 index,
842 1902 34 37 a
900 1882 227 71 unique
1153 1885 92 54 set
1270 1883 65 57 of
1358 1882 210 58 charts
1592 1882 166 57 from
1781 1882 205 58 Adam
2008 1887 64 53 to

97 1958 230 73 Christ,
381 1960 251 72 leading
685 1960 332 75 doctrines,
1073 1960 483 71 alphabetically
1609 1961 328 71 arranged,
1996 1981 74 37 an

93 2037 414 72 alphabetical
553 2036 177 60 Bible
780 2037 370 73 dictionary,
1201 2059 36 37 a
1287 2038 303 72 practical
1637 2040 436 65 concordance,

90 2117 306 70 harmony
425 2117 69 57 of
525 2118 102 55 the
661 2116 282 73 Gospels,
975 2116 292 72 parables
1303 2118 121 56 and
1455 2117 305 72 miracles,
1794 2118 131 71 etc.,
1960 2119 111 55 etc.

91 2194 58 56 A
188 2196 167 56 hand
394 2195 177 57 Bible
612 2195 103 57 for
757 2195 338 71 every-day
1136 2214 126 37 use.
1349 2193 288 73 Chicago,
1679 2195 153 57 Pub.
93 2194 1957 151 exclusively

327 2274 82 70 by
447 2275 103 56 the
588 2274 168 57 John
795 2273 73 56 A.
910 2274 224 56 Hertel
1171 2292 84 39 co.
1297 2274 102 57 for
1439 2274 460 61 International
91 2292 1957 117 constructive

420 2351 257 71 Sunday
705 2352 208 56 school
937 2352 218 71 league
1186 2381 12 42 [
1201 2359 18 22 c
1223 2353 163 70 1926]

158 2428 1910 55 2 p. l., 975, [1] p., 1 l., 295, [1], 64. 144, 112, [6] p. front., illus., maps.
88 2490 26 42 23½
173 2490 48 19 cm

91 2541 53 53 ©
173 2543 110 52 May
307 2542 68 50 29,
406 2542 130 52 1926;
564 2542 63 43 2c.
654 2544 115 50 June
796 2543 51 50 4;
876 2542 80 44 aff.
984 2542 114 52 June
1126 2543 49 51 3;
1206 2542 42 42 A
1276 2542 189 52 897004;
1497 2543 118 52 John
1643 2542 58 43 A.
1731 2541 165 44 Hertel
1925 2557 65 28 co.

169 2598 269 55 (26-11839)

87 2684 281 71 Burnett,
403 2686 150 54 Mrs.
590 2683 271 57 Frances
904 2682 361 74 (Hodgson)
1312 2685 355 56 1849-1924.

89 2775 1960 136 In the garden, by Frances Hodgson Burnett … Boston
229 2856 122 56 and
380 2853 152 58 New
557 2852 190 73 York,
782 2853 129 59 The
943 2850 228 60 Medici
1203 2854 233 71 society
1470 2855 67 56 of
1566 2851 309 72 America,
1908 2854 165 56 1925.

159 2930 1556 53 30 p., 1 l. incl. mounted col. front., mounted plates. 23½ cm .
89 2982 1981 56 © Dec. 16, 1925; 1c. May 3, 1926; 1c. May 20; aff. Mar. 13; A 891485;
159 3042 167 44 Medici
358 3042 169 52 society
558 3041 49 44 of
638 3041 227 52 America,
900 3042 82 43 inc.
1051 3040 269 55 (26-12007)

91 3129 237 70 Corpus
357 3128 181 72 juris,
571 3128 187 72 being
786 3148 38 36 a
854 3129 298 70 complete
1187 3130 122 55 and
1343 3130 359 68 systematic
1740 3133 337 55 statement

165 3207 68 56 of
260 3207 102 56 the
389 3206 194 56 whole
611 3206 164 71 body
805 3206 66 55 of
899 3206 103 57 the
1031 3207 118 55 law
1178 3226 67 37 as
1279 3207 321 57 embodied
1626 3207 65 55 in
1722 3209 122 56 and
166 3208 1885 147 developed

355 3284 82 70 by
470 3284 83 56 all
586 3285 295 69 reported
915 3283 324 57 decisions.
1316 3283 116 58 Ed.
1467 3285 84 70 by
1581 3285 278 56 William
1893 3286 181 56 Mack

232 3361 1844 74 … and Donald J. Kiser … v. 40. [Mayhem to Money
163 3439 163 73 land]
396 3438 149 57 New
573 3438 188 70 York,
794 3439 128 56 The
951 3438 334 62 American
1315 3439 118 56 law
1460 3439 160 56 book
1646 3459 118 51 co.;
1796 3440 275 75 London,

165 3516 426 57 Butterworth
623 3515 48 56 &
706 3535 105 52 co.,
849 3518 163 54 1926.

224 3627 7 15 xx,
266 3591 105 44 1497
400 3607 38 37 p.
500 3591 136 45 front.
675 3592 166 53 (port.)
907 3592 56 43 26
967 3595 47 18 cm
1019 3628 9 7 .

87 3648 53 53 ©
167 3651 110 51 May
300 3650 68 50 21,
398 3648 129 52 1926;
551 3649 64 42 2c.
642 3650 87 42 and
752 3649 78 44 aff.
857 3649 114 52 June
996 3649 77 52 23;
1103 3650 43 41 A
1174 3649 189 51 891898;
1392 3649 244 43 American
1663 3650 87 44 law
1775 3650 120 45 book
1920 3667 67 29 co.

86 3733 375 72 Cummings,
503 3733 78 58 W
892 3733 227 57 Irvine.

159 3823 311 58 Ochiltree
508 3823 191 72 walls,
734 3824 83 71 by
849 3824 95 56 W.
983 3823 213 57 Irvine
1239 3823 377 77 Cummings.
1693 3828 151 56 New
1881 3829 190 68 York,

80 3899 71 58 R.
183 3901 81 56 M.
298 3900 295 59 McBride
624 3899 48 58 &
700 3919 321 53 company,
1053 3902 165 56 1926.
