2542 4285
0 0 0 0 781
67 328 349 71 Dowkontt,
460 327 235 71 George
739 328 58 55 H
1111 329 185 56 1869-

149 419 126 56 The
342 418 276 69 “deadly
677 418 349 69 parallel”;
1093 437 35 37 a
1193 416 392 72 comparison
1649 418 66 56 of
1782 418 269 56 Thomas

71 496 254 56 Paine’s
353 495 187 71 “Age
565 495 66 56 of
655 498 277 53 reason”
955 494 152 57 with
1130 494 220 71 Harry
1370 494 72 57 E.
1471 493 327 58 Fosdick’s
72 495 1957 135 “Modern
212 592 108 37 use
356 573 67 55 of
452 572 102 56 the
586 572 233 57 Bible”
855 571 65 56 in
953 571 266 71 parallel
1250 571 294 70 columns,
1582 572 275 72 showing
1888 571 165 57 their

73 648 1980 73 striking likeness … by George H. Dowkontt … New
70 727 186 71 York,
290 727 308 57 Loizeaux
629 726 308 70 brothers,
967 736 19 20 c
990 726 164 60 1926.

140 802 501 55 32 p. illus. 19½ cm .
70 859 53 53 ©
154 862 111 51 May
289 861 66 51 22,
386 860 103 43 1926;
542 861 64 41 2c.
635 860 105 51 July
769 860 48 50 8;
849 860 78 42 aff.
958 860 76 50 July
1094 859 48 51 7;
1174 859 43 42 A
1247 860 187 49 899940;
1470 859 49 44 G.
1551 860 61 41 H.
1641 860 262 49 Dowkontt,
1934 859 116 42 New

141 917 140 44 York.
349 916 268 55 (26-13511)

68 1016 293 71 Durieux,
402 1015 229 71 Pierre,
673 1017 188 57 1884-

148 1107 128 57 The
308 1106 312 58 eucharist
655 1105 147 71 (law
831 1107 123 56 and
980 1105 304 71 practice)
1322 1106 84 71 by
1435 1104 213 59 Canon
1676 1106 68 56 P.
1775 1105 281 58 Durieux

137 1181 1919 73 … translated by Rev. Oliver Dolphin … with a foreword
69 1259 1987 75 by Most Reverend Austin Dowling … Faribault, Minn.,
127 1388 9 9 O.
171 1339 273 71 Dolphin
476 1368 12 42 [
490 1348 22 21 c
514 1340 162 71 1926]

138 1419 83 43 239
244 1432 40 37 p.
344 1417 48 43 18½
427 1419 47 17 cm
480 1451 9 8 .

72 1473 52 53 ©
163 1475 111 51 May
313 1473 62 52 15,
414 1473 128 51 1926;
579 1473 63 43 2c.
681 1473 111 51 May
828 1472 78 52 29;
946 1472 77 43 aff.
1064 1473 110 50 May
1212 1471 77 52 26;
1331 1472 42 41 A
1413 1470 187 52 891596;
1643 1471 159 43 Oliver
1840 1470 211 52 Dolphin,

142 1530 245 52 Faribault,
423 1530 142 42 Minn.
634 1527 269 55 (26-13510)

91 1629 291 71 Edinger,
420 1629 252 74 Gaston]

215 1704 1842 73 … Juifs d’aujourd’hui; les demi-Juif s, roman [par
72 1784 197 56 Jacob
298 1784 186 68 Lew,
513 1783 232 70 pseud.]
816 1781 204 69 Paris,
1051 1782 60 57 J.
1144 1781 297 57 Ferenczi
1473 1784 58 54 et
1560 1780 115 72 fils,
1710 1782 163 55 1926.

138 1858 482 53 227 p., 1 l. 19 ½ cm .
69 1912 1985 55 © Jan. 31, 1926; 1c. May 10; A— Foreign 30884; G. Edinger, Versailles,
145 1972 43 45 S.
221 1974 36 42 &
288 1973 67 49 O.,
387 1972 183 52 France,
603 1973 37 43 &
669 1974 41 50 J.
743 1971 213 44 Ferenczi
986 1972 37 43 &
1054 1972 83 51 fils,
1172 1971 144 43 Paris.
1386 1969 268 55 (26-13425)

79 2071 183 72 Eells,
308 2071 167 57 Elsie
521 2070 234 74 Spicer.

151 2160 1902 74 The Brazilian fairy book, by Elsie Spicer Eells … with
76 2241 94 58 six
193 2240 417 58 illustrations
637 2241 63 55 in
730 2241 166 56 color
921 2240 81 72 by
1029 2239 242 72 George
1295 2240 98 57 W.
1421 2239 201 59 Hood.
1689 2239 152 59 New
1865 2239 189 73 York,

73 2318 337 58 Frederick
439 2318 74 56 A.
551 2317 219 59 Stokes
805 2336 321 54 company,
1163 2318 166 56 1926.

175 2396 1245 53 x p., 2 l., 3-193 p. col. front., col. plates. 21 cm .
74 2451 52 53 ©
155 2453 105 51 July
295 2453 60 49 14,
391 2451 128 51 1926;
550 2451 63 43 2c.
647 2452 87 42 and
765 2452 79 43 aff.
876 2452 106 51 July
1018 2451 72 51 16;
1126 2451 43 41 A
1201 2449 188 53 897452;
1424 2450 246 44 Frederick
1703 2451 56 42 A.
1796 2449 160 47 Stokes
1991 2466 64 28 co.

152 2507 266 56 (26-13568)

67 2605 171 70 Ellis,
285 2604 176 59 Aller
504 2606 50 58 G
866 2608 188 57 1868-

150 2696 1911 72 Elements of pathology, by Aller G. Ellis … with 95
75 2773 431 59 illustrations.
608 2774 453 73 Philadelphia,
1121 2775 69 55 P.
1252 2774 388 57 Blakiston’s
1702 2793 111 38 son
1871 2773 48 59 &
1975 2793 84 38 co.

76 2882 12 43 [
93 2861 17 22 c
113 2855 164 72 1926]

143 2947 43 31 X,
219 2929 80 46 544
330 2946 37 37 p.
429 2930 114 44 illus.
602 2932 53 42 24
662 2933 47 17 cm
716 2964 7 9 .

76 2986 52 53 ©
159 2989 105 51 July
295 2987 37 51 7,
366 2987 127 47 1926;
527 2988 63 42 2c.
620 2988 87 42 and
736 2988 78 42 aff.
846 2988 75 51 July
982 2989 50 48 8;
1067 2988 42 41 A
1142 2986 187 50 901082;
1368 2988 50 41 P.
1453 2985 270 44 Blakiston’s
1759 3001 79 28 son
1871 2986 37 43 &
1938 3000 63 28 co.

157 3042 268 57 (26-13650)

83 3130 420 71 Farnsworth,
545 3129 175 57 Alice
762 3127 165 60 Hall.

219 3219 1843 75 … A comparison of the photometric fields of the 6-inch
77 3300 266 71 doublet,
393 3299 238 58 24-inch
680 3298 300 72 reflector,
1029 3303 123 56 and
1197 3296 243 61 40-inch
1487 3297 312 59 refractor
1846 3299 68 58 of
1959 3299 104 57 the

76 3375 236 59 Yerkes
341 3378 425 70 observatory,
794 3375 150 59 with
973 3396 164 40 some
1162 3374 450 75 investigation
1639 3377 67 57 of
1732 3376 104 58 the
76 3376 1962 137 astrometric
333 3453 146 59 field
519 3453 65 57 of
624 3453 103 60 the
768 3452 301 72 reflector,
1108 3455 82 70 by
1228 3450 176 60 Alice
1444 3452 151 58 Hall
1634 3452 427 60 Farnsworth.

80 3527 1866 76 Chicago, Ill., The University of Chicago press [ c 1926]
148 3604 1917 55 v, 37 p. incl. tables, diagrs. pl. VI. 30×23½ cm . (Publications of the
80 3665 172 45 Yerkes
282 3667 309 48 observatory,
618 3663 89 45 vol.
788 3699 12 16 Iv,
827 3672 61 43 pt.
950 3665 19 50 V)

151 3721 63 45 At
237 3723 115 43 head
378 3723 50 42 of
454 3718 97 45 title
567 3737 9 28 :
605 3721 96 46 The
725 3718 269 53 University
1017 3721 50 43 of
1095 3720 214 50 Chicago.

152 3776 245 45 Published
431 3777 94 44 also
553 3792 47 28 as
631 3775 137 45 thesis
808 3776 105 50 (PH.
972 3777 35 45 D.)
1045 3773 267 51 University
1340 3776 53 43 of
1424 3775 212 51 Chicago,
1669 3774 118 45 1920.

80 3828 53 54 ©
157 3832 114 50 June
302 3833 32 47 1,
369 3830 126 50 1926;
525 3830 61 43 2c.
615 3831 113 50 June
757 3830 76 47 30;
864 3830 79 42 aff.
972 3830 104 52 July
1105 3830 48 48 3;
1185 3830 41 41 A
1254 3829 189 51 897312;
1475 3829 265 53 University
1767 3830 51 42 of
1848 3830 214 52 Chicago,

152 3886 210 53 Chicago.
432 3885 267 55 (26-13554)
