2542 4285
1081 4001 148 57 1513

161 402 217 63 Alcott,
412 401 217 55 Louisa
662 402 157 64 May,
858 404 324 52 1832-1888.

233 480 179 53 Little
446 498 232 49 women,
711 481 76 68 by
819 480 210 54 Louisa
1062 481 139 67 May
1233 480 226 67 Alcott;
1496 479 325 56 illustrated
1854 482 77 68 by
163 478 1956 140 Frances

281 559 323 69 Brundage.
680 558 219 67 Akron,
931 557 87 69 O.,
1049 559 140 52 New
1221 557 180 69 York,
1431 559 122 52 The
1586 557 271 57 Saalfield
163 551 1956 159 publishing
294 653 279 52 company
607 638 172 65 [1926]

235 732 88 40 476
350 742 43 37 p.
422 730 111 42 incl.
561 731 87 41 col.
677 731 164 48 front.,
870 730 129 42 illus.
1062 730 117 43 23cm.

162 794 54 55 ©
242 799 90 43 Oct
356 799 69 48 15,
452 799 114 41 1926;
619 800 67 40 2c.
713 800 112 40 Dec.
852 798 56 41 29;
963 799 83 41 aff.
1074 801 113 39 Dec.
1215 799 57 41 30;
1327 800 43 40 A
1396 799 174 42 957889;
1630 800 229 41 Saalfield
1885 802 109 49 pub.
2023 812 68 30 co.

242 855 221 50 (27-162)

159 948 246 64 Archer,
442 949 250 56 Gleason
727 949 287 64 Leonard,
1052 953 172 50 1880-

231 1029 120 53 The
377 1027 325 70 impossible
726 1027 129 55 task;
910 1046 31 36 a
966 1035 158 63 story
1147 1028 65 53 of
1235 1034 226 64 present
1485 1030 113 68 day
1622 1030 233 68 Boston,
1881 1030 112 55 and
2018 1031 129 53 how

162 1106 250 70 through
444 1106 168 68 faith,
644 1126 242 50 courage
916 1106 112 54 and
1059 1106 250 55 sacrifice
1339 1126 155 34 came
1523 1108 223 69 victory
1775 1113 60 49 at
1862 1109 127 54 last.
2054 1110 93 69 By

161 1181 1986 76 Gleason L. Archer … Boston, Mass., Suffolk law school press,
160 1265 150 53 1926.

236 1360 87 41 255
353 1372 44 38 p.
458 1360 164 49 front.,
655 1361 171 48 plates,
859 1363 149 47 ports.
1070 1360 146 42 20½cm.

160 1425 55 55 ©
239 1431 119 40 Nov.
383 1430 70 48 22,
479 1430 116 42 1926;
649 1430 67 41 2c.
742 1431 113 40 Dec.
880 1430 55 42 13;
991 1430 83 42 aff.
1100 1431 113 41 Dec.
1239 1431 54 40 11;
1351 1430 42 41 A
1419 1430 173 42 958323;
1650 1431 53 42 G.
1729 1432 52 41 L.
1809 1432 197 48 Archer,
230 1430 1903 103 Boston.
396 1486 222 50 (27-229)

159 1581 245 65 Ashley,
434 1582 226 64 George
690 1582 153 64 Hall,
878 1585 172 51 1866-

230 1661 464 67 Punxsutawney
728 1660 381 68 quadrangle;
1148 1661 242 69 geology
1425 1663 112 51 and
1572 1663 241 52 mineral
1848 1681 301 51 resources,

161 1737 76 69 by
284 1737 222 69 George
550 1737 77 54 H.
675 1737 232 68 Ashley.
1008 1738 292 69 Prepared
1348 1739 60 52 in
1455 1739 363 69 cooperation
1865 1741 141 54 with
2054 1743 97 53 the

161 1813 1990 76 United States geological survey … [Harrisburg, Pa., State
160 1892 239 70 printer,
429 1895 151 65 1926]

229 1988 86 41 145
342 1999 43 38 p.
443 1988 104 41 fold.
592 1989 171 49 plates,
795 1990 169 47 tables,
996 2000 151 38 maps,
1178 1989 179 50 diagrs.
1416 1990 56 42 23½cm.
1633 1991 384 50 (Pennsylvania

158 2000 1976 98 geological
364 2055 189 37 survey,
582 2045 173 40 fourth
786 2045 164 42 series.
1010 2045 336 51 Topographic
1380 2048 96 39 and
1508 2047 212 49 geologic
1754 2050 129 40 atlas
1917 2050 52 40 of
160 2046 1976 109 Pennsylvania,
425 2111 77 31 no.
530 2099 80 50 65)

230 2170 182 41 Folded
432 2180 138 39 maps
594 2171 51 39 in
668 2171 172 48 pocket
866 2183 61 30 on
949 2171 138 41 front
1112 2183 155 30 cover.

160 2219 55 57 ©
243 2226 128 49 Sept.
398 2226 70 49 22,
496 2226 114 43 1926;
664 2227 68 41 2c.
760 2227 119 40 Nov.
907 2228 25 39 1;
989 2228 82 41 aff.
1099 2230 112 40 Dec.
1238 2229 28 39 2;
1321 2230 41 39 A
1389 2229 173 42 957393;
1620 2231 55 42 R.
1702 2233 54 40 Y.
1788 2233 184 43 Stuart,
230 2240 1903 96 secretary,

382 2284 130 47 Dept.
553 2281 53 42 of
632 2283 182 41 forests
845 2284 97 41 and
969 2287 195 46 waters,
1191 2284 80 42 for
1300 2286 82 40 the
1412 2288 401 41 commonwealth
1843 2290 52 40 of
228 2287 1909 106 Pennsylvania,
419 2337 317 50 Harrisburg,
767 2339 84 42 Pa.
1947 2345 122 45 9914

158 2430 254 66 Ashton,
449 2432 173 64 John,
660 2437 170 50 1880-

228 2511 262 54 Historic
576 2513 353 67 Ravenswood,
963 2513 74 54 its
1073 2512 274 57 founders
1383 2517 112 52 and
1530 2516 74 55 its
1639 2520 198 68 cattle;
1875 2521 276 69 preceded

160 2589 76 69 by
266 2609 31 34 a
327 2589 155 54 brief
510 2590 222 69 history
763 2590 65 54 of
857 2591 96 55 the
985 2592 307 55 shorthorn
1323 2594 170 54 breed
1526 2614 79 51 up
1635 2601 59 49 to
1724 2597 98 55 the
1853 2600 200 69 period
2087 2600 65 55 of

160 2666 1929 80 its introduction into the United States. By John Ashton …
167 2745 337 70 [Columbia,
537 2746 133 68 Mo.,
708 2747 276 70 Printing
1017 2748 77 69 by
1131 2749 65 52 E.
1235 2749 90 55 W.
1365 2749 279 72 Stephens
1682 2754 337 73 publishing
2053 2776 99 51 co.,

159 2833 19 22 c
182 2828 151 65 1926]

236 2908 87 42 158
354 2919 45 39 p.
460 2908 163 48 front.,
659 2908 130 42 illus.
818 2907 266 51 (facsims.)
1127 2911 157 49 plates
1313 2910 51 49 (1
1401 2913 198 50 double)
1643 2919 150 45 ports.
1855 2918 147 43 24½cm.

239 2966 93 41 “Of
363 2965 99 42 this
494 2965 190 42 volume
714 2967 139 40 there
885 2975 126 33 were
1042 2966 196 50 printed
1270 2968 113 49 fifty
1414 2969 203 50 copies.”

240 3022 375 50 “Bibliography
646 3023 96 40 and
771 3021 226 44 sources”
1014 3033 10 31 :
1053 3034 44 38 p.
1128 3023 102 42 158.

160 3073 55 56 ©
242 3081 112 39 Dec.
383 3079 42 48 6,
451 3078 115 42 1926;
621 3078 67 41 2c.
718 3079 112 41 Dec.
856 3079 27 41 9;
941 3079 82 41 aff.
1051 3081 113 40 Dec.
1195 3080 26 40 8;
1278 3081 42 40 A
1349 3080 174 43 958289;
1580 3083 44 43 J.
1653 3085 202 46 Ashton,
1887 3088 266 53 Columbia,

231 3136 93 40 Mo.
393 3133 223 51 (27-235)

159 3229 144 53 Best
340 3227 310 65 Maugard,
690 3227 236 55 Adolfo.

234 3307 55 53 A
331 3306 230 53 method
607 3306 94 53 for
744 3307 246 53 creative
1034 3307 218 69 design,
1294 3309 77 69 by
1415 3310 219 55 Adolfo
1681 3316 469 73 Best-Maugard.

163 3385 140 54 New
328 3385 164 52 York
516 3386 46 50 &
586 3384 259 67 London,
870 3385 71 53 A.
969 3384 72 53 A.
1069 3385 225 70 Knopf,
1322 3390 150 51 1926.

237 3467 53 40 ix
316 3477 59 38 p.,
401 3466 27 40 1
478 3496 23 17 l.,
529 3465 98 48 181,
659 3466 55 49 [1]
746 3477 44 37 p.
817 3465 110 43 incl.
955 3466 143 48 illus.,
1127 3468 173 48 plates.
1361 3468 56 41 21
1420 3472 45 22 cm
1469 3502 9 10 .

163 3516 54 56 ©
242 3523 120 40 Nov.
389 3522 70 48 19,
485 3521 116 43 1926;
657 3522 67 41 2c.
753 3522 118 41 Nov.
901 3521 58 42 27;
1015 3522 82 41 aff.
1125 3523 119 42 Nov.
1271 3524 56 41 24;
1385 3526 42 39 A
1455 3526 174 44 958158;
1685 3530 173 43 Alfred
1887 3535 56 41 A.
1973 3537 181 50 Knopf,

232 3578 92 41 inc.
392 3577 223 51 (27-164)

166 3668 1988 88 The Best poems of 1926. Edited by L. A. G. Strong … New
233 3749 180 68 York,
437 3748 190 69 Dodd,
653 3749 171 53 Mead
850 3751 47 51 &
922 3768 297 52 company,
1248 3754 149 53 1926.

334 3829 551 52 xxv p., 1 l., 234 p. 17 cm .
163 3882 57 55 ©
243 3889 113 39 Dec.
382 3887 70 48 11,
478 3885 116 42 1926;
646 3886 68 40 2c.
741 3886 113 41 Dec.
881 3886 56 41 22;
994 3887 82 42 aff.
1105 3890 113 39 Dec.
1246 3890 55 40 31;
1357 3892 42 39 A
1424 3892 175 43 958529;
1653 3898 153 50 Dodd,
1837 3903 143 41 Mead
2008 3906 37 41 &
2070 3919 55 30 co.,

234 3944 91 41 inc.
