2542 4285
1277 3935 110 60 462

336 318 209 72 Shute,
584 318 218 74 Henry
833 318 342 73 Augustus,
1217 322 188 56 1856-

411 408 222 72 Plupy,
669 409 218 71 Beany
919 410 124 56 and
1075 410 172 56 Pewt:
1313 413 402 69 contracters,
1750 411 83 71 by
1864 412 207 72 Judge
2105 413 217 71 Henry

334 484 1988 78 A. Shute … illustrations by Leslie Turner. Philadelphia,
333 562 318 57 Dorrance
685 564 124 56 and
840 582 305 54 company
1178 594 13 43 [
1193 573 18 22 c
1215 567 163 71 1926]

404 653 744 53 199 p. front., plates. 19 ½cm .
330 723 52 53 ©
414 725 111 51 Apr.
561 727 35 49 1,
633 725 128 52 1926;
793 726 65 42 2c.
891 727 87 42 and
1010 726 78 43 aff.
1121 726 112 51 Apr.
1265 726 77 52 24;
1377 726 44 42 A
1453 727 189 51 891141;
1679 728 237 44 Dorrance
1945 729 37 43 &
2014 744 78 36 co.,
2127 729 82 44 inc.

409 780 240 55 (26-9572)

335 878 262 73 Simons,
641 880 228 72 Harry.

409 969 349 73 Designing
793 970 145 56 sack
972 972 190 70 coats,
1197 971 178 56 dress
1413 974 170 54 coats
1619 973 122 56 and
1771 976 190 69 vests,
1995 974 82 71 by
2110 974 216 72 Harry

337 1047 1988 77 Simons … New York, N. Y., The Clothing designer co.,
331 1125 113 57 inc.
483 1155 13 43 [
499 1134 18 22 c
520 1128 162 71 1925]

401 1214 76 45 155
500 1231 39 37 p.
602 1217 19 42 1
646 1215 130 52 illus.,
799 1216 166 52 diagrs.
1023 1218 54 43 23½
1113 1221 47 17 cm
1166 1253 8 8 .

329 1287 52 53 ©
418 1289 110 44 Dec.
567 1290 33 49 1,
640 1287 129 53 1925;
807 1289 64 41 2c.
908 1288 111 52 Apr.
1060 1288 62 51 16,
1165 1288 127 52 1926;
1332 1289 79 43 aff.
1448 1289 112 52 Apr.
1602 1288 71 53 15;
1714 1290 44 43 A
1797 1290 188 53 891049;
2026 1292 61 43 H.
2130 1290 195 54 Simons,

399 1345 117 44 New
543 1345 141 43 York.
753 1344 241 54 (26-9436)

333 1442 241 74 Singer,
610 1444 189 57 Anna
832 1444 83 57 M.

409 1534 245 58 Walter
755 1534 465 56 Rauschenbusch
1262 1535 125 55 and
1425 1534 98 57 his
1568 1534 420 58 contribution
2028 1539 63 54 to
2135 1537 192 58 social

338 1610 434 73 Christianity,
814 1612 83 69 by
937 1611 186 56 Anna
1165 1611 84 57 M.
1296 1610 244 73 Singer,
1625 1658 10 11 A.
1740 1658 11 11 M.
1835 1612 257 74 Boston,
2197 1661 11 11 R.
2255 1614 69 59 G.

332 1688 254 72 Badger
623 1718 13 43 [
638 1695 20 22 c
661 1689 164 73 1926]

399 1778 62 52 xi,
498 1778 160 44 13-136
689 1793 38 37 p.
787 1777 28 43 21½
876 1781 47 17 cm
930 1813 8 8 .

403 1847 247 47 “Sources”:
725 1862 39 38 p.
815 1848 89 43 133.
967 1847 327 53 Bibliography
1341 1847 51 45 of
1438 1848 180 45 Walter
1663 1849 415 45 Rauschenbusch’s
331 1849 1970 100 publications:
506 1920 38 37 p.
577 1903 200 45 135-136.

329 1973 52 53 ©
411 1976 118 42 Mar.
563 1976 63 50 13,
658 1974 129 53 1926;
817 1975 65 43 2c.
914 1974 111 52 Apr.
1053 1974 78 52 26;
1163 1975 78 42 aff.
1271 1974 112 52 Apr.
1412 1975 78 51 24;
1522 1974 44 43 A
1594 1973 189 54 891173;
1817 1974 199 45 Richard
2046 1976 51 45 G.
2131 1976 193 52 Badger.

407 2031 240 54 (26-9623)

332 2129 251 74 Society
612 2130 66 57 of
710 2129 380 58 automotive
1124 2128 342 75 engineers,
1501 2129 117 58 inc.

410 2219 1919 73 Transactions … 1924. v. 19, pt. 2. Papers presented
331 2296 1998 74 at the annual society and section meetings … New
329 2375 173 57 York
533 2375 141 72 city.
708 2375 179 57 Office
921 2375 67 55 of
1020 2375 102 56 the
1157 2374 252 71 Society
1442 2376 180 73 [1926]

399 2451 91 52 viii,
529 2450 92 52 704,
660 2452 143 41 ix-xx
841 2465 38 37 p.
947 2450 129 52 illus.,
1115 2449 108 45 fold,
1262 2451 158 52 plates,
1455 2451 144 43 tables
1646 2451 125 53 (part
1811 2451 156 54 fold.),
2007 2450 166 54 diagrs.
2201 2452 125 53 (part

330 2505 135 55 fold.)
531 2508 56 42 22½
619 2511 46 16 cm
672 2543 8 8 .

330 2562 52 53 ©
419 2564 112 52 Apr.
570 2565 36 48 3,
649 2563 105 43 1926;
816 2564 65 43 2c.
920 2565 87 42 and
1043 2563 78 43 aff.
1160 2563 112 52 Apr.
1311 2563 54 43 26;
1430 2563 44 42 A
1512 2562 164 45 890497;
1745 2562 181 54 Society
1964 2564 50 43 of
2051 2562 276 46 automotive

400 2619 246 54 engineers,
686 2620 82 43 inc.

332 2718 320 73 Spengler,
697 2717 266 74 Oswald,
1008 2721 108 55 1880-

411 2810 128 56 The
580 2809 234 57 decline
857 2809 67 56 of
964 2810 102 56 the
1107 2809 210 70 West;
1359 2809 170 56 form
1569 2810 122 56 and
1733 2807 318 72 actuality,
2094 2809 83 71 by
330 2809 1972 135 Oswald

550 2886 336 72 Spengler;
946 2886 364 57 authorized
1368 2886 379 56 translation
1802 2885 151 57 with
2009 2890 180 53 notes
2246 2886 83 71 by

335 2963 258 58 Charles
645 2963 264 57 Francis
960 2963 329 57 Atkinson.
1394 2962 153 57 New
1593 2962 189 73 York,
1832 2962 76 57 A.
1959 2962 75 57 A.
2087 2962 239 75 Knopf,

332 3042 164 55 1926.

398 3116 1032 53 xviii, 443 p., 1 l. III fold. tab. 24½ cm .
401 3171 1488 53 Translation of vol. I of Der Untergang des Abendlandes.
332 3228 52 53 ©
409 3229 113 52 Apr.
546 3230 66 50 23,
643 3229 105 43 1926;
798 3229 65 43 2c.
893 3230 112 51 May
1036 3231 17 40 1;
1113 3230 77 41 aff.
1218 3229 112 53 Apr.
1359 3229 53 43 29;
1469 3229 44 42 A
1542 3228 158 43 890601;
1759 3228 167 44 Alfred
1954 3228 56 43 A.
2041 3228 170 51 Knopf,
2243 3228 80 43 inc.

410 3284 241 55 (26-9486)

337 3384 278 70 Stevens,
655 3384 216 57 Frank
906 3383 272 69 Walker,
1220 3387 189 56 1847-

415 3476 130 59 The
585 3474 372 76 beginnings
1001 3479 68 56 of
1108 3478 106 57 the
1255 3477 151 56 New
1445 3477 172 57 York
1658 3476 237 58 central
1938 3475 309 66 railroad;
2292 3499 34 36 a

336 3553 262 73 history,
630 3556 83 70 by
744 3555 214 55 Frank
990 3553 256 59 Walker
1282 3554 280 58 Stevens.
1644 3551 152 59 New
1826 3553 191 70 York,
2051 3554 276 61 London,

339 3632 69 58 G.
438 3632 68 57 P.
538 3633 330 56 Putnam’s
900 3649 163 56 sons,
1095 3632 164 56 1926.

406 3710 92 51 xvi,
528 3710 80 44 408
636 3723 42 38 p.
737 3710 151 50 front.,
917 3708 117 44 illus.
1066 3708 127 53 (incl.
1224 3707 226 53 facsims.)
1485 3705 156 55 plates,
1670 3714 154 46 ports.,
1857 3706 113 46 fold.
2001 3721 115 38 map.
2175 3707 54 44 23½
2264 3709 47 19 cm
2317 3741 10 10 .

336 3765 124 50 $4.00

333 3819 53 57 ©
423 3820 110 52 Apr.
572 3818 61 53 17,
675 3819 129 51 1926;
843 3820 63 43 2c.
942 3821 87 42 and
1066 3820 77 42 aff.
1180 3819 112 52 Apr.
1328 3818 79 52 21;
1448 3819 44 42 A
1530 3818 187 55 890440;
1759 3816 50 47 F.
1848 3818 74 44 W.
1964 3816 203 53 Stevens,
2207 3817 117 44 New

402 3877 142 45 York.
612 3875 241 47 (26-9442)
