<alto xmlns="http://www.loc.gov/standards/alto/ns-v3#" xmlns:xlink="http://www.w3.org/1999/xlink" xmlns:xsi="http://www.w3.org/2001/XMLSchema-instance" xsi:schemaLocation="http://www.loc.gov/standards/alto/ns-v3# http://www.loc.gov/alto/v3/alto-3-0.xsd"><Description>
<MeasurementUnit>pixel</MeasurementUnit>
<sourceImageInformation>
<fileName>1926_v23_Part001.pdf</fileName>
</sourceImageInformation>
<OCRProcessing ID="IdOcr">
<ocrProcessingStep>
<processingDateTime>2019-04-10</processingDateTime>
<processingSoftware>
<softwareCreator>ABBYY</softwareCreator>
<softwareName>ABBYY Recognition Server</softwareName>
<softwareVersion>4.0</softwareVersion>
</processingSoftware>
</ocrProcessingStep>
</OCRProcessing>
</Description>
<Styles>
<ParagraphStyle ID="StyleId-FFFFFFFF-FFFF-FFFF-FFFF-FFFFFFFFFFFF-" ALIGN="Left" LEFT="0." RIGHT="0." FIRSTLINE="0."/>
<ParagraphStyle ID="StyleId-22C3EA86-D171-42E2-A7D2-9A866F7D91F9-" ALIGN="Left" LEFT="0." RIGHT="0." FIRSTLINE="0." LINESPACE="8.300000191"/>
<ParagraphStyle ID="StyleId-E3FA4CC6-F5E5-41CA-B4C4-90085BF71B6C-" ALIGN="Block" LEFT="0." RIGHT="0." FIRSTLINE="-14." LINESPACE="8.050000191"/>
<ParagraphStyle ID="StyleId-41118DB3-028A-4115-95B3-BB512DD0EDAE-" ALIGN="Left" LEFT="0." RIGHT="0." FIRSTLINE="-13." LINESPACE="13.30000019"/>
<ParagraphStyle ID="StyleId-A2FB4C2B-BF87-45AD-9689-33B0118FBFC1-" ALIGN="Block" LEFT="0." RIGHT="0." FIRSTLINE="-14." LINESPACE="11.06999969"/>
<ParagraphStyle ID="StyleId-BBBA7B5D-FE2B-4BC7-AC7D-F142900C21B8-" ALIGN="Block" LEFT="0." RIGHT="0." FIRSTLINE="0." LINESPACE="8.899999619"/>
<ParagraphStyle ID="StyleId-3CEA3EEE-4341-4E33-9EF0-A9438AB90A9B-" ALIGN="Center" LEFT="0." RIGHT="0." FIRSTLINE="0." LINESPACE="12.19999981"/>
<ParagraphStyle ID="StyleId-817955BE-3120-4B53-BBD3-920BAE733BFF-" ALIGN="Left" LEFT="0." RIGHT="0." FIRSTLINE="0." LINESPACE="12.19999981"/>
<ParagraphStyle ID="StyleId-456A266C-F799-486A-ACB1-75B61E9815AB-" ALIGN="Left" LEFT="0." RIGHT="0." FIRSTLINE="-13." LINESPACE="8.18999958"/>
<ParagraphStyle ID="StyleId-6A1E9ED6-E5EA-4E31-BD5A-88089B8D7134-" ALIGN="Right" LEFT="0." RIGHT="0." FIRSTLINE="0." LINESPACE="7.699999809"/>
<ParagraphStyle ID="StyleId-C11ABF73-04BC-4F6E-B7E4-01FCA3A26756-" ALIGN="Left" LEFT="0." RIGHT="0." FIRSTLINE="-13." LINESPACE="12.19999981"/>
<ParagraphStyle ID="StyleId-662CF6CF-DB5F-40BE-AD24-E877ED82DD6F-" ALIGN="Block" LEFT="0." RIGHT="0." FIRSTLINE="-14." LINESPACE="11.06999969"/>
<ParagraphStyle ID="StyleId-9361006B-74B5-41BD-BFD3-03318AD64910-" ALIGN="Left" LEFT="0." RIGHT="0." FIRSTLINE="0." LINESPACE="8.899999619"/>
</Styles>
<Layout>
<Page ID="Page1134" PHYSICAL_IMG_NR="1134" HEIGHT="4285" WIDTH="2542">
<TopMargin HEIGHT="315" WIDTH="2542" VPOS="0" HPOS="0">
</TopMargin>
<LeftMargin HEIGHT="3739" WIDTH="344" VPOS="315" HPOS="0">
</LeftMargin>
<RightMargin HEIGHT="3739" WIDTH="176" VPOS="315" HPOS="2366">
</RightMargin>
<BottomMargin HEIGHT="231" WIDTH="2542" VPOS="4054" HPOS="0">
</BottomMargin>
<PrintSpace HEIGHT="3739" WIDTH="2022" VPOS="315" HPOS="344">
<TextBlock ID="Page1134_Block1" HEIGHT="78" WIDTH="172" VPOS="3976" HPOS="1276" LANG="en-US" STYLEREFS="StyleId-D8C17D83-DF37-49BD-9268-88833A0E74E2-">
<TextLine HEIGHT="57" WIDTH="151" VPOS="3987" HPOS="1287">
<String CONTENT="1134" HEIGHT="57" WIDTH="151" VPOS="3987" HPOS="1287"/>
</TextLine>
</TextBlock>
<TextBlock ID="Page1134_Block2" HEIGHT="3669" WIDTH="2022" VPOS="315" HPOS="344" LANG="en-US" CS="1" STYLEREFS="StyleId-9E91A9C9-6A4A-47CE-A1DE-CDAAAF069100-">
<Shape>
<Polygon POINTS="1956,315 2366,315 2366,3984 344,3984 344,370 1954,370 1954,368 1956,368 1956,315"/>
</Shape>
<TextLine HEIGHT="78" WIDTH="1943" VPOS="379" HPOS="362" STYLEREFS="StyleId-AB2ACB52-59F9-423A-BF34-13E8C12D0352-" CS="1">
<String CONTENT="Halsbury," HEIGHT="73" WIDTH="334" VPOS="384" HPOS="362"/>
<SP HEIGHT="72" WIDTH="37" VPOS="384" HPOS="697"/>
<String CONTENT="Hardinge" HEIGHT="72" WIDTH="324" VPOS="382" HPOS="735"/>
<SP HEIGHT="58" WIDTH="34" VPOS="383" HPOS="1060"/>
<String CONTENT="Goulburn" HEIGHT="60" WIDTH="323" VPOS="381" HPOS="1095"/>
<SP HEIGHT="60" WIDTH="31" VPOS="381" HPOS="1419"/>
<String CONTENT="Giffard," HEIGHT="70" WIDTH="265" VPOS="380" HPOS="1451"/>
<SP HEIGHT="59" WIDTH="35" VPOS="391" HPOS="1717"/>
<String CONTENT="2d" HEIGHT="58" WIDTH="79" VPOS="382" HPOS="1753"/>
<SP HEIGHT="58" WIDTH="37" VPOS="382" HPOS="1833"/>
<String CONTENT="earl" HEIGHT="59" WIDTH="128" VPOS="380" HPOS="1871"/>
<SP HEIGHT="59" WIDTH="36" VPOS="380" HPOS="2000"/>
<String CONTENT="of," HEIGHT="76" WIDTH="85" VPOS="379" HPOS="2037"/>
<SP HEIGHT="73" WIDTH="33" VPOS="382" HPOS="2123"/>
<String CS="1" CONTENT="1880-" HEIGHT="59" WIDTH="148" VPOS="380" HPOS="2157"/>
</TextLine>
<TextLine HEIGHT="153" WIDTH="1961" VPOS="484" HPOS="358" STYLEREFS="StyleId-68443C80-CDEB-4FAA-BC29-7231B553B7BF-" CS="1">
<String CONTENT="1944," HEIGHT="70" WIDTH="165" VPOS="490" HPOS="437"/>
<SP HEIGHT="70" WIDTH="39" VPOS="490" HPOS="603"/>
<String CONTENT="by" HEIGHT="70" WIDTH="82" VPOS="490" HPOS="643"/>
<SP HEIGHT="68" WIDTH="40" VPOS="492" HPOS="726"/>
<String CONTENT="the" HEIGHT="58" WIDTH="104" VPOS="488" HPOS="767"/>
<SP HEIGHT="59" WIDTH="41" VPOS="487" HPOS="872"/>
<String CONTENT="Earl" HEIGHT="57" WIDTH="157" VPOS="487" HPOS="914"/>
<SP HEIGHT="56" WIDTH="42" VPOS="488" HPOS="1072"/>
<String CONTENT="of" HEIGHT="58" WIDTH="69" VPOS="486" HPOS="1115"/>
<SP HEIGHT="57" WIDTH="39" VPOS="486" HPOS="1185"/>
<String CONTENT="Halsbury." HEIGHT="73" WIDTH="341" VPOS="485" HPOS="1225"/>
<SP HEIGHT="57" WIDTH="80" VPOS="486" HPOS="1567"/>
<String CONTENT="London," HEIGHT="71" WIDTH="282" VPOS="484" HPOS="1648"/>
<SP HEIGHT="70" WIDTH="45" VPOS="485" HPOS="1931"/>
<String LANG="la" CS="1" CONTENT="T." HEIGHT="57" WIDTH="50" VPOS="485" HPOS="1977"/>
<SP HEIGHT="56" WIDTH="44" VPOS="484" HPOS="2047"/>
<String CONTENT="Butterworth," HEIGHT="153" WIDTH="1961" VPOS="484" HPOS="358"/>
<SP HEIGHT="71" WIDTH="28" VPOS="566" HPOS="575"/>
<String CONTENT="limited" HEIGHT="59" WIDTH="242" VPOS="565" HPOS="604"/>
<SP HEIGHT="72" WIDTH="28" VPOS="565" HPOS="847"/>
<String CONTENT="[1926]" HEIGHT="72" WIDTH="182" VPOS="565" HPOS="876"/>
</TextLine>
<TextLine HEIGHT="54" WIDTH="362" VPOS="654" HPOS="428" CS="1">
<String CONTENT="302" HEIGHT="43" WIDTH="83" VPOS="656" HPOS="428"/>
<SP HEIGHT="51" WIDTH="27" VPOS="657" HPOS="512"/>
<String CONTENT="p." HEIGHT="39" WIDTH="40" VPOS="669" HPOS="540"/>
<SP HEIGHT="48" WIDTH="60" VPOS="654" HPOS="581"/>
<String CS="1" CONTENT="18&#189;"/>
<String STYLE="superscript" CONTENT="cm" HEIGHT="18" WIDTH="46" VPOS="657" HPOS="728"/>
<String CONTENT="." HEIGHT="10" WIDTH="11" VPOS="689" HPOS="779"/>
</TextLine>
<TextLine HEIGHT="57" WIDTH="1986" VPOS="721" HPOS="358" STYLEREFS="StyleId-4FDC7C34-546E-46C9-B769-09EF2F851235-" CS="1">
<String CONTENT="&#169;" HEIGHT="54" WIDTH="53" VPOS="724" HPOS="358"/>
<SP/>
<String CS="1" CONTENT="1c."/>
<SP/>
<String CONTENT="May" HEIGHT="52" WIDTH="110" VPOS="726" HPOS="545"/>
<SP HEIGHT="52" WIDTH="28" VPOS="726" HPOS="656"/>
<String CONTENT="21," HEIGHT="50" WIDTH="66" VPOS="726" HPOS="685"/>
<SP HEIGHT="49" WIDTH="36" VPOS="727" HPOS="752"/>
<String CONTENT="1926;" HEIGHT="52" WIDTH="129" VPOS="725" HPOS="789"/>
<SP HEIGHT="51" WIDTH="34" VPOS="726" HPOS="919"/>
<!-- cceid 04C6F827-6E1B-1014-9B7B-CA07F191E62B --><String CONTENT="A" HEIGHT="41" WIDTH="44" VPOS="726" HPOS="954"/>
<SP HEIGHT="42" WIDTH="31" VPOS="726" HPOS="999"/>
<String CONTENT="ad" HEIGHT="42" WIDTH="56" VPOS="726" HPOS="1031"/>
<SP HEIGHT="43" WIDTH="32" VPOS="725" HPOS="1088"/>
<String CONTENT="int." HEIGHT="43" WIDTH="76" VPOS="725" HPOS="1121"/>
<SP HEIGHT="42" WIDTH="33" VPOS="725" HPOS="1198"/>
<String CONTENT="8201;" HEIGHT="51" WIDTH="132" VPOS="725" HPOS="1232"/>
<SP HEIGHT="38" WIDTH="36" VPOS="738" HPOS="1365"/>
<String CONTENT="pubd." HEIGHT="52" WIDTH="132" VPOS="724" HPOS="1402"/>
<SP HEIGHT="43" WIDTH="33" VPOS="724" HPOS="1535"/>
<String CONTENT="Mar." HEIGHT="44" WIDTH="119" VPOS="724" HPOS="1569"/>
<SP HEIGHT="44" WIDTH="33" VPOS="724" HPOS="1689"/>
<String CONTENT="26;" HEIGHT="52" WIDTH="77" VPOS="723" HPOS="1723"/>
<SP HEIGHT="51" WIDTH="36" VPOS="724" HPOS="1801"/>
<String CONTENT="Hardinge" HEIGHT="53" WIDTH="239" VPOS="723" HPOS="1838"/>
<SP HEIGHT="46" WIDTH="33" VPOS="721" HPOS="2078"/>
<String CONTENT="Goulburn" HEIGHT="46" WIDTH="232" VPOS="721" HPOS="2112"/>
</TextLine>
<TextLine HEIGHT="55" WIDTH="1242" VPOS="780" HPOS="429" STYLEREFS="StyleId-4FDC7C34-546E-46C9-B769-09EF2F851235-">
<String CONTENT="Giffard," HEIGHT="53" WIDTH="191" VPOS="782" HPOS="429"/>
<SP HEIGHT="37" WIDTH="30" VPOS="798" HPOS="621"/>
<String CONTENT="earl" HEIGHT="44" WIDTH="92" VPOS="782" HPOS="652"/>
<SP HEIGHT="44" WIDTH="27" VPOS="782" HPOS="745"/>
<String CONTENT="of" HEIGHT="43" WIDTH="50" VPOS="783" HPOS="773"/>
<SP HEIGHT="42" WIDTH="27" VPOS="783" HPOS="824"/>
<String CONTENT="Halsbury," HEIGHT="52" WIDTH="249" VPOS="782" HPOS="852"/>
<SP HEIGHT="52" WIDTH="30" VPOS="782" HPOS="1102"/>
<String CONTENT="London." HEIGHT="44" WIDTH="199" VPOS="782" HPOS="1133"/>
<SP HEIGHT="53" WIDTH="67" VPOS="782" HPOS="1333"/>
<String CONTENT="(26-17118)" HEIGHT="55" WIDTH="270" VPOS="780" HPOS="1401"/>
</TextLine>
<TextLine HEIGHT="73" WIDTH="615" VPOS="882" HPOS="362" STYLEREFS="StyleId-AB2ACB52-59F9-423A-BF34-13E8C12D0352-">
<String CONTENT="Haywood," HEIGHT="73" WIDTH="338" VPOS="882" HPOS="362"/>
<SP HEIGHT="71" WIDTH="36" VPOS="883" HPOS="701"/>
<String CONTENT="Foster." HEIGHT="57" WIDTH="239" VPOS="883" HPOS="738"/>
</TextLine>
<TextLine HEIGHT="140" WIDTH="1970" VPOS="987" HPOS="354" STYLEREFS="StyleId-68443C80-CDEB-4FAA-BC29-7231B553B7BF-" CS="1">
<String CONTENT="Songs" HEIGHT="75" WIDTH="202" VPOS="989" HPOS="434"/>
<SP HEIGHT="39" WIDTH="32" VPOS="1009" HPOS="637"/>
<String CONTENT="and" HEIGHT="57" WIDTH="124" VPOS="992" HPOS="670"/>
<SP HEIGHT="57" WIDTH="28" VPOS="992" HPOS="795"/>
<String CONTENT="scenes" HEIGHT="40" WIDTH="210" VPOS="1009" HPOS="824"/>
<SP HEIGHT="41" WIDTH="31" VPOS="1008" HPOS="1035"/>
<String CONTENT="of" HEIGHT="57" WIDTH="69" VPOS="993" HPOS="1067"/>
<SP HEIGHT="57" WIDTH="26" VPOS="993" HPOS="1137"/>
<String CONTENT="the" HEIGHT="58" WIDTH="103" VPOS="992" HPOS="1164"/>
<SP HEIGHT="57" WIDTH="30" VPOS="990" HPOS="1268"/>
<String CONTENT="High" HEIGHT="75" WIDTH="174" VPOS="989" HPOS="1299"/>
<SP HEIGHT="59" WIDTH="32" VPOS="990" HPOS="1474"/>
<String CONTENT="Sierras," HEIGHT="72" WIDTH="267" VPOS="988" HPOS="1507"/>
<SP HEIGHT="69" WIDTH="28" VPOS="991" HPOS="1775"/>
<String CONTENT="by" HEIGHT="71" WIDTH="85" VPOS="991" HPOS="1804"/>
<SP HEIGHT="73" WIDTH="26" VPOS="989" HPOS="1890"/>
<String CONTENT="Foster" HEIGHT="57" WIDTH="227" VPOS="989" HPOS="1917"/>
<SP HEIGHT="57" WIDTH="30" VPOS="987" HPOS="2145"/>
<String CONTENT="Haywood." HEIGHT="140" WIDTH="1970" VPOS="987" HPOS="354"/>
</TextLine>
<TextLine HEIGHT="156" WIDTH="1969" VPOS="1064" HPOS="354" STYLEREFS="StyleId-68443C80-CDEB-4FAA-BC29-7231B553B7BF-" CS="1">
<String CONTENT="San" HEIGHT="59" WIDTH="128" VPOS="1069" HPOS="632"/>
<SP HEIGHT="57" WIDTH="52" VPOS="1069" HPOS="761"/>
<String CONTENT="Francisco," HEIGHT="74" WIDTH="357" VPOS="1068" HPOS="814"/>
<SP HEIGHT="74" WIDTH="51" VPOS="1068" HPOS="1172"/>
<String CONTENT="Harr" HEIGHT="57" WIDTH="175" VPOS="1068" HPOS="1224"/>
<SP HEIGHT="59" WIDTH="49" VPOS="1067" HPOS="1400"/>
<String CONTENT="Wagner" HEIGHT="74" WIDTH="279" VPOS="1067" HPOS="1450"/>
<SP HEIGHT="54" WIDTH="48" VPOS="1086" HPOS="1730"/>
<String CONTENT="publishing" HEIGHT="76" WIDTH="362" VPOS="1064" HPOS="1779"/>
<SP HEIGHT="55" WIDTH="48" VPOS="1085" HPOS="2142"/>
<String CONTENT="company," HEIGHT="137" WIDTH="1969" VPOS="1083" HPOS="354"/>
<SP HEIGHT="73" WIDTH="29" VPOS="1147" HPOS="542"/>
<String CONTENT="1926." HEIGHT="57" WIDTH="166" VPOS="1147" HPOS="572"/>
</TextLine>
<TextLine HEIGHT="53" WIDTH="872" VPOS="1237" HPOS="424">
<String CONTENT="xii," HEIGHT="52" WIDTH="80" VPOS="1238" HPOS="424"/>
<SP HEIGHT="51" WIDTH="28" VPOS="1239" HPOS="505"/>
<String CONTENT="55" HEIGHT="45" WIDTH="50" VPOS="1239" HPOS="534"/>
<SP HEIGHT="50" WIDTH="26" VPOS="1239" HPOS="585"/>
<String CONTENT="p." HEIGHT="35" WIDTH="41" VPOS="1254" HPOS="612"/>
<SP HEIGHT="42" WIDTH="28" VPOS="1240" HPOS="654"/>
<String CONTENT="incl." HEIGHT="45" WIDTH="101" VPOS="1238" HPOS="683"/>
<SP HEIGHT="43" WIDTH="29" VPOS="1239" HPOS="785"/>
<String CONTENT="front.," HEIGHT="49" WIDTH="152" VPOS="1239" HPOS="815"/>
<SP HEIGHT="49" WIDTH="28" VPOS="1239" HPOS="968"/>
<String CONTENT="illus." HEIGHT="44" WIDTH="119" VPOS="1238" HPOS="997"/>
<SP HEIGHT="43" WIDTH="56" VPOS="1237" HPOS="1117"/>
<String CONTENT="24" HEIGHT="44" WIDTH="55" VPOS="1237" HPOS="1174"/>
<String STYLE="superscript" CONTENT="cm" HEIGHT="17" WIDTH="46" VPOS="1239" HPOS="1236"/>
<String CONTENT="." HEIGHT="8" WIDTH="8" VPOS="1272" HPOS="1288"/>
</TextLine>
<TextLine HEIGHT="57" WIDTH="1988" VPOS="1303" HPOS="360">
<String CONTENT="&#169;" HEIGHT="54" WIDTH="53" VPOS="1306" HPOS="360"/>
<SP HEIGHT="54" WIDTH="31" VPOS="1306" HPOS="414"/>
<String CONTENT="Sept." HEIGHT="53" WIDTH="119" VPOS="1307" HPOS="446"/>
<SP HEIGHT="42" WIDTH="29" VPOS="1308" HPOS="566"/>
<String CONTENT="1," HEIGHT="49" WIDTH="35" VPOS="1308" HPOS="596"/>
<SP HEIGHT="49" WIDTH="32" VPOS="1308" HPOS="632"/>
<String CONTENT="1926;" HEIGHT="52" WIDTH="129" VPOS="1306" HPOS="665"/>
<SP HEIGHT="51" WIDTH="31" VPOS="1307" HPOS="795"/>
<String CONTENT="2c." HEIGHT="43" WIDTH="64" VPOS="1307" HPOS="827"/>
<SP HEIGHT="46" WIDTH="31" VPOS="1306" HPOS="892"/>
<String CONTENT="Sept." HEIGHT="52" WIDTH="121" VPOS="1306" HPOS="924"/>
<SP HEIGHT="44" WIDTH="26" VPOS="1305" HPOS="1046"/>
<String CONTENT="29;" HEIGHT="53" WIDTH="78" VPOS="1305" HPOS="1073"/>
<SP HEIGHT="38" WIDTH="32" VPOS="1320" HPOS="1152"/>
<String CONTENT="aff." HEIGHT="44" WIDTH="78" VPOS="1305" HPOS="1185"/>
<SP HEIGHT="48" WIDTH="34" VPOS="1303" HPOS="1264"/>
<String CONTENT="Sept." HEIGHT="55" WIDTH="119" VPOS="1303" HPOS="1299"/>
<SP HEIGHT="43" WIDTH="28" VPOS="1305" HPOS="1419"/>
<String CONTENT="28;" HEIGHT="52" WIDTH="79" VPOS="1305" HPOS="1448"/>
<SP HEIGHT="51" WIDTH="31" VPOS="1306" HPOS="1528"/>
<!-- cceid 04C7296B-6E1B-1014-9B7B-CA07F191E62B --><String CONTENT="A" HEIGHT="42" WIDTH="44" VPOS="1306" HPOS="1560"/>
<SP HEIGHT="43" WIDTH="28" VPOS="1306" HPOS="1605"/>
<String CONTENT="949261;" HEIGHT="54" WIDTH="188" VPOS="1304" HPOS="1634"/>
<SP HEIGHT="52" WIDTH="31" VPOS="1306" HPOS="1823"/>
<String CONTENT="Harr" HEIGHT="42" WIDTH="129" VPOS="1306" HPOS="1855"/>
<SP HEIGHT="44" WIDTH="25" VPOS="1306" HPOS="1985"/>
<String CONTENT="Wagner" HEIGHT="52" WIDTH="208" VPOS="1306" HPOS="2011"/>
<SP HEIGHT="39" WIDTH="25" VPOS="1319" HPOS="2220"/>
<String CONTENT="pub." HEIGHT="53" WIDTH="102" VPOS="1305" HPOS="2246"/>
</TextLine>
<TextLine HEIGHT="56" WIDTH="403" VPOS="1363" HPOS="428">
<String CONTENT="co." HEIGHT="29" WIDTH="64" VPOS="1380" HPOS="428"/>
<SP HEIGHT="53" WIDTH="67" VPOS="1366" HPOS="493"/>
<String CONTENT="(26-17312)" HEIGHT="56" WIDTH="270" VPOS="1363" HPOS="561"/>
</TextLine>
<TextLine HEIGHT="73" WIDTH="489" VPOS="1463" HPOS="361" STYLEREFS="StyleId-AB2ACB52-59F9-423A-BF34-13E8C12D0352-">
<String CONTENT="Heide," HEIGHT="71" WIDTH="214" VPOS="1463" HPOS="361"/>
<SP HEIGHT="70" WIDTH="38" VPOS="1464" HPOS="576"/>
<String CONTENT="Henry." HEIGHT="72" WIDTH="235" VPOS="1464" HPOS="615"/>
</TextLine>
<TextLine HEIGHT="74" WIDTH="1905" VPOS="1566" HPOS="437" STYLEREFS="StyleId-68443C80-CDEB-4FAA-BC29-7231B553B7BF-" CS="1">
<String CONTENT="Fancy" HEIGHT="70" WIDTH="214" VPOS="1569" HPOS="437"/>
<SP HEIGHT="52" WIDTH="40" VPOS="1587" HPOS="652"/>
<String CONTENT="cake" HEIGHT="58" WIDTH="147" VPOS="1568" HPOS="693"/>
<SP HEIGHT="56" WIDTH="40" VPOS="1569" HPOS="841"/>
<String CONTENT="baking" HEIGHT="73" WIDTH="234" VPOS="1566" HPOS="882"/>
<SP HEIGHT="54" WIDTH="43" VPOS="1586" HPOS="1117"/>
<String CS="1" CONTENT="[by]" HEIGHT="72" WIDTH="96" VPOS="1568" HPOS="1161"/>
<SP HEIGHT="73" WIDTH="45" VPOS="1567" HPOS="1273"/>
<String CONTENT="Henry" HEIGHT="72" WIDTH="221" VPOS="1567" HPOS="1319"/>
<SP HEIGHT="73" WIDTH="41" VPOS="1566" HPOS="1541"/>
<String CONTENT="Heide" HEIGHT="59" WIDTH="202" VPOS="1566" HPOS="1583"/>
<SP HEIGHT="71" WIDTH="53" VPOS="1566" HPOS="1786"/>
<String CONTENT="(incorporated)" HEIGHT="74" WIDTH="502" VPOS="1566" HPOS="1840"/>
</TextLine>
<TextLine HEIGHT="72" WIDTH="599" VPOS="1646" HPOS="362" STYLEREFS="StyleId-68443C80-CDEB-4FAA-BC29-7231B553B7BF-">
<String CONTENT="[New" HEIGHT="71" WIDTH="168" VPOS="1647" HPOS="362"/>
<SP HEIGHT="57" WIDTH="21" VPOS="1646" HPOS="531"/>
<String CONTENT="York]" HEIGHT="71" WIDTH="190" VPOS="1646" HPOS="553"/>
<SP HEIGHT="64" WIDTH="28" VPOS="1653" HPOS="744"/>
<String STYLE="superscript" CONTENT="c" HEIGHT="23" WIDTH="19" VPOS="1653" HPOS="773"/>
<String CONTENT="1926." HEIGHT="56" WIDTH="166" VPOS="1646" HPOS="795"/>
</TextLine>
<TextLine HEIGHT="56" WIDTH="1255" VPOS="1730" HPOS="433" CS="1">
<String CONTENT="1" HEIGHT="41" WIDTH="18" VPOS="1735" HPOS="433"/>
<SP HEIGHT="51" WIDTH="24" VPOS="1735" HPOS="452"/>
<String LANG="la" CONTENT="p." HEIGHT="38" WIDTH="40" VPOS="1748" HPOS="477"/>
<SP/>
<String LANG="la" CS="1" CONTENT="l.,"/>
<SP/>
<String CONTENT="[5]-135" HEIGHT="47" WIDTH="167" VPOS="1732" HPOS="613"/>
<SP HEIGHT="53" WIDTH="23" VPOS="1732" HPOS="781"/>
<String CONTENT="p." HEIGHT="38" WIDTH="40" VPOS="1747" HPOS="805"/>
<SP HEIGHT="45" WIDTH="60" VPOS="1731" HPOS="846"/>
<String CONTENT="illus.," HEIGHT="54" WIDTH="131" VPOS="1730" HPOS="907"/>
<SP HEIGHT="36" WIDTH="25" VPOS="1748" HPOS="1039"/>
<String CONTENT="col." HEIGHT="44" WIDTH="84" VPOS="1732" HPOS="1065"/>
<SP HEIGHT="38" WIDTH="25" VPOS="1748" HPOS="1150"/>
<String CONTENT="plates," HEIGHT="54" WIDTH="159" VPOS="1732" HPOS="1176"/>
<SP HEIGHT="38" WIDTH="24" VPOS="1748" HPOS="1336"/>
<String CONTENT="port." HEIGHT="47" WIDTH="117" VPOS="1739" HPOS="1361"/>
<SP HEIGHT="43" WIDTH="62" VPOS="1733" HPOS="1479"/>
<String CS="1" CONTENT="19&#189;" HEIGHT="44" WIDTH="50" VPOS="1733" HPOS="1542"/>
<String STYLE="superscript" CONTENT="cm" HEIGHT="17" WIDTH="46" VPOS="1735" HPOS="1627"/>
<String CONTENT="." HEIGHT="8" WIDTH="9" VPOS="1768" HPOS="1679"/>
</TextLine>
<TextLine HEIGHT="55" WIDTH="1992" VPOS="1804" HPOS="359">
<String CONTENT="&#169;" HEIGHT="54" WIDTH="53" VPOS="1804" HPOS="359"/>
<SP HEIGHT="54" WIDTH="26" VPOS="1804" HPOS="413"/>
<String CONTENT="Aug." HEIGHT="52" WIDTH="118" VPOS="1806" HPOS="440"/>
<SP HEIGHT="41" WIDTH="32" VPOS="1807" HPOS="559"/>
<String CONTENT="16," HEIGHT="52" WIDTH="59" VPOS="1805" HPOS="592"/>
<SP HEIGHT="51" WIDTH="32" VPOS="1806" HPOS="652"/>
<String CONTENT="1926;" HEIGHT="52" WIDTH="128" VPOS="1805" HPOS="685"/>
<SP HEIGHT="51" WIDTH="29" VPOS="1806" HPOS="814"/>
<String CONTENT="2c." HEIGHT="42" WIDTH="64" VPOS="1806" HPOS="844"/>
<SP HEIGHT="46" WIDTH="33" VPOS="1804" HPOS="909"/>
<String CONTENT="Sept." HEIGHT="53" WIDTH="119" VPOS="1804" HPOS="943"/>
<SP HEIGHT="43" WIDTH="26" VPOS="1805" HPOS="1063"/>
<String CONTENT="28;" HEIGHT="52" WIDTH="78" VPOS="1805" HPOS="1090"/>
<SP HEIGHT="37" WIDTH="32" VPOS="1820" HPOS="1169"/>
<String CONTENT="aff." HEIGHT="42" WIDTH="77" VPOS="1806" HPOS="1202"/>
<SP HEIGHT="46" WIDTH="34" VPOS="1805" HPOS="1280"/>
<String CONTENT="Sept." HEIGHT="52" WIDTH="121" VPOS="1805" HPOS="1315"/>
<SP HEIGHT="42" WIDTH="28" VPOS="1806" HPOS="1437"/>
<String CONTENT="23;" HEIGHT="51" WIDTH="78" VPOS="1806" HPOS="1466"/>
<SP HEIGHT="51" WIDTH="30" VPOS="1806" HPOS="1545"/>
<!-- cceid 04C75B26-6E1B-1014-9B7B-CA07F191E62B --><String CONTENT="A" HEIGHT="42" WIDTH="43" VPOS="1806" HPOS="1576"/>
<SP HEIGHT="43" WIDTH="27" VPOS="1806" HPOS="1620"/>
<String CONTENT="949251;" HEIGHT="55" WIDTH="190" VPOS="1804" HPOS="1648"/>
<SP HEIGHT="53" WIDTH="30" VPOS="1806" HPOS="1839"/>
<String CONTENT="Henry" HEIGHT="53" WIDTH="163" VPOS="1806" HPOS="1870"/>
<SP HEIGHT="53" WIDTH="25" VPOS="1806" HPOS="2034"/>
<String CONTENT="Heide," HEIGHT="52" WIDTH="162" VPOS="1806" HPOS="2060"/>
<SP HEIGHT="53" WIDTH="29" VPOS="1805" HPOS="2223"/>
<String CONTENT="inc." HEIGHT="53" WIDTH="98" VPOS="1805" HPOS="2253"/>
</TextLine>
<TextLine HEIGHT="55" WIDTH="636" VPOS="1862" HPOS="430">
<String CONTENT="New" HEIGHT="43" WIDTH="116" VPOS="1864" HPOS="430"/>
<SP HEIGHT="43" WIDTH="35" VPOS="1864" HPOS="547"/>
<String CONTENT="York." HEIGHT="44" WIDTH="143" VPOS="1863" HPOS="583"/>
<SP HEIGHT="53" WIDTH="68" VPOS="1864" HPOS="727"/>
<String CONTENT="(26-17442)" HEIGHT="55" WIDTH="270" VPOS="1862" HPOS="796"/>
</TextLine>
<TextLine HEIGHT="78" WIDTH="1205" VPOS="1962" HPOS="364" STYLEREFS="StyleId-68443C80-CDEB-4FAA-BC29-7231B553B7BF-">
<String CONTENT="[Higgins," HEIGHT="74" WIDTH="307" VPOS="1962" HPOS="364"/>
<SP HEIGHT="70" WIDTH="38" VPOS="1964" HPOS="672"/>
<String CONTENT="Martin" HEIGHT="57" WIDTH="242" VPOS="1963" HPOS="711"/>
<SP HEIGHT="56" WIDTH="31" VPOS="1964" HPOS="954"/>
<String CONTENT="Meginney]" HEIGHT="78" WIDTH="355" VPOS="1962" HPOS="986"/>
<SP HEIGHT="74" WIDTH="37" VPOS="1966" HPOS="1342"/>
<String CONTENT="1844-" HEIGHT="56" WIDTH="189" VPOS="1966" HPOS="1380"/>
</TextLine>
<TextLine HEIGHT="77" WIDTH="1912" VPOS="2054" HPOS="435" STYLEREFS="StyleId-68443C80-CDEB-4FAA-BC29-7231B553B7BF-">
<String CONTENT="History" HEIGHT="75" WIDTH="267" VPOS="2055" HPOS="435"/>
<SP HEIGHT="56" WIDTH="53" VPOS="2074" HPOS="703"/>
<String CONTENT="of" HEIGHT="57" WIDTH="68" VPOS="2059" HPOS="757"/>
<SP HEIGHT="58" WIDTH="50" VPOS="2059" HPOS="826"/>
<String CONTENT="the" HEIGHT="59" WIDTH="104" VPOS="2058" HPOS="877"/>
<SP HEIGHT="40" WIDTH="53" VPOS="2076" HPOS="982"/>
<String CONTENT="reincarnation" HEIGHT="60" WIDTH="466" VPOS="2054" HPOS="1036"/>
<SP HEIGHT="40" WIDTH="52" VPOS="2077" HPOS="1503"/>
<String CONTENT="of" HEIGHT="58" WIDTH="69" VPOS="2059" HPOS="1556"/>
<SP HEIGHT="60" WIDTH="49" VPOS="2057" HPOS="1626"/>
<String CONTENT="Easton," HEIGHT="74" WIDTH="262" VPOS="2057" HPOS="1676"/>
<SP HEIGHT="75" WIDTH="53" VPOS="2056" HPOS="1939"/>
<String CONTENT="Maryland." HEIGHT="74" WIDTH="354" VPOS="2056" HPOS="1993"/>
</TextLine>
<TextLine HEIGHT="77" WIDTH="1952" VPOS="2133" HPOS="360" STYLEREFS="StyleId-68443C80-CDEB-4FAA-BC29-7231B553B7BF-">
<String CONTENT="[Easton," HEIGHT="74" WIDTH="276" VPOS="2133" HPOS="360"/>
<SP HEIGHT="71" WIDTH="32" VPOS="2135" HPOS="637"/>
<String CONTENT="Md.," HEIGHT="73" WIDTH="147" VPOS="2135" HPOS="670"/>
<SP HEIGHT="71" WIDTH="34" VPOS="2137" HPOS="818"/>
<String CONTENT="Press" HEIGHT="58" WIDTH="190" VPOS="2137" HPOS="853"/>
<SP HEIGHT="42" WIDTH="35" VPOS="2153" HPOS="1044"/>
<String CONTENT="of" HEIGHT="57" WIDTH="69" VPOS="2137" HPOS="1080"/>
<SP HEIGHT="57" WIDTH="30" VPOS="2137" HPOS="1150"/>
<String CONTENT="the" HEIGHT="57" WIDTH="104" VPOS="2136" HPOS="1181"/>
<SP HEIGHT="57" WIDTH="31" VPOS="2136" HPOS="1286"/>
<String CONTENT="Easton" HEIGHT="60" WIDTH="243" VPOS="2136" HPOS="1318"/>
<SP HEIGHT="59" WIDTH="34" VPOS="2137" HPOS="1562"/>
<String CONTENT="Star-democrat," HEIGHT="72" WIDTH="514" VPOS="2137" HPOS="1597"/>
<SP HEIGHT="71" WIDTH="34" VPOS="2138" HPOS="2112"/>
<String CONTENT="1926]" HEIGHT="72" WIDTH="165" VPOS="2138" HPOS="2147"/>
</TextLine>
<TextLine HEIGHT="55" WIDTH="1266" VPOS="2224" HPOS="426" CS="1">
<String CONTENT="2" HEIGHT="42" WIDTH="27" VPOS="2228" HPOS="426"/>
<SP HEIGHT="51" WIDTH="26" VPOS="2228" HPOS="454"/>
<String LANG="la" CONTENT="p." HEIGHT="38" WIDTH="40" VPOS="2241" HPOS="481"/>
<SP/>
<String LANG="la" CS="1" CONTENT="l.,"/>
<SP/>
<String CONTENT="3-275," HEIGHT="53" WIDTH="149" VPOS="2225" HPOS="617"/>
<SP HEIGHT="35" WIDTH="28" VPOS="2243" HPOS="767"/>
<String CONTENT="[1]" HEIGHT="50" WIDTH="52" VPOS="2227" HPOS="796"/>
<SP HEIGHT="37" WIDTH="27" VPOS="2241" HPOS="849"/>
<String CONTENT="p." HEIGHT="37" WIDTH="41" VPOS="2241" HPOS="877"/>
<SP HEIGHT="46" WIDTH="61" VPOS="2224" HPOS="919"/>
<String CS="1" CONTENT="front."/>
<SP HEIGHT="53" WIDTH="29" VPOS="2225" HPOS="1119"/>
<String CONTENT="(port.)" HEIGHT="53" WIDTH="170" VPOS="2225" HPOS="1149"/>
<SP HEIGHT="50" WIDTH="32" VPOS="2228" HPOS="1320"/>
<String CONTENT="plates." HEIGHT="52" WIDTH="158" VPOS="2225" HPOS="1353"/>
<SP HEIGHT="42" WIDTH="56" VPOS="2228" HPOS="1512"/>
<String CONTENT="24" HEIGHT="43" WIDTH="55" VPOS="2228" HPOS="1569"/>
<String STYLE="superscript" CONTENT="cm" HEIGHT="18" WIDTH="46" VPOS="2231" HPOS="1631"/>
<String CONTENT="." HEIGHT="8" WIDTH="9" VPOS="2264" HPOS="1683"/>
</TextLine>
<TextLine HEIGHT="54" WIDTH="1925" VPOS="2295" HPOS="429">
<String CONTENT="&#8220;None" HEIGHT="46" WIDTH="159" VPOS="2297" HPOS="429"/>
<SP HEIGHT="30" WIDTH="28" VPOS="2313" HPOS="589"/>
<String CONTENT="of" HEIGHT="45" WIDTH="51" VPOS="2297" HPOS="618"/>
<SP HEIGHT="43" WIDTH="26" VPOS="2297" HPOS="670"/>
<String CONTENT="these" HEIGHT="42" WIDTH="125" VPOS="2297" HPOS="697"/>
<SP HEIGHT="42" WIDTH="27" VPOS="2300" HPOS="823"/>
<String CONTENT="books" HEIGHT="45" WIDTH="143" VPOS="2297" HPOS="851"/>
<SP HEIGHT="29" WIDTH="27" VPOS="2310" HPOS="995"/>
<String CONTENT="will" HEIGHT="43" WIDTH="94" VPOS="2297" HPOS="1023"/>
<SP HEIGHT="45" WIDTH="27" VPOS="2297" HPOS="1118"/>
<String CONTENT="be" HEIGHT="43" WIDTH="55" VPOS="2299" HPOS="1146"/>
<SP HEIGHT="29" WIDTH="28" VPOS="2313" HPOS="1202"/>
<String CONTENT="on" HEIGHT="29" WIDTH="57" VPOS="2313" HPOS="1231"/>
<SP HEIGHT="28" WIDTH="25" VPOS="2313" HPOS="1289"/>
<String CONTENT="sale," HEIGHT="53" WIDTH="106" VPOS="2295" HPOS="1315"/>
<SP HEIGHT="34" WIDTH="27" VPOS="2314" HPOS="1422"/>
<String CONTENT="and" HEIGHT="44" WIDTH="90" VPOS="2298" HPOS="1450"/>
<SP HEIGHT="43" WIDTH="25" VPOS="2298" HPOS="1541"/>
<String CONTENT="only" HEIGHT="52" WIDTH="105" VPOS="2297" HPOS="1567"/>
<SP HEIGHT="36" WIDTH="28" VPOS="2313" HPOS="1673"/>
<String CONTENT="a" HEIGHT="28" WIDTH="25" VPOS="2315" HPOS="1702"/>
<SP HEIGHT="45" WIDTH="28" VPOS="2298" HPOS="1728"/>
<String CONTENT="limited" HEIGHT="46" WIDTH="175" VPOS="2297" HPOS="1757"/>
<SP HEIGHT="44" WIDTH="26" VPOS="2299" HPOS="1933"/>
<String CONTENT="number" HEIGHT="44" WIDTH="190" VPOS="2302" HPOS="1960"/>
<SP HEIGHT="28" WIDTH="26" VPOS="2317" HPOS="2151"/>
<String CONTENT="will" HEIGHT="45" WIDTH="93" VPOS="2300" HPOS="2178"/>
<SP HEIGHT="45" WIDTH="26" VPOS="2301" HPOS="2272"/>
<String CONTENT="be" HEIGHT="44" WIDTH="55" VPOS="2302" HPOS="2299"/>
</TextLine>
<TextLine HEIGHT="52" WIDTH="1355" VPOS="2351" HPOS="358">
<String CONTENT="issued" HEIGHT="45" WIDTH="151" VPOS="2355" HPOS="358"/>
<SP HEIGHT="43" WIDTH="32" VPOS="2355" HPOS="510"/>
<String CONTENT="for" HEIGHT="44" WIDTH="74" VPOS="2355" HPOS="543"/>
<SP HEIGHT="30" WIDTH="29" VPOS="2368" HPOS="618"/>
<String CONTENT="complimentary" HEIGHT="51" WIDTH="376" VPOS="2352" HPOS="648"/>
<SP HEIGHT="49" WIDTH="29" VPOS="2354" HPOS="1025"/>
<String CONTENT="distribution.&#8221;&#8212;Foreword." HEIGHT="47" WIDTH="658" VPOS="2351" HPOS="1055"/>
</TextLine>
<TextLine HEIGHT="56" WIDTH="1924" VPOS="2406" HPOS="429">
<String CONTENT="Dedication" HEIGHT="46" WIDTH="272" VPOS="2409" HPOS="429"/>
<SP HEIGHT="30" WIDTH="34" VPOS="2424" HPOS="702"/>
<String CONTENT="signed:" HEIGHT="53" WIDTH="186" VPOS="2408" HPOS="737"/>
<SP HEIGHT="44" WIDTH="38" VPOS="2410" HPOS="924"/>
<String CONTENT="Martin" HEIGHT="45" WIDTH="175" VPOS="2409" HPOS="963"/>
<SP HEIGHT="44" WIDTH="34" VPOS="2410" HPOS="1139"/>
<String CONTENT="M." HEIGHT="43" WIDTH="66" VPOS="2410" HPOS="1174"/>
<SP HEIGHT="45" WIDTH="37" VPOS="2408" HPOS="1241"/>
<String CONTENT="Higgins;" HEIGHT="55" WIDTH="228" VPOS="2406" HPOS="1279"/>
<SP HEIGHT="52" WIDTH="38" VPOS="2409" HPOS="1508"/>
<String CONTENT="Editor&#8217;s" HEIGHT="48" WIDTH="199" VPOS="2408" HPOS="1547"/>
<SP HEIGHT="30" WIDTH="33" VPOS="2426" HPOS="1747"/>
<String CONTENT="note" HEIGHT="39" WIDTH="108" VPOS="2417" HPOS="1781"/>
<SP HEIGHT="30" WIDTH="34" VPOS="2426" HPOS="1890"/>
<String CONTENT="signed:" HEIGHT="53" WIDTH="182" VPOS="2409" HPOS="1925"/>
<SP HEIGHT="45" WIDTH="38" VPOS="2411" HPOS="2108"/>
<String CONTENT="Percival" HEIGHT="46" WIDTH="206" VPOS="2411" HPOS="2147"/>
</TextLine>
<TextLine HEIGHT="46" WIDTH="229" VPOS="2465" HPOS="360" CS="1">
<String CS="1" CONTENT="Mullikin." HEIGHT="46" WIDTH="229" VPOS="2465" HPOS="360"/>
</TextLine>
<TextLine HEIGHT="57" WIDTH="1995" VPOS="2516" HPOS="359">
<String CONTENT="&#169;" HEIGHT="53" WIDTH="55" VPOS="2519" HPOS="359"/>
<SP HEIGHT="53" WIDTH="26" VPOS="2519" HPOS="415"/>
<String CONTENT="Sept." HEIGHT="51" WIDTH="121" VPOS="2521" HPOS="442"/>
<SP HEIGHT="43" WIDTH="23" VPOS="2521" HPOS="564"/>
<String CONTENT="22," HEIGHT="51" WIDTH="67" VPOS="2520" HPOS="588"/>
<SP HEIGHT="50" WIDTH="26" VPOS="2521" HPOS="656"/>
<String CONTENT="1926;" HEIGHT="52" WIDTH="128" VPOS="2519" HPOS="683"/>
<SP HEIGHT="53" WIDTH="23" VPOS="2518" HPOS="812"/>
<String CONTENT="2c." HEIGHT="44" WIDTH="65" VPOS="2518" HPOS="836"/>
<SP HEIGHT="44" WIDTH="27" VPOS="2519" HPOS="902"/>
<String CONTENT="Oct." HEIGHT="44" WIDTH="102" VPOS="2519" HPOS="930"/>
<SP HEIGHT="44" WIDTH="21" VPOS="2519" HPOS="1033"/>
<String CONTENT="2;" HEIGHT="51" WIDTH="50" VPOS="2519" HPOS="1055"/>
<SP HEIGHT="37" WIDTH="26" VPOS="2533" HPOS="1106"/>
<String CONTENT="aff." HEIGHT="42" WIDTH="78" VPOS="2519" HPOS="1133"/>
<SP HEIGHT="44" WIDTH="27" VPOS="2518" HPOS="1212"/>
<String CONTENT="Oct." HEIGHT="44" WIDTH="101" VPOS="2518" HPOS="1240"/>
<SP HEIGHT="41" WIDTH="29" VPOS="2520" HPOS="1342"/>
<String CONTENT="1;" HEIGHT="50" WIDTH="46" VPOS="2520" HPOS="1372"/>
<SP HEIGHT="52" WIDTH="27" VPOS="2518" HPOS="1419"/>
<!-- cceid 04C78D9C-6E1B-1014-9B7B-CA07F191E62B --><String CONTENT="A" HEIGHT="43" WIDTH="44" VPOS="2518" HPOS="1447"/>
<SP HEIGHT="44" WIDTH="23" VPOS="2518" HPOS="1492"/>
<String CONTENT="950285;" HEIGHT="55" WIDTH="188" VPOS="2516" HPOS="1516"/>
<SP HEIGHT="51" WIDTH="29" VPOS="2520" HPOS="1705"/>
<String CONTENT="M." HEIGHT="42" WIDTH="64" VPOS="2520" HPOS="1735"/>
<SP HEIGHT="42" WIDTH="29" VPOS="2520" HPOS="1800"/>
<String CONTENT="M." HEIGHT="45" WIDTH="65" VPOS="2520" HPOS="1830"/>
<SP HEIGHT="45" WIDTH="27" VPOS="2520" HPOS="1896"/>
<String CONTENT="Higgins," HEIGHT="54" WIDTH="214" VPOS="2519" HPOS="1924"/>
<SP HEIGHT="54" WIDTH="26" VPOS="2519" HPOS="2139"/>
<String CONTENT="Easton," HEIGHT="54" WIDTH="188" VPOS="2519" HPOS="2166"/>
</TextLine>
<TextLine HEIGHT="56" WIDTH="436" VPOS="2589" HPOS="431">
<String CONTENT="Md." HEIGHT="43" WIDTH="98" VPOS="2592" HPOS="431"/>
<SP HEIGHT="53" WIDTH="66" VPOS="2592" HPOS="530"/>
<String CONTENT="(26-17307)" HEIGHT="56" WIDTH="270" VPOS="2589" HPOS="597"/>
</TextLine>
<TextLine HEIGHT="76" WIDTH="1014" VPOS="2688" HPOS="364" STYLEREFS="StyleId-68443C80-CDEB-4FAA-BC29-7231B553B7BF-">
<String CONTENT="Hood," HEIGHT="73" WIDTH="197" VPOS="2691" HPOS="364"/>
<SP HEIGHT="73" WIDTH="38" VPOS="2691" HPOS="562"/>
<String CONTENT="Gsorge" HEIGHT="73" WIDTH="242" VPOS="2691" HPOS="601"/>
<SP HEIGHT="57" WIDTH="35" VPOS="2691" HPOS="844"/>
<String CONTENT="Ezekiel," HEIGHT="71" WIDTH="267" VPOS="2688" HPOS="880"/>
<SP HEIGHT="66" WIDTH="40" VPOS="2693" HPOS="1148"/>
<String CONTENT="1875-" HEIGHT="57" WIDTH="189" VPOS="2693" HPOS="1189"/>
</TextLine>
<TextLine HEIGHT="151" WIDTH="1969" VPOS="2780" HPOS="360" STYLEREFS="StyleId-68443C80-CDEB-4FAA-BC29-7231B553B7BF-" CS="1">
<String CONTENT="The" HEIGHT="58" WIDTH="126" VPOS="2781" HPOS="441"/>
<SP HEIGHT="38" WIDTH="39" VPOS="2801" HPOS="568"/>
<String CONTENT="origin" HEIGHT="73" WIDTH="206" VPOS="2780" HPOS="608"/>
<SP HEIGHT="38" WIDTH="37" VPOS="2800" HPOS="815"/>
<String CONTENT="of" HEIGHT="56" WIDTH="68" VPOS="2782" HPOS="853"/>
<SP HEIGHT="56" WIDTH="34" VPOS="2782" HPOS="922"/>
<String CONTENT="man," HEIGHT="53" WIDTH="164" VPOS="2800" HPOS="957"/>
<SP HEIGHT="70" WIDTH="36" VPOS="2783" HPOS="1122"/>
<String CONTENT="by" HEIGHT="71" WIDTH="82" VPOS="2783" HPOS="1159"/>
<SP HEIGHT="74" WIDTH="39" VPOS="2780" HPOS="1242"/>
<String CONTENT="George" HEIGHT="74" WIDTH="239" VPOS="2780" HPOS="1282"/>
<SP HEIGHT="57" WIDTH="39" VPOS="2782" HPOS="1522"/>
<String CONTENT="Ezekiel" HEIGHT="57" WIDTH="253" VPOS="2782" HPOS="1562"/>
<SP HEIGHT="57" WIDTH="36" VPOS="2782" HPOS="1816"/>
<String CONTENT="Hood." HEIGHT="57" WIDTH="203" VPOS="2783" HPOS="1853"/>
<SP HEIGHT="59" WIDTH="81" VPOS="2783" HPOS="2057"/>
<String CONTENT="Goldsboro," HEIGHT="148" WIDTH="1969" VPOS="2783" HPOS="360"/>
</TextLine>
<TextLine HEIGHT="72" WIDTH="603" VPOS="2859" HPOS="565" STYLEREFS="StyleId-68443C80-CDEB-4FAA-BC29-7231B553B7BF-">
<String CONTENT="The" HEIGHT="57" WIDTH="129" VPOS="2860" HPOS="565"/>
<SP HEIGHT="39" WIDTH="29" VPOS="2878" HPOS="695"/>
<String CONTENT="author," HEIGHT="72" WIDTH="246" VPOS="2859" HPOS="725"/>
<SP HEIGHT="70" WIDTH="29" VPOS="2861" HPOS="972"/>
<String CONTENT="1926." HEIGHT="58" WIDTH="166" VPOS="2859" HPOS="1002"/>
</TextLine>
<TextLine HEIGHT="53" WIDTH="515" VPOS="2949" HPOS="432" CS="1">
<String CONTENT="4" HEIGHT="43" WIDTH="29" VPOS="2950" HPOS="432"/>
<SP HEIGHT="52" WIDTH="20" VPOS="2950" HPOS="462"/>
<String CONTENT="p." HEIGHT="38" WIDTH="42" VPOS="2964" HPOS="483"/>
<SP/>
<String CS="1" CONTENT="l.,"/>
<SP/>
<String CS="1" CONTENT="111"/>
<SP HEIGHT="52" WIDTH="27" VPOS="2949" HPOS="697"/>
<String CONTENT="p." HEIGHT="38" WIDTH="41" VPOS="2963" HPOS="725"/>
<SP HEIGHT="41" WIDTH="60" VPOS="2950" HPOS="767"/>
<String CONTENT="19" HEIGHT="43" WIDTH="51" VPOS="2950" HPOS="828"/>
<String STYLE="superscript" CONTENT="cm" HEIGHT="17" WIDTH="46" VPOS="2952" HPOS="887"/>
<String CONTENT="." HEIGHT="9" WIDTH="9" VPOS="2984" HPOS="938"/>
</TextLine>
<TextLine HEIGHT="55" WIDTH="1653" VPOS="3018" HPOS="364" CS="1">
<String CONTENT="&#169;" HEIGHT="53" WIDTH="52" VPOS="3018" HPOS="364"/>
<SP HEIGHT="53" WIDTH="26" VPOS="3018" HPOS="417"/>
<String CONTENT="Sept." HEIGHT="51" WIDTH="119" VPOS="3020" HPOS="444"/>
<SP HEIGHT="43" WIDTH="25" VPOS="3020" HPOS="564"/>
<String CONTENT="22," HEIGHT="51" WIDTH="67" VPOS="3020" HPOS="590"/>
<SP HEIGHT="50" WIDTH="27" VPOS="3021" HPOS="658"/>
<String CONTENT="1926;" HEIGHT="51" WIDTH="129" VPOS="3020" HPOS="686"/>
<SP HEIGHT="51" WIDTH="26" VPOS="3020" HPOS="816"/>
<String CONTENT="2c." HEIGHT="43" WIDTH="64" VPOS="3020" HPOS="843"/>
<SP HEIGHT="28" WIDTH="25" VPOS="3035" HPOS="908"/>
<String CONTENT="and" HEIGHT="43" WIDTH="87" VPOS="3020" HPOS="934"/>
<SP HEIGHT="43" WIDTH="23" VPOS="3020" HPOS="1022"/>
<String CONTENT="aff." HEIGHT="43" WIDTH="79" VPOS="3020" HPOS="1046"/>
<SP HEIGHT="46" WIDTH="28" VPOS="3020" HPOS="1126"/>
<String CONTENT="Sept." HEIGHT="53" WIDTH="120" VPOS="3020" HPOS="1155"/>
<SP HEIGHT="43" WIDTH="25" VPOS="3021" HPOS="1276"/>
<String CONTENT="29;" HEIGHT="52" WIDTH="80" VPOS="3021" HPOS="1302"/>
<SP HEIGHT="53" WIDTH="28" VPOS="3020" HPOS="1383"/>
<!-- cceid 04C7C019-6E1B-1014-9B7B-CA07F191E62B --><String CONTENT="A" HEIGHT="43" WIDTH="44" VPOS="3020" HPOS="1412"/>
<SP HEIGHT="45" WIDTH="26" VPOS="3020" HPOS="1457"/>
<String CONTENT="950233;" HEIGHT="54" WIDTH="187" VPOS="3019" HPOS="1484"/>
<SP HEIGHT="52" WIDTH="32" VPOS="3021" HPOS="1672"/>
<String CONTENT="G." HEIGHT="45" WIDTH="50" VPOS="3021" HPOS="1705"/>
<SP HEIGHT="48" WIDTH="27" VPOS="3020" HPOS="1756"/>
<String CONTENT="E." HEIGHT="48" WIDTH="53" VPOS="3020" HPOS="1784"/>
<SP HEIGHT="43" WIDTH="27" VPOS="3023" HPOS="1838"/>
<String CONTENT="Hood." HEIGHT="43" WIDTH="151" VPOS="3023" HPOS="1866"/>
</TextLine>
<TextLine HEIGHT="57" WIDTH="269" VPOS="3075" HPOS="441">
<String CONTENT="(26-17498)" HEIGHT="57" WIDTH="269" VPOS="3075" HPOS="441"/>
</TextLine>
<TextLine HEIGHT="71" WIDTH="1030" VPOS="3178" HPOS="363" STYLEREFS="StyleId-AB2ACB52-59F9-423A-BF34-13E8C12D0352-">
<String CONTENT="Jones," HEIGHT="71" WIDTH="208" VPOS="3178" HPOS="363"/>
<SP HEIGHT="70" WIDTH="36" VPOS="3179" HPOS="572"/>
<String CONTENT="Burr" HEIGHT="56" WIDTH="168" VPOS="3179" HPOS="609"/>
<SP HEIGHT="59" WIDTH="33" VPOS="3178" HPOS="778"/>
<String CONTENT="W" HEIGHT="59" WIDTH="81" VPOS="3178" HPOS="812"/>
<SP HEIGHT="59" WIDTH="309" VPOS="3178" HPOS="894"/>
<String CONTENT="1846-" HEIGHT="56" WIDTH="189" VPOS="3181" HPOS="1204"/>
</TextLine>
<TextLine HEIGHT="78" WIDTH="1914" VPOS="3269" HPOS="440" STYLEREFS="StyleId-68443C80-CDEB-4FAA-BC29-7231B553B7BF-">
<String CONTENT="Commentaries" HEIGHT="60" WIDTH="491" VPOS="3269" HPOS="440"/>
<SP HEIGHT="42" WIDTH="47" VPOS="3289" HPOS="932"/>
<String CONTENT="on" HEIGHT="39" WIDTH="78" VPOS="3292" HPOS="980"/>
<SP HEIGHT="54" WIDTH="43" VPOS="3277" HPOS="1059"/>
<String CONTENT="the" HEIGHT="59" WIDTH="103" VPOS="3272" HPOS="1103"/>
<SP HEIGHT="58" WIDTH="44" VPOS="3273" HPOS="1207"/>
<String CONTENT="law" HEIGHT="58" WIDTH="120" VPOS="3273" HPOS="1252"/>
<SP HEIGHT="39" WIDTH="44" VPOS="3292" HPOS="1373"/>
<String CONTENT="of" HEIGHT="56" WIDTH="66" VPOS="3275" HPOS="1418"/>
<SP HEIGHT="58" WIDTH="45" VPOS="3275" HPOS="1485"/>
<String CONTENT="evidence" HEIGHT="61" WIDTH="285" VPOS="3272" HPOS="1531"/>
<SP HEIGHT="58" WIDTH="44" VPOS="3273" HPOS="1817"/>
<String CONTENT="in" HEIGHT="57" WIDTH="65" VPOS="3273" HPOS="1862"/>
<SP HEIGHT="41" WIDTH="43" VPOS="3292" HPOS="1928"/>
<String CONTENT="civil" HEIGHT="60" WIDTH="145" VPOS="3273" HPOS="1972"/>
<SP HEIGHT="60" WIDTH="42" VPOS="3275" HPOS="2118"/>
<String CONTENT="cases," HEIGHT="53" WIDTH="193" VPOS="3294" HPOS="2161"/>
</TextLine>
<TextLine HEIGHT="79" WIDTH="1991" VPOS="3349" HPOS="361" STYLEREFS="StyleId-68443C80-CDEB-4FAA-BC29-7231B553B7BF-">
<String CONTENT="based" HEIGHT="59" WIDTH="192" VPOS="3349" HPOS="361"/>
<SP HEIGHT="57" WIDTH="45" VPOS="3351" HPOS="554"/>
<String CONTENT="upon" HEIGHT="53" WIDTH="170" VPOS="3367" HPOS="600"/>
<SP HEIGHT="54" WIDTH="48" VPOS="3352" HPOS="771"/>
<String CONTENT="the" HEIGHT="58" WIDTH="104" VPOS="3350" HPOS="820"/>
<SP HEIGHT="40" WIDTH="47" VPOS="3368" HPOS="925"/>
<String CONTENT="work" HEIGHT="56" WIDTH="172" VPOS="3351" HPOS="973"/>
<SP HEIGHT="57" WIDTH="48" VPOS="3351" HPOS="1146"/>
<String CONTENT="of" HEIGHT="56" WIDTH="68" VPOS="3352" HPOS="1195"/>
<SP HEIGHT="57" WIDTH="48" VPOS="3351" HPOS="1264"/>
<String CONTENT="Burr" HEIGHT="58" WIDTH="168" VPOS="3351" HPOS="1313"/>
<SP HEIGHT="59" WIDTH="49" VPOS="3351" HPOS="1482"/>
<String CONTENT="W." HEIGHT="59" WIDTH="96" VPOS="3351" HPOS="1532"/>
<SP HEIGHT="59" WIDTH="51" VPOS="3351" HPOS="1629"/>
<String CONTENT="Jones." HEIGHT="60" WIDTH="214" VPOS="3351" HPOS="1681"/>
<SP HEIGHT="55" WIDTH="82" VPOS="3355" HPOS="1896"/>
<String CONTENT="2d" HEIGHT="58" WIDTH="78" VPOS="3355" HPOS="1979"/>
<SP HEIGHT="57" WIDTH="50" VPOS="3356" HPOS="2058"/>
<String CONTENT="ed.," HEIGHT="68" WIDTH="113" VPOS="3355" HPOS="2109"/>
<SP HEIGHT="66" WIDTH="48" VPOS="3357" HPOS="2223"/>
<String CONTENT="by" HEIGHT="71" WIDTH="80" VPOS="3357" HPOS="2272"/>
</TextLine>
<TextLine HEIGHT="76" WIDTH="1994" VPOS="3426" HPOS="360" STYLEREFS="StyleId-68443C80-CDEB-4FAA-BC29-7231B553B7BF-">
<String CONTENT="James" HEIGHT="60" WIDTH="216" VPOS="3427" HPOS="360"/>
<SP HEIGHT="58" WIDTH="25" VPOS="3427" HPOS="577"/>
<String CONTENT="M." HEIGHT="57" WIDTH="83" VPOS="3427" HPOS="603"/>
<SP HEIGHT="58" WIDTH="23" VPOS="3426" HPOS="687"/>
<String CONTENT="Henderson," HEIGHT="73" WIDTH="392" VPOS="3426" HPOS="711"/>
<SP HEIGHT="49" WIDTH="23" VPOS="3450" HPOS="1104"/>
<String CONTENT="assisted" HEIGHT="61" WIDTH="271" VPOS="3426" HPOS="1128"/>
<SP HEIGHT="59" WIDTH="19" VPOS="3429" HPOS="1400"/>
<String CONTENT="by" HEIGHT="70" WIDTH="83" VPOS="3432" HPOS="1420"/>
<SP HEIGHT="67" WIDTH="23" VPOS="3435" HPOS="1504"/>
<String CONTENT="the" HEIGHT="58" WIDTH="103" VPOS="3431" HPOS="1528"/>
<SP HEIGHT="53" WIDTH="20" VPOS="3449" HPOS="1632"/>
<String CONTENT="publishers&#8217;" HEIGHT="71" WIDTH="385" VPOS="3431" HPOS="1653"/>
<SP HEIGHT="57" WIDTH="25" VPOS="3434" HPOS="2039"/>
<String CONTENT="editorial" HEIGHT="63" WIDTH="289" VPOS="3430" HPOS="2065"/>
</TextLine>
<TextLine HEIGHT="79" WIDTH="1990" VPOS="3504" HPOS="363" STYLEREFS="StyleId-68443C80-CDEB-4FAA-BC29-7231B553B7BF-" CS="1">
<String CONTENT="staff" HEIGHT="58" WIDTH="153" VPOS="3504" HPOS="363"/>
<SP HEIGHT="59" WIDTH="61" VPOS="3504" HPOS="517"/>
<String CS="1" CONTENT="&#8230;"/>
<SP HEIGHT="60" WIDTH="86" VPOS="3504" HPOS="643"/>
<String CONTENT="San" HEIGHT="60" WIDTH="128" VPOS="3504" HPOS="730"/>
<SP HEIGHT="57" WIDTH="60" VPOS="3505" HPOS="859"/>
<String CONTENT="Francisco," HEIGHT="72" WIDTH="354" VPOS="3505" HPOS="920"/>
<SP HEIGHT="72" WIDTH="61" VPOS="3505" HPOS="1275"/>
<String CONTENT="Bancroft-Whitney" HEIGHT="78" WIDTH="633" VPOS="3505" HPOS="1337"/>
<SP HEIGHT="53" WIDTH="60" VPOS="3530" HPOS="1971"/>
<String CS="1" CONTENT="company." HEIGHT="54" WIDTH="321" VPOS="3529" HPOS="2032"/>
</TextLine>
<TextLine HEIGHT="56" WIDTH="165" VPOS="3585" HPOS="362" STYLEREFS="StyleId-68443C80-CDEB-4FAA-BC29-7231B553B7BF-">
<String CONTENT="1926." HEIGHT="56" WIDTH="165" VPOS="3585" HPOS="362"/>
</TextLine>
<TextLine HEIGHT="48" WIDTH="304" VPOS="3672" HPOS="433" CS="1">
<String CONTENT="5" HEIGHT="45" WIDTH="23" VPOS="3673" HPOS="433"/>
<SP HEIGHT="47" WIDTH="29" VPOS="3673" HPOS="457"/>
<String CONTENT="v." HEIGHT="28" WIDTH="40" VPOS="3692" HPOS="487"/>
<SP HEIGHT="45" WIDTH="56" VPOS="3674" HPOS="528"/>
<String CS="1" CONTENT="25&#189;c" HEIGHT="46" WIDTH="53" VPOS="3672" HPOS="585"/>
<String STYLE="superscript" CONTENT="m" HEIGHT="18" WIDTH="30" VPOS="3675" HPOS="691"/>
<String CONTENT="." HEIGHT="7" WIDTH="8" VPOS="3710" HPOS="729"/>
</TextLine>
<TextLine HEIGHT="51" WIDTH="1363" VPOS="3744" HPOS="433">
<String CONTENT="Lettered" HEIGHT="46" WIDTH="210" VPOS="3744" HPOS="433"/>
<SP HEIGHT="43" WIDTH="22" VPOS="3744" HPOS="644"/>
<String CONTENT="on" HEIGHT="28" WIDTH="60" VPOS="3759" HPOS="667"/>
<SP HEIGHT="28" WIDTH="23" VPOS="3759" HPOS="728"/>
<String CONTENT="cover:" HEIGHT="32" WIDTH="160" VPOS="3756" HPOS="752"/>
<SP HEIGHT="50" WIDTH="25" VPOS="3745" HPOS="913"/>
<String CONTENT="Jones" HEIGHT="50" WIDTH="138" VPOS="3745" HPOS="939"/>
<SP HEIGHT="44" WIDTH="27" VPOS="3744" HPOS="1078"/>
<String CONTENT="Commentaries" HEIGHT="45" WIDTH="359" VPOS="3744" HPOS="1106"/>
<SP HEIGHT="33" WIDTH="25" VPOS="3759" HPOS="1466"/>
<String CONTENT="on" HEIGHT="29" WIDTH="58" VPOS="3763" HPOS="1492"/>
<SP HEIGHT="30" WIDTH="24" VPOS="3761" HPOS="1551"/>
<String CONTENT="evidence." HEIGHT="46" WIDTH="220" VPOS="3747" HPOS="1576"/>
</TextLine>
<TextLine HEIGHT="52" WIDTH="512" VPOS="3799" HPOS="437">
<String CONTENT="Paged" HEIGHT="50" WIDTH="152" VPOS="3801" HPOS="437"/>
<SP HEIGHT="43" WIDTH="26" VPOS="3801" HPOS="590"/>
<String CONTENT="continuously." HEIGHT="51" WIDTH="332" VPOS="3799" HPOS="617"/>
</TextLine>
<TextLine HEIGHT="114" WIDTH="1990" VPOS="3865" HPOS="366" CS="1">
<String CONTENT="&#169;" HEIGHT="54" WIDTH="53" VPOS="3865" HPOS="366"/>
<SP HEIGHT="54" WIDTH="27" VPOS="3865" HPOS="420"/>
<String CONTENT="Sept." HEIGHT="53" WIDTH="120" VPOS="3866" HPOS="448"/>
<SP HEIGHT="43" WIDTH="25" VPOS="3867" HPOS="569"/>
<String CONTENT="29," HEIGHT="50" WIDTH="66" VPOS="3867" HPOS="595"/>
<SP HEIGHT="49" WIDTH="27" VPOS="3868" HPOS="662"/>
<String CONTENT="1926;" HEIGHT="52" WIDTH="129" VPOS="3866" HPOS="690"/>
<SP HEIGHT="51" WIDTH="26" VPOS="3867" HPOS="820"/>
<String CONTENT="2c." HEIGHT="42" WIDTH="64" VPOS="3867" HPOS="847"/>
<SP HEIGHT="28" WIDTH="27" VPOS="3881" HPOS="912"/>
<String CONTENT="each" HEIGHT="44" WIDTH="108" VPOS="3866" HPOS="940"/>
<SP HEIGHT="45" WIDTH="27" VPOS="3866" HPOS="1049"/>
<String CONTENT="Oct." HEIGHT="44" WIDTH="100" VPOS="3867" HPOS="1077"/>
<SP HEIGHT="42" WIDTH="27" VPOS="3868" HPOS="1178"/>
<String CONTENT="8;" HEIGHT="51" WIDTH="48" VPOS="3868" HPOS="1206"/>
<SP HEIGHT="36" WIDTH="29" VPOS="3883" HPOS="1255"/>
<String CONTENT="affs." HEIGHT="44" WIDTH="102" VPOS="3868" HPOS="1285"/>
<SP HEIGHT="48" WIDTH="29" VPOS="3865" HPOS="1388"/>
<String CONTENT="Oct." HEIGHT="48" WIDTH="101" VPOS="3865" HPOS="1418"/>
<SP HEIGHT="45" WIDTH="28" VPOS="3868" HPOS="1520"/>
<String CONTENT="7;" HEIGHT="54" WIDTH="48" VPOS="3868" HPOS="1549"/>
<SP HEIGHT="52" WIDTH="28" VPOS="3870" HPOS="1598"/>
<!-- cceid 04C7EFB4-6E1B-1014-9B7B-CA07F191E62B --><String CONTENT="A" HEIGHT="42" WIDTH="42" VPOS="3870" HPOS="1627"/>
<SP HEIGHT="44" WIDTH="26" VPOS="3870" HPOS="1670"/>
<String CONTENT="950382-950386;" HEIGHT="56" WIDTH="385" VPOS="3869" HPOS="1697"/>
<SP HEIGHT="52" WIDTH="28" VPOS="3873" HPOS="2083"/>
<String CONTENT="Bancroft-Whitney" HEIGHT="105" WIDTH="1919" VPOS="3872" HPOS="437"/>
<SP HEIGHT="37" WIDTH="27" VPOS="3940" HPOS="654"/>
<String CONTENT="co." HEIGHT="28" WIDTH="64" VPOS="3940" HPOS="682"/>
<SP HEIGHT="53" WIDTH="67" VPOS="3926" HPOS="747"/>
<String CONTENT="(26-17669)" HEIGHT="55" WIDTH="271" VPOS="3924" HPOS="815"/>
</TextLine>
</TextBlock>
</PrintSpace>
</Page>
</Layout>
</alto>