<alto xmlns="http://www.loc.gov/standards/alto/ns-v3#" xmlns:xlink="http://www.w3.org/1999/xlink" xmlns:xsi="http://www.w3.org/2001/XMLSchema-instance" xsi:schemaLocation="http://www.loc.gov/standards/alto/ns-v3# http://www.loc.gov/alto/v3/alto-3-0.xsd"><Description>
<MeasurementUnit>pixel</MeasurementUnit>
<sourceImageInformation>
<fileName>1926_v23_Part001.pdf</fileName>
</sourceImageInformation>
<OCRProcessing ID="IdOcr">
<ocrProcessingStep>
<processingDateTime>2019-04-10</processingDateTime>
<processingSoftware>
<softwareCreator>ABBYY</softwareCreator>
<softwareName>ABBYY Recognition Server</softwareName>
<softwareVersion>4.0</softwareVersion>
</processingSoftware>
</ocrProcessingStep>
</OCRProcessing>
</Description>
<Styles>
<ParagraphStyle ID="StyleId-FFFFFFFF-FFFF-FFFF-FFFF-FFFFFFFFFFFF-" ALIGN="Left" LEFT="0." RIGHT="0." FIRSTLINE="0."/>
<ParagraphStyle ID="StyleId-22C3EA86-D171-42E2-A7D2-9A866F7D91F9-" ALIGN="Left" LEFT="0." RIGHT="0." FIRSTLINE="0." LINESPACE="8.300000191"/>
<ParagraphStyle ID="StyleId-E3FA4CC6-F5E5-41CA-B4C4-90085BF71B6C-" ALIGN="Block" LEFT="0." RIGHT="0." FIRSTLINE="-14." LINESPACE="8.050000191"/>
<ParagraphStyle ID="StyleId-41118DB3-028A-4115-95B3-BB512DD0EDAE-" ALIGN="Left" LEFT="0." RIGHT="0." FIRSTLINE="-13." LINESPACE="13.30000019"/>
<ParagraphStyle ID="StyleId-A2FB4C2B-BF87-45AD-9689-33B0118FBFC1-" ALIGN="Block" LEFT="0." RIGHT="0." FIRSTLINE="-14." LINESPACE="11.06999969"/>
<ParagraphStyle ID="StyleId-BBBA7B5D-FE2B-4BC7-AC7D-F142900C21B8-" ALIGN="Block" LEFT="0." RIGHT="0." FIRSTLINE="0." LINESPACE="8.899999619"/>
<ParagraphStyle ID="StyleId-3CEA3EEE-4341-4E33-9EF0-A9438AB90A9B-" ALIGN="Center" LEFT="0." RIGHT="0." FIRSTLINE="0." LINESPACE="12.19999981"/>
<ParagraphStyle ID="StyleId-817955BE-3120-4B53-BBD3-920BAE733BFF-" ALIGN="Left" LEFT="0." RIGHT="0." FIRSTLINE="0." LINESPACE="12.19999981"/>
<ParagraphStyle ID="StyleId-456A266C-F799-486A-ACB1-75B61E9815AB-" ALIGN="Left" LEFT="0." RIGHT="0." FIRSTLINE="-13." LINESPACE="8.18999958"/>
<ParagraphStyle ID="StyleId-6A1E9ED6-E5EA-4E31-BD5A-88089B8D7134-" ALIGN="Right" LEFT="0." RIGHT="0." FIRSTLINE="0." LINESPACE="7.699999809"/>
<ParagraphStyle ID="StyleId-C11ABF73-04BC-4F6E-B7E4-01FCA3A26756-" ALIGN="Left" LEFT="0." RIGHT="0." FIRSTLINE="-13." LINESPACE="12.19999981"/>
<ParagraphStyle ID="StyleId-662CF6CF-DB5F-40BE-AD24-E877ED82DD6F-" ALIGN="Block" LEFT="0." RIGHT="0." FIRSTLINE="-14." LINESPACE="11.06999969"/>
<ParagraphStyle ID="StyleId-9361006B-74B5-41BD-BFD3-03318AD64910-" ALIGN="Left" LEFT="0." RIGHT="0." FIRSTLINE="0." LINESPACE="8.899999619"/>
</Styles>
<Layout>
<Page ID="Page668" PHYSICAL_IMG_NR="668" HEIGHT="4285" WIDTH="2542">
<TopMargin HEIGHT="324" WIDTH="2542" VPOS="0" HPOS="0">
</TopMargin>
<LeftMargin HEIGHT="3683" WIDTH="449" VPOS="324" HPOS="0">
</LeftMargin>
<RightMargin HEIGHT="3683" WIDTH="6" VPOS="324" HPOS="2536">
</RightMargin>
<BottomMargin HEIGHT="278" WIDTH="2542" VPOS="4007" HPOS="0">
</BottomMargin>
<PrintSpace HEIGHT="3683" WIDTH="2087" VPOS="324" HPOS="449">
<TextBlock ID="Page668_Block1" HEIGHT="78" WIDTH="130" VPOS="3929" HPOS="1479" LANG="en-US" STYLEREFS="StyleId-B66B945B-9C01-473D-9BE6-42DF072490C9-">
<TextLine HEIGHT="58" WIDTH="111" VPOS="3939" HPOS="1488">
<String CONTENT="668" HEIGHT="58" WIDTH="111" VPOS="3939" HPOS="1488"/>
</TextLine>
</TextBlock>
<TextBlock ID="Page668_Block2" HEIGHT="3617" WIDTH="2087" VPOS="324" HPOS="449" LANG="en-US" CS="1" STYLEREFS="StyleId-F8915CC3-DCE3-4CBF-89CD-5AAA82661727-">
<Shape>
<Polygon POINTS="2373,324 2524,324 2524,408 2525,408 2525,723 2526,723 2526,1039 2527,1039 2527,1354 2528,1354 2528,1669 2529,1669 2529,1984 2530,1984 2530,2299 2531,2299 2531,2614 2532,2614 2532,2929 2533,2929 2533,3244 2534,3244 2534,3559 2535,3559 2535,3874 2536,3874 2536,3934 2375,3934 2375,3935 2060,3935 2060,3936 1745,3936 1745,3937 1430,3937 1430,3938 1115,3938 1115,3939 800,3939 800,3940 485,3940 485,3941 461,3941 461,3877 460,3877 460,3562 459,3562 459,3246 458,3246 458,2931 457,2931 457,2616 456,2616 456,2301 455,2301 455,1986 454,1986 454,1671 453,1671 453,1356 452,1356 452,1041 451,1041 451,726 450,726 450,411 449,411 449,331 482,331 482,330 797,330 797,329 1112,329 1112,328 1427,328 1427,327 1742,327 1742,326 2057,326 2057,325 2373,325 2373,324"/>
</Shape>
<TextLine HEIGHT="60" WIDTH="1065" VPOS="426" HPOS="576" CS="1">
<String LANG="de" CONTENT="3" HEIGHT="42" WIDTH="24" VPOS="437" HPOS="576"/>
<SP/>
<String LANG="la" CONTENT="p." HEIGHT="37" WIDTH="39" VPOS="449" HPOS="631"/>
<SP/>
<String LANG="la" CS="1" CONTENT="l.,"/>
<SP HEIGHT="37" WIDTH="25" VPOS="449" HPOS="742"/>
<String LANG="la" CS="1" CONTENT="v"/>
<String LANG="el" CONTENT="-" HEIGHT="5" WIDTH="30" VPOS="459" HPOS="797"/>
<String LANG="en-US" CS="1" CONTENT="xv"/>
<String LANG="el" CONTENT="," HEIGHT="16" WIDTH="8" VPOS="467" HPOS="891"/>
<SP HEIGHT="51" WIDTH="30" VPOS="432" HPOS="900"/>
<String LANG="la" CONTENT="378" HEIGHT="44" WIDTH="81" VPOS="430" HPOS="931"/>
<SP HEIGHT="51" WIDTH="28" VPOS="431" HPOS="1013"/>
<String LANG="la" CONTENT="p." HEIGHT="37" WIDTH="38" VPOS="445" HPOS="1042"/>
<SP HEIGHT="44" WIDTH="60" VPOS="429" HPOS="1081"/>
<String LANG="en-US" CS="1" CONTENT="front."/>
<SP HEIGHT="38" WIDTH="27" VPOS="442" HPOS="1293"/>
<String LANG="en-US" CONTENT="ports." HEIGHT="47" WIDTH="139" VPOS="433" HPOS="1321"/>
<SP HEIGHT="44" WIDTH="57" VPOS="426" HPOS="1461"/>
<String LANG="en-US" CONTENT="21" HEIGHT="43" WIDTH="51" VPOS="426" HPOS="1519"/>
<String STYLE="superscript" LANG="en-US" CONTENT="cm" HEIGHT="18" WIDTH="48" VPOS="429" HPOS="1579"/>
<String LANG="en-US" CONTENT="." HEIGHT="9" WIDTH="8" VPOS="460" HPOS="1633"/>
</TextLine>
<TextLine HEIGHT="57" WIDTH="699" VPOS="498" HPOS="575">
<String CONTENT="Bibliographical" HEIGHT="55" WIDTH="389" VPOS="500" HPOS="575"/>
<SP HEIGHT="44" WIDTH="37" VPOS="499" HPOS="965"/>
<String CONTENT="foot-notes." HEIGHT="46" WIDTH="271" VPOS="498" HPOS="1003"/>
</TextLine>
<TextLine HEIGHT="62" WIDTH="1653" VPOS="559" HPOS="843" CS="1">
<String CS="1" CONTENT="CONTENTS.&#8212;V." HEIGHT="29" WIDTH="107" VPOS="584" HPOS="843"/>
<SP/>
<String CS="1" CONTENT="1."/>
<SP/>
<String CONTENT="History" HEIGHT="55" WIDTH="196" VPOS="566" HPOS="1062"/>
<SP HEIGHT="39" WIDTH="35" VPOS="581" HPOS="1259"/>
<String CONTENT="of" HEIGHT="44" WIDTH="52" VPOS="566" HPOS="1295"/>
<SP HEIGHT="43" WIDTH="36" VPOS="566" HPOS="1348"/>
<String CONTENT="the" HEIGHT="46" WIDTH="77" VPOS="565" HPOS="1385"/>
<SP HEIGHT="45" WIDTH="35" VPOS="565" HPOS="1463"/>
<String CONTENT="Maine" HEIGHT="43" WIDTH="158" VPOS="565" HPOS="1499"/>
<SP HEIGHT="29" WIDTH="36" VPOS="578" HPOS="1658"/>
<String CONTENT="missionary" HEIGHT="53" WIDTH="279" VPOS="562" HPOS="1695"/>
<SP HEIGHT="36" WIDTH="36" VPOS="578" HPOS="1975"/>
<String CONTENT="society," HEIGHT="52" WIDTH="185" VPOS="561" HPOS="2012"/>
<SP HEIGHT="51" WIDTH="40" VPOS="561" HPOS="2198"/>
<String CONTENT="1807-1925." HEIGHT="46" WIDTH="257" VPOS="559" HPOS="2239"/>
</TextLine>
<TextLine HEIGHT="64" WIDTH="1985" VPOS="630" HPOS="511">
<String CONTENT="&#169;" HEIGHT="53" WIDTH="52" VPOS="641" HPOS="511"/>
<SP HEIGHT="53" WIDTH="30" VPOS="641" HPOS="564"/>
<String CONTENT="May" HEIGHT="50" WIDTH="110" VPOS="643" HPOS="595"/>
<SP HEIGHT="51" WIDTH="30" VPOS="642" HPOS="706"/>
<String CONTENT="1," HEIGHT="50" WIDTH="34" VPOS="642" HPOS="737"/>
<SP HEIGHT="52" WIDTH="31" VPOS="640" HPOS="772"/>
<String CONTENT="1926;" HEIGHT="51" WIDTH="128" VPOS="640" HPOS="804"/>
<SP HEIGHT="50" WIDTH="29" VPOS="641" HPOS="933"/>
<String CONTENT="2c." HEIGHT="41" WIDTH="64" VPOS="641" HPOS="963"/>
<SP HEIGHT="43" WIDTH="28" VPOS="639" HPOS="1028"/>
<String CONTENT="May" HEIGHT="54" WIDTH="112" VPOS="638" HPOS="1057"/>
<SP HEIGHT="52" WIDTH="25" VPOS="639" HPOS="1170"/>
<String CONTENT="26;" HEIGHT="52" WIDTH="77" VPOS="638" HPOS="1196"/>
<SP HEIGHT="38" WIDTH="28" VPOS="652" HPOS="1274"/>
<String CONTENT="aff." HEIGHT="43" WIDTH="78" VPOS="637" HPOS="1303"/>
<SP HEIGHT="53" WIDTH="29" VPOS="637" HPOS="1382"/>
<String CONTENT="June" HEIGHT="54" WIDTH="118" VPOS="636" HPOS="1412"/>
<SP HEIGHT="43" WIDTH="26" VPOS="636" HPOS="1531"/>
<String CONTENT="3;" HEIGHT="51" WIDTH="50" VPOS="636" HPOS="1558"/>
<SP HEIGHT="52" WIDTH="29" VPOS="635" HPOS="1609"/>
<!-- cceid 0186249E-6E1B-1014-9B7B-CA07F191E62B --><String CONTENT="A" HEIGHT="42" WIDTH="44" VPOS="635" HPOS="1639"/>
<SP HEIGHT="44" WIDTH="27" VPOS="634" HPOS="1684"/>
<String CONTENT="897048;" HEIGHT="53" WIDTH="190" VPOS="632" HPOS="1712"/>
<SP HEIGHT="52" WIDTH="32" VPOS="632" HPOS="1903"/>
<String LANG="la" CONTENT="C." HEIGHT="44" WIDTH="49" VPOS="632" HPOS="1936"/>
<SP HEIGHT="43" WIDTH="29" VPOS="633" HPOS="1986"/>
<String CONTENT="M." HEIGHT="45" WIDTH="65" VPOS="632" HPOS="2016"/>
<SP HEIGHT="45" WIDTH="31" VPOS="631" HPOS="2082"/>
<String CONTENT="Clark," HEIGHT="52" WIDTH="153" VPOS="631" HPOS="2114"/>
<SP HEIGHT="52" WIDTH="30" VPOS="631" HPOS="2268"/>
<String CONTENT="Bangor," HEIGHT="53" WIDTH="197" VPOS="630" HPOS="2299"/>
</TextLine>
<TextLine HEIGHT="56" WIDTH="430" VPOS="696" HPOS="580">
<String CONTENT="Me." HEIGHT="41" WIDTH="92" VPOS="700" HPOS="580"/>
<SP HEIGHT="54" WIDTH="68" VPOS="698" HPOS="672"/>
<String CONTENT="(26-12310)" HEIGHT="56" WIDTH="270" VPOS="696" HPOS="740"/>
</TextLine>
<TextLine HEIGHT="76" WIDTH="928" VPOS="792" HPOS="515" STYLEREFS="StyleId-41B16667-8D2F-48A4-BBB9-C5F400E504F5-">
<String CONTENT="Colorado." HEIGHT="59" WIDTH="320" VPOS="794" HPOS="515"/>
<SP HEIGHT="58" WIDTH="75" VPOS="796" HPOS="836"/>
<String CONTENT="Supreme" HEIGHT="72" WIDTH="302" VPOS="795" HPOS="912"/>
<SP HEIGHT="38" WIDTH="37" VPOS="812" HPOS="1215"/>
<String CONTENT="court." HEIGHT="53" WIDTH="190" VPOS="797" HPOS="1253"/>
</TextLine>
<TextLine HEIGHT="82" WIDTH="1909" VPOS="876" HPOS="593" STYLEREFS="StyleId-E8E7D033-730C-4C6F-BE3F-E202DDF19D51-" CS="1">
<String CONTENT="Cases" HEIGHT="59" WIDTH="190" VPOS="886" HPOS="593"/>
<SP HEIGHT="38" WIDTH="41" VPOS="904" HPOS="784"/>
<String CONTENT="argued" HEIGHT="71" WIDTH="238" VPOS="886" HPOS="826"/>
<SP HEIGHT="55" WIDTH="38" VPOS="886" HPOS="1065"/>
<String CONTENT="and" HEIGHT="57" WIDTH="123" VPOS="885" HPOS="1104"/>
<SP HEIGHT="56" WIDTH="38" VPOS="885" HPOS="1228"/>
<String CONTENT="determined" HEIGHT="59" WIDTH="388" VPOS="881" HPOS="1267"/>
<SP HEIGHT="55" WIDTH="41" VPOS="882" HPOS="1656"/>
<String CS="1" CONTENT="&#8230;"/>
<SP HEIGHT="55" WIDTH="44" VPOS="883" HPOS="1760"/>
<String CONTENT="terms" HEIGHT="53" WIDTH="194" VPOS="883" HPOS="1805"/>
<SP HEIGHT="39" WIDTH="42" VPOS="897" HPOS="2000"/>
<String CONTENT="of" HEIGHT="58" WIDTH="64" VPOS="878" HPOS="2043"/>
<SP HEIGHT="56" WIDTH="41" VPOS="877" HPOS="2108"/>
<String CONTENT="April" HEIGHT="71" WIDTH="185" VPOS="877" HPOS="2150"/>
<SP HEIGHT="56" WIDTH="40" VPOS="877" HPOS="2336"/>
<String CONTENT="and" HEIGHT="57" WIDTH="125" VPOS="877" HPOS="2377"/>
</TextLine>
<TextLine HEIGHT="84" WIDTH="1982" VPOS="953" HPOS="518" STYLEREFS="StyleId-E8E7D033-730C-4C6F-BE3F-E202DDF19D51-">
<String CONTENT="September," HEIGHT="73" WIDTH="382" VPOS="963" HPOS="518"/>
<SP HEIGHT="71" WIDTH="45" VPOS="964" HPOS="901"/>
<String CONTENT="1925," HEIGHT="73" WIDTH="165" VPOS="963" HPOS="947"/>
<SP HEIGHT="54" WIDTH="45" VPOS="981" HPOS="1113"/>
<String CONTENT="and" HEIGHT="56" WIDTH="123" VPOS="962" HPOS="1159"/>
<SP HEIGHT="57" WIDTH="41" VPOS="961" HPOS="1283"/>
<String CONTENT="January," HEIGHT="71" WIDTH="307" VPOS="960" HPOS="1325"/>
<SP HEIGHT="70" WIDTH="43" VPOS="960" HPOS="1633"/>
<String CONTENT="1926." HEIGHT="56" WIDTH="165" VPOS="959" HPOS="1677"/>
<SP HEIGHT="56" WIDTH="84" VPOS="957" HPOS="1843"/>
<String CONTENT="Newton" HEIGHT="58" WIDTH="262" VPOS="956" HPOS="1928"/>
<SP HEIGHT="58" WIDTH="44" VPOS="954" HPOS="2191"/>
<String CONTENT="C." HEIGHT="58" WIDTH="64" VPOS="954" HPOS="2236"/>
<SP HEIGHT="58" WIDTH="46" VPOS="955" HPOS="2301"/>
<String CONTENT="Garbutt" HEIGHT="59" WIDTH="152" VPOS="954" HPOS="2348"/>
</TextLine>
<TextLine HEIGHT="82" WIDTH="1915" VPOS="1032" HPOS="514" STYLEREFS="StyleId-E8E7D033-730C-4C6F-BE3F-E202DDF19D51-">
<String CONTENT="," HEIGHT="69" WIDTH="155" VPOS="1045" HPOS="515"/>
<SP HEIGHT="53" WIDTH="32" VPOS="1061" HPOS="671"/>
<String CONTENT="reporter," HEIGHT="69" WIDTH="304" VPOS="1044" HPOS="704"/>
<SP HEIGHT="37" WIDTH="70" VPOS="1059" HPOS="1009"/>
<String CONTENT="v." HEIGHT="39" WIDTH="56" VPOS="1058" HPOS="1080"/>
<SP HEIGHT="54" WIDTH="36" VPOS="1042" HPOS="1137"/>
<String CONTENT="78." HEIGHT="54" WIDTH="88" VPOS="1042" HPOS="1174"/>
<SP HEIGHT="59" WIDTH="75" VPOS="1036" HPOS="1262"/>
<String CONTENT="Chicago," HEIGHT="74" WIDTH="291" VPOS="1035" HPOS="1337"/>
<SP HEIGHT="72" WIDTH="36" VPOS="1035" HPOS="1628"/>
<String CONTENT="Callaghan" HEIGHT="73" WIDTH="344" VPOS="1034" HPOS="1664"/>
<SP HEIGHT="56" WIDTH="33" VPOS="1034" HPOS="2008"/>
<String CONTENT="&amp;" HEIGHT="57" WIDTH="49" VPOS="1033" HPOS="2041"/>
<SP HEIGHT="57" WIDTH="32" VPOS="1033" HPOS="2090"/>
<String CONTENT="co.," HEIGHT="52" WIDTH="104" VPOS="1053" HPOS="2123"/>
<SP HEIGHT="68" WIDTH="36" VPOS="1037" HPOS="2228"/>
<String CONTENT="1926." HEIGHT="56" WIDTH="165" VPOS="1034" HPOS="2264"/>
</TextLine>
<TextLine HEIGHT="55" WIDTH="476" VPOS="1128" HPOS="582" STYLEREFS="StyleId-E8E7D033-730C-4C6F-BE3F-E202DDF19D51-">
<String CONTENT="xvii," HEIGHT="51" WIDTH="108" VPOS="1132" HPOS="582"/>
<SP HEIGHT="52" WIDTH="31" VPOS="1131" HPOS="691"/>
<String CONTENT="665" HEIGHT="47" WIDTH="80" VPOS="1128" HPOS="723"/>
<SP HEIGHT="54" WIDTH="29" VPOS="1128" HPOS="804"/>
<String CONTENT="p." HEIGHT="37" WIDTH="41" VPOS="1145" HPOS="834"/>
<SP HEIGHT="43" WIDTH="58" VPOS="1131" HPOS="876"/>
<String CONTENT="23" HEIGHT="44" WIDTH="54" VPOS="1130" HPOS="935"/>
<String STYLE="superscript" CONTENT="cm" HEIGHT="19" WIDTH="47" VPOS="1132" HPOS="996"/>
<String CONTENT="." HEIGHT="9" WIDTH="9" VPOS="1164" HPOS="1049"/>
</TextLine>
<TextLine HEIGHT="62" WIDTH="1989" VPOS="1192" HPOS="513">
<String CONTENT="&#169;" HEIGHT="53" WIDTH="56" VPOS="1201" HPOS="513"/>
<SP HEIGHT="53" WIDTH="25" VPOS="1201" HPOS="570"/>
<String CONTENT="June" HEIGHT="51" WIDTH="115" VPOS="1203" HPOS="596"/>
<SP HEIGHT="43" WIDTH="21" VPOS="1202" HPOS="712"/>
<String CONTENT="26," HEIGHT="53" WIDTH="65" VPOS="1200" HPOS="734"/>
<SP HEIGHT="50" WIDTH="29" VPOS="1202" HPOS="800"/>
<String CONTENT="1926;" HEIGHT="50" WIDTH="128" VPOS="1201" HPOS="830"/>
<SP HEIGHT="50" WIDTH="27" VPOS="1201" HPOS="959"/>
<String CONTENT="2c." HEIGHT="42" WIDTH="65" VPOS="1201" HPOS="987"/>
<SP HEIGHT="29" WIDTH="25" VPOS="1215" HPOS="1053"/>
<String CONTENT="and" HEIGHT="44" WIDTH="87" VPOS="1200" HPOS="1079"/>
<SP HEIGHT="43" WIDTH="24" VPOS="1200" HPOS="1167"/>
<String CONTENT="aff" HEIGHT="42" WIDTH="67" VPOS="1200" HPOS="1192"/>
<SP HEIGHT="42" WIDTH="25" VPOS="1200" HPOS="1260"/>
<String CONTENT=".July" HEIGHT="53" WIDTH="118" VPOS="1198" HPOS="1286"/>
<SP HEIGHT="53" WIDTH="30" VPOS="1198" HPOS="1405"/>
<String CONTENT="1;" HEIGHT="52" WIDTH="46" VPOS="1198" HPOS="1436"/>
<SP HEIGHT="53" WIDTH="27" VPOS="1197" HPOS="1483"/>
<!-- cceid 01868B0E-6E1B-1014-9B7B-CA07F191E62B --><String CONTENT="A" HEIGHT="42" WIDTH="44" VPOS="1197" HPOS="1511"/>
<SP HEIGHT="44" WIDTH="27" VPOS="1197" HPOS="1556"/>
<String CONTENT="897280;" HEIGHT="55" WIDTH="188" VPOS="1194" HPOS="1584"/>
<SP HEIGHT="53" WIDTH="31" VPOS="1195" HPOS="1773"/>
<String CONTENT="State" HEIGHT="47" WIDTH="126" VPOS="1195" HPOS="1805"/>
<SP HEIGHT="28" WIDTH="24" VPOS="1210" HPOS="1932"/>
<String CONTENT="of" HEIGHT="44" WIDTH="51" VPOS="1194" HPOS="1957"/>
<SP HEIGHT="45" WIDTH="27" VPOS="1194" HPOS="2009"/>
<String CONTENT="Colorado," HEIGHT="53" WIDTH="241" VPOS="1193" HPOS="2037"/>
<SP HEIGHT="51" WIDTH="28" VPOS="1194" HPOS="2279"/>
<String CONTENT="Denver." HEIGHT="46" WIDTH="194" VPOS="1193" HPOS="2308"/>
</TextLine>
<TextLine HEIGHT="63" WIDTH="1168" VPOS="1352" HPOS="517" STYLEREFS="StyleId-508F1E21-9366-4A1C-86BC-9C09FACFCDB8-">
<String CONTENT="Council" HEIGHT="57" WIDTH="255" VPOS="1357" HPOS="518"/>
<SP HEIGHT="57" WIDTH="30" VPOS="1357" HPOS="774"/>
<String CONTENT="of" HEIGHT="56" WIDTH="65" VPOS="1357" HPOS="805"/>
<SP HEIGHT="57" WIDTH="32" VPOS="1357" HPOS="871"/>
<String CONTENT="Christian" HEIGHT="61" WIDTH="321" VPOS="1353" HPOS="903"/>
<SP HEIGHT="41" WIDTH="32" VPOS="1371" HPOS="1225"/>
<String CONTENT="associations." HEIGHT="60" WIDTH="428" VPOS="1352" HPOS="1257"/>
</TextLine>
<TextLine HEIGHT="80" WIDTH="1910" VPOS="1440" HPOS="597" STYLEREFS="StyleId-E8E7D033-730C-4C6F-BE3F-E202DDF19D51-">
<String CONTENT="Christian" HEIGHT="62" WIDTH="322" VPOS="1446" HPOS="597"/>
<SP HEIGHT="53" WIDTH="26" VPOS="1466" HPOS="920"/>
<String CONTENT="principles" HEIGHT="75" WIDTH="340" VPOS="1444" HPOS="947"/>
<SP HEIGHT="41" WIDTH="30" VPOS="1465" HPOS="1288"/>
<String CONTENT="and" HEIGHT="57" WIDTH="125" VPOS="1448" HPOS="1319"/>
<SP HEIGHT="56" WIDTH="26" VPOS="1448" HPOS="1445"/>
<String CONTENT="the" HEIGHT="58" WIDTH="105" VPOS="1446" HPOS="1472"/>
<SP HEIGHT="52" WIDTH="26" VPOS="1465" HPOS="1578"/>
<String CONTENT="problems" HEIGHT="73" WIDTH="313" VPOS="1444" HPOS="1605"/>
<SP HEIGHT="40" WIDTH="32" VPOS="1463" HPOS="1919"/>
<String CONTENT="of" HEIGHT="57" WIDTH="66" VPOS="1445" HPOS="1952"/>
<SP HEIGHT="57" WIDTH="28" VPOS="1445" HPOS="2019"/>
<String CONTENT="the" HEIGHT="58" WIDTH="103" VPOS="1444" HPOS="2048"/>
<SP HEIGHT="60" WIDTH="28" VPOS="1441" HPOS="2152"/>
<String CONTENT="Pacific;" HEIGHT="73" WIDTH="259" VPOS="1440" HPOS="2181"/>
<SP HEIGHT="50" WIDTH="31" VPOS="1462" HPOS="2441"/>
<String CONTENT="a" HEIGHT="38" WIDTH="34" VPOS="1462" HPOS="2473"/>
</TextLine>
<TextLine HEIGHT="81" WIDTH="1984" VPOS="1516" HPOS="522" STYLEREFS="StyleId-E8E7D033-730C-4C6F-BE3F-E202DDF19D51-">
<String CONTENT="discussion" HEIGHT="60" WIDTH="348" VPOS="1524" HPOS="522"/>
<SP HEIGHT="37" WIDTH="24" VPOS="1545" HPOS="871"/>
<String CONTENT="outline" HEIGHT="59" WIDTH="231" VPOS="1523" HPOS="896"/>
<SP HEIGHT="57" WIDTH="21" VPOS="1524" HPOS="1128"/>
<String CONTENT="for" HEIGHT="56" WIDTH="104" VPOS="1524" HPOS="1150"/>
<SP HEIGHT="37" WIDTH="23" VPOS="1542" HPOS="1255"/>
<String CONTENT="college" HEIGHT="74" WIDTH="229" VPOS="1521" HPOS="1279"/>
<SP HEIGHT="53" WIDTH="23" VPOS="1540" HPOS="1509"/>
<String CONTENT="groups," HEIGHT="56" WIDTH="253" VPOS="1538" HPOS="1533"/>
<SP HEIGHT="75" WIDTH="25" VPOS="1518" HPOS="1787"/>
<String CONTENT="Council" HEIGHT="61" WIDTH="256" VPOS="1517" HPOS="1813"/>
<SP HEIGHT="56" WIDTH="21" VPOS="1521" HPOS="2070"/>
<String CONTENT="of" HEIGHT="58" WIDTH="68" VPOS="1519" HPOS="2092"/>
<SP HEIGHT="59" WIDTH="23" VPOS="1518" HPOS="2161"/>
<String CONTENT="Christian" HEIGHT="61" WIDTH="321" VPOS="1516" HPOS="2185"/>
</TextLine>
<TextLine HEIGHT="80" WIDTH="1991" VPOS="1595" HPOS="521" STYLEREFS="StyleId-E8E7D033-730C-4C6F-BE3F-E202DDF19D51-" CS="1">
<String CONTENT="associations," HEIGHT="71" WIDTH="431" VPOS="1604" HPOS="521"/>
<SP HEIGHT="70" WIDTH="45" VPOS="1604" HPOS="952"/>
<String CONTENT="Student" HEIGHT="60" WIDTH="268" VPOS="1603" HPOS="997"/>
<SP HEIGHT="56" WIDTH="39" VPOS="1606" HPOS="1266"/>
<String CONTENT="council," HEIGHT="74" WIDTH="256" VPOS="1599" HPOS="1306"/>
<SP HEIGHT="71" WIDTH="39" VPOS="1601" HPOS="1562"/>
<String LANG="la" CONTENT="Y." HEIGHT="56" WIDTH="71" VPOS="1601" HPOS="1601"/>
<SP HEIGHT="58" WIDTH="42" VPOS="1601" HPOS="1673"/>
<String LANG="la" CONTENT="W." HEIGHT="59" WIDTH="97" VPOS="1600" HPOS="1716"/>
<SP HEIGHT="60" WIDTH="45" VPOS="1597" HPOS="1814"/>
<String CONTENT="C." HEIGHT="60" WIDTH="64" VPOS="1597" HPOS="1860"/>
<SP HEIGHT="57" WIDTH="40" VPOS="1599" HPOS="1925"/>
<String CONTENT="A." HEIGHT="57" WIDTH="75" VPOS="1599" HPOS="1966"/>
<SP HEIGHT="13" WIDTH="50" VPOS="1644" HPOS="2042"/>
<String CS="1" CONTENT="&#8230;"/>
<SP HEIGHT="58" WIDTH="88" VPOS="1599" HPOS="2155"/>
<String CONTENT="Student" HEIGHT="59" WIDTH="267" VPOS="1598" HPOS="2244"/>
</TextLine>
<TextLine HEIGHT="81" WIDTH="1990" VPOS="1673" HPOS="522" STYLEREFS="StyleId-E8E7D033-730C-4C6F-BE3F-E202DDF19D51-" CS="1">
<String CONTENT="department," HEIGHT="71" WIDTH="413" VPOS="1683" HPOS="522"/>
<SP HEIGHT="73" WIDTH="21" VPOS="1680" HPOS="936"/>
<String LANG="la" CONTENT="Y." HEIGHT="59" WIDTH="74" VPOS="1680" HPOS="958"/>
<SP HEIGHT="59" WIDTH="24" VPOS="1680" HPOS="1033"/>
<String LANG="la" CONTENT="M." HEIGHT="58" WIDTH="83" VPOS="1679" HPOS="1058"/>
<SP HEIGHT="59" WIDTH="28" VPOS="1678" HPOS="1142"/>
<String CONTENT="C." HEIGHT="59" WIDTH="64" VPOS="1678" HPOS="1171"/>
<SP HEIGHT="56" WIDTH="25" VPOS="1679" HPOS="1236"/>
<String CONTENT="A." HEIGHT="56" WIDTH="74" VPOS="1679" HPOS="1262"/>
<SP HEIGHT="11" WIDTH="32" VPOS="1725" HPOS="1337"/>
<String CS="1" CONTENT="&#8230;"/>
<SP HEIGHT="58" WIDTH="65" VPOS="1678" HPOS="1433"/>
<String CONTENT="New" HEIGHT="56" WIDTH="152" VPOS="1678" HPOS="1499"/>
<SP HEIGHT="56" WIDTH="20" VPOS="1678" HPOS="1652"/>
<String CONTENT="York," HEIGHT="70" WIDTH="189" VPOS="1676" HPOS="1673"/>
<SP HEIGHT="67" WIDTH="24" VPOS="1678" HPOS="1863"/>
<String CONTENT="Association" HEIGHT="60" WIDTH="399" VPOS="1674" HPOS="1888"/>
<SP HEIGHT="53" WIDTH="22" VPOS="1693" HPOS="2288"/>
<String CONTENT="press," HEIGHT="56" WIDTH="201" VPOS="1690" HPOS="2311"/>
</TextLine>
<TextLine HEIGHT="57" WIDTH="163" VPOS="1761" HPOS="525" STYLEREFS="StyleId-E8E7D033-730C-4C6F-BE3F-E202DDF19D51-">
<String CONTENT="1926." HEIGHT="57" WIDTH="163" VPOS="1761" HPOS="525"/>
</TextLine>
<TextLine HEIGHT="52" WIDTH="302" VPOS="1849" HPOS="594">
<String CONTENT="88" HEIGHT="44" WIDTH="53" VPOS="1851" HPOS="594"/>
<SP HEIGHT="50" WIDTH="26" VPOS="1851" HPOS="648"/>
<String CONTENT="p." HEIGHT="36" WIDTH="41" VPOS="1865" HPOS="675"/>
<SP HEIGHT="42" WIDTH="56" VPOS="1851" HPOS="717"/>
<String CONTENT="20" HEIGHT="45" WIDTH="54" VPOS="1849" HPOS="774"/>
<String STYLE="superscript" CONTENT="cm" HEIGHT="17" WIDTH="46" VPOS="1852" HPOS="835"/>
<String CONTENT="." HEIGHT="8" WIDTH="8" VPOS="1886" HPOS="888"/>
</TextLine>
<TextLine HEIGHT="58" WIDTH="956" VPOS="1914" HPOS="597">
<String CONTENT="&#8220;Books" HEIGHT="45" WIDTH="184" VPOS="1919" HPOS="597"/>
<SP HEIGHT="45" WIDTH="30" VPOS="1919" HPOS="782"/>
<String CONTENT="for" HEIGHT="43" WIDTH="71" VPOS="1919" HPOS="813"/>
<SP HEIGHT="42" WIDTH="27" VPOS="1919" HPOS="885"/>
<String CONTENT="further" HEIGHT="43" WIDTH="180" VPOS="1918" HPOS="913"/>
<SP HEIGHT="31" WIDTH="27" VPOS="1930" HPOS="1094"/>
<String CONTENT="study&#8221;:" HEIGHT="55" WIDTH="186" VPOS="1915" HPOS="1122"/>
<SP HEIGHT="36" WIDTH="27" VPOS="1929" HPOS="1309"/>
<String CONTENT="p." HEIGHT="36" WIDTH="40" VPOS="1929" HPOS="1337"/>
<SP HEIGHT="45" WIDTH="27" VPOS="1915" HPOS="1378"/>
<String CONTENT="86-88." HEIGHT="46" WIDTH="147" VPOS="1914" HPOS="1406"/>
</TextLine>
<TextLine HEIGHT="64" WIDTH="1988" VPOS="1975" HPOS="525">
<String CONTENT="&#169;" HEIGHT="53" WIDTH="52" VPOS="1986" HPOS="525"/>
<SP HEIGHT="53" WIDTH="30" VPOS="1986" HPOS="577"/>
<String CONTENT="June" HEIGHT="51" WIDTH="115" VPOS="1988" HPOS="608"/>
<SP HEIGHT="44" WIDTH="29" VPOS="1986" HPOS="723"/>
<String CONTENT="8," HEIGHT="51" WIDTH="38" VPOS="1986" HPOS="752"/>
<SP HEIGHT="52" WIDTH="36" VPOS="1985" HPOS="790"/>
<String CONTENT="1926;" HEIGHT="52" WIDTH="131" VPOS="1984" HPOS="826"/>
<SP HEIGHT="52" WIDTH="31" VPOS="1984" HPOS="957"/>
<String CONTENT="2c." HEIGHT="42" WIDTH="67" VPOS="1984" HPOS="988"/>
<SP HEIGHT="29" WIDTH="29" VPOS="1998" HPOS="1056"/>
<String CONTENT="and" HEIGHT="44" WIDTH="89" VPOS="1983" HPOS="1085"/>
<SP HEIGHT="43" WIDTH="27" VPOS="1983" HPOS="1174"/>
<String CONTENT="aff." HEIGHT="43" WIDTH="79" VPOS="1982" HPOS="1201"/>
<SP HEIGHT="51" WIDTH="34" VPOS="1982" HPOS="1280"/>
<String CONTENT="June" HEIGHT="52" WIDTH="116" VPOS="1981" HPOS="1314"/>
<SP HEIGHT="42" WIDTH="34" VPOS="1981" HPOS="1430"/>
<String CONTENT="11;" HEIGHT="51" WIDTH="75" VPOS="1981" HPOS="1464"/>
<SP HEIGHT="53" WIDTH="35" VPOS="1979" HPOS="1539"/>
<!-- cceid 0186E653-6E1B-1014-9B7B-CA07F191E62B --><String CONTENT="A" HEIGHT="43" WIDTH="45" VPOS="1979" HPOS="1574"/>
<SP HEIGHT="44" WIDTH="30" VPOS="1979" HPOS="1619"/>
<String CONTENT="891735;" HEIGHT="55" WIDTH="190" VPOS="1977" HPOS="1649"/>
<SP HEIGHT="53" WIDTH="37" VPOS="1978" HPOS="1839"/>
<String CONTENT="General" HEIGHT="46" WIDTH="193" VPOS="1977" HPOS="1876"/>
<SP HEIGHT="45" WIDTH="31" VPOS="1978" HPOS="2069"/>
<String CONTENT="board" HEIGHT="44" WIDTH="144" VPOS="1979" HPOS="2100"/>
<SP HEIGHT="43" WIDTH="31" VPOS="1979" HPOS="2244"/>
<String CONTENT="of" HEIGHT="44" WIDTH="52" VPOS="1978" HPOS="2275"/>
<SP HEIGHT="44" WIDTH="31" VPOS="1978" HPOS="2327"/>
<String LANG="la" CONTENT="Y." HEIGHT="44" WIDTH="56" VPOS="1979" HPOS="2358"/>
<SP HEIGHT="43" WIDTH="33" VPOS="1979" HPOS="2414"/>
<String CONTENT="M." HEIGHT="44" WIDTH="66" VPOS="1979" HPOS="2447"/>
</TextLine>
<TextLine HEIGHT="59" WIDTH="850" VPOS="2036" HPOS="598">
<String CONTENT="C." HEIGHT="44" WIDTH="48" VPOS="2043" HPOS="598"/>
<SP HEIGHT="43" WIDTH="30" VPOS="2043" HPOS="647"/>
<String CONTENT="A.&#8217;s," HEIGHT="53" WIDTH="110" VPOS="2042" HPOS="678"/>
<SP HEIGHT="54" WIDTH="29" VPOS="2041" HPOS="789"/>
<String CONTENT="New" HEIGHT="44" WIDTH="118" VPOS="2041" HPOS="819"/>
<SP HEIGHT="44" WIDTH="29" VPOS="2041" HPOS="938"/>
<String CONTENT="York." HEIGHT="43" WIDTH="141" VPOS="2040" HPOS="968"/>
<SP HEIGHT="54" WIDTH="67" VPOS="2040" HPOS="1110"/>
<String CONTENT="(26-12363)" HEIGHT="57" WIDTH="270" VPOS="2036" HPOS="1178"/>
</TextLine>
<TextLine HEIGHT="76" WIDTH="920" VPOS="2137" HPOS="526" STYLEREFS="StyleId-508F1E21-9366-4A1C-86BC-9C09FACFCDB8-">
<String CONTENT="Cox," HEIGHT="71" WIDTH="145" VPOS="2142" HPOS="526"/>
<SP HEIGHT="72" WIDTH="36" VPOS="2141" HPOS="672"/>
<String CONTENT="George" HEIGHT="73" WIDTH="239" VPOS="2140" HPOS="709"/>
<SP HEIGHT="58" WIDTH="36" VPOS="2139" HPOS="949"/>
<String CONTENT="James," HEIGHT="68" WIDTH="229" VPOS="2138" HPOS="986"/>
<SP HEIGHT="65" WIDTH="40" VPOS="2140" HPOS="1216"/>
<String CONTENT="1884-" HEIGHT="59" WIDTH="189" VPOS="2137" HPOS="1257"/>
</TextLine>
<TextLine HEIGHT="81" WIDTH="1917" VPOS="2221" HPOS="599" STYLEREFS="StyleId-E8E7D033-730C-4C6F-BE3F-E202DDF19D51-">
<String CONTENT="Art," HEIGHT="70" WIDTH="142" VPOS="2232" HPOS="599"/>
<SP HEIGHT="72" WIDTH="42" VPOS="2230" HPOS="742"/>
<String CONTENT="for" HEIGHT="58" WIDTH="102" VPOS="2229" HPOS="785"/>
<SP HEIGHT="36" WIDTH="47" VPOS="2249" HPOS="888"/>
<String CONTENT="amatevrs" HEIGHT="55" WIDTH="315" VPOS="2230" HPOS="936"/>
<SP HEIGHT="39" WIDTH="46" VPOS="2246" HPOS="1252"/>
<String CONTENT="and" HEIGHT="59" WIDTH="124" VPOS="2226" HPOS="1299"/>
<SP HEIGHT="59" WIDTH="43" VPOS="2225" HPOS="1424"/>
<String CONTENT="stvdents" HEIGHT="58" WIDTH="282" VPOS="2225" HPOS="1468"/>
<SP HEIGHT="54" WIDTH="51" VPOS="2243" HPOS="1751"/>
<String CONTENT="[by]" HEIGHT="70" WIDTH="111" VPOS="2227" HPOS="1803"/>
<SP HEIGHT="74" WIDTH="52" VPOS="2223" HPOS="1915"/>
<String CONTENT="George" HEIGHT="76" WIDTH="240" VPOS="2222" HPOS="1968"/>
<SP HEIGHT="57" WIDTH="46" VPOS="2225" HPOS="2209"/>
<String CONTENT="J." HEIGHT="57" WIDTH="62" VPOS="2225" HPOS="2256"/>
<SP HEIGHT="60" WIDTH="50" VPOS="2224" HPOS="2319"/>
<String CONTENT="Cox." HEIGHT="61" WIDTH="146" VPOS="2223" HPOS="2370"/>
</TextLine>
<TextLine HEIGHT="79" WIDTH="1988" VPOS="2300" HPOS="528" STYLEREFS="StyleId-E8E7D033-730C-4C6F-BE3F-E202DDF19D51-">
<String CONTENT="Garden" HEIGHT="59" WIDTH="250" VPOS="2308" HPOS="528"/>
<SP HEIGHT="61" WIDTH="29" VPOS="2306" HPOS="779"/>
<String CONTENT="City," HEIGHT="73" WIDTH="161" VPOS="2305" HPOS="809"/>
<SP HEIGHT="71" WIDTH="27" VPOS="2307" HPOS="971"/>
<String CONTENT="N." HEIGHT="55" WIDTH="73" VPOS="2307" HPOS="999"/>
<SP HEIGHT="58" WIDTH="30" VPOS="2305" HPOS="1073"/>
<String CONTENT="Y.," HEIGHT="74" WIDTH="93" VPOS="2304" HPOS="1104"/>
<SP HEIGHT="72" WIDTH="29" VPOS="2305" HPOS="1198"/>
<String CONTENT="Dovbleday," HEIGHT="72" WIDTH="384" VPOS="2303" HPOS="1228"/>
<SP HEIGHT="71" WIDTH="29" VPOS="2303" HPOS="1613"/>
<String CONTENT="Page" HEIGHT="73" WIDTH="170" VPOS="2302" HPOS="1643"/>
<SP HEIGHT="41" WIDTH="28" VPOS="2322" HPOS="1814"/>
<String CONTENT="and" HEIGHT="61" WIDTH="125" VPOS="2302" HPOS="1843"/>
<SP HEIGHT="59" WIDTH="26" VPOS="2302" HPOS="1969"/>
<String CONTENT="company," HEIGHT="54" WIDTH="322" VPOS="2321" HPOS="1996"/>
<SP HEIGHT="67" WIDTH="32" VPOS="2305" HPOS="2319"/>
<String CONTENT="1926." HEIGHT="57" WIDTH="164" VPOS="2303" HPOS="2352"/>
</TextLine>
<TextLine HEIGHT="60" WIDTH="1215" VPOS="2390" HPOS="665" CS="1">
<String CS="1" CONTENT="xx"/>
<SP HEIGHT="38" WIDTH="24" VPOS="2412" HPOS="665"/>
<String LANG="la" CONTENT="p.," HEIGHT="38" WIDTH="55" VPOS="2412" HPOS="690"/>
<SP HEIGHT="50" WIDTH="29" VPOS="2398" HPOS="746"/>
<String CONTENT="1" HEIGHT="41" WIDTH="19" VPOS="2398" HPOS="776"/>
<SP HEIGHT="46" WIDTH="27" VPOS="2394" HPOS="796"/>
<String CS="1" CONTENT="l.," HEIGHT="17" WIDTH="9" VPOS="2430" HPOS="856"/>
<SP HEIGHT="51" WIDTH="24" VPOS="2396" HPOS="866"/>
<String CONTENT="205," HEIGHT="50" WIDTH="94" VPOS="2394" HPOS="891"/>
<SP HEIGHT="33" WIDTH="29" VPOS="2411" HPOS="986"/>
<String CONTENT="[3]" HEIGHT="46" WIDTH="52" VPOS="2395" HPOS="1016"/>
<SP HEIGHT="37" WIDTH="26" VPOS="2410" HPOS="1069"/>
<String CONTENT="p." HEIGHT="38" WIDTH="41" VPOS="2409" HPOS="1096"/>
<SP HEIGHT="45" WIDTH="27" VPOS="2393" HPOS="1138"/>
<String CONTENT="incl." HEIGHT="44" WIDTH="104" VPOS="2393" HPOS="1166"/>
<SP HEIGHT="43" WIDTH="27" VPOS="2394" HPOS="1271"/>
<String CONTENT="illus.," HEIGHT="54" WIDTH="132" VPOS="2391" HPOS="1299"/>
<SP HEIGHT="37" WIDTH="30" VPOS="2407" HPOS="1432"/>
<String CS="1" CONTENT="XXXVI"/>
<SP/>
<String CS="1" CONTENT="pl."/>
<SP HEIGHT="44" WIDTH="54" VPOS="2392" HPOS="1702"/>
<String CONTENT="28" HEIGHT="44" WIDTH="55" VPOS="2392" HPOS="1757"/>
<String STYLE="superscript" CONTENT="cm" HEIGHT="18" WIDTH="47" VPOS="2394" HPOS="1819"/>
<String CONTENT="." HEIGHT="9" WIDTH="8" VPOS="2428" HPOS="1872"/>
</TextLine>
<TextLine HEIGHT="62" WIDTH="1907" VPOS="2459" HPOS="532">
<String CONTENT="&#169;" HEIGHT="53" WIDTH="52" VPOS="2468" HPOS="532"/>
<SP HEIGHT="53" WIDTH="28" VPOS="2468" HPOS="585"/>
<String CONTENT="May" HEIGHT="50" WIDTH="111" VPOS="2470" HPOS="614"/>
<SP HEIGHT="54" WIDTH="27" VPOS="2466" HPOS="726"/>
<String CONTENT="7," HEIGHT="52" WIDTH="36" VPOS="2466" HPOS="754"/>
<SP HEIGHT="51" WIDTH="30" VPOS="2467" HPOS="791"/>
<String CONTENT="1926;" HEIGHT="52" WIDTH="131" VPOS="2466" HPOS="822"/>
<SP HEIGHT="51" WIDTH="27" VPOS="2467" HPOS="954"/>
<String CONTENT="2c." HEIGHT="42" WIDTH="66" VPOS="2467" HPOS="982"/>
<SP HEIGHT="28" WIDTH="27" VPOS="2481" HPOS="1049"/>
<String CONTENT="and" HEIGHT="44" WIDTH="86" VPOS="2465" HPOS="1077"/>
<SP HEIGHT="43" WIDTH="27" VPOS="2465" HPOS="1164"/>
<String CONTENT="aff." HEIGHT="44" WIDTH="80" VPOS="2465" HPOS="1192"/>
<SP HEIGHT="53" WIDTH="25" VPOS="2464" HPOS="1273"/>
<String CONTENT="June" HEIGHT="53" WIDTH="114" VPOS="2464" HPOS="1299"/>
<SP HEIGHT="45" WIDTH="29" VPOS="2463" HPOS="1414"/>
<String CONTENT="11;" HEIGHT="53" WIDTH="75" VPOS="2463" HPOS="1444"/>
<SP HEIGHT="53" WIDTH="29" VPOS="2463" HPOS="1520"/>
<!-- cceid 01874336-6E1B-1014-9B7B-CA07F191E62B --><String CONTENT="A" HEIGHT="43" WIDTH="44" VPOS="2463" HPOS="1550"/>
<SP HEIGHT="43" WIDTH="28" VPOS="2463" HPOS="1595"/>
<String CONTENT="897096;" HEIGHT="55" WIDTH="189" VPOS="2461" HPOS="1624"/>
<SP HEIGHT="51" WIDTH="30" VPOS="2464" HPOS="1814"/>
<String CONTENT="Doubleday," HEIGHT="56" WIDTH="280" VPOS="2461" HPOS="1845"/>
<SP HEIGHT="52" WIDTH="29" VPOS="2463" HPOS="2126"/>
<String CONTENT="Page" HEIGHT="53" WIDTH="126" VPOS="2463" HPOS="2156"/>
<SP HEIGHT="44" WIDTH="25" VPOS="2463" HPOS="2283"/>
<String CONTENT="&amp;" HEIGHT="44" WIDTH="38" VPOS="2463" HPOS="2309"/>
<SP HEIGHT="44" WIDTH="25" VPOS="2463" HPOS="2348"/>
<String CONTENT="co." HEIGHT="31" WIDTH="65" VPOS="2477" HPOS="2374"/>
</TextLine>
<TextLine HEIGHT="57" WIDTH="268" VPOS="2522" HPOS="610">
<String CONTENT="(26-12330)" HEIGHT="57" WIDTH="268" VPOS="2522" HPOS="610"/>
</TextLine>
<TextLine HEIGHT="78" WIDTH="1421" VPOS="2618" HPOS="532" STYLEREFS="StyleId-508F1E21-9366-4A1C-86BC-9C09FACFCDB8-">
<String CONTENT="Curoe," HEIGHT="70" WIDTH="213" VPOS="2624" HPOS="532"/>
<SP HEIGHT="69" WIDTH="35" VPOS="2625" HPOS="746"/>
<String CONTENT="Philip" HEIGHT="75" WIDTH="213" VPOS="2621" HPOS="782"/>
<SP HEIGHT="74" WIDTH="34" VPOS="2621" HPOS="996"/>
<String CONTENT="R" HEIGHT="58" WIDTH="52" VPOS="2621" HPOS="1031"/>
<SP HEIGHT="59" WIDTH="312" VPOS="2620" HPOS="1084"/>
<String CONTENT="V" HEIGHT="59" WIDTH="56" VPOS="2619" HPOS="1397"/>
<SP HEIGHT="60" WIDTH="310" VPOS="2618" HPOS="1454"/>
<String CONTENT="1892-" HEIGHT="57" WIDTH="188" VPOS="2621" HPOS="1765"/>
</TextLine>
<TextLine HEIGHT="82" WIDTH="1916" VPOS="2705" HPOS="607" STYLEREFS="StyleId-E8E7D033-730C-4C6F-BE3F-E202DDF19D51-">
<String CONTENT="Educational" HEIGHT="61" WIDTH="418" VPOS="2710" HPOS="607"/>
<SP HEIGHT="56" WIDTH="37" VPOS="2711" HPOS="1026"/>
<String CONTENT="attitudes" HEIGHT="61" WIDTH="302" VPOS="2709" HPOS="1064"/>
<SP HEIGHT="38" WIDTH="40" VPOS="2730" HPOS="1367"/>
<String CONTENT="and" HEIGHT="58" WIDTH="125" VPOS="2712" HPOS="1408"/>
<SP HEIGHT="70" WIDTH="33" VPOS="2712" HPOS="1534"/>
<String CONTENT="policies" HEIGHT="75" WIDTH="257" VPOS="2707" HPOS="1568"/>
<SP HEIGHT="37" WIDTH="40" VPOS="2729" HPOS="1826"/>
<String CONTENT="of" HEIGHT="58" WIDTH="67" VPOS="2708" HPOS="1867"/>
<SP HEIGHT="59" WIDTH="36" VPOS="2708" HPOS="1935"/>
<String CONTENT="organized" HEIGHT="74" WIDTH="338" VPOS="2709" HPOS="1972"/>
<SP HEIGHT="57" WIDTH="35" VPOS="2710" HPOS="2311"/>
<String CONTENT="labor" HEIGHT="59" WIDTH="176" VPOS="2709" HPOS="2347"/>
</TextLine>
<TextLine HEIGHT="81" WIDTH="1992" VPOS="2782" HPOS="532" STYLEREFS="StyleId-E8E7D033-730C-4C6F-BE3F-E202DDF19D51-" CS="1">
<String CONTENT="in" HEIGHT="57" WIDTH="64" VPOS="2789" HPOS="532"/>
<SP HEIGHT="53" WIDTH="39" VPOS="2794" HPOS="597"/>
<String CONTENT="the" HEIGHT="57" WIDTH="109" VPOS="2790" HPOS="637"/>
<SP HEIGHT="60" WIDTH="39" VPOS="2789" HPOS="747"/>
<String CONTENT="United" HEIGHT="62" WIDTH="236" VPOS="2787" HPOS="787"/>
<SP HEIGHT="59" WIDTH="43" VPOS="2788" HPOS="1024"/>
<String CONTENT="States," HEIGHT="73" WIDTH="232" VPOS="2787" HPOS="1068"/>
<SP HEIGHT="71" WIDTH="40" VPOS="2788" HPOS="1301"/>
<String CONTENT="by" HEIGHT="71" WIDTH="84" VPOS="2788" HPOS="1342"/>
<SP HEIGHT="72" WIDTH="43" VPOS="2787" HPOS="1427"/>
<String CONTENT="Philip" HEIGHT="74" WIDTH="209" VPOS="2786" HPOS="1471"/>
<SP HEIGHT="72" WIDTH="44" VPOS="2788" HPOS="1681"/>
<String CONTENT="R." HEIGHT="58" WIDTH="72" VPOS="2787" HPOS="1726"/>
<SP HEIGHT="58" WIDTH="43" VPOS="2787" HPOS="1799"/>
<String CONTENT="Y." HEIGHT="58" WIDTH="75" VPOS="2787" HPOS="1843"/>
<SP HEIGHT="60" WIDTH="48" VPOS="2786" HPOS="1919"/>
<String CONTENT="Curoe" HEIGHT="62" WIDTH="202" VPOS="2785" HPOS="1968"/>
<SP HEIGHT="38" WIDTH="48" VPOS="2808" HPOS="2171"/>
<String CS="1" CONTENT="&#8230;"/>
<SP HEIGHT="54" WIDTH="89" VPOS="2790" HPOS="2284"/>
<String CONTENT="New" HEIGHT="56" WIDTH="150" VPOS="2789" HPOS="2374"/>
</TextLine>
<TextLine HEIGHT="82" WIDTH="1990" VPOS="2859" HPOS="532" STYLEREFS="StyleId-E8E7D033-730C-4C6F-BE3F-E202DDF19D51-">
<String CONTENT="York" HEIGHT="57" WIDTH="175" VPOS="2867" HPOS="532"/>
<SP HEIGHT="57" WIDTH="34" VPOS="2867" HPOS="708"/>
<String CONTENT="city," HEIGHT="74" WIDTH="145" VPOS="2864" HPOS="743"/>
<SP HEIGHT="70" WIDTH="41" VPOS="2867" HPOS="888"/>
<String CONTENT="Teachers" HEIGHT="59" WIDTH="310" VPOS="2865" HPOS="929"/>
<SP HEIGHT="38" WIDTH="42" VPOS="2885" HPOS="1240"/>
<String CONTENT="college," HEIGHT="74" WIDTH="250" VPOS="2864" HPOS="1283"/>
<SP HEIGHT="73" WIDTH="46" VPOS="2864" HPOS="1533"/>
<String CONTENT="Columbia" HEIGHT="61" WIDTH="323" VPOS="2863" HPOS="1579"/>
<SP HEIGHT="39" WIDTH="38" VPOS="2884" HPOS="1903"/>
<String CONTENT="university," HEIGHT="74" WIDTH="373" VPOS="2863" HPOS="1942"/>
<SP HEIGHT="68" WIDTH="41" VPOS="2868" HPOS="2315"/>
<String CONTENT="1926." HEIGHT="59" WIDTH="165" VPOS="2865" HPOS="2356"/>
</TextLine>
<TextLine HEIGHT="127" WIDTH="1973" VPOS="2948" HPOS="531" CS="1">
<String CONTENT="vii," HEIGHT="52" WIDTH="77" VPOS="2954" HPOS="601"/>
<SP HEIGHT="48" WIDTH="39" VPOS="2958" HPOS="679"/>
<String CONTENT="201" HEIGHT="46" WIDTH="78" VPOS="2954" HPOS="719"/>
<SP HEIGHT="53" WIDTH="41" VPOS="2955" HPOS="798"/>
<String CONTENT="p." HEIGHT="38" WIDTH="42" VPOS="2969" HPOS="840"/>
<SP HEIGHT="42" WIDTH="67" VPOS="2956" HPOS="883"/>
<String CS="1" CONTENT="23&#189;" HEIGHT="44" WIDTH="53" VPOS="2954" HPOS="951"/>
<String STYLE="superscript" CONTENT="cm" HEIGHT="17" WIDTH="47" VPOS="2956" HPOS="1039"/>
<String CONTENT="." HEIGHT="9" WIDTH="9" VPOS="2988" HPOS="1092"/>
<SP HEIGHT="54" WIDTH="76" VPOS="2955" HPOS="1102"/>
<String CONTENT="(Teachers" HEIGHT="57" WIDTH="261" VPOS="2951" HPOS="1179"/>
<SP HEIGHT="31" WIDTH="41" VPOS="2967" HPOS="1441"/>
<String CONTENT="college," HEIGHT="54" WIDTH="188" VPOS="2953" HPOS="1483"/>
<SP HEIGHT="53" WIDTH="42" VPOS="2953" HPOS="1672"/>
<String CONTENT="Columbia" HEIGHT="48" WIDTH="242" VPOS="2952" HPOS="1715"/>
<SP HEIGHT="28" WIDTH="41" VPOS="2969" HPOS="1958"/>
<String CONTENT="university." HEIGHT="56" WIDTH="267" VPOS="2952" HPOS="2000"/>
<SP HEIGHT="46" WIDTH="75" VPOS="2952" HPOS="2268"/>
<String CONTENT="Contributions" HEIGHT="105" WIDTH="1973" VPOS="2951" HPOS="531"/>
<SP HEIGHT="56" WIDTH="20" VPOS="3019" HPOS="709"/>
<String CONTENT="Jo" HEIGHT="56" WIDTH="58" VPOS="3019" HPOS="730"/>
<SP HEIGHT="30" WIDTH="31" VPOS="3026" HPOS="789"/>
<String CONTENT="education," HEIGHT="52" WIDTH="247" VPOS="3011" HPOS="821"/>
<SP HEIGHT="36" WIDTH="32" VPOS="3027" HPOS="1069"/>
<String CONTENT="no." HEIGHT="30" WIDTH="70" VPOS="3026" HPOS="1102"/>
<SP HEIGHT="42" WIDTH="32" VPOS="3012" HPOS="1173"/>
<String CONTENT="201)" HEIGHT="54" WIDTH="107" VPOS="3010" HPOS="1206"/>
</TextLine>
<TextLine HEIGHT="64" WIDTH="1635" VPOS="3060" HPOS="608" CS="1">
<String CONTENT="Published" HEIGHT="48" WIDTH="251" VPOS="3064" HPOS="608"/>
<SP HEIGHT="44" WIDTH="30" VPOS="3067" HPOS="860"/>
<String CONTENT="also" HEIGHT="43" WIDTH="98" VPOS="3067" HPOS="891"/>
<SP HEIGHT="29" WIDTH="32" VPOS="3081" HPOS="990"/>
<String CONTENT="as" HEIGHT="28" WIDTH="50" VPOS="3082" HPOS="1023"/>
<SP HEIGHT="35" WIDTH="33" VPOS="3075" HPOS="1074"/>
<String CONTENT="thesis" HEIGHT="45" WIDTH="142" VPOS="3066" HPOS="1108"/>
<SP HEIGHT="54" WIDTH="39" VPOS="3067" HPOS="1251"/>
<String CS="1" CONTENT="(PH." HEIGHT="54" WIDTH="108" VPOS="3067" HPOS="1291"/>
<SP HEIGHT="32" WIDTH="30" VPOS="3080" HPOS="1400"/>
<String CS="1" CONTENT="D.)" HEIGHT="54" WIDTH="36" VPOS="3067" HPOS="1461"/>
<SP HEIGHT="56" WIDTH="43" VPOS="3065" HPOS="1498"/>
<String CONTENT="Columbia" HEIGHT="48" WIDTH="243" VPOS="3064" HPOS="1542"/>
<SP HEIGHT="30" WIDTH="31" VPOS="3081" HPOS="1786"/>
<String CONTENT="university," HEIGHT="56" WIDTH="269" VPOS="3064" HPOS="1818"/>
<SP HEIGHT="51" WIDTH="34" VPOS="3067" HPOS="2088"/>
<String CONTENT="1926." HEIGHT="46" WIDTH="120" VPOS="3066" HPOS="2123"/>
</TextLine>
<TextLine HEIGHT="58" WIDTH="667" VPOS="3119" HPOS="606">
<String CONTENT="Bibliography:" HEIGHT="56" WIDTH="357" VPOS="3120" HPOS="606"/>
<SP HEIGHT="40" WIDTH="31" VPOS="3136" HPOS="964"/>
<String CONTENT="p." HEIGHT="38" WIDTH="40" VPOS="3138" HPOS="996"/>
<SP HEIGHT="43" WIDTH="33" VPOS="3123" HPOS="1037"/>
<String CONTENT="195-201." HEIGHT="47" WIDTH="202" VPOS="3121" HPOS="1071"/>
</TextLine>
<TextLine HEIGHT="67" WIDTH="1988" VPOS="3173" HPOS="540">
<String CONTENT="&#169;" HEIGHT="53" WIDTH="53" VPOS="3179" HPOS="540"/>
<SP HEIGHT="53" WIDTH="29" VPOS="3179" HPOS="594"/>
<String CONTENT="Apr." HEIGHT="52" WIDTH="114" VPOS="3181" HPOS="624"/>
<SP HEIGHT="42" WIDTH="31" VPOS="3181" HPOS="739"/>
<String CONTENT="29," HEIGHT="53" WIDTH="67" VPOS="3180" HPOS="771"/>
<SP HEIGHT="50" WIDTH="35" VPOS="3182" HPOS="839"/>
<String CONTENT="1926;" HEIGHT="51" WIDTH="129" VPOS="3181" HPOS="875"/>
<SP HEIGHT="51" WIDTH="32" VPOS="3181" HPOS="1005"/>
<String CONTENT="2c." HEIGHT="43" WIDTH="65" VPOS="3181" HPOS="1038"/>
<SP HEIGHT="42" WIDTH="36" VPOS="3181" HPOS="1104"/>
<String CONTENT="May" HEIGHT="51" WIDTH="110" VPOS="3181" HPOS="1141"/>
<SP HEIGHT="51" WIDTH="36" VPOS="3181" HPOS="1252"/>
<String CONTENT="14;" HEIGHT="54" WIDTH="74" VPOS="3179" HPOS="1289"/>
<SP HEIGHT="39" WIDTH="34" VPOS="3194" HPOS="1364"/>
<String CONTENT="aff." HEIGHT="45" WIDTH="78" VPOS="3180" HPOS="1399"/>
<SP HEIGHT="44" WIDTH="34" VPOS="3180" HPOS="1478"/>
<String CONTENT="May" HEIGHT="53" WIDTH="111" VPOS="3180" HPOS="1513"/>
<SP HEIGHT="52" WIDTH="36" VPOS="3181" HPOS="1625"/>
<String CONTENT="12;" HEIGHT="53" WIDTH="73" VPOS="3181" HPOS="1662"/>
<SP HEIGHT="54" WIDTH="35" VPOS="3180" HPOS="1736"/>
<!-- cceid 01879C3C-6E1B-1014-9B7B-CA07F191E62B --><String CONTENT="A" HEIGHT="43" WIDTH="45" VPOS="3180" HPOS="1772"/>
<SP HEIGHT="45" WIDTH="33" VPOS="3180" HPOS="1818"/>
<String CONTENT="890858;" HEIGHT="54" WIDTH="189" VPOS="3178" HPOS="1852"/>
<SP HEIGHT="53" WIDTH="35" VPOS="3179" HPOS="2042"/>
<String CONTENT="Teachers" HEIGHT="45" WIDTH="227" VPOS="3179" HPOS="2078"/>
<SP HEIGHT="29" WIDTH="34" VPOS="3195" HPOS="2306"/>
<String CONTENT="college," HEIGHT="56" WIDTH="187" VPOS="3179" HPOS="2341"/>
</TextLine>
<TextLine HEIGHT="59" WIDTH="721" VPOS="3234" HPOS="611">
<String CONTENT="Columbia" HEIGHT="46" WIDTH="239" VPOS="3236" HPOS="611"/>
<SP HEIGHT="28" WIDTH="23" VPOS="3252" HPOS="851"/>
<String CONTENT="univ." HEIGHT="45" WIDTH="119" VPOS="3235" HPOS="874"/>
<SP HEIGHT="53" WIDTH="69" VPOS="3239" HPOS="993"/>
<String CONTENT="(26-12481)" HEIGHT="57" WIDTH="270" VPOS="3235" HPOS="1062"/>
</TextLine>
<TextLine HEIGHT="83" WIDTH="1987" VPOS="3372" HPOS="545" STYLEREFS="StyleId-E8E7D033-730C-4C6F-BE3F-E202DDF19D51-">
<String CONTENT="The" HEIGHT="56" WIDTH="126" VPOS="3379" HPOS="545"/>
<SP HEIGHT="42" WIDTH="31" VPOS="3393" HPOS="672"/>
<String CONTENT="cyclopedia" HEIGHT="74" WIDTH="363" VPOS="3377" HPOS="704"/>
<SP HEIGHT="41" WIDTH="28" VPOS="3394" HPOS="1068"/>
<String CONTENT="of" HEIGHT="57" WIDTH="66" VPOS="3378" HPOS="1097"/>
<SP HEIGHT="57" WIDTH="30" VPOS="3377" HPOS="1164"/>
<String CONTENT="American" HEIGHT="59" WIDTH="335" VPOS="3376" HPOS="1195"/>
<SP HEIGHT="55" WIDTH="29" VPOS="3379" HPOS="1531"/>
<String CONTENT="biography." HEIGHT="73" WIDTH="367" VPOS="3377" HPOS="1561"/>
<SP HEIGHT="59" WIDTH="74" VPOS="3378" HPOS="1929"/>
<String CONTENT="Supplementary" HEIGHT="75" WIDTH="528" VPOS="3376" HPOS="2004"/>
</TextLine>
<TextLine HEIGHT="79" WIDTH="1840" VPOS="3451" HPOS="622" STYLEREFS="StyleId-E8E7D033-730C-4C6F-BE3F-E202DDF19D51-" CS="1">
<String CONTENT="ed." HEIGHT="56" WIDTH="90" VPOS="3457" HPOS="622"/>
<SP HEIGHT="58" WIDTH="103" VPOS="3456" HPOS="713"/>
<String CONTENT="With" HEIGHT="57" WIDTH="175" VPOS="3456" HPOS="817"/>
<SP HEIGHT="56" WIDTH="50" VPOS="3457" HPOS="993"/>
<String CONTENT="an" HEIGHT="39" WIDTH="81" VPOS="3474" HPOS="1044"/>
<SP HEIGHT="56" WIDTH="46" VPOS="3457" HPOS="1126"/>
<String CONTENT="introduction" HEIGHT="58" WIDTH="424" VPOS="3456" HPOS="1173"/>
<SP HEIGHT="57" WIDTH="48" VPOS="3457" HPOS="1598"/>
<String CONTENT="by" HEIGHT="70" WIDTH="83" VPOS="3457" HPOS="1647"/>
<SP HEIGHT="70" WIDTH="48" VPOS="3457" HPOS="1731"/>
<String CONTENT="Rossiter" HEIGHT="58" WIDTH="287" VPOS="3456" HPOS="1780"/>
<SP HEIGHT="57" WIDTH="53" VPOS="3458" HPOS="2068"/>
<String CONTENT="Johnson" HEIGHT="58" WIDTH="284" VPOS="3457" HPOS="2122"/>
<SP HEIGHT="39" WIDTH="55" VPOS="3476" HPOS="2407"/>
<String CS="1" CONTENT="&#8230;"/>
</TextLine>
<TextLine HEIGHT="83" WIDTH="1910" VPOS="3529" HPOS="619" STYLEREFS="StyleId-E8E7D033-730C-4C6F-BE3F-E202DDF19D51-" CS="1">
<String LANG="la" CONTENT="v." HEIGHT="37" WIDTH="57" VPOS="3552" HPOS="619"/>
<SP HEIGHT="56" WIDTH="47" VPOS="3535" HPOS="676"/>
<String CONTENT="7" HEIGHT="56" WIDTH="33" VPOS="3535" HPOS="723"/>
<SP HEIGHT="57" WIDTH="48" VPOS="3534" HPOS="756"/>
<String CS="1" CONTENT="&#8230;"/>
<SP HEIGHT="55" WIDTH="86" VPOS="3534" HPOS="867"/>
<String CONTENT="Non-alphabetical" HEIGHT="74" WIDTH="586" VPOS="3532" HPOS="953"/>
<SP HEIGHT="55" WIDTH="40" VPOS="3535" HPOS="1539"/>
<String CONTENT="with" HEIGHT="57" WIDTH="152" VPOS="3534" HPOS="1579"/>
<SP HEIGHT="56" WIDTH="41" VPOS="3534" HPOS="1731"/>
<String CONTENT="index." HEIGHT="58" WIDTH="205" VPOS="3534" HPOS="1772"/>
<SP HEIGHT="56" WIDTH="85" VPOS="3535" HPOS="1977"/>
<String CONTENT="Ed." HEIGHT="59" WIDTH="115" VPOS="3534" HPOS="2062"/>
<SP HEIGHT="55" WIDTH="46" VPOS="3536" HPOS="2177"/>
<String CONTENT="by" HEIGHT="71" WIDTH="83" VPOS="3536" HPOS="2223"/>
<SP HEIGHT="71" WIDTH="42" VPOS="3536" HPOS="2306"/>
<String CONTENT="J." HEIGHT="58" WIDTH="62" VPOS="3535" HPOS="2348"/>
<SP HEIGHT="56" WIDTH="45" VPOS="3535" HPOS="2410"/>
<String CONTENT="E." HEIGHT="56" WIDTH="74" VPOS="3535" HPOS="2455"/>
</TextLine>
<TextLine HEIGHT="86" WIDTH="1908" VPOS="3605" HPOS="622" STYLEREFS="StyleId-E8E7D033-730C-4C6F-BE3F-E202DDF19D51-">
<String CONTENT="Homans" HEIGHT="59" WIDTH="281" VPOS="3610" HPOS="622"/>
<SP HEIGHT="37" WIDTH="41" VPOS="3631" HPOS="904"/>
<String CONTENT="and" HEIGHT="56" WIDTH="124" VPOS="3613" HPOS="946"/>
<SP HEIGHT="56" WIDTH="35" VPOS="3613" HPOS="1071"/>
<String CONTENT="L." HEIGHT="57" WIDTH="67" VPOS="3612" HPOS="1107"/>
<SP HEIGHT="57" WIDTH="38" VPOS="3611" HPOS="1175"/>
<String CONTENT="E." HEIGHT="58" WIDTH="73" VPOS="3611" HPOS="1214"/>
<SP HEIGHT="57" WIDTH="37" VPOS="3612" HPOS="1288"/>
<String CONTENT="Dearborn." HEIGHT="58" WIDTH="345" VPOS="3611" HPOS="1326"/>
<SP HEIGHT="57" WIDTH="79" VPOS="3612" HPOS="1672"/>
<String CONTENT="New" HEIGHT="57" WIDTH="152" VPOS="3612" HPOS="1752"/>
<SP HEIGHT="56" WIDTH="33" VPOS="3613" HPOS="1905"/>
<String CONTENT="York," HEIGHT="75" WIDTH="187" VPOS="3612" HPOS="1939"/>
<SP HEIGHT="72" WIDTH="43" VPOS="3614" HPOS="2127"/>
<String CONTENT="The" HEIGHT="55" WIDTH="128" VPOS="3614" HPOS="2171"/>
<SP HEIGHT="55" WIDTH="39" VPOS="3614" HPOS="2300"/>
<String CONTENT="Press" HEIGHT="58" WIDTH="190" VPOS="3613" HPOS="2340"/>
</TextLine>
<TextLine HEIGHT="80" WIDTH="1131" VPOS="3685" HPOS="624" STYLEREFS="StyleId-E8E7D033-730C-4C6F-BE3F-E202DDF19D51-">
<String CONTENT="association" HEIGHT="58" WIDTH="379" VPOS="3688" HPOS="624"/>
<SP HEIGHT="38" WIDTH="30" VPOS="3708" HPOS="1004"/>
<String CONTENT="compilers," HEIGHT="72" WIDTH="348" VPOS="3690" HPOS="1035"/>
<SP HEIGHT="70" WIDTH="33" VPOS="3690" HPOS="1384"/>
<String CONTENT="inc.," HEIGHT="74" WIDTH="137" VPOS="3689" HPOS="1418"/>
<SP HEIGHT="70" WIDTH="34" VPOS="3692" HPOS="1556"/>
<String CONTENT="1926." HEIGHT="57" WIDTH="164" VPOS="3691" HPOS="1591"/>
</TextLine>
<TextLine HEIGHT="62" WIDTH="1400" VPOS="3759" HPOS="615">
<String CONTENT="vi," HEIGHT="51" WIDTH="59" VPOS="3765" HPOS="615"/>
<SP HEIGHT="53" WIDTH="30" VPOS="3763" HPOS="675"/>
<String CONTENT="509" HEIGHT="45" WIDTH="79" VPOS="3763" HPOS="706"/>
<SP HEIGHT="54" WIDTH="29" VPOS="3763" HPOS="786"/>
<String CONTENT="p." HEIGHT="37" WIDTH="38" VPOS="3779" HPOS="816"/>
<SP HEIGHT="41" WIDTH="60" VPOS="3766" HPOS="855"/>
<String CONTENT="front.," HEIGHT="52" WIDTH="151" VPOS="3766" HPOS="916"/>
<SP HEIGHT="53" WIDTH="32" VPOS="3765" HPOS="1068"/>
<String CONTENT="illus.," HEIGHT="54" WIDTH="129" VPOS="3764" HPOS="1101"/>
<SP HEIGHT="38" WIDTH="31" VPOS="3780" HPOS="1231"/>
<String CONTENT="plates," HEIGHT="53" WIDTH="156" VPOS="3766" HPOS="1263"/>
<SP HEIGHT="40" WIDTH="31" VPOS="3779" HPOS="1420"/>
<String CONTENT="ports.," HEIGHT="45" WIDTH="152" VPOS="3773" HPOS="1452"/>
<SP HEIGHT="52" WIDTH="30" VPOS="3766" HPOS="1605"/>
<String CONTENT="facsims." HEIGHT="47" WIDTH="204" VPOS="3765" HPOS="1636"/>
<SP HEIGHT="43" WIDTH="50" VPOS="3767" HPOS="1841"/>
<String CONTENT="26" HEIGHT="45" WIDTH="55" VPOS="3766" HPOS="1892"/>
<String STYLE="superscript" CONTENT="cm" HEIGHT="18" WIDTH="48" VPOS="3769" HPOS="1953"/>
<String CONTENT="." HEIGHT="8" WIDTH="9" VPOS="3803" HPOS="2006"/>
</TextLine>
<TextLine HEIGHT="70" WIDTH="1974" VPOS="3813" HPOS="549" CS="1">
<String CONTENT="&#169;" HEIGHT="56" WIDTH="52" VPOS="3819" HPOS="549"/>
<SP HEIGHT="56" WIDTH="26" VPOS="3819" HPOS="602"/>
<String CONTENT="June" HEIGHT="52" WIDTH="116" VPOS="3822" HPOS="629"/>
<SP HEIGHT="43" WIDTH="22" VPOS="3822" HPOS="746"/>
<String CONTENT="24," HEIGHT="53" WIDTH="66" VPOS="3820" HPOS="769"/>
<SP HEIGHT="50" WIDTH="33" VPOS="3822" HPOS="836"/>
<String CONTENT="1926;" HEIGHT="52" WIDTH="128" VPOS="3822" HPOS="870"/>
<SP/>
<String CS="1" CONTENT="1c."/>
<SP HEIGHT="32" WIDTH="29" VPOS="3836" HPOS="1093"/>
<String CONTENT="and" HEIGHT="45" WIDTH="87" VPOS="3824" HPOS="1123"/>
<SP HEIGHT="45" WIDTH="26" VPOS="3824" HPOS="1211"/>
<String CONTENT="aff." HEIGHT="45" WIDTH="78" VPOS="3824" HPOS="1238"/>
<SP HEIGHT="53" WIDTH="29" VPOS="3824" HPOS="1317"/>
<String CONTENT="June" HEIGHT="54" WIDTH="118" VPOS="3823" HPOS="1346"/>
<SP HEIGHT="45" WIDTH="23" VPOS="3822" HPOS="1464"/>
<String CONTENT="26;" HEIGHT="52" WIDTH="78" VPOS="3822" HPOS="1488"/>
<SP/>
<String CS="1" CONTENT="1c."/>
<SP HEIGHT="53" WIDTH="30" VPOS="3824" HPOS="1665"/>
<String CONTENT="June" HEIGHT="54" WIDTH="116" VPOS="3823" HPOS="1695"/>
<SP HEIGHT="43" WIDTH="24" VPOS="3824" HPOS="1811"/>
<String CONTENT="28;" HEIGHT="53" WIDTH="82" VPOS="3824" HPOS="1836"/>
<SP HEIGHT="52" WIDTH="30" VPOS="3825" HPOS="1918"/>
<!-- cceid 0187F64F-6E1B-1014-9B7B-CA07F191E62B --><String CONTENT="A" HEIGHT="42" WIDTH="45" VPOS="3825" HPOS="1948"/>
<SP HEIGHT="44" WIDTH="26" VPOS="3824" HPOS="1994"/>
<String CONTENT="897319;" HEIGHT="56" WIDTH="193" VPOS="3823" HPOS="2021"/>
<SP HEIGHT="53" WIDTH="33" VPOS="3825" HPOS="2214"/>
<String CONTENT="Press" HEIGHT="45" WIDTH="137" VPOS="3824" HPOS="2247"/>
<SP HEIGHT="29" WIDTH="30" VPOS="3839" HPOS="2385"/>
<String CS="1" CONTENT="assn." HEIGHT="30" WIDTH="106" VPOS="3839" HPOS="2416"/>
</TextLine>
<TextLine HEIGHT="55" WIDTH="378" VPOS="3877" HPOS="616">
<String CONTENT="compilers," HEIGHT="55" WIDTH="252" VPOS="3877" HPOS="616"/>
<SP HEIGHT="53" WIDTH="43" VPOS="3878" HPOS="869"/>
<String CONTENT="inc." HEIGHT="48" WIDTH="81" VPOS="3878" HPOS="913"/>
</TextLine>
</TextBlock>
</PrintSpace>
</Page>
</Layout>
</alto>