2609 4293
1400 4020 108 54 162

467 377 327 67 Bardwell,
838 377 278 58 Francis.

545 472 129 58 The
713 472 343 57 adventure
1094 472 67 56 of
1199 472 102 57 old
1337 490 132 53 age,
1506 473 81 69 by
1624 471 263 58 Francis
1921 471 342 70 Bardwell;
2301 469 146 60 with

467 548 253 71 preface
763 550 82 70 by
889 547 278 59 Richard
1212 548 62 58 C.
1324 547 212 60 Cabot.
1618 549 238 56 Boston
1903 549 122 56 and
2070 548 147 56 New
2261 547 190 70 York,

466 624 341 73 Houghton
833 622 214 59 Mifflin
1076 642 321 54 company,
1427 626 164 55 1926.

534 716 81 51 xii,
646 718 67 48 [1],
741 716 93 50 298,
866 719 52 45 [1]
949 729 43 37 p.
1054 716 50 43 19½c
1155 717 30 18 m
1191 749 9 10 .

538 786 188 44 Poems:
754 799 41 37 p.
822 785 220 48 229-[299]

465 851 53 54 ©
549 852 106 45 Feb.
694 853 60 51 12,
794 852 127 52 1926;
956 852 63 43 2c.
1055 852 86 43 and
1173 852 80 44 aff.
1288 851 107 44 Feb.
1433 850 74 54 15;
1543 852 44 42 A
1621 852 187 52 883288;
1846 851 49 45 F.
1933 852 239 52 Bardwell,
2208 851 240 53 Sherborn,

538 911 140 42 Mass.
748 909 241 54 (26-4819)

467 1009 220 71 Barry,
723 1008 238 72 Joseph
993 1006 192 74 Gayle
1222 1006 198 72 Hurd,
1459 1008 188 57 1858-

468 1097 1963 154 The parish priest, by J. G. H. Barry … and Seiden Peabody
659 1178 1513 74 Delany … New York, E. S. Gorham [1926]
537 1269 79 46 271
679 1304 7 8 p.
745 1271 151 44 23½cm.

464 1336 53 53 ©
550 1338 104 43 Feb.
686 1337 67 51 20,
789 1338 128 51 1926;
949 1338 64 43 2c.
1047 1336 105 44 Feb.
1184 1336 77 53 27;
1297 1338 78 42 aff.
1409 1337 105 43 Feb.
1547 1338 77 51 26;
1661 1339 44 41 A
1736 1337 188 53 879686;
1962 1336 161 48 Edwin
2158 1338 43 47 S.
2240 1338 211 45 Gorham.

544 1393 242 54 (26-5187)

467 1492 517 71 Bedford-Jones,
1023 1493 232 72 Henry,
1296 1495 187 56 1887-

544 1583 381 70 Bodomont;
963 1602 36 38 a
1034 1601 288 39 romance
1357 1582 67 58 of
1457 1582 179 58 Mont
1671 1582 91 59 St.
1799 1583 228 58 Michel
2057 1585 64 56 in
2155 1585 104 58 the
2295 1586 155 71 days

466 1660 68 57 of
567 1659 190 59 Louis
788 1679 116 55 XIv,
939 1661 83 71 by
1053 1660 79 57 H.
1167 1660 523 58 Bedford-Jones.
1766 1661 151 57 New
1949 1661 190 74 York,
2173 1662 276 74 London,

467 1737 69 60 G.
562 1739 68 56 P.
658 1738 332 58 Putnam’s
1019 1757 163 54 sons,
1209 1739 163 57 1926.

529 1818 61 51 iii,
615 1816 79 45 335
719 1833 39 38 p.
822 1818 51 43 19½c
924 1820 30 17 m
959 1853 9 9 .

533 1876 136 50 Maps
694 1890 58 28 on
777 1874 340 52 lining-papers.

463 1928 53 54 ©
550 1930 105 43 Feb.
693 1930 61 51 19,
794 1930 127 51 1926;
956 1930 63 42 2c.
1055 1929 104 44 Feb.
1191 1930 79 51 20;
1308 1930 78 44 aff.
1422 1929 104 44 Feb.
1559 1930 77 51 23;
1674 1930 44 42 A
1751 1931 187 52 883382;
1976 1933 61 42 H.
2073 1931 378 54 Bedford-Jones,

533 1988 106 41 Ann
671 1987 167 42 Arbor.
907 1986 242 53 (26-4946)

463 2086 294 70 Bertaux,
793 2084 194 58 Félix.

609 2175 1846 73 … L’allemand et l’Allemagne par les textes. Classe
465 2256 74 56 de
576 2254 332 58 troisieme.
996 2254 218 74 [Paris]
1257 2253 308 57 Hachette
1608 2284 13 43 [
1624 2261 17 21 c
1645 2256 146 55 1925]

529 2331 1305 53 2 p. l., vi, 286 p. illus. (incl. ports.) map. 20½ cm .
533 2388 65 42 At
623 2388 115 42 head
764 2387 51 44 of
840 2387 121 43 title:
995 2386 49 46 F.
1077 2388 201 42 Bertaux
1308 2389 37 42 &
1375 2386 51 47 E.
1457 2388 227 50 Lepointe.

462 2442 1989 56 © Dec. 30, 1925; 1c. Mar. 22, 1926; A—Foreign 30440; Librairie Hachette.
464 2556 229 73 Blome,
729 2557 257 58 Arnold.

542 2649 125 58 Not
694 2651 272 71 through
994 2651 103 58 the
1125 2653 287 70 gateway
1440 2651 66 57 of
1534 2649 188 58 death
1748 2654 111 56 but
1886 2653 271 73 through
2184 2655 105 57 the
466 2674 1965 111 portals
619 2730 67 56 of
715 2728 129 57 life.

927 2728 52 56 By
1055 2728 244 59 Arnold
1327 2729 235 70 Blome,
1596 2748 48 37 c.
1680 2748 44 40 s.
1811 2730 167 73 [New
2007 2732 189 71 York,
2229 2741 16 20 c
2250 2734 164 69 1926]

534 2807 326 51 40 p. 19½ cm .
536 2863 224 45 “Lecture
790 2865 133 50 given
957 2871 46 36 to
1039 2864 204 44 students
1275 2864 87 43 and
1398 2863 173 45 friends
1605 2865 47 43 in
1685 2864 245 54 February,
1970 2868 143 44 1924.”

458 2916 55 53 ©
541 2919 98 50 Jan.
675 2919 63 50 18,
772 2918 129 52 1926;
933 2918 65 44 2c.
1029 2919 86 43 and
1143 2920 79 43 aff.
1256 2919 104 46 Feb.
1399 2919 72 54 12;
1505 2919 44 42 A
1583 2920 188 53 884486;
1803 2923 56 41 A.
1896 2920 170 53 Blome,
2101 2924 119 43 New
2252 2925 141 43 York.

540 2973 242 55 (26-5185)

462 3072 308 69 Bolenius,
811 3073 221 59 Emma
1068 3075 226 59 Miller.

539 3164 128 57 The
713 3165 181 71 boys’
945 3168 123 55 and
1116 3167 183 73 girls’
1347 3171 288 71 readers;
1686 3172 313 55 teachers’
2047 3171 254 56 manual
2348 3171 104 57 for

458 3242 236 74 fourth,
725 3243 162 73 fifth,
919 3246 125 56 and
1075 3246 165 56 sixth
1273 3250 246 70 grades,
1549 3250 83 70 by
1660 3249 222 56 Emma
1915 3250 207 56 Miller
2154 3249 297 58 Bolenius

525 3320 1929 80 … Boston, ‘New York [etc.] Houghton Mifflin company
458 3429 13 42 [
473 3404 19 22 c
496 3398 146 56 1926]

525 3474 162 49 lxxxii,
728 3475 81 46 238
849 3491 39 37 p.
949 3477 115 43 illus.
1138 3478 51 43 19
1195 3481 46 17 cm
1248 3513 9 9 .

455 3527 53 53 ©
536 3528 105 45 Feb.
667 3530 68 51 20,
767 3532 129 51 1926;
924 3533 63 43 2c.
1016 3535 86 42 and
1129 3536 78 44 aff.
1237 3536 118 43 Mar.
1388 3538 45 50 1;
1463 3538 46 41 A
1536 3535 190 54 879700;
1756 3536 51 48 E.
1839 3538 64 42 M.
1936 3537 224 51 Bolenius,
2192 3537 259 51 Lancaster,

526 3586 78 42 Pa.
675 3586 242 55 (26-5297)

456 3680 243 74 Bolton,
729 3683 207 61 Sarah
969 3688 351 75 (Knowles)
1360 3692 189 57 “Mrs.
1639 3734 10 12 C.
1680 3691 68 57 E.
1779 3691 229 57 Bolton”
2092 3691 359 58 1841-1916.

527 3771 1925 84 Famous men of science, by Sarah K. Bolton … Rev.
448 3851 1982 153 and enl. ed. … New York, Thomas Y. Crowell company [ c 1926]
