2609 4293
1099 3991 109 55 105

148 350 228 66 Moore,
420 347 214 70 Harry
675 343 197 68 Clare,
917 346 188 55 1886-
1262 363 191 54 comp.

225 422 333 72 Sulphuric
599 422 138 57 acid
778 421 230 70 tables;
1050 421 168 57 hand
1258 421 176 70 book,
1479 420 303 71 compiled
1822 421 85 71 by
1945 420 79 56 H.
2072 419 62 60 C.

149 496 1990 74 Moore … 2d ed., rev. and enl. [Chicago, Printed by
147 576 271 59 Hillison
449 576 47 56 &
527 576 194 57 Etten
752 594 105 53 co.,
890 583 19 23 c
912 577 164 71 1926]

213 652 565 54 2 p. l., 40, [3] p. 26 cm .
219 710 149 43 Blank
389 724 136 38 pages
550 708 73 45 for
647 707 354 45 “Memoranda”
1028 708 48 53 (3
1099 715 46 36 at
1168 708 112 53 end)

218 766 246 52 “Through
489 766 76 43 the
586 764 267 53 permission
876 765 52 43 of
951 764 74 44 the
1052 762 380 55 Manufacturing
1456 764 212 44 chemists
1693 764 273 44 association
1990 764 52 44 of
2065 766 75 43 the

149 822 168 46 United
345 821 165 51 States,
534 821 117 43 their
678 821 216 45 standard
917 820 141 44 tables
1083 835 77 30 are
1184 820 107 44 used
1316 835 49 28 as
1389 835 27 29 a
1438 820 162 44 basis.”

147 879 52 54 ©
229 881 98 52 Jan.
354 879 65 51 28,
455 879 104 44 1926;
616 879 63 43 2c.
710 878 89 44 and
827 878 78 43 aff.
937 878 98 53 Jan.
1067 877 78 53 30;
1177 877 44 43 A
1253 877 188 53 879460;
1475 878 63 43 H.
1573 876 49 46 C.
1656 877 178 52 Moore,
1870 874 210 56 Chicago.

224 934 242 57 (26-3155)

148 1020 186 68 Moss,
368 1017 309 74 Geoffrey.

221 1096 317 71 Whipped
569 1114 221 38 cream.
882 1095 193 73 [chap.]
1114 1096 202 56 18-24.

240 1177 60 38 (In
329 1175 195 40 Woman
557 1174 255 50 magazine,
847 1174 117 50 Dec.,
1001 1173 127 51 1925)

150 1226 1991 55 © 1c. Jan. 23, 1926; A ad int. 7685; pubd. Nov. 30, 1925; George H. Doran
216 1300 79 37 co.,
326 1285 116 43 New
474 1285 141 43 York.

150 1367 1992 74 Negligence and compensation cases annotated … With
224 1446 327 72 pleadings
587 1447 123 56 and
744 1446 219 70 forms,
996 1446 84 71 by
1109 1444 282 59 William
1425 1443 231 60 Culver.
1743 1464 57 38 v.
1837 1446 88 56 24.
225 1443 1892 154 Chicago,

434 1523 347 72 Callaghan
814 1525 124 55 and
970 1541 323 56 company,
1329 1524 166 56 1925.

214 1601 79 51 xli,
329 1600 104 44 1072
465 1615 39 37 p.
565 1600 52 43 26
625 1603 46 18 cm
678 1635 7 8 .

145 1655 55 54 ©
228 1658 97 51 Jan.
358 1658 62 51 13,
451 1657 105 43 1926;
608 1657 65 42 2c.
703 1656 86 43 and
816 1656 78 43 aff.
923 1656 98 52 Jan.
1054 1655 74 53 16;
1159 1656 44 42 A
1231 1654 190 53 879300;
1453 1654 251 54 Callaghan
1733 1656 38 44 &
1796 1670 67 29 co.

150 1740 152 57 New
332 1738 187 58 York.
592 1737 450 73 Metropolitan
1069 1754 282 41 museum
1382 1738 69 58 of
1484 1742 116 53 art.

293 1816 1852 73 … Memorial exhibition of the work of John Singer
153 1894 287 72 Sargent,
490 1895 153 55 New
688 1894 190 71 York,
931 1893 292 72 January
1267 1896 38 54 4
1353 1894 273 72 through
1675 1894 331 72 February
2053 1896 89 71 14,

150 1974 163 55 1926.
401 1973 167 71 [New
597 1971 190 72 York,
819 1979 19 21 c
842 1973 164 72 1926]

219 2047 1000 55 xxiii, 14 p., 3 l. 72 pl. on 37 l. 27 cm .
220 2106 64 43 At
308 2105 115 43 head
450 2105 52 43 of
530 2104 97 44 title
643 2120 9 28 :
683 2104 328 54 Metropolitan
1040 2119 203 29 museum
1269 2104 53 44 of
1345 2112 83 36 art.

222 2162 94 44 “Of
346 2161 88 44 this
465 2162 235 52 catalogue
731 2170 89 35 two
853 2162 223 43 thousand
1105 2161 148 52 copies
1284 2161 116 44 have
1428 2161 111 44 been
1572 2161 176 52 printed
1780 2164 60 50 by
1873 2162 57 43 D.
1964 2163 50 43 B.
151 2162 1972 107 Updike,

303 2218 74 43 the
415 2218 316 52 Merrymount
769 2232 139 38 press,
948 2218 184 51 Boston,
1169 2218 43 42 in
1247 2218 217 52 January,
1503 2217 119 45 1926.
1688 2217 114 45 This
1840 2218 36 44 is
1913 2233 84 29 one
2035 2218 52 45 of
2118 2233 30 29 a

148 2274 205 44 hundred
383 2274 245 44 additional
658 2274 147 52 copies
839 2274 179 52 printed
1047 2289 58 29 on
1137 2274 153 52 larger
1317 2273 179 53 paper.”

221 2330 146 52 “John
411 2328 162 55 Singer
615 2329 221 53 Sargent”
890 2331 64 53 (p.
997 2330 238 54 xiii-xxii)
1286 2331 182 52 signed:
1515 2331 210 43 Mariana
1771 2330 228 45 Griswold
2041 2331 103 43 Van

150 2387 280 43 Rensselaer.

150 2440 53 54 ©
236 2444 99 51 Jan.
369 2443 38 51 4,
445 2443 104 43 1926;
610 2444 64 42 2c.
711 2443 86 43 and
830 2443 79 43 aff.
942 2443 98 52 Jan.
1079 2443 74 53 14;
1189 2442 45 44 A
1269 2440 189 55 879260;
1497 2442 331 53 Metropolitan
1860 2457 206 30 museum
2097 2441 51 45 of

219 2506 84 45 art,
333 2499 116 44 New
481 2499 142 43 York.
693 2498 242 52 (26-3010)

150 2582 249 71 Newell,
441 2582 281 59 William
763 2583 184 69 Reed,
994 2585 190 57 1868-

229 2660 270 59 Lessons
531 2680 78 38 on
638 2661 104 57 the
771 2660 247 72 Epistle
1049 2662 67 57 of
1143 2661 163 58 Paul
1331 2663 63 57 to
1424 2661 103 59 the
1557 2662 297 73 Romans,
1883 2663 84 71 by
151 2660 1972 136 William

328 2738 1816 60 R. Newell … also outline lessons on the book of the
149 2816 170 58 Acts.
406 2815 390 74 [Hammond,
831 2817 154 72 Ind.]
1024 2818 166 56 1925.

220 2895 642 53 x p., 1 l., 432 p. 20½c m .
153 2949 52 53 ©
243 2952 107 43 Dec.
393 2952 63 51 19,
495 2949 129 53 1925;
662 2951 65 43 2c.
765 2952 89 42 and
890 2951 79 43 aff.
1006 2951 98 52 Jan.
1141 2951 39 50 4,
1219 2950 130 53 1926;
1390 2951 45 43 A
1472 2949 190 55 875722;
1703 2952 40 53 J.
1784 2952 35 43 I.
1861 2950 48 45 C.
1949 2949 199 52 Wilcox,

221 3006 217 52 Toronto,
471 3006 194 45 Canada.
735 3006 242 55 (26-3368)

154 3090 174 58 Ohio.
405 3091 304 72 Supreme
751 3095 190 54 court.

230 3169 1921 73 Reports of cases argued and determined … Reported
154 3247 1994 73 by J. L. W. Henney … New series, v. 112. Cincinnati,
157 3325 127 56 The
323 3324 154 58 Ohio
512 3326 120 55 law
666 3328 288 67 reporter
991 3344 85 37 co.;
1151 3323 354 74 Cleveland,
1544 3325 128 57 The
1709 3324 287 58 Baldwin
2032 3326 117 56 law

152 3401 362 73 publishing
547 3421 105 52 co.,
690 3404 164 55 1926.

220 3477 142 52 lxviii,
397 3478 80 44 834
510 3492 41 38 p.
609 3479 56 41 22
669 3481 46 18 cm
723 3513 8 8 .

153 3531 54 54 ©
234 3535 99 51 Jan.
367 3535 62 49 16,
463 3535 129 51 1926;
623 3535 63 43 2c.
718 3535 87 44 and
833 3535 78 43 aff.
942 3534 98 52 Jan.
1075 3534 74 53 18;
1181 3535 44 42 A
1256 3533 189 55 875906;
1477 3535 40 52 J.
1548 3535 49 42 L.
1629 3536 75 43 W.
1735 3536 206 52 Henney,
1974 3535 74 44 for
2077 3535 74 43 the

225 3597 114 37 state
374 3591 51 43 of
461 3590 132 52 Ohio,
631 3590 259 52 Columbus,
928 3591 54 44 O.

156 3673 204 72 Older,
403 3674 311 69 Fremont,
759 3677 190 57 1856-

232 3750 110 72 My
368 3770 135 38 own
532 3755 192 68 story,
751 3752 83 71 by
860 3752 302 58 Fremont
1191 3751 207 73 Older,
1429 3752 203 59 editor
1657 3753 105 58 the
1794 3752 129 59 San
157 3753 1967 134 Francisco

363 3829 150 59 Call.
600 3829 301 73 Oakland,
947 3831 129 58 The
1119 3832 478 72 Post-enquirer
1637 3830 365 74 publishing
2043 3850 105 54 co.,

158 3908 161 57 1925.
