2542 4285
998 4013 107 56 197

74 369 404 74 Fitzpatrick,
518 371 48 56 F
879 369 235 72 Stuart,
1156 373 189 57 1891-

149 462 61 57 A
247 464 186 70 study
471 464 67 58 of
571 462 285 58 business
893 465 201 55 men’s
1134 461 429 74 associations,
1600 466 81 70 by
1719 464 70 56 F.
1833 465 219 58 Stuart

72 537 1958 151 Fitzpatrick … Olean, N. Y., Olean times publishing company, 1925.
141 706 512 53 2 p. l ., 177 p. 28 cm .
71 772 53 54 ©
156 773 105 44 Feb.
298 775 33 49 1,
369 773 129 51 1926;
530 773 65 43 2c.
629 773 86 43 and
749 773 78 43 aff.
861 772 106 45 Feb.
1002 773 49 52 5;
1085 774 44 42 A
1165 774 187 53 883332;
1391 772 50 45 F.
1480 773 45 48 S.
1558 774 292 54 Fitzpatrick,
142 776 1886 106 Washington.
377 826 240 56 (26-5714)

70 926 229 70 Fuller,
336 927 236 71 George
608 925 431 73 Washington,
1077 928 188 57 1876-
1422 928 88 58 ed.

144 1017 58 55 A
236 1015 439 73 bibliography
710 1016 67 57 of
814 1016 330 71 bookplate
1179 1016 348 72 literature,
1567 1016 224 73 edited,
1827 1016 153 59 with
2017 1036 38 38 a

67 1093 330 72 foreword,
430 1094 83 70 by
545 1093 240 72 George
817 1093 96 58 W.
951 1093 231 73 Fuller,
1217 1093 519 73 bibliographical
1768 1094 171 58 work
1972 1096 83 70 by

68 1169 211 60 Verna
319 1171 71 56 B.
434 1170 257 70 Grimm,
736 1170 183 58 Some
961 1170 260 58 random
1262 1171 297 72 thoughts
1604 1191 77 38 on
1723 1171 331 72 bookplate

66 1247 345 71 literature,
463 1249 82 70 by
592 1247 323 58 Winward
967 1248 304 57 Prescott.
1357 1247 305 72 Spokane,
1715 1248 218 57 Public
64 1247 1964 151 library,
305 1326 163 56 1926.

139 1402 73 44 151
246 1417 41 38 p.
345 1403 54 43 24½c
451 1404 29 18 m
485 1436 10 10 .

139 1458 137 46 “This
304 1459 167 44 edition
499 1460 38 42 is
562 1457 171 45 limited
758 1467 49 35 to
832 1457 81 45 500
938 1456 252 46 numbered
1217 1459 89 43 and
1332 1459 158 52 signed
1518 1459 160 52 copies,
1706 1460 87 43 and
1822 1458 77 45 the
1924 1458 130 44 work

67 1515 89 44 will
184 1525 77 35 not
288 1517 52 42 be
370 1515 264 52 reprinted.”
693 1513 112 45 This
836 1529 112 37 copy
973 1524 78 35 not
1078 1515 258 46 numbered.

65 1570 53 54 ©
154 1572 118 43 Mar.
305 1572 39 52 2,
382 1571 105 44 1926;
544 1571 64 43 2c.
642 1572 86 42 and
760 1572 79 45 aff.
874 1573 119 41 Mar.
1028 1572 49 52 6;
1116 1572 43 42 A
1195 1570 188 54 883519;
1422 1571 53 45 G.
1509 1573 75 43 W.
1620 1571 164 52 Fuller,
1826 1570 221 54 Spokane,

135 1628 157 45 Wash.
359 1626 241 55 (26-5844)

65 1722 298 74 Gardner,
404 1724 236 72 George
681 1724 70 57 B.

142 1812 306 60 Colorado
482 1814 170 57 shale
684 1814 297 70 products;
1045 1812 298 74 gasoline,
1376 1812 82 58 oil
1490 1813 123 58 and
1643 1814 407 71 by-products

64 1889 1988 75 from oil shale … By Geo. B. Gardner. Chicago, Ill.,
127 1968 1131 74 U . S. law printing company, c 1926.
132 2059 266 52 cover-title,
431 2060 48 43 13
510 2074 39 38 p.
607 2058 50 44 25½
695 2061 46 18 cm
748 2093 9 9 .

63 2128 53 54 ©
147 2130 106 44 Feb.
281 2129 68 52 25,
384 2129 129 51 1926;
545 2129 63 43 2c.
636 2129 89 43 and
752 2129 80 43 aff.
862 2129 121 43 Mar.
1018 2129 46 50 1;
1098 2128 44 42 A
1172 2127 167 44 879707;
1396 2129 76 43 W.
1503 2130 75 43 W.
1609 2127 120 45 Tarr
1760 2129 38 43 &
1827 2143 82 37 co.,
133 2127 1892 112 Chicago.
326 2185 240 55 (26-5730)

62 2284 254 72 George,
353 2282 224 59 Edwin
611 2282 43 60 S
968 2284 189 58 1873-

140 2372 346 72 Following
522 2372 192 56 camel
752 2371 182 57 trails
975 2371 66 57 of
1080 2371 176 72 Asia,
1296 2372 83 70 by
1417 2370 223 57 Edwin
1681 2370 60 59 S.
1786 2370 258 73 George.

65 2454 150 56 New
243 2451 188 73 York,
466 2452 128 58 The
625 2449 503 58 Knickerbocker
1159 2468 200 55 press,
1392 2450 166 57 1926.

131 2529 75 53 vii,
237 2532 76 43 143
339 2543 42 38 p.
440 2526 157 55 plates.
654 2528 56 45 20
716 2532 47 18 cm
769 2566 9 8 .

134 2587 270 52 “Appeared
447 2586 44 44 in
535 2588 72 43 the
653 2586 184 45 Detroit
881 2584 231 54 Saturday
1151 2585 130 53 night
1324 2584 182 54 serially
1547 2586 165 52 during
1754 2588 74 44 the
1872 2586 80 44 fall
1998 2587 50 43 of

67 2643 329 46 1924.”—Pref.

57 2696 58 54 ©
138 2699 98 51 Jan.
267 2696 62 52 15,
359 2696 129 53 1926;
514 2697 64 43 2c.
604 2695 108 45 Feb.
736 2694 77 55 25;
842 2697 79 43 aff.
948 2695 107 46 Feb.
1081 2696 78 53 26;
1187 2698 44 42 A
1259 2695 189 54 879674;
1477 2695 53 48 E.
1559 2696 46 47 S.
1632 2697 190 53 George,
1850 2696 195 45 Detroit.

139 2752 241 56 (26-5193)

60 2851 366 72 Goldsmith,
465 2850 226 72 Oliver,
728 2852 357 58 1728-1774.

118 2941 410 61 Goldsmith’s
555 2941 129 58 The
711 2942 290 57 deserted
1022 2940 248 75 village,
1297 2941 129 57 The
1451 2942 330 71 traveller;
1808 2940 233 73 Gray’s

61 3020 200 73 Elegy
288 3020 65 57 in
384 3040 36 37 a
449 3021 263 70 country
743 3020 406 71 churchyard,
1185 3020 207 57 edited
1420 3019 151 58 with
1599 3019 442 72 introduction,

61 3096 1981 74 questions, and notes by Louise Pound … Boston, New
61 3175 171 59 York
258 3179 145 70 [etc.]
434 3174 163 60 Ginn
623 3176 122 56 and
772 3192 304 54 company
1105 3204 12 42 [
1119 3181 20 24 c
1142 3175 147 56 1925]

127 3255 160 50 xxxiv,
311 3253 53 45 90
386 3268 39 38 p.
514 3252 23 44 17½cm.
702 3251 253 54 (Standard
980 3250 193 55 English
1198 3250 208 55 classics)

131 3309 408 53 “Bibliographical
563 3308 154 45 notes”:
771 3325 39 36 p.
838 3309 131 48 xxxi,
996 3310 66 43 41.

59 3364 53 54 ©
141 3367 110 42 Dec.
284 3366 63 51 18,
379 3364 129 53 1925;
539 3365 62 43 2c.
631 3364 104 44 Feb.
762 3365 67 50 26,
862 3364 129 52 1926;
1024 3365 79 42 aff.
1134 3364 107 44 Feb.
1272 3365 78 52 20;
1382 3365 44 42 A
1456 3363 187 53 883468;
1677 3363 163 45 Louise
1870 3363 172 51 Pound,

129 3422 199 51 Lincoln,
363 3421 114 43 Neb.
541 3419 65 54 [©
638 3421 241 53 questions]
950 3420 241 55 (26-5754)

59 3519 257 72 Goodin,
354 3517 254 59 Charles
641 3517 400 74 Wellington,
1080 3520 54 57 d.
1173 3520 165 56 1922.

139 3612 194 59 God’s
374 3613 197 69 cheer,
611 3614 123 57 and
772 3613 178 57 other
986 3630 217 53 poems
1241 3612 83 71 by
1365 3608 260 60 Charles
1661 3607 383 75 Wellington

62 3689 256 61 Goodin.
418 3689 255 71 Boston,
744 3689 128 58 The
946 3688 410 73 Christopher
1425 3687 360 74 publishing
1852 3688 192 58 house

63 3798 12 43 [
77 3776 19 21 c
101 3769 163 71 1926]

134 3843 756 53 136 p. front. (port.) 20½ cm .
58 3897 53 54 ©
134 3900 99 52 Jan.
258 3899 36 47 2,
327 3899 104 42 1926;
484 3898 62 44 2c.
573 3897 105 44 Feb.
706 3898 75 51 13;
809 3898 79 43 aff.
915 3897 105 44 Feb.
1052 3897 74 52 15;
1155 3898 43 41 A
1226 3896 188 52 883279;
1444 3895 295 53 Christopher
1763 3895 101 53 pub.
1889 3894 153 45 house.

137 3954 240 55 (26-5831)
