2542 4285
0 0 0 0 223
150 344 260 71 Thorpe,
450 343 234 71 George
726 344 216 70 Cyrus,
984 345 187 57 1875-

223 447 296 57 National
590 447 122 56 and
787 448 160 55 state
1024 444 384 73 prohibition
1478 445 198 58 under
1750 446 377 72 Eighteenth

147 525 408 69 amendment,
601 522 318 73 including
961 522 338 58 industrial
1344 522 203 72 liquor
1593 523 403 72 regulations,
147 525 1959 149 digest

320 602 67 56 of
422 620 189 51 cases,
646 601 199 56 forms
883 601 121 56 and
1038 600 206 57 words
1280 601 124 55 and
1434 599 284 72 phrases,
1752 601 278 70 peculiar
2067 607 61 52 to

146 679 102 59 the
287 679 202 71 liquor
526 678 306 71 industry,
870 677 326 72 judicially
1231 676 260 71 defined,
1526 677 84 71 by
1644 676 241 73 George
1928 677 201 72 Cyrus

149 753 1979 74 Thorpe … Kansas City, Vernon law book company; St.
146 834 175 71 Paul,
350 833 178 57 West
554 831 359 73 publishing
941 849 320 56 company,
1292 832 163 55 1926.

214 922 862 54 vii, 1617 p. 1 illus., diagr. 26 cm .
144 991 54 53 ©
222 993 99 51 Jan.
351 993 61 50 18,
442 993 127 52 1926;
595 993 67 42 2c.
690 993 118 42 Mar.
839 994 73 50 11;
942 992 78 43 aff.
1050 992 117 43 Mar.
1198 991 73 52 10;
1300 992 43 42 A
1370 990 164 45 883567;
1591 992 188 43 Vernon
1805 992 85 43 law
1917 992 120 43 book
2062 1006 64 29 co.

224 1047 240 55 (26-6269)

149 1146 189 57 Trust
365 1161 306 58 company
699 1145 68 58 of
796 1144 274 72 Florida,
1102 1145 240 73 Miami,
1371 1146 134 58 Fla.

221 1250 302 60 Business
556 1269 229 53 survey
814 1252 68 55 of
912 1250 277 72 Florida,
1224 1270 36 37 a
1289 1251 221 57 record
1541 1252 66 56 of
1638 1250 320 58 Florida’s
148 1269 1955 117 permanent

449 1329 446 70 development.
983 1327 236 73 Miami,
1268 1327 156 72 Fla.,
1473 1328 192 57 Trust
1712 1346 304 54 company
2062 1328 68 58 of

147 1406 260 58 Florida
434 1436 13 42 [
448 1414 20 22 c
471 1407 162 71 1926]

215 1497 53 47 70
292 1513 39 38 p.
392 1497 114 44 illus.
533 1496 126 53 (incl.
684 1498 152 52 maps)
869 1498 166 52 diagrs.
1098 1498 48 42 18
1155 1499 46 18 cm
1207 1532 9 9 .

144 1566 53 53 ©
225 1568 117 41 Mar.
369 1567 39 50 4,
440 1566 128 51 1926;
597 1566 64 43 2c.
688 1566 88 43 and
804 1567 77 42 aff.
913 1567 119 42 Mar.
1061 1565 49 52 6;
1142 1566 43 42 A
1212 1564 190 53 883514;
1433 1564 142 45 Trust
1604 1580 217 38 company
1851 1566 50 44 of
1930 1566 197 44 Florida.

222 1622 241 54 (26-6180)

145 1718 287 73 Ulmann,
465 1721 150 57 Mrs.
651 1718 203 59 Doris.

222 1828 59 57 A
310 1824 275 75 portrait
616 1826 241 73 gallery
889 1828 68 56 of
987 1824 336 61 American
1358 1824 254 74 editors,
1643 1827 185 73 being
1862 1849 36 37 a
1931 1848 200 53 group

147 1901 1984 76 of XLIII likenesses by Doris Ulmann; with critical essays
145 1983 82 71 by
260 1982 102 59 the
400 1981 234 59 editors
671 1982 124 58 and
827 1998 79 42 an
938 1980 425 59 introduction
1394 1983 84 70 by
1509 1979 190 59 Louis
1733 1982 183 58 Evan
144 1983 1963 133 Shipman.

387 2058 152 59 New
563 2058 190 70 York,
778 2058 97 58 W.
905 2058 73 60 E.
1008 2059 238 70 Rudge,
1275 2058 165 56 1925.

216 2148 1166 53 3 p. l., v-xii p., 1 l., 177 p. incl. ports. 41½ cm .
217 2219 128 46 “One
375 2219 56 46 of
461 2234 56 30 an
547 2218 170 46 edition
749 2219 54 45 of
833 2216 80 48 375
945 2218 165 52 copies,
1140 2219 52 45 of
1219 2217 148 46 which
1397 2216 83 46 350
1512 2219 107 52 only
1648 2232 78 32 are
1761 2220 77 44 for
1868 2221 105 44 sale.
2033 2223 97 42 The

146 2287 139 43 types,
327 2274 217 54 designed
581 2276 88 45 and
708 2277 224 50 arranged
970 2278 61 49 by
1069 2274 216 46 Frederic
1324 2275 76 45 W.
1444 2274 177 54 Goudy,
1658 2277 115 44 have
1813 2278 110 44 been
1965 2290 69 32 set
2076 2279 56 50 by

147 2333 170 47 Bertha
363 2334 66 42 M.
478 2332 164 52 Goudy
686 2340 47 37 at
777 2333 75 44 the
895 2331 186 53 Village
1123 2345 139 38 press,
1311 2332 655 53 Marlborough-on-Hudson,
2015 2336 116 43 New

146 2390 142 44 York.
349 2388 268 45 Presswork
657 2389 59 51 by
756 2387 209 46 William
1006 2387 162 48 Edwin
1212 2390 175 51 Rudge,
1430 2390 86 42 Mt.
1557 2389 198 51 Vernon,
1800 2391 115 43 New
1960 2391 171 44 York.”

145 2446 112 46 This
283 2460 116 38 copy
423 2455 81 37 not
526 2446 261 45 numbered.

140 2513 57 53 ©
230 2514 106 43 Feb.
375 2512 62 53 17,
475 2513 127 50 1926;
639 2513 64 43 2c.
739 2512 107 44 Feb.
880 2512 77 52 20;
995 2513 78 42 aff.
1108 2512 105 43 Feb.
1253 2512 74 52 19;
1364 2513 43 42 A
1444 2512 162 44 883363;
1670 2514 56 42 D.
1762 2514 213 52 Ulmann,
2014 2516 115 43 New

213 2571 142 43 York.
423 2569 240 54 (26-6286)

145 2667 292 74 [Weekes,
472 2667 212 73 Agnes
722 2666 265 71 Russell]

221 2770 1843 76 The son of the house, by Anthony Pryde [pseud.] …
143 2850 150 57 New
325 2849 190 72 York,
549 2849 201 70 Dodd,
785 2849 187 57 Mead
1008 2849 123 56 and
1164 2866 320 55 company,
1522 2850 165 57 1926.

213 2937 523 56 3 p. 1. , 358 p. 19c m .
142 3009 53 53 ©
227 3011 119 43 Mar.
380 3011 61 50 13,
475 3010 104 43 1926;
634 3010 64 42 2c.
729 3009 87 43 and
845 3009 78 43 aff.
958 3009 117 42 Mar.
1112 3008 49 43 16;
1219 3009 43 42 A
1292 3008 163 44 883663;
1515 3009 146 53 Dodd,
1695 3010 137 44 Mead
1864 3011 37 44 &
1933 3025 78 35 co.,
2047 3011 81 42 inc.

222 3065 242 56 (26-6257)

141 3163 209 70 Wells,
394 3163 268 58 Herbert
699 3164 256 72 George.

220 3268 132 56 The
386 3266 230 57 outline
654 3266 67 57 of
754 3267 248 71 history.
1099 3269 87 69 pt.
1225 3268 51 55 9.

138 3355 1991 55 © 1c. Feb. 3, 1926; A ad int. 7716; pubd. Jan. 19; H. G. Wells, Dunmow,
214 3412 159 52 Essex,
409 3410 220 54 England.

296 3512 242 71 The outline of history. pt. 10.
143 3599 1984 54 © 1c. Feb. 17, 1926; A ad int. 7760; pubd. Feb. 2; H. G. Wells, Dunmow,
212 3655 160 53 Essex,
410 3654 219 55 England.

325 3756 215 71 The outline of history. pt. 11.
140 3842 1988 55 © 1c. Mar. 3, 1926; A ad int. 7809; pubd. Feb. 16; H. G. Wells, Dunmow,
214 3899 161 53 Essex,
402 3898 219 54 England.
