2542 4285
1043 3975 112 60 255

176 441 787 56 1 p. l ., 5-215 p. ports. 20½ cm .
431 513 166 45 CONTENTS.—The
635 512 188 53 Apache
862 511 210 45 Kid.—A
1112 511 114 54 fight
1265 512 108 45 with
1416 530 25 28 a
1480 512 173 53 grizzly
1692 514 390 45 bear.—Sukie.—

105 571 96 44 The
228 568 332 46 sucker.—The
592 568 185 53 Canyon
808 568 166 46 Diablo
1004 568 117 46 train
1148 569 447 52 robbery.—Verses.

101 636 53 53 ©
192 638 116 42 Mar.
345 638 37 50 8,
423 636 127 52 1926;
587 637 63 42 2c.
689 638 119 41 Mar.
850 634 73 54 17;
962 636 79 43 aff.
1079 637 117 42 Mar.
1236 636 72 51 16;
1347 637 43 42 A
1428 635 188 54 883672;
1655 638 74 43 W.
1770 636 183 53 Sparks,
1992 639 88 43 Los

171 693 210 52 Angeles.
450 691 239 55 (26-6912)

102 791 285 70 Stewart,
428 790 213 73 Harry
677 791 220 70 Eaton,
939 791 187 58 1887-

179 879 370 74 Diathermy
596 881 151 58 with
798 881 232 71 special
1078 881 321 58 reference
1449 886 63 54 to
1562 882 392 71 pneumonia,
2004 886 80 69 by

103 956 1981 73 Harry Eaton Stewart … with forty-five illustrations and
101 1035 218 58 fifteen
364 1036 225 57 charts.
674 1037 77 57 2d
796 1037 111 69 ed.,
952 1053 125 40 rev.
1159 1035 152 58 New
1352 1035 190 71 York,
1587 1036 69 56 P.
1700 1037 70 56 B.
1816 1036 268 72 Hoeber,

101 1111 133 73 inc.,
269 1113 164 56 1926.

170 1219 79 36 xx,
274 1203 83 44 228
381 1216 40 38 p.
450 1200 102 45 incl.
581 1202 156 52 front.,
766 1200 133 54 illus.,
925 1200 156 53 tables,
1109 1203 166 50 diagrs.
1338 1203 51 44 19
1394 1203 47 19 cm
1446 1237 9 9 .

98 1268 54 54 ©
183 1271 119 42 Mar.
333 1269 38 53 5,
405 1270 127 51 1926;
562 1270 65 43 2c.
659 1270 86 43 and
775 1270 78 43 aff.
887 1270 120 43 Mar.
1044 1269 73 52 18;
1151 1270 45 42 A
1226 1267 189 54 883678;
1450 1270 115 43 Paul
1599 1270 49 43 B.
1683 1270 196 52 Hoeber,
1915 1269 83 45 inc.

176 1325 241 55 (26-6803)

100 1425 205 67 Stone,
346 1423 169 58 John
551 1423 273 72 Charles,
865 1425 189 57 1867-

175 1513 1912 75 A second course in algebra, by John C. Stone … and
99 1591 1986 76 Howard F. Hart … Chicago, New York [etc.] B. H.
102 1672 287 57 Sanborn
413 1671 48 56 &
489 1690 104 52 co.,
620 1671 166 56 1926.

167 1746 78 53 xii,
275 1749 83 45 294
384 1762 41 37 p.
484 1745 168 54 diagrs.
716 1748 51 44 19½
799 1749 47 18 cm
852 1784 8 9 .

97 1800 52 54 ©
181 1803 117 43 Mar.
334 1802 62 51 13,
428 1801 128 52 1926;
586 1802 66 43 2c.
685 1802 119 43 Mar.
839 1801 74 52 16;
946 1801 79 43 aff.
1056 1801 117 43 Mar.
1209 1800 74 52 15;
1317 1802 43 42 A
1393 1799 189 53 879886;
1618 1801 128 52 Benj.
1779 1802 61 42 H.
1875 1799 208 48 Sanborn

169 1858 36 44 &
237 1873 66 29 co.
372 1857 240 53 (26-6964)

98 1956 206 70 Stone,
344 1954 272 60 Willard
652 1954 186 73 John,
880 1957 189 57 1877-

175 2048 200 58 Blood
412 2046 336 73 chemistry
783 2045 415 60 colorimetric
1231 2047 286 58 methods
1554 2049 103 57 for
1692 2049 104 57 the
1833 2051 255 70 general

98 2125 427 73 practitioner,
559 2124 153 59 with
743 2124 243 58 clinical
1020 2128 336 54 comments
1393 2128 123 56 and
1549 2123 249 74 dietary
99 2146 1962 129 suggestions,

331 2199 1755 77 by Willard J. Stone … introduction by George
99 2278 1984 73 Dock … 2d ed. rev. New York, P. B. Hoeber, inc., 1926.
166 2357 63 52 xi,
260 2359 80 44 129
363 2371 41 38 p.
464 2354 118 49 illus.
639 2357 55 44 24
700 2359 48 18 cm
754 2393 8 9 .

170 2414 327 45 “References”
521 2420 46 37 at
593 2414 84 44 end
702 2413 52 45 of
777 2421 120 37 most
922 2414 52 45 of
997 2413 75 46 the
1097 2413 222 51 chapters.

97 2467 52 54 ©
181 2469 116 42 Mar.
332 2470 63 49 11,
428 2467 128 53 1926;
585 2468 64 42 2c.
679 2468 86 43 and
794 2468 79 43 aff.
906 2468 118 43 Mar.
1059 2468 73 51 18;
1165 2468 43 42 A
1236 2466 190 54 883677;
1460 2465 114 46 Paul
1606 2468 49 43 B.
1688 2469 198 50 Hoeber,
1918 2470 82 42 inc.

174 2524 242 54 (26-6801)

97 2624 244 70 Sutton,
387 2622 292 58 Clarence
721 2619 265 76 Wesley,
1030 2624 190 57 1870-

176 2710 1904 74 Business arithmetic, by C. W. Sutton … and N. J.
98 2789 1983 75 Lennes … Rev. ed. Boston, New York [etc.] Allyn and
97 2870 211 58 Bacon
337 2899 13 44 [
352 2876 19 24 c
374 2870 164 71 1926]

167 2949 56 50 vi,
248 2947 95 52 468,
367 2948 26 44 8
416 2962 41 37 p.
518 2946 127 52 illus.,
672 2946 166 53 diagrs.
897 2947 49 43 21
957 2948 47 18 cm
1010 2981 9 8 .

96 3001 53 54 ©
174 3003 99 52 Jan.
303 3001 61 52 15,
397 3001 128 52 1926;
555 3002 64 42 2c.
648 3003 119 42 Mar.
796 3002 75 51 10;
901 3002 78 42 aff.
1010 3002 119 42 Mar.
1159 3001 49 52 8;
1240 3002 43 42 A
1310 3000 190 53 883597;
1532 3001 49 45 C.
1610 3003 74 43 W.
1718 3000 175 55 Sutton,
164 3001 1897 110 Cleveland,
309 3059 85 43 and

425 3058 57 42 N.
511 3058 39 52 J.
582 3057 187 52 Lennes,
798 3057 236 51 Missoula,
1067 3058 145 43 Mont.
1282 3056 241 55 (26-6342)

97 3156 223 73 Tooke,
361 3156 254 57 Charles
655 3154 265 74 Wesley,
962 3157 147 58 1870-

172 3247 59 57 A
267 3246 294 58 selection
595 3246 68 57 of
698 3265 173 38 cases
912 3265 78 37 on
1024 3246 104 57 the
1163 3246 121 57 law
1320 3246 67 57 of
1420 3246 340 72 municipal
95 3265 1968 130 corporations,

314 3321 1770 76 by Charles W. Tooke … Chicago, Callaghan and
97 3418 320 55 company,
453 3401 163 57 1926.

162 3478 109 52 xliv,
307 3475 105 46 1335
443 3491 39 39 p.
541 3477 54 44 26
600 3479 47 19 cm
652 3511 10 10 .

93 3532 55 54 ©
167 3535 119 42 Mar.
318 3534 61 49 10,
413 3532 129 53 1926;
573 3534 64 42 2c.
668 3533 86 43 and
782 3533 78 43 aff.
894 3533 117 42 Mar.
1046 3533 73 51 13;
1152 3533 43 42 A
1227 3532 188 52 883629;
1450 3531 248 54 Callaghan
1730 3534 37 43 &
1795 3547 65 29 co.

174 3588 241 56 (26-6615)

94 3685 75 58 U.
207 3684 62 60 S.
350 3685 348 71 President,
731 3695 152 49 1923-
1121 3684 357 74 (Coolidge)

174 3775 129 58 The
338 3775 172 58 mind
547 3774 68 59 of
652 3774 102 59 the
791 3774 353 71 President,
1182 3796 69 37 as
1289 3776 289 58 revealed
1612 3775 84 73 by
1729 3774 255 60 himself
2021 3775 65 56 in

94 3852 98 59 his
244 3871 136 41 own
426 3853 204 58 words;
715 3853 333 59 President
1102 3852 356 60 Coolidsre’s
1509 3852 189 60 views
1751 3872 78 40 on
1885 3852 201 60 public
