2542 4285
1017 3996 148 59 1237

143 472 662 59 4 p. l., 206 numb. l. 28 cm .
144 535 65 43 At
232 535 115 46 head
370 531 50 45 of
444 531 121 43 title:
595 527 265 54 Pittsburgh
887 526 87 43 law
999 524 164 47 school.

73 590 52 54 ©
160 590 119 54 Sept.
309 590 67 52 29,
411 588 105 44 1926
530 602 8 36 ;
572 587 64 43 2c.
667 585 87 43 and
786 584 78 44 aff.
899 582 120 53 Sept.
1051 581 76 53 30;
1161 582 44 42 A
1239 581 187 51 949312;
1463 581 53 41 R.
1550 580 61 43 H.
1644 577 236 53 Hawkins,
139 578 1894 123 Pittsburgh.

366 643 267 56 (26-19116)

79 732 303 73 Heilgers,
417 727 241 60 Louise.

149 813 1908 82 The humming-top, by Louise Heilgers … London, J.
72 903 191 72 Long,
296 898 241 61 limited
571 929 13 43 [
584 906 21 22 c
608 899 147 57 1926]

142 981 80 45 318
253 994 40 34 p.
357 979 50 44 19
413 980 47 19 cm
465 1015 9 9 .

74 1022 1818 64 © 1c. July 30, 1926; A ad int. 8382; pubd. July 6; John Long, ltd.
153 1088 267 56 (26-20063)

82 1174 427 74 Hemingway,
544 1172 243 57 Ernest.

157 1241 1910 80 The sun also rises, by Ernest Hemingway … New
80 1328 188 73 York,
304 1327 64 60 C.
403 1326 351 61 Scribner’s
791 1343 163 54 sons,
990 1323 165 58 1926.

149 1401 635 59 4 p. l., 3-259 p. 19½ cm .
78 1462 52 54 ©
160 1464 100 44 Oct.
287 1463 67 50 22,
385 1462 106 43 1926
504 1476 9 36 ;
544 1462 63 42 2c.
636 1461 87 43 and
751 1460 78 43 aff.
860 1459 99 43 Oct.
989 1457 76 52 30;
1096 1457 44 42 A
1170 1455 189 53 950716;
1392 1454 188 47 Charles
1614 1453 247 47 Scribner’s
1892 1469 118 29 sons.

153 1518 270 57 (26-19106)

84 1604 280 70 Herrick,
407 1601 256 60 Charles
702 1601 260 72 Judson,
1003 1602 189 57 1868-

151 1680 231 62 Brains
412 1683 68 57 of
506 1685 133 55 rats
670 1681 124 58 and
818 1700 171 52 men;
1019 1698 36 37 a
1084 1697 229 54 survey
1339 1679 67 58 of
1431 1679 104 57 the
1563 1677 204 73 origin
1794 1679 123 57 and
78 1676 1964 158 biological

340 1756 393 77 significance
771 1759 68 56 of
874 1759 104 58 the
1016 1758 279 59 cerebral
1332 1759 229 69 cortex,
1596 1757 83 71 by
1717 1753 64 61 C.
1821 1753 247 61 Judson

81 1830 1986 80 Herrick … Chicago, Ill., The University of Chicago
79 1933 182 57 press
291 1946 13 44 [
303 1925 22 22 c
327 1916 165 71 1926]

148 1994 96 51 xiii,
273 1994 80 45 382
377 2009 41 35 p.
478 1991 117 46 illus.
654 1993 55 45 20
716 1995 46 17 cm
768 2028 8 7 .

152 2050 351 51 Bibliography:
534 2063 38 36 p.
601 2046 204 47 366-378.

80 2104 56 53 ©
159 2103 120 54 Aug.
306 2103 62 52 18,
396 2102 129 52 1926;
546 2102 66 43 2c.
638 2101 102 45 Oct.
763 2101 78 52 26;
869 2100 78 44 aff.
974 2099 101 45 Oct.
1099 2098 77 53 27;
1203 2099 44 43 A
1272 2098 189 54 949726;
1489 2100 267 53 University
1782 2100 51 44 of
1860 2099 211 56 Chicago,

155 2160 213 55 Chicago.
437 2157 268 57 (26-19138)

87 2245 247 70 Hilden,
373 2245 44 59 S
727 2243 68 58 L.

229 2318 1847 79 … Darwin als erlöser; die unvergänglichkeit unseres
87 2400 308 75 geistigen
426 2401 92 58 als
545 2398 389 74 notwendige
963 2397 337 76 folgerung
1329 2417 112 39 aus
1470 2400 111 57 der
1611 2397 467 77 entwicklungs-

85 2478 187 58 lehre.
355 2478 198 72 Wien,
586 2478 69 57 F.
689 2475 261 73 Arnold,
986 2477 164 58 1926.

156 2555 340 56 221 p. 20 cm .
85 2608 1654 59 © Mar. 18, 1926; 1c. July 7; A —Foreign 31503; Fritz Arnold.
164 2669 270 57 (26-19019)

92 2756 148 68 Hill,
284 2755 256 58 Charles
576 2754 289 72 Edward,
906 2757 191 58 1881-

170 2832 131 59 The
333 2833 241 56 Danish
609 2831 215 60 Sound
857 2833 151 57 dues
1046 2833 123 58 and
1204 2833 102 57 the
1341 2834 323 57 command
1700 2832 67 58 of
1801 2832 103 59 the
94 2832 1964 149 Baltic;

238 2929 38 39 a
304 2911 189 71 study
520 2910 67 57 of
615 2909 449 60 international
1094 2909 320 73 relations,
1443 2910 84 72 by
1558 2909 257 60 Charles
1846 2909 72 58 E.
1950 2909 133 58 Hill

162 2984 1648 81 … Durham, N. C., Duke university press [ c 1926]
163 3064 49 44 ix
245 3080 55 39 p.,
331 3065 28 43 2
407 3099 24 19 l.,
463 3064 133 45 3-305
631 3079 40 40 p.
734 3065 154 53 front.,
920 3080 140 38 maps.
1121 3065 53 44 23½
1227 3068 30 18 cm
1262 3101 9 8 .
1344 3065 288 56 (Half-title:
1670 3066 131 44 Duke
1834 3065 248 56 university

91 3121 324 56 publications)

166 3179 351 54 Bibliography:
549 3193 40 39 p.
615 3177 236 58 [287]-298.

91 3235 53 54 ©
172 3237 100 44 Oct.
298 3236 64 47 20,
394 3237 128 52 1926;
548 3237 64 43 2c.
642 3236 101 46 Oct.
769 3237 77 51 21;
876 3237 78 44 aff.
984 3236 101 46 Oct.
1109 3235 80 54 25;
1218 3237 44 42 A
1287 3235 188 54 950597;
1508 3237 132 43 Duke
1666 3235 250 54 university
1943 3250 139 39 press.

170 3291 268 58 (26-19030)

97 3376 356 75 Hitchener,
492 3377 344 62 Elizabeth.

167 3456 247 62 Letters
454 3460 68 57 of
554 3455 327 63 Elizabeth
917 3458 344 62 Hitchener
1297 3463 63 56 to
1398 3457 201 76 Percy
1631 3459 243 72 Bysshe
91 3459 1972 148 Shelley.
289 3533 152 60 New
465 3536 189 71 York,
683 3538 167 56 1926.

162 3612 586 54 2 p. l., 39, [1] p. 26 cm .
165 3669 128 46 ‘One
316 3669 207 45 hundred
546 3674 88 43 and
660 3668 215 55 fifty-five
900 3669 151 53 copies
1079 3672 50 44 of
1154 3671 86 46 this
1265 3672 126 45 book
1412 3687 120 30 were
1558 3671 176 52 printed
1761 3672 222 54 privately
2012 3674 74 44 for

97 3726 107 45 Carl
235 3725 61 45 H.
329 3725 319 45 Pforzheimer
673 3730 88 42 and
788 3727 69 45 his
892 3726 173 48 friends
1096 3730 59 48 by
1183 3728 75 45 the
1288 3729 185 51 Pynson
1503 3729 195 51 printers
1729 3731 53 45 of
1810 3730 119 46 New
1957 3730 130 44 York

96 3782 42 43 in
166 3783 73 43 the
266 3783 156 42 month
449 3783 53 44 of
527 3784 118 48 June
915 3784 36 41 MCMXXVI.”

98 3832 52 54 ©
187 3834 105 54 July
328 3834 66 51 25,
437 3835 127 52 1926;
605 3834 63 45 2c.
708 3836 118 52 Aug.
866 3836 76 52 20;
981 3837 78 43 aff.
1100 3837 102 44 Oct.
1243 3837 74 52 19;
1359 3838 43 43 A
1440 3837 189 56 949665;
1672 3839 107 45 Carl
1819 3842 62 43 H.
167 3840 1897 104 Pforzheimer,

381 3892 116 43 New
527 3891 140 46 York.
744 3891 52 54 [©
830 3891 243 56 foreword]
1145 3894 268 55 (26-19294)
