2542 4285
1092 4054 147 55 1407

254 515 1025 54 2 p. l., xiv, 265 p. front., ports. 20 cm .
255 573 345 53 “Biographical
632 573 181 44 notes”:
850 589 39 37 p.
924 573 203 45 251-265.

188 630 52 53 ©
273 633 116 42 Nov.
423 629 61 53 15,
516 631 127 52 1926;
674 632 64 43 2c.
769 633 87 42 and
885 632 78 43 aff.
995 633 119 42 Nov.
1144 631 78 53 27;
1256 633 44 41 A
1331 630 188 54 957278;
1554 631 50 45 F.
1637 631 44 47 S.
1713 632 177 44 Kinder
1918 633 86 43 and
2035 632 51 45 F.
2119 632 48 45 C.

260 688 208 52 Spencer,
503 688 191 43 Denver.
764 688 267 54 (26-22427)

185 772 253 73 Kinsey,
480 771 227 60 Alfred
748 772 272 73 Charles,
1066 776 188 57 1894-

325 851 1777 77 … An introduction to biology, by Alfred C. Kinsey …
181 930 111 57 430
328 928 435 59 illustrations.
846 927 455 76 Philadelphia,
1339 931 261 59 London
1654 933 109 56 [etc.]
1820 932 60 59 J.
1917 931 72 56 B.
181 933 1964 147 Lippincott

451 1025 303 56 company
788 1038 13 43 [
801 1015 20 22 c
824 1008 163 71 1926]

250 1086 92 49 xiv,
373 1084 80 47 558
481 1100 40 35 p.
580 1085 82 43 col.
694 1086 153 49 front.,
876 1087 118 43 illus.
1054 1086 54 45 20
1115 1090 45 16 cm
1167 1121 8 9 .

250 1142 65 44 At
341 1144 113 44 head
481 1144 53 43 of
560 1139 98 48 title:
713 1142 163 47 Edited
902 1145 59 47 by
986 1142 206 46 William
1219 1142 51 46 F.
1300 1143 194 47 Russell.

252 1198 280 46 “Reference
560 1198 170 46 books”:
786 1213 42 35 p.
860 1196 203 46 537-542.

185 1251 52 53 ©
272 1252 118 52 Sept.
420 1251 68 53 27,
525 1253 127 44 1926;
684 1253 64 42 2c.
781 1253 87 42 and
900 1253 77 42 aff.
1013 1253 109 43 Dec.
1160 1254 17 41 1;
1242 1253 43 42 A
1317 1252 167 44 957322;
1541 1255 40 52 J.
1618 1255 49 43 B.
1702 1255 256 53 Lippincott
1989 1272 66 28 co.

262 1309 267 54 (26-22080)

185 1394 216 73 [Knox,
441 1394 289 58 Edmund
765 1395 238 72 George
1041 1394 209 74 Vaply]

261 1473 127 56 The
418 1474 179 70 great
628 1473 317 70 reception
978 1474 96 72 [by]
1124 1473 170 58 Evoe
1332 1476 248 71 [pseud.]

254 1551 80 50 (In
367 1551 178 51 Punch)

182 1605 1985 59 © 1c. Dec. 4, 1926; A ad int. 8828; pubd. Oct. 6; Doubleday, Page & co.,
254 1663 180 44 Garden
470 1663 114 52 City,
617 1665 58 42 N.
710 1665 55 41 Y.

179 1748 184 69 Lane,
408 1748 235 57 Bertha
683 1746 266 60 Palmer.

252 1829 152 72 Lad,
445 1830 122 58 and
605 1829 178 58 other
822 1828 385 74 story-plays
1245 1831 106 58 for
1386 1830 277 60 children
1700 1836 64 56 to
1803 1835 153 58 read
1995 1853 69 38 or
2105 1838 62 56 to

177 1909 117 68 act,
328 1907 84 72 by
443 1904 237 60 Bertha
714 1905 250 59 Palmer
998 1907 189 71 Lane,
1221 1907 153 59 with
1405 1906 418 64 illustrations
1856 1912 84 72 by

175 1912 1968 132 Rosamond
393 1984 186 57 Lane.
661 1984 152 57 New
840 1983 189 74 York,
1065 1984 128 60 The
1225 1985 301 59 Womans
1556 2005 179 54 press
1772 2018 12 41 [
1785 1996 19 22 c
1809 1989 147 57 1926]

246 2062 1062 52 6 p. l., 3-188 p. front., illus., plates. 21½cm.
515 2118 206 45 CONTENTS.—Three
750 2119 216 45 fantasies:
1022 2121 119 50 Lad;
1170 2134 66 38 or,
1260 2120 101 46 The
1384 2120 89 52 gift
1497 2123 53 44 of
1573 2122 144 45 Time.
1777 2123 99 46 The
1905 2125 122 52 fairy
2053 2126 113 54 ring.

176 2176 98 46 The
305 2177 127 44 three
466 2174 383 48 wishes.—Three
886 2176 251 46 Christmas
1172 2176 126 53 plays:
1361 2177 99 46 The
1497 2177 251 49 Christmas
1782 2182 148 52 sheep.
175 2182 1991 97 Every-child’s

371 2232 265 45 Christmas.
696 2231 98 47 The
830 2234 728 52 star.—Pandora.—Appendix:
1596 2236 164 45 Music.
1829 2238 252 46 Costumes.

179 2286 52 53 ©
265 2289 116 42 Nov.
413 2287 39 51 4,
487 2286 103 44 1926;
648 2287 63 43 2c.
745 2287 117 43 Nov.
900 2288 72 49 10;
1008 2288 77 42 aff.
1121 2288 117 42 Nov.
1271 2287 78 53 27;
1385 2290 44 41 A
1464 2288 187 54 958163;
1690 2292 48 41 B.
1775 2293 50 43 P.
1862 2293 135 53 Lane,
247 2293 1897 104 Cambridge,
455 2345 139 42 Mass.
664 2343 268 54 (26-22218)

177 2428 228 72 Lauck,
448 2427 279 60 William
768 2429 150 71 Jett,
962 2432 189 56 1879-

255 2507 288 58 Political
583 2509 122 55 and
746 2507 338 58 industrial
1125 2509 383 73 democracy,
1552 2513 356 71 1776-1926,
1949 2515 83 72 by
2071 2514 94 59 W.

177 2584 1990 81 Jett Lauck … New York and London, Funk & Wagnalls
178 2682 321 54 company,
529 2665 164 56 1926.

247 2758 46 36 X,
320 2741 82 45 374
429 2756 39 38 p.
526 2740 53 45 20½c
631 2743 30 17 m
667 2775 8 8 .

177 2797 52 53 ©
261 2800 117 42 Nov.
408 2799 65 49 20,
508 2798 104 43 1926;
666 2799 63 41 2c.
761 2798 86 43 and
878 2798 77 43 aff.
988 2799 118 42 Nov.
1136 2799 78 51 26;
1248 2799 43 41 A
1322 2798 189 54 958125;
1545 2799 132 45 Funk
1706 2801 37 44 &
1771 2802 238 52 Wagnalls
2042 2818 64 29 co·.

255 2856 268 54 (26-22384)

174 2940 391 74 Leffingwell,
609 2938 255 59 Charles
903 2939 266 74 Wesley,
1210 2944 189 56 1840-

254 3019 199 71 Early
493 3020 154 70 days
690 3020 64 55 at
799 3018 89 58 St.
935 3019 264 70 Mary’s,
1242 3019 354 71 Knoxville,
1637 3021 263 72 Illinois,
1940 3024 83 72 by
2063 3024 103 58 the

177 3096 1989 75 Rev. Charles Wesley Leffingwell … Milwaukee, The
179 3175 367 58 Morehouse
579 3173 363 73 publishing
978 3194 103 51 co.,
1120 3176 165 55 1926.

248 3253 60 49 xi,
339 3254 94 50 319,
465 3268 10 30 [1]
549 3267 38 37 p.
649 3251 94 44 fold.
791 3252 153 47 front.,
976 3251 129 54 illus.,
1137 3250 152 53 plates,
1324 3259 136 45 ports.
1520 3253 55 42 24
1580 3255 48 18 cm
1633 3287 8 8 .

177 3296 1843 67 © Nov. 27, 1926; 2c. and aff. Dec. 1 ; A 957335; Morehouse pub. co.
254 3366 268 56 (26-22249)

175 3451 275 73 Lerrigo,
491 3451 247 57 Marion
780 3449 192 71 Olive,
1016 3453 189 57 1896-

251 3529 1845 76 Health problem sources, by Marion Olive Lerrigo …
176 3610 150 56 New
367 3607 173 57 York
582 3607 143 72 city,
773 3607 308 57 Teachers
1128 3608 249 72 college,
1426 3607 319 59 Columbia
1792 3609 370 74 university,

176 3688 165 56 1926.

245 3763 62 53 ix,
345 3762 74 45 151
458 3777 40 38 p.
535 3762 98 44 incl.
671 3761 156 45 tables.
890 3762 54 44 23½cm.
1109 3761 252 55 (Teachers
1400 3763 187 54 college,
1626 3763 236 46 Columbia
1900 3764 262 55 university.

175 3820 338 46 Contributions
545 3827 46 37 to
625 3820 247 50 education,
906 3834 71 30 no.
1010 3819 106 54 224)

245 3877 246 46 Published
520 3878 95 44 also
642 3892 48 28 as
720 3876 137 44 thesis
894 3878 106 53 (PH.
1058 3877 36 51 D.)
1134 3876 236 45 Columbia
1397 3877 262 53 university,
1693 3877 118 46 1926.

176 3935 54 53 ©
268 3936 101 44 Oct.
404 3934 68 53 25,
514 3935 126 52 1926;
680 3935 64 43 2c.
783 3936 118 42 Nov.
942 3935 48 52 1;
1031 3934 78 44 aff.
1150 3936 118 42 Nov.
1306 3935 49 51 2;
1397 3935 43 42 A
1479 3934 187 54 950741;
1707 3935 228 45 Teachers
1976 3936 186 55 college,

248 3993 235 44 Columbia
515 3993 116 43 univ.
700 3991 268 55 (26-22243)
