2542 4285
1089 3943 108 57 771

143 337 334 72 Normand,
518 336 230 57 Victor.

290 423 1828 72 … La confession, par Victor Normand. Paris, F.
146 507 231 57 Rieder
406 509 59 53 et
497 524 30 37 c
530 505 32 29 ie
566 553 12 25 ,
612 505 164 55 1926.

219 577 1150 59 172 p., 1 l. 18½cm. (Christianisme … [15])
147 633 1781 59 © Apr. 15, 1926; 1c. May 25; A— Foreign 31057; F. Rieder & co.
226 694 268 53 (26-13513)

141 793 337 71 Nusbaum,
516 791 200 58 Deric.

219 883 186 58 Deric
431 882 63 57 in
520 883 176 56 Mesa
721 881 228 70 Verde,
977 880 82 71 by
1085 879 187 58 Deric
1299 880 353 70 Nusbaum;
1679 878 151 58 with
1859 881 71 54 22
1960 879 143 58 illus

143 959 268 60 trations
443 959 166 56 from
636 958 453 72 photographs,
1120 957 123 58 and
1269 974 190 53 many
1490 956 279 58 sketches
1801 960 81 68 by
1911 957 217 58 Eileen

143 1037 338 56 Nusbaum.
551 1036 151 56 New
728 1035 173 56 York
931 1035 122 56 and
1082 1035 279 74 London,
1398 1033 67 58 G.
1499 1033 67 57 P.
1602 1034 329 57 Putnam’s
1965 1053 163 50 sons,

143 1113 164 57 1926.

212 1187 81 53 xii,
323 1188 80 44 166
428 1202 40 38 p.
531 1187 140 44 front.
699 1187 169 53 (port.)
908 1186 131 52 illus.,
1070 1186 158 53 plates.
1287 1189 54 42 20
1348 1190 45 16 cm
1400 1222 8 7 .

147 1243 59 53 ©
236 1246 99 51 July
367 1246 35 49 8,
439 1245 126 50 1926;
597 1245 63 42 2c.
692 1246 87 41 and
811 1246 78 41 aff.
921 1245 104 51 July
1060 1245 72 46 10;
1167 1245 44 41 A
1242 1244 188 51 901105;
1466 1245 50 43 G.
1552 1246 48 41 P.
1634 1245 231 43 Putnam’s
1900 1261 115 28 sons.

226 1301 267 54 (26-13442)

143 1385 277 69 O’Brien,
464 1385 257 57 Harriet
762 1384 195 58 Ellen.

225 1478 203 60 Smith
467 1478 226 73 college
732 1479 222 71 today;
995 1497 35 37 a
1069 1477 431 73 presentation
1540 1480 67 57 of
1643 1479 103 57 the
1786 1479 227 73 college
2052 1480 78 70 by

146 1572 212 42 means
399 1557 67 57 of
502 1573 189 54 many
727 1553 438 72 illustrations,
1202 1561 64 53 to
1305 1554 199 59 which
1540 1557 158 57 have
1737 1559 152 56 been
1931 1555 199 62 added

148 1635 261 55 random
446 1635 177 55 notes
662 1652 166 51 upon
871 1633 102 56 the
1011 1630 264 72 history,
1316 1632 337 58 traditions
1697 1637 123 55 and
1862 1639 269 53 customs

146 1706 197 60 which
389 1728 108 39 are
544 1728 37 38 a
623 1710 148 69 part
819 1709 68 56 of
933 1709 103 58 the
1085 1707 229 72 college
1361 1710 209 69 today,
1617 1711 80 70 by
1746 1708 262 58 Harriet
2058 1710 72 57 E.

148 1786 291 70 O’Brien,
486 1787 104 55 ’21.
670 1786 259 68 Boston,
963 1785 211 71 Mass.,
1209 1786 69 55 P.
1312 1784 271 73 Walton,
1620 1795 18 21 c
1641 1786 165 57 1926.

221 1867 18 42 1
268 1878 39 36 p.
352 1898 23 16 l.,
403 1864 54 44 42
482 1877 40 36 p.
583 1863 155 49 front.,
767 1861 117 45 illus.
943 1863 54 43 27
1005 1864 46 18 cm
1056 1896 8 9 .

219 1919 149 44 “First
397 1918 213 47 edition.”

147 1971 53 54 ©
223 1974 114 51 June
361 1974 36 47 9,
430 1972 126 51 1926;
582 1972 63 43 2c.
671 1972 86 42 and
781 1972 77 42 aff.
886 1970 105 53 July
1014 1971 51 51 2;
1093 1972 44 41 A
1162 1969 188 47 900472:
1382 1972 144 52 Perry
1553 1972 198 44 Walton.
225 2029 267 55 (26-13402)

142 2113 223 70 Orliac,
405 2114 280 58 Jehanne
720 2114 43 58 d’.

292 2204 1840 76 … Anne de Beaujeu, roi de France, avec trois gravures.
147 2281 1099 74 Paris, Plon-Nourrit et ci e [ c 1926]
217 2365 23 42 3
267 2376 41 37 p.
355 2396 22 14 l.,
401 2361 78 44 241
508 2376 52 34 p.,
592 2364 17 41 1
657 2395 7 8 l.
728 2361 154 49 front.,
908 2367 141 44 ports.
1112 2361 49 44 19
1168 2364 15 17 cm
1220 2396 9 9 .

146 2412 1846 55 © Jan. 20, 1926; 1c. Apr. 19; A— Foreign 30748; Plon-Nourrit & co.
225 2471 268 54 (26-13302)

143 2557 306 69 Oulmont,
497 2556 272 69 Charles,
814 2558 188 57 1883-

217 2647 121 58 Les
382 2645 270 58 lunettes
699 2646 75 58 de
819 2645 338 60 l’amateur
1203 2646 275 72 d’objets
1527 2648 190 71 d’art,
1765 2668 119 53 par
1933 2651 198 56 Mons.

145 2722 259 61 Charles
435 2721 308 60 Oulmont.
814 2722 204 73 Paris,
1046 2722 73 58 B.
1153 2723 280 73 Grasset,
1466 2726 165 57 1926.

210 2804 27 43 2
260 2813 41 39 p.
345 2832 23 18 l.,
396 2798 148 51 7-252,
573 2800 53 46 [1]
653 2813 56 39 p.,
737 2800 18 42 1
805 2834 8 7 l.
874 2798 131 53 illus.,
1031 2799 158 54 plates.
1253 2801 49 44 19
1310 2804 46 18 cm
1363 2840 8 8 .

148 2854 1872 57 © Mar. 15, 1926; 1c. Apr. 19; A— Foreign 30735; Bernard Grasset.
225 2913 268 54 (26-13446)

143 2997 194 73 Patri,
374 2997 258 75 Angelo,
675 3001 189 57 1876-

225 3089 127 58 The
384 3090 313 71 problems
727 3092 68 57 of
823 3091 346 73 childhood,
1199 3094 84 70 by
1310 3092 242 74 Angelo
1582 3093 201 73 Patri,
1813 3095 209 59 edited
2049 3096 83 73 by

149 3165 1982 80 Clinton E. Carpenter … with, an introduction by William
148 3245 1981 78 McAndrew … New York and London, D. Appleton and
145 3342 305 53 company
485 3353 13 43 [
501 3331 18 22 c
522 3324 163 72 1926]

217 3402 94 51 xvi,
342 3401 80 45 309
455 3417 40 37 p.
559 3404 48 43 19½
642 3406 16 16 cm
695 3439 9 9 .

219 3457 325 45 “References”
575 3467 44 34 at
652 3460 86 42 end
769 3460 52 44 of
852 3459 106 45 each
991 3467 112 44 part.

147 3510 55 53 ©
235 3513 114 51 June
377 3512 66 49 25,
482 3513 102 42 1926;
643 3513 63 43 2c.
742 3514 84 42 and
860 3515 77 42 aff.
971 3516 115 51 June
1118 3515 53 42 28;
1233 3516 44 41 A
1310 3514 162 45 891945;
1536 3517 55 42 D.
1624 3516 226 52 Appleton
1885 3517 37 44 &
1955 3532 64 28 co.

227 3568 269 55 (26-13260)

144 3652 206 72 Pauls,
393 3652 263 61 Eilhard
694 3654 206 74 Erich,
945 3659 188 57 1877-

226 3744 128 57 Der
417 3743 326 73 politische
804 3748 427 72 biedermeier,
1293 3767 121 38 von
1477 3750 329 70 professor
1867 3748 265 61 Eilhard

151 3821 187 57 Erich
366 3822 207 57 Pauls.
657 3823 262 75 Lübeck,
951 3824 66 58 O.
1050 3824 293 74 Quitzow,
1374 3826 163 58 1925.
