2542 4285
1052 3973 147 55 1121

136 355 326 73 Meredith,
504 357 253 70 George,
798 356 356 57 1828-1909.

217 447 127 57 The
383 447 212 57 ordeal
631 445 67 57 of
733 445 275 58 Richard
1043 446 292 70 Feverel;
1374 466 35 37 a
1444 446 246 72 history
1728 445 67 60 of
1831 466 35 37 a
1902 446 215 58 father

141 524 122 56 and
307 542 128 54 son,
476 524 83 70 by
600 522 239 74 George
882 521 329 74 Meredith,
1254 523 150 56 with
1447 543 80 38 an
1567 523 425 59 introduction
2034 525 83 71 by

138 600 205 58 David
369 600 308 57 Lambuth
709 647 61 9 ...
858 600 149 57 New
1032 600 190 71 York,
1252 601 129 56 The
1408 600 356 59 Macmillan
1793 619 322 55 company,

132 680 163 56 1926.

202 754 95 54 xix,
330 755 81 46 517
441 771 38 38 p.
543 756 133 44 front.
741 757 48 43 19
798 757 45 19 cm
850 790 8 7 .
929 753 288 54 (Half-title:
1255 752 98 47 The
1384 757 188 42 modern
1605 754 191 46 readers’
1832 755 163 49 series)

137 810 52 53 ©
223 812 112 52 May
365 810 65 53 25,
468 811 127 51 1926;
626 812 65 41 2c.
725 811 87 44 and
843 812 77 42 aff.
958 812 113 50 May
1098 810 78 51 26;
1212 809 44 43 A
1289 810 189 52 890945;
1516 809 262 46 Macmillan
1812 825 66 29 co.
1941 809 66 54 [©
2041 811 76 44 the

206 866 314 54 introduction]
590 865 268 57 (26-26551)

139 951 314 58 Mid-west
484 951 360 58 conference
878 968 79 40 on
988 957 224 68 parent
1244 950 345 73 education,
1626 951 292 74 Chicago,
1953 954 165 56 1926.

208 1040 358 75 Intelligent
615 1043 408 74 parenthood,
1074 1042 409 75 proceedings
1536 1045 67 56 of
1651 1046 105 58 the
1807 1042 313 62 Mid-west

134 1122 362 58 conference
531 1140 77 38 on
639 1126 228 68 parent
903 1120 342 72 education,
1281 1121 220 58 March
1532 1123 53 70 4,
1622 1123 51 71 5,
1710 1120 122 61 and
1866 1123 51 70 6,
1952 1123 166 73 1926,

132 1200 101 58 the
264 1197 268 74 Chicago
561 1197 376 60 association
964 1201 103 55 for
1094 1196 164 62 child
1286 1201 186 71 study
1502 1201 123 57 and
1649 1203 225 70 parent
132 1198 1957 140 education.
365 1275 286 73 Chicago,

706 1274 115 73 Ill.,
880 1275 129 57 The
1065 1273 369 74 University
1490 1276 68 56 of
1615 1277 267 73 Chicago
1940 1297 179 53 press

134 1385 14 43 [
148 1362 20 22 c
171 1355 146 56 1926
321 1383 13 43 ]

202 1430 454 52 ix, 326 p. 19½ cm .
134 1484 53 53 ©
209 1486 119 53 Aug.
357 1484 63 53 17,
449 1485 126 51 1926;
601 1485 63 42 2c.
692 1485 100 43 Oct.
818 1484 77 52 26;
920 1484 78 43 aff.
1025 1484 100 44 Oct.
1150 1483 77 53 27;
1255 1484 44 43 A
1323 1484 189 53 949731;
1540 1485 265 55 University
1830 1487 53 44 of
1908 1486 211 56 Chicago,

206 1542 212 53 Chicago.
487 1539 269 56 (26-27595)

129 1625 202 68 Mims,
373 1625 236 68 Edwin,
654 1628 189 56 1872-

207 1703 128 59 The
365 1703 347 72 advancing
741 1702 229 72 South;
1000 1704 225 58 stories
1253 1705 67 58 of
1347 1723 297 55 progress
1673 1707 123 59 and
1823 1707 295 74 reaction,

130 1781 80 71 by
237 1779 223 60 Edwin
487 1780 184 58 Mims
704 1829 62 10 ...
840 1780 251 59 Garden
1121 1780 159 74 City,
1310 1781 75 57 N.
1415 1782 90 73 Y.,
1534 1783 383 73 Doubleday,
1949 1786 170 72 Page

129 1858 46 56 &
206 1875 320 56 company,
560 1858 165 57 1926.

197 1933 718 54 xviii p., 1 l., 319 p. 21½ cm .
135 1988 53 53 ©
219 1990 112 53 May
359 1991 38 50 7,
429 1990 128 51 1926;
588 1991 65 42 2c.
682 1991 87 42 and
799 1991 78 43 aff.
907 1991 114 52 June
1055 1990 74 53 16;
1161 1991 44 42 A
1235 1989 191 55 897170;
1460 1993 279 53 Doubleday,
1774 1995 126 52 Page
1930 1996 38 43 &
1997 2010 66 30 co.

212 2045 270 57 (26-26559)

135 2131 228 69 Moore,
409 2131 267 57 Thomas
717 2132 254 73 Verner,
1016 2136 189 56 1877-

211 2208 304 73 Dynamic
552 2210 414 72 psychology;
1005 2230 80 37 an
1123 2210 424 60 introduction
1583 2217 64 54 to
1684 2214 260 60 modern

135 2230 1966 134 psychological
508 2288 223 71 theory
769 2288 123 58 and
924 2289 294 70 practice,
1254 2290 84 71 by
1372 2289 95 58 Dom
1570 2291 268 59 Thomas
1879 2293 245 59 Verner

137 2366 213 57 Moore
385 2414 61 10 ...
534 2367 76 55 2d
639 2367 110 71 ed.,
782 2383 125 41 rev.
990 2366 457 73 Philadelphia,
1479 2367 267 76 Chicago
1780 2374 146 72 [etc.]
1958 2372 60 58 J.
2051 2371 70 58 B.

133 2443 362 73 Lippincott
529 2463 304 53 company
867 2473 14 43 [
884 2453 15 21 c
904 2445 163 74 1926]

205 2522 62 51 ix,
300 2521 81 44 444
412 2536 39 38 p.
508 2521 157 65 plates,
699 2520 165 56 diagrs.
924 2522 50 42 21½
1013 2524 47 18 cm
1066 2557 8 9 .

207 2576 381 55 Bibliographical
623 2578 264 46 foot-notes.

134 2633 1692 60 © Mar. 31, 1926; 1c. and aff. June 9; 1c. Aug. 28; A 891680; J.
1855 2639 50 44 B.
204 2635 1894 105 Lippincott
331 2708 64 29 co.
464 2692 268 54 (26-26908)

135 2776 184 69 Muir,
357 2778 341 72 Augustus,
738 2779 190 58 1892-

209 2857 127 59 The
362 2854 140 62 blue
527 2857 245 71 bonnet,
796 2858 83 72 by
900 2858 325 73 Augustus
1253 2858 186 59 Muir.
1520 2861 278 70 London,
1825 2863 293 56 Methuen

131 2935 47 57 &
210 2955 104 52 co.,
347 2936 108 58 ltd.
493 2935 180 72 [1926]

200 3009 605 56 viii, 262 p., 1 l. 19½ cm .
133 3063 1986 60 © 1c. June 12, 1926; A ad int. 8270; pubd. Apr. 16; Bobbs-Merrill co.,
204 3122 316 54 Indianapolis.
588 3121 270 57 (26-17252)

134 3206 337 71 Mumford,
506 3206 216 59 Lewis.

217 3330 60 10 ...
315 3282 456 73 Architecture,
805 3286 83 72 by
920 3285 202 59 Lewis
1158 3286 340 59 Mumford.
1578 3289 289 77 Chicago,
134 3288 1963 136 American
298 3360 241 73 library
566 3361 397 73 association,
993 3364 167 58 1926.

203 3435 1298 60 34 p., 1 l. 18 cm . (Reading with a purpose. [23])
205 3491 186 45 “Books
417 3492 353 46 recommended
796 3494 45 44 in
868 3495 89 44 this
984 3497 216 42 course”:
1235 3498 17 41 1
1283 3497 96 44 leaf
1406 3505 46 36 at
1477 3499 100 43 end.

134 3547 1987 67 © Aug. l, 1926; 2c. Aug. 12; aff. Aug. 9; A 897840; American library
203 3620 117 30 assn.
389 3606 267 55 (26-26906)

132 3688 299 60 National
465 3690 336 61 industrial
840 3694 363 58 conference
1242 3696 213 58 board.

213 3769 129 58 The
380 3770 409 72 agricultural
826 3774 280 70 problem
1143 3775 64 56 in
1246 3775 103 59 the
1387 3775 235 61 United
1660 3778 229 61 States.
1968 3781 151 59 New

132 3844 187 75 York,
354 3845 297 61 National
682 3850 340 59 industrial
1055 3852 364 60 conference
1452 3855 213 75 board,
1699 3857 137 74 inc.,
1873 3860 165 57 1926.
