2863 5150
1327 4865 138 70 619

289 601 404 72 179 p. 16 cm .
213 669 60 68 ©
301 673 130 66 May
461 673 82 64 29,
581 673 130 56 1926
725 691 12 46 ;
769 673 82 56 2c.
883 673 108 56 and
1023 675 96 52 aff.
1151 673 140 66 June
1321 673 62 64 3;
1419 673 52 54 A
1503 671 230 66 890990;
1769 671 64 56 G.
1871 673 78 54 M.
1985 671 244 64 Cleland,
2267 669 110 60 San
287 669 2268 128 Francisco.

521 739 328 70 (26-11757)

209 855 258 88 Cohen,
519 857 312 74 Charles
879 859 306 92 Joseph,
1237 861 230 72 1847-

291 967 2298 96 Memoir of Rev. John Wiley Faires, A . M., D. D., founder
209 1067 140 72 and
391 1065 380 90 principal
815 1067 84 74 of
943 1067 128 74 the
1117 1063 366 78 Classical
1525 1063 372 88 institute,
1941 1063 552 90 Philadelphia,
2539 1087 48 50 a

209 1159 292 74 teacher
551 1161 202 70 from
805 1161 180 70 1831
1037 1163 78 72 to
1171 1161 202 84 1888,
1421 1157 186 74 with
1655 1159 524 90 photographs
2233 1161 150 70 and
207 1153 2350 188 biographic

557 1253 340 80 sketches
941 1255 84 72 of
1067 1255 318 86 upward
1427 1255 86 72 of
1555 1251 146 74 five
1743 1253 348 74 hundred
2135 1251 84 74 of
2261 1251 120 74 his
205 1253 2358 164 former
403 1343 280 92 pupils,
733 1347 102 90 by

885 1343 316 78 Charles
1249 1343 76 74 J.
1379 1343 276 78 Cohen.
1755 1341 566 96 [Philadelphia,
2375 1343 208 74 Priv.

205 1435 220 90 print,
465 1439 128 72 for
629 1439 80 76 C.
747 1439 76 76 J.
863 1437 252 78 Cohen
1147 1439 104 90 by
1285 1439 128 76 the
1445 1439 208 74 John
1689 1437 80 78 C.
1805 1437 354 76 Winston
2197 1459 388 70 company]

209 1531 188 74 1926.

281 1623 1843 68 via, 850 p. incl. front. illus. (incl. ports.) fold. plan. 24 cm .
283 1693 168 56 “This
482 1694 146 56 book
660 1693 45 57 is
736 1693 210 58 limited
976 1703 58 47 to
1062 1712 69 40 an
1162 1693 206 58 edition
1396 1694 69 57 of
1492 1694 197 56 twelve
1717 1693 247 57 hundred
1995 1695 107 55 and
2133 1692 126 66 fifty
2288 1690 204 67 copies,
2523 1691 65 57 of

206 1759 166 58 which
404 1760 112 56 this
546 1764 45 55 is
620 1781 90 37 no.
741 1761 114 57 348.”

202 1823 63 66 ©
298 1828 132 64 May
470 1827 77 65 13,
584 1826 155 64 1926;
773 1827 81 54 2c.
889 1827 134 65 May
1052 1827 96 64 22;
1182 1826 96 55 aff.
1317 1827 134 65 May
1482 1824 98 67 27;
1617 1827 55 53 A
1705 1824 229 67 891570;
1975 1824 61 57 C.
2071 1827 50 65 J.
2157 1824 203 65 Cohen,
281 1823 2275 137 Philadelphia.
590 1893 327 67 (26-11792)

203 2011 296 92 Croker,
539 2011 256 76 Maria
835 2011 328 74 Briscoe.

275 2121 270 74 Vision
597 2123 152 72 and
803 2121 276 90 verity,
1131 2143 260 68 poems
1447 2123 102 88 by
1603 2121 252 74 Maria
1909 2121 310 74 Briscoe
2279 2119 306 78 Croker.

201 2213 430 90 Baltimore,
675 2215 160 72 The
875 2215 360 90 Norman,
1277 2215 454 90 Remington
1771 2237 390 68 company,
2205 2217 202 70 1926.

277 2307 662 68 6 p. l., 3-61 p. 20 cm .
205 2372 60 66 ©
296 2378 132 64 May
460 2375 84 64 22,
581 2376 130 55 1926
724 2394 13 46 ;
772 2377 78 54 2c.
885 2378 104 53 and
1022 2376 94 54 aff.
1151 2377 139 64 June
1325 2376 57 63 1;
1422 2377 48 51 A
1505 2376 227 63 890980;
1770 2376 264 63 Norman,
2072 2376 327 66 Remington
2433 2393 81 38 co.

290 2444 329 66 (26-11706)

207 2563 270 88 Dilnot,
513 2563 312 90 George.

291 2673 400 70 Romantic
723 2671 296 90 history
1057 2673 84 70 of
1183 2673 354 72 Scotland
1579 2673 232 72 Yard.
1903 2675 138 88 [1st
2079 2673 456 90 instalment]

286 2765 96 62 (In
416 2766 226 51 London
678 2766 229 64 Sunday
941 2765 302 63 chronicle)

205 2827 2378 71 © 1c. July 27, 1926; A ad int. 8371; pubd. May 30; G. Dilnot, Teddington,
283 2899 266 66 England.

203 3015 376 90 Emerson,
623 3017 254 94 Ralph
917 3017 292 90 Waldo,
1257 3021 428 72 1803-1882.

289 3127 444 74 Emerson’s
797 3131 310 86 concept
1171 3129 82 70 of
1317 3127 236 90 truth,
1613 3127 104 90 by
1779 3127 268 90 Henry
2107 3127 474 76 Richardson

205 3221 312 90 Thayer.
611 3219 364 90 Holyoke,
1021 3219 256 90 Mass.,
1325 3221 160 72 The
1529 3221 396 72 Elizabeth
1969 3221 276 74 Towne
2289 3245 106 50 co.
2439 3223 144 72 inc.

207 3317 234 88 [ c 1926]
281 3409 370 68 28 p. 16 cm .
285 3479 248 57 Consists
563 3477 65 57 of
659 3476 304 63 fragments
992 3475 65 58 of
1088 3475 312 59 Emerson’s
1430 3494 200 46 essays,
1695 3478 76 61 cf.
1805 3475 319 59 Foreword.

207 3539 59 66 ©
296 3544 130 65 May
458 3541 75 62 17,
571 3541 154 64 1926;
751 3536 84 59 2c.
870 3542 131 63 May
1028 3541 95 64 20;
1158 3541 95 55 aff.
1287 3540 134 66 May
1459 3542 88 62 19;
1584 3541 51 53 A
1667 3542 228 63 890863;
1931 3541 282 58 Elizabeth
2246 3541 206 56 Towne
2481 3560 100 49 co.,

285 3611 97 55 inc.
461 3608 329 70 (26-11777)

205 3729 302 86 Estorff,
545 3727 326 94 Ludwig
903 3729 294 74 Gustav
1225 3727 240 74 Adolf
1497 3747 168 70 von,
1705 3731 228 72 1859-

293 3835 2292 92 Schamhorst und wir, von L. von Estorff … Mit 17
209 3933 514 90 abbildungen.
815 3929 260 74 Berlin
1119 3933 156 72 und
1319 3929 334 92 Leipzig,
1699 3931 98 72 K.
1845 3933 84 70 F.
1977 3931 358 88 Koehler,
2381 3933 202 72 1926.

291 4029 89 54 149
409 4044 47 47 p.
527 4028 185 59 front.,
742 4022 190 66 plates,
961 4031 171 57 ports.
1196 4023 69 54 22½
1322 4027 36 24 cm
1366 4068 11 12 .

209 4085 1945 70 © Jan. 1, 1926; 1c. Feb. 2; A—Foreign 30087; K. F. Koehler.
295 4158 323 66 (26-11648)

207 4273 292 92 Goguel,
547 4273 362 90 Maurice,
957 4277 226 72 1880-

289 4385 228 72 Jesus
563 4385 130 72 the
741 4383 412 86 Nazarene,
1199 4383 216 88 myth
1463 4405 90 50 or
1595 4381 342 90 history?
2039 4381 138 94 [By]
2247 4381 338 72 Maurice

209 4475 274 92 Goguel…
635 4477 428 74 translated
1089 4477 102 88 by
1223 4475 410 72 Frederick
1665 4475 396 90 Stephens.
2141 4471 182 74 New
2355 4471 230 94 York,

209 4565 80 74 D.
323 4571 388 90 Appleton
745 4569 150 72 and
935 4589 388 70 company,
1361 4569 202 72 1926.

285 4659 746 68 x p., 1 l., 320 p. 21½ cm .
211 4721 62 68 ©
305 4727 126 68 May
461 4729 84 60 28.
581 4729 130 54 1926
725 4747 14 44 ;
773 4727 80 54 2c.
885 4729 106 54 and
1025 4727 96 54 aff.
1155 4729 140 62 June
1335 4729 54 64 1;
1427 4727 52 54 A
1513 4725 230 66 890962;
1781 4727 68 56 D.
1885 4725 272 68 Appleton
2193 4725 46 56 &
2271 4743 80 38 co.

297 4795 320 68 (26-11726)
