2542 4285
990 4006 149 55 1643

124 483 28 38 4
177 492 44 38 p.
281 512 9 17 l.,
318 481 218 49 [11]-232,
578 479 27 40 [6]
645 490 44 37 p.
747 479 57 39 19
807 480 43 22 cm
855 509 10 10 .

60 531 1981 54 © Oct. 22, 1926; 1c. Dec. 8; A —Foreign 32535; Choureau & cie., Paris.
137 591 250 50 (27-2668)

59 660 171 61 Frye,
261 657 244 54 Charles
533 654 350 54 Hammond.

132 730 1910 70 Sunshine poems [by] Charles Hammond Frye … Los
58 812 264 69 Angeles,
353 809 193 68 Calif.,
573 810 121 52 The
721 809 193 53 Model
942 809 277 68 printery,
1248 815 19 21 c
1272 810 149 50 1926.

145 895 69 49 [65]
244 904 42 38 p.
345 893 58 39 20½
434 895 44 21 cm
483 924 9 8 .

61 946 51 52 ©
145 951 111 39 Dec.
286 949 69 47 21,
387 948 141 46 1926;
559 948 67 39 2c.
657 948 111 38 Dec.
802 945 83 49 30;
918 945 83 41 aff.
1033 947 112 39 Dec.
1177 946 82 47 29;
1294 945 43 40 A
1368 944 200 49 958524;
1603 945 48 41 C.
1685 945 62 41 H.
1780 945 139 47 Frye,
1952 945 93 41 Los

126 1005 220 48 Angeles.
416 1002 250 50 (27-2128)

61 1070 268 62 Glucker,
361 1069 256 63 August.

193 1144 1852 70 … Der fliegende mensch; gymnastische sprungübungen.
62 1224 336 69 Oldenburg
425 1224 35 51 i.
492 1223 86 67 O.,
607 1222 67 55 G.
708 1222 253 69 Stalling
1017 1224 150 64 [1926]

124 1304 904 52 2 p. l., 7-49 p., 2 l. 26 pl. 25 ½cm .
125 1365 66 40 At
216 1364 127 40 head
369 1362 53 41 of
448 1362 134 41 title:
611 1362 56 41 A.
695 1361 225 42 Glucker.

63 1416 1593 52 © June 25, 1928; 1c. Nov. 8; A—Foreign 32420; Gerhard
1687 1416 222 47 Stalling,
1943 1424 105 39 a.-g.

139 1474 251 49 (27-2821)

60 1541 261 61 Hallock,
354 1539 222 54 Gerard
607 1538 316 63 Benjamin
954 1537 181 64 Fleet,
1169 1541 171 49 1856-
1508 1538 84 53 ed.

128 1618 244 53 Doran’s
396 1616 304 54 minister’s
724 1616 260 65 manual;
1015 1634 31 34 a
1075 1615 172 68 study
1273 1617 112 51 and
1413 1615 195 67 pulpit
1634 1615 171 69 guide
1833 1614 95 54 for
1953 1615 97 52 the

60 1695 266 52 calendar
362 1712 135 50 year
538 1692 148 53 1927.
761 1692 137 53 New
938 1692 180 67 York,
1156 1691 222 70 George
1414 1691 77 52 H.
1532 1692 199 52 Doran
1770 1709 281 51 company

64 1774 172 64 [1926]

130 1853 26 38 1
218 1883 10 9 v.

64 1904 51 52 ©
143 1909 118 39 Nov.
289 1906 69 48 15,
385 1907 141 46 1926;
554 1907 67 39 2c.
649 1907 118 39 Nov.
793 1904 83 49 30;
908 1904 82 42 aff.
1018 1906 119 39 Nov.
1166 1904 83 48 29;
1280 1905 42 39 A
1350 1904 199 49 958156;
1583 1905 183 48 George
1794 1906 61 39 H.
1885 1906 167 40 Doran

130 1974 68 30 co.

61 2028 361 62 Hillebrand,
457 2026 220 53 Harold
710 2025 333 54 Newcomb.

131 2108 121 51 The
291 2106 155 53 child
486 2110 211 61 actors;
742 2123 31 33 a
815 2105 236 66 chapter
1090 2104 61 52 in
1194 2103 379 54 Elizabethan
1615 2109 158 65 stage
1813 2105 238 69 history.

66 2183 272 68 [Urbana]
371 2183 121 51 The
518 2181 337 69 University
882 2180 66 54 of
972 2180 247 69 Illinois,
1248 2183 150 52 1926.

133 2264 27 38 2
218 2295 7 8 v.
296 2262 306 48 (University
628 2261 52 40 of
705 2261 192 40 Illinois
921 2261 187 40 studies
1134 2261 51 39 in
1210 2262 240 48 language
1477 2262 96 40 and
1598 2262 271 41 literature,
1924 2274 43 29 v.
1985 2264 70 48 11,

61 2330 75 30 no.
163 2320 39 47 1,
227 2320 40 46 2,
296 2320 125 46 Feb.,
450 2319 127 47 May,
604 2317 138 48 1926)

67 2368 1985 57 [Pt. 1 ] © Nov. 11, 1926; [pt. 2] © Nov. 26; 2c. each Dec. 1; affs. Dec. 15;
131 2432 44 40 A
203 2431 187 48 958364,
420 2429 198 48 958365;
654 2429 283 47 University
967 2429 52 39 of
1048 2428 192 41 Illinois
1270 2440 150 37 press.

63 2497 232 62 Hinkle,
327 2496 210 63 Alpine
567 2495 258 52 Trotter.

134 2575 182 51 Blunt
356 2575 166 65 Burt,
564 2573 96 52 the
702 2572 167 67 fluke,
910 2572 78 68 by
1029 2572 216 68 Alpine
1288 2574 232 52 Trotter
1564 2573 235 53 Hinkle.
63 2574 1968 130 Oklahoma
269 2649 152 70 City,

457 2649 149 69 Okl.,
640 2648 689 70 Walker-Wilson-Tyler
1365 2668 279 52 company
1685 2684 14 34 [
1703 2656 18 22 c
1727 2653 133 51 1926
1864 2684 14 35 ]

132 2729 991 50 4 p. l., 101 p. incl. front., illus. 20 cm .
69 2783 51 52 ©
145 2790 112 38 Dec.
279 2788 70 46 22,
374 2786 141 49 1926;
543 2787 66 39 2c.
635 2788 95 38 and
756 2786 82 40 aff.
863 2788 112 38 Dec.
1000 2787 83 41 27:
1110 2787 42 38 A
1175 2787 200 48 958503;
1403 2788 55 40 A.
1485 2788 51 39 T.
1563 2787 194 49 Hinkle,
1787 2789 269 40 Oklahoma

135 2843 124 48 City,
290 2844 137 40 Okla.

67 2909 284 63 Hispanic
383 2908 226 63 society
641 2907 64 53 of
737 2907 295 54 America.

139 2987 207 52 Panels
391 2985 152 53 from
583 2986 96 52 the
721 2986 156 52 tomb
920 2985 65 53 of
1028 2987 132 51 Don
1204 2986 209 54 Garcia
1458 2986 204 55 Osorio
1704 2987 60 52 in
1808 2988 96 52 the
71 2987 1961 130 collection
329 3063 64 53 of

444 3064 96 52 the
593 3064 285 67 Hispanic
930 3063 212 69 society
1195 3063 65 53 of
1310 3064 284 53 America.
1684 3065 140 52 New
1878 3065 179 68 York,

69 3143 242 52 Printed
342 3142 75 69 by
447 3142 166 51 order
646 3140 65 53 of
738 3141 97 52 the
865 3142 282 66 Trustees,
1183 3144 150 49 1926.

140 3222 1919 67 v, 28 p. front., illus., v pl. 16½ cm . (Half-title: Hispanic notes &
73 3281 349 48 monographs;
475 3290 179 37 essays,
703 3279 201 48 studies,
953 3280 97 40 and
1101 3279 129 41 brief
1279 3279 323 49 biographies,
1650 3280 166 41 issued
1864 3282 62 47 by
1975 3282 82 40 the

73 3337 237 49 Hispanic
339 3337 184 48 society
551 3336 52 41 of
631 3335 251 50 America)

143 3394 376 49 Bibliography:
548 3404 45 38 p.
618 3393 160 41 27-28.

73 3446 51 52 ©
150 3452 113 39 Dec.
289 3452 39 46 1,
356 3450 141 47 1926;
524 3450 66 40 2c.
618 3451 113 39 Dec.
757 3450 82 46 27;
869 3449 84 41 aff.
980 3450 112 39 Dec.
1121 3449 82 47 24;
1234 3449 42 39 A
1303 3449 200 50 958488;
1533 3450 237 49 Hispanic
1797 3450 182 48 society
2009 3451 53 40 of

138 3506 237 48 America,
404 3506 118 39 New
548 3505 144 41 York.
763 3505 251 49 (27-2014)

68 3572 287 63 Hopkins,
388 3571 149 53 Jane
567 3571 292 52 Hanford.

139 3649 258 68 Applied
433 3667 217 50 power;
691 3667 73 34 an
800 3648 407 68 inspirational
1243 3650 332 68 paragraph
1614 3650 347 70 philosophy
1998 3651 66 54 of

71 3726 106 53 life
212 3726 140 53 with
390 3725 243 68 positive
667 3726 343 53 instruction
1049 3726 94 53 for
1181 3727 343 69 developing
1560 3728 98 53 the
1694 3728 368 68 possibilities

73 3804 112 52 and
213 3802 114 53 full
352 3821 216 49 powers
594 3802 64 53 of
681 3804 97 52 the
801 3803 326 53 individual
1174 3804 93 70 [by]
1300 3806 148 53 Jane
1473 3805 276 53 Hanford
1774 3806 289 69 Hopkins,

76 3879 234 55 Charles
359 3880 204 69 Henry
609 3881 298 68 Hopkins;
959 3887 122 47 text
1129 3883 76 68 by
1253 3884 146 52 Jane
1446 3882 279 54 Hanford
1775 3884 287 68 Hopkins.
