2542 4285
0 0 0 0 1091
69 388 262 69 Paxson,
370 385 217 71 Henry
617 383 75 58 D.

146 474 227 60 Sketch
410 476 123 56 and
566 491 145 53 map
750 471 68 58 of
856 491 36 37 a
930 469 129 73 trip
1097 469 168 57 from
1302 466 435 73 Philadelphia
1777 470 64 53 to
68 465 1959 145 Tinicum

240 551 235 70 Island,
512 549 325 58 Delaware
877 547 263 72 County,
1180 543 482 75 Pennsylvania,
1699 544 206 57 where
1945 543 104 59 the

70 628 249 59 Swedes
358 627 277 58 founded
672 626 106 57 the
816 624 141 58 first
997 624 368 72 permanent
1407 622 236 72 colony,
1685 624 123 56 and
67 620 1958 144 established

309 707 123 56 and
473 701 385 59 maintained
900 700 103 58 for
1046 701 219 57 twelve
1309 717 189 54 years
1552 697 197 71 (from
1793 698 146 58 1643
1985 702 64 55 to

68 782 177 72 1655)
310 781 103 57 the
470 779 139 57 first
667 781 135 55 seat
859 778 67 57 of
981 781 407 68 government
1444 775 64 57 in
1567 774 484 72 Pennsylvania,

68 856 367 72 thirty-nine
481 875 185 53 years
711 855 217 60 before
976 855 103 57 the
1129 853 243 72 coming
1420 855 68 58 of
1531 851 280 59 William
1859 852 191 57 Penn.

69 933 150 61 This
252 932 309 72 itinerary
592 932 277 58 includes
905 931 211 73 points
1155 933 68 57 of
1254 929 262 59 historic
1550 929 264 59 interest
1849 928 65 57 in
1948 930 104 57 the

68 1009 102 60 old
197 1009 285 60 Swedish
507 1010 406 70 settlements,
940 1008 270 71 Wicaco,
1240 1008 332 71 Passyunk
1600 1008 122 57 and
69 1007 1959 152 Kingsessing,

66 1083 1964 154 Philadelphia. By Henry D. Paxson … Philadelphia
251 1163 281 73 [Printed
562 1164 83 70 by
683 1163 240 72 George
957 1163 80 57 PI.
1074 1163 342 57 Buchanan
1454 1180 320 54 company]
1817 1161 165 57 1926.

135 1236 1802 57 2 p. l., 7-248 p. front., illus. (incl. ports., facsims., coat of arms) fold.
67 1310 143 38 maps.
269 1297 49 42 21½cm.

139 1350 298 45 Cover-title:
468 1351 172 44 Where
670 1350 341 53 Pennsylvania
1037 1351 181 53 history
1244 1351 160 54 began.

140 1406 177 45 “Index
342 1407 89 53 key
454 1415 47 36 to
528 1406 237 44 historical
792 1407 132 52 map”
952 1421 60 29 on
1037 1407 116 43 back
1179 1406 324 53 lining-paper.

139 1461 141 47 “This
307 1462 237 44 historical
569 1463 157 43 sketch
752 1461 38 44 is
817 1462 180 44 offered
1023 1462 48 43 in
1097 1461 416 45 commemoration
1541 1463 54 43 of
1622 1463 77 45 the
1725 1462 108 45 visit
1860 1470 47 36 to
1937 1463 119 46 New

71 1518 208 52 Sweden,
308 1519 58 53 by
396 1516 144 46 Their
570 1517 147 53 Royal
747 1517 290 54 Highnesses
1066 1518 79 44 the
1176 1517 169 45 Crown
1380 1518 167 45 Prince
1579 1518 171 45 Gustaf
1782 1518 151 46 Adolf
1963 1518 93 46 and

69 1575 76 44 the
174 1574 171 45 Crown
373 1574 212 44 Princess
613 1574 170 47 Louise
810 1573 54 44 of
894 1573 210 53 Sweden,
1132 1574 47 43 in
1204 1574 78 44 the
1308 1591 111 37 year
1448 1575 145 44 1926.”

69 1629 54 53 ©
160 1631 120 51 Sept.
319 1633 60 49 11,
420 1631 127 51 1926;
585 1631 65 45 2c.
688 1630 120 52 Sept.
848 1632 73 51 14;
959 1632 78 43 aff.
1078 1632 120 51 Sept.
1238 1630 74 54 15;
1349 1633 44 42 A
1430 1631 189 54 950011;
1659 1633 61 44 H.
1758 1634 58 43 D.
1853 1633 200 52 Paxson,

140 1687 325 53 Philadelphia.
534 1687 267 54 (26-16626)

67 1786 310 75 Peabody,
420 1787 234 58 Robert
695 1786 318 74 Ephraim,
1059 1791 187 57 1887-

141 1880 1846 77 The log of the Grand Turks, by Robert E. Peabody …
63 1959 240 58 Boston
329 1961 123 57 and
478 1959 149 59 New
652 1958 191 72 York,
868 1958 344 73 Houghton
1235 1956 216 61 Mifflin
1478 1979 321 56 company,
1826 1961 166 59 1926.

133 2035 110 53 xvii,
267 2037 82 47 249
372 2052 41 36 p.
474 2037 152 51 front.,
654 2037 156 51 plates,
836 2043 155 45 ports.,
1019 2037 198 45 facsims.
1276 2037 54 45 23
1338 2040 46 18 cm
1390 2073 9 9 .

135 2093 134 51 Maps
301 2110 60 29 on
389 2093 338 51 lining-papers.

69 2145 54 54 ©
155 2147 119 53 Aug.
308 2145 66 53 27,
411 2147 129 52 1926;
575 2147 66 43 2c.
676 2147 119 52 Aug.
830 2146 77 52 30;
944 2147 79 43 aff.
1063 2146 120 52 Sept.
1223 2146 74 53 10;
1334 2148 44 42 A
1414 2146 189 55 949015;
1642 2149 54 44 R.
1734 2148 52 47 E.
1825 2150 229 53 Peabody,

137 2204 201 53 Jamaica
372 2204 144 51 Plain,
550 2204 141 43 Mass.
760 2202 270 56 (26-16886)

67 2303 131 71 Pia,
236 2301 226 72 Julius,
502 2306 189 57 1887-

143 2394 1916 73 Pflanzen als gesteinsbildner, von Julius Pia … mit 166
67 2473 569 72 textabbildungen.
737 2473 236 70 Berlin,
1023 2472 326 60 Gebrüder
1395 2474 447 74 Borntraeger,
1891 2477 166 56 1926.

137 2550 89 52 viii,
257 2548 80 47 355
366 2565 38 38 p.
465 2549 128 52 illus.,
625 2549 168 54 diagrs.
850 2550 55 44 26½cm.

140 2607 214 46 Contains
386 2606 363 55 bibliographies.

70 2663 53 54 ©
152 2666 116 52 June
303 2667 62 50 11,
401 2665 128 52 1926;
590 2681 35 27 1c.
658 2664 105 53 July
794 2664 49 53 6;
878 2663 303 55 A—Foreign
1210 2663 162 55 31709;
1410 2665 235 45 Gebrüder
1679 2666 319 54 Borntraeger.

138 2721 244 56 26-16274)

68 2821 232 75 Pierce,
342 2821 214 59 Bessie
594 2820 243 60 Louise.

146 2911 217 59 Public
417 2911 256 74 opinion
726 2912 123 59 and
904 2911 104 60 the
1062 2912 293 73 teaching
1410 2914 68 57 of
1531 2913 248 72 history
1833 2912 65 59 in
1953 2914 104 57 the

67 2988 1990 75 United States, by Bessie Louise Pierce … New York,
65 3067 76 57 A.
169 3067 76 57 A.
276 3067 241 73 Knopf,
546 3067 167 58 1926.

137 3141 63 54 xi,
230 3143 84 44 380
340 3157 40 39 p.
439 3144 51 44 21
500 3144 47 19 cm
551 3178 11 10 .

140 3197 355 56 Bibliography:
525 3215 40 38 p.
597 3198 237 49 [337]-354.

69 3254 54 54 ©
155 3256 120 52 Sept.
307 3256 38 52 8,
381 3256 128 52 1926;
541 3257 64 43 2c.
640 3255 120 55 Sept.
793 3256 77 54 30;
905 3258 78 43 aff.
1020 3256 119 55 Sept.
1173 3259 78 52 29;
1287 3260 44 42 A
1365 3259 189 52 949289;
1590 3258 166 45 Alfred
1790 3260 57 43 A.
1883 3259 172 54 Knopf,

141 3313 82 44 inc.
291 3312 269 56 (26-16920)

69 3412 324 72 Purinton,
437 3413 271 59 Herbert
745 3414 273 72 Ronelle,
1062 3417 188 59 1867-

143 3504 130 60 The
299 3502 420 63 achievement
742 3509 69 58 of
832 3509 103 58 the
960 3506 260 75 Master,
1243 3511 83 70 by
1350 3508 273 59 Herbert
1648 3509 71 57 R.
1747 3506 310 60 Purinton

65 3581 1969 140 … and Sadie Brackett Costello. New York, C. Scribner’s
272 3678 163 55 sons,
470 3661 166 59 1926.

137 3739 646 51 viii p., 1 l., 206 p. 17 cm .
139 3794 276 47 “Reference
446 3796 143 46 books
623 3797 77 45 for
731 3795 188 53 study”:
952 3811 41 36 p.
1029 3794 214 53 197-198;
1280 3797 185 47 “Books
1496 3799 77 45 for
1603 3798 182 51 general
1818 3800 241 51 reading”:

67 3866 40 37 p.
140 3851 96 48 [199]

72 3903 55 54 ©
159 3904 119 54 Sept.
312 3905 62 51 10,
407 3905 107 43 1926;
563 3905 64 43 2c.
662 3904 118 53 Sept.
809 3904 78 53 25;
919 3906 79 43 aff.
1031 3904 121 54 Sept.
1185 3906 73 52 14;
1290 3906 44 42 A
1363 3906 189 54 949166;
1586 3907 189 45 Charles
1808 3906 250 49 Scribner’s

143 3977 116 30 sons.
328 3962 269 55 (26-16899)
