2542 4285
1019 3966 146 56 1557

93 367 266 61 Lawson,
395 363 179 53 Edith
608 360 393 56 Wilhelmina.

168 430 1908 82 A pet reader, by Edith Wilhelmina Lawson … illustrated
97 522 74 67 by
204 519 246 68 Ludwig
482 518 111 52 and
627 515 222 69 Regina
882 515 113 51 and
1026 512 187 54 Leone
1249 510 272 56 Schwem.
1598 509 269 68 Chicago,
97 506 1959 161 Beckley-Cardy

437 594 488 67 company [ c 1926]
167 679 86 41 160
283 689 43 37 p.
385 677 128 40 illus.
541 674 133 50 (part
707 673 112 48 col.)
887 672 58 40 19½cm

94 743 55 54 ©
178 748 117 38 Nov.
323 746 69 46 23,
421 744 114 40 1926;
590 743 67 41 2c.
687 743 95 39 and
811 741 81 40 aff.
923 742 111 39 Dec.
1064 739 59 40 30;
1181 740 41 37 A
1250 738 172 40 957873;
1485 736 389 48 Beckley-Cardy
1903 747 68 29 co.

176 801 220 50 (27-933)

94 895 222 63 Linick,
346 894 134 52 Art.

169 968 504 73 Schlagenhauer’s
703 967 402 66 boom-booms,
1133 967 75 67 by
1235 965 114 52 Art
1375 962 208 55 Linick
1615 964 111 52 and
1755 962 326 54 illustrated

98 1053 74 67 by
224 1051 187 52 Pedro
464 1048 270 51 Llanuza.
826 1043 272 70 Chicago,
1153 1040 406 70 Shrewesbury
1614 1039 335 70 publishing
2002 1055 78 37 co.

121 1129 174 66 [ c 1926]
169 1211 84 40 112
282 1220 42 38 p.
355 1209 111 40 incl.
496 1208 162 46 front.,
691 1205 129 40 illus.
878 1203 57 41 23½
966 1205 45 22 cm
1016 1234 9 10 .

97 1275 53 54 ©
175 1280 112 40 Dec.
316 1279 38 40 8.
382 1276 140 42 1926;
551 1275 67 41 2c.
648 1275 112 39 Dec.
788 1274 55 38 13;
900 1272 82 41 aff.
1010 1272 112 40 Dec.
1150 1273 54 36 11;
1262 1270 40 38 A
1331 1267 173 42 957555;
1563 1269 54 39 A.
1644 1267 184 49 Linick,
1861 1266 223 50 Chicago.

175 1333 221 50 (27-930)

97 1429 335 54 Louisiana.
510 1425 204 54 Courts
744 1423 66 69 of
836 1420 223 71 appeal.

166 1509 244 65 Reports
441 1503 63 53 of
532 1502 94 53 the
656 1500 308 52 Louisiana
999 1497 208 56 Courts
1238 1496 64 53 of
1335 1498 222 66 appeal,
1625 1515 50 33 v.
1708 1500 47 48 4.
1798 1495 170 55 Cases

96 1515 1966 139 argued
278 1584 112 51 and
424 1579 349 55 determined
807 1578 61 51 in
901 1577 96 51 the
1032 1574 207 56 Courts
1274 1573 64 54 of
1372 1574 207 67 appeal
1615 1573 63 53 of
1712 1574 98 52 the
1844 1578 144 49 state
2023 1573 64 53 of

97 1661 307 53 Louisiana
450 1664 59 44 at
549 1656 95 52 the
689 1661 145 45 term
877 1652 316 69 beginning
1236 1651 125 52 first
1408 1651 256 68 Monday
1710 1650 65 52 of
1823 1649 264 69 October,

99 1740 148 50 1925.
312 1735 180 54 Court
519 1732 62 53 of
609 1732 205 68 appeal:
870 1730 124 52 first
1023 1728 220 69 circuit,
1270 1730 190 51 Baton
1488 1729 198 68 Rouge;
1746 1728 203 53 second
96 1728 1967 153 circuit,

261 1804 1826 74 Shreveport, Parish of Orleans, New Orleans … contains
97 1890 313 54 references
438 1894 58 46 to
524 1887 96 53 the
645 1885 310 52 Louisiana
983 1883 215 71 digest;
1229 1882 221 68 subject
1476 1888 209 48 matter
1715 1883 190 67 index,
1936 1884 152 51 table

99 1968 64 52 of
198 1985 150 34 cases
385 1964 282 68 reported,
703 1963 152 52 table
893 1961 65 53 of
994 1979 150 36 cases
1184 1961 143 52 cited
1392 1960 113 54 and
1543 1961 180 52 tables
1763 1960 64 53 of
1866 1966 117 48 acts
2024 1960 64 53 of

97 2036 1988 78 Legislature, codes, and constitutions cited … Ed. by J. B.
97 2114 1711 74 Herold … New Orleans, Hauser printing co., 1926.
165 2213 112 37 xxv,
304 2201 84 41 761
415 2211 43 37 p.
518 2199 54 41 23
575 2200 45 22 cm
624 2231 9 8 .

96 2267 55 54 ©
180 2272 118 39 Nov.
331 2270 68 47 18,
431 2269 114 40 1926;
603 2268 68 41 2c.
704 2269 112 39 Dec.
847 2268 56 38 14;
962 2267 83 41 aff.
1077 2267 112 40 Dec.
1224 2267 54 40 13;
1339 2267 42 38 A
1412 2264 171 44 958341;
1646 2268 196 39 Hauser
1874 2268 217 50 printing

165 2338 70 32 co.

100 2420 353 63 Mackenzie,
489 2418 332 63 Frederick,
853 2419 53 52 d.
942 2420 150 51 1824.

163 2500 56 54 A
248 2498 225 54 British
505 2496 226 54 fusilier
759 2496 60 53 in
850 2494 430 71 revolutionary
1312 2495 246 69 Boston;
1591 2495 172 70 being
1792 2497 97 53 the
1923 2497 167 71 diary

94 2577 65 53 of
202 2577 343 52 Lieutenant
588 2573 311 55 Frederick
943 2572 347 70 Mackenzie,
1336 2571 270 70 adjutant
1650 2572 66 55 of
1761 2574 97 53 the
1903 2575 186 54 Royal

93 2654 201 56 Welch
332 2652 271 68 fusiliers,
638 2652 265 68 January
942 2649 243 70 5-April
1225 2654 84 64 30,
1348 2649 153 70 1775,
1539 2651 142 53 with
1721 2669 32 36 a
1790 2651 169 55 letter
94 2653 1972 148 describing

386 2725 1641 75 his voyage to America, edited by Allen French …
97 2807 362 71 Cambridge,
483 2806 275 54 Harvard
781 2805 320 70 university
1125 2824 176 51 press,
1328 2809 151 51 1926.

167 2884 1487 56 X, [1], 83 p. front. (port.) fold. maps, facsims. 22½ cm .
169 2958 332 49 Frontispiece
541 2957 94 41 and
672 2957 269 41 facsimiles
981 2957 342 50 accompanied
1361 2958 60 47 by
1460 2959 156 48 guard
1653 2959 161 40 sheets
1855 2958 121 42 with
95 2961 1979 104 descriptive
353 3014 297 49 letterpress.

170 3072 129 41 “The
329 3071 216 41 Concord
573 3081 113 39 map
715 3070 52 40 in
795 3071 83 40 the
908 3070 280 41 Mackenzie
1218 3070 141 48 diary
1390 3071 42 40 is
1465 3071 82 41 the
1579 3072 111 47 only
1721 3074 370 49 contemporary

96 3138 112 38 map
230 3127 305 48 illustrating
558 3126 82 42 the
665 3127 162 40 action
852 3127 52 40 of
930 3128 83 40 the
1035 3126 283 42 nineteenth
1344 3127 52 41 of
1421 3127 151 49 April,
1601 3127 488 51 1775.”—Appendix.

100 3190 54 54 ©
179 3196 111 41 Dec.
316 3198 70 45 14,
412 3196 116 40 1926;
582 3194 68 42 2c.
679 3197 112 38 Dec.
817 3196 56 40 18;
928 3195 84 42 aff.
1041 3196 114 40 Dec.
1180 3196 57 39 23;
1294 3196 43 39 A
1364 3195 176 42 958516;
1595 3198 257 40 President
1880 3200 96 40 and
168 3199 1906 94 fellows

320 3252 53 40 of
403 3251 229 42 Harvard
664 3253 192 47 college,
891 3251 302 50 Cambridge,
1228 3254 147 38 Mass.
1446 3251 221 51 (27-884)

101 3347 234 63 Meyers
368 3343 734 57 konversations-lexikon.

168 3424 225 70 Meyers
430 3423 244 54 lexikon.
747 3424 48 53 7.
834 3424 129 53 aufl.
1002 3424 60 53 in
1102 3425 352 69 vollständig
1490 3444 171 35 neuer
1700 3427 392 70 bearbeitung,

99 3500 106 54 mit
241 3507 142 46 etwa
422 3504 135 49 5000
590 3500 513 72 textabbildungen
1141 3503 118 51 und
1297 3504 138 51 über
1475 3506 135 51 1000
1648 3504 203 68 tafeln,
1888 3505 203 54 karten

100 3579 118 53 und
259 3577 397 70 textbeilagen.
733 3583 48 48 4.
823 3580 93 52 bd.
958 3578 653 71 Engobe-Germanität.
1691 3581 257 72 Leipzig,
100 3583 1966 141 Bibliographisches

612 3655 249 69 institut,
890 3659 150 50 1926.

171 3735 115 41 1788
315 3735 160 40 numb,
508 3737 98 47 col.,
639 3736 28 39 2
697 3748 42 37 p.
799 3738 145 47 illus.,
978 3738 156 47 plates
1162 3738 137 48 (part
1330 3741 101 47 col.,
1464 3742 113 48 part
1608 3740 143 48 fold.)
1791 3751 138 39 maps
1956 3742 136 49 (part

100 3790 143 49 fold.)
276 3791 179 48 diagrs.
514 3792 56 39 25
572 3795 45 20 cm
622 3824 8 8 .

100 3836 1975 110 © June 24, 1926; 1c. Dec. 3; A— Foreign 32821; Bibliographisches institut.
