<alto xmlns="http://www.loc.gov/standards/alto/ns-v3#" xmlns:xlink="http://www.w3.org/1999/xlink" xmlns:xsi="http://www.w3.org/2001/XMLSchema-instance" xsi:schemaLocation="http://www.loc.gov/standards/alto/ns-v3# http://www.loc.gov/alto/v3/alto-3-0.xsd"><Description>
<MeasurementUnit>pixel</MeasurementUnit>
<sourceImageInformation>
<fileName>1926_v23_Part001.pdf</fileName>
</sourceImageInformation>
<OCRProcessing ID="IdOcr">
<ocrProcessingStep>
<processingDateTime>2019-04-10</processingDateTime>
<processingSoftware>
<softwareCreator>ABBYY</softwareCreator>
<softwareName>ABBYY Recognition Server</softwareName>
<softwareVersion>4.0</softwareVersion>
</processingSoftware>
</ocrProcessingStep>
</OCRProcessing>
</Description>
<Styles>
<ParagraphStyle ID="StyleId-FFFFFFFF-FFFF-FFFF-FFFF-FFFFFFFFFFFF-" ALIGN="Left" LEFT="0." RIGHT="0." FIRSTLINE="0."/>
<ParagraphStyle ID="StyleId-22C3EA86-D171-42E2-A7D2-9A866F7D91F9-" ALIGN="Left" LEFT="0." RIGHT="0." FIRSTLINE="0." LINESPACE="8.300000191"/>
<ParagraphStyle ID="StyleId-E3FA4CC6-F5E5-41CA-B4C4-90085BF71B6C-" ALIGN="Block" LEFT="0." RIGHT="0." FIRSTLINE="-14." LINESPACE="8.050000191"/>
<ParagraphStyle ID="StyleId-41118DB3-028A-4115-95B3-BB512DD0EDAE-" ALIGN="Left" LEFT="0." RIGHT="0." FIRSTLINE="-13." LINESPACE="13.30000019"/>
<ParagraphStyle ID="StyleId-A2FB4C2B-BF87-45AD-9689-33B0118FBFC1-" ALIGN="Block" LEFT="0." RIGHT="0." FIRSTLINE="-14." LINESPACE="11.06999969"/>
<ParagraphStyle ID="StyleId-BBBA7B5D-FE2B-4BC7-AC7D-F142900C21B8-" ALIGN="Block" LEFT="0." RIGHT="0." FIRSTLINE="0." LINESPACE="8.899999619"/>
<ParagraphStyle ID="StyleId-3CEA3EEE-4341-4E33-9EF0-A9438AB90A9B-" ALIGN="Center" LEFT="0." RIGHT="0." FIRSTLINE="0." LINESPACE="12.19999981"/>
<ParagraphStyle ID="StyleId-817955BE-3120-4B53-BBD3-920BAE733BFF-" ALIGN="Left" LEFT="0." RIGHT="0." FIRSTLINE="0." LINESPACE="12.19999981"/>
<ParagraphStyle ID="StyleId-456A266C-F799-486A-ACB1-75B61E9815AB-" ALIGN="Left" LEFT="0." RIGHT="0." FIRSTLINE="-13." LINESPACE="8.18999958"/>
<ParagraphStyle ID="StyleId-6A1E9ED6-E5EA-4E31-BD5A-88089B8D7134-" ALIGN="Right" LEFT="0." RIGHT="0." FIRSTLINE="0." LINESPACE="7.699999809"/>
<ParagraphStyle ID="StyleId-C11ABF73-04BC-4F6E-B7E4-01FCA3A26756-" ALIGN="Left" LEFT="0." RIGHT="0." FIRSTLINE="-13." LINESPACE="12.19999981"/>
<ParagraphStyle ID="StyleId-662CF6CF-DB5F-40BE-AD24-E877ED82DD6F-" ALIGN="Block" LEFT="0." RIGHT="0." FIRSTLINE="-14." LINESPACE="11.06999969"/>
<ParagraphStyle ID="StyleId-9361006B-74B5-41BD-BFD3-03318AD64910-" ALIGN="Left" LEFT="0." RIGHT="0." FIRSTLINE="0." LINESPACE="8.899999619"/>
</Styles>
<Layout>
<Page ID="Page1577" PHYSICAL_IMG_NR="1577" HEIGHT="4285" WIDTH="2542">
<TopMargin HEIGHT="376" WIDTH="2542" VPOS="0" HPOS="0">
</TopMargin>
<LeftMargin HEIGHT="3737" WIDTH="100" VPOS="376" HPOS="0">
</LeftMargin>
<RightMargin HEIGHT="3737" WIDTH="410" VPOS="376" HPOS="2132">
</RightMargin>
<BottomMargin HEIGHT="172" WIDTH="2542" VPOS="4113" HPOS="0">
</BottomMargin>
<PrintSpace HEIGHT="3737" WIDTH="2032" VPOS="376" HPOS="100">
<TextBlock ID="Page1577_Block1" HEIGHT="126" WIDTH="287" VPOS="3987" HPOS="1024" LANG="en-US" STYLEREFS="StyleId-FB90C6DA-51CF-4EE4-B4EF-4AAA2F6F6960-">
<TextLine HEIGHT="58" WIDTH="147" VPOS="4010" HPOS="1049">
<String CONTENT="1577" HEIGHT="58" WIDTH="147" VPOS="4010" HPOS="1049"/>
</TextLine>
</TextBlock>
<TextBlock ID="Page1577_Block2" HEIGHT="3593" WIDTH="2032" VPOS="376" HPOS="100" LANG="en-US" CS="1" STYLEREFS="StyleId-4BE28988-5A94-4A08-B66A-35D93BB34DC1-">
<TextLine HEIGHT="68" WIDTH="1813" VPOS="387" HPOS="112" STYLEREFS="StyleId-72CE3FEF-CE25-4EC0-A161-1D359E8C2F1E-">
<String CONTENT="Anethan," HEIGHT="63" WIDTH="297" VPOS="392" HPOS="112"/>
<SP HEIGHT="62" WIDTH="34" VPOS="393" HPOS="410"/>
<String CONTENT="Eleonora" HEIGHT="53" WIDTH="287" VPOS="391" HPOS="445"/>
<SP HEIGHT="51" WIDTH="30" VPOS="391" HPOS="733"/>
<String CONTENT="Mary" HEIGHT="61" WIDTH="173" VPOS="391" HPOS="764"/>
<SP HEIGHT="63" WIDTH="41" VPOS="390" HPOS="938"/>
<String CONTENT="(Haggard)" HEIGHT="65" WIDTH="346" VPOS="388" HPOS="980"/>
<SP HEIGHT="63" WIDTH="43" VPOS="389" HPOS="1327"/>
<String LANG="fr" CONTENT="baronne" HEIGHT="52" WIDTH="246" VPOS="389" HPOS="1371"/>
<SP HEIGHT="53" WIDTH="32" VPOS="387" HPOS="1618"/>
<String CONTENT="d&#8217;," HEIGHT="63" WIDTH="66" VPOS="387" HPOS="1651"/>
<SP HEIGHT="60" WIDTH="34" VPOS="390" HPOS="1718"/>
<String CONTENT="1860-" HEIGHT="50" WIDTH="172" VPOS="390" HPOS="1753"/>
</TextLine>
<TextLine HEIGHT="74" WIDTH="1914" VPOS="476" HPOS="184" STYLEREFS="StyleId-72CE3FEF-CE25-4EC0-A161-1D359E8C2F1E-">
<String CONTENT="John&#8217;s" HEIGHT="55" WIDTH="201" VPOS="483" HPOS="184"/>
<SP HEIGHT="52" WIDTH="28" VPOS="484" HPOS="386"/>
<String CONTENT="Penelope," HEIGHT="66" WIDTH="299" VPOS="483" HPOS="415"/>
<SP HEIGHT="66" WIDTH="26" VPOS="482" HPOS="715"/>
<String CONTENT="by" HEIGHT="68" WIDTH="77" VPOS="482" HPOS="742"/>
<SP HEIGHT="68" WIDTH="28" VPOS="482" HPOS="820"/>
<String CONTENT="Baroness" HEIGHT="50" WIDTH="279" VPOS="482" HPOS="849"/>
<SP HEIGHT="52" WIDTH="30" VPOS="480" HPOS="1129"/>
<String CONTENT="d&#8217;Anethan." HEIGHT="52" WIDTH="343" VPOS="479" HPOS="1160"/>
<SP HEIGHT="51" WIDTH="66" VPOS="479" HPOS="1504"/>
<String CONTENT="London," HEIGHT="67" WIDTH="258" VPOS="478" HPOS="1571"/>
<SP HEIGHT="69" WIDTH="31" VPOS="476" HPOS="1830"/>
<String CONTENT="S." HEIGHT="55" WIDTH="56" VPOS="476" HPOS="1862"/>
<SP HEIGHT="52" WIDTH="31" VPOS="478" HPOS="1919"/>
<String CONTENT="Paul" HEIGHT="52" WIDTH="147" VPOS="478" HPOS="1951"/>
</TextLine>
<TextLine HEIGHT="68" WIDTH="502" VPOS="560" HPOS="111" STYLEREFS="StyleId-72CE3FEF-CE25-4EC0-A161-1D359E8C2F1E-">
<String CONTENT="&amp;" HEIGHT="50" WIDTH="45" VPOS="564" HPOS="111"/>
<SP HEIGHT="50" WIDTH="24" VPOS="564" HPOS="157"/>
<String CONTENT="co.," HEIGHT="48" WIDTH="96" VPOS="580" HPOS="182"/>
<SP HEIGHT="67" WIDTH="26" VPOS="561" HPOS="279"/>
<String CONTENT="ltd." HEIGHT="54" WIDTH="102" VPOS="560" HPOS="306"/>
<SP HEIGHT="34" WIDTH="34" VPOS="593" HPOS="409"/>
<String CONTENT="[1926]" HEIGHT="65" WIDTH="169" VPOS="562" HPOS="444"/>
</TextLine>
<TextLine HEIGHT="49" WIDTH="356" VPOS="643" HPOS="182" CS="1">
<String CONTENT="256" HEIGHT="39" WIDTH="86" VPOS="645" HPOS="182"/>
<SP HEIGHT="47" WIDTH="25" VPOS="645" HPOS="269"/>
<String CONTENT="p." HEIGHT="37" WIDTH="42" VPOS="655" HPOS="295"/>
<SP HEIGHT="40" WIDTH="54" VPOS="644" HPOS="338"/>
<String CS="1" CONTENT="18&#189;" HEIGHT="39" WIDTH="56" VPOS="643" HPOS="393"/>
<String STYLE="superscript" CONTENT="cm" HEIGHT="21" WIDTH="43" VPOS="644" HPOS="480"/>
<String CONTENT="." HEIGHT="9" WIDTH="9" VPOS="674" HPOS="529"/>
</TextLine>
<TextLine HEIGHT="54" WIDTH="1987" VPOS="706" HPOS="113" CS="1">
<String CONTENT="&#169;" HEIGHT="54" WIDTH="58" VPOS="706" HPOS="113"/>
<SP/>
<String CS="1" CONTENT="1c."/>
<SP/>
<String CONTENT="Nov." HEIGHT="39" WIDTH="118" VPOS="713" HPOS="308"/>
<SP HEIGHT="40" WIDTH="37" VPOS="712" HPOS="427"/>
<String CONTENT="9," HEIGHT="46" WIDTH="39" VPOS="712" HPOS="465"/>
<SP HEIGHT="46" WIDTH="35" VPOS="712" HPOS="505"/>
<String CS="1" CONTENT="1926;" HEIGHT="40" WIDTH="114" VPOS="711" HPOS="541"/>
<SP HEIGHT="45" WIDTH="37" VPOS="712" HPOS="682"/>
<!-- cceid 060EEF32-6E1B-1014-9B7B-CA07F191E62B --><String CONTENT="A" HEIGHT="37" WIDTH="40" VPOS="712" HPOS="720"/>
<SP HEIGHT="38" WIDTH="35" VPOS="712" HPOS="761"/>
<String CONTENT="ad" HEIGHT="38" WIDTH="61" VPOS="712" HPOS="797"/>
<SP HEIGHT="39" WIDTH="36" VPOS="710" HPOS="859"/>
<String CONTENT="int" HEIGHT="40" WIDTH="74" VPOS="710" HPOS="896"/>
<SP HEIGHT="39" WIDTH="34" VPOS="711" HPOS="971"/>
<String CS="1" CONTENT="8700;" HEIGHT="41" WIDTH="116" VPOS="709" HPOS="1006"/>
<SP HEIGHT="36" WIDTH="38" VPOS="720" HPOS="1148"/>
<String CONTENT="pubd." HEIGHT="47" WIDTH="142" VPOS="709" HPOS="1187"/>
<SP HEIGHT="40" WIDTH="39" VPOS="708" HPOS="1330"/>
<String CONTENT="Sept." HEIGHT="47" WIDTH="128" VPOS="708" HPOS="1370"/>
<SP HEIGHT="40" WIDTH="36" VPOS="708" HPOS="1499"/>
<String CS="1" CONTENT="14;" HEIGHT="38" WIDTH="55" VPOS="708" HPOS="1536"/>
<SP HEIGHT="46" WIDTH="40" VPOS="708" HPOS="1619"/>
<String CONTENT="Baroness" HEIGHT="38" WIDTH="243" VPOS="708" HPOS="1660"/>
<SP HEIGHT="39" WIDTH="37" VPOS="707" HPOS="1904"/>
<String LANG="fr" CONTENT="E." HEIGHT="39" WIDTH="54" VPOS="707" HPOS="1942"/>
<SP HEIGHT="39" WIDTH="38" VPOS="707" HPOS="1997"/>
<String CONTENT="M." HEIGHT="39" WIDTH="64" VPOS="707" HPOS="2036"/>
</TextLine>
<TextLine HEIGHT="50" WIDTH="1363" VPOS="764" HPOS="183">
<String CONTENT="d&#8217;Anethan," HEIGHT="46" WIDTH="286" VPOS="768" HPOS="183"/>
<SP HEIGHT="47" WIDTH="27" VPOS="767" HPOS="470"/>
<String CONTENT="St." HEIGHT="40" WIDTH="66" VPOS="767" HPOS="498"/>
<SP HEIGHT="40" WIDTH="24" VPOS="767" HPOS="565"/>
<String CONTENT="Leonards" HEIGHT="40" WIDTH="247" VPOS="767" HPOS="590"/>
<SP HEIGHT="29" WIDTH="24" VPOS="777" HPOS="838"/>
<String CONTENT="on" HEIGHT="29" WIDTH="61" VPOS="777" HPOS="863"/>
<SP HEIGHT="41" WIDTH="26" VPOS="765" HPOS="925"/>
<String CONTENT="Sea," HEIGHT="48" WIDTH="104" VPOS="765" HPOS="952"/>
<SP HEIGHT="48" WIDTH="29" VPOS="765" HPOS="1057"/>
<String CONTENT="Sussex," HEIGHT="46" WIDTH="192" VPOS="765" HPOS="1087"/>
<SP HEIGHT="46" WIDTH="28" VPOS="765" HPOS="1280"/>
<String CONTENT="England." HEIGHT="48" WIDTH="237" VPOS="764" HPOS="1309"/>
</TextLine>
<TextLine HEIGHT="48" WIDTH="251" VPOS="823" HPOS="193">
<String CONTENT="(27-1638)" HEIGHT="48" WIDTH="251" VPOS="823" HPOS="193"/>
</TextLine>
<TextLine HEIGHT="62" WIDTH="873" VPOS="917" HPOS="112" STYLEREFS="StyleId-72CE3FEF-CE25-4EC0-A161-1D359E8C2F1E-">
<String CONTENT="Aretino," HEIGHT="62" WIDTH="266" VPOS="917" HPOS="112"/>
<SP HEIGHT="62" WIDTH="30" VPOS="917" HPOS="379"/>
<String CONTENT="Pietro," HEIGHT="62" WIDTH="216" VPOS="917" HPOS="410"/>
<SP HEIGHT="58" WIDTH="34" VPOS="921" HPOS="627"/>
<String CONTENT="1492-1556." HEIGHT="50" WIDTH="323" VPOS="918" HPOS="662"/>
</TextLine>
<TextLine HEIGHT="72" WIDTH="1920" VPOS="1001" HPOS="184" STYLEREFS="StyleId-72CE3FEF-CE25-4EC0-A161-1D359E8C2F1E-">
<String CONTENT="The" HEIGHT="52" WIDTH="121" VPOS="1008" HPOS="184"/>
<SP HEIGHT="34" WIDTH="40" VPOS="1026" HPOS="306"/>
<String CONTENT="works" HEIGHT="53" WIDTH="185" VPOS="1007" HPOS="347"/>
<SP HEIGHT="34" WIDTH="40" VPOS="1025" HPOS="533"/>
<String CONTENT="of" HEIGHT="53" WIDTH="65" VPOS="1006" HPOS="574"/>
<SP HEIGHT="52" WIDTH="40" VPOS="1006" HPOS="640"/>
<String CONTENT="Aretino," HEIGHT="67" WIDTH="260" VPOS="1006" HPOS="681"/>
<SP HEIGHT="62" WIDTH="42" VPOS="1011" HPOS="942"/>
<String CONTENT="translated" HEIGHT="52" WIDTH="318" VPOS="1006" HPOS="985"/>
<SP HEIGHT="53" WIDTH="43" VPOS="1004" HPOS="1304"/>
<String CONTENT="into" HEIGHT="52" WIDTH="123" VPOS="1004" HPOS="1348"/>
<SP HEIGHT="52" WIDTH="43" VPOS="1004" HPOS="1472"/>
<String CONTENT="English" HEIGHT="70" WIDTH="246" VPOS="1002" HPOS="1516"/>
<SP HEIGHT="54" WIDTH="44" VPOS="1001" HPOS="1763"/>
<String CONTENT="from" HEIGHT="53" WIDTH="153" VPOS="1001" HPOS="1808"/>
<SP HEIGHT="47" WIDTH="44" VPOS="1007" HPOS="1962"/>
<String CONTENT="the" HEIGHT="52" WIDTH="97" VPOS="1002" HPOS="2007"/>
</TextLine>
<TextLine HEIGHT="73" WIDTH="1990" VPOS="1080" HPOS="115" STYLEREFS="StyleId-72CE3FEF-CE25-4EC0-A161-1D359E8C2F1E-">
<String CONTENT="original" HEIGHT="68" WIDTH="247" VPOS="1085" HPOS="115"/>
<SP HEIGHT="52" WIDTH="41" VPOS="1084" HPOS="363"/>
<String CONTENT="Italian," HEIGHT="66" WIDTH="235" VPOS="1084" HPOS="405"/>
<SP HEIGHT="48" WIDTH="40" VPOS="1102" HPOS="641"/>
<String CONTENT="with" HEIGHT="52" WIDTH="140" VPOS="1084" HPOS="682"/>
<SP HEIGHT="51" WIDTH="44" VPOS="1084" HPOS="823"/>
<String CONTENT="a" HEIGHT="33" WIDTH="31" VPOS="1102" HPOS="868"/>
<SP HEIGHT="35" WIDTH="41" VPOS="1101" HPOS="900"/>
<String CONTENT="critical" HEIGHT="53" WIDTH="220" VPOS="1083" HPOS="942"/>
<SP HEIGHT="50" WIDTH="45" VPOS="1084" HPOS="1163"/>
<String CONTENT="and" HEIGHT="53" WIDTH="113" VPOS="1082" HPOS="1209"/>
<SP HEIGHT="53" WIDTH="40" VPOS="1082" HPOS="1323"/>
<String CONTENT="biographical" HEIGHT="70" WIDTH="399" VPOS="1080" HPOS="1364"/>
<SP HEIGHT="53" WIDTH="43" VPOS="1080" HPOS="1764"/>
<String CONTENT="essay," HEIGHT="50" WIDTH="178" VPOS="1098" HPOS="1808"/>
<SP HEIGHT="65" WIDTH="40" VPOS="1080" HPOS="1987"/>
<String CONTENT="by" HEIGHT="68" WIDTH="77" VPOS="1080" HPOS="2028"/>
</TextLine>
<TextLine HEIGHT="151" WIDTH="1965" VPOS="1155" HPOS="115" STYLEREFS="StyleId-72CE3FEF-CE25-4EC0-A161-1D359E8C2F1E-" CS="1">
<String CONTENT="Samuel" HEIGHT="55" WIDTH="228" VPOS="1160" HPOS="118"/>
<SP HEIGHT="52" WIDTH="27" VPOS="1161" HPOS="347"/>
<String CONTENT="Putnam," HEIGHT="66" WIDTH="267" VPOS="1161" HPOS="375"/>
<SP HEIGHT="66" WIDTH="30" VPOS="1161" HPOS="643"/>
<String CONTENT="illustrations" HEIGHT="53" WIDTH="380" VPOS="1160" HPOS="674"/>
<SP HEIGHT="52" WIDTH="27" VPOS="1161" HPOS="1055"/>
<String CONTENT="by" HEIGHT="67" WIDTH="77" VPOS="1161" HPOS="1083"/>
<SP HEIGHT="68" WIDTH="27" VPOS="1160" HPOS="1161"/>
<String CONTENT="Marquis" HEIGHT="68" WIDTH="259" VPOS="1159" HPOS="1189"/>
<SP HEIGHT="53" WIDTH="31" VPOS="1159" HPOS="1449"/>
<String LANG="fr" CONTENT="de" HEIGHT="52" WIDTH="70" VPOS="1159" HPOS="1481"/>
<SP HEIGHT="52" WIDTH="28" VPOS="1159" HPOS="1552"/>
<String CONTENT="Bayros" HEIGHT="68" WIDTH="220" VPOS="1159" HPOS="1581"/>
<SP HEIGHT="33" WIDTH="37" VPOS="1177" HPOS="1802"/>
<String CS="1" CONTENT="&#8230;"/>
<SP HEIGHT="55" WIDTH="73" VPOS="1155" HPOS="1897"/>
<String CONTENT="Chicago," HEIGHT="151" WIDTH="1965" VPOS="1155" HPOS="115"/>
</TextLine>
<TextLine HEIGHT="71" WIDTH="1465" VPOS="1235" HPOS="302" STYLEREFS="StyleId-72CE3FEF-CE25-4EC0-A161-1D359E8C2F1E-">
<String CONTENT="Pub." HEIGHT="52" WIDTH="142" VPOS="1238" HPOS="302"/>
<SP HEIGHT="54" WIDTH="33" VPOS="1236" HPOS="445"/>
<String CONTENT="for" HEIGHT="54" WIDTH="92" VPOS="1236" HPOS="479"/>
<SP HEIGHT="33" WIDTH="27" VPOS="1258" HPOS="572"/>
<String CONTENT="subscribers" HEIGHT="54" WIDTH="344" VPOS="1237" HPOS="600"/>
<SP HEIGHT="34" WIDTH="30" VPOS="1256" HPOS="945"/>
<String CONTENT="only," HEIGHT="67" WIDTH="152" VPOS="1238" HPOS="976"/>
<SP HEIGHT="66" WIDTH="27" VPOS="1238" HPOS="1129"/>
<String CONTENT="by" HEIGHT="68" WIDTH="76" VPOS="1238" HPOS="1157"/>
<SP HEIGHT="68" WIDTH="31" VPOS="1238" HPOS="1234"/>
<String CONTENT="P." HEIGHT="51" WIDTH="66" VPOS="1238" HPOS="1266"/>
<SP HEIGHT="57" WIDTH="33" VPOS="1235" HPOS="1333"/>
<String CONTENT="Covici," HEIGHT="68" WIDTH="215" VPOS="1235" HPOS="1367"/>
<SP HEIGHT="64" WIDTH="33" VPOS="1239" HPOS="1583"/>
<String CONTENT="1926." HEIGHT="50" WIDTH="150" VPOS="1238" HPOS="1617"/>
</TextLine>
<TextLine HEIGHT="50" WIDTH="1606" VPOS="1316" HPOS="184" CS="1">
<String CONTENT="2" HEIGHT="39" WIDTH="27" VPOS="1319" HPOS="184"/>
<SP HEIGHT="40" WIDTH="32" VPOS="1319" HPOS="212"/>
<String CS="1" CONTENT="v." HEIGHT="8" WIDTH="8" VPOS="1351" HPOS="279"/>
<SP HEIGHT="30" WIDTH="58" VPOS="1329" HPOS="288"/>
<String CONTENT="mounted" HEIGHT="39" WIDTH="228" VPOS="1319" HPOS="347"/>
<SP HEIGHT="40" WIDTH="31" VPOS="1318" HPOS="576"/>
<String CS="1" CONTENT="fronts." HEIGHT="41" WIDTH="161" VPOS="1318" HPOS="608"/>
<SP HEIGHT="47" WIDTH="26" VPOS="1319" HPOS="784"/>
<String CONTENT="(vol." HEIGHT="47" WIDTH="116" VPOS="1319" HPOS="811"/>
<SP HEIGHT="31" WIDTH="34" VPOS="1328" HPOS="928"/>
<String CS="1" CONTENT="I," HEIGHT="16" WIDTH="8" VPOS="1350" HPOS="986"/>
<SP HEIGHT="37" WIDTH="33" VPOS="1329" HPOS="995"/>
<String CONTENT="port.)" HEIGHT="49" WIDTH="150" VPOS="1317" HPOS="1029"/>
<SP HEIGHT="48" WIDTH="40" VPOS="1317" HPOS="1180"/>
<String CONTENT="mounted" HEIGHT="39" WIDTH="230" VPOS="1319" HPOS="1221"/>
<SP HEIGHT="41" WIDTH="34" VPOS="1317" HPOS="1452"/>
<String CONTENT="illus." HEIGHT="40" WIDTH="129" VPOS="1317" HPOS="1487"/>
<SP HEIGHT="41" WIDTH="56" VPOS="1316" HPOS="1617"/>
<String CONTENT="24" HEIGHT="40" WIDTH="57" VPOS="1316" HPOS="1674"/>
<String STYLE="superscript" CONTENT="cm" HEIGHT="21" WIDTH="44" VPOS="1319" HPOS="1733"/>
<String CONTENT="." HEIGHT="9" WIDTH="8" VPOS="1348" HPOS="1782"/>
</TextLine>
<TextLine HEIGHT="48" WIDTH="1919" VPOS="1386" HPOS="187" CS="1">
<String CONTENT="&#8220;This" HEIGHT="40" WIDTH="145" VPOS="1388" HPOS="187"/>
<SP HEIGHT="30" WIDTH="22" VPOS="1398" HPOS="333"/>
<String CONTENT="edition" HEIGHT="41" WIDTH="185" VPOS="1387" HPOS="356"/>
<SP HEIGHT="29" WIDTH="24" VPOS="1398" HPOS="542"/>
<String CS="1" CONTENT="&#8230;"/>
<SP HEIGHT="41" WIDTH="25" VPOS="1387" HPOS="614"/>
<String CONTENT="is" HEIGHT="41" WIDTH="42" VPOS="1387" HPOS="640"/>
<SP HEIGHT="39" WIDTH="22" VPOS="1389" HPOS="683"/>
<String CONTENT="limited" HEIGHT="41" WIDTH="189" VPOS="1387" HPOS="706"/>
<SP HEIGHT="39" WIDTH="25" VPOS="1389" HPOS="896"/>
<String CONTENT="to" HEIGHT="38" WIDTH="49" VPOS="1390" HPOS="922"/>
<SP HEIGHT="38" WIDTH="25" VPOS="1390" HPOS="972"/>
<String CONTENT="twelve" HEIGHT="40" WIDTH="172" VPOS="1388" HPOS="998"/>
<SP HEIGHT="39" WIDTH="23" VPOS="1388" HPOS="1171"/>
<String CONTENT="hundred" HEIGHT="39" WIDTH="222" VPOS="1388" HPOS="1195"/>
<SP HEIGHT="39" WIDTH="25" VPOS="1388" HPOS="1418"/>
<String CONTENT="and" HEIGHT="39" WIDTH="96" VPOS="1388" HPOS="1444"/>
<SP HEIGHT="40" WIDTH="23" VPOS="1387" HPOS="1541"/>
<String CONTENT="fifty" HEIGHT="48" WIDTH="110" VPOS="1386" HPOS="1565"/>
<SP HEIGHT="37" WIDTH="26" VPOS="1397" HPOS="1676"/>
<String CONTENT="numbered" HEIGHT="40" WIDTH="263" VPOS="1386" HPOS="1703"/>
<SP HEIGHT="39" WIDTH="25" VPOS="1387" HPOS="1967"/>
<String CONTENT="sets," HEIGHT="46" WIDTH="113" VPOS="1388" HPOS="1993"/>
</TextLine>
<TextLine HEIGHT="42" WIDTH="798" VPOS="1443" HPOS="115">
<String CONTENT="of" HEIGHT="40" WIDTH="53" VPOS="1444" HPOS="115"/>
<SP HEIGHT="40" WIDTH="20" VPOS="1444" HPOS="169"/>
<String CONTENT="which" HEIGHT="42" WIDTH="158" VPOS="1443" HPOS="190"/>
<SP HEIGHT="40" WIDTH="21" VPOS="1444" HPOS="349"/>
<String CONTENT="this" HEIGHT="41" WIDTH="99" VPOS="1443" HPOS="371"/>
<SP HEIGHT="40" WIDTH="20" VPOS="1444" HPOS="471"/>
<String CONTENT="is" HEIGHT="40" WIDTH="43" VPOS="1444" HPOS="492"/>
<SP HEIGHT="30" WIDTH="21" VPOS="1454" HPOS="536"/>
<String CONTENT="number" HEIGHT="40" WIDTH="202" VPOS="1444" HPOS="558"/>
<SP HEIGHT="40" WIDTH="24" VPOS="1445" HPOS="761"/>
<String CONTENT="712.&#8221;" HEIGHT="42" WIDTH="127" VPOS="1443" HPOS="786"/>
</TextLine>
<TextLine HEIGHT="49" WIDTH="1614" VPOS="1499" HPOS="187" CS="1">
<String CONTENT="&#8220;Bibliography" HEIGHT="49" WIDTH="376" VPOS="1499" HPOS="187"/>
<SP HEIGHT="36" WIDTH="28" VPOS="1511" HPOS="564"/>
<String CONTENT="of" HEIGHT="39" WIDTH="52" VPOS="1500" HPOS="593"/>
<SP HEIGHT="40" WIDTH="27" VPOS="1500" HPOS="646"/>
<String CONTENT="the" HEIGHT="39" WIDTH="81" VPOS="1501" HPOS="674"/>
<SP HEIGHT="40" WIDTH="28" VPOS="1500" HPOS="756"/>
<String CONTENT="Aretino" HEIGHT="40" WIDTH="201" VPOS="1500" HPOS="785"/>
<SP HEIGHT="39" WIDTH="28" VPOS="1501" HPOS="987"/>
<String CS="1" CONTENT="literature&#8221;:" HEIGHT="41" WIDTH="288" VPOS="1499" HPOS="1016"/>
<SP HEIGHT="30" WIDTH="30" VPOS="1510" HPOS="1332"/>
<String CONTENT="v." HEIGHT="29" WIDTH="44" VPOS="1511" HPOS="1363"/>
<SP HEIGHT="41" WIDTH="27" VPOS="1499" HPOS="1408"/>
<String CONTENT="2," HEIGHT="47" WIDTH="40" VPOS="1499" HPOS="1436"/>
<SP HEIGHT="37" WIDTH="31" VPOS="1511" HPOS="1477"/>
<String CONTENT="p." HEIGHT="37" WIDTH="44" VPOS="1511" HPOS="1509"/>
<SP HEIGHT="40" WIDTH="29" VPOS="1500" HPOS="1554"/>
<String CONTENT="297-302." HEIGHT="41" WIDTH="217" VPOS="1499" HPOS="1584"/>
</TextLine>
<TextLine HEIGHT="49" WIDTH="1645" VPOS="1555" HPOS="463" CS="1">
<String CS="1" CONTENT="CONTENTS.&#8212;v." HEIGHT="28" WIDTH="105" VPOS="1568" HPOS="463"/>
<SP HEIGHT="41" WIDTH="43" VPOS="1555" HPOS="569"/>
<String CONTENT="1." HEIGHT="42" WIDTH="40" VPOS="1555" HPOS="613"/>
<SP HEIGHT="41" WIDTH="41" VPOS="1556" HPOS="654"/>
<String CONTENT="Pietro" HEIGHT="40" WIDTH="164" VPOS="1556" HPOS="696"/>
<SP HEIGHT="39" WIDTH="42" VPOS="1557" HPOS="861"/>
<String CONTENT="Aretino," HEIGHT="45" WIDTH="215" VPOS="1556" HPOS="904"/>
<SP HEIGHT="37" WIDTH="42" VPOS="1567" HPOS="1120"/>
<String CONTENT="poison-flower" HEIGHT="48" WIDTH="354" VPOS="1556" HPOS="1163"/>
<SP HEIGHT="29" WIDTH="43" VPOS="1567" HPOS="1518"/>
<String CONTENT="of" HEIGHT="40" WIDTH="51" VPOS="1556" HPOS="1562"/>
<SP HEIGHT="40" WIDTH="41" VPOS="1556" HPOS="1614"/>
<String CONTENT="the" HEIGHT="40" WIDTH="82" VPOS="1556" HPOS="1656"/>
<SP HEIGHT="28" WIDTH="44" VPOS="1567" HPOS="1739"/>
<String CONTENT="renaissance." HEIGHT="42" WIDTH="324" VPOS="1555" HPOS="1784"/>
</TextLine>
<TextLine HEIGHT="49" WIDTH="1995" VPOS="1611" HPOS="116" CS="1">
<String CS="1" CONTENT="Dialogues:" HEIGHT="48" WIDTH="263" VPOS="1612" HPOS="116"/>
<SP HEIGHT="39" WIDTH="30" VPOS="1613" HPOS="407"/>
<String CONTENT="The" HEIGHT="39" WIDTH="100" VPOS="1613" HPOS="438"/>
<SP HEIGHT="39" WIDTH="27" VPOS="1613" HPOS="539"/>
<String CONTENT="life" HEIGHT="40" WIDTH="88" VPOS="1612" HPOS="567"/>
<SP HEIGHT="28" WIDTH="28" VPOS="1624" HPOS="656"/>
<String CONTENT="of" HEIGHT="40" WIDTH="53" VPOS="1612" HPOS="685"/>
<SP HEIGHT="39" WIDTH="26" VPOS="1612" HPOS="739"/>
<String CONTENT="nuns." HEIGHT="29" WIDTH="140" VPOS="1623" HPOS="766"/>
<SP HEIGHT="39" WIDTH="58" VPOS="1613" HPOS="907"/>
<String CONTENT="The" HEIGHT="39" WIDTH="101" VPOS="1613" HPOS="966"/>
<SP HEIGHT="38" WIDTH="27" VPOS="1614" HPOS="1068"/>
<String CONTENT="life" HEIGHT="40" WIDTH="88" VPOS="1612" HPOS="1096"/>
<SP HEIGHT="28" WIDTH="31" VPOS="1624" HPOS="1185"/>
<String CONTENT="of" HEIGHT="40" WIDTH="52" VPOS="1612" HPOS="1217"/>
<SP HEIGHT="39" WIDTH="29" VPOS="1612" HPOS="1270"/>
<String CONTENT="married" HEIGHT="41" WIDTH="214" VPOS="1611" HPOS="1300"/>
<SP HEIGHT="39" WIDTH="28" VPOS="1613" HPOS="1515"/>
<String CONTENT="women." HEIGHT="29" WIDTH="199" VPOS="1623" HPOS="1544"/>
<SP HEIGHT="40" WIDTH="59" VPOS="1612" HPOS="1744"/>
<String CONTENT="The" HEIGHT="40" WIDTH="100" VPOS="1612" HPOS="1804"/>
<SP HEIGHT="39" WIDTH="31" VPOS="1613" HPOS="1905"/>
<String CONTENT="life" HEIGHT="40" WIDTH="88" VPOS="1612" HPOS="1937"/>
<SP HEIGHT="33" WIDTH="30" VPOS="1620" HPOS="2026"/>
<String CONTENT="of" HEIGHT="42" WIDTH="54" VPOS="1611" HPOS="2057"/>
</TextLine>
<TextLine HEIGHT="46" WIDTH="1996" VPOS="1668" HPOS="115">
<String CONTENT="courtezans." HEIGHT="38" WIDTH="299" VPOS="1670" HPOS="115"/>
<SP HEIGHT="39" WIDTH="54" VPOS="1669" HPOS="415"/>
<String CONTENT="The" HEIGHT="38" WIDTH="99" VPOS="1669" HPOS="470"/>
<SP HEIGHT="29" WIDTH="28" VPOS="1678" HPOS="570"/>
<String CONTENT="art" HEIGHT="36" WIDTH="80" VPOS="1671" HPOS="599"/>
<SP HEIGHT="36" WIDTH="25" VPOS="1671" HPOS="680"/>
<String CONTENT="of" HEIGHT="39" WIDTH="53" VPOS="1668" HPOS="706"/>
<SP HEIGHT="39" WIDTH="27" VPOS="1668" HPOS="760"/>
<String CONTENT="the" HEIGHT="38" WIDTH="80" VPOS="1669" HPOS="788"/>
<SP HEIGHT="29" WIDTH="27" VPOS="1678" HPOS="869"/>
<String CONTENT="courtezan." HEIGHT="38" WIDTH="274" VPOS="1670" HPOS="897"/>
<SP HEIGHT="39" WIDTH="56" VPOS="1669" HPOS="1172"/>
<String CONTENT="The" HEIGHT="38" WIDTH="100" VPOS="1669" HPOS="1229"/>
<SP HEIGHT="38" WIDTH="27" VPOS="1669" HPOS="1330"/>
<String CONTENT="betrayals" HEIGHT="45" WIDTH="249" VPOS="1669" HPOS="1358"/>
<SP HEIGHT="30" WIDTH="27" VPOS="1678" HPOS="1608"/>
<String CONTENT="of" HEIGHT="40" WIDTH="52" VPOS="1668" HPOS="1636"/>
<SP HEIGHT="39" WIDTH="26" VPOS="1668" HPOS="1689"/>
<String CONTENT="men." HEIGHT="31" WIDTH="123" VPOS="1678" HPOS="1716"/>
<SP HEIGHT="40" WIDTH="56" VPOS="1669" HPOS="1840"/>
<String CONTENT="The" HEIGHT="39" WIDTH="103" VPOS="1669" HPOS="1897"/>
<SP HEIGHT="30" WIDTH="28" VPOS="1678" HPOS="2001"/>
<String CONTENT="art" HEIGHT="38" WIDTH="81" VPOS="1671" HPOS="2030"/>
</TextLine>
<TextLine HEIGHT="49" WIDTH="1994" VPOS="1723" HPOS="117" CS="1">
<String CONTENT="of" HEIGHT="41" WIDTH="53" VPOS="1723" HPOS="117"/>
<SP HEIGHT="41" WIDTH="30" VPOS="1723" HPOS="171"/>
<String CONTENT="the" HEIGHT="40" WIDTH="81" VPOS="1724" HPOS="202"/>
<SP HEIGHT="37" WIDTH="35" VPOS="1735" HPOS="284"/>
<String CONTENT="procuress." HEIGHT="38" WIDTH="267" VPOS="1734" HPOS="320"/>
<SP HEIGHT="40" WIDTH="63" VPOS="1724" HPOS="588"/>
<String CONTENT="The" HEIGHT="40" WIDTH="102" VPOS="1724" HPOS="652"/>
<SP HEIGHT="30" WIDTH="33" VPOS="1734" HPOS="755"/>
<String CONTENT="courtezan.&#8212;v." HEIGHT="39" WIDTH="380" VPOS="1725" HPOS="789"/>
<SP HEIGHT="41" WIDTH="40" VPOS="1723" HPOS="1170"/>
<String CONTENT="2." HEIGHT="40" WIDTH="41" VPOS="1723" HPOS="1211"/>
<SP HEIGHT="39" WIDTH="36" VPOS="1724" HPOS="1253"/>
<String CS="1" CONTENT="Biography:" HEIGHT="49" WIDTH="280" VPOS="1723" HPOS="1290"/>
<SP HEIGHT="40" WIDTH="39" VPOS="1724" HPOS="1597"/>
<String LANG="fr" CONTENT="de" HEIGHT="40" WIDTH="57" VPOS="1724" HPOS="1637"/>
<SP HEIGHT="40" WIDTH="39" VPOS="1724" HPOS="1695"/>
<String CONTENT="Sanctis." HEIGHT="41" WIDTH="207" VPOS="1724" HPOS="1735"/>
<SP HEIGHT="41" WIDTH="64" VPOS="1724" HPOS="1943"/>
<String CONTENT="The" HEIGHT="41" WIDTH="103" VPOS="1724" HPOS="2008"/>
</TextLine>
<TextLine HEIGHT="49" WIDTH="897" VPOS="1779" HPOS="116">
<String CONTENT="letters." HEIGHT="41" WIDTH="185" VPOS="1780" HPOS="116"/>
<SP HEIGHT="41" WIDTH="51" VPOS="1780" HPOS="302"/>
<String CONTENT="The" HEIGHT="40" WIDTH="103" VPOS="1780" HPOS="354"/>
<SP HEIGHT="30" WIDTH="22" VPOS="1790" HPOS="458"/>
<String CONTENT="sonnets." HEIGHT="38" WIDTH="210" VPOS="1782" HPOS="481"/>
<SP HEIGHT="41" WIDTH="50" VPOS="1779" HPOS="692"/>
<String CONTENT="Appendix." HEIGHT="49" WIDTH="270" VPOS="1779" HPOS="743"/>
</TextLine>
<TextLine HEIGHT="56" WIDTH="1992" VPOS="1843" HPOS="117" STYLEREFS="StyleId-87DFB0DA-4C30-4E4E-B933-1920B431C917-" CS="1">
<String CONTENT="&#169;" HEIGHT="54" WIDTH="57" VPOS="1843" HPOS="117"/>
<SP HEIGHT="54" WIDTH="19" VPOS="1843" HPOS="175"/>
<String CONTENT="Nov." HEIGHT="39" WIDTH="117" VPOS="1850" HPOS="195"/>
<SP HEIGHT="40" WIDTH="21" VPOS="1849" HPOS="313"/>
<String CONTENT="20," HEIGHT="48" WIDTH="69" VPOS="1849" HPOS="335"/>
<SP HEIGHT="47" WIDTH="22" VPOS="1850" HPOS="405"/>
<String CS="1" CONTENT="1926;" HEIGHT="40" WIDTH="115" VPOS="1849" HPOS="428"/>
<SP HEIGHT="48" WIDTH="25" VPOS="1849" HPOS="568"/>
<String CONTENT="2c." HEIGHT="40" WIDTH="67" VPOS="1849" HPOS="594"/>
<SP HEIGHT="28" WIDTH="24" VPOS="1861" HPOS="662"/>
<String CONTENT="each" HEIGHT="40" WIDTH="118" VPOS="1849" HPOS="687"/>
<SP HEIGHT="40" WIDTH="22" VPOS="1849" HPOS="806"/>
<String CONTENT="Dec." HEIGHT="40" WIDTH="113" VPOS="1850" HPOS="829"/>
<SP HEIGHT="40" WIDTH="25" VPOS="1850" HPOS="943"/>
<String CS="1" CONTENT="29;" HEIGHT="41" WIDTH="56" VPOS="1849" HPOS="969"/>
<SP HEIGHT="37" WIDTH="26" VPOS="1860" HPOS="1052"/>
<String CONTENT="aff." HEIGHT="40" WIDTH="83" VPOS="1849" HPOS="1079"/>
<SP HEIGHT="38" WIDTH="25" VPOS="1851" HPOS="1163"/>
<String CONTENT="Dec." HEIGHT="38" WIDTH="112" VPOS="1851" HPOS="1189"/>
<SP HEIGHT="39" WIDTH="23" VPOS="1850" HPOS="1302"/>
<String CS="1" CONTENT="27;" HEIGHT="40" WIDTH="56" VPOS="1850" HPOS="1326"/>
<SP HEIGHT="47" WIDTH="27" VPOS="1850" HPOS="1409"/>
<!-- cceid 060EF586-6E1B-1014-9B7B-CA07F191E62B --><String CONTENT="A" HEIGHT="38" WIDTH="40" VPOS="1850" HPOS="1437"/>
<SP HEIGHT="41" WIDTH="22" VPOS="1849" HPOS="1478"/>
<String CS="1" CONTENT="958506;" HEIGHT="42" WIDTH="174" VPOS="1848" HPOS="1501"/>
<SP HEIGHT="46" WIDTH="27" VPOS="1852" HPOS="1701"/>
<String CONTENT="Pascal" HEIGHT="40" WIDTH="175" VPOS="1851" HPOS="1729"/>
<SP HEIGHT="41" WIDTH="25" VPOS="1851" HPOS="1905"/>
<String CONTENT="Covici," HEIGHT="49" WIDTH="178" VPOS="1850" HPOS="1931"/>
</TextLine>
<TextLine HEIGHT="48" WIDTH="704" VPOS="1905" HPOS="187" STYLEREFS="StyleId-87DFB0DA-4C30-4E4E-B933-1920B431C917-">
<String CONTENT="publisher," HEIGHT="48" WIDTH="262" VPOS="1905" HPOS="187"/>
<SP HEIGHT="47" WIDTH="28" VPOS="1906" HPOS="450"/>
<String CONTENT="inc." HEIGHT="40" WIDTH="90" VPOS="1906" HPOS="479"/>
<SP HEIGHT="47" WIDTH="68" VPOS="1906" HPOS="570"/>
<String CONTENT="(27-1149)" HEIGHT="48" WIDTH="252" VPOS="1905" HPOS="639"/>
</TextLine>
<TextLine HEIGHT="66" WIDTH="736" VPOS="1997" HPOS="119" STYLEREFS="StyleId-1FDDE47F-CB25-45FD-939F-FBE6DEB1E043-">
<String LANG="fr" CONTENT="Bailly," HEIGHT="65" WIDTH="210" VPOS="1997" HPOS="119"/>
<SP HEIGHT="63" WIDTH="27" VPOS="1998" HPOS="330"/>
<String LANG="en-US" CONTENT="Auguste," HEIGHT="65" WIDTH="291" VPOS="1998" HPOS="358"/>
<SP HEIGHT="59" WIDTH="33" VPOS="2003" HPOS="650"/>
<String LANG="en-US" CONTENT="1878-" HEIGHT="53" WIDTH="171" VPOS="1999" HPOS="684"/>
</TextLine>
<TextLine HEIGHT="65" WIDTH="1763" VPOS="2089" HPOS="254" STYLEREFS="StyleId-1FDDE47F-CB25-45FD-939F-FBE6DEB1E043-" CS="1">
<String LANG="en-US" CS="1" CONTENT="&#8230;"/>
<SP HEIGHT="55" WIDTH="46" VPOS="2089" HPOS="254"/>
<String LANG="fr" CONTENT="Saint-Esprit," HEIGHT="65" WIDTH="413" VPOS="2089" HPOS="301"/>
<SP HEIGHT="44" WIDTH="38" VPOS="2110" HPOS="715"/>
<String LANG="en-US" CONTENT="roman." HEIGHT="34" WIDTH="213" VPOS="2108" HPOS="754"/>
<SP HEIGHT="51" WIDTH="76" VPOS="2091" HPOS="968"/>
<String LANG="en-US" CONTENT="Paris," HEIGHT="63" WIDTH="184" VPOS="2091" HPOS="1045"/>
<SP HEIGHT="64" WIDTH="39" VPOS="2090" HPOS="1230"/>
<String LANG="fr" CONTENT="A." HEIGHT="53" WIDTH="71" VPOS="2090" HPOS="1270"/>
<SP HEIGHT="51" WIDTH="42" VPOS="2092" HPOS="1342"/>
<String LANG="fr" CONTENT="Fayard" HEIGHT="62" WIDTH="233" VPOS="2092" HPOS="1385"/>
<SP HEIGHT="53" WIDTH="38" VPOS="2092" HPOS="1619"/>
<String LANG="fr" CONTENT="et" HEIGHT="48" WIDTH="54" VPOS="2097" HPOS="1658"/>
<SP HEIGHT="48" WIDTH="39" VPOS="2097" HPOS="1713"/>
<String LANG="en-US" CS="1" CONTENT="ci" HEIGHT="35" WIDTH="29" VPOS="2110" HPOS="1753"/>
<String STYLE="superscript" LANG="en-US" CONTENT="e" HEIGHT="24" WIDTH="19" VPOS="2097" HPOS="1799"/>
<SP HEIGHT="57" WIDTH="42" VPOS="2097" HPOS="1819"/>
<String LANG="en-US" CS="1" CONTENT="[1926]" HEIGHT="51" WIDTH="135" VPOS="2095" HPOS="1882"/>
</TextLine>
<TextLine HEIGHT="44" WIDTH="440" VPOS="2173" HPOS="187" STYLEREFS="StyleId-87DFB0DA-4C30-4E4E-B933-1920B431C917-" CS="1">
<String CONTENT="249" HEIGHT="42" WIDTH="88" VPOS="2173" HPOS="187"/>
<SP/>
<String CS="1" CONTENT="p.," HEIGHT="12" WIDTH="10" VPOS="2205" HPOS="327"/>
<SP/>
<String CONTENT="11." HEIGHT="42" WIDTH="78" VPOS="2175" HPOS="373"/>
<SP HEIGHT="42" WIDTH="56" VPOS="2175" HPOS="452"/>
<String CS="1" CONTENT="19cm." HEIGHT="44" WIDTH="118" VPOS="2173" HPOS="509"/>
</TextLine>
<TextLine HEIGHT="56" WIDTH="1994" VPOS="2236" HPOS="117" STYLEREFS="StyleId-87DFB0DA-4C30-4E4E-B933-1920B431C917-" CS="1">
<String LANG="en-US" CONTENT="&#169;" HEIGHT="54" WIDTH="56" VPOS="2236" HPOS="117"/>
<SP HEIGHT="54" WIDTH="26" VPOS="2236" HPOS="174"/>
<String LANG="en-US" CONTENT="Oct." HEIGHT="41" WIDTH="102" VPOS="2241" HPOS="201"/>
<SP HEIGHT="40" WIDTH="25" VPOS="2242" HPOS="304"/>
<String LANG="en-US" CONTENT="15," HEIGHT="48" WIDTH="69" VPOS="2241" HPOS="330"/>
<SP HEIGHT="47" WIDTH="29" VPOS="2242" HPOS="400"/>
<String LANG="en-US" CS="1" CONTENT="1926;" HEIGHT="40" WIDTH="115" VPOS="2241" HPOS="430"/>
<SP/>
<String LANG="en-US" CS="1" CONTENT="1c."/>
<SP/>
<String LANG="en-US" CONTENT="Dec." HEIGHT="40" WIDTH="111" VPOS="2242" HPOS="699"/>
<SP HEIGHT="40" WIDTH="30" VPOS="2242" HPOS="811"/>
<String LANG="en-US" CS="1" CONTENT="8;" HEIGHT="40" WIDTH="26" VPOS="2242" HPOS="842"/>
<SP HEIGHT="47" WIDTH="31" VPOS="2242" HPOS="895"/>
<!-- cceid 060EFEF2-6E1B-1014-9B7B-CA07F191E62B --><String LANG="en-US" CONTENT="A&#8212;Foreign" HEIGHT="48" WIDTH="312" VPOS="2241" HPOS="927"/>
<SP HEIGHT="40" WIDTH="27" VPOS="2242" HPOS="1240"/>
<String LANG="en-US" CS="1" CONTENT="32524;" HEIGHT="40" WIDTH="145" VPOS="2242" HPOS="1268"/>
<SP HEIGHT="48" WIDTH="32" VPOS="2242" HPOS="1440"/>
<String LANG="fr" CONTENT="Arth&#232;me" HEIGHT="41" WIDTH="230" VPOS="2242" HPOS="1473"/>
<SP HEIGHT="38" WIDTH="30" VPOS="2245" HPOS="1704"/>
<String LANG="fr" CONTENT="Fayard" HEIGHT="47" WIDTH="195" VPOS="2245" HPOS="1735"/>
<SP HEIGHT="40" WIDTH="29" VPOS="2245" HPOS="1931"/>
<String LANG="en-US" CONTENT="&amp;" HEIGHT="40" WIDTH="36" VPOS="2245" HPOS="1961"/>
<SP HEIGHT="41" WIDTH="25" VPOS="2245" HPOS="1998"/>
<String LANG="la" CONTENT="cie." HEIGHT="41" WIDTH="87" VPOS="2246" HPOS="2024"/>
</TextLine>
<TextLine HEIGHT="48" WIDTH="252" VPOS="2297" HPOS="199" STYLEREFS="StyleId-87DFB0DA-4C30-4E4E-B933-1920B431C917-">
<String CONTENT="(27-1703)" HEIGHT="48" WIDTH="252" VPOS="2297" HPOS="199"/>
</TextLine>
<TextLine HEIGHT="64" WIDTH="874" VPOS="2391" HPOS="120" STYLEREFS="StyleId-72CE3FEF-CE25-4EC0-A161-1D359E8C2F1E-">
<String CONTENT="Bell," HEIGHT="61" WIDTH="141" VPOS="2392" HPOS="120"/>
<SP HEIGHT="60" WIDTH="34" VPOS="2393" HPOS="262"/>
<String CONTENT="Eleanor" HEIGHT="52" WIDTH="252" VPOS="2392" HPOS="297"/>
<SP HEIGHT="51" WIDTH="30" VPOS="2393" HPOS="550"/>
<String CONTENT="Dollyvarden." HEIGHT="64" WIDTH="413" VPOS="2391" HPOS="581"/>
</TextLine>
<TextLine HEIGHT="73" WIDTH="1925" VPOS="2471" HPOS="191" STYLEREFS="StyleId-72CE3FEF-CE25-4EC0-A161-1D359E8C2F1E-" CS="1">
<String CONTENT="Forget-me-nots," HEIGHT="67" WIDTH="499" VPOS="2472" HPOS="191"/>
<SP HEIGHT="66" WIDTH="53" VPOS="2471" HPOS="691"/>
<String CONTENT="by" HEIGHT="68" WIDTH="76" VPOS="2471" HPOS="745"/>
<SP HEIGHT="68" WIDTH="56" VPOS="2471" HPOS="822"/>
<String CONTENT="Eleanor" HEIGHT="52" WIDTH="250" VPOS="2471" HPOS="879"/>
<SP/>
<String CONTENT="Dollyvarden" HEIGHT="68" WIDTH="397" VPOS="2472" HPOS="1186"/>
<SP HEIGHT="50" WIDTH="56" VPOS="2475" HPOS="1584"/>
<String CONTENT="Bell." HEIGHT="51" WIDTH="144" VPOS="2475" HPOS="1641"/>
<SP/>
<String CONTENT="Boston," HEIGHT="67" WIDTH="235" VPOS="2477" HPOS="1881"/>
</TextLine>
<TextLine HEIGHT="70" WIDTH="1163" VPOS="2546" HPOS="119" STYLEREFS="StyleId-72CE3FEF-CE25-4EC0-A161-1D359E8C2F1E-">
<String CONTENT="Mass.," HEIGHT="66" WIDTH="191" VPOS="2549" HPOS="119"/>
<SP HEIGHT="66" WIDTH="22" VPOS="2549" HPOS="311"/>
<String CONTENT="The" HEIGHT="52" WIDTH="121" VPOS="2548" HPOS="334"/>
<SP HEIGHT="56" WIDTH="25" VPOS="2546" HPOS="456"/>
<String CONTENT="Stratford" HEIGHT="56" WIDTH="299" VPOS="2546" HPOS="482"/>
<SP HEIGHT="52" WIDTH="23" VPOS="2549" HPOS="782"/>
<String CONTENT="company," HEIGHT="50" WIDTH="299" VPOS="2566" HPOS="806"/>
<SP HEIGHT="65" WIDTH="25" VPOS="2551" HPOS="1106"/>
<String CONTENT="1926." HEIGHT="50" WIDTH="150" VPOS="2551" HPOS="1132"/>
</TextLine>
<TextLine HEIGHT="49" WIDTH="615" VPOS="2629" HPOS="189" CS="1">
<String CONTENT="4" HEIGHT="39" WIDTH="29" VPOS="2630" HPOS="189"/>
<SP HEIGHT="47" WIDTH="22" VPOS="2630" HPOS="219"/>
<String LANG="la" CONTENT="p." HEIGHT="37" WIDTH="44" VPOS="2640" HPOS="242"/>
<SP HEIGHT="40" WIDTH="21" VPOS="2630" HPOS="287"/>
<String CS="1" CONTENT="l.,"/>
<SP HEIGHT="49" WIDTH="23" VPOS="2629" HPOS="355"/>
<String CONTENT="iii," HEIGHT="47" WIDTH="68" VPOS="2629" HPOS="379"/>
<SP HEIGHT="46" WIDTH="25" VPOS="2630" HPOS="448"/>
<String CONTENT="143" HEIGHT="40" WIDTH="84" VPOS="2629" HPOS="474"/>
<SP HEIGHT="47" WIDTH="24" VPOS="2630" HPOS="559"/>
<String CONTENT="p." HEIGHT="37" WIDTH="43" VPOS="2640" HPOS="584"/>
<SP HEIGHT="38" WIDTH="58" VPOS="2631" HPOS="628"/>
<String CONTENT="19" HEIGHT="41" WIDTH="57" VPOS="2629" HPOS="687"/>
<String STYLE="superscript" CONTENT="cm" HEIGHT="22" WIDTH="45" VPOS="2631" HPOS="745"/>
<String CONTENT="." HEIGHT="9" WIDTH="9" VPOS="2662" HPOS="795"/>
</TextLine>
<TextLine HEIGHT="39" WIDTH="185" VPOS="2701" HPOS="192">
<String CONTENT="Poems." HEIGHT="39" WIDTH="185" VPOS="2701" HPOS="192"/>
</TextLine>
<TextLine HEIGHT="63" WIDTH="1991" VPOS="2750" HPOS="123">
<String CONTENT="&#169;" HEIGHT="54" WIDTH="53" VPOS="2750" HPOS="123"/>
<SP HEIGHT="54" WIDTH="31" VPOS="2750" HPOS="177"/>
<String CONTENT="Nov." HEIGHT="40" WIDTH="118" VPOS="2757" HPOS="209"/>
<SP HEIGHT="40" WIDTH="32" VPOS="2757" HPOS="328"/>
<String CONTENT="17," HEIGHT="46" WIDTH="69" VPOS="2757" HPOS="361"/>
<SP HEIGHT="46" WIDTH="36" VPOS="2757" HPOS="431"/>
<String CONTENT="1926;" HEIGHT="46" WIDTH="139" VPOS="2756" HPOS="468"/>
<SP HEIGHT="46" WIDTH="35" VPOS="2756" HPOS="608"/>
<String CONTENT="2c." HEIGHT="40" WIDTH="69" VPOS="2756" HPOS="644"/>
<SP HEIGHT="40" WIDTH="33" VPOS="2756" HPOS="714"/>
<String CONTENT="Nov." HEIGHT="41" WIDTH="119" VPOS="2756" HPOS="748"/>
<SP HEIGHT="40" WIDTH="34" VPOS="2757" HPOS="868"/>
<String CONTENT="19;" HEIGHT="46" WIDTH="82" VPOS="2757" HPOS="903"/>
<SP HEIGHT="36" WIDTH="38" VPOS="2767" HPOS="986"/>
<String CONTENT="aff." HEIGHT="41" WIDTH="82" VPOS="2756" HPOS="1025"/>
<SP HEIGHT="40" WIDTH="36" VPOS="2757" HPOS="1108"/>
<String CONTENT="Nov." HEIGHT="40" WIDTH="118" VPOS="2757" HPOS="1145"/>
<SP HEIGHT="40" WIDTH="35" VPOS="2757" HPOS="1264"/>
<String CONTENT="22;" HEIGHT="48" WIDTH="83" VPOS="2757" HPOS="1300"/>
<SP HEIGHT="46" WIDTH="37" VPOS="2759" HPOS="1384"/>
<!-- cceid 060F0557-6E1B-1014-9B7B-CA07F191E62B --><String CONTENT="A" HEIGHT="38" WIDTH="41" VPOS="2759" HPOS="1422"/>
<SP HEIGHT="41" WIDTH="35" VPOS="2758" HPOS="1464"/>
<String CONTENT="958086;" HEIGHT="49" WIDTH="199" VPOS="2758" HPOS="1500"/>
<SP HEIGHT="46" WIDTH="42" VPOS="2761" HPOS="1700"/>
<String CONTENT="Stratford" HEIGHT="42" WIDTH="250" VPOS="2761" HPOS="1743"/>
<SP HEIGHT="39" WIDTH="36" VPOS="2765" HPOS="1994"/>
<String CONTENT="co.," HEIGHT="38" WIDTH="83" VPOS="2775" HPOS="2031"/>
</TextLine>
<TextLine HEIGHT="50" WIDTH="640" VPOS="2811" HPOS="192">
<String CONTENT="publishers." HEIGHT="49" WIDTH="289" VPOS="2812" HPOS="192"/>
<SP HEIGHT="47" WIDTH="67" VPOS="2812" HPOS="482"/>
<String CONTENT="(26-21356)" HEIGHT="48" WIDTH="282" VPOS="2811" HPOS="550"/>
</TextLine>
<TextLine HEIGHT="63" WIDTH="810" VPOS="2906" HPOS="119" STYLEREFS="StyleId-72CE3FEF-CE25-4EC0-A161-1D359E8C2F1E-">
<String CONTENT="Bernard," HEIGHT="62" WIDTH="285" VPOS="2906" HPOS="119"/>
<SP HEIGHT="62" WIDTH="30" VPOS="2906" HPOS="405"/>
<String CONTENT="Bernard," HEIGHT="63" WIDTH="286" VPOS="2906" HPOS="436"/>
<SP HEIGHT="59" WIDTH="34" VPOS="2910" HPOS="723"/>
<String CONTENT="1890-" HEIGHT="50" WIDTH="171" VPOS="2909" HPOS="758"/>
</TextLine>
<TextLine HEIGHT="75" WIDTH="1917" VPOS="2983" HPOS="195" STYLEREFS="StyleId-72CE3FEF-CE25-4EC0-A161-1D359E8C2F1E-">
<String CONTENT="Sex" HEIGHT="56" WIDTH="112" VPOS="2983" HPOS="195"/>
<SP HEIGHT="35" WIDTH="31" VPOS="3002" HPOS="308"/>
<String CONTENT="conduct" HEIGHT="53" WIDTH="241" VPOS="2984" HPOS="340"/>
<SP HEIGHT="53" WIDTH="31" VPOS="2984" HPOS="582"/>
<String CONTENT="in" HEIGHT="52" WIDTH="60" VPOS="2984" HPOS="614"/>
<SP HEIGHT="34" WIDTH="31" VPOS="3002" HPOS="675"/>
<String CONTENT="marriage" HEIGHT="69" WIDTH="287" VPOS="2984" HPOS="707"/>
<SP HEIGHT="69" WIDTH="42" VPOS="2984" HPOS="995"/>
<String CONTENT="(the" HEIGHT="69" WIDTH="124" VPOS="2984" HPOS="1038"/>
<SP HEIGHT="34" WIDTH="33" VPOS="3003" HPOS="1163"/>
<String CONTENT="art" HEIGHT="47" WIDTH="91" VPOS="2991" HPOS="1197"/>
<SP HEIGHT="47" WIDTH="32" VPOS="2991" HPOS="1289"/>
<String CONTENT="of" HEIGHT="54" WIDTH="65" VPOS="2984" HPOS="1322"/>
<SP HEIGHT="54" WIDTH="31" VPOS="2984" HPOS="1388"/>
<String CONTENT="maintaining" HEIGHT="72" WIDTH="388" VPOS="2986" HPOS="1420"/>
<SP HEIGHT="66" WIDTH="31" VPOS="2992" HPOS="1809"/>
<String CONTENT="love" HEIGHT="52" WIDTH="125" VPOS="2992" HPOS="1841"/>
<SP HEIGHT="34" WIDTH="36" VPOS="3011" HPOS="1967"/>
<String CONTENT="and" HEIGHT="52" WIDTH="108" VPOS="2994" HPOS="2004"/>
</TextLine>
<TextLine HEIGHT="79" WIDTH="1997" VPOS="3061" HPOS="123" STYLEREFS="StyleId-72CE3FEF-CE25-4EC0-A161-1D359E8C2F1E-" CS="1">
<String CONTENT="happiness" HEIGHT="68" WIDTH="307" VPOS="3061" HPOS="123"/>
<SP HEIGHT="53" WIDTH="29" VPOS="3061" HPOS="431"/>
<String CONTENT="in" HEIGHT="52" WIDTH="60" VPOS="3061" HPOS="461"/>
<SP HEIGHT="34" WIDTH="30" VPOS="3079" HPOS="522"/>
<String CONTENT="marriage)" HEIGHT="70" WIDTH="313" VPOS="3061" HPOS="553"/>
<SP HEIGHT="70" WIDTH="49" VPOS="3061" HPOS="867"/>
<String CS="1" CONTENT="&#8230;"/>
<SP HEIGHT="52" WIDTH="35" VPOS="3062" HPOS="973"/>
<String CONTENT="by" HEIGHT="68" WIDTH="77" VPOS="3062" HPOS="1009"/>
<SP HEIGHT="67" WIDTH="31" VPOS="3063" HPOS="1087"/>
<String CONTENT="Bernard" HEIGHT="53" WIDTH="263" VPOS="3063" HPOS="1119"/>
<SP HEIGHT="53" WIDTH="31" VPOS="3063" HPOS="1383"/>
<String CONTENT="Bernard" HEIGHT="53" WIDTH="261" VPOS="3065" HPOS="1415"/>
<SP HEIGHT="53" WIDTH="37" VPOS="3066" HPOS="1677"/>
<String CS="1" CONTENT="&#8230;"/>
<SP HEIGHT="55" WIDTH="74" VPOS="3068" HPOS="1773"/>
<String CONTENT="Chicago," HEIGHT="72" WIDTH="272" VPOS="3068" HPOS="1848"/>
</TextLine>
<TextLine HEIGHT="70" WIDTH="1116" VPOS="3137" HPOS="123" STYLEREFS="StyleId-72CE3FEF-CE25-4EC0-A161-1D359E8C2F1E-" CS="1">
<String CONTENT="Health" HEIGHT="53" WIDTH="218" VPOS="3138" HPOS="123"/>
<SP HEIGHT="52" WIDTH="23" VPOS="3139" HPOS="342"/>
<String CONTENT="and" HEIGHT="53" WIDTH="113" VPOS="3139" HPOS="366"/>
<SP HEIGHT="53" WIDTH="21" VPOS="3139" HPOS="480"/>
<String CONTENT="life" HEIGHT="54" WIDTH="107" VPOS="3137" HPOS="502"/>
<SP HEIGHT="49" WIDTH="20" VPOS="3157" HPOS="610"/>
<String CONTENT="publications" HEIGHT="67" WIDTH="382" VPOS="3139" HPOS="631"/>
<SP HEIGHT="48" WIDTH="30" VPOS="3159" HPOS="1014"/>
<String CS="1" CONTENT="["/>
<String STYLE="superscript" CONTENT="c" HEIGHT="22" WIDTH="18" VPOS="3145" HPOS="1064"/>
<String CONTENT="1926]" HEIGHT="66" WIDTH="152" VPOS="3141" HPOS="1087"/>
</TextLine>
<TextLine HEIGHT="49" WIDTH="331" VPOS="3219" HPOS="193">
<String CONTENT="218" HEIGHT="40" WIDTH="87" VPOS="3219" HPOS="193"/>
<SP HEIGHT="49" WIDTH="22" VPOS="3219" HPOS="281"/>
<String CONTENT="p." HEIGHT="37" WIDTH="44" VPOS="3231" HPOS="304"/>
<SP HEIGHT="40" WIDTH="57" VPOS="3220" HPOS="349"/>
<String CONTENT="19" HEIGHT="41" WIDTH="56" VPOS="3219" HPOS="407"/>
<String STYLE="superscript" CONTENT="cm" HEIGHT="21" WIDTH="45" VPOS="3222" HPOS="465"/>
<String CONTENT="." HEIGHT="10" WIDTH="10" VPOS="3251" HPOS="514"/>
</TextLine>
<TextLine HEIGHT="41" WIDTH="420" VPOS="3275" HPOS="196">
<String CONTENT="&#8220;Fifth" HEIGHT="39" WIDTH="168" VPOS="3276" HPOS="196"/>
<SP HEIGHT="39" WIDTH="25" VPOS="3276" HPOS="365"/>
<String CONTENT="edition.&#8221;" HEIGHT="41" WIDTH="225" VPOS="3275" HPOS="391"/>
</TextLine>
<TextLine HEIGHT="109" WIDTH="1975" VPOS="3326" HPOS="126" CS="1">
<String CONTENT="&#169;" HEIGHT="54" WIDTH="53" VPOS="3326" HPOS="126"/>
<SP HEIGHT="54" WIDTH="33" VPOS="3326" HPOS="180"/>
<String CONTENT="Sept." HEIGHT="47" WIDTH="128" VPOS="3332" HPOS="214"/>
<SP HEIGHT="40" WIDTH="30" VPOS="3332" HPOS="343"/>
<String CONTENT="20," HEIGHT="48" WIDTH="69" VPOS="3331" HPOS="374"/>
<SP HEIGHT="46" WIDTH="31" VPOS="3333" HPOS="444"/>
<String CS="1" CONTENT="1926;" HEIGHT="39" WIDTH="114" VPOS="3332" HPOS="476"/>
<SP HEIGHT="46" WIDTH="34" VPOS="3332" HPOS="616"/>
<String CONTENT="2c." HEIGHT="40" WIDTH="67" VPOS="3332" HPOS="651"/>
<SP HEIGHT="38" WIDTH="31" VPOS="3334" HPOS="719"/>
<String CONTENT="Dec." HEIGHT="38" WIDTH="112" VPOS="3334" HPOS="751"/>
<SP HEIGHT="39" WIDTH="32" VPOS="3333" HPOS="864"/>
<String CS="1" CONTENT="6;" HEIGHT="39" WIDTH="26" VPOS="3333" HPOS="897"/>
<SP HEIGHT="37" WIDTH="35" VPOS="3343" HPOS="949"/>
<String CONTENT="aff." HEIGHT="40" WIDTH="82" VPOS="3333" HPOS="985"/>
<SP HEIGHT="39" WIDTH="33" VPOS="3334" HPOS="1068"/>
<String CONTENT="Dec." HEIGHT="39" WIDTH="112" VPOS="3334" HPOS="1102"/>
<SP HEIGHT="38" WIDTH="30" VPOS="3335" HPOS="1215"/>
<String CS="1" CONTENT="4;" HEIGHT="38" WIDTH="27" VPOS="3335" HPOS="1246"/>
<SP HEIGHT="47" WIDTH="33" VPOS="3334" HPOS="1301"/>
<!-- cceid 060F0BEB-6E1B-1014-9B7B-CA07F191E62B --><String CONTENT="A" HEIGHT="39" WIDTH="41" VPOS="3334" HPOS="1335"/>
<SP HEIGHT="41" WIDTH="30" VPOS="3334" HPOS="1377"/>
<String CS="1" CONTENT="957488;" HEIGHT="41" WIDTH="174" VPOS="3336" HPOS="1408"/>
<SP HEIGHT="45" WIDTH="35" VPOS="3339" HPOS="1609"/>
<String CONTENT="B." HEIGHT="40" WIDTH="53" VPOS="3339" HPOS="1645"/>
<SP HEIGHT="38" WIDTH="33" VPOS="3341" HPOS="1699"/>
<String CONTENT="Bernard," HEIGHT="46" WIDTH="235" VPOS="3341" HPOS="1733"/>
<SP HEIGHT="42" WIDTH="35" VPOS="3345" HPOS="1969"/>
<String CONTENT="Sausalito," HEIGHT="90" WIDTH="1904" VPOS="3345" HPOS="197"/>
</TextLine>
<TextLine HEIGHT="48" WIDTH="465" VPOS="3387" HPOS="387">
<String CONTENT="Calif." HEIGHT="41" WIDTH="144" VPOS="3387" HPOS="387"/>
<SP HEIGHT="47" WIDTH="68" VPOS="3388" HPOS="532"/>
<String CONTENT="(27-1501)" HEIGHT="48" WIDTH="251" VPOS="3387" HPOS="601"/>
</TextLine>
<TextLine HEIGHT="63" WIDTH="706" VPOS="3481" HPOS="127" STYLEREFS="StyleId-72CE3FEF-CE25-4EC0-A161-1D359E8C2F1E-">
<String CONTENT="Biernatzki," HEIGHT="62" WIDTH="362" VPOS="3482" HPOS="127"/>
<SP HEIGHT="61" WIDTH="32" VPOS="3483" HPOS="490"/>
<String CONTENT="Reinhart." HEIGHT="54" WIDTH="310" VPOS="3481" HPOS="523"/>
</TextLine>
<TextLine HEIGHT="76" WIDTH="1856" VPOS="3559" HPOS="264" STYLEREFS="StyleId-72CE3FEF-CE25-4EC0-A161-1D359E8C2F1E-" CS="1">
<String LANG="en-US" CS="1" CONTENT="&#8230;"/>
<SP HEIGHT="52" WIDTH="49" VPOS="3560" HPOS="264"/>
<String LANG="de" CONTENT="Kant" HEIGHT="52" WIDTH="162" VPOS="3560" HPOS="314"/>
<SP HEIGHT="47" WIDTH="41" VPOS="3565" HPOS="477"/>
<String LANG="de" CONTENT="und" HEIGHT="52" WIDTH="118" VPOS="3560" HPOS="519"/>
<SP HEIGHT="52" WIDTH="45" VPOS="3560" HPOS="638"/>
<String LANG="en-US" CONTENT="die" HEIGHT="53" WIDTH="92" VPOS="3559" HPOS="684"/>
<SP HEIGHT="52" WIDTH="39" VPOS="3560" HPOS="777"/>
<String LANG="de" CONTENT="h&#246;chsten" HEIGHT="53" WIDTH="273" VPOS="3560" HPOS="817"/>
<SP HEIGHT="51" WIDTH="42" VPOS="3578" HPOS="1091"/>
<String LANG="de" CONTENT="g&#252;ter" HEIGHT="65" WIDTH="167" VPOS="3564" HPOS="1134"/>
<SP HEIGHT="52" WIDTH="44" VPOS="3563" HPOS="1302"/>
<String LANG="de" CONTENT="der" HEIGHT="53" WIDTH="99" VPOS="3563" HPOS="1347"/>
<SP HEIGHT="33" WIDTH="43" VPOS="3583" HPOS="1447"/>
<String LANG="en-US" CONTENT="religion" HEIGHT="69" WIDTH="243" VPOS="3566" HPOS="1491"/>
<SP HEIGHT="35" WIDTH="42" VPOS="3587" HPOS="1735"/>
<String LANG="de" CONTENT="nach" HEIGHT="52" WIDTH="146" VPOS="3572" HPOS="1778"/>
<SP HEIGHT="54" WIDTH="44" VPOS="3572" HPOS="1925"/>
<String LANG="en-US" CONTENT="Paul" HEIGHT="54" WIDTH="150" VPOS="3574" HPOS="1970"/>
</TextLine>
<TextLine HEIGHT="147" WIDTH="1964" VPOS="3637" HPOS="131" STYLEREFS="StyleId-72CE3FEF-CE25-4EC0-A161-1D359E8C2F1E-" CS="1">
<String LANG="en-US" CONTENT="Deussen," HEIGHT="67" WIDTH="272" VPOS="3638" HPOS="131"/>
<SP HEIGHT="49" WIDTH="36" VPOS="3656" HPOS="404"/>
<String LANG="de" CONTENT="mit" HEIGHT="51" WIDTH="105" VPOS="3638" HPOS="441"/>
<SP HEIGHT="47" WIDTH="36" VPOS="3642" HPOS="547"/>
<String LANG="de" CONTENT="einem" HEIGHT="52" WIDTH="181" VPOS="3637" HPOS="584"/>
<SP HEIGHT="51" WIDTH="37" VPOS="3638" HPOS="766"/>
<String LANG="en-US" CONTENT="Deussen-bildnis" HEIGHT="55" WIDTH="494" VPOS="3638" HPOS="804"/>
<SP HEIGHT="35" WIDTH="37" VPOS="3658" HPOS="1299"/>
<String LANG="de" CONTENT="und" HEIGHT="52" WIDTH="117" VPOS="3642" HPOS="1337"/>
<SP HEIGHT="53" WIDTH="38" VPOS="3642" HPOS="1455"/>
<String LANG="de" CONTENT="einer" HEIGHT="54" WIDTH="153" VPOS="3643" HPOS="1494"/>
<SP HEIGHT="34" WIDTH="38" VPOS="3663" HPOS="1648"/>
<String LANG="de" CS="1" CONTENT="vorlesungsank&#252;ndigung" HEIGHT="135" WIDTH="1964" VPOS="3649" HPOS="131"/>
</TextLine>
<TextLine HEIGHT="79" WIDTH="1473" VPOS="3714" HPOS="506" STYLEREFS="StyleId-72CE3FEF-CE25-4EC0-A161-1D359E8C2F1E-" LANG="de">
<String CONTENT="aus" HEIGHT="33" WIDTH="98" VPOS="3734" HPOS="506"/>
<SP HEIGHT="33" WIDTH="31" VPOS="3734" HPOS="605"/>
<String CONTENT="seiner" HEIGHT="52" WIDTH="182" VPOS="3715" HPOS="637"/>
<SP HEIGHT="52" WIDTH="31" VPOS="3714" HPOS="820"/>
<String CONTENT="feder." HEIGHT="53" WIDTH="176" VPOS="3714" HPOS="852"/>
<SP HEIGHT="51" WIDTH="67" VPOS="3716" HPOS="1029"/>
<String CONTENT="Hamburg," HEIGHT="72" WIDTH="322" VPOS="3716" HPOS="1097"/>
<SP HEIGHT="67" WIDTH="35" VPOS="3719" HPOS="1420"/>
<String CONTENT="C." HEIGHT="55" WIDTH="61" VPOS="3719" HPOS="1456"/>
<SP HEIGHT="52" WIDTH="32" VPOS="3722" HPOS="1518"/>
<String CONTENT="Boysen," HEIGHT="71" WIDTH="244" VPOS="3722" HPOS="1551"/>
<SP HEIGHT="63" WIDTH="32" VPOS="3730" HPOS="1796"/>
<String CONTENT="1926." HEIGHT="51" WIDTH="150" VPOS="3730" HPOS="1829"/>
</TextLine>
<TextLine HEIGHT="51" WIDTH="1125" VPOS="3797" HPOS="198" LANG="de" CS="1">
<String CONTENT="2" HEIGHT="39" WIDTH="27" VPOS="3800" HPOS="198"/>
<SP HEIGHT="48" WIDTH="24" VPOS="3800" HPOS="226"/>
<String CONTENT="p." HEIGHT="37" WIDTH="43" VPOS="3811" HPOS="251"/>
<SP HEIGHT="39" WIDTH="22" VPOS="3801" HPOS="295"/>
<String CS="1" CONTENT="l.,"/>
<SP HEIGHT="37" WIDTH="25" VPOS="3810" HPOS="363"/>
<String CONTENT="vii-xvi," HEIGHT="46" WIDTH="196" VPOS="3798" HPOS="389"/>
<SP HEIGHT="46" WIDTH="27" VPOS="3798" HPOS="586"/>
<String CONTENT="94" HEIGHT="40" WIDTH="56" VPOS="3798" HPOS="614"/>
<SP HEIGHT="48" WIDTH="24" VPOS="3798" HPOS="671"/>
<String CONTENT="p." HEIGHT="37" WIDTH="43" VPOS="3809" HPOS="696"/>
<SP HEIGHT="37" WIDTH="53" VPOS="3809" HPOS="740"/>
<String LANG="en-US" CONTENT="port.," HEIGHT="46" WIDTH="139" VPOS="3800" HPOS="794"/>
<SP HEIGHT="47" WIDTH="25" VPOS="3797" HPOS="934"/>
<String CONTENT="facsim." HEIGHT="43" WIDTH="192" VPOS="3797" HPOS="960"/>
<SP HEIGHT="41" WIDTH="51" VPOS="3799" HPOS="1153"/>
<String CONTENT="23" HEIGHT="41" WIDTH="58" VPOS="3799" HPOS="1205"/>
<String STYLE="superscript" CONTENT="cm" HEIGHT="22" WIDTH="45" VPOS="3802" HPOS="1265"/>
<String CONTENT="." HEIGHT="10" WIDTH="9" VPOS="3832" HPOS="1314"/>
</TextLine>
<TextLine HEIGHT="59" WIDTH="1921" VPOS="3854" HPOS="200" LANG="de">
<String CONTENT="Inaug.-diss.&#8212;K&#246;nigsberg" HEIGHT="50" WIDTH="674" VPOS="3854" HPOS="200"/>
<SP HEIGHT="47" WIDTH="34" VPOS="3856" HPOS="875"/>
<String LANG="en-US" CONTENT="(under" HEIGHT="47" WIDTH="177" VPOS="3856" HPOS="910"/>
<SP HEIGHT="37" WIDTH="26" VPOS="3858" HPOS="1088"/>
<String CONTENT="title" HEIGHT="42" WIDTH="108" VPOS="3856" HPOS="1115"/>
<SP HEIGHT="40" WIDTH="27" VPOS="3858" HPOS="1224"/>
<String CONTENT="Kants" HEIGHT="41" WIDTH="161" VPOS="3858" HPOS="1252"/>
<SP HEIGHT="29" WIDTH="26" VPOS="3870" HPOS="1414"/>
<String CONTENT="erkenntnislehre" HEIGHT="46" WIDTH="422" VPOS="3861" HPOS="1441"/>
<SP HEIGHT="40" WIDTH="23" VPOS="3867" HPOS="1864"/>
<String CONTENT="in" HEIGHT="41" WIDTH="52" VPOS="3867" HPOS="1888"/>
<SP HEIGHT="40" WIDTH="24" VPOS="3869" HPOS="1941"/>
<String CONTENT="ihrem" HEIGHT="44" WIDTH="155" VPOS="3869" HPOS="1966"/>
</TextLine>
<TextLine HEIGHT="55" WIDTH="1368" VPOS="3911" HPOS="160" CS="1">
<String LANG="de" CS="1" CONTENT="zusammenhang" HEIGHT="47" WIDTH="381" VPOS="3913" HPOS="160"/>
<SP HEIGHT="37" WIDTH="26" VPOS="3923" HPOS="542"/>
<String LANG="de" CONTENT="mit" HEIGHT="39" WIDTH="89" VPOS="3912" HPOS="569"/>
<SP HEIGHT="38" WIDTH="28" VPOS="3913" HPOS="659"/>
<String LANG="de" CONTENT="den" HEIGHT="38" WIDTH="91" VPOS="3913" HPOS="688"/>
<SP HEIGHT="40" WIDTH="28" VPOS="3911" HPOS="780"/>
<String LANG="de" CONTENT="hauptwerten" HEIGHT="49" WIDTH="342" VPOS="3911" HPOS="809"/>
<SP HEIGHT="39" WIDTH="29" VPOS="3914" HPOS="1152"/>
<String LANG="de" CONTENT="der" HEIGHT="40" WIDTH="86" VPOS="3914" HPOS="1182"/>
<SP HEIGHT="28" WIDTH="28" VPOS="3925" HPOS="1269"/>
<String LANG="en-US" CONTENT="religion)" HEIGHT="52" WIDTH="230" VPOS="3914" HPOS="1298"/>
</TextLine>
</TextBlock>
</PrintSpace>
</Page>
</Layout>
</alto>