2542 4285
1348 3987 146 56 1462

429 346 254 71 Parker,
717 345 107 59 Sir
856 343 255 69 Gilbert,
1190 347 115 54 bart.

506 439 199 54 There
738 437 53 57 is
825 437 102 56 the
958 438 176 54 man!
1221 435 209 73 [chap.]
1467 435 202 55 10-16.

501 516 79 49 (In
613 516 182 49 Argosy
830 513 255 52 magazine,
1119 514 121 51 Jan.,
1278 513 128 51 1927)

428 567 1221 55 © 1c. Dec. 9, 1926; A ad int. 8813; pubd. Dec.
1678 567 50 52 3;
1760 566 73 46 Sir
1862 567 51 43 G.
1944 568 185 49 Parker,
2162 567 198 43 London.

428 684 305 73 Penitent,
772 682 252 60 Marcel.

505 777 310 56 Flammes
872 778 229 68 vertes,
1162 794 247 52 poèmes
1471 776 74 56 de
1606 774 235 57 Marcel
1900 773 322 72 Penitent;
2283 772 133 58 bois

428 873 222 53 graves
683 855 73 56 de
786 852 190 58 Louis
1012 853 277 56 Moreau.
1362 852 205 72 Paris,
1601 852 64 56 L.
1701 852 239 56 Avenel
1975 852 181 73 [1926]

499 928 1177 54 5 p. l., 13-185 p., 1 1. incl. plates, port. 22 cm .
427 984 1934 56 © Oct. 20, 1926; 1c. Nov. 19; A—Foreign 32282; Marcel Penitent, Paris.
506 1043 268 57 (26-24153)

427 1131 286 72 Railway
747 1129 283 74 training
1063 1129 304 71 institute,
1408 1129 289 73 Chicago.

571 1220 1723 73 … Car shop practice; a practical textbook for the
429 1221 1968 136 instruction
770 1299 67 56 of
871 1299 367 71 mechanics,
1276 1299 267 71 helpers,
1583 1299 121 56 and
1743 1298 395 71 apprentices

2175 1299 65 56 in
425 1299 1972 150 railway
600 1396 104 38 car
741 1378 450 70 departments,
1228 1376 318 72 including
1584 1396 104 37 car
1724 1376 283 72 building
2045 1378 124 56 and
2208 1378 211 70 repair

429 1455 207 71 shops,
672 1458 129 69 etc.,
833 1456 316 69 prepared
1180 1455 197 56 under
1411 1454 102 57 the
1551 1453 394 72 supervision
1978 1455 126 57 and
2132 1455 153 57 with
2316 1455 103 58 the

429 1533 307 71 approval
773 1533 67 56 of
876 1551 81 37 an
993 1532 292 57 editorial
1323 1531 300 72 advisory
1657 1532 198 57 board

428 1531 1967 151 of railway mechanical officials … v. 2. Chicago, Railway training
429 1611 1968 134 institute
680 1719 13 43 [
694 1694 19 22 c
717 1687 165 76 1926]

494 1764 82 43 462
602 1778 39 38 p.
704 1763 130 52 illus.,
863 1762 157 52 tables,
1051 1764 165 51 diagrs.
1277 1763 53 42 22½
1365 1765 46 18 cm
1418 1798 7 8 .
1496 1763 231 54 (Railway
1760 1763 184 53 library,
1976 1763 201 45 Thomas

426 1766 1973 108 H. Russell, M . A ., editor-in-chief)
426 1876 53 53 ©
508 1878 108 43 Dec.
648 1879 36 51 1,
715 1877 129 53 1926;
872 1878 64 43 2c.
966 1878 109 43 Dec.
1107 1879 73 50 11;
1212 1878 77 42 aff.
1319 1878 108 43 Dec.
1457 1878 48 51 9;
1538 1880 44 41 A
1610 1875 186 55 958301;
1831 1877 206 55 Railway
2067 1880 199 53 training
495 1880 1904 100 institute.

573 2021 1850 72 … Smith shop practice; a practical textbook for the
429 2099 376 58 instruction
834 2101 66 57 of
926 2099 424 72 blacksmiths,
1381 2099 163 58 their
1574 2099 267 74 helpers,
1874 2101 122 57 and
2026 2102 398 71 apprentices

429 2178 64 57 in
535 2178 261 71 railway
837 2178 264 71 employ,
1146 2179 124 56 and
1312 2178 211 59 others
1569 2177 343 59 interested
1954 2179 64 58 in
2060 2180 104 57 the

430 2198 1970 117 operation
590 2257 67 61 of
682 2257 181 72 forge
891 2257 123 56 and
1042 2255 277 72 foundry
1348 2254 375 73 equipment,
1749 2258 315 70 prepared
2093 2259 199 57 under
2321 2259 103 57 the

431 2333 395 73 supervision
872 2335 123 57 and
1040 2333 150 58 with
1238 2335 104 57 the
1390 2335 306 70 approval
1742 2334 67 58 of
1855 2354 80 38 an
1982 2335 292 58 editorial
428 2336 1973 149 advisory

688 2414 198 57 board
937 2411 68 59 of
1052 2412 262 72 railway
1359 2411 381 59 mechanical
1788 2412 267 60 officials.
2134 2412 289 74 Chicago,

430 2492 283 71 Railway
742 2490 281 73 training
1055 2489 287 58 institute
1382 2518 13 43 [
1399 2499 16 21 c
1419 2490 163 73 1926]

499 2569 81 45 446
618 2584 39 38 p.
719 2568 129 52 illus.,
890 2567 164 54 diagrs.
1115 2568 54 43 22½
1203 2569 46 18 cm
1257 2602 8 8 .
1333 2567 235 55 (Railway
1609 2567 183 55 library,
1833 2567 53 45 T.
1928 2569 61 43 H.
2033 2567 193 54 Russell,
2315 2603 8 9 M.
2401 2603 24 16 A.,

429 2625 384 55 editor-in-chief)

426 2682 53 53 ©
509 2685 107 42 Dec.
646 2684 36 50 3,
717 2683 128 51 1926;
873 2683 66 42 2c.
970 2683 105 42 Dec.
1110 2683 74 51 11;
1215 2682 77 43 aff.
1323 2682 108 43 Dec.
1461 2683 51 51 9;
1542 2682 42 42 A
1613 2680 187 55 958303;
1833 2682 204 53 Railway
2068 2682 197 54 training
496 2681 1903 104 institute.
671 2740 269 55 (26-23207)

573 2825 1850 74 … Train operation practice; the organization of trains,
429 2906 103 57 the
577 2905 205 58 forces
833 2905 333 72 operating
1212 2905 186 69 them,
1449 2903 164 58 their
1659 2902 258 75 heating
1966 2906 122 57 and
2135 2904 288 74 lighting,

430 2985 121 56 and
578 2983 102 59 the
712 2983 236 73 signals
979 2984 122 56 and
1129 2983 165 57 rules
1324 2983 123 57 and
1475 2982 385 72 regulations
1888 2981 346 75 governing
2259 2983 165 58 their

428 3066 366 66 movement,
849 3061 318 72 including
1224 3060 451 61 examinations
1738 3060 349 73 (questions
2142 3062 122 57 and
431 3081 1967 131 answers)
716 3141 102 56 for

878 3138 1546 74 conductors, engineers [etc.] … Prepared
428 3219 198 57 under
666 3219 103 57 the
810 3218 397 71 supervision
1245 3218 122 57 and
1402 3216 151 57 with
1590 3217 103 57 the
1732 3218 307 70 approval
2078 3216 67 58 of
2182 3237 80 37 an

430 3215 1969 140 editorial
674 3296 298 71 advisory
1026 3296 198 61 board
1281 3293 67 59 of
1404 3295 262 72 railway
1716 3294 382 58 mechanical
2154 3294 267 58 officials.

432 3375 286 73 Chicago,
754 3374 286 72 Railway
1071 3373 281 73 training
1384 3373 287 58 institute
1708 3402 14 43 [
1723 3383 18 21 c
1745 3375 163 72 1926]

498 3451 81 46 470
618 3467 39 38 p.
719 3452 114 44 illus.
862 3452 126 53 (part
1025 3450 112 54 col.)
1186 3450 96 45 fold.
1336 3450 140 53 plates
1503 3450 18 54 (part.
1668 3449 109 55 col.)
1827 3449 167 54 diagrs.
2052 3450 55 42 22½
2141 3451 46 18 cm
2195 3482 8 9 .
431 3448 1970 115 (Railway
557 3511 183 51 library,

769 3507 53 46 T.
853 3510 60 42 H.
943 3508 194 53 Russell,
1212 3546 8 7 M.
1287 3544 25 17 A.,
1339 3506 382 55 editor-in-chief)

426 3566 53 53 ©
506 3568 115 43 Nov.
649 3565 64 49 25,
742 3566 130 51 1926;
898 3566 64 44 2c.
989 3566 108 43 Dec.
1126 3567 74 50 11;
1228 3566 78 42 aff.
1334 3564 107 44 Dec.
1468 3565 50 52 9;
1546 3566 44 41 A
1616 3563 189 53 958306;
1834 3563 207 53 Railway

2068 3563 198 53 training
494 3562 1903 107 institute.
668 3623 269 56 (26-23210)

431 3705 1988 151 … Welding practice; a practical textbook for the instruction of welders, their helpers, and apprentices in
429 3865 261 72 railway
733 3865 261 71 employ,
1041 3865 122 56 and
1204 3864 210 58 others
1456 3863 345 58 interested
1842 3863 68 56 in
1949 3863 104 57 the
2093 3859 329 74 operation
