2542 4285
0 0 0 0 823
72 334 393 68 Sutherland,
502 335 180 57 Joan.

145 427 281 55 Divorce.
513 424 384 73 [Instalment
935 424 49 72 3]

142 518 76 49 (In
255 517 143 40 Novel
430 515 254 51 magazine,
718 515 130 49 Aug.,
886 513 126 50 1926)

67 580 1980 58 © 1c. Sept. 18,. 1926; A ad int. 8533; pubd. July 22; J. Sutherland, London.
67 699 225 70 Tague,
335 698 215 72 Edgar
585 696 267 57 Lemuel.

69 783 1981 154 Casein, its preparation, chemistry and technical utilization, by E. L. Tague … New York, D. Van Nostrand
69 961 318 53 company,
420 943 162 56 1926.

166 1067 9 17 v,
196 1033 84 43 218
300 1046 39 39 p.
399 1032 129 52 illus.,
550 1032 167 52 diagrs.
775 1031 53 44 20½
864 1035 16 17 cm
1040 1030 123 52 $3.00

141 1089 324 54 Bibliography
482 1105 8 27 :
525 1103 37 38 p.
583 1088 204 44 206-213.

67 1146 55 52 ©
149 1147 106 52 July
284 1148 61 50 10,
377 1146 125 50 1926;
532 1147 61 41 2c.
622 1145 105 52 July
759 1145 71 50 16;
863 1145 77 43 aff.
969 1144 105 52 July
1106 1143 72 51 17;
1212 1145 40 40 A
1282 1142 188 52 901158;
1504 1145 54 41 D.
1592 1145 98 41 Van
1724 1145 232 42 Nostrand
1986 1159 63 28 co.

147 1202 267 55 (26-13838)

67 1301 380 58 Theocritus.

144 1394 127 56 The
316 1392 201 60 Greek
557 1391 194 71 idyls;
793 1391 337 71 pastorals,
1177 1409 205 52 songs,
1426 1391 237 69 mimes,
1705 1391 176 71 tales,
65 1389 1965 154 epigrams
328 1471 68 56 of
446 1468 386 70 Theocritus,
883 1468 178 71 Bion,
1114 1467 311 71 Moschus,
1478 1467 305 57 rendered
1834 1468 64 55 in
64 1486 1965 134 appropriate
438 1546 264 73 English
746 1545 408 58 verse-forms
1202 1546 82 69 by
1332 1545 249 56 Marion
1628 1546 167 57 Mills
1847 1545 206 57 Miller

131 1622 1923 70 … with a critical introduction by David Moore Robinson
132 1700 1806 74 … Lexington, Ky., The Maxwelton company, 1926.
205 1776 654 57 xx, 338 p. incl. front. 25 cm .
137 1837 243 44 “Author’s
426 1835 307 53 autographed
778 1834 181 44 edition.
1036 1833 112 44 This
1195 1832 166 44 edition
1406 1833 194 43 consists
1645 1834 49 42 of
1741 1832 79 44 500
1866 1832 188 53 copies.”

66 1895 110 44 This
206 1909 114 38 copy
347 1900 78 37 not
454 1893 255 43 numbered.

137 1951 230 46 “Selected
399 1948 341 54 bibliography”
757 1964 9 28 :
801 1963 39 37 p.
872 1948 150 43 21-22.

66 2007 54 53 ©
146 2008 105 53 July
282 2010 32 48 1,
346 2008 128 51 1926;
501 2008 63 41 2c.
593 2005 105 53 July
729 2007 16 40 1;
803 2005 77 42 aff.
908 2004 105 52 July
1038 2005 51 49 2;
1120 2004 42 41 A
1190 2003 188 50 891993;
1411 2003 281 43 Maxwelton
1719 2018 64 28 co.

147 2064 267 56 (26-13804)

70 2164 285 73 Tinayre,
387 2165 181 56 Mme.
599 2159 310 69 Marcelle,
945 2163 187 56 1877-

205 2248 1846 76 … Figures dans la nuit. Paris, Calmann-Lévy, 1926.
131 2333 27 42 2
181 2344 42 39 p.
281 2364 10 19 l.,
317 2328 45 54 ii,
387 2327 93 54 271,
509 2330 52 45 [2]
591 2343 41 39 p.
690 2328 49 43 19
746 2329 16 17 cm
800 2363 8 8 .

66 2382 1690 117 © June 9, 1926; 1c. June 21; A—Foreign 31319; Calmann-Lévy. (26-14329)
68 2543 454 71 T’Serstevens,
551 2542 75 57 A.

210 2632 1843 73 … Béni Ier, roi de Paris, roman. Paris, A. Michel
83 2713 168 57 [ c 1926]
131 2787 94 53 251,
258 2788 53 56 [2]
343 2802 40 39 p.
447 2788 50 43 18½
530 2790 15 17 cm
581 2821 9 10 .

67 2842 1647 114 © May 3, 1926; 1c. June 21; A—Foreign 31276; Albin Michel. (26-14288)
66 3001 73 57 U.
182 3001 62 58 S.
322 3002 300 71 Supreme
665 3005 190 53 court.

148 3091 190 59 Cases
383 3091 316 72 adjudged
740 3093 66 55 in
847 3091 102 57 the
997 3092 302 70 Supreme
1344 3096 175 52 court
1563 3092 68 56 of
1672 3092 102 56 the
1818 3091 235 58 United

71 3170 229 57 States.
368 3169 230 57 Official
626 3170 90 56 ed.
747 3169 260 71 reprint.
1078 3168 377 72 Containing
1480 3169 198 57 briefs
1708 3170 68 55 of
1805 3170 249 56 counsel

78 3247 237 70 (points
348 3248 122 55 and
498 3245 428 73 authorities),
957 3249 367 54 statements
1358 3247 65 56 of
1453 3266 191 52 cases,
1676 3247 121 56 and
1831 3246 222 72 syllabi

70 3324 66 56 of
165 3324 101 56 the
298 3343 173 37 cases
500 3324 79 71 by
609 3324 102 56 the
742 3324 215 56 official
987 3328 303 67 reporter,
1361 3344 55 36 v.
1452 3325 108 55 181
1591 3328 61 52 to
1687 3325 107 55 191
72 3324 1957 147 (inclusive)
348 3401 595 72 Photographically
999 3403 387 69 reproduced
1438 3401 167 56 from
1657 3402 103 55 the
1819 3401 232 57 Official

70 3478 232 57 edition
332 3478 150 56 with
514 3479 101 56 the
651 3478 217 57 official
896 3478 370 72 pagination
1298 3479 68 56 of
1400 3479 148 56 each
1578 3479 242 57 volume
1854 3480 197 57 under

68 3555 1916 71 the editorial supervision of William Edward Baldwin …
71 3631 350 72 Cleveland,
465 3633 149 55 New
651 3633 188 72 York,
883 3634 128 55 The
1051 3633 289 57 Baldwin
1376 3634 121 55 law
1532 3634 159 56 book
1730 3653 320 54 company,

71 3711 162 55 1926.

184 3785 429 44 11 v. in l. 26½ cm .
69 3839 53 55 ©
151 3843 117 52 Aug.
296 3842 37 50 2,
369 3842 127 51 1926;
527 3842 60 43 2c.
618 3844 86 42 and
732 3844 77 42 aff.
841 3845 119 50 Aug.
990 3844 48 51 4;
1071 3844 43 41 A
1144 3843 187 52 897623;
1366 3844 203 44 Baldwin
1598 3845 85 44 law
1713 3847 119 42 book
1860 3861 80 35 co.,
1970 3847 82 43 inc.
