2542 4285
1285 4021 147 57 1442

375 399 364 70 Corscaden,
786 401 213 58 James
1040 399 237 69 Albert,
1325 402 188 57 1881-

450 490 269 73 History
747 491 218 72 taking
1000 491 124 57 and
1154 490 347 72 recording,
1533 491 83 71 by
1649 491 216 57 James
1898 490 74 57 A.
2011 490 353 58 Corscaden

442 568 1355 72 … New York, P. B. Hoeber, inc., 1926.
441 645 77 54 vii,
545 645 54 45 78
625 661 41 39 p.
729 646 51 45 19
784 647 47 19 cm
837 681 10 9 .

369 701 55 54 ©
450 704 117 43 Nov.
594 704 67 51 24,
691 702 128 52 1926;
848 704 64 41 2c.
940 703 87 43 and
1052 703 77 42 aff.
1156 703 111 42 Dec.
1295 703 49 51 3;
1373 703 44 42 A
1444 700 190 54 957410;

1666 702 113 43 Paul
1808 702 50 44 B.
1887 702 197 52 Hoeber,
2114 701 82 44 inc.

450 760 268 54 (26-23146)

374 858 164 73 Cort,
584 858 282 60 William
907 858 259 72 Walter,
1215 861 187 57 1887-

450 950 381 58 Researches
868 970 78 37 on
979 950 357 58 bookworm
1367 949 67 57 in
1473 949 215 71 China,
1726 949 372 74 embodying
2132 951 103 58 the
376 970 1965 116 results
580 1029 68 57 of

687 1029 105 56 the
836 1029 172 56 work
1050 1028 67 57 of
1159 1028 105 59 the
1311 1027 198 59 China
1552 1028 355 57 bookworm
1953 1028 412 72 commission,

373 1106 181 72 June,
607 1107 148 56 1923
800 1109 65 54 to
914 1106 369 70 November,
1331 1106 166 71 1924,
1544 1106 82 71 by
1671 1106 96 58 W.
1902 1152 10 10 W.
1967 1104 169 73 Cort,
2185 1107 61 58 J.
2293 1106 71 57 B.

374 1182 218 73 Grant,
634 1184 73 57 N.
750 1185 72 56 R.
868 1184 159 58 Stoll
1067 1185 124 57 and
1232 1184 179 57 other
1455 1184 465 57 collaborators.
2003 1183 362 71 Baltimore,

372 1262 146 73 Md.,
551 1263 164 56 1926.

445 1337 1922 56 1 p. l., v-ix, 398 p. incl. illus., maps, tables, diagrs. VII pl. 26½ cm . (The
373 1393 1543 57 American journal of hygiene … monographic series, no. 7)
445 1453 352 54 “Bibliography
836 1454 52 44 of
922 1453 267 44 bookworm
1228 1453 45 44 in
1316 1451 196 46 China”:
1554 1467 39 38 p.
1636 1452 212 52 106-113;
1889 1452 275 45 References
2201 1460 45 36 at
2284 1454 82 44 end

372 1512 50 44 of
452 1520 115 36 most
595 1512 52 44 of
672 1511 77 46 the
778 1510 220 53 chapters.

369 1567 53 54 ©
446 1569 117 43 Nov.
591 1570 36 50 1,
654 1568 129 52 1926;
808 1569 63 42 2c.
895 1568 87 42 and
1005 1567 78 43 aff.
1109 1567 117 43 Nov.
1253 1567 49 52 9;
1331 1567 43 42 A
1399 1564 187 54 950864;
1614 1566 243 44 American
1881 1566 181 53 journal
2084 1566 53 44 of
2158 1565 206 54 hygiene,

440 1625 258 45 Baltimore.
769 1622 270 56 (26-23145)

369 1725 214 68 Crane,
624 1724 293 73 Stephen.

447 1815 130 58 The
606 1816 173 57 work
812 1814 66 58 of
914 1815 277 71 Stephen
1225 1813 221 72 Crane,
1483 1815 208 57 edited
1721 1816 85 71 by
1833 1816 245 57 Wilson
2114 1815 249 58 Follett.

371 1913 89 56 [V.]
489 1896 87 54 11.
642 1893 315 72 Midnight
986 1893 299 72 sketches,
1315 1893 123 57 and
1464 1894 180 56 other
1664 1893 430 71 impressions.
368 1894 1970 135 Introduction
657 1972 84 71 by

782 1970 338 58 Sherwood
1160 1970 351 59 Anderson.
1593 1971 153 56 New
1784 1971 189 70 York,
2017 1971 229 58 Alfred
2287 1972 75 56 A.

367 2049 222 72 Knopf
628 2050 181 73 [1926]

500 2125 754 55 xv p., 2 l., 21-313, [1] p. 20 cm .
368 2181 53 54 ©
452 2184 106 43 Dec.
587 2183 40 52 2,
662 2183 129 51 1926;
825 2184 64 43 2c.
922 2184 86 42 and
1037 2183 79 43 aff.
1151 2183 107 43 Dec.
1292 2183 49 51 9;
1376 2183 44 42 A
1450 2181 188 55 957543;
1675 2183 165 44 Alfred
1872 2184 56 43 A.
1962 2184 172 53 Knopf,
2167 2186 82 43 inc.

367 2298 228 69 Dilnot,
634 2299 257 72 George.

446 2390 127 57 The
602 2409 145 37 man
775 2390 167 56 from
974 2390 298 58 Scotland
1299 2391 175 57 Yard.
1564 2391 209 75 [chap.]
1807 2394 87 69 29,
1929 2393 88 56 30.
368 2391 1971 149 [Conclusion]

445 2545 79 52 (In
554 2546 208 41 Premier
792 2547 257 51 magazine,
1084 2547 110 52 Oct.,
1229 2545 130 54 1926)

367 2599 1913 58 © 1c. Nov. 18, 1926; A ad int. 8758; pubd. Sept. 20; G. Dilnot, London.
366 2715 316 75 Dorgelès,
722 2717 262 73 Roland,
1026 2720 190 57 1886-

510 2809 1629 79 … Partir … roman. Paris, A. Michel [ c 1926]
434 2892 23 42 3
489 2904 40 37 p.
580 2925 22 15 l.,
636 2892 167 46 [9]-313
831 2905 55 36 p.,
916 2892 28 42 2
993 2926 8 8 l.
1064 2892 51 44 19
1120 2894 48 18 cm
1173 2926 9 10 .

365 2941 1677 57 © Sept. 15, 1926; 1c. Nov. 19; A—Foreign 32203; Albin Michel.
445 2999 269 57 (26-23880)

365 3100 255 70 Gerard,
657 3100 242 60 Louise.

444 3190 127 58 The
598 3191 163 58 fruit
792 3191 67 58 of
888 3192 195 58 Eden.
1171 3194 392 72 [Instalment
1592 3198 48 70 1]

442 3268 80 52 (In
550 3270 186 41 London
766 3268 192 54 People)

362 3322 1913 62 © 1c. Dec. 14, 1926; A ad int. 8836; pubd. Oct. 17; L· Gerard, London.
365 3401 210 74 Gillin,
616 3403 170 58 John
824 3404 217 73 Lewis,
1085 3409 188 57 1871-

363 3496 1972 152 … Poverty and dependency; their relief and prevention, by John
850 3577 1508 80 Lewis Gillin … Rev. ed. New York, The
365 3652 279 75 Century
678 3671 86 41 co.
802 3683 13 44 [
815 3662 21 22 c
838 3656 166 73 1926]

431 3747 46 34 x,
506 3732 83 45 836
618 3745 40 37 p.
717 3731 167 53 diagrs.
943 3733 54 45 23
1006 3736 46 18 cm
1059 3768 9 8 .
1136 3735 126 51 (The
1295 3736 202 53 Century
1528 3738 140 46 social
1701 3739 173 47 science
1903 3741 168 50 series)

435 3786 195 51 “Topics
675 3788 73 45 for
792 3789 206 51 reports”
1041 3800 46 36 at
1129 3794 82 43 end
1256 3794 52 43 of
1351 3802 119 36 most
1512 3796 52 43 of
1606 3796 74 45 the
1723 3796 234 52 chapters;
2003 3798 354 53 Bibliography:

362 3857 40 34 p.
431 3842 204 46 763-817.

365 3893 53 54 ©
446 3897 106 43 Dec.
580 3895 39 53 7,
650 3897 129 53 1926;
806 3899 65 43 2c.
899 3899 109 44 Dec.
1037 3901 48 51 8;
1115 3901 79 43 aff.
1223 3902 110 44 Dec.
1361 3902 50 53 9;
1442 3904 44 42 A
1515 3902 188 57 958272;
1736 3904 200 57 Century
1962 3923 67 29 co.

442 3952 269 57 (26-23124)
