2542 4285
1123 3963 110 55 899

262 443 96 52 xiii,
386 442 78 45 665
493 458 39 37 p.
590 443 128 51 illus.,
808 477 10 17 pl.,
846 450 154 45 ports.,
1029 442 165 52 diagrs.
1251 445 51 41 22
1311 445 47 17 cm
1363 478 8 8 .

261 500 165 44 Tables
462 514 59 30 on
553 499 335 52 lining-papers.

265 556 227 51 Prepared
524 556 56 50 by
613 554 74 44 the
720 554 235 52 following
985 553 118 53 joint
1136 554 212 44 authors:
1383 555 73 42 W.
1492 553 59 42 H.
1590 554 149 50 Clark,
1774 552 49 45 F.
1860 554 61 46 H.
1959 552 212 53 Currens,

197 611 59 46 H.
283 611 60 46 H.
371 611 131 51 Hale,
528 609 48 44 F.
605 610 59 42 H.
694 609 168 52 Heath,
888 611 47 46 L.
961 610 39 52 J.
1028 607 159 55 Lewis,
1214 609 51 44 G.
1290 609 76 44 W.
1394 607 275 53 Muhleman,
1697 608 52 47 E.
1777 611 57 43 A.
1862 608 311 53 Vuilleumier,

193 667 55 47 O.
283 667 52 44 O.
368 667 168 44 Watts.

190 718 54 53 ©
271 720 108 54 July
408 719 61 51 15,
501 720 127 50 1926;
660 722 62 40 2c.
753 719 120 52 Aug.
902 720 49 50 2;
984 717 78 47 aff.
1090 718 107 53 July
1225 719 76 50 31;
1334 719 44 42 A
1406 719 189 51 901347;
1631 717 153 44 Miner
1813 719 103 52 pub.
1947 734 66 27 co.

269 774 268 55 (26-14254)

191 861 282 71 Morgan,
507 861 210 56 James
749 858 294 74 Douglas.

269 950 517 58 Electrotliermic
816 950 285 58 methods
1148 949 405 72 (desiccation
1588 951 121 56 and
1744 950 422 72 coagulation)

192 1028 66 56 in
301 1029 104 57 the
451 1031 335 54 treatment
834 1029 67 56 of
943 1028 346 71 neoplastic
1336 1027 296 75 diseases,
1679 1027 297 73 designed
2022 1049 69 39 as
2140 1048 33 37 a

192 1106 302 72 practical
542 1106 330 56 handbook
923 1106 67 57 of
1044 1106 272 71 surgical
1368 1105 499 72 electrotherapy
1918 1106 104 57 for
2073 1107 102 57 the

193 1204 110 38 use
335 1185 66 57 of
431 1184 441 72 practitioners
904 1185 123 56 and
1059 1184 303 71 students,
1392 1183 81 72 by
1506 1184 59 57 J.
1598 1184 277 72 Douglas
1909 1183 266 74 Morgan

262 1260 1909 74 … illustrated with 36 line and half-tone engravings.
191 1340 454 71 Philadelphia,
676 1340 69 57 P.
779 1339 74 59 A.
888 1339 195 59 Davis
1119 1358 320 54 company,
1474 1340 163 56 1926.

257 1417 757 53 2 p. l., 3-172 p. illus. 20 cm .
257 1473 348 53 Bibliography:
651 1489 40 37 p.
742 1472 200 46 161-167.

187 1528 54 53 ©
267 1529 110 53 July
406 1530 61 49 12,
501 1529 128 50 1926;
660 1532 63 40 2c.
752 1527 90 44 and
872 1527 78 44 aff.
979 1527 108 54 July
1119 1528 74 51 19;
1225 1528 42 42 A
1296 1526 189 50 897508;
1520 1526 48 44 F.
1603 1528 53 41 A.
1689 1527 144 43 Davis
1864 1542 66 28 co.

265 1585 269 53 (26-14162)

190 1656 360 72 O’Laverty,
585 1656 208 72 Hugh.

270 1747 130 57 The
436 1747 207 57 truths
684 1747 69 56 of
788 1747 103 57 the
932 1745 281 59 Catholic
1251 1747 245 72 church,
1536 1748 81 70 by
1652 1747 104 57 the
1796 1748 149 56 Rev.
1986 1747 190 72 Hugh

193 1823 373 73 O’Laverty,
592 1843 52 39 b.
671 1844 52 37 a.
792 1824 287 74 Chicago,
1104 1824 114 73 Ill.,
1244 1824 72 57 D.
1344 1824 71 56 B.
1440 1825 259 57 Hansen
1724 1824 46 56 &
1797 1843 144 39 sons
1971 1855 12 43 [
1985 1832 18 20 c
2008 1825 164 72 1926]

258 1902 82 44 220
370 1918 39 37 p.
472 1902 47 44 15½
573 1905 29 17 cm
608 1939 9 8 .

185 1955 54 53 ©
266 1956 108 54 July
403 1956 61 51 15,
496 1957 127 50 1926;
656 1960 63 40 2c.
748 1955 91 45 and
868 1956 79 43 aff.
974 1956 109 53 July
1110 1957 77 50 20;
1219 1956 44 42 A
1291 1957 190 50 901179;
1515 1957 56 42 D.
1605 1957 48 42 B.
1686 1957 192 42 Hansen
1908 1957 37 43 &
1974 1971 119 28 sons.

265 2013 269 53 (26-14282)

188 2084 185 73 Park,
407 2084 190 72 Clyde
629 2083 295 72 William,
958 2086 189 57 1880-

261 2173 266 72 English
554 2172 252 73 applied
834 2174 63 56 in
925 2174 305 58 technical
1255 2173 273 72 writing,
1554 2177 81 69 by
1664 2174 193 72 Clyde
1884 2175 96 57 W.
2010 2176 168 57 Park

252 2251 1296 72 … New York, F. S. Crofts & co., 1926.
253 2326 98 53 xix,
377 2328 80 43 313
483 2341 42 39 p.
578 2324 171 55 diagrs.
805 2328 49 42 21
866 2330 47 17 cm
918 2362 9 8 .

186 2381 53 54 ©
265 2383 108 52 July
400 2384 63 49 21,
497 2384 104 43 1926
615 2398 9 37 ;
655 2386 63 41 2c.
748 2382 91 44 and
866 2383 77 44 aff.
972 2383 106 54 July
1106 2385 78 51 27;
1216 2384 44 42 A
1288 2384 188 52 901270;
1509 2383 49 45 F.
1592 2384 42 46 S.
1668 2382 163 46 Crofts
1861 2386 37 43 &
1926 2401 80 37 co.,
2037 2386 83 44 inc.

263 2440 270 53 (26-14198)

188 2511 185 72 Pam,
409 2510 399 73 Francisque,
846 2514 189 56 1864-

332 2610 1844 75 … La nymphe en danger. Paris, Editions de La vraie
188 2688 259 71 France,
477 2688 165 58 1926.

257 2762 1855 67 210 p. 19 cm . (On cover; Éditions de La vraie France, s ie b, n° 31)
181 2843 1719 58 © Apr. 23, 1926; 1c. June 21; A—Foreign 31278; Dunod, Paris.
262 2901 270 55 (26-15222)

185 2974 347 69 Patterson,
569 2975 169 57 John
769 2974 290 60 Andrew.

261 3065 103 56 An
412 3084 243 39 answer
700 3066 106 57 for
855 3086 188 52 every
1089 3086 263 53 prayer;
1406 3086 88 56 or,
1547 3069 129 57 The
1725 3070 337 71 mysteries
2107 3072 68 56 of

183 3160 235 53 prayer
456 3143 304 74 revealed,
798 3144 83 72 by
917 3145 169 57 John
1124 3145 275 58 Andrew
1436 3146 355 58 Patterson.
1872 3147 301 74 Holyoke,

187 3220 211 72 Mass.,
453 3220 127 57 The
631 3220 328 58 Elizabeth
1010 3223 226 57 Towne
1290 3242 105 54 co.,
1446 3223 148 72 inc.;
1648 3224 276 71 London,
1976 3225 67 57 L.
2100 3227 73 56 N.

187 3296 882 72 Fowler & company [ c 1926]
257 3372 76 44 175
364 3387 39 39 p.
467 3374 50 43 17
524 3376 46 18 cm
575 3409 9 8 .

184 3425 53 54 ©
271 3427 108 54 July
415 3430 64 50 24,
522 3430 126 50 1926;
688 3432 63 41 2c.
788 3430 106 54 July
931 3432 78 51 30;
1049 3431 78 44 aff.
1166 3432 107 53 July
1309 3434 78 50 27;
1426 3432 45 43 A
1508 3434 188 50 901320;
1736 3435 40 51 J.
1818 3434 54 43 A.
1915 3436 260 52 Patterson,

256 3484 157 54 Peace,
447 3484 112 44 Ark.
629 3486 270 54 (26-14228)

185 3555 172 69 Paul,
392 3557 236 72 George
658 3557 227 73 Philip,
920 3562 189 56 1879-

257 3646 60 56 A
357 3647 317 56 text-book
719 3647 68 58 of
828 3649 270 58 materia
1137 3649 239 61 medica
1421 3650 104 58 for
1567 3670 243 53 nurses,
1856 3652 319 74 including

182 3723 1989 77 therapeutics and toxicology, by George P. Paul … 5th
183 3799 111 74 ed.,
341 3799 377 73 thoroughly
762 3822 126 37 rev.
977 3803 438 74 Philadelphia
1464 3806 123 58 and
1632 3807 278 72 London,
1956 3808 95 57 W.
2101 3810 70 55 B.

184 3875 317 61 Saunders
535 3897 320 56 company,
889 3882 165 56 1926.
