2542 4285
1056 4007 149 58 1329

159 402 313 73 Albanesi,
504 405 179 55 Mme.
721 401 148 57 Effie
899 401 302 59 Adelaide
1235 401 222 71 Maria,
1492 405 187 56 1866-

158 492 1955 150 The white in the black, by E. Maria Albanesi … London [etc.]
491 570 95 58 W.
623 568 231 59 Collins
887 588 143 38 sons
1060 568 50 58 &
1141 587 106 54 co.,
1278 570 108 57 ltd.
1424 599 13 43 [
1439 580 17 20 c
1461 571 162 72 1926]

225 647 526 54 3 p. l., 314 p. 19 cm .
154 701 1980 57 © 1c. Sept. 17, 1926; A ad int. 8531; pubd. July 23; E. A. M. Albanesi,
221 762 199 46 London.
490 758 266 56 (26-20767)

155 846 177 73 Amy,
370 846 217 72 Lacey.

232 937 129 56 The
403 934 185 59 white
629 936 207 73 camel,
880 935 80 71 by
999 934 204 72 Lacey
1243 934 179 72 Amy.
1506 935 276 73 London,
1825 937 313 71 Jarrolds,

154 1012 239 60 limited
427 1013 179 73 [1926]

224 1090 589 55 3 p. l., 9-318 p. 19 cm .
150 1145 1896 55 © 1c. Sept. 25, 1926; A ad int. 8562; pubd. July 30; L. Amy, London.
227 1203 268 56 (26-20895)

152 1288 409 73 André-Cuel,
596 1290 257 73 George.

294 1378 1843 74 … La jonque immobile. Paris, Plon-Nourrit et c ie
153 1489 14 42 [
170 1467 17 22 c
190 1460 162 72 1926]

220 1536 526 54 3 p. l., 296 p. 19 cm .
148 1590 1843 56 © July 19, 1926; 1c. Oct. 20; A—Foreign 32014; Plon-Nourrit & co.
224 1650 268 56 (26-21016)

150 1735 297 71 Ashmun,
488 1735 325 72 Margaret
850 1731 193 60 Eliza.

219 1827 254 60 Brenda
519 1828 174 71 stays
743 1831 66 55 at
853 1827 198 71 home,
1098 1826 83 73 by
1228 1826 327 73 Margaret
1602 1825 300 60 Ashmun.
1987 1830 148 58 New

144 1905 189 74 York,
366 1904 129 61 The
525 1902 357 61 Macmillan
914 1921 320 55 company,
1269 1905 164 57 1926.

213 1983 839 52 4 p. l., 279 p. col. front. 19 cm .
145 2037 53 54 ©
226 2040 116 42 Nov.
374 2038 62 52 16,
465 2037 128 52 1926;
620 2038 64 42 2c.
711 2038 86 42 and
822 2036 77 45 aff.
928 2036 117 43 Nov.
1077 2035 73 53 17;
1180 2036 43 42 A
1251 2035 188 54 958022;
1471 2036 65 45 M.
1565 2038 217 52 Ashmun,
1812 2040 116 44 New
1955 2042 175 43 Haven.

221 2095 269 55 (26-20629)

148 2180 326 72 Audubon,
514 2180 168 59 John
717 2180 228 68 James,
988 2182 355 56 1785-1851.

223 2270 427 60 Delineations
697 2270 68 57 of
810 2268 335 58 American
1194 2288 258 53 scenery
1499 2273 123 56 and
1667 2272 341 75 character,
2053 2276 83 74 by

147 2351 168 58 John
352 2350 215 58 James
605 2348 339 69 Audubon;
982 2346 151 58 with
1174 2367 78 38 an
1289 2348 424 59 introduction
1751 2352 83 71 by
1870 2352 264 60 Francis

147 2424 1987 80 Hobart Herrick … New York, G. A. Baker & company,
146 2507 164 57 1926.

213 2579 909 58 xlix, 349 p. front. (port.) 24 ½ cm .
216 2641 134 52 Maps
382 2654 60 29 on
469 2637 339 54 lining-papers.

217 2696 210 53 “Essays,
455 2694 147 45 which
632 2695 220 43 extended
881 2693 199 52 through
1109 2693 75 44 the
1216 2693 100 47 first
1344 2693 127 44 three
1498 2695 199 45 volumes
1727 2695 51 45 of
1807 2697 73 44 the
146 2697 1964 111 Ornithological
340 2752 251 54 biography

623 2758 49 37 to
703 2749 123 54 sixty
859 2750 44 43 in
937 2748 189 45 number
1159 2764 77 31 are
1269 2749 109 45 here
1411 2748 226 56 collected,
1669 2750 112 46 with
1813 2754 76 44 the
1918 2755 214 45 omission

145 2812 105 53 only
283 2810 51 45 of
368 2810 74 43 the
476 2808 86 46 last
597 2807 236 43 ‘Remarks
866 2821 58 29 on
958 2806 74 44 the
1069 2805 121 44 form
1225 2805 50 44 of
1309 2806 74 44 the
1416 2813 97 37 toes
1547 2807 52 44 of
1630 2806 151 55 birds’,
1817 2809 77 47 for
1925 2812 73 44 the
2034 2812 97 44 first

145 2869 106 43 time
286 2868 44 43 in
360 2885 25 28 a
420 2864 141 54 single
592 2863 424 45 volume.—Introd.

215 2923 159 45 “Brief
397 2921 314 53 bibliography
738 2919 51 45 of
813 2919 74 44 the
913 2918 153 44 works
1093 2916 51 49 of
1170 2918 120 54 John
1314 2919 152 52 James
1491 2920 278 45 Audubon”:
1799 2937 39 37 p.
1866 2922 182 45 vii-viii.

139 2980 56 54 ©
225 2982 117 43 Nov.
379 2982 35 49 1,
448 2978 127 51 1926;
607 2977 64 44 2c.
706 2977 117 43 Nov.
857 2976 50 51 8;
942 2975 78 43 aff.
1055 2975 119 43 Nov.
1212 2975 73 52 12;
1321 2975 43 42 A
1395 2974 188 54 950960;
1620 2977 50 45 G.
1703 2977 57 44 A.
1797 2979 150 44 Baker
1977 2981 38 44 &
2048 2997 78 37 co.,

211 3040 82 43 inc.
362 3034 267 58 (26-20772)

145 3125 219 67 Banse,
404 3120 234 69 Ewald,
676 3120 189 58 1883-

137 3209 1967 145 … Abendland und Morgenland; landschaft, rasse, kultur
274 3292 218 60 zweier
522 3289 238 60 weiten.
833 3286 505 74 Braunschweig,
1373 3288 343 76 Hamburg,
1751 3292 69 59 G.
137 3294 1967 151 Westermann,
374 3370 165 58 1926.

206 3444 633 57 284 p. illus. 23 × 30 cm .
140 3495 1873 63 © Mar. 17, 1926; 1c. June 7; A —Foreign 31439; Georg Westermann.
217 3560 268 56 (26-20521)

139 3648 204 66 Bates,
388 3643 292 69 Clement,
725 3642 189 56 1845-
1071 3640 88 57 ed.

217 3738 128 56 The
372 3754 135 38 new
534 3734 219 56 Bates’
784 3734 283 68 compact
1094 3730 208 73 digest
1326 3732 67 56 of
1424 3731 187 74 Ohio;
1642 3755 38 37 a
1707 3742 300 71 complete
139 3746 1962 143 digest
317 3815 66 56 of
422 3813 83 56 all

539 3810 334 73 published
909 3808 311 58 decisions
1256 3809 67 56 of
1362 3809 103 58 the
1506 3817 207 54 courts
1755 3817 67 56 of
1863 3818 156 60 Ohio
2060 3827 64 55 to

139 3895 166 57 June
335 3896 51 64 1,
419 3892 164 68 1925,
614 3889 123 57 and
765 3887 66 58 of
861 3887 103 56 the
995 3886 243 57 federal
1268 3891 209 55 courts
1509 3889 300 71 affecting
1839 3917 72 37 or
1941 3901 183 59 relat-
