2542 4285
1050 4011 111 56 569

106 402 141 67 Abt,
281 401 179 55 Isaac
492 398 255 70 Arthur,
785 398 89 57 ed.

184 489 365 70 Pediatrics,
592 489 82 70 by
709 488 254 56 various
1006 487 255 55 authors
1307 486 138 72 [and
1486 484 266 57 General
1790 483 188 56 index
2017 485 65 54 to

108 569 185 55 Abt’s
330 565 367 71 Pediatrics,
735 565 276 55 volumes
1049 566 31 52 1
1119 565 62 54 to
1222 565 49 69 8]
1355 562 113 56 Ed.
1508 562 82 69 by
1627 561 178 55 Isaac
1843 560 74 55 A.
1954 559 130 57 Abt

104 636 1956 386 … v. 8 … [Diseases of the skin, diseases of the ear, diseases of the eye, hospitals for infants & children, medicolegal questions, tumors of infants & children, parasites] Philadelphia and London, W. B. Saunders company [1926]
173 1026 25 41 2
224 1041 40 27 v.
325 1026 128 50 illus.,
482 1025 81 43 col.
656 1058 9 18 pl.,
694 1024 154 50 tables,
878 1023 165 52 diagrs.
1102 1021 51 44 25
1162 1026 46 16 cm
1216 1057 7 8 .

103 1080 56 53 ©
190 1083 110 50 May
333 1082 60 51 19,
430 1081 125 51 1926;
590 1081 64 43 2c.
686 1081 107 43 each
826 1081 110 51 May
967 1080 77 51 24;
1080 1079 78 43 aff.
1193 1079 111 50 May
1330 1078 78 52 22;
1446 1079 44 41 A
1522 1076 186 53 891520;
1744 1078 73 43 W.
1853 1078 50 41 B.
175 1076 1887 105 Saunders
303 1153 67 28 co.

103 1222 253 72 Adams,
398 1223 235 71 George
673 1222 256 70 Burton,
969 1223 354 57 1851-1925.

181 1311 254 59 Council
493 1312 122 57 and
673 1315 209 56 courts
942 1310 63 57 in
1063 1310 516 72 Anglo-Norman
1636 1310 311 75 England,
2005 1310 77 70 by

104 1385 1982 75 George Burton Adams … New Haven, Yale university
100 1484 210 54 press;
346 1470 146 68 [etc.,
525 1470 128 68 etc.]
686 1467 165 57 1926.

273 1577 9 16 xxv,
299 1542 82 45 403
397 1556 42 38 p.
497 1544 53 43 22
556 1544 47 18 cm
608 1577 9 9 .
688 1542 291 55 (Half-title:
999 1541 116 45 Yale
1130 1541 236 44 historical
1385 1540 316 55 publications.
1769 1539 196 47 Studies,
2028 1542 52 49 v)

174 1597 156 46 “Most
362 1598 54 43 of
451 1597 76 46 the
560 1599 207 52 chapters
802 1598 54 43 of
890 1597 91 45 this
1014 1598 123 44 book
1171 1598 117 44 have
1323 1599 113 43 been
1472 1596 237 55 published
1749 1599 256 52 separately
2040 1597 43 44 in

102 1654 78 43 the
205 1653 116 44 Yale
347 1655 88 42 law
458 1653 186 52 journal
672 1669 53 27 or
751 1654 45 42 in
823 1655 75 41 the
928 1653 241 46 Columbia
1196 1654 89 44 law
1314 1653 399 44 review.”—Pref.

104 1708 54 54 ©
185 1711 111 51 Apr.
330 1712 62 49 16,
422 1712 127 51 1926;
579 1712 64 42 2c.
673 1712 111 51 Apr.
811 1712 79 51 23;
922 1712 77 42 aff.
1029 1713 111 50 Apr.
1168 1712 77 51 20;
1278 1712 44 41 A
1349 1710 188 53 890470;
1569 1712 114 42 Yale
1713 1711 118 43 univ.
1861 1726 138 37 press.

184 1766 268 55 (26-11072)

107 1850 128 59 The
270 1851 336 58 American
643 1855 324 68 educator;
1007 1874 39 37 a
1080 1872 134 38 new
1254 1855 122 56 and
1415 1854 375 72 thoroughly
1827 1855 259 56 modern

186 1930 319 58 reference
546 1931 170 57 work
759 1930 299 73 designed
1100 1935 61 54 to
1203 1935 162 53 meet
1408 1932 103 56 the
1553 1932 189 57 needs
1786 1930 67 59 of
1898 1949 186 54 every

186 2008 1831 73 age; Ellsworth D. Foster, LL. B., editor in chief …
182 2083 1902 155 James Laughlin Hughes, editor for Canada … Extension ed. … Chicago, Bellows-Durham company, 1926.
177 2243 25 43 8
227 2259 39 29 v.
328 2243 128 52 illus.,
484 2243 139 53 plates
650 2245 125 52 (part
799 2244 108 53 col.)
940 2252 149 46 ports.,
1117 2259 137 37 maps,
1281 2245 155 43 tables.
1496 2238 148 49 24½cm.

176 2300 153 53 Paged
357 2302 324 52 continuously.

180 2356 157 45 Issued
361 2358 95 44 also
481 2359 139 42 under
645 2357 96 44 title
757 2373 9 28 :
793 2357 98 44 The
918 2358 244 44 Dominion
1187 2358 223 43 educator.

105 2409 54 54 ©
191 2413 111 51 Apr.
341 2413 34 51 1,
411 2412 126 52 1926;
569 2413 65 42 2c.
668 2414 108 42 each
808 2413 113 52 May
952 2413 78 51 24;
1067 2414 78 42 aff.
1182 2413 110 53 May
1326 2413 76 52 22;
1440 2414 44 41 A
1515 2411 188 54 891517;
176 2412 1888 99 Bellows-Durham
311 2483 64 29 co.
444 2467 268 55 (26-11163)

109 2550 282 74 Barclay,
451 2555 150 56 Mrs.
661 2552 295 59 Florence
1015 2552 230 58 Louisa
1313 2551 517 75 (Charlesworth)
1903 2555 187 57 1862-

185 2632 164 56 1921.

254 2713 1831 82 … L’auréole brisée, traduit de l’anglais par E. de
113 2799 473 74 Saint-Segond.
670 2800 203 74 Paris,
907 2800 450 58 Plon-Nourrit
1388 2804 58 55 et
1477 2821 30 37 ci
1525 2809 18 21 e
1577 2832 12 42 [
1591 2808 19 22 c
1614 2801 161 73 1926]

175 2878 616 55 3 p. l., 326 p., 1 l. 19 cm .
174 2935 65 44 At
264 2935 113 45 head
404 2936 50 43 of
481 2936 95 43 title
592 2950 9 28 :
632 2935 217 45 Florence
879 2936 49 43 L.
959 2936 204 52 Barclay.

107 2988 1816 56 © Mar. 5, 1926; 1c. Apr. 19; A—Foreign 30756; Plon-Nourrit & co.
188 3046 268 55 (26-11173)

110 3132 310 68 Benedict,
460 3134 262 55 Erastus
761 3131 338 59 Cornelius.

188 3211 128 56 The
345 3211 332 56 American
707 3211 337 71 admiralty
1062 3235 11 46 ;
1103 3212 84 56 its
1216 3212 399 70 jurisdiction
1647 3213 121 55 and
1796 3212 290 71 practice,

109 3287 1955 150 with practical forms and directions, by Erastus C. Benedict … 5th ed., revised by George V. A. McCloskey …
109 3459 55 37 v.
210 3442 50 55 3.
309 3440 424 74 [Commercial
772 3442 312 57 maritime
1126 3443 217 69 forms,
1390 3445 283 68 statutes,
1720 3445 129 71 etc.,
1898 3442 193 58 Court

112 3518 183 70 rules,
344 3518 419 73 Supplement]
846 3520 266 71 Albany,
1161 3520 70 55 N.
1281 3520 92 61 Y.,
1419 3518 211 58 Banks
1677 3520 47 55 &
1769 3539 319 55 company,

111 3596 165 55 1926.

179 3670 716 53 2 p. l., iii-ix, 1158 p. 26 cm .
111 3724 54 54 ©
191 3728 110 51 May
330 3726 60 51 17,
420 3727 127 49 1926;
571 3728 64 42 2c.
664 3728 110 52 May
803 3728 73 51 19;
904 3729 77 42 aff.
1008 3729 112 52 May
1149 3730 72 49 18;
1250 3729 44 41 A
1318 3728 164 46 890907
1499 3743 8 36 ;
1530 3729 158 45 .Banks
1718 3730 37 43 &
1781 3745 64 28 co.

132 3813 272 72 [Buchan,
434 3813 199 74 Anna]

192 3891 128 57 The
349 3909 234 53 proper
611 3891 190 73 place,
833 3893 80 71 by
945 3891 67 59 O.
1044 3892 278 71 Douglas
1358 3894 228 73 [pseud.]
1679 3894 173 74 chap.
1888 3898 183 59 29-31.
