2542 4285
1030 3934 110 56 183

110 305 289 73 Holland,
437 305 243 58 Arthur
716 305 347 72 Lawrence,
1109 307 188 57 1873-

185 395 408 73 Indigestion,
629 394 169 58 what
833 395 51 56 it
919 395 56 56 is
1014 395 123 57 and
1169 394 139 58 how
1343 399 63 54 to
1444 399 263 68 prevent
1740 396 70 73 it,
1846 397 84 72 by

108 396 1974 149 Arthur L. Holland … New York, London, D. Appleton and
107 569 320 54 company,
455 551 163 56 1926.

175 640 897 54 vii p, 1 l., 129, [1] p. illus. 19½ cm .
104 708 54 54 ©
191 709 106 44 Feb.
333 709 64 52 19,
431 708 128 52 1926;
594 709 64 42 2c.
692 708 87 43 and
813 709 78 42 aff.
927 707 106 45 Feb.
1069 708 77 52 23;
1184 709 43 41 A
1261 709 188 52 883393;
1488 710 57 41 D.
1581 709 227 53 Appleton
1840 711 87 43 and
1962 725 66 30 co.

181 762 240 58 (26-5468)

105 863 226 71 Home,
372 861 254 59 Charles
663 860 278 73 Francis,
981 864 188 57 1870-

185 956 129 59 The
371 959 175 68 story
598 956 67 57 of
716 974 115 39 our
882 953 333 58 American
1267 954 241 72 people,
1561 955 83 72 by
1697 954 260 61 Charles
2010 957 71 59 F.

103 1030 1943 77 Horne … New York, U. S. history publishing co. [ c 1926]
171 1124 29 42 2
230 1140 42 28 V.
331 1124 85 44 col.
453 1123 175 50 fronts.,
663 1123 131 51 illus.,
829 1123 86 45 col.
950 1123 158 51 plates,
1140 1136 140 38 maps.
1337 1123 55 44 20
1398 1125 47 18 cm
1450 1158 10 9 .

175 1192 231 45 “Planned
437 1191 77 47 for
543 1206 79 32 use
651 1209 48 29 as
730 1208 25 29 a
784 1191 246 46 text-book
1057 1192 46 43 in
1133 1194 78 43 the
1240 1193 184 45 seventh
1454 1194 87 44 and
1572 1192 154 53 eighth
1752 1208 131 38 years
1916 1194 52 44 of
2000 1210 86 30 our

104 1248 151 53 public
281 1247 193 53 schools,
499 1265 51 30 or
575 1249 45 43 in
646 1248 156 52 junior
826 1246 111 53 high
961 1248 223 46 schools.”

174 1304 138 46 “This
346 1306 132 44 work
510 1304 112 46 aims
656 1311 48 38 to
740 1304 215 46 establish
990 1319 27 30 a
1050 1303 182 45 ‘united’
1265 1303 188 54 history,
1490 1304 146 46 which
1670 1320 84 31 can
1786 1308 55 44 be
1875 1310 208 48 accepted

103 1363 87 44 and
215 1362 160 51 taught
400 1362 45 44 in
471 1376 134 37 every
630 1360 182 52 portion
837 1361 52 46 of
914 1374 86 31 our
1028 1360 197 46 Union.”

440 1443 100 30 CONTENTS.—v.
570 1436 35 36 1.
632 1430 100 46 The
758 1429 181 46 divided
966 1429 314 46 colonies.—v.
1307 1435 39 38 2.
1372 1431 100 45 The
1500 1431 172 46 United
1702 1431 166 47 States.

93 1497 58 53 ©
188 1498 105 45 Feb.
330 1498 66 51 20,
437 1498 106 44 1926;
602 1499 66 42 2c.
705 1498 109 43 each
851 1498 87 43 and
976 1498 102 43 affs.
1118 1497 106 45 Feb.
1262 1498 78 52 23;
1382 1499 44 42 A
1465 1499 176 51 883402,
1683 1500 189 53 883403;
1918 1500 166 45 United

171 1554 150 47 States
351 1555 175 51 history
554 1554 101 52 pub.
686 1569 65 28 co.
819 1552 241 55 (26-5302)

101 1653 160 57 How
288 1657 64 53 to
384 1657 105 67 get
517 1654 106 56 the
649 1656 165 53 most
844 1653 106 56 for
978 1671 162 52 your
1167 1671 224 52 money;
1456 1673 39 37 a
1522 1653 158 58 book
1710 1655 139 57 that
1881 1655 201 58 shows

175 1751 142 54 you,
356 1732 65 57 in
460 1752 36 37 a
536 1729 219 74 simple
793 1750 157 53 way,
989 1731 138 58 how
1164 1735 63 55 to
1270 1735 104 69 get
1411 1732 104 58 the
1555 1737 278 68 greatest
175 1734 1887 133 enjoyment

384 1813 106 53 out
532 1810 64 56 of
636 1827 157 54 your
833 1809 256 70 income,
1130 1811 124 57 and
1291 1812 107 69 yet
1441 1827 145 39 save
1629 1807 251 75 against
1917 1815 169 54 want

175 1885 65 59 in
269 1886 102 60 old
399 1905 132 55 age.
615 1884 305 75 [Chicago,
950 1893 20 22 c
973 1887 147 55 1925]

167 1977 76 53 vii,
268 1977 52 46 75
347 1992 41 37 p.
446 1978 56 45 24
507 1979 46 18 cm
558 2012 10 9 .

168 2050 158 44 Issued
353 2049 60 52 by
442 2047 371 52 “Cosmopolitan
839 2046 113 45 with
979 2045 148 47 which
1155 2049 38 44 is
1221 2045 238 48 combined
1485 2048 210 46 Hearst’s
1723 2047 361 48 international”.

169 2106 211 51 “Budget
406 2105 168 46 tables”:
628 2119 42 37 p.
699 2102 150 49 51-75.

96 2171 52 54 ©
176 2173 106 44 Feb.
313 2174 35 50 1,
379 2172 129 52 1926;
538 2172 64 44 2c.
630 2172 87 43 and
744 2172 80 44 aff.
851 2170 107 45 Feb.
985 2171 79 52 23;
1093 2172 44 42 A
1167 2171 188 53 883399;
1387 2171 325 44 International
1741 2172 233 53 magazine
2000 2186 81 39 co.,

166 2229 97 52 inc.,
299 2229 117 44 New
450 2229 141 43 York.
659 2226 241 55 (26-5308)

94 2327 283 59 Indiana.
450 2327 331 74 Appellate
819 2331 191 53 court.

171 2416 1911 75 Reports of cases decided … Will H. Adams, official
96 2494 1984 75 reporter … v. 77-79. Indianapolis, Wm. B. Burford,
93 2575 247 71 printer
368 2576 66 55 to
466 2573 102 58 the
603 2575 181 71 state,
818 2573 166 71 1923,
1019 2573 165 56 1924.

162 2652 24 43 3
213 2666 41 28 v.
309 2651 55 42 22½cm.

93 2721 40 30 v.
161 2705 67 54 77,
252 2704 55 55 ©
334 2708 114 51 June
475 2706 67 52 30,
572 2706 129 50 1924;
731 2721 41 28 v.
800 2704 67 52 78,
891 2703 57 54 ©
974 2706 120 51 Aug.
1119 2704 81 53 28;
1228 2719 41 28 v.
1299 2703 65 52 79,
1393 2702 54 54 ©
1474 2705 113 52 Apr.
1613 2703 67 51 27,
1713 2702 130 55 1925;
1873 2704 65 44 2c.
1971 2705 109 43 each

163 2764 106 43 Feb.
299 2764 40 51 2,
376 2763 128 51 1926;
538 2762 101 44 affs.
673 2761 105 45 Feb.
813 2762 73 52 12;
921 2763 44 42 A
996 2759 358 46 883255-883257;
1421 2760 127 47 State
1581 2761 52 44 of
1664 2760 201 53 Indiana,
163 2760 1897 113 Indianapolis.

93 2918 281 73 Ingham,
406 2920 150 55 Mrs.
594 2915 187 60 Clara
814 2915 320 73 Cogswell.

169 3008 231 58 Health
430 3007 209 61 habits
674 3008 112 73 [by]
823 3005 187 60 Clara
1045 3005 303 74 Cogswell
1378 3004 283 74 Ingham.
1735 3005 341 74 [Portland,

92 3086 120 73 Or.]
243 3094 19 24 c
265 3087 164 57 1926.

162 3161 741 58 3 p. l., [3]-152 p., 1 l. 17½ cm .
92 3219 54 54 ©
175 3221 104 43 Feb.
311 3220 61 51 12,
405 3219 128 52 1926;
561 3220 63 42 2c.
654 3219 107 44 Feb.
789 3219 79 52 23;
900 3219 79 43 aff.
1007 3218 107 44 Feb.
1140 3218 79 52 20;
1249 3218 44 42 A
1323 3215 189 54 879617;
1546 3215 48 46 C.
1627 3215 49 46 C.
1705 3217 207 52 Ingham,

163 3217 1893 111 Portland,
320 3277 80 44 Or.
469 3274 239 56 (26-5224)

93 3417 359 57 Inter-state
498 3419 141 69 post
683 3413 304 74 graduate
1030 3412 268 59 medical
1342 3411 379 60 association
1764 3411 68 59 of
1876 3411 203 57 North

166 3492 307 58 America.

168 3583 421 71 Proceedings
629 3583 65 56 of
734 3584 103 56 the
877 3583 367 56 Inter-state
1282 3583 149 69 post
1468 3580 306 72 graduate
1814 3578 262 58 medical

94 3655 1762 78 assembly of North America … 1925. [Milwaukee]
95 3656 1960 140 Interstate
288 3741 148 68 post
467 3737 304 72 graduate
806 3736 262 58 medical
1105 3734 378 59 association
1520 3734 67 58 of
1621 3733 204 57 North

89 3732 1966 141 America
219 3817 201 73 [c1926]
