<alto xmlns="http://www.loc.gov/standards/alto/ns-v3#" xmlns:xlink="http://www.w3.org/1999/xlink" xmlns:xsi="http://www.w3.org/2001/XMLSchema-instance" xsi:schemaLocation="http://www.loc.gov/standards/alto/ns-v3# http://www.loc.gov/alto/v3/alto-3-0.xsd"><Description>
<MeasurementUnit>pixel</MeasurementUnit>
<sourceImageInformation>
<fileName>1926_v23_Part001.pdf</fileName>
</sourceImageInformation>
<OCRProcessing ID="IdOcr">
<ocrProcessingStep>
<processingDateTime>2019-04-10</processingDateTime>
<processingSoftware>
<softwareCreator>ABBYY</softwareCreator>
<softwareName>ABBYY Recognition Server</softwareName>
<softwareVersion>4.0</softwareVersion>
</processingSoftware>
</ocrProcessingStep>
</OCRProcessing>
</Description>
<Styles>
<ParagraphStyle ID="StyleId-FFFFFFFF-FFFF-FFFF-FFFF-FFFFFFFFFFFF-" ALIGN="Left" LEFT="0." RIGHT="0." FIRSTLINE="0."/>
<ParagraphStyle ID="StyleId-22C3EA86-D171-42E2-A7D2-9A866F7D91F9-" ALIGN="Left" LEFT="0." RIGHT="0." FIRSTLINE="0." LINESPACE="8.300000191"/>
<ParagraphStyle ID="StyleId-E3FA4CC6-F5E5-41CA-B4C4-90085BF71B6C-" ALIGN="Block" LEFT="0." RIGHT="0." FIRSTLINE="-14." LINESPACE="8.050000191"/>
<ParagraphStyle ID="StyleId-41118DB3-028A-4115-95B3-BB512DD0EDAE-" ALIGN="Left" LEFT="0." RIGHT="0." FIRSTLINE="-13." LINESPACE="13.30000019"/>
<ParagraphStyle ID="StyleId-A2FB4C2B-BF87-45AD-9689-33B0118FBFC1-" ALIGN="Block" LEFT="0." RIGHT="0." FIRSTLINE="-14." LINESPACE="11.06999969"/>
<ParagraphStyle ID="StyleId-BBBA7B5D-FE2B-4BC7-AC7D-F142900C21B8-" ALIGN="Block" LEFT="0." RIGHT="0." FIRSTLINE="0." LINESPACE="8.899999619"/>
<ParagraphStyle ID="StyleId-3CEA3EEE-4341-4E33-9EF0-A9438AB90A9B-" ALIGN="Center" LEFT="0." RIGHT="0." FIRSTLINE="0." LINESPACE="12.19999981"/>
<ParagraphStyle ID="StyleId-817955BE-3120-4B53-BBD3-920BAE733BFF-" ALIGN="Left" LEFT="0." RIGHT="0." FIRSTLINE="0." LINESPACE="12.19999981"/>
<ParagraphStyle ID="StyleId-456A266C-F799-486A-ACB1-75B61E9815AB-" ALIGN="Left" LEFT="0." RIGHT="0." FIRSTLINE="-13." LINESPACE="8.18999958"/>
<ParagraphStyle ID="StyleId-6A1E9ED6-E5EA-4E31-BD5A-88089B8D7134-" ALIGN="Right" LEFT="0." RIGHT="0." FIRSTLINE="0." LINESPACE="7.699999809"/>
<ParagraphStyle ID="StyleId-C11ABF73-04BC-4F6E-B7E4-01FCA3A26756-" ALIGN="Left" LEFT="0." RIGHT="0." FIRSTLINE="-13." LINESPACE="12.19999981"/>
<ParagraphStyle ID="StyleId-662CF6CF-DB5F-40BE-AD24-E877ED82DD6F-" ALIGN="Block" LEFT="0." RIGHT="0." FIRSTLINE="-14." LINESPACE="11.06999969"/>
<ParagraphStyle ID="StyleId-9361006B-74B5-41BD-BFD3-03318AD64910-" ALIGN="Left" LEFT="0." RIGHT="0." FIRSTLINE="0." LINESPACE="8.899999619"/>
</Styles>
<Layout>
<Page ID="Page592" PHYSICAL_IMG_NR="592" HEIGHT="4285" WIDTH="2542">
<TopMargin HEIGHT="348" WIDTH="2542" VPOS="0" HPOS="0">
</TopMargin>
<LeftMargin HEIGHT="3708" WIDTH="432" VPOS="348" HPOS="0">
</LeftMargin>
<RightMargin HEIGHT="3708" WIDTH="94" VPOS="348" HPOS="2448">
</RightMargin>
<BottomMargin HEIGHT="229" WIDTH="2542" VPOS="4056" HPOS="0">
</BottomMargin>
<PrintSpace HEIGHT="3708" WIDTH="2016" VPOS="348" HPOS="432">
<TextBlock ID="Page592_Block1" HEIGHT="78" WIDTH="130" VPOS="3978" HPOS="1380" LANG="en-US" STYLEREFS="StyleId-EAF5AAB3-F212-49E6-B518-177482A31327-">
<TextLine HEIGHT="58" WIDTH="110" VPOS="3989" HPOS="1390">
<String CONTENT="592" HEIGHT="58" WIDTH="110" VPOS="3989" HPOS="1390"/>
</TextLine>
</TextBlock>
<TextBlock ID="Page592_Block2" HEIGHT="3638" WIDTH="2016" VPOS="348" HPOS="432" LANG="en-US" CS="1" STYLEREFS="StyleId-28756690-B4B3-4675-9810-5B2F06024B02-">
<TextLine HEIGHT="73" WIDTH="1453" VPOS="359" HPOS="448" STYLEREFS="StyleId-B6FD99A4-EFC6-4EC8-A10D-3A4C7FA96B1F-">
<String LANG="de" CONTENT="Washington" HEIGHT="72" WIDTH="417" VPOS="359" HPOS="448"/>
<SP HEIGHT="72" WIDTH="41" VPOS="359" HPOS="866"/>
<String LANG="de" CONTENT="(State)" HEIGHT="72" WIDTH="235" VPOS="359" HPOS="908"/>
<SP HEIGHT="72" WIDTH="88" VPOS="359" HPOS="1144"/>
<String LANG="en-US" CONTENT="Laws" HEIGHT="56" WIDTH="181" VPOS="360" HPOS="1233"/>
<String LANG="de" CONTENT="," HEIGHT="24" WIDTH="14" VPOS="406" HPOS="1419"/>
<SP HEIGHT="52" WIDTH="35" VPOS="378" HPOS="1434"/>
<String LANG="en-US" CONTENT="statutes," HEIGHT="68" WIDTH="283" VPOS="364" HPOS="1470"/>
<SP HEIGHT="55" WIDTH="36" VPOS="377" HPOS="1754"/>
<String LANG="en-US" CONTENT="etc." HEIGHT="53" WIDTH="110" VPOS="363" HPOS="1791"/>
</TextLine>
<TextLine HEIGHT="72" WIDTH="1902" VPOS="436" HPOS="524" STYLEREFS="StyleId-BB46F5C6-F99A-4798-85C4-FC11A993A189-" CS="1">
<String CONTENT="Pierce&#8217;s" HEIGHT="57" WIDTH="277" VPOS="437" HPOS="524"/>
<SP HEIGHT="37" WIDTH="32" VPOS="457" HPOS="802"/>
<String CONTENT="code," HEIGHT="68" WIDTH="166" VPOS="439" HPOS="835"/>
<SP HEIGHT="50" WIDTH="34" VPOS="457" HPOS="1002"/>
<String CONTENT="state" HEIGHT="55" WIDTH="160" VPOS="439" HPOS="1037"/>
<SP HEIGHT="38" WIDTH="34" VPOS="455" HPOS="1198"/>
<String CONTENT="of" HEIGHT="55" WIDTH="67" VPOS="437" HPOS="1233"/>
<SP HEIGHT="57" WIDTH="27" VPOS="436" HPOS="1301"/>
<String CONTENT="Washington," HEIGHT="72" WIDTH="433" VPOS="436" HPOS="1329"/>
<SP HEIGHT="53" WIDTH="31" VPOS="454" HPOS="1763"/>
<String CS="1" CONTENT="pub." HEIGHT="70" WIDTH="143" VPOS="436" HPOS="1795"/>
<SP HEIGHT="56" WIDTH="34" VPOS="436" HPOS="1939"/>
<String CONTENT="by" HEIGHT="70" WIDTH="83" VPOS="436" HPOS="1974"/>
<SP HEIGHT="51" WIDTH="31" VPOS="455" HPOS="2058"/>
<String CONTENT="authority," HEIGHT="72" WIDTH="336" VPOS="436" HPOS="2090"/>
</TextLine>
<TextLine HEIGHT="151" WIDTH="1983" VPOS="512" HPOS="445" STYLEREFS="StyleId-BB46F5C6-F99A-4798-85C4-FC11A993A189-" CS="1">
<String CONTENT="certified" HEIGHT="57" WIDTH="276" VPOS="514" HPOS="449"/>
<SP HEIGHT="56" WIDTH="38" VPOS="515" HPOS="726"/>
<String CONTENT="by" HEIGHT="70" WIDTH="83" VPOS="515" HPOS="765"/>
<SP HEIGHT="68" WIDTH="38" VPOS="517" HPOS="849"/>
<String CONTENT="the" HEIGHT="56" WIDTH="102" VPOS="515" HPOS="888"/>
<SP HEIGHT="38" WIDTH="44" VPOS="533" HPOS="991"/>
<String CONTENT="secretary" HEIGHT="68" WIDTH="319" VPOS="516" HPOS="1036"/>
<SP HEIGHT="51" WIDTH="39" VPOS="533" HPOS="1356"/>
<String CONTENT="of" HEIGHT="57" WIDTH="65" VPOS="513" HPOS="1396"/>
<SP HEIGHT="57" WIDTH="42" VPOS="513" HPOS="1462"/>
<String CONTENT="state;" HEIGHT="68" WIDTH="192" VPOS="515" HPOS="1505"/>
<SP HEIGHT="51" WIDTH="45" VPOS="532" HPOS="1698"/>
<String CONTENT="cyclopedic" HEIGHT="72" WIDTH="352" VPOS="512" HPOS="1744"/>
<SP HEIGHT="36" WIDTH="38" VPOS="533" HPOS="2097"/>
<String CONTENT="arrangement," HEIGHT="131" WIDTH="1958" VPOS="531" HPOS="445"/>
<SP HEIGHT="71" WIDTH="41" VPOS="591" HPOS="632"/>
<String CONTENT="including" HEIGHT="72" WIDTH="320" VPOS="591" HPOS="674"/>
<SP HEIGHT="72" WIDTH="37" VPOS="591" HPOS="995"/>
<String CONTENT="laws" HEIGHT="56" WIDTH="149" VPOS="591" HPOS="1033"/>
<SP HEIGHT="38" WIDTH="45" VPOS="609" HPOS="1183"/>
<String CONTENT="of" HEIGHT="56" WIDTH="67" VPOS="590" HPOS="1229"/>
<SP HEIGHT="55" WIDTH="41" VPOS="590" HPOS="1297"/>
<String CONTENT="1925-6." HEIGHT="55" WIDTH="239" VPOS="591" HPOS="1339"/>
<SP HEIGHT="55" WIDTH="82" VPOS="590" HPOS="1579"/>
<String CONTENT="Annotated," HEIGHT="70" WIDTH="377" VPOS="590" HPOS="1662"/>
<SP HEIGHT="50" WIDTH="44" VPOS="610" HPOS="2040"/>
<String CONTENT="citing" HEIGHT="72" WIDTH="195" VPOS="590" HPOS="2085"/>
<SP HEIGHT="70" WIDTH="38" VPOS="592" HPOS="2281"/>
<String CONTENT="137" HEIGHT="56" WIDTH="108" VPOS="592" HPOS="2320"/>
</TextLine>
<TextLine HEIGHT="72" WIDTH="1981" VPOS="667" HPOS="447" STYLEREFS="StyleId-BB46F5C6-F99A-4798-85C4-FC11A993A189-">
<String CONTENT="Wash." HEIGHT="57" WIDTH="211" VPOS="668" HPOS="447"/>
<SP HEIGHT="46" WIDTH="20" VPOS="692" HPOS="659"/>
<String CONTENT=";" HEIGHT="46" WIDTH="11" VPOS="692" HPOS="680"/>
<SP HEIGHT="68" WIDTH="32" VPOS="670" HPOS="692"/>
<String CONTENT="7" HEIGHT="54" WIDTH="32" VPOS="670" HPOS="725"/>
<SP HEIGHT="56" WIDTH="28" VPOS="668" HPOS="758"/>
<String CONTENT="F." HEIGHT="55" WIDTH="68" VPOS="668" HPOS="787"/>
<SP HEIGHT="72" WIDTH="39" VPOS="667" HPOS="856"/>
<String CONTENT="(2d)" HEIGHT="72" WIDTH="135" VPOS="667" HPOS="896"/>
<SP HEIGHT="72" WIDTH="38" VPOS="667" HPOS="1032"/>
<String CONTENT="and" HEIGHT="55" WIDTH="122" VPOS="669" HPOS="1071"/>
<SP HEIGHT="55" WIDTH="29" VPOS="669" HPOS="1194"/>
<String CONTENT="268" HEIGHT="54" WIDTH="108" VPOS="669" HPOS="1224"/>
<SP HEIGHT="57" WIDTH="26" VPOS="667" HPOS="1333"/>
<String LANG="fr" CONTENT="U." HEIGHT="57" WIDTH="75" VPOS="667" HPOS="1360"/>
<SP HEIGHT="58" WIDTH="34" VPOS="667" HPOS="1436"/>
<String CONTENT="S." HEIGHT="58" WIDTH="59" VPOS="667" HPOS="1471"/>
<SP HEIGHT="36" WIDTH="32" VPOS="687" HPOS="1531"/>
<String CONTENT="reports," HEIGHT="69" WIDTH="266" VPOS="670" HPOS="1564"/>
<SP HEIGHT="72" WIDTH="27" VPOS="667" HPOS="1831"/>
<String CONTENT="by" HEIGHT="71" WIDTH="83" VPOS="667" HPOS="1859"/>
<SP HEIGHT="71" WIDTH="26" VPOS="667" HPOS="1943"/>
<String CONTENT="Frank" HEIGHT="56" WIDTH="214" VPOS="667" HPOS="1970"/>
<SP HEIGHT="55" WIDTH="26" VPOS="667" HPOS="2185"/>
<String CONTENT="Pierce" HEIGHT="57" WIDTH="216" VPOS="667" HPOS="2212"/>
</TextLine>
<TextLine HEIGHT="151" WIDTH="1986" VPOS="743" HPOS="446" STYLEREFS="StyleId-BB46F5C6-F99A-4798-85C4-FC11A993A189-" CS="1">
<String CS="1" CONTENT="&#8230;"/>
<SP HEIGHT="57" WIDTH="88" VPOS="745" HPOS="514"/>
<String CONTENT="Supplement," HEIGHT="71" WIDTH="422" VPOS="745" HPOS="603"/>
<SP HEIGHT="37" WIDTH="82" VPOS="763" HPOS="1026"/>
<String CONTENT="v." HEIGHT="37" WIDTH="56" VPOS="763" HPOS="1109"/>
<SP HEIGHT="54" WIDTH="47" VPOS="746" HPOS="1166"/>
<String CONTENT="1." HEIGHT="54" WIDTH="49" VPOS="746" HPOS="1214"/>
<SP HEIGHT="58" WIDTH="45" VPOS="743" HPOS="1264"/>
<String CONTENT="General" HEIGHT="58" WIDTH="267" VPOS="743" HPOS="1310"/>
<SP HEIGHT="55" WIDTH="45" VPOS="745" HPOS="1578"/>
<String CONTENT="statutes," HEIGHT="53" WIDTH="284" VPOS="747" HPOS="1624"/>
<SP HEIGHT="36" WIDTH="79" VPOS="764" HPOS="1909"/>
<String CONTENT="v." HEIGHT="36" WIDTH="55" VPOS="764" HPOS="1989"/>
<SP HEIGHT="54" WIDTH="47" VPOS="744" HPOS="2045"/>
<String CONTENT="2." HEIGHT="55" WIDTH="49" VPOS="744" HPOS="2093"/>
<SP HEIGHT="59" WIDTH="47" VPOS="743" HPOS="2143"/>
<String CONTENT="Constitutions," HEIGHT="151" WIDTH="1960" VPOS="743" HPOS="446"/>
<SP HEIGHT="53" WIDTH="48" VPOS="841" HPOS="702"/>
<String CONTENT="procedure." HEIGHT="69" WIDTH="360" VPOS="823" HPOS="751"/>
<SP HEIGHT="57" WIDTH="89" VPOS="821" HPOS="1112"/>
<String CONTENT="One" HEIGHT="57" WIDTH="128" VPOS="821" HPOS="1202"/>
<SP HEIGHT="57" WIDTH="45" VPOS="821" HPOS="1331"/>
<String CONTENT="index" HEIGHT="57" WIDTH="188" VPOS="821" HPOS="1377"/>
<SP HEIGHT="53" WIDTH="43" VPOS="824" HPOS="1566"/>
<String CONTENT="to" HEIGHT="53" WIDTH="61" VPOS="824" HPOS="1610"/>
<SP HEIGHT="37" WIDTH="48" VPOS="840" HPOS="1672"/>
<String CONTENT="constitution" HEIGHT="57" WIDTH="408" VPOS="820" HPOS="1721"/>
<SP HEIGHT="38" WIDTH="46" VPOS="840" HPOS="2130"/>
<String CONTENT="and" HEIGHT="55" WIDTH="122" VPOS="824" HPOS="2177"/>
<SP HEIGHT="55" WIDTH="48" VPOS="824" HPOS="2300"/>
<String CONTENT="all" HEIGHT="56" WIDTH="83" VPOS="822" HPOS="2349"/>
</TextLine>
<TextLine HEIGHT="73" WIDTH="1980" VPOS="897" HPOS="447" STYLEREFS="StyleId-BB46F5C6-F99A-4798-85C4-FC11A993A189-">
<String CONTENT="laws" HEIGHT="55" WIDTH="149" VPOS="900" HPOS="447"/>
<SP HEIGHT="53" WIDTH="28" VPOS="902" HPOS="597"/>
<String CONTENT="to" HEIGHT="53" WIDTH="63" VPOS="902" HPOS="626"/>
<SP HEIGHT="56" WIDTH="29" VPOS="900" HPOS="690"/>
<String CONTENT="date." HEIGHT="56" WIDTH="160" VPOS="900" HPOS="720"/>
<SP HEIGHT="57" WIDTH="86" VPOS="898" HPOS="881"/>
<String CONTENT="Seattle," HEIGHT="71" WIDTH="254" VPOS="898" HPOS="968"/>
<SP HEIGHT="72" WIDTH="29" VPOS="897" HPOS="1223"/>
<String CONTENT="National" HEIGHT="57" WIDTH="298" VPOS="897" HPOS="1253"/>
<SP HEIGHT="54" WIDTH="24" VPOS="899" HPOS="1552"/>
<String CONTENT="law" HEIGHT="55" WIDTH="120" VPOS="899" HPOS="1577"/>
<SP HEIGHT="56" WIDTH="24" VPOS="898" HPOS="1698"/>
<String CONTENT="book" HEIGHT="56" WIDTH="160" VPOS="898" HPOS="1723"/>
<SP HEIGHT="56" WIDTH="26" VPOS="898" HPOS="1884"/>
<String CONTENT="company," HEIGHT="54" WIDTH="319" VPOS="916" HPOS="1911"/>
<SP HEIGHT="69" WIDTH="32" VPOS="901" HPOS="2231"/>
<String CONTENT="1926." HEIGHT="56" WIDTH="163" VPOS="900" HPOS="2264"/>
</TextLine>
<TextLine HEIGHT="55" WIDTH="708" VPOS="972" HPOS="520" STYLEREFS="StyleId-BB46F5C6-F99A-4798-85C4-FC11A993A189-" CS="1">
<String CONTENT="1" HEIGHT="40" WIDTH="17" VPOS="977" HPOS="520"/>
<SP HEIGHT="49" WIDTH="28" VPOS="977" HPOS="538"/>
<String CONTENT="p." HEIGHT="37" WIDTH="39" VPOS="989" HPOS="567"/>
<SP HEIGHT="42" WIDTH="29" VPOS="975" HPOS="607"/>
<String CS="1" CONTENT="l.," HEIGHT="16" WIDTH="22" VPOS="1010" HPOS="656"/>
<SP HEIGHT="51" WIDTH="23" VPOS="975" HPOS="679"/>
<String CONTENT="2851-3778" HEIGHT="46" WIDTH="250" VPOS="972" HPOS="703"/>
<SP HEIGHT="53" WIDTH="25" VPOS="974" HPOS="954"/>
<String CONTENT="p." HEIGHT="39" WIDTH="40" VPOS="988" HPOS="980"/>
<SP HEIGHT="44" WIDTH="56" VPOS="974" HPOS="1021"/>
<String CS="1" CONTENT="26&#189;cm." HEIGHT="45" WIDTH="150" VPOS="973" HPOS="1078"/>
</TextLine>
<TextLine HEIGHT="56" WIDTH="1875" VPOS="1028" HPOS="445">
<String CONTENT="&#169;" HEIGHT="54" WIDTH="55" VPOS="1029" HPOS="445"/>
<SP HEIGHT="55" WIDTH="26" VPOS="1028" HPOS="501"/>
<String CONTENT="May" HEIGHT="56" WIDTH="110" VPOS="1028" HPOS="528"/>
<SP HEIGHT="52" WIDTH="25" VPOS="1032" HPOS="639"/>
<String CONTENT="26," HEIGHT="51" WIDTH="65" VPOS="1031" HPOS="665"/>
<SP HEIGHT="49" WIDTH="31" VPOS="1033" HPOS="731"/>
<String CONTENT="1926" HEIGHT="45" WIDTH="104" VPOS="1031" HPOS="763"/>
<SP HEIGHT="50" WIDTH="13" VPOS="1033" HPOS="868"/>
<String CONTENT=";" HEIGHT="38" WIDTH="10" VPOS="1045" HPOS="882"/>
<SP HEIGHT="52" WIDTH="26" VPOS="1031" HPOS="893"/>
<String CONTENT="2c." HEIGHT="43" WIDTH="63" VPOS="1031" HPOS="920"/>
<SP HEIGHT="28" WIDTH="28" VPOS="1046" HPOS="984"/>
<String CONTENT="and" HEIGHT="43" WIDTH="87" VPOS="1031" HPOS="1013"/>
<SP HEIGHT="43" WIDTH="27" VPOS="1031" HPOS="1101"/>
<String CONTENT="aff." HEIGHT="42" WIDTH="79" VPOS="1031" HPOS="1129"/>
<SP HEIGHT="51" WIDTH="26" VPOS="1031" HPOS="1209"/>
<String CONTENT="June" HEIGHT="51" WIDTH="114" VPOS="1031" HPOS="1236"/>
<SP HEIGHT="42" WIDTH="30" VPOS="1031" HPOS="1351"/>
<String CONTENT="1;" HEIGHT="51" WIDTH="46" VPOS="1031" HPOS="1382"/>
<SP HEIGHT="51" WIDTH="28" VPOS="1031" HPOS="1429"/>
<!-- cceid 00CF5660-6E1B-1014-9B7B-CA07F191E62B --><String CONTENT="A" HEIGHT="42" WIDTH="44" VPOS="1031" HPOS="1458"/>
<SP HEIGHT="43" WIDTH="27" VPOS="1030" HPOS="1503"/>
<String CONTENT="890973;" HEIGHT="53" WIDTH="188" VPOS="1029" HPOS="1531"/>
<SP HEIGHT="53" WIDTH="32" VPOS="1029" HPOS="1720"/>
<String CONTENT="Frank" HEIGHT="44" WIDTH="155" VPOS="1029" HPOS="1753"/>
<SP HEIGHT="42" WIDTH="25" VPOS="1031" HPOS="1909"/>
<String CONTENT="Pierce," HEIGHT="54" WIDTH="171" VPOS="1030" HPOS="1935"/>
<SP HEIGHT="55" WIDTH="30" VPOS="1029" HPOS="2107"/>
<String CONTENT="Seattle." HEIGHT="48" WIDTH="182" VPOS="1029" HPOS="2138"/>
</TextLine>
<TextLine HEIGHT="73" WIDTH="817" VPOS="1101" HPOS="446" STYLEREFS="StyleId-AAF68798-3655-415F-B6D3-C55134A11977-">
<String CONTENT="Wegener," HEIGHT="73" WIDTH="320" VPOS="1101" HPOS="446"/>
<SP HEIGHT="68" WIDTH="42" VPOS="1102" HPOS="767"/>
<String CONTENT="Georg," HEIGHT="72" WIDTH="220" VPOS="1102" HPOS="810"/>
<SP HEIGHT="65" WIDTH="43" VPOS="1105" HPOS="1031"/>
<String CONTENT="1863-" HEIGHT="56" WIDTH="188" VPOS="1104" HPOS="1075"/>
</TextLine>
<TextLine HEIGHT="75" WIDTH="1901" VPOS="1178" HPOS="526" STYLEREFS="StyleId-BB46F5C6-F99A-4798-85C4-FC11A993A189-" LANG="de" CS="1">
<String LANG="en-US" CONTENT="China," HEIGHT="73" WIDTH="213" VPOS="1178" HPOS="526"/>
<SP HEIGHT="50" WIDTH="50" VPOS="1201" HPOS="740"/>
<String CONTENT="ein" HEIGHT="57" WIDTH="99" VPOS="1180" HPOS="791"/>
<SP HEIGHT="37" WIDTH="48" VPOS="1199" HPOS="891"/>
<String CS="1" CONTENT="zukunftsproblem;" HEIGHT="72" WIDTH="574" VPOS="1179" HPOS="974"/>
<SP HEIGHT="49" WIDTH="52" VPOS="1201" HPOS="1549"/>
<String CONTENT="sechs" HEIGHT="57" WIDTH="173" VPOS="1181" HPOS="1602"/>
<SP HEIGHT="38" WIDTH="46" VPOS="1200" HPOS="1776"/>
<String CONTENT="vortr&#228;ge" HEIGHT="70" WIDTH="295" VPOS="1183" HPOS="1823"/>
<SP HEIGHT="38" WIDTH="45" VPOS="1201" HPOS="2119"/>
<String CONTENT="von" HEIGHT="38" WIDTH="123" VPOS="1201" HPOS="2165"/>
<SP HEIGHT="56" WIDTH="46" VPOS="1183" HPOS="2289"/>
<String CONTENT="dr." HEIGHT="56" WIDTH="91" VPOS="1183" HPOS="2336"/>
</TextLine>
<TextLine HEIGHT="76" WIDTH="1900" VPOS="1256" HPOS="450" STYLEREFS="StyleId-BB46F5C6-F99A-4798-85C4-FC11A993A189-" LANG="de" CS="1">
<String CONTENT="Georg" HEIGHT="74" WIDTH="205" VPOS="1256" HPOS="450"/>
<SP HEIGHT="72" WIDTH="23" VPOS="1258" HPOS="656"/>
<String LANG="en-US" CONTENT="Wegener" HEIGHT="72" WIDTH="310" VPOS="1258" HPOS="680"/>
<SP HEIGHT="36" WIDTH="31" VPOS="1278" HPOS="991"/>
<String CS="1" CONTENT="&#8230;"/>
<SP HEIGHT="57" WIDTH="83" VPOS="1257" HPOS="1086"/>
<String CONTENT="Berlin," HEIGHT="73" WIDTH="233" VPOS="1257" HPOS="1170"/>
<SP HEIGHT="73" WIDTH="28" VPOS="1257" HPOS="1404"/>
<String CONTENT="A." HEIGHT="58" WIDTH="76" VPOS="1257" HPOS="1433"/>
<SP HEIGHT="59" WIDTH="30" VPOS="1257" HPOS="1510"/>
<String CONTENT="Scherl" HEIGHT="59" WIDTH="215" VPOS="1257" HPOS="1541"/>
<SP HEIGHT="72" WIDTH="27" VPOS="1259" HPOS="1757"/>
<String CONTENT="g." HEIGHT="54" WIDTH="55" VPOS="1277" HPOS="1785"/>
<SP HEIGHT="39" WIDTH="24" VPOS="1276" HPOS="1841"/>
<String CONTENT="m." HEIGHT="40" WIDTH="80" VPOS="1276" HPOS="1866"/>
<SP HEIGHT="56" WIDTH="25" VPOS="1261" HPOS="1947"/>
<String CONTENT="b." HEIGHT="56" WIDTH="57" VPOS="1261" HPOS="1973"/>
<SP HEIGHT="57" WIDTH="26" VPOS="1259" HPOS="2031"/>
<String CONTENT="h." HEIGHT="57" WIDTH="58" VPOS="1259" HPOS="2058"/>
<SP HEIGHT="43" WIDTH="33" VPOS="1289" HPOS="2117"/>
<String CONTENT="[" HEIGHT="43" WIDTH="12" VPOS="1289" HPOS="2151"/>
<String STYLE="superscript" CONTENT="c" HEIGHT="22" WIDTH="20" VPOS="1267" HPOS="2164"/>
<String CONTENT="1925]" HEIGHT="72" WIDTH="162" VPOS="1260" HPOS="2188"/>
</TextLine>
<TextLine HEIGHT="55" WIDTH="1462" VPOS="1334" HPOS="514" LANG="de" CS="1">
<String CONTENT="77," HEIGHT="52" WIDTH="64" VPOS="1335" HPOS="514"/>
<SP HEIGHT="33" WIDTH="25" VPOS="1354" HPOS="579"/>
<String CONTENT="[1]" HEIGHT="46" WIDTH="52" VPOS="1338" HPOS="605"/>
<SP HEIGHT="37" WIDTH="23" VPOS="1352" HPOS="658"/>
<String LANG="fr" CS="1" CONTENT="p.,"/>
<SP/>
<String LANG="fr" CS="1" CONTENT="1"/>
<SP/>
<String LANG="fr" CS="1" CONTENT="l."/>
<SP HEIGHT="42" WIDTH="62" VPOS="1339" HPOS="836"/>
<String CONTENT="19" HEIGHT="43" WIDTH="50" VPOS="1338" HPOS="899"/>
<String STYLE="superscript" CONTENT="om" HEIGHT="18" WIDTH="47" VPOS="1338" HPOS="954"/>
<String CONTENT="." HEIGHT="8" WIDTH="7" VPOS="1373" HPOS="1008"/>
<SP HEIGHT="52" WIDTH="68" VPOS="1336" HPOS="1016"/>
<String CONTENT="(Flugschriften" HEIGHT="54" WIDTH="367" VPOS="1335" HPOS="1085"/>
<SP HEIGHT="43" WIDTH="21" VPOS="1337" HPOS="1453"/>
<String CONTENT="des" HEIGHT="43" WIDTH="77" VPOS="1337" HPOS="1475"/>
<SP HEIGHT="45" WIDTH="26" VPOS="1335" HPOS="1553"/>
<String CONTENT="&#8220;Tag&#8221;," HEIGHT="55" WIDTH="165" VPOS="1334" HPOS="1580"/>
<SP HEIGHT="27" WIDTH="57" VPOS="1353" HPOS="1746"/>
<String CONTENT="nr." HEIGHT="29" WIDTH="67" VPOS="1352" HPOS="1804"/>
<SP HEIGHT="41" WIDTH="29" VPOS="1340" HPOS="1872"/>
<String CONTENT="19)" HEIGHT="52" WIDTH="74" VPOS="1337" HPOS="1902"/>
</TextLine>
<TextLine HEIGHT="56" WIDTH="1982" VPOS="1389" HPOS="447" LANG="de" CS="1">
<String CONTENT="&#169;" HEIGHT="53" WIDTH="52" VPOS="1390" HPOS="447"/>
<SP HEIGHT="53" WIDTH="31" VPOS="1390" HPOS="500"/>
<String CONTENT="Nov." HEIGHT="43" WIDTH="116" VPOS="1392" HPOS="532"/>
<SP HEIGHT="42" WIDTH="29" VPOS="1392" HPOS="649"/>
<String CONTENT="23," HEIGHT="50" WIDTH="67" VPOS="1392" HPOS="679"/>
<SP HEIGHT="49" WIDTH="30" VPOS="1393" HPOS="747"/>
<String CONTENT="1925;" HEIGHT="52" WIDTH="129" VPOS="1390" HPOS="778"/>
<SP/>
<String CS="1" CONTENT="1c."/>
<SP/>
<String CONTENT="Feb." HEIGHT="43" WIDTH="105" VPOS="1391" HPOS="1038"/>
<SP HEIGHT="41" WIDTH="29" VPOS="1392" HPOS="1144"/>
<String CONTENT="2," HEIGHT="50" WIDTH="37" VPOS="1392" HPOS="1174"/>
<SP HEIGHT="48" WIDTH="36" VPOS="1394" HPOS="1212"/>
<String CONTENT="1926;" HEIGHT="51" WIDTH="128" VPOS="1392" HPOS="1249"/>
<SP HEIGHT="52" WIDTH="33" VPOS="1391" HPOS="1378"/>
<!-- cceid 00CFB7F6-6E1B-1014-9B7B-CA07F191E62B --><String CONTENT="A&#8212;Foreign" HEIGHT="54" WIDTH="302" VPOS="1389" HPOS="1412"/>
<SP HEIGHT="42" WIDTH="28" VPOS="1393" HPOS="1715"/>
<String CONTENT="30012;" HEIGHT="52" WIDTH="160" VPOS="1392" HPOS="1744"/>
<SP HEIGHT="52" WIDTH="35" VPOS="1392" HPOS="1905"/>
<String CONTENT="Aug." HEIGHT="52" WIDTH="119" VPOS="1392" HPOS="1941"/>
<SP HEIGHT="48" WIDTH="33" VPOS="1390" HPOS="2061"/>
<String CONTENT="Scherl," HEIGHT="54" WIDTH="170" VPOS="1390" HPOS="2095"/>
<SP HEIGHT="37" WIDTH="29" VPOS="1408" HPOS="2266"/>
<String CONTENT="g." HEIGHT="37" WIDTH="42" VPOS="1408" HPOS="2296"/>
<SP HEIGHT="28" WIDTH="31" VPOS="1409" HPOS="2339"/>
<String CONTENT="m." HEIGHT="27" WIDTH="58" VPOS="1409" HPOS="2371"/>
</TextLine>
<TextLine HEIGHT="55" WIDTH="446" VPOS="1447" HPOS="517" LANG="de">
<String CONTENT="b." HEIGHT="42" WIDTH="38" VPOS="1450" HPOS="517"/>
<SP HEIGHT="43" WIDTH="26" VPOS="1448" HPOS="556"/>
<String CONTENT="h." HEIGHT="43" WIDTH="40" VPOS="1448" HPOS="583"/>
<SP HEIGHT="53" WIDTH="69" VPOS="1449" HPOS="624"/>
<String CONTENT="(26-11380)" HEIGHT="55" WIDTH="269" VPOS="1447" HPOS="694"/>
</TextLine>
<TextLine HEIGHT="74" WIDTH="825" VPOS="1517" HPOS="445" STYLEREFS="StyleId-AAF68798-3655-415F-B6D3-C55134A11977-">
<String LANG="en-US" CONTENT="Welsh," HEIGHT="73" WIDTH="229" VPOS="1518" HPOS="445"/>
<SP HEIGHT="72" WIDTH="42" VPOS="1519" HPOS="675"/>
<String LANG="en-US" CONTENT="Clarence" HEIGHT="59" WIDTH="293" VPOS="1517" HPOS="718"/>
<SP HEIGHT="57" WIDTH="39" VPOS="1518" HPOS="1012"/>
<String LANG="de" CONTENT="Loehr." HEIGHT="58" WIDTH="218" VPOS="1518" HPOS="1052"/>
</TextLine>
<TextLine HEIGHT="74" WIDTH="1910" VPOS="1597" HPOS="523" STYLEREFS="StyleId-BB46F5C6-F99A-4798-85C4-FC11A993A189-">
<String CONTENT="Pageant" HEIGHT="72" WIDTH="283" VPOS="1599" HPOS="523"/>
<SP HEIGHT="53" WIDTH="31" VPOS="1603" HPOS="807"/>
<String CONTENT="of" HEIGHT="55" WIDTH="66" VPOS="1601" HPOS="839"/>
<SP HEIGHT="55" WIDTH="32" VPOS="1601" HPOS="906"/>
<String CONTENT="the" HEIGHT="56" WIDTH="103" VPOS="1600" HPOS="939"/>
<SP HEIGHT="40" WIDTH="36" VPOS="1616" HPOS="1043"/>
<String CONTENT="seven" HEIGHT="41" WIDTH="184" VPOS="1616" HPOS="1080"/>
<SP HEIGHT="37" WIDTH="33" VPOS="1618" HPOS="1265"/>
<String CONTENT="seas," HEIGHT="53" WIDTH="156" VPOS="1617" HPOS="1299"/>
<SP HEIGHT="53" WIDTH="35" VPOS="1617" HPOS="1456"/>
<String CONTENT="a" HEIGHT="38" WIDTH="36" VPOS="1617" HPOS="1492"/>
<SP HEIGHT="54" WIDTH="31" VPOS="1617" HPOS="1529"/>
<String CONTENT="pictorial" HEIGHT="74" WIDTH="294" VPOS="1597" HPOS="1561"/>
<SP HEIGHT="61" WIDTH="28" VPOS="1597" HPOS="1856"/>
<String CONTENT="of" HEIGHT="57" WIDTH="67" VPOS="1601" HPOS="1885"/>
<SP HEIGHT="55" WIDTH="29" VPOS="1601" HPOS="1953"/>
<String CONTENT="world" HEIGHT="57" WIDTH="198" VPOS="1599" HPOS="1983"/>
<SP HEIGHT="59" WIDTH="31" VPOS="1599" HPOS="2182"/>
<String CONTENT="travel," HEIGHT="71" WIDTH="219" VPOS="1600" HPOS="2214"/>
</TextLine>
<TextLine HEIGHT="74" WIDTH="1987" VPOS="1675" HPOS="448" STYLEREFS="StyleId-BB46F5C6-F99A-4798-85C4-FC11A993A189-">
<String CONTENT="assembled" HEIGHT="56" WIDTH="348" VPOS="1678" HPOS="448"/>
<SP HEIGHT="56" WIDTH="34" VPOS="1678" HPOS="797"/>
<String CONTENT="and" HEIGHT="56" WIDTH="124" VPOS="1675" HPOS="832"/>
<SP HEIGHT="56" WIDTH="36" VPOS="1675" HPOS="957"/>
<String CONTENT="arranged" HEIGHT="70" WIDTH="315" VPOS="1678" HPOS="994"/>
<SP HEIGHT="56" WIDTH="32" VPOS="1678" HPOS="1310"/>
<String CONTENT="by" HEIGHT="69" WIDTH="83" VPOS="1678" HPOS="1343"/>
<SP HEIGHT="72" WIDTH="37" VPOS="1675" HPOS="1427"/>
<String CONTENT="Clarence" HEIGHT="59" WIDTH="295" VPOS="1675" HPOS="1465"/>
<SP HEIGHT="57" WIDTH="34" VPOS="1677" HPOS="1761"/>
<String CONTENT="L." HEIGHT="55" WIDTH="67" VPOS="1677" HPOS="1796"/>
<SP HEIGHT="57" WIDTH="36" VPOS="1676" HPOS="1864"/>
<String CONTENT="Welsh;" HEIGHT="71" WIDTH="246" VPOS="1676" HPOS="1901"/>
<SP HEIGHT="66" WIDTH="38" VPOS="1681" HPOS="2148"/>
<String CONTENT="text" HEIGHT="55" WIDTH="132" VPOS="1681" HPOS="2187"/>
<SP HEIGHT="57" WIDTH="32" VPOS="1679" HPOS="2320"/>
<String CONTENT="by" HEIGHT="70" WIDTH="82" VPOS="1679" HPOS="2353"/>
</TextLine>
<TextLine HEIGHT="76" WIDTH="1987" VPOS="1750" HPOS="448" STYLEREFS="StyleId-BB46F5C6-F99A-4798-85C4-FC11A993A189-">
<String CONTENT="Ethel" HEIGHT="58" WIDTH="186" VPOS="1753" HPOS="448"/>
<SP HEIGHT="58" WIDTH="57" VPOS="1753" HPOS="635"/>
<String CONTENT="Watts" HEIGHT="58" WIDTH="209" VPOS="1753" HPOS="693"/>
<SP HEIGHT="57" WIDTH="62" VPOS="1753" HPOS="903"/>
<String CONTENT="Mumford." HEIGHT="57" WIDTH="340" VPOS="1753" HPOS="966"/>
<SP HEIGHT="43" WIDTH="85" VPOS="1782" HPOS="1307"/>
<String CONTENT="[New" HEIGHT="72" WIDTH="165" VPOS="1753" HPOS="1393"/>
<SP HEIGHT="57" WIDTH="56" VPOS="1753" HPOS="1559"/>
<String CONTENT="York," HEIGHT="70" WIDTH="189" VPOS="1752" HPOS="1616"/>
<SP HEIGHT="68" WIDTH="61" VPOS="1754" HPOS="1806"/>
<String CONTENT="Priv." HEIGHT="60" WIDTH="169" VPOS="1750" HPOS="1868"/>
<SP HEIGHT="53" WIDTH="60" VPOS="1773" HPOS="2038"/>
<String CONTENT="print," HEIGHT="74" WIDTH="192" VPOS="1752" HPOS="2099"/>
<SP HEIGHT="57" WIDTH="61" VPOS="1756" HPOS="2292"/>
<String CONTENT="by" HEIGHT="69" WIDTH="81" VPOS="1756" HPOS="2354"/>
</TextLine>
<TextLine HEIGHT="72" WIDTH="1175" VPOS="1831" HPOS="446" STYLEREFS="StyleId-BB46F5C6-F99A-4798-85C4-FC11A993A189-">
<String CONTENT="Adams" HEIGHT="57" WIDTH="237" VPOS="1832" HPOS="446"/>
<SP HEIGHT="39" WIDTH="27" VPOS="1851" HPOS="684"/>
<String CONTENT="and" HEIGHT="57" WIDTH="124" VPOS="1833" HPOS="712"/>
<SP HEIGHT="59" WIDTH="24" VPOS="1831" HPOS="837"/>
<String CONTENT="Grace" HEIGHT="58" WIDTH="197" VPOS="1831" HPOS="862"/>
<SP HEIGHT="38" WIDTH="28" VPOS="1851" HPOS="1060"/>
<String CONTENT="company," HEIGHT="54" WIDTH="321" VPOS="1849" HPOS="1089"/>
<SP HEIGHT="64" WIDTH="25" VPOS="1839" HPOS="1411"/>
<String STYLE="superscript" CONTENT="c" HEIGHT="21" WIDTH="17" VPOS="1839" HPOS="1437"/>
<String CONTENT="1925]" HEIGHT="72" WIDTH="163" VPOS="1831" HPOS="1458"/>
</TextLine>
<TextLine HEIGHT="55" WIDTH="941" VPOS="1906" HPOS="517">
<String CONTENT="2" HEIGHT="41" WIDTH="28" VPOS="1910" HPOS="517"/>
<SP HEIGHT="44" WIDTH="22" VPOS="1910" HPOS="546"/>
<String LANG="fr" CONTENT="v." HEIGHT="27" WIDTH="40" VPOS="1927" HPOS="569"/>
<SP HEIGHT="42" WIDTH="60" VPOS="1909" HPOS="610"/>
<String CONTENT="illus." HEIGHT="45" WIDTH="117" VPOS="1908" HPOS="671"/>
<SP HEIGHT="52" WIDTH="27" VPOS="1909" HPOS="789"/>
<String CONTENT="(part" HEIGHT="52" WIDTH="126" VPOS="1909" HPOS="817"/>
<SP HEIGHT="35" WIDTH="27" VPOS="1919" HPOS="944"/>
<String CONTENT="col.)" HEIGHT="54" WIDTH="110" VPOS="1906" HPOS="972"/>
<SP HEIGHT="52" WIDTH="36" VPOS="1908" HPOS="1083"/>
<String CONTENT="plates." HEIGHT="51" WIDTH="157" VPOS="1909" HPOS="1120"/>
<SP HEIGHT="43" WIDTH="59" VPOS="1910" HPOS="1278"/>
<String CONTENT="34" HEIGHT="43" WIDTH="53" VPOS="1910" HPOS="1338"/>
<String STYLE="superscript" CONTENT="cm" HEIGHT="17" WIDTH="46" VPOS="1911" HPOS="1398"/>
<String CONTENT="." HEIGHT="8" WIDTH="7" VPOS="1944" HPOS="1451"/>
</TextLine>
<TextLine HEIGHT="54" WIDTH="1775" VPOS="1963" HPOS="519">
<String CONTENT="Title" HEIGHT="45" WIDTH="119" VPOS="1965" HPOS="519"/>
<SP HEIGHT="31" WIDTH="32" VPOS="1979" HPOS="639"/>
<String CONTENT="within" HEIGHT="46" WIDTH="159" VPOS="1963" HPOS="672"/>
<SP HEIGHT="31" WIDTH="31" VPOS="1978" HPOS="832"/>
<String CONTENT="ornamental" HEIGHT="44" WIDTH="283" VPOS="1964" HPOS="864"/>
<SP HEIGHT="45" WIDTH="30" VPOS="1964" HPOS="1148"/>
<String CONTENT="border;" HEIGHT="48" WIDTH="191" VPOS="1966" HPOS="1179"/>
<SP HEIGHT="50" WIDTH="35" VPOS="1964" HPOS="1371"/>
<String CONTENT="illustrated" HEIGHT="45" WIDTH="256" VPOS="1963" HPOS="1407"/>
<SP HEIGHT="45" WIDTH="31" VPOS="1963" HPOS="1664"/>
<String CONTENT="lining-papers" HEIGHT="53" WIDTH="327" VPOS="1964" HPOS="1696"/>
<SP HEIGHT="43" WIDTH="33" VPOS="1966" HPOS="2024"/>
<String CONTENT="in" HEIGHT="43" WIDTH="45" VPOS="1966" HPOS="2058"/>
<SP HEIGHT="27" WIDTH="30" VPOS="1982" HPOS="2104"/>
<String CONTENT="colors." HEIGHT="44" WIDTH="159" VPOS="1965" HPOS="2135"/>
</TextLine>
<TextLine HEIGHT="53" WIDTH="1980" VPOS="2019" HPOS="449">
<String CONTENT="&#169;" HEIGHT="53" WIDTH="52" VPOS="2019" HPOS="449"/>
<SP HEIGHT="53" WIDTH="32" VPOS="2019" HPOS="502"/>
<String CONTENT="Dec." HEIGHT="42" WIDTH="107" VPOS="2021" HPOS="535"/>
<SP HEIGHT="42" WIDTH="34" VPOS="2021" HPOS="643"/>
<String CONTENT="31," HEIGHT="50" WIDTH="64" VPOS="2021" HPOS="678"/>
<SP HEIGHT="49" WIDTH="39" VPOS="2022" HPOS="743"/>
<String CONTENT="1925;" HEIGHT="52" WIDTH="129" VPOS="2019" HPOS="783"/>
<SP HEIGHT="36" WIDTH="34" VPOS="2035" HPOS="913"/>
<String CONTENT="v." HEIGHT="28" WIDTH="41" VPOS="2035" HPOS="948"/>
<SP HEIGHT="41" WIDTH="37" VPOS="2022" HPOS="990"/>
<String CONTENT="1," HEIGHT="49" WIDTH="35" VPOS="2022" HPOS="1028"/>
<SP HEIGHT="51" WIDTH="30" VPOS="2020" HPOS="1064"/>
<String CONTENT="2c." HEIGHT="42" WIDTH="63" VPOS="2020" HPOS="1095"/>
<SP HEIGHT="51" WIDTH="35" VPOS="2020" HPOS="1159"/>
<String CONTENT="Jan." HEIGHT="51" WIDTH="97" VPOS="2020" HPOS="1195"/>
<SP HEIGHT="43" WIDTH="33" VPOS="2019" HPOS="1293"/>
<String CONTENT="2," HEIGHT="52" WIDTH="38" VPOS="2019" HPOS="1327"/>
<SP HEIGHT="50" WIDTH="37" VPOS="2021" HPOS="1366"/>
<String CONTENT="1926;" HEIGHT="52" WIDTH="130" VPOS="2019" HPOS="1404"/>
<SP HEIGHT="37" WIDTH="34" VPOS="2034" HPOS="1535"/>
<String CONTENT="v." HEIGHT="28" WIDTH="41" VPOS="2035" HPOS="1570"/>
<SP HEIGHT="44" WIDTH="31" VPOS="2019" HPOS="1612"/>
<String CONTENT="2," HEIGHT="53" WIDTH="40" VPOS="2019" HPOS="1644"/>
<SP HEIGHT="52" WIDTH="31" VPOS="2020" HPOS="1685"/>
<String CONTENT="2c." HEIGHT="44" WIDTH="65" VPOS="2020" HPOS="1717"/>
<SP HEIGHT="51" WIDTH="34" VPOS="2020" HPOS="1783"/>
<String CONTENT="Jan." HEIGHT="51" WIDTH="98" VPOS="2020" HPOS="1818"/>
<SP HEIGHT="42" WIDTH="32" VPOS="2020" HPOS="1917"/>
<String CONTENT="25;" HEIGHT="53" WIDTH="78" VPOS="2019" HPOS="1950"/>
<SP HEIGHT="37" WIDTH="36" VPOS="2035" HPOS="2029"/>
<String CONTENT="affs." HEIGHT="44" WIDTH="102" VPOS="2020" HPOS="2066"/>
<SP HEIGHT="43" WIDTH="37" VPOS="2020" HPOS="2169"/>
<String CONTENT="May" HEIGHT="52" WIDTH="110" VPOS="2020" HPOS="2207"/>
<SP HEIGHT="51" WIDTH="37" VPOS="2021" HPOS="2318"/>
<String CONTENT="18;" HEIGHT="51" WIDTH="73" VPOS="2021" HPOS="2356"/>
</TextLine>
<TextLine HEIGHT="54" WIDTH="1524" VPOS="2076" HPOS="516">
<!-- cceid 00D0188F-6E1B-1014-9B7B-CA07F191E62B --><String CONTENT="A" HEIGHT="42" WIDTH="43" VPOS="2078" HPOS="516"/>
<SP HEIGHT="42" WIDTH="30" VPOS="2078" HPOS="560"/>
<String CONTENT="891491," HEIGHT="51" WIDTH="177" VPOS="2078" HPOS="591"/>
<SP HEIGHT="52" WIDTH="32" VPOS="2077" HPOS="769"/>
<String CONTENT="891492;" HEIGHT="52" WIDTH="189" VPOS="2077" HPOS="802"/>
<SP HEIGHT="53" WIDTH="36" VPOS="2076" HPOS="992"/>
<String CONTENT="C." HEIGHT="44" WIDTH="47" VPOS="2076" HPOS="1029"/>
<SP HEIGHT="43" WIDTH="36" VPOS="2077" HPOS="1077"/>
<String CONTENT="L." HEIGHT="42" WIDTH="48" VPOS="2077" HPOS="1114"/>
<SP HEIGHT="42" WIDTH="34" VPOS="2078" HPOS="1163"/>
<String CONTENT="Welsh," HEIGHT="52" WIDTH="175" VPOS="2076" HPOS="1198"/>
<SP HEIGHT="52" WIDTH="33" VPOS="2076" HPOS="1374"/>
<String CONTENT="New" HEIGHT="44" WIDTH="117" VPOS="2076" HPOS="1408"/>
<SP HEIGHT="43" WIDTH="31" VPOS="2077" HPOS="1526"/>
<String CONTENT="York." HEIGHT="44" WIDTH="142" VPOS="2077" HPOS="1558"/>
<SP HEIGHT="52" WIDTH="69" VPOS="2078" HPOS="1701"/>
<String CONTENT="(26-11398)" HEIGHT="54" WIDTH="269" VPOS="2076" HPOS="1771"/>
</TextLine>
<TextLine HEIGHT="72" WIDTH="878" VPOS="2146" HPOS="446" STYLEREFS="StyleId-AAF68798-3655-415F-B6D3-C55134A11977-">
<String CONTENT="Williams," HEIGHT="72" WIDTH="328" VPOS="2146" HPOS="446"/>
<SP HEIGHT="70" WIDTH="36" VPOS="2148" HPOS="775"/>
<String CONTENT="Michael," HEIGHT="69" WIDTH="285" VPOS="2146" HPOS="812"/>
<SP HEIGHT="64" WIDTH="37" VPOS="2151" HPOS="1098"/>
<String CONTENT="1878-" HEIGHT="56" WIDTH="188" VPOS="2150" HPOS="1136"/>
</TextLine>
<TextLine HEIGHT="75" WIDTH="1908" VPOS="2224" HPOS="523" STYLEREFS="StyleId-BB46F5C6-F99A-4798-85C4-FC11A993A189-">
<String CONTENT="Little" HEIGHT="57" WIDTH="190" VPOS="2226" HPOS="523"/>
<SP HEIGHT="57" WIDTH="27" VPOS="2226" HPOS="714"/>
<String CONTENT="Brother" HEIGHT="57" WIDTH="272" VPOS="2226" HPOS="742"/>
<SP HEIGHT="56" WIDTH="29" VPOS="2226" HPOS="1015"/>
<String CONTENT="Francis" HEIGHT="58" WIDTH="264" VPOS="2225" HPOS="1045"/>
<SP HEIGHT="38" WIDTH="31" VPOS="2245" HPOS="1310"/>
<String CONTENT="of" HEIGHT="58" WIDTH="67" VPOS="2225" HPOS="1342"/>
<SP HEIGHT="58" WIDTH="27" VPOS="2224" HPOS="1410"/>
<String CONTENT="Assisi," HEIGHT="75" WIDTH="225" VPOS="2224" HPOS="1438"/>
<SP HEIGHT="72" WIDTH="29" VPOS="2227" HPOS="1664"/>
<String CONTENT="by" HEIGHT="70" WIDTH="84" VPOS="2227" HPOS="1694"/>
<SP HEIGHT="71" WIDTH="28" VPOS="2226" HPOS="1779"/>
<String CONTENT="Michael" HEIGHT="57" WIDTH="266" VPOS="2226" HPOS="1808"/>
<SP HEIGHT="58" WIDTH="26" VPOS="2225" HPOS="2075"/>
<String CONTENT="Williams." HEIGHT="58" WIDTH="329" VPOS="2225" HPOS="2102"/>
</TextLine>
<TextLine HEIGHT="76" WIDTH="1457" VPOS="2303" HPOS="446" STYLEREFS="StyleId-BB46F5C6-F99A-4798-85C4-FC11A993A189-">
<String CONTENT="New" HEIGHT="58" WIDTH="150" VPOS="2304" HPOS="446"/>
<SP HEIGHT="58" WIDTH="23" VPOS="2303" HPOS="597"/>
<String CONTENT="York," HEIGHT="76" WIDTH="188" VPOS="2303" HPOS="621"/>
<SP HEIGHT="74" WIDTH="29" VPOS="2305" HPOS="810"/>
<String CONTENT="The" HEIGHT="56" WIDTH="127" VPOS="2305" HPOS="840"/>
<SP HEIGHT="57" WIDTH="29" VPOS="2304" HPOS="968"/>
<String CONTENT="Macmillan" HEIGHT="58" WIDTH="360" VPOS="2303" HPOS="998"/>
<SP HEIGHT="37" WIDTH="26" VPOS="2323" HPOS="1359"/>
<String CONTENT="company," HEIGHT="55" WIDTH="319" VPOS="2321" HPOS="1386"/>
<SP HEIGHT="70" WIDTH="31" VPOS="2306" HPOS="1706"/>
<String CONTENT="1926." HEIGHT="57" WIDTH="165" VPOS="2304" HPOS="1738"/>
</TextLine>
<TextLine HEIGHT="53" WIDTH="747" VPOS="2382" HPOS="700" CS="1">
<String CS="1" CONTENT="5"/>
<SP/>
<String CS="1" CONTENT="p."/>
<SP/>
<String CS="1" CONTENT="l.,"/>
<SP/>
<String CONTENT="188" HEIGHT="44" WIDTH="76" VPOS="2383" HPOS="700"/>
<SP HEIGHT="52" WIDTH="23" VPOS="2383" HPOS="777"/>
<String CONTENT="p." HEIGHT="37" WIDTH="40" VPOS="2398" HPOS="801"/>
<SP HEIGHT="42" WIDTH="60" VPOS="2384" HPOS="842"/>
<String CONTENT="front.," HEIGHT="49" WIDTH="151" VPOS="2384" HPOS="903"/>
<SP HEIGHT="37" WIDTH="26" VPOS="2398" HPOS="1055"/>
<String CONTENT="plates." HEIGHT="53" WIDTH="155" VPOS="2382" HPOS="1082"/>
<SP HEIGHT="41" WIDTH="62" VPOS="2385" HPOS="1238"/>
<String CS="1" CONTENT="19&#189;" HEIGHT="42" WIDTH="50" VPOS="2384" HPOS="1301"/>
<String STYLE="superscript" CONTENT="cm" HEIGHT="17" WIDTH="45" VPOS="2385" HPOS="1385"/>
<String CONTENT="." HEIGHT="9" WIDTH="9" VPOS="2418" HPOS="1438"/>
</TextLine>
<TextLine HEIGHT="113" WIDTH="1689" VPOS="2436" HPOS="448" CS="1">
<String CONTENT="&#169;" HEIGHT="54" WIDTH="53" VPOS="2437" HPOS="448"/>
<SP HEIGHT="54" WIDTH="29" VPOS="2437" HPOS="502"/>
<String CONTENT="May" HEIGHT="51" WIDTH="110" VPOS="2440" HPOS="532"/>
<SP HEIGHT="52" WIDTH="24" VPOS="2439" HPOS="643"/>
<String CONTENT="25," HEIGHT="51" WIDTH="65" VPOS="2437" HPOS="668"/>
<SP HEIGHT="48" WIDTH="31" VPOS="2440" HPOS="734"/>
<String CONTENT="1926" HEIGHT="44" WIDTH="103" VPOS="2437" HPOS="766"/>
<SP HEIGHT="53" WIDTH="14" VPOS="2437" HPOS="870"/>
<String CONTENT=";" HEIGHT="37" WIDTH="9" VPOS="2453" HPOS="885"/>
<SP HEIGHT="52" WIDTH="27" VPOS="2438" HPOS="895"/>
<String CONTENT="2c." HEIGHT="42" WIDTH="63" VPOS="2438" HPOS="923"/>
<SP HEIGHT="27" WIDTH="26" VPOS="2453" HPOS="987"/>
<String CONTENT="and" HEIGHT="43" WIDTH="87" VPOS="2438" HPOS="1014"/>
<SP HEIGHT="43" WIDTH="26" VPOS="2438" HPOS="1102"/>
<String CONTENT="aff." HEIGHT="42" WIDTH="77" VPOS="2438" HPOS="1129"/>
<SP HEIGHT="43" WIDTH="30" VPOS="2437" HPOS="1207"/>
<String CONTENT="May" HEIGHT="52" WIDTH="110" VPOS="2437" HPOS="1238"/>
<SP HEIGHT="52" WIDTH="24" VPOS="2437" HPOS="1349"/>
<String CONTENT="26" HEIGHT="43" WIDTH="54" VPOS="2436" HPOS="1374"/>
<SP HEIGHT="53" WIDTH="13" VPOS="2436" HPOS="1429"/>
<String CONTENT=";" HEIGHT="38" WIDTH="9" VPOS="2451" HPOS="1443"/>
<SP HEIGHT="52" WIDTH="28" VPOS="2437" HPOS="1453"/>
<!-- cceid 00D07C8F-6E1B-1014-9B7B-CA07F191E62B --><String CONTENT="A" HEIGHT="42" WIDTH="44" VPOS="2437" HPOS="1482"/>
<SP HEIGHT="44" WIDTH="27" VPOS="2436" HPOS="1527"/>
<String CONTENT="890941" HEIGHT="44" WIDTH="159" VPOS="2436" HPOS="1555"/>
<SP HEIGHT="50" WIDTH="19" VPOS="2438" HPOS="1715"/>
<String CONTENT=";" HEIGHT="37" WIDTH="9" VPOS="2451" HPOS="1735"/>
<SP HEIGHT="50" WIDTH="32" VPOS="2438" HPOS="1745"/>
<String CONTENT="Macmillan" HEIGHT="44" WIDTH="265" VPOS="2436" HPOS="1778"/>
<SP HEIGHT="27" WIDTH="25" VPOS="2453" HPOS="2044"/>
<String CONTENT="co." HEIGHT="29" WIDTH="67" VPOS="2452" HPOS="2070"/>
<SP/>
<String CONTENT="(26-11391)" HEIGHT="55" WIDTH="269" VPOS="2494" HPOS="527"/>
</TextLine>
<TextLine HEIGHT="73" WIDTH="836" VPOS="2564" HPOS="446" STYLEREFS="StyleId-AAF68798-3655-415F-B6D3-C55134A11977-">
<String LANG="de" CONTENT="Wunder," HEIGHT="68" WIDTH="294" VPOS="2567" HPOS="446"/>
<SP HEIGHT="69" WIDTH="43" VPOS="2566" HPOS="741"/>
<String LANG="en-US" CONTENT="Clinton," HEIGHT="73" WIDTH="266" VPOS="2564" HPOS="785"/>
<SP HEIGHT="69" WIDTH="41" VPOS="2568" HPOS="1052"/>
<String LANG="en-US" CONTENT="1892-" HEIGHT="56" WIDTH="188" VPOS="2568" HPOS="1094"/>
</TextLine>
<TextLine HEIGHT="72" WIDTH="1915" VPOS="2641" HPOS="521" STYLEREFS="StyleId-BB46F5C6-F99A-4798-85C4-FC11A993A189-">
<String CONTENT="&#8220;Crowds" HEIGHT="59" WIDTH="312" VPOS="2643" HPOS="521"/>
<SP HEIGHT="37" WIDTH="43" VPOS="2663" HPOS="834"/>
<String CONTENT="of" HEIGHT="58" WIDTH="68" VPOS="2642" HPOS="878"/>
<SP HEIGHT="57" WIDTH="39" VPOS="2642" HPOS="947"/>
<String CONTENT="souls&#8221;" HEIGHT="57" WIDTH="226" VPOS="2642" HPOS="987"/>
<SP HEIGHT="57" WIDTH="39" VPOS="2641" HPOS="1214"/>
<String CONTENT="for" HEIGHT="58" WIDTH="105" VPOS="2641" HPOS="1254"/>
<SP HEIGHT="55" WIDTH="39" VPOS="2644" HPOS="1360"/>
<String CONTENT="the" HEIGHT="59" WIDTH="102" VPOS="2641" HPOS="1400"/>
<SP HEIGHT="39" WIDTH="43" VPOS="2661" HPOS="1503"/>
<String CONTENT="church" HEIGHT="56" WIDTH="228" VPOS="2643" HPOS="1547"/>
<SP HEIGHT="55" WIDTH="39" VPOS="2643" HPOS="1776"/>
<String CONTENT="and" HEIGHT="57" WIDTH="123" VPOS="2642" HPOS="1816"/>
<SP HEIGHT="59" WIDTH="39" VPOS="2642" HPOS="1940"/>
<String CONTENT="the" HEIGHT="58" WIDTH="101" VPOS="2643" HPOS="1980"/>
<SP HEIGHT="58" WIDTH="40" VPOS="2642" HPOS="2082"/>
<String CONTENT="kingdom," HEIGHT="72" WIDTH="313" VPOS="2641" HPOS="2123"/>
</TextLine>
<TextLine HEIGHT="74" WIDTH="1994" VPOS="2718" HPOS="442" STYLEREFS="StyleId-BB46F5C6-F99A-4798-85C4-FC11A993A189-" CS="1">
<String CONTENT="by" HEIGHT="69" WIDTH="82" VPOS="2723" HPOS="442"/>
<SP HEIGHT="71" WIDTH="32" VPOS="2721" HPOS="525"/>
<String CONTENT="Clinton" HEIGHT="59" WIDTH="250" VPOS="2720" HPOS="558"/>
<SP HEIGHT="58" WIDTH="29" VPOS="2719" HPOS="809"/>
<String LANG="de" CONTENT="Wunder" HEIGHT="58" WIDTH="283" VPOS="2719" HPOS="839"/>
<SP HEIGHT="38" WIDTH="38" VPOS="2738" HPOS="1123"/>
<String CS="1" CONTENT="&#8230;"/>
<SP HEIGHT="37" WIDTH="36" VPOS="2740" HPOS="1225"/>
<String CONTENT="with" HEIGHT="58" WIDTH="151" VPOS="2719" HPOS="1262"/>
<SP HEIGHT="57" WIDTH="32" VPOS="2718" HPOS="1414"/>
<String CONTENT="introduction" HEIGHT="59" WIDTH="425" VPOS="2718" HPOS="1447"/>
<SP HEIGHT="56" WIDTH="32" VPOS="2721" HPOS="1873"/>
<String CONTENT="by" HEIGHT="70" WIDTH="83" VPOS="2721" HPOS="1906"/>
<SP HEIGHT="73" WIDTH="36" VPOS="2718" HPOS="1990"/>
<String CONTENT="Clarence" HEIGHT="60" WIDTH="296" VPOS="2718" HPOS="2027"/>
<SP HEIGHT="56" WIDTH="36" VPOS="2721" HPOS="2324"/>
<String CONTENT="A." HEIGHT="55" WIDTH="75" VPOS="2721" HPOS="2361"/>
</TextLine>
<TextLine HEIGHT="74" WIDTH="1995" VPOS="2795" HPOS="441" STYLEREFS="StyleId-BB46F5C6-F99A-4798-85C4-FC11A993A189-" CS="1">
<String CONTENT="Barbour" HEIGHT="57" WIDTH="292" VPOS="2799" HPOS="441"/>
<SP HEIGHT="36" WIDTH="32" VPOS="2818" HPOS="734"/>
<String CS="1" CONTENT="&#8230;"/>
<SP HEIGHT="56" WIDTH="72" VPOS="2798" HPOS="830"/>
<String CONTENT="New" HEIGHT="57" WIDTH="153" VPOS="2798" HPOS="903"/>
<SP HEIGHT="58" WIDTH="23" VPOS="2797" HPOS="1057"/>
<String CONTENT="York," HEIGHT="71" WIDTH="190" VPOS="2797" HPOS="1081"/>
<SP HEIGHT="73" WIDTH="34" VPOS="2795" HPOS="1272"/>
<String CONTENT="Chicago" HEIGHT="74" WIDTH="269" VPOS="2795" HPOS="1307"/>
<SP HEIGHT="54" WIDTH="34" VPOS="2815" HPOS="1577"/>
<String CONTENT="[etc.]" HEIGHT="68" WIDTH="146" VPOS="2801" HPOS="1612"/>
<SP HEIGHT="71" WIDTH="31" VPOS="2798" HPOS="1759"/>
<String CONTENT="Fleming" HEIGHT="73" WIDTH="287" VPOS="2796" HPOS="1791"/>
<SP HEIGHT="73" WIDTH="28" VPOS="2796" HPOS="2079"/>
<String CONTENT="H." HEIGHT="58" WIDTH="79" VPOS="2796" HPOS="2108"/>
<SP HEIGHT="57" WIDTH="34" VPOS="2797" HPOS="2188"/>
<String CONTENT="Revell" HEIGHT="57" WIDTH="213" VPOS="2797" HPOS="2223"/>
</TextLine>
<TextLine HEIGHT="72" WIDTH="526" VPOS="2875" HPOS="442" STYLEREFS="StyleId-BB46F5C6-F99A-4798-85C4-FC11A993A189-" CS="1">
<String CONTENT="company" HEIGHT="53" WIDTH="306" VPOS="2894" HPOS="442"/>
<SP HEIGHT="53" WIDTH="32" VPOS="2894" HPOS="749"/>
<String CONTENT="[" HEIGHT="43" WIDTH="13" VPOS="2904" HPOS="782"/>
<String STYLE="superscript" CONTENT="c" HEIGHT="23" WIDTH="22" VPOS="2882" HPOS="795"/>
<String CS="1" CONTENT="1926]" HEIGHT="57" WIDTH="149" VPOS="2875" HPOS="819"/>
</TextLine>
<TextLine HEIGHT="55" WIDTH="1078" VPOS="2949" HPOS="512" CS="1">
<String CONTENT="3" HEIGHT="43" WIDTH="25" VPOS="2953" HPOS="512"/>
<SP/>
<String CS="1" CONTENT="p."/>
<SP/>
<String CS="1" CONTENT="l.,"/>
<SP/>
<String CONTENT="5-183" HEIGHT="45" WIDTH="136" VPOS="2951" HPOS="704"/>
<SP HEIGHT="52" WIDTH="27" VPOS="2952" HPOS="841"/>
<String CONTENT="p." HEIGHT="37" WIDTH="39" VPOS="2967" HPOS="869"/>
<SP HEIGHT="44" WIDTH="64" VPOS="2950" HPOS="909"/>
<String CONTENT="front.," HEIGHT="51" WIDTH="156" VPOS="2950" HPOS="974"/>
<SP HEIGHT="52" WIDTH="28" VPOS="2949" HPOS="1131"/>
<String CONTENT="illus.," HEIGHT="54" WIDTH="133" VPOS="2949" HPOS="1160"/>
<SP/>
<String CS="1" CONTENT="pl."/>
<SP HEIGHT="42" WIDTH="62" VPOS="2951" HPOS="1380"/>
<String CS="1" CONTENT="19&#189;cm." HEIGHT="44" WIDTH="147" VPOS="2951" HPOS="1443"/>
</TextLine>
<TextLine HEIGHT="55" WIDTH="1873" VPOS="3007" HPOS="450">
<String CONTENT="&#169;" HEIGHT="54" WIDTH="53" VPOS="3008" HPOS="450"/>
<SP HEIGHT="54" WIDTH="23" VPOS="3008" HPOS="504"/>
<String CONTENT="Apr." HEIGHT="52" WIDTH="110" VPOS="3010" HPOS="528"/>
<SP HEIGHT="42" WIDTH="24" VPOS="3010" HPOS="639"/>
<String CONTENT="24," HEIGHT="48" WIDTH="65" VPOS="3010" HPOS="664"/>
<SP HEIGHT="47" WIDTH="31" VPOS="3011" HPOS="730"/>
<String CONTENT="1926" HEIGHT="44" WIDTH="104" VPOS="3008" HPOS="762"/>
<SP HEIGHT="52" WIDTH="14" VPOS="3008" HPOS="867"/>
<String CONTENT=";" HEIGHT="36" WIDTH="9" VPOS="3024" HPOS="882"/>
<SP HEIGHT="51" WIDTH="27" VPOS="3009" HPOS="892"/>
<String CONTENT="2c." HEIGHT="42" WIDTH="64" VPOS="3009" HPOS="920"/>
<SP HEIGHT="28" WIDTH="28" VPOS="3023" HPOS="985"/>
<String CONTENT="and" HEIGHT="42" WIDTH="87" VPOS="3009" HPOS="1014"/>
<SP HEIGHT="42" WIDTH="24" VPOS="3009" HPOS="1102"/>
<String CONTENT="aff." HEIGHT="43" WIDTH="77" VPOS="3008" HPOS="1127"/>
<SP HEIGHT="42" WIDTH="29" VPOS="3009" HPOS="1205"/>
<String CONTENT="May" HEIGHT="51" WIDTH="111" VPOS="3009" HPOS="1235"/>
<SP HEIGHT="53" WIDTH="27" VPOS="3007" HPOS="1347"/>
<String CONTENT="5" HEIGHT="44" WIDTH="21" VPOS="3007" HPOS="1375"/>
<SP HEIGHT="54" WIDTH="16" VPOS="3007" HPOS="1397"/>
<String CONTENT=";" HEIGHT="38" WIDTH="9" VPOS="3023" HPOS="1414"/>
<SP HEIGHT="53" WIDTH="29" VPOS="3008" HPOS="1424"/>
<!-- cceid 00D0DD54-6E1B-1014-9B7B-CA07F191E62B --><String CONTENT="A" HEIGHT="42" WIDTH="44" VPOS="3008" HPOS="1454"/>
<SP HEIGHT="43" WIDTH="25" VPOS="3008" HPOS="1499"/>
<String CONTENT="890641" HEIGHT="43" WIDTH="160" VPOS="3008" HPOS="1525"/>
<SP HEIGHT="50" WIDTH="17" VPOS="3010" HPOS="1686"/>
<String CONTENT=";" HEIGHT="37" WIDTH="9" VPOS="3023" HPOS="1704"/>
<SP HEIGHT="53" WIDTH="29" VPOS="3007" HPOS="1714"/>
<String CONTENT="Fleming" HEIGHT="55" WIDTH="207" VPOS="3007" HPOS="1744"/>
<SP HEIGHT="53" WIDTH="27" VPOS="3009" HPOS="1952"/>
<String CONTENT="H." HEIGHT="42" WIDTH="60" VPOS="3009" HPOS="1980"/>
<SP HEIGHT="42" WIDTH="30" VPOS="3009" HPOS="2041"/>
<String CONTENT="Revell" HEIGHT="44" WIDTH="159" VPOS="3008" HPOS="2072"/>
<SP HEIGHT="44" WIDTH="25" VPOS="3008" HPOS="2232"/>
<String CONTENT="co." HEIGHT="29" WIDTH="65" VPOS="3023" HPOS="2258"/>
</TextLine>
<TextLine HEIGHT="55" WIDTH="269" VPOS="3065" HPOS="527">
<String CONTENT="(26-11258)" HEIGHT="55" WIDTH="269" VPOS="3065" HPOS="527"/>
</TextLine>
<TextLine HEIGHT="73" WIDTH="1984" VPOS="3136" HPOS="450" STYLEREFS="StyleId-BB46F5C6-F99A-4798-85C4-FC11A993A189-">
<String CONTENT="The" HEIGHT="56" WIDTH="128" VPOS="3139" HPOS="450"/>
<SP HEIGHT="59" WIDTH="42" VPOS="3136" HPOS="579"/>
<String CONTENT="Yarn" HEIGHT="58" WIDTH="175" VPOS="3136" HPOS="622"/>
<SP HEIGHT="40" WIDTH="43" VPOS="3154" HPOS="798"/>
<String CONTENT="of" HEIGHT="56" WIDTH="67" VPOS="3138" HPOS="842"/>
<SP HEIGHT="56" WIDTH="43" VPOS="3138" HPOS="910"/>
<String CONTENT="a" HEIGHT="38" WIDTH="35" VPOS="3156" HPOS="954"/>
<SP HEIGHT="57" WIDTH="43" VPOS="3137" HPOS="990"/>
<String CONTENT="Yankee" HEIGHT="58" WIDTH="251" VPOS="3136" HPOS="1034"/>
<SP HEIGHT="52" WIDTH="45" VPOS="3155" HPOS="1286"/>
<String CONTENT="privateer," HEIGHT="70" WIDTH="336" VPOS="3137" HPOS="1332"/>
<SP HEIGHT="51" WIDTH="49" VPOS="3156" HPOS="1669"/>
<String CONTENT="edited" HEIGHT="58" WIDTH="208" VPOS="3136" HPOS="1719"/>
<SP HEIGHT="57" WIDTH="43" VPOS="3137" HPOS="1928"/>
<String CONTENT="by" HEIGHT="72" WIDTH="82" VPOS="3137" HPOS="1972"/>
<SP HEIGHT="71" WIDTH="44" VPOS="3138" HPOS="2055"/>
<String CONTENT="Nathaniel" HEIGHT="59" WIDTH="334" VPOS="3136" HPOS="2100"/>
</TextLine>
<TextLine HEIGHT="74" WIDTH="1917" VPOS="3211" HPOS="519" STYLEREFS="StyleId-BB46F5C6-F99A-4798-85C4-FC11A993A189-">
<String CONTENT="Hawthorne," HEIGHT="72" WIDTH="404" VPOS="3212" HPOS="519"/>
<SP HEIGHT="72" WIDTH="59" VPOS="3212" HPOS="924"/>
<String CONTENT="introduction" HEIGHT="59" WIDTH="428" VPOS="3211" HPOS="984"/>
<SP HEIGHT="56" WIDTH="55" VPOS="3214" HPOS="1413"/>
<String CONTENT="by" HEIGHT="71" WIDTH="83" VPOS="3214" HPOS="1469"/>
<SP HEIGHT="73" WIDTH="61" VPOS="3212" HPOS="1553"/>
<String CONTENT="Clifford" HEIGHT="58" WIDTH="268" VPOS="3212" HPOS="1615"/>
<SP HEIGHT="59" WIDTH="62" VPOS="3212" HPOS="1884"/>
<String CONTENT="Smyth." HEIGHT="72" WIDTH="239" VPOS="3212" HPOS="1947"/>
<SP HEIGHT="57" WIDTH="101" VPOS="3213" HPOS="2187"/>
<String CONTENT="New" HEIGHT="57" WIDTH="147" VPOS="3213" HPOS="2289"/>
</TextLine>
<TextLine HEIGHT="72" WIDTH="1842" VPOS="3290" HPOS="519" STYLEREFS="StyleId-BB46F5C6-F99A-4798-85C4-FC11A993A189-">
<String CONTENT="York" HEIGHT="57" WIDTH="173" VPOS="3291" HPOS="519"/>
<SP HEIGHT="57" WIDTH="29" VPOS="3292" HPOS="693"/>
<String CONTENT="and" HEIGHT="59" WIDTH="124" VPOS="3290" HPOS="723"/>
<SP HEIGHT="57" WIDTH="28" VPOS="3290" HPOS="848"/>
<String CONTENT="London," HEIGHT="70" WIDTH="278" VPOS="3291" HPOS="877"/>
<SP HEIGHT="71" WIDTH="33" VPOS="3290" HPOS="1156"/>
<String CONTENT="Funk" HEIGHT="57" WIDTH="181" VPOS="3290" HPOS="1190"/>
<SP HEIGHT="56" WIDTH="29" VPOS="3291" HPOS="1372"/>
<String CONTENT="&amp;" HEIGHT="56" WIDTH="47" VPOS="3291" HPOS="1402"/>
<SP HEIGHT="58" WIDTH="28" VPOS="3290" HPOS="1450"/>
<String CONTENT="Wagnalls" HEIGHT="72" WIDTH="323" VPOS="3290" HPOS="1479"/>
<SP HEIGHT="39" WIDTH="33" VPOS="3310" HPOS="1803"/>
<String CONTENT="company," HEIGHT="54" WIDTH="322" VPOS="3308" HPOS="1837"/>
<SP HEIGHT="69" WIDTH="34" VPOS="3292" HPOS="2160"/>
<String CONTENT="1926." HEIGHT="57" WIDTH="166" VPOS="3291" HPOS="2195"/>
</TextLine>
<TextLine HEIGHT="54" WIDTH="1838" VPOS="3365" HPOS="513" CS="1">
<String CONTENT="xviii," HEIGHT="52" WIDTH="128" VPOS="3366" HPOS="513"/>
<SP HEIGHT="50" WIDTH="31" VPOS="3368" HPOS="642"/>
<String CONTENT="308" HEIGHT="43" WIDTH="82" VPOS="3367" HPOS="674"/>
<SP HEIGHT="52" WIDTH="28" VPOS="3367" HPOS="757"/>
<String CONTENT="p." HEIGHT="37" WIDTH="40" VPOS="3382" HPOS="786"/>
<SP HEIGHT="42" WIDTH="62" VPOS="3367" HPOS="827"/>
<String CS="1" CONTENT="front." HEIGHT="41" WIDTH="129" VPOS="3367" HPOS="890"/>
<SP HEIGHT="53" WIDTH="27" VPOS="3366" HPOS="1031"/>
<String CONTENT="(port.)" HEIGHT="53" WIDTH="170" VPOS="3366" HPOS="1059"/>
<SP HEIGHT="52" WIDTH="39" VPOS="3367" HPOS="1230"/>
<String CONTENT="plates" HEIGHT="53" WIDTH="145" VPOS="3366" HPOS="1270"/>
<SP HEIGHT="53" WIDTH="24" VPOS="3366" HPOS="1416"/>
<String CONTENT="(1" HEIGHT="53" WIDTH="46" VPOS="3366" HPOS="1441"/>
<SP HEIGHT="44" WIDTH="36" VPOS="3365" HPOS="1488"/>
<String CONTENT="double)" HEIGHT="54" WIDTH="192" VPOS="3365" HPOS="1525"/>
<SP HEIGHT="52" WIDTH="42" VPOS="3367" HPOS="1718"/>
<String CONTENT="double" HEIGHT="45" WIDTH="166" VPOS="3366" HPOS="1761"/>
<SP HEIGHT="44" WIDTH="35" VPOS="3367" HPOS="1928"/>
<String CONTENT="facsim." HEIGHT="44" WIDTH="179" VPOS="3366" HPOS="1964"/>
<SP HEIGHT="40" WIDTH="60" VPOS="3369" HPOS="2144"/>
<String CS="1" CONTENT="19&#189;cm." HEIGHT="43" WIDTH="146" VPOS="3368" HPOS="2205"/>
</TextLine>
<TextLine HEIGHT="55" WIDTH="1920" VPOS="3421" HPOS="518">
<String CONTENT="Originally" HEIGHT="55" WIDTH="259" VPOS="3421" HPOS="518"/>
<SP HEIGHT="39" WIDTH="41" VPOS="3437" HPOS="778"/>
<String CONTENT="published," HEIGHT="54" WIDTH="256" VPOS="3421" HPOS="820"/>
<SP HEIGHT="36" WIDTH="45" VPOS="3439" HPOS="1077"/>
<String CONTENT="except" HEIGHT="45" WIDTH="164" VPOS="3430" HPOS="1123"/>
<SP HEIGHT="35" WIDTH="42" VPOS="3430" HPOS="1288"/>
<String CONTENT="one" HEIGHT="28" WIDTH="87" VPOS="3437" HPOS="1331"/>
<SP HEIGHT="43" WIDTH="46" VPOS="3422" HPOS="1419"/>
<String CONTENT="instalment," HEIGHT="52" WIDTH="280" VPOS="3422" HPOS="1466"/>
<SP HEIGHT="51" WIDTH="43" VPOS="3423" HPOS="1747"/>
<String CONTENT="in" HEIGHT="43" WIDTH="46" VPOS="3423" HPOS="1791"/>
<SP HEIGHT="42" WIDTH="47" VPOS="3423" HPOS="1838"/>
<String CONTENT="&#8220;The" HEIGHT="45" WIDTH="129" VPOS="3421" HPOS="1886"/>
<SP HEIGHT="44" WIDTH="44" VPOS="3422" HPOS="2016"/>
<String CONTENT="United" HEIGHT="46" WIDTH="173" VPOS="3421" HPOS="2061"/>
<SP HEIGHT="47" WIDTH="50" VPOS="3422" HPOS="2235"/>
<String CONTENT="States" HEIGHT="47" WIDTH="152" VPOS="3422" HPOS="2286"/>
</TextLine>
<TextLine HEIGHT="112" WIDTH="1991" VPOS="3477" HPOS="445" CS="1">
<String CONTENT="magazine" HEIGHT="53" WIDTH="238" VPOS="3478" HPOS="445"/>
<SP HEIGHT="28" WIDTH="26" VPOS="3494" HPOS="684"/>
<String CONTENT="and" HEIGHT="44" WIDTH="90" VPOS="3478" HPOS="711"/>
<SP HEIGHT="43" WIDTH="28" VPOS="3478" HPOS="802"/>
<String CONTENT="Democratic" HEIGHT="44" WIDTH="296" VPOS="3478" HPOS="831"/>
<SP HEIGHT="29" WIDTH="28" VPOS="3493" HPOS="1128"/>
<String CONTENT="review&#8221;," HEIGHT="51" WIDTH="208" VPOS="3477" HPOS="1157"/>
<SP HEIGHT="53" WIDTH="27" VPOS="3478" HPOS="1366"/>
<String CONTENT="January" HEIGHT="54" WIDTH="208" VPOS="3478" HPOS="1394"/>
<SP HEIGHT="45" WIDTH="25" VPOS="3487" HPOS="1603"/>
<String CONTENT="to" HEIGHT="35" WIDTH="48" VPOS="3487" HPOS="1629"/>
<SP HEIGHT="46" WIDTH="28" VPOS="3478" HPOS="1678"/>
<String CONTENT="September," HEIGHT="53" WIDTH="280" VPOS="3478" HPOS="1707"/>
<SP HEIGHT="50" WIDTH="31" VPOS="3481" HPOS="1988"/>
<String CONTENT="1846." HEIGHT="44" WIDTH="118" VPOS="3479" HPOS="2020"/>
<SP HEIGHT="44" WIDTH="58" VPOS="3477" HPOS="2139"/>
<String CONTENT="The" HEIGHT="45" WIDTH="101" VPOS="3477" HPOS="2198"/>
<SP HEIGHT="28" WIDTH="29" VPOS="3494" HPOS="2300"/>
<String CONTENT="running" HEIGHT="95" WIDTH="1971" VPOS="3494" HPOS="446"/>
<SP HEIGHT="47" WIDTH="31" VPOS="3542" HPOS="558"/>
<String CONTENT="title" HEIGHT="45" WIDTH="99" VPOS="3533" HPOS="590"/>
<SP HEIGHT="38" WIDTH="31" VPOS="3550" HPOS="690"/>
<String CONTENT="given" HEIGHT="54" WIDTH="137" VPOS="3534" HPOS="722"/>
<SP HEIGHT="35" WIDTH="31" VPOS="3543" HPOS="860"/>
<String CONTENT="to" HEIGHT="35" WIDTH="47" VPOS="3543" HPOS="892"/>
<SP HEIGHT="35" WIDTH="33" VPOS="3543" HPOS="940"/>
<String CONTENT="the" HEIGHT="45" WIDTH="76" VPOS="3535" HPOS="974"/>
<SP HEIGHT="30" WIDTH="33" VPOS="3550" HPOS="1051"/>
<String CONTENT="serial" HEIGHT="45" WIDTH="139" VPOS="3533" HPOS="1085"/>
<SP HEIGHT="44" WIDTH="31" VPOS="3535" HPOS="1225"/>
<String CONTENT="was" HEIGHT="30" WIDTH="97" VPOS="3549" HPOS="1257"/>
<SP HEIGHT="42" WIDTH="34" VPOS="3535" HPOS="1355"/>
<String CONTENT="&#8220;Papers" HEIGHT="52" WIDTH="201" VPOS="3535" HPOS="1390"/>
<SP HEIGHT="28" WIDTH="34" VPOS="3550" HPOS="1592"/>
<String CONTENT="of" HEIGHT="43" WIDTH="52" VPOS="3535" HPOS="1627"/>
<SP HEIGHT="44" WIDTH="35" VPOS="3535" HPOS="1680"/>
<String CONTENT="an" HEIGHT="29" WIDTH="58" VPOS="3550" HPOS="1716"/>
<SP HEIGHT="28" WIDTH="33" VPOS="3550" HPOS="1775"/>
<String CONTENT="old" HEIGHT="44" WIDTH="78" VPOS="3535" HPOS="1809"/>
<SP HEIGHT="43" WIDTH="34" VPOS="3536" HPOS="1888"/>
<String CONTENT="Dartmoor" HEIGHT="42" WIDTH="256" VPOS="3537" HPOS="1923"/>
<SP HEIGHT="38" WIDTH="33" VPOS="3550" HPOS="2180"/>
<String CONTENT="prisoner," HEIGHT="53" WIDTH="222" VPOS="3535" HPOS="2214"/>
</TextLine>
<TextLine HEIGHT="55" WIDTH="1991" VPOS="3589" HPOS="445">
<String CONTENT="edited" HEIGHT="44" WIDTH="152" VPOS="3590" HPOS="445"/>
<SP HEIGHT="44" WIDTH="29" VPOS="3590" HPOS="598"/>
<String CONTENT="by" HEIGHT="52" WIDTH="60" VPOS="3592" HPOS="628"/>
<SP HEIGHT="53" WIDTH="26" VPOS="3591" HPOS="689"/>
<String CONTENT="Nathaniel" HEIGHT="45" WIDTH="251" VPOS="3590" HPOS="716"/>
<SP HEIGHT="43" WIDTH="29" VPOS="3590" HPOS="968"/>
<String CONTENT="Hawthorne&#8221;." HEIGHT="45" WIDTH="333" VPOS="3590" HPOS="998"/>
<SP HEIGHT="45" WIDTH="58" VPOS="3589" HPOS="1332"/>
<String CONTENT="The" HEIGHT="45" WIDTH="101" VPOS="3589" HPOS="1391"/>
<SP HEIGHT="27" WIDTH="29" VPOS="3607" HPOS="1493"/>
<String CONTENT="unpublished" HEIGHT="53" WIDTH="307" VPOS="3590" HPOS="1523"/>
<SP HEIGHT="44" WIDTH="30" VPOS="3590" HPOS="1831"/>
<String CONTENT="instalment" HEIGHT="45" WIDTH="268" VPOS="3590" HPOS="1862"/>
<SP HEIGHT="35" WIDTH="27" VPOS="3599" HPOS="2131"/>
<String CONTENT="was" HEIGHT="29" WIDTH="97" VPOS="3606" HPOS="2159"/>
<SP HEIGHT="43" WIDTH="32" VPOS="3592" HPOS="2257"/>
<String CONTENT="found" HEIGHT="43" WIDTH="146" VPOS="3592" HPOS="2290"/>
</TextLine>
<TextLine HEIGHT="55" WIDTH="1992" VPOS="3645" HPOS="445">
<String CONTENT="in" HEIGHT="43" WIDTH="47" VPOS="3646" HPOS="445"/>
<SP HEIGHT="28" WIDTH="31" VPOS="3661" HPOS="493"/>
<String CONTENT="manuscript" HEIGHT="53" WIDTH="285" VPOS="3646" HPOS="525"/>
<SP HEIGHT="36" WIDTH="31" VPOS="3654" HPOS="811"/>
<String CONTENT="among" HEIGHT="38" WIDTH="171" VPOS="3661" HPOS="843"/>
<SP HEIGHT="54" WIDTH="31" VPOS="3645" HPOS="1015"/>
<String CONTENT="Hawthorne&#8217;s" HEIGHT="46" WIDTH="331" VPOS="3645" HPOS="1047"/>
<SP HEIGHT="38" WIDTH="32" VPOS="3662" HPOS="1379"/>
<String CONTENT="papers." HEIGHT="38" WIDTH="175" VPOS="3662" HPOS="1412"/>
<SP HEIGHT="42" WIDTH="60" VPOS="3648" HPOS="1588"/>
<String CONTENT="It" HEIGHT="43" WIDTH="42" VPOS="3648" HPOS="1649"/>
<SP HEIGHT="44" WIDTH="32" VPOS="3647" HPOS="1692"/>
<String CONTENT="is" HEIGHT="43" WIDTH="38" VPOS="3647" HPOS="1725"/>
<SP HEIGHT="35" WIDTH="32" VPOS="3655" HPOS="1764"/>
<String CONTENT="thought" HEIGHT="53" WIDTH="198" VPOS="3647" HPOS="1797"/>
<SP HEIGHT="36" WIDTH="32" VPOS="3655" HPOS="1996"/>
<String CONTENT="that" HEIGHT="44" WIDTH="99" VPOS="3647" HPOS="2029"/>
<SP HEIGHT="38" WIDTH="31" VPOS="3654" HPOS="2129"/>
<String CONTENT="the" HEIGHT="45" WIDTH="77" VPOS="3647" HPOS="2161"/>
<SP HEIGHT="29" WIDTH="31" VPOS="3663" HPOS="2239"/>
<String CONTENT="author" HEIGHT="45" WIDTH="166" VPOS="3647" HPOS="2271"/>
</TextLine>
<TextLine HEIGHT="123" WIDTH="1991" VPOS="3692" HPOS="446" CS="1">
<String CONTENT="of" HEIGHT="44" WIDTH="54" VPOS="3702" HPOS="447"/>
<SP HEIGHT="44" WIDTH="32" VPOS="3702" HPOS="502"/>
<String CONTENT="the" HEIGHT="45" WIDTH="75" VPOS="3702" HPOS="535"/>
<SP HEIGHT="29" WIDTH="33" VPOS="3718" HPOS="611"/>
<String CONTENT="story" HEIGHT="44" WIDTH="128" VPOS="3711" HPOS="645"/>
<SP HEIGHT="37" WIDTH="33" VPOS="3718" HPOS="774"/>
<String CONTENT="may" HEIGHT="37" WIDTH="108" VPOS="3718" HPOS="808"/>
<SP HEIGHT="53" WIDTH="30" VPOS="3702" HPOS="917"/>
<String CONTENT="have" HEIGHT="44" WIDTH="117" VPOS="3702" HPOS="948"/>
<SP HEIGHT="42" WIDTH="32" VPOS="3704" HPOS="1066"/>
<String CONTENT="been" HEIGHT="42" WIDTH="114" VPOS="3704" HPOS="1099"/>
<SP HEIGHT="53" WIDTH="33" VPOS="3703" HPOS="1214"/>
<String CONTENT="John" HEIGHT="53" WIDTH="123" VPOS="3703" HPOS="1248"/>
<SP HEIGHT="58" WIDTH="36" VPOS="3692" HPOS="1372"/>
<String CS="1" CONTENT="Lord," HEIGHT="54" WIDTH="98" VPOS="3702" HPOS="1450"/>
<SP HEIGHT="51" WIDTH="34" VPOS="3705" HPOS="1549"/>
<String CONTENT="brother" HEIGHT="44" WIDTH="190" VPOS="3703" HPOS="1584"/>
<SP HEIGHT="29" WIDTH="32" VPOS="3718" HPOS="1775"/>
<String CONTENT="of" HEIGHT="44" WIDTH="54" VPOS="3703" HPOS="1808"/>
<SP HEIGHT="43" WIDTH="37" VPOS="3703" HPOS="1863"/>
<String CONTENT="Hawthorne&#8217;s" HEIGHT="45" WIDTH="331" VPOS="3704" HPOS="1901"/>
<SP HEIGHT="38" WIDTH="34" VPOS="3719" HPOS="2233"/>
<String CONTENT="grandmother," HEIGHT="108" WIDTH="1969" VPOS="3703" HPOS="446"/>
<SP HEIGHT="53" WIDTH="29" VPOS="3758" HPOS="640"/>
<String CONTENT="Miriam" HEIGHT="44" WIDTH="191" VPOS="3758" HPOS="670"/>
<SP HEIGHT="52" WIDTH="37" VPOS="3760" HPOS="862"/>
<String CS="1" CONTENT="(Lord)" HEIGHT="55" WIDTH="178" VPOS="3757" HPOS="900"/>
<SP HEIGHT="54" WIDTH="37" VPOS="3758" HPOS="1079"/>
<String CONTENT="Manning." HEIGHT="54" WIDTH="240" VPOS="3758" HPOS="1117"/>
<SP HEIGHT="43" WIDTH="61" VPOS="3759" HPOS="1358"/>
<String CONTENT="He" HEIGHT="44" WIDTH="75" VPOS="3759" HPOS="1420"/>
<SP HEIGHT="28" WIDTH="29" VPOS="3775" HPOS="1496"/>
<String CONTENT="was" HEIGHT="29" WIDTH="96" VPOS="3774" HPOS="1526"/>
<SP HEIGHT="36" WIDTH="28" VPOS="3767" HPOS="1623"/>
<String CONTENT="taken" HEIGHT="44" WIDTH="138" VPOS="3760" HPOS="1652"/>
<SP HEIGHT="39" WIDTH="30" VPOS="3774" HPOS="1791"/>
<String CONTENT="prisoner" HEIGHT="54" WIDTH="213" VPOS="3759" HPOS="1822"/>
<SP HEIGHT="44" WIDTH="27" VPOS="3760" HPOS="2036"/>
<String CONTENT="by" HEIGHT="55" WIDTH="60" VPOS="3760" HPOS="2064"/>
<SP HEIGHT="47" WIDTH="27" VPOS="3768" HPOS="2125"/>
<String CONTENT="the" HEIGHT="44" WIDTH="79" VPOS="3760" HPOS="2153"/>
<SP HEIGHT="43" WIDTH="29" VPOS="3761" HPOS="2233"/>
<String CONTENT="British" HEIGHT="45" WIDTH="174" VPOS="3759" HPOS="2263"/>
</TextLine>
<TextLine HEIGHT="56" WIDTH="1432" VPOS="3812" HPOS="446">
<String CONTENT="in" HEIGHT="45" WIDTH="46" VPOS="3812" HPOS="446"/>
<SP HEIGHT="37" WIDTH="25" VPOS="3821" HPOS="493"/>
<String CONTENT="the" HEIGHT="44" WIDTH="77" VPOS="3814" HPOS="519"/>
<SP HEIGHT="29" WIDTH="25" VPOS="3829" HPOS="597"/>
<String CONTENT="war" HEIGHT="29" WIDTH="98" VPOS="3829" HPOS="623"/>
<SP HEIGHT="28" WIDTH="27" VPOS="3830" HPOS="722"/>
<String CONTENT="of" HEIGHT="43" WIDTH="53" VPOS="3815" HPOS="750"/>
<SP HEIGHT="42" WIDTH="30" VPOS="3815" HPOS="804"/>
<String CONTENT="1812," HEIGHT="51" WIDTH="117" VPOS="3815" HPOS="835"/>
<SP HEIGHT="36" WIDTH="29" VPOS="3830" HPOS="953"/>
<String CONTENT="and" HEIGHT="44" WIDTH="89" VPOS="3814" HPOS="983"/>
<SP HEIGHT="45" WIDTH="30" VPOS="3814" HPOS="1073"/>
<String CONTENT="confined" HEIGHT="45" WIDTH="212" VPOS="3814" HPOS="1104"/>
<SP HEIGHT="44" WIDTH="26" VPOS="3814" HPOS="1317"/>
<String CONTENT="in" HEIGHT="44" WIDTH="46" VPOS="3814" HPOS="1344"/>
<SP HEIGHT="42" WIDTH="29" VPOS="3816" HPOS="1391"/>
<String CONTENT="Dartmoor" HEIGHT="43" WIDTH="255" VPOS="3816" HPOS="1421"/>
<SP HEIGHT="38" WIDTH="28" VPOS="3830" HPOS="1677"/>
<String CONTENT="prison." HEIGHT="53" WIDTH="172" VPOS="3815" HPOS="1706"/>
</TextLine>
<TextLine HEIGHT="116" WIDTH="1897" VPOS="3870" HPOS="452" CS="1">
<String CONTENT="&#169;" HEIGHT="55" WIDTH="53" VPOS="3870" HPOS="452"/>
<SP HEIGHT="55" WIDTH="27" VPOS="3870" HPOS="506"/>
<String CONTENT="Apr." HEIGHT="52" WIDTH="110" VPOS="3871" HPOS="534"/>
<SP HEIGHT="41" WIDTH="27" VPOS="3872" HPOS="645"/>
<String CONTENT="28," HEIGHT="49" WIDTH="64" VPOS="3872" HPOS="673"/>
<SP HEIGHT="47" WIDTH="33" VPOS="3874" HPOS="738"/>
<String CONTENT="1926;" HEIGHT="53" WIDTH="128" VPOS="3871" HPOS="772"/>
<SP HEIGHT="51" WIDTH="28" VPOS="3873" HPOS="901"/>
<String CONTENT="2c," HEIGHT="45" WIDTH="65" VPOS="3873" HPOS="930"/>
<SP HEIGHT="30" WIDTH="26" VPOS="3888" HPOS="996"/>
<String CONTENT="and" HEIGHT="43" WIDTH="87" VPOS="3873" HPOS="1023"/>
<SP HEIGHT="44" WIDTH="27" VPOS="3873" HPOS="1111"/>
<String CONTENT="aff." HEIGHT="45" WIDTH="78" VPOS="3872" HPOS="1139"/>
<SP HEIGHT="43" WIDTH="29" VPOS="3874" HPOS="1218"/>
<String CONTENT="May" HEIGHT="51" WIDTH="111" VPOS="3874" HPOS="1248"/>
<SP HEIGHT="50" WIDTH="30" VPOS="3875" HPOS="1360"/>
<String CONTENT="10;" HEIGHT="51" WIDTH="74" VPOS="3873" HPOS="1391"/>
<SP HEIGHT="51" WIDTH="30" VPOS="3873" HPOS="1466"/>
<!-- cceid 00D13B10-6E1B-1014-9B7B-CA07F191E62B --><String CONTENT="A" HEIGHT="42" WIDTH="44" VPOS="3873" HPOS="1497"/>
<SP HEIGHT="43" WIDTH="29" VPOS="3873" HPOS="1542"/>
<String CONTENT="891386;" HEIGHT="55" WIDTH="186" VPOS="3873" HPOS="1572"/>
<SP HEIGHT="56" WIDTH="33" VPOS="3872" HPOS="1759"/>
<String CONTENT="Funk" HEIGHT="48" WIDTH="131" VPOS="3872" HPOS="1793"/>
<SP HEIGHT="46" WIDTH="27" VPOS="3874" HPOS="1925"/>
<String CONTENT="&amp;" HEIGHT="44" WIDTH="37" VPOS="3874" HPOS="1953"/>
<SP HEIGHT="47" WIDTH="26" VPOS="3874" HPOS="1991"/>
<String CONTENT="Wagnalls" HEIGHT="55" WIDTH="238" VPOS="3873" HPOS="2018"/>
<SP HEIGHT="29" WIDTH="26" VPOS="3888" HPOS="2257"/>
<String CONTENT="co." HEIGHT="29" WIDTH="65" VPOS="3888" HPOS="2284"/>
<SP/>
<String CONTENT="(26-11269)" HEIGHT="59" WIDTH="268" VPOS="3927" HPOS="531"/>
</TextLine>
</TextBlock>
</PrintSpace>
</Page>
</Layout>
</alto>