2542 4285
0 0 0 0 448
351 388 53 54 ©
438 392 116 41 Mar.
591 391 64 50 18,
692 390 129 52 1926;
855 390 64 44 2c.
955 392 111 51 Apr.
1103 390 75 54 15;
1214 393 80 42 aff.
1327 392 112 52 Apr.
1473 394 50 51 9;
1560 394 44 42 A
1637 394 189 53 891030;
1865 394 186 45 Charles
2091 395 247 47 Scribner’s

434 462 115 28 sons.
619 445 241 55 (26-8897)

353 544 297 73 Woolley,
687 544 226 59 Edwin
946 545 337 73 Campbell,
1320 549 355 56 1878-1916.

427 648 150 57 New
606 648 351 57 Handbook
988 648 67 57 of
1086 649 441 71 composition;
1559 651 166 59 rules
1758 652 123 57 and
1913 652 305 59 exercises
351 673 1967 126 regarding

683 727 161 71 good
906 726 285 72 English,
1256 745 337 54 grammar,
1659 731 284 55 sentence
2011 733 331 70 structure,

348 804 493 72 paragraphing,
915 804 390 71 manuscript
1380 809 460 69 arrangement,
1915 808 429 72 punctuation,

353 882 282 72 spelling,
671 900 185 52 essay
887 881 273 72 writing,
1196 882 325 73 outlining,
1555 883 188 57 letter
1773 883 272 75 writing,
2084 887 124 56 and
2239 886 104 58 the

348 958 1992 76 making of bibliographies, by Edwin C. Woolley … Rev.
351 1036 1993 74 and enl. by Franklin W. Scott … Boston, New York
353 1119 145 70 [etc.]
529 1115 71 56 D.
634 1113 63 59 C.
730 1114 211 57 Heath
969 1116 123 58 and
1120 1133 306 53 company
1455 1143 13 44 [
1472 1123 18 22 c
1493 1116 162 73 1926]

417 1205 159 51 xxviii,
607 1206 78 43 341
718 1219 40 39 p.
818 1203 116 45 illus.
1022 1202 25 46 17
1054 1206 47 19 cm
1106 1239 10 9 .

417 1275 142 44 Table
593 1290 58 29 on
684 1275 117 43 back
832 1274 314 54 lining-paper.

346 1345 54 53 ©
429 1347 112 51 Apr.
574 1346 63 51 14,
672 1345 128 53 1926;
831 1345 65 43 2c.
928 1345 112 52 Apr.
1069 1345 79 52 23;
1181 1345 78 43 aff.
1290 1345 112 52 Apr.
1434 1345 79 52 21;
1548 1345 42 43 A
1623 1345 187 53 890460;
1846 1348 56 42 D.
1938 1346 49 45 C.
2020 1347 155 45 Heath
2206 1349 38 43 &
2274 1363 66 30 co.

439 1400 241 56 (26-9330)

348 1499 298 74 Woolley,
681 1502 153 55 Mrs.
870 1498 198 59 Helen
1104 1498 322 58 Bradford
1468 1499 413 74 (Thompson)
1926 1503 190 57 1874-

408 1608 104 55 An
535 1604 450 73 experimental
1009 1606 188 72 study
1222 1606 67 60 of
1314 1604 280 60 children
1617 1610 64 54 at
1701 1606 174 58 work
1899 1607 123 58 and
2045 1608 65 56 in
2136 1608 204 58 school

351 1685 273 58 between
673 1683 104 58 the
829 1702 147 54 ages
1031 1683 67 58 of
1148 1684 292 57 fourteen
1493 1683 124 59 and
1668 1683 286 72 eighteen
2002 1703 208 53 years,
2260 1687 81 70 by

350 1759 1992 74 Helen Thompson Woolley … New York, The Macmillan
350 1856 321 55 company,
700 1838 165 60 1926.

483 1964 9 18 xv,
519 1929 82 46 762
623 1944 42 37 p.
692 1929 71 44 incl.
820 1925 134 55 illus.,
981 1927 161 53 forms,
1166 1928 157 45 tables.
1380 1927 152 46 24½cm.

420 2000 336 45 “References”
781 2007 48 38 at
853 2001 88 44 end
962 2000 53 44 of
1038 2009 121 36 most
1183 1999 54 46 of
1259 1998 76 47 the
1358 1998 221 52 chapters.

344 2065 54 54 ©
422 2068 111 51 Apr.
561 2069 38 48 6,
628 2066 107 44 1926;
783 2066 65 43 2c.
875 2066 86 43 and
988 2066 78 43 aff.
1094 2066 112 52 Apr.
1234 2064 24 45 7;
1314 2065 42 43 A
1386 2063 161 45 890235;
1606 2064 264 44 Macmillan
1894 2081 66 28 co.

423 2123 240 55 (26-8360)

346 2221 175 73 Yule,
561 2222 222 57 Emma
821 2221 285 73 Sarepta.

429 2314 239 60 Stories
706 2317 169 56 from
910 2315 321 70 Japanese
1267 2311 248 74 history
1551 2315 105 56 for
1691 2315 154 70 boys
1886 2315 123 58 and
2047 2311 175 75 girls,
2259 2316 81 70 by

350 2390 1988 73 Emma Sarepta Yule … Boston, New York [etc.] D. C.
349 2470 210 57 Heath
590 2472 124 56 and
744 2487 306 54 company
1085 2498 13 43 [
1101 2477 17 21 c
1122 2469 164 72 1926]

483 2596 10 17 vii,
526 2564 68 47 [1],
623 2562 82 43 248
734 2574 42 38 p.
837 2558 117 46 illus.
981 2558 98 52 (incl.
1138 2559 171 52 ports.)
1381 2561 48 44 19
1436 2561 15 17 cm
1489 2593 8 9 .

340 2627 56 53 ©
425 2629 112 52 Apr.
565 2630 38 49 9,
636 2628 129 52 1926;
796 2627 64 43 2c.
889 2627 113 53 Apr.
1034 2626 74 53 16;
1141 2627 77 43 aff.
1250 2626 112 52 Apr.
1398 2627 73 51 14;
1503 2626 44 42 A
1577 2626 189 52 890412;
1800 2627 57 44 D.
1890 2625 49 45 C.
1970 2626 154 44 Heath
2153 2626 87 43 and
2272 2640 65 29 co.

422 2685 240 54 (26-9204)

345 2782 238 74 Zaugg,
620 2781 245 61 Walter
895 2781 76 58 A.

424 2869 1917 76 The government of Ohio, by Walter A. Zaugg … and
344 2947 1994 74 J. L. Clifton … New York, Cincinnati [etc.] American
340 3029 160 58 book
530 3048 304 52 company
869 3057 13 44 [
882 3037 20 21 c
907 3029 164 71 1926]

414 3118 329 54 96 p. 18½ cm .
416 3190 125 44 “The
566 3190 293 43 constitution
884 3189 50 43 of
958 3188 75 45 the
1062 3195 115 37 state
1202 3187 52 44 of
1280 3187 147 44 Ohio”
1443 3201 10 30 :
1483 3203 38 37 p.
1548 3187 147 44 39-93.

416 3245 199 47 “Source
643 3245 208 45 material
879 3245 75 44 for
980 3244 232 44 teachers”
1241 3251 46 37 at
1316 3244 86 45 end
1433 3243 50 45 of
1510 3252 119 36 most
1655 3243 51 45 of
1733 3242 75 46 the
1837 3242 222 53 chapters.

343 3315 53 54 ©
430 3318 118 42 Mar.
588 3318 34 49 1,
659 3316 129 52 1926;
823 3316 64 43 2c.
922 3316 87 43 and
1042 3316 79 42 aff.
1157 3315 111 51 Apr.
1303 3315 50 51 9;
1391 3314 44 42 A
1470 3312 187 53 888666;
1695 3312 248 44 American
1972 3313 121 43 book
2126 3327 65 29 co.

421 3372 240 56 (26-8607)

346 3471 180 71 Zech,
565 3471 175 72 Paul,
782 3473 190 57 1881-

490 3556 1841 78 … Peregrins heimkehr, ein roman in sieben büchern.
345 3641 234 73 Berlin,
604 3641 60 57 J.
692 3639 78 57 H.
794 3639 97 58 W.
918 3639 181 58 Dietz
1122 3638 385 72 nachfolger,
1536 3638 165 56 1925.

411 3732 93 52 384,
534 3733 51 46 [2]
613 3746 40 38 p.
715 3732 52 44 19
772 3734 46 18 cm
826 3768 8 8 .

344 3794 1990 59 © Nov. 26, 1925; 1c. Mar. 9, 1926; A—Foreign 30516; J. H. W. Dietz
412 3856 148 45 nachf.
630 3855 240 55 (26-9220)
