2542 4285
1041 3965 108 56 995

91 445 1955 114 2 p . l., iii-xiii, 84 p. incl. tables. 23 ½ cm . ( Half-title : The Wiley agricultural
236 512 147 51 series,
414 513 65 43 ed.
507 513 57 51 by
590 512 39 51 J.
661 510 50 45 G.
742 508 217 54 Lipman)

161 567 326 47 “References”
505 583 9 28 :
547 583 39 36 p.
622 566 146 45 57-68.

94 624 53 53 ©
178 626 118 50 Aug.
327 624 67 50 24,
429 622 104 44 1926
547 636 8 37 ;
585 622 65 43 2c.
682 621 88 42 and
800 620 79 43 aff.
914 617 120 53 Sept.
1065 619 50 51 4;
1148 619 43 41 A
1225 616 187 52 901874;
1450 617 48 42 L.
1535 616 44 45 S.
1614 615 197 52 Palmer,
1846 613 65 48 St.
1947 615 127 42 Paul.

173 679 268 56 (26-15659)

94 752 302 71 Papelier,
432 752 287 70 Georges.

171 836 1908 77 Exercices de geometrie moderne, precedes de l ’expose
94 914 1917 75 elementaire des principales theories; par G. Papelier …
96 1000 186 54 Tome
431 1042 10 10 VIII.
478 995 373 57 Involution.
928 994 204 71 Paris,
1170 993 311 56 Librairie
1518 992 283 70 Vuibert,
1841 993 164 55 1926.

161 1072 719 55 2 p. l., 96 p. diagrs. 23 cm .
92 1129 55 54 ©
181 1132 118 51 Aug.
339 1129 61 53 15,
441 1130 126 51 1926;
634 1145 35 27 1c.
706 1129 100 44 Oct.
841 1130 51 51 4;
930 1129 102 41 A—
1034 1126 198 54 Foreign
1268 1126 161 52 31971;
1469 1124 223 44 Librairie
1725 1124 209 44 Vuibert.

94 1209 205 69 Peers,
349 1208 216 72 Edgar
608 1206 263 58 Allison.

165 1299 202 70 Royal
393 1297 244 73 Seville,
662 1301 84 71 by
770 1297 73 59 E.
870 1296 246 60 Allison
1140 1299 213 69 Peers,
1378 1295 152 60 with
1553 1295 419 60 illustrations
1998 1298 84 69 by

89 1374 1992 76 Edwin Avery Park … New York and London, Harper
89 1456 48 57 &
162 1456 308 70 brothers,
500 1456 164 55 1926.

160 1543 953 56 6 p. l., 131 p. front., plates. 22½ cm .
94 1613 55 54 ©
184 1615 119 51 Sept.
335 1615 35 49 3,
409 1614 127 50 1926;
570 1613 64 42 2c.
671 1612 118 52 Sept.
822 1612 49 51 2;
907 1612 79 43 aff.
1024 1611 119 51 Sept.
1176 1611 49 51 8;
1260 1611 43 41 A
1336 1611 189 52 901838;
1561 1610 52 47 E.
1649 1612 56 42 A.
1741 1612 152 52 Peers,
166 1609 1895 113 Liverpool,

317 1670 221 52 England.
606 1667 270 55 (26-15672)

95 1741 230 68 Peirce,
372 1739 331 73 Benjamin
748 1738 263 73 Osgood,
1062 1740 357 57 1854-1914.

177 1830 469 57 Mathematical
678 1830 123 57 and
829 1828 287 72 physical
1144 1847 251 54 papers,
1428 1831 358 72 1903-1913,
1815 1831 84 71 by
100 1832 1962 148 Benjamin

101 1906 1961 153 Osgood Peirce … Cambridge, Harvard university press, 1926.
167 2061 1373 55 viii, 444 p. front. (port.) illus., 10 pl., diagrs. 24 cm .
171 2120 349 54 Bibliography:
546 2135 42 37 p.
614 2106 204 57 441-444.

98 2178 53 54 ©
185 2180 119 51 Sept.
335 2180 36 49 4,
408 2177 128 52 1926;
565 2178 64 42 2c.
665 2178 119 51 Sept.
821 2178 73 50 13;
930 2177 79 43 aff.
1044 2177 119 52 Sept.
1200 2177 73 51 11;
1307 2179 43 41 A
1384 2177 189 52 901946;
1611 2178 238 44 President
1879 2179 87 42 and
167 2178 1895 102 fellows

309 2236 50 44 of
391 2236 215 42 Harvard
636 2235 184 51 college,
856 2234 286 53 Cambridge,
1176 2235 139 43 Mass.
1385 2233 269 55 (26-15720)

99 2323 128 56 The
267 2320 278 74 People’s
582 2321 179 57 home
799 2320 270 72 library;
1110 2340 39 37 a
1183 2320 243 72 library
1463 2321 68 57 of
1567 2321 176 58 three
1781 2321 307 72 practical

173 2396 1912 74 books … compiled by R. C. Bamum. Cleveland, O.,
177 2478 128 56 The
343 2478 74 55 R.
462 2474 63 60 C.
566 2476 280 57 Bamum
886 2495 118 52 co.;
1048 2477 294 71 Toronto,
1385 2476 300 72 Imperial
1724 2476 365 74 publishing

176 2574 86 38 co.
298 2586 13 43 [
311 2562 21 23 c
335 2556 165 73 1926]

168 2632 24 43 3
221 2639 59 44 pt.
310 2631 43 43 in
383 2631 19 43 1
433 2646 41 28 v.
537 2629 153 54 front.,
719 2629 132 54 illus.,
879 2629 141 54 plates
1058 2630 128 54 (part
1212 2629 110 54 col.)
1358 2637 140 46 ports.
1556 2629 54 45 25½
1645 2633 47 18 cm
1699 2665 9 9 .

170 2687 314 45 “Anatomical
512 2687 148 43 charts
688 2687 206 52 showing
920 2686 74 44 the
1021 2687 119 44 male
1167 2688 87 43 and
1282 2687 164 44 female
1472 2702 164 38 organs
1664 2688 49 43 of
1742 2687 342 53 reproduction”

107 2745 108 54 ([18]
247 2745 65 53 p.)
347 2745 87 43 and
458 2745 124 43 color
608 2744 118 53 plate
752 2744 110 44 with
889 2744 341 53 superimposed
1252 2752 125 45 parts
1408 2744 90 44 laid
1526 2746 56 42 in.

169 2802 125 47 Each
324 2810 101 45 part
451 2802 80 43 has
562 2801 163 53 special
756 2809 96 45 t.-p.
883 2802 87 44 and
999 2809 208 46 separate
1236 2802 274 53 pagination.

168 2859 209 44 Another
405 2859 179 44 volume
615 2859 109 44 with
757 2859 76 46 the
866 2872 122 31 same
1020 2858 182 54 general
1236 2858 236 54 title-page
1504 2859 82 44 has
1620 2860 73 44 the
1727 2874 123 30 same
1882 2865 204 38 contents

102 2914 1982 54 for books 1 and 2 and “The people’s home stock book … by W. C. Fair”
102 2972 1987 55 in place of “Health nursing and prevention of diseases … by Blanche Swain-
97 3030 173 45 hardt”.

438 3086 1652 56 CONTENTS.—book l. The people’s home medical book, by T. J. Ritter.—
101 3146 117 41 book
245 3151 37 37 2.
310 3143 98 44 The
438 3144 191 52 people’s
657 3145 131 43 home
820 3145 146 52 recipe
993 3146 132 48 book,
1156 3147 59 51 by
1242 3146 131 43 Alice
1406 3144 50 45 G.
1487 3145 326 46 Kirk.—[book
1842 3152 38 40 3]
1916 3144 172 43 Health

100 3200 186 54 nursing
312 3202 87 42 and
427 3202 258 51 prevention
714 3203 50 42 of
791 3202 187 52 disease,
1007 3204 58 51 by
1096 3203 197 43 Blanche
1325 3203 301 45 Swainhardt.

98 3255 57 54 ©
180 3260 115 51 June
325 3259 60 45 19,
418 3260 127 50 1926;
575 3260 64 42 2c.
667 3261 115 51 June
807 3260 79 52 23;
917 3261 78 42 aff.
1025 3261 118 52 Aug.
1174 3261 76 51 30;
1280 3260 44 42 A
1352 3258 187 53 901665;
1572 3261 52 42 R.
1657 3258 48 45 C.
1738 3260 201 42 Barnum
1966 3275 64 27 co.

180 3314 270 56 (26-15394)

100 3387 269 68 Pollock,
416 3389 241 59 Walter
696 3389 298 60 William.

175 3481 129 59 The
344 3480 233 63 science
616 3484 123 57 and
776 3482 275 74 practice
1090 3487 67 56 of
1193 3486 201 57 urban
1432 3486 148 56 land
1615 3482 354 71 valuation;
2010 3502 80 38 an

100 3557 349 73 exposition
477 3561 68 58 of
569 3562 102 57 the
705 3562 251 59 Somers
985 3563 136 57 unit
1152 3566 251 68 system,
1432 3564 83 69 by
1541 3561 243 58 Walter
1809 3560 281 59 William

99 3635 1990 76 Pollock … and Karl W. H. Scholz … Philadelphia, Pa.,
101 3713 127 60 The
263 3713 539 60 Manufacturers’
837 3715 325 74 appraisal
1198 3735 321 54 company,
1555 3717 165 57 1926.

167 3790 92 53 viii,
290 3792 79 46 315
399 3808 40 36 p.
471 3795 71 43 incl.
602 3795 154 49 tables,
787 3793 167 52 diagrs.
1013 3794 52 42 23½
1102 3796 47 17 cm
1155 3829 8 8 .

106 3844 52 54 ©
196 3846 120 51 Sept.
350 3847 38 50 3,
427 3847 126 50 1926;
590 3846 63 45 2c.
691 3847 119 52 Sept.
845 3848 48 52 7;
929 3848 77 43 aff.
1046 3847 121 52 Sept.
1203 3847 49 51 4;
1289 3848 44 41 A
1367 3847 189 53 901778;
1596 3848 381 44 Manufacturers’
175 3863 1896 92 appraisal

372 3919 67 28 co.
507 3902 268 56 (26-15662)
