<alto xmlns="http://www.loc.gov/standards/alto/ns-v3#" xmlns:xlink="http://www.w3.org/1999/xlink" xmlns:xsi="http://www.w3.org/2001/XMLSchema-instance" xsi:schemaLocation="http://www.loc.gov/standards/alto/ns-v3# http://www.loc.gov/alto/v3/alto-3-0.xsd"><Description>
<MeasurementUnit>pixel</MeasurementUnit>
<sourceImageInformation>
<fileName>1926_v23_Part001.pdf</fileName>
</sourceImageInformation>
<OCRProcessing ID="IdOcr">
<ocrProcessingStep>
<processingDateTime>2019-04-10</processingDateTime>
<processingSoftware>
<softwareCreator>ABBYY</softwareCreator>
<softwareName>ABBYY Recognition Server</softwareName>
<softwareVersion>4.0</softwareVersion>
</processingSoftware>
</ocrProcessingStep>
</OCRProcessing>
</Description>
<Styles>
<ParagraphStyle ID="StyleId-FFFFFFFF-FFFF-FFFF-FFFF-FFFFFFFFFFFF-" ALIGN="Left" LEFT="0." RIGHT="0." FIRSTLINE="0."/>
<ParagraphStyle ID="StyleId-22C3EA86-D171-42E2-A7D2-9A866F7D91F9-" ALIGN="Left" LEFT="0." RIGHT="0." FIRSTLINE="0." LINESPACE="8.300000191"/>
<ParagraphStyle ID="StyleId-E3FA4CC6-F5E5-41CA-B4C4-90085BF71B6C-" ALIGN="Block" LEFT="0." RIGHT="0." FIRSTLINE="-14." LINESPACE="8.050000191"/>
<ParagraphStyle ID="StyleId-41118DB3-028A-4115-95B3-BB512DD0EDAE-" ALIGN="Left" LEFT="0." RIGHT="0." FIRSTLINE="-13." LINESPACE="13.30000019"/>
<ParagraphStyle ID="StyleId-A2FB4C2B-BF87-45AD-9689-33B0118FBFC1-" ALIGN="Block" LEFT="0." RIGHT="0." FIRSTLINE="-14." LINESPACE="11.06999969"/>
<ParagraphStyle ID="StyleId-BBBA7B5D-FE2B-4BC7-AC7D-F142900C21B8-" ALIGN="Block" LEFT="0." RIGHT="0." FIRSTLINE="0." LINESPACE="8.899999619"/>
<ParagraphStyle ID="StyleId-3CEA3EEE-4341-4E33-9EF0-A9438AB90A9B-" ALIGN="Center" LEFT="0." RIGHT="0." FIRSTLINE="0." LINESPACE="12.19999981"/>
<ParagraphStyle ID="StyleId-817955BE-3120-4B53-BBD3-920BAE733BFF-" ALIGN="Left" LEFT="0." RIGHT="0." FIRSTLINE="0." LINESPACE="12.19999981"/>
<ParagraphStyle ID="StyleId-456A266C-F799-486A-ACB1-75B61E9815AB-" ALIGN="Left" LEFT="0." RIGHT="0." FIRSTLINE="-13." LINESPACE="8.18999958"/>
<ParagraphStyle ID="StyleId-6A1E9ED6-E5EA-4E31-BD5A-88089B8D7134-" ALIGN="Right" LEFT="0." RIGHT="0." FIRSTLINE="0." LINESPACE="7.699999809"/>
<ParagraphStyle ID="StyleId-C11ABF73-04BC-4F6E-B7E4-01FCA3A26756-" ALIGN="Left" LEFT="0." RIGHT="0." FIRSTLINE="-13." LINESPACE="12.19999981"/>
<ParagraphStyle ID="StyleId-662CF6CF-DB5F-40BE-AD24-E877ED82DD6F-" ALIGN="Block" LEFT="0." RIGHT="0." FIRSTLINE="-14." LINESPACE="11.06999969"/>
<ParagraphStyle ID="StyleId-9361006B-74B5-41BD-BFD3-03318AD64910-" ALIGN="Left" LEFT="0." RIGHT="0." FIRSTLINE="0." LINESPACE="8.899999619"/>
</Styles>
<Layout>
<Page ID="Page137" PHYSICAL_IMG_NR="137" HEIGHT="4293" WIDTH="2609">
<TopMargin HEIGHT="346" WIDTH="2609" VPOS="0" HPOS="0">
</TopMargin>
<LeftMargin HEIGHT="3575" WIDTH="68" VPOS="346" HPOS="0">
</LeftMargin>
<RightMargin HEIGHT="3575" WIDTH="525" VPOS="346" HPOS="2084">
</RightMargin>
<BottomMargin HEIGHT="372" WIDTH="2609" VPOS="3921" HPOS="0">
<TextBlock ID="Page137_Block1" HEIGHT="144" WIDTH="405" VPOS="3962" HPOS="968" LANG="en-US" STYLEREFS="StyleId-FF73AA5D-650C-45F7-A962-9E3958E17C7C-">
<TextLine HEIGHT="55" WIDTH="108" VPOS="3977" HPOS="1026">
<String CONTENT="137" HEIGHT="55" WIDTH="108" VPOS="3977" HPOS="1026"/>
</TextLine>
</TextBlock>
<GraphicalElement ID="Page137_Block2" HEIGHT="211" WIDTH="35" VPOS="3921" HPOS="2574"/>
</BottomMargin>
<PrintSpace HEIGHT="3575" WIDTH="2016" VPOS="346" HPOS="68">
<TextBlock ID="Page137_Block3" HEIGHT="3575" WIDTH="2016" VPOS="346" HPOS="68" LANG="en-US" CS="1" STYLEREFS="StyleId-9E89DE64-9CA3-4CB3-8626-943BC50505DA-">
<TextLine HEIGHT="71" WIDTH="490" VPOS="357" HPOS="83" STYLEREFS="StyleId-9C074047-5805-4290-A752-BDA375411712-">
<String CONTENT="Leeman," HEIGHT="69" WIDTH="278" VPOS="359" HPOS="83"/>
<SP HEIGHT="71" WIDTH="34" VPOS="357" HPOS="362"/>
<String CONTENT="Jean." HEIGHT="57" WIDTH="176" VPOS="357" HPOS="397"/>
</TextLine>
<TextLine HEIGHT="74" WIDTH="1908" VPOS="444" HPOS="156" STYLEREFS="StyleId-3CDFEE09-0849-4E46-A000-CBB555FAB35A-">
<String CONTENT="Le" HEIGHT="57" WIDTH="86" VPOS="448" HPOS="156"/>
<SP HEIGHT="52" WIDTH="24" VPOS="466" HPOS="243"/>
<String CONTENT="guide" HEIGHT="72" WIDTH="184" VPOS="446" HPOS="268"/>
<SP HEIGHT="56" WIDTH="25" VPOS="447" HPOS="453"/>
<String CONTENT="du" HEIGHT="55" WIDTH="83" VPOS="447" HPOS="479"/>
<SP HEIGHT="37" WIDTH="24" VPOS="465" HPOS="563"/>
<String CONTENT="voyageur;" HEIGHT="53" WIDTH="347" VPOS="464" HPOS="588"/>
<SP HEIGHT="50" WIDTH="31" VPOS="465" HPOS="936"/>
<String CONTENT="an" HEIGHT="36" WIDTH="79" VPOS="465" HPOS="968"/>
<SP HEIGHT="56" WIDTH="24" VPOS="445" HPOS="1048"/>
<String CONTENT="indispensable" HEIGHT="71" WIDTH="463" VPOS="445" HPOS="1073"/>
<SP HEIGHT="38" WIDTH="26" VPOS="464" HPOS="1537"/>
<String CONTENT="companion" HEIGHT="72" WIDTH="367" VPOS="444" HPOS="1564"/>
<SP HEIGHT="57" WIDTH="27" VPOS="445" HPOS="1932"/>
<String CONTENT="for" HEIGHT="57" WIDTH="104" VPOS="445" HPOS="1960"/>
</TextLine>
<TextLine HEIGHT="77" WIDTH="1982" VPOS="521" HPOS="81" STYLEREFS="StyleId-3CDFEE09-0849-4E46-A000-CBB555FAB35A-">
<String CONTENT="English" HEIGHT="72" WIDTH="262" VPOS="524" HPOS="81"/>
<SP HEIGHT="55" WIDTH="37" VPOS="524" HPOS="344"/>
<String CONTENT="speaking" HEIGHT="75" WIDTH="302" VPOS="523" HPOS="382"/>
<SP HEIGHT="56" WIDTH="32" VPOS="542" HPOS="685"/>
<String CONTENT="people" HEIGHT="70" WIDTH="218" VPOS="522" HPOS="718"/>
<SP HEIGHT="53" WIDTH="36" VPOS="525" HPOS="937"/>
<String CONTENT="traveling" HEIGHT="73" WIDTH="312" VPOS="521" HPOS="974"/>
<SP HEIGHT="72" WIDTH="34" VPOS="522" HPOS="1287"/>
<String CONTENT="in" HEIGHT="55" WIDTH="65" VPOS="522" HPOS="1322"/>
<SP HEIGHT="55" WIDTH="36" VPOS="522" HPOS="1388"/>
<String CONTENT="France." HEIGHT="56" WIDTH="258" VPOS="522" HPOS="1425"/>
<SP HEIGHT="55" WIDTH="80" VPOS="522" HPOS="1684"/>
<String CONTENT="By" HEIGHT="71" WIDTH="99" VPOS="522" HPOS="1765"/>
<SP HEIGHT="72" WIDTH="33" VPOS="521" HPOS="1865"/>
<String CONTENT="Jean" HEIGHT="58" WIDTH="164" VPOS="521" HPOS="1899"/>
</TextLine>
<TextLine HEIGHT="74" WIDTH="1682" VPOS="598" HPOS="81" STYLEREFS="StyleId-3CDFEE09-0849-4E46-A000-CBB555FAB35A-" CS="1">
<String CONTENT="Leeman" HEIGHT="55" WIDTH="266" VPOS="603" HPOS="81"/>
<SP HEIGHT="37" WIDTH="35" VPOS="620" HPOS="348"/>
<String CS="1" CONTENT="&#8230;"/>
<SP HEIGHT="58" WIDTH="84" VPOS="599" HPOS="446"/>
<String CONTENT="New" HEIGHT="57" WIDTH="150" VPOS="599" HPOS="531"/>
<SP HEIGHT="56" WIDTH="31" VPOS="599" HPOS="682"/>
<String CONTENT="York," HEIGHT="73" WIDTH="186" VPOS="599" HPOS="714"/>
<SP HEIGHT="72" WIDTH="35" VPOS="600" HPOS="901"/>
<String CONTENT="T." HEIGHT="54" WIDTH="65" VPOS="600" HPOS="937"/>
<SP HEIGHT="55" WIDTH="34" VPOS="599" HPOS="1003"/>
<String CONTENT="Nelson" HEIGHT="56" WIDTH="232" VPOS="599" HPOS="1038"/>
<SP HEIGHT="58" WIDTH="31" VPOS="598" HPOS="1271"/>
<String CONTENT="&amp;" HEIGHT="58" WIDTH="48" VPOS="598" HPOS="1303"/>
<SP HEIGHT="58" WIDTH="29" VPOS="598" HPOS="1352"/>
<String CONTENT="sons" HEIGHT="38" WIDTH="143" VPOS="618" HPOS="1382"/>
<SP HEIGHT="52" WIDTH="36" VPOS="619" HPOS="1526"/>
<String CONTENT="[" HEIGHT="43" WIDTH="12" VPOS="628" HPOS="1563"/>
<String STYLE="superscript" CONTENT="c" HEIGHT="21" WIDTH="17" VPOS="607" HPOS="1578"/>
<String CONTENT="1926]" HEIGHT="72" WIDTH="163" VPOS="598" HPOS="1600"/>
</TextLine>
<TextLine HEIGHT="53" WIDTH="418" VPOS="676" HPOS="149" STYLEREFS="StyleId-3CDFEE09-0849-4E46-A000-CBB555FAB35A-">
<String CONTENT="xiv," HEIGHT="50" WIDTH="89" VPOS="678" HPOS="149"/>
<SP HEIGHT="52" WIDTH="28" VPOS="676" HPOS="239"/>
<String CONTENT="50" HEIGHT="44" WIDTH="52" VPOS="676" HPOS="268"/>
<SP HEIGHT="52" WIDTH="26" VPOS="677" HPOS="321"/>
<String CONTENT="p." HEIGHT="37" WIDTH="38" VPOS="692" HPOS="348"/>
<SP HEIGHT="41" WIDTH="61" VPOS="679" HPOS="387"/>
<String CONTENT="12" HEIGHT="41" WIDTH="49" VPOS="678" HPOS="449"/>
<String STYLE="superscript" CONTENT="cm" HEIGHT="17" WIDTH="46" VPOS="679" HPOS="505"/>
<String CONTENT="." HEIGHT="8" WIDTH="9" VPOS="710" HPOS="558"/>
</TextLine>
<TextLine HEIGHT="55" WIDTH="1982" VPOS="730" HPOS="78">
<String CONTENT="&#169;" HEIGHT="53" WIDTH="56" VPOS="732" HPOS="78"/>
<SP HEIGHT="53" WIDTH="30" VPOS="732" HPOS="135"/>
<String CONTENT="Feb." HEIGHT="45" WIDTH="103" VPOS="732" HPOS="166"/>
<SP HEIGHT="41" WIDTH="35" VPOS="735" HPOS="270"/>
<String CONTENT="10," HEIGHT="50" WIDTH="62" VPOS="734" HPOS="306"/>
<SP HEIGHT="50" WIDTH="33" VPOS="734" HPOS="369"/>
<String CONTENT="1926;" HEIGHT="52" WIDTH="128" VPOS="732" HPOS="403"/>
<SP HEIGHT="51" WIDTH="31" VPOS="733" HPOS="532"/>
<String CONTENT="2c." HEIGHT="42" WIDTH="65" VPOS="733" HPOS="564"/>
<SP HEIGHT="27" WIDTH="29" VPOS="748" HPOS="630"/>
<String CONTENT="and" HEIGHT="41" WIDTH="86" VPOS="734" HPOS="660"/>
<SP HEIGHT="41" WIDTH="29" VPOS="734" HPOS="747"/>
<String CONTENT="aff." HEIGHT="42" WIDTH="77" VPOS="733" HPOS="777"/>
<SP HEIGHT="44" WIDTH="33" VPOS="731" HPOS="855"/>
<String CONTENT="Feb." HEIGHT="44" WIDTH="105" VPOS="731" HPOS="889"/>
<SP HEIGHT="42" WIDTH="33" VPOS="733" HPOS="995"/>
<String CONTENT="12;" HEIGHT="51" WIDTH="72" VPOS="732" HPOS="1029"/>
<SP HEIGHT="51" WIDTH="33" VPOS="732" HPOS="1102"/>
<!-- cceid FB6AA848-6E1A-1014-9B7B-CA07F191E62B --><String CONTENT="A" HEIGHT="42" WIDTH="44" VPOS="732" HPOS="1136"/>
<SP HEIGHT="42" WIDTH="31" VPOS="732" HPOS="1181"/>
<String CONTENT="883240;" HEIGHT="51" WIDTH="187" VPOS="732" HPOS="1213"/>
<SP HEIGHT="53" WIDTH="31" VPOS="730" HPOS="1401"/>
<String CONTENT="Thomas" HEIGHT="45" WIDTH="200" VPOS="730" HPOS="1433"/>
<SP HEIGHT="43" WIDTH="33" VPOS="732" HPOS="1634"/>
<String CONTENT="Nelson" HEIGHT="45" WIDTH="174" VPOS="730" HPOS="1668"/>
<SP HEIGHT="43" WIDTH="31" VPOS="732" HPOS="1843"/>
<String CONTENT="&amp;" HEIGHT="43" WIDTH="37" VPOS="732" HPOS="1875"/>
<SP HEIGHT="43" WIDTH="30" VPOS="732" HPOS="1913"/>
<String CONTENT="sons." HEIGHT="29" WIDTH="116" VPOS="745" HPOS="1944"/>
</TextLine>
<TextLine HEIGHT="54" WIDTH="239" VPOS="789" HPOS="159">
<String CONTENT="(26-4303)" HEIGHT="54" WIDTH="239" VPOS="789" HPOS="159"/>
</TextLine>
<TextLine HEIGHT="75" WIDTH="595" VPOS="885" HPOS="80" STYLEREFS="StyleId-9C074047-5805-4290-A752-BDA375411712-">
<String CONTENT="Leigh," HEIGHT="72" WIDTH="210" VPOS="888" HPOS="80"/>
<SP HEIGHT="71" WIDTH="36" VPOS="888" HPOS="291"/>
<String CONTENT="Randolph." HEIGHT="75" WIDTH="347" VPOS="885" HPOS="328"/>
</TextLine>
<TextLine HEIGHT="150" WIDTH="1958" VPOS="975" HPOS="81" STYLEREFS="StyleId-3CDFEE09-0849-4E46-A000-CBB555FAB35A-" CS="1">
<String CONTENT="Third" HEIGHT="57" WIDTH="197" VPOS="977" HPOS="157"/>
<SP HEIGHT="56" WIDTH="47" VPOS="978" HPOS="355"/>
<String CONTENT="national" HEIGHT="57" WIDTH="282" VPOS="976" HPOS="403"/>
<SP HEIGHT="55" WIDTH="50" VPOS="977" HPOS="686"/>
<String CONTENT="oratorical" HEIGHT="57" WIDTH="336" VPOS="975" HPOS="737"/>
<SP HEIGHT="57" WIDTH="50" VPOS="975" HPOS="1074"/>
<String CONTENT="contest" HEIGHT="54" WIDTH="238" VPOS="979" HPOS="1125"/>
<SP HEIGHT="54" WIDTH="52" VPOS="979" HPOS="1364"/>
<String CONTENT="and" HEIGHT="56" WIDTH="123" VPOS="977" HPOS="1417"/>
<SP HEIGHT="58" WIDTH="48" VPOS="975" HPOS="1541"/>
<String CONTENT="first" HEIGHT="58" WIDTH="140" VPOS="975" HPOS="1590"/>
<SP HEIGHT="57" WIDTH="49" VPOS="976" HPOS="1731"/>
<String CONTENT="International" HEIGHT="137" WIDTH="1958" VPOS="976" HPOS="81"/>
<SP HEIGHT="56" WIDTH="36" VPOS="1056" HPOS="276"/>
<String CONTENT="oratorical" HEIGHT="58" WIDTH="336" VPOS="1054" HPOS="313"/>
<SP HEIGHT="55" WIDTH="39" VPOS="1055" HPOS="650"/>
<String CONTENT="contest" HEIGHT="53" WIDTH="238" VPOS="1057" HPOS="690"/>
<SP HEIGHT="55" WIDTH="38" VPOS="1054" HPOS="929"/>
<String CONTENT="for" HEIGHT="56" WIDTH="102" VPOS="1054" HPOS="968"/>
<SP HEIGHT="37" WIDTH="41" VPOS="1072" HPOS="1071"/>
<String CONTENT="secondary" HEIGHT="70" WIDTH="346" VPOS="1054" HPOS="1113"/>
<SP HEIGHT="51" WIDTH="40" VPOS="1073" HPOS="1460"/>
<String CONTENT="schools," HEIGHT="72" WIDTH="259" VPOS="1053" HPOS="1501"/>
<SP HEIGHT="69" WIDTH="41" VPOS="1056" HPOS="1761"/>
<String CONTENT="1926" HEIGHT="57" WIDTH="148" VPOS="1054" HPOS="1803"/>
<SP HEIGHT="56" WIDTH="47" VPOS="1055" HPOS="1952"/>
<String CS="1" CONTENT="&#8230;"/>
</TextLine>
<TextLine HEIGHT="75" WIDTH="1989" VPOS="1129" HPOS="78" STYLEREFS="StyleId-3CDFEE09-0849-4E46-A000-CBB555FAB35A-" CS="1">
<String CONTENT="Randolph" HEIGHT="70" WIDTH="331" VPOS="1133" HPOS="78"/>
<SP HEIGHT="57" WIDTH="63" VPOS="1132" HPOS="410"/>
<String CONTENT="Leigh," HEIGHT="73" WIDTH="212" VPOS="1131" HPOS="474"/>
<SP HEIGHT="73" WIDTH="69" VPOS="1131" HPOS="687"/>
<String CONTENT="director" HEIGHT="56" WIDTH="272" VPOS="1131" HPOS="757"/>
<SP HEIGHT="39" WIDTH="71" VPOS="1148" HPOS="1030"/>
<String CS="1" CONTENT="&#8230;"/>
<SP HEIGHT="43" WIDTH="106" VPOS="1159" HPOS="1164"/>
<String CONTENT="[Baltimore," HEIGHT="75" WIDTH="379" VPOS="1129" HPOS="1271"/>
<SP HEIGHT="72" WIDTH="67" VPOS="1132" HPOS="1651"/>
<String CONTENT="Industrial" HEIGHT="59" WIDTH="348" VPOS="1130" HPOS="1719"/>
</TextLine>
<TextLine HEIGHT="73" WIDTH="616" VPOS="1209" HPOS="78" STYLEREFS="StyleId-3CDFEE09-0849-4E46-A000-CBB555FAB35A-">
<String CONTENT="printing" HEIGHT="71" WIDTH="283" VPOS="1211" HPOS="78"/>
<SP HEIGHT="53" WIDTH="27" VPOS="1229" HPOS="362"/>
<String CONTENT="co.," HEIGHT="52" WIDTH="107" VPOS="1228" HPOS="390"/>
<SP HEIGHT="69" WIDTH="32" VPOS="1211" HPOS="498"/>
<String CONTENT="1926]" HEIGHT="71" WIDTH="163" VPOS="1209" HPOS="531"/>
</TextLine>
<TextLine HEIGHT="56" WIDTH="502" VPOS="1285" HPOS="170" STYLEREFS="StyleId-3CDFEE09-0849-4E46-A000-CBB555FAB35A-" CS="1">
<String LANG="la" CS="1" CONTENT="1"/>
<SP HEIGHT="51" WIDTH="33" VPOS="1290" HPOS="170"/>
<String LANG="la" CS="1" CONTENT="p"/>
<String LANG="en-US" CONTENT="." HEIGHT="8" WIDTH="8" VPOS="1322" HPOS="234"/>
<SP HEIGHT="43" WIDTH="29" VPOS="1287" HPOS="243"/>
<String LANG="en-US" CS="1" CONTENT="l"/>
<String LANG="la" CONTENT=".," HEIGHT="14" WIDTH="22" VPOS="1321" HPOS="290"/>
<SP HEIGHT="47" WIDTH="28" VPOS="1288" HPOS="313"/>
<String LANG="en-US" CONTENT="62" HEIGHT="42" WIDTH="52" VPOS="1288" HPOS="342"/>
<SP HEIGHT="49" WIDTH="29" VPOS="1289" HPOS="395"/>
<String LANG="en-US" CONTENT="p." HEIGHT="37" WIDTH="38" VPOS="1301" HPOS="425"/>
<SP HEIGHT="47" WIDTH="62" VPOS="1285" HPOS="464"/>
<String LANG="en-US" CS="1" CONTENT="19&#189;"/>
<String STYLE="superscript" LANG="en-US" CS="1" CONTENT="cm" HEIGHT="16" WIDTH="28" VPOS="1288" HPOS="629"/>
<String LANG="en-US" CONTENT="." HEIGHT="8" WIDTH="9" VPOS="1321" HPOS="663"/>
</TextLine>
<TextLine HEIGHT="57" WIDTH="1931" VPOS="1339" HPOS="78">
<String CONTENT="&#169;" HEIGHT="54" WIDTH="55" VPOS="1342" HPOS="78"/>
<SP HEIGHT="54" WIDTH="28" VPOS="1342" HPOS="134"/>
<String CONTENT="Jan." HEIGHT="51" WIDTH="97" VPOS="1345" HPOS="163"/>
<SP HEIGHT="42" WIDTH="35" VPOS="1344" HPOS="261"/>
<String CONTENT="11," HEIGHT="50" WIDTH="61" VPOS="1344" HPOS="297"/>
<SP HEIGHT="50" WIDTH="32" VPOS="1344" HPOS="359"/>
<String CONTENT="1926;" HEIGHT="51" WIDTH="128" VPOS="1343" HPOS="392"/>
<SP HEIGHT="51" WIDTH="29" VPOS="1343" HPOS="521"/>
<String CONTENT="2c." HEIGHT="43" WIDTH="65" VPOS="1343" HPOS="551"/>
<SP HEIGHT="30" WIDTH="31" VPOS="1356" HPOS="617"/>
<String CONTENT="and" HEIGHT="43" WIDTH="86" VPOS="1342" HPOS="649"/>
<SP HEIGHT="43" WIDTH="26" VPOS="1342" HPOS="736"/>
<String CONTENT="aff." HEIGHT="43" WIDTH="82" VPOS="1342" HPOS="763"/>
<SP HEIGHT="51" WIDTH="27" VPOS="1342" HPOS="846"/>
<String CONTENT="Jan." HEIGHT="51" WIDTH="99" VPOS="1342" HPOS="874"/>
<SP HEIGHT="42" WIDTH="29" VPOS="1342" HPOS="974"/>
<String CONTENT="25;" HEIGHT="55" WIDTH="80" VPOS="1339" HPOS="1004"/>
<SP HEIGHT="53" WIDTH="31" VPOS="1341" HPOS="1085"/>
<!-- cceid FB6B3BF9-6E1A-1014-9B7B-CA07F191E62B --><String CONTENT="A" HEIGHT="44" WIDTH="46" VPOS="1341" HPOS="1117"/>
<SP HEIGHT="46" WIDTH="25" VPOS="1341" HPOS="1164"/>
<String CONTENT="883028;" HEIGHT="53" WIDTH="187" VPOS="1341" HPOS="1190"/>
<SP HEIGHT="51" WIDTH="36" VPOS="1343" HPOS="1378"/>
<String CONTENT="R." HEIGHT="42" WIDTH="53" VPOS="1343" HPOS="1415"/>
<SP HEIGHT="43" WIDTH="32" VPOS="1342" HPOS="1469"/>
<String CONTENT="Leigh," HEIGHT="53" WIDTH="156" VPOS="1341" HPOS="1502"/>
<SP HEIGHT="50" WIDTH="31" VPOS="1343" HPOS="1659"/>
<String CONTENT="Washington." HEIGHT="53" WIDTH="318" VPOS="1341" HPOS="1691"/>
</TextLine>
<TextLine HEIGHT="56" WIDTH="240" VPOS="1398" HPOS="159">
<String CONTENT="(26-3905)" HEIGHT="56" WIDTH="240" VPOS="1398" HPOS="159"/>
</TextLine>
<TextLine HEIGHT="75" WIDTH="688" VPOS="1495" HPOS="80" STYLEREFS="StyleId-9C074047-5805-4290-A752-BDA375411712-">
<String CONTENT="Le" HEIGHT="55" WIDTH="84" VPOS="1500" HPOS="80"/>
<SP HEIGHT="72" WIDTH="37" VPOS="1498" HPOS="165"/>
<String CONTENT="Queux," HEIGHT="72" WIDTH="230" VPOS="1498" HPOS="203"/>
<SP HEIGHT="71" WIDTH="38" VPOS="1497" HPOS="434"/>
<String CONTENT="William." HEIGHT="61" WIDTH="295" VPOS="1495" HPOS="473"/>
</TextLine>
<TextLine HEIGHT="72" WIDTH="869" VPOS="1586" HPOS="159" STYLEREFS="StyleId-3CDFEE09-0849-4E46-A000-CBB555FAB35A-">
<String CONTENT="The" HEIGHT="56" WIDTH="130" VPOS="1590" HPOS="159"/>
<SP HEIGHT="38" WIDTH="24" VPOS="1608" HPOS="290"/>
<String CONTENT="man" HEIGHT="37" WIDTH="147" VPOS="1607" HPOS="315"/>
<SP HEIGHT="37" WIDTH="23" VPOS="1607" HPOS="463"/>
<String CONTENT="with" HEIGHT="57" WIDTH="152" VPOS="1587" HPOS="487"/>
<SP HEIGHT="56" WIDTH="25" VPOS="1588" HPOS="640"/>
<String CONTENT="the" HEIGHT="57" WIDTH="103" VPOS="1587" HPOS="666"/>
<SP HEIGHT="37" WIDTH="31" VPOS="1607" HPOS="770"/>
<String CONTENT="squint." HEIGHT="72" WIDTH="226" VPOS="1586" HPOS="802"/>
</TextLine>
<TextLine HEIGHT="55" WIDTH="1059" VPOS="1663" HPOS="152" STYLEREFS="StyleId-03CA8C60-CAB9-4648-AADE-27F17BCC9E47-">
<String CONTENT="(In" HEIGHT="50" WIDTH="80" VPOS="1668" HPOS="152"/>
<SP HEIGHT="41" WIDTH="33" VPOS="1667" HPOS="233"/>
<String CONTENT="Hutchinson&#8217;s" HEIGHT="43" WIDTH="332" VPOS="1665" HPOS="267"/>
<SP HEIGHT="29" WIDTH="31" VPOS="1677" HPOS="600"/>
<String CONTENT="magazine," HEIGHT="52" WIDTH="257" VPOS="1664" HPOS="632"/>
<SP HEIGHT="51" WIDTH="32" VPOS="1665" HPOS="890"/>
<String CONTENT="Jan.," HEIGHT="51" WIDTH="122" VPOS="1665" HPOS="923"/>
<SP HEIGHT="47" WIDTH="35" VPOS="1669" HPOS="1046"/>
<String CONTENT="1926)" HEIGHT="52" WIDTH="129" VPOS="1663" HPOS="1082"/>
</TextLine>
<TextLine HEIGHT="57" WIDTH="1984" VPOS="1717" HPOS="80">
<String CONTENT="&#169;" HEIGHT="54" WIDTH="52" VPOS="1720" HPOS="80"/>
<SP HEIGHT="54" WIDTH="35" VPOS="1720" HPOS="133"/>
<String CONTENT="1c." HEIGHT="42" WIDTH="59" VPOS="1723" HPOS="169"/>
<SP HEIGHT="45" WIDTH="35" VPOS="1720" HPOS="229"/>
<String CONTENT="Feb." HEIGHT="45" WIDTH="105" VPOS="1720" HPOS="265"/>
<SP HEIGHT="44" WIDTH="29" VPOS="1721" HPOS="371"/>
<String CONTENT="8," HEIGHT="50" WIDTH="38" VPOS="1721" HPOS="401"/>
<SP HEIGHT="49" WIDTH="34" VPOS="1722" HPOS="440"/>
<String CONTENT="1926;" HEIGHT="52" WIDTH="130" VPOS="1720" HPOS="475"/>
<SP HEIGHT="37" WIDTH="11" VPOS="1735" HPOS="606"/>
<!-- cceid FB6BC6BE-6E1A-1014-9B7B-CA07F191E62B --><String CONTENT="A" HEIGHT="42" WIDTH="44" VPOS="1721" HPOS="643"/>
<SP HEIGHT="42" WIDTH="30" VPOS="1721" HPOS="688"/>
<String CONTENT="ad" HEIGHT="43" WIDTH="56" VPOS="1721" HPOS="719"/>
<SP HEIGHT="44" WIDTH="33" VPOS="1720" HPOS="776"/>
<String CONTENT="int.," HEIGHT="43" WIDTH="81" VPOS="1720" HPOS="810"/>
<SP HEIGHT="44" WIDTH="29" VPOS="1719" HPOS="892"/>
<String CONTENT="7737;" HEIGHT="53" WIDTH="133" VPOS="1718" HPOS="922"/>
<SP HEIGHT="39" WIDTH="34" VPOS="1732" HPOS="1056"/>
<String CONTENT="pubd." HEIGHT="50" WIDTH="131" VPOS="1721" HPOS="1091"/>
<SP HEIGHT="41" WIDTH="34" VPOS="1720" HPOS="1223"/>
<String CONTENT="Dec." HEIGHT="43" WIDTH="108" VPOS="1720" HPOS="1258"/>
<SP HEIGHT="43" WIDTH="38" VPOS="1720" HPOS="1367"/>
<String CONTENT="12," HEIGHT="53" WIDTH="63" VPOS="1719" HPOS="1406"/>
<SP HEIGHT="51" WIDTH="36" VPOS="1721" HPOS="1470"/>
<String CONTENT="1925;" HEIGHT="55" WIDTH="128" VPOS="1717" HPOS="1507"/>
<SP HEIGHT="51" WIDTH="37" VPOS="1721" HPOS="1636"/>
<String CONTENT="W." HEIGHT="43" WIDTH="74" VPOS="1721" HPOS="1674"/>
<SP HEIGHT="43" WIDTH="37" VPOS="1720" HPOS="1749"/>
<String CONTENT="Le" HEIGHT="44" WIDTH="63" VPOS="1720" HPOS="1787"/>
<SP HEIGHT="52" WIDTH="35" VPOS="1720" HPOS="1851"/>
<String CONTENT="Queux," HEIGHT="52" WIDTH="177" VPOS="1720" HPOS="1887"/>
</TextLine>
<TextLine HEIGHT="48" WIDTH="200" VPOS="1778" HPOS="150">
<String CONTENT="London." HEIGHT="48" WIDTH="200" VPOS="1778" HPOS="150"/>
</TextLine>
<TextLine HEIGHT="73" WIDTH="779" VPOS="1860" HPOS="79" STYLEREFS="StyleId-9C074047-5805-4290-A752-BDA375411712-">
<String CONTENT="Leroux," HEIGHT="73" WIDTH="260" VPOS="1860" HPOS="79"/>
<SP HEIGHT="73" WIDTH="38" VPOS="1860" HPOS="340"/>
<String CONTENT="Gaston," HEIGHT="71" WIDTH="250" VPOS="1860" HPOS="379"/>
<SP HEIGHT="67" WIDTH="39" VPOS="1864" HPOS="630"/>
<String CONTENT="1868-" HEIGHT="57" WIDTH="188" VPOS="1862" HPOS="670"/>
</TextLine>
<TextLine HEIGHT="74" WIDTH="1908" VPOS="1949" HPOS="157" STYLEREFS="StyleId-3CDFEE09-0849-4E46-A000-CBB555FAB35A-" CS="1">
<String CONTENT="The" HEIGHT="57" WIDTH="128" VPOS="1951" HPOS="157"/>
<SP HEIGHT="53" WIDTH="40" VPOS="1969" HPOS="286"/>
<String CONTENT="phantom" HEIGHT="71" WIDTH="299" VPOS="1951" HPOS="327"/>
<SP HEIGHT="38" WIDTH="38" VPOS="1970" HPOS="627"/>
<String CONTENT="clue," HEIGHT="72" WIDTH="149" VPOS="1951" HPOS="666"/>
<SP HEIGHT="72" WIDTH="38" VPOS="1951" HPOS="816"/>
<String CONTENT="by" HEIGHT="71" WIDTH="83" VPOS="1951" HPOS="855"/>
<SP HEIGHT="72" WIDTH="39" VPOS="1950" HPOS="939"/>
<String CONTENT="Gaston" HEIGHT="58" WIDTH="238" VPOS="1950" HPOS="979"/>
<SP HEIGHT="56" WIDTH="36" VPOS="1950" HPOS="1218"/>
<String CONTENT="Leroux" HEIGHT="58" WIDTH="250" VPOS="1950" HPOS="1255"/>
<SP HEIGHT="38" WIDTH="43" VPOS="1969" HPOS="1506"/>
<String CS="1" CONTENT="&#8230;"/>
<SP HEIGHT="57" WIDTH="44" VPOS="1950" HPOS="1612"/>
<String CONTENT="frontispiece" HEIGHT="73" WIDTH="408" VPOS="1949" HPOS="1657"/>
</TextLine>
<TextLine HEIGHT="75" WIDTH="1988" VPOS="2027" HPOS="79" STYLEREFS="StyleId-3CDFEE09-0849-4E46-A000-CBB555FAB35A-">
<String CONTENT="by" HEIGHT="72" WIDTH="82" VPOS="2030" HPOS="79"/>
<SP HEIGHT="74" WIDTH="28" VPOS="2028" HPOS="162"/>
<String CONTENT="George" HEIGHT="74" WIDTH="239" VPOS="2028" HPOS="191"/>
<SP HEIGHT="59" WIDTH="25" VPOS="2029" HPOS="431"/>
<String CONTENT="AY." HEIGHT="59" WIDTH="95" VPOS="2028" HPOS="457"/>
<SP HEIGHT="59" WIDTH="30" VPOS="2028" HPOS="553"/>
<String CONTENT="Gage." HEIGHT="74" WIDTH="189" VPOS="2028" HPOS="584"/>
<SP HEIGHT="58" WIDTH="68" VPOS="2028" HPOS="774"/>
<String CONTENT="New" HEIGHT="58" WIDTH="150" VPOS="2028" HPOS="843"/>
<SP HEIGHT="59" WIDTH="26" VPOS="2027" HPOS="994"/>
<String CONTENT="York," HEIGHT="74" WIDTH="189" VPOS="2027" HPOS="1021"/>
<SP HEIGHT="73" WIDTH="29" VPOS="2028" HPOS="1211"/>
<String CONTENT="The" HEIGHT="59" WIDTH="130" VPOS="2028" HPOS="1241"/>
<SP HEIGHT="60" WIDTH="28" VPOS="2027" HPOS="1372"/>
<String CONTENT="Macaulay" HEIGHT="74" WIDTH="333" VPOS="2027" HPOS="1401"/>
<SP HEIGHT="54" WIDTH="26" VPOS="2047" HPOS="1735"/>
<String CONTENT="company" HEIGHT="56" WIDTH="305" VPOS="2045" HPOS="1762"/>
</TextLine>
<TextLine HEIGHT="73" WIDTH="200" VPOS="2109" HPOS="85" STYLEREFS="StyleId-3CDFEE09-0849-4E46-A000-CBB555FAB35A-">
<String CONTENT="[" HEIGHT="43" WIDTH="12" VPOS="2139" HPOS="85"/>
<String STYLE="superscript" CONTENT="c" HEIGHT="23" WIDTH="19" VPOS="2116" HPOS="99"/>
<String CONTENT="1926]" HEIGHT="71" WIDTH="163" VPOS="2109" HPOS="122"/>
</TextLine>
<TextLine HEIGHT="56" WIDTH="839" VPOS="2185" HPOS="148" CS="1">
<String CONTENT="6" HEIGHT="44" WIDTH="26" VPOS="2186" HPOS="148"/>
<SP HEIGHT="55" WIDTH="19" VPOS="2186" HPOS="175"/>
<String CONTENT="p.," HEIGHT="39" WIDTH="53" VPOS="2202" HPOS="195"/>
<SP HEIGHT="47" WIDTH="23" VPOS="2190" HPOS="249"/>
<String CONTENT="2" HEIGHT="40" WIDTH="25" VPOS="2190" HPOS="273"/>
<SP/>
<String CS="1" CONTENT="l.,"/>
<SP HEIGHT="50" WIDTH="24" VPOS="2188" HPOS="360"/>
<String CONTENT="9-251" HEIGHT="45" WIDTH="132" VPOS="2185" HPOS="385"/>
<SP HEIGHT="50" WIDTH="23" VPOS="2188" HPOS="518"/>
<String CONTENT="p." HEIGHT="37" WIDTH="39" VPOS="2201" HPOS="542"/>
<SP HEIGHT="43" WIDTH="61" VPOS="2186" HPOS="582"/>
<String CONTENT="front." HEIGHT="43" WIDTH="134" VPOS="2186" HPOS="644"/>
<SP HEIGHT="9" WIDTH="38" VPOS="2221" HPOS="779"/>
<String CS="1" CONTENT="19&#189;" HEIGHT="43" WIDTH="48" VPOS="2186" HPOS="843"/>
<String STYLE="superscript" CONTENT="cm" HEIGHT="18" WIDTH="45" VPOS="2187" HPOS="926"/>
<String CONTENT="." HEIGHT="8" WIDTH="9" VPOS="2220" HPOS="978"/>
</TextLine>
<TextLine HEIGHT="57" WIDTH="1856" VPOS="2238" HPOS="153" CS="1">
<String CONTENT="London" HEIGHT="44" WIDTH="188" VPOS="2244" HPOS="153"/>
<SP HEIGHT="30" WIDTH="30" VPOS="2255" HPOS="342"/>
<String CONTENT="edition" HEIGHT="43" WIDTH="166" VPOS="2243" HPOS="373"/>
<SP HEIGHT="52" WIDTH="40" VPOS="2243" HPOS="540"/>
<String CONTENT="(J." HEIGHT="52" WIDTH="63" VPOS="2243" HPOS="581"/>
<SP HEIGHT="43" WIDTH="32" VPOS="2242" HPOS="645"/>
<String CONTENT="Long," HEIGHT="52" WIDTH="141" VPOS="2242" HPOS="678"/>
<SP HEIGHT="52" WIDTH="32" VPOS="2242" HPOS="820"/>
<String CONTENT="limited" HEIGHT="44" WIDTH="169" VPOS="2241" HPOS="853"/>
<SP HEIGHT="46" WIDTH="34" VPOS="2242" HPOS="1023"/>
<String CS="1" CONTENT="["/>
<String STYLE="superscript" CONTENT="c" HEIGHT="18" WIDTH="16" VPOS="2243" HPOS="1073"/>
<String CS="1" CONTENT="1925])" HEIGHT="54" WIDTH="147" VPOS="2238" HPOS="1097"/>
<SP HEIGHT="51" WIDTH="36" VPOS="2241" HPOS="1245"/>
<String CONTENT="has" HEIGHT="44" WIDTH="80" VPOS="2241" HPOS="1282"/>
<SP HEIGHT="36" WIDTH="30" VPOS="2249" HPOS="1363"/>
<String CONTENT="title:" HEIGHT="44" WIDTH="123" VPOS="2241" HPOS="1394"/>
<SP HEIGHT="45" WIDTH="35" VPOS="2240" HPOS="1518"/>
<String CONTENT="The" HEIGHT="45" WIDTH="96" VPOS="2240" HPOS="1554"/>
<SP HEIGHT="29" WIDTH="30" VPOS="2256" HPOS="1651"/>
<String CONTENT="slave" HEIGHT="45" WIDTH="122" VPOS="2241" HPOS="1682"/>
<SP HEIGHT="43" WIDTH="29" VPOS="2243" HPOS="1805"/>
<String CONTENT="bangle." HEIGHT="54" WIDTH="174" VPOS="2240" HPOS="1835"/>
</TextLine>
<TextLine HEIGHT="56" WIDTH="1648" VPOS="2295" HPOS="81" CS="1">
<String CONTENT="&#169;" HEIGHT="54" WIDTH="52" VPOS="2296" HPOS="81"/>
<SP HEIGHT="55" WIDTH="22" VPOS="2296" HPOS="134"/>
<String CONTENT="Jan." HEIGHT="51" WIDTH="98" VPOS="2300" HPOS="157"/>
<SP HEIGHT="42" WIDTH="24" VPOS="2299" HPOS="256"/>
<String CONTENT="2," HEIGHT="49" WIDTH="39" VPOS="2299" HPOS="281"/>
<SP HEIGHT="48" WIDTH="28" VPOS="2300" HPOS="321"/>
<String CONTENT="1926;" HEIGHT="52" WIDTH="127" VPOS="2298" HPOS="350"/>
<SP HEIGHT="52" WIDTH="27" VPOS="2298" HPOS="478"/>
<String CONTENT="2c." HEIGHT="43" WIDTH="64" VPOS="2298" HPOS="506"/>
<SP HEIGHT="51" WIDTH="24" VPOS="2299" HPOS="571"/>
<String CONTENT="Jan." HEIGHT="51" WIDTH="97" VPOS="2299" HPOS="596"/>
<SP HEIGHT="42" WIDTH="25" VPOS="2298" HPOS="694"/>
<String CONTENT="2;" HEIGHT="51" WIDTH="50" VPOS="2298" HPOS="720"/>
<SP HEIGHT="37" WIDTH="26" VPOS="2312" HPOS="771"/>
<String CONTENT="aff." HEIGHT="43" WIDTH="77" VPOS="2298" HPOS="798"/>
<SP HEIGHT="51" WIDTH="24" VPOS="2298" HPOS="876"/>
<String CONTENT="Jan." HEIGHT="51" WIDTH="98" VPOS="2298" HPOS="901"/>
<SP HEIGHT="42" WIDTH="26" VPOS="2298" HPOS="1000"/>
<String CONTENT="4;" HEIGHT="51" WIDTH="50" VPOS="2298" HPOS="1027"/>
<SP HEIGHT="51" WIDTH="27" VPOS="2298" HPOS="1078"/>
<!-- cceid FB6C5841-6E1A-1014-9B7B-CA07F191E62B --><String CONTENT="A" HEIGHT="42" WIDTH="44" VPOS="2298" HPOS="1106"/>
<SP HEIGHT="45" WIDTH="22" VPOS="2298" HPOS="1151"/>
<String CONTENT="875695;" HEIGHT="54" WIDTH="190" VPOS="2295" HPOS="1174"/>
<SP HEIGHT="51" WIDTH="31" VPOS="2298" HPOS="1365"/>
<String CONTENT="Macaulay" HEIGHT="53" WIDTH="242" VPOS="2297" HPOS="1397"/>
<SP HEIGHT="37" WIDTH="23" VPOS="2313" HPOS="1640"/>
<String CONTENT="co." HEIGHT="29" WIDTH="65" VPOS="2313" HPOS="1664"/>
</TextLine>
<TextLine HEIGHT="55" WIDTH="240" VPOS="2354" HPOS="159">
<String CONTENT="(26-4066)" HEIGHT="55" WIDTH="240" VPOS="2354" HPOS="159"/>
</TextLine>
<TextLine HEIGHT="75" WIDTH="832" VPOS="2436" HPOS="81" STYLEREFS="StyleId-9C074047-5805-4290-A752-BDA375411712-" CS="1">
<String CONTENT="Lierman," HEIGHT="69" WIDTH="303" VPOS="2438" HPOS="81"/>
<SP HEIGHT="67" WIDTH="33" VPOS="2440" HPOS="385"/>
<String CONTENT="Mrs." HEIGHT="56" WIDTH="151" VPOS="2440" HPOS="419"/>
<SP HEIGHT="57" WIDTH="33" VPOS="2438" HPOS="571"/>
<String CONTENT="Emily" HEIGHT="75" WIDTH="210" VPOS="2436" HPOS="605"/>
<SP HEIGHT="73" WIDTH="32" VPOS="2438" HPOS="816"/>
<String CS="1" CONTENT="G." HEIGHT="13" WIDTH="10" VPOS="2481" HPOS="903"/>
</TextLine>
<TextLine HEIGHT="75" WIDTH="1909" VPOS="2527" HPOS="161" STYLEREFS="StyleId-3CDFEE09-0849-4E46-A000-CBB555FAB35A-">
<String CONTENT="Stories" HEIGHT="59" WIDTH="239" VPOS="2531" HPOS="161"/>
<SP HEIGHT="57" WIDTH="40" VPOS="2532" HPOS="401"/>
<String CONTENT="from" HEIGHT="57" WIDTH="167" VPOS="2532" HPOS="442"/>
<SP HEIGHT="54" WIDTH="42" VPOS="2535" HPOS="610"/>
<String CONTENT="the" HEIGHT="57" WIDTH="104" VPOS="2532" HPOS="653"/>
<SP HEIGHT="37" WIDTH="42" VPOS="2552" HPOS="758"/>
<String CONTENT="clinic," HEIGHT="75" WIDTH="194" VPOS="2527" HPOS="801"/>
<SP HEIGHT="70" WIDTH="41" VPOS="2532" HPOS="996"/>
<String CONTENT="by" HEIGHT="70" WIDTH="82" VPOS="2532" HPOS="1038"/>
<SP HEIGHT="71" WIDTH="39" VPOS="2531" HPOS="1121"/>
<String CONTENT="Emily" HEIGHT="71" WIDTH="211" VPOS="2531" HPOS="1161"/>
<SP HEIGHT="72" WIDTH="42" VPOS="2530" HPOS="1373"/>
<String CONTENT="C." HEIGHT="60" WIDTH="64" VPOS="2530" HPOS="1416"/>
<SP HEIGHT="56" WIDTH="44" VPOS="2532" HPOS="1481"/>
<String CONTENT="Lierman." HEIGHT="56" WIDTH="311" VPOS="2532" HPOS="1526"/>
<SP HEIGHT="56" WIDTH="81" VPOS="2532" HPOS="1838"/>
<String CONTENT="New" HEIGHT="57" WIDTH="150" VPOS="2532" HPOS="1920"/>
</TextLine>
<TextLine HEIGHT="75" WIDTH="1750" VPOS="2607" HPOS="83" STYLEREFS="StyleId-3CDFEE09-0849-4E46-A000-CBB555FAB35A-">
<String CONTENT="York" HEIGHT="58" WIDTH="168" VPOS="2609" HPOS="83"/>
<SP HEIGHT="59" WIDTH="44" VPOS="2609" HPOS="252"/>
<String CONTENT="city," HEIGHT="73" WIDTH="142" VPOS="2607" HPOS="297"/>
<SP HEIGHT="70" WIDTH="47" VPOS="2609" HPOS="440"/>
<String CONTENT="Central" HEIGHT="60" WIDTH="255" VPOS="2608" HPOS="488"/>
<SP HEIGHT="57" WIDTH="41" VPOS="2607" HPOS="744"/>
<String CONTENT="fixation" HEIGHT="59" WIDTH="259" VPOS="2607" HPOS="786"/>
<SP HEIGHT="54" WIDTH="40" VPOS="2627" HPOS="1046"/>
<String CONTENT="publishing" HEIGHT="74" WIDTH="362" VPOS="2608" HPOS="1087"/>
<SP HEIGHT="54" WIDTH="43" VPOS="2628" HPOS="1450"/>
<String CONTENT="co.," HEIGHT="53" WIDTH="107" VPOS="2628" HPOS="1494"/>
<SP HEIGHT="64" WIDTH="41" VPOS="2617" HPOS="1602"/>
<String STYLE="superscript" CONTENT="c" HEIGHT="21" WIDTH="20" VPOS="2617" HPOS="1644"/>
<String CONTENT="1926." HEIGHT="57" WIDTH="165" VPOS="2609" HPOS="1668"/>
</TextLine>
<TextLine HEIGHT="54" WIDTH="1119" VPOS="2685" HPOS="150" CS="1">
<String CONTENT="3" HEIGHT="42" WIDTH="24" VPOS="2690" HPOS="150"/>
<SP HEIGHT="49" WIDTH="25" VPOS="2690" HPOS="175"/>
<String LANG="la" CONTENT="p." HEIGHT="37" WIDTH="42" VPOS="2702" HPOS="201"/>
<SP/>
<String LANG="la" CS="1" CONTENT="l.,"/>
<SP HEIGHT="45" WIDTH="27" VPOS="2690" HPOS="314"/>
<String CONTENT="9-259" HEIGHT="46" WIDTH="136" VPOS="2686" HPOS="342"/>
<SP HEIGHT="49" WIDTH="26" VPOS="2689" HPOS="479"/>
<String CONTENT="p." HEIGHT="37" WIDTH="41" VPOS="2701" HPOS="506"/>
<SP HEIGHT="43" WIDTH="57" VPOS="2686" HPOS="548"/>
<String CONTENT="illus." HEIGHT="44" WIDTH="118" VPOS="2686" HPOS="606"/>
<SP HEIGHT="50" WIDTH="28" VPOS="2686" HPOS="725"/>
<String CS="1" CONTENT="(incl." HEIGHT="51" WIDTH="99" VPOS="2685" HPOS="754"/>
<SP HEIGHT="51" WIDTH="28" VPOS="2686" HPOS="884"/>
<String CONTENT="ports.)" HEIGHT="51" WIDTH="168" VPOS="2686" HPOS="913"/>
<SP HEIGHT="51" WIDTH="64" VPOS="2686" HPOS="1082"/>
<String CONTENT="20" HEIGHT="45" WIDTH="55" VPOS="2686" HPOS="1147"/>
<String STYLE="superscript" CONTENT="cm" HEIGHT="18" WIDTH="48" VPOS="2689" HPOS="1207"/>
<String CONTENT="." HEIGHT="7" WIDTH="7" VPOS="2723" HPOS="1262"/>
</TextLine>
<TextLine HEIGHT="56" WIDTH="1985" VPOS="2738" HPOS="83">
<String CONTENT="&#169;" HEIGHT="54" WIDTH="52" VPOS="2738" HPOS="83"/>
<SP HEIGHT="55" WIDTH="24" VPOS="2738" HPOS="136"/>
<String CONTENT="Jan." HEIGHT="51" WIDTH="98" VPOS="2742" HPOS="161"/>
<SP HEIGHT="42" WIDTH="28" VPOS="2742" HPOS="260"/>
<String CONTENT="9," HEIGHT="50" WIDTH="37" VPOS="2742" HPOS="289"/>
<SP HEIGHT="50" WIDTH="31" VPOS="2742" HPOS="327"/>
<String CONTENT="1926;" HEIGHT="52" WIDTH="128" VPOS="2741" HPOS="359"/>
<SP HEIGHT="52" WIDTH="27" VPOS="2741" HPOS="488"/>
<String CONTENT="2c." HEIGHT="42" WIDTH="63" VPOS="2741" HPOS="516"/>
<SP HEIGHT="28" WIDTH="30" VPOS="2755" HPOS="580"/>
<String CONTENT="and" HEIGHT="43" WIDTH="86" VPOS="2741" HPOS="611"/>
<SP HEIGHT="43" WIDTH="24" VPOS="2741" HPOS="698"/>
<String CONTENT="aff." HEIGHT="42" WIDTH="78" VPOS="2742" HPOS="723"/>
<SP HEIGHT="51" WIDTH="28" VPOS="2742" HPOS="802"/>
<String CONTENT="Jan." HEIGHT="51" WIDTH="97" VPOS="2742" HPOS="831"/>
<SP HEIGHT="41" WIDTH="27" VPOS="2742" HPOS="929"/>
<String CONTENT="27;" HEIGHT="53" WIDTH="78" VPOS="2740" HPOS="957"/>
<SP HEIGHT="52" WIDTH="29" VPOS="2741" HPOS="1036"/>
<!-- cceid FB6CEA37-6E1A-1014-9B7B-CA07F191E62B --><String CONTENT="A" HEIGHT="42" WIDTH="44" VPOS="2741" HPOS="1066"/>
<SP HEIGHT="43" WIDTH="25" VPOS="2741" HPOS="1111"/>
<String CONTENT="883076;" HEIGHT="52" WIDTH="189" VPOS="2740" HPOS="1137"/>
<SP HEIGHT="52" WIDTH="31" VPOS="2740" HPOS="1327"/>
<String LANG="la" CONTENT="E." HEIGHT="47" WIDTH="51" VPOS="2740" HPOS="1359"/>
<SP HEIGHT="45" WIDTH="31" VPOS="2739" HPOS="1411"/>
<String CONTENT="C." HEIGHT="45" WIDTH="48" VPOS="2739" HPOS="1443"/>
<SP HEIGHT="43" WIDTH="30" VPOS="2741" HPOS="1492"/>
<String CONTENT="Lierman," HEIGHT="53" WIDTH="222" VPOS="2741" HPOS="1523"/>
<SP HEIGHT="53" WIDTH="32" VPOS="2741" HPOS="1746"/>
<String CONTENT="New" HEIGHT="44" WIDTH="117" VPOS="2741" HPOS="1779"/>
<SP HEIGHT="43" WIDTH="28" VPOS="2742" HPOS="1897"/>
<String CONTENT="York." HEIGHT="43" WIDTH="142" VPOS="2742" HPOS="1926"/>
</TextLine>
<TextLine HEIGHT="55" WIDTH="241" VPOS="2796" HPOS="161">
<String CONTENT="(26-3969)" HEIGHT="55" WIDTH="241" VPOS="2796" HPOS="161"/>
</TextLine>
<TextLine HEIGHT="73" WIDTH="1080" VPOS="2880" HPOS="83" STYLEREFS="StyleId-9C074047-5805-4290-A752-BDA375411712-">
<String CONTENT="Limouze," HEIGHT="72" WIDTH="303" VPOS="2880" HPOS="83"/>
<SP HEIGHT="72" WIDTH="35" VPOS="2880" HPOS="387"/>
<String CONTENT="Arthur" HEIGHT="58" WIDTH="244" VPOS="2880" HPOS="423"/>
<SP HEIGHT="57" WIDTH="34" VPOS="2881" HPOS="668"/>
<String CONTENT="Henry," HEIGHT="72" WIDTH="232" VPOS="2881" HPOS="703"/>
<SP HEIGHT="67" WIDTH="38" VPOS="2885" HPOS="936"/>
<String CONTENT="1883-" HEIGHT="57" WIDTH="188" VPOS="2883" HPOS="975"/>
</TextLine>
<TextLine HEIGHT="78" WIDTH="1912" VPOS="2971" HPOS="162" STYLEREFS="StyleId-3CDFEE09-0849-4E46-A000-CBB555FAB35A-">
<String CONTENT="Seeing" HEIGHT="72" WIDTH="227" VPOS="2972" HPOS="162"/>
<SP HEIGHT="71" WIDTH="32" VPOS="2973" HPOS="390"/>
<String CONTENT="America" HEIGHT="57" WIDTH="295" VPOS="2972" HPOS="423"/>
<SP HEIGHT="57" WIDTH="27" VPOS="2972" HPOS="719"/>
<String CONTENT="for" HEIGHT="57" WIDTH="108" VPOS="2972" HPOS="747"/>
<SP HEIGHT="59" WIDTH="33" VPOS="2971" HPOS="856"/>
<String CONTENT="Christ," HEIGHT="74" WIDTH="231" VPOS="2971" HPOS="890"/>
<SP HEIGHT="53" WIDTH="37" VPOS="2992" HPOS="1122"/>
<String CONTENT="a" HEIGHT="37" WIDTH="38" VPOS="2992" HPOS="1160"/>
<SP HEIGHT="53" WIDTH="29" VPOS="2991" HPOS="1199"/>
<String CONTENT="program" HEIGHT="58" WIDTH="301" VPOS="2991" HPOS="1229"/>
<SP HEIGHT="56" WIDTH="32" VPOS="2974" HPOS="1531"/>
<String CONTENT="book" HEIGHT="57" WIDTH="161" VPOS="2974" HPOS="1564"/>
<SP HEIGHT="71" WIDTH="31" VPOS="2974" HPOS="1726"/>
<String CONTENT="prepared" HEIGHT="71" WIDTH="316" VPOS="2975" HPOS="1758"/>
</TextLine>
<TextLine HEIGHT="74" WIDTH="1988" VPOS="3049" HPOS="83" STYLEREFS="StyleId-3CDFEE09-0849-4E46-A000-CBB555FAB35A-">
<String CONTENT="for" HEIGHT="58" WIDTH="104" VPOS="3049" HPOS="83"/>
<SP HEIGHT="37" WIDTH="36" VPOS="3069" HPOS="188"/>
<String CONTENT="use" HEIGHT="38" WIDTH="109" VPOS="3069" HPOS="225"/>
<SP HEIGHT="57" WIDTH="38" VPOS="3050" HPOS="335"/>
<String CONTENT="in" HEIGHT="55" WIDTH="66" VPOS="3050" HPOS="374"/>
<SP HEIGHT="54" WIDTH="37" VPOS="3052" HPOS="441"/>
<String CONTENT="the" HEIGHT="56" WIDTH="105" VPOS="3050" HPOS="479"/>
<SP HEIGHT="72" WIDTH="38" VPOS="3049" HPOS="585"/>
<String CONTENT="junior" HEIGHT="72" WIDTH="215" VPOS="3049" HPOS="624"/>
<SP HEIGHT="57" WIDTH="37" VPOS="3050" HPOS="840"/>
<String CONTENT="department" HEIGHT="71" WIDTH="398" VPOS="3050" HPOS="878"/>
<SP HEIGHT="56" WIDTH="41" VPOS="3052" HPOS="1277"/>
<String CONTENT="of" HEIGHT="58" WIDTH="66" VPOS="3050" HPOS="1319"/>
<SP HEIGHT="57" WIDTH="38" VPOS="3050" HPOS="1386"/>
<String CONTENT="the" HEIGHT="57" WIDTH="103" VPOS="3051" HPOS="1425"/>
<SP HEIGHT="56" WIDTH="42" VPOS="3053" HPOS="1529"/>
<String CONTENT="daily" HEIGHT="72" WIDTH="173" VPOS="3051" HPOS="1572"/>
<SP HEIGHT="53" WIDTH="34" VPOS="3070" HPOS="1746"/>
<String CONTENT="vacation" HEIGHT="58" WIDTH="290" VPOS="3051" HPOS="1781"/>
</TextLine>
<TextLine HEIGHT="74" WIDTH="1990" VPOS="3126" HPOS="83" STYLEREFS="StyleId-3CDFEE09-0849-4E46-A000-CBB555FAB35A-" CS="1">
<String CONTENT="Bible" HEIGHT="58" WIDTH="175" VPOS="3126" HPOS="83"/>
<SP HEIGHT="37" WIDTH="34" VPOS="3147" HPOS="259"/>
<String CONTENT="school" HEIGHT="57" WIDTH="207" VPOS="3127" HPOS="294"/>
<SP HEIGHT="56" WIDTH="29" VPOS="3127" HPOS="502"/>
<String CONTENT="by" HEIGHT="70" WIDTH="83" VPOS="3127" HPOS="532"/>
<SP HEIGHT="70" WIDTH="28" VPOS="3127" HPOS="616"/>
<String CONTENT="Arthur" HEIGHT="57" WIDTH="243" VPOS="3126" HPOS="645"/>
<SP HEIGHT="56" WIDTH="31" VPOS="3126" HPOS="889"/>
<String CONTENT="Henry" HEIGHT="72" WIDTH="223" VPOS="3126" HPOS="921"/>
<SP HEIGHT="70" WIDTH="31" VPOS="3128" HPOS="1145"/>
<String CONTENT="Limouze" HEIGHT="59" WIDTH="290" VPOS="3127" HPOS="1177"/>
<SP HEIGHT="39" WIDTH="38" VPOS="3147" HPOS="1468"/>
<String CS="1" CONTENT="&#8230;"/>
<SP HEIGHT="57" WIDTH="76" VPOS="3128" HPOS="1569"/>
<String CONTENT="Projects" HEIGHT="72" WIDTH="289" VPOS="3128" HPOS="1646"/>
<SP HEIGHT="58" WIDTH="32" VPOS="3129" HPOS="1936"/>
<String CONTENT="for" HEIGHT="58" WIDTH="104" VPOS="3129" HPOS="1969"/>
</TextLine>
<TextLine HEIGHT="76" WIDTH="1989" VPOS="3202" HPOS="83" STYLEREFS="StyleId-3CDFEE09-0849-4E46-A000-CBB555FAB35A-" CS="1">
<String CONTENT="girls" HEIGHT="72" WIDTH="154" VPOS="3204" HPOS="83"/>
<SP HEIGHT="58" WIDTH="32" VPOS="3204" HPOS="238"/>
<String CONTENT="by" HEIGHT="70" WIDTH="82" VPOS="3204" HPOS="271"/>
<SP HEIGHT="70" WIDTH="32" VPOS="3204" HPOS="354"/>
<String CONTENT="Mary" HEIGHT="72" WIDTH="185" VPOS="3204" HPOS="387"/>
<SP HEIGHT="73" WIDTH="31" VPOS="3203" HPOS="573"/>
<String CONTENT="Effie" HEIGHT="59" WIDTH="149" VPOS="3202" HPOS="605"/>
<SP HEIGHT="59" WIDTH="31" VPOS="3202" HPOS="755"/>
<String CONTENT="Whitzel" HEIGHT="59" WIDTH="270" VPOS="3202" HPOS="787"/>
<SP HEIGHT="59" WIDTH="37" VPOS="3204" HPOS="1058"/>
<String CS="1" CONTENT="&#8230;"/>
<SP HEIGHT="43" WIDTH="39" VPOS="3221" HPOS="1160"/>
<String CONTENT="edited" HEIGHT="59" WIDTH="209" VPOS="3204" HPOS="1200"/>
<SP HEIGHT="59" WIDTH="27" VPOS="3204" HPOS="1410"/>
<String CONTENT="by" HEIGHT="72" WIDTH="84" VPOS="3205" HPOS="1438"/>
<SP HEIGHT="72" WIDTH="33" VPOS="3205" HPOS="1523"/>
<String CONTENT="John" HEIGHT="59" WIDTH="169" VPOS="3205" HPOS="1557"/>
<SP HEIGHT="57" WIDTH="34" VPOS="3206" HPOS="1727"/>
<String CONTENT="T." HEIGHT="57" WIDTH="66" VPOS="3206" HPOS="1762"/>
<SP HEIGHT="57" WIDTH="36" VPOS="3206" HPOS="1829"/>
<String CONTENT="Fans," HEIGHT="72" WIDTH="206" VPOS="3206" HPOS="1866"/>
</TextLine>
<TextLine HEIGHT="72" WIDTH="1947" VPOS="3281" HPOS="125" STYLEREFS="StyleId-3CDFEE09-0849-4E46-A000-CBB555FAB35A-" CS="1">
<String CS="1" CONTENT="D." HEIGHT="9" WIDTH="8" VPOS="3329" HPOS="125"/>
<SP HEIGHT="36" WIDTH="33" VPOS="3302" HPOS="134"/>
<String CS="1" CONTENT="D." HEIGHT="9" WIDTH="10" VPOS="3329" HPOS="210"/>
<SP HEIGHT="56" WIDTH="74" VPOS="3282" HPOS="221"/>
<String CONTENT="Philadelphia," HEIGHT="72" WIDTH="454" VPOS="3281" HPOS="296"/>
<SP HEIGHT="72" WIDTH="36" VPOS="3281" HPOS="751"/>
<String CONTENT="Board" HEIGHT="59" WIDTH="214" VPOS="3281" HPOS="788"/>
<SP HEIGHT="58" WIDTH="33" VPOS="3282" HPOS="1003"/>
<String CONTENT="of" HEIGHT="56" WIDTH="68" VPOS="3282" HPOS="1037"/>
<SP HEIGHT="59" WIDTH="36" VPOS="3281" HPOS="1106"/>
<String CONTENT="Christian" HEIGHT="59" WIDTH="321" VPOS="3281" HPOS="1143"/>
<SP HEIGHT="38" WIDTH="35" VPOS="3302" HPOS="1465"/>
<String CONTENT="education" HEIGHT="59" WIDTH="328" VPOS="3283" HPOS="1501"/>
<SP HEIGHT="39" WIDTH="36" VPOS="3302" HPOS="1830"/>
<String CONTENT="of" HEIGHT="58" WIDTH="68" VPOS="3283" HPOS="1867"/>
<SP HEIGHT="59" WIDTH="32" VPOS="3283" HPOS="1936"/>
<String CONTENT="the" HEIGHT="58" WIDTH="103" VPOS="3284" HPOS="1969"/>
</TextLine>
<TextLine HEIGHT="73" WIDTH="1451" VPOS="3358" HPOS="84" STYLEREFS="StyleId-3CDFEE09-0849-4E46-A000-CBB555FAB35A-">
<String CONTENT="Presbyterian" HEIGHT="71" WIDTH="451" VPOS="3359" HPOS="84"/>
<SP HEIGHT="37" WIDTH="25" VPOS="3378" HPOS="536"/>
<String CONTENT="church" HEIGHT="57" WIDTH="227" VPOS="3358" HPOS="562"/>
<SP HEIGHT="55" WIDTH="23" VPOS="3359" HPOS="790"/>
<String CONTENT="in" HEIGHT="56" WIDTH="66" VPOS="3359" HPOS="814"/>
<SP HEIGHT="55" WIDTH="28" VPOS="3361" HPOS="881"/>
<String CONTENT="the" HEIGHT="58" WIDTH="103" VPOS="3358" HPOS="910"/>
<SP HEIGHT="58" WIDTH="27" VPOS="3358" HPOS="1014"/>
<String CONTENT="U." HEIGHT="58" WIDTH="75" VPOS="3358" HPOS="1042"/>
<SP HEIGHT="59" WIDTH="33" VPOS="3358" HPOS="1118"/>
<String CONTENT="S." HEIGHT="59" WIDTH="62" VPOS="3358" HPOS="1152"/>
<SP HEIGHT="58" WIDTH="27" VPOS="3358" HPOS="1215"/>
<String CONTENT="A.," HEIGHT="73" WIDTH="95" VPOS="3358" HPOS="1243"/>
<SP HEIGHT="69" WIDTH="30" VPOS="3362" HPOS="1339"/>
<String CONTENT="1925." HEIGHT="57" WIDTH="165" VPOS="3361" HPOS="1370"/>
</TextLine>
<TextLine HEIGHT="52" WIDTH="1198" VPOS="3435" HPOS="159" CS="1">
<String CONTENT="186" HEIGHT="43" WIDTH="76" VPOS="3435" HPOS="159"/>
<SP HEIGHT="51" WIDTH="25" VPOS="3436" HPOS="236"/>
<String CONTENT="p." HEIGHT="37" WIDTH="38" VPOS="3450" HPOS="262"/>
<SP HEIGHT="42" WIDTH="57" VPOS="3435" HPOS="301"/>
<String CONTENT="illus.," HEIGHT="49" WIDTH="130" VPOS="3435" HPOS="359"/>
<SP HEIGHT="49" WIDTH="24" VPOS="3435" HPOS="490"/>
<String CONTENT="22" HEIGHT="41" WIDTH="56" VPOS="3435" HPOS="515"/>
<SP/>
<String CS="1" CONTENT="pl."/>
<SP/>
<String CONTENT="on" HEIGHT="28" WIDTH="58" VPOS="3450" HPOS="682"/>
<SP HEIGHT="42" WIDTH="31" VPOS="3436" HPOS="741"/>
<String CONTENT="11" HEIGHT="42" WIDTH="45" VPOS="3436" HPOS="773"/>
<SP/>
<String CS="1" CONTENT="l.,"/>
<SP HEIGHT="50" WIDTH="28" VPOS="3435" HPOS="890"/>
<String CONTENT="fold." HEIGHT="44" WIDTH="111" VPOS="3435" HPOS="919"/>
<SP HEIGHT="36" WIDTH="28" VPOS="3443" HPOS="1031"/>
<String CONTENT="tab." HEIGHT="44" WIDTH="89" VPOS="3435" HPOS="1060"/>
<SP HEIGHT="43" WIDTH="56" VPOS="3436" HPOS="1150"/>
<String CS="1" CONTENT="23&#189;" HEIGHT="44" WIDTH="54" VPOS="3436" HPOS="1207"/>
<String STYLE="superscript" CONTENT="cm" HEIGHT="17" WIDTH="48" VPOS="3439" HPOS="1296"/>
<String CONTENT="." HEIGHT="9" WIDTH="8" VPOS="3471" HPOS="1349"/>
</TextLine>
<TextLine HEIGHT="53" WIDTH="612" VPOS="3490" HPOS="155">
<String CONTENT="Contains" HEIGHT="45" WIDTH="213" VPOS="3490" HPOS="155"/>
<SP HEIGHT="43" WIDTH="31" VPOS="3491" HPOS="369"/>
<String CONTENT="bibliographies." HEIGHT="53" WIDTH="366" VPOS="3490" HPOS="401"/>
</TextLine>
<TextLine HEIGHT="55" WIDTH="1987" VPOS="3545" HPOS="85">
<String CONTENT="&#169;" HEIGHT="53" WIDTH="52" VPOS="3545" HPOS="85"/>
<SP HEIGHT="53" WIDTH="32" VPOS="3545" HPOS="138"/>
<String CONTENT="Apr." HEIGHT="51" WIDTH="111" VPOS="3547" HPOS="171"/>
<SP HEIGHT="44" WIDTH="35" VPOS="3546" HPOS="283"/>
<String CONTENT="7," HEIGHT="52" WIDTH="37" VPOS="3546" HPOS="319"/>
<SP HEIGHT="50" WIDTH="35" VPOS="3548" HPOS="357"/>
<String CONTENT="1925;" HEIGHT="51" WIDTH="128" VPOS="3546" HPOS="393"/>
<SP HEIGHT="49" WIDTH="32" VPOS="3548" HPOS="522"/>
<String CONTENT="2c." HEIGHT="42" WIDTH="64" VPOS="3548" HPOS="555"/>
<SP HEIGHT="28" WIDTH="31" VPOS="3562" HPOS="620"/>
<String CONTENT="and" HEIGHT="42" WIDTH="86" VPOS="3548" HPOS="652"/>
<SP HEIGHT="42" WIDTH="31" VPOS="3548" HPOS="739"/>
<String CONTENT="aff." HEIGHT="42" WIDTH="78" VPOS="3548" HPOS="771"/>
<SP HEIGHT="44" WIDTH="33" VPOS="3546" HPOS="850"/>
<String CONTENT="Feb." HEIGHT="44" WIDTH="105" VPOS="3546" HPOS="884"/>
<SP HEIGHT="43" WIDTH="35" VPOS="3547" HPOS="990"/>
<String CONTENT="6," HEIGHT="50" WIDTH="36" VPOS="3547" HPOS="1026"/>
<SP HEIGHT="49" WIDTH="38" VPOS="3548" HPOS="1063"/>
<String CONTENT="1926;" HEIGHT="51" WIDTH="129" VPOS="3547" HPOS="1102"/>
<SP HEIGHT="50" WIDTH="34" VPOS="3548" HPOS="1232"/>
<!-- cceid FB6D7ABF-6E1A-1014-9B7B-CA07F191E62B --><String CONTENT="A" HEIGHT="42" WIDTH="44" VPOS="3548" HPOS="1267"/>
<SP HEIGHT="43" WIDTH="32" VPOS="3548" HPOS="1312"/>
<String CONTENT="879508;" HEIGHT="54" WIDTH="189" VPOS="3546" HPOS="1345"/>
<SP HEIGHT="51" WIDTH="36" VPOS="3549" HPOS="1535"/>
<String CONTENT="Board" HEIGHT="43" WIDTH="150" VPOS="3549" HPOS="1572"/>
<SP HEIGHT="43" WIDTH="33" VPOS="3549" HPOS="1723"/>
<String CONTENT="of" HEIGHT="43" WIDTH="50" VPOS="3549" HPOS="1757"/>
<SP HEIGHT="44" WIDTH="35" VPOS="3548" HPOS="1808"/>
<String CONTENT="Christian" HEIGHT="44" WIDTH="228" VPOS="3548" HPOS="1844"/>
</TextLine>
<TextLine HEIGHT="55" WIDTH="1687" VPOS="3603" HPOS="156">
<String CONTENT="education" HEIGHT="43" WIDTH="234" VPOS="3604" HPOS="156"/>
<SP HEIGHT="28" WIDTH="23" VPOS="3618" HPOS="391"/>
<String CONTENT="of" HEIGHT="43" WIDTH="51" VPOS="3603" HPOS="415"/>
<SP HEIGHT="43" WIDTH="24" VPOS="3603" HPOS="467"/>
<String CONTENT="the" HEIGHT="43" WIDTH="74" VPOS="3603" HPOS="492"/>
<SP HEIGHT="42" WIDTH="25" VPOS="3604" HPOS="567"/>
<String CONTENT="Presbyterian" HEIGHT="51" WIDTH="321" VPOS="3604" HPOS="593"/>
<SP HEIGHT="28" WIDTH="24" VPOS="3618" HPOS="915"/>
<String CONTENT="church" HEIGHT="43" WIDTH="166" VPOS="3603" HPOS="940"/>
<SP HEIGHT="43" WIDTH="28" VPOS="3603" HPOS="1107"/>
<String CONTENT="in" HEIGHT="43" WIDTH="44" VPOS="3603" HPOS="1136"/>
<SP HEIGHT="35" WIDTH="26" VPOS="3612" HPOS="1181"/>
<String CONTENT="the" HEIGHT="43" WIDTH="74" VPOS="3604" HPOS="1208"/>
<SP HEIGHT="43" WIDTH="27" VPOS="3605" HPOS="1283"/>
<String CONTENT="U." HEIGHT="43" WIDTH="57" VPOS="3605" HPOS="1311"/>
<SP HEIGHT="46" WIDTH="32" VPOS="3604" HPOS="1369"/>
<String CONTENT="S." HEIGHT="46" WIDTH="44" VPOS="3604" HPOS="1402"/>
<SP HEIGHT="42" WIDTH="27" VPOS="3605" HPOS="1447"/>
<String CONTENT="A." HEIGHT="42" WIDTH="57" VPOS="3605" HPOS="1475"/>
<SP HEIGHT="53" WIDTH="68" VPOS="3605" HPOS="1533"/>
<String CONTENT="(26-3998)" HEIGHT="54" WIDTH="241" VPOS="3604" HPOS="1602"/>
</TextLine>
<TextLine HEIGHT="76" WIDTH="842" VPOS="3684" HPOS="86" STYLEREFS="StyleId-9C074047-5805-4290-A752-BDA375411712-">
<String CONTENT="Livermore" HEIGHT="60" WIDTH="354" VPOS="3684" HPOS="86"/>
<SP HEIGHT="57" WIDTH="35" VPOS="3687" HPOS="441"/>
<String CONTENT="&amp;" HEIGHT="57" WIDTH="50" VPOS="3687" HPOS="477"/>
<SP HEIGHT="57" WIDTH="33" VPOS="3687" HPOS="528"/>
<String CONTENT="Knight" HEIGHT="74" WIDTH="245" VPOS="3686" HPOS="562"/>
<SP HEIGHT="53" WIDTH="32" VPOS="3691" HPOS="808"/>
<String CONTENT="co." HEIGHT="42" WIDTH="87" VPOS="3703" HPOS="841"/>
</TextLine>
<TextLine HEIGHT="77" WIDTH="1909" VPOS="3773" HPOS="163" STYLEREFS="StyleId-3CDFEE09-0849-4E46-A000-CBB555FAB35A-">
<String CONTENT="Fifty" HEIGHT="74" WIDTH="182" VPOS="3773" HPOS="163"/>
<SP HEIGHT="54" WIDTH="40" VPOS="3793" HPOS="346"/>
<String CONTENT="years" HEIGHT="53" WIDTH="185" VPOS="3794" HPOS="387"/>
<SP HEIGHT="38" WIDTH="44" VPOS="3795" HPOS="573"/>
<String CONTENT="of" HEIGHT="58" WIDTH="66" VPOS="3775" HPOS="618"/>
<SP HEIGHT="58" WIDTH="42" VPOS="3775" HPOS="685"/>
<String CONTENT="the" HEIGHT="57" WIDTH="103" VPOS="3776" HPOS="728"/>
<SP HEIGHT="53" WIDTH="41" VPOS="3796" HPOS="832"/>
<String CONTENT="pioneer" HEIGHT="72" WIDTH="261" VPOS="3777" HPOS="874"/>
<SP HEIGHT="38" WIDTH="42" VPOS="3797" HPOS="1136"/>
<String CONTENT="spirit;" HEIGHT="72" WIDTH="216" VPOS="3778" HPOS="1179"/>
<SP HEIGHT="52" WIDTH="47" VPOS="3798" HPOS="1396"/>
<String CONTENT="a" HEIGHT="37" WIDTH="39" VPOS="3798" HPOS="1444"/>
<SP HEIGHT="37" WIDTH="42" VPOS="3798" HPOS="1484"/>
<String CONTENT="retrospect" HEIGHT="69" WIDTH="352" VPOS="3781" HPOS="1527"/>
<SP HEIGHT="55" WIDTH="43" VPOS="3781" HPOS="1880"/>
<String CONTENT="of" HEIGHT="58" WIDTH="68" VPOS="3778" HPOS="1924"/>
<SP HEIGHT="58" WIDTH="44" VPOS="3778" HPOS="1993"/>
<String CONTENT="a" HEIGHT="38" WIDTH="34" VPOS="3798" HPOS="2038"/>
</TextLine>
<TextLine HEIGHT="68" WIDTH="1988" VPOS="3852" HPOS="86" STYLEREFS="StyleId-3CDFEE09-0849-4E46-A000-CBB555FAB35A-">
<String CONTENT="half-century" HEIGHT="68" WIDTH="424" VPOS="3852" HPOS="86"/>
<SP HEIGHT="47" WIDTH="31" VPOS="3873" HPOS="511"/>
<String CONTENT="of" HEIGHT="57" WIDTH="66" VPOS="3853" HPOS="543"/>
<SP HEIGHT="56" WIDTH="33" VPOS="3853" HPOS="610"/>
<String CONTENT="endeavor" HEIGHT="57" WIDTH="314" VPOS="3855" HPOS="644"/>
<SP HEIGHT="37" WIDTH="28" VPOS="3874" HPOS="959"/>
<String CONTENT="which" HEIGHT="56" WIDTH="198" VPOS="3856" HPOS="988"/>
<SP HEIGHT="56" WIDTH="31" VPOS="3856" HPOS="1187"/>
<String CONTENT="has" HEIGHT="57" WIDTH="115" VPOS="3856" HPOS="1219"/>
<SP HEIGHT="45" WIDTH="33" VPOS="3875" HPOS="1335"/>
<String CONTENT="produced" HEIGHT="63" WIDTH="318" VPOS="3857" HPOS="1369"/>
<SP HEIGHT="56" WIDTH="34" VPOS="3858" HPOS="1688"/>
<String CONTENT="a" HEIGHT="37" WIDTH="35" VPOS="3876" HPOS="1723"/>
<SP HEIGHT="45" WIDTH="32" VPOS="3875" HPOS="1759"/>
<String CONTENT="present-" HEIGHT="61" WIDTH="282" VPOS="3859" HPOS="1792"/>
</TextLine>
</TextBlock>
</PrintSpace>
</Page>
</Layout>
</alto>