2542 4285
1073 3956 113 57 479

133 335 273 69 Reniers,
441 333 311 59 Perceval.

209 425 126 56 The
367 423 282 57 Midland
677 423 151 57 trail
855 426 143 54 tour
1024 423 67 56 in
1116 423 178 57 West
1322 422 311 72 Virginia,
1660 423 186 73 being
1874 423 132 58 also
2038 444 79 37 an

133 505 255 54 account
427 502 66 56 of
530 501 101 56 the
671 501 103 56 old
812 501 367 71 stagecoach
1217 501 155 70 days
1411 519 78 38 on
1529 501 103 56 the
1669 500 216 58 James
1925 501 193 57 River

133 580 121 56 and
294 578 326 57 Kanawha
661 577 308 72 turnpike,
1012 578 83 70 by
1136 578 300 56 Perceval
1477 578 262 57 Reniers
1784 577 49 59 &
1873 577 245 58 Ashton

131 654 1963 150 Woodman Reniers … New York, Pub. under the auspices of
437 733 102 57 the
577 732 283 56 Midland
894 732 151 56 trail
1081 730 395 58 commission
1512 731 67 58 of
1615 732 177 57 West
1829 732 291 72 Virginia

129 811 80 71 by
240 812 101 56 the
374 811 283 56 Midland
689 810 416 71 publications
1140 828 320 53 company,
1493 818 20 21 c
1517 811 163 55 1926.

200 885 616 54 31, [1] p. illus. 18½ cm .
201 944 134 53 Maps
367 944 86 42 and
487 941 249 54 “Mileage”
770 958 57 28 on
860 956 145 29 cover.

127 997 53 54 ©
213 1000 116 43 Mar.
357 998 65 52 25,
459 999 126 51 1926;
616 999 65 43 2c.
711 1000 86 42 and
827 1000 78 42 aff.
936 999 112 51 Apr.
1083 999 73 51 12;
1189 999 43 41 A
1265 995 187 55 890540;
1486 997 206 45 Midland
1723 998 296 52 publications
2052 1014 65 28 co.

207 1054 240 55 (26-9721)

130 1153 463 73 Royde-Smith,
634 1151 226 58 Naomi
899 1150 309 74 Gwladys.

212 1248 127 56 The
392 1245 392 71 housemaid;
841 1265 36 37 a
929 1244 181 57 novel
1164 1242 66 58 in
1284 1246 173 55 three
1510 1247 197 70 parts,
1761 1247 82 70 by
1897 1247 222 57 Naomi

134 1322 1695 72 Royde-Smith … New York, A. A. Knopf, 1926.
203 1400 708 52 6 p. l., 3-322 p., 1 l. 19½ cm .
129 1453 51 53 ©
216 1456 111 51 Apr.
361 1455 67 51 23,
470 1454 104 43 1926;
633 1454 65 43 2c.
736 1454 111 51 May
887 1454 16 41 1;
974 1453 79 43 aff.
1091 1454 112 50 Apr.
1240 1453 53 43 29;
1360 1454 43 41 A
1442 1452 163 45 890599;
1673 1454 59 43 N.
1773 1453 345 54 Royde-Smith,

198 1511 199 43 London.
466 1510 240 54 (26-9829)

131 1608 278 73 [Russell,
454 1609 185 70 Mary
676 1608 270 56 Annette
998 1606 456 72 (Beauchamp)
1508 1605 261 71 Russell,
1819 1613 299 69 countess]

204 1699 102 55 An
337 1698 424 57 introduction
795 1700 63 54 to
895 1696 191 72 Sally,
1122 1697 84 71 by
1237 1697 103 56 the
1377 1697 224 56 author
1638 1697 67 56 of
1742 1698 38 26 “
1795 1697 327 57 Elizabeth

128 1777 123 55 and
281 1776 116 56 her
430 1775 270 58 German
735 1776 310 70 garden”.
1148 1775 173 70 [chap.
1362 1776 145 69 l]-3.

200 1852 79 50 (In
315 1853 168 41 Nash’s
521 1852 254 51 magazine,
813 1853 131 50 Mar.,
984 1850 127 52 1926)

128 1904 1992 55 © 1c. Apr. 12, 1926; A ad int. 8007; pubd. Feb. 17; M. A. Russell, London.
0 0 0 0 An introduction to Sally, by the author of “ Elizabeth
311 2020 376 74 and her German garden”. [chap.] 4, 5.
200 2098 79 50 (In
317 2099 169 40 Nash’s
524 2098 255 51 magazine,
816 2098 127 51 Apr.,
984 2096 127 52 1926)

124 2149 1996 56 © 1c. May 13, 1926; A ad int. 8171; pubd. Mar. 17; M. A. Russell, London.
129 2264 404 69 Rutherford,
572 2264 237 73 Joseph
843 2265 50 56 F
1209 2265 189 57 1869-

208 2356 424 73 Deliverance,
661 2377 36 36 a
723 2356 174 57 vivid
925 2355 387 72 description
1340 2356 67 57 of
1433 2356 104 57 the
1566 2356 206 57 divine
1801 2357 148 71 plan
132 2376 1963 129 particularly

466 2433 307 74 outlining
813 2433 196 59 God’s
1050 2433 401 73 progressive
1496 2436 170 69 steps
1708 2434 250 72 against
2001 2436 120 56 evil

133 2514 123 56 and
293 2511 278 73 showing
607 2512 104 57 the
747 2510 149 59 final
933 2512 355 57 overthrow
1324 2512 66 57 of
1427 2512 104 57 the
1569 2512 165 57 devil
1772 2514 123 56 and
1933 2513 83 56 all
2054 2514 66 57 of

130 2590 98 58 his
274 2590 232 57 wicked
548 2589 425 71 institutions;
1019 2589 103 57 the
1168 2589 392 57 deliverance
1645 2590 29 56 of
1718 2590 104 57 the
1865 2590 254 72 people;

134 2668 122 57 and
298 2668 104 57 the
448 2667 474 58 establishment
963 2666 69 58 of
1076 2667 102 57 the
1224 2666 322 73 righteous
1591 2670 405 70 government
2043 2688 79 38 on

135 2744 1982 75 earth … by J. F. Rutherford … Brooklyn, N. Y. [etc.]
134 2822 458 59 International
638 2822 178 58 Bible
870 2823 286 57 students
1209 2820 397 74 association,
1653 2822 224 58 Watch
1928 2824 193 57 tower

130 2901 177 57 Bible
337 2902 123 57 and
488 2904 163 54 tract
682 2899 238 72 society
949 2929 13 43 [
962 2907 21 23 c
986 2900 164 72 1926]

199 2977 586 55 3 p. l., 9-379 p. 18½ cm .
201 3036 174 51 100,000
405 3036 178 44 edition.

130 3089 52 54 ©
218 3092 112 51 Apr.
364 3091 39 51 9,
443 3090 128 51 1926;
608 3090 65 43 2c.
707 3089 112 53 Apr.
853 3089 78 52 26;
971 3090 78 43 aff.
1085 3089 112 53 Apr.
1232 3089 79 53 29;
1350 3091 43 41 A
1431 3089 189 53 891210;
1659 3091 40 52 J.
1737 3089 50 44 F.
1826 3089 296 53 Rutherford,

201 3147 247 52 Brooklyn.
517 3145 241 55 (26-9714)

135 3229 318 73 [Terhune,
488 3232 151 55 Mrs.
672 3230 186 72 Mary
890 3228 296 74 Virginia
1226 3229 312 75 (Hawes)]
1578 3231 357 57 1831-1922.

210 3320 128 58 The
368 3338 135 39 new
532 3319 295 59 Common
857 3339 179 39 sense
1063 3319 66 57 in
1156 3320 104 58 the
1290 3320 357 71 household,
1679 3320 187 73 being
131 3319 1970 137 “Common

303 3416 178 39 sense
511 3397 63 56 in
602 3398 103 57 the
734 3397 398 59 household”
1162 3398 84 71 by
1273 3396 249 59 Marion
1553 3397 288 59 Harland
1874 3398 248 73 [pseud.]

133 3475 247 58 revised
409 3475 102 57 for
543 3494 110 53 gas
687 3477 122 56 and
841 3475 344 71 electricity
1212 3476 83 71 by
1322 3476 112 55 her
1466 3475 310 72 daughter
1808 3474 317 60 Christine

135 3554 285 57 Terhune
469 3552 283 58 Herrick.
856 3553 191 57 Table
1096 3552 68 58 of
1210 3551 261 59 calories
1521 3554 121 56 and
1689 3551 172 73 daily
1907 3570 217 40 menus

132 3629 1993 73 with calory values, by Gertrude York Christy … New
133 3709 188 70 York,
358 3707 339 59 Frederick
733 3708 73 56 A.
849 3706 222 62 Stokes
1108 3726 324 53 company,
1469 3708 165 57 1926.

203 3786 502 52 xix, 499 p. 19 ½ cm .
132 3841 53 53 ©
213 3843 110 53 Apr.
352 3843 66 50 22,
449 3842 128 51 1926;
606 3843 63 42 2c.
699 3843 111 51 Apr.
838 3842 77 52 24;
943 3842 80 42 aff.
1052 3842 111 51 Apr.
1191 3841 79 52 26;
1301 3842 43 41 A
1371 3840 189 53 890475;
1594 3840 247 46 Frederick
1870 3842 56 43 A.
1959 3840 161 47 Stokes

202 3913 65 28 co.
338 3896 239 52 (26-9715)
