2542 4285
1107 4023 149 58 1417

196 401 251 74 Abbott,
481 405 149 56 Mrs.
668 404 158 57 Jane
863 403 259 59 Ludlow
1163 404 267 74 (Drake)
1476 408 188 56 1881—

197 493 1959 140 Martha the seventh, by Jane Abbott … with illustrations
408 572 82 70 by
535 572 206 71 Ralph
786 573 219 58 Pallen
1055 572 309 59 Coleman.
1446 573 435 73 Philadelphia
1933 574 48 59 &
197 573 1959 149 London,

367 650 60 58 J.
456 649 70 57 B.
556 648 361 72 Lippincott
948 668 320 54 company,
1301 652 162 56 1926.

265 740 82 44 288
377 755 38 38 p.
476 740 80 44 col.
589 740 149 54 front.,
771 741 155 52 plates.
990 742 49 44 19½
1072 743 47 18 cm
1125 774 10 8 .

193 808 53 53 ©
279 811 99 43 Oct.
409 810 68 52 20,
512 811 102 42 1926;
673 812 62 42 2c.
768 812 85 42 and
886 811 77 43 aff.
998 812 108 43 Dec.
1140 811 23 43 7;
1224 812 43 42 A
1300 811 163 44 958252;
1524 814 37 52 J.
1599 814 48 42 B.
1682 813 258 53 Lippincott
1972 830 65 28 co.

269 867 268 54 (26-22862)

192 966 222 72 Acker,
458 965 150 59 Lela
645 966 218 59 Adair.

272 1056 348 75 Beginning
666 1058 245 72 history
956 1057 224 61 stories
1228 1061 103 55 for
1376 1061 149 56 deaf
1567 1061 295 72 children,
1907 1063 83 71 by
2031 1064 149 57 Lela

195 1134 1986 78 Adair Acker … illustrated by Mary P. Murray … and
195 1213 104 58 the
336 1213 228 57 Brown
603 1213 243 72 picture
885 1232 319 54 company.
1291 1214 352 73 Columbus,
1744 1262 30 26 O.,
1813 1216 265 59 Printed
2118 1221 63 56 at

195 1292 102 56 the
336 1289 155 61 Ohio
531 1293 159 56 state
727 1292 210 57 school
970 1292 102 57 for
1110 1293 102 57 the
1249 1293 164 71 deaf,
1452 1294 164 56 1926.

263 1380 1247 57 3 p. l., 139 p. illus. (incl. ports., maps) 21½ cm .
191 1451 54 53 ©
273 1452 120 52 Sept.
426 1453 34 52 1,
488 1453 104 42 1926;
646 1454 64 42 2c.
738 1453 118 43 Nov.
883 1451 78 53 27;
990 1454 78 43 aff.
1097 1453 117 43 Nov.
1242 1454 78 52 24;
1350 1453 44 43 A
1420 1451 189 56 958120;
1640 1455 49 43 L.
1717 1456 55 42 A.
1803 1456 167 53 Acker,
1999 1456 182 55 Olathe,

261 1510 116 43 Kan.
446 1509 268 54 (26-22673)

190 1609 253 71 Adams,
483 1608 332 73 Benjamin
853 1609 321 58 Franklin.

265 1701 101 58 An
411 1703 342 57 adventure
799 1721 79 39 on
920 1703 103 59 the
1069 1701 336 62 Oklawaha
1450 1702 210 75 River,
1707 1705 278 74 Florida,
2029 1707 151 60 with

188 1777 416 62 illustrations
642 1781 168 56 from
845 1779 431 75 photographs
1316 1782 112 73 [by]
1468 1782 71 56 B.
1579 1782 305 60 Franklin
1921 1783 256 62 Adams.

188 1854 439 76 Jacksonville,
676 1857 154 71 Fla.,
878 1857 239 60 Adams
1163 1856 288 77 printing
1497 1860 122 58 and
1665 1861 362 75 publishing
2074 1884 106 51 co.,

189 1937 165 56 1926.

289 2024 909 54 v p., 1 l., 9-116 p. front., illus. 1 7½cm.
185 2094 59 53 ©
275 2094 118 44 Nov.
421 2094 70 53 20,
525 2094 103 43 1926;
685 2094 65 42 2c.
780 2093 88 43 and
898 2092 79 44 aff.
1012 2094 119 43 Nov.
1162 2094 80 51 24;
1275 2094 44 42 A
1348 2094 192 54 958114;
1577 2098 49 43 B.
1659 2097 50 44 F.
1740 2100 190 53 Adams,
258 2100 1901 108 Jacksonville,
416 2151 95 44 Fla.
579 2148 269 57 (26-22549)

188 2251 252 68 Adams,
484 2249 326 58 Elizabeth
851 2248 252 59 Challis.

271 2342 129 57 The
433 2344 193 55 street
659 2359 106 38 car
798 2341 124 56 and
951 2339 105 59 the
1092 2342 151 69 star,
1277 2343 125 56 and
1433 2344 178 57 other
1642 2365 233 54 poems,
1908 2350 82 71 by

192 2348 1966 134 Elizabeth
432 2417 233 60 Challis
716 2418 255 57 Adams.
1077 2417 392 76 Cambridge,
1523 2422 211 72 Mass.,
1786 2425 263 61 Printed
2103 2430 80 72 by

195 2497 251 60 Samuel
475 2497 251 57 Marcus
760 2526 12 43 [
775 2504 20 22 c
797 2497 163 71 1926]

261 2589 53 44 43
340 2603 40 39 p.
439 2588 50 43 21
499 2589 46 19 cm
551 2621 9 9 .

265 2657 139 45 “This
436 2656 167 47 edition
633 2659 38 42 is
703 2657 171 44 limited
905 2664 48 36 to
982 2655 80 46 500
1093 2657 149 52 copies
1274 2656 53 46 of
1360 2656 150 47 which
1543 2659 88 47 this
1663 2661 39 46 is
1735 2677 69 31 no.
1837 2665 96 45 40.”

188 2729 54 53 ©
273 2730 117 42 Nov.
424 2728 63 52 15,
517 2727 129 52 1926;
676 2728 64 42 2c.
771 2727 120 43 Nov.
925 2728 72 50 18;
1030 2728 78 42 aff.
1139 2727 119 43 Nov.
1289 2728 76 52 30;
1398 2729 44 42 A
1470 2728 189 56 957396;
1692 2732 53 47 E.
1777 2734 49 44 C.
1859 2736 186 53 Adams,
258 2737 1900 104 Belmont,
435 2787 141 43 Mass.
645 2783 268 56 (26-22532)

189 2885 301 72 Babcock,
529 2886 150 56 Mrs.
719 2883 224 56 Bernie
988 2884 288 74 (Smade)
1324 2888 189 57 1868-

191 2972 1964 141 Little Abe Lincoln, by Bernie Babcock … With illustrations
497 3053 82 70 by
611 3052 96 57 W.
746 3051 77 57 H.
862 3051 190 59 Wolf.
1132 3053 437 73 Philadelphia
1608 3057 46 55 &
1691 3058 275 70 London,
2007 3064 60 57 J.
2109 3064 69 58 B.

190 3130 362 73 Lippincott
582 3148 322 54 company,
938 3130 164 57 1926.

262 3218 82 44 272
377 3233 37 38 p.
474 3217 82 44 col.
590 3216 151 53 front.,
772 3217 156 54 plates.
991 3220 50 42 19½cm.

185 3288 59 54 ©
273 3290 120 51 Aug.
420 3289 71 50 23,
522 3288 104 44 1926;
681 3288 66 43 2c.
777 3289 89 42 and
895 3288 79 44 aff.
1005 3290 109 42 Dec.
1148 3291 18 40 1;
1227 3291 44 41 A
1302 3289 165 45 957327;
1528 3293 49 44 B.
1613 3295 222 54 Babcock,
1870 3300 135 44 Little
2039 3303 129 46 Rock

259 3346 113 43 Ark.
442 3346 267 53 (26-21892)

189 3444 279 72 Bainvel,
508 3445 162 57 Jean
706 3444 283 71 Vincent,
1031 3448 188 57 1858-

269 3537 191 58 Faith
490 3538 122 56 and
642 3536 104 57 the
775 3541 97 53 act
904 3538 68 56 of
1000 3536 184 72 faith,
1213 3538 83 71 by
1323 3539 150 58 Rev.
1507 3542 59 59 J.
1600 3544 73 60 V.
1706 3545 281 77 Bainvel,
2053 3601 9 10 S.
2137 3605 11 10 J.;

195 3614 362 60 authorized
599 3614 376 58 translation
1019 3616 168 55 from
1228 3616 104 58 the
1375 3618 78 58 3d
1495 3619 244 61 French
1783 3628 111 70 ed.,
1936 3630 82 72 by
2058 3633 123 60 Leo

196 3694 62 59 C.
301 3693 234 60 Sterck.
621 3692 90 58 St.
748 3691 209 73 Louis,
997 3693 121 56 Mo.
1159 3695 123 56 and
1318 3694 275 76 London,
1633 3700 68 58 B.
1743 3702 247 63 Herder
2027 3711 156 59 book

194 3792 104 52 co.,
331 3772 164 57 1926.

260 3850 93 49 xiv,
385 3849 78 45 169
489 3864 42 37 p.
594 3850 50 42 19
649 3850 47 18 cm
702 3883 8 9 .

189 3905 54 53 ©
273 3907 117 42 Nov.
418 3906 68 51 29,
520 3905 126 52 1926;
677 3906 64 41 2c.
773 3905 106 43 Dec.
910 3904 48 52 3;
991 3906 76 43 aff.
1100 3905 108 44 Dec,
1242 3907 46 51 1;
1320 3907 43 43 A
1392 3906 164 48 957353;
1617 3914 47 42 B.
1698 3915 183 46 Herder
1910 3920 120 44 book
2058 3938 52 28 co

268 3960 269 59 (26-22517)
