2542 4285
1321 4020 147 56 1498

388 401 153 72 Day,
586 401 186 73 Mary
815 400 267 69 Sarilda,
1132 403 187 56 1890-

468 492 300 58 Scheubel
800 512 67 38 as
902 512 78 36 an
1013 491 371 73 algebraist;
1418 492 186 72 being
1636 511 33 37 a
1707 493 187 70 study
1926 493 66 56 of
2026 492 253 72 algebra
2313 491 62 56 in

390 571 102 56 the
515 571 229 56 middle
771 571 65 56 of
860 571 103 57 the
991 571 311 56 sixteenth
1326 573 277 69 century,
1633 570 281 73 together
1938 569 151 57 with
2117 590 36 37 a
389 574 1965 130 translation

617 649 66 55 of
716 650 123 56 and
873 668 38 37 a
945 651 425 68 commentary
1400 667 167 52 upon
1604 667 77 37 an
1716 647 418 72 unpublished
391 667 1963 129 manuscript
616 727 66 56 of
715 726 360 58 Scheubel’s
1106 745 137 37 now
1270 728 65 55 in
1364 727 103 56 the
1498 726 271 72 Library
1799 727 66 56 of
1898 725 325 59 Columbia
388 725 1966 152 university,

686 804 1692 72 by Mary S. Day … New York city, Teachers
389 883 248 71 college,
681 882 324 58 Columbia
1043 883 369 71 university,
1455 885 164 55 1926.

389 959 1970 110 3 p. l., 168 p. incl. facsims. 2 3 ½c m . (Teachers college, Columbia university.
550 1016 339 45 Contributions
925 1024 49 36 to
1008 1017 249 52 education,
1293 1031 70 30 no.
1398 1017 108 54 219)

462 1074 243 44 Published
735 1075 94 43 also
861 1089 49 28 as
940 1073 138 45 thesis
1119 1076 104 52 (PH.
1286 1075 35 53 D.)
1363 1073 236 46 Columbia
1631 1073 263 54 university,
1929 1074 117 44 1926.

461 1131 363 53 “Photographic
862 1131 148 52 copies
1051 1131 50 44 of
1139 1132 193 52 original
1376 1131 219 46 Scheubel
1634 1132 291 53 manuscript,
1965 1132 110 44 with
2114 1131 265 45 translation

388 1189 87 42 and
508 1189 154 43 notes”
680 1203 9 29 :
726 1203 39 37 p.
807 1187 206 55 [27]-161.

392 1244 51 53 ©
481 1246 116 43 Nov.
639 1247 61 49 11,
740 1246 128 51 1926;
906 1247 63 42 2c.
1008 1247 116 43 Nov.
1161 1247 78 52 22;
1277 1248 77 41 aff.
1393 1249 108 41 Dec.
1539 1248 48 49 8;
1628 1247 43 42 A
1708 1245 189 54 957501;
1935 1246 227 45 Teachers
2200 1247 183 53 college,

464 1302 234 44 Columbia
724 1303 117 42 univ.
908 1302 268 55 (26-24554)

392 1371 379 71 Dollarhide,
805 1373 73 56 A.
916 1373 62 57 C.

388 1463 1972 138 Facts and fallacies of life insurance, by A. C. Dollarhide …
719 1542 354 74 Cleveland,
1163 1592 29 21 O.,
1226 1544 334 59 American
1595 1544 304 59 actuarial
1928 1548 256 59 bureau,
2218 1547 164 55 1926.

465 1622 548 50 1 p. l., 418 p. 23½c m .
392 1673 52 52 ©
472 1675 116 42 Nov.
615 1675 39 50 4,
683 1675 130 51 1926;
841 1676 63 42 2c.
932 1677 90 41 and
1044 1676 77 42 aff.
1152 1677 117 41 Nov.
1299 1677 48 51 8;
1378 1677 44 41 A
1448 1676 189 51 949993;
1667 1677 57 43 A.
1755 1675 48 44 C.
1833 1677 283 51 Dollarhide,
461 1678 1902 104 Warrensville,

617 1731 53 44 O.
743 1730 269 55 (26-24542)

395 1800 399 75 [Doubleday,
824 1804 152 56 Mrs.
1009 1802 200 57 Nellie
1242 1802 321 58 Blanchan
1605 1804 121 72 (De
1756 1803 236 76 Graif)]
2029 1806 357 57 1865-1918.

539 1892 1845 73 … Wild flowers, adapted by Asa Don Dickinson from
397 1970 353 58 “Nature’s
796 1973 312 70 garden”,
1150 1974 84 70 by
1275 1972 210 72 Neltje
1528 1973 323 57 Blanchan
1893 1974 249 72 [pseud.]
2186 1973 200 72 forty-

398 2049 167 73 eight
614 2050 420 57 illustrations
1083 2050 65 56 in
1198 2051 118 56 full
1365 2052 182 55 color.
1634 2050 268 73 [Garden
1954 2050 163 72 City,
2166 2052 73 55 N.
2292 2051 72 57 Y.]

395 2128 150 57 Pub.
578 2129 83 70 by
690 2128 385 73 Doubleday,
1108 2129 171 72 Page
1312 2129 48 56 &
1391 2147 305 53 company
1725 2128 103 58 for
1859 2129 234 59 Nelson
395 2129 1966 149 Doubleday,
562 2206 137 69 inc.,
728 2208 165 55 1926.

465 2282 123 52 xviii,
614 2282 138 46 3-270
778 2299 39 37 p.
878 2285 80 43 col.
986 2284 151 51 front.,
1164 2284 129 50 illus.,
1321 2283 81 45 col.
1430 2287 156 50 plates.
1644 2285 53 43 23½
1733 2287 47 17 cm
1786 2320 8 8 .
1850 2283 123 54 (The
1999 2291 159 37 nature
2184 2283 196 54 library)

469 2341 246 44 Published
750 2340 104 46 1917
885 2343 142 43 under
1058 2342 97 43 title
1173 2357 8 27 :
1214 2341 127 45 Wild
1374 2342 178 43 flowers
1587 2343 147 42 worth
1767 2341 226 53 knowing.

394 2396 52 53 ©
485 2398 104 43 Feb.
624 2398 66 51 26,
731 2398 128 52 1926;
896 2399 65 43 2c.
1000 2399 101 44 Oct.
1137 2400 77 50 22;
1254 2400 77 42 aff.
1371 2401 108 41 Dec.
1521 2400 73 50 13;
1634 2399 43 42 A
1714 2397 188 53 957724;
1943 2398 281 53 Doubleday,
2265 2400 124 51 Page

465 2456 37 43 &
531 2470 62 28 co.
663 2454 269 55 (26-24549)

394 2524 230 70 Durell,
674 2525 303 70 Fletcher,
1025 2530 188 56 1859-

473 2617 58 56 A
582 2619 225 56 second
859 2618 159 56 book
1069 2619 65 55 in
1186 2619 272 72 algebra.
1562 2618 137 58 Enl.
1759 2619 88 56 ed.
1950 2618 98 71 By
2099 2618 290 58 Fletcher

396 2695 1994 73 Durell … and E. E. Arnold … New York and Chicago,
399 2772 257 60 Charles
692 2774 71 60 E.
799 2774 246 57 Merrill
1079 2793 306 53 company
1420 2803 11 43 [
1435 2782 19 22 c
1457 2775 162 72 1926]

498 2887 8 15 v,
540 2851 89 51 369,
663 2853 100 42 xlix
795 2867 39 37 p.
896 2851 165 54 diagrs.
1126 2853 49 43 19½cm.

396 2907 51 53 ©
482 2910 117 42 Nov.
638 2910 62 49 19,
738 2909 127 51 1926;
902 2910 62 42 2c.
1000 2910 87 43 and
1120 2910 77 42 aff.
1234 2911 107 42 Dec.
1381 2909 73 52 17;
1492 2909 43 43 A
1569 2907 161 46 957721;
1797 2908 189 45 Charles
2021 2906 51 49 E.
2109 2907 179 45 Merrill
2322 2922 67 30 co.

475 2964 268 55 (26-24552)

396 3034 254 73 Dutton,
692 3035 220 57 Meiric
951 3036 239 72 Keeler,
1233 3040 188 55 1900-

471 3127 345 61 Historical
858 3130 210 57 sketch
1106 3133 67 56 of
1208 3129 422 75 bookbinding
1667 3151 70 39 as
1778 3151 78 37 an
1897 3135 119 66 art,
2053 3133 82 71 by
2173 3128 220 61 Meiric

396 3203 80 57 K.
513 3204 255 57 Dutton.
844 3205 329 73 Norwood,
1212 3207 129 56 The
1376 3206 318 58 Holliston
1728 3207 183 70 mills,
1945 3207 136 72 inc.,
2118 3209 164 55 1926.

465 3284 611 52 5 p. l., 3-144 p. 22½c m .
467 3339 176 49 “Select
676 3341 346 52 bibliography”
1040 3359 8 28 :
1084 3357 39 36 p.
1162 3343 201 44 137-138.

396 3392 52 53 ©
481 3395 105 42 Dec.
622 3393 62 52 15,
718 3395 127 51 1926;
878 3396 63 43 2c.
973 3397 106 42 Dec.
1112 3396 76 52 20;
1222 3396 76 43 aff.
1332 3397 107 42 Dec.
1476 3396 73 52 16;
1582 3397 44 42 A
1656 3396 189 52 957731;
1880 3396 233 44 Holliston
2145 3396 133 53 mills,
2308 3398 83 42 inc.

476 3449 269 55 (26-24575)

399 3519 325 72 Eberhart,
761 3523 149 56 Mrs.
952 3520 173 59 Nelle
1163 3522 350 60 Richmond
1555 3524 377 74 (McCurdy)

472 3612 193 58 From
698 3613 103 58 the
835 3614 148 59 land
1022 3617 67 57 of
1123 3616 103 58 the
1266 3616 278 72 sky-blue
1580 3622 213 68 water,
1830 3619 123 57 and
1991 3620 177 57 other
2205 3637 186 55 songs

395 3690 103 60 for
531 3690 215 72 music,
780 3694 84 70 by
895 3692 176 59 Nelle
1106 3693 347 60 Richmond
1488 3695 332 59 Eberhart.
1905 3698 151 57 New
2088 3697 188 71 York,
2313 3697 77 58 H.

395 3766 205 75 Vinal,
634 3769 166 58 1926.

466 3846 490 52 6 p. l., 71 p. 21 cm .
400 3897 51 53 ©
483 3899 116 44 Nov.
635 3901 34 51 1,
701 3901 128 52 1926;
860 3902 63 43 2c.
955 3903 107 43 Dec.
1092 3904 49 50 4;
1176 3904 78 42 aff.
1287 3904 117 43 Nov.
1436 3905 76 51 30;
1546 3905 42 41 A
1619 3903 187 54 957484;
1841 3906 179 43 Harold
2049 3907 149 43 Vinal.

477 3956 269 55 (26-22996)
