2542 4285
1249 3943 110 59 486

408 412 352 52 Bibliography:
788 427 42 38 p.
862 416 91 45 143.

332 463 52 53 ©
412 466 111 51 Apr.
552 466 65 52 28,
652 467 130 51 1926;
812 468 66 43 2c.
908 468 111 54 Apr.
1051 471 76 51 30;
1161 470 77 43 aff.
1271 470 112 53 Apr.
1413 472 79 52 29;
1525 474 43 41 A
1600 473 186 54 891222;
1825 476 149 44 Board
2005 477 49 43 of
2088 477 227 47 Christian

401 523 234 44 education
663 523 50 43 of
739 523 74 44 the
843 525 324 52 Presbyterian
1191 526 168 44 church
1388 527 44 43 in
1461 528 73 44 the
1563 530 57 44 U.
1654 529 43 47 S.
1727 532 56 43 A.

409 575 239 57 (26-9835)

334 661 270 73 McGaw,
647 662 306 74 Virginia.

410 750 1841 83 Basketry and paper folding, by Virginia McGaw …
336 827 285 75 Chicago,
654 830 74 57 A.
763 831 325 72 Flanagan
1122 852 319 54 company,
1475 838 163 57 1926.

403 905 73 43 121
501 922 40 37 p.
602 906 129 53 illus.,
753 908 167 52 diagrs.
983 911 48 42 18
1040 913 46 17 cm
1092 945 9 9 .

325 961 54 54 ©
410 965 111 51 Apr.
549 965 68 52 23,
652 966 128 52 1926;
812 966 65 43 2c.
910 967 111 53 Apr.
1053 968 76 52 30;
1164 969 78 43 aff.
1277 970 111 51 Apr.
1420 970 78 52 28;
1535 970 43 43 A
1610 969 188 56 890571;
1835 974 56 41 A.
1927 971 234 56 Flanagan
2192 991 63 28 co.

404 1020 267 55 (26-10004)

329 1104 179 73 [Neff,
545 1106 328 58 Lawrence
909 1107 80 59 W]

409 1196 433 61 Constructive
870 1198 410 77 modernism;
1312 1202 268 73 positive
1609 1205 237 59 factors
1876 1206 65 58 in
1970 1209 103 56 the
2104 1215 211 53 sanest

331 1277 123 57 and
497 1277 313 73 strongest
852 1275 296 76 spiritual
1182 1285 352 55 movement
1574 1283 65 58 of
1679 1284 103 57 the
1827 1282 319 61 Christian
2188 1306 123 39 era.

331 1353 235 73 Emory
592 1353 386 75 University,
1008 1356 131 72 Ga.,
1166 1357 253 58 Banner
1445 1377 181 54 press
1657 1390 12 43 [
1673 1368 16 21 c
1694 1362 163 71 1926]

397 1429 325 55 54 p. 17½ cm .
398 1490 210 46 Lettered
635 1505 58 28 on
721 1503 161 30 cover:
911 1489 245 47 Lawrence
1181 1492 75 44 W.
1283 1492 125 44 Neff.

321 1541 54 53 ©
403 1544 110 52 Apr.
542 1544 65 50 24,
640 1544 106 43 1926
760 1559 9 36 ;
800 1545 64 42 2c.
894 1545 111 51 Apr.
1034 1544 79 53 27;
1145 1546 77 42 aff.
1254 1546 116 53 Apr.,
1397 1547 76 52 30;
1504 1548 43 42 A
1577 1545 186 55 890562;
1796 1551 50 46 L-
1877 1551 74 43 W.
1982 1551 127 51 Neff,
2139 1550 170 55 Emory

391 1599 276 54 University,
715 1600 79 45 Ga.
863 1599 242 57 (26-9837)

325 1682 261 71 Noland,
623 1683 162 57 Cora
813 1682 210 59 Mabel
1060 1685 246 74 (Shaw)
1349 1688 187 56 “Mrs.
1573 1687 75 57 H.
1683 1689 69 55 B.
1788 1688 261 70 Noland,"
2124 1692 145 57 1882

400 1775 191 58 Peter
617 1776 105 56 the
750 1774 356 75 fisherman,
1134 1777 85 71 by
1247 1776 154 58 Mrs.
1432 1777 80 56 H.
1543 1777 72 58 B.
1647 1779 264 58 Noland.
1978 1781 333 74 Washings

325 1854 123 70 ton,
475 1852 72 57 D.
580 1851 63 60 C.
675 1856 145 71 [etc.]
850 1852 251 59 Review
1127 1856 123 56 and
1275 1855 221 57 herald
1520 1855 362 75 publishing
1907 1876 163 40 assn.
2106 1861 200 74 [c1926]

393 1930 75 42 143
502 1944 37 37 p.
574 1929 69 43 incl.
709 1929 151 52 front.,
894 1930 114 44 illus.
1070 1930 54 44 20
1130 1933 15 17 cm
1182 1966 8 8 .

318 1984 52 53 ©
398 1986 111 51 Apr.
540 1984 34 50 5,
607 1985 129 53 1926;
763 1986 64 43 2c.
856 1986 87 44 and
971 1988 77 41 aff.
1077 1988 112 51 Apr.
1217 1985 49 54 6;
1297 1988 43 42 A
1370 1987 190 54 883897;
1593 1988 183 45 Review
1807 1991 36 42 &
1871 1989 155 46 herald
2055 1991 101 53 pub.
2189 2005 116 31 assn.

394 2041 241 55 (26-9933)

322 2143 244 70 Osman,
600 2140 215 60 Israel.

316 2249 1833 117 … ר אׇ ם בוך פון נסיונות (פון קעלער אלטע שמות).
978 2345 1328 115 ל אׇ ס אנגעלעס, קאליפ אׇ רניע, תרפ״ו.
323 2487 136 72 [Los
489 2486 289 73 Angeles,
811 2485 204 75 Calif.,
1044 2495 19 21 c
1068 2488 164 71 1926]

389 2564 363 52 287 p. 20 ½cm .
389 2620 220 46 Author’s
635 2637 132 28 name
975 2610 154 55 ישראל
789 2623 158 60 אסנלאן
1165 2629 45 37 at
1240 2620 114 46 head
1387 2623 52 44 of
1468 2622 110 44 title.

382 2714 120 44 Title
545 2713 382 56 (transliterated)
953 2729 7 29 :
1000 2715 95 42 Dos
1130 2713 114 44 buch
1280 2714 80 43 fun
1393 2716 226 52 nisyonos.

312 2770 54 53 ©
406 2771 118 43 Mar.
558 2770 66 54 24,
663 2771 131 51 1926;
832 2771 64 44 2c.
935 2772 119 42 Mar.
1092 2772 77 50 31;
1208 2771 79 45 aff.
1326 2772 117 42 Mar.
1483 2772 78 52 30;
1601 2770 43 45 A
1681 2770 189 54 883851;
1913 2773 32 41 I.
1988 2773 186 52 Osman,
2212 2773 89 45 Los

382 2828 211 53 Angeles.
663 2827 268 55 (26-10088)

311 2911 185 72 Page,
538 2909 279 60 William
856 2909 285 59 Herbert.

389 3003 229 72 Page’s
652 3022 135 37 new
820 3002 343 58 annotated
1196 3001 155 60 Ohio
1387 3002 255 73 general
1674 3004 164 55 code.
1913 3001 107 57 All
2050 3002 150 57 laws
2236 3001 66 60 of

313 3099 35 37 a
392 3080 256 73 general
690 3083 225 53 nature
959 3080 66 56 in
1068 3079 173 57 force
1287 3083 64 54 to
1398 3081 144 55 date
1590 3079 67 58 of
1703 3079 401 73 publication,
2150 3079 151 59 with

310 3160 178 54 notes
526 3155 67 59 of
631 3157 326 71 decisions,
996 3156 281 73 showing
1309 3156 170 57 their
1515 3155 441 75 construction,

311 3151 1964 145 interpretation
553 3235 122 56 and
716 3233 385 73 application
1138 3234 84 71 by
1264 3233 85 58 all
1389 3237 208 54 courts
1644 3234 66 57 of
1753 3234 221 61 record
2013 3233 66 56 in
2124 3233 174 74 Ohio,

310 3311 319 72 including
664 3312 103 56 the
808 3310 270 59 Federal
1114 3313 227 70 courts,
1380 3312 286 71 together
1701 3310 153 58 with
1888 3311 178 57 notes

309 3307 1970 158 showing
446 3388 101 57 the
578 3387 351 74 legislative
958 3388 248 71 history
1237 3387 67 58 of
1335 3389 148 55 each
1517 3387 248 72 section,
1802 3388 339 72 analogous

310 3401 1965 126 sections
510 3465 122 58 and
667 3464 556 59 cross-references
1258 3467 64 55 to
1355 3464 267 59 kindred
1656 3465 285 58 sections.
2018 3465 99 70 By

309 3458 1967 160 William Herbert Page … v. 3. [Sections 13768-15367.
311 3535 1963 159 Constitutions,
682 3618 492 73 tables—Index]
1261 3616 370 76 Cincinnati,
1663 3620 129 55 The
1821 3619 95 57 W.
1949 3618 78 56 H.

312 3612 1961 146 Anderson
457 3713 320 55 company,
811 3697 164 56 1926.

377 3772 197 44 Various
609 3771 203 54 pagings.
876 3770 150 46 27½cm.

308 3827 54 53 ©
389 3829 112 51 Apr.
531 3828 64 53 13,
625 3828 130 52 1926;
780 3829 66 42 2c.
872 3828 112 53 Apr.
1016 3828 74 53 14;
1120 3828 79 43 aff.
1226 3828 112 52 Apr.
1367 3825 77 54 15;
1472 3828 45 41 A
1545 3826 189 54 891020;
1763 3828 76 43 W.
1869 3828 62 42 H.
1960 3828 242 43 Anderson
2228 3839 67 32 co.
