2542 4285
1034 3973 109 56 607

82 373 293 68 Maurois,
414 373 228 71 André,
684 374 188 56 1885-

159 463 184 71 Mape;
405 463 102 56 the
535 462 195 56 world
760 461 66 56 of
853 459 252 58 illusion
1140 460 111 71 [by]
1284 458 213 57 André
1528 456 300 75 Maurois,
82 460 1954 139 translated
287 540 83 73 by
410 539 148 57 Eric
602 538 242 58 Sutton.
927 535 150 59 New
1116 536 189 70 York,
1345 535 74 57 D.
1461 534 317 72 Appleton
1819 533 47 59 &
80 552 1958 138 company,
307 617 162 58 1926.

150 705 703 54 4 p. l., 3-246, [1] p. 21 cm .
83 768 1961 115 CONTENTS .—Mape.— The sorrows of the young Werther. —It was Monsieur de Balzac’s fault.—The portrait of an actress.
84 901 56 53 ©
168 903 113 52 May
311 901 61 51 14,
405 900 128 52 1926;
563 901 63 42 2c.
655 899 87 43 and
771 899 79 42 aff.
881 896 112 54 May
1018 895 79 53 20;
1130 896 44 42 A
1203 893 187 54 891478;
1423 896 57 42 D.
1509 893 226 54 Appleton
1763 894 38 44 &
1830 908 64 29 co.

163 954 269 57 (26-11658)

88 1071 207 72 Milne,
324 1070 166 58 Alan
518 1067 371 58 Alexander.

162 1158 570 73 Winnie-the-pooh
762 1157 159 57 finds
957 1176 37 36 a
1024 1155 129 57 tail.

164 1252 80 53 (In
271 1252 148 51 Royal
447 1249 253 51 magazine,
727 1249 135 50 June,
891 1245 127 52 1926)

85 1310 1978 63 © 1c. July 24, 1926; A ad int. 8359; pubd. May 28; A. A. Milne, London.
84 1434 151 57 New
267 1431 173 59 York
482 1430 235 73 (State)
805 1429 201 70 Laws,
1040 1430 286 66 statutes,
1363 1430 108 52 etc.

157 1523 151 57 New
340 1521 173 57 York
546 1518 143 59 civil
726 1516 292 74 practice,
1055 1514 359 72 containing
1451 1516 104 58 the
1596 1513 161 60 Civil
1793 1515 276 72 practice

82 1602 115 69 act,
229 1599 167 58 rules
429 1596 67 59 of
526 1596 145 59 civil
699 1593 293 75 practice,
1027 1593 407 71 Surrogate’s
1466 1594 176 57 court
1677 1595 117 69 act,
1826 1592 241 60 Justice

81 1680 177 55 court
287 1677 115 69 act,
435 1674 193 58 Court
656 1673 68 56 of
751 1670 215 59 claims
996 1675 116 66 act,
1142 1670 343 71 Municipal
1516 1673 175 55 court
1722 1670 168 70 code,
1920 1672 150 55 New

80 1753 174 57 York
289 1750 128 74 city
454 1753 175 55 court
670 1752 116 68 act,
825 1748 166 61 rules
1035 1747 68 57 of
1137 1747 258 57 various
1435 1750 209 55 courts
1686 1750 123 56 and
1849 1748 218 71 tables,

80 1829 380 72 thoroughly
505 1828 339 57 annotated
892 1824 168 59 from
1107 1826 104 57 the
1261 1824 149 61 time
1462 1827 69 57 of
1580 1827 366 75 enactment,
1998 1844 70 38 as

81 1900 1989 155 amended to and including the 1926 session of the Legislature, by James C. Cahill … 3d ed., 1926. New York,
85 2058 287 73 Chicago,
409 2058 342 71 Callaghan
785 2060 123 56 and
939 2076 323 55 company,
1298 2058 165 57 1926.

158 2137 59 51 iv,
242 2135 84 46 873
353 2150 39 38 p.
448 2134 56 45 27
509 2138 47 17 cm
562 2170 10 9 .

155 2190 171 47 “Table
355 2190 53 44 of
438 2191 234 43 contents”
703 2192 223 43 mounted
955 2204 60 30 on
1046 2189 149 46 inside
1226 2191 54 42 of
1312 2191 130 43 front
1475 2204 150 31 cover.

90 2248 52 53 ©
171 2251 109 51 May
306 2249 65 50 22,
405 2248 104 45 1926;
560 2248 65 44 2c.
652 2249 87 42 and
765 2249 78 42 aff.
873 2248 112 53 May
1010 2246 78 53 27;
1119 2248 44 42 A
1191 2246 190 53 891547;
1414 2246 248 55 Callaghan
1691 2249 36 43 &
1757 2264 65 28 co.
168 2303 268 56 (26-11421)

89 2403 243 69 Preuss,
372 2403 167 73 Max,
578 2404 90 57 ed.

159 2492 414 60 Illustriertes
630 2491 362 57 automobil-
1048 2494 129 57 und
1231 2491 576 72 motoren-lexikon,
1863 2493 208 56 bearb.

83 2572 184 56 unter
306 2568 400 73 mitwirkung
746 2569 318 58 mehrerer
1107 2569 455 71 fachgenossen
1603 2588 124 38 von
1770 2569 301 73 dipl.-ing.
86 2647 82 57 M.
200 2646 250 59 Preuss.
519 2646 234 70 Berlin,
782 2647 105 56 Dr.
920 2647 72 58 E.
1024 2646 315 76 Valentin,
1371 2648 166 57 1925.

154 2720 1306 57 2 p. l., 321 p. illus. (incl. ports.) diagrs. 24 ½ cm .
92 2776 1982 59 ©.Sept. 30, 1925; 1c. Mar. 24, 1926; A—Foreign 30786; Ernst Valentin
161 2836 169 54 verlag.
399 2836 268 54 (26-11433)

94 2936 220 72 Pusey,
350 2934 278 59 William
657 2935 201 71 Allen,
896 2937 89 58 ed.

238 3022 1834 78 … Dermatology and syphilis, ed. by William Allen
95 3099 1976 78 Pusey … and Francis Eugene Senear … Urology, ed.
94 3176 1980 77 by John H. Cunningham … Chicago, The Year book
94 3254 352 72 publishers
483 3258 178 72 [1926]

165 3328 1909 59 391 p. illus., plates, tables, diagrs. 18 ½cm ”. (The practical medicine
95 3386 774 57 series … v. 7 … series 1925)
96 3441 53 53 ©
176 3444 110 51 Apr.
313 3441 68 55 27,
413 3444 127 52 1926;
570 3445 63 42 2c.
663 3446 87 42 and
778 3446 78 43 aff.
884 3446 115 52 June
1031 3445 72 52 12;
1135 3446 44 42 A
1209 3443 188 53 897107;
1430 3445 123 44 Year
1581 3444 119 45 book
1727 3444 264 53 publishers.

95 3555 251 73 Rumpf,
385 3557 58 55 H
753 3557 66 59 L.

240 3644 1831 81 … La vente dans la construction mécanique, par H.-L.
95 3721 1683 82 Rumpf … Paris, Éditions de l ’ “Usine” [ c 1925]
168 3800 1322 59 125 p., 1 l. illus. 23 ½ cm . (Bibliothèque de l’Usine)
100 3853 1645 116 © Dec. 20, 1925; 1c. Apr. 19, 1926; A— Foreign 30740; Usine. (26-11493)
