2609 4293
0 0 0 0 119
130 336 267 71 Harvey,
439 334 54 57 D
806 334 64 58 C.

206 424 128 57 The
363 423 246 58 French
637 425 231 71 régime
899 423 64 57 in
994 425 225 57 Prince
1248 424 276 60 Edward
1554 425 236 73 Island,
1820 426 83 72 by
1930 426 75 58 D.
2040 426 64 60 C.

129 501 1976 76 Harvey … New Haven, Yale university press; [etc., etc.]
127 581 162 55 1926.

195 668 944 55 xi p., 1 l. , 265 p. fold. map. 21 cm .
196 738 124 45 “The
351 747 178 44 present
559 739 178 44 volume
770 740 35 43 is
837 739 74 44 the
940 739 127 43 ninth
1097 740 130 43 work
1255 739 235 53 published
1519 741 56 52 by
1608 740 76 44 the
1714 739 113 46 Yale
1860 739 245 55 university

127 810 123 38 press
277 810 57 29 on
358 795 74 44 the
457 794 242 45 Theodore
723 795 50 47 L.
801 794 213 53 Glasgow
1042 795 231 45 memorial
1299 796 274 53 publication
1601 795 152 45 fund.”

125 863 51 54 ©
207 866 96 52 Jan.
336 865 67 51 29,
440 864 128 53 1926;
602 865 62 43 2c.
699 864 107 45 Feb.
840 863 47 53 5;
923 865 77 43 aff.
1036 864 104 45 Feb.
1176 866 49 51 3;
1260 866 44 42 A
1337 865 187 52 883181;
1561 866 115 43 Yale
1710 865 117 44 univ.
1861 880 137 38 press.

201 921 240 54 (26-3408)

125 1033 334 69 Heatwole,
495 1031 198 59 Lewis
730 1033 229 70 James,
1001 1035 117 71 bp.,
1155 1035 186 56 1852-

203 1123 357 57 Mennonite
603 1122 331 58 handbook
981 1123 66 56 of
1093 1122 428 73 information,
1567 1124 83 71 by
1695 1123 68 58 L.
1809 1123 61 58 J.
121 1123 1964 135 Heatwole;

338 1199 214 58 issued
581 1201 83 70 by
694 1200 323 71 authority
1052 1200 67 57 of
1150 1200 103 58 the
1287 1199 360 59 Mennonite
1682 1201 257 73 general
120 1220 1961 128 conference,

440 1277 272 73 through
764 1278 84 57 its
904 1277 346 58 Historical
1304 1278 366 58 committee.
1768 1278 336 72 Scottdale,

120 1356 128 74 Pa.,
283 1355 358 57 Mennonite
671 1355 361 72 publishing
1057 1355 213 70 house,
1303 1356 165 56 1925.

191 1447 77 45 187
304 1463 38 38 p.
405 1447 128 53 illus.,
571 1448 108 44 fold.
719 1463 113 37 map.
897 1449 48 43 19½cm.

121 1517 51 53 ©
210 1520 106 41 Dec.
362 1518 61 51 10,
466 1516 102 45 1925;
631 1518 64 43 2c.
734 1519 86 41 and
859 1518 77 42 aff.
974 1519 98 51 Jan.
1110 1518 67 51 23,
1222 1517 103 43 1926;
1391 1519 44 41 A
1475 1516 163 45 879433;
1708 1516 263 45 Mennonite
2007 1518 99 51 pub.

187 1575 150 43 house.
408 1574 240 54 (26-3612)

119 1694 279 72 Henriot,
439 1684 215 82 Émile,
693 1697 189 56 1889-

261 1786 1843 72 … Aricie Brun, translated by Henry Longan Stuart.
117 1866 151 56 New
294 1864 189 72 York,
514 1863 128 60 The
671 1862 233 74 Viking
930 1881 201 54 press,
1160 1865 165 55 1926.

185 1957 24 46 5
267 1994 9 9 p.
323 1992 22 17 l.,
373 1956 138 46 3-312
536 1970 41 38 p.
641 1957 49 44 19
697 1958 47 17 cm
749 1991 9 8 .

116 2021 1992 58 © Jan. 18, 1926; 1c. Feb. 1; 1c. Feb. 10; aff. Jan. 30; A 879554; Viking
186 2098 138 38 press,
359 2082 81 43 inc.
510 2079 242 55 (26-3797)

118 2179 311 58 Herdrich
463 2180 126 57 and
626 2180 226 71 Boggs,
893 2176 448 73 Indianapolis.

191 2271 366 59 Discussion
597 2290 77 40 on
716 2269 445 73 depreciation,
1204 2269 426 73 depreciation
1670 2288 269 54 reserve,
1983 2270 123 57 and

115 2349 425 74 depreciation
599 2349 174 57 fund.
875 2345 452 74 Indianapolis,
1388 2345 156 72 Ind.,
1607 2345 315 59 Herdrich
1985 2350 123 56 and

112 2429 230 72 Boggs,
393 2428 164 56 c1926.

186 2517 487 52 1 p. l., 45 p. 23 cm .
114 2585 51 53 ©
198 2585 104 44 Feb.
335 2585 37 50 6,
406 2585 128 51 1926;
567 2585 63 42 2c.
663 2585 87 42 and
780 2584 79 43 aff.
892 2583 104 43 Feb.
1030 2583 48 51 8;
1112 2584 44 41 A
1186 2582 190 53 884174;
1410 2582 230 45 Herdrich
1673 2584 37 44 &
1742 2584 168 52 Boggs.

191 2641 242 56 (26-3707)

114 2743 198 71 Hoag,
352 2742 228 56 Ernest
615 2741 258 71 Bryant,
913 2741 356 57 1868-1924.

189 2833 130 57 The
345 2831 213 58 health
585 2830 187 57 index
801 2830 67 58 of
898 2829 297 58 children.
1278 2830 79 56 2d
1386 2830 90 57 ed.
1558 2828 99 72 By
1687 2828 235 59 Ernest
113 2829 1973 139 Bryant

246 2906 1858 76 Hoag … with foreword by Edward H. Williams, M. D.
115 2989 128 58 San
267 2987 356 73 Francisco,
654 2985 64 60 C.
748 2986 70 56 F.
845 2985 228 57 Weber
1098 2983 49 59 &
1170 3002 107 52 co.,
1304 2985 165 56 1925.

184 3079 75 44 165
290 3095 40 37 p.
391 3078 150 50 front.,
571 3077 133 52 illus.,
735 3075 168 54 diagrs.
967 3075 146 44 19½cm.

183 3148 324 53 Bibliography
524 3163 8 28 :
567 3162 39 39 p.
639 3145 203 46 164-165.

112 3218 54 54 ©
196 3220 106 44 Dec.
334 3219 68 52 21,
435 3217 128 54 1925;
597 3219 63 42 2c.
692 3218 87 43 and
809 3217 78 43 aff.
919 3216 105 44 Feb.
1058 3216 38 53 4,
1132 3215 129 53 1926;
1296 3216 43 42 A
1372 3214 163 46 879483;
1599 3215 49 45 C.
1683 3214 49 46 F.
1764 3215 172 46 Weber
1969 3216 38 44 &
2038 3229 64 30 co.

191 3276 241 55 (26-3694)

113 3374 313 73 Holliday,
471 3373 161 71 Carl,
674 3375 188 57 1879-

189 3466 33 56 I
260 3470 98 55 sat
393 3469 65 53 at
491 3465 103 57 the
628 3467 143 69 gate
804 3461 311 59 beautiful
1159 3462 215 72 (being
1406 3462 104 57 the
1545 3463 222 56 record
1801 3461 67 58 of
1903 3461 199 59 Jacob

114 3544 67 57 of
214 3543 334 71 Nazareth,
582 3542 135 58 who
751 3561 126 38 was
911 3541 244 57 thrown
1189 3543 63 55 to
1288 3539 104 58 the
1425 3539 162 59 lions
1620 3540 66 56 in
1720 3539 103 57 the
1860 3539 242 57 Roman

110 3615 1967 158 arena in the year 91 a. d.) by Carl Holliday … Nashville,
303 3699 212 72 Tenn.,
547 3696 362 73 Cokesbury
937 3715 200 53 press,
1169 3696 165 56 1925.

181 3807 41 37 v,
258 3789 108 46 7-72
399 3805 39 38 p.
502 3789 48 45 19
558 3791 47 17 cm
610 3823 10 11 .

112 3860 54 53 ©
198 3862 108 42 Dec.
340 3859 38 52 7,
413 3858 129 53 1925;
573 3860 65 42 2c.
670 3860 88 42 and
787 3859 79 42 aff.
899 3860 98 51 Jan.
1034 3858 60 48 11,
1134 3856 129 52 1926;
1300 3857 44 41 A
1375 3855 189 52 879441;
1601 3856 165 42 Lamar
1799 3855 87 43 and
1919 3855 184 49 Barton,

184 3917 248 44 Nashville.
502 3915 241 55 (26-3374)
