2609 4293
1109 3982 76 55 49

150 365 198 70 Allen,
386 364 160 57 Paul
578 363 296 72 William,
914 366 187 56 1883-

229 466 1906 73 Industrial fermentations, by Paul W. Allen … New
148 545 185 68 York,
367 544 129 57 The
527 542 312 59 Chemical
867 545 244 71 catalog
1140 562 321 54 company,
1491 544 136 71 inc.,
1657 545 164 56 1926.

219 637 81 44 424
326 650 38 38 p.
395 636 100 43 incl.
525 636 130 52 illus.,
683 635 153 52 tables,
866 637 165 51 diagrs.
1090 635 52 44 23½
1177 637 47 17 cm
1231 672 9 8 .

217 707 111 42 Part
353 704 51 45 of
431 705 293 44 illustrations
751 706 244 42 numbered
1022 720 48 28 as
1099 704 156 53 plates.

217 760 326 45 “References”
572 768 45 36 at
643 763 83 42 end
755 761 51 44 of
832 768 119 36 most
976 761 51 43 of
1052 760 74 44 the
1156 760 218 52 chapters.

148 827 53 54 ©
234 830 98 51 Jan.
366 827 36 52 5,
439 828 129 52 1926;
602 829 64 42 2c.
697 829 99 52 Jan.
831 827 49 54 7;
916 829 78 42 aff.
1028 830 100 51 Jan.
1164 829 73 51 14;
1273 828 44 42 A
1352 827 188 52 879341;
1579 827 229 45 Chemical
1843 829 177 53 catalog
2052 843 80 38 co.,

217 886 82 43 inc.
368 884 240 55 (26-2154)

148 997 333 59 American
512 997 286 57 institute
835 996 67 58 of
919 996 243 72 mining
1177 996 127 57 and
1317 996 461 73 metallurgical
1793 997 340 72 engineers.

226 1102 446 57 Transactions
708 1102 68 56 of
807 1102 104 56 the
946 1101 337 57 American
1315 1101 289 57 institute
1639 1102 67 56 of
1737 1101 243 73 mining
2014 1104 122 55 and

146 1178 456 73 metallurgical
634 1179 325 71 engineers
1005 1178 498 72 (incorporated)
1583 1199 56 36 v.
1679 1181 87 55 71.
147 1178 1964 150 Containing
281 1275 234 51 papers

544 1257 122 56 and
694 1256 383 57 discussions
1106 1257 338 70 presented
1470 1259 68 53 at
1561 1256 104 57 the
1693 1256 276 72 meeting
1993 1256 143 57 held

147 1334 64 55 in
243 1332 452 73 Birmingham,
730 1333 159 72 Ala.,
928 1333 283 71 October,
1249 1334 166 71 1924,
1451 1333 103 56 the
1588 1333 272 72 meeting
1893 1333 144 57 held
2071 1334 65 55 in

149 1411 150 56 New
325 1410 189 74 York,
546 1410 344 73 February,
924 1411 165 71 1925,
1122 1411 125 56 and
1278 1411 103 55 the
1412 1410 276 72 meeting
1719 1411 66 56 of
1815 1411 104 56 the
147 1410 1965 135 Institute
310 1488 68 56 of

403 1488 224 57 metals
656 1488 270 56 division
955 1488 146 57 held
1127 1488 68 56 in
1224 1488 385 72 Milwaukee,
1641 1488 176 70 Wis.,
1852 1488 282 71 October,

148 1566 164 55 1924.
395 1564 152 57 New
577 1565 182 72 York,
790 1565 73 56 N.
894 1565 93 73 Y.,
1017 1564 340 58 Published
1385 1565 85 72 by
1498 1566 102 56 the
1629 1564 309 73 institute,
1970 1566 162 55 1925.

214 1653 113 53 xliii,
366 1653 106 43 1420
504 1669 40 37 p.
605 1653 129 52 illus.,
768 1654 155 51 tables,
963 1653 165 54 diagrs.
1188 1654 52 43 23½
1277 1656 46 17 cm
1330 1688 8 7 .

146 1721 53 54 ©
228 1724 117 43 Nov.
374 1723 66 52 20,
473 1721 129 54 1925;
633 1723 64 43 2c.
726 1724 99 51 Jan.
853 1722 39 53 6,
924 1722 128 52 1926;
1085 1722 78 44 aff.
1195 1723 108 44 Dec.
1333 1723 65 52 30,
1432 1722 130 53 1925;
1596 1723 43 42 A
1668 1721 189 53 879147;
1892 1722 243 43 American

216 1779 200 44 institute
443 1779 53 44 of
523 1779 171 52 mining
721 1781 86 42 and
836 1779 329 52 metallurgical
1195 1778 247 54 engineers.

143 1890 159 73 Aub,
341 1892 237 72 Joseph
615 1890 274 73 Charles,
929 1893 189 57 1890-

291 1981 1843 76 … Lead poisoning, by Joseph C. Aub, Lawrence T.
147 2062 299 72 Fairhall,
476 2063 76 56 A.
585 2063 61 59 S.
677 2060 201 62 Minot
909 2064 123 57 and
1059 2063 161 57 Paul
1246 2059 359 75 Reznikoff;
1634 2063 154 57 with
1815 2081 36 38 a
1881 2062 258 71 chapter

147 2161 79 38 on
275 2142 104 57 the
429 2140 367 72 prevalence
848 2141 66 56 of
962 2138 337 60 industrial
1349 2142 141 57 lead
1539 2139 331 74 poisoning
1920 2139 61 57 in
2034 2142 103 57 the

145 2216 1992 73 United States, by Alice Hamilton … Baltimore, The
145 2296 310 59 Williams
484 2296 47 57 &
557 2295 268 58 Wilkins
855 2313 322 54 company,
1209 2296 165 56 1926.

251 2421 10 18 x,
309 2385 81 47 265
438 2399 43 39 p.
519 2385 99 46 incl.
670 2385 133 52 illus.,
839 2385 158 53 tables,
1048 2386 168 51 diagrs.
1291 2385 104 49 23½c
1398 2388 29 18 m
1433 2421 9 8 .
1512 2386 254 52 (Medicine
1817 2387 319 53 monographs,

144 2461 89 28 Vol.
260 2444 91 51 VII)

216 2511 353 53 Bibliography:
595 2526 43 37 p.
665 2509 207 49 243-265.

147 2578 53 54 ©
229 2581 108 42 Dec.
366 2581 66 49 31,
468 2578 129 53 1925;
625 2580 65 42 2c.
721 2580 87 42 and
836 2579 79 43 aff.
944 2580 99 52 Jan.
1079 2578 63 53 16,
1174 2578 130 53 1926;
1338 2580 44 42 A
1410 2579 191 53 879289;
1633 2580 208 45 William
1871 2583 37 43 &
1938 2581 197 46 Wilkins

217 2652 64 29 co.
350 2635 242 57 (26-2137)

148 2749 267 73 Badger,
452 2748 244 59 Walter
730 2747 247 74 Lucius,
1016 2750 151 56 1886-

223 2839 1848 77 Heat transfer and evaporation, by W. L. Badger …
147 2919 152 57 New
322 2917 189 71 York,
539 2917 129 57 The
697 2917 311 59 Chemical
1035 2918 246 71 catalog
1308 2937 321 55 company,
1655 2918 135 75 inc.,
1820 2922 164 57 1926.

219 3009 82 45 306
338 3023 41 38 p.
419 3008 100 46 incl.
558 3008 132 51 illus.,
728 3009 158 51 tables,
926 3009 166 52 diagrs.
1150 3008 54 46 23½c
1258 3012 29 17 m
1293 3044 9 8 .
1370 3011 237 51 (Lettered
1645 3027 57 31 on
1742 3025 156 32 cover:
1943 3014 194 44 Modern

146 3066 173 51 library
342 3067 53 44 of
416 3064 218 46 chemical
659 3064 318 53 engineering)

143 3131 57 54 ©
227 3134 98 51 Jan.
358 3131 63 53 15,
454 3132 130 51 1926;
614 3133 64 43 2c.
707 3133 99 52 Jan.
838 3131 74 53 15;
944 3133 78 43 aff.
1052 3133 100 52 Jan.
1188 3133 73 52 16;
1292 3133 44 42 A
1367 3132 188 54 879286;
1591 3135 228 44 Chemical
1849 3137 179 53 catalog
2059 3152 78 37 co.,

217 3189 83 44 inc.
369 3189 241 55 (26-1880)

149 3300 186 74 Belle,
374 3303 271 56 Frances
684 3302 48 57 P
1048 3321 193 55 comp.

226 3390 351 60 California
619 3392 151 57 cook
809 3392 188 72 book;
1042 3411 79 38 an
1158 3393 272 57 unusual
1470 3394 320 59 collection
1832 3397 67 57 of
147 3397 1966 130 Spanish
295 3469 208 59 dishes
554 3472 123 56 and

725 3471 237 71 typical
1014 3469 350 59 California
1414 3472 185 58 foods
1648 3473 105 57 for
1802 3475 335 59 luncheons

149 3549 125 56 and
309 3548 254 58 dinners
601 3547 199 58 which
833 3567 147 52 may
1015 3550 72 55 be
1125 3548 248 72 quickly
1409 3551 123 56 and
1572 3551 198 73 easily
1807 3557 332 69 prepared,

149 3626 306 72 compiled
485 3626 84 71 by
602 3626 276 57 Frances
914 3626 68 56 P.
1017 3625 190 59 Belle.
1288 3625 290 75 Chicago,
1612 3629 219 72 Regan
145 3630 1972 147 publishing
281 3703 420 74 corporation,
731 3705 165 56 1925.

220 3795 357 55 154 p. 19½ cm .
149 3864 53 54 ©
232 3867 109 42 Dec.
371 3866 63 51 19,
464 3864 130 53 1925;
623 3866 65 41 2c.
719 3865 108 44 Dec.
855 3865 77 52 24;
964 3865 78 43 aff.
1073 3866 107 42 Dec.
1206 3866 80 51 21;
1318 3865 44 42 A
1392 3864 189 54 879327;
1613 3868 158 53 Regan
1798 3870 100 52 pub.
218 3884 1900 82 corporation.
394 3920 241 55 (26-2153)
