2542 4285
1045 3957 112 56 951

108 330 299 67 Sullivan,
444 330 192 57 Oscar
665 327 84 58 M.

275 418 296 60 …Disabled
596 437 282 53 persons,
904 416 164 58 their
1094 414 329 61 education
1450 414 122 56 and
1600 412 485 71 rehabilitation,

109 489 1908 78 by Oscar M. Sullivan … and Kenneth O. Snortum …
104 573 150 57 New
278 572 172 57 York
474 573 48 56 &
545 573 277 70 London,
853 571 129 58 The
1012 569 279 72 Century
1317 588 87 41 co.
1436 596 13 44 [
1450 576 20 23 c
1473 568 163 72 1926]

174 642 1912 58 xiv p., 2 l., 3-610 p. front., plates. 21 cm . (The Century vocational
106 703 155 51 series,
289 701 68 47 ed.
387 704 58 54 by
472 703 50 46 C.
548 702 58 45 A.
637 702 222 54 Prosser)
980 700 125 55 $3.00

176 758 331 54 Bibliography
533 767 46 36 at
602 758 89 45 end
716 758 53 44 of
796 757 112 44 each
932 757 201 53 chapter.

102 812 52 54 ©
179 815 121 53 Aug.
331 816 62 49 16,
424 815 127 51 1926;
582 817 63 41 2c.
674 815 121 51 Aug.
822 814 78 52 24;
931 813 78 46 aff.
1039 814 121 52 Aug.
1189 812 77 52 25;
1299 813 44 42 A
1370 812 190 52 897932;
1595 811 202 55 Century
1827 826 65 29 co.

178 870 269 54 (26-15166)

107 955 245 73 Taylor,
393 953 253 60 Charles
683 954 223 73 Ralph,
946 956 189 58 1877-

178 1044 1841 75 Vital English; advanced book, by C. Ralph Taylor …
103 1124 150 58 New
281 1123 172 58 York
483 1126 123 57 and
632 1124 258 71 Boston,
920 1124 71 56 F.
1022 1124 82 58 M.
1135 1123 308 59 Ambrose
1471 1140 307 55 company
1808 1153 13 43 [
1821 1132 20 21 c
1844 1124 164 72 1926]

172 1199 930 54 xiv, 361 p. front., illus., pl. 19½ cm .
100 1253 57 53 ©
179 1255 121 53 Aug.
332 1255 62 50 18,
424 1254 128 52 1926;
581 1256 63 42 2c.
674 1255 121 52 Aug.
822 1255 77 51 23;
929 1253 78 44 aff.
1035 1254 122 52 Aug.
1186 1254 78 51 20;
1294 1254 44 42 A
1364 1252 190 53 897895;
1585 1251 49 46 F.
1664 1253 65 44 M.
1761 1254 231 45 Ambrose
2021 1270 66 28 co.

178 1310 269 55 (26-15139)

106 1396 294 73 Treynor,
433 1396 223 58 Albert
683 1396 84 58 M.

183 1486 1901 77 The long patrol, by Albert M. Treynor … New York,
104 1565 201 74 Dodd,
336 1566 188 58 Mead
553 1567 123 56 and
707 1584 321 55 company,
1059 1566 165 56 1926.

171 1642 630 53 vi p., 1 l., 300 p. 19½ cm .
100 1694 55 54 ©
180 1697 120 52 Aug.
329 1697 66 50 28,
427 1697 127 52 1926;
587 1699 63 41 2c.
681 1695 91 45 and
800 1695 78 46 aff.
908 1697 121 52 Aug.
1061 1697 76 50 31;
1169 1696 44 42 A
1243 1696 189 52 901682;
1467 1694 152 54 Dodd,
1652 1696 142 44 Mead
1824 1697 40 44 &
1893 1712 80 37 co.,
2006 1697 83 46 inc.

179 1753 269 54 (26-15185)

104 1838 281 73 Warren,
423 1839 237 72 George
696 1837 355 73 Frederick,
1089 1840 189 57 1874-

180 1928 1910 72 Elements of agriculture, by G. F. Warren … Rev. ed.
103 2007 151 59 New
281 2006 191 72 York,
504 2007 127 57 The
663 2006 358 58 Macmillan
1053 2025 336 54 company;
1420 2007 279 71 London,
1733 2008 358 59 Macmillan

103 2085 48 56 &
178 2103 107 52 co.,
315 2084 130 71 ltd.,
474 2084 164 58 1926.

172 2175 80 37 xx,
294 2159 83 45 549
412 2174 40 38 p.
522 2159 155 53 front.,
718 2160 132 53 illus.,
889 2158 172 55 diagrs.
1128 2162 55 43 20½
1216 2163 48 18 cm
1269 2196 9 9 .
1356 2162 243 53 (Lettered
1639 2177 58 29 on
1739 2175 162 32 cover:
1948 2162 145 45 Rural

103 2214 224 45 textbook
356 2214 169 54 series)

175 2270 338 46 “References”
542 2280 45 36 at
616 2270 88 45 end
733 2273 52 42 of
814 2272 111 44 each
954 2272 200 54 chapter.

99 2325 55 54 ©
182 2328 121 53 Aug.
337 2327 62 52 17,
433 2329 129 51 1926;
592 2330 64 42 2c.
687 2327 91 47 and
808 2328 78 44 aff.
916 2328 120 54 Aug.
1071 2330 74 52 18;
1179 2330 44 42 A
1251 2329 189 52 897852;
1476 2329 269 45 Macmillan
1774 2346 67 29 co.

178 2383 270 55 (26-15072)

103 2469 256 71 Wilder,
403 2470 166 58 Fred
609 2469 239 59 Calvin.

180 2561 156 58 War
365 2562 394 71 experiences
789 2562 67 58 of
879 2563 71 57 F.
981 2561 64 59 C.
1076 2562 256 59 Wilder.
1398 2564 449 75 Belchertown,
1876 2566 212 74 Mass.,

105 2640 69 58 F.
211 2638 63 60 C.
305 2639 260 74 Wilder,
600 2641 164 57 1926.

176 2721 90 49 118,
301 2721 53 46 [1]
386 2735 41 36 p.
487 2720 53 44 20½
574 2722 47 18 cm
627 2754 8 9 .

102 2771 53 54 ©
191 2773 120 53 Aug.
351 2774 63 51 19,
454 2773 128 50 1926;
623 2775 63 41 2c.
725 2773 122 52 Aug.
884 2771 79 53 27;
1003 2772 78 46 aff.
1122 2773 121 53 Aug.
1282 2774 77 52 23;
1402 2774 44 43 A
1484 2774 189 53 901672;
1716 2773 50 46 F.
1809 2774 48 47 C.
1900 2775 192 54 Wilder,

172 2829 335 53 Belchertown,
537 2828 141 46 Mass.
748 2829 271 54 (26-15238)

104 2913 328 71 Williams,
477 2914 176 58 Jesse
695 2913 274 73 Feiring,
1014 2916 188 57 1886-

179 3005 59 56 A
270 3004 317 58 text-book
619 3004 69 56 of
718 3008 297 67 anatomy
1048 3007 122 56 and
1202 3004 376 73 physiology
1610 3005 102 58 for
1749 3007 241 57 schools
2028 3007 67 57 of

104 3080 283 73 nursing,
423 3081 244 57 normal
707 3081 261 71 schools,
1007 3083 123 56 and
1169 3082 284 73 colleges,
1491 3084 83 70 by
1612 3083 183 58 Jesse
1836 3083 260 74 Feiring

104 3158 1991 77 Williams … 2d ed., rev., with 375 illustrations, 26 of
106 3238 167 57 them
305 3235 65 58 in
405 3236 219 57 colors.
702 3235 441 74 Philadelphia
1177 3238 122 57 and
1334 3239 280 70 London,
1648 3238 97 58 W.
1785 3239 72 56 B.
105 3238 1965 132 Saunders

279 3331 322 53 company,
632 3313 166 57 1926.

176 3388 77 45 531
279 3403 41 38 p.
374 3388 117 43 illus.
518 3388 127 53 (part
670 3389 111 53 col.)
815 3389 83 44 col.
925 3389 159 53 plates,
1109 3389 172 54 diagrs.
1336 3394 25 41 20½
1424 3396 47 17 cm
1477 3427 8 7 .

177 3443 313 44 “References
518 3444 77 43 for
623 3444 185 45 further
837 3445 162 54 study”
1026 3454 45 37 at
1098 3446 88 45 end
1213 3447 54 43 of
1294 3447 112 44 each
1434 3447 188 53 chapter.

103 3498 54 54 ©
181 3500 121 53 Aug.
327 3499 67 51 25,
423 3500 129 52 1926;
578 3505 65 41 2c.
669 3502 120 52 Aug.
817 3501 78 53 28;
925 3502 78 45 aff.
1032 3503 121 53 Aug.
1182 3504 77 51 26;
1290 3504 44 42 A
1360 3505 189 51 901623;
1581 3505 72 44 W.
1684 3505 49 43 B.
1765 3504 234 47 Saunders
2027 3524 66 27 co.

181 3555 269 54 (26-15287)

109 3639 257 74 Wilson,
402 3642 243 58 Arthur
679 3642 199 60 Riehl.

180 3718 1846 76 Field artillery manual. v. 2. By Arthur R. Wilson …
105 3794 320 73 Menasha,
452 3795 173 72 Wis.,
660 3798 128 57 The
822 3798 344 73 Collegiate
1197 3818 201 53 press,
1432 3799 240 74 George

1704 3802 208 58 Banta
103 3804 1966 141 publishing
360 3892 306 54 company
693 3876 181 73 [1926]
