2542 4285
1392 3928 108 55 686

453 398 182 72 tions,
672 398 104 56 for
810 417 108 37 use
954 398 66 55 in
1057 397 236 70 closing
1330 398 124 69 day
1492 396 322 72 exercises,
1851 396 151 57 with
2037 415 187 52 many
2259 397 176 70 helps

454 477 121 55 and
607 475 394 72 suggestions
1032 476 105 55 for
1166 473 252 73 making
1449 475 103 56 the
1581 493 299 53 program
1911 474 374 72 interesting
2316 476 120 56 and

452 553 373 71 distinctive,
852 573 78 36 an
954 552 197 57 entire
1175 570 298 54 program
1495 553 107 55 for
1621 552 102 57 the
1747 553 174 55 rural
1946 552 207 56 school
2177 552 65 56 of
2269 553 166 70 eight

452 631 256 70 grades;
735 630 302 71 compiled
1063 631 121 56 and
1210 630 206 57 edited
1439 631 81 69 by
1544 630 196 58 Grace
1764 630 69 56 B.
1863 631 233 55 Faxon.
2181 631 254 69 Boston,

449 710 245 57 Walter
722 710 79 56 H.
836 710 207 55 Baker
1076 727 320 52 company,
1430 710 163 55 1926.

524 787 81 43 224
626 802 41 37 p.
729 787 50 42 18½
830 790 28 16 cm
864 821 8 8 .
943 785 122 53 (The
1086 800 309 38 many-a-way
1420 786 163 52 series)

455 843 52 53 ©
536 846 115 51 June
681 846 34 49 1,
748 844 107 43 1926
867 858 9 37 ;
906 844 66 42 2c.
1002 844 114 51 June
1148 844 49 50 4;
1231 844 78 42 aff.
1340 844 115 51 June
1487 843 72 51 12;
1594 842 42 42 A
1667 840 188 54 891765;
1888 842 178 44 Walter
2099 843 60 41 H.
2194 842 150 43 Baker
2373 856 64 29 co.

532 899 267 56 (26-12680)

450 999 193 70 Field,
688 1000 199 72 Percy
930 997 306 58 Coleman.

449 1087 1965 137 Wills, by Percy C. Field … Kansas City, Mo., Western
590 1165 360 73 publishing
982 1184 307 54 company
1326 1194 13 43 [
1341 1173 18 22 c
1362 1165 164 73 1926]

518 1243 52 47 72
603 1258 27 37 p.
703 1243 54 43 23½
792 1244 47 17 cm
845 1276 9 9 .

455 1298 52 53 ©
537 1301 110 51 May
678 1299 62 51 19,
774 1298 105 43 1926
893 1314 8 35 ;
930 1298 66 43 2c.
1026 1299 111 51 May
1164 1299 77 51 21;
1274 1299 77 42 aff.
1383 1299 114 51 June
1529 1300 74 50 11;
1634 1299 42 41 A
1706 1298 188 52 897098;
1927 1300 50 41 P.
2010 1297 48 45 C.
2091 1297 140 53 Field,
2259 1299 178 43 Kansas

526 1355 113 53 City,
678 1356 93 43 Mo.
841 1354 269 55 (26-12551)

449 1453 235 70 Fisher,
731 1453 339 57 Frederick
1112 1453 272 67 Charles,
1431 1457 187 55 1875-

525 1544 171 58 New
736 1543 439 72 encyclopedia
1240 1543 67 58 of
1370 1542 356 73 Philippine
1788 1545 164 70 legal
2016 1544 219 69 forms,
448 1565 1965 126 procedural,

745 1621 277 70 judicial,
1051 1621 406 69 contractual,
1487 1621 287 57 business
1807 1624 122 55 and
1960 1622 478 71 conveyancing,

448 1698 81 70 by
554 1698 69 57 F.
655 1697 63 58 C.
749 1697 224 57 Fisher
1006 1744 10 10 .…
1141 1697 77 57 3d
1248 1698 90 57 ed.
1408 1697 254 72 Manila,
1689 1697 362 68 Kochester,
2083 1700 71 55 N.
2188 1700 91 67 Y.,
2311 1702 126 55 The

447 1774 295 71 Lawyers
776 1773 424 72 co-operative
1231 1774 363 73 publishing
1627 1794 321 54 company,
1984 1777 163 56 1926.

517 1849 149 53 xxxii,
701 1850 106 44 1118
837 1866 40 36 p.
937 1849 53 47 25
998 1853 46 17 cm
1051 1887 9 7 .

519 1906 127 45 Each
677 1913 102 45 part
812 1906 222 52 preceded
1069 1908 56 51 by
1157 1907 319 44 unnumbered
1509 1906 108 45 leaf.

454 1961 52 53 ©
532 1962 104 45 Feb.
668 1965 61 45 11,
760 1964 126 50 1926;
914 1965 63 42 2c.
1006 1963 105 44 Feb.
1143 1964 72 52 15;
1244 1966 77 41 aff.
1352 1966 117 42 Mar.
1498 1966 76 50 31;
1606 1965 42 42 A
1675 1966 188 52 890120;
1891 1964 50 45 F.
1971 1964 47 45 C.
2049 1966 174 53 Fisher,
2252 1967 185 44 Manila.

531 2020 268 54 (26-12552)

448 2104 236 71 Fisher,
728 2105 236 73 Irving,
1010 2109 189 56 1867-

527 2198 1844 75 America’s interest in world peace, by Irving Fisher …
513 2297 87 40 Rev.
634 2279 90 56 ed.
808 2276 147 58 New
985 2277 171 56 York
1186 2280 121 55 and
1338 2277 277 74 London,
1647 2278 179 56 Funk
1854 2279 48 56 &
1929 2279 326 72 Wagnalls

453 2298 1962 129 company
649 2355 181 72 [1926]

522 2433 591 65 x p., 1 13-144 p.. 18 cm .
524 2488 138 45 “This
701 2488 115 42 little
853 2489 120 44 book
1007 2490 37 42 is
1084 2506 23 27 a
1146 2488 118 45 brief
1300 2504 151 29 résumé
1516 2489 51 45 of
1607 2504 72 36 my
1718 2492 192 48 ‘League
1949 2505 50 30 or
2037 2490 138 45 war?’
2216 2490 108 45 with

454 2493 1963 96 additional
668 2547 102 43 data
807 2546 268 48 recounting
1106 2547 71 42 the
1208 2545 189 43 historic
1427 2553 150 36 events
1608 2546 48 43 of
1686 2546 74 43 the
1791 2545 84 46 last
1906 2557 91 33 two
2027 2548 356 49 years.”—Pref.

445 2597 61 53 ©
539 2600 112 51 June
686 2598 35 48 5,
759 2599 127 50 1926;
921 2599 65 42 2c.
1016 2599 87 42 and
1136 2599 77 42 aff.
1249 2599 114 51 June
1400 2599 73 49 18;
1510 2600 43 41 A
1586 2599 189 52 891846;
1812 2600 130 43 Funk
1975 2602 37 42 &
2044 2602 238 52 Wagnalls
2318 2616 65 29 co.

532 2655 267 55 (26-12651)

453 2740 311 69 Frankau,
808 2739 255 58 Gilbert.

531 2832 128 56 The
691 2850 155 52 very
881 2831 264 56 faithful
1179 2850 258 38 woman.

526 2910 78 49 (In
642 2910 148 50 Royal
828 2909 256 51 magazine,
1122 2910 128 51 July,
1316 2910 101 50 1926)

453 2963 1986 55 © 1c. Aug. 18, : 1926; A ad int. 8444; pubd. June 22; G. Frankau, London.
448 3041 323 69 Freeland,
810 3043 238 71 George
1086 3043 166 66 Earl,
1294 3045 186 56 1886-

529 3132 264 57 Modern
848 3132 384 72 elementary
1288 3133 209 57 school
1552 3133 291 73 practice.
1941 3136 149 57 Rev.
2151 3137 91 56 ed.
2340 3137 95 72 By

448 3208 1962 150 George E. Freeland … New York, The Macmillan company,
670 3287 165 58 1926.

517 3361 97 51 xiii,
644 3362 84 45 417
757 3378 41 37 p.
859 3361 158 54 plates.
1080 3364 50 44 19½
1165 3366 46 18 cm
1218 3398 7 9 .

454 3417 52 53 ©
531 3421 113 50 June
674 3418 61 46 15,
767 3420 127 51 1926;
922 3421 63 42 2c.
1012 3422 86 42 and
1125 3422 76 42 aff.
1231 3422 115 51 June
1377 3421 73 51 16;
1481 3422 43 41 A
1551 3422 188 52 891849;
1771 3424 263 43 Macmillan
2063 3439 64 28 co.

530 3473 268 57 (26-12555)

447 3560 153 69 Gall,
643 3561 207 68 Ernst,
898 3565 186 55 1888-

523 3648 116 59 Die
693 3650 277 71 gotische
1025 3653 313 56 baukunst
1395 3653 63 56 in
1518 3654 379 57 Frankreich
1955 3656 126 55 und
454 3657 1955 128 Deutschland

705 3730 1733 77 … t. l. Yon Ernst Gall. Leipzig, Klinkhardt &
453 3803 355 74 Biermann,
846 3808 164 55 1925.
