2542 4285
1098 4082 148 55 1487

163 456 217 71 Ruffin,
419 455 166 57 John
619 452 443 59 Demosthenes
1099 451 73 57 N.

238 547 193 60 Great
464 544 317 75 logicians,
814 547 83 70 by
929 543 59 61 J.
1026 545 73 57 N.
1137 541 217 73 Ruffin,
1433 589 9 11 B.
1521 591 10 10 A.
1615 542 148 57 New
1797 541 171 56 York
2004 538 142 73 city,

161 624 887 71 E. S. Werner & co. [ c 1926]
234 701 961 53 2 p. l., 151 p. 1 illus., diagrs. 22 cm .
164 757 52 53 ©
249 759 117 42 Nov.
397 758 35 49 2,
470 756 126 51 1926;
630 755 63 43 2c.
727 755 86 42 and
844 754 77 43 aff.
956 754 119 42 Nov.
1109 753 49 50 4;
1194 753 42 41 A
1269 750 188 53 958326;
1494 752 38 51 J.
1566 751 59 42 N.
1661 751 159 48 Ruffin,
1858 750 116 42 New
2006 749 142 44 York.

242 812 268 56 (26-24171)

166 911 294 68 Scudder,
498 909 363 57 Antoinette
901 906 262 73 Quinby.

242 1003 127 55 The
402 1001 134 57 soul
566 1000 68 57 of
661 999 214 71 Ilaria,
904 1000 83 70 by
1014 997 365 58 Antoinette
1415 998 294 57 Scudder.
1783 996 150 57 New
1962 995 190 74 York,

165 1081 68 56 E.
274 1081 69 55 F.
386 1079 322 69 Sherman,
748 1078 163 57 1926.

245 1157 69 54 [26]
350 1171 39 38 p.
449 1156 52 44 23
510 1158 45 18 cm
561 1190 9 9 .

234 1213 196 53 “Eighty
473 1213 145 52 copies
659 1212 52 44 of
752 1211 88 44 this
883 1226 132 37 poem
1055 1210 115 43 have
1212 1210 110 44 been
1366 1209 176 52 printed
1585 1224 57 28 on
1687 1208 152 44 Dutch
1881 1208 272 44 hand-made

162 1284 136 40 paper
332 1271 164 52 during
535 1270 199 44 October
773 1267 145 46 1926.”

163 1327 55 53 ©
246 1329 118 43 Nov.
395 1329 63 50 11,
487 1327 128 52 1926;
644 1328 63 42 2c.
738 1327 118 42 Nov.
888 1323 73 54 15;
992 1326 78 42 aff.
1099 1326 110 42 Dec.
1236 1326 49 50 2;
1316 1324 44 42 A
1387 1322 189 53 957398;
1608 1324 54 42 A.
1695 1322 213 53 Scudder,
1938 1323 215 49 Newark,

236 1385 58 43 N.
329 1386 40 51 J.
443 1384 268 54 (26-24139)

171 1483 241 73 Singer,
452 1480 304 60 Caroline.

243 1572 172 59 Turn
443 1578 62 54 to
534 1573 102 59 the
667 1572 178 74 East,
873 1574 83 71 by
982 1575 119 56 two
1131 1573 136 57 who
1300 1572 140 57 seek
1467 1573 148 57 here
1643 1575 63 56 to
1736 1568 285 60 intimate
2053 1571 103 58 the

166 1651 278 58 richness
485 1653 68 57 of
591 1650 164 58 their
796 1652 362 68 adventure,
1201 1646 287 62 Caroline
1533 1648 223 73 Singer
1799 1652 123 56 and
1965 1648 63 58 C.
2070 1649 86 56 Le

164 1729 140 73 Roy
343 1727 360 72 Baldridge.
783 1725 150 60 New
973 1725 190 72 York,
1206 1725 263 72 Minton,
1512 1725 194 58 Balch
1748 1726 48 57 &
1836 1743 320 54 company,

167 1808 166 59 1926.

236 1880 1139 55 3 p. l. , 3-71, [1] p. illus., col plates. 35½ cm .
168 1936 54 54 ©
254 1938 100 44 Oct.
383 1941 39 48 8,
455 1937 128 52 1926;
616 1938 64 42 2c.
714 1936 99 44 Oct.
844 1938 78 50 21;
955 1937 79 42 aff.
1070 1936 100 45 Oct.
1207 1934 72 53 15;
1314 1936 44 42 A
1391 1935 187 52 949662;
1615 1935 143 53 Cyrus
1793 1937 61 42 Le
1890 1938 99 51 Roy

239 1936 1897 111 Baldridge,
407 1994 117 44 New
551 1994 141 43 York.
759 1991 270 56 (26-19645)

172 2091 219 71 Smith,
432 2091 226 73 Young
695 2092 364 71 Berryman,
1103 2094 187 56 1889-
1448 2093 90 57 ed.

252 2181 190 61 Cases
485 2201 78 39 on
604 2182 103 57 the
748 2183 119 56 law
910 2183 66 56 of
1014 2181 208 72 public
1262 2182 281 72 utilities,
1589 2184 267 57 selected
1896 2186 123 56 and

172 2204 1968 130 annotated by Young B. Smith … and Noel T. Dowling …
171 2338 319 73 including
547 2358 173 38 cases
785 2338 122 58 and
967 2338 294 72 readings
1323 2357 79 38 on
1462 2342 188 68 rates,
1715 2339 268 58 selected
2042 2340 120 57 and

171 2415 1971 153 arranged by Robert L. Hale … St. Paul, West publishing
309 2514 320 53 company,
660 2495 165 56 1926.

242 2572 145 54 xxvii,
430 2571 105 46 1258
572 2587 41 38 p.
672 2571 54 45 26
732 2574 46 18 cm
785 2607 9 9 .
862 2570 272 56 (American
1171 2572 223 44 casebook
1432 2571 151 46 series.
1642 2573 74 43 W.
1757 2574 53 41 R.
1852 2572 166 50 Vance,
173 2587 1972 87 general
295 2629 173 55 editor)

171 2685 54 54 ©
257 2687 119 53 Sept.
406 2687 66 52 30,
504 2686 127 52 1926;
663 2688 63 41 2c.
758 2687 107 42 Dec.
895 2687 48 51 4;
977 2686 78 43 aff.
1086 2685 118 44 Nov.
1234 2687 79 51 29;
1344 2686 44 42 A
1419 2685 187 53 958212;
1637 2687 133 43 West
1799 2687 99 51 pub.
1930 2702 64 27 co.

251 2744 268 54 (26-22383)

175 2842 251 74 Society
457 2842 66 57 of
554 2840 230 74 college
816 2841 281 57 teachers
1131 2842 66 57 of
1230 2841 346 58 education.

252 2920 254 58 Studies
536 2920 67 56 in
635 2919 343 58 education.
1057 2919 288 74 Chicago,
1439 2921 58 72 Ill.,
1533 2921 127 57 The
1694 2920 373 72 University
2101 2921 66 57 of

177 2996 268 74 Chicago
475 3016 179 53 press
690 2999 181 74 [1926]

247 3089 17 41 1
294 3102 41 28 V.
402 3086 322 53 (Educational
753 3087 318 52 monographs,
1098 3102 70 29 no.
1205 3089 60 50 14,
1301 3086 130 55 1925)

172 3141 56 54 ©
260 3145 98 51 Jan.
390 3144 66 50 28,
493 3143 128 52 1926;
656 3144 64 43 2c.
755 3145 87 42 and
876 3145 77 43 aff.
989 3145 118 43 Mar.
1141 3144 78 52 24;
1257 3145 44 42 A
1337 3143 188 53 879998;
1564 3145 266 52 University
1862 3145 53 43 of
1953 3144 211 54 Chicago,

247 3199 211 54 Chicago.

244 3299 1900 150 … South eastern reporter digest. [Georgia ed.] Including
408 3396 172 39 cases
629 3379 297 70 reported
970 3378 66 56 in
1082 3379 154 57 vols.
1290 3380 185 55 1-125
1529 3379 197 57 South
1775 3382 250 55 eastern
251 3401 1889 124 reporter,
534 3454 293 58 77*-159*
879 3455 271 72 Georgia
1197 3460 269 69 reports,
1513 3457 181 56 1-33*

254 3457 1914 150 Georgia appeals and also … state reports … together with an
254 3609 420 73 index-digest
725 3611 66 55 of
843 3611 151 57 vols.
1051 3613 147 56 1-78
1255 3612 264 73 Georgia
1583 3615 121 56 and
1757 3614 413 72 preliminary

254 3688 294 56 volumes,
626 3707 55 37 v.
727 3690 49 55 7.
819 3689 544 71 Larceny-Naked
1404 3694 183 55 trust.
1670 3692 231 57 Edited
1941 3693 84 71 by
2065 3694 102 56 the

256 3764 290 57 editorial
571 3765 155 57 staff
748 3766 68 56 of
838 3767 102 57 the
966 3767 335 57 American
1326 3768 207 72 digest
1559 3773 248 68 system.
1875 3770 91 59 St.
1993 3771 175 73 Paul,

253 3842 178 56 West
459 3842 362 71 publishing
853 3864 104 52 co.,
991 3846 165 56 1926.

250 3917 58 52 iii,
338 3918 259 52 8199-9621,
626 3919 192 44 313-350
846 3935 38 37 p.
943 3921 54 43 26
1003 3924 47 17 cm
1057 3957 7 7 .

179 3971 54 54 ©
258 3974 100 44 Oct.
379 3974 68 53 25,
474 3975 126 52 1926;
626 3976 64 43 2c.
716 3977 107 43 Dec.
853 3977 73 52 16;
953 3978 77 42 aff.
1056 3979 108 43 Dec.
1194 3977 72 54 15;
1294 3980 42 42 A
1360 3978 163 46 958353;
1575 3983 131 42 West
1730 3983 99 51 pub.
1856 3997 63 29 co.
