2542 4285
1064 3978 108 57 537

130 378 320 57 Alabama.
532 378 298 72 Supreme
864 384 188 52 court.

206 470 1899 72 Report of cases argued and determined … during the
132 546 264 57 October
422 550 209 68 terms,
660 548 353 69 1924-1925,
1044 549 352 54 1925-1926.
1466 548 99 70 By
1591 548 192 56 Noble
1811 547 79 56 H.
1924 547 180 73 Seay,

131 627 286 66 reporter
463 624 67 55 of
575 624 322 56 decisions,
984 643 56 36 v.
1091 626 124 54 213.
1308 624 87 57 St.
1445 625 174 70 Paul,
1669 626 212 70 Minn.,
1927 625 178 56 West

128 701 359 71 publishing
516 719 318 54 company,
866 702 162 55 1926.

197 792 48 42 xi
274 789 78 44 753
383 805 37 36 p.
479 790 56 42 26
540 793 45 17 cm
592 825 7 7 .

128 872 52 53 ©
210 873 104 43 Feb.
348 872 63 53 17,
444 874 102 42 1926
562 888 9 34 ;
598 873 66 43 2c.
694 874 111 51 May
833 874 48 50 8;
913 874 78 42 aff.
1024 874 111 51 May
1148 872 64 64 .7;
1246 874 43 41 A
1318 872 187 51 891337;
1538 872 205 45 William
1772 874 75 43 W.
1879 873 222 52 Brandon,

195 944 225 37 governor
449 929 49 43 of
528 930 233 49 Alabama,
799 929 76 43 for
904 944 79 28 use
1012 930 51 42 of
1094 929 96 43 said
1222 936 127 45 state,
1385 930 334 51 Montgomery,
1753 929 103 42 Ala.

125 1027 332 57 American
489 1027 135 57 face
658 1027 177 57 brick
865 1026 391 58 association.

224 1117 358 57 Brickwork
626 1118 66 55 in
738 1117 183 72 Italy,
971 1137 37 37 a
1052 1117 166 57 brief
1266 1118 224 56 review
1538 1118 165 56 from
1756 1118 242 56 ancient
2045 1121 63 53 to

126 1196 256 55 modern
406 1195 196 57 times.
690 1194 285 73 Chicago,
1000 1195 334 57 American
1358 1197 136 55 face
1518 1195 172 57 brick
1714 1195 394 72 association,

127 1275 163 55 1925.

195 1363 1445 54 xix, 298 p., 1 l. incl. col. front., illus. col. plates. 26½ cm .
196 1433 126 46 Each
343 1434 118 52 plate
483 1434 78 45 has
585 1436 145 51 guard
754 1434 123 44 sheet
898 1434 110 44 with
1031 1435 267 51 descriptive
1322 1435 271 51 letterpress.

196 1491 310 45 Introduction
531 1492 178 52 signed:
745 1492 52 44 G.
823 1491 48 45 C.
898 1492 142 43 Mars.

197 1547 123 45 “The
343 1558 178 42 present
543 1549 129 43 work
711 1563 109 38 [was]
848 1549 232 43 entrusted
1103 1556 48 36 to
1174 1555 92 37 two
1287 1563 151 37 young
1463 1548 213 51 scholars,
1704 1548 242 44 Professor
1973 1547 134 45 Carlo

128 1604 244 44 Roccatelli
402 1605 74 43 for
501 1605 73 44 the
600 1603 181 45 ancient
807 1605 86 43 and
921 1605 73 45 the
1023 1605 280 43 renaissance
1330 1606 191 51 periods,
1550 1606 88 42 and
1667 1605 245 43 Professor
1940 1604 166 46 Enrico

126 1662 226 41 Verdozzi
378 1662 73 42 for
474 1661 73 43 the
571 1662 217 43 medieval
812 1663 87 41 and
921 1661 410 44 modern.”—Pref.

195 1717 349 54 Bibliography:
576 1732 40 38 p.
638 1717 238 45 xviii-xix.

124 1787 54 53 ©
204 1791 106 41 Dec.
334 1789 67 49 20,
429 1788 127 53 1925;
583 1790 62 42 2c.
673 1790 86 42 and
784 1790 77 42 aff.
889 1788 106 44 Feb.
1026 1789 60 50 12,
1118 1788 127 51 1926;
1275 1789 43 41 A
1344 1786 188 53 890635;
1566 1788 48 44 G.
1646 1787 48 45 C.
1722 1789 142 51 Mars,
1895 1787 210 53 Chicago.

203 1844 267 55 (26-10552)

125 1943 242 72 Austin,
405 1944 302 56 Bertram.

200 2030 1908 73 The secret of high wages, by Bertram Austin … and
121 2107 1965 136 W. Francis Lloyd … with a foreword by Walter T. Layton
323 2186 1149 74 … London, T. F. Unwin ltd. [1926]
193 2276 74 43 111
301 2291 41 38 p.
401 2278 54 41 22
462 2278 46 17 cm
513 2310 10 10 .

123 2345 1982 57 © 1c. Apr. 23, 1926; A ad int. 8074; pubd. Mar. 17; Dodd, Mead & co.,
193 2402 95 52 inc.,
318 2404 116 43 New
461 2404 141 43 York.
671 2404 269 53 (26-11019)

125 2502 288 68 Beaman,
449 2502 264 57 Ardern.

202 2594 128 56 The
360 2594 324 57 uninvited
716 2598 198 68 guest.

197 2685 80 51 (In
309 2685 329 42 Hutchinson’s
672 2687 416 50 adventure-story
1118 2686 254 51 magazine,
1404 2688 126 50 May,
1561 2685 125 52 1926)

121 2752 1962 111 © 1c. June 12, 1926; A ad int. 8268; pubd. Apr. 16; A. Beaman, Frampton-on-Severn,
598 2810 289 52 Stonehouse,
930 2809 397 54 Gloucestershire,
1366 2810 221 53 England.

125 2910 279 70 Bennett,
449 2908 228 58 Alfred
719 2908 268 59 Gordon.

198 2998 130 58 The
360 3019 107 39 sea
498 2999 67 58 of
595 2998 188 73 sleep,
810 2999 83 70 by
923 2997 229 58 Alfred
1185 2998 253 58 Gordon
1469 2998 287 59 Bennett.
1829 2999 277 72 London,

121 3077 67 56 T.
218 3076 70 57 F.
319 3074 241 77 Unwin,
590 3076 111 60 ltd.
735 3077 181 72 [1926]

190 3165 94 50 323,
318 3166 52 46 [1]
404 3179 41 38 p.
507 3165 51 43 19½
591 3167 46 17 cm
643 3199 9 8 .

119 3234 1967 110 © 1c. Apr. 21, 1926; A ad int. 8055; pubd. Feb. 24; A. G. Bennett, Morningside,
413 3292 309 52 Warrington,
756 3292 220 52 England.
1045 3291 269 55 (26-11067)

126 3389 388 73 Blackstone,
559 3389 272 69 Harriet,
881 3410 191 53 comp.

195 3480 128 57 The
350 3481 138 56 best
512 3479 333 57 American
871 3479 279 57 orations
1179 3478 68 58 of
1275 3479 207 71 today,
1512 3480 302 70 compiled
1839 3482 82 71 by
125 3481 1959 134 Harriet

292 3556 1814 72 Blackstone … New York city, Noble and Noble
126 3664 13 43 [
142 3644 19 21 c
163 3636 162 72 1926]

197 3722 954 56 1 p. l., [v]-xvi p., 1 l., 379 p. 20½ cm .
195 3796 211 44 Lettered
435 3809 59 29 on
522 3809 159 29 cover:
712 3793 229 54 Enlarged
969 3794 178 43 edition.

125 3866 54 53 ©
208 3868 113 51 May
353 3868 33 48 1,
421 3865 128 53 1926;
579 3865 62 42 2c.
674 3865 110 52 May
816 3865 74 51 13;
923 3865 79 42 aff.
1034 3864 112 52 May
1180 3864 72 50 12;
1286 3864 43 41 A
1360 3862 189 54 890737;
1583 3864 150 46 Noble
1761 3866 38 44 &
1829 3866 163 44 Noble.

204 3921 267 55 (26-10509)
