2542 4285
972 3966 151 59 1049

43 358 200 73 Allen,
290 360 213 70 Grant,
550 361 355 56 1848-1899.

121 452 128 57 The
275 468 240 43 woman
540 450 132 60 who
703 448 124 74 did,
855 454 83 68 by
966 449 200 61 Grant
1190 450 184 58 Allen;
1432 449 150 60 with
1611 469 78 38 an
44 446 1961 145 introduction
211 530 84 64 by
332 528 233 59 Ernest
602 527 195 68 Boyd.
880 528 257 68 Boston,
1176 525 210 71 Little,
1424 527 245 70 Brown,
1712 529 122 56 and
43 542 1962 139 company,
256 607 163 57 1926.

110 699 76 34 xv,
214 685 83 44 223
321 698 42 34 p.
427 684 50 45 19½c
528 685 28 17 m
562 719 9 9 .

47 735 53 54 ©
129 736 121 53 Sept
279 737 66 50 22,
377 734 128 52 1926;
533 736 64 43 2c.
626 736 87 42 and
740 735 77 42 aff.
851 733 119 53 Sept.
997 735 78 51 23;
1105 733 44 43 A
1178 733 189 53 949117;
1399 733 151 52 Little,
1581 734 181 52 Brown,
1791 735 88 42 and
116 746 1892 103 company.
312 791 267 58 (26-16205)

46 892 334 58 American
409 895 263 70 country
697 890 113 57 life
842 888 394 61 association.

125 984 251 57 Needed
421 982 490 71 readjustments
954 981 66 57 in
1066 981 174 57 rural
1282 980 129 58 life.
1497 979 420 74 Proceedings
1965 981 67 57 of

48 1061 104 58 the
194 1061 212 71 eighth
445 1060 296 57 National
782 1061 265 70 country
1086 1058 111 56 life
1241 1058 382 72 conference,
1665 1059 364 72 Richmond,

48 1138 134 73 Va.,
219 1140 163 55 1925.
459 1137 152 58 New
642 1137 175 56 York
851 1137 161 71 city,.
1030 1136 340 57 Published
1404 1137 84 70 by
1522 1136 103 59 the
1661 1136 372 72 University

51 1217 67 56 of
153 1214 268 73 Chicago
456 1234 181 53 press
670 1215 106 56 for
809 1215 103 56 the
947 1213 335 58 American
1319 1217 265 69 country
1615 1214 112 57 life
47 1211 1964 142 association
246 1293 167 73 [c1926]

114 1366 914 58 vi p., 2 l., 3-158 p. front. 23 ½ cm .
47 1425 55 54 ©
134 1426 117 53 Aug.
286 1428 64 49 31,
388 1425 128 52 1926;
551 1427 63 42 2c.
651 1427 100 43 Oct.
785 1425 80 53 26;
901 1425 78 43 aff.
1014 1426 100 44 Oct.
1147 1423 80 55 27;
1262 1425 46 43 A
1340 1422 190 56 949715;
1567 1425 243 45 American
1844 1434 189 46 country

119 1482 79 45 life
230 1498 130 37 assn.,
397 1483 118 45 New
546 1484 143 44 York.

47 1580 1985 76 American law reports annotated … v. 44. Rochester,
125 1660 73 55 N.
231 1660 92 71 Y.,
359 1660 128 57 The
520 1660 294 70 Lawyers
851 1658 420 72 co-operative
1305 1658 361 74 publishing
1699 1678 333 53 company;

126 1737 368 71 Northport,
533 1737 66 55 L.
637 1737 70 70 I.,
745 1737 73 56 N.
856 1737 94 72 Y.,
988 1736 278 58 Edward
1302 1737 358 72 Thompson
1698 1756 335 53 company;

127 1814 129 58 San
319 1812 354 74 Francisco,
741 1813 205 73 Calif.,
1014 1814 636 74 Bancroft-Whitney
1712 1834 322 54 company,

126 1893 164 55 1926.

118 1968 60 51 ix,
214 1965 103 46 1615
346 1982 40 38 p.
445 1966 149 46 25½cm.

118 2024 401 48 Editors-in-chief
533 2041 8 28 :
573 2026 162 52 Henry
764 2026 51 43 P.
845 2025 228 45 Farnham
1101 2027 87 42 and
1218 2027 65 42 M.
1315 2026 128 44 Blair
1469 2024 187 48 Wailes.

48 2080 53 54 ©
131 2083 100 43 Oct.
263 2082 64 52 16,
358 2082 128 51 1926;
515 2083 63 43 2c.
607 2084 87 42 and
721 2084 78 42 aff.
830 2084 100 43 Oct.
956 2082 79 53 26;
1066 2084 45 42 A
1139 2082 187 54 950642;
1358 2084 215 54 Lawyers
1602 2084 306 54 co-operative
1934 2085 100 53 pub.

119 2155 77 35 co.,
234 2139 198 47 Edward
463 2139 264 53 Thompson
761 2156 80 37 co.,
878 2139 463 55 Bancroft-Whitney
1375 2157 65 29 co.

45 2238 227 73 Avery,
306 2241 150 57 Mrs.
492 2239 232 58 Lillian
766 2240 268 73 (Drake)
1080 2244 189 56 1856-

124 2328 209 59 Drake
361 2330 344 73 genealogy
730 2330 65 56 in
821 2331 103 59 the
951 2329 125 59 line
1105 2330 69 58 of
1202 2330 253 59 Samuel
1483 2331 209 60 Drake
1723 2331 68 59 of
1816 2334 221 58 Lower

49 2405 351 59 Smithfield
486 2407 354 74 Township,
926 2407 467 75 Northampton
1486 2408 167 73 (now
1738 2411 291 73 Monroe)

51 2482 1987 79 County, Pennsylvania, by Lillian Drake Avery … [Ann
46 2559 229 75 Arbor,
308 2559 201 75 Mich.]
545 2560 169 59 Priv.
747 2561 210 74 print.,
993 2564 166 58 1926.

120 2636 80 43 130
225 2650 40 39 p.
325 2637 53 44 23½
413 2638 15 20 cm

51 2690 53 54 ©
140 2692 119 52 Sept.
293 2695 36 49 6,
370 2693 128 50 1926;
536 2695 62 43 2c.
634 2697 87 42 and
755 2696 78 43 aff.
872 2695 120 54 Sept.
1031 2696 75 53 16;
1142 2698 45 42 A
1220 2697 190 54 949052;
1446 2701 50 47 L-
1534 2700 57 44 D.
1627 2700 169 54 Avery,
1834 2700 201 52 Pontiac,

123 2751 137 43 Mich.
330 2750 267 56 (26-16242)

47 2848 186 74 Ayer,
276 2849 200 59 Leslie
520 2852 229 58 James.

51 2938 1990 163 Cases on business law selected, with notés, and problems; introductory course, by Leslie J. Ayer … Seattle,
48 3094 202 59 Wood
280 3096 47 56 &
357 3096 220 73 Reber,
610 3098 135 72 inc.,
780 3100 165 57 1926.

119 3171 703 57 6 p. l. , 17-474, [6] p. 25 ½ cm .
50 3228 55 53 ©
141 3230 120 53 Sept.
298 3228 63 50 15,
397 3231 128 52 1926;
557 3232 65 44 2c.
656 3234 87 42 and
776 3234 78 42 aff.
892 3232 120 55 Sept.
1044 3234 79 53 21;
1157 3236 45 42 A
1235 3235 190 54 949164;
1463 3236 48 44 L.
1546 3236 40 55 J.
1620 3238 141 53 Ayer,
1799 3238 184 47 Seattle.

130 3288 268 54 (26-16379)

51 3386 228 73 Banks,
318 3386 201 59 Helen
552 3389 216 59 Ward.

129 3478 129 57 The
296 3481 178 71 story
511 3480 66 57 of
613 3480 262 73 Mexico,
908 3479 322 76 including
1265 3482 184 59 “The
1484 3485 154 72 boys
1673 3486 367 77 Prescott”,

51 3556 82 71 by
164 3556 202 58 Helen
393 3557 197 59 Ward
620 3558 244 73 Banks;
894 3556 151 61 with
1074 3561 222 58 twelve
1325 3560 419 63 illustrations
1775 3567 66 57 in
1874 3569 167 57 color

51 3635 84 71 by
173 3635 74 57 A.
289 3635 73 57 D.
408 3635 407 60 McCormick.
897 3638 151 59 New
1085 3638 191 73 York,
1318 3640 340 60 Frederick
1696 3644 75 58 A.
1817 3645 221 61 Stokes

52 3731 322 55 company,
404 3714 164 57 1926.

119 3790 1286 57 viii p., 1 l. , 435 p. col. front., col. plates. 24½cm.
52 3844 57 54 ©
139 3847 119 52 Sept.
287 3848 67 45 23,
386 3847 131 53 1926;
546 3849 63 42 2c.
641 3850 86 42 and
755 3851 77 42 aff.
866 3849 119 53 Sept.
1014 3850 79 52 24;
1124 3850 46 43 A
1196 3849 191 55 950179;
1417 3851 248 48 Frederick
1693 3856 57 46 A.
1784 3856 161 47 Stokes
1976 3874 66 30 co.

132 3904 268 54 (26-16322)
