2542 4285
0 0 0 0 240
421 434 68 56 of
540 434 100 57 the
691 433 258 57 Kansas
1005 433 144 73 City
1202 435 150 56 star.
1444 435 253 57 Kansas
1754 435 161 73 City,
1967 437 143 68 Mo.,
2161 438 238 56 Burton

419 510 909 70 publishing company [ c 1924]
489 603 26 44 2
537 617 42 40 p.
623 637 24 18 l.,
673 601 132 48 7-191
833 617 40 38 p.
937 603 18 42 19½cm.

417 669 54 53 ©
500 671 117 43 Nov.
646 671 68 50 21,
749 670 105 43 1924;
909 670 66 43 2c.
1005 670 88 43 and
1118 670 81 43 aff.
1233 671 118 43 Mar.
1386 670 62 52 17,
1485 672 128 52 1926;
1647 672 43 42 A
1722 671 187 53 879881;
1946 674 174 43 Burton
2152 674 100 48 pub.
2283 688 64 28 co.

497 725 239 55 (26-6686)

420 824 293 71 Treynor,
749 822 223 59 Albert
1003 824 83 58 M.

500 928 128 57 The
661 928 152 57 trail
841 929 168 57 from
1042 928 224 59 devil’s
1302 933 280 69 country,
1615 930 82 72 by
1729 930 222 59 Albert
1982 931 83 56 M.
2102 931 301 70 Treynor.

420 1006 149 57 New
591 1005 190 73 York,
806 1006 199 74 Dodd,
1032 1006 186 59 Mead
1241 1009 124 56 and
1390 1026 320 55 company,
1737 1009 165 57 1926.

487 1097 591 53 V p., 1 l., 304 p. 19½ cm .
416 1165 54 53 ©
500 1168 116 41 Mar.
651 1167 63 50 13,
747 1166 105 43 1926;
909 1166 64 43 2c.
1002 1167 88 43 and
1119 1166 79 43 aff.
1230 1167 119 42 Mar.
1383 1167 74 51 16;
1491 1167 43 42 A
1568 1166 185 52 883664;
1789 1167 148 52 Dodd,
1971 1168 140 43 Mead
2141 1168 38 44 &
2208 1183 80 36 co.,
2322 1169 82 42 inc.

495 1222 241 54 (26-6335)

416 1319 294 73 Wallace,
749 1320 231 73 Edgar,
1021 1323 189 57 1875-

494 1426 129 60 The
679 1428 253 69 strange
990 1429 307 67 countess,
1350 1426 83 72 by
1482 1425 217 72 Edgar
1753 1425 293 58 Wallace.
2148 1427 257 70 Boston,

419 1504 211 73 Small,
663 1504 313 70 Maynard
1006 1502 48 59 &
1085 1521 304 54 company
1419 1533 14 43 [
1434 1513 18 21 c
1456 1504 165 73 1926]

485 1594 528 54 4 p. l ., 318 p. 19 cm .
415 1664 54 52 ©
501 1666 117 41 Mar.
654 1665 60 49 16,
751 1664 129 51 1926;
914 1665 64 42 2c.
1010 1665 89 42 and
1129 1664 79 43 aff.
1241 1666 120 40 Mar.
1398 1665 74 50 18;
1508 1665 43 41 A
1583 1663 188 53 883675;
1809 1663 156 51 Small,
1999 1666 226 50 Maynard
2256 1666 38 43 &
2325 1679 79 37 co.,

487 1721 81 43 inc.
637 1718 242 56 (26-6477)

417 1819 491 71 Weyerhaeuser
946 1818 200 57 forest
1182 1817 315 74 products.

494 1924 58 57 A
591 1925 194 56 dozen
822 1925 262 56 modern
1127 1923 182 58 small
1346 1923 245 71 houses,
1636 1923 267 58 selected
1945 1923 168 57 from
2155 1926 111 55 150
421 1927 1962 148 designs

624 2001 339 58 submitted
991 2004 64 54 to
1091 2020 39 38 a
1159 2000 148 72 jury
1341 2000 67 57 of
1441 2000 333 58 architects
1806 2002 66 56 in
1905 2020 35 38 a
1975 2001 283 58 national
2291 2003 118 56 six-

418 2099 173 37 room
615 2079 192 57 house
838 2078 404 72 competition
1271 2079 348 70 sponsored
1644 2078 83 72 by
1753 2078 503 71 Weyerhaeuser
419 2079 1965 135 forest

538 2154 1871 74 products; complete working drawings … Saint Paul,
419 2234 210 72 Minn.,
662 2234 503 72 Weyerhaeuser
1195 2233 208 58 forest
1434 2234 298 70 products
1770 2264 14 42 [
1785 2240 20 24 c
1807 2234 165 72 1926]

488 2323 80 55 [56]
603 2338 39 38 p.
704 2322 114 45 illus.
846 2322 126 54 (incl.
1004 2322 153 54 plans)
1223 2321 123 45 29cm.

487 2395 53 42 In
570 2393 230 54 portfolio.

415 2462 55 54 ©
497 2464 105 44 Feb.
633 2464 62 51 18,
728 2463 128 52 1926;
887 2463 64 43 2c.
981 2463 88 43 and
1094 2463 78 43 aff.
1201 2461 107 45 Feb.
1334 2462 78 52 20;
1444 2462 43 43 A
1516 2460 188 54 879616;
1740 2461 177 54 George
1947 2461 50 44 F.
2029 2463 209 52 Lindsay,
485 2462 1901 109 president,

634 2519 362 53 Weyerhaeuser
1030 2519 142 43 forest
1206 2519 226 52 products,
1470 2517 66 47 St.
1572 2518 126 44 Paul.
1766 2517 241 55 (26-6600)

416 2618 310 73 Wiggam,
767 2617 225 58 Albert
1033 2616 291 73 Edward,
1370 2620 189 56 1871-

419 2723 1969 154 The new decalogue of science, by Albert Edward Wiggam …
740 2801 452 73 Indianapolis,
1218 2802 128 58 The
1369 2801 485 58 Bobbs-Merrill
1876 2820 304 54 company
2207 2832 12 43 [
2221 2809 18 21 c
2245 2803 147 56 1926]

487 2892 1131 55 28 p. l ., 15-302, [1] p. front. (port.) 23 cm .
490 2965 209 45 Lettered
726 2979 59 29 on
813 2977 162 32 cover:
1007 2963 186 44 Vernon
1221 2962 184 46 edition.

491 3021 96 46 The
619 3021 134 44 work
785 3019 37 45 is
857 3020 135 44 based
1025 3034 57 30 on
1117 3035 57 29 an
1208 3034 130 37 essay
1371 3018 187 46 entitled
1588 3019 99 45 The
1721 3033 100 30 new
1856 3019 249 53 decalogue
2139 3020 52 44 of
2225 3019 186 51 science,

421 3076 146 47 which
590 3076 226 53 appeared
842 3077 46 43 in
914 3078 75 44 the
1015 3077 203 50 Century
1242 3076 234 52 magazine
1500 3077 53 44 of
1580 3076 178 51 March,
1785 3076 107 45 1922

418 3144 52 53 ©
502 3144 105 44 Feb.
638 3146 65 50 22,
740 3144 128 52 1926;
901 3145 66 42 2c.
1000 3144 120 42 Mar.
1154 3142 49 53 5;
1239 3144 79 42 aff.
1352 3144 119 42 Mar.
1507 3142 48 53 6;
1592 3144 42 42 A
1667 3141 189 55 883523;
1895 3142 358 46 Bobbs-Merrill
2287 3159 65 29 co.

496 3200 240 55 (26-6036)

417 3297 350 73 Wyoming.
844 3299 303 72 Supreme
1186 3302 192 53 court.

492 3401 1920 74 Wyoming reports. Cases decided … from September
420 3484 50 69 2,
497 3483 163 70 1924,
688 3483 63 54 to
777 3480 151 71 May
952 3482 89 70 19,
1069 3481 164 55 1925.
1299 3480 321 71 Reported
1643 3481 82 71 by
1748 3480 278 58 William
2053 3480 73 57 E.
2154 3480 252 58 Mullen,

415 3578 57 37 v.
505 3559 88 56 32.
669 3556 347 73 Cheyenne,
1046 3558 199 71 Wyo.,
1276 3557 340 73 Wyoming
1643 3558 177 56 labor
1851 3557 253 72 journal
415 3557 1970 151 publishing
553 3655 104 52 co.,
692 3636 165 56 1926.

485 3724 125 52 xxvi,
645 3723 77 44 553
756 3739 39 38 p.
856 3723 53 44 23
917 3726 48 18 cm
970 3758 10 10 .

416 3791 55 54 ©
502 3792 104 44 Feb.
635 3792 40 52 8,
708 3792 129 52 1926;
870 3793 64 43 2c.
965 3793 88 42 and
1083 3793 78 42 aff.
1194 3792 107 43 Feb.
1336 3792 74 51 12;
1442 3792 45 42 A
1518 3791 187 51 883249;
1739 3791 50 44 F.
1822 3789 52 48 E.
1907 3791 159 52 Lucas,
2099 3799 227 44 secretary
2357 3791 51 44 of

490 3857 116 35 state
638 3848 73 44 for
747 3848 73 44 the
857 3855 116 37 state
1008 3848 49 44 of
1089 3848 263 53 Wyoming,
1388 3846 248 54 Cheyenne,
1674 3849 106 51 Wy.
