2542 4285
0 0 0 0 990
389 382 176 68 Gear,
612 382 215 72 Harry
869 381 257 70 Barnes,
1173 382 188 56 1872-

466 471 271 59 Electric
771 469 234 61 service
1039 470 406 59 distribution
1479 473 287 68 systems,
1797 467 167 60 their
1996 468 219 72 design
2250 470 123 56 and

393 545 1978 77 construction, by Harry Barnes Gear … and Paul Francis
392 624 1980 76 Williams … 3d ed., thoroughly rev. and enl. New York,
391 707 71 56 D.
491 706 141 57 Van
658 706 324 57 Nostrand
1008 722 321 55 company,
1359 705 165 57 1926.

455 802 44 34 X,
530 786 80 43 486
639 800 41 37 p.
742 784 129 50 illus.,
902 785 166 50 diagrs.
1128 785 53 42 22½
1216 786 46 17 cm
1270 820 8 8 .
1392 781 126 53 $5.50

459 841 179 46 Earlier
677 840 190 45 editions
903 839 233 53 published
1172 841 143 42 under
1351 838 121 44 title:
1513 836 195 47 Electric
1746 838 169 43 central
1957 835 164 46 station
389 835 1961 108 distribution
512 905 202 44 systems.

393 951 52 53 ©
473 952 118 53 Aug.
616 952 69 51 28,
715 951 129 52 1926;
870 951 63 42 2c.
966 948 121 54 Sept.
1115 951 50 51 4;
1197 951 77 41 aff.
1308 948 119 53 Sept.
1457 950 50 50 9;
1537 949 43 42 A
1611 947 187 53 901876;
1828 949 56 41 D.
1915 948 103 43 Van
2048 948 234 43 Nostrand
2312 963 65 29 co.

470 1007 267 57 (26-15647)

390 1107 210 72 Gibbs,
642 1108 245 57 Arthur
929 1106 342 72 Hamilton,
1317 1108 187 57 1888-

467 1200 225 58 Labels
712 1223 13 48 ;
752 1220 36 37 a
812 1200 199 72 novel,
1040 1200 82 70 by
1147 1198 75 55 A.
1250 1197 327 57 Hamilton
1604 1197 209 58 Gibbs.
1877 1197 259 73 Boston,
2165 1196 210 74 Little,

389 1278 246 73 Brown,
667 1279 123 57 and
820 1296 321 53 company,
1175 1277 165 56 1926.

457 1355 600 54 4 p. l., 3-295 p. 19½ cm .
393 1411 52 53 ©
475 1412 118 51 Sept.
625 1412 59 51 10,
716 1412 103 42 1926
835 1426 9 37 ;
871 1411 63 42 2c.
963 1412 86 42 and
1076 1412 78 41 aff.
1186 1409 120 53 Sept.
1337 1410 73 51 13;
1440 1409 44 42 A
1511 1407 188 53 901959;
1730 1409 56 43 A.
1815 1410 61 41 H.
1909 1408 151 51 Gibbs,
2091 1408 117 44 New
2235 1408 143 43 York.

472 1467 268 56 (26-15605)

392 1554 238 73 Gilkey,
673 1555 214 57 James
930 1553 267 68 Gordon,
1244 1556 189 56 1889-

468 1645 58 56 A
557 1644 165 58 faith
750 1646 106 56 for
889 1646 102 55 the
1022 1664 135 37 new
1188 1642 385 74 generation,
1603 1645 82 71 by
1715 1645 217 57 James
1968 1645 254 57 Gordon
391 1643 1965 151 Gilkey

609 1720 1577 75 … New York, The Macmillan company, 1926.
460 1799 621 55 xi p., 1 l., 159 p. 19½ cm
393 1856 52 53 ©
476 1856 117 53 Sept.
621 1855 36 52 7,
688 1857 128 50 1926;
846 1857 62 43 2c.
936 1857 86 42 and
1049 1857 78 42 aff.
1158 1856 119 52 Sept.
1305 1857 49 51 8;
1382 1856 43 42 A
1452 1855 188 53 901836;
1672 1855 264 44 Macmillan
1964 1871 65 28 co.

472 1913 267 55 (26-15642)

393 1998 299 74 Greeting
724 2000 152 56 card
910 1998 393 73 association,
1340 2000 150 57 New
1531 2000 186 56 York.

471 2090 300 72 Greeting
807 2092 202 70 cards,
1045 2089 177 58 when
1260 2091 122 56 and
1417 2090 137 57 how
1591 2093 62 54 to
1693 2108 109 39 use
1839 2091 168 56 them
2054 2089 334 74 (formerly

393 2167 129 58 The
551 2167 299 73 etiquette
879 2168 67 60 of
972 2168 288 72 greeting
1289 2167 212 71 cards)
1539 2167 152 57 with
1715 2168 141 58 lists
1887 2169 104 57 for
2019 2187 214 39 names
2264 2169 123 58 and

393 2247 348 57 addresses.
826 2246 150 57 New
1014 2246 172 56 York
1229 2245 146 74 city,
1417 2246 129 57 The
1589 2245 300 73 Greeting
1928 2247 150 56 card
391 2245 1971 137 association
562 2354 11 43 [
576 2333 20 21 c
597 2325 148 56 1926]

463 2400 67 53 55,
607 2419 10 30 [1]
653 2416 40 38 p.
754 2401 115 44 illus.
932 2399 51 45 17
990 2404 15 17 cm
1043 2436 8 9 .

391 2457 57 53 ©
477 2458 105 53 July
615 2459 62 50 10,
711 2458 129 52 1926;
874 2460 63 41 2c.
969 2459 87 42 and
1088 2459 76 42 aff.
1200 2458 119 52 Sept.
1352 2460 51 50 8;
1437 2458 43 42 A
1514 2458 186 52 901846;
1737 2458 215 53 Greeting
1986 2460 106 42 card
2124 2473 116 29 assn.

474 2515 267 55 (26-15624)

394 2599 326 73 Griswold,
768 2600 216 58 Frank
1028 2601 185 72 Gray,
1263 2603 190 56 1854-

473 2690 153 59 Fish
669 2693 167 56 facts
882 2694 123 55 and
1048 2692 261 73 fancies,
1352 2695 84 69 by
1481 2693 70 57 F.
1601 2693 172 72 Gray
1819 2694 327 58 Griswold.
2232 2694 152 57 New

394 2770 188 74 York,
612 2771 279 71 London,
923 2770 64 58 C.
1022 2770 355 58 Scribner’s
1409 2790 163 53 sons,
1605 2772 164 56 1926.

495 2847 1026 54 x p., 3 l., 5-242 p. front., plates. 21 cm .
467 2902 138 47 “This
631 2906 168 44 edition
825 2906 36 42 is
889 2905 173 44 limited
1086 2913 45 37 to
1157 2920 130 29 seven
1313 2906 205 44 hundred
1543 2907 86 43 and
1655 2906 103 53 fifty
1784 2907 147 52 copies
1957 2907 73 44 for
2053 2907 216 43 America
2296 2909 86 42 and

394 2970 89 36 two
511 2961 201 44 hundred
741 2962 88 42 and
857 2961 105 52 fifty
992 2961 72 44 for
1095 2961 138 45 Great
1264 2961 216 45 Britain.”

397 3015 52 53 ©
485 3016 110 53 May
630 3017 61 49 14,
731 3016 128 51 1926;
896 3016 61 42 2c.
994 3016 106 52 July
1134 3015 48 52 8;
1220 3017 78 42 aff.
1334 3017 118 52 Aug.
1493 3017 73 51 14;
1603 3017 42 42 A
1680 3016 190 53 897981;
1910 3016 186 45 Charles
2137 3016 247 47 Scribner’s

468 3088 114 29 sons.
652 3071 270 55 (26-15657)

396 3158 196 70 Gunn,
632 3158 145 57 Neil
811 3159 84 57 M.

468 3249 128 56 The
648 3267 156 53 grey
854 3253 194 67 coast,
1100 3250 80 71 by
1234 3250 141 57 Neil
1430 3251 83 56 M.
1572 3251 197 58 Gunn.
1863 3252 259 71 Boston,
2175 3253 211 72 Little,

395 3326 249 70 Brown,
675 3327 123 55 and
829 3344 324 53 company,
1186 3327 166 58 1926.

466 3401 643 54 4 p. l., [3]-285 p. 19½ cm .
399 3457 52 53 ©
481 3458 117 52 Sept.
633 3459 59 50 10,
728 3459 128 51 1926;
885 3460 65 43 2c.
979 3461 87 42 and
1094 3462 77 41 aff.
1203 3460 119 53 Sept.
1357 3462 73 51 13;
1462 3462 43 42 A
1535 3463 186 51 901960;
1756 3464 151 52 Little,
1940 3464 181 53 Brown,
2150 3466 86 42 and
469 3480 1896 88 company.
666 3514 269 55 (26-15711)

399 3598 270 74 Haynes,
719 3600 246 73 Carlyle
1012 3603 304 72 Boynton,
1366 3607 188 56 1882-

397 3690 1967 133 The return of Jesus … by Carlyle B. Haynes. Takoma
531 3767 187 71 Park,
751 3768 437 75 Washington,
1222 3771 72 58 D.
1334 3771 86 75 C.,
1459 3773 198 58 South
1688 3775 195 73 Bend,
1918 3775 135 58 Ind.
2093 3778 146 73 [etc.]
397 3778 1969 123 Review

586 3851 123 55 and
741 3847 221 57 herald
991 3848 361 73 publishing
1388 3850 378 59 association
1801 3881 13 44 [
1817 3861 18 22 c
1838 3853 163 73 1926]

472 3920 167 50 [3]—350
672 3938 40 36 p.
748 3924 98 43 incl.
886 3924 150 50 front.,
1074 3925 114 45 illus.
1247 3928 50 42 21
1308 3929 47 18 cm
1360 3961 10 10 .
