2542 4285
1038 3964 109 56 805

79 432 283 57 criminal
387 430 253 71 actions,
673 448 165 39 same
865 428 183 71 being
1078 425 326 71 classified,
1436 425 262 57 collated
1726 425 122 56 and
81 444 1955 136 annotated,

315 508 286 72 together
642 507 150 56 with
835 525 38 37 a
913 504 259 58 treatise
1219 522 78 38 on
1340 503 103 57 the
1486 502 309 56 Alabama
1833 503 104 55 law
1996 502 66 57 of

75 587 406 57 instructions
505 590 61 53 to
588 583 218 72 juries,
828 583 123 56 and
970 582 310 56 Alabama
1302 583 266 54 statutes
1594 580 121 56 and
1737 580 165 56 rules
80 598 1958 137 pertaining

347 658 1649 76 to jury charges, by Wightman Melton Rayburn …
84 741 353 73 [Nashville,
472 741 188 55 Press
697 739 65 56 of
798 736 533 58 Marshall-Bruce
1369 755 106 52 co.,
1531 737 163 70 c1926]

148 819 77 43 391
250 833 39 37 p.
347 818 55 43 26½
437 820 46 17 cm
489 852 9 8 .

81 874 55 53 ©
171 877 113 51 June
323 875 60 50 10,
422 872 127 52 1926;
581 873 65 42 2c.
683 873 105 51 July
827 873 72 49 10;
936 872 79 42 aff.
1050 871 113 51 June
1202 870 72 50 12;
1313 870 43 41 A
1391 869 189 50 901194;
1618 869 73 43 W.
1729 869 66 41 M.
1832 868 231 52 Rayburn,

153 930 312 52 Guntersville,
503 929 102 44 Ala.
674 927 267 55 (26-14032)

83 1001 243 69 Reavis,
367 999 280 60 William
685 999 250 57 Claude.

160 1093 187 70 Pupil
391 1090 387 72 adjustment
814 1090 68 55 in
923 1089 215 71 junior
1179 1089 122 56 and
1347 1088 206 57 senior
1596 1087 151 72 high
1794 1087 271 70 schools;

85 1190 33 36 a
153 1171 336 55 treatment
522 1167 64 56 of
618 1168 103 55 the
753 1166 315 71 problems
1103 1167 125 55 and
1256 1165 286 57 methods
1577 1165 65 56 of
1678 1164 389 57 educational

85 1245 358 71 counseling
468 1245 123 55 and
614 1243 303 72 guidance
944 1243 152 56 with
1123 1243 314 69 examples
1465 1242 166 56 from
1659 1242 206 56 actual
86 1260 1959 132 practice,

258 1319 1810 74 by William Claude Reavis … with an introduction
85 1395 1981 75 by Lotus D. Coffman … Boston, New York [etc.] D. C.
85 1477 210 56 Heath
327 1477 123 55 and
484 1493 304 53 company
823 1505 13 42 [
838 1482 19 21 c
860 1474 164 74 1926]

155 1549 1536 56 3 p. l., v-xviii, 348 p. incl. pl., forms, tables, diagrs. 19½ cm .
158 1609 233 45 “Selected
430 1607 275 44 references”
743 1615 45 35 at
822 1608 84 42 end
941 1607 52 43 of
1028 1622 121 28 some
1187 1606 51 44 of
1276 1606 76 43 the
1387 1606 231 53 chapters;
1658 1606 233 46 “Selected
87 1607 1961 101 references

253 1679 58 28 on
346 1664 291 52 pedagogical
674 1678 100 27 case
811 1663 263 42 accounts”:
1115 1677 38 36 p.
1192 1663 215 47 317-321;
1450 1662 232 44 “Selected
1723 1663 250 43 references
2013 1679 57 28 on

86 1722 188 43 medical
305 1720 279 52 diagnosis”:
620 1735 40 36 p.
694 1720 202 43 322-323.

87 1775 1982 55 © June 15, 1926; 2c. June 21; aff. June 19; A 897200; D. C. Heath & co.
168 1834 267 54 (26-13638)

86 1903 503 74 Riddlesbarger,
629 1904 161 57 Ada.

164 1995 174 71 Easy
389 1995 265 72 English
707 1995 324 71 exercises,
1082 1996 83 69 by
1215 1995 140 56 Ada
1410 1994 488 73 Riddlesbarger
1954 1995 122 57 and

87 2071 1923 75 Edna Parker Cotner, edited by John H. Beveridge …
87 2150 699 74 Yonkers-on-Hudson,
839 2150 73 56 N.
964 2150 93 71 Y.,
1111 2149 289 74 Chicago,
1448 2150 221 58 World
1715 2152 158 56 book
87 2170 1966 130 company,
305 2230 164 55 1926.

157 2305 673 54 viii p., 1 l., 261 p. 19½c m .
92 2360 53 54 ©
168 2364 111 51 Apr.
307 2364 62 49 13,
397 2363 129 51 1926;
551 2363 64 42 2c.
641 2363 87 42 and
754 2362 77 42 aff.
859 2363 105 51 July
991 2360 74 52 15;
1093 2362 43 42 A
1163 2361 188 51 901138;
1381 2362 165 44 World
1573 2363 119 42 book
1716 2378 65 28 co.

171 2419 269 54 (26-13808)

91 2490 247 71 Robert,
382 2490 213 72 Henri,
637 2493 189 55 1863-

93 2569 1960 133 … Les grands proc è s de l’ histoire … [v e série] Racine
266 2649 62 54 et
361 2647 63 55 la
460 2646 352 70 Duparc.—
814 2647 95 55 La
945 2647 297 56 duchesse
1283 2648 83 56 du
1405 2646 394 58 Maine.—Le
1839 2648 242 72 Régent

94 2723 1982 72 et le Palais-Royal.— Le syst è me de Law.— Cartouche.
93 2801 204 71 Paris,
331 2801 219 72 Payot,
586 2802 165 56 1926.

166 2876 1412 55 3 p. l., [9]-256 p. illus. (incl. ports.) facsims. 19½ cm .
96 2932 1512 56 © May 25, 1926; 1c. July 28; A—Foreign 31642; Payot.
92 3004 285 71 Sandow,
422 3003 169 75 Billy
633 3004 64 59 C.

172 3081 489 58 Fundamentals
699 3084 66 55 of
799 3083 230 67 health,
1064 3085 315 56 muscular
1418 3086 448 72 development,
96 3105 1964 127 wrestling,

304 3160 1715 74 by … Billy Sandow and Ed “Strangler” Lewis …
99 3237 270 73 [Kansas
406 3236 159 73 City,
598 3238 142 72 Mo.,
775 3238 496 58 Sandow-Lewis
1303 3239 458 72 incorporated,
1792 3251 19 21 c
1815 3242 163 70 1926]

102 3312 1987 113 1 p. l., 5-62 p., 1 l. illus. (incl. ports.) 20 cm . (The Sandow-Lewis library, 1)
167 3427 298 55 Advertising
493 3436 188 37 matter:
713 3443 40 38 p.
783 3428 148 45 56-62.

101 3483 53 54 ©
182 3486 114 51 June
322 3486 54 42 24,
422 3485 127 51 1926;
580 3486 63 42 2c.
676 3488 86 41 and
791 3487 78 41 aff.
898 3487 114 51 June
1041 3487 78 51 29;
1152 3487 43 42 A
1228 3486 187 52 897266;
1450 3486 381 53 Sandow-Lewis,
1863 3487 81 44 inc.

180 3541 268 55 (26-13523)

100 3612 191 70 Scott,
330 3612 154 58 Earl
517 3613 94 58 W.

178 3690 323 71 Splashin’
552 3691 275 72 sunlight
875 3693 122 56 and
1047 3692 282 58 shadows
1380 3693 112 71 [by]
1544 3692 153 58 Earl
1746 3693 95 56 W.
1895 3693 190 58 Scott.

99 3767 970 77 Boston, R. G. Badger [ c 1926]
170 3843 54 45 77
256 3860 39 38 p.
362 3845 125 44 front.
526 3846 165 53 (port.)
765 3847 52 45 19½
849 3849 47 18 cm
902 3882 8 8 .

172 3902 177 45 Poems.
