2542 4285
1044 3986 108 57 721

88 435 1983 79 to Leaves of grass, by William Sloane Kennedy … West
87 519 361 70 Yarmouth,
481 519 210 68 Mass.,
725 518 128 56 The
889 512 361 61 Stonecroft
1280 532 200 54 press,
1514 513 165 58 1926.

156 594 92 55 xvi,
279 594 82 44 304
391 608 41 39 p.
491 599 25 41 21
550 595 47 18 cm
602 627 9 9 .

158 651 69 43 “A
257 647 319 56 bibliography
604 647 54 44 of
689 646 127 46 Walt
847 644 276 46 Whitman’s
1157 644 265 54 writings”:
1456 659 41 39 p.
1531 644 247 54 [237]-272;
1814 644 178 46 “Index
2023 651 48 39 to

90 705 171 46 certain
293 703 240 46 Whitman
562 703 181 45 articles
776 702 46 46 in
853 702 76 44 the
960 700 342 46 ‘Conservator’
1320 701 50 43 ”:
1403 715 41 39 p.
1475 699 205 48 273-286.

93 756 1977 60 © June 16, 1926; 2c. June 21; aff. June 18; A 897201; W. S. Kennedy,
160 821 130 42 West
331 817 267 53 Yarmouth,
640 817 140 42 Mass.
849 812 268 57 (26-12995)

88 888 327 73 Kingston,
461 885 229 75 Ceylon
732 883 265 61 Samuel.

166 964 102 57 An
294 964 233 58 outline
552 963 68 58 of
644 963 104 57 the
772 961 247 71 history
1044 961 70 57 of
1136 961 105 57 the
1267 959 233 60 Pacific
1521 960 380 76 Northwest,
1924 961 152 58 with

94 1042 230 72 special
356 1040 317 59 reference
709 1044 63 54 to
803 1038 437 74 Washington,
1274 1039 83 71 by
1393 1036 233 73 Ceylon
1659 1039 60 58 S.
1756 1039 319 72 Kingston

159 1115 1918 77 … and J. Orin Oliphant … Cheney, Wash., State normal
93 1198 223 72 school,
349 1197 165 58 1926.

161 1276 62 52 ix,
249 1275 73 44 101
347 1289 39 39 p.
444 1275 50 42 21
522 1277 28 18 cm
556 1309 9 9 .

163 1332 221 45 “General
414 1330 364 53 bibliography”:
809 1345 42 38 p.
882 1327 131 47 v-vii.
1074 1327 412 54 “Bibliographical
1514 1327 157 46 notes”
1703 1337 45 36 at
1777 1329 86 44 end
1890 1329 51 43 of
1970 1330 108 43 each

92 1392 193 50 chapter.

95 1439 1981 62 © June 7, 1926; 2c. and aff. June 14; A 891775; C. S. Kingston and J. Orin
164 1503 227 53 Oliphant,
430 1501 191 53 Cheney,
658 1500 158 45 Wash.
884 1497 270 57 (26-12895)

91 1574 230 73 Knopf,
365 1572 341 72 Siegmund
743 1569 269 74 Adolph,
1056 1572 147 56 1857–

166 1653 128 55 The
348 1648 281 71 medical,
688 1646 210 71 social,
956 1645 327 74 economic,
1339 1646 203 56 moral
1600 1650 122 55 and
1780 1645 299 72 religious

91 1721 1990 79 aspects of birth control, by S. Adolphus Knopf … 3d
91 1805 110 72 ed.,
241 1822 128 39 rev.
413 1803 121 56 and
575 1800 148 71 enl.;
765 1801 193 58 based
1000 1819 171 53 upon
1212 1819 80 38 an
1334 1798 263 60 address
1640 1799 320 61 delivered
2003 1819 79 39 on

90 1880 336 60 December
466 1880 89 70 21,
592 1879 169 71 1925,
800 1882 65 54 at
903 1878 104 58 the
1047 1878 151 58 New
1235 1877 174 58 York
1449 1877 298 74 academy
1787 1876 68 59 of
91 1877 1967 139 medicine

250 1956 216 60 before
496 1956 101 58 the
630 1955 266 58 Medical
927 1954 381 60 association
1340 1956 69 58 of
1436 1956 106 57 the
1573 1957 251 70 greater
1856 1954 129 75 city
2015 1955 69 57 of

92 2036 150 57 New
265 2034 188 75 York,
483 2033 121 58 and
630 2031 252 74 printed
908 2033 64 56 in
1001 2033 103 57 the
1133 2031 270 59 Medical
1429 2030 253 74 journal
1713 2035 123 58 and
1862 2036 223 57 record

93 2112 68 58 of
188 2111 289 72 January
511 2111 50 71 6,
592 2111 166 57 1926.
828 2110 152 58 New
1009 2110 191 72 York,
1232 2117 19 24 c
1254 2110 166 61 1926.

161 2186 726 55 4 p. l., 7-66 p. illus. 20 cm .
163 2242 363 46 “References”:
558 2257 41 39 p.
631 2243 67 44 66.

97 2297 1986 60 © June 25, 1926; 2c. and aff. June 26; A 897249; Sigard Adolphus Knopf,
167 2358 115 43 New
315 2357 142 45 York.
526 2356 268 55 (26-12916)

93 2428 274 73 Laguna,
405 2427 317 58 Theodore
757 2427 74 57 de
864 2425 123 59 Leo
1023 2427 91 68 de,
1153 2429 190 57 1876-

176 2507 129 57 The
329 2507 238 59 factors
595 2506 67 58 of
689 2506 189 57 social
904 2506 332 73 evolution,
1263 2507 83 70 by
1370 2504 324 62 Theodore
1721 2507 76 59 de
1819 2506 265 75 Laguna

167 2582 1302 76 … New York, P. S. Crofts & co., 1926.
165 2680 44 35 X,
240 2664 81 44 362
348 2679 42 38 p.
448 2664 54 43 22
509 2666 46 18 cm
560 2699 10 9 .

167 2718 327 47 “References”
518 2728 45 35 at
588 2720 83 43 end
696 2719 52 45 of
770 2719 109 44 each
903 2718 186 54 chapter
1113 2729 158 43 except
1297 2719 73 47 the
1398 2719 99 45 last.

100 2771 1984 60 © June 5, 1926; 2c. June 9; aff. June 17; A 891868; F. S. Crofts & co., inc.
178 2831 267 56 (26-12802)

101 2902 299 73 Latarjet,
438 2902 231 57 André.

176 2980 402 59 Précis-atlas
611 2982 108 56 des
752 2982 271 55 travaux
1052 2980 326 71 pratiques
1412 2981 39 56 d’a
1520 2981 306 73 natomie;
102 2982 1960 135 dissection—anatomie

667 3055 1419 77 de surface, par A. Latarjet … avec la
104 3132 1983 79 collaboration de Ph. Rochet … fasc. III. Cou, tête et
103 3215 192 54 tronc.
372 3212 172 58 Avec
579 3214 71 56 86
688 3211 232 73 figures
961 3213 157 58 dans
1156 3212 56 58 le
1253 3215 168 55 texte
1462 3216 64 55 et
1563 3214 71 56 27
1672 3214 296 71 planches
2011 3233 73 37 en

104 3289 668 73 chromotypographie
816 3289 149 58 hors
1011 3291 186 55 texte.
1283 3290 205 73 Paris,
1536 3289 70 61 G.
1652 3290 167 57 Doin
1863 3291 50 57 &
1956 3291 127 74 cie.,

104 3368 161 55 1926.

171 3438 1916 63 2 p. l., 318 p. illus., plates (part double) and XIX fold. col. plates in
103 3500 171 51 pocket,
308 3498 166 54 diagrs.
532 3498 56 44 26
592 3502 46 18 cm
644 3534 9 9 .

105 3550 1892 62 © Mar. 30, 1926; 1c. June 21; A—Foreign 31303; Gaston Doin & co.
100 3630 202 72 Lauff,
347 3632 237 75 Joseph
619 3650 139 55 von,
802 3635 188 58 1855-

181 3710 116 58 Die
332 3710 269 75 heiligen
638 3710 137 59 drei
808 3709 244 77 könige,
1091 3712 98 58 ein
1225 3711 607 62 niederrheinischer
1866 3733 220 40 roman

106 3807 119 38 von
269 3788 239 73 Joseph
550 3808 121 40 von
716 3789 205 74 Lauff,
966 3790 113 60 mit
1124 3790 154 57 zehn
1320 3789 293 75 farbigen
1654 3792 245 59 bildern
1943 3812 142 39 vom

104 3866 337 60 Verfasser.
522 3866 233 73 Berlin,
790 3866 69 60 G.
896 3865 211 77 Grote,
1143 3869 165 58 1925.
