2542 4285
1343 4001 148 56 1162

408 387 312 72 Anthony,
761 385 344 58 Katherine
1143 382 220 58 Miner.

486 493 59 55 A
574 490 252 58 manual
858 490 106 57 for
994 488 402 58 observation
1426 489 123 56 and
1581 486 288 72 teaching
1902 485 65 56 in
2001 485 103 57 the

410 484 1985 157 elementary grades, by Katherine M. Anthony … Baltimore,
408 646 312 59 Warwick
749 647 47 56 &
824 645 190 71 York,
1046 645 136 71 inc.,
1216 644 166 56 1926.

483 731 1187 58 1 p. l., 5-69 p. incl. fold. form, tables. 26½ cm .
482 808 194 43 Revised
702 807 86 43 and
818 806 212 52 enlarged
1057 805 170 43 edition
1253 804 50 44 of
1331 804 76 44 the
1437 803 197 43 author’s
1666 803 76 42 An
1771 801 302 45 introduction
2102 809 49 36 to
2178 799 219 54 teaching,

411 865 233 53 published
675 864 117 44 1924.

483 920 325 46 “References”
836 928 46 36 at
910 919 84 44 end
1021 920 50 44 of
1096 928 120 36 most
1245 918 52 48 of
1324 918 74 44 the
1426 918 219 52 chapters.

412 991 54 53 ©
494 993 114 52 June
642 993 64 51 11,
739 992 130 51 1926;
901 992 64 43 2c.
998 991 119 53 Aug.
1154 991 74 51 19;
1262 991 79 42 aff.
1376 990 102 44 Oct.
1514 988 74 52 16;
1621 989 42 42 A
1697 987 189 53 949553;
1918 986 237 45 Warwick
2186 987 38 43 &
2255 986 144 50 York,

482 1050 80 43 inc.
631 1047 268 57 (26-18071)

412 1149 220 69 Arant,
673 1148 303 59 Herschel
1011 1145 340 73 Whitfield,
1394 1149 187 56 1887-
1738 1164 193 54 comp.

490 1254 190 61 Cases
716 1272 78 39 on
826 1253 103 59 the
961 1253 120 59 law
1114 1255 68 57 of
1216 1252 360 74 suretyship
1611 1253 121 57 and
1766 1253 331 72 guaranty,
2129 1252 83 71 by

411 1250 1969 235 Herschel Whitfield Arant … Chicago, Callaghan and company, 1926.
481 1505 91 51 xiv,
603 1503 105 47 1074
736 1518 41 36 p.
835 1502 56 44 26
895 1503 48 19 cm
948 1537 10 9 .

415 1571 52 54 ©
500 1571 121 53 Sept.
653 1570 64 52 16,
748 1570 106 44 1926
868 1584 10 38 ;
909 1570 63 43 2c.
1006 1568 120 53 Sept.
1155 1569 79 52 29;
1265 1568 78 44 aff.
1377 1567 118 54 Sept.
1527 1568 79 52 20;
1635 1568 43 42 A
1709 1568 190 53 949239;
1934 1567 248 54 Callaghan
2214 1569 38 43 &
2281 1583 66 29 co.

493 1625 268 57 (26-18108)

414 1728 123 57 Art
580 1728 256 71 studies,
879 1726 325 72 medieval,
1251 1725 395 58 renaissance
1695 1726 123 56 and
1862 1727 276 70 modern,
2186 1726 91 57 ed.
2323 1724 84 74 by

490 1807 307 57 members
836 1806 69 56 of
939 1805 104 57 the
1079 1805 449 70 Departments
1568 1804 65 57 of
1668 1804 103 56 the
1809 1802 121 58 fine
1969 1806 133 55 arts
2141 1807 68 54 at
489 1803 1895 139 Harvard
694 1885 123 56 and

862 1882 339 57 Princeton
1243 1881 420 58 universities.
1753 1913 70 42 [v.
1872 1883 51 71 4]
2013 1880 392 75 Cambridge,

491 1962 300 57 Harvard
823 1960 356 72 university
1210 1978 200 55 press,
1447 1961 164 56 1926.

484 2049 1302 57 9 p. l., 3-152, [1] p. plates, ports., diagrs. 30½ cm .
413 2122 54 54 ©
498 2124 100 44 Oct.
623 2121 69 54 21,
722 2122 129 53 1926;
880 2122 64 43 2c.
974 2122 100 44 Oct.
1102 2121 78 53 25;
1210 2122 79 44 aff.
1317 2122 101 44 Oct.
1447 2121 77 53 30;
1554 2122 43 42 A
1625 2119 189 55 957008;
1847 2120 238 45 President
2112 2121 87 44 and
2229 2121 176 45 fellows

485 2180 50 44 of
563 2180 218 43 Harvard
810 2179 187 53 college,
1029 2178 283 54 Cambridge,
1345 2179 142 43 Mass.

414 2287 256 74 Augier,
768 2287 161 71 Émile,
974 2289 356 57 1820-1889.

494 2386 85 58 Le
618 2387 233 71 gendre
889 2387 75 57 de
1004 2385 325 58 Monsieur
1363 2384 267 74 Poirier,
1667 2404 122 53 par
1883 2386 145 57 Émile
2067 2386 240 73 Augier
2346 2390 60 55 et

419 2459 1991 78 Jules Sandeau, edited by Clifford S. Parker … Boston,
421 2539 152 58 New
602 2540 174 56 York
810 2542 146 71 [etc.]
992 2539 191 72 Allyn
1217 2540 124 57 and
1374 2540 211 57 Bacon
1622 2569 12 44 [
1637 2547 18 24 c
1658 2541 163 72 1926]

490 2630 148 49 xxxii,
661 2631 82 43 239
769 2644 39 38 p.
869 2628 152 55 front.,
1045 2630 158 54 plates,
1224 2637 116 47 port.
1404 2630 51 43 17½
1489 2634 46 18 cm
1541 2666 9 9 .

417 2701 52 54 ©
507 2702 105 53 July
651 2702 62 52 14,
755 2702 107 43 1926
875 2717 10 37 ;
922 2702 64 44 2c.
1026 2702 102 44 Oct.
1168 2704 75 51 11;
1281 2702 78 44 aff.
1400 2702 102 44 Oct.
1537 2703 52 51 9;
1628 2703 42 42 A
1707 2700 191 55 950447;
1937 2702 143 54 Allyn
2114 2703 89 45 and
2241 2703 165 45 Bacon.

491 2758 65 55 [©
583 2774 100 30 new
710 2767 179 45 matter]
960 2757 271 56 (26-17985)

417 2859 178 73 Barr,
633 2858 187 59 Arvil
858 2860 44 58 S
1217 2862 190 57 1892-

497 2949 129 61 The
668 2948 397 73 supervision
1106 2950 67 57 of
1210 2949 408 72 instruction;
1659 2970 37 39 a
1736 2951 256 73 general
2028 2951 263 71 volume,
2331 2952 83 73 by

419 3026 1993 75 A. S. Barr … and William H. Burton … New York,
419 3105 277 72 London,
723 3105 73 58 D.
827 3105 318 72 Appleton
1175 3107 123 59 and
1323 3124 309 55 company
1660 3135 14 44 [
1674 3116 19 21 c
1697 3107 164 74 1926]

489 3196 1923 55 xiv p., 1 l., 626 p. fold. form. 19½ cm . (Half-title: Appleton series in
421 3254 278 54 supervision
727 3255 87 43 and
841 3253 221 54 teaching,
1090 3253 69 45 ed.
1189 3255 60 52 by
1276 3255 56 42 A.
1365 3253 45 48 S.
1440 3254 118 43 Barr
1585 3255 86 44 and
1700 3255 75 44 W.
1805 3254 61 44 H.
1899 3254 201 54 Burton)

492 3324 327 54 Bibliography
843 3332 46 36 at
916 3324 85 44 end
1029 3324 51 45 of
1105 3323 109 46 each
1243 3323 197 55 chapter.

421 3393 52 54 ©
504 3394 120 54 Sept.
655 3395 67 52 30,
752 3395 130 52 1926;
911 3395 64 43 2c.
1005 3395 88 43 and
1119 3395 78 43 aff.
1229 3395 101 44 Oct.
1362 3393 48 54 5;
1442 3395 43 42 A
1515 3396 188 52 949339;
1737 3396 55 43 D.
1824 3396 226 53 Appleton
2082 3396 38 45 &
2147 3411 67 29 co.

498 3451 269 56 (26-17713)

421 3550 328 70 Beckman,
789 3551 322 59 Theodore
1144 3551 59 58 N
1515 3554 189 57 1894-

499 3643 1910 76 Wholesaling, by Theodore N. Beckman … New York,
425 3721 129 59 The
590 3722 246 59 Ronald
871 3741 180 53 press
1092 3740 306 55 company
1436 3752 13 44 [
1452 3730 19 23 c
1475 3724 162 72 1926]

496 3812 94 52 xiii,
626 3812 81 45 606
741 3829 38 36 p.
818 3812 100 45 incl.
953 3813 182 53 diagrs.,
1173 3814 157 45 forms.
1389 3815 55 43 22
1449 3815 47 20 cm
1501 3849 9 9 .

421 3879 52 54 ©
506 3879 119 54 Sept.
652 3880 70 52 25,
753 3880 130 53 1926;
914 3882 63 43 2c.
1012 3882 100 44 Oct.
1146 3881 48 54 5;
1226 3883 78 43 aff.
1338 3881 122 54 Sept.
1490 3884 79 52 28;
1601 3884 42 42 A
1674 3883 190 54 950358;
1897 3885 179 45 Ronald
2105 3899 123 39 press
2260 3901 67 28 co.

499 3935 269 58 (26-17852)
