2542 4285
1022 3948 109 57 713

92 345 333 59 American
459 344 375 60 association
869 345 67 57 of
970 349 141 69 port
1148 342 387 61 authorities.

241 431 1834 77 … Bibliographic notes on ports and harbors, including
96 512 138 57 lists
265 513 82 70 by
376 512 100 57 the
510 510 269 72 Library
808 512 68 56 of
909 509 327 73 Congress.
1336 512 159 56 Part
1551 557 10 10 I.
1605 512 182 58 Place
97 509 1957 155 bibliography

324 589 123 58 and
475 589 254 71 general
756 587 188 60 titles.
1044 590 159 56 Part
1280 635 11 11 II.
1337 589 257 71 Subject
1619 589 452 73 bibliography.

98 662 1976 79 Compiled by Perry Young … New Orleans, American
95 741 376 61 association
505 743 66 57 of
601 746 151 68 port
782 742 390 75 authorities,
1209 745 165 56 1926.

162 821 94 54 viii,
282 821 78 44 188
382 835 39 38 p.
480 821 52 44 23
541 824 45 17 cm
592 855 9 9 .

166 877 371 54 Supplementary
566 884 46 36 to
643 876 75 45 the
749 875 233 49 “Selected
1013 877 315 54 bibliography
1359 892 57 30 on
1445 885 123 46 ports
1602 879 86 43 and
1716 878 216 45 harbors”
92 877 1959 106 published

259 935 58 54 by
339 933 206 46 William
567 935 40 52 J.
633 934 180 54 Barney
836 935 45 42 in
909 933 118 44 1916.

93 992 53 53 ©
177 994 115 51 June
321 993 64 49 23,
421 992 105 43 1926;
579 992 65 43 2c.
675 993 115 50 June
819 990 78 53 26;
931 992 78 43 aff.
1041 992 114 51 June
1182 989 79 54 25;
1296 992 44 43 A
1372 990 188 53 891935;
1597 989 246 47 American
1872 1007 103 28 assn.
2022 993 50 44 of

163 1057 101 46 port
298 1048 275 45 authorities.
642 1047 268 56 (26-12890)

95 1145 333 59 American
481 1144 261 58 medical
797 1144 395 59 association.
1284 1145 259 60 Council
1599 1165 81 39 on
1726 1147 347 73 pharmacy

168 1225 123 57 and
330 1222 350 74 chemistry.

169 1315 150 57 New
347 1316 122 55 and
495 1312 345 60 nonofficial
865 1313 323 71 remedies,
1217 1314 165 72 1926,
1415 1314 360 74 containing
92 1312 1955 140 descriptions

288 1390 67 58 of
384 1391 103 57 the
519 1391 249 57 articles
798 1390 200 58 which
1029 1393 184 55 stand
1245 1393 292 69 accepted
1568 1392 83 71 by
1680 1392 101 58 the
1819 1391 256 60 Council

92 1487 78 38 on
214 1468 342 72 pharmacy
603 1470 123 55 and
772 1466 340 73 chemistry
1159 1468 67 56 of
1275 1469 102 57 the
1427 1468 334 59 American
1809 1471 265 57 medical

92 1544 377 59 association
498 1564 78 38 on
601 1545 292 71 January
919 1547 51 70 1,
1003 1546 164 55 1926.
1239 1544 287 75 Chicago,
1556 1546 334 59 American
88 1547 1960 135 medical

239 1620 396 74 association,
669 1622 166 57 1926.

162 1694 683 56 1 p. l., 459, xliii p. 20 cm .
88 1750 54 55 ©
171 1754 106 52 July
309 1753 62 52 14,
405 1753 106 44 1926;
562 1754 65 43 2c.
656 1753 106 53 July
787 1752 79 54 20;
898 1753 80 45 aff.
1007 1753 107 53 July
1146 1754 74 52 19;
1252 1753 44 45 A
1322 1752 191 55 897513;
1545 1755 154 44 Amer.
1732 1755 190 46 medical
1952 1772 117 32 assn.

80 1866 314 74 Anthony,
437 1867 283 59 Gardner
761 1867 216 73 Chace,
1020 1870 189 57 1856-

159 1956 392 75 Descriptive
586 1958 339 73 geometry,
960 1957 104 60 the
1100 1960 324 71 geometry
1459 1961 68 58 of
1561 1959 352 74 projection
1950 1964 120 59 and

83 2033 1961 154 grammar of the graphic language, by Gardner C. Anthony … and
589 2111 1481 77 George F. Ashley … Boston, New York
85 2193 146 68 [etc.]
265 2189 72 58 D.
375 2188 65 59 C.
470 2189 213 58 Heath
716 2189 123 58 and
872 2209 304 54 company
1211 2220 14 44 [
1227 2198 19 24 c
1249 2191 164 74 1926]

152 2262 1238 59 xii, 199 p. 37 pl. on 19 l., diagrs. 15½ × 19½ cm .
84 2320 56 54 ©
167 2323 115 51 June
314 2323 62 50 14,
410 2322 128 53 1926;
568 2323 64 43 2c.
662 2324 114 52 June
805 2324 78 51 21;
916 2324 78 43 aff.
1023 2325 116 52 June
1171 2325 75 52 19;
1278 2325 44 44 A
1353 2323 189 56 897199;
1577 2327 56 44 D.
1665 2326 48 46 C.
1747 2329 153 44 Heath
1933 2332 36 43 &
2001 2347 66 29 co.

164 2378 268 56 (26-12824)

79 2463 281 71 Atwood,
404 2464 223 58 Albert
666 2463 295 75 William,
1008 2468 189 58 1879-

163 2554 1836 77 The mind of the millionaire, by Albert W. Atwood …
85 2633 150 59 New
261 2633 171 59 York
461 2636 122 57 and
608 2635 277 73 London,
912 2635 256 72 Harper
1195 2636 46 57 &
1265 2636 310 77 brothers,
1606 2641 164 58 1926.

151 2712 539 55 4 p. l., 263 p. 21 cm .
85 2765 54 55 ©
169 2768 114 52 June
311 2766 67 54 25,
412 2767 128 53 1926;
570 2768 64 44 2c.
665 2769 116 52 June
808 2767 78 54 23;
918 2769 80 44 aff.
1028 2770 115 52 June
1169 2769 79 53 29;
1282 2770 44 44 A
1358 2769 188 55 897268;
1582 2773 182 54 Harper
1795 2775 38 45 &
1863 2775 118 47 bros.

163 2823 269 57 (26-12984)

81 2907 233 74 Bailey,
355 2907 359 59 Alexander
752 2908 223 75 Rufus,
1018 2912 151 58 1880–

155 2997 224 73 Bailey
391 2999 48 59 ’s
479 3000 359 73 handbook;
878 2999 322 59 universal
1243 3000 321 73 questions
1610 3006 122 56 and
1774 3026 293 56 answers,

81 3075 371 73 stationary,
483 3078 241 57 marine
759 3077 124 60 and
916 3077 213 60 Diesel
1162 3078 326 74 engineers
1524 3082 122 57 and
1680 3082 275 75 firemen,
1987 3088 79 73 by

77 3152 1991 78 A. R. Bailey … 5th ed. Chicago, The Goodheart-Willcox
79 3248 321 57 company,
432 3230 134 74 inc.,
601 3233 167 58 1926.

148 3305 76 54 vii,
256 3305 94 56 251,
384 3305 54 50 [5]
469 3322 43 39 p.
572 3308 147 46 16½cm.

81 3361 56 54 ©
167 3364 115 52 June
314 3365 62 51 12,
410 3365 128 52 1926;
569 3366 64 43 2c.
664 3367 114 52 June
812 3365 74 55 15;
919 3367 77 44 aff.
1026 3368 114 52 June
1174 3368 74 53 14;
1281 3368 46 44 A
1355 3369 190 54 891914;
1582 3370 483 52 Goodheart-Willcox

155 3435 80 38 co.,
277 3420 81 45 inc.
428 3421 267 56 (26-12910)

87 3504 627 77 Bancroft-Whitney
751 3523 318 59 company,
1110 3509 135 59 San
1278 3510 355 60 Francisco.

164 3596 166 60 Code
385 3598 297 73 pleading
736 3599 65 56 in
862 3600 102 57 the
1023 3604 273 54 western
1352 3604 214 71 states,
1626 3604 151 60 with
1833 3608 230 76 forms;

86 3675 272 71 adapted
389 3678 63 53 to
486 3676 272 70 practice
790 3676 68 57 in
890 3677 103 56 the
1030 3679 195 55 states
1265 3677 67 58 of
1365 3678 291 73 Arizona,
1698 3680 366 82 California,

88 3750 323 73 Colorado,
456 3752 213 73 Idaho,
715 3753 273 72 Kansas,
1035 3753 319 72 Montana,
1400 3754 340 80 Nebraska,
1789 3762 274 79 Nevada,

85 3828 151 57 New
280 3828 258 71 Mexico,
584 3829 202 58 North
830 3829 264 73 Dakota,
1145 3829 356 76 Oklahoma,
1553 3833 263 79 Oregon,
1867 3840 198 62 South
