2542 4285
1317 3987 149 57 1270

403 457 1992 76 years, rates of interest ¼ of 1 per cent to 10½ per cent,
403 536 367 61 conversion
796 539 240 59 factors
1070 539 124 58 and
1222 534 389 76 logarithms,
1641 539 84 71 by
1754 536 341 59 Frederick
2127 536 63 60 C.
2223 537 171 59 Kent

408 614 1987 136 … and Maude E. Kent. 1st ed. New York [etc.] McGraw-Hill
569 693 161 57 book
762 710 321 53 company,
1115 691 137 73 inc.,
1287 692 166 56 1926.

471 772 91 51 viii,
590 774 84 44 214
698 787 42 36 p.
797 773 53 43 23½cm.
1062 770 124 51 $4.00

406 825 53 54 ©
494 826 118 54 Sept.
643 825 69 53 27,
748 825 130 52 1926;
909 825 65 43 2c.
1010 825 101 43 Oct.
1143 824 51 52 2;
1229 824 78 43 aff.
1344 823 100 45 Oct.
1482 823 75 52 16;
1593 824 42 42 A
1668 823 189 53 949658;
1895 823 348 45 McGraw-Hill
2275 826 123 43 book

474 899 79 36 co.,
587 884 82 43 inc.
738 881 270 55 (26-19372)

405 983 346 74 Kentucky.
830 985 202 72 Laws,
1071 987 285 70 statutes,
1400 987 109 53 etc.

481 1063 345 57 Baldwin’s
863 1061 335 71 Kentucky
1232 1063 234 55 statute
1503 1060 235 57 service
1774 1062 147 55 1922
1955 1065 63 53 to
2054 1063 167 70 1926,

402 1082 1970 130 supplementing
833 1138 307 59 Carroll’s
1188 1138 336 72 Kentucky
1572 1141 286 69 statutes,
1909 1139 362 73 containing
2315 1141 84 56 all

403 1220 150 56 laws
583 1219 66 56 of
679 1237 38 37 a
742 1218 258 72 general
1028 1220 223 54 nature
1283 1217 232 71 passed
1546 1217 79 71 by
1651 1217 104 56 the
1787 1216 268 59 General
2086 1218 313 72 assembly

405 1297 67 57 of
508 1298 165 69 1922,
711 1296 148 56 1924
895 1296 122 56 and
1055 1296 167 68 1926,
1256 1294 151 57 with
1444 1295 400 56 annotations
1882 1294 168 57 from
2087 1295 308 58 decisions

405 1374 67 57 of
497 1375 103 56 the
629 1373 196 58 Court
853 1373 65 57 of
945 1373 258 71 appeals
1232 1376 64 53 to
1325 1373 102 56 the
1457 1372 446 72 adjournment
1923 1373 67 55 in
2016 1373 184 73 June,
2230 1375 167 72 1926,

403 1456 64 53 to
509 1452 102 57 the
656 1454 267 54 statutes
968 1452 124 56 and
1133 1455 63 53 to
1240 1451 104 56 the
1387 1450 411 58 constitution
1837 1450 66 57 of
1945 1451 104 57 the
401 1470 1970 117 commonwealth
644 1529 85 56 of
758 1529 350 69 Kentucky.

1182 1528 217 57 Under
1433 1528 104 57 the
1574 1528 294 58 editorial
1902 1528 394 72 supervision
2331 1531 67 56 of

401 1605 1994 137 William Edward Baldwin … annotations by Hon. Richard Priest Dietzman … and the late Hon. Charles B.
402 1760 1970 155 Seymour … and the publishers ’ staff. [1926 ed.] Cleveland, The Baldwin law publishing company [ c 1926]
469 1917 80 43 662
578 1932 38 38 p.
675 1916 52 44 25½c
780 1919 31 19 m
817 1952 8 8 .

398 1972 56 54 ©
491 1975 99 43 Oct.
623 1974 68 51 21,
728 1973 129 53 1926;
891 1974 63 43 2c.
989 1974 87 44 and
1111 1975 78 42 aff.
1225 1974 118 43 Nov.
1383 1974 74 52 13;
1495 1973 43 42 A
1573 1972 187 54 957065;
1799 1973 206 45 Baldwin
2041 1974 88 45 law
2162 1974 121 45 book
2316 1991 78 37 co.,

472 2031 255 45 Cleveland.

404 2130 176 74 Kish,
618 2130 177 60 Paul.

476 2225 108 74 My
610 2222 307 75 business,
948 2225 129 59 The
1105 2226 246 71 apple’s
1382 2224 117 60 fall
1526 2226 122 58 and
1677 2225 245 71 Mary’s
1951 2244 149 55 woe,
2127 2227 83 72 by
2237 2225 161 59 Paul

397 2302 1070 73 Kish. Detroit, Roberts [ c 1926]
471 2383 74 44 105
573 2397 41 36 p.
677 2380 49 46 15½c
779 2384 30 17 m
815 2417 9 9 .

400 2435 53 54 ©
485 2438 100 43 Oct.
619 2437 63 51 19,
718 2436 128 52 1926;
880 2436 63 43 2c.
976 2437 101 43 Oct.
1108 2435 78 53 25;
1220 2436 78 42 aff.
1332 2435 118 44 Nov.
1481 2435 50 52 2;
1566 2436 43 42 A
1640 2435 191 54 950767;
1866 2437 50 44 P.
1949 2437 132 53 Kish,
2113 2438 195 44 Detroit.

479 2493 269 56 (26-19723)

402 2579 164 72 Law,
604 2579 237 58 Lovick
876 2578 233 59 Pierce.

473 2672 204 60 Heart
724 2673 163 57 talks
937 2674 168 57 from
1150 2673 104 58 the
1302 2672 229 73 Word;
1576 2670 293 76 morning
1916 2675 332 57 addresses
397 2676 1973 135 delivered

669 2754 66 55 to
769 2749 177 75 large
983 2751 237 58 crowds
1260 2769 149 40 over
1443 2751 104 58 the
1584 2750 232 60 United
1857 2751 213 59 States
2104 2751 68 57 in
398 2751 1971 139 interdenominational

968 2826 1358 73 services, by Rev. Lovick Pierce Law …
397 2905 358 73 Louisville,
790 2906 147 72 Ky.,
975 2905 398 60 Pentecostal
1408 2902 363 78 publishing
1808 2925 306 56 company
2152 2938 12 44 [
2166 2915 19 22 c
2189 2910 147 56 1926]

470 2986 78 46 176
574 3000 40 37 p.
678 2986 50 44 19½c
780 2987 30 18 m
815 3019 10 9 .

398 3039 53 54 ©
483 3041 100 44 Oct.
609 3040 68 52 21,
711 3039 129 51 1926;
873 3038 62 43 2c.
966 3039 87 42 and
1083 3038 78 42 aff.
1195 3038 100 43 Oct.
1327 3036 77 52 30;
1436 3037 43 42 A
1511 3035 189 55 950719;
1737 3038 287 45 Pentecostal
2055 3042 100 51 pub.
2187 3057 64 28 co.

477 3097 268 55 (26-19649)

400 3183 238 72 Lieske,
675 3181 254 72 Rudolf,
966 3184 189 57 1886-

477 3274 248 57 Kurzes
759 3273 299 58 lehrbuch
1091 3275 113 56 der
1240 3274 412 72 allgemeinen
1684 3274 550 74 bakterienkunde,
2272 3295 120 39 von

399 3351 1974 152 dr. Rudolf Lieske … Mit 118 abbildungen im text. Berlin, Gebrüder
901 3430 449 72 Borntraeger,
1390 3431 164 56 1926.

468 3507 92 53 viii,
589 3507 83 43 338
700 3521 40 38 p.
801 3506 115 44 illus.
976 3506 55 45 25
1038 3509 48 19 cm
1091 3541 9 10 .

397 3562 1937 57 © May 15, 1926; 1c. July 6; A—Foreign 31687; Gebrüder Borntraeger.
476 3621 268 55 (26-19253)

397 3705 261 59 Lincoln
689 3706 353 58 centennial
1076 3707 393 72 association,
1508 3709 403 73 Springfield,
2034 3757 10 10 Ill.

543 3785 1662 71 … Papers delivered before the members of the
399 3788 1966 150 Lincoln centennial association … at Springfield, Illinois …
