2542 4285
1285 3995 113 49 502

346 354 189 71 Nash,
575 354 285 71 Thomas,
901 358 356 57 1567-1601.

346 446 1959 151 … The unfortunate traveler; or, The life of Jack Wilton,
506 524 83 71 by
622 523 270 59 Thomas
929 524 241 72 Nashe;
1205 525 151 57 with
1391 545 79 38 an
1503 525 425 58 introduction
1961 527 81 71 by
2079 525 252 58 Samuel

348 599 64 59 C.
444 599 198 59 Chew.
708 601 153 57 New
883 601 189 73 York,
1100 601 375 74 Greenberg,
1503 604 164 56 1926.

412 678 160 53 xxviii,
602 680 77 43 194
704 694 40 38 p.
796 679 53 44 20
856 681 46 18 cm
909 714 8 8 .
982 679 124 54 (The
1130 680 176 52 rogues’
1334 680 262 54 bookshelf)

417 732 126 48 “The
576 744 98 36 text
708 735 215 45 followed
954 736 106 44 here
1094 737 36 43 is
1166 736 96 44 that
1295 737 52 44 of
1379 738 77 44 the
1491 737 102 45 first
1626 737 189 45 editions
1852 738 50 44 of
1939 735 117 54 1594,
2092 738 128 43 word
2255 738 71 44 for

344 794 139 43 word.
552 789 99 47 The
689 793 191 52 spelling
918 794 88 43 and
1044 793 304 53 punctuation,
1389 794 224 52 however,
1651 794 114 44 have
1802 794 111 44 been
1951 793 286 45 modernized
2278 810 49 28 as

347 849 73 44 far
452 864 49 29 as
538 848 206 55 possible.
808 850 44 42 A
887 849 90 44 few
1009 864 239 38 necessary
1284 850 298 54 explanatory
1617 850 225 45 footnotes
1878 851 115 43 have
2028 851 110 44 been
2174 852 153 50 added,

346 906 87 43 and
457 905 76 44 the
555 906 130 43 work
706 905 80 44 has
812 906 113 44 been
950 906 178 44 divided
1153 907 95 43 into
1274 906 251 52 chapters.”

354 959 52 53 ©
442 961 118 43 Mar.
593 961 66 52 20,
698 961 127 52 1926;
860 962 66 42 2c.
964 962 118 42 Mar.
1115 960 81 54 27;
1232 961 79 44 aff.
1344 962 113 52 Apr.
1492 962 77 52 26;
1609 963 43 42 A
1688 962 190 53 891193;
1915 962 274 53 Greenberg,
423 963 1887 105 publisher,

603 1017 82 43 inc.
745 1015 66 57 [©
839 1017 287 44 modernized
1153 1017 183 44 version
1364 1019 87 42 and
1479 1018 317 55 introduction]

431 1073 241 54 (26-9703)

343 1157 243 58 Oxford
616 1157 126 58 and
771 1156 289 72 Asquith,
1096 1157 255 73 Margot
1382 1156 288 74 Asquith,
1709 1163 283 52 countess
2028 1158 81 72 of.

416 1235 249 57 Health.

446 1316 60 39 (In
540 1313 169 42 Nash’s
744 1313 256 52 magazine,
1033 1314 128 52 Apr.,
1198 1313 127 53 1926)

353 1366 1979 55 © 1c. May 22, 1926; A ad int. 8198; pubd. Mar. 18; Thornton Butterworth,
424 1424 89 52 ltd.,
549 1425 201 43 London.

339 1506 228 58 Pacific
602 1511 300 69 reporter.

484 1585 1781 74 … Digest of the Pacific reporter, volumes 226-240 …
341 1662 113 57 Ed.
488 1663 82 70 by
596 1663 103 56 the
733 1663 294 57 editorial
1058 1663 153 56 staff
1242 1663 66 56 of
1338 1664 104 55 the
1473 1663 338 55 American
1841 1663 209 70 digest
2081 1665 250 68 system.

342 1739 88 57 St.
470 1739 175 73 Paul,
681 1739 180 58 West
895 1739 363 72 publishing
1294 1758 106 52 co.,
1439 1740 165 57 1926.

411 1814 58 53 iii,
522 1816 103 45 1068
673 1830 40 37 p.
772 1815 55 43 26½
861 1819 47 17 cm
914 1851 8 8 .
992 1815 243 53 (National
1287 1823 205 45 reporter
1541 1822 168 46 system
1759 1814 185 54 digests,
1993 1815 103 52 Key
2146 1814 188 44 number

340 1880 178 44 system,
550 1872 169 43 Pacific
748 1871 149 52 series,
926 1886 40 29 v.
1056 1872 17 53 18)

350 1926 54 54 ©
431 1929 117 42 Mar.
572 1928 67 52 24,
667 1928 106 44 1926
787 1943 8 38 ;
823 1929 65 43 2c.
915 1929 111 52 May
1048 1929 51 52 8;
1125 1928 81 44 aff.
1234 1929 110 52 May
1371 1928 48 52 7;
1448 1928 44 43 A
1516 1927 188 53 891328;
1732 1928 134 44 West
1890 1927 101 53 pub.
2017 1942 65 29 co.

343 2012 253 70 Peyton,
636 2010 211 59 Mabel
884 2010 290 59 Bartlett.

421 2088 299 73 Mothers,
746 2087 249 59 makers
1024 2088 68 57 of
1115 2108 159 55 men,
1299 2089 84 71 by
1409 2089 208 56 Mabel
1641 2088 279 57 Bartlett
1943 2089 243 70 Peyton
2216 2087 122 56 and

343 2165 192 58 Lucia
569 2166 264 72 Kinley;
869 2166 420 58 illustrations
1324 2168 84 71 by
1441 2166 169 59 Julie
1648 2165 63 59 C.
1749 2167 203 56 Pratt.
2039 2165 139 72 [Los

341 2165 1969 151 Angeles]
558 2252 19 22 c
580 2246 164 56 1926.

414 2321 76 43 120
512 2337 40 37 p.
612 2322 156 52 plates,
789 2329 115 45 port.
968 2324 51 42 18
1025 2325 47 18 cm
1078 2358 8 9 .

350 2377 54 54 ©
428 2380 112 51 Apr.
562 2380 67 51 26,
659 2380 129 52 1926;
812 2381 65 43 2c.
904 2381 87 43 and
1015 2380 77 44 aff.
1118 2381 110 51 May
1256 2380 46 52 1;
1331 2379 44 43 A
1400 2380 188 51 891234;
1618 2380 65 42 M.
1712 2379 51 42 B.
1789 2380 188 50 Peyton,
2005 2377 88 43 Los
2121 2377 211 52 Angeles.

429 2435 268 56 (26-10128)

342 2520 189 72 Platt,
573 2519 274 73 Charles,
888 2523 191 56 1869-

422 2602 128 57 The
602 2599 200 59 riddle
854 2602 68 57 of
972 2598 264 74 society;
1287 2618 35 37 a
1373 2597 421 60 contribution
1843 2603 64 54 to
1957 2600 104 56 the
345 2598 1964 152 understanding

686 2674 1581 74 of those who do wrong, by Charles Platt …
342 2752 153 62 New
520 2754 189 70 York,
739 2752 72 59 E.
843 2752 68 59 P.
941 2755 241 57 Dutton
1210 2754 47 57 &
1286 2770 262 54 company
1622 2784 12 41 [
1637 2761 18 21 c
1659 2753 163 71 1926]

413 2832 60 52 ix,
501 2834 81 44 306
607 2847 42 36 p.
707 2833 57 44 20
769 2834 47 18 cm
822 2867 9 10 .

350 2885 52 53 ©
435 2887 110 51 Apr.
576 2887 66 50 29,
677 2886 129 52 1926;
840 2886 66 44 2c.
938 2886 113 52 May
1083 2885 50 53 3;
1168 2885 79 43 aff.
1281 2885 111 52 May
1427 2885 47 50 1;
1510 2884 44 43 A
1588 2882 189 54 890586;
1812 2880 52 50 E.
1901 2884 51 41 P.
1989 2884 173 41 Dutton
2196 2882 38 43 &
2267 2896 65 28 co.

428 2941 269 56 (26-10145)

342 3026 289 72 Ramsay,
673 3024 181 59 Rina.

418 3105 127 56 The
575 3107 137 67 step
737 3103 66 56 in
829 3104 103 56 the
958 3103 213 70 house,
1197 3103 85 71 by
1305 3102 72 57 R.
1407 3102 279 70 Ramsay…
1836 3100 278 70 London,
2132 3097 204 59 Hurst

339 3181 49 59 &
418 3181 304 72 Blackett,
757 3182 109 56 ltd.
908 3181 180 72 [1926]

407 3258 363 53 288 p. 19½ cm .
351 3310 1926 58 © 1c. Apr. 6, 1926; A ad int. 7978; pubd. Feb. 12; R. Ramsay, London.
430 3372 267 55 (26-10844)

342 3454 296 72 Redfield,
678 3453 282 60 William
997 3454 146 71 Cox,
1183 3456 189 57 1858-

419 3536 367 70 Dependent
819 3533 322 71 America;
1177 3557 35 37 a
1249 3532 189 72 study
1470 3534 68 58 of
1570 3534 102 56 the
1709 3529 310 61 economic
2050 3530 183 57 bases
2269 3529 67 56 of

345 3632 114 38 our
483 3612 448 59 international
958 3609 319 72 relations,
1304 3613 85 68 by
1412 3606 283 63 William
1724 3606 64 60 C.
1818 3605 298 60 Redfield.

344 3603 1966 144 Boston
484 3691 123 57 and
638 3689 151 57 New
819 3688 189 69 York,
1042 3688 341 71 Houghton
1415 3682 218 62 Mifflin
1666 3701 323 54 company,
2023 3682 166 57 1926.

448 3765 579 53 x p., 1 l., 268 p. 19½ cm .
417 3821 352 52 Bibliography:
799 3836 42 37 p.
874 3820 235 50 [255]-260.

354 3875 52 53 ©
435 3877 110 52 Apr.
575 3876 65 52 30,
672 3875 130 52 1926;
831 3876 65 42 2c.
927 3876 110 51 May
1067 3875 49 51 3;
1148 3874 79 43 aff.
1258 3874 112 52 May
1403 3874 45 51 1;
1481 3873 44 42 A
1554 3872 187 52 891240;
1777 3871 76 44 W.
1885 3869 49 44 C.
1967 3868 220 52 Redfield,
2218 3867 116 44 New

423 3933 141 43 York.
633 3931 269 51 (26-10142)
