2542 4285
0 0 0 0 753
172 445 89 52 176,
293 445 51 46 [2]
374 459 40 38 p.
469 443 132 53 illus.,
629 443 156 53 plates,
817 442 113 44 fold.
960 444 88 43 tab.
1077 444 71 53 (in
1176 443 190 54 pocket)
1431 443 52 46 25
1491 446 46 17 cm
1544 478 9 9 .

169 501 62 44 “3.
263 499 220 53 auflage.”

103 555 1916 55 © Mar. 12, 1926; 1c. June 7; A —Foreign 31155; Gerhard Stalling, a.-g.
179 613 267 55 (26-13134)

98 683 298 71 Labèque,
437 682 177 73 Loys,
658 685 186 56 1869-

277 756 1464 85 … Églises parlantes … Paris, Sansot, 1926.
169 846 79 43 244
286 861 37 36 p.
389 846 49 43 19
444 848 46 17 cm
496 881 8 8 .

172 902 174 43 Poems.

433 958 1558 52 CONTENTS .— Les prairies. — Les troupeaux.—Les bergers.—Les cloches.
100 1011 1978 55 © Feb. 1, 1926; 1c. Mar. 22; A— Foreign 30423 : Louis Labèque, Léon,
171 1069 187 50 Landes,
396 1068 183 43 France.
648 1068 268 54 (26-13127)

97 1125 149 57 Law
269 1125 190 57 books
490 1127 121 56 and
636 1126 166 57 their
826 1145 109 37 use;
999 1145 39 37 a
1060 1127 253 56 manual
1341 1127 67 56 of
1436 1127 163 72 legal
1624 1127 457 74 bibliography,

176 1202 161 72 legal
375 1203 287 56 research
700 1198 123 62 and
857 1201 165 59 brief
1058 1203 255 73 making
1347 1204 106 57 for
1489 1205 266 71 lawyers
1794 1206 124 57 and
176 1208 1881 143 students,
405 1281 300 70 compiled
737 1280 331 73 according
1094 1285 63 54 to
1189 1281 105 58 the
1322 1281 175 59 ideas
1531 1283 124 57 and
1684 1284 395 71 suggestions

177 1358 66 56 of
278 1358 375 59 instructors
692 1359 66 56 of
793 1359 163 71 legal
991 1359 442 72 bibliography
1470 1361 127 57 and
1627 1360 167 58 brief
1828 1360 254 74 making

176 1436 81 70 by
295 1435 102 58 the
440 1435 391 59 educational
871 1437 428 70 departments
1341 1438 68 57 of
1447 1438 105 57 the
1590 1438 354 72 publishers
179 1458 1877 113 assisted
423 1513 82 72 by
554 1513 166 57 their
771 1512 291 59 editorial
1114 1513 205 60 staffs.
1411 1515 78 58 3d
1540 1517 91 56 ed.
1720 1515 360 74 Rochester,

176 1590 73 57 N.
284 1590 92 74 Y.,
410 1590 148 58 New
593 1590 172 57 York
799 1591 143 73 city,
979 1591 130 58 The
1142 1591 297 73 Lawyers
1475 1594 422 71 co-operative
176 1594 1882 145 publishing
441 1685 331 53 company;
810 1669 127 55 San
974 1670 354 71 Francisco,
1369 1669 147 71 Cal.,
174 1670 1888 146 Bancroft-Whitney
329 1763 303 53 company
670 1774 12 43 [
684 1752 20 22 c
707 1746 163 73 1925]

173 1821 656 53 8 p. l , 506, [6] p. 25½ cm .
175 1877 146 44 Blank
348 1893 134 37 pages
513 1879 72 43 for
612 1878 352 44 “Memoranda”
1003 1878 50 52 (6
1080 1885 46 37 at
1155 1879 109 52 end)

102 1931 52 53 ©
185 1932 117 52 Aug.
340 1934 35 50 1,
411 1931 128 53 1925;
572 1933 62 42 2c.
668 1933 114 51 June
813 1933 65 50 28,
917 1933 129 52 1926;
1083 1934 77 43 aff.
1194 1933 114 53 June
1339 1934 80 52 29;
1456 1934 44 43 A
1536 1933 186 55 897258;
1762 1935 212 54 Lawyers
170 1952 1891 89 cooperative
435 1989 99 51 pub.
570 2004 64 28 co.
703 1989 269 54 (26-13389)

97 2059 83 56 Le
220 2059 208 71 Conte,
469 2060 235 72 Joseph
742 2059 233 69 Nisbet,
1020 2063 189 57 1870-

179 2137 1904 73 Hydraulics, by Joseph N. Le Conte … 1st ed. New
101 2215 171 58 York
325 2220 128 68 [etc.]
490 2215 450 60 McGraw-Hill
973 2217 158 57 book
1167 2236 323 55 company,
1522 2219 135 74 inc.,
1692 2220 165 57 1926.

165 2293 946 53 xvi, 348 p. diagrs. 23 ½ cm . $3.00
102 2347 52 53 ©
185 2350 114 51 June
328 2349 65 52 28,
431 2349 127 51 1926;
594 2349 62 42 2c.
692 2350 115 51 June
839 2349 77 52 30;
950 2350 78 43 aff.
1062 2350 106 52 July
1205 2351 46 51 1;
1286 2350 44 43 A
1363 2350 188 54 897276;
1588 2350 345 47 McGraw-Hill
1966 2353 121 44 book

170 2420 78 36 co.,
290 2405 81 43 inc.
441 2404 266 55 (26-13254)
1895 2414 106 40 5042

96 2474 374 73 Lippincott,
516 2476 241 57 Horace
796 2476 266 73 Mather,
1107 2480 187 56 1877-

177 2554 452 72 Philadelphia,
663 2556 83 71 by
779 2554 247 59 Horace
1061 2554 250 60 Mather
1342 2555 393 74 Lippincott;
1770 2558 314 60 foreword

104 2632 121 57 and
282 2632 418 58 illustrations
755 2633 83 72 by
895 2633 322 58 Thornton
1278 2632 250 76 Oakley.
1626 2635 456 74 Philadelphia,

102 2710 250 58 Macrae
386 2709 202 59 Smith
622 2729 302 54 company
959 2741 12 43 [
973 2718 20 23 c
996 2712 163 71 1926]

175 2787 1090 55 6 p. l ., 259 p. front., plates, port. 23½ cm .
170 2845 133 52 Maps
338 2861 58 29 on
432 2844 335 54 lining-papers.

173 2900 323 54 Bibliography
513 2916 9 29 :
559 2918 37 36 p.
633 2900 91 46 259.

103 2954 52 53 ©
185 2957 113 51 June
325 2956 66 49 29,
427 2957 126 51 1926;
585 2957 63 43 2c.
681 2958 86 42 and
796 2957 77 42 aff.
905 2957 105 52 July
1040 2958 49 51 3;
1124 2957 44 43 A
1199 2957 189 53 897328;
1422 2959 185 44 Macrae
1642 2958 147 47 Smith
1819 2975 66 29 co.

180 3013 267 53 (26-13326)

99 3084 196 71 Lowe,
332 3085 51 56 E
695 3086 66 56 T.

181 3162 192 59 Other
429 3166 295 55 women’s
779 3164 351 70 husbands;
1190 3186 36 38 a
1283 3167 256 71 comedy
1593 3167 193 58 based
1843 3187 77 38 on
1978 3168 104 58 the

103 3239 235 59 motion
376 3238 241 74 picture
661 3245 176 69 story
877 3243 81 71 by
1000 3242 72 57 E.
1117 3243 68 57 T.
1228 3243 202 73 Lowe,
1471 3244 151 57 with
1661 3244 420 59 illustrations

105 3319 1976 75 produced and filmed by Warner bros. … New York,
105 3396 1176 73 Jacobsen-Hodgkinson-corporation
1317 3428 12 44 [
1332 3406 18 23 c
1354 3399 164 72 1926]

176 3473 1903 56 1 p. l ., 5-135 p. incl. plates. 20 cm . (On cover: Popular plays and screen
103 3530 195 53 library)

106 3584 52 53 ©
197 3586 116 43 Mar.
352 3586 40 50 4,
434 3585 126 52 1926;
602 3586 62 42 2c.
706 3587 88 42 and
831 3587 77 42 aff.
950 3587 118 43 Mar.
1110 3587 48 52 6;
1201 3587 44 42 A
1285 3586 188 53 883612;
174 3587 1910 107 Jacobsen-Hodgkinson-corporation.
542 3641 267 56 (26-13264)

102 3708 279 70 Lownds,
425 3707 279 61 William
744 3710 46 59 G
1108 3729 191 54 comp.

177 3785 411 73 Advertising
628 3786 122 57 and
792 3785 222 74 selling
1053 3786 235 72 digest;
1331 3806 35 39 a
1409 3786 204 72 digest
1654 3787 68 58 of
1761 3787 326 73 thirty-six

103 3861 263 60 lectures
402 3862 182 72 given
615 3864 82 70 by
730 3863 251 73 leading
1017 3863 373 60 authorities
1424 3865 200 58 under
1659 3865 103 61 the
1800 3865 286 73 auspices
