2542 4285
1055 3947 107 53 815

134 350 360 69 Guillaume,
536 350 173 70 Paul,
748 352 187 56 1891-

212 455 326 57 Primitive
593 473 192 53 negro
844 453 334 71 sculpture,
1234 454 82 70 by
1372 453 159 56 Paul
1585 452 347 59 Guillaume
1988 456 121 56 and

135 533 267 57 Thomas
437 532 255 70 Munro;
723 531 151 56 with
904 528 417 59 illustrations
1356 531 165 55 from
1554 531 101 57 the
1690 530 320 58 collection
2043 532 68 56 of

135 612 101 56 the
278 609 241 58 Barnes
561 609 373 56 foundation
980 612 64 53 at
1088 606 260 72 Merion,
1395 607 479 72 Pennsylvania.
1961 608 148 57 New

133 688 187 71 York,
350 687 333 72 Harcourt,
710 685 200 57 Brace
939 684 47 57 &
1013 703 305 53 company
1348 714 12 43 [
1364 691 18 22 c
1386 685 163 72 1926]

201 776 1203 55 4 p. l., 134 p. front., illus. (incl. map) 26 cm .
133 847 51 52 ©
216 849 115 49 June
361 847 37 49 3,
433 846 126 50 1926;
592 846 65 41 2c.
688 846 86 42 and
803 845 77 42 aff.
913 845 114 51 June
1061 845 73 50 11;
1169 844 43 41 A
1242 842 189 53 891707;
1467 842 198 44 Thomas
1701 845 179 49 Munro,
1917 844 192 52 Merion,

205 906 76 41 Pa.
351 902 266 55 (26-13861)

129 1002 255 72 Guiney,
420 1000 221 58 Louise
678 1000 270 71 Imogen,
988 1001 356 57 1861-1920.

207 1108 246 58 Letters
506 1109 66 56 of
621 1106 226 58 Louise
899 1106 256 71 Imogen
1207 1103 261 74 Guiney,
1521 1104 206 59 edited
1777 1106 82 70 by
1911 1105 198 59 Grace

131 1181 1977 78 Guiney, with a preface by Agnes Repplier … New York
129 1266 122 56 and
277 1264 274 72 London,
583 1262 254 71 Harper
863 1261 47 57 &
936 1261 308 71 brothers,
1272 1261 164 56 1926.

196 1350 1105 54 2 v. front., plates, ports., facsim. 22½ cm .
202 1419 1908 58 v. 1, © June 20, 1926; 2c. July 15; aff. July 22; v. 2, © July 20; 2c. July
201 1481 73 51 15;
308 1482 76 42 aff.
415 1482 104 50 July
546 1480 76 51 28;
654 1479 43 42 A
726 1478 173 52 901224,
932 1477 186 52 901302;
1154 1479 182 50 Harper
1367 1478 37 43 &
1432 1478 118 43 bros.

206 1536 268 57 (26-13955)

129 1637 320 71 Haggard,
485 1636 105 57 Sir
623 1635 217 70 Henry
872 1633 209 57 Rider.

204 1743 170 70 Days
409 1741 65 56 of
506 1759 102 52 my
637 1739 110 56 life.
853 1739 208 73 [chap.]
1097 1740 34 54 9
1172 1736 401 72 (contd.)-11.

198 1835 78 50 (In
311 1834 174 41 Strand
519 1832 253 51 magazine,
808 1832 142 50 Sept.,
987 1830 126 50 1926)

127 1897 1979 59 © 1c. Sept. 18, 1926; A ad int. 8527; pubd. Aug. 25; Lady Mariana Louisa
198 1961 234 52 Haggard,
463 1958 331 52 Ditchingham,
826 1957 219 50 Norfolk,
1075 1955 218 54 England.

124 2061 306 69 Hamann,
465 2057 290 68 Richard,
795 2059 185 56 1879-
1159 2057 88 57 ed.

196 2159 1914 73 Die frühmittelalterlichen bronzetüren; in v erbindung
118 2242 114 58 mit
275 2242 139 56 dem
457 2239 352 58 Deutschen
853 2235 215 59 verein
1114 2235 106 58 für
1263 2234 630 61 kunstwissenschaft
1937 2238 170 73 hrsg.

124 2340 120 37 von
275 2319 274 56 Richard
578 2317 309 55 Hamann.
962 2318 50 53 1.
1046 2316 98 56 bd.
1177 2315 116 57 Die
1328 2315 336 57 deutschen
1695 2317 413 57 bronzetüren

126 2400 107 55 des
283 2397 228 55 frühen
557 2394 417 56 mittelalters.
1068 2393 336 74 [Marburg]
1456 2392 237 73 Verlag
1740 2395 107 56 des
125 2394 1959 153 kunstgeschichtlichen

677 2471 303 56 seminars
1017 2472 109 55 der
1159 2470 395 57 Universität
1591 2471 307 73 Marburg
1932 2493 52 36 a.
2020 2473 87 74 L.,

125 2553 163 55 1926.

190 2639 687 54 43 p. plates. 33½ × 24 ½c m .
123 2708 1962 104 © Mar. 1, 1926; 1c. May 4; A —Foreign 31012; Verlag des kunstgeschichtlichen
370 2767 214 44 seminars
617 2767 78 42 der
727 2765 285 45 Universität
1047 2765 224 53 Marburg
1304 2781 37 27 a.
1378 2766 47 42 L.
1495 2765 267 55 (26-14044)

123 2868 264 72 Harper,
419 2867 165 57 Fred
613 2867 179 71 Fogg
820 2864 166 70 Gale,
1020 2868 188 57 1867-
1379 2867 90 57 ed.

199 2974 314 71 Harper’s
541 2972 203 72 digest
768 2973 123 56 and
912 2972 186 56 index
1122 2973 67 56 of
1215 2972 306 57 decisions
1547 2973 197 56 under
1770 2973 103 55 the
1899 2971 207 59 Tariff

124 3057 98 53 act
254 3053 65 56 of
354 3051 363 71 September
751 3051 88 71 22,
874 3051 165 69 1922,
1072 3051 286 71 together
1387 3048 151 58 with
1569 3050 305 59 decisions
1906 3051 199 57 under

124 3130 237 58 certain
398 3129 178 56 other
611 3131 266 54 statutes
917 3128 435 70 concurrently
1388 3127 337 71 operative,
1801 3147 56 36 v.
1899 3130 51 54 1.
123 3128 1958 136 Decisions

381 3206 65 56 of
473 3207 101 55 the
606 3207 318 69 Treasury
953 3206 400 70 department
1380 3206 123 56 and
1533 3204 213 58 Board
1777 3206 66 55 of
1871 3204 235 58 United

126 3285 209 56 States
374 3283 254 72 general
667 3282 363 71 appraisers
1079 3280 320 73 (Customs
1441 3281 230 73 court),
1713 3285 63 53 to
1817 3283 291 71 January

124 3365 50 66 1,
202 3363 161 55 1925.
431 3360 323 56 Decisions
784 3360 66 56 of
876 3361 102 55 the
1006 3360 234 57 United
1271 3358 211 58 States
1515 3357 195 59 Court
1738 3359 67 56 of
1833 3363 271 55 customs

123 3438 276 72 appeals,
436 3439 121 55 and
590 3437 485 70 proclamations
1109 3438 83 69 by
1226 3437 102 56 the
1365 3437 335 57 President
1735 3437 67 57 of
1836 3439 267 71 changes

121 3517 64 55 in
226 3519 169 53 rates
436 3514 66 57 of
542 3516 153 69 duty
732 3518 63 52 to
836 3514 154 70 July
1029 3516 51 70 3,
1121 3515 164 55 1925.
1372 3512 320 72 Compiled
1732 3515 123 57 and
1896 3515 209 59 edited

122 3595 82 67 by
245 3593 68 56 F.
356 3592 70 55 F.
470 3591 68 58 G.
579 3592 271 70 Harper.
937 3591 129 58 San
1106 3591 357 71 Francisco,
1505 3591 70 56 F.
1621 3592 69 56 F.
1735 3591 69 59 G.
1848 3592 258 70 Harper

123 3689 104 53 co.,
260 3671 165 55 1926.

193 3758 686 54 1 p. l., v-xi, 424 p. 23½cm.
121 3828 52 53 ©
201 3830 105 52 July
337 3829 61 50 10,
430 3829 126 49 1926;
588 3828 63 43 2c.
682 3829 104 52 July
819 3829 73 49 16;
925 3829 77 43 aff.
1033 3828 106 53 July
1172 3824 73 51 15;
1278 3829 41 41 A
1349 3828 188 52 901167;
1569 3828 49 45 F.
1649 3829 50 44 F.
1731 3829 51 44 G.
1814 3831 182 51 Harper
2023 3845 78 35 co.,

191 3887 82 43 inc.
342 3884 267 54 (26-13995)
