2542 4285
0 0 0 0 1086
495 477 80 53 xii,
602 478 78 43 182
701 492 42 38 p.
803 476 131 50 illus.,
957 475 167 53 diagrs.
1187 475 50 44 19
1245 479 46 17 cm
1297 511 9 9 .
1420 474 125 55 $2.00

429 533 53 55 ©
511 536 120 52 Sept.
655 535 68 52 20,
754 534 105 44 1926;
911 535 66 42 2c.
1008 533 119 52 Sept.
1155 533 78 52 24;
1263 534 79 42 aff.
1374 531 121 54 Sept.
1521 530 81 54 25;
1631 532 44 43 A
1702 529 190 54 949178;
1921 528 347 46 McGraw-Hill
2296 527 122 46 book

498 608 81 36 co.,
617 593 82 43 inc.
768 590 271 56 (26-16641)

430 677 287 70 Hawkes,
757 676 271 59 Herbert
1064 675 240 59 Edwin.

507 765 1842 74 New First course in algebra, by Herbert E. Hawkes …
428 842 1989 74 William A. Luby … and Frank C. Touton … Boston,
431 925 149 56 New
608 924 174 56 York
814 925 145 72 [etc.]
993 923 167 58 Ginn
1188 924 124 56 and
1342 940 306 53 company
1680 954 13 43 [
1693 929 20 22 c
1717 922 164 72 1926]

499 1002 60 51 ix,
588 1001 80 43 421
704 1015 37 37 p.
802 1000 129 51 illus.,
964 1007 153 45 ports.,
1151 998 155 51 tables,
1341 999 167 53 diagrs.
1572 999 51 44 19
1629 1000 46 19 cm
1680 1034 11 10 .

431 1056 53 55 ©
512 1059 114 52 June
652 1058 66 50 21,
752 1057 129 52 1926;
911 1058 64 42 2c.
1006 1057 119 44 Nov.
1154 1057 49 50 3;
1237 1057 78 43 aff.
1348 1056 118 44 Nov.
1499 1058 46 50 1;
1577 1056 45 43 A
1650 1055 193 53 949931;
1875 1057 62 43 H.
1968 1054 53 48 E.
2051 1055 219 52 Hawkes,
2300 1054 121 45 New

501 1115 143 52 York,
675 1115 207 44 William
914 1115 57 43 A.
1009 1115 143 52 Luby,
1186 1114 181 44 Kansas
1404 1113 118 54 City,
1556 1113 111 54 Mo.,
1701 1114 88 43 and
1823 1112 158 45 Frank
2014 1111 49 46 C.
2097 1111 197 52 Touton,
2330 1112 88 44 Los

499 1171 214 54 Angeles.

428 1257 239 73 Hayek,
707 1257 267 73 August,
1018 1261 189 57 1871-

503 1347 388 74 Allgemeine
921 1348 688 74 pflanzengeographie,
1639 1368 124 39 von
1793 1351 93 56 dr.
1921 1348 253 74 August
2203 1347 225 74 Hayek

497 1425 1930 75 … mit 5 textabbildungen und 2 karten. Berlin, Gebrüder
426 1505 446 73 Borntraeger,
907 1506 165 56 1926.

530 1582 61 53 viii,
623 1582 82 45 409
737 1596 38 39 p.
837 1582 131 54 illus.,
1000 1584 26 42 2
1058 1582 96 45 fold.
1200 1597 125 38 maps
1352 1583 69 53 (in
1453 1582 185 55 pocket)
1681 1581 168 55 diagrs.
1908 1583 26 42 25½cm.

501 1638 594 45 “Literaturverzeichnis”:
1127 1654 41 38 p.
1218 1638 223 49 [344]-374.

432 1694 52 54 ©
522 1697 109 44 June
664 1695 35 53 5,
734 1696 129 52 1926;
925 1711 36 28 1c.
994 1695 106 53 July
1131 1696 50 52 6;
1215 1696 303 53 A—Foreign
1550 1694 161 55 31711;
1749 1695 237 45 Gebrüder
2018 1695 318 52 Borntraeger.

511 1751 269 57 (26-16275)

432 1838 372 70 Herrmann,
849 1840 230 56 Ernest
1120 1839 292 59 Edward.

503 1928 301 63 Exterior
832 1929 323 76 ballistics,
1187 1932 148 58 1926;
1400 1952 36 39 a
1467 1936 134 56 text
1629 1933 160 60 book
1819 1934 68 59 of
1917 1933 178 58 those
2129 1932 294 60 elements

428 2010 69 58 of
525 2006 273 62 exterior
823 2008 304 61 ballistics
1153 2009 200 60 which
1381 2030 108 39 are
1516 2012 104 57 the
1645 2011 468 59 fundamentals
2145 2011 68 57 of
2238 2009 188 58 naval

428 2106 299 55 gunnery,
755 2084 253 63 written
1032 2089 105 58 for
1162 2088 106 60 the
1292 2109 111 39 use
1431 2090 69 58 of
1521 2086 419 73 midshipmen
1967 2091 68 57 at
2061 2088 103 59 the
2191 2087 237 61 United

427 2165 1975 151 States naval academy, by Ernest E. Herrmann … Prepared
657 2246 200 58 under
890 2244 104 59 the
1029 2241 306 63 direction
1371 2245 68 59 of
1472 2244 104 60 the
1609 2245 161 59 head
1805 2245 68 59 of
1905 2245 418 73 Department
2357 2247 69 58 of

428 2323 309 59 ordnance
765 2324 124 56 and
912 2339 302 57 gunnery,
1237 2321 78 59 U.
1344 2322 62 60 S.
1431 2323 204 58 Naval
1660 2324 315 72 academy,
2001 2325 120 59 and
2147 2324 152 58 with
2323 2325 103 59 the

428 2399 347 62 assistance
812 2401 68 59 of
917 2398 233 62 officers
1189 2401 68 59 of
1293 2401 140 58 that
1470 2403 415 70 department,
1925 2404 125 58 and
2087 2403 68 59 of
2193 2401 233 61 officers

429 2482 123 58 and
581 2478 312 59 ordnance
923 2475 326 76 engineers
1282 2480 69 57 of
1379 2478 102 59 the
1509 2478 254 59 Bureau
1794 2481 69 58 of
1891 2480 330 71 ordnance,
2253 2480 76 60 U.
2364 2480 61 60 S.

429 2555 183 76 Navy
657 2557 415 72 department.
1154 2552 371 76 Annapolis,
1571 2557 146 72 Md.,
1764 2556 79 59 U.
1891 2557 62 60 S.
2000 2558 205 58 Naval
428 2556 1977 152 institute,
612 2637 166 56 1926.

568 2711 1283 55 xx, 322 p. fold. tables, diagrs. (part fold.) 26 cm .
434 2766 54 55 ©
518 2768 119 52 Sept.
664 2766 68 53 25,
761 2767 130 52 1926;
919 2767 64 43 2c.
1014 2766 100 44 Oct.
1147 2767 45 51 1;
1222 2766 79 43 aff.
1334 2764 122 54 Sept.
1484 2765 78 53 30;
1590 2766 44 43 A
1662 2766 190 55 949318;
1883 2767 61 45 U.
1975 2766 46 48 S.
2049 2768 133 45 naval
2211 2767 214 47 institute.

513 2824 270 56 (26-16889)

433 2910 293 71 Holland,
769 2910 244 73 Rupert
1055 2908 289 73 Sargent,
1388 2911 190 57 1878-

506 3001 285 59 Historic
820 3000 195 74 ships,
1044 3002 84 71 by
1159 3001 246 71 Rupert
1440 3001 273 74 Sargent
1742 3003 295 74 Holland,
2070 3003 360 63 illustrated

429 3083 84 73 by
564 3078 308 75 Manning
922 3081 76 58 de
1051 3077 75 58 V.
1179 3080 141 57 Lee.
1402 3077 458 77 Philadelphia,
1914 3082 253 62 Macrae
2224 3084 206 60 Smith

431 3158 538 74 company [ c 1926]
502 3239 79 45 390
609 3252 42 36 p.
709 3233 85 47 col.
828 3238 156 49 front.,
1012 3233 134 52 illus.,
1176 3234 144 52 plates
1346 3234 127 52 (part
1505 3234 112 53 col.)
1681 3236 152 46 23½cm.

503 3291 263 47 Illustrated
800 3290 342 53 lining-papers.

434 3346 55 54 ©
522 3347 119 53 Sept.
668 3345 71 54 25,
771 3345 129 53 1926;
932 3346 64 42 2c.
1028 3344 121 53 Sept.
1177 3343 80 53 27;
1290 3344 79 43 aff.
1403 3342 121 54 Sept.
1553 3344 78 53 28;
1663 3344 44 44 A
1736 3344 192 55 949235;
1961 3347 189 45 Macrae
2182 3348 149 48 Smith
2361 3364 66 31 co.

515 3402 269 57 (26-16888)

435 3487 368 72 Holthusen,
844 3488 220 72 Henry
1100 3485 233 73 Frank,
1373 3489 190 58 1894-

512 3578 217 57 James
768 3575 96 59 W.
904 3575 422 75 Wadsworth,
1368 3576 79 73 jr.;
1525 3599 36 39 a
1601 3577 433 75 biographical
2077 3582 231 62 sketch,
2350 3583 82 72 by

434 3655 224 70 Henry
686 3655 70 56 F.
787 3653 375 72 Holthusen,
1193 3654 153 58 with
1378 3675 35 37 a
1444 3655 256 73 preface
1733 3658 82 72 by
1847 3658 165 58 Hon.
2046 3658 191 59 Elihu
2267 3661 165 59 Root

504 3731 1750 77 … New York, London, G. P. Putnam’s sons, 1926.
506 3807 62 52 xi,
597 3807 81 45 243
705 3821 40 39 p.
810 3807 156 50 front.,
1059 3842 11 18 pl.,
1096 3814 159 47 ports.,
1284 3809 90 43 tab.
1433 3810 54 44 23½
1523 3813 46 17 cm
1574 3845 9 9 .

508 3861 266 46 Illustrated
805 3862 350 54 lining-papers.

436 3919 57 53 ©
527 3920 118 52 Sept.
676 3920 67 51 24,
777 3920 129 51 1926;
935 3921 66 43 2c.
1032 3921 88 43 and
1150 3922 77 42 aff.
1264 3921 120 53 Sept.
1414 3921 81 55 25;
1526 3924 46 42 A
1602 3924 189 54 949191;
1827 3926 62 44 H.
1921 3925 50 45 F.
2006 3927 275 53 Holthusen,
2315 3929 116 44 New

510 3977 141 45 York.
720 3977 271 55 (26-16623)
