2542 4285
1097 3964 109 58 207

238 413 914 54 4 p. l., 671 p. front., plates. 24 cm .
168 470 55 53 ©
251 471 99 52 Jan.
387 472 61 50 11,
480 471 127 51 1926;
637 471 64 42 2c.
731 471 86 42 and
845 471 78 41 aff.
953 471 98 50 Jan.
1083 471 76 50 30;
1190 471 44 41 A
1264 470 187 52 879436;
1489 469 114 47 Sons
1634 471 51 44 of
1717 472 74 43 the
1824 473 249 44 revolution
2105 475 43 42 in

238 528 75 44 the
349 535 114 36 state
497 527 49 43 of
582 527 116 43 New
732 527 141 42 York.

172 611 226 72 Stekel,
436 609 308 74 Wilhelm,
782 613 189 57 1868-

248 688 318 72 Frigidity
590 689 64 55 in
680 707 240 38 woman
947 688 65 56 in
1041 688 266 57 relation
1336 691 63 54 to
1427 688 115 57 her
1566 689 136 57 love
1731 689 130 72 life,
1891 691 81 71 by
168 691 1957 132 Wilhelm

373 765 223 57 Stekel.
676 764 387 58 Authorized
1104 765 265 71 English
1410 765 251 58 version
1701 766 83 73 by
1825 768 215 57 James
2086 769 61 58 S.

168 841 1904 75 Van Teslaar … New York, Boni and Liveright, 1926.
235 919 28 42 2
291 933 40 28 V.
390 918 55 42 22½cm.
605 918 187 52 (Added
825 924 118 47 t.-p.:
979 916 243 45 Disorders
1253 919 50 43 of
1333 919 76 43 the
1439 918 203 45 instincts
1676 922 87 42 and
1795 922 74 42 the
1903 923 243 49 emotions;

168 974 74 45 the
270 974 289 53 parapathiac
587 974 240 50 disorders,
857 974 58 51 by
944 974 75 44 W.
1055 973 180 54 Stekel)

238 1030 43 43 A
316 1030 268 43 translation
619 1028 51 45 of
705 1030 74 43 the
814 1029 198 43 author’s
1051 1029 86 44 Die
1172 1029 405 53 geschlechtskälte
1614 1031 79 43 der
1730 1032 102 43 frau
1871 1032 145 44 which
2055 1048 93 29 was

169 1086 145 43 issued
342 1101 49 28 as
417 1102 40 27 v.
484 1087 23 42 3
533 1086 49 43 of
605 1085 69 44 his
705 1085 258 52 Störungen
990 1087 77 42 des
1094 1086 138 43 trieb-
1258 1086 88 43 und
1377 1086 309 44 affektlebens.

168 1140 52 54 ©
247 1141 104 45 Feb.
382 1143 33 50 1,
446 1142 128 51 1926;
599 1142 65 43 2c.
691 1142 107 43 each
825 1141 105 44 Feb.
954 1142 78 51 23;
1060 1142 78 42 aff.
1167 1140 106 45 Feb.
1303 1142 75 51 19;
1406 1142 44 43 A
1475 1143 187 51 883411;
1694 1143 113 43 Boni
1837 1144 38 43 &
1902 1144 246 53 Liveright,

237 1198 82 44 inc.
388 1196 239 56 (26-5906)

167 1283 244 72 Stoops,
453 1282 168 58 John
660 1281 297 73 Dashiell,
1004 1284 188 57 1873-

245 1360 207 60 Ideals
485 1360 67 57 of
579 1361 261 56 conduct;
902 1379 80 37 an
1011 1359 349 72 exposition
1391 1360 68 58 of
1485 1362 201 56 moral
1717 1362 321 74 attitudes,
2066 1363 81 70 by

167 1436 1952 152 John Dashiell Stoops … New York, The Macmillan company, 1926.
242 1595 77 50 xii,
345 1592 80 46 373
451 1608 39 39 p.
553 1594 47 44 19½cm.

242 1650 283 52 “Suggested
547 1648 260 45 literature”:
859 1665 40 34 p.
927 1648 203 46 363-369.

165 1703 52 54 ©
247 1707 116 41 Mar.
390 1705 39 51 2,
460 1705 103 42 1926;
616 1704 63 43 2c.
708 1705 87 42 and
820 1705 78 42 aff.
927 1705 118 42 Mar.
1072 1705 23 42 3;
1150 1704 44 42 A
1220 1702 165 46 879729;
1442 1704 263 44 Macmillan
1732 1721 65 28 co.

242 1760 241 54 (26-5500)

167 1845 386 70 Stormzand,
593 1844 237 57 Martin
868 1844 229 70 James,
1140 1846 189 57 1879-
1485 1863 192 54 comp.

242 1926 59 55 A
345 1923 204 74 digest
596 1925 68 57 of
708 1925 103 57 the
858 1923 207 58 school
1109 1925 120 57 law
1273 1925 68 58 of
1386 1921 349 61 California
1792 1924 179 72 (Rev.
2020 1928 122 69 ed.)

164 2003 209 58 Based
414 2022 78 38 on
531 2002 104 57 the
680 1999 215 59 official
935 2000 254 57 manual
1229 1999 331 74 published
1600 2004 81 69 by
1723 2004 104 57 the
165 2004 1964 136 superintendent

459 2081 67 56 of
559 2078 206 73 public
802 2078 375 59 instruction
1214 2078 67 56 in
1320 2079 165 70 1925,
1524 2077 215 75 giving
1777 2100 36 38 a
1852 2082 298 71 complete

167 2176 318 52 summary
523 2159 123 56 and
681 2154 233 61 outline
952 2158 67 56 of
1055 2157 103 57 the
1198 2158 273 56 extracts
1510 2158 166 56 from
1713 2158 105 58 the
165 2160 1957 146 constitution,

354 2235 102 58 the
495 2233 288 59 Political
822 2233 124 57 and
983 2234 197 56 Penal
1218 2233 199 71 codes,
1459 2237 131 54 acts
1630 2236 71 58 of
1733 2236 104 57 the
164 2234 1962 150 Legislature,

358 2314 123 57 and
513 2313 165 57 rules
715 2313 67 57 of
816 2312 103 58 the
958 2312 177 57 State
1166 2311 198 58 board
1399 2312 67 57 of
1500 2311 345 70 education,
1882 2312 267 66 relating

165 2397 63 53 to
274 2387 327 62 education
644 2391 124 57 and
811 2389 103 57 the
961 2386 350 60 California
1356 2390 208 56 school
1607 2389 134 57 law.
1829 2390 319 72 Compiled

164 2464 1983 77 and arranged by Martin J. Stormzand … [Los Angeles]
161 2555 18 22 c
184 2548 165 55 1926.

235 2624 79 44 108
339 2638 42 37 p.
444 2622 48 44 19½c
545 2625 29 17 m
580 2656 9 9 .

161 2677 52 54 ©
241 2680 100 51 Jan.
370 2677 40 52 2,
444 2676 103 44 1926;
603 2677 63 41 2c.
701 2674 105 44 Feb.
837 2676 52 50 4;
921 2675 78 42 aff.
1033 2675 118 42 Mar.
1184 2674 50 53 8;
1267 2674 44 42 A
1342 2673 188 53 883556;
1623 2710 9 9 M.
1662 2676 40 52 J.
1740 2675 283 53 Stormzand,
2058 2678 88 43 Los

229 2735 214 52 Angeles.
512 2730 241 56 (26-5996)

163 2816 305 72 Stringer,
501 2815 242 57 Arthur
774 2814 169 58 John
974 2813 404 70 Arbuthnott,
1417 2816 188 57 1874-

238 2895 196 72 Night
461 2893 209 72 hawk;
705 2912 39 38 a
771 2893 200 71 novel,
1004 2893 80 70 by
1114 2892 246 57 Arthur
1393 2891 308 74 Stringer.
1774 2894 151 57 New
1958 2895 188 71 York,

159 2974 75 55 A.
269 2972 68 57 L.
372 2971 164 58 Burt
568 2988 306 53 company
908 2999 13 44 [
924 2976 18 23 c
946 2970 164 73 1926]

227 3049 26 42 4
282 3062 39 39 p.
350 3048 43 52 1,
421 3045 81 46 307
530 3061 38 39 p.
631 3046 50 44 19½
715 3048 48 19 cm
769 3080 10 9 .

159 3103 52 54 ©
238 3106 118 41 Mar.
383 3105 39 49 4,
451 3103 102 43 1926;
605 3103 64 43 2c.
697 3103 87 42 and
808 3102 79 43 aff.
916 3102 117 42 Mar.
1059 3101 25 43 8;
1137 3102 44 42 A
1208 3100 162 45 879781;
1428 3101 358 44 Bobbs-Merrill
1811 3117 64 29 co.

238 3158 240 56 (26-5628)

162 3243 204 58 Trade
404 3262 244 53 names;
692 3262 39 37 a
771 3242 402 72 compilation
1214 3243 68 56 of
1325 3261 148 38 over
1518 3243 148 56 5000
1707 3243 181 57 trade
1931 3262 213 38 names

235 3321 154 57 used
442 3321 81 71 by
581 3320 311 57 electrical
952 3319 123 57 and
1135 3318 178 58 radio
1373 3318 525 58 manufacturers.
1999 3320 148 56 New

233 3399 191 70 York,
454 3397 74 56 N.
557 3397 93 70 Y.,
682 3397 128 57 The
843 3396 171 73 Gage
1044 3395 362 73 publishing
1437 3415 107 52 co.,
1571 3396 117 57 inc.
1724 3425 15 44 [
1738 3405 20 21 c
1763 3396 164 73 1926]

228 3475 52 45 60
312 3491 39 38 p.
424 3476 52 43 23
485 3476 45 18 cm
538 3510 7 8 .
614 3474 100 53 (On
748 3489 156 30 cover:
945 3473 124 54 Gage
1101 3473 122 44 hand
1256 3474 168 50 books;
1461 3472 241 47 Electrical
1736 3475 159 42 record
1928 3473 137 44 series
2101 3474 48 43 of

156 3532 215 54 practical
399 3531 319 53 information)

159 3588 52 54 ©
246 3588 105 45 Feb.
385 3588 66 50 26,
490 3588 128 52 1926;
653 3589 65 42 2c.
754 3589 87 42 and
876 3588 78 43 aff.
990 3588 119 43 Mar.
1146 3585 48 53 5;
1231 3587 44 42 A
1311 3585 187 54 879742;
1539 3586 125 53 Gage
1697 3587 100 52 pub.
1832 3602 78 38 co.,
1949 3586 83 45 inc.

238 3644 241 56 (26-5733)

158 3726 254 69 Vinson,
449 3727 212 58 James
694 3728 68 57 F.

235 3808 292 58 Rambles
554 3808 66 57 in
648 3808 235 72 rhyme,
909 3808 83 72 by
1018 3808 217 58 James
1264 3808 70 55 F.
1363 3804 258 62 Vinson.
1689 3805 455 74 Philadelphia,

160 3884 320 61 Dorrance
509 3884 122 58 and
660 3903 304 55 company
996 3914 13 44 [
1009 3892 19 22 c
1033 3886 148 55 1926]
