2542 4285
1384 3985 149 55 1634

468 367 270 63 Boulton,
766 369 99 52 Sir
890 367 221 53 Harold
1140 367 225 62 Edwin,
1397 369 159 65 bart.,
1585 371 170 49 1859-

540 446 120 52 The
689 446 265 52 huntress
982 446 116 67 hag
1128 444 64 54 of
1221 446 96 52 the
1348 445 358 53 Blackwater;
1769 464 30 33 a
1831 446 315 52 mediaeval
2178 463 277 49 romance,

468 523 1987 68 by Sir Harold Boulton, baronet … with illustrations by Doris
470 602 237 51 Burton.
789 601 274 66 [London]
1097 602 64 51 P.
1189 601 178 51 Allan
1395 603 45 50 &
1468 619 97 49 co.,
1590 601 120 67 ltd.,
1741 604 150 48 1926.

533 683 1327 50 3 p. l., 41, [1] p. front., illus., plates. 22×17½ cm .
470 747 1986 52 © 1c. Nov. 24, 1926; A ad int. 8840: pubd. Sept. 29: Philip Allan & co.,
534 809 85 39 ltd.
689 807 252 48 (27-2712)

467 902 312 61 Bremond,
809 902 204 61 Henri,
1046 905 170 48 1865-

595 979 1864 68 … La poésie pure; avec Un débat sur la poésie, par Robert
465 1058 69 51 de
560 1056 198 54 Souza.
835 1057 186 67 Paris,
1047 1058 65 50 B.
1141 1056 251 67 Grasset,
1420 1059 148 49 1926.

533 1137 737 48 3 p. l., [9]-321 p., 1 l. 19 cm .
469 1203 1797 51 © Nov. 2, 1926; 1c. Dec. 8; A— Foreign 32491; Bernard Grasset.
545 1262 250 49 (27-2590)

465 1358 232 60 Brown,
724 1357 136 52 Ivor
886 1357 155 52 John
1072 1357 305 63 Carnegie.

537 1435 325 54 Smithfield
895 1435 316 68 preserv’d;
1248 1454 80 47 or,
1362 1435 122 52 The
1517 1434 166 53 divill
1718 1453 30 33 a
1784 1434 358 68 vegetarian;
2181 1452 72 34 an
463 1434 1972 145 interlude,
636 1512 75 68 by

738 1512 137 52 Ivor
899 1513 227 50 Brown.
1206 1511 269 69 Chicago,
1504 1513 148 50 1926.

534 1594 22 37 1
618 1625 8 8 v.

468 1658 51 51 ©
548 1663 112 38 Dec.
691 1663 69 46 18,
790 1662 115 39 1926;
964 1662 67 39 2c.
1062 1663 94 38 and
1187 1662 82 40 aff.
1301 1663 111 38 Dec.
1444 1662 56 38 27;
1560 1662 42 38 A
1630 1660 173 40 957836;
1862 1661 187 39 Arthur
2083 1661 53 39 G.
2166 1662 236 38 Leonard.

467 1769 181 63 Clerc,
677 1769 180 54 Louis
883 1769 286 64 Philippe,
1202 1770 171 52 1875-

595 1845 1866 70 … La technique photographique; préface de M. Ch. Fabry
525 1924 990 67 … t. 1 er . Paris, P. Montel, 1926.
604 2005 1115 48 xx, 458 p., 1 l. illus., plates, diagrs. 24 ½ cm .
534 2076 63 39 At
622 2075 125 40 head
771 2074 53 40 of
850 2074 108 41 title:
1014 2075 125 41 L.-P.
1166 2075 151 41 Clerc.

468 2140 1881 52 © Nov. 1, 1926; 1c. Dec. 18; A—Foreign 32691; L. P. Clerc, Paris.
544 2200 251 49 (27-2633)

467 2295 434 64 Cunningham,
930 2295 225 62 Alison,
1187 2298 324 49 1822-1913.

537 2372 288 69 Cummy’s
864 2373 194 69 diary;
1101 2392 30 33 a
1170 2373 169 68 diary
1375 2372 138 68 kept
1549 2373 77 68 by
1662 2373 68 51 R.
1770 2373 64 52 L.
1879 2372 359 55 Stevenson’s
2275 2392 186 49 nurse,

463 2450 205 53 Alison
702 2449 425 69 Cunningham,
1164 2450 169 53 while
1366 2450 312 69 travelling
1712 2450 141 52 with
1888 2450 120 52 him
2045 2468 73 35 on
2153 2451 97 52 the
463 2452 1972 128 continent

624 2527 214 69 during
865 2529 151 65 1863,
1042 2527 140 53 with
1209 2547 30 33 a
1267 2526 232 69 preface
1526 2529 112 51 and
1665 2532 159 48 notes
1849 2528 76 68 by
1951 2528 215 53 Robert
2195 2529 66 52 T.
463 2528 1972 128 Skinner.
640 2604 259 68 London,

928 2604 211 55 Chatto
1167 2606 113 52 and
1305 2605 264 67 Windus,
1599 2608 148 50 1926.

533 2685 96 48 xvi,
656 2686 99 47 191,
785 2686 54 48 [1]
867 2697 43 37 p.
1038 2717 8 16 pl.,
1075 2689 149 45 ports.
1284 2686 57 40 26
1343 2689 44 20 cm
1392 2718 9 9 .

535 2754 92 42 “Of
657 2754 99 41 this
790 2755 184 40 edition
1006 2756 52 39 of
1090 2756 242 47 Cummy’s
1365 2756 143 48 diary
1539 2767 144 29 seven
1716 2758 222 39 hundred
1972 2758 93 39 and
2102 2758 164 47 eighty
2301 2758 160 49 copies

464 2811 112 47 only
603 2812 124 39 have
756 2812 119 39 been
901 2812 208 48 printed,
1141 2813 96 39 and
1265 2811 52 40 of
1347 2813 135 40 these
1512 2814 83 39 the
1623 2815 97 39 last
1748 2813 156 48 thirty
1935 2824 84 30 are
2047 2813 415 49 complimentary.

464 2866 129 49 Copy
619 2878 75 30 no.
721 2866 129 42 520.”

468 2932 1975 109 © 1c. Dec. 3, 1926; A ad int. 8844; pubd. Oct. 8; Robert Skinner, Edinburgh. (27-2681)
466 3087 220 63 Curtis,
716 3088 254 53 Edward
1001 3089 66 51 E.

534 3166 120 52 The
680 3166 398 68 organization
1105 3166 64 53 of
1195 3168 97 51 the
1318 3167 224 53 British
1571 3186 161 50 army
1758 3168 60 52 in
1844 3169 98 52 the
1967 3168 307 54 American
463 3189 1972 106 revolution.

726 3243 140 52 New
893 3242 226 69 Haven,
1147 3245 147 51 Yale
1322 3245 319 69 university
1670 3264 174 49 press,
1877 3248 149 50 1926.

533 3323 1407 51 1 v . (Yale historical publications miscellany. 19)
468 3388 51 52 ©
547 3394 112 39 Dec.
686 3394 41 46 3,
756 3393 115 40 1926;
928 3394 68 40 2c.
1024 3395 112 40 Dec.
1164 3395 57 39 20;
1277 3394 83 41 aff.
1390 3396 112 39 Dec.
1530 3395 56 40 18;
1643 3395 41 39 A
1713 3395 173 41 957735;
1943 3397 120 39 Yale
2093 3396 130 41 univ.
2254 3408 150 37 press.

466 3501 219 62 Curtis,
717 3502 246 63 George.

537 3579 278 69 Chivalry
848 3581 113 51 and
997 3581 96 52 the
1126 3581 195 68 gibbet
1365 3581 165 68 (rope
1565 3581 136 68 law)
1747 3582 76 68 by
1857 3581 222 70 George
2115 3581 195 55 Curtis
2346 3584 114 52 and

463 3654 312 70 Josephine
804 3657 229 52 Denver
1065 3657 209 54 Curtis.
1344 3659 139 51 Yew
1515 3659 178 66 York,
1725 3660 122 52 The
1878 3660 403 52 Devin-Adair
463 3680 1973 121 company
652 3736 170 63 [1926]

533 3813 96 41 1 v .
468 3865 51 52 ©
546 3869 102 42 Oct.
673 3870 70 46 30,
769 3870 115 40 1926;
937 3871 68 41 2c.
1031 3872 118 40 Nov.
1175 3872 25 40 3;
1259 3872 82 40 aff.
1368 3873 118 40 Nov.
1515 3873 55 40 18;
1625 3873 40 38 A
1692 3873 174 40 957120;
1924 3873 329 41 Devin-Adair
2280 3885 68 29 co.
