<alto xmlns="http://www.loc.gov/standards/alto/ns-v3#" xmlns:xlink="http://www.w3.org/1999/xlink" xmlns:xsi="http://www.w3.org/2001/XMLSchema-instance" xsi:schemaLocation="http://www.loc.gov/standards/alto/ns-v3# http://www.loc.gov/alto/v3/alto-3-0.xsd"><Description>
<MeasurementUnit>pixel</MeasurementUnit>
<sourceImageInformation>
<fileName>1926_v23_Part001.pdf</fileName>
</sourceImageInformation>
<OCRProcessing ID="IdOcr">
<ocrProcessingStep>
<processingDateTime>2019-04-10</processingDateTime>
<processingSoftware>
<softwareCreator>ABBYY</softwareCreator>
<softwareName>ABBYY Recognition Server</softwareName>
<softwareVersion>4.0</softwareVersion>
</processingSoftware>
</ocrProcessingStep>
</OCRProcessing>
</Description>
<Styles>
<ParagraphStyle ID="StyleId-FFFFFFFF-FFFF-FFFF-FFFF-FFFFFFFFFFFF-" ALIGN="Left" LEFT="0." RIGHT="0." FIRSTLINE="0."/>
<ParagraphStyle ID="StyleId-22C3EA86-D171-42E2-A7D2-9A866F7D91F9-" ALIGN="Left" LEFT="0." RIGHT="0." FIRSTLINE="0." LINESPACE="8.300000191"/>
<ParagraphStyle ID="StyleId-E3FA4CC6-F5E5-41CA-B4C4-90085BF71B6C-" ALIGN="Block" LEFT="0." RIGHT="0." FIRSTLINE="-14." LINESPACE="8.050000191"/>
<ParagraphStyle ID="StyleId-41118DB3-028A-4115-95B3-BB512DD0EDAE-" ALIGN="Left" LEFT="0." RIGHT="0." FIRSTLINE="-13." LINESPACE="13.30000019"/>
<ParagraphStyle ID="StyleId-A2FB4C2B-BF87-45AD-9689-33B0118FBFC1-" ALIGN="Block" LEFT="0." RIGHT="0." FIRSTLINE="-14." LINESPACE="11.06999969"/>
<ParagraphStyle ID="StyleId-BBBA7B5D-FE2B-4BC7-AC7D-F142900C21B8-" ALIGN="Block" LEFT="0." RIGHT="0." FIRSTLINE="0." LINESPACE="8.899999619"/>
<ParagraphStyle ID="StyleId-3CEA3EEE-4341-4E33-9EF0-A9438AB90A9B-" ALIGN="Center" LEFT="0." RIGHT="0." FIRSTLINE="0." LINESPACE="12.19999981"/>
<ParagraphStyle ID="StyleId-817955BE-3120-4B53-BBD3-920BAE733BFF-" ALIGN="Left" LEFT="0." RIGHT="0." FIRSTLINE="0." LINESPACE="12.19999981"/>
<ParagraphStyle ID="StyleId-456A266C-F799-486A-ACB1-75B61E9815AB-" ALIGN="Left" LEFT="0." RIGHT="0." FIRSTLINE="-13." LINESPACE="8.18999958"/>
<ParagraphStyle ID="StyleId-6A1E9ED6-E5EA-4E31-BD5A-88089B8D7134-" ALIGN="Right" LEFT="0." RIGHT="0." FIRSTLINE="0." LINESPACE="7.699999809"/>
<ParagraphStyle ID="StyleId-C11ABF73-04BC-4F6E-B7E4-01FCA3A26756-" ALIGN="Left" LEFT="0." RIGHT="0." FIRSTLINE="-13." LINESPACE="12.19999981"/>
<ParagraphStyle ID="StyleId-662CF6CF-DB5F-40BE-AD24-E877ED82DD6F-" ALIGN="Block" LEFT="0." RIGHT="0." FIRSTLINE="-14." LINESPACE="11.06999969"/>
<ParagraphStyle ID="StyleId-9361006B-74B5-41BD-BFD3-03318AD64910-" ALIGN="Left" LEFT="0." RIGHT="0." FIRSTLINE="0." LINESPACE="8.899999619"/>
</Styles>
<Layout>
<Page ID="Page1380" PHYSICAL_IMG_NR="1380" HEIGHT="4285" WIDTH="2542">
<TopMargin HEIGHT="359" WIDTH="2542" VPOS="0" HPOS="0">
</TopMargin>
<LeftMargin HEIGHT="3721" WIDTH="293" VPOS="359" HPOS="0">
</LeftMargin>
<RightMargin HEIGHT="3721" WIDTH="173" VPOS="359" HPOS="2369">
</RightMargin>
<BottomMargin HEIGHT="205" WIDTH="2542" VPOS="4080" HPOS="0">
</BottomMargin>
<PrintSpace HEIGHT="3721" WIDTH="2076" VPOS="359" HPOS="293">
<TextBlock ID="Page1380_Block1" HEIGHT="76" WIDTH="170" VPOS="4004" HPOS="1240" LANG="en-US" STYLEREFS="StyleId-7090763F-823F-48D4-A753-4CBFE4972AFA-">
<TextLine HEIGHT="56" WIDTH="146" VPOS="4014" HPOS="1249">
<String CONTENT="1380" HEIGHT="56" WIDTH="146" VPOS="4014" HPOS="1249"/>
</TextLine>
</TextBlock>
<TextBlock ID="Page1380_Block2" HEIGHT="3653" WIDTH="2076" VPOS="359" HPOS="293" LANG="en-US" CS="1" STYLEREFS="StyleId-C1CDFDB8-63D5-4B20-A190-103247925564-">
<TextLine HEIGHT="75" WIDTH="810" VPOS="395" HPOS="339" STYLEREFS="StyleId-DD3060DD-5E01-4F6D-96F8-9D752FFF5E94-">
<String CONTENT="Coughlin," HEIGHT="75" WIDTH="321" VPOS="395" HPOS="339"/>
<SP HEIGHT="69" WIDTH="32" VPOS="397" HPOS="661"/>
<String CONTENT="Anna" HEIGHT="57" WIDTH="187" VPOS="397" HPOS="694"/>
<SP HEIGHT="57" WIDTH="31" VPOS="397" HPOS="882"/>
<String CONTENT="Emma." HEIGHT="58" WIDTH="235" VPOS="397" HPOS="914"/>
</TextLine>
<TextLine HEIGHT="72" WIDTH="1920" VPOS="487" HPOS="407" STYLEREFS="StyleId-6336F81E-D02C-432E-BE77-1BAF2E95ADE2-">
<String CONTENT="Knots" HEIGHT="56" WIDTH="205" VPOS="488" HPOS="407"/>
<SP HEIGHT="37" WIDTH="53" VPOS="507" HPOS="613"/>
<String CONTENT="of" HEIGHT="57" WIDTH="68" VPOS="487" HPOS="667"/>
<SP HEIGHT="58" WIDTH="51" VPOS="487" HPOS="736"/>
<String CONTENT="straw," HEIGHT="66" WIDTH="209" VPOS="492" HPOS="788"/>
<SP HEIGHT="49" WIDTH="50" VPOS="509" HPOS="998"/>
<String CONTENT="and" HEIGHT="57" WIDTH="123" VPOS="489" HPOS="1049"/>
<SP HEIGHT="56" WIDTH="48" VPOS="489" HPOS="1173"/>
<String CONTENT="other" HEIGHT="56" WIDTH="177" VPOS="488" HPOS="1222"/>
<SP HEIGHT="37" WIDTH="49" VPOS="507" HPOS="1400"/>
<String CONTENT="verses," HEIGHT="52" WIDTH="232" VPOS="506" HPOS="1450"/>
<SP HEIGHT="70" WIDTH="50" VPOS="488" HPOS="1683"/>
<String CONTENT="by" HEIGHT="71" WIDTH="83" VPOS="488" HPOS="1734"/>
<SP HEIGHT="72" WIDTH="47" VPOS="487" HPOS="1818"/>
<String CONTENT="Anna" HEIGHT="57" WIDTH="185" VPOS="487" HPOS="1866"/>
<SP HEIGHT="57" WIDTH="49" VPOS="487" HPOS="2052"/>
<String CONTENT="Emma" HEIGHT="56" WIDTH="225" VPOS="487" HPOS="2102"/>
</TextLine>
<TextLine HEIGHT="74" WIDTH="1831" VPOS="564" HPOS="342" STYLEREFS="StyleId-6336F81E-D02C-432E-BE77-1BAF2E95ADE2-">
<String CONTENT="Coughlin." HEIGHT="74" WIDTH="319" VPOS="564" HPOS="342"/>
<SP HEIGHT="55" WIDTH="83" VPOS="566" HPOS="662"/>
<String CONTENT="Portland," HEIGHT="71" WIDTH="321" VPOS="565" HPOS="746"/>
<SP HEIGHT="70" WIDTH="43" VPOS="566" HPOS="1068"/>
<String CONTENT="Me.," HEIGHT="69" WIDTH="140" VPOS="566" HPOS="1112"/>
<SP HEIGHT="70" WIDTH="43" VPOS="565" HPOS="1253"/>
<String CONTENT="The" HEIGHT="58" WIDTH="129" VPOS="565" HPOS="1297"/>
<SP HEIGHT="58" WIDTH="41" VPOS="565" HPOS="1427"/>
<String CONTENT="Mosher" HEIGHT="57" WIDTH="253" VPOS="565" HPOS="1469"/>
<SP HEIGHT="52" WIDTH="39" VPOS="584" HPOS="1723"/>
<String CONTENT="press," HEIGHT="52" WIDTH="200" VPOS="584" HPOS="1763"/>
<SP HEIGHT="67" WIDTH="41" VPOS="567" HPOS="1964"/>
<String CONTENT="1926." HEIGHT="56" WIDTH="167" VPOS="566" HPOS="2006"/>
</TextLine>
<TextLine HEIGHT="54" WIDTH="637" VPOS="655" HPOS="407" STYLEREFS="StyleId-6336F81E-D02C-432E-BE77-1BAF2E95ADE2-" CS="1">
<String CONTENT="vii," HEIGHT="52" WIDTH="74" VPOS="655" HPOS="407"/>
<SP HEIGHT="35" WIDTH="32" VPOS="672" HPOS="482"/>
<String CONTENT="[1]," HEIGHT="52" WIDTH="69" VPOS="657" HPOS="515"/>
<SP HEIGHT="53" WIDTH="29" VPOS="656" HPOS="585"/>
<String CONTENT="84" HEIGHT="43" WIDTH="55" VPOS="656" HPOS="615"/>
<SP HEIGHT="51" WIDTH="26" VPOS="657" HPOS="671"/>
<String CONTENT="p.," HEIGHT="38" WIDTH="54" VPOS="670" HPOS="698"/>
<SP HEIGHT="49" WIDTH="27" VPOS="657" HPOS="753"/>
<String CONTENT="2" HEIGHT="42" WIDTH="27" VPOS="657" HPOS="781"/>
<SP/>
<String CS="1" CONTENT="l."/>
<SP/>
<String CONTENT="19" HEIGHT="44" WIDTH="51" VPOS="656" HPOS="924"/>
<String STYLE="superscript" CONTENT="cm" HEIGHT="18" WIDTH="47" VPOS="656" HPOS="980"/>
<String CONTENT="." HEIGHT="10" WIDTH="11" VPOS="689" HPOS="1033"/>
</TextLine>
<TextLine HEIGHT="54" WIDTH="1917" VPOS="710" HPOS="411">
<String CONTENT="&#8220;Three" HEIGHT="44" WIDTH="175" VPOS="712" HPOS="411"/>
<SP HEIGHT="43" WIDTH="32" VPOS="713" HPOS="587"/>
<String CONTENT="hundred" HEIGHT="44" WIDTH="205" VPOS="713" HPOS="620"/>
<SP HEIGHT="44" WIDTH="34" VPOS="713" HPOS="826"/>
<String CONTENT="copies" HEIGHT="53" WIDTH="149" VPOS="711" HPOS="861"/>
<SP HEIGHT="29" WIDTH="34" VPOS="727" HPOS="1011"/>
<String CONTENT="of" HEIGHT="44" WIDTH="50" VPOS="712" HPOS="1046"/>
<SP HEIGHT="42" WIDTH="33" VPOS="712" HPOS="1097"/>
<String CONTENT="this" HEIGHT="44" WIDTH="89" VPOS="711" HPOS="1131"/>
<SP HEIGHT="43" WIDTH="34" VPOS="713" HPOS="1221"/>
<String CONTENT="book" HEIGHT="44" WIDTH="121" VPOS="712" HPOS="1256"/>
<SP HEIGHT="52" WIDTH="31" VPOS="712" HPOS="1378"/>
<String CONTENT="printed" HEIGHT="53" WIDTH="177" VPOS="711" HPOS="1410"/>
<SP HEIGHT="44" WIDTH="31" VPOS="712" HPOS="1588"/>
<String CONTENT="on" HEIGHT="28" WIDTH="57" VPOS="727" HPOS="1620"/>
<SP HEIGHT="43" WIDTH="34" VPOS="712" HPOS="1678"/>
<String CONTENT="Van" HEIGHT="43" WIDTH="105" VPOS="712" HPOS="1713"/>
<SP HEIGHT="45" WIDTH="36" VPOS="711" HPOS="1819"/>
<String LANG="de" CONTENT="Gelder" HEIGHT="45" WIDTH="163" VPOS="711" HPOS="1856"/>
<SP HEIGHT="43" WIDTH="34" VPOS="710" HPOS="2020"/>
<String CONTENT="hand-made" HEIGHT="44" WIDTH="273" VPOS="710" HPOS="2055"/>
</TextLine>
<TextLine HEIGHT="55" WIDTH="1905" VPOS="767" HPOS="339" CS="1">
<String CONTENT="paper" HEIGHT="38" WIDTH="136" VPOS="784" HPOS="339"/>
<SP HEIGHT="29" WIDTH="27" VPOS="785" HPOS="476"/>
<String CONTENT="and" HEIGHT="43" WIDTH="86" VPOS="771" HPOS="504"/>
<SP HEIGHT="42" WIDTH="26" VPOS="771" HPOS="591"/>
<String CONTENT="the" HEIGHT="44" WIDTH="75" VPOS="769" HPOS="618"/>
<SP HEIGHT="36" WIDTH="27" VPOS="777" HPOS="694"/>
<String CONTENT="type" HEIGHT="45" WIDTH="104" VPOS="777" HPOS="722"/>
<SP HEIGHT="42" WIDTH="30" VPOS="771" HPOS="827"/>
<String CONTENT="distributed" HEIGHT="45" WIDTH="270" VPOS="768" HPOS="858"/>
<SP HEIGHT="43" WIDTH="29" VPOS="769" HPOS="1129"/>
<String CONTENT="in" HEIGHT="42" WIDTH="44" VPOS="769" HPOS="1159"/>
<SP HEIGHT="36" WIDTH="27" VPOS="776" HPOS="1204"/>
<String CONTENT="the" HEIGHT="44" WIDTH="77" VPOS="768" HPOS="1232"/>
<SP HEIGHT="28" WIDTH="29" VPOS="784" HPOS="1310"/>
<String CONTENT="month" HEIGHT="43" WIDTH="156" VPOS="768" HPOS="1340"/>
<SP HEIGHT="44" WIDTH="26" VPOS="768" HPOS="1497"/>
<String CONTENT="of" HEIGHT="45" WIDTH="51" VPOS="767" HPOS="1524"/>
<SP HEIGHT="44" WIDTH="28" VPOS="767" HPOS="1576"/>
<String CONTENT="November" HEIGHT="44" WIDTH="262" VPOS="767" HPOS="1605"/>
<SP HEIGHT="29" WIDTH="31" VPOS="781" HPOS="1868"/>
<String CS="1" CONTENT="MDCCCCXXVI.&#8221;" HEIGHT="44" WIDTH="37" VPOS="767" HPOS="2207"/>
</TextLine>
<TextLine HEIGHT="56" WIDTH="1990" VPOS="822" HPOS="334">
<String CONTENT="&#169;" HEIGHT="53" WIDTH="53" VPOS="825" HPOS="334"/>
<SP HEIGHT="53" WIDTH="35" VPOS="825" HPOS="388"/>
<String CONTENT="Nov." HEIGHT="42" WIDTH="117" VPOS="828" HPOS="424"/>
<SP HEIGHT="41" WIDTH="36" VPOS="827" HPOS="542"/>
<String CONTENT="10," HEIGHT="50" WIDTH="61" VPOS="826" HPOS="579"/>
<SP HEIGHT="48" WIDTH="38" VPOS="828" HPOS="641"/>
<String CONTENT="1926;" HEIGHT="51" WIDTH="128" VPOS="826" HPOS="680"/>
<SP HEIGHT="51" WIDTH="35" VPOS="826" HPOS="809"/>
<String CONTENT="2c." HEIGHT="42" WIDTH="62" VPOS="826" HPOS="845"/>
<SP HEIGHT="42" WIDTH="36" VPOS="826" HPOS="908"/>
<String CONTENT="Nov." HEIGHT="42" WIDTH="118" VPOS="826" HPOS="945"/>
<SP HEIGHT="43" WIDTH="33" VPOS="825" HPOS="1064"/>
<String CONTENT="23;" HEIGHT="51" WIDTH="78" VPOS="825" HPOS="1098"/>
<SP HEIGHT="36" WIDTH="35" VPOS="840" HPOS="1177"/>
<String CONTENT="aff." HEIGHT="43" WIDTH="77" VPOS="825" HPOS="1213"/>
<SP HEIGHT="42" WIDTH="36" VPOS="825" HPOS="1291"/>
<String CONTENT="Nov." HEIGHT="43" WIDTH="118" VPOS="825" HPOS="1328"/>
<SP HEIGHT="43" WIDTH="33" VPOS="825" HPOS="1447"/>
<String CONTENT="22;" HEIGHT="51" WIDTH="77" VPOS="825" HPOS="1481"/>
<SP HEIGHT="51" WIDTH="36" VPOS="825" HPOS="1559"/>
<!-- cceid 05B9A80B-6E1B-1014-9B7B-CA07F191E62B --><String CONTENT="A" HEIGHT="42" WIDTH="43" VPOS="825" HPOS="1596"/>
<SP HEIGHT="43" WIDTH="34" VPOS="825" HPOS="1640"/>
<String CONTENT="957206;" HEIGHT="53" WIDTH="189" VPOS="823" HPOS="1675"/>
<SP HEIGHT="52" WIDTH="37" VPOS="824" HPOS="1865"/>
<String CONTENT="A." HEIGHT="43" WIDTH="56" VPOS="824" HPOS="1903"/>
<SP HEIGHT="48" WIDTH="35" VPOS="822" HPOS="1960"/>
<String CONTENT="E." HEIGHT="48" WIDTH="53" VPOS="822" HPOS="1996"/>
<SP HEIGHT="44" WIDTH="35" VPOS="823" HPOS="2050"/>
<String CONTENT="Coughlin," HEIGHT="54" WIDTH="238" VPOS="822" HPOS="2086"/>
</TextLine>
<TextLine HEIGHT="54" WIDTH="714" VPOS="882" HPOS="405">
<String CONTENT="Rockland," HEIGHT="52" WIDTH="247" VPOS="883" HPOS="405"/>
<SP HEIGHT="51" WIDTH="37" VPOS="884" HPOS="653"/>
<String CONTENT="Me." HEIGHT="43" WIDTH="89" VPOS="884" HPOS="691"/>
<SP HEIGHT="52" WIDTH="68" VPOS="884" HPOS="781"/>
<String CONTENT="(26-21649)" HEIGHT="54" WIDTH="269" VPOS="882" HPOS="850"/>
</TextLine>
<TextLine HEIGHT="75" WIDTH="1017" VPOS="981" HPOS="336" STYLEREFS="StyleId-DD3060DD-5E01-4F6D-96F8-9D752FFF5E94-">
<String CONTENT="Crane," HEIGHT="73" WIDTH="215" VPOS="983" HPOS="336"/>
<SP HEIGHT="73" WIDTH="43" VPOS="983" HPOS="552"/>
<String CONTENT="Nathalia" HEIGHT="59" WIDTH="301" VPOS="981" HPOS="596"/>
<SP HEIGHT="58" WIDTH="39" VPOS="982" HPOS="898"/>
<String CONTENT="Clara" HEIGHT="59" WIDTH="187" VPOS="981" HPOS="938"/>
<SP HEIGHT="58" WIDTH="39" VPOS="981" HPOS="1126"/>
<String CONTENT="Ruth." HEIGHT="58" WIDTH="187" VPOS="981" HPOS="1166"/>
</TextLine>
<TextLine HEIGHT="75" WIDTH="1910" VPOS="1071" HPOS="414" STYLEREFS="StyleId-6336F81E-D02C-432E-BE77-1BAF2E95ADE2-">
<String CONTENT="The" HEIGHT="57" WIDTH="127" VPOS="1075" HPOS="414"/>
<SP HEIGHT="38" WIDTH="29" VPOS="1094" HPOS="542"/>
<String CONTENT="singing" HEIGHT="72" WIDTH="252" VPOS="1074" HPOS="572"/>
<SP HEIGHT="53" WIDTH="24" VPOS="1093" HPOS="825"/>
<String CONTENT="crow," HEIGHT="53" WIDTH="178" VPOS="1092" HPOS="850"/>
<SP HEIGHT="52" WIDTH="28" VPOS="1093" HPOS="1029"/>
<String CONTENT="and" HEIGHT="56" WIDTH="123" VPOS="1075" HPOS="1058"/>
<SP HEIGHT="56" WIDTH="26" VPOS="1075" HPOS="1182"/>
<String CONTENT="other" HEIGHT="55" WIDTH="179" VPOS="1074" HPOS="1209"/>
<SP HEIGHT="52" WIDTH="21" VPOS="1092" HPOS="1389"/>
<String CONTENT="poems" HEIGHT="52" WIDTH="219" VPOS="1092" HPOS="1411"/>
<SP HEIGHT="57" WIDTH="20" VPOS="1073" HPOS="1631"/>
<String CONTENT="by" HEIGHT="70" WIDTH="82" VPOS="1073" HPOS="1652"/>
<SP HEIGHT="70" WIDTH="24" VPOS="1073" HPOS="1735"/>
<String CONTENT="Nathalia" HEIGHT="58" WIDTH="298" VPOS="1072" HPOS="1760"/>
<SP HEIGHT="60" WIDTH="30" VPOS="1071" HPOS="2059"/>
<String CONTENT="Crane;" HEIGHT="72" WIDTH="234" VPOS="1071" HPOS="2090"/>
</TextLine>
<TextLine HEIGHT="74" WIDTH="1988" VPOS="1149" HPOS="334" STYLEREFS="StyleId-6336F81E-D02C-432E-BE77-1BAF2E95ADE2-">
<String CONTENT="illustrated" HEIGHT="57" WIDTH="359" VPOS="1153" HPOS="334"/>
<SP HEIGHT="57" WIDTH="42" VPOS="1152" HPOS="694"/>
<String CONTENT="by" HEIGHT="71" WIDTH="84" VPOS="1152" HPOS="737"/>
<SP HEIGHT="72" WIDTH="44" VPOS="1151" HPOS="822"/>
<String CONTENT="Mac" HEIGHT="56" WIDTH="144" VPOS="1151" HPOS="867"/>
<SP HEIGHT="56" WIDTH="41" VPOS="1151" HPOS="1012"/>
<String CONTENT="Harshberger." HEIGHT="73" WIDTH="460" VPOS="1150" HPOS="1054"/>
<SP HEIGHT="55" WIDTH="88" VPOS="1151" HPOS="1515"/>
<String CONTENT="New" HEIGHT="56" WIDTH="149" VPOS="1151" HPOS="1604"/>
<SP HEIGHT="56" WIDTH="43" VPOS="1150" HPOS="1754"/>
<String CONTENT="York," HEIGHT="72" WIDTH="190" VPOS="1150" HPOS="1798"/>
<SP HEIGHT="72" WIDTH="47" VPOS="1150" HPOS="1989"/>
<String CONTENT="A." HEIGHT="56" WIDTH="75" VPOS="1150" HPOS="2037"/>
<SP HEIGHT="57" WIDTH="47" VPOS="1150" HPOS="2113"/>
<String CONTENT="&amp;" HEIGHT="57" WIDTH="48" VPOS="1150" HPOS="2161"/>
<SP HEIGHT="60" WIDTH="48" VPOS="1149" HPOS="2210"/>
<String CONTENT="C." HEIGHT="60" WIDTH="63" VPOS="1149" HPOS="2259"/>
</TextLine>
<TextLine HEIGHT="72" WIDTH="376" VPOS="1230" HPOS="334" STYLEREFS="StyleId-6336F81E-D02C-432E-BE77-1BAF2E95ADE2-">
<String CONTENT="Boni," HEIGHT="72" WIDTH="179" VPOS="1230" HPOS="334"/>
<SP HEIGHT="70" WIDTH="30" VPOS="1232" HPOS="514"/>
<String CONTENT="1926." HEIGHT="56" WIDTH="165" VPOS="1231" HPOS="545"/>
</TextLine>
<TextLine HEIGHT="55" WIDTH="1418" VPOS="1304" HPOS="402" CS="1">
<String CONTENT="85" HEIGHT="46" WIDTH="52" VPOS="1304" HPOS="402"/>
<SP HEIGHT="55" WIDTH="30" VPOS="1304" HPOS="455"/>
<String CONTENT="p." HEIGHT="38" WIDTH="39" VPOS="1321" HPOS="486"/>
<SP HEIGHT="43" WIDTH="31" VPOS="1307" HPOS="526"/>
<String CONTENT="incl." HEIGHT="45" WIDTH="99" VPOS="1305" HPOS="558"/>
<SP HEIGHT="29" WIDTH="30" VPOS="1321" HPOS="658"/>
<String CONTENT="col." HEIGHT="44" WIDTH="82" VPOS="1306" HPOS="689"/>
<SP HEIGHT="43" WIDTH="33" VPOS="1306" HPOS="772"/>
<String CONTENT="front.," HEIGHT="52" WIDTH="153" VPOS="1306" HPOS="806"/>
<SP HEIGHT="52" WIDTH="31" VPOS="1306" HPOS="960"/>
<String CONTENT="illus.," HEIGHT="53" WIDTH="130" VPOS="1305" HPOS="992"/>
<SP HEIGHT="38" WIDTH="30" VPOS="1320" HPOS="1123"/>
<String CONTENT="plates" HEIGHT="53" WIDTH="142" VPOS="1305" HPOS="1154"/>
<SP HEIGHT="54" WIDTH="39" VPOS="1305" HPOS="1297"/>
<String CONTENT="(part" HEIGHT="54" WIDTH="128" VPOS="1305" HPOS="1337"/>
<SP HEIGHT="38" WIDTH="28" VPOS="1311" HPOS="1466"/>
<String CONTENT="col.)" HEIGHT="54" WIDTH="110" VPOS="1304" HPOS="1495"/>
<SP HEIGHT="54" WIDTH="62" VPOS="1304" HPOS="1606"/>
<String CS="1" CONTENT="20&#189;" HEIGHT="45" WIDTH="54" VPOS="1304" HPOS="1669"/>
<String STYLE="superscript" CONTENT="cm" HEIGHT="19" WIDTH="48" VPOS="1307" HPOS="1757"/>
<String CONTENT="." HEIGHT="11" WIDTH="11" VPOS="1339" HPOS="1809"/>
</TextLine>
<TextLine HEIGHT="55" WIDTH="1935" VPOS="1361" HPOS="333">
<String CONTENT="&#169;" HEIGHT="54" WIDTH="53" VPOS="1362" HPOS="333"/>
<SP HEIGHT="54" WIDTH="32" VPOS="1362" HPOS="387"/>
<String CONTENT="Nov:" HEIGHT="43" WIDTH="116" VPOS="1365" HPOS="420"/>
<SP HEIGHT="42" WIDTH="34" VPOS="1365" HPOS="537"/>
<String CONTENT="16," HEIGHT="51" WIDTH="60" VPOS="1364" HPOS="572"/>
<SP HEIGHT="50" WIDTH="36" VPOS="1365" HPOS="633"/>
<String CONTENT="1926;" HEIGHT="49" WIDTH="128" VPOS="1365" HPOS="670"/>
<SP HEIGHT="49" WIDTH="32" VPOS="1365" HPOS="799"/>
<String CONTENT="2c." HEIGHT="41" WIDTH="63" VPOS="1365" HPOS="832"/>
<SP HEIGHT="27" WIDTH="33" VPOS="1379" HPOS="896"/>
<String CONTENT="and" HEIGHT="42" WIDTH="88" VPOS="1364" HPOS="930"/>
<SP HEIGHT="42" WIDTH="29" VPOS="1364" HPOS="1019"/>
<String CONTENT="aff." HEIGHT="42" WIDTH="78" VPOS="1364" HPOS="1049"/>
<SP HEIGHT="41" WIDTH="33" VPOS="1365" HPOS="1128"/>
<String CONTENT="Nov." HEIGHT="42" WIDTH="118" VPOS="1365" HPOS="1162"/>
<SP HEIGHT="42" WIDTH="35" VPOS="1364" HPOS="1281"/>
<String CONTENT="17;" HEIGHT="53" WIDTH="74" VPOS="1362" HPOS="1317"/>
<SP HEIGHT="52" WIDTH="33" VPOS="1363" HPOS="1392"/>
<!-- cceid 05B9C996-6E1B-1014-9B7B-CA07F191E62B --><String CONTENT="A" HEIGHT="43" WIDTH="44" VPOS="1363" HPOS="1426"/>
<SP HEIGHT="43" WIDTH="30" VPOS="1363" HPOS="1471"/>
<String CONTENT="958028;" HEIGHT="53" WIDTH="188" VPOS="1362" HPOS="1502"/>
<SP HEIGHT="54" WIDTH="34" VPOS="1361" HPOS="1691"/>
<String CONTENT="Thomas" HEIGHT="45" WIDTH="201" VPOS="1361" HPOS="1726"/>
<SP HEIGHT="47" WIDTH="36" VPOS="1361" HPOS="1928"/>
<String CONTENT="Seltzer," HEIGHT="54" WIDTH="187" VPOS="1361" HPOS="1965"/>
<SP HEIGHT="52" WIDTH="33" VPOS="1363" HPOS="2153"/>
<String CONTENT="inc." HEIGHT="43" WIDTH="81" VPOS="1363" HPOS="2187"/>
</TextLine>
<TextLine HEIGHT="56" WIDTH="267" VPOS="1419" HPOS="412">
<String CONTENT="(26-21665)" HEIGHT="56" WIDTH="267" VPOS="1419" HPOS="412"/>
</TextLine>
<TextLine HEIGHT="76" WIDTH="1116" VPOS="1518" HPOS="332" STYLEREFS="StyleId-DD3060DD-5E01-4F6D-96F8-9D752FFF5E94-">
<String LANG="de" CONTENT="De" HEIGHT="57" WIDTH="91" VPOS="1520" HPOS="332"/>
<SP HEIGHT="58" WIDTH="38" VPOS="1520" HPOS="424"/>
<String CONTENT="Casseres," HEIGHT="74" WIDTH="307" VPOS="1520" HPOS="463"/>
<SP HEIGHT="71" WIDTH="35" VPOS="1523" HPOS="771"/>
<String CONTENT="Mrs." HEIGHT="55" WIDTH="153" VPOS="1523" HPOS="807"/>
<SP HEIGHT="57" WIDTH="37" VPOS="1521" HPOS="961"/>
<String CONTENT="Bio" HEIGHT="59" WIDTH="116" VPOS="1519" HPOS="999"/>
<SP HEIGHT="72" WIDTH="44" VPOS="1520" HPOS="1116"/>
<String CONTENT="(Terrill)" HEIGHT="76" WIDTH="287" VPOS="1518" HPOS="1161"/>
</TextLine>
<TextLine HEIGHT="71" WIDTH="1915" VPOS="1609" HPOS="414" STYLEREFS="StyleId-6336F81E-D02C-432E-BE77-1BAF2E95ADE2-">
<String CONTENT="The" HEIGHT="56" WIDTH="127" VPOS="1611" HPOS="414"/>
<SP HEIGHT="57" WIDTH="41" VPOS="1610" HPOS="542"/>
<String CONTENT="Boy" HEIGHT="70" WIDTH="138" VPOS="1610" HPOS="584"/>
<SP HEIGHT="52" WIDTH="38" VPOS="1628" HPOS="723"/>
<String CONTENT="of" HEIGHT="57" WIDTH="68" VPOS="1609" HPOS="762"/>
<SP HEIGHT="56" WIDTH="40" VPOS="1609" HPOS="831"/>
<String CONTENT="Bethlehem," HEIGHT="70" WIDTH="383" VPOS="1609" HPOS="872"/>
<SP HEIGHT="69" WIDTH="40" VPOS="1610" HPOS="1256"/>
<String CONTENT="by" HEIGHT="69" WIDTH="83" VPOS="1610" HPOS="1297"/>
<SP HEIGHT="69" WIDTH="41" VPOS="1610" HPOS="1381"/>
<String CONTENT="Bio" HEIGHT="58" WIDTH="115" VPOS="1609" HPOS="1423"/>
<SP HEIGHT="57" WIDTH="44" VPOS="1610" HPOS="1539"/>
<String LANG="de" CONTENT="De" HEIGHT="58" WIDTH="89" VPOS="1610" HPOS="1584"/>
<SP HEIGHT="60" WIDTH="48" VPOS="1609" HPOS="1674"/>
<String CONTENT="Casseres;" HEIGHT="71" WIDTH="331" VPOS="1609" HPOS="1723"/>
<SP HEIGHT="50" WIDTH="41" VPOS="1630" HPOS="2055"/>
<String CONTENT="with" HEIGHT="59" WIDTH="152" VPOS="1610" HPOS="2097"/>
<SP HEIGHT="57" WIDTH="40" VPOS="1611" HPOS="2250"/>
<String CONTENT="a" HEIGHT="38" WIDTH="38" VPOS="1630" HPOS="2291"/>
</TextLine>
<TextLine HEIGHT="74" WIDTH="1993" VPOS="1685" HPOS="334" STYLEREFS="StyleId-6336F81E-D02C-432E-BE77-1BAF2E95ADE2-">
<String CONTENT="foreword" HEIGHT="59" WIDTH="315" VPOS="1686" HPOS="334"/>
<SP HEIGHT="57" WIDTH="45" VPOS="1687" HPOS="650"/>
<String CONTENT="by" HEIGHT="71" WIDTH="84" VPOS="1687" HPOS="696"/>
<SP HEIGHT="71" WIDTH="42" VPOS="1687" HPOS="781"/>
<String CONTENT="Benjamin" HEIGHT="74" WIDTH="335" VPOS="1685" HPOS="824"/>
<SP HEIGHT="57" WIDTH="44" VPOS="1686" HPOS="1160"/>
<String LANG="de" CONTENT="De" HEIGHT="59" WIDTH="93" VPOS="1686" HPOS="1205"/>
<SP HEIGHT="60" WIDTH="51" VPOS="1685" HPOS="1299"/>
<String CONTENT="Casseres." HEIGHT="60" WIDTH="315" VPOS="1685" HPOS="1351"/>
<SP HEIGHT="56" WIDTH="100" VPOS="1687" HPOS="1667"/>
<String CONTENT="New" HEIGHT="58" WIDTH="152" VPOS="1687" HPOS="1768"/>
<SP HEIGHT="56" WIDTH="43" VPOS="1688" HPOS="1921"/>
<String CONTENT="York" HEIGHT="60" WIDTH="173" VPOS="1685" HPOS="1965"/>
<SP HEIGHT="60" WIDTH="44" VPOS="1685" HPOS="2139"/>
<String CONTENT="city," HEIGHT="72" WIDTH="143" VPOS="1687" HPOS="2184"/>
</TextLine>
<TextLine HEIGHT="74" WIDTH="1010" VPOS="1762" HPOS="336" STYLEREFS="StyleId-6336F81E-D02C-432E-BE77-1BAF2E95ADE2-">
<String CONTENT="The" HEIGHT="57" WIDTH="127" VPOS="1765" HPOS="336"/>
<SP HEIGHT="59" WIDTH="37" VPOS="1764" HPOS="464"/>
<String CONTENT="Christopher" HEIGHT="74" WIDTH="412" VPOS="1762" HPOS="502"/>
<SP HEIGHT="53" WIDTH="30" VPOS="1783" HPOS="915"/>
<String CONTENT="press," HEIGHT="53" WIDTH="201" VPOS="1783" HPOS="946"/>
<SP HEIGHT="69" WIDTH="32" VPOS="1767" HPOS="1148"/>
<String CONTENT="1926." HEIGHT="56" WIDTH="165" VPOS="1765" HPOS="1181"/>
</TextLine>
<TextLine HEIGHT="53" WIDTH="330" VPOS="1843" HPOS="404" CS="1">
<String CONTENT="62" HEIGHT="44" WIDTH="54" VPOS="1843" HPOS="404"/>
<SP HEIGHT="51" WIDTH="25" VPOS="1845" HPOS="459"/>
<String CONTENT="p." HEIGHT="40" WIDTH="40" VPOS="1856" HPOS="485"/>
<SP HEIGHT="41" WIDTH="57" VPOS="1845" HPOS="526"/>
<String CS="1" CONTENT="21&#189;" HEIGHT="41" WIDTH="25" VPOS="1845" HPOS="584"/>
<String STYLE="superscript" CONTENT="cm" HEIGHT="18" WIDTH="47" VPOS="1844" HPOS="672"/>
<String CONTENT="." HEIGHT="9" WIDTH="9" VPOS="1875" HPOS="725"/>
</TextLine>
<TextLine HEIGHT="55" WIDTH="1995" VPOS="1896" HPOS="331">
<String CONTENT="&#169;" HEIGHT="54" WIDTH="53" VPOS="1897" HPOS="331"/>
<SP HEIGHT="54" WIDTH="32" VPOS="1897" HPOS="385"/>
<String CONTENT="Nov." HEIGHT="42" WIDTH="118" VPOS="1901" HPOS="418"/>
<SP HEIGHT="42" WIDTH="37" VPOS="1900" HPOS="537"/>
<String CONTENT="19," HEIGHT="51" WIDTH="63" VPOS="1900" HPOS="575"/>
<SP HEIGHT="51" WIDTH="35" VPOS="1900" HPOS="639"/>
<String CONTENT="1926;" HEIGHT="51" WIDTH="128" VPOS="1899" HPOS="675"/>
<SP HEIGHT="51" WIDTH="33" VPOS="1899" HPOS="804"/>
<String CONTENT="2c." HEIGHT="43" WIDTH="66" VPOS="1899" HPOS="838"/>
<SP HEIGHT="43" WIDTH="34" VPOS="1899" HPOS="905"/>
<String CONTENT="Nov." HEIGHT="44" WIDTH="120" VPOS="1899" HPOS="940"/>
<SP HEIGHT="43" WIDTH="31" VPOS="1899" HPOS="1061"/>
<String CONTENT="24;" HEIGHT="53" WIDTH="78" VPOS="1898" HPOS="1093"/>
<SP HEIGHT="37" WIDTH="34" VPOS="1914" HPOS="1172"/>
<String CONTENT="aff." HEIGHT="43" WIDTH="77" VPOS="1899" HPOS="1207"/>
<SP HEIGHT="42" WIDTH="36" VPOS="1900" HPOS="1285"/>
<String CONTENT="Nov." HEIGHT="42" WIDTH="119" VPOS="1900" HPOS="1322"/>
<SP HEIGHT="42" WIDTH="33" VPOS="1900" HPOS="1442"/>
<String CONTENT="23;" HEIGHT="52" WIDTH="77" VPOS="1899" HPOS="1476"/>
<SP HEIGHT="52" WIDTH="38" VPOS="1899" HPOS="1554"/>
<!-- cceid 05B9EAAB-6E1B-1014-9B7B-CA07F191E62B --><String CONTENT="A" HEIGHT="43" WIDTH="43" VPOS="1899" HPOS="1593"/>
<SP HEIGHT="44" WIDTH="33" VPOS="1899" HPOS="1637"/>
<String CONTENT="957217;" HEIGHT="55" WIDTH="190" VPOS="1896" HPOS="1671"/>
<SP HEIGHT="51" WIDTH="38" VPOS="1900" HPOS="1862"/>
<String CONTENT="B." HEIGHT="43" WIDTH="51" VPOS="1900" HPOS="1901"/>
<SP HEIGHT="43" WIDTH="33" VPOS="1900" HPOS="1953"/>
<String LANG="de" CONTENT="De" HEIGHT="43" WIDTH="70" VPOS="1900" HPOS="1987"/>
<SP HEIGHT="45" WIDTH="36" VPOS="1898" HPOS="2058"/>
<String CONTENT="Casseres," HEIGHT="53" WIDTH="231" VPOS="1898" HPOS="2095"/>
</TextLine>
<TextLine HEIGHT="54" WIDTH="629" VPOS="1956" HPOS="402">
<String CONTENT="New" HEIGHT="42" WIDTH="119" VPOS="1959" HPOS="402"/>
<SP HEIGHT="44" WIDTH="28" VPOS="1957" HPOS="522"/>
<String CONTENT="York," HEIGHT="43" WIDTH="150" VPOS="1957" HPOS="551"/>
<SP HEIGHT="53" WIDTH="59" VPOS="1957" HPOS="702"/>
<String CONTENT="(26-21648)" HEIGHT="54" WIDTH="269" VPOS="1956" HPOS="762"/>
</TextLine>
<TextLine HEIGHT="78" WIDTH="1616" VPOS="2054" HPOS="333" STYLEREFS="StyleId-DD3060DD-5E01-4F6D-96F8-9D752FFF5E94-">
<String CONTENT="[Delhaye" HEIGHT="78" WIDTH="291" VPOS="2054" HPOS="333"/>
<SP HEIGHT="57" WIDTH="32" VPOS="2056" HPOS="625"/>
<String LANG="de" CONTENT="de" HEIGHT="57" WIDTH="75" VPOS="2056" HPOS="658"/>
<SP HEIGHT="57" WIDTH="29" VPOS="2056" HPOS="734"/>
<String CONTENT="Mamyhac," HEIGHT="73" WIDTH="363" VPOS="2055" HPOS="764"/>
<SP HEIGHT="67" WIDTH="33" VPOS="2057" HPOS="1128"/>
<String CONTENT="Mme." HEIGHT="57" WIDTH="184" VPOS="2057" HPOS="1162"/>
<SP HEIGHT="58" WIDTH="34" VPOS="2056" HPOS="1347"/>
<String CONTENT="Th" HEIGHT="57" WIDTH="95" VPOS="2056" HPOS="1382"/>
<SP HEIGHT="75" WIDTH="228" VPOS="2057" HPOS="1478"/>
<String CONTENT="]" HEIGHT="45" WIDTH="15" VPOS="2087" HPOS="1707"/>
<SP HEIGHT="72" WIDTH="37" VPOS="2060" HPOS="1723"/>
<String CONTENT="1875-" HEIGHT="57" WIDTH="188" VPOS="2059" HPOS="1761"/>
</TextLine>
<TextLine HEIGHT="74" WIDTH="1849" VPOS="2146" HPOS="477" STYLEREFS="StyleId-6336F81E-D02C-432E-BE77-1BAF2E95ADE2-" CS="1">
<String CS="1" CONTENT="&#8230;"/>
<SP HEIGHT="60" WIDTH="35" VPOS="2147" HPOS="477"/>
<String CONTENT="Le" HEIGHT="58" WIDTH="85" VPOS="2147" HPOS="513"/>
<SP HEIGHT="39" WIDTH="32" VPOS="2166" HPOS="599"/>
<String CONTENT="mauvais" HEIGHT="59" WIDTH="286" VPOS="2146" HPOS="632"/>
<SP HEIGHT="38" WIDTH="37" VPOS="2167" HPOS="919"/>
<String CONTENT="amour," HEIGHT="53" WIDTH="235" VPOS="2167" HPOS="957"/>
<SP HEIGHT="53" WIDTH="36" VPOS="2167" HPOS="1193"/>
<String CONTENT="roman." HEIGHT="38" WIDTH="235" VPOS="2167" HPOS="1230"/>
<SP HEIGHT="55" WIDTH="75" VPOS="2149" HPOS="1466"/>
<String CONTENT="Paris," HEIGHT="71" WIDTH="205" VPOS="2148" HPOS="1542"/>
<SP HEIGHT="71" WIDTH="36" VPOS="2148" HPOS="1748"/>
<String CONTENT="E." HEIGHT="57" WIDTH="73" VPOS="2148" HPOS="1785"/>
<SP HEIGHT="56" WIDTH="37" VPOS="2149" HPOS="1859"/>
<String CONTENT="Flammarion" HEIGHT="57" WIDTH="429" VPOS="2149" HPOS="1897"/>
</TextLine>
<TextLine HEIGHT="71" WIDTH="186" VPOS="2227" HPOS="350" STYLEREFS="StyleId-6336F81E-D02C-432E-BE77-1BAF2E95ADE2-" CS="1">
<String CS="1" CONTENT="["/>
<String STYLE="superscript" CONTENT="c" HEIGHT="21" WIDTH="17" VPOS="2235" HPOS="350"/>
<String CONTENT="1926]" HEIGHT="71" WIDTH="165" VPOS="2227" HPOS="371"/>
</TextLine>
<TextLine HEIGHT="55" WIDTH="497" VPOS="2301" HPOS="397" CS="1">
<String CONTENT="279" HEIGHT="46" WIDTH="83" VPOS="2301" HPOS="397"/>
<SP HEIGHT="51" WIDTH="29" VPOS="2304" HPOS="481"/>
<String CONTENT="p.," HEIGHT="39" WIDTH="53" VPOS="2317" HPOS="511"/>
<SP HEIGHT="53" WIDTH="35" VPOS="2303" HPOS="565"/>
<String CONTENT="1" HEIGHT="42" WIDTH="17" VPOS="2303" HPOS="601"/>
<SP/>
<String CS="1" CONTENT="l."/>
<SP/>
<String CS="1" CONTENT="18&#189;" HEIGHT="43" WIDTH="50" VPOS="2304" HPOS="746"/>
<String STYLE="superscript" CONTENT="cm" HEIGHT="17" WIDTH="48" VPOS="2306" HPOS="830"/>
<String CONTENT="." HEIGHT="10" WIDTH="11" VPOS="2338" HPOS="883"/>
</TextLine>
<TextLine HEIGHT="55" WIDTH="1139" VPOS="2359" HPOS="399">
<String CONTENT="Author&#8217;s" HEIGHT="45" WIDTH="217" VPOS="2359" HPOS="399"/>
<SP HEIGHT="38" WIDTH="28" VPOS="2374" HPOS="617"/>
<String CONTENT="pseud.," HEIGHT="52" WIDTH="164" VPOS="2360" HPOS="646"/>
<SP HEIGHT="52" WIDTH="28" VPOS="2359" HPOS="811"/>
<String CONTENT="T." HEIGHT="44" WIDTH="54" VPOS="2359" HPOS="840"/>
<SP HEIGHT="44" WIDTH="28" VPOS="2359" HPOS="895"/>
<String CONTENT="Trilby," HEIGHT="55" WIDTH="177" VPOS="2359" HPOS="924"/>
<SP HEIGHT="36" WIDTH="26" VPOS="2376" HPOS="1102"/>
<String CONTENT="at" HEIGHT="38" WIDTH="47" VPOS="2367" HPOS="1129"/>
<SP HEIGHT="44" WIDTH="26" VPOS="2361" HPOS="1177"/>
<String CONTENT="head" HEIGHT="44" WIDTH="116" VPOS="2361" HPOS="1204"/>
<SP HEIGHT="44" WIDTH="25" VPOS="2361" HPOS="1321"/>
<String CONTENT="of" HEIGHT="44" WIDTH="52" VPOS="2361" HPOS="1347"/>
<SP HEIGHT="45" WIDTH="25" VPOS="2361" HPOS="1400"/>
<String CONTENT="title." HEIGHT="45" WIDTH="112" VPOS="2361" HPOS="1426"/>
</TextLine>
<TextLine HEIGHT="56" WIDTH="1904" VPOS="2416" HPOS="329" CS="1">
<String CONTENT="&#169;" HEIGHT="53" WIDTH="53" VPOS="2416" HPOS="329"/>
<SP HEIGHT="53" WIDTH="36" VPOS="2416" HPOS="383"/>
<String CONTENT="Oct." HEIGHT="44" WIDTH="101" VPOS="2418" HPOS="420"/>
<SP HEIGHT="42" WIDTH="29" VPOS="2418" HPOS="522"/>
<String CONTENT="21," HEIGHT="50" WIDTH="66" VPOS="2418" HPOS="552"/>
<SP HEIGHT="50" WIDTH="37" VPOS="2418" HPOS="619"/>
<String CONTENT="1926;" HEIGHT="52" WIDTH="130" VPOS="2417" HPOS="657"/>
<SP/>
<String CS="1" CONTENT="1c."/>
<SP HEIGHT="42" WIDTH="37" VPOS="2419" HPOS="891"/>
<String CONTENT="Nov." HEIGHT="42" WIDTH="118" VPOS="2419" HPOS="929"/>
<SP HEIGHT="42" WIDTH="40" VPOS="2419" HPOS="1048"/>
<String CONTENT="1;" HEIGHT="50" WIDTH="45" VPOS="2419" HPOS="1089"/>
<SP HEIGHT="51" WIDTH="38" VPOS="2418" HPOS="1135"/>
<!-- cceid 05BA0745-6E1B-1014-9B7B-CA07F191E62B --><String CONTENT="A&#8212;Foreign" HEIGHT="54" WIDTH="301" VPOS="2418" HPOS="1174"/>
<SP HEIGHT="43" WIDTH="33" VPOS="2420" HPOS="1476"/>
<String CONTENT="32118;" HEIGHT="52" WIDTH="160" VPOS="2419" HPOS="1510"/>
<SP HEIGHT="54" WIDTH="38" VPOS="2417" HPOS="1671"/>
<String CONTENT="Ernest" HEIGHT="48" WIDTH="165" VPOS="2417" HPOS="1710"/>
<SP HEIGHT="44" WIDTH="36" VPOS="2419" HPOS="1876"/>
<String CONTENT="Flammarion." HEIGHT="45" WIDTH="320" VPOS="2419" HPOS="1913"/>
</TextLine>
<TextLine HEIGHT="54" WIDTH="268" VPOS="2474" HPOS="408">
<String CONTENT="(26-21658)" HEIGHT="54" WIDTH="268" VPOS="2474" HPOS="408"/>
</TextLine>
<TextLine HEIGHT="76" WIDTH="1117" VPOS="2572" HPOS="331" STYLEREFS="StyleId-6336F81E-D02C-432E-BE77-1BAF2E95ADE2-">
<String CONTENT="Edgar," HEIGHT="74" WIDTH="229" VPOS="2572" HPOS="331"/>
<SP HEIGHT="68" WIDTH="45" VPOS="2574" HPOS="561"/>
<String CONTENT="William" HEIGHT="60" WIDTH="280" VPOS="2572" HPOS="607"/>
<SP HEIGHT="58" WIDTH="43" VPOS="2574" HPOS="888"/>
<String CONTENT="Crowell," HEIGHT="74" WIDTH="279" VPOS="2574" HPOS="932"/>
<SP HEIGHT="68" WIDTH="45" VPOS="2580" HPOS="1212"/>
<String CONTENT="1856-" HEIGHT="56" WIDTH="190" VPOS="2579" HPOS="1258"/>
</TextLine>
<TextLine HEIGHT="80" WIDTH="1919" VPOS="2665" HPOS="403" STYLEREFS="StyleId-6336F81E-D02C-432E-BE77-1BAF2E95ADE2-">
<String CONTENT="Judson" HEIGHT="61" WIDTH="248" VPOS="2665" HPOS="403"/>
<SP HEIGHT="59" WIDTH="41" VPOS="2666" HPOS="652"/>
<String CONTENT="Moss" HEIGHT="59" WIDTH="173" VPOS="2666" HPOS="694"/>
<SP HEIGHT="57" WIDTH="42" VPOS="2667" HPOS="868"/>
<String CONTENT="Bemis," HEIGHT="75" WIDTH="231" VPOS="2666" HPOS="911"/>
<SP HEIGHT="54" WIDTH="41" VPOS="2688" HPOS="1143"/>
<String CONTENT="pioneer," HEIGHT="75" WIDTH="276" VPOS="2667" HPOS="1185"/>
<SP HEIGHT="70" WIDTH="45" VPOS="2672" HPOS="1462"/>
<String CONTENT="by" HEIGHT="71" WIDTH="83" VPOS="2672" HPOS="1508"/>
<SP HEIGHT="72" WIDTH="41" VPOS="2671" HPOS="1592"/>
<String CONTENT="William" HEIGHT="61" WIDTH="277" VPOS="2668" HPOS="1634"/>
<SP HEIGHT="60" WIDTH="47" VPOS="2671" HPOS="1912"/>
<String CONTENT="C." HEIGHT="60" WIDTH="65" VPOS="2671" HPOS="1960"/>
<SP HEIGHT="56" WIDTH="48" VPOS="2672" HPOS="2026"/>
<String CONTENT="Edgar;" HEIGHT="73" WIDTH="247" VPOS="2672" HPOS="2075"/>
</TextLine>
<TextLine HEIGHT="81" WIDTH="1996" VPOS="2742" HPOS="326" STYLEREFS="StyleId-6336F81E-D02C-432E-BE77-1BAF2E95ADE2-">
<String CONTENT="with" HEIGHT="60" WIDTH="152" VPOS="2742" HPOS="326"/>
<SP HEIGHT="57" WIDTH="26" VPOS="2745" HPOS="479"/>
<String CONTENT="a" HEIGHT="37" WIDTH="35" VPOS="2765" HPOS="506"/>
<SP HEIGHT="57" WIDTH="26" VPOS="2746" HPOS="542"/>
<String CONTENT="foreword" HEIGHT="59" WIDTH="318" VPOS="2746" HPOS="569"/>
<SP HEIGHT="58" WIDTH="23" VPOS="2747" HPOS="888"/>
<String CONTENT="by" HEIGHT="72" WIDTH="83" VPOS="2747" HPOS="912"/>
<SP HEIGHT="72" WIDTH="23" VPOS="2747" HPOS="996"/>
<String CONTENT="Albert" HEIGHT="59" WIDTH="227" VPOS="2747" HPOS="1020"/>
<SP HEIGHT="58" WIDTH="26" VPOS="2748" HPOS="1248"/>
<String CONTENT="Farwell" HEIGHT="58" WIDTH="271" VPOS="2748" HPOS="1275"/>
<SP HEIGHT="57" WIDTH="25" VPOS="2749" HPOS="1547"/>
<String CONTENT="Bemis." HEIGHT="58" WIDTH="229" VPOS="2749" HPOS="1573"/>
<SP HEIGHT="58" WIDTH="80" VPOS="2748" HPOS="1803"/>
<String CONTENT="Minneapolis," HEIGHT="75" WIDTH="438" VPOS="2748" HPOS="1884"/>
</TextLine>
<TextLine HEIGHT="76" WIDTH="1251" VPOS="2821" HPOS="326" STYLEREFS="StyleId-6336F81E-D02C-432E-BE77-1BAF2E95ADE2-">
<String CONTENT="Minn.," HEIGHT="74" WIDTH="214" VPOS="2821" HPOS="326"/>
<SP HEIGHT="74" WIDTH="33" VPOS="2821" HPOS="541"/>
<String CONTENT="The" HEIGHT="60" WIDTH="128" VPOS="2821" HPOS="575"/>
<SP HEIGHT="59" WIDTH="30" VPOS="2822" HPOS="704"/>
<String CONTENT="Bellman" HEIGHT="60" WIDTH="286" VPOS="2822" HPOS="735"/>
<SP HEIGHT="38" WIDTH="33" VPOS="2844" HPOS="1022"/>
<String CONTENT="company," HEIGHT="53" WIDTH="321" VPOS="2844" HPOS="1056"/>
<SP HEIGHT="69" WIDTH="32" VPOS="2828" HPOS="1378"/>
<String CONTENT="1926." HEIGHT="59" WIDTH="166" VPOS="2827" HPOS="1411"/>
</TextLine>
<TextLine HEIGHT="53" WIDTH="1121" VPOS="2900" HPOS="396" CS="1">
<String CONTENT="xvi," HEIGHT="48" WIDTH="91" VPOS="2902" HPOS="396"/>
<SP HEIGHT="48" WIDTH="29" VPOS="2902" HPOS="488"/>
<String CONTENT="340" HEIGHT="44" WIDTH="81" VPOS="2902" HPOS="518"/>
<SP HEIGHT="48" WIDTH="27" VPOS="2903" HPOS="600"/>
<String CONTENT="p." HEIGHT="35" WIDTH="40" VPOS="2916" HPOS="628"/>
<SP HEIGHT="28" WIDTH="58" VPOS="2916" HPOS="669"/>
<String CONTENT="col." HEIGHT="45" WIDTH="82" VPOS="2900" HPOS="728"/>
<SP HEIGHT="42" WIDTH="32" VPOS="2903" HPOS="811"/>
<String CONTENT="front.," HEIGHT="50" WIDTH="152" VPOS="2903" HPOS="844"/>
<SP HEIGHT="48" WIDTH="29" VPOS="2905" HPOS="997"/>
<String CONTENT="illus.," HEIGHT="52" WIDTH="133" VPOS="2901" HPOS="1027"/>
<SP HEIGHT="36" WIDTH="27" VPOS="2917" HPOS="1161"/>
<String CONTENT="port." HEIGHT="41" WIDTH="117" VPOS="2912" HPOS="1189"/>
<SP HEIGHT="42" WIDTH="63" VPOS="2905" HPOS="1307"/>
<String CS="1" CONTENT="19&#189;" HEIGHT="44" WIDTH="50" VPOS="2903" HPOS="1371"/>
<String STYLE="superscript" CONTENT="cm" HEIGHT="17" WIDTH="48" VPOS="2908" HPOS="1455"/>
<String CONTENT="." HEIGHT="8" WIDTH="8" VPOS="2939" HPOS="1509"/>
</TextLine>
<TextLine HEIGHT="114" WIDTH="1974" VPOS="2953" HPOS="328" CS="1">
<String CONTENT="&#169;" HEIGHT="54" WIDTH="53" VPOS="2953" HPOS="328"/>
<SP HEIGHT="54" WIDTH="27" VPOS="2953" HPOS="382"/>
<String CONTENT="Nov." HEIGHT="44" WIDTH="119" VPOS="2955" HPOS="410"/>
<SP HEIGHT="42" WIDTH="24" VPOS="2956" HPOS="530"/>
<String CONTENT="20," HEIGHT="52" WIDTH="66" VPOS="2955" HPOS="555"/>
<SP HEIGHT="51" WIDTH="29" VPOS="2956" HPOS="622"/>
<String CONTENT="1926;" HEIGHT="52" WIDTH="129" VPOS="2955" HPOS="652"/>
<SP HEIGHT="51" WIDTH="28" VPOS="2956" HPOS="782"/>
<String CONTENT="2c." HEIGHT="42" WIDTH="63" VPOS="2956" HPOS="811"/>
<SP HEIGHT="41" WIDTH="29" VPOS="2957" HPOS="875"/>
<String CONTENT="Nov." HEIGHT="42" WIDTH="119" VPOS="2957" HPOS="905"/>
<SP HEIGHT="41" WIDTH="25" VPOS="2958" HPOS="1025"/>
<String CONTENT="26;" HEIGHT="51" WIDTH="77" VPOS="2957" HPOS="1051"/>
<SP HEIGHT="37" WIDTH="27" VPOS="2971" HPOS="1129"/>
<String CONTENT="aff." HEIGHT="44" WIDTH="80" VPOS="2956" HPOS="1157"/>
<SP HEIGHT="42" WIDTH="27" VPOS="2958" HPOS="1238"/>
<String CONTENT="Nov." HEIGHT="43" WIDTH="119" VPOS="2958" HPOS="1266"/>
<SP HEIGHT="43" WIDTH="27" VPOS="2958" HPOS="1386"/>
<String CONTENT="23;" HEIGHT="51" WIDTH="78" VPOS="2958" HPOS="1414"/>
<SP HEIGHT="51" WIDTH="30" VPOS="2958" HPOS="1493"/>
<!-- cceid 05BA24FE-6E1B-1014-9B7B-CA07F191E62B --><String CONTENT="A" HEIGHT="42" WIDTH="44" VPOS="2958" HPOS="1524"/>
<SP HEIGHT="43" WIDTH="27" VPOS="2958" HPOS="1569"/>
<String CONTENT="957246;" HEIGHT="54" WIDTH="188" VPOS="2957" HPOS="1597"/>
<SP HEIGHT="51" WIDTH="29" VPOS="2960" HPOS="1786"/>
<String LANG="la" CONTENT="W." HEIGHT="44" WIDTH="75" VPOS="2960" HPOS="1816"/>
<SP HEIGHT="45" WIDTH="28" VPOS="2959" HPOS="1892"/>
<String CONTENT="C." HEIGHT="45" WIDTH="49" VPOS="2959" HPOS="1921"/>
<SP HEIGHT="47" WIDTH="28" VPOS="2959" HPOS="1971"/>
<String CONTENT="Edgar," HEIGHT="55" WIDTH="168" VPOS="2959" HPOS="2000"/>
<SP HEIGHT="50" WIDTH="30" VPOS="2963" HPOS="2169"/>
<String CONTENT="Minneapolis." HEIGHT="105" WIDTH="1906" VPOS="2960" HPOS="396"/>
<SP HEIGHT="52" WIDTH="69" VPOS="3013" HPOS="607"/>
<String CONTENT="(26-21883)" HEIGHT="55" WIDTH="269" VPOS="3012" HPOS="677"/>
</TextLine>
<TextLine HEIGHT="75" WIDTH="718" VPOS="3109" HPOS="328" STYLEREFS="StyleId-DD3060DD-5E01-4F6D-96F8-9D752FFF5E94-">
<String CONTENT="Edwin," HEIGHT="71" WIDTH="238" VPOS="3109" HPOS="328"/>
<SP HEIGHT="69" WIDTH="36" VPOS="3111" HPOS="567"/>
<String CONTENT="Einar," HEIGHT="73" WIDTH="214" VPOS="3111" HPOS="604"/>
<SP HEIGHT="68" WIDTH="36" VPOS="3116" HPOS="819"/>
<String CONTENT="1893-" HEIGHT="57" WIDTH="190" VPOS="3114" HPOS="856"/>
</TextLine>
<TextLine HEIGHT="82" WIDTH="1917" VPOS="3200" HPOS="404" STYLEREFS="StyleId-6336F81E-D02C-432E-BE77-1BAF2E95ADE2-">
<String CONTENT="Yerdens" HEIGHT="59" WIDTH="284" VPOS="3200" HPOS="404"/>
<SP HEIGHT="57" WIDTH="33" VPOS="3202" HPOS="689"/>
<String CONTENT="barn;" HEIGHT="71" WIDTH="188" VPOS="3202" HPOS="723"/>
<SP HEIGHT="50" WIDTH="36" VPOS="3223" HPOS="912"/>
<String CONTENT="roman." HEIGHT="38" WIDTH="234" VPOS="3223" HPOS="949"/>
<SP HEIGHT="58" WIDTH="75" VPOS="3205" HPOS="1184"/>
<String CONTENT="Oslo," HEIGHT="72" WIDTH="166" VPOS="3205" HPOS="1260"/>
<SP HEIGHT="71" WIDTH="31" VPOS="3206" HPOS="1427"/>
<String CONTENT="H." HEIGHT="58" WIDTH="80" VPOS="3206" HPOS="1459"/>
<SP HEIGHT="57" WIDTH="33" VPOS="3207" HPOS="1540"/>
<String CONTENT="Aschehoug" HEIGHT="75" WIDTH="375" VPOS="3207" HPOS="1574"/>
<SP HEIGHT="71" WIDTH="30" VPOS="3211" HPOS="1950"/>
<String CONTENT="&amp;" HEIGHT="55" WIDTH="47" VPOS="3211" HPOS="1981"/>
<SP HEIGHT="57" WIDTH="34" VPOS="3211" HPOS="2029"/>
<String CONTENT="co." HEIGHT="38" WIDTH="84" VPOS="3230" HPOS="2064"/>
<SP HEIGHT="70" WIDTH="48" VPOS="3212" HPOS="2149"/>
<String CONTENT="(W." HEIGHT="70" WIDTH="123" VPOS="3212" HPOS="2198"/>
</TextLine>
<TextLine HEIGHT="74" WIDTH="536" VPOS="3278" HPOS="329" STYLEREFS="StyleId-6336F81E-D02C-432E-BE77-1BAF2E95ADE2-">
<String CONTENT="Nygaard)" HEIGHT="74" WIDTH="331" VPOS="3278" HPOS="329"/>
<SP HEIGHT="71" WIDTH="37" VPOS="3280" HPOS="661"/>
<String CONTENT="1926." HEIGHT="56" WIDTH="166" VPOS="3282" HPOS="699"/>
</TextLine>
<TextLine HEIGHT="53" WIDTH="523" VPOS="3357" HPOS="394" CS="1">
<String CONTENT="2" HEIGHT="42" WIDTH="27" VPOS="3357" HPOS="394"/>
<SP/>
<String CONTENT="p." HEIGHT="38" WIDTH="39" VPOS="3371" HPOS="448"/>
<SP/>
<String CS="1" CONTENT="l.,"/>
<SP HEIGHT="52" WIDTH="25" VPOS="3357" HPOS="559"/>
<String CONTENT="221" HEIGHT="43" WIDTH="79" VPOS="3357" HPOS="585"/>
<SP HEIGHT="53" WIDTH="29" VPOS="3357" HPOS="665"/>
<String CONTENT="p." HEIGHT="39" WIDTH="40" VPOS="3371" HPOS="695"/>
<SP HEIGHT="43" WIDTH="55" VPOS="3358" HPOS="736"/>
<String CONTENT="20" HEIGHT="45" WIDTH="56" VPOS="3357" HPOS="792"/>
<String STYLE="superscript" CS="1" CONTENT="cm"/>
<String CONTENT="." HEIGHT="10" WIDTH="11" VPOS="3392" HPOS="906"/>
</TextLine>
<TextLine HEIGHT="50" WIDTH="821" VPOS="3413" HPOS="396">
<String CONTENT="At" HEIGHT="46" WIDTH="63" VPOS="3414" HPOS="396"/>
<SP HEIGHT="47" WIDTH="29" VPOS="3413" HPOS="460"/>
<String CONTENT="head" HEIGHT="44" WIDTH="114" VPOS="3413" HPOS="490"/>
<SP HEIGHT="42" WIDTH="27" VPOS="3415" HPOS="605"/>
<String CONTENT="of" HEIGHT="43" WIDTH="53" VPOS="3414" HPOS="633"/>
<SP HEIGHT="44" WIDTH="29" VPOS="3414" HPOS="687"/>
<String CONTENT="title:" HEIGHT="43" WIDTH="121" VPOS="3415" HPOS="717"/>
<SP HEIGHT="48" WIDTH="31" VPOS="3414" HPOS="839"/>
<String CONTENT="Einar" HEIGHT="48" WIDTH="143" VPOS="3414" HPOS="871"/>
<SP HEIGHT="48" WIDTH="27" VPOS="3415" HPOS="1015"/>
<String CONTENT="Edwin." HEIGHT="48" WIDTH="174" VPOS="3415" HPOS="1043"/>
</TextLine>
<TextLine HEIGHT="65" WIDTH="1855" VPOS="3468" HPOS="324" CS="1">
<String CONTENT="&#169;" HEIGHT="53" WIDTH="56" VPOS="3468" HPOS="324"/>
<SP HEIGHT="53" WIDTH="31" VPOS="3468" HPOS="381"/>
<String CONTENT="Nov." HEIGHT="43" WIDTH="117" VPOS="3471" HPOS="413"/>
<SP HEIGHT="43" WIDTH="29" VPOS="3471" HPOS="531"/>
<String CONTENT="3," HEIGHT="51" WIDTH="38" VPOS="3471" HPOS="561"/>
<SP HEIGHT="50" WIDTH="33" VPOS="3472" HPOS="600"/>
<String CONTENT="1926;" HEIGHT="52" WIDTH="128" VPOS="3471" HPOS="634"/>
<SP/>
<String CS="1" CONTENT="1c."/>
<SP HEIGHT="43" WIDTH="33" VPOS="3472" HPOS="859"/>
<String CONTENT="Dec." HEIGHT="45" WIDTH="108" VPOS="3472" HPOS="893"/>
<SP HEIGHT="42" WIDTH="28" VPOS="3475" HPOS="1002"/>
<String CONTENT="4;" HEIGHT="51" WIDTH="50" VPOS="3475" HPOS="1031"/>
<SP HEIGHT="51" WIDTH="31" VPOS="3475" HPOS="1082"/>
<!-- cceid 05BA45F1-6E1B-1014-9B7B-CA07F191E62B --><String CONTENT="A&#8212;Foreign" HEIGHT="55" WIDTH="302" VPOS="3474" HPOS="1114"/>
<SP HEIGHT="43" WIDTH="30" VPOS="3477" HPOS="1417"/>
<String CONTENT="32395;" HEIGHT="53" WIDTH="161" VPOS="3476" HPOS="1448"/>
<SP HEIGHT="50" WIDTH="33" VPOS="3479" HPOS="1610"/>
<String CONTENT="H." HEIGHT="42" WIDTH="61" VPOS="3479" HPOS="1644"/>
<SP HEIGHT="44" WIDTH="31" VPOS="3478" HPOS="1706"/>
<String CONTENT="Aschehoug" HEIGHT="55" WIDTH="278" VPOS="3478" HPOS="1738"/>
<SP HEIGHT="52" WIDTH="27" VPOS="3481" HPOS="2017"/>
<String CONTENT="&amp;" HEIGHT="44" WIDTH="39" VPOS="3481" HPOS="2045"/>
<SP HEIGHT="44" WIDTH="26" VPOS="3481" HPOS="2085"/>
<String CONTENT="co." HEIGHT="30" WIDTH="67" VPOS="3496" HPOS="2112"/>
</TextLine>
<TextLine HEIGHT="77" WIDTH="976" VPOS="3584" HPOS="329" STYLEREFS="StyleId-6336F81E-D02C-432E-BE77-1BAF2E95ADE2-">
<String CONTENT="Ellis," HEIGHT="70" WIDTH="172" VPOS="3584" HPOS="329"/>
<SP HEIGHT="68" WIDTH="43" VPOS="3586" HPOS="502"/>
<String CONTENT="Mary" HEIGHT="73" WIDTH="187" VPOS="3586" HPOS="546"/>
<SP HEIGHT="72" WIDTH="39" VPOS="3587" HPOS="734"/>
<String CONTENT="Rebecca," HEIGHT="75" WIDTH="294" VPOS="3586" HPOS="774"/>
<SP HEIGHT="67" WIDTH="45" VPOS="3594" HPOS="1069"/>
<String CONTENT="1867-" HEIGHT="57" WIDTH="190" VPOS="3593" HPOS="1115"/>
</TextLine>
<TextLine HEIGHT="84" WIDTH="1913" VPOS="3675" HPOS="409" STYLEREFS="StyleId-6336F81E-D02C-432E-BE77-1BAF2E95ADE2-">
<String CONTENT="The" HEIGHT="61" WIDTH="129" VPOS="3675" HPOS="409"/>
<SP HEIGHT="59" WIDTH="24" VPOS="3677" HPOS="539"/>
<String CONTENT="house" HEIGHT="57" WIDTH="193" VPOS="3677" HPOS="564"/>
<SP HEIGHT="42" WIDTH="24" VPOS="3697" HPOS="758"/>
<String CONTENT="of" HEIGHT="60" WIDTH="70" VPOS="3679" HPOS="783"/>
<SP HEIGHT="58" WIDTH="20" VPOS="3678" HPOS="854"/>
<String CONTENT="Mansur," HEIGHT="73" WIDTH="282" VPOS="3678" HPOS="875"/>
<SP HEIGHT="52" WIDTH="26" VPOS="3701" HPOS="1158"/>
<String CONTENT="published" HEIGHT="70" WIDTH="331" VPOS="3683" HPOS="1185"/>
<SP HEIGHT="56" WIDTH="20" VPOS="3686" HPOS="1517"/>
<String CONTENT="by" HEIGHT="70" WIDTH="83" VPOS="3686" HPOS="1538"/>
<SP HEIGHT="69" WIDTH="25" VPOS="3687" HPOS="1622"/>
<String CONTENT="Mary" HEIGHT="72" WIDTH="186" VPOS="3687" HPOS="1648"/>
<SP HEIGHT="71" WIDTH="23" VPOS="3688" HPOS="1835"/>
<String CONTENT="Rebecca" HEIGHT="58" WIDTH="276" VPOS="3688" HPOS="1859"/>
<SP HEIGHT="56" WIDTH="28" VPOS="3690" HPOS="2136"/>
<String CONTENT="Ellis" HEIGHT="58" WIDTH="157" VPOS="3689" HPOS="2165"/>
</TextLine>
<TextLine HEIGHT="85" WIDTH="1922" VPOS="3754" HPOS="400" STYLEREFS="StyleId-6336F81E-D02C-432E-BE77-1BAF2E95ADE2-" CS="1">
<String CS="1" CONTENT="&#8230;"/>
<SP HEIGHT="58" WIDTH="83" VPOS="3754" HPOS="400"/>
<String CONTENT="Jefferson" HEIGHT="58" WIDTH="323" VPOS="3754" HPOS="484"/>
<SP HEIGHT="60" WIDTH="28" VPOS="3755" HPOS="808"/>
<String CONTENT="City," HEIGHT="74" WIDTH="161" VPOS="3755" HPOS="837"/>
<SP HEIGHT="70" WIDTH="31" VPOS="3759" HPOS="999"/>
<String CONTENT="Mo.," HEIGHT="73" WIDTH="142" VPOS="3759" HPOS="1031"/>
<SP HEIGHT="70" WIDTH="31" VPOS="3762" HPOS="1174"/>
<String CONTENT="The" HEIGHT="58" WIDTH="127" VPOS="3760" HPOS="1206"/>
<SP HEIGHT="57" WIDTH="30" VPOS="3761" HPOS="1334"/>
<String CONTENT="Hugh" HEIGHT="73" WIDTH="193" VPOS="3761" HPOS="1365"/>
<SP HEIGHT="59" WIDTH="28" VPOS="3762" HPOS="1559"/>
<String CONTENT="Stephens" HEIGHT="73" WIDTH="307" VPOS="3763" HPOS="1588"/>
<SP HEIGHT="52" WIDTH="28" VPOS="3785" HPOS="1896"/>
<String CONTENT="press," HEIGHT="54" WIDTH="199" VPOS="3785" HPOS="1925"/>
<SP HEIGHT="69" WIDTH="31" VPOS="3770" HPOS="2125"/>
<String CONTENT="1926." HEIGHT="57" WIDTH="165" VPOS="3768" HPOS="2157"/>
</TextLine>
<TextLine HEIGHT="56" WIDTH="1154" VPOS="3832" HPOS="400" CS="1">
<String CONTENT="243" HEIGHT="43" WIDTH="80" VPOS="3832" HPOS="400"/>
<SP HEIGHT="52" WIDTH="27" VPOS="3832" HPOS="481"/>
<String CONTENT="p." HEIGHT="38" WIDTH="37" VPOS="3846" HPOS="509"/>
<SP HEIGHT="37" WIDTH="60" VPOS="3847" HPOS="547"/>
<String CONTENT="plates," HEIGHT="54" WIDTH="156" VPOS="3832" HPOS="608"/>
<SP HEIGHT="38" WIDTH="27" VPOS="3848" HPOS="765"/>
<String CONTENT="ports.," HEIGHT="47" WIDTH="154" VPOS="3841" HPOS="793"/>
<SP HEIGHT="37" WIDTH="28" VPOS="3851" HPOS="948"/>
<String CONTENT="coats" HEIGHT="38" WIDTH="124" VPOS="3843" HPOS="977"/>
<SP HEIGHT="29" WIDTH="28" VPOS="3852" HPOS="1102"/>
<String CONTENT="of" HEIGHT="44" WIDTH="52" VPOS="3837" HPOS="1131"/>
<SP HEIGHT="45" WIDTH="25" VPOS="3837" HPOS="1184"/>
<String CONTENT="arms." HEIGHT="30" WIDTH="135" VPOS="3852" HPOS="1210"/>
<SP HEIGHT="42" WIDTH="56" VPOS="3840" HPOS="1346"/>
<String CS="1" CONTENT="23&#189;" HEIGHT="44" WIDTH="54" VPOS="3840" HPOS="1403"/>
<String STYLE="superscript" CS="1" CONTENT="cm" HEIGHT="18" WIDTH="30" VPOS="3842" HPOS="1510"/>
<String CONTENT="." HEIGHT="8" WIDTH="9" VPOS="3874" HPOS="1545"/>
</TextLine>
<TextLine HEIGHT="66" WIDTH="1997" VPOS="3886" HPOS="323">
<String CONTENT="&#169;" HEIGHT="52" WIDTH="57" VPOS="3886" HPOS="323"/>
<SP HEIGHT="52" WIDTH="26" VPOS="3886" HPOS="381"/>
<String CONTENT="Sept." HEIGHT="53" WIDTH="122" VPOS="3886" HPOS="408"/>
<SP HEIGHT="42" WIDTH="20" VPOS="3889" HPOS="531"/>
<String CONTENT="25," HEIGHT="53" WIDTH="68" VPOS="3887" HPOS="552"/>
<SP HEIGHT="49" WIDTH="28" VPOS="3891" HPOS="621"/>
<String CONTENT="1926;" HEIGHT="52" WIDTH="128" VPOS="3890" HPOS="650"/>
<SP HEIGHT="51" WIDTH="26" VPOS="3891" HPOS="779"/>
<String CONTENT="2c." HEIGHT="44" WIDTH="64" VPOS="3891" HPOS="806"/>
<SP HEIGHT="28" WIDTH="26" VPOS="3907" HPOS="871"/>
<String CONTENT="and" HEIGHT="41" WIDTH="88" VPOS="3894" HPOS="898"/>
<SP HEIGHT="42" WIDTH="22" VPOS="3894" HPOS="987"/>
<String CONTENT="aff." HEIGHT="43" WIDTH="79" VPOS="3894" HPOS="1010"/>
<SP HEIGHT="42" WIDTH="27" VPOS="3895" HPOS="1090"/>
<String CONTENT="Nov." HEIGHT="43" WIDTH="118" VPOS="3895" HPOS="1118"/>
<SP HEIGHT="43" WIDTH="22" VPOS="3895" HPOS="1237"/>
<String CONTENT="24;" HEIGHT="52" WIDTH="80" VPOS="3895" HPOS="1260"/>
<SP HEIGHT="51" WIDTH="28" VPOS="3896" HPOS="1341"/>
<!-- cceid 05BA64FF-6E1B-1014-9B7B-CA07F191E62B --><String CONTENT="A" HEIGHT="42" WIDTH="44" VPOS="3896" HPOS="1370"/>
<SP HEIGHT="44" WIDTH="24" VPOS="3896" HPOS="1415"/>
<String CONTENT="958118;" HEIGHT="55" WIDTH="189" VPOS="3895" HPOS="1440"/>
<SP HEIGHT="51" WIDTH="29" VPOS="3899" HPOS="1630"/>
<String LANG="la" CONTENT="M." HEIGHT="43" WIDTH="65" VPOS="3899" HPOS="1660"/>
<SP HEIGHT="42" WIDTH="28" VPOS="3900" HPOS="1726"/>
<String CONTENT="R." HEIGHT="43" WIDTH="53" VPOS="3900" HPOS="1755"/>
<SP HEIGHT="47" WIDTH="25" VPOS="3899" HPOS="1809"/>
<String CONTENT="Ellis," HEIGHT="53" WIDTH="129" VPOS="3899" HPOS="1835"/>
<SP HEIGHT="52" WIDTH="26" VPOS="3900" HPOS="1965"/>
<String CONTENT="Kansas" HEIGHT="44" WIDTH="180" VPOS="3900" HPOS="1992"/>
<SP HEIGHT="45" WIDTH="29" VPOS="3900" HPOS="2173"/>
<String CONTENT="City," HEIGHT="52" WIDTH="117" VPOS="3900" HPOS="2203"/>
</TextLine>
<TextLine HEIGHT="57" WIDTH="431" VPOS="3945" HPOS="399">
<String CONTENT="Mo." HEIGHT="43" WIDTH="92" VPOS="3945" HPOS="399"/>
<SP HEIGHT="52" WIDTH="68" VPOS="3947" HPOS="492"/>
<String CONTENT="(26-21719)" HEIGHT="56" WIDTH="269" VPOS="3946" HPOS="561"/>
</TextLine>
</TextBlock>
</PrintSpace>
</Page>
</Layout>
</alto>