2542 4285
1159 3986 147 57 1347

292 470 79 44 320
399 483 40 35 p.
500 467 82 47 col.
617 468 140 43 front.
820 468 51 44 19
876 469 47 18 cm
929 502 8 9 .

221 522 55 53 ©
306 523 120 51 Sept.
457 521 59 48 15,
548 521 128 51 1926;
704 521 63 42 2c.
797 520 85 43 and
909 520 77 42 aff.
1016 519 116 43 Nov.
1160 519 77 50 22;
1269 519 43 42 A
1338 516 190 53 957189;
1558 518 56 42 A.
1643 517 51 47 E.
1726 517 266 52 Blanchard,
2023 518 182 43 Boston.

301 579 266 55 (26-21299)

229 651 299 69 Bottome,
564 647 257 75 Phyllis.

304 727 128 57 The
460 729 116 71 rat,
608 745 35 37 a
670 727 180 56 novel
878 726 192 56 based
1099 743 79 40 on
1207 724 103 57 the
1337 723 150 72 play
1512 725 81 70 by
1621 724 150 55 Ivor
1800 723 256 57 Novello
2090 724 120 58 and

229 800 1981 74 Constance Collier, by Phyllis Bottome … London, P.
225 881 188 59 Allan
442 881 48 58 &
519 901 104 49 co.,
656 880 109 58 ltd.
801 881 180 71 [1926;

294 958 80 45 283
406 975 39 37 p.
507 958 151 49 front.,
691 958 155 53 plates.
909 957 50 45 18½c
1011 959 30 18 m
1047 991 8 9 .

225 1011 1984 57 © 1c. Sept. 23, 1926; A ad int. 8546; pubd. July 30; George H. Doran co.,
296 1073 116 44 New
449 1073 141 43 York.
659 1070 269 55 (26-21007)

224 1144 192 72 Boyd,
465 1143 186 57 Mark
695 1143 68 57 F.

305 1222 250 57 Studies
593 1221 67 57 of
696 1222 103 56 the
838 1221 456 71 epidemiology
1330 1220 68 56 of
1432 1220 264 56 malaria
1733 1219 66 56 in
1836 1219 103 57 the
1979 1218 237 58 coastal

225 1301 298 56 lowlands
558 1300 66 57 of
659 1300 228 72 Brazil,
922 1300 181 56 made
1136 1299 218 57 before
1392 1299 124 57 and
1550 1298 167 57 after
1752 1299 104 56 the
1892 1297 323 57 execution

227 1376 1987 73 of control measures, by Mark F. Boyd, M. D. Baltimore,
226 1457 146 69 Md.,
407 1456 128 56 The
566 1455 333 57 American
933 1456 253 71 journal
1219 1455 66 56 of
1315 1454 284 73 hygiene,
1637 1456 163 56 1926.

377 1531 1834 54 v, 261 p. illus., tables. 26 cm . ([The American journal of hygiene;
225 1588 321 55 monographic
583 1589 150 44 series,
792 1605 70 28 no.
902 1588 35 53 5,
978 1591 125 52 May,
1143 1589 147 55 1926])

227 1646 53 52 ©
313 1649 111 49 May
459 1645 62 54 15,
554 1647 129 51 1926;
716 1648 64 41 2c.
814 1648 108 42 Dec.
954 1647 50 51 2;
1037 1648 78 42 aff.
1148 1648 107 42 Dec.
1294 1649 46 49 1;
1376 1647 43 41 A
1451 1645 187 53 958204;
1674 1647 245 42 American
1952 1647 181 52 journal
2165 1647 51 43 of

293 1702 203 55 hygiene.

233 1774 305 72 Brubach,
573 1775 259 57 Marius.

231 1852 1965 149 … Le studio violet, images de Marcelle Vincent. Paris,
368 1928 1098 76 Éditions de “La Griffe” [ c 1926]
298 2005 904 57 4 p. 1, 11-76 p., 1 l. illus. 18 ½c m .
302 2065 176 44 Poems.

229 2120 1848 54 © Aug. 4, 1926; 1c. Aug. 23; A— Foreign 32008; M. Brubach, Paris.
305 2176 267 57 (26-21022)

229 2250 231 68 Bruun,
510 2250 239 72 Daniel,
797 2253 188 56 1856-

307 2328 518 72 Manddomsaar;
872 2331 78 56 da
993 2330 108 72 jeg
1141 2350 118 36 var
1301 2331 365 57 “Lvseblaa
1708 2332 355 71 gendarm”
2106 2332 114 56 hos

229 2407 373 57 huleboerne
644 2408 22 55 i
711 2408 300 57 Tunisien
1052 2409 244 57 mellem
1341 2409 263 72 fangere
1650 2429 80 53 og
1771 2409 243 73 jægere,
231 2410 1967 147 erindringer

228 2487 1970 149 med dagbogsskitser af Daniel Bruun. K ø benhavn,
454 2562 364 75 Gyldendal,
860 2564 276 59 Nordisk
1175 2566 227 73 forlag,
1445 2568 164 56 1926.

299 2640 81 44 224
414 2655 37 37 p.
516 2640 150 51 front.,
704 2641 129 53 illus.,
867 2642 156 53 plates,
1056 2657 139 38 maps.
1257 2641 53 46 25
1318 2646 46 19 cm
1372 2678 8 8 .

301 2698 177 52 “Oplag:
545 2697 103 45 1500
683 2698 344 55 eksemplarer.”

232 2753 1990 59 © Oct. 2, 1926; 1c. Nov. 15; A— Foreign 32183; Gyldendalske boghandel,
303 2812 205 44 Nordisk
544 2811 162 58 forlag.

235 2879 212 73 Cabot,
491 2880 278 61 Richard
814 2883 242 74 Clarke,
1104 2889 187 56 1868-

306 2960 398 62 Adventures
732 2981 77 42 on
836 2965 103 58 the
966 2966 412 61 borderlands
1409 2970 68 56 of
1505 2965 211 75 ethics,
1741 2968 84 72 by
1851 2964 274 61 Richard
2158 2965 64 60 C.

233 3037 1972 79 Cabot … New York and London, Harper & brothers,
232 3117 165 58 1926.

301 3192 884 56 viii p., 1 l., 152 p. diagr. 21½cm.
304 3250 152 45 “First
489 3251 210 46 edition.”

305 3305 105 47 “All
446 3309 52 43 of
533 3309 75 45 the
643 3310 208 43 material
888 3311 106 47 here
1030 3311 181 50 printed
1246 3314 81 44 has
1366 3315 185 50 already
1588 3314 224 51 appeared
1853 3315 44 44 in
1934 3315 75 46 the
2049 3316 147 45 Survey

233 3361 416 50 graphic.”—Pref.

306 3417 265 46 CONTENTS.
586 3446 59 8 —
658 3422 44 43 A
746 3422 98 50 plea
891 3424 73 45 for
1008 3441 24 28 a
1075 3424 177 45 clinical
1297 3440 110 37 year
1450 3427 43 43 in
1539 3427 75 45 the
1655 3441 165 31 course
1862 3429 51 45 of
1956 3429 271 53 theological

236 3474 363 51 study.—Ethics
644 3481 89 43 and
774 3479 77 46 the
893 3480 191 46 medical
1126 3481 492 49 profession.—Ethics
1660 3486 88 43 and
1790 3486 438 47 business.—Ethics

234 3533 88 44 and
348 3531 471 48 education.—Ethics
847 3537 88 44 and
964 3537 141 45 social
1133 3539 144 44 work.

234 3582 56 54 ©
320 3585 116 44 Nov.
471 3584 63 53 15,
567 3587 128 52 1926;
726 3588 62 43 2c.
819 3589 118 44 Nov.
972 3591 74 51 13;
1078 3591 77 44 aff.
1187 3591 118 44 Nov.
1341 3591 73 53 17;
1447 3593 43 42 A
1520 3592 188 54 950988;
1742 3596 183 52 Harper
1955 3597 37 44 &
2023 3598 120 43 bros.

314 3641 268 56 (26-21367)

242 3698 207 70 Carré,
493 3701 162 58 Jean
694 3702 219 74 Marie,
955 3708 188 56 1887-

379 3778 1782 74 … La vie aventureuse de Jean-Arthur Rimbaud …
237 3855 1103 84 Paris, Plon-Nourrit et c ie [ c 1926]
