2609 4293
0 0 0 0 111
139 317 247 68 Stroud,
419 319 152 54 Mrs.
603 313 271 59 Malden,

211 396 223 56 Poems
467 393 124 56 and
620 393 177 56 other
825 395 233 54 matter
1090 410 79 38 on
1199 391 105 57 the
1332 390 108 57 Ku
1469 391 173 56 Klux
1668 391 164 71 klan,
1861 392 82 73 by
1972 395 152 56 Mrs.

135 472 251 57 Malden
420 470 251 58 Stroud.
757 468 389 74 [Hammond,
1180 468 153 72 Ind.]
1371 467 265 58 Printed
1669 470 104 55 for
1806 470 105 57 the
135 469 1966 139 Protestant
372 547 294 57 non-klan
701 546 252 71 society,
989 545 165 57 1925.

201 625 55 45 87
291 641 40 38 p.
394 626 48 43 18½cm.

136 680 52 54 ©
220 683 109 41 Dec.
364 682 66 51 30,
467 678 128 53 1925;
631 680 66 42 2c.
733 680 87 42 and
854 679 78 42 aff.
968 679 98 51 Jan.
1107 679 62 50 11,
1209 677 129 52 1926;
1378 679 44 41 A
1459 677 187 53 875810;
1686 680 114 42 Mrs.
1839 681 65 42 M.
1944 678 180 55 Stroud,

205 737 325 51 Chattanooga,
569 737 104 42 Okl.
742 733 243 55 (26-3175)

134 822 298 72 Symmes,
475 818 168 59 John
684 817 233 73 Cleves,
960 819 358 57 1742-1814.

211 898 129 57 The
377 897 529 71 correspondence
946 895 69 58 of
1048 895 172 58 John
1257 893 218 60 Cleves
1516 896 302 72 Symmes,
1855 898 270 57 founder

133 973 69 59 of
227 976 103 56 the
360 974 219 57 Miami
608 973 308 72 purchase;
981 971 220 72 chiefly
1229 973 169 57 from
1427 972 105 58 the
1563 974 321 58 collection
1914 976 67 56 of
133 976 1965 134 Peter

257 1049 1866 74 G. Thomson, edited by Beverley W. Bond, jr. … New
133 1130 188 71 York,
361 1129 153 57 Pub.
555 1129 107 57 for
697 1128 105 57 the
841 1126 350 58 Historical
1231 1128 122 57 and
1392 1127 457 72 philosophical
1889 1129 233 72 society

133 1208 67 58 of
227 1207 157 59 Ohio
407 1207 84 71 by
513 1207 104 57 the
644 1205 362 58 Macmillan
1031 1223 324 53 company,
1383 1206 166 57 1926.

201 1282 1758 57 xii p., 2 l., 312 p. 2 port. (incl. front.) facsims. (1 double) 22½cm.
203 1343 203 45 “Letters
436 1341 120 44 from
584 1340 227 52 Jonathan
842 1341 184 51 Dayton
1057 1347 44 36 to
1132 1339 119 52 John
1283 1339 157 44 Cleves
1475 1339 230 53 Symmes”
1725 1355 9 28 :
1767 1356 38 37 p.
1839 1339 201 46 197-277.

133 1397 52 53 ©
211 1398 105 44 Feb.
341 1398 38 50 2,
409 1397 105 43 1926;
567 1397 64 43 2c.
659 1397 87 42 and
771 1396 79 43 aff.
879 1394 108 45 Feb.
1017 1396 49 51 3;
1096 1396 44 41 A
1169 1395 188 52 883162;
1388 1396 265 43 Macmillan
1681 1412 65 28 co.

211 1453 240 56 (26-3239)

135 1525 130 68 Sze,
305 1523 356 73 Tsung-Yu,
700 1526 189 56 1900-

211 1600 198 61 China
449 1602 122 57 and
611 1601 104 58 the
754 1598 706 60 most-favored-nation
1502 1600 226 71 clause,
1771 1602 82 70 by
1893 1602 237 72 Tsung-

131 1676 1998 76 Yu Sze … New York, Chicago [etc.] Fleming H. Revell
130 1776 306 53 company
505 1758 164 71 [c1925]

204 1834 81 45 267
329 1849 39 38 p.
428 1837 26 41 23½c
533 1837 29 17 m
569 1870 9 9 .

206 1891 383 54 Bibliographical
623 1891 262 44 foot-notes.

131 1947 53 53 ©
213 1950 99 50 Jan.
341 1949 64 48 23,
442 1948 129 52 1926;
603 1948 64 42 2c.
700 1948 86 43 and
817 1948 78 42 aff.
928 1948 99 51 Jan.
1061 1946 77 53 30;
1173 1947 44 41 A
1252 1946 189 53 883089;
1476 1945 210 55 Fleming
1719 1948 61 43 H.
1816 1948 156 44 Revell
2005 1964 66 29 co.

210 2004 241 55 (26-3172)

134 2074 381 73 Thackeray,
554 2065 282 68 William
872 2073 394 72 Makepeace,
1308 2076 358 57 1811-1863.

207 2151 59 57 A
289 2151 160 58 book
476 2151 67 58 of
569 2151 315 72 drawings
910 2153 84 70 by
1016 2149 282 60 William
1323 2151 377 71 Makepeace
1730 2152 366 72 Thackeray;

131 2248 36 38 a
209 2229 193 58 series
443 2229 69 57 of
547 2228 539 71 metamorphoses
1127 2228 183 57 made
1350 2228 66 57 in
1457 2229 457 74 Philadelphia,
1958 2232 167 70 1853,

133 2306 1996 74 for the children of William B. Reed … with a note by
129 2384 211 73 Agnes
369 2383 316 73 Repplier.
757 2383 472 74 [Philadelphia]
1259 2384 167 57 1925.

200 2461 1395 55 5 p. l., 17-28, [2] p. 1 illus., fold. plates. 12½ x 15½cm.
203 2520 126 44 “The
364 2520 156 44 fourth
553 2519 117 44 book
703 2519 149 44 issued
883 2518 58 53 by
974 2518 74 45 the
1083 2518 187 44 Pennell
1303 2517 114 45 club.
1480 2518 68 44 Of
1580 2519 74 44 the
1688 2535 84 29 one
1804 2519 204 45 hundred
2041 2523 85 42 and

133 2573 1991 56 ten copies of this book, this is … printer’s copy.” Signed: Agnes Repplier,
132 2633 162 54 Ioseph
324 2632 200 47 Pennell.

131 2688 52 54 ©
216 2691 108 43 Dec.
357 2691 65 51 24,
461 2688 128 53 1925;
624 2690 63 42 2c.
721 2690 119 51 Jan.,
858 2689 60 51 11,
958 2688 132 53 1926;
1126 2688 78 43 aff.
1239 2690 99 51 Jan.
1373 2689 77 52 22;
1486 2691 44 41 A
1564 2690 189 52 881441;
1794 2692 185 42 Pennell
2013 2693 115 51 club,

203 2747 324 51 Philadelphia.
596 2745 242 54 (26-3006)

130 2816 433 73 Vandenberg,
601 2815 246 58 Arthur
885 2813 339 70 Hendrick,
1268 2817 190 56 1884-

133 2890 1968 153 The trail of a tradition … by Arthur Hendrick Vandenberg …
584 2970 151 58 New
766 2969 175 58 York
974 2972 62 55 &
1069 2970 277 72 London,
1384 2969 68 59 G.
1487 2970 70 58 P.
1593 2971 333 60 Putnam’s
1963 2992 162 53 sons,

129 3051 166 56 1926.

200 3125 905 56 xxiii, 405 p. front. (port.) 23 cm .
204 3184 124 45 “The
361 3184 214 44 tradition
610 3184 37 44 is
682 3182 352 54 ‘independence’
1070 3182 246 44 first—and
1352 3182 237 45 ‘isolation’
1626 3184 106 53 only
1767 3199 49 29 as
1851 3201 25 29 a
1912 3186 212 53 practical

131 3241 282 45 contributor
439 3241 174 44 thereto
640 3241 87 43 and
751 3240 105 44 then
883 3241 107 52 only
1016 3240 46 43 in
1090 3255 25 29 a
1141 3239 215 54 practical
1383 3240 524 53 degree.”—Foreword.

129 3296 55 54 ©
212 3299 98 51 Jan.
339 3298 67 52 29,
438 3297 129 51 1926;
600 3297 63 43 2c.
694 3298 87 42 and
809 3297 78 43 aff.
920 3296 106 44 Feb.
1056 3297 50 52 2;
1140 3298 44 41 A
1216 3295 164 45 879475;
1439 3298 57 42 A.
1529 3298 63 43 H.
1622 3299 319 53 Vandenberg,
1975 3299 152 45 Grand

203 3354 184 53 Rapids,
427 3353 140 44 Mich.
635 3351 242 56 (26-3235)

132 3423 316 58 Vermont.
527 3423 303 73 Supreme
871 3427 191 53 court.

208 3498 1919 77 Reports of cases argued and determined … By Charles
132 3578 74 57 A.
256 3578 247 58 Shields.
604 3597 55 37 v.
708 3580 90 70 97,
843 3597 135 38 new
1024 3578 213 72 series,
1283 3598 55 37 v.
1389 3581 50 54 2.
1523 3579 396 74 Burlington,
1968 3581 158 57 Free

132 3675 183 52 press
345 3655 287 73 printing
664 3675 105 53 co.,
805 3657 166 56 1925.

199 3731 161 52 xxviii,
390 3732 81 45 602
502 3746 40 38 p.
602 3733 52 43 23
663 3735 46 18 cm
716 3766 8 8 .

132 3786 55 55 ©
210 3789 115 52 June
347 3788 66 51 29,
445 3787 127 53 1925;
628 3804 35 29 1c.
689 3789 98 52 Jan.
816 3786 63 55 15,
907 3788 129 52 1926;
1093 3803 34 29 1c.
1153 3789 99 52 Jan.
1281 3788 74 53 16;
1382 3789 78 44 aff.
1487 3789 101 45 Oct.
1618 3791 61 51 19,
1708 3788 129 55 1925;
1866 3791 44 42 A
1935 3788 188 55 875889;

204 3846 158 43 Aaron
389 3846 61 42 H.
480 3845 156 52 Grout,
667 3853 228 45 secretary
923 3845 51 44 of
1001 3852 116 37 state
1148 3847 74 42 for
1249 3845 74 44 the
1351 3852 114 37 state
1494 3846 52 44 of
1572 3847 237 51 Vermont,
1839 3847 289 52 Montpelier,

202 3900 80 46 Vt.
