2542 4285
1029 3995 108 57 577

122 386 329 58 American
481 385 252 74 poultry
761 385 390 58 association.

199 463 1893 71 The American standard of perfection … A complete
121 540 380 70 description
545 540 65 56 of
655 540 82 56 all
782 540 362 71 recognized
1187 540 296 56 varieties
1531 540 66 56 of
1642 540 197 71 fowls,
1888 559 69 37 as
119 560 1949 114 revised
330 618 79 69 by
447 617 104 56 the
587 616 333 57 American
958 617 255 70 poultry
1250 616 376 57 association
1668 620 63 53 at
1771 617 84 56 its
120 617 1974 133 forty-seventh
406 694 227 55 annual
660 694 271 71 meeting
963 696 67 53 at
1056 693 352 71 Knoxville,
1441 695 208 69 Tenn.,
1682 695 162 55 1922.
1922 694 174 72 [Fort

116 770 256 68 Wayne,
409 770 133 57 Ind.]
600 771 126 55 The
762 770 333 56 American
1128 770 255 68 poultry
1419 770 391 68 association,
1850 771 163 56 1926.

183 858 81 44 438
293 873 39 38 p.
393 859 115 43 illus.
564 858 56 43 20
625 861 46 17 cm
677 893 9 9 .

112 927 56 54 ©
197 930 109 51 Apr.
340 930 32 50 1,
405 928 105 43 1926
525 944 9 36 ;
562 929 65 43 2c.
658 930 111 50 May
798 927 24 44 6
837 943 8 38 ;
877 929 77 42 aff.
987 929 110 51 May
1124 928 53 43 26
1192 943 8 37 ;
1233 928 43 42 A
1308 927 162 44 890927
1485 942 9 39 ;
1526 929 151 42 Amer,
1708 929 180 52 poultry
1918 943 115 29 assn.

112 1040 469 74 Aristophanes.

257 1131 1832 74 … Le commedie … [t. 1-4] Con incisioni di A. de
116 1209 258 58 Carolis.
455 1210 297 72 Bologna,
788 1210 71 55 N.
895 1209 335 57 Zanichelli
1266 1241 12 42 [
1282 1219 16 20 c
1303 1211 162 72 1924]

182 1302 27 41 4
236 1314 40 29 V.
336 1299 113 43 illus.
507 1299 51 42 21
568 1302 46 16 cm
621 1332 7 8 .
696 1296 287 56 (Half-title:
1018 1299 21 41 I
1069 1298 118 52 poeti
1216 1298 122 53 greci
1355 1313 9 37 ;
1397 1299 185 43 tradotti
1613 1299 53 43 da
1699 1297 50 48 E.
1783 1299 298 55 Romagnoli)

180 1371 65 43 At
274 1370 116 43 head
421 1370 50 43 of
502 1369 118 44 title:
656 1368 282 45 Aristofane.

181 1427 134 43 Head
349 1427 86 43 and
469 1426 77 43 tail
581 1426 158 52 pieces.

110 1493 1980 56 © Dec. 30, 1924; 1c. each Feb. 12, 1926; A—Foreign 30160–30163 ; Casa
206 1551 873 55 e ditrice N . Zanichelli. (26-11291)
108 1651 346 71 Aubarède,
493 1651 253 59 Gabriel
780 1650 75 57 d’.

251 1738 1805 75 … Le jeune homme puéril. Paris, Plon-Nourrit et cie
108 1848 13 43 [
125 1828 19 21 c
146 1821 161 71 1926]

177 1907 1913 56 3 p. l., 231 p. 18 ½ cm . ( Half-title : L’aubier; collection de romans et
106 1968 196 44 d’essais.
361 1966 50 53 6)

106 2032 1862 59 © Mar. 5, 1926; 1c. Apr. 19; A— Foreign 30758; Plon-Nourrit & co.
184 2094 267 55 (26-11292)

105 2197 253 66 Barnes,
399 2195 213 71 Harry
645 2191 227 72 Elmer,
912 2194 187 56 1889-

182 2283 127 57 The
337 2281 356 72 repression
718 2281 66 57 of
811 2279 219 70 crime;
1059 2279 238 58 studies
1323 2279 65 56 in
1412 2278 324 59 historical
1760 2284 324 71 penology,

105 2357 1979 77 by Harry Elmer Bames … New York, George H. Doran
101 2458 304 54 company
431 2468 15 44 [
449 2440 16 18 c
469 2439 164 75 1926]

171 2529 699 55 xvi p., 1 l. , 19-382 p. 21 cm .
174 2602 231 47 “Selected
432 2598 278 47 references”
736 2605 46 37 at
809 2599 84 44 end
916 2599 52 43 of
995 2598 108 43 each
1128 2598 194 51 chapter.

103 2673 53 54 ©
183 2675 110 51 May
321 2673 61 50 14,
413 2671 104 44 1926
533 2686 8 38 ;
569 2671 63 43 2c.
660 2671 111 51 May
801 2670 73 51 18;
903 2669 76 43 aff.
1009 2669 111 52 May
1149 2669 75 51 19;
1253 2669 43 42 A
1324 2668 186 53 890836;
1540 2668 177 54 George
1743 2670 61 43 H.
1833 2671 158 43 Doran
2015 2687 65 28 co.

179 2727 268 57 (26-11225)

102 2832 184 68 Born,
324 2828 168 71 Max,
534 2828 187 58 1882-

178 2919 323 59 Problems
544 2920 65 57 of
652 2914 224 62 atomic
917 2914 350 73 dynamics;
1309 2921 119 53 two
1473 2918 191 58 series
1708 2918 66 56 of
1814 2920 266 57 lectures

102 2992 1954 155 on : I. The structure of the atom (20 lectures) II. The lattice theory of rigid bodies (10 lectures) by Max Born …
103 3156 95 56 1st
249 3155 90 56 ed.
431 3149 390 73 Cambridge,
872 3149 210 70 Mass.,
1133 3149 495 59 Massachusetts
1678 3146 285 61 institute
2013 3151 67 57 of

101 3233 383 70 technology,
515 3230 162 56 1926.

169 3316 866 59 xiv p., 1 l. , 200 p. diagrs. 23 cm .
172 3394 125 45 “The
333 3393 192 43 lectures
563 3390 146 44 which
747 3388 245 45 constitute
1028 3388 88 45 this
1154 3388 123 45 book
1313 3403 76 29 are
1426 3388 133 50 given
1598 3388 95 51 just
1731 3403 48 29 as
1819 3389 104 51 they
1962 3404 117 31 were

100 3451 239 54 presented
370 3456 46 36 at
448 3449 74 44 the
552 3445 356 45 Massachusetts
942 3443 207 45 institute
1179 3445 52 44 of
1261 3444 270 51 technology
1565 3444 121 43 from
1719 3445 260 46 November
2017 3447 60 46 14,

104 3507 117 52 1925,
260 3514 46 37 to
345 3507 202 51 January
581 3502 66 52 22,
690 3501 114 52 1926,
845 3500 194 46 without
1078 3516 85 36 any
1202 3498 545 53 amplification.”—Pref.

97 3561 53 54 ©
184 3563 111 50 May
330 3561 61 49 11,
427 3558 127 51 1926;
588 3558 63 42 2c.
687 3557 110 51 May
833 3556 74 50 14;
943 3556 77 42 aff.
1058 3555 110 52 May
1205 3554 72 51 12;
1314 3554 43 42 A
1392 3552 186 54 890782;
1619 3554 353 44 Massachusetts
167 3556 1887 106 institute
357 3616 50 44 of
444 3614 279 51 technology.
791 3611 270 55 (26-11241)

97 3715 283 67 Brienne,
420 3713 285 71 Jacques.

239 3798 1837 74 … La chance de Francine, roman dramatique ; La louve
95 3887 60 56 et
241 3881 234 59 l’enfant.
557 3878 206 71 Paris,
798 3877 59 59 J.
898 3874 360 59 Tallandier
1295 3903 13 44 [
1312 3884 18 20 c
1333 3874 162 74 1925]
