2542 4285
1407 3997 110 57 576

462 391 234 71 Walsh,
729 391 281 59 William
1045 391 284 70 Thomas,
1366 394 188 55 1877-

469 481 1986 150 Scientific spiritual healing, by William T. Walsh, foreword by Rt. Rev. Arthur Seiden Lloyd … New York
473 640 144 70 [etc.]
649 637 74 56 D.
752 636 318 71 Appleton
1100 637 123 56 and
1251 655 320 54 company,
1601 637 164 56 1926.

528 726 78 51 xii,
639 724 76 44 179
743 740 39 37 p.
846 725 48 43 19
903 728 46 17 cm
955 759 9 9 .

462 794 52 53 ©
542 796 109 51 May
678 797 37 50 7,
746 795 128 52 1926;
904 796 63 42 2c.
997 795 86 43 and
1110 796 77 42 aff.
1220 796 110 51 May
1362 796 72 51 10;
1465 796 43 42 A
1538 794 187 54 890695;
1759 797 55 42 D.
1842 796 227 53 Appleton
2098 798 37 43 &
2162 813 65 27 co.

543 851 268 55 (26-10712)

466 952 282 68 Warner,
781 953 150 56 Mrs.
969 951 181 57 Ellen
1181 952 50 56 E
1554 951 319 72 (Kenyon)
1919 953 89 57 ed.

465 1043 1964 149 The George Washington readers … compiled and edited by Ellen E. Kenyon … and Elizabeth Adams …
467 1198 499 72 Fourth-eighth
992 1217 169 52 year.
1246 1199 149 55 New
1423 1198 189 72 York,
1642 1198 195 56 Noble
1869 1199 122 56 and
2022 1199 193 56 Noble
2252 1231 12 42 [
2263 1207 21 21 c
2288 1201 146 55 1926]

535 1287 20 43 5
588 1302 39 28 V.
690 1286 175 52 fronts.,
895 1287 154 51 plates,
1082 1295 137 45 ports.
1284 1288 49 43 19
1342 1290 47 17 cm
1395 1322 9 9 .

465 1356 1993 113 © Apr. 20, 1926; 2c. each May 13; affs. May 12; A 890743-890747 ; Noble & Noble. (26-10543)
462 1513 240 72 Webre,
734 1514 231 58 Alfred
996 1514 456 73 Lambremont,
1489 1517 187 57 1881-

541 1605 1912 73 Evaporation, by Alfred L. Webre … assisted by Clark
468 1681 1961 152 S. Robinson … New York, The Chemical catalog company, inc., 1926.
462 1851 1969 111 1 p. l., 500 p. incl. illus., tables, diagrs. 23½c m . (Lettered on cover: Modern library of chemical engineering)
465 1980 53 53 ©
548 1982 111 51 May
689 1982 62 50 18,
783 1981 104 43 1926
902 1996 9 37 ;
941 1981 63 43 2c.
1033 1981 86 43 and
1147 1981 78 43 aff.
1256 1981 112 52 May
1399 1980 75 53 19;
1504 1980 43 43 A
1575 1979 189 54 890867;
1798 1979 228 45 Chemical
2055 1980 178 54 catalog
2261 1997 80 35 co.,
2372 1981 83 44 inc.

546 2038 269 54 (26-11192)

463 2137 208 71 Wells,
716 2137 209 58 David
966 2137 375 72 Washburn,
1389 2140 188 55 1862-

540 2229 128 58 The
706 2230 393 70 stereoscope
1136 2227 65 58 in
1238 2228 528 72 ophthalmology,
1804 2228 148 57 with
1993 2227 232 73 special
461 2228 1972 135 reference
640 2309 64 54 to
741 2307 104 59 the
882 2309 340 54 treatment
1261 2307 68 56 of
1360 2304 449 74 heterophoria
1847 2308 123 57 and
2005 2306 451 73 heterotropia,

461 2383 299 71 designed
794 2388 63 52 to
894 2402 380 53 accompany
1307 2384 105 57 the
1445 2384 578 72 phoro-optometer
2063 2387 393 70 stereoscope

462 2463 122 57 and
618 2462 101 57 the
752 2461 195 58 Wells
984 2462 294 56 selection
1313 2461 68 58 of
1416 2461 417 73 stereoscopic
1870 2464 230 72 charts,
2133 2465 81 69 by
2251 2462 205 59 David

460 2537 1956 75 W. Wells … Rev. ed. Boston, E. F. Mahady co., 1926.
527 2629 1085 54 2 p. l., viii, 9-107 p. illus., diagrs. 21 cm .
533 2699 124 44 First
692 2699 175 45 edition
902 2700 241 53 published
1180 2702 47 44 in
1263 2702 107 45 1912
1406 2700 149 45 under
1592 2700 97 45 title
1706 2716 9 28 :
1759 2700 322 54 Stereoscopic
2115 2708 249 37 treatment
2404 2701 52 44 of

461 2756 323 53 heterophoria
814 2756 91 46 and
936 2757 325 53 heterotropia.

467 2827 52 53 ©
549 2830 111 51 May
693 2828 62 53 15,
787 2830 128 51 1926;
946 2830 63 42 2c.
1040 2830 86 43 and
1154 2830 78 43 aff.
1264 2831 110 51 May
1400 2831 78 51 21;
1509 2831 43 42 A
1581 2829 187 53 890887;
1803 2831 55 42 D.
1889 2832 74 43 W.
1995 2830 158 51 Wells,
2185 2831 185 43 Boston.

545 2886 268 54 (26-11196)

466 2985 226 72 White,
723 2989 151 54 Mrs.
910 2986 179 57 Ellen
1120 2986 200 58 Gould
1365 2986 338 73 (Harmon)
1749 2987 355 58 1827-1915.

546 3078 354 73 Scriptural
943 3081 122 56 and
1108 3080 240 71 subject
1388 3081 187 56 index
1615 3085 62 54 to
1720 3081 104 57 the
1864 3079 285 73 writings
2192 3081 67 56 of
2301 3080 152 57 Mrs.

468 3157 178 59 Ellen
696 3158 67 58 G.
815 3157 225 58 White.
1126 3157 327 59 Mountain
1500 3157 191 71 View,
1742 3155 203 73 Calif.,
1997 3157 257 70 Omaha,
2302 3158 150 57 Neb.

471 3233 1674 75 [etc.] Pacific press publishing association [ c 1926]
537 3312 361 51 874 p. 18 ½ cm .
540 3370 149 42 Blank
713 3383 139 38 pages
882 3372 75 42 for
986 3368 202 44 “Notes”
1223 3368 242 52 (866-874)

466 3422 53 53 ©
555 3425 111 50 May
699 3424 36 48 3,
773 3423 128 51 1926;
938 3423 64 42 2c.
1037 3423 89 42 and
1157 3423 76 42 aff.
1270 3423 111 51 May
1418 3422 72 52 10;
1528 3422 43 42 A
1607 3421 187 53 890679;
1835 3421 168 44 Pacific
2038 3436 124 38 press
2199 3422 100 53 pub.
2336 3438 116 28 assn.

544 3479 269 55 (26-11000)

470 3579 203 76 [Wolf,
708 3580 76 56 H.
820 3580 77 75 J.]

547 3670 251 57 Studies
840 3671 68 55 in
954 3670 171 56 stock
1170 3669 403 71 speculation,
1654 3689 56 36 v.
1756 3671 49 54 2.
1892 3669 153 56 New
2085 3669 188 72 York,
2323 3670 127 55 The

469 3747 324 72 Magazine
824 3747 68 56 of
919 3745 166 58 Wall
1119 3750 210 69 street,
1364 3748 163 55 1926.

534 3822 986 53 4 p. l., 7-203 p. tables, diagrs. 19 cm .
468 3878 52 55 ©
559 3881 110 50 May
706 3878 37 53 7,
785 3880 129 52 1926;
953 3880 64 43 2c.
1056 3881 85 43 and
1177 3880 78 43 aff.
1295 3880 110 52 May
1441 3880 77 52 21;
1561 3879 43 43 A
1642 3879 187 55 890869;
1869 3878 168 47 Ticker
2074 3881 98 53 pub.
2214 3894 80 37 co.,
2334 3878 116 46 New

537 3936 141 46 York.
