2542 4285
1314 3938 110 53 870

388 320 268 70 Schultz,
691 320 279 59 William
1002 321 58 58 J.

466 413 127 56 The
642 411 283 58 taxation
974 413 66 55 of
1087 412 403 71 inheritance,
1538 413 81 69 by
1663 412 277 57 William
1986 414 61 57 J.
2099 412 267 74 Schultz,

635 489 1730 73 PH. D. Boston and New York, Houghton Mifflin company,
385 569 163 56 1926.

451 645 79 52 xii,
570 644 81 46 379
690 662 39 36 p.
789 647 48 41 21
849 648 46 17 cm
902 680 7 8 .
989 644 287 53 (Half-title:
1321 645 134 51 Hart,
1502 644 238 45 Schaffner
1780 646 37 43 &
1855 646 139 42 Marx
2035 647 122 51 prize
2198 661 165 38 essays,

490 703 18 50 XLII)

384 755 53 53 ©
464 758 118 50 Aug.
612 757 61 51 13,
705 756 128 51 1926;
862 757 65 41 2c.
954 757 87 41 and
1066 756 78 42 aff.
1173 757 117 51 Aug.
1324 756 72 50 16;
1427 756 41 41 A
1496 755 187 50 897834;
1716 757 135 50 Hart,
1884 755 238 45 Schaffner
2151 758 37 42 &
2216 758 152 50 Marx,

456 813 210 52 Chicago.
736 812 268 54 (26-14762)

387 913 295 71 Scudder,
718 912 258 58 Charles
1006 912 217 68 Locke,
1260 915 151 56 1860–

459 1005 127 56 The
613 1007 338 57 treatment
978 1008 67 56 of
1071 1006 335 67 fractures,
1434 1003 151 58 with
1610 1009 175 53 notes
1812 1024 165 53 upon
2009 1025 34 36 a
2069 1008 121 55 few
378 1024 1968 118 common

549 1081 1822 73 dislocations, by Charles Locke Scudder … 10th ed.,
381 1182 145 51 rev.,
562 1161 150 58 with
751 1162 147 56 2027
935 1158 438 59 illustrations.
1456 1158 435 74 Philadelphia
1933 1163 123 56 and
2095 1161 276 70 London,

379 1241 94 56 W.
503 1240 69 56 B.
604 1239 319 58 Saunders
952 1254 323 55 company,
1307 1238 163 55 1926.

450 1312 1654 57 2 p. l., 3-1240 p. front., illus. (part col.) col. pl., diagrs. 25 cm .
381 1371 53 52 ©
462 1373 117 51 Aug.
611 1371 62 51 10,
704 1370 128 51 1926;
862 1371 63 41 2c.
953 1370 118 51 Aug.
1103 1370 73 47 13;
1208 1369 78 42 aff.
1314 1370 119 50 Aug.
1467 1370 72 49 14;
1570 1369 41 41 A
1640 1367 189 53 901437;
1859 1369 75 43 W.
1963 1369 51 42 B.
2047 1367 225 47 Saunders
2303 1385 65 27 co.

460 1427 268 55 (26-14737)

383 1527 467 59 Southwestern
881 1530 298 68 reporter.

459 1620 202 56 Texas
716 1617 306 58 decisions
1079 1618 295 69 reported
1425 1616 65 55 in
1544 1617 101 56 the
1705 1616 197 57 South
1955 1621 269 52 western
380 1637 1964 130 reporter

637 1695 356 70 annotated,
1031 1694 151 56 vols.
1225 1694 107 55 276
1372 1694 123 55 and
1535 1695 125 70 277,
1702 1694 355 72 December,
2100 1696 165 69 1925,
2306 1698 61 54 to

381 1771 1917 74 January, 1926 … St. Paul, West publishing co., 1926.
449 1850 195 43 Various
679 1848 203 53 pagings.
943 1848 52 42 26½
1030 1851 45 17 cm
1084 1882 7 8 .
1161 1847 259 53 ([National
1457 1856 204 43 reporter
1697 1848 211 53 system])

379 1906 53 53 ©
456 1909 110 50 Apr.
595 1906 59 47 16,
686 1907 128 51 1926;
840 1906 63 42 2c.
929 1907 119 50 Aug.
1074 1906 49 50 9;
1153 1906 77 42 aff.
1257 1907 119 50 Aug.
1404 1903 48 53 5;
1482 1906 41 41 A
1550 1903 188 53 897737;
1766 1906 132 43 West
1925 1906 99 51 pub.
2053 1920 64 29 co.

381 2006 379 71 Southwold,
797 2005 290 73 Stephen,
1127 2008 187 55 1887-

378 2095 1964 139 Listen, children! by Stephen Southwold … with a foreword
579 2178 83 69 by
693 2175 168 58 John
893 2173 416 58 Drinkwater.
1383 2174 152 56 New
1565 2174 189 73 York,
1789 2174 199 72 Dodd,
2024 2175 185 58 Mead
2245 2176 120 57 and

379 2273 319 53 company,
733 2255 164 55 1926.

449 2332 81 45 255
562 2349 39 36 p.
666 2334 49 43 19½
749 2335 46 17 cm
802 2369 8 7 .

378 2388 52 52 ©
463 2389 117 51 Aug.
612 2389 36 48 9,
686 2387 130 51 1926;
848 2387 64 42 2c.
946 2387 86 41 and
1065 2387 78 42 aff.
1177 2387 118 50 Aug.
1332 2387 73 49 13;
1443 2386 42 41 A
1518 2384 188 53 897805;
1745 2386 146 51 Dodd,
1928 2387 137 43 Mead
2099 2388 37 42 &
2170 2402 80 37 co.,
2284 2388 80 43 inc.

456 2444 269 55 (26-14799)

380 2533 290 70 Starrett,
702 2531 66 57 L.
802 2531 80 71 S.,
915 2546 321 57 company.

456 2623 128 56 The
625 2623 282 57 Starrett
940 2621 161 57 book
1135 2621 104 56 for
1276 2624 204 53 motor
1518 2620 365 58 machinists
1926 2622 122 55 and
2088 2624 145 54 auto
375 2641 1966 131 repair

552 2698 1815 72 men … Athol, Mass., The L. S. Starrett company
378 2810 13 42 [
394 2786 18 21 c
417 2779 162 73 1926]

443 2852 80 45 215
551 2868 38 37 p.
650 2853 129 50 illus.,
809 2853 166 52 diagrs.
1041 2852 49 43 18
1098 2856 46 16 cm
1150 2887 9 8 .

446 2909 933 45 “Volume III of the Starrett books.”
446 2966 204 46 “Second
679 2966 208 44 edition.”

376 3022 53 53 ©
461 3024 106 52 July
603 3028 34 45 1,
673 3024 129 50 1926;
836 3024 65 42 2c.
936 3024 86 41 and
1056 3023 78 42 aff.
1169 3023 105 52 July
1312 3023 74 50 19;
1424 3023 42 42 A
1503 3023 189 51 897511;
1728 3024 48 43 L.
1816 3022 43 46 S.
1899 3022 196 46 Starrett
2130 3040 65 27 co.

455 3080 268 54 (26-14817)

377 3166 272 70 Suffern,
691 3167 244 56 Arthur
978 3165 236 73 Elliott,
1261 3170 187 55 1878-

456 3260 125 55 The
609 3259 133 56 coal
764 3258 234 57 miners’
1055 3259 279 71 struggle
1360 3258 102 56 for
1487 3259 339 56 industrial
1853 3262 234 67 status;
2116 3279 34 36 a
2180 3261 185 70 study

376 3337 68 55 of
491 3337 101 56 the
642 3336 313 57 evolution
1007 3336 66 56 of
1122 3336 337 71 organized
1508 3337 299 56 relations
1857 3338 123 56 and
2026 3337 340 57 industrial

376 3414 339 70 principles
757 3414 67 55 in
869 3415 102 55 the
1018 3415 133 55 coal
1195 3414 311 72 industry,
1551 3414 83 71 by
1676 3414 246 56 Arthur
1966 3414 71 56 E.
2090 3413 273 74 Suffern,

376 3490 149 57 with
561 3491 103 56 the
702 3491 103 57 aid
844 3492 65 55 of
946 3492 103 55 the
1089 3492 240 57 council
1362 3493 123 56 and
1525 3491 152 57 staff
1715 3492 67 57 of
1817 3493 103 56 the
1959 3492 298 58 Institute
2298 3493 68 56 of

377 3569 358 56 economics.
809 3569 151 56 New
990 3570 189 70 York,
1215 3570 128 55 The
1378 3570 360 56 Macmillan
1771 3589 321 53 company,
2130 3572 164 55 1926.

445 3644 1916 55 xviii p., 1 l., 462 p. 19½ cm . (Half-title: The Institute of economics.
374 3703 348 51 Investigations
760 3703 43 41 in
840 3702 204 53 industry
1077 3704 87 42 and
1200 3704 152 53 labor)

445 3758 349 53 Bibliography:
830 3774 40 38 p.
907 3758 203 45 457-459.

376 3814 53 53 ©
459 3818 117 51 Aug.
615 3816 62 52 10,
713 3817 129 51 1926;
874 3818 66 42 2c.
974 3818 87 42 and
1093 3818 77 42 aff.
1205 3819 117 51 Aug.
1360 3820 72 48 11;
1470 3819 42 41 A
1548 3818 186 50 897794;
1773 3819 209 43 Institute
2016 3819 48 43 of
2098 3821 262 47 economics,

444 3873 318 52 Washington.
832 3873 268 55 (26-14761)
