2542 4285
1042 3985 109 57 957

79 376 314 69 Emerson,
435 371 206 74 Ralph
677 368 240 73 Waldo,
960 368 356 59 1803-1882.

156 464 127 56 The
303 465 182 55 heart
508 463 66 56 of
597 460 367 57 Emerson’s
987 455 304 75 journals,
1318 456 207 59 edited
1545 459 83 69 by
1646 453 169 61 Bliss
1837 451 219 74 Perry.

77 540 238 58 Boston
350 543 123 55 and
506 540 150 55 New
686 537 191 72 York,
912 535 341 73 Houghton
1287 530 216 60 Mifflin
1538 548 319 55 company,
1893 531 166 57 1926.

151 622 1032 59 ix p., 1 l., 357 p. front. (port.) 20½ cm .
81 695 52 56 ©
164 698 118 52 Aug.
311 695 67 51 27,
413 694 127 52 1926;
572 695 63 41 2c.
670 694 87 42 and
788 693 77 43 aff.
897 693 119 51 Aug.
1048 691 76 52 30;
1158 692 44 41 A
1235 688 188 56 901657;
1458 686 252 56 Houghton
1742 687 165 45 Mifflin
1939 702 66 29 co.

159 751 267 57 (26-15215)

82 850 343 73 Entwistle,
462 851 200 73 Mary.

157 941 202 73 Musa,
407 958 111 40 son
565 940 69 56 of
678 938 246 73 Egypt;
970 954 333 55 programs
1350 941 124 56 and
1520 933 226 61 stories
1791 934 105 58 for
79 935 1964 157 primary
293 1019 295 69 children,

620 1018 83 70 by
738 1016 185 72 Mary
957 1013 329 58 Entwistle
1323 1015 125 58 and
1479 1013 291 59 Jeanette
1806 1013 74 57 E.
79 1013 1964 143 Perkins.

319 1098 150 56 New
501 1095 186 72 York,
723 1092 380 72 Friendship
1138 1109 182 54 press
1358 1120 13 43 [
1371 1102 20 20 c
1395 1092 164 72 1926]

156 1173 612 54 126 p. fold. pl. 19½cm.
155 1229 350 55 Bibliography:
540 1247 40 38 p.
620 1228 61 44 15.

83 1286 53 56 ©
168 1289 107 52 July
307 1288 63 52 30,
408 1286 108 45 1926
529 1301 8 37 ;
571 1287 64 42 2c.
669 1286 89 42 and
789 1285 80 44 aff.
902 1286 120 50 Aug.
1057 1283 79 52 27;
1171 1284 45 42 A
1250 1281 188 55 897973;
1476 1281 201 45 Herbert
1713 1282 49 42 L.
1799 1280 117 51 Hill,
1950 1279 117 45 New

152 1347 141 43 York.
362 1342 268 57 (26-15250)

85 1443 257 73 Fabian,
380 1442 283 72 Warner,
701 1441 214 73 pseud.

162 1527 1909 80 Summer bachelors [by] Warner Fabian … New York,
83 1615 160 58 Boni
273 1616 123 56 and
424 1611 323 73 Liveright
781 1611 181 71 [1926]

155 1687 679 55 vi p., 1 l., 9-363 p. 19½ cm .
156 1746 123 44 First
310 1749 88 42 and
427 1747 163 44 second
616 1742 239 53 printings,
884 1743 199 50 August,
1116 1743 116 45 1926.

85 1799 55 55 ©
172 1802 118 51 Aug.
325 1798 64 51 25,
426 1798 127 52 1926;
587 1799 63 42 2c.
685 1798 118 51 Aug.
837 1797 78 53 31;
950 1796 77 43 aff.
1065 1794 122 53 Sept.
1217 1796 51 52 2;
1302 1795 44 42 A
1380 1794 189 53 901719;
1607 1794 114 46 Boni
1753 1795 38 44 &
1824 1792 249 56 Liveright,

157 1858 81 43 inc.
308 1853 267 58 (26-15271)

87 1956 317 70 Feldman,
443 1956 152 56 Max
634 1952 206 67 Hillel,
884 1956 188 56 1888-

88 2040 1964 147 A manual of exodontia, by M. Hillel Feldman … illustrated
356 2124 151 58 with
567 2124 112 56 164
741 2120 395 75 engravings.
1237 2119 438 75 Philadelphia
1740 2124 123 56 and
1926 2118 151 62 New

89 2204 187 73 York,
303 2204 128 58 Lea
456 2202 48 57 &
529 2200 285 73 Febiger,
843 2200 164 58 1926.

158 2280 79 52 xii,
309 2279 150 47 [17]-193
486 2293 41 38 p.
586 2278 154 51 front.,
769 2276 116 46 illus.
944 2277 55 43 24
1005 2280 48 18 cm
1060 2313 7 9 .

91 2333 52 56 ©
175 2337 118 51 Aug.
322 2336 66 49 23,
423 2333 128 53 1926;
586 2334 63 42 2c.
680 2332 119 52 Aug.
830 2331 77 54 24;
943 2332 78 43 aff.
1053 2333 119 51 Aug.
1203 2329 78 55 25;
1315 2331 44 43 A
1391 2330 190 54 897965;
1618 2331 95 46 Lea
1743 2333 37 43 &
1811 2331 209 54 Febiger.

169 2391 268 56 (26-15322)

93 2492 372 72 Fergusson,
507 2490 272 72 Harvey,
819 2490 190 60 1890-

170 2583 133 56 Hot
356 2580 335 73 Saturday,
745 2581 83 71 by
881 2578 261 74 Harvey
1196 2579 379 74 Fergusson.
1681 2580 154 58 New
1885 2579 192 75 York,

93 2660 74 57 A.
199 2660 75 55 A.
307 2658 240 73 Knopf,
580 2659 165 56 1926.

160 2734 674 56 3 p. l., 261 p., 1 l. 20 cm .
94 2791 54 55 ©
173 2794 118 51 Aug.
316 2793 68 49 20,
414 2791 128 53 1926;
570 2792 63 42 2c.
664 2790 119 53 Sept.
813 2791 48 52 7;
892 2792 77 42 aff.
1001 2790 119 53 Sept.
1147 2792 49 51 3;
1225 2791 44 44 A
1296 2790 190 54 901799;
1516 2790 165 46 Alfred
1707 2791 57 44 A.
1793 2790 177 55 Knopf,
1998 2790 82 45 inc.

172 2848 269 57 (26-15396)

96 2947 313 75 Gerbault,
443 2947 208 60 Alain.

176 3040 129 58 The
330 3039 155 72 fight
548 3040 29 56 of
604 3039 103 58 the
787 3038 404 73 "Firecrest";
1217 3038 104 60 the
1348 3042 221 56 record
1594 3041 65 57 of
1688 3061 38 38 a
1747 3040 336 59 lone-hand

99 3117 202 59 cruise
334 3117 167 57 from
535 3117 158 58 East
727 3122 63 53 to
824 3116 198 74 West,
1058 3137 212 40 across
1306 3118 104 58 the
1444 3116 298 76 Atlantic,
1777 3118 84 72 by
1892 3116 190 60 Alain

100 3193 318 79 Gerbault,
467 3195 150 57 with
665 3195 452 74 photographs,
1168 3195 182 73 plans
1401 3197 123 57 and
1576 3216 36 38 a
1657 3214 165 54 map.
1931 3193 152 60 New

102 3273 184 74 York,
313 3274 73 56 D.
414 3273 318 73 Appleton
761 3275 123 58 and
910 3292 323 54 company,
1262 3275 165 57 1926.

168 3348 1694 60 4 p. l., 168, [1] p. front. (port.) illus. (incl. map) plates. 19½ cm .
101 3405 52 56 ©
187 3409 119 51 Aug.
344 3408 60 49 13,
444 3405 103 46 1926
562 3422 9 37 ;
607 3408 63 42 2c.
704 3408 86 43 and
824 3407 77 45 aff.
937 3408 119 52 Aug.
1094 3407 73 53 16;
1203 3408 44 43 A
1282 3407 187 52 897810;
1509 3409 55 41 D.
1602 3408 225 53 Appleton
1863 3408 37 43 &
1933 3421 65 29 co.

179 3463 269 56 (26-15235)

100 3562 183 71 Gliot,
320 3562 275 61 Edward
624 3564 67 58 T.

176 3653 367 72 Dynamite;
585 3674 88 53 or,
718 3653 314 75 Crashing
1069 3654 274 73 through
1382 3658 63 58 to
1491 3673 262 53 success,
1791 3657 83 71 by
1915 3655 172 59 Edw.

106 3728 1727 81 T. Gliot … [Houston, Tex., Scrivner print] c 1926.
173 3810 703 53 3 p. l., 68 p. port. 18½ cm .
103 3865 56 55 ©
189 3869 117 52 Aug.
337 3868 67 50 23,
435 3866 126 49 1926;
593 3868 63 42 2c.
687 3869 87 42 and
804 3869 78 42 aff.
914 3869 120 51 Aug.
1064 3868 78 51 30;
1174 3869 44 41 A
1248 3867 188 53 901644;
1468 3866 53 48 E.
1553 3866 55 46 T.
1640 3866 135 54 Gliot,
1808 3869 225 43 Houston.

184 3924 269 55 (26-15247)
