2542 4285
1343 3998 147 57 1166

422 551 112 38 vus
581 532 139 71 Roy
765 529 226 74 Cohen,
1041 530 69 55 F.
1164 529 174 58 Scott
1383 527 378 74 Fitzgerald,
1808 528 169 56 Zona
2024 527 170 72 Gale,
2241 528 168 59 John

421 609 412 74 Galsworthy,
872 608 148 57 Sam
1054 606 312 72 Heilman,
1401 606 315 57 Kathleen
1748 605 243 70 Norris,
2029 605 188 72 Mary

422 605 1963 142 Roberts
606 686 324 71 Rinehart,
988 684 335 72 Benjamin
1376 682 276 63 Richard
1709 683 178 71 Sher,
1945 682 70 60 G.
2072 683 72 57 B.
2203 682 204 72 Stern,

422 765 212 71 Thyra
667 764 248 58 Samter
944 762 317 70 Winslow,
1293 761 79 57 H.
1407 759 65 60 C.
1506 760 258 59 Witwer;
1830 759 305 73 compiled
2165 760 81 72 by
2281 760 129 57 The

424 842 397 70 Community
850 840 275 57 workers
1158 838 68 59 of
1255 839 106 57 the
1392 839 152 56 New
1574 838 173 57 York
1777 837 172 74 guild
1979 836 103 59 for
2113 836 103 59 the

421 838 1966 140 Jewish
557 919 189 59 blind.
829 918 152 57 New
1019 917 173 57 York
1233 915 49 59 &
1320 916 277 70 London,
1642 915 69 59 G.
1754 916 69 56 P.
1868 915 333 57 Putnam’s
2246 932 163 54 sons,

421 1000 163 56 1926.

490 1072 689 56 3 p. l., v-vii, 348 p. 21 cm .
419 1131 53 54 ©
504 1134 99 43 Oct.
638 1132 63 51 13,
733 1130 130 52 1926;
894 1130 64 44 2c.
991 1130 100 43 Oct.
1125 1129 73 49 18;
1232 1128 78 43 aff.
1344 1127 100 45 Oct.
1479 1126 75 53 16;
1588 1127 43 42 A
1661 1125 190 53 949573;
1885 1123 289 55 Community
2205 1125 203 45 workers

489 1190 49 41 of
562 1189 76 43 the
665 1189 117 43 New
808 1188 131 42 York
965 1186 126 53 guild
1119 1185 73 44 for
1219 1184 75 45 the
1321 1183 170 55 Jewish
1517 1183 137 53 blind,
1683 1183 118 45 New
1828 1183 145 44 York.

496 1245 269 56 (26-18099)

423 1318 183 70 Cook,
647 1318 258 72 Harvey
942 1314 267 59 Toliver.

500 1394 291 58 Rambles
818 1393 65 56 in
907 1394 104 56 the
1038 1393 123 56 Pee
1188 1393 129 57 Dee
1342 1390 199 71 basin,
1571 1390 199 58 South
1799 1388 314 71 Carolina,
2139 1390 83 70 by

418 1388 1967 157 Harvey
585 1473 254 56 Toliver
888 1470 182 58 Cook.
1206 1517 9 9 v.
1268 1472 50 53 1.
1408 1468 339 72 Columbia,
1800 1468 60 58 S.
1915 1467 83 73 C.,
2050 1468 129 57 The
2230 1467 178 58 State

421 1569 318 54 company,
776 1551 166 55 1926.

487 1629 125 50 xxiv,
644 1627 82 43 462
757 1641 38 37 p.
859 1626 152 51 front.,
1046 1632 154 45 ports.,
1233 1638 139 39 maps.
1433 1623 56 44 22½
1521 1626 48 19 cm
1574 1659 10 10 .

420 1683 53 54 ©
511 1685 98 43 Oct.
649 1682 37 46 5,
727 1682 129 52 1926;
893 1684 63 42 2c.
994 1683 86 43 and
1115 1681 78 44 aff.
1233 1682 101 43 Oct.
1372 1678 49 54 7;
1460 1680 43 42 A
1540 1678 188 54 949425;
1768 1680 62 43 H.
1866 1678 54 45 T.
1962 1678 140 54 Cook,
2141 1676 270 55 Greenville,

491 1741 43 47 S.
584 1740 48 45 C.
701 1739 269 55 (26-17834)

423 1812 183 70 Cook,
648 1812 177 57 Jesse
864 1809 299 69 Leander,
1205 1811 189 58 1870-

499 1888 193 74 Quick
735 1886 546 60 forward-motion
1325 1885 433 73 memoscript;
1806 1904 35 39 a
1889 1884 293 58 readable
421 1884 1991 140 light-line

583 1968 235 70 system
857 1967 68 57 of
962 1964 347 60 shorthand
1347 1963 334 73 adaptable
1721 1967 63 54 to
1826 1982 124 53 any
1985 1962 260 58 modern
421 1962 1968 155 language;

679 2063 80 37 an
785 2043 298 59 excellent
1107 2042 254 58 method
1386 2041 68 59 of
1478 2041 308 60 verbatim
1814 2040 330 73 reporting;
2203 2060 36 37 a
2264 2043 147 56 neat

422 2124 280 69 compact
730 2123 223 57 record
981 2139 69 40 as
1080 2118 173 62 swift
1280 2138 70 41 as
1377 2119 265 72 thought;
1704 2139 36 37 a
1770 2119 236 71 system
2031 2117 263 60 without

421 2117 1966 139 inverse
649 2199 391 69 characters;
1091 2216 79 38 an
1220 2216 152 53 easy
1421 2215 218 40 course
1690 2196 103 58 for
1845 2195 122 59 self
2015 2195 395 70 instruction,

424 2272 1986 75 schools and colleges. Copyright … by Jesse L. Cook.
425 2353 329 73 [Roanoke,
778 2353 136 71 Va.,
940 2353 59 58 J.
1026 2354 68 56 L.
1125 2352 168 59 Cook
1319 2356 49 57 &
1394 2372 127 53 son]
1550 2360 19 23 c
1572 2352 165 59 1926.

493 2428 77 43 132
598 2443 40 39 p.
700 2426 117 45 illus.
845 2427 170 54 (port.)
1085 2428 51 45 16
1142 2430 47 18 cm
1195 2465 8 8 .

492 2483 215 48 Lettered
735 2500 59 28 on
821 2499 164 30 cover:
1018 2484 305 54 Memoscript
1350 2484 233 54 light-line
1612 2484 270 46 shorthand.

419 2540 52 54 ©
501 2542 119 51 Sept.
650 2542 62 51 16,
740 2541 130 53 1926;
898 2543 64 42 2c.
988 2543 87 43 and
1099 2543 79 43 aff.
1209 2542 120 52 Sept.
1360 2543 73 51 18;
1461 2542 45 43 A
1532 2541 188 53 949155;
1749 2542 40 53 J.
1816 2545 38 47 L.
1896 2541 140 53 Cook,
2063 2542 234 52 Roanoke,
2324 2542 86 43 Va.

498 2598 268 56 (26-17902)

423 2670 184 72 Cook,
641 2671 239 72 Wayne
913 2671 283 69 Gleason,
1235 2673 92 58 ed.

496 2750 191 60 Cases
716 2769 78 42 on
820 2752 168 57 Iowa
1015 2750 275 74 practice
1315 2750 64 57 in
1405 2750 145 61 civil
1574 2750 258 74 actions,
1863 2751 267 60 selected
2157 2753 125 59 and

418 2769 1970 133 annotated by Wayne G. Cook … [Iowa City] State
420 2829 1969 151 university
572 2909 67 57 of
665 2909 186 69 Iowa,
884 2906 250 74 College
1161 2909 67 58 of
1255 2908 135 71 law,
1423 2907 165 60 1926.

488 2984 160 52 xxviii,
679 2985 78 45 831
792 3000 41 37 p.
892 2985 55 44 24
954 2986 46 18 cm
1007 3020 8 9 .

489 3042 230 50 Designed
752 3044 77 42 for
858 3057 79 31 use
966 3041 45 46 in
1039 3041 76 46 the
1144 3055 187 33 courses
1362 3042 45 44 in
1435 3040 105 47 civil
1571 3043 248 50 procedure
1849 3043 43 43 in
1921 3044 75 44 the
2026 3041 186 53 College
2240 3045 53 43 of
2326 3042 87 46 law

420 3101 51 42 of
498 3100 75 44 the
601 3098 126 47 State
757 3098 248 51 university
1033 3100 54 43 of
1117 3099 137 42 Iowa.
1316 3099 60 48 cf.
1408 3097 123 45 Pref.

418 3152 54 53 ©
501 3154 99 43 Oct.
633 3154 32 44 1,
697 3152 129 52 1926;
852 3152 65 43 2c.
944 3151 87 44 and
1057 3152 78 43 aff.
1165 3152 101 43 Oct.
1297 3152 73 52 18;
1400 3152 43 42 A
1471 3150 187 53 950482;
1687 3152 75 44 W.
1793 3151 50 45 G.
1875 3151 139 53 Cook,
2044 3153 275 53 Davenport,
2373 3167 39 29 Ia.

498 3209 269 56 (26-18106)

423 3282 219 70 Cooke,
687 3281 293 58 Edmund
1020 3281 226 69 Vance,
1292 3283 188 57 1866-

500 3361 191 56 From
732 3360 103 58 the
875 3359 160 59 book
1075 3358 68 57 of
1184 3357 467 73 extenuations;
1696 3382 36 37 a
1775 3357 238 61 sincere
2058 3360 124 57 and

423 3359 1965 149 cleareyed
610 3436 488 72 interpretation
1133 3435 69 58 of
1237 3455 167 38 some
1440 3435 264 59 Biblical
1740 3437 378 67 characters,
2155 3437 159 59 done
2348 3436 60 59 in

424 3513 268 73 poetical
727 3513 185 71 form,
948 3512 152 60 with
1137 3533 36 37 a
1207 3512 172 73 tinge
1416 3513 69 58 of
1521 3514 211 70 satire,
1771 3534 36 37 a
1844 3515 186 57 touch
2070 3514 68 58 of
2171 3515 240 72 humor,

424 3590 123 58 and
595 3611 36 37 a
678 3590 118 57 full
845 3590 409 73 complement
1305 3590 69 58 of
1418 3593 230 57 human
1696 3594 244 68 nature,
1989 3593 84 70 by
2121 3592 292 60 Edmund

423 3667 1989 75 Vance Cooke … with an introduction by William Allen
421 3744 1884 76 White. New York, George H. Doran company [ c 1926]
493 3818 569 55 xiv, [15]-74 p. 19 ½ cm .
420 3876 54 53 ©
508 3878 99 43 Oct.
640 3878 38 51 8,
712 3878 130 52 1926;
875 3879 64 43 2c.
973 3880 100 43 Oct.
1109 3880 75 52 11;
1218 3880 78 43 aff.
1330 3881 102 43 Oct.
1463 3880 51 53 9;
1548 3882 43 42 A
1624 3880 187 54 950412;
1848 3881 177 54 George
2056 3882 62 44 H.
2153 3883 158 44 Doran
2343 3896 68 30 co.

499 3933 270 57 (26-17811)
