2542 4285
1056 3955 112 56 457

136 432 287 56 Fletcher
469 430 212 70 Allen;
731 430 150 56 with
928 432 71 55 43
1048 430 437 57 illustrations.
1575 431 148 57 New
1772 431 173 58 York
1994 435 120 55 and

135 509 273 70 London,
441 506 68 60 G.
542 508 68 56 P.
646 508 330 56 Putnam’s
1013 526 162 53 sons,
1208 509 163 57 1926.

266 630 9 16 xv,
306 595 79 44 369
414 610 38 37 p.
517 595 149 51 front.,
697 596 156 51 plates,
882 603 152 44 ports.,
1063 594 109 44 fold.
1203 609 113 38 map.
1377 596 52 43 24
1436 598 46 17 cm
1489 631 8 8 .

129 651 52 53 ©
208 653 115 43 Mar.
355 653 59 50 19,
446 652 126 51 1926;
602 652 63 43 2c.
691 652 87 42 and
804 653 77 41 aff.
911 652 118 43 Mar.
1057 652 77 51 30;
1164 652 43 41 A
1234 651 163 44 883927;
1452 651 49 42 B.
1530 652 137 43 Khun
1695 653 53 43 de
1779 653 192 52 Prorok,
1999 654 117 44 New

197 708 140 43 York.
407 707 238 54 (26-9626)

129 805 304 71 Klarwill,
472 805 231 72 Victor,
744 807 188 57 1873-
1089 806 89 57 ed.

205 895 1914 72 The Fugger· news-letters. Second series … Edited
127 971 1922 74 by Victor von Klarwill, translated by L. S. R. Byrne …
127 1050 273 69 London,
437 1048 168 58 John
636 1049 170 56 Lane
843 1050 180 73 [1926]

226 1123 1328 55 I. p., 1 l., 353 p. front., plates, ports., maps. 22½ cm .
126 1179 1990 55 © 1c. May 1, 1926; A ad int. 8104; pubd. Mar. 14; G. P. Putnam’s sons,
196 1237 118 44 New
353 1237 141 44 York.

125 1334 406 73 Koellreuter,
576 1335 161 71 Otto,
782 1337 188 56 1883-

125 1424 1964 150 … Die politischen parteien im modernen staate. Breslau , F. Hirt, 1926.
119 1580 1970 108 96 p. 19½cm. (Added t. -p.: Jedermanns bücherei … Abt.: Rechtsund staatswissenschaft)
196 1691 283 45 “Literatur”
497 1707 8 28 :
532 1708 38 36 p.
600 1693 80 46 [93]

123 1745 1936 54 © Dec. 31, 1925; 1c. Feb. 25, 1926; A—Foreign 30299; Ferdinand Hirt.
200 1802 269 54 (26-10348)

126 1900 304 72 Kolthoff,
467 1900 192 58 Izaak
693 1899 287 59 Maurits.

201 1984 514 59 Potentiometrie
756 1984 354 71 titrations;
1157 2005 35 37 a
1236 1985 367 59 theoretical
1645 1986 123 57 and
1811 1987 303 71 practical

126 2061 1983 74 treatise, by Dr. I. M. Kolthoff … and N. Howell Furman
194 2139 1764 75 … New York, J. Wiley & sons, inc.; [etc., etc.] 1926.
188 2220 78 50 xii,
297 2218 79 45 345
408 2235 38 37 p.
508 2219 128 52 illus.,
670 2219 165 52 diagrs.
895 2219 52 43 23½
983 2220 46 18 cm
1036 2255 8 9 .
1160 2217 123 54 $4.50

194 2276 324 53 Bibliography
535 2290 9 29 :
575 2292 39 36 p.
648 2275 202 45 309-324.

116 2330 57 53 ©
203 2333 111 51 Apr.
352 2333 33 50 1,
422 2330 127 53 1926;
583 2331 63 43 2c.
679 2331 86 42 and
798 2330 78 43 aff.
910 2330 112 52 Apr.
1061 2329 72 52 16;
1171 2332 43 41 A
1248 2330 188 51 890372;
1473 2331 35 43 I.
1544 2331 65 43 M.
1643 2331 227 53 Kolthoff,
1904 2332 209 51 Utrecht,

191 2388 213 51 Holland,
434 2388 86 42 and
550 2387 58 42 N.
640 2386 183 44 Howell
852 2385 213 52 Furman,
1100 2386 254 52 Princeton,
1387 2387 60 43 N.
1477 2388 40 52 J.
1586 2387 243 54 (26-9683)

122 2484 309 58 Lazarillo
469 2485 76 57 de
581 2485 272 57 Tormes.

270 2571 1844 79 … The pleasant history of Lazarillo de Tormes, his
126 2657 286 58 fortunes
454 2659 123 55 and
616 2652 393 75 adversities,
1049 2652 361 76 containing
1447 2658 104 56 the
1593 2659 254 69 strange
126 2655 1965 138 adventures
340 2734 137 59 that

516 2731 188 60 befell
740 2734 127 56 him
908 2730 65 60 in
1013 2733 103 58 the
1160 2731 235 60 service
1438 2734 67 56 of
1546 2735 238 70 sundry
1823 2737 289 67 masters,

127 2832 67 38 as
220 2811 251 58 written
499 2810 380 72 supposedly
904 2811 82 72 by
1012 2808 197 75 Diego
1236 2810 292 59 Hurtado
1558 2809 74 59 de
1660 2809 304 61 Mendoza;
125 2815 1963 147 together

374 2886 150 61 with
555 2888 104 60 the
692 2885 250 75 pursuit
976 2908 71 39 or
1083 2891 226 55 second
1338 2890 149 69 part
1522 2889 67 56 of
1619 2887 98 58 his
1749 2887 132 72 life,
1918 2909 68 38 as
124 2906 1965 120 related
331 2968 82 71 by
450 2967 169 57 Juan
659 2967 73 57 de

774 2966 209 69 Luna;
1022 2962 151 61 with
1215 2982 35 38 a
1293 2968 253 69 general
1584 2964 426 58 introduction
2049 2969 62 54 to

125 3046 102 58 the
264 3045 276 71 Rogues’
573 3040 342 75 bookshelf,
951 3043 82 71 by
1070 3041 147 60 Carl
1250 3040 143 59 Van
1426 3043 228 56 Doren.
1737 3041 152 58 New
1920 3041 192 65 York,

126 3123 373 71 Greenberg,
533 3121 163 57 1926.

291 3234 8 17 xxv,
327 3200 81 44 240
434 3214 40 38 p.
533 3198 52 44 20
593 3200 46 18 cm
646 3232 8 9 .
723 3197 123 52 (The
872 3195 181 54 rogues’
1077 3195 272 53 bookshelf)

118 3254 52 53 ©
207 3256 117 43 Mar.
360 3255 64 50 20,
465 3253 105 44 1926;
629 3253 63 43 2c.
730 3254 118 41 Mar.
884 3251 77 53 27;
999 3252 79 43 aff.
1113 3253 111 50 Apr.
1261 3251 76 52 26;
1378 3252 43 41 A
1459 3249 189 54 891195;
1689 3250 274 53 Greenberg,
187 3251 1901 111 publisher,
369 3311 81 42 inc.
514 3307 66 55 [©
610 3308 315 53 introduction]
996 3307 242 55 (26-9640)

118 3410 217 68 Leach,
378 3409 260 72 Fayette
675 3407 246 73 Phelps.

195 3502 330 54 Lawrence
554 3499 203 56 Leach
787 3498 68 57 of
887 3498 225 73 Salem,
1143 3497 513 71 Massachusetts,
1687 3498 125 55 and
1843 3515 167 39 some
2042 3497 66 56 of

118 3573 1991 74 his descendants, by F. Phelps Leach … v. 3. East
117 3655 336 72 Highgate,
486 3653 122 73 Vt.,
641 3651 70 57 F.
746 3652 231 71 Phelps
1012 3652 222 71 Leach,
1271 3652 164 56 1926.

190 3727 940 56 1 p. l., 175 p. plates, ports. 24½ cm .
190 3788 109 41 Part
329 3786 49 44 of
406 3786 75 43 the
510 3785 139 52 plates
677 3800 78 28 are
782 3784 176 52 printed
985 3799 57 28 on
1072 3782 108 45 both
1209 3782 129 44 sides.

116 3841 55 54 ©
202 3844 111 50 Apr.
350 3840 63 52 16,
448 3841 127 52 1926;
608 3841 65 42 2c.
706 3841 111 50 Apr.
855 3839 73 54 17;
963 3838 78 45 aff.
1074 3840 109 51 Apr.
1217 3839 77 51 28;
1331 3839 43 41 A
1406 3836 189 53 890521;
1631 3837 48 44 F.
1716 3840 51 42 P.
1801 3838 160 43 Leach.
