2542 4285
0 0 0 0 305
110 385 228 71 Allain,
378 386 251 72 Marcel,
670 389 187 56 1885-

255 477 1837 72 … Juve in the dock, by Marcel Allain … translated and
113 554 206 56 edited
361 554 83 70 by
484 553 73 56 A.
601 554 72 55 R.
716 553 304 58 Allinson.
1104 555 276 72 London,
1429 555 62 58 S.
1537 556 159 57 Paul
1738 558 48 56 &
1829 577 106 52 co.,
1980 559 109 59 ltd.

110 631 181 73 [1925]

174 706 81 43 316
286 721 39 37 p.
384 705 54 44 20
445 709 46 17 cm
497 741 8 7 .
574 704 123 53 (The
734 705 243 44 Fantômas
1012 706 218 44 detective
1260 707 180 53 novels)

105 760 1985 58 © 1c. Nov. 23, 1925; A ad int. 7632; pubd. Oct. 24; David McKay co.,
177 817 323 53 Philadelphia.
568 815 241 56 (26-7650)

101 901 201 71 Allen,
337 902 158 57 Miss
527 901 58 57 A
893 902 85 57 M.

102 991 1963 151 One tree, by A. M. Allen … London, Chatto and Windus, 1926.
169 1147 28 42 2
221 1161 39 38 p.
290 1146 40 51 1,
356 1145 81 45 379
465 1161 39 37 p.
565 1146 51 43 19½cm.

101 1200 1967 111 © 1c. Mar. 10, 1926; A ad int. 7841; pubd. Feb. 4; Little, Brown, and company, Boston. (26-7661)
100 1343 332 57 American
462 1344 122 56 law
615 1346 244 68 reports
895 1340 354 59 annotated.

177 1435 74 55 A.
282 1434 66 55 L.
381 1434 73 55 R.
485 1433 141 56 blue
653 1432 159 57 book
840 1431 66 57 of
938 1431 458 71 supplemental
1427 1432 325 73 decisions,
1785 1435 165 71 1926,
1983 1434 106 57 for

100 1510 400 58 annotations
551 1510 69 55 in
673 1509 103 57 the
832 1509 335 56 American
1225 1509 121 56 law
1400 1512 268 70 reports,
1722 1511 155 57 vols.
1937 1513 148 56 1-39

98 1585 1985 74 A. L. R. … Rochester, N. Y., The Lawyers co-operative
97 1665 361 70 publishing
505 1681 332 53 company;
886 1663 369 71 Northport,
1306 1663 67 55 L.
1424 1664 71 67 L,
1543 1664 73 55 N.
1664 1664 93 71 Y.,
1809 1665 275 59 Edward

99 1742 356 71 Thompson
508 1759 333 52 company;
898 1739 131 58 San
1082 1739 356 74 Francisco,
1495 1738 203 74 Calif.,
93 1740 1991 146 Bancroft-Whitney

423 1836 318 50 company,
775 1818 166 56 1926.

162 1895 81 45 348
272 1909 40 38 p.
371 1892 51 46 25½
459 1896 46 18 cm
512 1928 8 9 .

94 1949 53 54 ©
174 1950 105 44 Feb.
310 1952 62 50 13,
403 1949 104 44 1926;
558 1949 64 43 2c.
650 1950 86 42 and
763 1949 78 43 aff.
870 1947 105 45 Feb.
1009 1946 49 45 17;
1113 1948 44 43 A
1184 1946 165 46 879587;
1404 1949 212 52 Lawyers
1644 1949 305 53 co-operative
1979 1952 102 52 pub.

162 2021 78 37 co.,
275 2005 198 48 Edward
507 2004 261 52 Thompson
801 2019 79 37 co.,
918 2003 463 54 Bancroft-Whitney
1415 2019 65 29 co.

89 2091 185 70 Ashe,
316 2090 236 71 George
593 2087 321 72 Bamford,
957 2090 188 57 1891-

167 2166 426 74 Engineering
620 2165 323 58 materials
975 2166 123 57 and
1125 2184 324 53 processes;
1510 2165 186 74 being
1725 2186 36 38 a
1790 2167 168 58 brief
88 2187 1970 117 account
322 2245 67 58 of
434 2245 103 56 the
582 2263 173 41 more
800 2243 347 72 important
1190 2243 324 58 materials
1566 2246 67 56 of
1680 2243 403 76 engineering

89 2323 440 70 construction,
562 2321 321 73 including
918 2321 165 59 their
1119 2319 375 73 properties,
1530 2340 161 55 uses,
1730 2323 126 57 and
89 2325 1969 137 methods
244 2402 67 57 of
352 2398 389 75 production,
787 2398 288 74 together
1115 2398 153 57 with
1314 2418 167 39 some
1526 2400 69 57 of
1634 2401 104 57 the
1786 2401 295 58 essential

87 2480 282 58 features
414 2477 67 59 of
519 2476 519 73 metallography,
1082 2476 416 72 particularly
1535 2476 151 57 with
1727 2483 245 67 respect
2016 2483 62 55 to

86 2557 139 58 iron
266 2558 122 56 and
433 2556 169 71 steel,
644 2556 315 70 prepared
1001 2553 335 72 especially
1376 2553 104 58 for
1521 2555 104 57 the
1665 2574 111 39 use
1819 2556 68 57 of

88 2556 1968 151 midshipmen
403 2638 64 54 at
499 2633 101 58 the
633 2631 236 60 United
905 2632 212 58 States
1152 2632 189 56 naval
1373 2632 313 73 academy,
1718 2632 85 72 by
1836 2632 241 76 George

85 2708 1993 75 B. Ashe … and John I. Hale … Annapolis, Md., The
83 2791 235 59 United
347 2790 208 58 States
583 2788 189 57 naval
798 2786 308 71 institute,
1137 2786 165 58 1926.

153 2862 1321 59 269 p. illus., fold. tables, diagrs. (1 fold.) 23½ cm .
155 2923 349 54 Bibliography:
538 2937 37 39 p.
610 2922 124 48 [3]-4.

84 2980 52 54 ©
163 2983 119 42 Mar.
311 2982 60 48 16,
403 2979 129 53 1926;
558 2980 65 42 2c.
647 2979 119 43 Mar.
790 2977 79 53 26;
896 2978 78 43 aff.
1002 2977 119 43 Mar.
1146 2974 80 55 25;
1254 2977 44 43 A
1324 2975 189 54 883790;
1541 2978 58 45 U.
1629 2976 44 48 S.
1699 2979 133 43 naval
1859 2979 214 45 institute.

162 3036 240 56 (26-7849)

78 3124 220 72 Ayres,
334 3120 185 73 Ruby
551 3118 290 71 Mildred,
879 3118 190 59 1883-

161 3201 128 57 The
324 3219 145 37 man
504 3198 106 57 the
641 3215 237 39 women
914 3196 199 70 loved,
1150 3195 84 71 by
1270 3195 184 71 Ruby
1490 3194 84 58 M.
1613 3194 224 73 Ayres.
80 3196 1968 153 London,

251 3277 260 57 Hodder
544 3276 122 56 and
700 3272 370 74 Stoughton,
1103 3271 243 59 limited
1381 3272 181 73 [1925]

146 3352 358 54 319 p. 19½ cm .
78 3410 55 54 ©
167 3412 97 52 Jan.
303 3411 62 50 11,
401 3409 129 51 1926;
566 3408 45 42 A
642 3407 55 43 ad
731 3409 77 42 int.
843 3405 131 53 7680;
1010 3405 133 53 pubd.
1180 3405 118 43 Nov.
1337 3403 61 53 16,
1437 3401 130 54 1925;
1605 3402 177 55 George
1814 3405 62 43 H.
1914 3405 156 43 Doran

149 3482 79 36 co.,
273 3466 119 43 New
433 3465 142 43 York.
645 3460 241 56 (26-7651)

80 3553 253 68 Barton,
373 3549 255 70 George,
669 3548 188 58 1866-

157 3630 190 58 Little
396 3628 297 72 journeys
747 3626 240 58 around
1037 3626 102 57 old
1189 3620 457 74 Philadelphia,
1694 3625 83 69 by
1827 3624 242 72 George

78 3698 1968 161 Barton … illustrations by Frank H. Taylor. Philadelphia,
274 3785 129 57 The
432 3785 188 56 Peter
646 3779 208 72 Reilly
879 3796 306 53 company
1215 3808 13 42 [
1228 3785 20 22 c
1252 3777 164 70 1925]

146 3851 1375 63 xiv p., 1 l., 17-325 p. front., plates. 18½cm. $1.75
76 3917 53 55 ©
156 3919 109 41 Dec.
292 3918 37 46 9,
359 3913 129 53 1925;
515 3914 63 44 2c.
608 3914 118 41 Mar.
755 3913 63 50 19,
848 3911 129 52 1926;
1005 3910 79 43 aff.
1112 3909 122 44 Mar.
1261 3908 78 53 20;
1370 3908 44 46 A
1441 3908 188 54 890162;
1659 3910 137 43 Peter
1822 3907 149 52 Reilly
1999 3923 67 30 co.

153 3972 241 56 (26-7888)
