2542 4285
0 0 0 0 438
314 428 306 72 teresting
663 426 290 58 material
998 426 103 57 for
1147 446 108 37 use
1302 427 65 55 in
1413 426 328 58 Memorial
1785 428 124 70 day
1953 446 349 53 programs,

314 506 303 71 compiled
645 507 122 55 and
798 504 208 57 edited
1034 506 83 69 by
1146 504 197 58 Grace
1374 505 71 55 B.
1478 505 234 57 Faxon.
1775 505 258 70 Boston,
2063 504 243 59 Walter

312 584 79 56 H.
426 584 206 56 Baker
665 600 321 52 company,
1022 582 164 55 1926.

388 663 76 42 192
500 675 38 37 p.
602 659 48 43 18½c
704 662 28 16 m
740 695 7 8 .
817 658 124 54 (The
976 673 310 37 many-a-way
1321 658 165 53 series)

310 716 55 53 ©
390 718 110 51 Apr.
533 716 61 52 16,
625 715 128 52 1926;
782 716 63 42 2c.
873 715 111 52 Apr.
1009 715 80 52 23;
1118 716 77 42 aff.
1224 715 111 52 Apr.
1363 715 77 51 22;
1471 716 43 42 A
1541 715 189 53 891130;
1758 715 181 45 Walter
1966 716 61 42 H.
2057 715 152 44 Baker
2235 730 66 29 co.

391 772 241 55 (26-9398)

316 869 264 58 Federal
623 867 243 58 council
909 867 69 56 of
1020 866 103 57 the
1170 866 298 57 churches
1517 865 68 58 of
1631 866 208 58 Christ
1887 866 65 58 in
1998 866 305 58 America.

392 946 363 59 Committee
797 965 77 37 on
910 944 298 72 religious
1246 945 234 57 drama.

392 1037 322 72 Religious
739 1037 252 55 dramas.
1076 1054 56 36 v.
1163 1036 50 54 2.
1283 1033 281 58 Selected
1590 1036 84 70 by
1698 1035 104 56 the
1834 1033 366 59 Committee
2230 1055 78 37 on

317 1118 218 55 drama
575 1114 67 57 of
678 1114 103 56 the
821 1112 268 57 Federal
1127 1111 238 56 council
1403 1110 68 58 of
1507 1110 102 58 the
1649 1111 296 58 churches
1988 1112 66 57 of
2095 1112 212 57 Christ

314 1193 65 56 in
421 1191 290 57 America.
815 1190 153 55 New
1009 1189 174 56 York
1225 1190 122 55 and
1392 1189 276 73 London,
1718 1190 128 55 The
1896 1187 280 74 Century
2220 1209 86 37 co.

334 1271 184 69 [ c 1926]
384 1346 78 43 viii
493 1361 55 37 p.,
576 1345 26 41 2
651 1379 21 16 l.,
704 1340 135 46 3-315
872 1357 39 38 p.
970 1342 53 44 24½c
1076 1345 30 17 m
1112 1377 8 8 .

317 1400 52 53 ©
396 1402 111 51 Apr.
539 1401 59 50 16,
627 1400 129 51 1926;
784 1400 64 42 2c.
876 1399 111 52 Apr.
1013 1399 79 51 23;
1121 1398 77 43 aff.
1229 1398 111 53 Apr.
1366 1398 79 51 24;
1475 1398 43 42 A
1547 1396 187 54 891150;
1769 1397 199 55 Century
1995 1415 66 27 co.

320 1554 295 73 [Ferrero,
650 1553 205 59 Sister
885 1551 287 73 Benigna
1204 1550 350 76 Consolata]
1590 1553 356 57 1885-1916.

319 1641 1970 138 Vademecum proposed to religious souls, by a pious author …
587 1717 1727 75 translation, M. S. Pine … [pseud.] Chicago, John
317 1799 69 54 P.
422 1797 304 57 Daleiden
760 1815 84 37 co.
883 1825 12 43 [
895 1803 20 21 c
920 1796 163 71 1926]

391 1869 957 59 139, [2] p. front. (port.) pl. 15½c m .
389 1926 1445 54 “Translation … from the Italian original.”—Foreword.
318 1984 54 54 ©
400 1986 110 52 Apr.
541 1987 62 50 19,
631 1985 130 52 1926;
789 1985 64 43 2c.
880 1985 112 51 Apr.
1016 1984 80 53 22;
1125 1986 79 41 aff.
1231 1984 112 52 Apr.
1371 1984 50 42 21;
1478 1984 43 42 A
1552 1984 188 53 890444;
1770 1984 121 53 John
1919 1985 50 42 P.
2000 1984 219 43 Daleiden
2245 1998 67 30 co·.

325 2098 302 69 Fletcher,
661 2099 290 55 Frances.

398 2189 60 56 A
496 2188 145 57 boat
686 2187 67 57 of
796 2187 189 72 glass,
1025 2188 85 70 by
1149 2186 276 57 Frances
1469 2186 305 57 Fletcher.
1858 2186 457 72 Philadelphia,

321 2267 318 57 Dorrance
675 2267 121 55 and
830 2283 305 52 company
1169 2292 12 43 [
1185 2272 17 21 c
1206 2265 163 71 1926]

394 2343 51 44 37
480 2359 39 37 p.
582 2345 49 42 19½cm.
797 2340 288 55 (Half-title:
1126 2342 361 52 Contemporary
1519 2349 136 46 poets,
1693 2341 78 53 33)

320 2399 54 54 ©
405 2401 111 52 Apr.
551 2399 62 52 15,
650 2399 129 52 1926;
812 2399 63 43 2c.
908 2400 87 42 and
1028 2400 77 42 aff.
1139 2398 111 53 Apr.
1282 2399 79 52 24;
1398 2399 44 42 A
1472 2398 190 52 891140;
1699 2399 237 43 Dorrance
1967 2399 38 43 &
2036 2414 78 36 co.,
2148 2398 83 43 inc.

415 2456 241 55 (26-9331)

325 2554 210 72 Foleÿ,
575 2552 274 74 Charles,
890 2555 190 56 1861-

326 2643 1968 154 … La marraine de Georgette, roman. Paris, E. Flammarion [ c 1926]
397 2803 81 45 249
511 2817 40 36 p.
615 2801 99 49 18c
716 2804 30 18 m
751 2835 10 10 .

323 2852 1827 56 © Apr. 1, 1926; 1c. Apr. 15; A—Foreign 30673; Ernest Flammarion.
402 2910 269 57 (26-10285)

329 3009 220 72 Fooks,
589 3008 272 58 Herbert
900 3007 310 73 Clarence,
1252 3010 189 57 1886-

406 3101 223 56 Forms
671 3099 69 57 of
776 3099 177 72 wills,
993 3099 361 72 containing
1394 3100 266 57 selected
1700 3100 324 75 abstracts;
2054 3100 66 57 of
2159 3100 158 58 wills

332 3178 123 57 and
488 3177 67 57 of
588 3177 157 72 gifts
779 3179 180 55 made
997 3177 229 71 during
1260 3176 283 73 lifetime,
1580 3179 82 69 by
1695 3177 276 58 Herbert
2010 3176 64 60 C.
2113 3178 205 58 Fooks

397 3254 976 75 … [Federalsburg, Md., c 1926]
399 3330 609 53 3 p. l , xxiv, 326 p. 23½cm.
400 3387 130 45 With
557 3387 88 44 this
674 3387 36 43 is
738 3387 149 44 bound
913 3386 100 44 The
1041 3386 87 44 law
1156 3386 50 44 of
1233 3386 248 44 charitable
1507 3395 139 35 trusts
1673 3387 43 43 in
1746 3386 257 54 Maryland,
2031 3387 59 51 by
2120 3385 201 46 Herbert

326 3441 1993 55 © Mar. 20, 1926; 1c. Apr. 2; 1c. Mar. 27; aff. Apr. 12; A 890353; H. C.
397 3498 162 54 Fooks,
607 3499 260 43 Baltimore.
938 3499 242 54 (26-9318)

333 3582 420 72 Friedenthal,
787 3583 177 57 Hans
996 3582 296 60 Wilhelm
1322 3581 175 74 Karl,
1533 3585 188 58 1870-

410 3673 119 57 Die
574 3672 551 73 mineralgerbung;
1206 3674 97 57 die
1351 3673 389 73 herstellung
1787 3693 124 38 von
331 3673 1967 148 mineralgegerbtem

632 3751 172 56 leder
828 3751 110 57 für
961 3751 117 57 alle
1104 3752 356 57 lederarten
1484 3771 123 37 von
1632 3752 109 57 der
1768 3752 268 56 rohhaut
2062 3751 96 57 bis
2185 3770 135 37 zum

335 3826 273 74 fertigen
632 3829 289 69 produkt.
1005 3828 402 59 Praktisches
1430 3830 328 57 handbuch
1785 3829 110 57 für
1919 3830 98 57 die
2046 3832 275 69 gesamte
