<alto xmlns="http://www.loc.gov/standards/alto/ns-v3#" xmlns:xlink="http://www.w3.org/1999/xlink" xmlns:xsi="http://www.w3.org/2001/XMLSchema-instance" xsi:schemaLocation="http://www.loc.gov/standards/alto/ns-v3# http://www.loc.gov/alto/v3/alto-3-0.xsd"><Description>
<MeasurementUnit>pixel</MeasurementUnit>
<sourceImageInformation>
<fileName>1926_v23_Part001.pdf</fileName>
</sourceImageInformation>
<OCRProcessing ID="IdOcr">
<ocrProcessingStep>
<processingDateTime>2019-04-10</processingDateTime>
<processingSoftware>
<softwareCreator>ABBYY</softwareCreator>
<softwareName>ABBYY Recognition Server</softwareName>
<softwareVersion>4.0</softwareVersion>
</processingSoftware>
</ocrProcessingStep>
</OCRProcessing>
</Description>
<Styles>
<ParagraphStyle ID="StyleId-FFFFFFFF-FFFF-FFFF-FFFF-FFFFFFFFFFFF-" ALIGN="Left" LEFT="0." RIGHT="0." FIRSTLINE="0."/>
<ParagraphStyle ID="StyleId-22C3EA86-D171-42E2-A7D2-9A866F7D91F9-" ALIGN="Left" LEFT="0." RIGHT="0." FIRSTLINE="0." LINESPACE="8.300000191"/>
<ParagraphStyle ID="StyleId-E3FA4CC6-F5E5-41CA-B4C4-90085BF71B6C-" ALIGN="Block" LEFT="0." RIGHT="0." FIRSTLINE="-14." LINESPACE="8.050000191"/>
<ParagraphStyle ID="StyleId-41118DB3-028A-4115-95B3-BB512DD0EDAE-" ALIGN="Left" LEFT="0." RIGHT="0." FIRSTLINE="-13." LINESPACE="13.30000019"/>
<ParagraphStyle ID="StyleId-A2FB4C2B-BF87-45AD-9689-33B0118FBFC1-" ALIGN="Block" LEFT="0." RIGHT="0." FIRSTLINE="-14." LINESPACE="11.06999969"/>
<ParagraphStyle ID="StyleId-BBBA7B5D-FE2B-4BC7-AC7D-F142900C21B8-" ALIGN="Block" LEFT="0." RIGHT="0." FIRSTLINE="0." LINESPACE="8.899999619"/>
<ParagraphStyle ID="StyleId-3CEA3EEE-4341-4E33-9EF0-A9438AB90A9B-" ALIGN="Center" LEFT="0." RIGHT="0." FIRSTLINE="0." LINESPACE="12.19999981"/>
<ParagraphStyle ID="StyleId-817955BE-3120-4B53-BBD3-920BAE733BFF-" ALIGN="Left" LEFT="0." RIGHT="0." FIRSTLINE="0." LINESPACE="12.19999981"/>
<ParagraphStyle ID="StyleId-456A266C-F799-486A-ACB1-75B61E9815AB-" ALIGN="Left" LEFT="0." RIGHT="0." FIRSTLINE="-13." LINESPACE="8.18999958"/>
<ParagraphStyle ID="StyleId-6A1E9ED6-E5EA-4E31-BD5A-88089B8D7134-" ALIGN="Right" LEFT="0." RIGHT="0." FIRSTLINE="0." LINESPACE="7.699999809"/>
<ParagraphStyle ID="StyleId-C11ABF73-04BC-4F6E-B7E4-01FCA3A26756-" ALIGN="Left" LEFT="0." RIGHT="0." FIRSTLINE="-13." LINESPACE="12.19999981"/>
<ParagraphStyle ID="StyleId-662CF6CF-DB5F-40BE-AD24-E877ED82DD6F-" ALIGN="Block" LEFT="0." RIGHT="0." FIRSTLINE="-14." LINESPACE="11.06999969"/>
<ParagraphStyle ID="StyleId-9361006B-74B5-41BD-BFD3-03318AD64910-" ALIGN="Left" LEFT="0." RIGHT="0." FIRSTLINE="0." LINESPACE="8.899999619"/>
</Styles>
<Layout>
<Page ID="Page188" PHYSICAL_IMG_NR="188" HEIGHT="4285" WIDTH="2542">
<TopMargin HEIGHT="312" WIDTH="2542" VPOS="0" HPOS="0">
</TopMargin>
<LeftMargin HEIGHT="3639" WIDTH="45" VPOS="312" HPOS="0">
</LeftMargin>
<RightMargin HEIGHT="3639" WIDTH="90" VPOS="312" HPOS="2452">
</RightMargin>
<BottomMargin HEIGHT="334" WIDTH="2542" VPOS="3951" HPOS="0">
<TextBlock ID="Page188_Block1" HEIGHT="126" WIDTH="207" VPOS="3951" HPOS="1275" LANG="en-US" STYLEREFS="StyleId-FF0FF4A0-157B-44B2-9A1B-90606CA692DD-">
<TextLine HEIGHT="56" WIDTH="110" VPOS="3962" HPOS="1348">
<String CONTENT="188" HEIGHT="56" WIDTH="110" VPOS="3962" HPOS="1348"/>
</TextLine>
</TextBlock>
</BottomMargin>
<PrintSpace HEIGHT="3639" WIDTH="2407" VPOS="312" HPOS="45">
<TextBlock ID="Page188_Block2" HEIGHT="3639" WIDTH="2022" VPOS="312" HPOS="394" LANG="en-US" CS="1" STYLEREFS="StyleId-AD8187E0-FB14-409D-B284-F9506E4636B3-">
<TextLine HEIGHT="75" WIDTH="930" VPOS="322" HPOS="412" STYLEREFS="StyleId-6271232A-15BD-48A7-A21F-DA23D4581ED2-">
<String CONTENT="Riley," HEIGHT="74" WIDTH="196" VPOS="323" HPOS="412"/>
<SP HEIGHT="71" WIDTH="35" VPOS="324" HPOS="609"/>
<String CONTENT="William" HEIGHT="61" WIDTH="282" VPOS="322" HPOS="645"/>
<SP HEIGHT="59" WIDTH="32" VPOS="322" HPOS="928"/>
<String CONTENT="Bell," HEIGHT="72" WIDTH="152" VPOS="322" HPOS="961"/>
<SP HEIGHT="66" WIDTH="37" VPOS="328" HPOS="1114"/>
<String CONTENT="1861-" HEIGHT="57" WIDTH="190" VPOS="326" HPOS="1152"/>
</TextLine>
<TextLine HEIGHT="74" WIDTH="1909" VPOS="414" HPOS="492" STYLEREFS="StyleId-C4867B68-8405-4A9C-9177-1F7017A73DDB-">
<String CONTENT="The" HEIGHT="59" WIDTH="127" VPOS="415" HPOS="492"/>
<SP HEIGHT="60" WIDTH="37" VPOS="414" HPOS="620"/>
<String CONTENT="Bible" HEIGHT="58" WIDTH="181" VPOS="414" HPOS="658"/>
<SP HEIGHT="38" WIDTH="38" VPOS="433" HPOS="840"/>
<String CONTENT="of" HEIGHT="57" WIDTH="66" VPOS="414" HPOS="879"/>
<SP HEIGHT="57" WIDTH="39" VPOS="414" HPOS="946"/>
<String CONTENT="the" HEIGHT="56" WIDTH="104" VPOS="415" HPOS="986"/>
<SP HEIGHT="38" WIDTH="41" VPOS="433" HPOS="1091"/>
<String CONTENT="expositor" HEIGHT="72" WIDTH="322" VPOS="414" HPOS="1133"/>
<SP HEIGHT="38" WIDTH="38" VPOS="434" HPOS="1456"/>
<String CONTENT="and" HEIGHT="56" WIDTH="125" VPOS="417" HPOS="1495"/>
<SP HEIGHT="56" WIDTH="37" VPOS="417" HPOS="1621"/>
<String CONTENT="the" HEIGHT="57" WIDTH="103" VPOS="416" HPOS="1659"/>
<SP HEIGHT="37" WIDTH="41" VPOS="435" HPOS="1763"/>
<String CONTENT="evangelist." HEIGHT="73" WIDTH="362" VPOS="415" HPOS="1805"/>
<SP HEIGHT="58" WIDTH="80" VPOS="416" HPOS="2168"/>
<String CONTENT="New" HEIGHT="58" WIDTH="152" VPOS="416" HPOS="2249"/>
</TextLine>
<TextLine HEIGHT="74" WIDTH="1982" VPOS="491" HPOS="415" STYLEREFS="StyleId-C4867B68-8405-4A9C-9177-1F7017A73DDB-">
<String CONTENT="Testament," HEIGHT="56" WIDTH="377" VPOS="493" HPOS="415"/>
<SP HEIGHT="37" WIDTH="66" VPOS="511" HPOS="793"/>
<String CONTENT="v." HEIGHT="37" WIDTH="57" VPOS="511" HPOS="860"/>
<SP HEIGHT="54" WIDTH="33" VPOS="494" HPOS="918"/>
<String CONTENT="1." HEIGHT="53" WIDTH="51" VPOS="494" HPOS="952"/>
<SP HEIGHT="56" WIDTH="31" VPOS="491" HPOS="1004"/>
<String CONTENT="Matthew" HEIGHT="58" WIDTH="302" VPOS="491" HPOS="1036"/>
<SP HEIGHT="38" WIDTH="29" VPOS="511" HPOS="1339"/>
<String CONTENT="and" HEIGHT="57" WIDTH="122" VPOS="493" HPOS="1369"/>
<SP HEIGHT="57" WIDTH="29" VPOS="493" HPOS="1492"/>
<String CONTENT="the" HEIGHT="57" WIDTH="103" VPOS="492" HPOS="1522"/>
<SP HEIGHT="39" WIDTH="33" VPOS="511" HPOS="1626"/>
<String CONTENT="synoptics." HEIGHT="72" WIDTH="337" VPOS="492" HPOS="1660"/>
<SP HEIGHT="56" WIDTH="69" VPOS="493" HPOS="1998"/>
<String CONTENT="By" HEIGHT="72" WIDTH="100" VPOS="493" HPOS="2068"/>
<SP HEIGHT="72" WIDTH="24" VPOS="493" HPOS="2169"/>
<String CONTENT="W." HEIGHT="60" WIDTH="97" VPOS="493" HPOS="2194"/>
<SP HEIGHT="56" WIDTH="33" VPOS="493" HPOS="2292"/>
<String CONTENT="B." HEIGHT="57" WIDTH="71" VPOS="493" HPOS="2326"/>
</TextLine>
<TextLine HEIGHT="77" WIDTH="1799" VPOS="567" HPOS="413" STYLEREFS="StyleId-C4867B68-8405-4A9C-9177-1F7017A73DDB-" CS="1">
<String CONTENT="Riley" HEIGHT="70" WIDTH="182" VPOS="569" HPOS="413"/>
<SP HEIGHT="52" WIDTH="37" VPOS="587" HPOS="596"/>
<String CS="1" CONTENT="&#8230;"/>
<SP HEIGHT="59" WIDTH="79" VPOS="567" HPOS="697"/>
<String CONTENT="Cleveland," HEIGHT="74" WIDTH="353" VPOS="567" HPOS="777"/>
<SP HEIGHT="73" WIDTH="37" VPOS="568" HPOS="1131"/>
<String CS="1" CONTENT="O.," HEIGHT="26" WIDTH="30" VPOS="615" HPOS="1227"/>
<SP HEIGHT="73" WIDTH="34" VPOS="568" HPOS="1258"/>
<String CONTENT="Union" HEIGHT="58" WIDTH="211" VPOS="568" HPOS="1293"/>
<SP HEIGHT="53" WIDTH="34" VPOS="588" HPOS="1505"/>
<String CONTENT="gospel" HEIGHT="72" WIDTH="217" VPOS="569" HPOS="1540"/>
<SP HEIGHT="72" WIDTH="30" VPOS="569" HPOS="1758"/>
<String CONTENT="press" HEIGHT="53" WIDTH="186" VPOS="588" HPOS="1789"/>
<SP HEIGHT="53" WIDTH="34" VPOS="590" HPOS="1976"/>
<String CONTENT="[" HEIGHT="42" WIDTH="13" VPOS="601" HPOS="2011"/>
<String STYLE="superscript" CONTENT="c" HEIGHT="21" WIDTH="20" VPOS="579" HPOS="2024"/>
<String CONTENT="1925]" HEIGHT="74" WIDTH="164" VPOS="570" HPOS="2048"/>
</TextLine>
<TextLine HEIGHT="53" WIDTH="262" VPOS="645" HPOS="480" CS="1">
<String LANG="en-US" CONTENT="260" HEIGHT="43" WIDTH="82" VPOS="645" HPOS="480"/>
<SP HEIGHT="53" WIDTH="25" VPOS="645" HPOS="563"/>
<String LANG="fr" CONTENT="p." HEIGHT="38" WIDTH="40" VPOS="660" HPOS="589"/>
<SP HEIGHT="41" WIDTH="62" VPOS="646" HPOS="630"/>
<String LANG="fr" CS="1" CONTENT="19&#189;cm." HEIGHT="43" WIDTH="49" VPOS="645" HPOS="693"/>
</TextLine>
<TextLine HEIGHT="56" WIDTH="1846" VPOS="698" HPOS="412">
<String CONTENT="&#169;" HEIGHT="54" WIDTH="53" VPOS="698" HPOS="412"/>
<SP HEIGHT="55" WIDTH="28" VPOS="698" HPOS="466"/>
<String CONTENT="Jan." HEIGHT="51" WIDTH="98" VPOS="702" HPOS="495"/>
<SP HEIGHT="42" WIDTH="33" VPOS="702" HPOS="594"/>
<String CONTENT="13," HEIGHT="51" WIDTH="63" VPOS="701" HPOS="628"/>
<SP HEIGHT="50" WIDTH="33" VPOS="702" HPOS="692"/>
<String CONTENT="1926;" HEIGHT="52" WIDTH="129" VPOS="700" HPOS="726"/>
<SP HEIGHT="51" WIDTH="29" VPOS="701" HPOS="856"/>
<String CONTENT="2c." HEIGHT="42" WIDTH="65" VPOS="701" HPOS="886"/>
<SP HEIGHT="28" WIDTH="28" VPOS="715" HPOS="952"/>
<String CONTENT="and" HEIGHT="43" WIDTH="86" VPOS="700" HPOS="981"/>
<SP HEIGHT="43" WIDTH="31" VPOS="700" HPOS="1068"/>
<String CONTENT="aff." HEIGHT="43" WIDTH="78" VPOS="700" HPOS="1100"/>
<SP HEIGHT="42" WIDTH="31" VPOS="701" HPOS="1179"/>
<String CONTENT="Mar." HEIGHT="42" WIDTH="118" VPOS="701" HPOS="1211"/>
<SP HEIGHT="42" WIDTH="35" VPOS="701" HPOS="1330"/>
<String CONTENT="1;" HEIGHT="51" WIDTH="47" VPOS="701" HPOS="1366"/>
<SP HEIGHT="51" WIDTH="31" VPOS="701" HPOS="1414"/>
<!-- cceid FC1A7575-6E1A-1014-9B7B-CA07F191E62B --><String CONTENT="A" HEIGHT="42" WIDTH="44" VPOS="701" HPOS="1446"/>
<SP HEIGHT="43" WIDTH="30" VPOS="701" HPOS="1491"/>
<String CONTENT="879690;" HEIGHT="55" WIDTH="189" VPOS="699" HPOS="1522"/>
<SP HEIGHT="52" WIDTH="33" VPOS="702" HPOS="1712"/>
<String CONTENT="Union" HEIGHT="45" WIDTH="157" VPOS="701" HPOS="1746"/>
<SP HEIGHT="38" WIDTH="27" VPOS="716" HPOS="1904"/>
<String CONTENT="gospel" HEIGHT="51" WIDTH="155" VPOS="703" HPOS="1932"/>
<SP HEIGHT="51" WIDTH="31" VPOS="703" HPOS="2088"/>
<String CONTENT="press." HEIGHT="38" WIDTH="138" VPOS="716" HPOS="2120"/>
</TextLine>
<TextLine HEIGHT="56" WIDTH="242" VPOS="755" HPOS="489">
<String CONTENT="(26-5578)" HEIGHT="56" WIDTH="242" VPOS="755" HPOS="489"/>
</TextLine>
<TextLine HEIGHT="75" WIDTH="1987" VPOS="852" HPOS="412" STYLEREFS="StyleId-6271232A-15BD-48A7-A21F-DA23D4581ED2-">
<String CONTENT="Rowland," HEIGHT="72" WIDTH="318" VPOS="853" HPOS="412"/>
<SP HEIGHT="71" WIDTH="37" VPOS="854" HPOS="731"/>
<String CONTENT="Eron" HEIGHT="58" WIDTH="171" VPOS="854" HPOS="769"/>
<SP HEIGHT="58" WIDTH="32" VPOS="854" HPOS="941"/>
<String CONTENT="Opha" HEIGHT="73" WIDTH="181" VPOS="854" HPOS="974"/>
<SP HEIGHT="72" WIDTH="41" VPOS="854" HPOS="1156"/>
<String CONTENT="(Moore)" HEIGHT="72" WIDTH="272" VPOS="854" HPOS="1198"/>
<SP HEIGHT="72" WIDTH="43" VPOS="854" HPOS="1471"/>
<String CONTENT="&#8220;Mrs." HEIGHT="57" WIDTH="188" VPOS="855" HPOS="1515"/>
<SP HEIGHT="58" WIDTH="36" VPOS="854" HPOS="1704"/>
<String CONTENT="Dunbar" HEIGHT="60" WIDTH="262" VPOS="852" HPOS="1741"/>
<SP HEIGHT="59" WIDTH="33" VPOS="853" HPOS="2004"/>
<String CONTENT="Rowland.&#8221;" HEIGHT="60" WIDTH="361" VPOS="853" HPOS="2038"/>
</TextLine>
<TextLine HEIGHT="73" WIDTH="1913" VPOS="945" HPOS="486" STYLEREFS="StyleId-C4867B68-8405-4A9C-9177-1F7017A73DDB-">
<String CONTENT="Andrew" HEIGHT="57" WIDTH="275" VPOS="945" HPOS="486"/>
<SP HEIGHT="57" WIDTH="37" VPOS="945" HPOS="762"/>
<String CONTENT="Jackson&#8217;s" HEIGHT="57" WIDTH="336" VPOS="945" HPOS="800"/>
<SP HEIGHT="38" WIDTH="41" VPOS="964" HPOS="1137"/>
<String CONTENT="campaign" HEIGHT="72" WIDTH="332" VPOS="945" HPOS="1179"/>
<SP HEIGHT="38" WIDTH="40" VPOS="964" HPOS="1512"/>
<String CONTENT="against" HEIGHT="72" WIDTH="252" VPOS="945" HPOS="1553"/>
<SP HEIGHT="54" WIDTH="37" VPOS="949" HPOS="1806"/>
<String CONTENT="the" HEIGHT="56" WIDTH="103" VPOS="947" HPOS="1844"/>
<SP HEIGHT="58" WIDTH="41" VPOS="945" HPOS="1948"/>
<String CONTENT="British;" HEIGHT="72" WIDTH="274" VPOS="945" HPOS="1990"/>
<SP HEIGHT="51" WIDTH="45" VPOS="966" HPOS="2265"/>
<String CONTENT="or," HEIGHT="53" WIDTH="88" VPOS="965" HPOS="2311"/>
</TextLine>
<TextLine HEIGHT="77" WIDTH="1987" VPOS="1021" HPOS="415" STYLEREFS="StyleId-C4867B68-8405-4A9C-9177-1F7017A73DDB-">
<String CONTENT="The" HEIGHT="58" WIDTH="129" VPOS="1025" HPOS="415"/>
<SP HEIGHT="58" WIDTH="26" VPOS="1024" HPOS="545"/>
<String CONTENT="Mississippi" HEIGHT="75" WIDTH="391" VPOS="1022" HPOS="572"/>
<SP HEIGHT="58" WIDTH="26" VPOS="1023" HPOS="964"/>
<String CONTENT="Territory" HEIGHT="73" WIDTH="332" VPOS="1023" HPOS="991"/>
<SP HEIGHT="75" WIDTH="24" VPOS="1021" HPOS="1324"/>
<String CONTENT="in" HEIGHT="60" WIDTH="65" VPOS="1021" HPOS="1349"/>
<SP HEIGHT="56" WIDTH="27" VPOS="1027" HPOS="1415"/>
<String CONTENT="the" HEIGHT="58" WIDTH="105" VPOS="1025" HPOS="1443"/>
<SP HEIGHT="40" WIDTH="25" VPOS="1042" HPOS="1549"/>
<String CONTENT="war" HEIGHT="40" WIDTH="131" VPOS="1042" HPOS="1575"/>
<SP HEIGHT="40" WIDTH="28" VPOS="1043" HPOS="1707"/>
<String CONTENT="of" HEIGHT="58" WIDTH="68" VPOS="1025" HPOS="1736"/>
<SP HEIGHT="57" WIDTH="28" VPOS="1025" HPOS="1805"/>
<String CONTENT="1812," HEIGHT="70" WIDTH="168" VPOS="1025" HPOS="1834"/>
<SP HEIGHT="51" WIDTH="27" VPOS="1044" HPOS="2003"/>
<String CONTENT="concerning" HEIGHT="75" WIDTH="371" VPOS="1023" HPOS="2031"/>
</TextLine>
<TextLine HEIGHT="75" WIDTH="1987" VPOS="1099" HPOS="414" STYLEREFS="StyleId-C4867B68-8405-4A9C-9177-1F7017A73DDB-">
<String CONTENT="the" HEIGHT="58" WIDTH="102" VPOS="1102" HPOS="414"/>
<SP HEIGHT="39" WIDTH="26" VPOS="1121" HPOS="517"/>
<String CONTENT="military" HEIGHT="75" WIDTH="282" VPOS="1099" HPOS="544"/>
<SP HEIGHT="53" WIDTH="27" VPOS="1121" HPOS="827"/>
<String CONTENT="operations" HEIGHT="74" WIDTH="358" VPOS="1100" HPOS="855"/>
<SP HEIGHT="39" WIDTH="31" VPOS="1122" HPOS="1214"/>
<String CONTENT="of" HEIGHT="59" WIDTH="69" VPOS="1102" HPOS="1246"/>
<SP HEIGHT="58" WIDTH="26" VPOS="1102" HPOS="1316"/>
<String CONTENT="the" HEIGHT="58" WIDTH="103" VPOS="1102" HPOS="1343"/>
<SP HEIGHT="58" WIDTH="28" VPOS="1102" HPOS="1447"/>
<String CONTENT="Americans," HEIGHT="73" WIDTH="388" VPOS="1099" HPOS="1476"/>
<SP HEIGHT="72" WIDTH="30" VPOS="1100" HPOS="1865"/>
<String CONTENT="Creek" HEIGHT="60" WIDTH="197" VPOS="1100" HPOS="1896"/>
<SP HEIGHT="57" WIDTH="26" VPOS="1101" HPOS="2094"/>
<String CONTENT="Indians," HEIGHT="72" WIDTH="280" VPOS="1101" HPOS="2121"/>
</TextLine>
<TextLine HEIGHT="75" WIDTH="1989" VPOS="1177" HPOS="411" STYLEREFS="StyleId-C4867B68-8405-4A9C-9177-1F7017A73DDB-">
<String CONTENT="British," HEIGHT="73" WIDTH="260" VPOS="1178" HPOS="411"/>
<SP HEIGHT="53" WIDTH="22" VPOS="1198" HPOS="672"/>
<String CONTENT="and" HEIGHT="57" WIDTH="125" VPOS="1180" HPOS="695"/>
<SP HEIGHT="59" WIDTH="22" VPOS="1179" HPOS="821"/>
<String CONTENT="Spanish," HEIGHT="74" WIDTH="293" VPOS="1177" HPOS="844"/>
<SP HEIGHT="66" WIDTH="21" VPOS="1182" HPOS="1138"/>
<String CONTENT="1813-1815," HEIGHT="70" WIDTH="359" VPOS="1179" HPOS="1160"/>
<SP HEIGHT="69" WIDTH="18" VPOS="1180" HPOS="1520"/>
<String CONTENT="by" HEIGHT="72" WIDTH="85" VPOS="1180" HPOS="1539"/>
<SP HEIGHT="73" WIDTH="17" VPOS="1179" HPOS="1625"/>
<String CONTENT="Mrs." HEIGHT="59" WIDTH="153" VPOS="1179" HPOS="1643"/>
<SP HEIGHT="59" WIDTH="22" VPOS="1179" HPOS="1797"/>
<String CONTENT="Dunbar" HEIGHT="59" WIDTH="260" VPOS="1179" HPOS="1820"/>
<SP HEIGHT="56" WIDTH="18" VPOS="1179" HPOS="2081"/>
<String CONTENT="Rowland" HEIGHT="62" WIDTH="300" VPOS="1177" HPOS="2100"/>
</TextLine>
<TextLine HEIGHT="76" WIDTH="1979" VPOS="1253" HPOS="421" STYLEREFS="StyleId-C4867B68-8405-4A9C-9177-1F7017A73DDB-">
<String CONTENT="(Eron" HEIGHT="72" WIDTH="202" VPOS="1256" HPOS="421"/>
<SP HEIGHT="57" WIDTH="39" VPOS="1257" HPOS="624"/>
<String CONTENT="Rowland)" HEIGHT="73" WIDTH="332" VPOS="1254" HPOS="664"/>
<SP HEIGHT="73" WIDTH="89" VPOS="1254" HPOS="997"/>
<String CONTENT="New" HEIGHT="59" WIDTH="153" VPOS="1256" HPOS="1087"/>
<SP HEIGHT="59" WIDTH="33" VPOS="1256" HPOS="1241"/>
<String CONTENT="York," HEIGHT="72" WIDTH="192" VPOS="1255" HPOS="1275"/>
<SP HEIGHT="69" WIDTH="40" VPOS="1258" HPOS="1468"/>
<String CONTENT="The" HEIGHT="58" WIDTH="128" VPOS="1256" HPOS="1509"/>
<SP HEIGHT="59" WIDTH="38" VPOS="1256" HPOS="1638"/>
<String CONTENT="Macmillan" HEIGHT="62" WIDTH="362" VPOS="1253" HPOS="1677"/>
<SP HEIGHT="40" WIDTH="38" VPOS="1275" HPOS="2040"/>
<String CONTENT="company," HEIGHT="54" WIDTH="321" VPOS="1275" HPOS="2079"/>
</TextLine>
<TextLine HEIGHT="56" WIDTH="164" VPOS="1336" HPOS="413" STYLEREFS="StyleId-C4867B68-8405-4A9C-9177-1F7017A73DDB-">
<String CONTENT="1926." HEIGHT="56" WIDTH="164" VPOS="1336" HPOS="413"/>
</TextLine>
<TextLine HEIGHT="55" WIDTH="1519" VPOS="1410" HPOS="544" CS="1">
<String CS="1" CONTENT="xv"/>
<SP HEIGHT="38" WIDTH="27" VPOS="1427" HPOS="544"/>
<String CONTENT="p.," HEIGHT="38" WIDTH="55" VPOS="1427" HPOS="572"/>
<SP HEIGHT="48" WIDTH="34" VPOS="1416" HPOS="628"/>
<String CONTENT="1" HEIGHT="42" WIDTH="18" VPOS="1416" HPOS="663"/>
<SP HEIGHT="46" WIDTH="32" VPOS="1412" HPOS="682"/>
<String CS="1" CONTENT="l.,"/>
<SP HEIGHT="53" WIDTH="29" VPOS="1412" HPOS="757"/>
<String CONTENT="424" HEIGHT="45" WIDTH="84" VPOS="1412" HPOS="787"/>
<SP HEIGHT="51" WIDTH="25" VPOS="1413" HPOS="872"/>
<String CONTENT="p." HEIGHT="38" WIDTH="41" VPOS="1426" HPOS="898"/>
<SP HEIGHT="43" WIDTH="59" VPOS="1412" HPOS="940"/>
<String CONTENT="front.," HEIGHT="50" WIDTH="153" VPOS="1412" HPOS="1000"/>
<SP HEIGHT="39" WIDTH="28" VPOS="1425" HPOS="1154"/>
<String CONTENT="plates," HEIGHT="54" WIDTH="158" VPOS="1410" HPOS="1183"/>
<SP HEIGHT="38" WIDTH="28" VPOS="1425" HPOS="1342"/>
<String CONTENT="ports.," HEIGHT="47" WIDTH="155" VPOS="1416" HPOS="1371"/>
<SP HEIGHT="39" WIDTH="29" VPOS="1424" HPOS="1527"/>
<String CONTENT="plan," HEIGHT="53" WIDTH="118" VPOS="1410" HPOS="1557"/>
<SP HEIGHT="51" WIDTH="28" VPOS="1411" HPOS="1676"/>
<String CONTENT="facsim." HEIGHT="46" WIDTH="178" VPOS="1410" HPOS="1705"/>
<SP HEIGHT="44" WIDTH="55" VPOS="1411" HPOS="1884"/>
<String CONTENT="21" HEIGHT="44" WIDTH="52" VPOS="1411" HPOS="1940"/>
<String STYLE="superscript" CONTENT="cm" HEIGHT="18" WIDTH="49" VPOS="1414" HPOS="2000"/>
<String CONTENT="." HEIGHT="9" WIDTH="9" VPOS="1448" HPOS="2054"/>
</TextLine>
<TextLine HEIGHT="55" WIDTH="1923" VPOS="1466" HPOS="479">
<String CONTENT="The" HEIGHT="44" WIDTH="99" VPOS="1470" HPOS="479"/>
<SP HEIGHT="43" WIDTH="23" VPOS="1470" HPOS="579"/>
<String CONTENT="first" HEIGHT="45" WIDTH="100" VPOS="1470" HPOS="603"/>
<SP HEIGHT="37" WIDTH="22" VPOS="1478" HPOS="704"/>
<String CONTENT="edition" HEIGHT="47" WIDTH="168" VPOS="1468" HPOS="727"/>
<SP HEIGHT="31" WIDTH="20" VPOS="1484" HPOS="896"/>
<String CONTENT="of" HEIGHT="46" WIDTH="53" VPOS="1469" HPOS="917"/>
<SP HEIGHT="45" WIDTH="20" VPOS="1469" HPOS="971"/>
<String CONTENT="this" HEIGHT="47" WIDTH="89" VPOS="1467" HPOS="992"/>
<SP HEIGHT="45" WIDTH="22" VPOS="1469" HPOS="1082"/>
<String CONTENT="history" HEIGHT="52" WIDTH="180" VPOS="1469" HPOS="1105"/>
<SP HEIGHT="37" WIDTH="23" VPOS="1484" HPOS="1286"/>
<String CONTENT="was" HEIGHT="30" WIDTH="91" VPOS="1483" HPOS="1310"/>
<SP HEIGHT="38" WIDTH="22" VPOS="1482" HPOS="1402"/>
<String CONTENT="printed" HEIGHT="53" WIDTH="180" VPOS="1467" HPOS="1425"/>
<SP HEIGHT="44" WIDTH="22" VPOS="1468" HPOS="1606"/>
<String CONTENT="in" HEIGHT="44" WIDTH="46" VPOS="1468" HPOS="1629"/>
<SP HEIGHT="42" WIDTH="25" VPOS="1471" HPOS="1676"/>
<String CONTENT="1921," HEIGHT="51" WIDTH="116" VPOS="1468" HPOS="1702"/>
<SP HEIGHT="50" WIDTH="24" VPOS="1469" HPOS="1819"/>
<String CONTENT="in" HEIGHT="45" WIDTH="46" VPOS="1469" HPOS="1844"/>
<SP HEIGHT="40" WIDTH="20" VPOS="1473" HPOS="1891"/>
<String CONTENT="the" HEIGHT="47" WIDTH="77" VPOS="1466" HPOS="1912"/>
<SP HEIGHT="46" WIDTH="22" VPOS="1467" HPOS="1990"/>
<String CONTENT="Publications" HEIGHT="47" WIDTH="313" VPOS="1467" HPOS="2013"/>
<SP HEIGHT="32" WIDTH="22" VPOS="1482" HPOS="2327"/>
<String CONTENT="of" HEIGHT="44" WIDTH="52" VPOS="1468" HPOS="2350"/>
</TextLine>
<TextLine HEIGHT="69" WIDTH="1989" VPOS="1522" HPOS="410">
<String CONTENT="the" HEIGHT="45" WIDTH="76" VPOS="1528" HPOS="410"/>
<SP HEIGHT="44" WIDTH="31" VPOS="1529" HPOS="487"/>
<String CONTENT="Mississippi" HEIGHT="54" WIDTH="278" VPOS="1525" HPOS="519"/>
<SP HEIGHT="43" WIDTH="31" VPOS="1525" HPOS="798"/>
<String CONTENT="historical" HEIGHT="46" WIDTH="236" VPOS="1524" HPOS="830"/>
<SP HEIGHT="46" WIDTH="31" VPOS="1526" HPOS="1067"/>
<String CONTENT="society," HEIGHT="54" WIDTH="183" VPOS="1524" HPOS="1099"/>
<SP HEIGHT="37" WIDTH="34" VPOS="1540" HPOS="1283"/>
<String CONTENT="under" HEIGHT="45" WIDTH="147" VPOS="1524" HPOS="1318"/>
<SP HEIGHT="37" WIDTH="31" VPOS="1533" HPOS="1466"/>
<String CONTENT="the" HEIGHT="46" WIDTH="79" VPOS="1524" HPOS="1498"/>
<SP HEIGHT="46" WIDTH="28" VPOS="1524" HPOS="1578"/>
<String CONTENT="title" HEIGHT="47" WIDTH="101" VPOS="1523" HPOS="1607"/>
<SP HEIGHT="44" WIDTH="30" VPOS="1524" HPOS="1709"/>
<String CONTENT="&#8220;Mississippi" HEIGHT="54" WIDTH="306" VPOS="1522" HPOS="1740"/>
<SP HEIGHT="46" WIDTH="32" VPOS="1523" HPOS="2047"/>
<String CONTENT="Territory," HEIGHT="68" WIDTH="255" VPOS="1523" HPOS="2080"/>
<SP HEIGHT="65" WIDTH="18" VPOS="1526" HPOS="2336"/>
<String CONTENT="in" HEIGHT="43" WIDTH="44" VPOS="1526" HPOS="2355"/>
</TextLine>
<TextLine HEIGHT="55" WIDTH="1990" VPOS="1580" HPOS="410">
<String CONTENT="the" HEIGHT="45" WIDTH="75" VPOS="1584" HPOS="410"/>
<SP HEIGHT="29" WIDTH="25" VPOS="1600" HPOS="486"/>
<String CONTENT="war" HEIGHT="30" WIDTH="98" VPOS="1599" HPOS="512"/>
<SP HEIGHT="30" WIDTH="25" VPOS="1599" HPOS="611"/>
<String CONTENT="of" HEIGHT="45" WIDTH="53" VPOS="1584" HPOS="637"/>
<SP HEIGHT="44" WIDTH="33" VPOS="1584" HPOS="691"/>
<String CONTENT="1812&#8221;." HEIGHT="46" WIDTH="146" VPOS="1582" HPOS="725"/>
<SP HEIGHT="50" WIDTH="54" VPOS="1582" HPOS="872"/>
<String CONTENT="The" HEIGHT="50" WIDTH="101" VPOS="1582" HPOS="927"/>
<SP HEIGHT="39" WIDTH="27" VPOS="1596" HPOS="1029"/>
<String CONTENT="present" HEIGHT="46" WIDTH="186" VPOS="1589" HPOS="1057"/>
<SP HEIGHT="38" WIDTH="25" VPOS="1589" HPOS="1244"/>
<String CONTENT="edition" HEIGHT="47" WIDTH="169" VPOS="1580" HPOS="1270"/>
<SP HEIGHT="45" WIDTH="28" VPOS="1581" HPOS="1440"/>
<String CONTENT="is" HEIGHT="47" WIDTH="41" VPOS="1581" HPOS="1469"/>
<SP HEIGHT="32" WIDTH="28" VPOS="1596" HPOS="1511"/>
<String CONTENT="revised" HEIGHT="48" WIDTH="175" VPOS="1580" HPOS="1540"/>
<SP HEIGHT="44" WIDTH="28" VPOS="1583" HPOS="1716"/>
<String CONTENT="and" HEIGHT="46" WIDTH="91" VPOS="1581" HPOS="1745"/>
<SP HEIGHT="45" WIDTH="28" VPOS="1581" HPOS="1837"/>
<String CONTENT="amplified," HEIGHT="54" WIDTH="243" VPOS="1580" HPOS="1866"/>
<SP HEIGHT="36" WIDTH="27" VPOS="1598" HPOS="2110"/>
<String CONTENT="containing" HEIGHT="54" WIDTH="262" VPOS="1580" HPOS="2138"/>
</TextLine>
<TextLine HEIGHT="53" WIDTH="1282" VPOS="1638" HPOS="411">
<String CONTENT="new" HEIGHT="30" WIDTH="99" VPOS="1656" HPOS="411"/>
<SP HEIGHT="28" WIDTH="21" VPOS="1656" HPOS="511"/>
<String CONTENT="material" HEIGHT="45" WIDTH="204" VPOS="1639" HPOS="533"/>
<SP HEIGHT="41" WIDTH="26" VPOS="1643" HPOS="738"/>
<String CONTENT="on" HEIGHT="29" WIDTH="59" VPOS="1655" HPOS="765"/>
<SP HEIGHT="44" WIDTH="23" VPOS="1640" HPOS="825"/>
<String CONTENT="Andrew" HEIGHT="43" WIDTH="202" VPOS="1640" HPOS="849"/>
<SP HEIGHT="51" WIDTH="23" VPOS="1640" HPOS="1052"/>
<String CONTENT="Jackson," HEIGHT="52" WIDTH="213" VPOS="1639" HPOS="1076"/>
<SP HEIGHT="28" WIDTH="51" VPOS="1655" HPOS="1290"/>
<String CONTENT="cf." HEIGHT="50" WIDTH="60" VPOS="1640" HPOS="1342"/>
<SP HEIGHT="44" WIDTH="24" VPOS="1638" HPOS="1403"/>
<String CONTENT="Foreword." HEIGHT="45" WIDTH="265" VPOS="1638" HPOS="1428"/>
</TextLine>
<TextLine HEIGHT="55" WIDTH="1921" VPOS="1693" HPOS="479">
<String CONTENT="The" HEIGHT="47" WIDTH="99" VPOS="1696" HPOS="479"/>
<SP HEIGHT="46" WIDTH="38" VPOS="1697" HPOS="579"/>
<String CONTENT="&#8220;Rolls" HEIGHT="47" WIDTH="157" VPOS="1695" HPOS="618"/>
<SP HEIGHT="30" WIDTH="38" VPOS="1712" HPOS="776"/>
<String CONTENT="of" HEIGHT="46" WIDTH="54" VPOS="1696" HPOS="815"/>
<SP HEIGHT="44" WIDTH="39" VPOS="1696" HPOS="870"/>
<String CONTENT="Mississippi" HEIGHT="54" WIDTH="278" VPOS="1694" HPOS="910"/>
<SP HEIGHT="46" WIDTH="36" VPOS="1694" HPOS="1189"/>
<String CONTENT="commands" HEIGHT="46" WIDTH="265" VPOS="1694" HPOS="1226"/>
<SP HEIGHT="47" WIDTH="37" VPOS="1693" HPOS="1492"/>
<String CONTENT="in" HEIGHT="45" WIDTH="49" VPOS="1693" HPOS="1530"/>
<SP HEIGHT="38" WIDTH="37" VPOS="1702" HPOS="1580"/>
<String CONTENT="the" HEIGHT="45" WIDTH="76" VPOS="1695" HPOS="1618"/>
<SP HEIGHT="31" WIDTH="36" VPOS="1709" HPOS="1695"/>
<String CONTENT="war" HEIGHT="31" WIDTH="98" VPOS="1709" HPOS="1732"/>
<SP HEIGHT="30" WIDTH="36" VPOS="1709" HPOS="1831"/>
<String CONTENT="of" HEIGHT="44" WIDTH="54" VPOS="1695" HPOS="1868"/>
<SP HEIGHT="45" WIDTH="39" VPOS="1695" HPOS="1923"/>
<String CONTENT="1812&#8221;" HEIGHT="47" WIDTH="132" VPOS="1693" HPOS="1963"/>
<SP HEIGHT="46" WIDTH="37" VPOS="1693" HPOS="2096"/>
<String CONTENT="have" HEIGHT="50" WIDTH="116" VPOS="1695" HPOS="2134"/>
<SP HEIGHT="45" WIDTH="34" VPOS="1695" HPOS="2251"/>
<String CONTENT="been" HEIGHT="44" WIDTH="114" VPOS="1695" HPOS="2286"/>
</TextLine>
<TextLine HEIGHT="47" WIDTH="204" VPOS="1754" HPOS="407">
<String CONTENT="omitted." HEIGHT="47" WIDTH="204" VPOS="1754" HPOS="407"/>
</TextLine>
<TextLine HEIGHT="55" WIDTH="657" VPOS="1808" HPOS="484">
<String CONTENT="Bibliography:" HEIGHT="52" WIDTH="355" VPOS="1811" HPOS="484"/>
<SP HEIGHT="38" WIDTH="25" VPOS="1824" HPOS="840"/>
<String CONTENT="p." HEIGHT="38" WIDTH="42" VPOS="1824" HPOS="866"/>
<SP HEIGHT="44" WIDTH="25" VPOS="1810" HPOS="909"/>
<String CONTENT="401-402." HEIGHT="47" WIDTH="206" VPOS="1808" HPOS="935"/>
</TextLine>
<TextLine HEIGHT="58" WIDTH="1992" VPOS="1860" HPOS="407">
<String CONTENT="&#169;" HEIGHT="54" WIDTH="55" VPOS="1864" HPOS="407"/>
<SP HEIGHT="54" WIDTH="35" VPOS="1864" HPOS="463"/>
<String CONTENT="Feb." HEIGHT="45" WIDTH="105" VPOS="1865" HPOS="499"/>
<SP HEIGHT="43" WIDTH="33" VPOS="1867" HPOS="605"/>
<String CONTENT="23," HEIGHT="51" WIDTH="66" VPOS="1866" HPOS="639"/>
<SP HEIGHT="50" WIDTH="37" VPOS="1867" HPOS="706"/>
<String CONTENT="1926;" HEIGHT="52" WIDTH="130" VPOS="1864" HPOS="744"/>
<SP HEIGHT="52" WIDTH="35" VPOS="1864" HPOS="875"/>
<String CONTENT="2c." HEIGHT="44" WIDTH="65" VPOS="1864" HPOS="911"/>
<SP HEIGHT="29" WIDTH="33" VPOS="1879" HPOS="977"/>
<String CONTENT="and" HEIGHT="44" WIDTH="88" VPOS="1864" HPOS="1011"/>
<SP HEIGHT="44" WIDTH="33" VPOS="1864" HPOS="1100"/>
<String CONTENT="aff." HEIGHT="43" WIDTH="79" VPOS="1863" HPOS="1134"/>
<SP HEIGHT="44" WIDTH="37" VPOS="1861" HPOS="1214"/>
<String CONTENT="Feb." HEIGHT="46" WIDTH="106" VPOS="1861" HPOS="1252"/>
<SP HEIGHT="43" WIDTH="34" VPOS="1862" HPOS="1359"/>
<String CONTENT="24;" HEIGHT="52" WIDTH="79" VPOS="1862" HPOS="1394"/>
<SP HEIGHT="53" WIDTH="41" VPOS="1861" HPOS="1474"/>
<!-- cceid FC1AFB35-6E1A-1014-9B7B-CA07F191E62B --><String CONTENT="A" HEIGHT="43" WIDTH="43" VPOS="1861" HPOS="1516"/>
<SP HEIGHT="44" WIDTH="34" VPOS="1861" HPOS="1560"/>
<String CONTENT="879640;" HEIGHT="54" WIDTH="188" VPOS="1860" HPOS="1595"/>
<SP HEIGHT="53" WIDTH="38" VPOS="1861" HPOS="1784"/>
<String CONTENT="E." HEIGHT="48" WIDTH="54" VPOS="1861" HPOS="1823"/>
<SP HEIGHT="44" WIDTH="35" VPOS="1863" HPOS="1878"/>
<String CONTENT="Rowland," HEIGHT="52" WIDTH="235" VPOS="1862" HPOS="1914"/>
<SP HEIGHT="52" WIDTH="37" VPOS="1862" HPOS="2150"/>
<String CONTENT="Jackson," HEIGHT="52" WIDTH="211" VPOS="1862" HPOS="2188"/>
</TextLine>
<TextLine HEIGHT="57" WIDTH="442" VPOS="1919" HPOS="479">
<String CONTENT="Miss." HEIGHT="44" WIDTH="129" VPOS="1922" HPOS="479"/>
<SP HEIGHT="53" WIDTH="68" VPOS="1923" HPOS="609"/>
<String CONTENT="(26-5304)" HEIGHT="57" WIDTH="243" VPOS="1919" HPOS="678"/>
</TextLine>
<TextLine HEIGHT="77" WIDTH="1083" VPOS="2003" HPOS="409" STYLEREFS="StyleId-C4867B68-8405-4A9C-9177-1F7017A73DDB-">
<String CONTENT="Sharp," HEIGHT="73" WIDTH="223" VPOS="2007" HPOS="409"/>
<SP HEIGHT="73" WIDTH="38" VPOS="2007" HPOS="633"/>
<String CONTENT="Lester" HEIGHT="57" WIDTH="219" VPOS="2007" HPOS="672"/>
<SP HEIGHT="59" WIDTH="34" VPOS="2006" HPOS="892"/>
<String CONTENT="Whyland," HEIGHT="75" WIDTH="334" VPOS="2003" HPOS="927"/>
<SP HEIGHT="70" WIDTH="39" VPOS="2007" HPOS="1262"/>
<String CONTENT="1887-" HEIGHT="57" WIDTH="190" VPOS="2007" HPOS="1302"/>
</TextLine>
<TextLine HEIGHT="75" WIDTH="1841" VPOS="2093" HPOS="486" STYLEREFS="StyleId-C4867B68-8405-4A9C-9177-1F7017A73DDB-" CS="1">
<String CONTENT="An" HEIGHT="56" WIDTH="100" VPOS="2098" HPOS="486"/>
<SP HEIGHT="56" WIDTH="37" VPOS="2098" HPOS="587"/>
<String CONTENT="introduction" HEIGHT="59" WIDTH="426" VPOS="2096" HPOS="625"/>
<SP HEIGHT="56" WIDTH="40" VPOS="2098" HPOS="1052"/>
<String CONTENT="to" HEIGHT="56" WIDTH="65" VPOS="2098" HPOS="1093"/>
<SP HEIGHT="45" WIDTH="25" VPOS="2108" HPOS="1159"/>
<String CONTENT="cytology," HEIGHT="74" WIDTH="308" VPOS="2094" HPOS="1200"/>
<SP HEIGHT="75" WIDTH="39" VPOS="2093" HPOS="1509"/>
<String CONTENT="by" HEIGHT="73" WIDTH="84" VPOS="2093" HPOS="1549"/>
<SP HEIGHT="72" WIDTH="35" VPOS="2094" HPOS="1634"/>
<String CONTENT="Lester" HEIGHT="58" WIDTH="225" VPOS="2094" HPOS="1670"/>
<SP HEIGHT="61" WIDTH="34" VPOS="2093" HPOS="1896"/>
<String CONTENT="W." HEIGHT="61" WIDTH="98" VPOS="2093" HPOS="1931"/>
<SP HEIGHT="59" WIDTH="42" VPOS="2094" HPOS="2030"/>
<String CONTENT="Sharp" HEIGHT="73" WIDTH="210" VPOS="2094" HPOS="2073"/>
<SP HEIGHT="55" WIDTH="43" VPOS="2112" HPOS="2284"/>
<String CS="1" CONTENT="&#8230;"/>
</TextLine>
<TextLine HEIGHT="77" WIDTH="1985" VPOS="2171" HPOS="411" STYLEREFS="StyleId-C4867B68-8405-4A9C-9177-1F7017A73DDB-">
<String CONTENT="2d" HEIGHT="57" WIDTH="79" VPOS="2177" HPOS="411"/>
<SP HEIGHT="57" WIDTH="25" VPOS="2177" HPOS="491"/>
<String CONTENT="ed." HEIGHT="57" WIDTH="90" VPOS="2177" HPOS="517"/>
<SP HEIGHT="58" WIDTH="81" VPOS="2175" HPOS="608"/>
<String CONTENT="New" HEIGHT="58" WIDTH="151" VPOS="2175" HPOS="690"/>
<SP HEIGHT="59" WIDTH="25" VPOS="2173" HPOS="842"/>
<String CONTENT="York" HEIGHT="59" WIDTH="174" VPOS="2173" HPOS="868"/>
<SP HEIGHT="74" WIDTH="25" VPOS="2174" HPOS="1043"/>
<String CONTENT="[etc.]" HEIGHT="72" WIDTH="146" VPOS="2176" HPOS="1069"/>
<SP HEIGHT="75" WIDTH="29" VPOS="2173" HPOS="1216"/>
<String CONTENT="McGraw-Hill" HEIGHT="59" WIDTH="453" VPOS="2172" HPOS="1246"/>
<SP HEIGHT="59" WIDTH="21" VPOS="2172" HPOS="1700"/>
<String CONTENT="book" HEIGHT="60" WIDTH="161" VPOS="2171" HPOS="1722"/>
<SP HEIGHT="59" WIDTH="25" VPOS="2171" HPOS="1884"/>
<String CONTENT="company," HEIGHT="55" WIDTH="324" VPOS="2190" HPOS="1910"/>
<SP HEIGHT="73" WIDTH="23" VPOS="2172" HPOS="2235"/>
<String CONTENT="inc.," HEIGHT="70" WIDTH="137" VPOS="2172" HPOS="2259"/>
</TextLine>
<TextLine HEIGHT="57" WIDTH="166" VPOS="2256" HPOS="409" STYLEREFS="StyleId-C4867B68-8405-4A9C-9177-1F7017A73DDB-">
<String CONTENT="1926." HEIGHT="57" WIDTH="166" VPOS="2256" HPOS="409"/>
</TextLine>
<TextLine HEIGHT="67" WIDTH="1920" VPOS="2327" HPOS="479" CS="1">
<String CONTENT="xiv," HEIGHT="52" WIDTH="90" VPOS="2333" HPOS="479"/>
<SP HEIGHT="55" WIDTH="32" VPOS="2330" HPOS="570"/>
<String CONTENT="581" HEIGHT="47" WIDTH="77" VPOS="2330" HPOS="603"/>
<SP HEIGHT="51" WIDTH="32" VPOS="2335" HPOS="681"/>
<String CONTENT="p." HEIGHT="38" WIDTH="41" VPOS="2348" HPOS="714"/>
<SP HEIGHT="44" WIDTH="59" VPOS="2332" HPOS="756"/>
<String CONTENT="illus." HEIGHT="45" WIDTH="116" VPOS="2330" HPOS="816"/>
<SP HEIGHT="44" WIDTH="57" VPOS="2331" HPOS="933"/>
<String CS="1" CONTENT="23&#189;cm." HEIGHT="43" WIDTH="51" VPOS="2331" HPOS="991"/>
<SP HEIGHT="55" WIDTH="66" VPOS="2329" HPOS="1143"/>
<String CONTENT="(Half-title:" HEIGHT="57" WIDTH="289" VPOS="2327" HPOS="1210"/>
<SP HEIGHT="43" WIDTH="34" VPOS="2330" HPOS="1500"/>
<String CONTENT="McGraw-Hill," HEIGHT="67" WIDTH="358" VPOS="2327" HPOS="1535"/>
<SP HEIGHT="51" WIDTH="20" VPOS="2343" HPOS="1894"/>
<String CONTENT="publications" HEIGHT="55" WIDTH="297" VPOS="2328" HPOS="1915"/>
<SP HEIGHT="44" WIDTH="31" VPOS="2328" HPOS="2213"/>
<String CONTENT="in" HEIGHT="43" WIDTH="44" VPOS="2328" HPOS="2245"/>
<SP HEIGHT="36" WIDTH="31" VPOS="2334" HPOS="2290"/>
<String CONTENT="the" HEIGHT="44" WIDTH="77" VPOS="2328" HPOS="2322"/>
</TextLine>
<TextLine HEIGHT="62" WIDTH="1991" VPOS="2382" HPOS="414">
<String CONTENT="agricultural" HEIGHT="54" WIDTH="293" VPOS="2390" HPOS="414"/>
<SP HEIGHT="43" WIDTH="29" VPOS="2390" HPOS="708"/>
<String CONTENT="and" HEIGHT="44" WIDTH="90" VPOS="2389" HPOS="738"/>
<SP HEIGHT="44" WIDTH="26" VPOS="2389" HPOS="829"/>
<String CONTENT="botanical" HEIGHT="47" WIDTH="224" VPOS="2385" HPOS="856"/>
<SP HEIGHT="45" WIDTH="29" VPOS="2385" HPOS="1081"/>
<String CONTENT="sciences," HEIGHT="50" WIDTH="210" VPOS="2387" HPOS="1111"/>
<SP HEIGHT="52" WIDTH="30" VPOS="2385" HPOS="1322"/>
<String CONTENT="C." HEIGHT="46" WIDTH="50" VPOS="2385" HPOS="1353"/>
<SP HEIGHT="46" WIDTH="29" VPOS="2385" HPOS="1404"/>
<String CONTENT="V." HEIGHT="45" WIDTH="58" VPOS="2385" HPOS="1434"/>
<SP HEIGHT="44" WIDTH="30" VPOS="2386" HPOS="1493"/>
<String CONTENT="Piper," HEIGHT="54" WIDTH="148" VPOS="2386" HPOS="1524"/>
<SP HEIGHT="37" WIDTH="29" VPOS="2400" HPOS="1673"/>
<String CONTENT="consulting" HEIGHT="54" WIDTH="257" VPOS="2384" HPOS="1703"/>
<SP HEIGHT="39" WIDTH="25" VPOS="2399" HPOS="1961"/>
<String CONTENT="editor)" HEIGHT="55" WIDTH="171" VPOS="2384" HPOS="1987"/>
<SP HEIGHT="57" WIDTH="119" VPOS="2382" HPOS="2159"/>
<String CONTENT="$4.00" HEIGHT="55" WIDTH="126" VPOS="2382" HPOS="2279"/>
</TextLine>
<TextLine HEIGHT="58" WIDTH="649" VPOS="2442" HPOS="471">
<String CONTENT="Bibliography:" HEIGHT="56" WIDTH="350" VPOS="2444" HPOS="471"/>
<SP HEIGHT="39" WIDTH="23" VPOS="2459" HPOS="822"/>
<String CONTENT="p." HEIGHT="38" WIDTH="41" VPOS="2460" HPOS="846"/>
<SP HEIGHT="43" WIDTH="24" VPOS="2446" HPOS="888"/>
<String CONTENT="495-552." HEIGHT="47" WIDTH="207" VPOS="2442" HPOS="913"/>
</TextLine>
<TextLine HEIGHT="60" WIDTH="1992" VPOS="2495" HPOS="407">
<String CONTENT="&#169;" HEIGHT="54" WIDTH="53" VPOS="2501" HPOS="407"/>
<SP HEIGHT="54" WIDTH="31" VPOS="2501" HPOS="461"/>
<String CONTENT="Feb." HEIGHT="44" WIDTH="105" VPOS="2502" HPOS="493"/>
<SP HEIGHT="41" WIDTH="35" VPOS="2504" HPOS="599"/>
<String CONTENT="16," HEIGHT="52" WIDTH="61" VPOS="2501" HPOS="635"/>
<SP HEIGHT="50" WIDTH="34" VPOS="2503" HPOS="697"/>
<String CONTENT="1926;" HEIGHT="51" WIDTH="129" VPOS="2501" HPOS="732"/>
<SP HEIGHT="51" WIDTH="31" VPOS="2501" HPOS="862"/>
<String CONTENT="2c." HEIGHT="42" WIDTH="66" VPOS="2501" HPOS="894"/>
<SP HEIGHT="28" WIDTH="31" VPOS="2515" HPOS="961"/>
<String CONTENT="and" HEIGHT="43" WIDTH="87" VPOS="2500" HPOS="993"/>
<SP HEIGHT="43" WIDTH="31" VPOS="2500" HPOS="1081"/>
<String CONTENT="aff." HEIGHT="43" WIDTH="78" VPOS="2499" HPOS="1113"/>
<SP HEIGHT="44" WIDTH="31" VPOS="2498" HPOS="1192"/>
<String CONTENT="Feb." HEIGHT="44" WIDTH="107" VPOS="2498" HPOS="1224"/>
<SP HEIGHT="42" WIDTH="35" VPOS="2499" HPOS="1332"/>
<String CONTENT="19;" HEIGHT="53" WIDTH="76" VPOS="2498" HPOS="1368"/>
<SP HEIGHT="53" WIDTH="32" VPOS="2498" HPOS="1445"/>
<!-- cceid FC1B8A12-6E1A-1014-9B7B-CA07F191E62B --><String CONTENT="A" HEIGHT="43" WIDTH="45" VPOS="2498" HPOS="1478"/>
<SP HEIGHT="43" WIDTH="33" VPOS="2498" HPOS="1524"/>
<String CONTENT="883342;" HEIGHT="52" WIDTH="187" VPOS="2497" HPOS="1558"/>
<SP HEIGHT="51" WIDTH="36" VPOS="2498" HPOS="1746"/>
<String CONTENT="McGraw-Hill" HEIGHT="47" WIDTH="346" VPOS="2495" HPOS="1783"/>
<SP HEIGHT="43" WIDTH="33" VPOS="2498" HPOS="2130"/>
<String CONTENT="book" HEIGHT="44" WIDTH="122" VPOS="2497" HPOS="2164"/>
<SP HEIGHT="43" WIDTH="30" VPOS="2497" HPOS="2287"/>
<String CONTENT="co.," HEIGHT="35" WIDTH="81" VPOS="2511" HPOS="2318"/>
</TextLine>
<TextLine HEIGHT="57" WIDTH="394" VPOS="2556" HPOS="478">
<String CONTENT="inc." HEIGHT="44" WIDTH="81" VPOS="2559" HPOS="478"/>
<SP HEIGHT="46" WIDTH="62" VPOS="2557" HPOS="560"/>
<String CONTENT="(26-5318)" HEIGHT="57" WIDTH="243" VPOS="2556" HPOS="629"/>
</TextLine>
<TextLine HEIGHT="80" WIDTH="1993" VPOS="2649" HPOS="410" STYLEREFS="StyleId-6271232A-15BD-48A7-A21F-DA23D4581ED2-">
<String CONTENT="Shepperson," HEIGHT="73" WIDTH="413" VPOS="2656" HPOS="410"/>
<SP HEIGHT="70" WIDTH="34" VPOS="2654" HPOS="824"/>
<String CONTENT="Isabel," HEIGHT="70" WIDTH="222" VPOS="2653" HPOS="859"/>
<SP HEIGHT="70" WIDTH="32" VPOS="2653" HPOS="1082"/>
<String CONTENT="in" HEIGHT="58" WIDTH="69" VPOS="2653" HPOS="1115"/>
<SP HEIGHT="38" WIDTH="29" VPOS="2673" HPOS="1185"/>
<String CONTENT="religion" HEIGHT="74" WIDTH="269" VPOS="2652" HPOS="1215"/>
<SP HEIGHT="59" WIDTH="26" VPOS="2653" HPOS="1485"/>
<String CONTENT="Sister" HEIGHT="61" WIDTH="204" VPOS="2651" HPOS="1512"/>
<SP HEIGHT="57" WIDTH="32" VPOS="2652" HPOS="1717"/>
<String CONTENT="Mary" HEIGHT="71" WIDTH="187" VPOS="2652" HPOS="1750"/>
<SP HEIGHT="72" WIDTH="32" VPOS="2651" HPOS="1938"/>
<String LANG="de" CONTENT="Fides," HEIGHT="72" WIDTH="205" VPOS="2649" HPOS="1971"/>
<SP HEIGHT="68" WIDTH="36" VPOS="2653" HPOS="2177"/>
<String CONTENT="1867-" HEIGHT="59" WIDTH="189" VPOS="2651" HPOS="2214"/>
</TextLine>
<TextLine HEIGHT="156" WIDTH="1968" VPOS="2741" HPOS="407" STYLEREFS="StyleId-C4867B68-8405-4A9C-9177-1F7017A73DDB-" CS="1">
<String CONTENT="Cloister" HEIGHT="59" WIDTH="270" VPOS="2747" HPOS="487"/>
<SP HEIGHT="38" WIDTH="28" VPOS="2765" HPOS="758"/>
<String CONTENT="chords." HEIGHT="56" WIDTH="242" VPOS="2747" HPOS="787"/>
<SP HEIGHT="45" WIDTH="71" VPOS="2774" HPOS="1030"/>
<String CS="1" CONTENT="[v." HEIGHT="45" WIDTH="71" VPOS="2774" HPOS="1102"/>
<SP HEIGHT="55" WIDTH="32" VPOS="2746" HPOS="1174"/>
<String CONTENT="2]" HEIGHT="71" WIDTH="50" VPOS="2746" HPOS="1207"/>
<SP HEIGHT="74" WIDTH="29" VPOS="2743" HPOS="1258"/>
<String CONTENT="Hope," HEIGHT="72" WIDTH="202" VPOS="2743" HPOS="1288"/>
<SP HEIGHT="71" WIDTH="28" VPOS="2744" HPOS="1491"/>
<String CONTENT="by" HEIGHT="71" WIDTH="82" VPOS="2744" HPOS="1520"/>
<SP HEIGHT="72" WIDTH="29" VPOS="2743" HPOS="1603"/>
<String CONTENT="Sister" HEIGHT="58" WIDTH="205" VPOS="2743" HPOS="1633"/>
<SP HEIGHT="57" WIDTH="25" VPOS="2742" HPOS="1839"/>
<String CONTENT="M." HEIGHT="57" WIDTH="84" VPOS="2742" HPOS="1865"/>
<SP HEIGHT="56" WIDTH="31" VPOS="2743" HPOS="1950"/>
<String LANG="de" CONTENT="Fides" HEIGHT="57" WIDTH="189" VPOS="2742" HPOS="1982"/>
<SP HEIGHT="59" WIDTH="34" VPOS="2741" HPOS="2172"/>
<String CONTENT="Shepperson" HEIGHT="156" WIDTH="1968" VPOS="2741" HPOS="407"/>
<SP HEIGHT="36" WIDTH="34" VPOS="2845" HPOS="639"/>
<String CS="1" CONTENT="&#8230;"/>
<SP HEIGHT="57" WIDTH="74" VPOS="2824" HPOS="738"/>
<String CONTENT="Pittsburgh," HEIGHT="73" WIDTH="392" VPOS="2822" HPOS="813"/>
</TextLine>
<TextLine HEIGHT="75" WIDTH="1117" VPOS="2820" HPOS="1206" STYLEREFS="StyleId-C4867B68-8405-4A9C-9177-1F7017A73DDB-">
<String CONTENT="Pa.," HEIGHT="72" WIDTH="131" VPOS="2822" HPOS="1240"/>
<SP HEIGHT="73" WIDTH="34" VPOS="2821" HPOS="1372"/>
<String CONTENT="Mt." HEIGHT="56" WIDTH="112" VPOS="2821" HPOS="1407"/>
<SP HEIGHT="56" WIDTH="33" VPOS="2821" HPOS="1520"/>
<String CONTENT="Mercy" HEIGHT="71" WIDTH="216" VPOS="2821" HPOS="1554"/>
<SP HEIGHT="53" WIDTH="33" VPOS="2839" HPOS="1771"/>
<String CONTENT="academy," HEIGHT="71" WIDTH="313" VPOS="2821" HPOS="1805"/>
<SP HEIGHT="71" WIDTH="37" VPOS="2821" HPOS="2119"/>
<String CONTENT="1922." HEIGHT="56" WIDTH="166" VPOS="2820" HPOS="2157"/>
</TextLine>
<TextLine HEIGHT="54" WIDTH="326" VPOS="2900" HPOS="479">
<String CONTENT="142" HEIGHT="43" WIDTH="77" VPOS="2902" HPOS="479"/>
<SP HEIGHT="52" WIDTH="26" VPOS="2902" HPOS="557"/>
<String CONTENT="p." HEIGHT="37" WIDTH="40" VPOS="2917" HPOS="584"/>
<SP HEIGHT="44" WIDTH="56" VPOS="2901" HPOS="625"/>
<String CONTENT="20" HEIGHT="45" WIDTH="57" VPOS="2900" HPOS="682"/>
<String STYLE="superscript" CONTENT="cm" HEIGHT="18" WIDTH="46" VPOS="2903" HPOS="744"/>
<String CONTENT="." HEIGHT="8" WIDTH="8" VPOS="2936" HPOS="797"/>
</TextLine>
<TextLine HEIGHT="60" WIDTH="1990" VPOS="2950" HPOS="408" CS="1">
<String CONTENT="&#169;" HEIGHT="54" WIDTH="53" VPOS="2956" HPOS="408"/>
<SP HEIGHT="54" WIDTH="25" VPOS="2956" HPOS="462"/>
<String CONTENT="Oct." HEIGHT="44" WIDTH="100" VPOS="2959" HPOS="488"/>
<SP HEIGHT="42" WIDTH="29" VPOS="2959" HPOS="589"/>
<String CONTENT="1," HEIGHT="49" WIDTH="34" VPOS="2959" HPOS="619"/>
<SP HEIGHT="49" WIDTH="29" VPOS="2959" HPOS="654"/>
<String CS="1" CONTENT="1922;" HEIGHT="44" WIDTH="107" VPOS="2957" HPOS="684"/>
<SP HEIGHT="51" WIDTH="26" VPOS="2957" HPOS="814"/>
<String CONTENT="2c." HEIGHT="42" WIDTH="65" VPOS="2957" HPOS="841"/>
<SP HEIGHT="52" WIDTH="25" VPOS="2956" HPOS="907"/>
<String CONTENT="Jan," HEIGHT="52" WIDTH="100" VPOS="2956" HPOS="933"/>
<SP HEIGHT="41" WIDTH="27" VPOS="2957" HPOS="1034"/>
<String CONTENT="14," HEIGHT="52" WIDTH="63" VPOS="2955" HPOS="1062"/>
<SP HEIGHT="51" WIDTH="29" VPOS="2956" HPOS="1126"/>
<String CONTENT="1926;" HEIGHT="53" WIDTH="130" VPOS="2954" HPOS="1156"/>
<SP HEIGHT="38" WIDTH="26" VPOS="2969" HPOS="1287"/>
<String CONTENT="aff." HEIGHT="44" WIDTH="78" VPOS="2954" HPOS="1314"/>
<SP HEIGHT="52" WIDTH="27" VPOS="2955" HPOS="1393"/>
<String CONTENT="Jan." HEIGHT="52" WIDTH="100" VPOS="2955" HPOS="1421"/>
<SP HEIGHT="44" WIDTH="23" VPOS="2954" HPOS="1522"/>
<String CONTENT="22;" HEIGHT="53" WIDTH="78" VPOS="2953" HPOS="1546"/>
<SP HEIGHT="53" WIDTH="28" VPOS="2953" HPOS="1625"/>
<!-- cceid FC1C0B59-6E1A-1014-9B7B-CA07F191E62B --><String CONTENT="A" HEIGHT="43" WIDTH="45" VPOS="2953" HPOS="1654"/>
<SP HEIGHT="43" WIDTH="24" VPOS="2953" HPOS="1700"/>
<String CS="1" CONTENT="879571;" HEIGHT="46" WIDTH="161" VPOS="2951" HPOS="1725"/>
<SP HEIGHT="53" WIDTH="29" VPOS="2953" HPOS="1916"/>
<String CONTENT="Pittsburgh" HEIGHT="53" WIDTH="270" VPOS="2952" HPOS="1946"/>
<SP HEIGHT="43" WIDTH="25" VPOS="2952" HPOS="2217"/>
<String CONTENT="sisters" HEIGHT="46" WIDTH="155" VPOS="2950" HPOS="2243"/>
</TextLine>
<TextLine HEIGHT="55" WIDTH="576" VPOS="3011" HPOS="477">
<String CONTENT="of" HEIGHT="44" WIDTH="53" VPOS="3015" HPOS="477"/>
<SP HEIGHT="43" WIDTH="32" VPOS="3015" HPOS="531"/>
<String CONTENT="mercy," HEIGHT="37" WIDTH="166" VPOS="3029" HPOS="564"/>
<SP HEIGHT="52" WIDTH="38" VPOS="3013" HPOS="731"/>
<String CONTENT="Pittsburgh." HEIGHT="54" WIDTH="283" VPOS="3011" HPOS="770"/>
</TextLine>
<TextLine HEIGHT="77" WIDTH="957" VPOS="3094" HPOS="409" STYLEREFS="StyleId-6271232A-15BD-48A7-A21F-DA23D4581ED2-">
<String CONTENT="Shipherd," HEIGHT="73" WIDTH="330" VPOS="3098" HPOS="409"/>
<SP HEIGHT="73" WIDTH="36" VPOS="3097" HPOS="740"/>
<String CONTENT="Henry" HEIGHT="73" WIDTH="219" VPOS="3097" HPOS="777"/>
<SP HEIGHT="75" WIDTH="31" VPOS="3095" HPOS="997"/>
<String CONTENT="Robinson." HEIGHT="60" WIDTH="337" VPOS="3094" HPOS="1029"/>
</TextLine>
<TextLine HEIGHT="77" WIDTH="1917" VPOS="3181" HPOS="482" STYLEREFS="StyleId-C4867B68-8405-4A9C-9177-1F7017A73DDB-">
<String CONTENT="The" HEIGHT="58" WIDTH="129" VPOS="3189" HPOS="482"/>
<SP HEIGHT="60" WIDTH="30" VPOS="3187" HPOS="612"/>
<String CONTENT="fine" HEIGHT="58" WIDTH="122" VPOS="3187" HPOS="643"/>
<SP HEIGHT="38" WIDTH="33" VPOS="3207" HPOS="766"/>
<String CONTENT="art" HEIGHT="55" WIDTH="101" VPOS="3190" HPOS="800"/>
<SP HEIGHT="55" WIDTH="32" VPOS="3190" HPOS="902"/>
<String CONTENT="of" HEIGHT="58" WIDTH="70" VPOS="3187" HPOS="935"/>
<SP HEIGHT="57" WIDTH="29" VPOS="3187" HPOS="1006"/>
<String CONTENT="writing," HEIGHT="73" WIDTH="272" VPOS="3185" HPOS="1036"/>
<SP HEIGHT="72" WIDTH="32" VPOS="3185" HPOS="1309"/>
<String CONTENT="for" HEIGHT="57" WIDTH="104" VPOS="3185" HPOS="1342"/>
<SP HEIGHT="55" WIDTH="34" VPOS="3186" HPOS="1447"/>
<String CONTENT="those" HEIGHT="58" WIDTH="177" VPOS="3184" HPOS="1482"/>
<SP HEIGHT="39" WIDTH="33" VPOS="3203" HPOS="1660"/>
<String CONTENT="who" HEIGHT="58" WIDTH="136" VPOS="3183" HPOS="1694"/>
<SP HEIGHT="56" WIDTH="35" VPOS="3185" HPOS="1831"/>
<String CONTENT="teach" HEIGHT="59" WIDTH="181" VPOS="3182" HPOS="1867"/>
<SP HEIGHT="58" WIDTH="30" VPOS="3182" HPOS="2049"/>
<String CONTENT="it" HEIGHT="59" WIDTH="51" VPOS="3182" HPOS="2080"/>
<SP HEIGHT="68" WIDTH="36" VPOS="3187" HPOS="2132"/>
<String CONTENT="[by]" HEIGHT="73" WIDTH="113" VPOS="3183" HPOS="2169"/>
<SP HEIGHT="75" WIDTH="35" VPOS="3181" HPOS="2283"/>
<String CONTENT="H." HEIGHT="58" WIDTH="80" VPOS="3181" HPOS="2319"/>
</TextLine>
<TextLine HEIGHT="159" WIDTH="1974" VPOS="3260" HPOS="403" STYLEREFS="StyleId-C4867B68-8405-4A9C-9177-1F7017A73DDB-" CS="1">
<String CONTENT="Robinson" HEIGHT="59" WIDTH="319" VPOS="3266" HPOS="404"/>
<SP HEIGHT="59" WIDTH="39" VPOS="3265" HPOS="724"/>
<String CONTENT="Shipherd" HEIGHT="73" WIDTH="316" VPOS="3264" HPOS="764"/>
<SP HEIGHT="57" WIDTH="36" VPOS="3266" HPOS="1081"/>
<String CS="1" CONTENT="&#8230;"/>
<SP HEIGHT="60" WIDTH="83" VPOS="3263" HPOS="1182"/>
<String CONTENT="New" HEIGHT="58" WIDTH="152" VPOS="3263" HPOS="1266"/>
<SP HEIGHT="58" WIDTH="32" VPOS="3261" HPOS="1419"/>
<String CONTENT="York," HEIGHT="72" WIDTH="190" VPOS="3261" HPOS="1452"/>
<SP HEIGHT="71" WIDTH="36" VPOS="3262" HPOS="1643"/>
<String CONTENT="The" HEIGHT="58" WIDTH="130" VPOS="3261" HPOS="1680"/>
<SP HEIGHT="59" WIDTH="36" VPOS="3260" HPOS="1811"/>
<String CONTENT="Macmillan" HEIGHT="58" WIDTH="361" VPOS="3260" HPOS="1848"/>
<SP HEIGHT="40" WIDTH="33" VPOS="3279" HPOS="2210"/>
<String CONTENT="company," HEIGHT="140" WIDTH="1974" VPOS="3279" HPOS="403"/>
<SP HEIGHT="73" WIDTH="35" VPOS="3346" HPOS="588"/>
<String CONTENT="1926." HEIGHT="58" WIDTH="166" VPOS="3344" HPOS="624"/>
</TextLine>
<TextLine HEIGHT="56" WIDTH="852" VPOS="3418" HPOS="473" CS="1">
<String CONTENT="xiii," HEIGHT="51" WIDTH="94" VPOS="3423" HPOS="473"/>
<SP HEIGHT="51" WIDTH="31" VPOS="3423" HPOS="568"/>
<String CONTENT="358" HEIGHT="45" WIDTH="81" VPOS="3421" HPOS="600"/>
<SP HEIGHT="51" WIDTH="26" VPOS="3423" HPOS="682"/>
<String CONTENT="p." HEIGHT="38" WIDTH="41" VPOS="3436" HPOS="709"/>
<SP HEIGHT="45" WIDTH="58" VPOS="3420" HPOS="751"/>
<String CONTENT="illus." HEIGHT="44" WIDTH="116" VPOS="3420" HPOS="810"/>
<SP HEIGHT="53" WIDTH="25" VPOS="3420" HPOS="927"/>
<String CONTENT="(facsims.)" HEIGHT="55" WIDTH="251" VPOS="3418" HPOS="953"/>
<SP HEIGHT="54" WIDTH="68" VPOS="3418" HPOS="1205"/>
<String CS="1" CONTENT="19&#189;cm." HEIGHT="44" WIDTH="51" VPOS="3419" HPOS="1274"/>
</TextLine>
<TextLine HEIGHT="56" WIDTH="554" VPOS="3475" HPOS="476">
<String CONTENT="&#8220;Books&#8221;:" HEIGHT="46" WIDTH="234" VPOS="3478" HPOS="476"/>
<SP HEIGHT="38" WIDTH="36" VPOS="3493" HPOS="711"/>
<String CONTENT="p." HEIGHT="38" WIDTH="40" VPOS="3493" HPOS="748"/>
<SP HEIGHT="48" WIDTH="35" VPOS="3478" HPOS="789"/>
<String CONTENT="309-320." HEIGHT="49" WIDTH="205" VPOS="3475" HPOS="825"/>
</TextLine>
<TextLine HEIGHT="61" WIDTH="1655" VPOS="3528" HPOS="405" CS="1">
<String CONTENT="&#169;" HEIGHT="54" WIDTH="56" VPOS="3535" HPOS="405"/>
<SP HEIGHT="54" WIDTH="22" VPOS="3535" HPOS="462"/>
<String CONTENT="Feb." HEIGHT="45" WIDTH="105" VPOS="3535" HPOS="485"/>
<SP HEIGHT="44" WIDTH="23" VPOS="3535" HPOS="591"/>
<String CONTENT="23," HEIGHT="50" WIDTH="66" VPOS="3535" HPOS="615"/>
<SP HEIGHT="49" WIDTH="27" VPOS="3536" HPOS="682"/>
<String CS="1" CONTENT="1926;" HEIGHT="44" WIDTH="105" VPOS="3534" HPOS="710"/>
<SP HEIGHT="52" WIDTH="25" VPOS="3534" HPOS="841"/>
<String CONTENT="2c." HEIGHT="43" WIDTH="63" VPOS="3534" HPOS="867"/>
<SP HEIGHT="29" WIDTH="25" VPOS="3548" HPOS="931"/>
<String CONTENT="and" HEIGHT="42" WIDTH="87" VPOS="3534" HPOS="957"/>
<SP HEIGHT="42" WIDTH="22" VPOS="3534" HPOS="1045"/>
<String CONTENT="aff." HEIGHT="43" WIDTH="78" VPOS="3533" HPOS="1068"/>
<SP HEIGHT="45" WIDTH="26" VPOS="3531" HPOS="1147"/>
<String CONTENT="Feb." HEIGHT="45" WIDTH="106" VPOS="3531" HPOS="1174"/>
<SP HEIGHT="43" WIDTH="23" VPOS="3532" HPOS="1281"/>
<String CONTENT="24;" HEIGHT="51" WIDTH="79" VPOS="3532" HPOS="1305"/>
<SP HEIGHT="52" WIDTH="27" VPOS="3531" HPOS="1385"/>
<!-- cceid FC1C8FD4-6E1A-1014-9B7B-CA07F191E62B --><String CONTENT="A" HEIGHT="43" WIDTH="45" VPOS="3531" HPOS="1413"/>
<SP HEIGHT="43" WIDTH="22" VPOS="3531" HPOS="1459"/>
<String CONTENT="879637;" HEIGHT="55" WIDTH="189" VPOS="3528" HPOS="1482"/>
<SP HEIGHT="53" WIDTH="30" VPOS="3530" HPOS="1672"/>
<String CONTENT="Macmillan" HEIGHT="44" WIDTH="263" VPOS="3529" HPOS="1703"/>
<SP HEIGHT="28" WIDTH="25" VPOS="3544" HPOS="1967"/>
<String CONTENT="co." HEIGHT="29" WIDTH="67" VPOS="3544" HPOS="1993"/>
</TextLine>
<TextLine HEIGHT="58" WIDTH="242" VPOS="3589" HPOS="486">
<String CONTENT="(26-5555)" HEIGHT="58" WIDTH="242" VPOS="3589" HPOS="486"/>
</TextLine>
<TextLine HEIGHT="81" WIDTH="1650" VPOS="3667" HPOS="410" STYLEREFS="StyleId-6271232A-15BD-48A7-A21F-DA23D4581ED2-">
<String CONTENT="Society" HEIGHT="74" WIDTH="250" VPOS="3674" HPOS="410"/>
<SP HEIGHT="57" WIDTH="23" VPOS="3691" HPOS="661"/>
<String CONTENT="of" HEIGHT="58" WIDTH="68" VPOS="3674" HPOS="685"/>
<SP HEIGHT="57" WIDTH="23" VPOS="3674" HPOS="754"/>
<String CONTENT="Virginia" HEIGHT="74" WIDTH="295" VPOS="3672" HPOS="778"/>
<SP HEIGHT="41" WIDTH="24" VPOS="3689" HPOS="1074"/>
<String CONTENT="of" HEIGHT="57" WIDTH="68" VPOS="3673" HPOS="1099"/>
<SP HEIGHT="56" WIDTH="26" VPOS="3673" HPOS="1168"/>
<String CONTENT="the" HEIGHT="56" WIDTH="103" VPOS="3673" HPOS="1195"/>
<SP HEIGHT="58" WIDTH="27" VPOS="3672" HPOS="1299"/>
<String CONTENT="District" HEIGHT="60" WIDTH="266" VPOS="3670" HPOS="1327"/>
<SP HEIGHT="53" WIDTH="27" VPOS="3674" HPOS="1594"/>
<String CONTENT="of" HEIGHT="57" WIDTH="67" VPOS="3670" HPOS="1622"/>
<SP HEIGHT="58" WIDTH="29" VPOS="3670" HPOS="1690"/>
<String CONTENT="Columbia." HEIGHT="61" WIDTH="340" VPOS="3667" HPOS="1720"/>
</TextLine>
<TextLine HEIGHT="81" WIDTH="1908" VPOS="3759" HPOS="489" STYLEREFS="StyleId-C4867B68-8405-4A9C-9177-1F7017A73DDB-">
<String CONTENT="Society" HEIGHT="75" WIDTH="249" VPOS="3765" HPOS="489"/>
<SP HEIGHT="53" WIDTH="24" VPOS="3787" HPOS="739"/>
<String CONTENT="register," HEIGHT="74" WIDTH="288" VPOS="3766" HPOS="764"/>
<SP HEIGHT="67" WIDTH="27" VPOS="3772" HPOS="1053"/>
<String CONTENT="the" HEIGHT="60" WIDTH="103" VPOS="3766" HPOS="1081"/>
<SP HEIGHT="60" WIDTH="30" VPOS="3766" HPOS="1185"/>
<String CONTENT="Society" HEIGHT="72" WIDTH="251" VPOS="3766" HPOS="1216"/>
<SP HEIGHT="56" WIDTH="24" VPOS="3782" HPOS="1468"/>
<String CONTENT="of" HEIGHT="56" WIDTH="68" VPOS="3767" HPOS="1493"/>
<SP HEIGHT="60" WIDTH="21" VPOS="3763" HPOS="1562"/>
<String CONTENT="Virginia" HEIGHT="76" WIDTH="293" VPOS="3761" HPOS="1584"/>
<SP HEIGHT="40" WIDTH="27" VPOS="3781" HPOS="1878"/>
<String CONTENT="of" HEIGHT="56" WIDTH="68" VPOS="3765" HPOS="1906"/>
<SP HEIGHT="56" WIDTH="23" VPOS="3765" HPOS="1975"/>
<String CONTENT="the" HEIGHT="58" WIDTH="105" VPOS="3763" HPOS="1999"/>
<SP HEIGHT="59" WIDTH="25" VPOS="3762" HPOS="2105"/>
<String CONTENT="District" HEIGHT="60" WIDTH="266" VPOS="3759" HPOS="2131"/>
</TextLine>
<TextLine HEIGHT="80" WIDTH="1988" VPOS="3837" HPOS="410" STYLEREFS="StyleId-C4867B68-8405-4A9C-9177-1F7017A73DDB-">
<String CONTENT="of" HEIGHT="57" WIDTH="68" VPOS="3849" HPOS="410"/>
<SP HEIGHT="60" WIDTH="34" VPOS="3846" HPOS="479"/>
<String CONTENT="Columbia;" HEIGHT="73" WIDTH="354" VPOS="3844" HPOS="514"/>
<SP HEIGHT="52" WIDTH="36" VPOS="3865" HPOS="869"/>
<String CONTENT="containing" HEIGHT="73" WIDTH="362" VPOS="3843" HPOS="906"/>
<SP HEIGHT="52" WIDTH="32" VPOS="3864" HPOS="1269"/>
<String CONTENT="a" HEIGHT="38" WIDTH="36" VPOS="3864" HPOS="1302"/>
<SP HEIGHT="57" WIDTH="30" VPOS="3846" HPOS="1339"/>
<String CONTENT="brief" HEIGHT="62" WIDTH="170" VPOS="3841" HPOS="1370"/>
<SP HEIGHT="58" WIDTH="29" VPOS="3844" HPOS="1541"/>
<String CONTENT="history" HEIGHT="74" WIDTH="248" VPOS="3841" HPOS="1571"/>
<SP HEIGHT="53" WIDTH="32" VPOS="3862" HPOS="1820"/>
<String CONTENT="of" HEIGHT="59" WIDTH="67" VPOS="3841" HPOS="1853"/>
<SP HEIGHT="61" WIDTH="33" VPOS="3838" HPOS="1921"/>
<String CONTENT="its" HEIGHT="58" WIDTH="82" VPOS="3838" HPOS="1955"/>
<SP HEIGHT="41" WIDTH="38" VPOS="3858" HPOS="2038"/>
<String CONTENT="organiza-" HEIGHT="74" WIDTH="321" VPOS="3837" HPOS="2077"/>
</TextLine>
</TextBlock>
</PrintSpace>
</Page>
</Layout>
</alto>