2542 4285
1342 3992 152 58 1254

420 379 329 71 Williams,
783 378 226 59 Daniel
1043 377 283 72 Jenkins,
1362 380 189 58 1874-

493 471 126 57 The
645 468 220 59 Welsh
890 468 381 71 community
1300 468 68 57 of
1393 467 359 60 Waukesha
1782 466 264 74 County,
2075 468 84 72 by
2186 467 223 60 Daniel

414 544 1969 141 Jenkins Williams … with an introduction by the Reverend
567 621 1842 76 President Silas Evans … Columbus, O., The Hann
414 703 48 57 &
485 701 201 59 Adair
714 704 130 70 ptg.
874 720 108 51 co.,
1012 700 166 58 1926.

484 776 83 46 334
590 792 41 39 p.
658 777 103 45 incl.
790 778 157 52 front.,
974 776 120 44 illus.
1152 777 52 43 21
1213 779 47 17 cm
1266 811 9 8 .

418 833 54 54 ©
505 836 99 43 Oct
641 836 36 51 1,
712 834 129 52 1926;
874 834 64 43 2c.
973 835 101 43 Oct.
1105 834 79 52 21;
1216 834 81 43 aff.
1331 834 101 43 Oct.
1465 834 78 51 23;
1578 834 44 42 A
1652 832 162 45 950631;
1879 834 56 42 D.
1970 834 41 52 J.
2043 833 242 51 Williams,
488 833 1898 111 Columbus,

712 892 56 45 O.
836 888 271 58 (26-18695)

420 984 343 73 Wiltshire,
798 984 202 74 Mary.

498 1063 129 57 The
652 1063 195 57 lesser
873 1061 208 75 breed,
1108 1061 81 72 by
1213 1060 187 73 Mary
1423 1059 343 61 Wiltshire.
1831 1060 151 58 New
1999 1060 188 73 York,
2213 1061 201 72 Dodd,

420 1140 186 58 Mead
637 1138 48 60 &
718 1157 322 54 company,
1078 1139 166 57 1926.

489 1216 567 55 4 p. l., 266 p. 19½ cm .
416 1273 56 54 ©
505 1276 100 45 Oct.
637 1275 68 52 23,
740 1274 106 43 1926;
904 1273 63 43 2c.
1000 1273 86 43 and
1118 1273 78 43 aff.
1234 1274 101 43 Oct.
1370 1272 76 52 30;
1482 1272 43 43 A
1558 1271 163 45 950693;
1785 1273 148 52 Dodd,
1967 1273 139 43 Mead
2141 1273 38 44 &
2211 1288 81 37 co.,
2327 1274 83 43 inc.

495 1331 268 56 (26-19104)

418 1417 212 73 Witte,
667 1417 146 58 Otto
846 1416 76 58 A.

498 1494 1845 73 The automobile storage battery, its care and repair …
418 1575 83 71 by
600 1620 10 10 O.
654 1573 75 56 A.
772 1573 215 58 Witte.
1069 1573 108 57 4th
1220 1574 112 71 ed.,
1375 1573 371 71 completely
1785 1591 127 39 rev.
1959 1574 123 56 and
2126 1574 134 71 enl.,
2306 1573 107 57 5th

416 1651 395 71 impression.
901 1650 289 74 Chicago,
1238 1651 116 71 Ill.,
1400 1650 207 57 Ambu
1652 1651 407 71 engineering
2102 1645 309 79 institute,

417 1728 134 72 inc.,
586 1729 165 56 1926.

486 1803 988 57 7 p. l., 523, [23] p. illus., diagrs. 23½cm.
416 1861 55 54 ©
504 1863 111 52 Apr.
648 1861 68 54 25,
753 1863 107 43 1926;
918 1863 65 42 2c.
1020 1863 116 52 June
1169 1862 78 53 28;
1283 1863 78 43 aff.
1398 1862 106 53 July
1537 1862 50 53 2;
1627 1862 43 42 A
1701 1861 192 53 897424;
1933 1862 153 44 Ambu
2122 1864 287 53 engineering

488 1920 211 51 institute,
746 1920 83 44 inc.

420 2004 304 73 Wolfson,
762 2006 290 59 Theresa.

491 2084 128 57 The
655 2102 244 39 woman
934 2084 241 58 worker
1216 2086 124 56 and
1377 2084 105 57 the
1518 2084 180 58 trade
1736 2083 244 72 unions,
2016 2085 83 71 by
2139 2084 278 60 Theresa

417 2161 1998 74 Wolfson, PH . D . New York, International publishers,
420 2239 164 58 1926.

488 2318 215 53 224 p. 19½cm.
491 2374 353 55 Bibliography:
875 2389 40 40 p.
946 2374 207 46 220-221.

417 2430 52 54 ©
504 2433 100 43 Oct.
637 2431 68 53 25,
741 2433 106 43 1926;
905 2432 65 43 2c.
1005 2433 86 43 and
1125 2432 78 43 aff.
1241 2433 101 43 Oct.
1376 2430 54 45 27;
1492 2432 43 42 A
1568 2429 164 46 949735;
1797 2431 326 44 International
2160 2430 252 54 publishers

486 2506 80 36 co.,
602 2490 82 44 inc.
754 2489 270 57 (26-19243)

418 2575 302 73 Wooddy,
763 2575 245 59 Carroll
1045 2574 151 59 Hill.

498 2652 129 58 The
654 2651 269 75 Chicago
952 2651 287 74 primary
1266 2653 67 59 of
1359 2655 147 55 1926;
1567 2672 35 39 a
1632 2653 188 72 study
1843 2652 67 58 in
1938 2652 261 60 election
415 2653 1979 154 methods,
584 2733 84 74 by
709 2732 248 61 Carroll

994 2731 1420 75 Hill Wooddy, PH . D . Chicago, Ill., The
412 2808 373 77 University
813 2813 68 59 of
912 2810 270 75 Chicago
1211 2831 183 53 press
1466 2812 165 73 [c1926]

488 2884 77 56 vii,
589 2886 83 45 299
697 2901 39 39 p.
797 2885 116 46 illus.
948 2887 153 54 (map)
1135 2886 164 45 double
1323 2886 108 45 fold.
1460 2886 133 45 form.
1650 2887 55 44 20½
1740 2890 16 18 cm
1793 2922 9 9 .

414 2943 55 54 ©
498 2944 99 45 Oct.
628 2945 61 51 14,
717 2944 107 45 1926;
873 2945 65 43 2c.
968 2945 100 43 Oct.
1094 2944 54 43 26;
1198 2945 78 43 aff.
1306 2945 101 43 Oct.
1433 2942 54 45 27;
1540 2944 44 43 A
1610 2942 163 46 949723;
1830 2943 266 54 University
2122 2943 51 45 of
2200 2943 214 54 Chicago,

489 3002 211 53 Chicago.
770 3001 271 56 (26-19122)

419 3087 351 73 Woodruff,
810 3086 298 75 Douglas,
1152 3090 189 58 1897-

497 3166 247 58 Plato’s
774 3166 337 58 American
1142 3167 296 72 republic,
1470 3168 157 56 done
1659 3170 111 54 out
1802 3166 66 58 of
1897 3167 105 57 the
2033 3166 270 73 original
2333 3166 83 73 by

420 3244 281 73 Douglas
724 3244 338 58 Woodruff…
1221 3245 278 73 London,
1523 3245 83 56 K.
1633 3245 176 73 Paul,
1838 3245 262 72 Trench,
2129 3245 289 57 Trubner

421 3322 48 57 &
494 3340 105 54 co.,
625 3322 109 58 ltd.;
795 3321 153 58 New
970 3321 192 72 York,
1190 3322 74 58 E.
1293 3322 70 57 P.
1391 3322 242 58 Dutton
1657 3322 48 57 &
1731 3341 107 54 co.,
1868 3324 166 56 1926.

494 3399 76 43 122
599 3413 40 39 p.
702 3398 49 44 16½
786 3401 47 18 cm
840 3433 9 9 .
911 3397 197 55 [To-day
1137 3400 87 43 and
1255 3407 287 47 to-morrow]

492 3456 277 52 “Dialogues
800 3457 45 43 in
874 3455 75 45 the
978 3455 207 46 Platonic
1213 3471 188 30 manner
1428 3457 180 54 dealing
1635 3456 110 45 with
1773 3464 175 46 aspects
1978 3456 53 45 of
2063 3454 241 47 American
2336 3455 79 47 life

420 3514 87 43 and
534 3513 248 45 manners.”

416 3569 1942 56 © 1c. July 24, 1926; A ad int. 8364; pubd. June 11; E. P. Dutton &. co.
498 3627 270 56 (26-19829)

420 3712 270 74 Wright,
733 3713 321 59 Cuthbert.

495 3790 127 59 The
656 3793 177 69 story
862 3790 69 59 of
960 3790 105 60 the
1100 3791 284 60 Catholic
1416 3793 246 76 church,
1693 3794 84 72 by
1811 3792 305 60 Cuthbert
2146 3791 270 74 Wright.

424 3867 149 59 New
599 3868 190 75 York,
818 3870 75 57 A.
923 3870 48 58 &
1000 3869 64 60 C.
1095 3871 178 74 Boni,
1305 3873 165 56 1926.
