2609 4293
1042 3945 106 54 153

84 326 256 59 Illinois.
419 328 182 55 Laws
604 374 15 23 ,
660 328 264 53 statutes
928 371 15 24 ,
986 327 108 52 etc.

163 429 401 71 Callaghan’s
604 427 242 55 Illinois
889 426 265 56 statutes
1196 424 354 56 annotated.
1632 424 145 56 1925
84 423 1955 140 supplement.

358 504 374 71 Containing
778 504 103 56 the
927 501 358 73 legislation
1331 502 269 69 adopted
1651 504 68 53 at
1763 501 103 55 the
1917 502 146 54 1925

84 582 347 73 legislative
470 581 241 58 session
744 581 122 55 and
904 579 510 70 supplementary
1449 577 400 57 annotations
1888 578 177 56 down

86 663 61 54 to
198 661 108 55 317
356 658 239 56 Illinois
649 659 121 55 and
822 658 107 54 233
982 655 330 71 appellate,
1363 653 318 58 inclusive.
1778 653 287 72 Chicago,

88 736 341 71 Callaghan
462 736 125 55 and
617 750 318 54 company,
970 734 164 55 1926.

152 821 512 54 2 p. l., 416 p. 27 cm .
84 893 54 54 ©
168 897 98 51 Jan.
295 894 68 52 27,
396 894 128 51 1926;
553 893 66 43 2c.
648 894 88 42 and
762 894 78 41 aff.
870 894 99 51 Jan.
1001 892 75 52 30;
1109 892 43 41 A
1182 889 189 54 879452;
1408 889 248 54 Callaghan
1687 891 37 43 &
1752 905 66 28 co.

86 1005 279 73 Inskeep,
396 1007 152 55 Mrs.
581 1003 201 57 Annie
815 1003 172 71 Lucy
1025 1000 323 74 (Dolman)

165 1109 314 71 Teaching
505 1108 130 57 dull
663 1108 122 57 and
814 1106 293 58 retarded
1136 1105 296 73 children,
1459 1106 83 71 by
1569 1103 204 61 Annie
1800 1105 267 58 Dolman

88 1182 1980 75 Inskeep … with an introduction by H. B. Wilson … New
84 1265 187 72 York,
301 1264 128 57 The
455 1262 358 58 Macmillan
839 1279 320 54 company,
1188 1262 164 57 1926.

154 1355 96 52 xix,
275 1352 80 46 455
379 1369 40 37 p.
477 1353 54 44 20½
565 1355 47 18 cm
617 1389 10 9 .

157 1423 232 47 “Selected
415 1422 279 45 references”
722 1430 45 36 at
794 1423 86 43 end
905 1422 52 45 of
982 1421 109 45 each
1117 1420 196 55 chapter.

88 1492 53 54 ©
167 1494 107 44 Feb.
299 1495 37 49 9,
367 1493 129 52 1926;
523 1494 64 42 2c.
615 1493 87 42 and
728 1493 78 42 aff.
835 1491 105 44 Feb.
972 1492 73 51 10;
1074 1491 43 42 A
1144 1491 187 52 883220;
1361 1491 267 44 Macmillan
1654 1507 65 29 co.

166 1550 240 53 (26-4420)

87 1661 209 72 Irwin,
333 1661 278 59 Wallace
646 1659 266 73 Admah,
954 1661 188 57 1875-

165 1766 232 71 Mated,
433 1766 83 71 by
551 1764 275 59 Wallace
866 1764 210 57 Irwin.
1156 1765 150 56 New
1344 1764 189 72 York,
1573 1764 278 74 London,
1893 1764 69 60 G.
2004 1765 70 58 P.

88 1844 330 56 Putnam’s
456 1861 164 54 sons,
657 1842 165 57 1926.

156 1930 552 53 2 p. l., 381 p. 19½c m .
90 1999 53 54 ©
171 2000 106 44 Feb.
307 2001 63 50 19,
401 1999 128 52 1926;
556 1999 65 44 2c.
648 1999 105 43 Feb.
778 1999 79 52 20;
887 2000 79 42 aff.
995 1998 105 44 Feb.
1127 2000 78 51 23;
1238 1999 48 44 A
1308 1999 189 53 883383;
1528 2000 75 44 W.
1632 2000 153 52 Irwin,
1817 1999 259 55 Sautucket,

161 2058 48 43 L.
246 2058 48 51 I.,
332 2057 60 43 N.
425 2057 56 43 Y.
550 2054 241 56 (26-4707)

91 2171 298 71 Johnson,
428 2170 234 58 Robert
698 2168 411 72 Underwood,
1149 2171 189 57 1853-

172 2273 557 59 Commemorative
776 2273 265 58 tributes
1086 2276 63 55 to
1196 2273 190 74 Page,
1430 2273 85 72 by
1557 2274 236 59 Robert
91 2273 1964 137 Underwood
281 2351 315 71 Johnson;

619 2351 262 73 Wilson,
899 2351 82 72 by
1003 2350 169 59 Bliss
1197 2351 235 72 Perry;
1455 2351 230 74 Bacon,
1708 2352 84 73 by
1817 2350 259 61 Charles

92 2429 73 57 A.
211 2430 204 70 Platt;
460 2429 313 72 prepared
817 2428 104 58 for
964 2428 103 58 the
1111 2426 336 61 American
1490 2429 299 74 academy
1831 2429 69 59 of
1942 2432 134 57 arts

92 2509 123 56 and
242 2509 238 71 letters,
510 2507 164 56 1924.
745 2506 167 73 [New
936 2506 188 73 York]
1152 2505 339 61 American
1520 2507 299 73 academy
1847 2507 67 59 of
1943 2510 135 57 arts

93 2586 123 58 and
239 2585 237 73 letters,
501 2585 165 57 1925.

165 2674 1304 56 2 p. l., 24 p. 17 cm . (Academy publication, no. 50)
95 2744 53 54 ©
175 2746 117 44 Nov.
323 2747 61 49 18,
416 2743 129 53 1925;
574 2745 64 43 2c.
666 2746 99 51 Jan.
792 2746 66 50 23,
891 2745 128 52 1926;
1049 2746 78 42 aff.
1155 2747 98 51 Jan.
1280 2746 77 52 22;
1389 2746 43 42 A
1461 2744 190 55 875999;
1683 2747 157 42 Amer.
1869 2748 213 51 academy

163 2803 50 43 of
242 2809 93 37 arts
364 2803 86 42 and
482 2802 167 43 letters.
718 2800 241 55 (26-4510)

95 2914 327 69 Johnston,
457 2914 107 60 Sir
598 2914 215 73 Harry
847 2912 340 72 Hamilton,
1226 2915 189 58 1858-

171 3018 341 75 Relations,
561 3019 84 72 by
694 3018 103 58 Sir
846 3017 220 73 Harry
1112 3019 331 58 Johnston.
1546 3020 151 57 New
1745 3021 173 57 York
1967 3022 121 57 and

95 3098 275 70 London,
401 3096 254 72 Harper
682 3095 49 59 &
758 3097 310 72 brothers,
1099 3097 166 57 1926.

165 3187 545 55 4 p. l., 303 p. 19½c m .
98 3257 52 53 ©
185 3258 107 44 Feb.
332 3257 62 52 17,
431 3257 128 53 1926;
594 3259 64 43 2c.
695 3257 107 43 Feb.
842 3257 73 52 16;
953 3258 78 43 aff.
1069 3257 105 44 Feb.
1216 3258 74 51 19;
1328 3258 45 43 A
1408 3258 187 53 883343;
1639 3258 73 47 Sir
1749 3260 61 43 H.
1847 3260 237 52 Johnston,

168 3314 175 53 Poling,
385 3315 83 43 Nr.
508 3313 215 53 Arundel,
763 3313 222 53 England.
1053 3313 242 55 (26-4587)

98 3414 188 70 Judd,
326 3413 254 58 Charles
620 3413 321 70 Hubbard,
981 3416 189 57 1873-

176 3520 129 57 The
335 3519 383 74 psychology
749 3522 67 57 of
849 3521 190 58 social
1067 3518 411 75 institutions,
1509 3524 84 70 by
1626 3522 258 59 Charles
101 3523 1961 132 Hubbard

282 3597 1803 75 Judd … New York, The Macmillan company, 1926.
168 3687 62 51 ix,
259 3688 81 44 346
370 3701 41 38 p.
470 3687 133 52 illus.,
633 3687 168 53 diagrs.
859 3689 57 44 20½
948 3693 47 17 cm
1001 3726 9 9 .

173 3757 384 51 Bibliographical
585 3758 263 46 foot-notes.

102 3821 53 55 ©
182 3823 105 45 Feb.
316 3823 62 53 16,
409 3824 107 44 1926
528 3840 10 38 ;
564 3826 65 43 2c.
655 3828 87 42 and
766 3828 78 43 aff.
875 3826 105 45 Feb.
1012 3826 73 54 17;
1115 3829 43 42 A
1185 3828 190 54 883307;
1406 3830 264 44 Macmillan
1696 3846 51 28 co.

180 3880 239 55 (26-4566)
