2542 4285
1046 4015 150 55 1549

177 486 87 40 316
289 497 43 36 p.
391 485 128 40 illus.
578 484 56 39 19
636 486 44 21 cm
685 515 8 9 .

111 536 55 53 ©
189 543 66 39 1c.
282 542 100 39 Oct.
407 541 69 46 12,
503 540 138 46 1926;
668 540 41 38 A
732 540 61 38 ad
818 539 86 40 int.
930 538 140 47 8590;
1099 538 142 47 pubd.
1267 536 119 48 Aug.
1411 536 81 45 16;
1524 535 181 47 George
1732 535 59 39 H.
1820 535 167 38 Doran
2011 543 83 38 co.,

180 598 116 39 New
327 597 143 39 York.
540 595 220 48 (27-952)

115 690 120 52 The
286 690 197 51 House
534 688 284 52 beautiful
870 687 319 69 gardening
1239 686 259 65 manual;
1553 704 32 33 a
1636 682 458 70 comprehensive

178 766 188 69 guide,
457 765 202 53 æsthetic
702 765 113 53 and
860 763 291 69 practical,
1197 763 94 53 for
1335 764 78 51 all
1456 762 216 69 garden
1714 762 200 65 lovers,
1955 759 138 54 both

178 844 158 52 those
378 842 127 53 who
546 861 96 34 are
681 842 120 53 still
843 841 282 68 planning
1166 841 150 52 their
1358 841 245 67 gardens
1645 857 73 35 on
1761 857 180 49 paper
1983 837 111 52 and

180 920 158 53 those
373 920 126 52 who
533 919 144 53 have
710 919 114 52 had
862 918 320 69 gardening
1218 917 344 68 experience,
1599 916 299 68 including
1933 916 164 67 plant

179 997 125 53 lists
340 996 280 68 compiled
655 996 139 53 with
831 996 96 52 the
960 996 134 67 help
1130 994 65 53 of
1229 993 509 54 horticulturalists

1774 992 62 53 in
1872 993 79 52 all
179 1010 1895 117 sections
356 1073 65 54 of
445 1073 96 54 the
566 1078 256 63 country,
852 1074 113 51 and
992 1090 72 34 an
1092 1072 397 68 introductory
1518 1071 235 68 chapter
1782 1088 79 48 on,
1883 1070 213 68 garden

181 1147 1893 151 design by Fletcher Steele … with many illustrations, including
302 1228 268 67 sketches,
596 1227 307 68 diagrams,
926 1227 114 52 and
1064 1227 166 67 plans
1254 1245 61 33 as
1340 1226 126 53 well
1492 1245 60 33 as
1575 1225 129 53 half
1725 1230 174 48 tones.
179 1226 1897 148 Boston,
326 1306 121 52 The

475 1304 261 54 Atlantic
765 1304 263 68 monthly
1058 1322 157 49 press
1252 1336 13 35 [
1269 1310 18 21 c
1292 1306 134 49 1926
1432 1336 12 33 ]

185 1390 79 47 vii,
294 1391 71 48 [1],
392 1389 84 40 152
501 1400 42 37 p.
600 1389 128 39 illus.
758 1387 133 48 (incl.
918 1386 165 48 plans)
1119 1386 179 48 diagrs.
1360 1386 57 41 32½
1450 1389 45 21 cm
1499 1418 9 8 .

113 1439 53 53 ©
198 1446 110 39 Dec.
340 1444 68 48 10,
441 1444 138 41 1926;
613 1443 67 39 2c.
712 1444 94 37 and
840 1442 80 40 aff.
952 1444 112 37 Dec.
1096 1442 82 46 27;
1211 1441 42 38 A
1282 1441 199 47 958476;
1519 1440 217 40 Atlantic
1767 1442 219 45 monthly
2019 1451 82 38 co.,

183 1501 196 39 Boston.
450 1498 220 49 (27-806)

115 1593 385 61 Jascalevich,
529 1592 325 63 Alejandro
883 1591 89 61 A.,
1006 1594 170 48 1894-

182 1671 183 51 Three
392 1669 359 67 conceptions
781 1668 65 53 of
872 1669 178 66 mind,
1079 1668 151 52 their
1257 1668 240 68 bearing
1527 1685 73 35 on
1630 1668 96 52 the
113 1668 1966 131 denaturalization

339 1745 65 53 of
438 1747 96 51 the
569 1745 159 53 mind
766 1745 61 52 in
862 1745 240 68 history,
1137 1744 78 69 by
1250 1744 330 53 Alexander
1616 1745 71 52 A.
1728 1744 376 68 Jascalevich,

201 1822 1579 69 PH . D . New York, Columbia university press, 1926.
186 1903 540 48 ix, 107 p., 1 l. 19 cm .
189 1960 69 39 “A
284 1970 106 30 new
418 1961 206 46 attempt
652 1961 52 38 at
732 1959 388 48 reconstructing
1148 1960 83 40 the
1260 1960 307 48 conceptions
1597 1960 52 40 of
1678 1959 132 41 mind
1842 1961 53 39 of

114 1960 1975 104 Aristotle,
222 2015 140 41 Saint
386 2016 284 47 Augustine,
697 2016 96 39 and
817 2016 641 41 Descartes.”—Foreword.

187 2071 1685 48 Published also as thesis ( PH . D.) Columbia university, 1926.
117 2121 52 54 ©
195 2128 120 47 Aug.
344 2128 71 48 30,
444 2128 139 46 1926;
616 2129 67 40 2c.
716 2127 128 49 Sept.
873 2129 53 47 2;
957 2129 82 40 aff.
1068 2129 120 47 Aug.
1218 2129 82 47 31;
1332 2129 42 38 A
1402 2130 199 47 901731;
1635 2129 248 40 Columbia
188 2129 1902 102 university

314 2195 149 37 press.
534 2184 220 48 (27-678)

118 2277 127 62 Job,
278 2277 267 54 Leonard
576 2278 175 63 Bliss,
787 2282 170 49 1891-

186 2354 269 55 Business
496 2362 397 63 management
932 2357 66 52 of
1036 2357 390 54 institutional
1465 2359 191 53 homes
1699 2359 95 53 for
1833 2359 276 62 children,

117 2433 1991 73 by Leonard Bliss Job … New York city, Teachers college,
118 2509 299 56 Columbia
450 2511 334 70 university,
818 2515 150 50 1926.

191 2595 65 48 xi,
294 2594 87 41 205
419 2605 43 38 p.
502 2594 109 41 incl.
649 2595 168 48 forms,
857 2596 179 48 diagrs.
1099 2596 146 41 23½cm.
1319 2597 265 49 (Teachers
1625 2598 191 48 college,
1857 2598 251 41 Columbia

120 2651 285 47 university.
469 2650 366 42 Contributions
880 2654 50 39 to
974 2652 272 49 education,
1294 2664 75 31 no.
1413 2653 111 49 215)

192 2707 263 40 Published
484 2708 103 40 also
616 2718 54 30 as
698 2707 153 41 thesis
888 2709 108 47 (PH.
1057 2709 34 47 D.)
1130 2709 251 42 Columbia
1412 2710 284 50 university,
1725 2711 128 42 1926.

192 2763 374 49 Bibliography:
597 2775 44 38 p.
670 2764 216 42 189-190.

121 2812 52 54 ©
211 2819 102 40 Oct.
350 2819 69 47 26,
457 2819 140 48 1926;
637 2820 67 39 2c.
742 2821 118 39 Nov.
897 2820 83 47 22;
1021 2820 82 41 aff.
1144 2822 112 39 Dec.
1296 2822 52 47 8;
1390 2822 67 40 2c.
1497 2823 118 40 Nov.
1653 2823 82 47 22;
1779 2823 83 41 aff.
1903 2825 111 39 Dec.
2055 2825 52 47 8;

190 2875 41 41 A
264 2875 199 48 957500;
500 2876 238 40 Teachers
773 2877 191 47 college,
1004 2877 250 40 Columbia
1291 2878 130 40 univ.
1492 2879 220 48 (27-797)

123 2968 274 64 Lamson,
431 2971 138 52 Mrs.
603 2969 402 55 Armenouhie
1048 2971 350 65 (Tashjian)
1442 2977 172 50 1886-

192 3046 149 52 How
373 3047 31 52 I
434 3066 153 34 came
614 3053 59 47 to
703 3047 94 67 be;
832 3049 97 52 the
959 3050 460 70 autobiography
1448 3052 65 52 of
1545 3071 72 34 an
1646 3053 224 53 unborn
1900 3053 212 67 infant,

120 3124 75 69 by
225 3124 386 54 Armenouhie
642 3127 64 51 T.
737 3127 265 53 Lamson.
1067 3128 138 53 New
1239 3129 179 68 York,
1450 3130 122 53 The
1600 3130 334 53 Macmillan
122 3150 1967 121 company,
329 3205 150 51 1926.

195 3286 84 40 xiv
306 3297 57 37 p.,
391 3287 27 40 3
482 3317 8 15 l.,
519 3287 85 40 179
632 3298 43 37 p.
738 3288 143 48 illus.,
911 3288 157 48 plates
1098 3288 135 49 (part
1263 3288 111 47 col.)
1446 3291 57 39 19½
1534 3293 44 21 cm
1583 3323 9 8 .

198 3341 133 41 First
374 3342 183 41 edition
598 3343 257 48 published
896 3345 51 39 in
990 3344 115 41 1916
1147 3347 154 38 under
1345 3346 135 41 title:
1527 3348 83 47 My
1650 3347 159 48 birth;
1856 3350 82 39 the
123 3352 1974 95 autobiography

417 3400 53 39 of
496 3410 63 29 an
585 3401 188 39 unborn
798 3401 179 41 infant.

122 3447 56 54 ©
204 3455 112 38 Dec.
340 3454 69 47 28,
435 3454 141 48 1926;
605 3455 66 40 2c.
698 3457 95 38 and
820 3456 82 40 aff.
929 3458 113 38 Dec.
1069 3457 82 47 29;
1182 3457 41 38 A
1248 3457 200 48 957845;
1478 3460 280 39 Macmillan
1786 3472 66 29 co.
1917 3456 66 53 ©
2010 3472 106 30 new

196 3511 95 38 and
319 3509 188 41 revised
532 3510 240 50 material]
845 3512 222 48 (27-796)

129 3602 79 53 Le
238 3603 221 64 Clercq,
488 3602 253 66 Jacques
769 3605 261 65 Georges
1059 3607 401 65 Clemenceau,
1493 3614 170 50 1898-

258 3680 1857 79 … A Sorbonne of the hinterland, by Jacques Le Clercq.
126 3759 139 52 New
294 3758 178 70 York,
499 3761 64 52 L.
592 3760 353 71 MacVeagh,
976 3763 120 53 The
1125 3764 136 52 Dial
1290 3783 174 50 press,
1494 3769 150 51 1926.

199 3842 57 40 24
283 3854 42 37 p.
387 3843 57 40 20½
476 3846 43 21 cm
525 3876 7 8 .
606 3844 125 47 (The
755 3844 130 41 little
909 3846 148 40 books
1085 3846 53 40 of
1161 3858 107 29 new
1293 3848 194 48 poetry)

130 3890 52 54 ©
207 3898 111 40 Dec.
343 3898 69 47 20,
437 3899 140 47 1926;
604 3900 67 39 2c.
699 3900 111 40 Dec.
837 3900 82 47 23;
948 3900 81 41 aff.
1058 3903 111 39 Dec.
1195 3903 82 42 22;
1307 3903 41 38 A
1374 3903 199 49 957777;
1602 3904 113 40 Dial
1742 3915 150 39 press,
1919 3906 91 41 inc.

209 3952 221 50 (27-902)
