2542 4285
1334 3984 148 57 1048

410 368 343 72 Wickham,
799 369 239 71 Joseph
1080 366 279 73 Francis,
1404 369 189 56 1881-

485 457 211 60 Assisi
732 460 68 56 of
838 457 182 59 Saint
1056 456 265 59 Francis
1359 459 125 57 and
1520 457 179 56 other
1738 476 217 52 essays
1996 456 68 57 of
2097 456 189 72 Italy,
2321 458 85 70 by

410 533 1995 75 Joseph F. Wickham … Boston, Mass., The Stratford
410 631 320 57 company,
761 612 165 58 1926.

479 701 1059 54 viii p., 2 l., 190 p. front., plates. 192 cm .
414 771 52 53 ©
499 772 120 53 Sept.
656 772 63 52 10,
753 771 129 52 1926;
915 772 65 43 2c.
1015 772 123 53 Sept.
1171 770 74 54 15;
1279 772 79 43 aff.
1395 770 120 54 Sept.
1551 772 74 52 16;
1658 772 44 42 A
1734 770 190 54 949059;
1962 770 234 48 Stratford
2226 787 65 29 co.

491 829 269 55 (26-16138)

412 928 307 73 Wilhelm,
773 949 207 39 crown
1026 929 213 74 prince
1294 930 66 72 of
1410 931 101 56 the
1563 929 270 58 German
1882 929 231 75 empire
2163 932 125 57 and
2340 931 67 73 of

484 1006 263 59 Prussia,
797 1009 190 57 1882-

485 1097 34 57 I
549 1097 145 58 seek
722 1097 104 57 the
856 1095 178 59 truth;
1099 1116 37 38 a
1167 1097 163 57 book
1362 1115 78 38 on
1475 1095 476 73 responsibility
1981 1095 105 59 for
2119 1096 105 58 the
2256 1117 151 52 war,

408 1174 83 72 by
540 1174 103 57 the
697 1173 331 59 ex-Crown
1081 1173 224 59 Prince
1356 1172 281 59 William
1692 1174 67 57 of
1816 1173 332 73 Germany,
409 1178 1972 131 translated
623 1250 168 58 from
835 1252 104 57 the
990 1250 272 59 German
1305 1251 84 72 by
1434 1251 209 72 Ralph
1688 1251 241 58 Butler.
2018 1252 152 57 New
2214 1252 193 72 York,
410 1329 58 57 J.
497 1328 79 58 H.
608 1328 191 59 Sears
829 1330 49 56 &
903 1347 326 55 company,
1257 1329 115 58 inc.
1444 1330 165 72 [c1926]

480 1417 92 53 xvi,
601 1417 81 46 352
708 1433 41 38 p.
809 1418 132 43 front.
980 1419 170 54 (port.)
1213 1420 151 43 22½cm.

413 1487 53 54 ©
500 1488 120 53 Sept.
654 1488 64 53 15,
750 1489 129 53 1926;
911 1490 63 43 2c.
1006 1490 88 43 and
1124 1490 79 43 aff.
1239 1490 119 52 Sept.
1394 1489 75 53 17;
1503 1489 45 44 A
1579 1489 189 54 950038;
1800 1491 40 53 J.
1873 1491 62 44 H.
1972 1490 135 48 Sears
2142 1492 38 45 &
2210 1508 79 35 co.,
2322 1492 82 44 inc.

490 1545 270 56 (26-16137)

409 1646 410 70 Williamson,
858 1645 281 74 Alpheus
1175 1648 332 72 Josephus,
1548 1650 190 57 1857-

487 1738 130 57 The
644 1756 287 54 message
963 1738 68 57 of
1060 1738 105 60 the
1196 1737 363 60 Comforter;
1617 1738 104 58 the
1754 1737 322 60 Christian
407 1759 1978 130 commonwealth,
691 1816 84 72 by
811 1816 76 56 A.
926 1816 61 58 J.
1026 1814 414 60 Williamson.
1522 1815 258 75 Boston,
1823 1818 130 57 The
1996 1817 414 74 Christopher

410 1893 361 74 publishing
799 1893 195 59 house
1067 1894 164 74 [c1926]

482 1983 79 46 172
592 2000 40 38 p.
694 1984 125 45 front.
858 1984 167 54 (port.)
1091 1985 51 43 21
1153 1986 47 18 cm
1206 2018 10 9 .

482 2055 69 47 “A
578 2055 105 54 plan
711 2055 216 53 designed
953 2062 46 39 to
1027 2054 135 54 bring
1189 2055 138 43 about
1354 2069 27 29 a
1409 2055 146 43 better
1582 2062 167 46 system
1776 2055 50 45 of
1854 2069 269 40 commerce,
412 2071 1977 86 compensation
531 2114 88 43 and
650 2113 256 52 fellowship
935 2113 43 42 in
1009 2111 76 44 the
1115 2109 139 48 social
1284 2112 277 46 intercourse
1590 2112 49 43 of
1670 2112 75 44 the
1773 2110 189 46 world.”

413 2169 52 53 ©
493 2171 119 52 Aug.
648 2170 61 50 14,
746 2169 104 44 1926;
908 2170 64 43 2c.
1003 2169 88 43 and
1119 2169 79 43 aff.
1230 2169 119 52 Aug.
1382 2169 77 52 28;
1493 2169 44 42 A
1568 2169 189 53 901614;
1794 2168 299 55 Christopher
2122 2170 101 53 pub.
2252 2170 153 45 house.

491 2227 268 55 (26-16128)

408 2327 211 70 Witte,
660 2327 180 57 Irene
879 2327 84 58 M.

485 2415 1856 76 Amerikanische büroorganisation, von I. M. Witte …
410 2496 120 58 Mit
579 2498 71 55 13
701 2495 436 73 abbildungen.
1241 2494 311 58 München
1598 2496 128 56 und
1773 2495 238 72 Berlin,
2061 2496 73 57 R.
410 2495 1976 153 Oldenbourg,
656 2575 148 56 1925.

477 2653 54 44 80
565 2667 40 39 p.
665 2651 117 46 illus.
810 2652 127 54 (incl.
974 2651 173 54 forms)
1214 2651 53 44 23
1274 2652 48 19 cm
1329 2686 8 9 .

481 2707 894 55 “Literaturverzeichnis” : p. [79] – 80.
413 2763 1904 57 © Dec. 1, 1925; 1c. Mar. 9, 1926; A —Foreign 30500; R. Oldenbourg.
491 2824 270 56 (26-16127)

407 2924 217 73 Wood,
669 2924 220 73 Edgar
930 2924 268 72 Harper.

410 3013 1998 152 Textbook of mechanics, by E. H. Wood … New York, J. Wiley & sons, inc.; London, Chapman & Hall, limited,
410 3171 165 57 1926.

478 3245 942 56 xii, 251 p. diagrs. 23 ½ cm . $3.00
410 3303 57 53 ©
505 3304 119 52 Sept.
663 3304 63 51 10,
762 3304 131 51 1926;
928 3305 64 42 2c.
1025 3305 90 43 and
1146 3305 80 43 aff.
1267 3304 120 53 Sept.
1427 3302 75 54 15;
1540 3305 44 42 A
1618 3302 190 54 950019;
1847 3301 52 49 E.
1937 3305 61 43 H.
2034 3304 163 54 Wood,
2235 3303 169 54 Ithaca,
484 3362 58 44 N.
574 3362 55 43 Y.
699 3361 269 55 (26-16212)

410 3460 393 71 Woodward,
845 3460 217 60 Helen.

489 3552 299 73 Through
827 3571 192 54 many
1058 3552 316 72 windows,
1417 3554 83 71 by
1540 3553 199 59 Helen
1779 3553 396 59 Woodward.
2258 3553 152 59 New

413 3629 170 59 York
611 3631 123 57 and
762 3630 280 73 London,
1073 3631 258 71 Harper
1361 3630 49 59 &
1438 3631 308 73 brothers,
1779 3631 166 58 1926.

480 3707 552 56 4 p. l. , 387 p. 21½cm.
481 3765 378 53 Autobiography
886 3765 52 47 of
963 3782 25 27 a
1017 3766 204 44 business
1251 3779 195 31 woman.

414 3821 53 54 ©
507 3823 119 52 Sept.
665 3822 64 52 17,
767 3823 128 52 1926;
932 3823 65 43 2c.
1037 3823 121 52 Sept.
1198 3823 75 52 14;
1310 3823 80 44 aff.
1431 3822 122 53 Sept.
1588 3822 79 53 20;
1704 3823 44 42 A
1784 3821 190 54 950068;
2011 3824 62 43 H.
2110 3822 294 52 Woodward,

484 3881 251 53 Westport,
766 3879 138 45 Conn.
975 3880 268 55 (26-16126)
