2542 4285
1032 3979 151 56 1229

106 382 286 71 Burgess,
433 380 225 56 Ernest
693 378 279 69 Watson,
1013 378 187 56 1886-
1357 377 90 58 ed.

176 471 129 57 The
337 469 201 57 urban
572 467 407 71 community;
1019 466 267 58 selected
1321 485 230 53 papers
1588 464 168 58 from
1790 466 105 59 the
99 466 1959 151 Proceedings

428 547 67 57 of
533 544 103 58 the
675 543 332 59 American
1050 543 393 71 sociological
1485 541 251 72 society,
1777 543 168 70 1925,

97 544 1965 227 edited by Ernest W. Burgess … Chicago, Ill., The University
364 698 68 58 of
461 698 267 72 Chicago
757 716 179 54 press
967 698 183 72 [1926]

168 786 78 51 xii,
290 787 82 44 268
415 801 39 38 p.
529 785 168 54 diagrs.
770 787 54 44 20
831 789 47 18 cm
883 821 10 9 .
974 786 293 54 (Half-title:
1318 784 101 45 The
1465 783 271 55 University
1781 784 55 44 of
1885 782 204 56 Chicago

100 841 174 46 studies
300 842 45 43 in
371 842 145 43 urban
543 841 259 54 sociology;
833 841 52 44 R.
914 842 50 46 E.
995 842 137 52 Park,
1159 841 174 54 editor)

99 911 55 54 ©
183 914 99 44 Oct.
312 915 34 50 1,
378 913 103 43 1926
497 928 8 36 ;
533 914 64 42 2c.
628 913 99 44 Oct.
756 913 77 51 26;
863 914 77 41 aff.
972 913 101 44 Oct.
1100 912 78 52 27;
1209 913 44 42 A
1281 911 188 53 949730;
1500 911 264 54 University
1791 911 52 44 of
1873 909 212 55 Chicago,

173 969 210 55 Chicago.
452 968 268 56 (26-19158)

106 1070 178 66 Burr,
315 1071 150 56 Mrs.
495 1069 187 57 Anna
710 1069 286 58 Robeson
1032 1069 286 73 (Brown)
1358 1071 189 57 1873-

180 1159 180 58 West
391 1159 68 58 of
490 1159 101 57 the
621 1178 215 52 moon;
869 1180 35 37 a
937 1178 287 40 romance
1256 1161 82 71 by
1369 1161 187 57 Anna
1586 1161 287 58 Robeson
1903 1160 186 57 Burr.

108 1236 150 59 New
302 1237 188 72 York,
537 1238 260 57 Duffield
844 1239 123 56 and
1013 1257 321 53 company,
1382 1240 164 56 1926.

174 1327 579 54 5 p. l., 3-359 p. 19½ cm .
101 1398 54 53 ©
191 1399 100 44 Oct.
328 1400 62 50 18,
428 1400 104 42 1926
546 1415 9 37 ;
589 1399 63 44 2c.
688 1400 100 44 Oct.
824 1400 78 51 29;
938 1401 78 42 aff.
1052 1399 100 44 Oct.
1186 1399 78 53 27;
1302 1399 44 43 A
1381 1399 188 54 949828;
1609 1400 196 43 Duffield
1841 1400 38 44 &
1911 1415 66 28 co.

180 1456 269 55 (26-19021)

108 1555 219 74 Cahill,
361 1557 185 72 Mary
580 1555 313 59 Florence.

181 1646 1912 75 Junior office practice, by Mary F. Cahill … New York,
108 1724 128 56 The
268 1723 357 58 Macmillan
658 1743 320 53 company,
1014 1724 164 57 1926.

176 1812 108 53 xvii,
317 1812 82 46 306
430 1827 42 39 p.
531 1812 114 46 illus.
704 1814 51 43 21½
792 1815 47 19 cm
846 1847 8 9 .

178 1884 133 52 Maps
342 1898 58 29 on
427 1883 335 54 lining-papers.

176 1939 354 54 Bibliography:
563 1956 38 37 p.
633 1940 203 45 294-298.

103 2008 55 54 ©
186 2010 100 45 Oct.
310 2010 66 52 26,
408 2010 128 52 1926;
563 2011 62 42 2c.
654 2011 87 42 and
768 2011 78 42 aff.
876 2010 100 44 Oct.
1002 2009 78 53 27;
1109 2011 42 42 A
1179 2009 189 54 949772;
1400 2010 265 44 Macmillan
1691 2025 64 29 co.

183 2067 268 54 (26-19244)

111 2167 149 68 Call,
295 2168 244 58 Arthur
570 2167 246 73 Deerin,
852 2171 189 56 1869-

182 2253 1845 76 Our country and world peace, by Arthur Deerin Call …
106 2332 267 71 Denver,
428 2333 128 59 The
610 2332 187 60 Estes
850 2330 171 60 Park
1076 2333 363 59 conference
1492 2335 68 57 of
1610 2333 226 72 Young
1887 2334 201 55 men’s

108 2408 320 61 Christian
455 2409 409 61 associations
897 2411 181 72 [1926]

179 2500 465 52 169 p., 1 l. 19½ cm .
181 2569 123 47 “The
349 2570 120 44 main
510 2569 205 50 portions
759 2573 52 43 of
856 2571 70 45 six
971 2571 191 46 lectures
1205 2571 226 47 delivered
1475 2573 159 46 before
1677 2575 75 44 the
1795 2573 132 48 Estes
1975 2575 122 43 Park

107 2643 199 30 summer
348 2627 156 43 school
547 2628 53 42 of
640 2627 75 47 the
732 2681 9 10 _
757 2626 172 51 Young
970 2630 139 42 men’s
1153 2627 232 46 Christian
1428 2631 288 50 association,
1760 2637 46 38 at
1848 2633 74 44 the
1966 2631 130 47 Estes

109 2685 124 43 Park
260 2684 283 48 conference,
574 2681 292 46 Association
897 2697 142 37 camp,
1072 2684 240 52 Colorado,
1343 2685 47 45 in
1420 2685 122 52 July,
1575 2685 116 45 1926.
1753 2687 143 44 Much
1927 2689 51 44 of
2008 2688 89 46 this

108 2741 204 43 material
341 2741 81 43 has
453 2739 222 50 appeared
707 2739 242 45 elsewhere
979 2742 86 43 and
1098 2740 43 44 in
1170 2757 25 28 a
1226 2741 174 52 variety
1429 2742 52 45 of
1512 2743 405 45 forms.”—Introd

437 2795 164 45 CONTENTS.—The
634 2794 94 46 will
760 2805 47 37 to
840 2798 84 42 end
956 2798 266 43 war.—The
1256 2797 118 44 faith
1406 2800 52 44 of
1488 2800 73 44 the
1596 2799 223 52 founding
1854 2801 244 45 fathers.—

109 2851 99 45 Our
260 2850 224 51 “greatest
533 2851 305 45 constructive
888 2851 448 46 statesman”.—Our
1385 2854 192 47 attitude
1626 2859 200 43 towards
108 2857 1968 95 disarmament.—

301 2906 477 52 Interparliamentary
815 2907 468 51 cooperation.—The
1317 2917 102 38 true
1452 2911 127 46 voice
1614 2913 50 44 of
1699 2915 224 44 America.

111 2971 52 54 ©
192 2973 107 53 July
328 2973 67 51 21,
428 2973 128 51 1926;
588 2973 64 44 2c.
682 2974 86 43 and
800 2974 78 43 aff.
911 2974 101 45 Oct.
1047 2974 73 53 16;
1153 2976 44 42 A
1229 2976 189 54 949578;
1455 2979 55 43 A.
1545 2980 55 42 D.
1635 2978 113 55 Call,
1780 2982 318 53 Washington.

189 3031 268 54 (26-19148)

113 3129 353 74 [Campbell,
518 3130 259 78 Donald]
830 3135 187 56 1883-

193 3222 129 57 The
356 3223 118 57 call
507 3224 65 55 of
604 3224 104 56 the
742 3224 232 73 jungle,
1007 3226 82 71 by
1122 3228 236 57 Robert
1394 3230 157 56 Noel
1584 3230 223 59 Rivers
1849 3235 248 71 [pseud.]

111 3299 1989 85 illustrations by W. E. Wightman … London, Simpkin,
114 3376 324 75 Marshall,
472 3379 339 72 Hamilton,
845 3381 173 58 Kent
1050 3383 47 55 &
1130 3402 105 53 co.,
1268 3385 107 56 ltd.
1415 3387 180 72 [1926]

180 3467 95 52 299,
312 3469 51 53 [1]
402 3482 38 38 p.
503 3468 153 52 plates.
723 3470 49 44 19
780 3473 46 19 cm
832 3506 9 8 .

115 3521 1987 70 © 1c. Feb. 6, 1926; A ad int. 8203; pubd. Jan. 1; D. Campbell, St. Helens,
183 3581 256 52 Lancaster,
469 3583 220 53 England.
758 3586 270 55 (26-19111)

119 3679 259 72 Carroll,
416 3682 233 59 Robert
685 3685 202 57 Paris.

188 3773 60 57 A
281 3773 146 59 drill
457 3776 158 57 book
644 3775 66 59 in
738 3780 285 60 methods
1058 3783 68 56 of
1158 3784 424 72 computation
1614 3785 65 58 in
1713 3788 390 60 educational

113 3857 1990 82 measurements, by Robert P. Carroll … Syracuse, N. Y.,
