2542 4285
1340 3991 149 58 1186

418 387 330 72 Régamey,
785 384 344 74 Raymond.

556 484 1846 77 … Géricault, par Raymond Régamey; 40 planches
411 567 342 59 hors-texte
787 586 76 39 en
893 565 455 72 héliogravure.
1432 564 203 74 Paris,
1669 565 70 58 F.
1774 563 233 59 Rieder
2037 562 48 60 &
2116 583 29 39 ci
2161 571 21 22 e
2187 609 13 25 ,
2236 563 165 58 1926.

482 650 1858 59 63, [1] p. 40 pl. (incl. front.) 20 ½ cm . (“Maîtres de l’art moderne”)
483 724 291 54 Descriptive
798 724 266 53 letterpress
1090 738 60 30 on
1174 739 160 29 versos
1366 723 158 53 facing
1546 723 77 49 the
1646 723 159 54 plates.

484 781 151 44 “Note
662 780 421 54 bibliographique”:
1137 795 41 38 p.
1210 780 80 47 [60]

412 850 56 54 ©
501 853 114 52 June
652 852 63 52 10,
752 852 130 52 1926;
946 867 23 27 1c
975 880 8 14 ;
1023 850 118 53 Sept.
1179 850 49 53 7;
1266 851 102 42 A—
1369 849 199 54 Foreign
1603 850 160 52 31884;
1803 849 50 45 F.
1891 849 169 45 Rieder
2094 850 38 44 &
2166 864 67 30 co.

493 908 269 56 (26-18701)

415 1024 291 69 Rickard,
741 1023 85 73 L.,
857 1025 152 55 Mrs.
1044 1021 219 58 Victor
1293 1021 294 59 Rickard.

494 1132 127 55 The
652 1130 157 72 light
839 1129 141 57 that
1004 1128 133 58 lies.
1206 1129 175 70 chap.
1415 1129 203 55 35-51.
1692 1129 87 73 [17
1808 1126 412 76 instalments]

487 1224 79 51 (In
598 1223 186 41 London
816 1221 140 52 Daily
988 1219 250 52 chronicle)

414 1287 1985 57 © 1c. each Oct. 29, 1926; A ad int. 8667; pubd. Sept. 3, 4, 6-11, 13-18, 20-22;
484 1349 144 54 Jessie
660 1348 165 44 Louisa
859 1347 213 51 Rickard,
1105 1347 199 43 London.

415 1461 198 74 Riley,
652 1460 282 60 William
970 1459 154 58 Bell.

495 1554 128 57 The
663 1553 178 57 Bible
883 1552 67 57 of
990 1552 103 57 the
1137 1552 318 71 expositor
1499 1552 124 58 and
1663 1553 103 56 the
1809 1553 364 72 evangelist.
2255 1552 153 58 New

418 1633 363 55 Testament.
870 1650 57 36 v.
966 1632 51 54 3.
1054 1631 302 55 Matthew
1391 1632 125 54 and
1550 1631 102 55 the
1692 1630 337 71 synoptics.
2106 1631 301 56 Matthew

418 1706 1988 74 15 to 28. By W. B. Riley … Cleveland, O., Union gospel
414 1805 181 53 press
634 1817 14 44 [
648 1795 20 21 c
672 1787 164 75 1926]

483 1876 81 46 326
590 1889 40 39 p.
689 1875 56 44 20
750 1877 47 18 cm
803 1909 9 9 .

416 1945 53 54 ©
504 1947 117 43 Nov.
653 1946 39 53 2,
730 1946 105 43 1926;
892 1946 65 44 2c.
990 1946 90 43 and
1114 1947 79 42 aff.
1230 1946 119 44 Nov.
1381 1948 49 51 8;
1468 1947 45 42 A
1546 1946 188 53 949992;
1771 1947 157 44 Union
1960 1947 155 54 gospel
2151 1962 139 39 press.

418 2075 281 70 Roberts,
742 2074 182 71 Cecil,
966 2077 189 58 1892-

493 2181 190 59 Little
722 2182 151 57 Mrs.
914 2181 391 74 Manington,
1342 2183 82 71 by
1463 2180 166 60 Cecil
1662 2183 288 58 Roberts.
2033 2183 151 58 New
2222 2184 187 72 York,

419 2259 239 74 George
689 2260 79 56 H.
800 2259 216 58 Doran
1046 2278 305 54 company
1383 2288 14 45 [
1399 2270 17 21 c
1420 2261 164 75 1926]

486 2336 77 46 351
601 2353 40 39 p.
704 2337 50 45 19½c
805 2340 31 18 m
841 2371 11 11 .

416 2393 53 54 ©
498 2396 100 44 Oct.
625 2395 39 51 8,
694 2395 107 43 1926;
853 2395 64 43 2c.
949 2395 100 44 Oct.
1081 2396 44 41 11;
1185 2395 78 44 aff.
1294 2395 101 44 Oct.
1425 2395 50 52 9;
1506 2395 45 42 A
1579 2393 187 55 950416;
1800 2394 180 55 George
2004 2396 64 44 H.
2098 2396 160 44 Doran
2284 2410 68 30 co.

493 2450 270 57 (26-17807)

418 2566 283 71 Roberts,
741 2566 293 73 Penfield,
1077 2569 189 57 1892-

420 2671 1968 138 An introduction to American politics, by Penfield Roberts …
732 2750 152 57 New
912 2750 190 74 York,
1131 2750 338 73 Harcourt,
1502 2750 199 59 Brace
1733 2752 124 58 and
1887 2770 322 55 company,
2245 2753 165 57 1926.

486 2842 91 52 viii,
606 2840 80 46 225
715 2855 40 40 p.
814 2841 53 45 20½c
919 2843 30 18 m
954 2876 11 10 .

416 2911 53 54 ©
503 2912 119 53 Sept.
652 2913 67 52 24,
752 2912 131 52 1926;
914 2912 64 43 2c.
1008 2913 86 42 and
1125 2912 78 43 aff.
1237 2912 100 44 Oct.
1370 2910 50 55 7;
1454 2913 45 42 A
1527 2912 189 53 949393;
1750 2914 247 51 Harcourt,
2031 2912 143 45 Brace
2206 2914 88 44 and
2326 2928 80 38 co.,

486 2970 81 44 inc.
636 2968 272 56 (26-17739)

418 3069 335 71 Robinson,
794 3071 137 57 Eva
967 3069 294 59 Roberta.

495 3175 271 58 Lessons
805 3174 65 57 in
911 3174 260 74 cooking
1210 3174 272 73 through
1519 3175 413 72 preparation
1972 3175 67 59 of
2077 3175 213 75 meals,
2330 3177 82 71 by

419 3252 1924 61 Eva Roberta Robinson … and Helen Gunn Hammel …
420 3352 36 37 a
505 3332 527 70 correspondence
1083 3350 216 38 course
1344 3331 316 71 prepared
1704 3334 64 54 to
1817 3332 180 57 teach
2045 3331 103 58 the
2197 3334 101 58 art
2344 3331 69 58 of

420 3409 259 73 cooking
712 3409 65 57 in
811 3410 103 56 the
951 3409 197 70 home,
1186 3409 271 72 through
1494 3431 36 37 a
1568 3408 193 59 series
1798 3408 69 59 of
1902 3409 240 72 graded
2176 3427 234 53 menus,

419 3488 151 58 with
609 3486 338 60 directions
990 3486 104 58 for
1136 3485 346 74 preparing
1524 3486 104 58 the
1668 3486 194 58 meals
1905 3506 70 38 as
2017 3486 137 58 well
2197 3505 70 38 as
2308 3486 102 58 the

422 3568 290 70 separate
736 3564 259 72 recipes.
1080 3563 290 74 Chicago,
1394 3563 335 59 American
1756 3563 208 59 school
1988 3563 68 58 of
2079 3562 179 60 home
418 3582 1968 133 economics,
705 3644 167 56 1926.

489 3731 1261 57 2 p. l. , xii, 9-467 p. front., illus., plates. 19½cm.
491 3803 353 55 Bibliography:
875 3818 41 39 p.
946 3801 209 47 437-438.

418 3874 55 54 ©
507 3874 119 55 Sept.
657 3874 68 53 25,
761 3874 128 52 1926;
925 3875 64 42 2c.
1022 3876 87 41 and
1140 3874 78 43 aff.
1253 3873 101 44 Oct.
1391 3874 74 51 12;
1500 3874 45 42 A
1578 3873 190 53 949498;
1803 3874 153 42 Home
1991 3873 251 44 economics
2275 3885 116 30 assn.,

492 3934 210 52 Chicago.
771 3930 271 57 (26-17889)
