2542 4285
0 0 0 0 735
120 341 158 70 Hau,
320 337 159 69 Carl,
521 338 354 58 1881-1926.

193 431 128 56 Das
360 427 396 71 todesurteil;
798 426 98 58 die
936 425 350 74 geschickte
1324 424 234 62 meines
1595 444 343 53 prozesses,
1977 443 122 39 von

121 507 145 59 Carl
296 506 160 57 Hau.
530 505 233 70 Berlin,
795 503 291 71 Ullstein,
1117 505 166 55 1925.

190 584 472 52 134 p., 1 l. 20 ½ cm .
117 634 1864 59 © Nov. 13, 1925; 1c. Feb. 2, 1926; A —Foreign 30186; Ullstein a. g.
194 695 267 55 (26-13657)

113 795 215 69 Hiller,
374 792 259 59 Francis
676 791 50 58 L
1035 790 66 59 L.

189 885 188 59 Talks
413 884 187 59 about
634 882 103 59 the
770 880 179 58 Bible
986 882 123 57 and
1141 879 284 73 religion,
1463 903 36 38 a
1532 880 259 57 modern
1823 879 159 59 view
2015 883 82 69 by

111 956 1906 75 Rev. Francis L. L. Hiller … Washington, D. C., 1926.
182 1038 78 43 188
290 1052 41 38 p.
393 1038 49 43 19
450 1038 46 17 cm
502 1070 9 9 .

112 1094 54 53 ©
196 1096 113 51 June
338 1094 67 51 21,
440 1093 126 50 1926;
599 1093 64 41 2c.
695 1093 87 42 and
812 1092 79 42 aff.
920 1091 115 52 June
1065 1091 51 43 23;
1177 1091 44 41 A
1253 1091 188 51 891894;
1477 1090 49 44 F.
1560 1093 50 46 L-
1645 1092 49 41 L.
1727 1090 165 52 Hiller,
182 1092 1889 111 Washington.
418 1148 268 55 (26-13109)

115 1237 126 55 The
277 1234 263 72 History
573 1234 66 56 of
673 1234 103 56 the
814 1233 321 57 Christian
1170 1232 234 57 science
1438 1236 366 69 movement,
1840 1234 85 71 by
189 1252 1881 131 contemporary
601 1312 275 56 authors.
965 1310 278 56 Written
1289 1310 105 55 for
1444 1311 121 56 and
1617 1310 207 58 edited
1873 1312 66 54 at
1988 1311 103 56 the

189 1393 252 67 request
471 1389 65 56 of
567 1389 185 69 Mary
780 1387 278 57 Beecher
1087 1387 347 71 Longyear.
1525 1406 55 37 [v.
1618 1389 47 71 2]
1739 1387 355 72 Brookline,

187 1467 212 70 Mass.,
437 1466 150 55 Zion
624 1465 292 56 research
952 1464 390 71 foundation,
1382 1465 165 56 1926.

210 1539 1140 55 x p., 2 l., 514 p. front., ports., plans. 21 cm .
178 1599 104 43 Vol.
312 1600 38 49 2,
380 1599 58 51 by
466 1599 74 43 W.
572 1598 49 44 L.
651 1597 216 53 Johnson.

106 1654 56 52 ©
191 1656 105 51 July
324 1656 65 50 20,
423 1655 127 50 1926;
580 1654 63 42 2c.
673 1655 86 41 and
787 1655 79 40 aff.
895 1654 107 51 July
1027 1654 79 49 21;
1136 1654 44 40 A
1211 1652 190 52 897539;
1433 1654 113 42 Zion
1576 1654 207 42 research
1814 1652 276 45 foundation.

112 1731 315 72 Hoffman,
467 1731 231 72 Aaron,
740 1733 189 56 1880-

182 1823 129 58 The
340 1822 241 59 Cohens
609 1821 123 57 and
758 1820 254 73 Kellys;
1041 1840 36 38 a
1106 1822 177 72 story
1310 1819 68 59 of
1405 1820 688 61 East-side-West-side

104 1901 152 56 New
293 1899 190 71 York,
524 1899 193 58 based
758 1916 79 39 on
879 1898 103 58 the
1026 1898 149 73 play
1220 1900 201 56 “Two
1465 1898 209 61 blocks
1718 1899 250 73 away”,
2011 1903 83 71 by

103 1978 218 57 Aaron
358 1975 322 72 Hoffman,
717 1975 151 58 with
904 1974 421 62 illustrations
1365 1976 317 72 produced
1722 1977 123 60 and
1884 1977 210 62 filmed

103 2052 1965 152 by Universal pictures corporation … New York, Jacobsen-Hodgkinson-corporation [ c 1925]
175 2205 1918 59 1 p. l ., 5-135 p. incl. plates. 20 cm . (On cover: Popular plays and
103 2277 158 31 screen
294 2261 197 55 library)

106 2319 53 54 ©
198 2322 118 42 Mar.
354 2322 37 49 4,
435 2322 128 50 1926;
603 2321 64 43 2c.
708 2322 86 42 and
833 2321 79 43 aff.
954 2322 118 42 Mar.
1111 2322 49 51 6;
1200 2323 44 41 A
1284 2322 189 53 883609;
174 2324 1914 105 Jacobsen-Hodgkinson-corporation.
545 2376 268 55 (26-13137)

102 2463 301 71 Houston,
448 2464 198 70 Percy
686 2462 230 58 Hazen.

177 2554 176 57 Main
394 2558 284 54 currents
720 2554 68 57 of
829 2553 267 74 English
1136 2555 360 73 literature;
1541 2576 39 37 a
1618 2557 168 58 brief
1825 2557 268 75 literary

102 2631 244 72 history
379 2631 67 57 of
480 2631 103 58 the
618 2631 267 73 English
917 2632 241 73 people,
1195 2632 82 73 by
1312 2633 203 73 Percy
1547 2633 216 58 Hazen
1800 2635 290 59 Houston

169 2708 1290 75 … New York, F. S. Crofts & co., 1926.
167 2784 49 45 ix
244 2799 56 39 p.,
333 2787 18 41 1
404 2820 24 17 l.,
459 2783 90 53 520,
584 2785 53 54 [1]
668 2799 40 38 p.
765 2785 51 43 21
826 2788 47 17 cm
879 2820 9 9 .

169 2842 233 53 “Reading
431 2843 87 42 and
548 2842 133 52 study
712 2841 128 44 list”:
874 2856 40 38 p.
946 2841 206 46 474-492.

102 2896 54 54 ©
185 2899 114 52 June
329 2899 65 49 26,
430 2899 128 51 1926;
590 2899 65 43 2c.
686 2898 87 43 and
803 2898 78 43 aff.
913 2899 105 52 July
1052 2900 46 50 1;
1130 2900 44 41 A
1205 2898 191 54 897278;
1430 2899 51 45 F.
1516 2899 44 47 S.
1596 2899 154 46 Crofts
1785 2902 37 44 &
1852 2917 65 29 co.

181 2954 269 55 (26-13154)

100 3041 290 71 Hurlbut,
434 3039 280 59 William
752 3040 228 72 James,
1025 3043 188 57 1883-

167 3131 194 59 Bride
400 3131 67 58 of
501 3131 103 57 the
636 3131 215 75 Lamb,
887 3132 82 71 by
1001 3130 281 59 William
1316 3133 310 72 Hurlbut;
1662 3133 425 60 introduction

98 3210 81 70 by
201 3209 246 57 Arthur
474 3208 267 57 Pollock.
808 3209 153 58 New
985 3209 191 70 York,
1204 3209 163 58 Boni
1395 3211 124 60 and
1544 3210 345 74 Liveright,
1920 3213 164 57 1926.

201 3284 1038 54 x p., 4 l., 3-141 p. front., plates. 20 cm .
171 3341 39 43 A
240 3340 174 45 drama.

100 3396 54 54 ©
186 3400 114 51 June
335 3400 60 48 14,
432 3399 105 43 1926;
591 3400 64 42 2c.
687 3399 116 52 June
833 3399 79 52 22;
945 3400 78 42 aff.
1055 3401 113 51 June
1204 3401 74 52 19;
1313 3401 44 43 A
1389 3401 191 54 897193;
1617 3402 114 44 Boni
1763 3404 37 43 &
1834 3402 250 55 Liveright.

180 3455 268 54 (26-13002)

97 3535 166 73 Inge,
310 3535 279 60 William
630 3536 221 74 Ralph,
897 3541 188 57 1860-

173 3628 1843 78 Lay thoughts of a dean, by William Ralph Inge …
99 3705 149 57 New
280 3705 172 57 York
485 3706 122 57 and
640 3706 276 73 London,
954 3706 69 59 G.
1060 3708 68 56 P.
1164 3709 332 57 Putnam’s
1533 3728 163 55 sons,
1732 3712 166 56 1926.

164 3781 74 52 vii,
268 3781 81 45 366
379 3795 39 39 p.
475 3781 55 43 22
535 3784 46 18 cm
586 3816 11 11 .

100 3835 54 54 ©
181 3839 114 51 June
323 3837 68 52 25,
423 3838 126 51 1926;
582 3838 63 43 2c.
676 3840 86 42 and
791 3840 78 42 aff.
899 3841 114 51 June
1040 3840 77 51 28;
1148 3841 44 41 A
1224 3840 188 53 891941;
1444 3842 75 43 W.
1551 3842 54 42 R.
1636 3842 124 53 Inge,
1792 3843 116 44 New
1938 3843 143 44 York.

179 3894 269 54 (26-13153)
