2542 4285
0 0 0 0 839
95 348 221 73 Tobey,
348 349 210 57 James
586 347 210 69 Alner,
830 349 188 57 1894-

233 450 1837 74 … The national government and public health, by
89 528 1979 72 James A. Tobey … Baltimore, Md., The Johns Hopkins
86 626 197 53 press,
311 608 163 56 1926.

156 699 125 53 xviii,
309 700 79 43 423
414 714 40 37 p.
512 700 50 41 22½
597 701 46 16 cm
650 735 7 7 .
725 698 121 52 (The
876 698 208 43 Institute
1113 698 72 44 for
1213 706 292 44 government
1534 697 216 44 research.
1811 697 178 47 Studies
2019 699 44 42 in

86 753 385 53 administration)

88 824 52 52 ©
171 826 117 51 Aug.
321 825 37 51 3,
393 824 127 51 1926;
553 824 62 41 2c.
646 824 117 51 Aug.
798 821 46 53 5;
881 823 77 42 aff.
993 823 117 52 Aug.
1143 823 48 50 9;
1227 823 43 41 A
1304 820 163 45 897778;
1528 822 210 43 Institute
1773 822 73 44 for
155 837 1891 88 government
312 881 217 51 research,
563 880 316 52 Washington.
949 880 267 53 (26-14449)

88 995 72 56 U.
198 995 61 57 S.
332 995 301 71 Supreme
670 997 190 53 court.

168 1098 190 58 Cases
402 1098 316 71 adjudged
756 1097 66 55 in
864 1097 102 56 the
1013 1097 301 70 Supreme
1359 1100 176 53 court
1581 1097 66 56 of
1688 1098 103 56 the
1836 1097 234 58 United

91 1177 228 56 States.
409 1175 232 57 Official
690 1174 234 57 edition
974 1174 258 70 reprint,
1327 1173 378 73 Containing
1751 1175 199 56 briefs
2004 1176 66 55 of

90 1254 247 55 counsel
395 1251 235 72 (points
684 1253 124 55 and
856 1251 428 73 authorities),
1339 1253 364 55 statements
1757 1252 68 56 of
1877 1272 192 54 cases,

89 1332 123 55 and
239 1330 222 70 syllabi
490 1329 66 56 of
581 1329 103 57 the
714 1348 171 38 cases
914 1329 84 71 by
1023 1329 103 56 the
1156 1329 217 56 official
1401 1332 302 67 reporter.
1775 1330 294 58 Volumes

87 1409 108 55 171
255 1410 62 53 to
382 1408 110 54 180
559 1405 357 72 (inclusive)
1025 1406 598 72 Photographically
1683 1409 389 69 reproduced

87 1485 166 55 from
293 1484 102 56 the
439 1483 232 57 Official
715 1483 234 57 edition
991 1484 151 56 with
1184 1485 102 55 the
1333 1484 216 56 official
1591 1485 369 71 pagination
2005 1487 67 56 of

89 1561 148 57 each
269 1561 243 56 volume
549 1562 197 55 under
783 1561 102 55 the
925 1561 291 55 editorial
1257 1561 393 71 supervision
1690 1562 67 57 of
1792 1563 280 58 William

87 1637 1984 73 Edward Baldwin … Cleveland, New York, The Baldwin
85 1715 119 55 law
235 1713 160 58 book
429 1733 321 53 company,
792 1716 161 54 1926.

157 1803 48 42 10
235 1819 39 27 V.
308 1801 43 43 in
388 1803 32 42 1.
480 1802 55 43 26½c
585 1805 29 17 m
620 1837 8 8 .

83 1871 53 53 ©
167 1873 119 53 Aug.
325 1874 62 51 12,
423 1871 128 53 1926;
584 1873 63 44 2c.
681 1874 86 42 and
799 1875 78 41 aff.
911 1874 118 51 Aug.
1068 1875 73 50 14;
1178 1875 43 41 A
1254 1875 187 51 901438;
1480 1874 203 45 Baldwin
1718 1878 86 42 law
1838 1877 118 43 book
1990 1893 78 36 co.

155 1930 81 43 inc.

86 2042 190 58 Vidal
305 2044 75 57 de
412 2043 92 57 La
535 2042 245 72 Blache,
817 2044 156 57 Paul
1008 2043 201 57 Marie
1245 2044 253 73 Joseph,
1537 2048 356 57 1845-1918.

160 2148 348 74 Principles
559 2151 67 57 of
671 2150 232 58 human
950 2151 381 72 geography,
1377 2153 82 72 by
1505 2153 67 56 P.
1622 2152 188 60 Vidal
1858 2157 73 57 de
1981 2157 91 57 La

83 2228 247 70 Blache,
384 2226 207 61 edited
638 2229 82 70 by
768 2227 370 59 Emmanuel
1190 2232 73 55 de
1316 2230 350 72 Martonne,
1720 2233 351 58 translated

83 2307 168 57 from
304 2304 103 60 the
461 2305 244 58 French
757 2306 84 71 by
893 2303 301 60 Millicent
1246 2305 178 61 Todd
1474 2305 329 75 Bingham,
1952 2356 8 9 PH.
2058 2355 11 11 D.

83 2380 150 60 New
258 2381 190 73 York,
476 2382 78 58 H.
582 2382 152 60 Holt
761 2385 124 57 and
911 2400 306 55 company
1245 2414 12 42 [
1261 2393 17 20 c
1282 2385 163 70 1926]

154 2487 73 38 xv,
257 2471 77 46 511
362 2485 41 39 p.
463 2470 162 50 double
653 2485 139 39 maps.
851 2473 149 43 22½cm.

82 2539 53 53 ©
164 2540 106 53 July
301 2540 62 51 16,
397 2539 127 52 1926;
555 2540 62 42 2c.
650 2541 86 42 and
765 2541 78 41 aff.
874 2541 118 51 Aug.
1025 2540 48 52 7;
1106 2542 43 41 A
1181 2541 188 53 901394;
1402 2543 159 52 Henry
1594 2544 115 44 Holt
1740 2545 37 43 &
1807 2560 65 29 co.

162 2595 268 57 (26-14572)

85 2712 291 72 Wanger,
406 2712 237 72 George
672 2712 49 56 F
1005 2712 48 57 P
1366 2715 188 58 1863-

153 2816 60 56 A
251 2815 344 72 genealogy
634 2815 68 57 of
739 2815 103 59 the
881 2815 412 60 descendants
1335 2816 68 58 of
1442 2819 150 57 Rev.
1634 2819 196 60 Jacob
1870 2821 199 72 Price,

80 2890 364 73 evangelist,
482 2891 275 73 pioneer,
793 2892 305 73 compiled
1135 2893 103 57 for
1275 2895 103 57 the
1420 2895 181 59 Price
1639 2896 224 73 family
80 2918 1963 110 association
356 2972 82 70 by
487 2970 142 58 Geo.
680 2971 69 56 F.
801 2969 68 59 P.
916 2970 295 72 Wanger.
1299 2973 412 73 Harrisburg,
1761 2975 127 73 Pa.,
1941 2977 129 58 The

78 3046 405 72 Evangelical
511 3065 199 54 press,
742 3048 166 58 1926.

149 3151 46 38 X,
228 3135 81 46 832
343 3150 40 39 p.
418 3134 102 45 incl.
559 3136 155 50 front.
751 3136 133 54 illus,
919 3145 141 46 ports,
1128 3138 114 44 fold,
1277 3155 71 38 pl,
1388 3139 113 45 fold,
1540 3140 178 45 facsim.
1782 3143 55 44 24c
1860 3145 27 17 m
1895 3178 8 8 .

84 3206 51 53 ©
166 3207 105 53 July
301 3207 64 51 29,
401 3208 127 51 1926;
556 3208 65 43 2c.
653 3210 86 41 and
769 3211 78 41 aff.
880 3211 117 51 Aug.
1031 3211 48 51 3;
1114 3212 43 41 A
1190 3211 187 53 897796;
1415 3212 49 44 G.
1498 3212 50 45 F.
1583 3215 48 41 P.
1663 3215 216 52 Wanger,
152 3217 1892 99 Pottstown,
321 3265 77 42 Pa.
469 3264 266 54 (26-14565)

85 3376 369 73 Wellhouse,
487 3377 240 59 Walter
757 3380 292 74 Housley,
1085 3385 188 55 1890-

158 3482 160 59 How
337 3484 230 59 insects
593 3486 121 57 live;
772 3506 79 38 an
878 3489 381 72 elementary
1286 3492 408 72 entomology,
1719 3495 83 70 by
1825 3494 242 60 Walter

81 3560 1961 150 Housley Wellhouse … New York, The Macmillan company, 1926.
153 3745 63 28 xv
238 3742 55 38 p,
319 3726 19 43 1
385 3763 21 17 l.,
431 3727 78 47 435
533 3744 40 37 p.
635 3728 113 46 illus.
809 3731 54 42 22½
897 3734 46 17 cm
951 3768 8 9 .

157 3797 216 47 Contains
407 3799 338 47 “References”.

83 3861 52 52 ©
161 3864 118 51 Aug.
312 3864 58 48 10,
402 3865 128 51 1926;
559 3865 62 42 2c.
649 3866 85 42 and
763 3867 76 42 aff.
868 3868 118 51 Aug.
1020 3869 72 50 11;
1123 3869 43 41 A
1194 3868 189 55 897792;
1417 3872 261 44 Macmillan
1705 3890 64 27 co.

161 3920 268 55 (26-14579)
