2542 4285
1069 3964 112 54 199

160 329 202 72 Hugo,
399 328 216 58 Victor
646 330 216 70 Marie,
899 336 194 52 comte
1096 381 15 21 ,
1145 333 355 57 1802-1885.

235 406 647 73 Quatrevingt-treize,
921 426 120 52 par
1077 407 218 57 Victor
1333 407 205 73 Hugo,
1579 408 271 72 adapted
1888 410 103 57 for
2029 430 109 38 use

154 483 1964 150 in schools by James Boïelle … vocabulary by Noëlia Dubrule … Boston,
832 561 152 57 New
1030 561 173 56 York
1253 564 145 71 [etc.]
1454 561 163 60 Ginn
1665 563 124 57 and
1836 582 305 54 company

155 666 13 43 [
169 646 18 22 c
192 638 163 70 1925]

222 715 92 52 xvi,
347 716 80 43 339
460 729 39 38 p.
536 715 100 43 incl.
672 715 151 52 front.,
858 714 111 44 illus.
997 714 153 54 (map)
1220 713 50 46 17½c
1322 718 29 17 m
1358 751 9 8 .
1435 715 352 54 (International
1823 718 185 43 modern
152 717 1965 106 language
328 771 163 53 series)

154 825 52 53 ©
239 828 108 44 Dec.
378 828 63 50 31,
477 826 127 53 1925;
635 827 65 43 2c.
730 826 105 44 Feb.
868 826 65 52 26,
970 827 130 52 1926;
1133 828 78 42 aff.
1246 826 107 45 Feb.
1390 829 74 51 19;
1500 829 43 42 A
1576 827 187 54 883470;
1799 829 117 46 Ginn
1950 830 85 43 and
2069 845 63 28 co.

239 881 54 53 [©
327 883 284 52 vocabulary]
682 881 240 55 (26-5556)

154 965 418 73 Hunsberger,
617 966 212 71 Byron
873 966 94 71 K.,
1016 984 192 54 comp.

231 1044 127 56 The
388 1044 458 71 Hunsbergers.
917 1047 86 67 pt.
1036 1045 50 54 2.
1120 1044 127 56 The
1280 1045 408 56 descendants
1723 1044 66 57 of
1820 1046 70 55 31
151 1043 1958 133 Christian

344 1121 423 71 Hunsberger.
871 1118 210 73 Comp,
1147 1121 82 70 by
1287 1120 215 71 Byron
1563 1121 80 55 K.
1705 1122 427 71 Hunsberger.

152 1198 425 73 [Norristown,
628 1198 127 74 Pa.]
808 1198 128 56 The
986 1198 878 73 Huntsberger-Hunsberger
1912 1199 224 72 family

150 1275 393 71 association,
585 1276 163 55 1926.

220 1349 76 44 115
326 1365 38 37 p.
424 1351 52 43 23
485 1353 46 18 cm
537 1386 8 8 .

148 1405 52 53 ©
232 1405 105 44 Feb.
366 1407 66 52 20,
467 1406 106 44 1926;
627 1407 65 43 2c.
717 1408 89 42 and
836 1408 78 42 aff.
945 1406 105 44 Feb.
1080 1406 78 53 25;
1192 1407 43 42 A
1265 1406 189 53 883450;
1490 1407 50 43 B.
1571 1407 59 42 K.
1662 1408 314 53 Hunsberger,
218 1408 1894 106 Norristown,
455 1463 77 42 Pa.

147 1546 193 73 Ilgen,
377 1547 218 70 Pedro,
632 1549 187 56 1869-

228 1627 232 58 Sacred
486 1627 220 56 chords;
765 1626 105 57 the
897 1626 144 56 echo
1070 1628 67 55 of
1162 1627 103 56 the
1293 1624 381 73 everlasting
1696 1625 67 57 in
1786 1645 214 52 poems
2027 1628 105 55 for

149 1701 83 58 all
264 1720 253 40 seasons
548 1705 67 56 of
643 1703 104 58 the
778 1703 227 57 church
1032 1720 171 54 year,
1232 1703 84 72 by
1343 1701 205 60 Pedro
1577 1702 194 72 Ilgen.
147 1702 1963 149 Burlington,
337 1799 72 54 Ia.,
440 1781 127 57 The
596 1780 322 57 Lutheran
942 1778 265 75 literary
1234 1781 216 70 board,
1480 1781 163 55 1926.

217 1859 76 44 103
318 1872 42 38 p.
417 1858 55 43 20
478 1861 46 17 cm
532 1895 7 7 .

142 1911 55 53 ©
224 1912 104 44 Feb.
362 1914 35 49 1,
429 1912 127 52 1926;
586 1912 65 43 2c.
678 1910 108 45 Feb.
818 1911 73 53 15;
922 1912 77 43 aff.
1030 1910 105 45 Feb.
1165 1911 77 52 23;
1273 1911 43 42 A
1344 1909 188 54 879660;
1565 1912 50 42 P.
1643 1911 143 53 Ilgen,
1819 1912 207 52 Berwyn,
2057 1911 70 44 Ill.

221 1966 241 56 (26-5659)

142 2049 282 58 Indiana.
512 2051 332 71 Appellate
895 2054 190 52 court.

220 2127 1911 73 Reports of cases decided … Mrs. Edward Franklin
140 2205 1987 73 White, official reporter … v. 80. From May 29, 1923,
142 2287 62 54 to
253 2284 290 70 January
590 2284 89 70 11,
729 2284 163 55 1924.
995 2282 451 71 Indianapolis,
1495 2281 159 57 Wm.
1704 2282 70 57 B.
1825 2282 300 73 Burford,

139 2361 247 71 printer
424 2364 63 53 to
530 2361 102 56 the
678 2362 179 68 state,
900 2361 164 55 1925.

206 2437 146 51 xxxii,
387 2435 80 45 790
497 2451 40 37 p.
594 2436 55 43 22½cm.

140 2492 52 53 ©
219 2492 105 53 July
347 2493 64 50 28,
443 2492 127 53 1925;
600 2493 62 43 2c.
691 2491 105 45 Feb.
824 2492 39 53 2,
893 2492 129 52 1926;
1052 2492 78 43 aff.
1159 2490 105 45 Feb.
1297 2492 72 51 12;
1402 2492 43 42 A
1472 2491 187 53 883258;
1692 2490 126 48 State
1845 2491 51 44 of
1925 2490 201 54 Indiana,

210 2549 317 53 Indianapolis.

139 2632 295 73 Jemison,
473 2631 208 59 David
717 2631 286 71 Herbert,
1045 2633 189 58 1871-

212 2711 211 58 Youth
437 2715 46 53 ’s
530 2711 267 72 tragedy
840 2710 123 57 and
1006 2709 310 72 triumph;
1365 2728 79 38 an
1491 2708 182 58 inner
1715 2707 160 60 view
1919 2709 123 58 and
2089 2728 33 37 a

137 2785 1988 75 way out, by David Herbert Jemison … introduction by
137 2862 1985 76 Ernest C. Wareing … Cincinnati, O., The Pi press [ c 1926]
208 2942 77 44 158
332 2943 52 54 [2]
416 2956 27 39 p.
519 2942 49 43 19
575 2945 46 17 cm

137 2997 52 53 ©
224 3000 106 42 Mar.
382 3000 32 49 1,
454 2998 127 51 1926;
616 2998 67 43 2c.
716 2998 85 43 and
835 2997 79 44 aff.
951 2997 121 43 Mar.
1107 2996 49 53 6;
1193 2997 43 42 A
1270 2995 190 53 883515;
1499 2996 56 42 D.
1592 2996 61 42 H.
1688 2995 215 53 Jemison,
205 2993 1896 105 Cincinnati.
380 3053 241 56 (26-5903)

135 3124 178 71 Katz,
346 3122 337 59 Mordecai.

280 3198 1842 74 … Protection of the weak in the Talmud, by Mordecai
136 3275 1908 78 Katz … New York, Columbia university press, 1925.
205 3353 1853 58 5 p. l., 87 p. 23 cm . (Columbia university oriental studies, vol. XXIV)
207 3416 245 46 Published
479 3415 97 46 also
603 3430 50 29 as
684 3412 138 48 thesis
860 3416 105 50 (PH.
1025 3416 36 50 D.)
1100 3413 240 47 Columbia
1371 3410 263 54 university,
1668 3409 118 47 1925.
206 3472 350 52 Bibliography:
587 3485 40 38 p.
658 3469 150 47 85-87.

133 3527 52 53 ©
215 3527 105 44 Feb.
355 3528 62 51 18,
451 3526 103 43 1926;
610 3526 63 42 2c.
705 3525 105 44 Feb.
840 3526 52 43 23;
950 3525 79 43 aff.
1059 3523 108 45 Feb.
1196 3523 54 43 20;
1307 3523 43 42 A
1380 3521 160 45 879621;
1604 3520 235 45 Columbia
1871 3519 247 54 university

203 3598 137 39 press.
409 3581 240 56 (26-5706)

132 3654 184 70 Koos,
356 3652 285 57 Leonard
677 3650 281 73 Vincent,
998 3653 189 56 1881-

132 3723 1964 142 … Trends in American secondary education, by Leonard
296 3808 74 56 V.
424 3807 191 58 Koos.
721 3804 392 74 Cambridge,
1166 3803 299 58 Harvard
1514 3801 354 71 university
1917 3816 201 56 press,

131 3888 163 56 1926.
