2542 4285
1419 3978 109 56 362

458 352 320 74 Manning,
819 352 282 60 William
1137 353 153 72 Ray,
1333 355 188 58 1871-
1678 355 90 57 ed.

536 457 380 71 Diplomatic
955 458 529 69 correspondence
1526 458 69 56 of
1634 458 103 57 the
1779 457 234 58 United
2057 456 211 60 States

460 477 1966 129 concerning
742 534 104 57 the
871 534 461 71 independence
1363 534 65 56 of
1458 535 104 56 the
1589 534 551 58 Latin-American
2166 536 280 72 nations;

462 611 1990 74 selected and arranged by William R. Manning … New
458 688 188 73 York,
682 689 260 57 London
979 691 145 71 [etc.]
1161 686 244 59 Oxford
1437 688 352 73 university
1821 708 200 54 press,
2059 691 164 56 1925.

530 778 23 42 3
582 792 40 28 v.
682 775 52 45 25½
788 779 29 17 cm
824 811 8 8 .

460 845 55 53 ©
544 847 117 42 Mar.
696 844 61 53 15,
792 845 128 52 1926;
949 845 64 43 2c.
1044 845 109 43 each
1180 845 87 43 and
1294 844 78 44 aff.
1402 845 111 52 Apr.
1546 846 46 52 1;
1624 846 43 42 A
1696 845 189 53 883856;
1920 845 222 54 Carnegie
2168 847 281 44 endowment

532 902 74 44 for
638 902 212 43 internati.
900 913 146 40 peace,
1083 899 317 54 Washington.

460 999 320 70 Marshall,
825 999 183 70 John,
1052 1002 187 56 1858-

539 1105 336 72 Appendix
913 1108 64 53 to
1020 1104 260 57 Kansas
1315 1104 263 70 probate
1619 1104 135 72 law,
1795 1105 83 71 by
1916 1104 170 58 John
2127 1104 322 59 Marshall.

460 1182 255 57 Kansas
750 1181 161 72 City,
944 1182 142 72 Mo.,
1119 1182 259 56 Vernon
1406 1182 120 56 law
1554 1182 160 57 book
1744 1201 322 53 company,
2102 1184 166 55 1924.

534 1269 675 55 1 p. l., p. 853-928. 23½ cm .
462 1339 53 54 ©
539 1341 112 53 May
678 1342 60 49 13,
767 1341 129 52 1924;
919 1340 67 44 2c.
1010 1340 111 52 Apr.
1148 1342 35 49 1,
1210 1339 131 53 1926;
1367 1340 79 44 aff.
1472 1341 119 42 Mar.
1619 1342 76 51 31;
1724 1341 44 42 A
1792 1340 190 53 890138;
2012 1341 188 43 Vernon
2223 1340 87 45 law
2334 1341 121 43 book

531 1412 64 30 co.

461 1495 254 72 Martin,
757 1494 257 59 Charles
1054 1493 319 71 Emanuel,
1415 1496 189 58 1892-

541 1603 101 57 An
674 1602 427 59 introduction
1135 1606 64 55 to
1236 1602 105 58 the
1377 1602 189 72 study
1599 1602 67 59 of
1699 1602 105 58 the
1839 1600 337 59 American
465 1603 1967 147 Constitution;

731 1697 36 38 a
802 1680 188 71 study
1022 1680 68 57 of
1121 1680 103 56 the
1258 1677 346 60 formation
1636 1679 122 57 and
1790 1678 433 73 development
2254 1681 68 58 of
2354 1682 102 56 the

465 1756 334 60 American
840 1753 472 62 constitutional
1354 1759 237 68 system
1632 1757 123 58 and
1796 1756 67 57 of
1903 1757 108 58 the
2048 1754 198 62 ideals
2288 1775 167 55 upon

464 1835 197 58 which
692 1835 51 57 it
774 1833 55 59 is
861 1835 211 70 based,
1105 1834 152 57 with
1289 1830 379 60 illustrative
1701 1830 345 76 materials,
2080 1835 83 71 by
2199 1834 257 59 Charles

464 1909 1994 75 E. Martin … New York [etc.] Oxford university press.
467 1991 164 57 1926.

533 2081 113 53 xliii,
676 2082 84 45 440
784 2094 43 39 p.
885 2080 54 45 23½
975 2081 48 19 cm
1027 2114 11 11 .

537 2154 153 43 “Note
715 2167 58 30 on
800 2168 27 29 a
853 2151 182 52 general
1062 2149 189 52 reading
1277 2148 129 46 list”:
1434 2163 41 38 p.
1518 2149 221 46 [343]-346.
1798 2149 263 53 “Reading”
2087 2157 48 38 at
2160 2149 86 47 end
2273 2151 51 45 of
2350 2153 107 43 each

465 2211 198 50 chapter.

463 2261 53 54 ©
546 2264 118 42 Mar.
701 2262 61 52 10,
796 2260 128 53 1926;
955 2261 64 42 2c.
1054 2261 118 42 Mar.
1207 2259 75 53 17;
1316 2259 79 43 aff.
1427 2259 112 53 Apr.
1571 2259 49 53 6;
1653 2260 44 42 A
1728 2259 188 54 890226;
1951 2259 184 46 Oxford
2166 2260 119 44 univ.
2316 2274 140 40 press,

534 2321 155 42 Amer.
725 2317 182 45 branch.
976 2315 242 56 (26-8367)

464 2416 337 74 Maryland
848 2416 208 72 digest
1103 2415 358 69 annotated,
1513 2413 295 72 covering
1856 2414 85 56 all
1989 2415 297 71 reported
2336 2416 123 56 and

539 2491 1896 154 many unreported decisions … Under the American digest
713 2570 471 70 classification;
1221 2589 38 38 a
1291 2569 485 72 key-numbered
1809 2569 189 57 index
2032 2572 63 54 to
2134 2570 85 56 all
2252 2569 67 58 of
2354 2569 104 57 the

543 2668 138 39 case
715 2650 120 55 law
870 2648 66 57 of
970 2647 103 58 the
1111 2646 313 71 appellate
1462 2649 208 54 courts
1708 2646 67 57 of
1811 2647 104 57 the
1951 2646 238 58 United
2226 2646 230 59 States.

543 2723 1919 140 J. Mercer Garnett … editor. v. 8. Principal and agent-Street
791 2802 335 72 crossings.
1203 2801 364 73 Baltimore,
1606 2801 82 57 M.
1731 2800 366 74 Curlander,
2139 2803 164 55 1925.

535 2890 1486 56 6 p. l., 104761-104765 p., 104766-106413 numb. col. 27 cm .
467 2962 53 54 ©
549 2964 118 43 Mar.
693 2961 69 53 25,
796 2961 107 44 1926
915 2976 10 38 ;
956 2963 65 42 2c.
1051 2961 88 43 and
1168 2960 78 44 aff.
1278 2961 118 43 Mar.
1424 2960 79 52 29;
1537 2960 44 42 A
1611 2959 188 53 890077;
1830 2960 41 52 J.
1904 2959 182 45 Mercer
2118 2958 201 53 Garnett,
536 2958 1901 106 Baltimore.

467 3116 296 74 Maurois,
800 3115 233 74 Andre,
1073 3117 190 58 1885-

541 3223 237 71 Meïpe;
814 3241 96 51 ou,
942 3220 91 60 La
1067 3219 373 70 delivrance,
1475 3237 118 54 par
1626 3219 178 58 André
1873 3218 301 59 Maurois.
2257 3218 205 72 Paris,

472 3303 62 56 B.
569 3300 281 71 Grasset,
883 3299 166 57 1926.

535 3390 80 53 xii,
642 3391 83 43 224
752 3405 53 39 p.,
835 3391 27 43 2
906 3423 10 10 l.
978 3388 53 46 18½
1081 3390 31 19 cm
1116 3422 11 11 .

468 3455 1989 58 © Feb. 25, 1926; 1c. Mar. 22; A—Foreign 30431; A. Maurois, Neuilly,
542 3516 141 51 Seine,
722 3515 186 44 France.
978 3514 242 55 (26-8774)

469 3614 274 72 Meltzer,
786 3614 268 73 Hyman,
1098 3614 191 58 1898-

548 3704 359 60 Children’s
937 3704 192 58 social
1157 3704 321 71 concepts;
1511 3722 34 37 a
1578 3703 187 71 study
1793 3702 67 58 of
1889 3701 168 58 their
2083 3703 228 56 nature
2338 3700 123 58 and

472 3776 1989 80 development, by Hyman Meltzer … New York city,
472 3860 307 58 Teachers
814 3859 248 67 college,
1099 3857 325 60 Columbia
1451 3856 371 70 university,
1858 3857 164 57 1925.
