2542 4285
1058 4045 147 56 1517

132 414 189 62 Klein,
356 411 147 55 Paul
539 413 65 52 E.

204 487 1913 71 Shoe repairing [by] Paul E. Klein … Milwaukee, Wis.,
133 566 1226 68 The Bruce publishing company [ c 1926]
205 648 787 51 3 p. l ., 5-109 p. illus. 20 cm .
134 699 53 54 ©
211 707 113 39 Dec.
351 705 39 47 8,
417 704 114 39 1926;
584 704 67 39 2c.
678 704 95 38 and
800 702 82 40 aff.
908 703 112 39 Dec.
1048 702 56 39 23;
1160 702 41 38 A
1228 701 173 40 958466;
1459 702 156 39 Bruce
1640 702 110 47 pub.
1777 712 69 30 co.

213 760 221 49 (27-248)

130 825 346 64 Kronquist,
513 823 152 53 Emil
700 823 263 64 Fritjoff,
1000 826 171 50 1882-

203 901 1915 69 Metalcraft and jewelry, by Emil F. Kronquist … Peoria,
135 980 1086 68 Ill., The Manual arts press [ c 1926]
209 1062 84 40 191
320 1073 44 37 p.
393 1061 110 41 incl.
531 1061 164 47 front.,
724 1060 129 41 illus.
915 1059 58 42 20
974 1062 45 21 cm
1023 1092 10 10 .

134 1112 53 54 ©
216 1119 118 40 Nov.
363 1118 68 47 18,
459 1117 114 40 1926;
631 1117 68 39 2c.
730 1118 96 38 and
855 1116 82 40 aff.
969 1117 118 40 Nov.
1114 1117 57 39 29;
1229 1117 41 38 A
1299 1116 174 41 957294;
1532 1118 53 39 E.
1618 1117 50 40 F.
1700 1117 286 49 Kronquist,
203 1118 1901 96 Milwaukee.
484 1172 224 49 (27-163)

130 1239 280 63 Lasance,
445 1239 246 53 Francis
724 1238 239 63 Xavier,
1033 1242 137 49 1860-
1324 1240 83 52 ed.

203 1317 131 53 Lift
366 1336 78 49 up
476 1336 143 49 your
648 1317 190 52 hearts;
907 1316 296 68 Scripture
1234 1317 242 53 maxims
1510 1319 114 52 and
1655 1318 271 68 spiritual
135 1320 1961 145 reading

267 1394 95 53 for
392 1413 166 50 every
589 1396 112 66 day
730 1395 61 51 in
820 1395 96 52 the
948 1413 153 50 year,
1130 1395 368 53 meditations
1529 1396 112 52 and
1673 1396 448 53 considerations

137 1472 93 53 for
263 1473 96 52 the
392 1473 261 67 monthly
685 1473 358 51 recollection
1080 1472 112 52 and
1224 1472 98 53 the
1355 1474 212 51 annual
1601 1477 229 64 retreat,
1860 1474 261 68 together

136 1551 140 52 with
320 1571 31 32 a
396 1550 381 68 prayer-book
823 1549 93 52 for
961 1550 78 51 all
1084 1550 274 68 ordinary
1400 1551 188 67 needs,
1632 1551 188 56 edited
1863 1552 76 68 by
1981 1553 139 51 Rev.

135 1626 1988 71 F. X. Lasance … New York, Cincinnati [etc.] Benziger
133 1705 278 67 brothers,
441 1708 148 48 1926.

210 1787 149 48 xxvii,
390 1786 85 41 875
501 1798 44 37 p.
606 1786 164 49 front.,
799 1798 63 37 pl.
925 1787 57 40 16
983 1788 44 22 cm
1032 1817 10 11 .

134 1837 54 53 ©
216 1844 118 39 Nov.
363 1843 68 47 11,
459 1843 114 39 1926;
629 1843 67 40 2c.
726 1844 112 38 Dec.
867 1842 26 40 9;
953 1843 82 39 aff.
1064 1843 118 40 Nov.
1212 1843 55 40 19;
1326 1843 41 38 A
1394 1843 175 41 958277;
1626 1844 234 47 Benziger
1887 1845 238 40 brothers.

215 1898 222 49 (27-273)

132 1963 183 65 Long,
349 1965 133 52 Mae
516 1965 128 53 Van
678 1965 285 53 Norman.

207 2043 1855 73 The canyon of the stars, by Mae Van Norman Long …
136 2121 364 69 Hollywood,
535 2120 194 69 Calif.,
761 2122 194 53 David
990 2122 255 54 Graham
1281 2122 236 54 Fischer
1552 2124 382 67 corporation,
1972 2126 150 51 1926.

209 2203 101 48 453,
341 2204 55 49 [1]
425 2215 45 37 p.
531 2203 58 40 20
590 2205 44 22 cm
639 2234 10 10 .

212 2260 204 41 Colored
446 2261 317 48 head-pieces.

134 2311 56 54 ©
220 2317 113 40 Dec.
365 2317 69 48 15,
469 2317 139 48 1926;
646 2318 67 39 2c.
747 2318 112 39 Dec.
895 2317 83 48 30;
1016 2318 83 40 aff.
1134 2319 113 39 Dec.
1282 2318 82 48 28;
1401 2319 41 38 A
1477 2318 200 49 957904;
1717 2320 160 40 David
1913 2320 215 40 Graham

205 2371 201 42 Fischer
437 2383 127 38 corp.
633 2372 223 49 (27-158)

132 2437 265 65 Ludwig,
434 2439 172 63 Emil,
643 2443 172 49 1883-

206 2517 314 69 Napoleon,
548 2518 75 68 by
653 2519 156 52 Emil
838 2519 274 68 Ludwig;
1145 2520 318 54 translated
1492 2521 75 68 by
1600 2522 163 52 Eden
1795 2522 113 53 and
1939 2520 188 56 Cedar

137 2595 163 53 Paul.
374 2595 140 53 New
545 2596 180 67 York,
759 2596 149 52 Boni
940 2599 46 51 &
1017 2597 321 69 Liveright,
1373 2602 151 49 1926.

211 2676 73 41 xii
310 2689 57 37 p.,
395 2678 28 39 2
472 2708 23 17 l.,
524 2676 146 43 3-707
698 2689 45 37 p.
804 2681 165 46 ports.,
998 2679 192 42 facsim.
1251 2681 58 39 24
1310 2682 45 22 cm
1359 2712 10 10 .

135 2727 56 54 ©
219 2735 112 39 Dec.
361 2734 68 47 18,
458 2733 115 41 1926;
629 2735 68 40 2c.
727 2736 95 39 and
853 2735 82 41 aff.
966 2736 113 40 Dec.
1107 2736 57 39 24;
1223 2736 42 39 A
1294 2736 174 41 958478;
1527 2737 122 40 Boni
1678 2738 36 40 &
1742 2737 265 49 Liveright,
2036 2738 93 41 inc.

216 2789 222 48 (27-264)

134 2841 296 64 McComb,
471 2842 254 64 Samuel,
770 2847 172 49 1864-
1095 2845 83 53 ed.

207 2920 57 53 A
305 2921 148 53 book
498 2920 63 54 of
604 2922 236 52 modern
886 2941 265 50 prayers;
1203 2942 31 34 a
1281 2925 296 53 collection
1623 2925 64 53 of
1731 2945 235 50 prayers
2014 2928 112 52 and

139 2999 266 68 readings
444 2999 76 67 by
558 3000 236 52 modern
835 3001 241 67 writers,
1116 3002 141 52 with
1298 3021 73 33 an
1413 3003 398 69 introductory
1854 3022 159 50 essay
2054 3022 75 34 on

138 3076 96 53 the
276 3077 269 68 meaning
589 3079 112 51 and
747 3079 167 52 value
959 3078 65 53 of
1066 3097 226 50 prayer,
1336 3080 282 68 compiled
1661 3082 114 52 and
1819 3082 190 53 edited
2051 3081 76 69 by

142 3153 229 55 Samuel
405 3154 295 68 McComb,
770 3198 10 10 D.
854 3199 8 9 D.
938 3157 139 53 New
1112 3157 181 68 York,
1324 3157 241 54 London
1625 3163 118 62 [etc.]
1782 3159 347 69 Longmans,

140 3230 186 55 Green
358 3233 114 52 and
502 3251 98 49 co.,
632 3236 150 50 1926.

214 3313 104 49 xiii,
352 3314 85 41 158
469 3325 45 37 p.
575 3314 146 43 19½cm.

139 3363 53 54 ©
216 3371 118 39 Nov.
357 3370 69 48 19,
452 3371 115 40 1926;
620 3372 68 40 2c.
716 3373 95 39 and
837 3373 82 40 aff.
948 3374 112 40 Dec.
1088 3374 56 40 23;
1200 3374 41 38 A
1268 3373 174 41 957774;
1498 3375 286 48 Longmans,
1815 3375 158 40 Green
2001 3376 36 40 &
2062 3386 68 31 co.

220 3425 222 49 (27-268)

137 3479 271 62 Morrow,
440 3479 253 54 William
728 3480 343 64 Chambers,
1107 3485 324 51 1853-1923.

208 3557 121 53 The
357 3557 150 68 logic
536 3556 64 53 of
629 3559 396 68 punctuation,
1054 3559 95 53 for
1178 3560 79 52 all
1285 3561 127 53 who
1441 3562 145 53 have
1613 3567 58 48 to
1701 3564 72 52 do
1804 3563 140 53 with
138 3563 1969 124 written

271 3634 1861 73 English, by W. C. Morrow … adaptable as a text book
145 3710 94 54 for
291 3712 219 53 schools
563 3713 113 52 and
728 3714 254 68 colleges.
1061 3713 117 56 San
1231 3716 325 69 Francisco,
1609 3717 194 69 Calif.,
1856 3718 78 53 H.
1987 3719 140 52 Law

162 3792 175 64 [ c 1926]
213 3872 948 52 xvi, 3-245 p. front. (port.) 22 cm .
142 3921 53 54 ©
229 3928 113 40 Dec.
376 3928 69 48 20,
479 3928 139 48 1926;
654 3929 68 40 2c.
756 3930 96 39 and
888 3930 82 41 aff.
1006 3931 112 41 Dec.
1153 3932 83 47 27;
1274 3932 40 39 A
1349 3932 173 41 958501;
1587 3934 247 41 Hartland
1868 3935 129 47 Law,
2036 3935 97 41 San

212 3983 275 42 Francisco.
555 3984 224 50 (27-283)
