2542 4285
1237 3900 149 57 1142

317 286 370 73 Thompson,
724 286 171 58 Ruth
931 284 264 74 Plumly,
1236 287 189 57 1893-

389 379 130 60 The
553 378 252 74 hungry
839 376 165 76 tiger
1043 380 67 57 of
1149 378 104 71 Oz,
1291 381 84 71 by
1411 378 173 58 Ruth
1620 376 249 74 Plumly
1909 378 387 70 Thompson;

310 458 276 58 founded
624 474 79 40 on
741 457 123 59 and
902 453 363 77 continuing
1297 455 105 60 the
1438 456 247 60 famous
1724 455 85 59 Oz
1848 453 226 61 stories
2108 457 84 70 by
2226 456 68 55 L.

310 530 1987 77 Frank Baum … illustrated by John R. Neill. Chicago,
312 614 130 59 The
470 611 207 74 Reilly
702 613 50 57 &
776 613 124 59 Lee
930 632 86 39 co.
1050 643 13 42 [
1062 620 21 22 c
1085 612 166 72 1926]

382 687 1506 56 5 p. l., 15-261 p., 1 l. col. front., illus., col. plates. 23½ cm .
313 744 54 53 ©
391 746 116 52 June
531 745 65 51 28,
624 744 130 52 1926;
781 745 64 42 2c.
872 744 86 42 and
983 744 78 42 aff.
1090 743 101 44 Oct.
1219 741 49 53 7;
1295 742 45 42 A
1365 742 189 51 949382;
1584 742 149 52 Reilly
1759 742 38 44 &
1824 741 89 45 Lee
1939 757 65 29 co.

392 800 269 57 (26-17314)

315 901 376 72 Tomlinson,
729 902 60 56 H
1100 900 71 57 M
1480 899 189 59 1873-

395 992 168 60 Gifts
594 993 67 57 of
687 993 255 57 fortune
972 993 122 57 and
1121 992 171 57 hints
1320 991 108 58 for
1452 991 178 58 those
1658 992 189 57 about
1875 995 63 54 to
1968 991 222 72 travel,
2217 994 80 70 by

315 1066 1916 77 H. M. Tomlinson, with woodcuts by Harry Cimino …
317 1150 151 58 New
494 1150 173 56 York
695 1150 122 57 and
844 1149 277 70 London,
1150 1148 257 70 Harper
1435 1147 48 57 &
1510 1148 307 72 brothers,
1851 1148 165 57 1926.

384 1227 948 55 5 p. l., 246 p. front., plates. 22½ cm .
385 1283 151 47 “First
571 1282 206 48 edition.”

312 1339 54 54 ©
398 1341 100 46 Oct.
533 1342 32 49 1,
599 1340 129 52 1926;
758 1340 65 43 2c.
857 1337 120 55 Sept.
1005 1339 78 52 28;
1115 1339 78 43 aff.
1225 1338 101 44 Oct.
1356 1338 50 52 4;
1438 1338 45 42 A
1512 1335 187 54 950316;
1733 1338 184 52 Harper
1947 1338 38 44 &
2012 1338 119 44 bros.

393 1395 269 57 (26-17595)

314 1497 285 69 Travers,
643 1496 252 59 Jerome
931 1496 305 71 Dunstan,
1279 1497 188 57 1887-

394 1588 130 59 The
565 1587 145 59 fifth
755 1591 229 68 estate;
1028 1586 201 73 thirty
1269 1605 187 55 years
1502 1587 68 58 of
1611 1587 151 72 golf,
1802 1587 85 72 by
1927 1587 255 59 Jerome
2223 1587 74 58 D.

318 1667 273 59 Travers
634 1669 123 55 and
797 1668 216 57 James
1054 1667 72 55 R.
1173 1665 279 59 Crowell.
1534 1665 151 57 New
1721 1665 174 58 York
1935 1666 48 56 &
2022 1665 278 74 London,

314 1745 75 58 A.
425 1745 76 58 A.
537 1744 241 75 Knopf,
817 1746 166 56 1926.

385 1821 1343 56 viii p., 1 l., 259 p., 1 l. front., plates, ports. 21½ cm .
309 1878 57 54 ©
398 1879 119 53 Sept.
545 1879 68 52 24,
646 1879 129 51 1926;
807 1879 63 43 2c.
905 1877 122 54 Sept.
1058 1878 77 52 30;
1166 1878 79 43 aff.
1281 1876 119 54 Sept.
1430 1877 78 52 29;
1543 1878 45 42 A
1619 1877 187 53 949292;
1840 1876 168 45 Alfred
2040 1878 57 43 A.
2130 1877 170 53 Knopf,

383 1938 82 43 inc.
535 1934 269 57 (26-17593)

315 2036 171 69 Tree,
524 2035 202 73 Viola,
764 2038 190 57 1884-

389 2127 243 61 Castles
658 2127 67 57 in
750 2129 104 58 the
881 2127 126 73 air;
1037 2149 38 39 a
1102 2131 177 68 story
1305 2127 69 57 of
1397 2148 107 53 my
1530 2125 249 77 singing
1807 2130 174 71 days,
2010 2129 84 73 by
2118 2127 185 61 Viola

312 2206 176 59 Tree.
570 2206 152 59 New
746 2206 191 73 York,
967 2205 242 75 George
1235 2206 80 57 H.
1345 2205 216 58 Doran
1588 2224 305 54 company
1921 2233 13 44 [
1935 2213 19 22 c
1958 2207 165 72 1926]

379 2286 83 44 292
491 2299 40 38 p.
592 2283 152 53 front.,
775 2285 160 51 plates,
968 2291 142 44 ports.
1169 2284 51 43 21
1230 2288 48 18 cm
1283 2321 10 6 .

314 2338 52 54 ©
397 2338 121 53 Sept.
547 2340 37 50 3,
617 2339 130 52 1926;
777 2338 66 44 2c.
876 2338 121 54 Sept.
1028 2337 48 53 7;
1110 2338 79 42 aff.
1222 2336 119 54 Sept.
1370 2337 51 52 4;
1453 2337 45 42 A
1525 2336 187 54 901794;
1749 2336 177 55 George
1955 2339 62 43 H.
2049 2339 161 44 Doran
2235 2354 67 29 co.

392 2395 268 57 (26-17466)

315 2497 343 72 Tregenna,
696 2495 191 60 Julia.

392 2589 129 58 The
547 2586 180 74 pipes
756 2589 70 57 of
854 2587 153 71 Pan,
1033 2591 83 69 by
1142 2585 174 60 Julia
1346 2589 346 70 Tregenna.
1760 2587 280 72 London,
312 2587 1969 136 Hutchinson
519 2669 49 56 &
593 2684 107 52 co.,
724 2666 111 57 ltd.
866 2665 182 73 [1926]

383 2741 83 44 296
491 2754 40 39 p.
590 2741 57 44 20
651 2742 48 18 cm
704 2777 8 8 .

310 2797 1993 58 © 1c. May 10, 1926; A ad int. 8211; pubd. Mar. 13; J. Tregenna, Guestling,
386 2855 182 54 Sussex,
607 2855 220 54 England.
897 2854 270 56 (26-17631)

313 2955 294 73 Upward,
646 2955 202 72 Allen,
888 2958 190 57 1863-

393 3048 129 58 The
555 3047 266 59 Domino
858 3049 156 71 club,
1048 3051 82 70 by
1164 3048 186 59 Allen
1384 3050 298 72 Upward.
1768 3050 292 73 [London]
2100 3052 206 57 Faber

314 3126 48 57 &
389 3125 221 72 Gwyer
640 3126 182 72 [1926]

384 3202 83 44 304
489 3216 41 39 p.
592 3202 52 45 19
650 3204 47 18 cm
702 3237 9 9 .

379 3256 251 45 American
665 3256 174 46 edition
883 3257 349 56 (Philadelphia
1266 3260 39 45 &
1336 3258 211 56 London,
1581 3261 41 54 J.
1659 3261 51 44 B.
1748 3259 264 55 Lippincott
2048 3262 251 53 company)

311 3312 83 46 has
418 3313 125 44 title:
568 3312 102 45 The
697 3314 116 46 Club
839 3316 53 43 of
917 3315 169 45 masks.

315 3368 1989 61 © 1c. June 5, 1926; A ad int. 8253; pubd. Apr. 8; J. B. Lippincott co.,
386 3428 324 53 Philadelphia.
779 3429 270 56 (26-17626)

315 3528 427 74 Vandercook,
785 3530 169 59 John
992 3532 97 59 W.

391 3621 438 75 “Tom-tom”,
851 3626 84 71 by
955 3625 169 59 John
1144 3627 96 58 W.
1262 3626 428 74 Vandercook,
1713 3624 152 61 with
1885 3624 420 61 illustrations

313 3700 169 57 from
509 3699 433 75 photographs
975 3703 186 58 taken
1191 3705 84 72 by
1304 3705 104 59 the
1441 3706 226 59 author
1699 3708 122 57 and
1854 3707 229 58 others.
2155 3706 151 57 New

312 3776 174 58 York
513 3780 122 59 and
662 3780 277 72 London,
966 3781 256 73 Harper
1251 3782 48 58 &
1324 3782 309 73 brothers,
1663 3785 166 56 1926.
