2542 4285
1061 3981 108 56 655

110 373 303 74 [Roniger,
447 371 180 72 Emil]
663 373 185 55 1883-
1006 389 190 51 comp,
1233 370 122 57 and
1390 373 73 52 tr.

184 463 322 56 Mahatma
547 461 277 58 Gandhis
867 459 235 57 leidens
1146 459 135 56 zeit.
1382 459 223 56 Zürich
1645 459 128 56 und
1815 458 274 71 Leipzig,

105 539 540 71 Rotapfel-verlag
678 567 12 43 [
693 546 18 22 c
715 539 162 71 1925]

176 616 79 45 517
276 632 41 37 p.
376 617 52 43 20
436 620 46 17 cm
488 650 7 8 .

174 671 270 53 “Übersetzt
474 680 88 43 und
593 679 363 52 herausgegeben
987 693 89 28 von
1107 677 121 47 Emil
1262 676 240 53 Roniger.”

110 730 1921 58 © Dec. 20, 1925; 1c. Mar. 24, 1926; A —Foreign 30847; Rotapfel-verlag.
188 791 266 55 (26-12026)

106 890 377 71 Rothhaupt,
520 888 308 60 Wilhelm.

179 981 129 58 Das
363 978 124 57 lied
542 979 110 56 der
708 981 237 67 steppe,
1000 995 122 38 von
1176 975 295 58 Wilhelm
1524 976 397 71 Rothhaupt;
1977 974 113 59 mit

104 1054 416 71 Zeichnungen
551 1074 122 37 von
706 1055 79 56 H.
821 1055 75 56 A.
929 1053 308 60 Brunner.
1312 1052 489 73 Braunschweig
1832 1057 37 66 /
102 1053 1967 150 Hamburg,

312 1132 66 58 G.
410 1131 457 71 Westermann,
899 1131 165 57 1926.

174 1206 540 54 152 p. illus. 21 ½ cm .
440 1299 9 8 CONTENTS.
464 1290 58 6 —
538 1263 95 44 Das
679 1263 219 43 marchen
945 1261 61 44 im
1053 1262 155 44 busch.
1224 1289 57 6 —
1295 1263 107 43 Von
1451 1261 235 45 Pavianen
1736 1261 362 54 eingekreist.—

103 1317 260 54 Tumboko,
396 1318 196 54 Mumgu
623 1335 61 29 na
714 1319 324 44 kicheko.—In
1072 1318 82 44 der
1185 1318 302 54 dornenburg
1518 1317 79 46 des
1632 1317 304 53 Mjao.—Das
1971 1326 123 47 gast-

103 1375 232 52 geschenk
370 1377 79 42 des
481 1376 198 53 Jumben
715 1373 394 46 Matakka.—Das
1144 1374 574 54 totengefolge.—Besuch
1755 1391 83 29 aus
1875 1377 81 42 der
104 1390 1971 85 Vorzeit.—Die
383 1431 161 44 löwen.

112 1486 1784 56 © Jan. 1, 1926; 1c. Feb. 2; A —Foreign 30135; Georg Westermann.
190 1544 268 54 (26-12187)

111 1644 233 66 Stuart,
388 1643 222 57 Edwin
650 1645 77 55 H.

183 1731 305 74 Utilizing
510 1733 102 57 the
632 1733 375 71 by-product
1030 1733 67 57 of
1120 1755 35 37 a
1178 1732 285 74 printing
1485 1733 317 72 business;
1824 1734 273 58 wherein

107 1810 54 58 is
200 1811 132 57 told
369 1811 340 57 successful
748 1811 395 71 experiences
1180 1810 151 57 with
1371 1811 207 57 direct
1604 1812 148 56 mail
108 1813 1963 147 advertising,

111 1887 1964 154 by Edwin H. Stuart. Pittsburgh, Penna., E. H. Stuart, inc. [ c 1926]
181 2041 619 55 6 p. l., [15]—99 p. 22 cm .
115 2098 53 54 ©
197 2101 110 51 May
335 2100 64 49 26,
434 2100 129 52 1926;
594 2100 62 42 2c.
688 2100 87 43 and
804 2101 77 42 aff.
913 2101 115 51 June
1058 2101 49 50 3;
1140 2100 43 42 A
1213 2100 190 52 890996;
1438 2098 161 48 Edwin
1632 2100 60 43 H.
1728 2098 171 54 Stuart,
1929 2099 85 44 inc.

191 2156 268 54 (26-12216)

113 2256 359 71 Tremayne,
510 2254 361 58 Archibald.

251 2344 1848 72 … Records from Erech, time of Cyrus and Cambyses
117 2422 1984 73 (538-521 B. C.) by Arch Tremayne … New Haven, Yale
107 2497 353 72 university
487 2518 211 53 press;
735 2503 148 70 [etc.,
917 2503 128 69 etc.]
1082 2500 164 58 1925.

177 2573 1923 58 48 p., 1 l. LXXIV pl. 30 cm . (Yale oriental series. Babylonian texts,
111 2630 88 44 vol.
317 2630 18 54 VII)

181 2686 168 53 Plates,
383 2688 317 52 autographed
733 2694 138 38 texts.

181 2742 177 44 “Name
391 2741 228 45 indices”:
654 2758 40 37 p.
729 2743 146 45 15-48.

182 2796 130 45 “One
344 2797 211 44 hundred
592 2798 89 44 and
717 2798 308 54 ninety-eight
1060 2800 162 45 tablets
1261 2801 54 42 of
1351 2800 76 46 the
1463 2801 116 44 Yale
1619 2801 285 54 Babylonian
110 2803 1971 92 collection

241 2867 78 30 are
352 2853 239 53 published
627 2854 46 43 in
707 2854 90 45 this
831 2855 464 46 volume.”—Introd.

182 2908 280 44 “Published
491 2925 58 29 on
580 2910 77 45 the
688 2910 279 44 foundation
997 2911 278 45 established
1304 2913 59 53 by
1393 2913 75 45 the
1498 2913 223 56 Kingsley
1751 2921 120 37 trust
111 2913 1974 94 association

247 2963 177 55 (Scroll
455 2965 90 44 and
574 2965 87 54 key
694 2966 172 53 society
897 2967 53 43 of
983 2967 116 43 Yale
1130 2968 234 52 college)”

116 3019 55 53 ©
196 3022 110 52 May
326 3021 65 51 28,
423 3022 104 43 1926
542 3038 8 36 ;
576 3024 64 42 2c.
668 3024 86 43 and
780 3025 79 42 aff.
882 3026 116 51 June
1026 3026 46 50 1;
1101 3026 43 42 A
1171 3025 189 53 890974;
1389 3027 114 45 Yale
1531 3027 117 44 univ.
1676 3042 140 37 press.

196 3077 269 55 (26-12186)

114 3175 291 74 Wanger,
445 3178 185 58 Ruth.

190 3266 1911 80 What girls can do, by Ruth Wanger … New York, H.
115 3344 878 75 Holt and company [ c 1926]
186 3421 73 52 vii,
292 3423 78 43 293
403 3437 38 37 p.
475 3423 70 43 incl.
610 3424 154 53 front.,
797 3424 114 45 illus.
975 3426 48 43 19½
1057 3427 46 17 cm
1110 3460 9 9 .

189 3477 280 54 “Suggested
499 3480 233 53 readings”
763 3489 46 37 at
839 3482 82 43 end
951 3482 51 44 of
1030 3492 116 35 most
1175 3482 50 43 of
1255 3482 73 44 the
1358 3482 219 52 chapters.

120 3532 53 54 ©
198 3536 116 51 June
336 3536 37 49 2,
405 3536 127 51 1926;
558 3537 64 43 2c.
649 3538 86 43 and
761 3538 77 43 aff.
866 3539 116 50 June
1008 3539 48 51 8;
1085 3539 43 42 A
1156 3537 189 54 897058;
1375 3540 161 51 Henry
1565 3540 114 43 Holt
1707 3541 37 43 &
1768 3555 65 29 co.

198 3591 269 54 (26-12214)

118 3690 291 72 Warden,
448 3692 270 58 Randall
752 3694 277 68 Duncan,
1068 3697 188 56 1876-

190 3779 102 57 An
331 3779 337 59 exhibition
702 3783 359 71 handbook;
1101 3784 232 71 special
1370 3784 528 60 demonstrations
116 3787 1966 141 illustrating

387 3856 280 62 features
702 3859 68 58 of
797 3860 104 61 the
932 3862 173 57 work
1133 3861 65 56 in
1229 3861 284 72 physical
1545 3864 328 61 education
1905 3870 65 56 in
2002 3867 104 58 the
