2609 4293
1432 4001 109 55 136

487 352 260 69 Judson,
783 355 153 56 Mrs.
975 353 243 58 Phoebe
1256 354 264 58 Newton
1564 352 313 73 (Goodell)
1925 357 355 56 1832-1926.

559 442 60 56 A
672 442 317 71 pioneer’s
1049 443 217 58 search
1320 443 105 58 for
1480 462 78 38 an
1611 443 166 57 ideal
1828 444 198 72 home,
2082 445 83 71 by
2219 445 248 59 Phoebe

487 519 257 58 Goodell
779 521 263 70 Judson,
1079 521 136 57 who
1255 522 253 56 crossed
1543 520 102 58 the
1682 521 206 71 plains
1924 522 66 56 in
2026 524 147 56 1853
2211 525 124 56 and
486 524 1956 130 became
688 618 36 37 a
756 597 277 59 resident
1064 617 79 39 on
1172 599 203 71 Puget
1407 597 214 59 Sound
1650 598 218 58 before
1901 599 102 58 the
2037 601 431 71 organization

485 674 1983 76 of Washington Territory … Bellingham, Wash. [Printed
484 753 82 71 by
620 752 211 58 Union
885 754 301 71 printing,
1242 753 261 72 binding
1559 755 123 56 and
1739 754 349 72 stationery
2145 773 320 55 company]

487 832 163 57 1925.

554 910 92 52 309,
676 908 52 49 [5]
756 925 39 38 p.
821 910 102 44 incl.
951 910 123 44 front.
1117 909 188 54 (ports.)
1373 910 52 43 20½
1478 912 28 17 cm
1515 945 8 8 .

556 967 70 42 “A
657 967 119 44 book
803 966 51 44 of
881 967 205 52 personal
1116 967 211 43 memoirs
1356 965 232 53 published
1619 967 43 43 in
1691 966 74 44 the
1793 967 198 43 author’s
2022 965 103 46 95th
2152 967 148 54 year.”

556 1023 224 53 Obituary
804 1024 145 43 notice
975 1023 210 44 mounted
1212 1038 57 29 on
1294 1021 178 51 fly-leaf
1497 1032 45 33 at
1569 1023 98 43 end.

485 1076 54 54 ©
571 1080 107 42 Dec.
712 1080 60 49 11,
808 1078 128 52 1925;
969 1080 62 42 2c.
1063 1078 106 44 Feb.
1202 1076 60 52 16,
1297 1078 129 52 1926;
1461 1079 78 42 aff.
1570 1078 105 44 Feb.
1711 1078 73 52 15;
1818 1079 44 42 A
1892 1079 187 52 883303;
2114 1081 52 43 P.
2200 1080 51 45 G.
2284 1080 187 53 Judson,

557 1135 198 53 Lynden,
792 1135 159 44 Wash.
1019 1133 241 55 (26-4274)

486 1219 256 72 Keyser,
781 1219 284 56 Leander
1102 1217 337 73 Sylvester,
1479 1221 187 56 1856-

563 1297 129 60 The
733 1297 279 72 problem
1056 1299 66 56 of
1164 1297 269 73 origins:
1473 1297 272 59 Whence
1788 1317 169 40 came
1999 1300 103 57 the
2143 1299 328 57 universe?

483 1376 268 58 Whence
790 1395 167 38 came
991 1373 113 60 life
1141 1377 124 56 and
1301 1371 273 76 species?
1647 1375 271 59 Whence
1955 1395 168 40 came
2156 1379 182 54 man?
2416 1378 58 55 A

483 1451 1967 229 frank discussion of the doctrines of creation and evolution, by Leander S. Keyser … New York, The Macmillan company, 1926.
551 1685 692 52 x p., 1 l., 13-265 p. 19½ cm .
554 1742 354 51 Bibliography:
942 1756 40 37 p.
1012 1740 205 47 257-259.

484 1795 54 54 ©
565 1797 106 44 Feb.
699 1798 38 51 9,
767 1797 128 50 1926;
926 1797 63 42 2c.
1016 1797 87 42 and
1127 1796 78 43 aff.
1235 1795 106 44 Feb.
1373 1796 73 52 10;
1474 1796 44 42 A
1546 1796 190 52 883219;
1766 1797 265 44 Macmillan
2057 1813 63 28 co.

565 1852 242 56 (26-4137)

487 1936 287 71 Koehler,
809 1936 259 72 Arthur,
1106 1939 188 56 1885-

486 2014 1993 152 … The kiln drying of lumber, prepared in the Extension division of the University of Wisconsin, by Arthur
485 2170 1991 76 Koehler … and Rolf Thelen … 1st ed. New York [etc.]
486 2249 451 60 McGraw-Hill
966 2247 158 58 book
1155 2266 321 54 company,
1508 2248 136 70 inc.,
1675 2248 166 57 1926.

554 2344 44 33 x,
628 2328 79 43 293
736 2341 39 39 p.
807 2325 101 44 incl.
938 2326 132 50 illus.,
1102 2325 156 53 tables,
1287 2325 167 53 diagrs.
1514 2325 52 43 23½
1619 2327 28 17 cm
1655 2359 9 9 .
1733 2325 273 54 (Industrial
2039 2325 238 45 education
2309 2326 163 53 series)

514 2384 94 44 ½3.00

488 2440 53 53 ©
570 2441 107 44 Feb.
706 2441 37 50 2,
777 2440 129 51 1926;
937 2440 63 42 2c.
1031 2438 107 44 Feb.
1167 2439 49 52 6;
1247 2440 78 42 aff.
1357 2438 109 44 Feb.
1494 2439 49 53 8;
1575 2439 44 42 A
1649 2439 190 53 883186;
1872 2439 346 45 McGraw-Hill
2248 2441 119 42 book
2397 2455 78 37 co.,

557 2497 83 44 inc.
710 2495 241 56 (26-4158)

490 2580 347 77 [Lamburn,
877 2579 288 59 Richmal
1202 2580 354 75 Crompton]

567 2659 118 58 Old
713 2660 152 57 Mrs.
897 2659 200 72 Lillie,
1128 2659 83 71 by
1238 2658 286 57 Richmal
1556 2658 343 72 Crompton
1933 2660 247 73 [pseud.]

561 2737 80 51 (In
674 2737 207 42 Premier
915 2737 257 51 magazine,
1208 2738 121 51 Jan.,
1368 2737 127 51 1926)

486 2790 1990 54 © 1c. Feb. 12, 1926; A ad int. 7749; pubd. Dec. 18, 1925; R. C. Lamburn,
559 2849 213 52 Bromley
802 2847 234 53 Common,
1064 2849 138 51 Kent,
1233 2847 222 53 England.

487 2931 252 73 Landis,
775 2932 288 58 Leonard
1096 2931 276 73 Lincoln,
1412 2934 190 59 1870-

489 3009 1986 151 Psychoanalysis and beyond psychoanalysis, by Leonard L. Landis … [New York] American association of
484 3166 422 71 independent
932 3165 380 72 physicians,
1346 3166 165 56 1924.

560 3244 989 54 ix p., 1 l., 212 p. front. (port.) 21 cm .
487 3299 54 54 ©
576 3301 99 52 Jan.
707 3301 65 51 29,
812 3300 128 52 1926;
977 3301 64 43 2c.
1076 3301 99 52 Jan.
1209 3301 77 51 29;
1325 3301 78 43 aff.
1437 3300 106 44 Feb.
1578 3299 49 53 6;
1667 3300 44 42 A
1745 3298 189 54 879509;
1972 3300 50 43 L.
2060 3300 47 43 L.
2144 3299 179 52 Landis,
2361 3299 116 44 New

559 3357 142 44 York.
770 3356 242 55 (26-4289)

487 3439 255 73 Lebens,
780 3440 170 58 John
987 3439 45 58 C
1348 3459 192 53 comp.

562 3516 290 73 Vagrant
884 3536 212 52 verse;
1130 3516 131 74 life,
1294 3517 83 58 its
1410 3517 345 72 pleasures,
1786 3514 270 60 vanities
2092 3516 123 58 and
2247 3515 227 72 follies,

489 3595 289 71 pictured
817 3594 67 57 in
924 3613 213 53 poems
1183 3595 138 58 that
1361 3595 159 56 have
1563 3595 335 58 wandered
1938 3591 226 74 widely
2205 3592 272 74 through

486 3690 403 54 newspapers
921 3673 123 57 and
1070 3672 395 72 periodicals,
1495 3671 295 59 collected
1814 3672 85 73 by
1924 3671 167 59 John
2122 3669 64 61 C.
2214 3670 259 59 Lebens.

491 3750 88 58 St.
607 3750 209 72 Louis,
842 3750 248 57 Avalon
1115 3749 361 73 publishing
1502 3767 323 55 company,
1852 3750 164 56 1926.

555 3830 80 44 490
662 3846 40 37 p.
761 3830 52 43 20½
850 3832 45 17 cm
902 3867 8 8 .

490 3884 52 54 ©
572 3885 105 45 Feb.
706 3886 36 47 3,
777 3885 128 52 1926;
936 3886 64 43 2c.
1032 3884 106 45 Feb.
1169 3886 49 52 8;
1249 3886 78 43 aff.
1361 3885 105 44 Feb.
1497 3885 49 52 6;
1576 3885 44 42 A
1652 3883 188 53 879531;
1874 3884 181 43 Avalon
2085 3883 99 52 pub,
2216 3899 65 27 co.

568 3941 241 56 (26-4009)
