<alto xmlns="http://www.loc.gov/standards/alto/ns-v3#" xmlns:xlink="http://www.w3.org/1999/xlink" xmlns:xsi="http://www.w3.org/2001/XMLSchema-instance" xsi:schemaLocation="http://www.loc.gov/standards/alto/ns-v3# http://www.loc.gov/alto/v3/alto-3-0.xsd"><Description>
<MeasurementUnit>pixel</MeasurementUnit>
<sourceImageInformation>
<fileName>1926_v23_Part001.pdf</fileName>
</sourceImageInformation>
<OCRProcessing ID="IdOcr">
<ocrProcessingStep>
<processingDateTime>2019-04-10</processingDateTime>
<processingSoftware>
<softwareCreator>ABBYY</softwareCreator>
<softwareName>ABBYY Recognition Server</softwareName>
<softwareVersion>4.0</softwareVersion>
</processingSoftware>
</ocrProcessingStep>
</OCRProcessing>
</Description>
<Styles>
<ParagraphStyle ID="StyleId-FFFFFFFF-FFFF-FFFF-FFFF-FFFFFFFFFFFF-" ALIGN="Left" LEFT="0." RIGHT="0." FIRSTLINE="0."/>
<ParagraphStyle ID="StyleId-22C3EA86-D171-42E2-A7D2-9A866F7D91F9-" ALIGN="Left" LEFT="0." RIGHT="0." FIRSTLINE="0." LINESPACE="8.300000191"/>
<ParagraphStyle ID="StyleId-E3FA4CC6-F5E5-41CA-B4C4-90085BF71B6C-" ALIGN="Block" LEFT="0." RIGHT="0." FIRSTLINE="-14." LINESPACE="8.050000191"/>
<ParagraphStyle ID="StyleId-41118DB3-028A-4115-95B3-BB512DD0EDAE-" ALIGN="Left" LEFT="0." RIGHT="0." FIRSTLINE="-13." LINESPACE="13.30000019"/>
<ParagraphStyle ID="StyleId-A2FB4C2B-BF87-45AD-9689-33B0118FBFC1-" ALIGN="Block" LEFT="0." RIGHT="0." FIRSTLINE="-14." LINESPACE="11.06999969"/>
<ParagraphStyle ID="StyleId-BBBA7B5D-FE2B-4BC7-AC7D-F142900C21B8-" ALIGN="Block" LEFT="0." RIGHT="0." FIRSTLINE="0." LINESPACE="8.899999619"/>
<ParagraphStyle ID="StyleId-3CEA3EEE-4341-4E33-9EF0-A9438AB90A9B-" ALIGN="Center" LEFT="0." RIGHT="0." FIRSTLINE="0." LINESPACE="12.19999981"/>
<ParagraphStyle ID="StyleId-817955BE-3120-4B53-BBD3-920BAE733BFF-" ALIGN="Left" LEFT="0." RIGHT="0." FIRSTLINE="0." LINESPACE="12.19999981"/>
<ParagraphStyle ID="StyleId-456A266C-F799-486A-ACB1-75B61E9815AB-" ALIGN="Left" LEFT="0." RIGHT="0." FIRSTLINE="-13." LINESPACE="8.18999958"/>
<ParagraphStyle ID="StyleId-6A1E9ED6-E5EA-4E31-BD5A-88089B8D7134-" ALIGN="Right" LEFT="0." RIGHT="0." FIRSTLINE="0." LINESPACE="7.699999809"/>
<ParagraphStyle ID="StyleId-C11ABF73-04BC-4F6E-B7E4-01FCA3A26756-" ALIGN="Left" LEFT="0." RIGHT="0." FIRSTLINE="-13." LINESPACE="12.19999981"/>
<ParagraphStyle ID="StyleId-662CF6CF-DB5F-40BE-AD24-E877ED82DD6F-" ALIGN="Block" LEFT="0." RIGHT="0." FIRSTLINE="-14." LINESPACE="11.06999969"/>
<ParagraphStyle ID="StyleId-9361006B-74B5-41BD-BFD3-03318AD64910-" ALIGN="Left" LEFT="0." RIGHT="0." FIRSTLINE="0." LINESPACE="8.899999619"/>
</Styles>
<Layout>
<Page ID="Page283" PHYSICAL_IMG_NR="283" HEIGHT="4285" WIDTH="2542">
<TopMargin HEIGHT="338" WIDTH="2542" VPOS="0" HPOS="0">
</TopMargin>
<LeftMargin HEIGHT="3612" WIDTH="82" VPOS="338" HPOS="0">
</LeftMargin>
<RightMargin HEIGHT="3612" WIDTH="436" VPOS="338" HPOS="2106">
</RightMargin>
<BottomMargin HEIGHT="335" WIDTH="2542" VPOS="3950" HPOS="0">
<TextBlock ID="Page283_Block1" HEIGHT="74" WIDTH="130" VPOS="3978" HPOS="1044" LANG="en-US" STYLEREFS="StyleId-E297F65D-ABB9-493B-9394-8F92BEACF719-">
<TextLine HEIGHT="54" WIDTH="108" VPOS="3988" HPOS="1055">
<String CONTENT="283" HEIGHT="54" WIDTH="108" VPOS="3988" HPOS="1055"/>
</TextLine>
</TextBlock>
</BottomMargin>
<PrintSpace HEIGHT="3612" WIDTH="2024" VPOS="338" HPOS="82">
<TextBlock ID="Page283_Block2" HEIGHT="3612" WIDTH="2024" VPOS="338" HPOS="82" LANG="en-US" CS="1" STYLEREFS="StyleId-BD03E323-45E6-49D1-84ED-BF9AB15C553E-">
<TextLine HEIGHT="71" WIDTH="891" VPOS="349" HPOS="93" STYLEREFS="StyleId-B9904ED3-7A6E-47CE-888F-9801AE546F4B-">
<String CONTENT="Nott-Bower," HEIGHT="67" WIDTH="414" VPOS="353" HPOS="93"/>
<SP HEIGHT="66" WIDTH="38" VPOS="354" HPOS="508"/>
<String CONTENT="Sir" HEIGHT="60" WIDTH="109" VPOS="351" HPOS="547"/>
<SP HEIGHT="58" WIDTH="32" VPOS="351" HPOS="657"/>
<String CONTENT="William." HEIGHT="60" WIDTH="294" VPOS="349" HPOS="690"/>
</TextLine>
<TextLine HEIGHT="73" WIDTH="917" VPOS="428" HPOS="168" STYLEREFS="StyleId-9866D13B-9221-4AB5-816B-0CA20C9A7B85-">
<String CONTENT="Rounding" HEIGHT="71" WIDTH="332" VPOS="430" HPOS="168"/>
<SP HEIGHT="52" WIDTH="33" VPOS="449" HPOS="501"/>
<String CONTENT="up" HEIGHT="52" WIDTH="81" VPOS="448" HPOS="535"/>
<SP HEIGHT="68" WIDTH="36" VPOS="432" HPOS="617"/>
<String CONTENT="the" HEIGHT="55" WIDTH="102" VPOS="430" HPOS="654"/>
<SP HEIGHT="55" WIDTH="37" VPOS="428" HPOS="757"/>
<String CONTENT="Fenians." HEIGHT="57" WIDTH="290" VPOS="428" HPOS="795"/>
</TextLine>
<TextLine HEIGHT="53" WIDTH="786" VPOS="505" HPOS="165" STYLEREFS="StyleId-F402B8AD-8987-4171-A9D5-832A38D3B6AD-">
<String CONTENT="(In" HEIGHT="42" WIDTH="80" VPOS="508" HPOS="165"/>
<SP HEIGHT="40" WIDTH="29" VPOS="509" HPOS="246"/>
<String CONTENT="London" HEIGHT="41" WIDTH="182" VPOS="508" HPOS="276"/>
<SP HEIGHT="40" WIDTH="31" VPOS="508" HPOS="459"/>
<String CONTENT="Weekly" HEIGHT="51" WIDTH="190" VPOS="507" HPOS="491"/>
<SP HEIGHT="52" WIDTH="31" VPOS="506" HPOS="682"/>
<String CONTENT="dispatch)" HEIGHT="51" WIDTH="237" VPOS="505" HPOS="714"/>
</TextLine>
<TextLine HEIGHT="58" WIDTH="1980" VPOS="556" HPOS="93" CS="1">
<String CONTENT="&#169;" HEIGHT="53" WIDTH="52" VPOS="561" HPOS="93"/>
<SP/>
<String CS="1" CONTENT="1c."/>
<SP HEIGHT="42" WIDTH="34" VPOS="563" HPOS="239"/>
<String CONTENT="Mar." HEIGHT="41" WIDTH="115" VPOS="563" HPOS="274"/>
<SP HEIGHT="42" WIDTH="29" VPOS="562" HPOS="390"/>
<String CONTENT="26," HEIGHT="51" WIDTH="67" VPOS="561" HPOS="420"/>
<SP HEIGHT="50" WIDTH="33" VPOS="562" HPOS="488"/>
<String CONTENT="1926;" HEIGHT="50" WIDTH="128" VPOS="561" HPOS="522"/>
<SP HEIGHT="50" WIDTH="31" VPOS="561" HPOS="651"/>
<!-- cceid FD561630-6E1A-1014-9B7B-CA07F191E62B --><String CONTENT="A" HEIGHT="41" WIDTH="42" VPOS="561" HPOS="683"/>
<SP HEIGHT="41" WIDTH="31" VPOS="561" HPOS="726"/>
<String CONTENT="ad" HEIGHT="42" WIDTH="55" VPOS="561" HPOS="758"/>
<SP HEIGHT="43" WIDTH="30" VPOS="560" HPOS="814"/>
<String CONTENT="int." HEIGHT="42" WIDTH="76" VPOS="560" HPOS="845"/>
<SP HEIGHT="44" WIDTH="31" VPOS="558" HPOS="922"/>
<String CONTENT="7983;" HEIGHT="52" WIDTH="132" VPOS="558" HPOS="954"/>
<SP HEIGHT="37" WIDTH="33" VPOS="573" HPOS="1087"/>
<String CONTENT="pubd." HEIGHT="52" WIDTH="130" VPOS="558" HPOS="1121"/>
<SP HEIGHT="43" WIDTH="32" VPOS="557" HPOS="1252"/>
<String CONTENT="Feb." HEIGHT="44" WIDTH="106" VPOS="557" HPOS="1285"/>
<SP HEIGHT="41" WIDTH="37" VPOS="559" HPOS="1392"/>
<String CONTENT="14;" HEIGHT="50" WIDTH="73" VPOS="558" HPOS="1430"/>
<SP HEIGHT="51" WIDTH="37" VPOS="557" HPOS="1504"/>
<String CONTENT="Sir" HEIGHT="47" WIDTH="73" VPOS="556" HPOS="1542"/>
<SP HEIGHT="45" WIDTH="28" VPOS="558" HPOS="1616"/>
<String CONTENT="W." HEIGHT="45" WIDTH="73" VPOS="558" HPOS="1645"/>
<SP HEIGHT="42" WIDTH="35" VPOS="558" HPOS="1719"/>
<String CONTENT="Nott-Bower," HEIGHT="50" WIDTH="318" VPOS="558" HPOS="1755"/>
</TextLine>
<TextLine HEIGHT="53" WIDTH="735" VPOS="615" HPOS="164">
<String CONTENT="Richmond," HEIGHT="50" WIDTH="262" VPOS="618" HPOS="164"/>
<SP HEIGHT="52" WIDTH="36" VPOS="616" HPOS="427"/>
<String CONTENT="Surrey," HEIGHT="52" WIDTH="178" VPOS="616" HPOS="464"/>
<SP HEIGHT="52" WIDTH="35" VPOS="615" HPOS="643"/>
<String CONTENT="England." HEIGHT="52" WIDTH="220" VPOS="615" HPOS="679"/>
</TextLine>
<TextLine HEIGHT="75" WIDTH="759" VPOS="683" HPOS="94" STYLEREFS="StyleId-B9904ED3-7A6E-47CE-888F-9801AE546F4B-">
<String CONTENT="Onions," HEIGHT="72" WIDTH="248" VPOS="686" HPOS="94"/>
<SP HEIGHT="72" WIDTH="37" VPOS="686" HPOS="343"/>
<String CONTENT="Oliver," HEIGHT="72" WIDTH="224" VPOS="683" HPOS="381"/>
<SP HEIGHT="52" WIDTH="34" VPOS="706" HPOS="606"/>
<String CONTENT="pseud." HEIGHT="72" WIDTH="212" VPOS="686" HPOS="641"/>
</TextLine>
<TextLine HEIGHT="76" WIDTH="1903" VPOS="760" HPOS="174" STYLEREFS="StyleId-9866D13B-9221-4AB5-816B-0CA20C9A7B85-" CS="1">
<String CONTENT="The" HEIGHT="56" WIDTH="126" VPOS="767" HPOS="174"/>
<SP HEIGHT="39" WIDTH="35" VPOS="784" HPOS="301"/>
<String CONTENT="spite" HEIGHT="73" WIDTH="160" VPOS="763" HPOS="337"/>
<SP HEIGHT="38" WIDTH="34" VPOS="785" HPOS="498"/>
<String CONTENT="of" HEIGHT="58" WIDTH="67" VPOS="765" HPOS="533"/>
<SP HEIGHT="57" WIDTH="29" VPOS="765" HPOS="601"/>
<String CONTENT="heaven," HEIGHT="67" WIDTH="256" VPOS="765" HPOS="631"/>
<SP HEIGHT="67" WIDTH="32" VPOS="765" HPOS="888"/>
<String CONTENT="by" HEIGHT="68" WIDTH="82" VPOS="765" HPOS="921"/>
<SP HEIGHT="71" WIDTH="33" VPOS="762" HPOS="1004"/>
<String CONTENT="Oliver" HEIGHT="59" WIDTH="213" VPOS="761" HPOS="1038"/>
<SP HEIGHT="59" WIDTH="32" VPOS="760" HPOS="1252"/>
<String CONTENT="Onions" HEIGHT="60" WIDTH="236" VPOS="760" HPOS="1285"/>
<SP HEIGHT="38" WIDTH="35" VPOS="782" HPOS="1522"/>
<String CS="1" CONTENT="&#8230;"/>
<SP HEIGHT="58" WIDTH="83" VPOS="761" HPOS="1621"/>
<String CONTENT="New" HEIGHT="57" WIDTH="150" VPOS="761" HPOS="1705"/>
<SP HEIGHT="56" WIDTH="31" VPOS="762" HPOS="1856"/>
<String CONTENT="York," HEIGHT="69" WIDTH="189" VPOS="762" HPOS="1888"/>
</TextLine>
<TextLine HEIGHT="74" WIDTH="1166" VPOS="840" HPOS="97" STYLEREFS="StyleId-9866D13B-9221-4AB5-816B-0CA20C9A7B85-" CS="1">
<String CONTENT="George" HEIGHT="71" WIDTH="240" VPOS="843" HPOS="97"/>
<SP HEIGHT="58" WIDTH="29" VPOS="842" HPOS="338"/>
<String CONTENT="H." HEIGHT="56" WIDTH="79" VPOS="842" HPOS="368"/>
<SP HEIGHT="56" WIDTH="31" VPOS="842" HPOS="448"/>
<String CONTENT="Doran" HEIGHT="56" WIDTH="212" VPOS="842" HPOS="480"/>
<SP HEIGHT="37" WIDTH="30" VPOS="861" HPOS="693"/>
<String CONTENT="company" HEIGHT="54" WIDTH="305" VPOS="858" HPOS="724"/>
<SP HEIGHT="52" WIDTH="32" VPOS="860" HPOS="1030"/>
<String CS="1" CONTENT="["/>
<String STYLE="superscript" CONTENT="c" HEIGHT="21" WIDTH="20" VPOS="847" HPOS="1076"/>
<String CONTENT="1926]" HEIGHT="71" WIDTH="162" VPOS="840" HPOS="1101"/>
</TextLine>
<TextLine HEIGHT="53" WIDTH="329" VPOS="919" HPOS="163">
<String CONTENT="297" HEIGHT="45" WIDTH="82" VPOS="919" HPOS="163"/>
<SP HEIGHT="53" WIDTH="27" VPOS="919" HPOS="246"/>
<String CONTENT="p." HEIGHT="38" WIDTH="40" VPOS="934" HPOS="274"/>
<SP HEIGHT="43" WIDTH="57" VPOS="919" HPOS="315"/>
<String CONTENT="20" HEIGHT="43" WIDTH="55" VPOS="919" HPOS="373"/>
<String STYLE="superscript" CONTENT="cm" HEIGHT="18" WIDTH="45" VPOS="920" HPOS="435"/>
<String CONTENT="." HEIGHT="9" WIDTH="6" VPOS="952" HPOS="486"/>
</TextLine>
<TextLine HEIGHT="58" WIDTH="1848" VPOS="968" HPOS="92">
<String CONTENT="&#169;" HEIGHT="53" WIDTH="54" VPOS="973" HPOS="92"/>
<SP HEIGHT="53" WIDTH="27" VPOS="973" HPOS="147"/>
<String CONTENT="Mar." HEIGHT="41" WIDTH="116" VPOS="975" HPOS="175"/>
<SP HEIGHT="42" WIDTH="26" VPOS="974" HPOS="292"/>
<String CONTENT="31," HEIGHT="49" WIDTH="64" VPOS="974" HPOS="319"/>
<SP HEIGHT="48" WIDTH="31" VPOS="975" HPOS="384"/>
<String CONTENT="1926;" HEIGHT="51" WIDTH="128" VPOS="973" HPOS="416"/>
<SP HEIGHT="51" WIDTH="25" VPOS="973" HPOS="545"/>
<String CONTENT="2c." HEIGHT="41" WIDTH="63" VPOS="973" HPOS="571"/>
<SP HEIGHT="27" WIDTH="27" VPOS="988" HPOS="635"/>
<String CONTENT="and" HEIGHT="43" WIDTH="85" VPOS="972" HPOS="663"/>
<SP HEIGHT="42" WIDTH="26" VPOS="972" HPOS="749"/>
<String CONTENT="aff." HEIGHT="42" WIDTH="77" VPOS="972" HPOS="776"/>
<SP HEIGHT="41" WIDTH="26" VPOS="972" HPOS="854"/>
<String CONTENT="Apr." HEIGHT="51" WIDTH="112" VPOS="972" HPOS="881"/>
<SP HEIGHT="42" WIDTH="30" VPOS="972" HPOS="994"/>
<String CONTENT="1;" HEIGHT="50" WIDTH="45" VPOS="972" HPOS="1025"/>
<SP HEIGHT="51" WIDTH="28" VPOS="971" HPOS="1071"/>
<!-- cceid FD5698AE-6E1A-1014-9B7B-CA07F191E62B --><String CONTENT="A" HEIGHT="41" WIDTH="42" VPOS="971" HPOS="1100"/>
<SP HEIGHT="42" WIDTH="29" VPOS="971" HPOS="1143"/>
<String CONTENT="883846;" HEIGHT="51" WIDTH="186" VPOS="970" HPOS="1173"/>
<SP HEIGHT="53" WIDTH="32" VPOS="968" HPOS="1360"/>
<String CONTENT="George" HEIGHT="54" WIDTH="180" VPOS="968" HPOS="1393"/>
<SP HEIGHT="43" WIDTH="25" VPOS="970" HPOS="1574"/>
<String CONTENT="H." HEIGHT="43" WIDTH="59" VPOS="970" HPOS="1600"/>
<SP HEIGHT="42" WIDTH="28" VPOS="971" HPOS="1660"/>
<String CONTENT="Doran" HEIGHT="42" WIDTH="157" VPOS="971" HPOS="1689"/>
<SP HEIGHT="28" WIDTH="26" VPOS="985" HPOS="1847"/>
<String CONTENT="co." HEIGHT="30" WIDTH="66" VPOS="983" HPOS="1874"/>
</TextLine>
<TextLine HEIGHT="55" WIDTH="241" VPOS="1029" HPOS="173">
<String CONTENT="(26-7448)" HEIGHT="55" WIDTH="241" VPOS="1029" HPOS="173"/>
</TextLine>
<TextLine HEIGHT="72" WIDTH="874" VPOS="1098" HPOS="97" STYLEREFS="StyleId-771A3446-0D61-4AD6-9E8B-3D3196523C40-">
<String CONTENT="Oregon." HEIGHT="71" WIDTH="260" VPOS="1099" HPOS="97"/>
<SP HEIGHT="58" WIDTH="77" VPOS="1098" HPOS="358"/>
<String CONTENT="Supreme" HEIGHT="71" WIDTH="301" VPOS="1098" HPOS="436"/>
<SP HEIGHT="37" WIDTH="43" VPOS="1116" HPOS="738"/>
<String CONTENT="court." HEIGHT="53" WIDTH="189" VPOS="1101" HPOS="782"/>
</TextLine>
<TextLine HEIGHT="152" WIDTH="1961" VPOS="1172" HPOS="95" STYLEREFS="StyleId-9866D13B-9221-4AB5-816B-0CA20C9A7B85-" CS="1">
<String CONTENT="Reports" HEIGHT="69" WIDTH="271" VPOS="1178" HPOS="171"/>
<SP HEIGHT="37" WIDTH="35" VPOS="1195" HPOS="443"/>
<String CONTENT="of" HEIGHT="55" WIDTH="66" VPOS="1176" HPOS="479"/>
<SP HEIGHT="55" WIDTH="33" VPOS="1176" HPOS="546"/>
<String CONTENT="cases" HEIGHT="38" WIDTH="171" VPOS="1194" HPOS="580"/>
<SP HEIGHT="56" WIDTH="35" VPOS="1176" HPOS="752"/>
<String CONTENT="decided" HEIGHT="56" WIDTH="256" VPOS="1175" HPOS="788"/>
<SP HEIGHT="55" WIDTH="37" VPOS="1175" HPOS="1045"/>
<String CS="1" CONTENT="&#8230;"/>
<SP HEIGHT="57" WIDTH="78" VPOS="1173" HPOS="1144"/>
<String CONTENT="James" HEIGHT="57" WIDTH="216" VPOS="1173" HPOS="1223"/>
<SP HEIGHT="57" WIDTH="29" VPOS="1173" HPOS="1440"/>
<String CONTENT="W." HEIGHT="57" WIDTH="96" VPOS="1173" HPOS="1470"/>
<SP HEIGHT="58" WIDTH="40" VPOS="1172" HPOS="1567"/>
<String CONTENT="Crawford," HEIGHT="72" WIDTH="346" VPOS="1172" HPOS="1608"/>
<SP HEIGHT="52" WIDTH="34" VPOS="1192" HPOS="1955"/>
<String CONTENT="reporter." HEIGHT="132" WIDTH="1961" VPOS="1192" HPOS="95"/>
<SP HEIGHT="37" WIDTH="71" VPOS="1272" HPOS="329"/>
<String CONTENT="V." HEIGHT="36" WIDTH="55" VPOS="1272" HPOS="401"/>
<SP HEIGHT="54" WIDTH="36" VPOS="1254" HPOS="457"/>
<String CONTENT="114." HEIGHT="54" WIDTH="124" VPOS="1253" HPOS="494"/>
<SP HEIGHT="55" WIDTH="73" VPOS="1252" HPOS="619"/>
<String CONTENT="From" HEIGHT="54" WIDTH="189" VPOS="1252" HPOS="693"/>
</TextLine>
<TextLine HEIGHT="71" WIDTH="1162" VPOS="1251" HPOS="917" STYLEREFS="StyleId-9866D13B-9221-4AB5-816B-0CA20C9A7B85-">
<String CONTENT="March" HEIGHT="55" WIDTH="220" VPOS="1251" HPOS="917"/>
<SP HEIGHT="55" WIDTH="30" VPOS="1251" HPOS="1138"/>
<String CONTENT="24," HEIGHT="68" WIDTH="89" VPOS="1252" HPOS="1169"/>
<SP HEIGHT="67" WIDTH="34" VPOS="1253" HPOS="1259"/>
<String CONTENT="1925," HEIGHT="70" WIDTH="165" VPOS="1252" HPOS="1294"/>
<SP HEIGHT="68" WIDTH="33" VPOS="1254" HPOS="1460"/>
<String CONTENT="to" HEIGHT="53" WIDTH="62" VPOS="1254" HPOS="1494"/>
<SP HEIGHT="56" WIDTH="34" VPOS="1251" HPOS="1557"/>
<String CONTENT="June" HEIGHT="56" WIDTH="162" VPOS="1251" HPOS="1592"/>
<SP HEIGHT="54" WIDTH="34" VPOS="1252" HPOS="1755"/>
<String CONTENT="16," HEIGHT="70" WIDTH="89" VPOS="1252" HPOS="1790"/>
<SP HEIGHT="70" WIDTH="35" VPOS="1252" HPOS="1880"/>
<String CONTENT="1925." HEIGHT="55" WIDTH="163" VPOS="1251" HPOS="1916"/>
</TextLine>
<TextLine HEIGHT="73" WIDTH="1724" VPOS="1327" HPOS="99" STYLEREFS="StyleId-9866D13B-9221-4AB5-816B-0CA20C9A7B85-">
<String CONTENT="San" HEIGHT="57" WIDTH="126" VPOS="1331" HPOS="99"/>
<SP HEIGHT="55" WIDTH="30" VPOS="1330" HPOS="226"/>
<String CONTENT="Francisco," HEIGHT="71" WIDTH="352" VPOS="1329" HPOS="257"/>
<SP HEIGHT="72" WIDTH="29" VPOS="1328" HPOS="610"/>
<String CONTENT="Bancroft-Whitney" HEIGHT="71" WIDTH="634" VPOS="1327" HPOS="640"/>
<SP HEIGHT="51" WIDTH="28" VPOS="1347" HPOS="1275"/>
<String CONTENT="company," HEIGHT="53" WIDTH="321" VPOS="1346" HPOS="1304"/>
<SP HEIGHT="69" WIDTH="32" VPOS="1330" HPOS="1626"/>
<String CONTENT="1926." HEIGHT="55" WIDTH="164" VPOS="1329" HPOS="1659"/>
</TextLine>
<TextLine HEIGHT="52" WIDTH="365" VPOS="1404" HPOS="296" CS="1">
<String CS="1" CONTENT="xxxv," HEIGHT="16" WIDTH="8" VPOS="1440" HPOS="296"/>
<SP HEIGHT="52" WIDTH="31" VPOS="1404" HPOS="305"/>
<String CONTENT="767" HEIGHT="44" WIDTH="78" VPOS="1404" HPOS="337"/>
<SP HEIGHT="52" WIDTH="26" VPOS="1404" HPOS="416"/>
<String CONTENT="p." HEIGHT="37" WIDTH="39" VPOS="1419" HPOS="443"/>
<SP HEIGHT="43" WIDTH="57" VPOS="1404" HPOS="483"/>
<String CONTENT="23" HEIGHT="43" WIDTH="52" VPOS="1404" HPOS="541"/>
<String STYLE="superscript" CONTENT="cm" HEIGHT="17" WIDTH="45" VPOS="1407" HPOS="601"/>
<String CONTENT="." HEIGHT="7" WIDTH="7" VPOS="1438" HPOS="654"/>
</TextLine>
<TextLine HEIGHT="56" WIDTH="1986" VPOS="1457" HPOS="96" CS="1">
<String CONTENT="&#169;" HEIGHT="53" WIDTH="52" VPOS="1460" HPOS="96"/>
<SP HEIGHT="53" WIDTH="28" VPOS="1460" HPOS="149"/>
<String CONTENT="Feb." HEIGHT="43" WIDTH="106" VPOS="1461" HPOS="178"/>
<SP HEIGHT="42" WIDTH="29" VPOS="1462" HPOS="285"/>
<String CONTENT="3," HEIGHT="51" WIDTH="36" VPOS="1462" HPOS="315"/>
<SP HEIGHT="51" WIDTH="32" VPOS="1462" HPOS="352"/>
<String CS="1" CONTENT="1926;" HEIGHT="42" WIDTH="107" VPOS="1461" HPOS="385"/>
<SP HEIGHT="51" WIDTH="30" VPOS="1461" HPOS="514"/>
<String CONTENT="2c." HEIGHT="42" WIDTH="63" VPOS="1461" HPOS="545"/>
<SP HEIGHT="42" WIDTH="29" VPOS="1461" HPOS="609"/>
<String CONTENT="Apr." HEIGHT="50" WIDTH="112" VPOS="1461" HPOS="639"/>
<SP HEIGHT="45" WIDTH="29" VPOS="1457" HPOS="752"/>
<String CONTENT="5;" HEIGHT="54" WIDTH="48" VPOS="1457" HPOS="782"/>
<SP HEIGHT="37" WIDTH="32" VPOS="1474" HPOS="831"/>
<String CONTENT="aff." HEIGHT="43" WIDTH="78" VPOS="1459" HPOS="864"/>
<SP HEIGHT="43" WIDTH="29" VPOS="1458" HPOS="943"/>
<String CONTENT="Feb." HEIGHT="44" WIDTH="105" VPOS="1458" HPOS="973"/>
<SP HEIGHT="42" WIDTH="35" VPOS="1460" HPOS="1079"/>
<String CONTENT="11;" HEIGHT="50" WIDTH="72" VPOS="1460" HPOS="1115"/>
<SP HEIGHT="51" WIDTH="33" VPOS="1459" HPOS="1188"/>
<!-- cceid FD571573-6E1A-1014-9B7B-CA07F191E62B --><String CONTENT="A" HEIGHT="43" WIDTH="42" VPOS="1459" HPOS="1222"/>
<SP HEIGHT="45" WIDTH="30" VPOS="1459" HPOS="1265"/>
<String CONTENT="890219;" HEIGHT="51" WIDTH="189" VPOS="1459" HPOS="1296"/>
<SP/>
<String CONTENT="Bancroft-Whitney" HEIGHT="53" WIDTH="461" VPOS="1458" HPOS="1523"/>
<SP HEIGHT="36" WIDTH="30" VPOS="1475" HPOS="1985"/>
<String CONTENT="co." HEIGHT="28" WIDTH="66" VPOS="1475" HPOS="2016"/>
</TextLine>
<TextLine HEIGHT="74" WIDTH="1984" VPOS="1584" HPOS="98" STYLEREFS="StyleId-B9904ED3-7A6E-47CE-888F-9801AE546F4B-" CS="1">
<String CONTENT="Oxford" HEIGHT="61" WIDTH="243" VPOS="1586" HPOS="98"/>
<SP HEIGHT="57" WIDTH="25" VPOS="1586" HPOS="342"/>
<String CONTENT="and" HEIGHT="57" WIDTH="126" VPOS="1586" HPOS="368"/>
<SP HEIGHT="58" WIDTH="24" VPOS="1585" HPOS="495"/>
<String CONTENT="Asquith," HEIGHT="72" WIDTH="288" VPOS="1584" HPOS="520"/>
<SP HEIGHT="69" WIDTH="32" VPOS="1585" HPOS="809"/>
<String CONTENT="Herbert" HEIGHT="57" WIDTH="267" VPOS="1584" HPOS="842"/>
<SP HEIGHT="56" WIDTH="32" VPOS="1584" HPOS="1110"/>
<String CONTENT="Henry" HEIGHT="72" WIDTH="215" VPOS="1584" HPOS="1143"/>
<SP HEIGHT="72" WIDTH="29" VPOS="1584" HPOS="1359"/>
<String CONTENT="Asquith," HEIGHT="73" WIDTH="289" VPOS="1584" HPOS="1389"/>
<SP HEIGHT="62" WIDTH="29" VPOS="1595" HPOS="1679"/>
<String CONTENT="1st" HEIGHT="53" WIDTH="96" VPOS="1590" HPOS="1709"/>
<SP HEIGHT="52" WIDTH="33" VPOS="1590" HPOS="1806"/>
<String CONTENT="earl" HEIGHT="56" WIDTH="127" VPOS="1587" HPOS="1840"/>
<SP HEIGHT="56" WIDTH="32" VPOS="1587" HPOS="1968"/>
<String CONTENT="of." HEIGHT="72" WIDTH="81" VPOS="1586" HPOS="2001"/>
</TextLine>
<TextLine HEIGHT="72" WIDTH="1908" VPOS="1661" HPOS="176" STYLEREFS="StyleId-B9904ED3-7A6E-47CE-888F-9801AE546F4B-">
<String CONTENT="Christianity" HEIGHT="70" WIDTH="415" VPOS="1663" HPOS="176"/>
<SP HEIGHT="51" WIDTH="30" VPOS="1682" HPOS="592"/>
<String CONTENT="and" HEIGHT="54" WIDTH="122" VPOS="1664" HPOS="623"/>
<SP HEIGHT="54" WIDTH="28" VPOS="1664" HPOS="746"/>
<String CONTENT="the" HEIGHT="55" WIDTH="102" VPOS="1663" HPOS="775"/>
<SP HEIGHT="36" WIDTH="27" VPOS="1681" HPOS="878"/>
<String CONTENT="world." HEIGHT="55" WIDTH="212" VPOS="1663" HPOS="906"/>
<SP HEIGHT="52" WIDTH="72" VPOS="1665" HPOS="1119"/>
<String CONTENT="2." HEIGHT="53" WIDTH="49" VPOS="1665" HPOS="1192"/>
<SP HEIGHT="57" WIDTH="34" VPOS="1661" HPOS="1242"/>
<String CONTENT="Christian" HEIGHT="58" WIDTH="325" VPOS="1661" HPOS="1277"/>
<SP HEIGHT="38" WIDTH="27" VPOS="1681" HPOS="1603"/>
<String CONTENT="culture" HEIGHT="55" WIDTH="236" VPOS="1664" HPOS="1631"/>
<SP HEIGHT="38" WIDTH="34" VPOS="1681" HPOS="1868"/>
<String CONTENT="as" HEIGHT="38" WIDTH="69" VPOS="1682" HPOS="1903"/>
<SP HEIGHT="38" WIDTH="32" VPOS="1682" HPOS="1973"/>
<String CONTENT="an" HEIGHT="38" WIDTH="78" VPOS="1681" HPOS="2006"/>
</TextLine>
<TextLine HEIGHT="57" WIDTH="515" VPOS="1740" HPOS="97" STYLEREFS="StyleId-B9904ED3-7A6E-47CE-888F-9801AE546F4B-">
<String CONTENT="effective" HEIGHT="57" WIDTH="284" VPOS="1740" HPOS="97"/>
<SP HEIGHT="57" WIDTH="41" VPOS="1740" HPOS="382"/>
<String CONTENT="force." HEIGHT="56" WIDTH="188" VPOS="1740" HPOS="424"/>
</TextLine>
<TextLine HEIGHT="52" WIDTH="717" VPOS="1816" HPOS="169" STYLEREFS="StyleId-F402B8AD-8987-4171-A9D5-832A38D3B6AD-">
<String CONTENT="(In" HEIGHT="50" WIDTH="80" VPOS="1818" HPOS="169"/>
<SP HEIGHT="41" WIDTH="32" VPOS="1818" HPOS="250"/>
<String CONTENT="London" HEIGHT="40" WIDTH="183" VPOS="1818" HPOS="283"/>
<SP HEIGHT="40" WIDTH="35" VPOS="1818" HPOS="467"/>
<String CONTENT="Sunday" HEIGHT="50" WIDTH="189" VPOS="1817" HPOS="503"/>
<SP HEIGHT="47" WIDTH="31" VPOS="1820" HPOS="693"/>
<String CONTENT="times)" HEIGHT="51" WIDTH="161" VPOS="1816" HPOS="725"/>
</TextLine>
<TextLine HEIGHT="54" WIDTH="1988" VPOS="1869" HPOS="97" CS="1">
<String CONTENT="&#169;" HEIGHT="53" WIDTH="52" VPOS="1870" HPOS="97"/>
<SP/>
<String CS="1" CONTENT="1c."/>
<SP HEIGHT="42" WIDTH="30" VPOS="1873" HPOS="243"/>
<String CONTENT="Mar." HEIGHT="41" WIDTH="118" VPOS="1873" HPOS="274"/>
<SP HEIGHT="42" WIDTH="29" VPOS="1872" HPOS="393"/>
<String CONTENT="26," HEIGHT="51" WIDTH="64" VPOS="1872" HPOS="423"/>
<SP HEIGHT="49" WIDTH="34" VPOS="1874" HPOS="488"/>
<String CONTENT="1926;" HEIGHT="52" WIDTH="127" VPOS="1871" HPOS="523"/>
<SP HEIGHT="52" WIDTH="32" VPOS="1871" HPOS="651"/>
<!-- cceid FD578F67-6E1A-1014-9B7B-CA07F191E62B --><String CONTENT="A" HEIGHT="42" WIDTH="42" VPOS="1871" HPOS="684"/>
<SP HEIGHT="43" WIDTH="27" VPOS="1871" HPOS="727"/>
<String CONTENT="ad" HEIGHT="42" WIDTH="56" VPOS="1872" HPOS="755"/>
<SP HEIGHT="43" WIDTH="29" VPOS="1871" HPOS="812"/>
<String CONTENT="int." HEIGHT="43" WIDTH="76" VPOS="1871" HPOS="842"/>
<SP HEIGHT="45" WIDTH="30" VPOS="1869" HPOS="919"/>
<String CONTENT="7916;" HEIGHT="53" WIDTH="131" VPOS="1869" HPOS="950"/>
<SP HEIGHT="37" WIDTH="33" VPOS="1885" HPOS="1082"/>
<String CONTENT="pubd." HEIGHT="51" WIDTH="129" VPOS="1871" HPOS="1116"/>
<SP HEIGHT="44" WIDTH="32" VPOS="1869" HPOS="1246"/>
<String CONTENT="Feb." HEIGHT="45" WIDTH="104" VPOS="1869" HPOS="1279"/>
<SP HEIGHT="41" WIDTH="28" VPOS="1872" HPOS="1384"/>
<String CONTENT="21;" HEIGHT="50" WIDTH="78" VPOS="1872" HPOS="1413"/>
<SP HEIGHT="51" WIDTH="35" VPOS="1871" HPOS="1492"/>
<String CONTENT="Bethlehem" HEIGHT="44" WIDTH="261" VPOS="1870" HPOS="1528"/>
<SP HEIGHT="37" WIDTH="29" VPOS="1886" HPOS="1790"/>
<String CONTENT="publishers," HEIGHT="53" WIDTH="265" VPOS="1870" HPOS="1820"/>
</TextLine>
<TextLine HEIGHT="51" WIDTH="410" VPOS="1928" HPOS="167">
<String CONTENT="inc.," HEIGHT="50" WIDTH="95" VPOS="1929" HPOS="167"/>
<SP HEIGHT="51" WIDTH="29" VPOS="1928" HPOS="263"/>
<String CONTENT="New" HEIGHT="43" WIDTH="115" VPOS="1928" HPOS="293"/>
<SP HEIGHT="43" WIDTH="27" VPOS="1928" HPOS="409"/>
<String CONTENT="York." HEIGHT="42" WIDTH="140" VPOS="1928" HPOS="437"/>
</TextLine>
<TextLine HEIGHT="72" WIDTH="1923" VPOS="1996" HPOS="165" STYLEREFS="StyleId-9866D13B-9221-4AB5-816B-0CA20C9A7B85-" CS="1">
<String CS="1" CONTENT="&#8230;"/>
<SP HEIGHT="58" WIDTH="38" VPOS="1998" HPOS="165"/>
<String CONTENT="The" HEIGHT="56" WIDTH="127" VPOS="1998" HPOS="204"/>
<SP HEIGHT="57" WIDTH="31" VPOS="1997" HPOS="332"/>
<String CONTENT="Pacific" HEIGHT="57" WIDTH="227" VPOS="1996" HPOS="364"/>
<SP HEIGHT="40" WIDTH="32" VPOS="2013" HPOS="592"/>
<String CONTENT="reporter," HEIGHT="68" WIDTH="303" VPOS="2000" HPOS="625"/>
<SP HEIGHT="36" WIDTH="69" VPOS="2016" HPOS="929"/>
<String CONTENT="v." HEIGHT="36" WIDTH="56" VPOS="2016" HPOS="999"/>
<SP HEIGHT="53" WIDTH="35" VPOS="1999" HPOS="1056"/>
<String CONTENT="239." HEIGHT="55" WIDTH="124" VPOS="1998" HPOS="1092"/>
<SP HEIGHT="55" WIDTH="73" VPOS="1997" HPOS="1217"/>
<String CONTENT="Permanent" HEIGHT="56" WIDTH="378" VPOS="1997" HPOS="1291"/>
<SP HEIGHT="53" WIDTH="34" VPOS="2000" HPOS="1670"/>
<String CONTENT="ed." HEIGHT="55" WIDTH="90" VPOS="1999" HPOS="1705"/>
<SP HEIGHT="14" WIDTH="41" VPOS="2043" HPOS="1796"/>
<String CS="1" CONTENT="&#8230;"/>
<SP HEIGHT="39" WIDTH="36" VPOS="2018" HPOS="1900"/>
<String CONTENT="with" HEIGHT="57" WIDTH="151" VPOS="1997" HPOS="1937"/>
</TextLine>
<TextLine HEIGHT="74" WIDTH="1914" VPOS="2073" HPOS="173" STYLEREFS="StyleId-9866D13B-9221-4AB5-816B-0CA20C9A7B85-" CS="1">
<String CONTENT="key-number" HEIGHT="71" WIDTH="401" VPOS="2075" HPOS="173"/>
<SP HEIGHT="36" WIDTH="35" VPOS="2094" HPOS="575"/>
<String CONTENT="annotations" HEIGHT="57" WIDTH="399" VPOS="2074" HPOS="611"/>
<SP HEIGHT="37" WIDTH="40" VPOS="2093" HPOS="1011"/>
<String CS="1" CONTENT="&#8230;"/>
<SP HEIGHT="58" WIDTH="79" VPOS="2073" HPOS="1114"/>
<String CONTENT="October" HEIGHT="58" WIDTH="269" VPOS="2073" HPOS="1194"/>
<SP HEIGHT="53" WIDTH="32" VPOS="2077" HPOS="1464"/>
<String CONTENT="19-November" HEIGHT="57" WIDTH="462" VPOS="2074" HPOS="1497"/>
<SP HEIGHT="53" WIDTH="37" VPOS="2078" HPOS="1960"/>
<String CONTENT="23," HEIGHT="71" WIDTH="89" VPOS="2076" HPOS="1998"/>
</TextLine>
<TextLine HEIGHT="73" WIDTH="1472" VPOS="2150" HPOS="176" STYLEREFS="StyleId-9866D13B-9221-4AB5-816B-0CA20C9A7B85-">
<String CONTENT="1925." HEIGHT="54" WIDTH="162" VPOS="2154" HPOS="176"/>
<SP HEIGHT="58" WIDTH="75" VPOS="2151" HPOS="339"/>
<String CONTENT="St." HEIGHT="58" WIDTH="88" VPOS="2151" HPOS="415"/>
<SP HEIGHT="56" WIDTH="33" VPOS="2152" HPOS="504"/>
<String CONTENT="Paul," HEIGHT="71" WIDTH="175" VPOS="2152" HPOS="538"/>
<SP HEIGHT="71" WIDTH="29" VPOS="2152" HPOS="714"/>
<String CONTENT="West" HEIGHT="56" WIDTH="181" VPOS="2152" HPOS="744"/>
<SP HEIGHT="68" WIDTH="25" VPOS="2154" HPOS="926"/>
<String CONTENT="publishing" HEIGHT="73" WIDTH="362" VPOS="2150" HPOS="952"/>
<SP HEIGHT="52" WIDTH="29" VPOS="2171" HPOS="1315"/>
<String CONTENT="co.," HEIGHT="52" WIDTH="105" VPOS="2171" HPOS="1345"/>
<SP HEIGHT="69" WIDTH="33" VPOS="2154" HPOS="1451"/>
<String CONTENT="1926." HEIGHT="55" WIDTH="163" VPOS="2153" HPOS="1485"/>
</TextLine>
<TextLine HEIGHT="55" WIDTH="1521" VPOS="2226" HPOS="232" CS="1">
<String CS="1" CONTENT="xv," HEIGHT="16" WIDTH="8" VPOS="2262" HPOS="232"/>
<SP HEIGHT="48" WIDTH="32" VPOS="2230" HPOS="241"/>
<String CONTENT="1189" HEIGHT="43" WIDTH="104" VPOS="2228" HPOS="274"/>
<SP HEIGHT="51" WIDTH="28" VPOS="2228" HPOS="379"/>
<String CONTENT="p." HEIGHT="37" WIDTH="38" VPOS="2242" HPOS="408"/>
<SP HEIGHT="42" WIDTH="57" VPOS="2228" HPOS="447"/>
<String CONTENT="26" HEIGHT="44" WIDTH="53" VPOS="2226" HPOS="505"/>
<String STYLE="superscript" CONTENT="cm" HEIGHT="17" WIDTH="45" VPOS="2230" HPOS="564"/>
<String CONTENT="." HEIGHT="9" WIDTH="10" VPOS="2262" HPOS="616"/>
<SP HEIGHT="52" WIDTH="66" VPOS="2228" HPOS="627"/>
<String CONTENT="(National" HEIGHT="54" WIDTH="243" VPOS="2226" HPOS="694"/>
<SP HEIGHT="42" WIDTH="30" VPOS="2227" HPOS="938"/>
<String CONTENT="reporter" HEIGHT="43" WIDTH="202" VPOS="2235" HPOS="969"/>
<SP HEIGHT="28" WIDTH="27" VPOS="2241" HPOS="1172"/>
<String CONTENT="system&#8212;State" HEIGHT="52" WIDTH="355" VPOS="2227" HPOS="1200"/>
<SP HEIGHT="28" WIDTH="31" VPOS="2243" HPOS="1556"/>
<String CONTENT="series)" HEIGHT="53" WIDTH="165" VPOS="2228" HPOS="1588"/>
</TextLine>
<TextLine HEIGHT="54" WIDTH="1686" VPOS="2282" HPOS="99">
<String CONTENT="&#169;" HEIGHT="53" WIDTH="52" VPOS="2282" HPOS="99"/>
<SP HEIGHT="53" WIDTH="27" VPOS="2282" HPOS="152"/>
<String CONTENT="Jan." HEIGHT="50" WIDTH="98" VPOS="2285" HPOS="180"/>
<SP HEIGHT="45" WIDTH="30" VPOS="2282" HPOS="279"/>
<String CONTENT="5," HEIGHT="53" WIDTH="36" VPOS="2282" HPOS="310"/>
<SP HEIGHT="49" WIDTH="34" VPOS="2286" HPOS="347"/>
<String CONTENT="1926;" HEIGHT="51" WIDTH="128" VPOS="2284" HPOS="382"/>
<SP HEIGHT="51" WIDTH="27" VPOS="2284" HPOS="511"/>
<String CONTENT="2c." HEIGHT="43" WIDTH="64" VPOS="2284" HPOS="539"/>
<SP HEIGHT="27" WIDTH="29" VPOS="2299" HPOS="604"/>
<String CONTENT="and" HEIGHT="43" WIDTH="87" VPOS="2284" HPOS="634"/>
<SP HEIGHT="43" WIDTH="28" VPOS="2284" HPOS="722"/>
<String CONTENT="aff." HEIGHT="43" WIDTH="76" VPOS="2284" HPOS="751"/>
<SP HEIGHT="41" WIDTH="31" VPOS="2285" HPOS="828"/>
<String CONTENT="Mar." HEIGHT="41" WIDTH="119" VPOS="2285" HPOS="860"/>
<SP HEIGHT="40" WIDTH="36" VPOS="2286" HPOS="980"/>
<String CONTENT="11;" HEIGHT="50" WIDTH="72" VPOS="2285" HPOS="1017"/>
<SP HEIGHT="50" WIDTH="31" VPOS="2285" HPOS="1090"/>
<!-- cceid FD580C16-6E1A-1014-9B7B-CA07F191E62B --><String CONTENT="A" HEIGHT="41" WIDTH="42" VPOS="2285" HPOS="1122"/>
<SP HEIGHT="42" WIDTH="31" VPOS="2285" HPOS="1165"/>
<String CONTENT="883577;" HEIGHT="52" WIDTH="188" VPOS="2282" HPOS="1197"/>
<SP HEIGHT="49" WIDTH="33" VPOS="2285" HPOS="1386"/>
<String CONTENT="West" HEIGHT="43" WIDTH="131" VPOS="2285" HPOS="1420"/>
<SP HEIGHT="45" WIDTH="32" VPOS="2291" HPOS="1552"/>
<String CONTENT="pub." HEIGHT="51" WIDTH="98" VPOS="2285" HPOS="1585"/>
<SP HEIGHT="27" WIDTH="32" VPOS="2300" HPOS="1684"/>
<String CONTENT="co." HEIGHT="28" WIDTH="68" VPOS="2300" HPOS="1717"/>
</TextLine>
<TextLine HEIGHT="72" WIDTH="783" VPOS="2353" HPOS="99" STYLEREFS="StyleId-B9904ED3-7A6E-47CE-888F-9801AE546F4B-">
<String CONTENT="Palache," HEIGHT="72" WIDTH="284" VPOS="2353" HPOS="99"/>
<SP HEIGHT="72" WIDTH="37" VPOS="2353" HPOS="384"/>
<String CONTENT="John" HEIGHT="58" WIDTH="168" VPOS="2353" HPOS="422"/>
<SP HEIGHT="58" WIDTH="37" VPOS="2354" HPOS="591"/>
<String CONTENT="Garber." HEIGHT="59" WIDTH="253" VPOS="2353" HPOS="629"/>
</TextLine>
<TextLine HEIGHT="74" WIDTH="1909" VPOS="2430" HPOS="176" STYLEREFS="StyleId-9866D13B-9221-4AB5-816B-0CA20C9A7B85-" CS="1">
<String CONTENT="Four" HEIGHT="58" WIDTH="171" VPOS="2431" HPOS="176"/>
<SP HEIGHT="37" WIDTH="42" VPOS="2450" HPOS="348"/>
<String CONTENT="novelists" HEIGHT="61" WIDTH="302" VPOS="2430" HPOS="391"/>
<SP HEIGHT="42" WIDTH="45" VPOS="2449" HPOS="694"/>
<String CONTENT="of" HEIGHT="58" WIDTH="67" VPOS="2431" HPOS="740"/>
<SP HEIGHT="57" WIDTH="44" VPOS="2431" HPOS="808"/>
<String CONTENT="the" HEIGHT="58" WIDTH="103" VPOS="2431" HPOS="853"/>
<SP HEIGHT="39" WIDTH="47" VPOS="2450" HPOS="957"/>
<String CONTENT="old" HEIGHT="57" WIDTH="102" VPOS="2431" HPOS="1005"/>
<SP HEIGHT="57" WIDTH="45" VPOS="2431" HPOS="1108"/>
<String CS="1" CONTENT="r&#233;gime:" HEIGHT="73" WIDTH="263" VPOS="2430" HPOS="1154"/>
<SP HEIGHT="60" WIDTH="49" VPOS="2430" HPOS="1418"/>
<String CS="1" CONTENT="Cr&#233;billon," HEIGHT="74" WIDTH="330" VPOS="2430" HPOS="1468"/>
<SP HEIGHT="72" WIDTH="44" VPOS="2432" HPOS="1799"/>
<String LANG="de" CONTENT="Laclos," HEIGHT="70" WIDTH="241" VPOS="2432" HPOS="1844"/>
</TextLine>
<TextLine HEIGHT="74" WIDTH="1984" VPOS="2508" HPOS="99" STYLEREFS="StyleId-9866D13B-9221-4AB5-816B-0CA20C9A7B85-">
<String CONTENT="Diderot," HEIGHT="74" WIDTH="280" VPOS="2508" HPOS="99"/>
<SP HEIGHT="73" WIDTH="31" VPOS="2509" HPOS="380"/>
<String CONTENT="Restif" HEIGHT="57" WIDTH="210" VPOS="2509" HPOS="412"/>
<SP HEIGHT="58" WIDTH="28" VPOS="2509" HPOS="623"/>
<String LANG="de" CONTENT="de" HEIGHT="57" WIDTH="73" VPOS="2510" HPOS="652"/>
<SP HEIGHT="55" WIDTH="30" VPOS="2511" HPOS="726"/>
<String CONTENT="la" HEIGHT="56" WIDTH="63" VPOS="2511" HPOS="757"/>
<SP HEIGHT="59" WIDTH="22" VPOS="2508" HPOS="821"/>
<String CONTENT="Bretonne," HEIGHT="73" WIDTH="335" VPOS="2508" HPOS="844"/>
<SP HEIGHT="70" WIDTH="31" VPOS="2511" HPOS="1180"/>
<String CONTENT="by" HEIGHT="70" WIDTH="83" VPOS="2511" HPOS="1212"/>
<SP HEIGHT="72" WIDTH="27" VPOS="2509" HPOS="1296"/>
<String CONTENT="John" HEIGHT="59" WIDTH="169" VPOS="2509" HPOS="1324"/>
<SP HEIGHT="59" WIDTH="29" VPOS="2508" HPOS="1494"/>
<String CONTENT="Garber" HEIGHT="60" WIDTH="243" VPOS="2508" HPOS="1524"/>
<SP HEIGHT="56" WIDTH="28" VPOS="2511" HPOS="1768"/>
<String CONTENT="Palache." HEIGHT="57" WIDTH="286" VPOS="2510" HPOS="1797"/>
</TextLine>
<TextLine HEIGHT="74" WIDTH="1188" VPOS="2586" HPOS="99" STYLEREFS="StyleId-9866D13B-9221-4AB5-816B-0CA20C9A7B85-">
<String CONTENT="New" HEIGHT="59" WIDTH="151" VPOS="2586" HPOS="99"/>
<SP HEIGHT="58" WIDTH="18" VPOS="2586" HPOS="251"/>
<String CONTENT="York," HEIGHT="71" WIDTH="190" VPOS="2586" HPOS="270"/>
<SP HEIGHT="69" WIDTH="26" VPOS="2588" HPOS="461"/>
<String CONTENT="The" HEIGHT="57" WIDTH="128" VPOS="2587" HPOS="488"/>
<SP HEIGHT="58" WIDTH="20" VPOS="2586" HPOS="617"/>
<String CONTENT="Viking" HEIGHT="73" WIDTH="234" VPOS="2586" HPOS="638"/>
<SP HEIGHT="54" WIDTH="19" VPOS="2605" HPOS="873"/>
<String CONTENT="press," HEIGHT="55" WIDTH="202" VPOS="2605" HPOS="893"/>
<SP HEIGHT="70" WIDTH="26" VPOS="2590" HPOS="1096"/>
<String CONTENT="1926." HEIGHT="56" WIDTH="164" VPOS="2588" HPOS="1123"/>
</TextLine>
<TextLine HEIGHT="55" WIDTH="1087" VPOS="2664" HPOS="167" CS="1">
<String CONTENT="xi" HEIGHT="43" WIDTH="49" VPOS="2667" HPOS="167"/>
<SP HEIGHT="52" WIDTH="23" VPOS="2667" HPOS="217"/>
<String CS="1" CONTENT="p"/>
<String LANG="el" CONTENT=".," HEIGHT="17" WIDTH="21" VPOS="2700" HPOS="272"/>
<SP HEIGHT="50" WIDTH="26" VPOS="2667" HPOS="294"/>
<String CONTENT="1" HEIGHT="42" WIDTH="17" VPOS="2667" HPOS="321"/>
<SP HEIGHT="44" WIDTH="24" VPOS="2665" HPOS="339"/>
<String CS="1" CONTENT="l.," HEIGHT="17" WIDTH="20" VPOS="2700" HPOS="385"/>
<SP HEIGHT="49" WIDTH="22" VPOS="2668" HPOS="406"/>
<String CONTENT="271" HEIGHT="45" WIDTH="78" VPOS="2664" HPOS="429"/>
<SP HEIGHT="51" WIDTH="24" VPOS="2667" HPOS="508"/>
<String CONTENT="p." HEIGHT="38" WIDTH="38" VPOS="2680" HPOS="533"/>
<SP HEIGHT="44" WIDTH="60" VPOS="2664" HPOS="572"/>
<String CONTENT="front.," HEIGHT="52" WIDTH="152" VPOS="2664" HPOS="633"/>
<SP/>
<String CS="1" CONTENT="pl.," HEIGHT="16" WIDTH="8" VPOS="2701" HPOS="873"/>
<SP HEIGHT="38" WIDTH="22" VPOS="2679" HPOS="882"/>
<String CONTENT="ports." HEIGHT="44" WIDTH="139" VPOS="2673" HPOS="905"/>
<SP HEIGHT="43" WIDTH="58" VPOS="2665" HPOS="1045"/>
<String CS="1" CONTENT="23&#189;" HEIGHT="44" WIDTH="53" VPOS="2665" HPOS="1104"/>
<String STYLE="superscript" CONTENT="cm" HEIGHT="17" WIDTH="46" VPOS="2668" HPOS="1193"/>
<String CONTENT="." HEIGHT="9" WIDTH="7" VPOS="2700" HPOS="1247"/>
</TextLine>
<TextLine HEIGHT="54" WIDTH="651" VPOS="2721" HPOS="170">
<String CONTENT="Bibliography:" HEIGHT="53" WIDTH="351" VPOS="2722" HPOS="170"/>
<SP HEIGHT="37" WIDTH="26" VPOS="2737" HPOS="522"/>
<String CONTENT="p." HEIGHT="37" WIDTH="40" VPOS="2737" HPOS="549"/>
<SP HEIGHT="44" WIDTH="25" VPOS="2724" HPOS="590"/>
<String CONTENT="269-271." HEIGHT="45" WIDTH="205" VPOS="2721" HPOS="616"/>
</TextLine>
<TextLine HEIGHT="55" WIDTH="1933" VPOS="2776" HPOS="101">
<String CONTENT="&#169;" HEIGHT="53" WIDTH="52" VPOS="2776" HPOS="101"/>
<SP HEIGHT="53" WIDTH="28" VPOS="2776" HPOS="154"/>
<String CONTENT="Mar." HEIGHT="41" WIDTH="116" VPOS="2779" HPOS="183"/>
<SP HEIGHT="41" WIDTH="31" VPOS="2779" HPOS="300"/>
<String CONTENT="10," HEIGHT="50" WIDTH="62" VPOS="2778" HPOS="332"/>
<SP HEIGHT="49" WIDTH="28" VPOS="2779" HPOS="395"/>
<String CONTENT="1926;" HEIGHT="51" WIDTH="127" VPOS="2776" HPOS="424"/>
<SP HEIGHT="50" WIDTH="28" VPOS="2777" HPOS="552"/>
<String CONTENT="2c." HEIGHT="43" WIDTH="62" VPOS="2777" HPOS="581"/>
<SP HEIGHT="42" WIDTH="30" VPOS="2778" HPOS="644"/>
<String CONTENT="Mar." HEIGHT="42" WIDTH="117" VPOS="2778" HPOS="675"/>
<SP HEIGHT="42" WIDTH="26" VPOS="2778" HPOS="793"/>
<String CONTENT="27;" HEIGHT="52" WIDTH="77" VPOS="2777" HPOS="820"/>
<SP HEIGHT="37" WIDTH="27" VPOS="2792" HPOS="898"/>
<String CONTENT="aff." HEIGHT="42" WIDTH="78" VPOS="2778" HPOS="926"/>
<SP HEIGHT="42" WIDTH="28" VPOS="2778" HPOS="1005"/>
<String CONTENT="Mar." HEIGHT="41" WIDTH="118" VPOS="2778" HPOS="1034"/>
<SP HEIGHT="42" WIDTH="27" VPOS="2777" HPOS="1153"/>
<String CONTENT="26;" HEIGHT="51" WIDTH="77" VPOS="2777" HPOS="1181"/>
<SP HEIGHT="50" WIDTH="29" VPOS="2778" HPOS="1259"/>
<!-- cceid FD5889F8-6E1A-1014-9B7B-CA07F191E62B --><String CONTENT="A" HEIGHT="41" WIDTH="42" VPOS="2778" HPOS="1289"/>
<SP HEIGHT="42" WIDTH="26" VPOS="2778" HPOS="1332"/>
<String CONTENT="890048;" HEIGHT="52" WIDTH="189" VPOS="2777" HPOS="1359"/>
<SP HEIGHT="50" WIDTH="30" VPOS="2779" HPOS="1549"/>
<String CONTENT="Viking" HEIGHT="53" WIDTH="171" VPOS="2777" HPOS="1580"/>
<SP HEIGHT="38" WIDTH="29" VPOS="2793" HPOS="1752"/>
<String CONTENT="press," HEIGHT="39" WIDTH="137" VPOS="2792" HPOS="1782"/>
<SP HEIGHT="51" WIDTH="31" VPOS="2778" HPOS="1920"/>
<String CONTENT="inc." HEIGHT="43" WIDTH="82" VPOS="2778" HPOS="1952"/>
</TextLine>
<TextLine HEIGHT="53" WIDTH="241" VPOS="2834" HPOS="180">
<String CONTENT="(26-7473)" HEIGHT="53" WIDTH="241" VPOS="2834" HPOS="180"/>
</TextLine>
<TextLine HEIGHT="72" WIDTH="1323" VPOS="2903" HPOS="102" STYLEREFS="StyleId-B9904ED3-7A6E-47CE-888F-9801AE546F4B-">
<String CONTENT="Paton," HEIGHT="70" WIDTH="217" VPOS="2904" HPOS="102"/>
<SP HEIGHT="71" WIDTH="41" VPOS="2903" HPOS="320"/>
<String CONTENT="Thomas" HEIGHT="57" WIDTH="267" VPOS="2903" HPOS="362"/>
<SP HEIGHT="55" WIDTH="38" VPOS="2904" HPOS="630"/>
<String CONTENT="Bugard," HEIGHT="72" WIDTH="275" VPOS="2903" HPOS="669"/>
<SP HEIGHT="68" WIDTH="42" VPOS="2907" HPOS="945"/>
<String CONTENT="1890-" HEIGHT="56" WIDTH="188" VPOS="2905" HPOS="988"/>
<SP HEIGHT="38" WIDTH="157" VPOS="2923" HPOS="1177"/>
<String CONTENT="ed." HEIGHT="58" WIDTH="90" VPOS="2905" HPOS="1335"/>
</TextLine>
<TextLine HEIGHT="72" WIDTH="1908" VPOS="2981" HPOS="178" STYLEREFS="StyleId-9866D13B-9221-4AB5-816B-0CA20C9A7B85-">
<String CONTENT="Paton" HEIGHT="57" WIDTH="203" VPOS="2982" HPOS="178"/>
<String LANG="de" CONTENT="&#8217;s" HEIGHT="53" WIDTH="45" VPOS="2985" HPOS="397"/>
<SP HEIGHT="57" WIDTH="26" VPOS="2982" HPOS="443"/>
<String CONTENT="digest;" HEIGHT="71" WIDTH="234" VPOS="2982" HPOS="470"/>
<SP HEIGHT="50" WIDTH="27" VPOS="3002" HPOS="705"/>
<String CONTENT="a" HEIGHT="37" WIDTH="35" VPOS="3002" HPOS="733"/>
<SP HEIGHT="57" WIDTH="24" VPOS="2982" HPOS="769"/>
<String CONTENT="digest" HEIGHT="71" WIDTH="204" VPOS="2982" HPOS="794"/>
<SP HEIGHT="55" WIDTH="25" VPOS="2984" HPOS="999"/>
<String CONTENT="of" HEIGHT="58" WIDTH="67" VPOS="2981" HPOS="1025"/>
<SP HEIGHT="57" WIDTH="24" VPOS="2981" HPOS="1093"/>
<String CONTENT="legal" HEIGHT="71" WIDTH="165" VPOS="2982" HPOS="1118"/>
<SP HEIGHT="57" WIDTH="24" VPOS="2982" HPOS="1284"/>
<String CONTENT="opinions" HEIGHT="72" WIDTH="288" VPOS="2981" HPOS="1309"/>
<SP HEIGHT="37" WIDTH="26" VPOS="3003" HPOS="1598"/>
<String CONTENT="of" HEIGHT="58" WIDTH="67" VPOS="2982" HPOS="1625"/>
<SP HEIGHT="57" WIDTH="25" VPOS="2982" HPOS="1693"/>
<String CONTENT="Thomas" HEIGHT="58" WIDTH="271" VPOS="2982" HPOS="1719"/>
<SP HEIGHT="56" WIDTH="24" VPOS="2982" HPOS="1991"/>
<String CONTENT="B." HEIGHT="56" WIDTH="70" VPOS="2982" HPOS="2016"/>
</TextLine>
<TextLine HEIGHT="150" WIDTH="1963" VPOS="3059" HPOS="103" STYLEREFS="StyleId-9866D13B-9221-4AB5-816B-0CA20C9A7B85-" CS="1">
<String CONTENT="Paton," HEIGHT="71" WIDTH="223" VPOS="3059" HPOS="103"/>
<SP HEIGHT="52" WIDTH="30" VPOS="3079" HPOS="327"/>
<String CONTENT="general" HEIGHT="71" WIDTH="252" VPOS="3060" HPOS="358"/>
<SP HEIGHT="56" WIDTH="31" VPOS="3060" HPOS="611"/>
<String CONTENT="counsel" HEIGHT="57" WIDTH="247" VPOS="3060" HPOS="643"/>
<SP HEIGHT="57" WIDTH="31" VPOS="3060" HPOS="891"/>
<String CONTENT="of" HEIGHT="57" WIDTH="67" VPOS="3060" HPOS="923"/>
<SP HEIGHT="57" WIDTH="27" VPOS="3060" HPOS="991"/>
<String CONTENT="the" HEIGHT="57" WIDTH="104" VPOS="3060" HPOS="1019"/>
<SP HEIGHT="58" WIDTH="28" VPOS="3059" HPOS="1124"/>
<String CONTENT="American" HEIGHT="58" WIDTH="335" VPOS="3059" HPOS="1153"/>
<SP HEIGHT="58" WIDTH="30" VPOS="3060" HPOS="1489"/>
<String CONTENT="bankers" HEIGHT="59" WIDTH="268" VPOS="3060" HPOS="1520"/>
<SP HEIGHT="38" WIDTH="32" VPOS="3081" HPOS="1789"/>
<String CONTENT="association," HEIGHT="149" WIDTH="1963" VPOS="3060" HPOS="103"/>
<SP HEIGHT="52" WIDTH="39" VPOS="3157" HPOS="254"/>
<String CONTENT="with" HEIGHT="57" WIDTH="149" VPOS="3136" HPOS="294"/>
</TextLine>
<TextLine HEIGHT="72" WIDTH="1610" VPOS="3137" HPOS="480" STYLEREFS="StyleId-9866D13B-9221-4AB5-816B-0CA20C9A7B85-">
<String CONTENT="full" HEIGHT="56" WIDTH="119" VPOS="3137" HPOS="480"/>
<SP HEIGHT="55" WIDTH="36" VPOS="3138" HPOS="600"/>
<String CONTENT="text" HEIGHT="54" WIDTH="132" VPOS="3140" HPOS="637"/>
<SP HEIGHT="54" WIDTH="38" VPOS="3140" HPOS="770"/>
<String CONTENT="and" HEIGHT="55" WIDTH="123" VPOS="3139" HPOS="809"/>
<SP HEIGHT="55" WIDTH="37" VPOS="3139" HPOS="933"/>
<String CONTENT="all" HEIGHT="56" WIDTH="82" VPOS="3138" HPOS="971"/>
<SP HEIGHT="56" WIDTH="37" VPOS="3137" HPOS="1054"/>
<String CONTENT="important" HEIGHT="72" WIDTH="346" VPOS="3137" HPOS="1092"/>
<SP HEIGHT="57" WIDTH="37" VPOS="3138" HPOS="1439"/>
<String CONTENT="federal" HEIGHT="58" WIDTH="245" VPOS="3138" HPOS="1477"/>
<SP HEIGHT="57" WIDTH="38" VPOS="3139" HPOS="1723"/>
<String CONTENT="and" HEIGHT="57" WIDTH="123" VPOS="3139" HPOS="1762"/>
<SP HEIGHT="57" WIDTH="40" VPOS="3139" HPOS="1886"/>
<String CONTENT="state" HEIGHT="59" WIDTH="163" VPOS="3137" HPOS="1927"/>
</TextLine>
<TextLine HEIGHT="151" WIDTH="1960" VPOS="3214" HPOS="105" STYLEREFS="StyleId-9866D13B-9221-4AB5-816B-0CA20C9A7B85-" CS="1">
<String CONTENT="statutes" HEIGHT="54" WIDTH="268" VPOS="3218" HPOS="105"/>
<SP HEIGHT="37" WIDTH="28" VPOS="3235" HPOS="374"/>
<String CONTENT="and" HEIGHT="57" WIDTH="123" VPOS="3216" HPOS="403"/>
<SP HEIGHT="57" WIDTH="25" VPOS="3216" HPOS="527"/>
<String CONTENT="decisions" HEIGHT="58" WIDTH="307" VPOS="3215" HPOS="553"/>
<SP HEIGHT="37" WIDTH="30" VPOS="3235" HPOS="861"/>
<String CONTENT="affecting" HEIGHT="73" WIDTH="301" VPOS="3214" HPOS="892"/>
<SP HEIGHT="68" WIDTH="27" VPOS="3219" HPOS="1194"/>
<String CONTENT="the" HEIGHT="58" WIDTH="102" VPOS="3215" HPOS="1222"/>
<SP HEIGHT="56" WIDTH="26" VPOS="3217" HPOS="1325"/>
<String CONTENT="banking" HEIGHT="73" WIDTH="276" VPOS="3215" HPOS="1352"/>
<SP HEIGHT="70" WIDTH="23" VPOS="3218" HPOS="1629"/>
<String CONTENT="business;" HEIGHT="71" WIDTH="319" VPOS="3215" HPOS="1653"/>
<SP HEIGHT="70" WIDTH="27" VPOS="3216" HPOS="1973"/>
<String CONTENT="including" HEIGHT="149" WIDTH="1960" VPOS="3216" HPOS="105"/>
</TextLine>
<TextLine HEIGHT="75" WIDTH="1693" VPOS="3291" HPOS="397" STYLEREFS="StyleId-9866D13B-9221-4AB5-816B-0CA20C9A7B85-">
<String CONTENT="forms," HEIGHT="72" WIDTH="218" VPOS="3293" HPOS="397"/>
<SP HEIGHT="70" WIDTH="46" VPOS="3295" HPOS="616"/>
<String CONTENT="definitions" HEIGHT="59" WIDTH="354" VPOS="3291" HPOS="663"/>
<SP HEIGHT="38" WIDTH="48" VPOS="3313" HPOS="1018"/>
<String CONTENT="of" HEIGHT="58" WIDTH="67" VPOS="3293" HPOS="1067"/>
<SP HEIGHT="58" WIDTH="40" VPOS="3293" HPOS="1135"/>
<String CONTENT="banking" HEIGHT="73" WIDTH="276" VPOS="3293" HPOS="1176"/>
<SP HEIGHT="53" WIDTH="44" VPOS="3313" HPOS="1453"/>
<String CONTENT="and" HEIGHT="58" WIDTH="123" VPOS="3294" HPOS="1498"/>
<SP HEIGHT="57" WIDTH="43" VPOS="3294" HPOS="1622"/>
<String CONTENT="legal" HEIGHT="73" WIDTH="166" VPOS="3293" HPOS="1666"/>
<SP HEIGHT="58" WIDTH="42" VPOS="3293" HPOS="1833"/>
<String CONTENT="terms," HEIGHT="67" WIDTH="214" VPOS="3296" HPOS="1876"/>
</TextLine>
<TextLine HEIGHT="73" WIDTH="1983" VPOS="3371" HPOS="104" STYLEREFS="StyleId-9866D13B-9221-4AB5-816B-0CA20C9A7B85-">
<String CONTENT="table" HEIGHT="57" WIDTH="164" VPOS="3371" HPOS="104"/>
<SP HEIGHT="37" WIDTH="30" VPOS="3391" HPOS="269"/>
<String CONTENT="of" HEIGHT="57" WIDTH="68" VPOS="3371" HPOS="300"/>
<SP HEIGHT="56" WIDTH="25" VPOS="3371" HPOS="369"/>
<String CONTENT="cases," HEIGHT="53" WIDTH="190" VPOS="3390" HPOS="395"/>
<SP HEIGHT="52" WIDTH="29" VPOS="3391" HPOS="586"/>
<String CONTENT="annotations," HEIGHT="73" WIDTH="420" VPOS="3371" HPOS="616"/>
<SP HEIGHT="54" WIDTH="24" VPOS="3390" HPOS="1037"/>
<String CONTENT="maps," HEIGHT="53" WIDTH="199" VPOS="3390" HPOS="1062"/>
<SP HEIGHT="71" WIDTH="27" VPOS="3372" HPOS="1262"/>
<String CONTENT="bibliography" HEIGHT="73" WIDTH="441" VPOS="3371" HPOS="1290"/>
<SP HEIGHT="53" WIDTH="26" VPOS="3391" HPOS="1732"/>
<String CONTENT="and" HEIGHT="55" WIDTH="122" VPOS="3374" HPOS="1759"/>
<SP HEIGHT="55" WIDTH="27" VPOS="3374" HPOS="1882"/>
<String CONTENT="a" HEIGHT="37" WIDTH="35" VPOS="3392" HPOS="1910"/>
<SP HEIGHT="57" WIDTH="27" VPOS="3372" HPOS="1946"/>
<String CONTENT="full" HEIGHT="56" WIDTH="113" VPOS="3372" HPOS="1974"/>
</TextLine>
<TextLine HEIGHT="72" WIDTH="1983" VPOS="3448" HPOS="105" STYLEREFS="StyleId-9866D13B-9221-4AB5-816B-0CA20C9A7B85-" CS="1">
<String CONTENT="index" HEIGHT="56" WIDTH="184" VPOS="3450" HPOS="105"/>
<SP HEIGHT="37" WIDTH="36" VPOS="3468" HPOS="290"/>
<String CS="1" CONTENT="&#8230;"/>
<SP HEIGHT="57" WIDTH="76" VPOS="3448" HPOS="390"/>
<String CONTENT="Edited" HEIGHT="58" WIDTH="231" VPOS="3448" HPOS="467"/>
<SP HEIGHT="55" WIDTH="33" VPOS="3451" HPOS="699"/>
<String CONTENT="and" HEIGHT="57" WIDTH="122" VPOS="3449" HPOS="733"/>
<SP HEIGHT="57" WIDTH="31" VPOS="3449" HPOS="856"/>
<String CONTENT="compiled" HEIGHT="71" WIDTH="305" VPOS="3449" HPOS="888"/>
<SP HEIGHT="58" WIDTH="29" VPOS="3449" HPOS="1194"/>
<String CONTENT="by" HEIGHT="69" WIDTH="83" VPOS="3451" HPOS="1224"/>
<SP HEIGHT="70" WIDTH="33" VPOS="3450" HPOS="1308"/>
<String CONTENT="Thomas" HEIGHT="57" WIDTH="270" VPOS="3450" HPOS="1342"/>
<SP HEIGHT="58" WIDTH="32" VPOS="3449" HPOS="1613"/>
<String CONTENT="B." HEIGHT="58" WIDTH="71" VPOS="3449" HPOS="1646"/>
<SP HEIGHT="57" WIDTH="33" VPOS="3450" HPOS="1718"/>
<String CS="1" CONTENT="Paton,;jr." HEIGHT="71" WIDTH="336" VPOS="3449" HPOS="1752"/>
</TextLine>
<TextLine HEIGHT="73" WIDTH="644" VPOS="3525" HPOS="172" STYLEREFS="StyleId-9866D13B-9221-4AB5-816B-0CA20C9A7B85-" CS="1">
<String CS="1" CONTENT="&#8230;"/>
<SP HEIGHT="58" WIDTH="84" VPOS="3525" HPOS="172"/>
<String CONTENT="New" HEIGHT="58" WIDTH="151" VPOS="3525" HPOS="257"/>
<SP HEIGHT="57" WIDTH="23" VPOS="3525" HPOS="409"/>
<String CONTENT="York," HEIGHT="73" WIDTH="188" VPOS="3525" HPOS="433"/>
<SP HEIGHT="69" WIDTH="28" VPOS="3529" HPOS="622"/>
<String CONTENT="1926." HEIGHT="56" WIDTH="165" VPOS="3527" HPOS="651"/>
</TextLine>
<TextLine HEIGHT="43" WIDTH="297" VPOS="3606" HPOS="176" STYLEREFS="StyleId-B90BB830-F89A-4E1C-ADE0-B16679CBAA96-" CS="1">
<String LANG="en-US" CONTENT="2" HEIGHT="42" WIDTH="24" VPOS="3607" HPOS="176"/>
<SP HEIGHT="42" WIDTH="22" VPOS="3607" HPOS="201"/>
<String LANG="la" CONTENT="v." HEIGHT="29" WIDTH="41" VPOS="3620" HPOS="224"/>
<SP HEIGHT="42" WIDTH="56" VPOS="3607" HPOS="266"/>
<String LANG="en-US" CS="1" CONTENT="26&#189;" HEIGHT="43" WIDTH="53" VPOS="3606" HPOS="323"/>
<String STYLE="superscript" LANG="en-US" CONTENT="cm" HEIGHT="18" WIDTH="47" VPOS="3607" HPOS="412"/>
<String LANG="en-US" CONTENT="." HEIGHT="9" WIDTH="9" VPOS="3639" HPOS="464"/>
</TextLine>
<TextLine HEIGHT="54" WIDTH="505" VPOS="3660" HPOS="178">
<String CONTENT="Paged" HEIGHT="51" WIDTH="153" VPOS="3663" HPOS="178"/>
<SP HEIGHT="42" WIDTH="24" VPOS="3663" HPOS="332"/>
<String CONTENT="continuously." HEIGHT="54" WIDTH="326" VPOS="3660" HPOS="357"/>
</TextLine>
<TextLine HEIGHT="54" WIDTH="909" VPOS="3716" HPOS="178">
<String CONTENT="&#8220;New" HEIGHT="44" WIDTH="144" VPOS="3718" HPOS="178"/>
<SP HEIGHT="28" WIDTH="22" VPOS="3734" HPOS="323"/>
<String CONTENT="and" HEIGHT="42" WIDTH="87" VPOS="3719" HPOS="346"/>
<SP HEIGHT="42" WIDTH="24" VPOS="3719" HPOS="434"/>
<String CONTENT="enlarged" HEIGHT="52" WIDTH="211" VPOS="3718" HPOS="459"/>
<SP HEIGHT="43" WIDTH="22" VPOS="3718" HPOS="671"/>
<String CONTENT="edition.&#8221;&#8212;Pref." HEIGHT="47" WIDTH="393" VPOS="3716" HPOS="694"/>
</TextLine>
<TextLine HEIGHT="53" WIDTH="1164" VPOS="3774" HPOS="180">
<String CONTENT="Kept" HEIGHT="52" WIDTH="119" VPOS="3775" HPOS="180"/>
<SP HEIGHT="35" WIDTH="23" VPOS="3783" HPOS="300"/>
<String CONTENT="up" HEIGHT="37" WIDTH="57" VPOS="3789" HPOS="324"/>
<SP HEIGHT="43" WIDTH="23" VPOS="3783" HPOS="382"/>
<String CONTENT="to" HEIGHT="35" WIDTH="45" VPOS="3783" HPOS="406"/>
<SP HEIGHT="43" WIDTH="24" VPOS="3775" HPOS="452"/>
<String CONTENT="date" HEIGHT="42" WIDTH="99" VPOS="3775" HPOS="477"/>
<SP HEIGHT="29" WIDTH="23" VPOS="3788" HPOS="577"/>
<String CONTENT="with" HEIGHT="43" WIDTH="109" VPOS="3774" HPOS="601"/>
<SP HEIGHT="43" WIDTH="24" VPOS="3774" HPOS="711"/>
<String CONTENT="cumulative" HEIGHT="44" WIDTH="267" VPOS="3774" HPOS="736"/>
<SP HEIGHT="28" WIDTH="25" VPOS="3790" HPOS="1004"/>
<String CONTENT="supplements." HEIGHT="52" WIDTH="314" VPOS="3775" HPOS="1030"/>
</TextLine>
<TextLine HEIGHT="56" WIDTH="1987" VPOS="3827" HPOS="108">
<String CONTENT="&#169;" HEIGHT="54" WIDTH="53" VPOS="3827" HPOS="108"/>
<SP HEIGHT="54" WIDTH="30" VPOS="3827" HPOS="162"/>
<String CONTENT="Mar." HEIGHT="41" WIDTH="119" VPOS="3831" HPOS="193"/>
<SP HEIGHT="40" WIDTH="33" VPOS="3832" HPOS="313"/>
<String CONTENT="15," HEIGHT="53" WIDTH="62" VPOS="3828" HPOS="347"/>
<SP HEIGHT="49" WIDTH="34" VPOS="3832" HPOS="410"/>
<String CONTENT="1926;" HEIGHT="50" WIDTH="126" VPOS="3830" HPOS="445"/>
<SP HEIGHT="50" WIDTH="29" VPOS="3830" HPOS="572"/>
<String CONTENT="2c." HEIGHT="42" WIDTH="64" VPOS="3830" HPOS="602"/>
<SP HEIGHT="28" WIDTH="30" VPOS="3844" HPOS="667"/>
<String CONTENT="each" HEIGHT="42" WIDTH="107" VPOS="3830" HPOS="698"/>
<SP HEIGHT="42" WIDTH="27" VPOS="3830" HPOS="806"/>
<String CONTENT="and" HEIGHT="42" WIDTH="86" VPOS="3831" HPOS="834"/>
<SP HEIGHT="42" WIDTH="30" VPOS="3831" HPOS="921"/>
<String CONTENT="affs." HEIGHT="42" WIDTH="102" VPOS="3831" HPOS="952"/>
<SP HEIGHT="42" WIDTH="22" VPOS="3831" HPOS="1055"/>
<String CONTENT="Mar." HEIGHT="42" WIDTH="127" VPOS="3831" HPOS="1078"/>
<SP HEIGHT="41" WIDTH="26" VPOS="3832" HPOS="1206"/>
<String CONTENT="27;" HEIGHT="52" WIDTH="78" VPOS="3831" HPOS="1233"/>
<SP HEIGHT="51" WIDTH="32" VPOS="3832" HPOS="1312"/>
<!-- cceid FD590E0A-6E1A-1014-9B7B-CA07F191E62B --><String CONTENT="A" HEIGHT="41" WIDTH="42" VPOS="3832" HPOS="1345"/>
<SP HEIGHT="42" WIDTH="33" VPOS="3831" HPOS="1388"/>
<String CONTENT="890059," HEIGHT="53" WIDTH="175" VPOS="3828" HPOS="1422"/>
<SP HEIGHT="50" WIDTH="31" VPOS="3831" HPOS="1598"/>
<String CONTENT="890060;" HEIGHT="51" WIDTH="186" VPOS="3831" HPOS="1630"/>
<SP HEIGHT="50" WIDTH="33" VPOS="3832" HPOS="1817"/>
<String CONTENT="American" HEIGHT="44" WIDTH="244" VPOS="3829" HPOS="1851"/>
</TextLine>
<TextLine HEIGHT="56" WIDTH="982" VPOS="3884" HPOS="177">
<String CONTENT="bankers" HEIGHT="43" WIDTH="191" VPOS="3886" HPOS="177"/>
<SP HEIGHT="28" WIDTH="30" VPOS="3901" HPOS="369"/>
<String CONTENT="assn.," HEIGHT="35" WIDTH="129" VPOS="3901" HPOS="400"/>
<SP HEIGHT="50" WIDTH="30" VPOS="3886" HPOS="530"/>
<String CONTENT="New" HEIGHT="43" WIDTH="116" VPOS="3886" HPOS="561"/>
<SP HEIGHT="43" WIDTH="29" VPOS="3886" HPOS="678"/>
<String CONTENT="York." HEIGHT="43" WIDTH="140" VPOS="3885" HPOS="708"/>
<SP HEIGHT="52" WIDTH="68" VPOS="3887" HPOS="849"/>
<String CONTENT="(26-7416)" HEIGHT="56" WIDTH="241" VPOS="3884" HPOS="918"/>
</TextLine>
</TextBlock>
</PrintSpace>
</Page>
</Layout>
</alto>