<alto xmlns="http://www.loc.gov/standards/alto/ns-v3#" xmlns:xlink="http://www.w3.org/1999/xlink" xmlns:xsi="http://www.w3.org/2001/XMLSchema-instance" xsi:schemaLocation="http://www.loc.gov/standards/alto/ns-v3# http://www.loc.gov/alto/v3/alto-3-0.xsd"><Description>
<MeasurementUnit>pixel</MeasurementUnit>
<sourceImageInformation>
<fileName>1926_v23_Part001.pdf</fileName>
</sourceImageInformation>
<OCRProcessing ID="IdOcr">
<ocrProcessingStep>
<processingDateTime>2019-04-10</processingDateTime>
<processingSoftware>
<softwareCreator>ABBYY</softwareCreator>
<softwareName>ABBYY Recognition Server</softwareName>
<softwareVersion>4.0</softwareVersion>
</processingSoftware>
</ocrProcessingStep>
</OCRProcessing>
</Description>
<Styles>
<ParagraphStyle ID="StyleId-FFFFFFFF-FFFF-FFFF-FFFF-FFFFFFFFFFFF-" ALIGN="Left" LEFT="0." RIGHT="0." FIRSTLINE="0."/>
<ParagraphStyle ID="StyleId-22C3EA86-D171-42E2-A7D2-9A866F7D91F9-" ALIGN="Left" LEFT="0." RIGHT="0." FIRSTLINE="0." LINESPACE="8.300000191"/>
<ParagraphStyle ID="StyleId-E3FA4CC6-F5E5-41CA-B4C4-90085BF71B6C-" ALIGN="Block" LEFT="0." RIGHT="0." FIRSTLINE="-14." LINESPACE="8.050000191"/>
<ParagraphStyle ID="StyleId-41118DB3-028A-4115-95B3-BB512DD0EDAE-" ALIGN="Left" LEFT="0." RIGHT="0." FIRSTLINE="-13." LINESPACE="13.30000019"/>
<ParagraphStyle ID="StyleId-A2FB4C2B-BF87-45AD-9689-33B0118FBFC1-" ALIGN="Block" LEFT="0." RIGHT="0." FIRSTLINE="-14." LINESPACE="11.06999969"/>
<ParagraphStyle ID="StyleId-BBBA7B5D-FE2B-4BC7-AC7D-F142900C21B8-" ALIGN="Block" LEFT="0." RIGHT="0." FIRSTLINE="0." LINESPACE="8.899999619"/>
<ParagraphStyle ID="StyleId-3CEA3EEE-4341-4E33-9EF0-A9438AB90A9B-" ALIGN="Center" LEFT="0." RIGHT="0." FIRSTLINE="0." LINESPACE="12.19999981"/>
<ParagraphStyle ID="StyleId-817955BE-3120-4B53-BBD3-920BAE733BFF-" ALIGN="Left" LEFT="0." RIGHT="0." FIRSTLINE="0." LINESPACE="12.19999981"/>
<ParagraphStyle ID="StyleId-456A266C-F799-486A-ACB1-75B61E9815AB-" ALIGN="Left" LEFT="0." RIGHT="0." FIRSTLINE="-13." LINESPACE="8.18999958"/>
<ParagraphStyle ID="StyleId-6A1E9ED6-E5EA-4E31-BD5A-88089B8D7134-" ALIGN="Right" LEFT="0." RIGHT="0." FIRSTLINE="0." LINESPACE="7.699999809"/>
<ParagraphStyle ID="StyleId-C11ABF73-04BC-4F6E-B7E4-01FCA3A26756-" ALIGN="Left" LEFT="0." RIGHT="0." FIRSTLINE="-13." LINESPACE="12.19999981"/>
<ParagraphStyle ID="StyleId-662CF6CF-DB5F-40BE-AD24-E877ED82DD6F-" ALIGN="Block" LEFT="0." RIGHT="0." FIRSTLINE="-14." LINESPACE="11.06999969"/>
<ParagraphStyle ID="StyleId-9361006B-74B5-41BD-BFD3-03318AD64910-" ALIGN="Left" LEFT="0." RIGHT="0." FIRSTLINE="0." LINESPACE="8.899999619"/>
</Styles>
<Layout>
<Page ID="Page542" PHYSICAL_IMG_NR="542" HEIGHT="4285" WIDTH="2542">
<TopMargin HEIGHT="372" WIDTH="2542" VPOS="0" HPOS="0">
</TopMargin>
<LeftMargin HEIGHT="3604" WIDTH="352" VPOS="372" HPOS="0">
</LeftMargin>
<RightMargin HEIGHT="3604" WIDTH="85" VPOS="372" HPOS="2457">
</RightMargin>
<BottomMargin HEIGHT="309" WIDTH="2542" VPOS="3976" HPOS="0">
<TextBlock ID="Page542_Block1" HEIGHT="205" WIDTH="440" VPOS="3998" HPOS="1284" LANG="en-US" STYLEREFS="StyleId-B63D1009-B9F9-4A91-9749-1FB4D01D72EA-">
<TextLine HEIGHT="55" WIDTH="111" VPOS="4013" HPOS="1355">
<String CONTENT="542" HEIGHT="55" WIDTH="111" VPOS="4013" HPOS="1355"/>
</TextLine>
</TextBlock>
</BottomMargin>
<PrintSpace HEIGHT="3604" WIDTH="2105" VPOS="372" HPOS="352">
<TextBlock ID="Page542_Block2" HEIGHT="3604" WIDTH="2105" VPOS="372" HPOS="352" LANG="en-US" CS="1" STYLEREFS="StyleId-5FF41C00-5F79-49D4-8DF2-6785CFCCCAC0-">
<TextLine HEIGHT="70" WIDTH="615" VPOS="383" HPOS="426" STYLEREFS="StyleId-EF22BBF9-7E35-413A-B131-EBD2D1836A5F-">
<String CONTENT="MacClure," HEIGHT="70" WIDTH="345" VPOS="383" HPOS="426"/>
<SP HEIGHT="69" WIDTH="36" VPOS="384" HPOS="772"/>
<String CONTENT="Victor." HEIGHT="58" WIDTH="232" VPOS="383" HPOS="809"/>
</TextLine>
<TextLine HEIGHT="136" WIDTH="1952" VPOS="472" HPOS="431" STYLEREFS="StyleId-04BF2697-88E0-4982-8892-22B47F017927-" CS="1">
<String CONTENT="Esau," HEIGHT="72" WIDTH="188" VPOS="473" HPOS="504"/>
<SP HEIGHT="72" WIDTH="44" VPOS="473" HPOS="693"/>
<String CONTENT="his" HEIGHT="56" WIDTH="98" VPOS="473" HPOS="738"/>
<SP HEIGHT="37" WIDTH="47" VPOS="492" HPOS="837"/>
<String CONTENT="caliph-like" HEIGHT="72" WIDTH="352" VPOS="472" HPOS="885"/>
<SP HEIGHT="52" WIDTH="44" VPOS="492" HPOS="1238"/>
<String CONTENT="peregrinations," HEIGHT="74" WIDTH="521" VPOS="473" HPOS="1283"/>
<SP HEIGHT="70" WIDTH="45" VPOS="477" HPOS="1805"/>
<String CONTENT="by" HEIGHT="70" WIDTH="82" VPOS="477" HPOS="1851"/>
<SP HEIGHT="72" WIDTH="41" VPOS="475" HPOS="1934"/>
<String CONTENT="Victor" HEIGHT="59" WIDTH="222" VPOS="475" HPOS="1976"/>
<SP HEIGHT="56" WIDTH="42" VPOS="476" HPOS="2199"/>
<String CS="1" CONTENT="MacClure" HEIGHT="132" WIDTH="1952" VPOS="476" HPOS="431"/>
</TextLine>
<TextLine HEIGHT="75" WIDTH="1575" VPOS="551" HPOS="714" STYLEREFS="StyleId-04BF2697-88E0-4982-8892-22B47F017927-" CS="1">
<String CS="1" CONTENT="&#8230;"/>
<SP HEIGHT="56" WIDTH="83" VPOS="551" HPOS="714"/>
<String CONTENT="London" HEIGHT="57" WIDTH="261" VPOS="551" HPOS="798"/>
<SP HEIGHT="53" WIDTH="32" VPOS="570" HPOS="1060"/>
<String CONTENT="[etc.]" HEIGHT="68" WIDTH="144" VPOS="555" HPOS="1093"/>
<SP HEIGHT="72" WIDTH="34" VPOS="551" HPOS="1238"/>
<String CONTENT="G." HEIGHT="58" WIDTH="69" VPOS="551" HPOS="1273"/>
<SP HEIGHT="58" WIDTH="31" VPOS="551" HPOS="1343"/>
<String CONTENT="G." HEIGHT="58" WIDTH="69" VPOS="551" HPOS="1375"/>
<SP HEIGHT="55" WIDTH="34" VPOS="553" HPOS="1445"/>
<String CONTENT="Harrap" HEIGHT="71" WIDTH="257" VPOS="553" HPOS="1480"/>
<SP HEIGHT="71" WIDTH="29" VPOS="553" HPOS="1738"/>
<String CONTENT="&amp;" HEIGHT="56" WIDTH="47" VPOS="553" HPOS="1768"/>
<SP HEIGHT="57" WIDTH="29" VPOS="553" HPOS="1816"/>
<String CONTENT="co." HEIGHT="38" WIDTH="84" VPOS="572" HPOS="1846"/>
<SP HEIGHT="55" WIDTH="31" VPOS="554" HPOS="1931"/>
<String CONTENT="ltd." HEIGHT="56" WIDTH="108" VPOS="554" HPOS="1963"/>
<SP HEIGHT="44" WIDTH="36" VPOS="582" HPOS="2072"/>
<String CONTENT="[1926]" HEIGHT="72" WIDTH="180" VPOS="554" HPOS="2109"/>
</TextLine>
<TextLine HEIGHT="54" WIDTH="456" VPOS="641" HPOS="491" CS="1">
<String CONTENT="303," HEIGHT="52" WIDTH="93" VPOS="643" HPOS="491"/>
<SP HEIGHT="35" WIDTH="30" VPOS="660" HPOS="585"/>
<String CONTENT="[1]" HEIGHT="45" WIDTH="52" VPOS="644" HPOS="616"/>
<SP HEIGHT="37" WIDTH="28" VPOS="657" HPOS="669"/>
<String CONTENT="p." HEIGHT="37" WIDTH="41" VPOS="657" HPOS="698"/>
<SP HEIGHT="48" WIDTH="62" VPOS="641" HPOS="740"/>
<String CS="1" CONTENT="19&#189;"/>
<String STYLE="superscript" CONTENT="cm" HEIGHT="17" WIDTH="47" VPOS="645" HPOS="886"/>
<String CONTENT="." HEIGHT="8" WIDTH="8" VPOS="678" HPOS="939"/>
</TextLine>
<TextLine HEIGHT="58" WIDTH="1984" VPOS="708" HPOS="424" STYLEREFS="StyleId-0EE42123-7E3D-49AF-806D-EAD4F8FFCFA6-" CS="1">
<String CONTENT="&#169;" HEIGHT="53" WIDTH="53" VPOS="708" HPOS="424"/>
<SP/>
<String CS="1" CONTENT="1c."/>
<SP HEIGHT="42" WIDTH="29" VPOS="711" HPOS="568"/>
<String CONTENT="Apr." HEIGHT="50" WIDTH="111" VPOS="711" HPOS="598"/>
<SP HEIGHT="42" WIDTH="33" VPOS="711" HPOS="710"/>
<String CONTENT="14," HEIGHT="50" WIDTH="62" VPOS="711" HPOS="744"/>
<SP HEIGHT="50" WIDTH="31" VPOS="711" HPOS="807"/>
<String CONTENT="1926;" HEIGHT="52" WIDTH="130" VPOS="709" HPOS="839"/>
<SP HEIGHT="50" WIDTH="27" VPOS="711" HPOS="970"/>
<!-- cceid 004F2639-6E1B-1014-9B7B-CA07F191E62B --><String CONTENT="A" HEIGHT="41" WIDTH="44" VPOS="711" HPOS="998"/>
<SP HEIGHT="41" WIDTH="28" VPOS="711" HPOS="1043"/>
<String CONTENT="ad" HEIGHT="42" WIDTH="56" VPOS="711" HPOS="1072"/>
<SP HEIGHT="42" WIDTH="28" VPOS="711" HPOS="1129"/>
<String CONTENT="int." HEIGHT="42" WIDTH="76" VPOS="711" HPOS="1158"/>
<SP HEIGHT="43" WIDTH="28" VPOS="714" HPOS="1235"/>
<String CONTENT="8019;" HEIGHT="53" WIDTH="134" VPOS="710" HPOS="1264"/>
<SP HEIGHT="38" WIDTH="29" VPOS="725" HPOS="1399"/>
<String CONTENT="pubd." HEIGHT="51" WIDTH="130" VPOS="712" HPOS="1429"/>
<SP HEIGHT="43" WIDTH="30" VPOS="711" HPOS="1560"/>
<String CONTENT="Feb." HEIGHT="44" WIDTH="104" VPOS="711" HPOS="1591"/>
<SP HEIGHT="41" WIDTH="34" VPOS="713" HPOS="1696"/>
<String CONTENT="16;" HEIGHT="52" WIDTH="74" VPOS="712" HPOS="1731"/>
<SP HEIGHT="53" WIDTH="33" VPOS="711" HPOS="1806"/>
<String CONTENT="George" HEIGHT="54" WIDTH="178" VPOS="711" HPOS="1840"/>
<SP HEIGHT="43" WIDTH="25" VPOS="713" HPOS="2019"/>
<String CONTENT="H." HEIGHT="43" WIDTH="62" VPOS="713" HPOS="2045"/>
<SP HEIGHT="43" WIDTH="32" VPOS="713" HPOS="2108"/>
<String CONTENT="Doran" HEIGHT="44" WIDTH="157" VPOS="713" HPOS="2141"/>
<SP HEIGHT="29" WIDTH="26" VPOS="728" HPOS="2299"/>
<String CONTENT="co.," HEIGHT="38" WIDTH="82" VPOS="728" HPOS="2326"/>
</TextLine>
<TextLine HEIGHT="54" WIDTH="626" VPOS="766" HPOS="491" STYLEREFS="StyleId-0EE42123-7E3D-49AF-806D-EAD4F8FFCFA6-">
<String CONTENT="New" HEIGHT="44" WIDTH="116" VPOS="766" HPOS="491"/>
<SP HEIGHT="43" WIDTH="28" VPOS="767" HPOS="608"/>
<String CONTENT="York." HEIGHT="44" WIDTH="142" VPOS="766" HPOS="637"/>
<SP HEIGHT="53" WIDTH="67" VPOS="766" HPOS="780"/>
<String CONTENT="(26-11032)" HEIGHT="54" WIDTH="269" VPOS="766" HPOS="848"/>
</TextLine>
<TextLine HEIGHT="70" WIDTH="969" VPOS="863" HPOS="423" STYLEREFS="StyleId-EF22BBF9-7E35-413A-B131-EBD2D1836A5F-">
<String CONTENT="McPherson," HEIGHT="69" WIDTH="397" VPOS="864" HPOS="423"/>
<SP HEIGHT="69" WIDTH="40" VPOS="864" HPOS="821"/>
<String CONTENT="William," HEIGHT="69" WIDTH="295" VPOS="863" HPOS="862"/>
<SP HEIGHT="64" WIDTH="44" VPOS="868" HPOS="1158"/>
<String CONTENT="1864-" HEIGHT="57" WIDTH="189" VPOS="866" HPOS="1203"/>
</TextLine>
<TextLine HEIGHT="76" WIDTH="1912" VPOS="953" HPOS="501" STYLEREFS="StyleId-04BF2697-88E0-4982-8892-22B47F017927-">
<String CONTENT="Chemistry" HEIGHT="72" WIDTH="357" VPOS="953" HPOS="501"/>
<SP HEIGHT="52" WIDTH="53" VPOS="973" HPOS="859"/>
<String CONTENT="and" HEIGHT="56" WIDTH="123" VPOS="956" HPOS="913"/>
<SP HEIGHT="57" WIDTH="52" VPOS="955" HPOS="1037"/>
<String CONTENT="its" HEIGHT="57" WIDTH="84" VPOS="955" HPOS="1090"/>
<SP HEIGHT="37" WIDTH="54" VPOS="975" HPOS="1175"/>
<String CONTENT="uses;" HEIGHT="53" WIDTH="174" VPOS="973" HPOS="1230"/>
<SP HEIGHT="51" WIDTH="59" VPOS="975" HPOS="1405"/>
<String CONTENT="a" HEIGHT="37" WIDTH="35" VPOS="975" HPOS="1465"/>
<SP HEIGHT="54" WIDTH="56" VPOS="958" HPOS="1501"/>
<String CONTENT="textbook" HEIGHT="57" WIDTH="292" VPOS="956" HPOS="1558"/>
<SP HEIGHT="57" WIDTH="53" VPOS="956" HPOS="1851"/>
<String CONTENT="for" HEIGHT="56" WIDTH="103" VPOS="957" HPOS="1905"/>
<SP HEIGHT="39" WIDTH="59" VPOS="975" HPOS="2009"/>
<String CONTENT="secondary" HEIGHT="71" WIDTH="344" VPOS="958" HPOS="2069"/>
</TextLine>
<TextLine HEIGHT="73" WIDTH="1986" VPOS="1031" HPOS="424" STYLEREFS="StyleId-04BF2697-88E0-4982-8892-22B47F017927-">
<String CONTENT="schools," HEIGHT="69" WIDTH="257" VPOS="1033" HPOS="424"/>
<SP HEIGHT="69" WIDTH="43" VPOS="1033" HPOS="682"/>
<String CONTENT="by" HEIGHT="71" WIDTH="83" VPOS="1033" HPOS="726"/>
<SP HEIGHT="72" WIDTH="41" VPOS="1032" HPOS="810"/>
<String CONTENT="William" HEIGHT="60" WIDTH="278" VPOS="1031" HPOS="852"/>
<SP HEIGHT="57" WIDTH="46" VPOS="1034" HPOS="1131"/>
<String CONTENT="McPherson" HEIGHT="57" WIDTH="387" VPOS="1033" HPOS="1178"/>
<SP HEIGHT="37" WIDTH="45" VPOS="1053" HPOS="1566"/>
<String CONTENT="and" HEIGHT="56" WIDTH="123" VPOS="1035" HPOS="1612"/>
<SP HEIGHT="58" WIDTH="40" VPOS="1033" HPOS="1736"/>
<String CONTENT="William" HEIGHT="59" WIDTH="278" VPOS="1032" HPOS="1777"/>
<SP HEIGHT="56" WIDTH="46" VPOS="1034" HPOS="2056"/>
<String CONTENT="Edwards" HEIGHT="58" WIDTH="307" VPOS="1034" HPOS="2103"/>
</TextLine>
<TextLine HEIGHT="75" WIDTH="1988" VPOS="1110" HPOS="423" STYLEREFS="StyleId-04BF2697-88E0-4982-8892-22B47F017927-" CS="1">
<String CONTENT="Henderson" HEIGHT="57" WIDTH="369" VPOS="1110" HPOS="423"/>
<SP HEIGHT="36" WIDTH="46" VPOS="1131" HPOS="793"/>
<String CS="1" CONTENT="&#8230;"/>
<SP HEIGHT="57" WIDTH="78" VPOS="1111" HPOS="903"/>
<String CONTENT="Rev." HEIGHT="56" WIDTH="149" VPOS="1111" HPOS="982"/>
<SP HEIGHT="37" WIDTH="43" VPOS="1130" HPOS="1132"/>
<String CONTENT="ed." HEIGHT="56" WIDTH="91" VPOS="1112" HPOS="1176"/>
<SP HEIGHT="57" WIDTH="80" VPOS="1110" HPOS="1268"/>
<String CONTENT="Boston," HEIGHT="71" WIDTH="257" VPOS="1110" HPOS="1349"/>
<SP HEIGHT="70" WIDTH="41" VPOS="1111" HPOS="1607"/>
<String CONTENT="New" HEIGHT="57" WIDTH="151" VPOS="1111" HPOS="1649"/>
<SP HEIGHT="56" WIDTH="36" VPOS="1111" HPOS="1801"/>
<String CONTENT="York" HEIGHT="57" WIDTH="174" VPOS="1111" HPOS="1838"/>
<SP HEIGHT="72" WIDTH="40" VPOS="1111" HPOS="2013"/>
<String CONTENT="[etc.]" HEIGHT="70" WIDTH="147" VPOS="1115" HPOS="2054"/>
<SP HEIGHT="74" WIDTH="46" VPOS="1111" HPOS="2202"/>
<String CONTENT="Ginn" HEIGHT="59" WIDTH="162" VPOS="1111" HPOS="2249"/>
</TextLine>
<TextLine HEIGHT="73" WIDTH="694" VPOS="1189" HPOS="421" STYLEREFS="StyleId-04BF2697-88E0-4982-8892-22B47F017927-" CS="1">
<String CONTENT="and" HEIGHT="56" WIDTH="123" VPOS="1189" HPOS="421"/>
<SP HEIGHT="56" WIDTH="30" VPOS="1189" HPOS="545"/>
<String CONTENT="company" HEIGHT="54" WIDTH="304" VPOS="1206" HPOS="576"/>
<SP HEIGHT="54" WIDTH="33" VPOS="1208" HPOS="881"/>
<String CS="1" CONTENT="["/>
<String STYLE="superscript" CONTENT="c" HEIGHT="21" WIDTH="21" VPOS="1197" HPOS="929"/>
<String CONTENT="1926]" HEIGHT="72" WIDTH="163" VPOS="1189" HPOS="952"/>
</TextLine>
<TextLine HEIGHT="55" WIDTH="1756" VPOS="1276" HPOS="489" CS="1">
<String CONTENT="viii," HEIGHT="49" WIDTH="89" VPOS="1278" HPOS="489"/>
<SP HEIGHT="48" WIDTH="30" VPOS="1279" HPOS="579"/>
<String CONTENT="460" HEIGHT="44" WIDTH="80" VPOS="1277" HPOS="610"/>
<SP HEIGHT="53" WIDTH="31" VPOS="1277" HPOS="691"/>
<String CONTENT="p." HEIGHT="37" WIDTH="39" VPOS="1293" HPOS="723"/>
<SP HEIGHT="41" WIDTH="30" VPOS="1279" HPOS="763"/>
<String CONTENT="incl." HEIGHT="45" WIDTH="99" VPOS="1277" HPOS="794"/>
<SP HEIGHT="44" WIDTH="32" VPOS="1276" HPOS="894"/>
<String CS="1" CONTENT="front.," HEIGHT="53" WIDTH="155" VPOS="1276" HPOS="927"/>
<SP HEIGHT="53" WIDTH="29" VPOS="1276" HPOS="1083"/>
<String CONTENT="illus.," HEIGHT="52" WIDTH="129" VPOS="1276" HPOS="1113"/>
<SP HEIGHT="49" WIDTH="32" VPOS="1279" HPOS="1243"/>
<String CONTENT="diagrs." HEIGHT="51" WIDTH="166" VPOS="1278" HPOS="1276"/>
<SP HEIGHT="37" WIDTH="58" VPOS="1292" HPOS="1443"/>
<String CONTENT="plates" HEIGHT="53" WIDTH="139" VPOS="1276" HPOS="1502"/>
<SP HEIGHT="54" WIDTH="24" VPOS="1277" HPOS="1642"/>
<String CONTENT="(1" HEIGHT="54" WIDTH="47" VPOS="1277" HPOS="1667"/>
<SP HEIGHT="41" WIDTH="35" VPOS="1279" HPOS="1715"/>
<String CONTENT="col.)" HEIGHT="54" WIDTH="107" VPOS="1276" HPOS="1751"/>
<SP HEIGHT="52" WIDTH="38" VPOS="1278" HPOS="1859"/>
<String CONTENT="ports." HEIGHT="47" WIDTH="138" VPOS="1283" HPOS="1898"/>
<SP HEIGHT="41" WIDTH="62" VPOS="1279" HPOS="2037"/>
<String CS="1" CONTENT="19&#189;" HEIGHT="44" WIDTH="48" VPOS="1277" HPOS="2100"/>
<String STYLE="superscript" CONTENT="cm" HEIGHT="18" WIDTH="46" VPOS="1278" HPOS="2183"/>
<String CONTENT="." HEIGHT="9" WIDTH="9" VPOS="1310" HPOS="2236"/>
</TextLine>
<TextLine HEIGHT="53" WIDTH="757" VPOS="1333" HPOS="489">
<String CONTENT="Tables" HEIGHT="45" WIDTH="164" VPOS="1334" HPOS="489"/>
<SP HEIGHT="29" WIDTH="34" VPOS="1350" HPOS="654"/>
<String CONTENT="on" HEIGHT="28" WIDTH="57" VPOS="1350" HPOS="689"/>
<SP HEIGHT="43" WIDTH="33" VPOS="1335" HPOS="747"/>
<String CONTENT="back" HEIGHT="43" WIDTH="114" VPOS="1335" HPOS="781"/>
<SP HEIGHT="42" WIDTH="32" VPOS="1335" HPOS="896"/>
<String CONTENT="lining-paper." HEIGHT="53" WIDTH="317" VPOS="1333" HPOS="929"/>
</TextLine>
<TextLine HEIGHT="53" WIDTH="1135" VPOS="1390" HPOS="492">
<String CONTENT="&#8220;List" HEIGHT="43" WIDTH="123" VPOS="1392" HPOS="492"/>
<SP HEIGHT="35" WIDTH="29" VPOS="1400" HPOS="616"/>
<String CONTENT="of" HEIGHT="43" WIDTH="51" VPOS="1392" HPOS="646"/>
<SP HEIGHT="43" WIDTH="29" VPOS="1392" HPOS="698"/>
<String CONTENT="supplementary" HEIGHT="52" WIDTH="362" VPOS="1391" HPOS="728"/>
<SP HEIGHT="52" WIDTH="27" VPOS="1391" HPOS="1091"/>
<String CONTENT="books&#8221;:" HEIGHT="44" WIDTH="195" VPOS="1390" HPOS="1119"/>
<SP HEIGHT="38" WIDTH="33" VPOS="1405" HPOS="1315"/>
<String CONTENT="p." HEIGHT="38" WIDTH="41" VPOS="1405" HPOS="1349"/>
<SP HEIGHT="43" WIDTH="30" VPOS="1391" HPOS="1391"/>
<String CONTENT="441-443." HEIGHT="43" WIDTH="205" VPOS="1391" HPOS="1422"/>
</TextLine>
<TextLine HEIGHT="54" WIDTH="1987" VPOS="1446" HPOS="420">
<String CONTENT="&#169;" HEIGHT="54" WIDTH="52" VPOS="1446" HPOS="420"/>
<SP HEIGHT="54" WIDTH="28" VPOS="1446" HPOS="473"/>
<String CONTENT="Apr." HEIGHT="51" WIDTH="111" VPOS="1449" HPOS="502"/>
<SP HEIGHT="42" WIDTH="28" VPOS="1449" HPOS="614"/>
<String CONTENT="22," HEIGHT="51" WIDTH="68" VPOS="1449" HPOS="643"/>
<SP HEIGHT="51" WIDTH="31" VPOS="1449" HPOS="712"/>
<String CONTENT="1926;" HEIGHT="52" WIDTH="131" VPOS="1448" HPOS="744"/>
<SP HEIGHT="52" WIDTH="29" VPOS="1448" HPOS="876"/>
<String CONTENT="2c." HEIGHT="42" WIDTH="64" VPOS="1448" HPOS="906"/>
<SP HEIGHT="42" WIDTH="31" VPOS="1448" HPOS="971"/>
<String CONTENT="May" HEIGHT="52" WIDTH="111" VPOS="1448" HPOS="1003"/>
<SP HEIGHT="51" WIDTH="32" VPOS="1449" HPOS="1115"/>
<String CONTENT="10;" HEIGHT="53" WIDTH="75" VPOS="1447" HPOS="1148"/>
<SP HEIGHT="38" WIDTH="31" VPOS="1462" HPOS="1224"/>
<String CONTENT="aff." HEIGHT="43" WIDTH="79" VPOS="1448" HPOS="1256"/>
<SP HEIGHT="43" WIDTH="30" VPOS="1448" HPOS="1336"/>
<String CONTENT="May" HEIGHT="51" WIDTH="114" VPOS="1448" HPOS="1367"/>
<SP HEIGHT="51" WIDTH="28" VPOS="1448" HPOS="1482"/>
<String CONTENT="8;" HEIGHT="50" WIDTH="49" VPOS="1448" HPOS="1511"/>
<SP HEIGHT="50" WIDTH="32" VPOS="1448" HPOS="1561"/>
<!-- cceid 004F89E5-6E1B-1014-9B7B-CA07F191E62B --><String CONTENT="A" HEIGHT="41" WIDTH="43" VPOS="1448" HPOS="1594"/>
<SP HEIGHT="42" WIDTH="30" VPOS="1448" HPOS="1638"/>
<String CONTENT="891372;" HEIGHT="54" WIDTH="189" VPOS="1446" HPOS="1669"/>
<SP HEIGHT="52" WIDTH="32" VPOS="1448" HPOS="1859"/>
<String CONTENT="W." HEIGHT="44" WIDTH="74" VPOS="1448" HPOS="1892"/>
<SP HEIGHT="43" WIDTH="32" VPOS="1448" HPOS="1967"/>
<String CONTENT="McPherson" HEIGHT="44" WIDTH="288" VPOS="1447" HPOS="2000"/>
<SP HEIGHT="29" WIDTH="29" VPOS="1462" HPOS="2289"/>
<String CONTENT="and" HEIGHT="43" WIDTH="88" VPOS="1448" HPOS="2319"/>
</TextLine>
<TextLine HEIGHT="55" WIDTH="1298" VPOS="1503" HPOS="488">
<String CONTENT="William" HEIGHT="45" WIDTH="206" VPOS="1504" HPOS="488"/>
<SP HEIGHT="46" WIDTH="24" VPOS="1504" HPOS="695"/>
<String CONTENT="E." HEIGHT="46" WIDTH="51" VPOS="1504" HPOS="720"/>
<SP HEIGHT="42" WIDTH="26" VPOS="1505" HPOS="772"/>
<String CONTENT="Henderson," HEIGHT="51" WIDTH="285" VPOS="1505" HPOS="799"/>
<SP HEIGHT="53" WIDTH="25" VPOS="1503" HPOS="1085"/>
<String CONTENT="Columbus," HEIGHT="52" WIDTH="259" VPOS="1503" HPOS="1111"/>
<SP HEIGHT="52" WIDTH="26" VPOS="1503" HPOS="1371"/>
<String CONTENT="O." HEIGHT="44" WIDTH="55" VPOS="1503" HPOS="1398"/>
<SP HEIGHT="54" WIDTH="62" VPOS="1504" HPOS="1454"/>
<String CONTENT="(26-10496)" HEIGHT="55" WIDTH="269" VPOS="1503" HPOS="1517"/>
</TextLine>
<TextLine HEIGHT="72" WIDTH="720" VPOS="1602" HPOS="418" STYLEREFS="StyleId-EF22BBF9-7E35-413A-B131-EBD2D1836A5F-">
<String CONTENT="Meeker," HEIGHT="72" WIDTH="265" VPOS="1602" HPOS="418"/>
<SP HEIGHT="71" WIDTH="43" VPOS="1603" HPOS="684"/>
<String CONTENT="Ezra," HEIGHT="69" WIDTH="177" VPOS="1603" HPOS="728"/>
<SP HEIGHT="67" WIDTH="42" VPOS="1605" HPOS="906"/>
<String CONTENT="1830-" HEIGHT="57" WIDTH="189" VPOS="1603" HPOS="949"/>
</TextLine>
<TextLine HEIGHT="73" WIDTH="1917" VPOS="1689" HPOS="495" STYLEREFS="StyleId-04BF2697-88E0-4982-8892-22B47F017927-">
<String CONTENT="Kate" HEIGHT="57" WIDTH="167" VPOS="1691" HPOS="495"/>
<SP HEIGHT="57" WIDTH="31" VPOS="1691" HPOS="663"/>
<String CONTENT="Mulhall;" HEIGHT="70" WIDTH="292" VPOS="1691" HPOS="695"/>
<SP HEIGHT="52" WIDTH="33" VPOS="1709" HPOS="988"/>
<String CONTENT="a" HEIGHT="37" WIDTH="39" VPOS="1709" HPOS="1022"/>
<SP HEIGHT="37" WIDTH="27" VPOS="1709" HPOS="1062"/>
<String CONTENT="romance" HEIGHT="38" WIDTH="287" VPOS="1709" HPOS="1090"/>
<SP HEIGHT="38" WIDTH="35" VPOS="1709" HPOS="1378"/>
<String CONTENT="of" HEIGHT="57" WIDTH="66" VPOS="1690" HPOS="1414"/>
<SP HEIGHT="57" WIDTH="29" VPOS="1690" HPOS="1481"/>
<String CONTENT="the" HEIGHT="57" WIDTH="103" VPOS="1690" HPOS="1511"/>
<SP HEIGHT="58" WIDTH="34" VPOS="1689" HPOS="1615"/>
<String CONTENT="Oregon" HEIGHT="72" WIDTH="248" VPOS="1689" HPOS="1650"/>
<SP HEIGHT="53" WIDTH="30" VPOS="1694" HPOS="1899"/>
<String CONTENT="trail," HEIGHT="72" WIDTH="167" VPOS="1690" HPOS="1930"/>
<SP HEIGHT="73" WIDTH="30" VPOS="1689" HPOS="2098"/>
<String CONTENT="by" HEIGHT="73" WIDTH="82" VPOS="1689" HPOS="2129"/>
<SP HEIGHT="71" WIDTH="32" VPOS="1691" HPOS="2212"/>
<String CONTENT="Ezra" HEIGHT="56" WIDTH="167" VPOS="1691" HPOS="2245"/>
</TextLine>
<TextLine HEIGHT="137" WIDTH="1967" VPOS="1767" HPOS="421" STYLEREFS="StyleId-04BF2697-88E0-4982-8892-22B47F017927-" CS="1">
<String CONTENT="Meeker" HEIGHT="57" WIDTH="248" VPOS="1769" HPOS="421"/>
<SP HEIGHT="37" WIDTH="38" VPOS="1788" HPOS="670"/>
<String CS="1" CONTENT="&#8230;"/>
<SP HEIGHT="56" WIDTH="38" VPOS="1770" HPOS="772"/>
<String CONTENT="drawings" HEIGHT="71" WIDTH="314" VPOS="1769" HPOS="811"/>
<SP HEIGHT="56" WIDTH="33" VPOS="1769" HPOS="1126"/>
<String CONTENT="by" HEIGHT="71" WIDTH="82" VPOS="1769" HPOS="1160"/>
<SP HEIGHT="72" WIDTH="33" VPOS="1768" HPOS="1243"/>
<String CONTENT="Margaret" HEIGHT="72" WIDTH="330" VPOS="1768" HPOS="1277"/>
<SP HEIGHT="57" WIDTH="28" VPOS="1768" HPOS="1608"/>
<String CONTENT="Landers" HEIGHT="57" WIDTH="281" VPOS="1768" HPOS="1637"/>
<SP HEIGHT="59" WIDTH="39" VPOS="1768" HPOS="1919"/>
<String CONTENT="Sanford," HEIGHT="74" WIDTH="294" VPOS="1767" HPOS="1959"/>
<SP HEIGHT="71" WIDTH="34" VPOS="1770" HPOS="2254"/>
<String CONTENT="Rudolf" HEIGHT="134" WIDTH="1967" VPOS="1770" HPOS="421"/>
</TextLine>
<TextLine HEIGHT="73" WIDTH="1826" VPOS="1846" HPOS="581" STYLEREFS="StyleId-04BF2697-88E0-4982-8892-22B47F017927-">
<String CONTENT="A." HEIGHT="56" WIDTH="74" VPOS="1847" HPOS="581"/>
<SP HEIGHT="56" WIDTH="31" VPOS="1847" HPOS="656"/>
<String LANG="de" CONTENT="Kausch" HEIGHT="57" WIDTH="262" VPOS="1846" HPOS="688"/>
<SP HEIGHT="57" WIDTH="28" VPOS="1846" HPOS="951"/>
<String CONTENT="and" HEIGHT="56" WIDTH="123" VPOS="1847" HPOS="980"/>
<SP HEIGHT="58" WIDTH="29" VPOS="1846" HPOS="1104"/>
<String CONTENT="Oscar" HEIGHT="58" WIDTH="198" VPOS="1846" HPOS="1134"/>
<SP HEIGHT="58" WIDTH="25" VPOS="1846" HPOS="1333"/>
<String CONTENT="W." HEIGHT="58" WIDTH="97" VPOS="1846" HPOS="1359"/>
<SP HEIGHT="56" WIDTH="30" VPOS="1846" HPOS="1457"/>
<String CONTENT="Lyons," HEIGHT="71" WIDTH="227" VPOS="1846" HPOS="1488"/>
<SP HEIGHT="52" WIDTH="30" VPOS="1865" HPOS="1716"/>
<String CONTENT="map" HEIGHT="53" WIDTH="146" VPOS="1864" HPOS="1747"/>
<SP HEIGHT="53" WIDTH="32" VPOS="1864" HPOS="1894"/>
<String CONTENT="of" HEIGHT="56" WIDTH="68" VPOS="1846" HPOS="1927"/>
<SP HEIGHT="57" WIDTH="28" VPOS="1846" HPOS="1996"/>
<String CONTENT="the" HEIGHT="56" WIDTH="103" VPOS="1847" HPOS="2025"/>
<SP HEIGHT="59" WIDTH="33" VPOS="1846" HPOS="2129"/>
<String CONTENT="Oregon" HEIGHT="73" WIDTH="244" VPOS="1846" HPOS="2163"/>
</TextLine>
<TextLine HEIGHT="74" WIDTH="1988" VPOS="1924" HPOS="419" STYLEREFS="StyleId-04BF2697-88E0-4982-8892-22B47F017927-">
<String CONTENT="trail," HEIGHT="72" WIDTH="165" VPOS="1924" HPOS="419"/>
<SP HEIGHT="52" WIDTH="25" VPOS="1944" HPOS="585"/>
<String CONTENT="and" HEIGHT="56" WIDTH="123" VPOS="1925" HPOS="611"/>
<SP HEIGHT="70" WIDTH="22" VPOS="1925" HPOS="735"/>
<String CONTENT="photographs." HEIGHT="72" WIDTH="450" VPOS="1924" HPOS="758"/>
<SP HEIGHT="57" WIDTH="80" VPOS="1924" HPOS="1209"/>
<String CONTENT="New" HEIGHT="57" WIDTH="152" VPOS="1924" HPOS="1290"/>
<SP HEIGHT="57" WIDTH="20" VPOS="1924" HPOS="1443"/>
<String CONTENT="York" HEIGHT="57" WIDTH="172" VPOS="1924" HPOS="1464"/>
<SP HEIGHT="56" WIDTH="24" VPOS="1925" HPOS="1637"/>
<String CONTENT="city," HEIGHT="71" WIDTH="142" VPOS="1925" HPOS="1662"/>
<SP HEIGHT="71" WIDTH="24" VPOS="1925" HPOS="1805"/>
<String CONTENT="E." HEIGHT="56" WIDTH="72" VPOS="1925" HPOS="1830"/>
<SP HEIGHT="56" WIDTH="26" VPOS="1925" HPOS="1903"/>
<String CONTENT="Meeker" HEIGHT="57" WIDTH="253" VPOS="1925" HPOS="1930"/>
<SP HEIGHT="54" WIDTH="22" VPOS="1944" HPOS="2184"/>
<String CONTENT="[" HEIGHT="44" WIDTH="13" VPOS="1954" HPOS="2207"/>
<String STYLE="superscript" CONTENT="c" HEIGHT="22" WIDTH="17" VPOS="1933" HPOS="2223"/>
<String CONTENT="1926]" HEIGHT="72" WIDTH="163" VPOS="1926" HPOS="2244"/>
</TextLine>
<TextLine HEIGHT="54" WIDTH="1367" VPOS="2001" HPOS="487" CS="1">
<String CONTENT="287" HEIGHT="44" WIDTH="81" VPOS="2001" HPOS="487"/>
<SP HEIGHT="53" WIDTH="21" VPOS="2001" HPOS="569"/>
<String CONTENT="p." HEIGHT="37" WIDTH="38" VPOS="2017" HPOS="591"/>
<SP HEIGHT="43" WIDTH="60" VPOS="2002" HPOS="630"/>
<String CS="1" CONTENT="front."/>
<SP HEIGHT="53" WIDTH="25" VPOS="2002" HPOS="830"/>
<String CONTENT="(ports.)" HEIGHT="53" WIDTH="190" VPOS="2002" HPOS="856"/>
<SP HEIGHT="53" WIDTH="25" VPOS="2002" HPOS="1047"/>
<String CONTENT="illus." HEIGHT="44" WIDTH="115" VPOS="2002" HPOS="1073"/>
<SP HEIGHT="53" WIDTH="26" VPOS="2002" HPOS="1189"/>
<String CONTENT="(incl." HEIGHT="54" WIDTH="125" VPOS="2001" HPOS="1216"/>
<SP HEIGHT="28" WIDTH="21" VPOS="2017" HPOS="1342"/>
<String CONTENT="map)" HEIGHT="53" WIDTH="127" VPOS="2002" HPOS="1364"/>
<SP HEIGHT="53" WIDTH="24" VPOS="2002" HPOS="1492"/>
<String CONTENT="plates." HEIGHT="52" WIDTH="156" VPOS="2002" HPOS="1517"/>
<SP HEIGHT="41" WIDTH="61" VPOS="2004" HPOS="1674"/>
<String CONTENT="19" HEIGHT="42" WIDTH="50" VPOS="2004" HPOS="1736"/>
<String STYLE="superscript" CONTENT="cm" HEIGHT="17" WIDTH="46" VPOS="2006" HPOS="1794"/>
<String CONTENT="." HEIGHT="8" WIDTH="8" VPOS="2037" HPOS="1846"/>
</TextLine>
<TextLine HEIGHT="53" WIDTH="874" VPOS="2059" HPOS="489">
<String CONTENT="&#8220;Works" HEIGHT="44" WIDTH="196" VPOS="2060" HPOS="489"/>
<SP HEIGHT="43" WIDTH="22" VPOS="2060" HPOS="686"/>
<String CONTENT="by" HEIGHT="51" WIDTH="60" VPOS="2060" HPOS="709"/>
<SP HEIGHT="52" WIDTH="19" VPOS="2059" HPOS="770"/>
<String CONTENT="Ezra" HEIGHT="46" WIDTH="120" VPOS="2059" HPOS="790"/>
<SP HEIGHT="43" WIDTH="20" VPOS="2060" HPOS="911"/>
<String CONTENT="Meeker&#8221;:" HEIGHT="44" WIDTH="240" VPOS="2059" HPOS="932"/>
<SP HEIGHT="38" WIDTH="30" VPOS="2074" HPOS="1173"/>
<String CONTENT="p." HEIGHT="38" WIDTH="42" VPOS="2074" HPOS="1204"/>
<SP HEIGHT="43" WIDTH="20" VPOS="2060" HPOS="1247"/>
<String CONTENT="287." HEIGHT="44" WIDTH="95" VPOS="2059" HPOS="1268"/>
</TextLine>
<TextLine HEIGHT="55" WIDTH="1555" VPOS="2115" HPOS="418">
<String CONTENT="&#169;" HEIGHT="54" WIDTH="52" VPOS="2115" HPOS="418"/>
<SP HEIGHT="54" WIDTH="24" VPOS="2115" HPOS="471"/>
<String CONTENT="May" HEIGHT="51" WIDTH="111" VPOS="2119" HPOS="496"/>
<SP HEIGHT="51" WIDTH="21" VPOS="2119" HPOS="608"/>
<String CONTENT="3," HEIGHT="50" WIDTH="39" VPOS="2119" HPOS="630"/>
<SP HEIGHT="50" WIDTH="27" VPOS="2119" HPOS="670"/>
<String CONTENT="1926;" HEIGHT="52" WIDTH="128" VPOS="2117" HPOS="698"/>
<SP HEIGHT="51" WIDTH="25" VPOS="2118" HPOS="827"/>
<String CONTENT="2c." HEIGHT="42" WIDTH="65" VPOS="2118" HPOS="853"/>
<SP HEIGHT="27" WIDTH="22" VPOS="2133" HPOS="919"/>
<String CONTENT="and" HEIGHT="42" WIDTH="87" VPOS="2119" HPOS="942"/>
<SP HEIGHT="42" WIDTH="23" VPOS="2119" HPOS="1030"/>
<String CONTENT="aff." HEIGHT="42" WIDTH="79" VPOS="2118" HPOS="1054"/>
<SP HEIGHT="42" WIDTH="24" VPOS="2118" HPOS="1134"/>
<String CONTENT="May" HEIGHT="51" WIDTH="113" VPOS="2118" HPOS="1159"/>
<SP HEIGHT="51" WIDTH="26" VPOS="2118" HPOS="1273"/>
<String CONTENT="12;" HEIGHT="52" WIDTH="74" VPOS="2117" HPOS="1300"/>
<SP HEIGHT="52" WIDTH="26" VPOS="2117" HPOS="1375"/>
<!-- cceid 004FF117-6E1B-1014-9B7B-CA07F191E62B --><String CONTENT="A" HEIGHT="43" WIDTH="44" VPOS="2117" HPOS="1402"/>
<SP HEIGHT="44" WIDTH="24" VPOS="2116" HPOS="1447"/>
<String CONTENT="891404;" HEIGHT="52" WIDTH="188" VPOS="2116" HPOS="1472"/>
<SP HEIGHT="53" WIDTH="27" VPOS="2115" HPOS="1661"/>
<String CONTENT="E." HEIGHT="48" WIDTH="53" VPOS="2115" HPOS="1689"/>
<SP HEIGHT="42" WIDTH="27" VPOS="2117" HPOS="1743"/>
<String CONTENT="Meeker." HEIGHT="43" WIDTH="202" VPOS="2117" HPOS="1771"/>
</TextLine>
<TextLine HEIGHT="54" WIDTH="267" VPOS="2173" HPOS="494">
<String CONTENT="(26-10568)" HEIGHT="54" WIDTH="267" VPOS="2173" HPOS="494"/>
</TextLine>
<TextLine HEIGHT="72" WIDTH="1490" VPOS="2269" HPOS="420" STYLEREFS="StyleId-04BF2697-88E0-4982-8892-22B47F017927-" CS="1">
<String CS="1" CONTENT="Merezhkovsk&#239;&#464;," HEIGHT="69" WIDTH="515" VPOS="2271" HPOS="420"/>
<SP HEIGHT="69" WIDTH="35" VPOS="2271" HPOS="936"/>
<String CS="1" CONTENT="Dmitr&#238;&#464;" HEIGHT="58" WIDTH="206" VPOS="2270" HPOS="972"/>
<SP HEIGHT="59" WIDTH="35" VPOS="2270" HPOS="1231"/>
<String CS="1" CONTENT="Sergi&#865;eevich," HEIGHT="72" WIDTH="413" VPOS="2269" HPOS="1267"/>
<SP HEIGHT="64" WIDTH="38" VPOS="2274" HPOS="1681"/>
<String CONTENT="1865-" HEIGHT="56" WIDTH="190" VPOS="2272" HPOS="1720"/>
</TextLine>
<TextLine HEIGHT="73" WIDTH="1910" VPOS="2360" HPOS="498" STYLEREFS="StyleId-04BF2697-88E0-4982-8892-22B47F017927-">
<String CONTENT="The" HEIGHT="56" WIDTH="127" VPOS="2362" HPOS="498"/>
<SP HEIGHT="57" WIDTH="44" VPOS="2362" HPOS="626"/>
<String CONTENT="birth" HEIGHT="57" WIDTH="170" VPOS="2362" HPOS="671"/>
<SP HEIGHT="56" WIDTH="45" VPOS="2362" HPOS="842"/>
<String CONTENT="of" HEIGHT="57" WIDTH="67" VPOS="2361" HPOS="888"/>
<SP HEIGHT="57" WIDTH="43" VPOS="2361" HPOS="956"/>
<String CONTENT="the" HEIGHT="57" WIDTH="104" VPOS="2361" HPOS="1000"/>
<SP HEIGHT="53" WIDTH="45" VPOS="2380" HPOS="1105"/>
<String CONTENT="gods," HEIGHT="72" WIDTH="171" VPOS="2361" HPOS="1151"/>
<SP HEIGHT="71" WIDTH="44" VPOS="2361" HPOS="1323"/>
<String CONTENT="by" HEIGHT="71" WIDTH="83" VPOS="2361" HPOS="1368"/>
<SP HEIGHT="71" WIDTH="43" VPOS="2361" HPOS="1452"/>
<String CONTENT="Dmitri" HEIGHT="58" WIDTH="233" VPOS="2360" HPOS="1496"/>
<SP HEIGHT="59" WIDTH="47" VPOS="2360" HPOS="1730"/>
<String CONTENT="S." HEIGHT="59" WIDTH="61" VPOS="2360" HPOS="1778"/>
<SP HEIGHT="56" WIDTH="48" VPOS="2361" HPOS="1840"/>
<String CONTENT="Merezhkovsky;" HEIGHT="71" WIDTH="519" VPOS="2361" HPOS="1889"/>
</TextLine>
<TextLine HEIGHT="83" WIDTH="1987" VPOS="2428" HPOS="419" STYLEREFS="StyleId-04BF2697-88E0-4982-8892-22B47F017927-">
<String CONTENT="translated" HEIGHT="58" WIDTH="349" VPOS="2438" HPOS="419"/>
<SP HEIGHT="57" WIDTH="34" VPOS="2439" HPOS="769"/>
<String CONTENT="from" HEIGHT="56" WIDTH="169" VPOS="2439" HPOS="804"/>
<SP HEIGHT="55" WIDTH="33" VPOS="2441" HPOS="974"/>
<String CONTENT="the" HEIGHT="57" WIDTH="103" VPOS="2439" HPOS="1008"/>
<SP HEIGHT="56" WIDTH="36" VPOS="2440" HPOS="1112"/>
<String CONTENT="Russian" HEIGHT="56" WIDTH="276" VPOS="2439" HPOS="1149"/>
<SP HEIGHT="56" WIDTH="33" VPOS="2440" HPOS="1426"/>
<String CONTENT="by" HEIGHT="71" WIDTH="82" VPOS="2440" HPOS="1460"/>
<SP HEIGHT="72" WIDTH="34" VPOS="2439" HPOS="1543"/>
<String CONTENT="Natalie" HEIGHT="59" WIDTH="250" VPOS="2439" HPOS="1578"/>
<SP HEIGHT="70" WIDTH="36" VPOS="2428" HPOS="1829"/>
<String LANG="de" CONTENT="&#196;." HEIGHT="67" WIDTH="75" VPOS="2428" HPOS="1866"/>
<SP HEIGHT="56" WIDTH="38" VPOS="2439" HPOS="1942"/>
<String CONTENT="Duddington." HEIGHT="72" WIDTH="425" VPOS="2439" HPOS="1981"/>
</TextLine>
<TextLine HEIGHT="73" WIDTH="1518" VPOS="2517" HPOS="417" STYLEREFS="StyleId-04BF2697-88E0-4982-8892-22B47F017927-" CS="1">
<String CONTENT="New" HEIGHT="57" WIDTH="150" VPOS="2517" HPOS="417"/>
<SP HEIGHT="57" WIDTH="28" VPOS="2517" HPOS="568"/>
<String CONTENT="York," HEIGHT="71" WIDTH="190" VPOS="2517" HPOS="597"/>
<SP HEIGHT="71" WIDTH="33" VPOS="2517" HPOS="788"/>
<String CONTENT="E." HEIGHT="56" WIDTH="73" VPOS="2517" HPOS="822"/>
<SP HEIGHT="55" WIDTH="33" VPOS="2518" HPOS="896"/>
<String CONTENT="P." HEIGHT="55" WIDTH="70" VPOS="2518" HPOS="930"/>
<SP HEIGHT="56" WIDTH="33" VPOS="2517" HPOS="1001"/>
<String CONTENT="Dutton" HEIGHT="57" WIDTH="241" VPOS="2517" HPOS="1035"/>
<SP HEIGHT="57" WIDTH="34" VPOS="2517" HPOS="1277"/>
<String CONTENT="&amp;" HEIGHT="57" WIDTH="49" VPOS="2517" HPOS="1312"/>
<SP HEIGHT="57" WIDTH="30" VPOS="2517" HPOS="1362"/>
<String CONTENT="company" HEIGHT="53" WIDTH="304" VPOS="2535" HPOS="1393"/>
<SP HEIGHT="54" WIDTH="35" VPOS="2536" HPOS="1698"/>
<String CS="1" CONTENT="["/>
<String STYLE="superscript" CONTENT="c" HEIGHT="22" WIDTH="17" VPOS="2525" HPOS="1750"/>
<String CONTENT="1926]" HEIGHT="72" WIDTH="164" VPOS="2518" HPOS="1771"/>
</TextLine>
<TextLine HEIGHT="55" WIDTH="620" VPOS="2594" HPOS="483" CS="1">
<String CONTENT="xi" HEIGHT="43" WIDTH="49" VPOS="2594" HPOS="483"/>
<SP HEIGHT="54" WIDTH="20" VPOS="2594" HPOS="533"/>
<String CONTENT="p.," HEIGHT="38" WIDTH="58" VPOS="2611" HPOS="554"/>
<SP HEIGHT="52" WIDTH="25" VPOS="2597" HPOS="613"/>
<String CONTENT="1" HEIGHT="41" WIDTH="18" VPOS="2597" HPOS="639"/>
<SP/>
<String CS="1" CONTENT="l.,"/>
<SP HEIGHT="51" WIDTH="18" VPOS="2595" HPOS="729"/>
<String CONTENT="233" HEIGHT="43" WIDTH="80" VPOS="2595" HPOS="748"/>
<SP HEIGHT="51" WIDTH="24" VPOS="2596" HPOS="829"/>
<String CONTENT="p." HEIGHT="37" WIDTH="39" VPOS="2610" HPOS="854"/>
<SP HEIGHT="48" WIDTH="62" VPOS="2594" HPOS="894"/>
<String CS="1" CONTENT="19&#189;"/>
<String STYLE="superscript" CONTENT="cm" HEIGHT="17" WIDTH="47" VPOS="2598" HPOS="1042"/>
<String CONTENT="." HEIGHT="9" WIDTH="9" VPOS="2630" HPOS="1094"/>
</TextLine>
<TextLine HEIGHT="56" WIDTH="1903" VPOS="2649" HPOS="416">
<String CONTENT="&#169;" HEIGHT="54" WIDTH="52" VPOS="2651" HPOS="416"/>
<SP HEIGHT="54" WIDTH="30" VPOS="2651" HPOS="469"/>
<String CONTENT="May" HEIGHT="51" WIDTH="111" VPOS="2654" HPOS="500"/>
<SP HEIGHT="51" WIDTH="29" VPOS="2654" HPOS="612"/>
<String CONTENT="1," HEIGHT="50" WIDTH="36" VPOS="2654" HPOS="642"/>
<SP HEIGHT="50" WIDTH="30" VPOS="2654" HPOS="679"/>
<String CONTENT="1926;" HEIGHT="53" WIDTH="130" VPOS="2652" HPOS="710"/>
<SP HEIGHT="52" WIDTH="28" VPOS="2653" HPOS="841"/>
<String CONTENT="2c." HEIGHT="42" WIDTH="65" VPOS="2653" HPOS="870"/>
<SP HEIGHT="42" WIDTH="29" VPOS="2653" HPOS="936"/>
<String CONTENT="May" HEIGHT="52" WIDTH="113" VPOS="2653" HPOS="966"/>
<SP HEIGHT="53" WIDTH="24" VPOS="2652" HPOS="1080"/>
<String CONTENT="6;" HEIGHT="53" WIDTH="48" VPOS="2652" HPOS="1105"/>
<SP HEIGHT="38" WIDTH="30" VPOS="2667" HPOS="1154"/>
<String CONTENT="aff." HEIGHT="42" WIDTH="79" VPOS="2653" HPOS="1185"/>
<SP HEIGHT="42" WIDTH="29" VPOS="2653" HPOS="1265"/>
<String CONTENT="May" HEIGHT="52" WIDTH="112" VPOS="2653" HPOS="1295"/>
<SP HEIGHT="53" WIDTH="26" VPOS="2652" HPOS="1408"/>
<String CONTENT="4;" HEIGHT="53" WIDTH="51" VPOS="2652" HPOS="1435"/>
<SP HEIGHT="52" WIDTH="31" VPOS="2653" HPOS="1487"/>
<!-- cceid 00505B4E-6E1B-1014-9B7B-CA07F191E62B --><String CONTENT="A" HEIGHT="41" WIDTH="44" VPOS="2653" HPOS="1519"/>
<SP HEIGHT="43" WIDTH="28" VPOS="2652" HPOS="1564"/>
<String CONTENT="890753;" HEIGHT="54" WIDTH="189" VPOS="2651" HPOS="1593"/>
<SP HEIGHT="56" WIDTH="30" VPOS="2649" HPOS="1783"/>
<String CONTENT="E." HEIGHT="49" WIDTH="52" VPOS="2649" HPOS="1814"/>
<SP HEIGHT="43" WIDTH="31" VPOS="2652" HPOS="1867"/>
<String CONTENT="P." HEIGHT="43" WIDTH="50" VPOS="2652" HPOS="1899"/>
<SP HEIGHT="43" WIDTH="31" VPOS="2652" HPOS="1950"/>
<String CONTENT="Dutton" HEIGHT="43" WIDTH="178" VPOS="2652" HPOS="1982"/>
<SP HEIGHT="43" WIDTH="25" VPOS="2652" HPOS="2161"/>
<String CONTENT="&amp;" HEIGHT="43" WIDTH="39" VPOS="2652" HPOS="2187"/>
<SP HEIGHT="43" WIDTH="25" VPOS="2652" HPOS="2227"/>
<String CONTENT="co." HEIGHT="29" WIDTH="66" VPOS="2666" HPOS="2253"/>
</TextLine>
<TextLine HEIGHT="55" WIDTH="269" VPOS="2709" HPOS="495">
<String CONTENT="(26-10564)" HEIGHT="55" WIDTH="269" VPOS="2709" HPOS="495"/>
</TextLine>
<TextLine HEIGHT="73" WIDTH="1060" VPOS="2806" HPOS="417" STYLEREFS="StyleId-EF22BBF9-7E35-413A-B131-EBD2D1836A5F-" CS="1">
<String CONTENT="Miller," HEIGHT="70" WIDTH="223" VPOS="2808" HPOS="417"/>
<SP HEIGHT="69" WIDTH="43" VPOS="2809" HPOS="641"/>
<String CONTENT="George" HEIGHT="70" WIDTH="239" VPOS="2809" HPOS="685"/>
<SP HEIGHT="56" WIDTH="43" VPOS="2808" HPOS="925"/>
<String CONTENT="Frederick," HEIGHT="72" WIDTH="353" VPOS="2806" HPOS="969"/>
<SP HEIGHT="68" WIDTH="45" VPOS="2810" HPOS="1323"/>
<String CS="1" CONTENT="1880-" HEIGHT="56" WIDTH="108" VPOS="2810" HPOS="1369"/>
</TextLine>
<TextLine HEIGHT="138" WIDTH="1971" VPOS="2897" HPOS="416" STYLEREFS="StyleId-04BF2697-88E0-4982-8892-22B47F017927-" CS="1">
<String CONTENT="Objective" HEIGHT="72" WIDTH="318" VPOS="2899" HPOS="496"/>
<SP HEIGHT="54" WIDTH="23" VPOS="2902" HPOS="815"/>
<String CONTENT="tests" HEIGHT="54" WIDTH="158" VPOS="2902" HPOS="839"/>
<SP HEIGHT="58" WIDTH="23" VPOS="2898" HPOS="998"/>
<String CONTENT="in" HEIGHT="56" WIDTH="65" VPOS="2898" HPOS="1022"/>
<SP HEIGHT="55" WIDTH="21" VPOS="2899" HPOS="1088"/>
<String CONTENT="high" HEIGHT="72" WIDTH="151" VPOS="2898" HPOS="1110"/>
<SP HEIGHT="56" WIDTH="27" VPOS="2899" HPOS="1262"/>
<String CONTENT="school" HEIGHT="57" WIDTH="207" VPOS="2898" HPOS="1290"/>
<SP HEIGHT="57" WIDTH="25" VPOS="2898" HPOS="1498"/>
<String CONTENT="subjects," HEIGHT="72" WIDTH="290" VPOS="2897" HPOS="1524"/>
<SP HEIGHT="71" WIDTH="27" VPOS="2898" HPOS="1815"/>
<String CONTENT="by" HEIGHT="71" WIDTH="81" VPOS="2898" HPOS="1843"/>
<SP HEIGHT="72" WIDTH="24" VPOS="2897" HPOS="1925"/>
<String CONTENT="George" HEIGHT="73" WIDTH="241" VPOS="2897" HPOS="1950"/>
<SP HEIGHT="56" WIDTH="23" VPOS="2898" HPOS="2192"/>
<String CONTENT="Frederick" HEIGHT="137" WIDTH="1971" VPOS="2898" HPOS="416"/>
</TextLine>
<TextLine HEIGHT="72" WIDTH="1502" VPOS="2975" HPOS="613" STYLEREFS="StyleId-04BF2697-88E0-4982-8892-22B47F017927-">
<String CONTENT="Miller." HEIGHT="57" WIDTH="224" VPOS="2976" HPOS="613"/>
<SP HEIGHT="56" WIDTH="84" VPOS="2976" HPOS="838"/>
<String CONTENT="Norman," HEIGHT="71" WIDTH="295" VPOS="2976" HPOS="923"/>
<SP HEIGHT="71" WIDTH="34" VPOS="2976" HPOS="1219"/>
<String CONTENT="Okla.," HEIGHT="70" WIDTH="192" VPOS="2976" HPOS="1254"/>
<SP HEIGHT="71" WIDTH="32" VPOS="2975" HPOS="1447"/>
<String CONTENT="G." HEIGHT="59" WIDTH="69" VPOS="2975" HPOS="1480"/>
<SP HEIGHT="56" WIDTH="32" VPOS="2976" HPOS="1550"/>
<String CONTENT="E." HEIGHT="55" WIDTH="69" VPOS="2976" HPOS="1583"/>
<SP HEIGHT="55" WIDTH="36" VPOS="2976" HPOS="1653"/>
<String CONTENT="Miller," HEIGHT="71" WIDTH="225" VPOS="2975" HPOS="1690"/>
<SP HEIGHT="69" WIDTH="33" VPOS="2977" HPOS="1916"/>
<String CONTENT="1926." HEIGHT="56" WIDTH="165" VPOS="2976" HPOS="1950"/>
</TextLine>
<TextLine HEIGHT="52" WIDTH="331" VPOS="3056" HPOS="489">
<String CONTENT="168" HEIGHT="43" WIDTH="76" VPOS="3056" HPOS="489"/>
<SP HEIGHT="52" WIDTH="33" VPOS="3056" HPOS="566"/>
<String CONTENT="p." HEIGHT="37" WIDTH="39" VPOS="3071" HPOS="600"/>
<SP HEIGHT="42" WIDTH="57" VPOS="3056" HPOS="640"/>
<String CONTENT="22" HEIGHT="41" WIDTH="53" VPOS="3056" HPOS="698"/>
<String STYLE="superscript" CONTENT="cm" HEIGHT="17" WIDTH="46" VPOS="3057" HPOS="759"/>
<String CONTENT="." HEIGHT="7" WIDTH="8" VPOS="3089" HPOS="812"/>
</TextLine>
<TextLine HEIGHT="57" WIDTH="1823" VPOS="3107" HPOS="411">
<String CONTENT="&#169;" HEIGHT="53" WIDTH="58" VPOS="3111" HPOS="411"/>
<SP HEIGHT="53" WIDTH="25" VPOS="3111" HPOS="470"/>
<String CONTENT="Apr." HEIGHT="51" WIDTH="111" VPOS="3113" HPOS="496"/>
<SP HEIGHT="43" WIDTH="25" VPOS="3112" HPOS="608"/>
<String CONTENT="22," HEIGHT="49" WIDTH="65" VPOS="3112" HPOS="634"/>
<SP HEIGHT="48" WIDTH="34" VPOS="3113" HPOS="700"/>
<String CONTENT="1926;" HEIGHT="52" WIDTH="130" VPOS="3111" HPOS="735"/>
<SP HEIGHT="52" WIDTH="27" VPOS="3111" HPOS="866"/>
<String CONTENT="2c." HEIGHT="44" WIDTH="66" VPOS="3111" HPOS="894"/>
<SP HEIGHT="43" WIDTH="26" VPOS="3112" HPOS="961"/>
<String CONTENT="Apr." HEIGHT="51" WIDTH="112" VPOS="3112" HPOS="988"/>
<SP HEIGHT="42" WIDTH="28" VPOS="3111" HPOS="1101"/>
<String CONTENT="27;" HEIGHT="53" WIDTH="78" VPOS="3110" HPOS="1130"/>
<SP HEIGHT="38" WIDTH="29" VPOS="3125" HPOS="1209"/>
<String CONTENT="aff." HEIGHT="42" WIDTH="77" VPOS="3111" HPOS="1239"/>
<SP HEIGHT="43" WIDTH="30" VPOS="3110" HPOS="1317"/>
<String CONTENT="Apr." HEIGHT="52" WIDTH="112" VPOS="3110" HPOS="1348"/>
<SP HEIGHT="43" WIDTH="27" VPOS="3110" HPOS="1461"/>
<String CONTENT="26;" HEIGHT="52" WIDTH="80" VPOS="3110" HPOS="1489"/>
<SP HEIGHT="53" WIDTH="29" VPOS="3109" HPOS="1570"/>
<!-- cceid 0050C2B1-6E1B-1014-9B7B-CA07F191E62B --><String CONTENT="A" HEIGHT="43" WIDTH="43" VPOS="3109" HPOS="1600"/>
<SP HEIGHT="44" WIDTH="28" VPOS="3109" HPOS="1644"/>
<String CONTENT="894158;" HEIGHT="54" WIDTH="188" VPOS="3107" HPOS="1673"/>
<SP HEIGHT="53" WIDTH="34" VPOS="3108" HPOS="1862"/>
<String CONTENT="G." HEIGHT="46" WIDTH="51" VPOS="3108" HPOS="1897"/>
<SP HEIGHT="45" WIDTH="30" VPOS="3108" HPOS="1949"/>
<String CONTENT="F." HEIGHT="45" WIDTH="50" VPOS="3108" HPOS="1980"/>
<SP HEIGHT="43" WIDTH="31" VPOS="3110" HPOS="2031"/>
<String CONTENT="Miller." HEIGHT="45" WIDTH="171" VPOS="3108" HPOS="2063"/>
</TextLine>
<TextLine HEIGHT="55" WIDTH="269" VPOS="3167" HPOS="493">
<String CONTENT="(26-10504)" HEIGHT="55" WIDTH="269" VPOS="3167" HPOS="493"/>
</TextLine>
<TextLine HEIGHT="72" WIDTH="579" VPOS="3265" HPOS="413" STYLEREFS="StyleId-EF22BBF9-7E35-413A-B131-EBD2D1836A5F-">
<String CONTENT="Norris," HEIGHT="72" WIDTH="238" VPOS="3265" HPOS="413"/>
<SP HEIGHT="71" WIDTH="43" VPOS="3266" HPOS="652"/>
<String CONTENT="Sadie" HEIGHT="59" WIDTH="188" VPOS="3265" HPOS="696"/>
<SP HEIGHT="58" WIDTH="43" VPOS="3265" HPOS="885"/>
<String CONTENT="C." HEIGHT="58" WIDTH="63" VPOS="3265" HPOS="929"/>
</TextLine>
<TextLine HEIGHT="75" WIDTH="1907" VPOS="3351" HPOS="496" STYLEREFS="StyleId-04BF2697-88E0-4982-8892-22B47F017927-">
<String CONTENT="The" HEIGHT="57" WIDTH="128" VPOS="3357" HPOS="496"/>
<SP HEIGHT="38" WIDTH="35" VPOS="3376" HPOS="625"/>
<String CONTENT="road" HEIGHT="57" WIDTH="154" VPOS="3357" HPOS="661"/>
<SP HEIGHT="57" WIDTH="34" VPOS="3357" HPOS="816"/>
<String CONTENT="to" HEIGHT="54" WIDTH="65" VPOS="3360" HPOS="851"/>
<SP HEIGHT="58" WIDTH="32" VPOS="3356" HPOS="917"/>
<String CONTENT="happiness," HEIGHT="71" WIDTH="361" VPOS="3355" HPOS="950"/>
<SP HEIGHT="52" WIDTH="38" VPOS="3374" HPOS="1312"/>
<String CONTENT="and" HEIGHT="56" WIDTH="122" VPOS="3356" HPOS="1351"/>
<SP HEIGHT="58" WIDTH="36" VPOS="3356" HPOS="1474"/>
<String CONTENT="other" HEIGHT="58" WIDTH="175" VPOS="3356" HPOS="1511"/>
<SP HEIGHT="53" WIDTH="31" VPOS="3373" HPOS="1687"/>
<String CONTENT="poems," HEIGHT="53" WIDTH="233" VPOS="3373" HPOS="1719"/>
<SP HEIGHT="72" WIDTH="34" VPOS="3354" HPOS="1953"/>
<String CONTENT="by" HEIGHT="72" WIDTH="84" VPOS="3354" HPOS="1988"/>
<SP HEIGHT="73" WIDTH="38" VPOS="3353" HPOS="2073"/>
<String CONTENT="Sadie" HEIGHT="60" WIDTH="186" VPOS="3352" HPOS="2112"/>
<SP HEIGHT="60" WIDTH="39" VPOS="3351" HPOS="2299"/>
<String CONTENT="C." HEIGHT="60" WIDTH="64" VPOS="3351" HPOS="2339"/>
</TextLine>
<TextLine HEIGHT="74" WIDTH="1973" VPOS="3432" HPOS="411" STYLEREFS="StyleId-04BF2697-88E0-4982-8892-22B47F017927-" CS="1">
<String CONTENT="Norris." HEIGHT="58" WIDTH="240" VPOS="3435" HPOS="411"/>
<SP HEIGHT="56" WIDTH="83" VPOS="3435" HPOS="652"/>
<String CONTENT="Boston," HEIGHT="71" WIDTH="254" VPOS="3435" HPOS="736"/>
<SP HEIGHT="70" WIDTH="24" VPOS="3436" HPOS="991"/>
<String CONTENT="The" HEIGHT="57" WIDTH="130" VPOS="3434" HPOS="1016"/>
<SP HEIGHT="59" WIDTH="24" VPOS="3433" HPOS="1147"/>
<String CONTENT="Christopher" HEIGHT="72" WIDTH="410" VPOS="3432" HPOS="1172"/>
<SP HEIGHT="53" WIDTH="20" VPOS="3452" HPOS="1583"/>
<String CONTENT="publishing" HEIGHT="72" WIDTH="362" VPOS="3433" HPOS="1604"/>
<SP HEIGHT="73" WIDTH="15" VPOS="3432" HPOS="1967"/>
<String CONTENT="house" HEIGHT="57" WIDTH="193" VPOS="3432" HPOS="1983"/>
<SP HEIGHT="52" WIDTH="24" VPOS="3453" HPOS="2177"/>
<String CONTENT="[" HEIGHT="44" WIDTH="13" VPOS="3461" HPOS="2202"/>
<String STYLE="superscript" CONTENT="c" HEIGHT="22" WIDTH="17" VPOS="3440" HPOS="2218"/>
<String CS="1" CONTENT="1926]" HEIGHT="55" WIDTH="145" VPOS="3433" HPOS="2239"/>
</TextLine>
<TextLine HEIGHT="53" WIDTH="591" VPOS="3512" HPOS="485" STYLEREFS="StyleId-04BF2697-88E0-4982-8892-22B47F017927-" CS="1">
<String CONTENT="3" HEIGHT="42" WIDTH="23" VPOS="3514" HPOS="485"/>
<SP HEIGHT="50" WIDTH="24" VPOS="3514" HPOS="509"/>
<String CONTENT="p." HEIGHT="37" WIDTH="37" VPOS="3527" HPOS="534"/>
<SP/>
<String CS="1" CONTENT="l.,"/>
<SP HEIGHT="29" WIDTH="26" VPOS="3535" HPOS="640"/>
<String CONTENT="[9]&#8212;49" HEIGHT="53" WIDTH="141" VPOS="3512" HPOS="667"/>
<SP HEIGHT="51" WIDTH="18" VPOS="3513" HPOS="809"/>
<String CONTENT="p." HEIGHT="37" WIDTH="39" VPOS="3527" HPOS="828"/>
<SP HEIGHT="43" WIDTH="57" VPOS="3512" HPOS="868"/>
<String CS="1" CONTENT="20&#189;" HEIGHT="44" WIDTH="54" VPOS="3512" HPOS="926"/>
<String STYLE="superscript" CONTENT="cm" HEIGHT="18" WIDTH="47" VPOS="3515" HPOS="1014"/>
<String CONTENT="." HEIGHT="9" WIDTH="9" VPOS="3548" HPOS="1067"/>
</TextLine>
<TextLine HEIGHT="66" WIDTH="1985" VPOS="3557" HPOS="415">
<String CONTENT="&#169;" HEIGHT="53" WIDTH="54" VPOS="3569" HPOS="415"/>
<SP HEIGHT="53" WIDTH="35" VPOS="3569" HPOS="470"/>
<String CONTENT="Apr." HEIGHT="51" WIDTH="111" VPOS="3571" HPOS="506"/>
<SP HEIGHT="41" WIDTH="35" VPOS="3571" HPOS="618"/>
<String CONTENT="26," HEIGHT="53" WIDTH="66" VPOS="3570" HPOS="654"/>
<SP HEIGHT="52" WIDTH="38" VPOS="3571" HPOS="721"/>
<String CONTENT="1926;" HEIGHT="50" WIDTH="129" VPOS="3570" HPOS="760"/>
<SP HEIGHT="50" WIDTH="35" VPOS="3570" HPOS="890"/>
<String CONTENT="2c." HEIGHT="44" WIDTH="66" VPOS="3570" HPOS="926"/>
<SP HEIGHT="43" WIDTH="35" VPOS="3571" HPOS="993"/>
<String CONTENT="Apr." HEIGHT="51" WIDTH="112" VPOS="3571" HPOS="1029"/>
<SP HEIGHT="42" WIDTH="36" VPOS="3570" HPOS="1142"/>
<String CONTENT="30;" HEIGHT="52" WIDTH="78" VPOS="3569" HPOS="1179"/>
<SP HEIGHT="38" WIDTH="37" VPOS="3583" HPOS="1258"/>
<String CONTENT="aff. May" HEIGHT="64" WIDTH="231" VPOS="3557" HPOS="1296"/>
<SP HEIGHT="53" WIDTH="34" VPOS="3568" HPOS="1528"/>
<String CONTENT="7;" HEIGHT="52" WIDTH="48" VPOS="3568" HPOS="1563"/>
<SP HEIGHT="52" WIDTH="39" VPOS="3568" HPOS="1612"/>
<!-- cceid 00512A62-6E1B-1014-9B7B-CA07F191E62B --><String CONTENT="A" HEIGHT="43" WIDTH="44" VPOS="3568" HPOS="1652"/>
<SP HEIGHT="43" WIDTH="34" VPOS="3568" HPOS="1697"/>
<String CONTENT="891389;" HEIGHT="52" WIDTH="190" VPOS="3567" HPOS="1732"/>
<SP HEIGHT="55" WIDTH="41" VPOS="3564" HPOS="1923"/>
<String CONTENT="Christopher" HEIGHT="54" WIDTH="298" VPOS="3564" HPOS="1965"/>
<SP HEIGHT="38" WIDTH="34" VPOS="3580" HPOS="2264"/>
<String CONTENT="pub." HEIGHT="53" WIDTH="101" VPOS="3565" HPOS="2299"/>
</TextLine>
<TextLine HEIGHT="56" WIDTH="489" VPOS="3624" HPOS="483">
<String CONTENT="house." HEIGHT="44" WIDTH="152" VPOS="3626" HPOS="483"/>
<SP HEIGHT="53" WIDTH="66" VPOS="3627" HPOS="636"/>
<String CONTENT="(26-10515)" HEIGHT="56" WIDTH="269" VPOS="3624" HPOS="703"/>
</TextLine>
<TextLine HEIGHT="72" WIDTH="798" VPOS="3725" HPOS="413" STYLEREFS="StyleId-EF22BBF9-7E35-413A-B131-EBD2D1836A5F-">
<String CONTENT="Northwestern" HEIGHT="58" WIDTH="468" VPOS="3725" HPOS="413"/>
<SP HEIGHT="43" WIDTH="30" VPOS="3740" HPOS="882"/>
<String CONTENT="reporter." HEIGHT="69" WIDTH="298" VPOS="3728" HPOS="913"/>
</TextLine>
<TextLine HEIGHT="76" WIDTH="1903" VPOS="3812" HPOS="494" STYLEREFS="StyleId-04BF2697-88E0-4982-8892-22B47F017927-">
<String CONTENT="Temporary" HEIGHT="70" WIDTH="390" VPOS="3818" HPOS="494"/>
<SP HEIGHT="72" WIDTH="31" VPOS="3816" HPOS="885"/>
<String CONTENT="North" HEIGHT="57" WIDTH="206" VPOS="3816" HPOS="917"/>
<SP HEIGHT="56" WIDTH="29" VPOS="3817" HPOS="1124"/>
<String CONTENT="western" HEIGHT="55" WIDTH="269" VPOS="3818" HPOS="1154"/>
<SP HEIGHT="56" WIDTH="35" VPOS="3816" HPOS="1424"/>
<String CONTENT="digest" HEIGHT="71" WIDTH="204" VPOS="3815" HPOS="1460"/>
<SP HEIGHT="54" WIDTH="35" VPOS="3817" HPOS="1665"/>
<String CONTENT="of" HEIGHT="56" WIDTH="66" VPOS="3814" HPOS="1701"/>
<SP HEIGHT="56" WIDTH="34" VPOS="3814" HPOS="1768"/>
<String CONTENT="volumes" HEIGHT="56" WIDTH="276" VPOS="3814" HPOS="1803"/>
<SP HEIGHT="56" WIDTH="38" VPOS="3813" HPOS="2080"/>
<String CONTENT="201-205," HEIGHT="71" WIDTH="278" VPOS="3812" HPOS="2119"/>
</TextLine>
<TextLine HEIGHT="77" WIDTH="1982" VPOS="3888" HPOS="417" STYLEREFS="StyleId-04BF2697-88E0-4982-8892-22B47F017927-">
<String CONTENT="North" HEIGHT="58" WIDTH="203" VPOS="3894" HPOS="417"/>
<SP HEIGHT="56" WIDTH="39" VPOS="3895" HPOS="621"/>
<String CONTENT="western" HEIGHT="54" WIDTH="271" VPOS="3898" HPOS="661"/>
<SP HEIGHT="36" WIDTH="42" VPOS="3914" HPOS="933"/>
<String CONTENT="reporter." HEIGHT="69" WIDTH="304" VPOS="3896" HPOS="976"/>
<SP HEIGHT="58" WIDTH="80" VPOS="3892" HPOS="1281"/>
<String CONTENT="By" HEIGHT="72" WIDTH="99" VPOS="3892" HPOS="1362"/>
<SP HEIGHT="68" WIDTH="40" VPOS="3896" HPOS="1462"/>
<String CONTENT="the" HEIGHT="56" WIDTH="107" VPOS="3893" HPOS="1503"/>
<SP HEIGHT="37" WIDTH="39" VPOS="3912" HPOS="1611"/>
<String CONTENT="editorial" HEIGHT="59" WIDTH="290" VPOS="3890" HPOS="1651"/>
<SP HEIGHT="56" WIDTH="45" VPOS="3891" HPOS="1942"/>
<String CONTENT="staff" HEIGHT="59" WIDTH="153" VPOS="3888" HPOS="1988"/>
<SP HEIGHT="57" WIDTH="42" VPOS="3888" HPOS="2142"/>
<String CONTENT="of" HEIGHT="57" WIDTH="66" VPOS="3888" HPOS="2185"/>
<SP HEIGHT="57" WIDTH="42" VPOS="3888" HPOS="2252"/>
<String CONTENT="the" HEIGHT="56" WIDTH="104" VPOS="3888" HPOS="2295"/>
</TextLine>
</TextBlock>
</PrintSpace>
</Page>
</Layout>
</alto>