<alto xmlns="http://www.loc.gov/standards/alto/ns-v3#" xmlns:xlink="http://www.w3.org/1999/xlink" xmlns:xsi="http://www.w3.org/2001/XMLSchema-instance" xsi:schemaLocation="http://www.loc.gov/standards/alto/ns-v3# http://www.loc.gov/alto/v3/alto-3-0.xsd"><Description>
<MeasurementUnit>pixel</MeasurementUnit>
<sourceImageInformation>
<fileName>1926_v23_Part001.pdf</fileName>
</sourceImageInformation>
<OCRProcessing ID="IdOcr">
<ocrProcessingStep>
<processingDateTime>2019-04-10</processingDateTime>
<processingSoftware>
<softwareCreator>ABBYY</softwareCreator>
<softwareName>ABBYY Recognition Server</softwareName>
<softwareVersion>4.0</softwareVersion>
</processingSoftware>
</ocrProcessingStep>
</OCRProcessing>
</Description>
<Styles>
<ParagraphStyle ID="StyleId-FFFFFFFF-FFFF-FFFF-FFFF-FFFFFFFFFFFF-" ALIGN="Left" LEFT="0." RIGHT="0." FIRSTLINE="0."/>
<ParagraphStyle ID="StyleId-22C3EA86-D171-42E2-A7D2-9A866F7D91F9-" ALIGN="Left" LEFT="0." RIGHT="0." FIRSTLINE="0." LINESPACE="8.300000191"/>
<ParagraphStyle ID="StyleId-E3FA4CC6-F5E5-41CA-B4C4-90085BF71B6C-" ALIGN="Block" LEFT="0." RIGHT="0." FIRSTLINE="-14." LINESPACE="8.050000191"/>
<ParagraphStyle ID="StyleId-41118DB3-028A-4115-95B3-BB512DD0EDAE-" ALIGN="Left" LEFT="0." RIGHT="0." FIRSTLINE="-13." LINESPACE="13.30000019"/>
<ParagraphStyle ID="StyleId-A2FB4C2B-BF87-45AD-9689-33B0118FBFC1-" ALIGN="Block" LEFT="0." RIGHT="0." FIRSTLINE="-14." LINESPACE="11.06999969"/>
<ParagraphStyle ID="StyleId-BBBA7B5D-FE2B-4BC7-AC7D-F142900C21B8-" ALIGN="Block" LEFT="0." RIGHT="0." FIRSTLINE="0." LINESPACE="8.899999619"/>
<ParagraphStyle ID="StyleId-3CEA3EEE-4341-4E33-9EF0-A9438AB90A9B-" ALIGN="Center" LEFT="0." RIGHT="0." FIRSTLINE="0." LINESPACE="12.19999981"/>
<ParagraphStyle ID="StyleId-817955BE-3120-4B53-BBD3-920BAE733BFF-" ALIGN="Left" LEFT="0." RIGHT="0." FIRSTLINE="0." LINESPACE="12.19999981"/>
<ParagraphStyle ID="StyleId-456A266C-F799-486A-ACB1-75B61E9815AB-" ALIGN="Left" LEFT="0." RIGHT="0." FIRSTLINE="-13." LINESPACE="8.18999958"/>
<ParagraphStyle ID="StyleId-6A1E9ED6-E5EA-4E31-BD5A-88089B8D7134-" ALIGN="Right" LEFT="0." RIGHT="0." FIRSTLINE="0." LINESPACE="7.699999809"/>
<ParagraphStyle ID="StyleId-C11ABF73-04BC-4F6E-B7E4-01FCA3A26756-" ALIGN="Left" LEFT="0." RIGHT="0." FIRSTLINE="-13." LINESPACE="12.19999981"/>
<ParagraphStyle ID="StyleId-662CF6CF-DB5F-40BE-AD24-E877ED82DD6F-" ALIGN="Block" LEFT="0." RIGHT="0." FIRSTLINE="-14." LINESPACE="11.06999969"/>
<ParagraphStyle ID="StyleId-9361006B-74B5-41BD-BFD3-03318AD64910-" ALIGN="Left" LEFT="0." RIGHT="0." FIRSTLINE="0." LINESPACE="8.899999619"/>
</Styles>
<Layout>
<Page ID="Page1290" PHYSICAL_IMG_NR="1290" HEIGHT="4285" WIDTH="2542">
<TopMargin HEIGHT="350" WIDTH="2542" VPOS="0" HPOS="0">
</TopMargin>
<LeftMargin HEIGHT="3696" WIDTH="360" VPOS="350" HPOS="0">
</LeftMargin>
<RightMargin HEIGHT="3696" WIDTH="158" VPOS="350" HPOS="2384">
</RightMargin>
<BottomMargin HEIGHT="239" WIDTH="2542" VPOS="4046" HPOS="0">
</BottomMargin>
<PrintSpace HEIGHT="3696" WIDTH="2024" VPOS="350" HPOS="360">
<TextBlock ID="Page1290_Block1" HEIGHT="78" WIDTH="170" VPOS="3968" HPOS="1290" LANG="en-US" STYLEREFS="StyleId-A945937C-DE58-4A41-BCD2-04A346CE6401-">
<TextLine HEIGHT="56" WIDTH="150" VPOS="3979" HPOS="1299">
<String CONTENT="1290" HEIGHT="56" WIDTH="150" VPOS="3979" HPOS="1299"/>
</TextLine>
</TextBlock>
<TextBlock ID="Page1290_Block2" HEIGHT="3626" WIDTH="2024" VPOS="350" HPOS="360" LANG="en-US" CS="1" STYLEREFS="StyleId-8BBF6CA9-CD9D-4E7D-87F1-100AFB37739B-">
<TextLine HEIGHT="56" WIDTH="1028" VPOS="450" HPOS="477" CS="1">
<String LANG="de" CS="1" CONTENT="x"/>
<SP HEIGHT="39" WIDTH="26" VPOS="467" HPOS="477"/>
<String LANG="fr" CONTENT="p.," HEIGHT="38" WIDTH="51" VPOS="468" HPOS="504"/>
<SP HEIGHT="51" WIDTH="33" VPOS="454" HPOS="556"/>
<String LANG="de" CONTENT="120" HEIGHT="43" WIDTH="77" VPOS="451" HPOS="590"/>
<SP/>
<String LANG="de" CS="1" CONTENT="pl."/>
<SP/>
<String LANG="en-US" CONTENT="32" HEIGHT="42" WIDTH="53" VPOS="452" HPOS="811"/>
<String STYLE="superscript" LANG="en-US" CONTENT="cm" HEIGHT="17" WIDTH="46" VPOS="453" HPOS="871"/>
<String LANG="en-US" CONTENT="." HEIGHT="10" WIDTH="9" VPOS="485" HPOS="924"/>
<SP HEIGHT="53" WIDTH="67" VPOS="451" HPOS="934"/>
<String LANG="de" CONTENT="(Natur" HEIGHT="53" WIDTH="179" VPOS="451" HPOS="1002"/>
<SP HEIGHT="29" WIDTH="23" VPOS="465" HPOS="1182"/>
<String LANG="de" CONTENT="und" HEIGHT="43" WIDTH="90" VPOS="451" HPOS="1206"/>
<SP HEIGHT="44" WIDTH="27" VPOS="450" HPOS="1297"/>
<String LANG="en-US" CONTENT="kultur)" HEIGHT="54" WIDTH="180" VPOS="450" HPOS="1325"/>
</TextLine>
<TextLine HEIGHT="55" WIDTH="1987" VPOS="505" HPOS="373" STYLEREFS="StyleId-4E89EBB1-84B0-425A-AC1C-BDCB3089B4AD-" CS="1">
<String LANG="en-US" CONTENT="&#169;" HEIGHT="53" WIDTH="52" VPOS="507" HPOS="373"/>
<SP HEIGHT="53" WIDTH="36" VPOS="507" HPOS="426"/>
<String LANG="en-US" CONTENT="Nov." HEIGHT="42" WIDTH="117" VPOS="509" HPOS="463"/>
<SP HEIGHT="42" WIDTH="36" VPOS="508" HPOS="581"/>
<String LANG="en-US" CONTENT="30," HEIGHT="51" WIDTH="65" VPOS="508" HPOS="618"/>
<SP HEIGHT="50" WIDTH="39" VPOS="509" HPOS="684"/>
<String LANG="en-US" CONTENT="1925;" HEIGHT="53" WIDTH="128" VPOS="506" HPOS="724"/>
<SP/>
<String LANG="en-US" CS="1" CONTENT="1c."/>
<SP/>
<String LANG="en-US" CONTENT="June" HEIGHT="50" WIDTH="115" VPOS="509" HPOS="994"/>
<SP HEIGHT="45" WIDTH="36" VPOS="505" HPOS="1110"/>
<String LANG="en-US" CONTENT="7," HEIGHT="53" WIDTH="39" VPOS="505" HPOS="1147"/>
<SP HEIGHT="49" WIDTH="38" VPOS="509" HPOS="1187"/>
<String LANG="en-US" CONTENT="1926;" HEIGHT="52" WIDTH="130" VPOS="506" HPOS="1226"/>
<SP HEIGHT="51" WIDTH="38" VPOS="507" HPOS="1357"/>
<!-- cceid 056F7424-6E1B-1014-9B7B-CA07F191E62B --><String LANG="en-US" CONTENT="A&#8212;Foreign" HEIGHT="53" WIDTH="303" VPOS="506" HPOS="1396"/>
<SP HEIGHT="42" WIDTH="34" VPOS="508" HPOS="1700"/>
<String LANG="en-US" CONTENT="31440;" HEIGHT="51" WIDTH="159" VPOS="508" HPOS="1735"/>
<SP HEIGHT="52" WIDTH="43" VPOS="507" HPOS="1895"/>
<String LANG="de" CONTENT="Gesellschaft" HEIGHT="45" WIDTH="303" VPOS="506" HPOS="1939"/>
<SP HEIGHT="36" WIDTH="36" VPOS="515" HPOS="2243"/>
<String LANG="de" CONTENT="zur" HEIGHT="28" WIDTH="80" VPOS="524" HPOS="2280"/>
</TextLine>
<TextLine HEIGHT="55" WIDTH="1417" VPOS="563" HPOS="475" STYLEREFS="StyleId-4E89EBB1-84B0-425A-AC1C-BDCB3089B4AD-" CS="1">
<String LANG="de" CS="1" CONTENT="verbreitung" HEIGHT="52" WIDTH="259" VPOS="565" HPOS="475"/>
<SP HEIGHT="51" WIDTH="33" VPOS="566" HPOS="735"/>
<String LANG="de" CONTENT="klassischer" HEIGHT="43" WIDTH="272" VPOS="565" HPOS="769"/>
<SP HEIGHT="41" WIDTH="33" VPOS="565" HPOS="1042"/>
<String LANG="de" CONTENT="kunst," HEIGHT="51" WIDTH="148" VPOS="565" HPOS="1076"/>
<SP HEIGHT="37" WIDTH="34" VPOS="579" HPOS="1225"/>
<String LANG="fr" CONTENT="g." HEIGHT="37" WIDTH="42" VPOS="579" HPOS="1260"/>
<SP HEIGHT="28" WIDTH="38" VPOS="579" HPOS="1303"/>
<String LANG="fr" CONTENT="m." HEIGHT="28" WIDTH="56" VPOS="579" HPOS="1342"/>
<SP HEIGHT="43" WIDTH="35" VPOS="564" HPOS="1399"/>
<String LANG="fr" CONTENT="b." HEIGHT="44" WIDTH="40" VPOS="564" HPOS="1435"/>
<SP HEIGHT="44" WIDTH="35" VPOS="564" HPOS="1476"/>
<String LANG="fr" CONTENT="h." HEIGHT="44" WIDTH="42" VPOS="564" HPOS="1512"/>
<SP HEIGHT="53" WIDTH="67" VPOS="565" HPOS="1555"/>
<String LANG="fr" CONTENT="(26-19845)" HEIGHT="55" WIDTH="269" VPOS="563" HPOS="1623"/>
</TextLine>
<TextLine HEIGHT="74" WIDTH="601" VPOS="649" HPOS="376" STYLEREFS="StyleId-E3E46FAA-5806-42A1-B64B-B1A8DC664AEC-">
<String LANG="de" CONTENT="Langton," HEIGHT="72" WIDTH="303" VPOS="651" HPOS="376"/>
<SP HEIGHT="72" WIDTH="36" VPOS="651" HPOS="680"/>
<String LANG="en-US" CONTENT="Neville." HEIGHT="60" WIDTH="260" VPOS="649" HPOS="717"/>
</TextLine>
<TextLine HEIGHT="73" WIDTH="1914" VPOS="740" HPOS="452" STYLEREFS="StyleId-86A3AECC-34EC-4AD3-A9CD-AE724D85F169-" CS="1">
<String LANG="fr" CONTENT="A" HEIGHT="56" WIDTH="59" VPOS="742" HPOS="452"/>
<SP HEIGHT="71" WIDTH="33" VPOS="742" HPOS="512"/>
<String LANG="en-US" CONTENT="year" HEIGHT="52" WIDTH="153" VPOS="761" HPOS="546"/>
<SP HEIGHT="37" WIDTH="39" VPOS="761" HPOS="700"/>
<String LANG="en-US" CONTENT="with" HEIGHT="58" WIDTH="152" VPOS="740" HPOS="740"/>
<SP HEIGHT="59" WIDTH="40" VPOS="740" HPOS="893"/>
<String LANG="en-US" CONTENT="Sedna," HEIGHT="73" WIDTH="226" VPOS="740" HPOS="934"/>
<SP HEIGHT="72" WIDTH="42" VPOS="741" HPOS="1161"/>
<String LANG="en-US" CONTENT="by" HEIGHT="71" WIDTH="82" VPOS="741" HPOS="1204"/>
<SP HEIGHT="72" WIDTH="36" VPOS="740" HPOS="1287"/>
<String LANG="en-US" CONTENT="Neville" HEIGHT="58" WIDTH="243" VPOS="740" HPOS="1324"/>
<SP HEIGHT="58" WIDTH="37" VPOS="740" HPOS="1568"/>
<String LANG="de" CONTENT="Langton" HEIGHT="73" WIDTH="286" VPOS="740" HPOS="1606"/>
<SP HEIGHT="38" WIDTH="46" VPOS="761" HPOS="1893"/>
<String LANG="en-US" CS="1" CONTENT="&#8230;"/>
<SP HEIGHT="57" WIDTH="83" VPOS="741" HPOS="2004"/>
<String LANG="en-US" CONTENT="London," HEIGHT="72" WIDTH="278" VPOS="741" HPOS="2088"/>
</TextLine>
<TextLine HEIGHT="73" WIDTH="1033" VPOS="818" HPOS="376" STYLEREFS="StyleId-86A3AECC-34EC-4AD3-A9CD-AE724D85F169-">
<String CONTENT="Hutchinson" HEIGHT="58" WIDTH="393" VPOS="819" HPOS="376"/>
<SP HEIGHT="37" WIDTH="30" VPOS="839" HPOS="770"/>
<String CONTENT="and" HEIGHT="56" WIDTH="123" VPOS="820" HPOS="801"/>
<SP HEIGHT="55" WIDTH="26" VPOS="820" HPOS="925"/>
<String CONTENT="co.," HEIGHT="50" WIDTH="107" VPOS="838" HPOS="952"/>
<SP HEIGHT="69" WIDTH="25" VPOS="819" HPOS="1060"/>
<String CONTENT="ltd." HEIGHT="56" WIDTH="109" VPOS="819" HPOS="1086"/>
<SP HEIGHT="42" WIDTH="31" VPOS="846" HPOS="1196"/>
<String CONTENT="[1926]" HEIGHT="73" WIDTH="181" VPOS="818" HPOS="1228"/>
</TextLine>
<TextLine HEIGHT="57" WIDTH="873" VPOS="893" HPOS="444" STYLEREFS="StyleId-4E89EBB1-84B0-425A-AC1C-BDCB3089B4AD-" CS="1">
<String CONTENT="2" HEIGHT="42" WIDTH="26" VPOS="900" HPOS="444"/>
<SP/>
<String CS="1" CONTENT="p."/>
<SP/>
<String CS="1" CONTENT="l.,"/>
<SP HEIGHT="53" WIDTH="25" VPOS="896" HPOS="607"/>
<String CONTENT="7-285," HEIGHT="54" WIDTH="150" VPOS="896" HPOS="633"/>
<SP HEIGHT="37" WIDTH="29" VPOS="913" HPOS="784"/>
<String CONTENT="[1]" HEIGHT="46" WIDTH="53" VPOS="897" HPOS="814"/>
<SP HEIGHT="38" WIDTH="28" VPOS="910" HPOS="868"/>
<String CONTENT="p." HEIGHT="38" WIDTH="39" VPOS="910" HPOS="897"/>
<SP HEIGHT="40" WIDTH="62" VPOS="898" HPOS="937"/>
<String CONTENT="19" HEIGHT="42" WIDTH="48" VPOS="898" HPOS="1000"/>
<String STYLE="superscript" CONTENT="cm" HEIGHT="17" WIDTH="45" VPOS="897" HPOS="1056"/>
<String CONTENT="." HEIGHT="9" WIDTH="9" VPOS="930" HPOS="1108"/>
<SP/>
<String CONTENT="7/6" HEIGHT="48" WIDTH="85" VPOS="893" HPOS="1232"/>
</TextLine>
<TextLine HEIGHT="55" WIDTH="1988" VPOS="951" HPOS="372" STYLEREFS="StyleId-4E89EBB1-84B0-425A-AC1C-BDCB3089B4AD-" CS="1">
<String CONTENT="&#169;" HEIGHT="53" WIDTH="55" VPOS="953" HPOS="372"/>
<SP/>
<String CS="1" CONTENT="1c."/>
<SP/>
<String CONTENT="July" HEIGHT="53" WIDTH="105" VPOS="953" HPOS="551"/>
<SP HEIGHT="52" WIDTH="27" VPOS="954" HPOS="657"/>
<String CONTENT="23," HEIGHT="52" WIDTH="68" VPOS="954" HPOS="685"/>
<SP HEIGHT="50" WIDTH="32" VPOS="956" HPOS="754"/>
<String CONTENT="1926;" HEIGHT="51" WIDTH="130" VPOS="954" HPOS="787"/>
<SP HEIGHT="52" WIDTH="33" VPOS="953" HPOS="918"/>
<!-- cceid 056F9C13-6E1B-1014-9B7B-CA07F191E62B --><String CONTENT="A" HEIGHT="43" WIDTH="44" VPOS="953" HPOS="952"/>
<SP HEIGHT="43" WIDTH="29" VPOS="953" HPOS="997"/>
<String CONTENT="ad" HEIGHT="43" WIDTH="55" VPOS="953" HPOS="1027"/>
<SP HEIGHT="43" WIDTH="32" VPOS="953" HPOS="1083"/>
<String CONTENT="int." HEIGHT="43" WIDTH="76" VPOS="953" HPOS="1116"/>
<SP HEIGHT="42" WIDTH="31" VPOS="953" HPOS="1193"/>
<String CONTENT="8355;" HEIGHT="53" WIDTH="132" VPOS="951" HPOS="1225"/>
<SP HEIGHT="38" WIDTH="34" VPOS="966" HPOS="1358"/>
<String CONTENT="pubd." HEIGHT="51" WIDTH="129" VPOS="953" HPOS="1393"/>
<SP HEIGHT="42" WIDTH="33" VPOS="953" HPOS="1523"/>
<String CONTENT="May" HEIGHT="52" WIDTH="111" VPOS="953" HPOS="1557"/>
<SP HEIGHT="53" WIDTH="28" VPOS="952" HPOS="1669"/>
<String CONTENT="28;" HEIGHT="52" WIDTH="79" VPOS="952" HPOS="1698"/>
<SP HEIGHT="52" WIDTH="33" VPOS="952" HPOS="1778"/>
<String CONTENT="N." HEIGHT="43" WIDTH="60" VPOS="952" HPOS="1812"/>
<SP HEIGHT="43" WIDTH="33" VPOS="952" HPOS="1873"/>
<String LANG="de" CONTENT="Langton," HEIGHT="53" WIDTH="221" VPOS="952" HPOS="1907"/>
<SP HEIGHT="53" WIDTH="31" VPOS="952" HPOS="2129"/>
<String CONTENT="London." HEIGHT="44" WIDTH="199" VPOS="952" HPOS="2161"/>
</TextLine>
<TextLine HEIGHT="56" WIDTH="267" VPOS="1010" HPOS="453" STYLEREFS="StyleId-4E89EBB1-84B0-425A-AC1C-BDCB3089B4AD-">
<String CONTENT="(26-20322)" HEIGHT="56" WIDTH="267" VPOS="1010" HPOS="453"/>
</TextLine>
<TextLine HEIGHT="75" WIDTH="875" VPOS="1094" HPOS="374" STYLEREFS="StyleId-B3C3AC06-715B-4F29-B74A-15D86DAADC03-">
<String CONTENT="Larrouy," HEIGHT="74" WIDTH="300" VPOS="1095" HPOS="374"/>
<SP HEIGHT="69" WIDTH="41" VPOS="1096" HPOS="675"/>
<String CONTENT="Maurice," HEIGHT="70" WIDTH="298" VPOS="1094" HPOS="717"/>
<SP HEIGHT="66" WIDTH="43" VPOS="1098" HPOS="1016"/>
<String CONTENT="1882-" HEIGHT="56" WIDTH="189" VPOS="1097" HPOS="1060"/>
</TextLine>
<TextLine HEIGHT="72" WIDTH="1846" VPOS="1195" HPOS="519" STYLEREFS="StyleId-BD23D783-5612-45BC-878C-912724C1B764-" CS="1">
<String LANG="en-US" CS="1" CONTENT="&#8230;"/>
<SP HEIGHT="58" WIDTH="54" VPOS="1198" HPOS="519"/>
<String LANG="fr" CONTENT="Leurs" HEIGHT="55" WIDTH="198" VPOS="1198" HPOS="574"/>
<SP HEIGHT="53" WIDTH="51" VPOS="1214" HPOS="773"/>
<String LANG="fr" CONTENT="petites" HEIGHT="72" WIDTH="229" VPOS="1195" HPOS="825"/>
<SP HEIGHT="38" WIDTH="50" VPOS="1215" HPOS="1055"/>
<String LANG="fr" CONTENT="majest&#233;s." HEIGHT="72" WIDTH="317" VPOS="1195" HPOS="1106"/>
<SP HEIGHT="55" WIDTH="90" VPOS="1196" HPOS="1424"/>
<String LANG="en-US" CONTENT="Paris," HEIGHT="72" WIDTH="203" VPOS="1195" HPOS="1515"/>
<SP HEIGHT="71" WIDTH="52" VPOS="1196" HPOS="1719"/>
<String LANG="fr" CONTENT="Les" HEIGHT="56" WIDTH="119" VPOS="1196" HPOS="1772"/>
<SP HEIGHT="56" WIDTH="54" VPOS="1196" HPOS="1892"/>
<String LANG="en-US" CONTENT="Editions" HEIGHT="58" WIDTH="290" VPOS="1195" HPOS="1947"/>
<SP HEIGHT="56" WIDTH="52" VPOS="1197" HPOS="2238"/>
<String LANG="fr" CONTENT="de" HEIGHT="56" WIDTH="74" VPOS="1197" HPOS="2291"/>
</TextLine>
<TextLine HEIGHT="73" WIDTH="481" VPOS="1272" HPOS="378" STYLEREFS="StyleId-BD23D783-5612-45BC-878C-912724C1B764-">
<String CONTENT="France," HEIGHT="72" WIDTH="259" VPOS="1273" HPOS="378"/>
<SP HEIGHT="66" WIDTH="32" VPOS="1279" HPOS="638"/>
<String STYLE="superscript" CONTENT="c" HEIGHT="23" WIDTH="20" VPOS="1279" HPOS="671"/>
<String CONTENT="1926." HEIGHT="57" WIDTH="165" VPOS="1272" HPOS="694"/>
</TextLine>
<TextLine HEIGHT="54" WIDTH="660" VPOS="1350" HPOS="440" CS="1">
<String LANG="en-US" CONTENT="3" HEIGHT="42" WIDTH="23" VPOS="1354" HPOS="440"/>
<SP/>
<String LANG="en-US" CONTENT="p." HEIGHT="38" WIDTH="40" VPOS="1366" HPOS="495"/>
<SP HEIGHT="45" WIDTH="29" VPOS="1350" HPOS="536"/>
<String LANG="en-US" CONTENT="1." HEIGHT="51" WIDTH="43" VPOS="1350" HPOS="566"/>
<SP HEIGHT="49" WIDTH="26" VPOS="1352" HPOS="610"/>
<String LANG="en-US" CONTENT="268" HEIGHT="44" WIDTH="83" VPOS="1351" HPOS="637"/>
<SP HEIGHT="50" WIDTH="27" VPOS="1352" HPOS="721"/>
<String LANG="fr" CS="1" CONTENT="p.,"/>
<SP/>
<String LANG="fr" CS="1" CONTENT="1"/>
<SP/>
<String LANG="fr" CS="1" CONTENT="l."/>
<SP HEIGHT="42" WIDTH="62" VPOS="1351" HPOS="920"/>
<String LANG="en-US" CONTENT="19" HEIGHT="44" WIDTH="50" VPOS="1350" HPOS="983"/>
<String STYLE="superscript" LANG="en-US" CS="1" CONTENT="cm" HEIGHT="17" WIDTH="15" VPOS="1352" HPOS="1039"/>
<String LANG="en-US" CONTENT="." HEIGHT="9" WIDTH="9" VPOS="1383" HPOS="1091"/>
</TextLine>
<TextLine HEIGHT="58" WIDTH="1825" VPOS="1401" HPOS="371" CS="1">
<String CONTENT="&#169;" HEIGHT="53" WIDTH="56" VPOS="1405" HPOS="371"/>
<SP HEIGHT="54" WIDTH="29" VPOS="1405" HPOS="428"/>
<String CONTENT="July" HEIGHT="53" WIDTH="106" VPOS="1406" HPOS="458"/>
<SP HEIGHT="51" WIDTH="31" VPOS="1407" HPOS="565"/>
<String CONTENT="1," HEIGHT="48" WIDTH="33" VPOS="1407" HPOS="597"/>
<SP HEIGHT="48" WIDTH="34" VPOS="1407" HPOS="631"/>
<String CONTENT="1926;" HEIGHT="52" WIDTH="129" VPOS="1404" HPOS="666"/>
<SP/>
<String CS="1" CONTENT="1c."/>
<SP/>
<String CONTENT="Sept." HEIGHT="54" WIDTH="122" VPOS="1402" HPOS="928"/>
<SP HEIGHT="45" WIDTH="30" VPOS="1402" HPOS="1051"/>
<String CONTENT="7;" HEIGHT="54" WIDTH="50" VPOS="1402" HPOS="1082"/>
<SP HEIGHT="52" WIDTH="32" VPOS="1404" HPOS="1133"/>
<!-- cceid 056FC148-6E1B-1014-9B7B-CA07F191E62B --><String CONTENT="A&#8212;Foreign" HEIGHT="54" WIDTH="303" VPOS="1402" HPOS="1166"/>
<SP HEIGHT="42" WIDTH="30" VPOS="1405" HPOS="1470"/>
<String CONTENT="31853;" HEIGHT="55" WIDTH="160" VPOS="1401" HPOS="1501"/>
<SP HEIGHT="52" WIDTH="34" VPOS="1404" HPOS="1662"/>
<String CONTENT="M." HEIGHT="44" WIDTH="65" VPOS="1404" HPOS="1697"/>
<SP HEIGHT="45" WIDTH="33" VPOS="1403" HPOS="1763"/>
<String CONTENT="Larrouy," HEIGHT="54" WIDTH="220" VPOS="1403" HPOS="1797"/>
<SP HEIGHT="52" WIDTH="33" VPOS="1404" HPOS="2018"/>
<String CONTENT="Paris." HEIGHT="44" WIDTH="144" VPOS="1403" HPOS="2052"/>
</TextLine>
<TextLine HEIGHT="59" WIDTH="270" VPOS="1461" HPOS="453">
<String CONTENT="(26-17759)" HEIGHT="59" WIDTH="270" VPOS="1461" HPOS="453"/>
</TextLine>
<TextLine HEIGHT="71" WIDTH="1238" VPOS="1547" HPOS="376" STYLEREFS="StyleId-B3C3AC06-715B-4F29-B74A-15D86DAADC03-" CS="1">
<String CONTENT="Larson," HEIGHT="69" WIDTH="253" VPOS="1549" HPOS="376"/>
<SP HEIGHT="69" WIDTH="41" VPOS="1549" HPOS="630"/>
<String CONTENT="Henrietta" HEIGHT="59" WIDTH="333" VPOS="1547" HPOS="672"/>
<SP HEIGHT="58" WIDTH="34" VPOS="1547" HPOS="1006"/>
<String CONTENT="M" HEIGHT="58" WIDTH="70" VPOS="1547" HPOS="1041"/>
<SP/>
<String CONTENT="1894-" HEIGHT="57" WIDTH="191" VPOS="1549" HPOS="1423"/>
</TextLine>
<TextLine HEIGHT="72" WIDTH="1842" VPOS="1638" HPOS="524" STYLEREFS="StyleId-BD23D783-5612-45BC-878C-912724C1B764-" CS="1">
<String CS="1" CONTENT="&#8230;"/>
<SP HEIGHT="58" WIDTH="47" VPOS="1640" HPOS="524"/>
<String CONTENT="The" HEIGHT="57" WIDTH="129" VPOS="1640" HPOS="572"/>
<SP HEIGHT="38" WIDTH="41" VPOS="1659" HPOS="702"/>
<String CONTENT="wheat" HEIGHT="55" WIDTH="207" VPOS="1640" HPOS="744"/>
<SP HEIGHT="54" WIDTH="37" VPOS="1641" HPOS="952"/>
<String CONTENT="market" HEIGHT="57" WIDTH="244" VPOS="1638" HPOS="990"/>
<SP HEIGHT="53" WIDTH="45" VPOS="1642" HPOS="1235"/>
<String CONTENT="and" HEIGHT="55" WIDTH="125" VPOS="1640" HPOS="1281"/>
<SP HEIGHT="55" WIDTH="41" VPOS="1640" HPOS="1407"/>
<String CONTENT="the" HEIGHT="57" WIDTH="103" VPOS="1638" HPOS="1449"/>
<SP HEIGHT="57" WIDTH="42" VPOS="1638" HPOS="1553"/>
<String CONTENT="farmer" HEIGHT="57" WIDTH="243" VPOS="1638" HPOS="1596"/>
<SP HEIGHT="56" WIDTH="39" VPOS="1638" HPOS="1840"/>
<String CONTENT="in" HEIGHT="56" WIDTH="66" VPOS="1638" HPOS="1880"/>
<SP HEIGHT="56" WIDTH="43" VPOS="1638" HPOS="1947"/>
<String CONTENT="Minnesota," HEIGHT="72" WIDTH="375" VPOS="1638" HPOS="1991"/>
</TextLine>
<TextLine HEIGHT="75" WIDTH="1987" VPOS="1714" HPOS="380" STYLEREFS="StyleId-BD23D783-5612-45BC-878C-912724C1B764-" CS="1">
<String CONTENT="1858-1900," HEIGHT="72" WIDTH="356" VPOS="1717" HPOS="380"/>
<SP HEIGHT="73" WIDTH="38" VPOS="1716" HPOS="737"/>
<String CONTENT="by" HEIGHT="72" WIDTH="84" VPOS="1716" HPOS="776"/>
<SP HEIGHT="73" WIDTH="36" VPOS="1715" HPOS="861"/>
<String CONTENT="Henrietta" HEIGHT="58" WIDTH="338" VPOS="1715" HPOS="898"/>
<SP HEIGHT="57" WIDTH="37" VPOS="1715" HPOS="1237"/>
<String CONTENT="M." HEIGHT="57" WIDTH="83" VPOS="1715" HPOS="1275"/>
<SP HEIGHT="56" WIDTH="41" VPOS="1715" HPOS="1359"/>
<String CONTENT="Larson," HEIGHT="73" WIDTH="262" VPOS="1715" HPOS="1401"/>
<SP HEIGHT="53" WIDTH="39" VPOS="1735" HPOS="1664"/>
<String CS="1" CONTENT="PH." HEIGHT="12" WIDTH="12" VPOS="1761" HPOS="1799"/>
<SP HEIGHT="38" WIDTH="39" VPOS="1735" HPOS="1812"/>
<String CS="1" CONTENT="D." HEIGHT="12" WIDTH="12" VPOS="1762" HPOS="1893"/>
<SP HEIGHT="59" WIDTH="80" VPOS="1715" HPOS="1906"/>
<String CONTENT="New" HEIGHT="58" WIDTH="152" VPOS="1715" HPOS="1987"/>
<SP HEIGHT="57" WIDTH="35" VPOS="1715" HPOS="2140"/>
<String CONTENT="York," HEIGHT="74" WIDTH="191" VPOS="1714" HPOS="2176"/>
</TextLine>
<TextLine HEIGHT="76" WIDTH="1278" VPOS="1792" HPOS="380" STYLEREFS="StyleId-BD23D783-5612-45BC-878C-912724C1B764-">
<String CONTENT="Columbia" HEIGHT="60" WIDTH="325" VPOS="1794" HPOS="380"/>
<SP HEIGHT="37" WIDTH="23" VPOS="1814" HPOS="706"/>
<String CONTENT="university;" HEIGHT="73" WIDTH="384" VPOS="1792" HPOS="730"/>
<SP HEIGHT="51" WIDTH="34" VPOS="1817" HPOS="1115"/>
<String CONTENT="[etc.," HEIGHT="72" WIDTH="149" VPOS="1796" HPOS="1150"/>
<SP HEIGHT="52" WIDTH="30" VPOS="1812" HPOS="1300"/>
<String CONTENT="etc.]" HEIGHT="72" WIDTH="130" VPOS="1796" HPOS="1331"/>
<SP HEIGHT="73" WIDTH="30" VPOS="1795" HPOS="1462"/>
<String CONTENT="1926." HEIGHT="58" WIDTH="165" VPOS="1793" HPOS="1493"/>
</TextLine>
<TextLine HEIGHT="57" WIDTH="1922" VPOS="1868" HPOS="444" CS="1">
<String CONTENT="273" HEIGHT="45" WIDTH="81" VPOS="1871" HPOS="444"/>
<SP HEIGHT="52" WIDTH="23" VPOS="1872" HPOS="526"/>
<String CONTENT="p." HEIGHT="39" WIDTH="40" VPOS="1885" HPOS="550"/>
<SP HEIGHT="43" WIDTH="57" VPOS="1871" HPOS="591"/>
<String CONTENT="illus." HEIGHT="44" WIDTH="114" VPOS="1871" HPOS="649"/>
<SP HEIGHT="54" WIDTH="26" VPOS="1871" HPOS="764"/>
<String CONTENT="(double" HEIGHT="55" WIDTH="189" VPOS="1870" HPOS="791"/>
<SP HEIGHT="29" WIDTH="27" VPOS="1885" HPOS="981"/>
<String CONTENT="map)" HEIGHT="53" WIDTH="128" VPOS="1870" HPOS="1009"/>
<SP HEIGHT="53" WIDTH="36" VPOS="1870" HPOS="1138"/>
<String CONTENT="diagrs." HEIGHT="54" WIDTH="167" VPOS="1869" HPOS="1175"/>
<SP HEIGHT="43" WIDTH="53" VPOS="1870" HPOS="1343"/>
<String CONTENT="23" HEIGHT="44" WIDTH="53" VPOS="1870" HPOS="1397"/>
<String STYLE="superscript" CS="1" CONTENT="cm" HEIGHT="17" WIDTH="16" VPOS="1873" HPOS="1457"/>
<String CONTENT="." HEIGHT="9" WIDTH="10" VPOS="1905" HPOS="1510"/>
<SP HEIGHT="54" WIDTH="66" VPOS="1870" HPOS="1521"/>
<String CONTENT="(Studies" HEIGHT="56" WIDTH="208" VPOS="1868" HPOS="1588"/>
<SP HEIGHT="45" WIDTH="28" VPOS="1869" HPOS="1797"/>
<String CONTENT="in" HEIGHT="45" WIDTH="43" VPOS="1869" HPOS="1826"/>
<SP HEIGHT="45" WIDTH="24" VPOS="1869" HPOS="1870"/>
<String CONTENT="history," HEIGHT="55" WIDTH="190" VPOS="1868" HPOS="1895"/>
<SP HEIGHT="37" WIDTH="26" VPOS="1885" HPOS="2086"/>
<String CONTENT="economics" HEIGHT="46" WIDTH="253" VPOS="1869" HPOS="2113"/>
</TextLine>
<TextLine HEIGHT="114" WIDTH="1971" VPOS="1925" HPOS="377" CS="1">
<String CONTENT="and" HEIGHT="43" WIDTH="87" VPOS="1930" HPOS="377"/>
<SP HEIGHT="51" WIDTH="28" VPOS="1930" HPOS="465"/>
<String CONTENT="public" HEIGHT="52" WIDTH="147" VPOS="1929" HPOS="494"/>
<SP HEIGHT="43" WIDTH="27" VPOS="1929" HPOS="642"/>
<String CONTENT="law," HEIGHT="51" WIDTH="101" VPOS="1929" HPOS="670"/>
<SP HEIGHT="37" WIDTH="30" VPOS="1943" HPOS="772"/>
<String CONTENT="ed." HEIGHT="44" WIDTH="66" VPOS="1928" HPOS="803"/>
<SP HEIGHT="44" WIDTH="28" VPOS="1928" HPOS="870"/>
<String CONTENT="by" HEIGHT="52" WIDTH="59" VPOS="1928" HPOS="899"/>
<SP HEIGHT="45" WIDTH="28" VPOS="1935" HPOS="959"/>
<String CONTENT="the" HEIGHT="44" WIDTH="76" VPOS="1927" HPOS="988"/>
<SP HEIGHT="45" WIDTH="31" VPOS="1926" HPOS="1065"/>
<String CONTENT="Faculty" HEIGHT="54" WIDTH="192" VPOS="1926" HPOS="1097"/>
<SP HEIGHT="39" WIDTH="28" VPOS="1941" HPOS="1290"/>
<String CONTENT="of" HEIGHT="45" WIDTH="52" VPOS="1926" HPOS="1319"/>
<SP HEIGHT="54" WIDTH="27" VPOS="1926" HPOS="1372"/>
<String CONTENT="political" HEIGHT="54" WIDTH="200" VPOS="1926" HPOS="1400"/>
<SP HEIGHT="44" WIDTH="29" VPOS="1927" HPOS="1601"/>
<String CONTENT="science" HEIGHT="46" WIDTH="172" VPOS="1926" HPOS="1631"/>
<SP HEIGHT="30" WIDTH="29" VPOS="1942" HPOS="1804"/>
<String CONTENT="of" HEIGHT="46" WIDTH="52" VPOS="1926" HPOS="1834"/>
<SP HEIGHT="47" WIDTH="30" VPOS="1925" HPOS="1887"/>
<String CONTENT="Columbia" HEIGHT="48" WIDTH="239" VPOS="1925" HPOS="1918"/>
<SP HEIGHT="30" WIDTH="29" VPOS="1942" HPOS="2158"/>
<String CONTENT="university," HEIGHT="113" WIDTH="1971" VPOS="1926" HPOS="377"/>
<SP HEIGHT="36" WIDTH="27" VPOS="2002" HPOS="480"/>
<String CONTENT="vol." HEIGHT="44" WIDTH="86" VPOS="1986" HPOS="508"/>
<SP HEIGHT="31" WIDTH="28" VPOS="1999" HPOS="595"/>
<String CS="1" CONTENT="CXXII," HEIGHT="17" WIDTH="13" VPOS="2021" HPOS="769"/>
<SP HEIGHT="39" WIDTH="28" VPOS="1999" HPOS="783"/>
<String CONTENT="no." HEIGHT="30" WIDTH="72" VPOS="1999" HPOS="812"/>
<SP HEIGHT="45" WIDTH="28" VPOS="1984" HPOS="885"/>
<String CONTENT="2;" HEIGHT="53" WIDTH="51" VPOS="1984" HPOS="914"/>
<SP HEIGHT="39" WIDTH="31" VPOS="1998" HPOS="966"/>
<String CONTENT="whole" HEIGHT="46" WIDTH="147" VPOS="1983" HPOS="998"/>
<SP HEIGHT="30" WIDTH="27" VPOS="1999" HPOS="1146"/>
<String CONTENT="no." HEIGHT="30" WIDTH="70" VPOS="1999" HPOS="1174"/>
<SP HEIGHT="45" WIDTH="27" VPOS="1983" HPOS="1245"/>
<String CONTENT="269)" HEIGHT="54" WIDTH="109" VPOS="1983" HPOS="1273"/>
</TextLine>
<TextLine HEIGHT="56" WIDTH="1565" VPOS="2041" HPOS="450" CS="1">
<String CONTENT="Published" HEIGHT="45" WIDTH="244" VPOS="2043" HPOS="450"/>
<SP HEIGHT="42" WIDTH="22" VPOS="2044" HPOS="695"/>
<String CONTENT="also" HEIGHT="44" WIDTH="99" VPOS="2043" HPOS="718"/>
<SP HEIGHT="29" WIDTH="22" VPOS="2058" HPOS="818"/>
<String CONTENT="as" HEIGHT="28" WIDTH="48" VPOS="2058" HPOS="841"/>
<SP HEIGHT="36" WIDTH="27" VPOS="2050" HPOS="890"/>
<String CONTENT="thesis" HEIGHT="44" WIDTH="138" VPOS="2042" HPOS="918"/>
<SP HEIGHT="54" WIDTH="36" VPOS="2043" HPOS="1057"/>
<String CS="1" CONTENT="(PH." HEIGHT="54" WIDTH="106" VPOS="2043" HPOS="1094"/>
<SP HEIGHT="31" WIDTH="30" VPOS="2056" HPOS="1201"/>
<String CS="1" CONTENT="D.)" HEIGHT="55" WIDTH="36" VPOS="2042" HPOS="1260"/>
<SP HEIGHT="55" WIDTH="37" VPOS="2042" HPOS="1297"/>
<String CONTENT="Columbia" HEIGHT="46" WIDTH="239" VPOS="2041" HPOS="1335"/>
<SP HEIGHT="30" WIDTH="24" VPOS="2057" HPOS="1575"/>
<String CONTENT="university," HEIGHT="55" WIDTH="264" VPOS="2041" HPOS="1600"/>
<SP HEIGHT="53" WIDTH="30" VPOS="2043" HPOS="1865"/>
<String CONTENT="1926." HEIGHT="46" WIDTH="119" VPOS="2041" HPOS="1896"/>
</TextLine>
<TextLine HEIGHT="56" WIDTH="662" VPOS="2098" HPOS="448">
<String CONTENT="Bibliography:" HEIGHT="55" WIDTH="350" VPOS="2099" HPOS="448"/>
<SP HEIGHT="40" WIDTH="31" VPOS="2114" HPOS="799"/>
<String CONTENT="p." HEIGHT="39" WIDTH="40" VPOS="2115" HPOS="831"/>
<SP HEIGHT="44" WIDTH="30" VPOS="2099" HPOS="872"/>
<String CONTENT="257-264." HEIGHT="47" WIDTH="207" VPOS="2098" HPOS="903"/>
</TextLine>
<TextLine HEIGHT="57" WIDTH="1992" VPOS="2154" HPOS="377">
<String CONTENT="&#169;" HEIGHT="55" WIDTH="53" VPOS="2156" HPOS="377"/>
<SP HEIGHT="55" WIDTH="22" VPOS="2156" HPOS="431"/>
<String CONTENT="June" HEIGHT="51" WIDTH="116" VPOS="2159" HPOS="454"/>
<SP HEIGHT="41" WIDTH="28" VPOS="2161" HPOS="571"/>
<String CONTENT="18," HEIGHT="51" WIDTH="61" VPOS="2158" HPOS="600"/>
<SP HEIGHT="49" WIDTH="30" VPOS="2160" HPOS="662"/>
<String CONTENT="1926;" HEIGHT="55" WIDTH="129" VPOS="2154" HPOS="693"/>
<SP HEIGHT="51" WIDTH="24" VPOS="2158" HPOS="823"/>
<String CONTENT="2c." HEIGHT="43" WIDTH="66" VPOS="2158" HPOS="848"/>
<SP HEIGHT="29" WIDTH="26" VPOS="2172" HPOS="915"/>
<String CONTENT="and" HEIGHT="43" WIDTH="87" VPOS="2158" HPOS="942"/>
<SP HEIGHT="43" WIDTH="26" VPOS="2158" HPOS="1030"/>
<String CONTENT="aff." HEIGHT="43" WIDTH="78" VPOS="2158" HPOS="1057"/>
<SP HEIGHT="51" WIDTH="28" VPOS="2159" HPOS="1136"/>
<String CONTENT="July" HEIGHT="53" WIDTH="106" VPOS="2157" HPOS="1165"/>
<SP HEIGHT="52" WIDTH="29" VPOS="2158" HPOS="1272"/>
<String CONTENT="19;" HEIGHT="53" WIDTH="73" VPOS="2157" HPOS="1302"/>
<SP HEIGHT="53" WIDTH="29" VPOS="2157" HPOS="1376"/>
<!-- cceid 056FEA0D-6E1B-1014-9B7B-CA07F191E62B --><String CONTENT="A" HEIGHT="43" WIDTH="44" VPOS="2157" HPOS="1406"/>
<SP HEIGHT="44" WIDTH="27" VPOS="2157" HPOS="1451"/>
<String CONTENT="897493;" HEIGHT="54" WIDTH="190" VPOS="2156" HPOS="1479"/>
<SP HEIGHT="52" WIDTH="27" VPOS="2158" HPOS="1670"/>
<String LANG="fr" CONTENT="H." HEIGHT="43" WIDTH="62" VPOS="2158" HPOS="1698"/>
<SP HEIGHT="43" WIDTH="29" VPOS="2158" HPOS="1761"/>
<String CONTENT="M." HEIGHT="43" WIDTH="66" VPOS="2158" HPOS="1791"/>
<SP HEIGHT="43" WIDTH="29" VPOS="2158" HPOS="1858"/>
<String CONTENT="Larson," HEIGHT="52" WIDTH="187" VPOS="2158" HPOS="1888"/>
<SP HEIGHT="51" WIDTH="29" VPOS="2159" HPOS="2076"/>
<String CONTENT="Rochester," HEIGHT="54" WIDTH="263" VPOS="2157" HPOS="2106"/>
</TextLine>
<TextLine HEIGHT="55" WIDTH="482" VPOS="2215" HPOS="450">
<String CONTENT="Minn." HEIGHT="42" WIDTH="143" VPOS="2217" HPOS="450"/>
<SP HEIGHT="53" WIDTH="66" VPOS="2217" HPOS="594"/>
<String CONTENT="(26-19843)" HEIGHT="55" WIDTH="271" VPOS="2215" HPOS="661"/>
</TextLine>
<TextLine HEIGHT="71" WIDTH="957" VPOS="2299" HPOS="376" STYLEREFS="StyleId-B3C3AC06-715B-4F29-B74A-15D86DAADC03-">
<String CONTENT="Lawson," HEIGHT="69" WIDTH="279" VPOS="2301" HPOS="376"/>
<SP HEIGHT="69" WIDTH="41" VPOS="2301" HPOS="656"/>
<String CONTENT="John" HEIGHT="57" WIDTH="169" VPOS="2301" HPOS="698"/>
<SP HEIGHT="58" WIDTH="35" VPOS="2300" HPOS="868"/>
<String CONTENT="Davison," HEIGHT="70" WIDTH="294" VPOS="2299" HPOS="904"/>
<SP HEIGHT="49" WIDTH="43" VPOS="2320" HPOS="1199"/>
<String CONTENT="ed." HEIGHT="57" WIDTH="90" VPOS="2303" HPOS="1243"/>
</TextLine>
<TextLine HEIGHT="72" WIDTH="1918" VPOS="2392" HPOS="452" STYLEREFS="StyleId-BD23D783-5612-45BC-878C-912724C1B764-">
<String CONTENT="American" HEIGHT="57" WIDTH="337" VPOS="2392" HPOS="452"/>
<SP HEIGHT="39" WIDTH="45" VPOS="2411" HPOS="790"/>
<String CONTENT="state" HEIGHT="55" WIDTH="166" VPOS="2395" HPOS="836"/>
<SP HEIGHT="54" WIDTH="41" VPOS="2395" HPOS="1003"/>
<String CONTENT="trials;" HEIGHT="71" WIDTH="213" VPOS="2392" HPOS="1045"/>
<SP HEIGHT="51" WIDTH="49" VPOS="2412" HPOS="1259"/>
<String CONTENT="a" HEIGHT="37" WIDTH="34" VPOS="2412" HPOS="1309"/>
<SP HEIGHT="37" WIDTH="47" VPOS="2412" HPOS="1344"/>
<String CONTENT="collection" HEIGHT="57" WIDTH="320" VPOS="2392" HPOS="1392"/>
<SP HEIGHT="37" WIDTH="48" VPOS="2412" HPOS="1713"/>
<String CONTENT="of" HEIGHT="56" WIDTH="66" VPOS="2393" HPOS="1762"/>
<SP HEIGHT="57" WIDTH="44" VPOS="2393" HPOS="1829"/>
<String CONTENT="the" HEIGHT="58" WIDTH="103" VPOS="2392" HPOS="1874"/>
<SP HEIGHT="56" WIDTH="43" VPOS="2393" HPOS="1978"/>
<String CONTENT="important" HEIGHT="71" WIDTH="348" VPOS="2393" HPOS="2022"/>
</TextLine>
<TextLine HEIGHT="73" WIDTH="1993" VPOS="2470" HPOS="378" STYLEREFS="StyleId-BD23D783-5612-45BC-878C-912724C1B764-">
<String CONTENT="and" HEIGHT="56" WIDTH="124" VPOS="2473" HPOS="378"/>
<SP HEIGHT="58" WIDTH="23" VPOS="2471" HPOS="503"/>
<String CONTENT="interesting" HEIGHT="73" WIDTH="380" VPOS="2470" HPOS="527"/>
<SP HEIGHT="53" WIDTH="27" VPOS="2490" HPOS="908"/>
<String CONTENT="criminal" HEIGHT="57" WIDTH="287" VPOS="2470" HPOS="936"/>
<SP HEIGHT="56" WIDTH="26" VPOS="2471" HPOS="1224"/>
<String CONTENT="trials" HEIGHT="58" WIDTH="181" VPOS="2470" HPOS="1251"/>
<SP HEIGHT="37" WIDTH="32" VPOS="2491" HPOS="1433"/>
<String CONTENT="which" HEIGHT="56" WIDTH="199" VPOS="2471" HPOS="1466"/>
<SP HEIGHT="55" WIDTH="25" VPOS="2471" HPOS="1666"/>
<String CONTENT="have" HEIGHT="56" WIDTH="159" VPOS="2471" HPOS="1692"/>
<SP HEIGHT="54" WIDTH="32" VPOS="2474" HPOS="1852"/>
<String CONTENT="taken" HEIGHT="56" WIDTH="186" VPOS="2472" HPOS="1885"/>
<SP HEIGHT="53" WIDTH="28" VPOS="2489" HPOS="2072"/>
<String CONTENT="place" HEIGHT="71" WIDTH="175" VPOS="2471" HPOS="2101"/>
<SP HEIGHT="57" WIDTH="27" VPOS="2470" HPOS="2277"/>
<String CONTENT="in" HEIGHT="56" WIDTH="66" VPOS="2470" HPOS="2305"/>
</TextLine>
<TextLine HEIGHT="73" WIDTH="1997" VPOS="2548" HPOS="377" STYLEREFS="StyleId-BD23D783-5612-45BC-878C-912724C1B764-">
<String CONTENT="the" HEIGHT="56" WIDTH="101" VPOS="2550" HPOS="377"/>
<SP HEIGHT="57" WIDTH="27" VPOS="2549" HPOS="479"/>
<String CONTENT="United" HEIGHT="57" WIDTH="235" VPOS="2549" HPOS="507"/>
<SP HEIGHT="58" WIDTH="28" VPOS="2548" HPOS="743"/>
<String CONTENT="States," HEIGHT="72" WIDTH="230" VPOS="2548" HPOS="772"/>
<SP HEIGHT="71" WIDTH="26" VPOS="2549" HPOS="1003"/>
<String CONTENT="from" HEIGHT="56" WIDTH="168" VPOS="2549" HPOS="1030"/>
<SP HEIGHT="54" WIDTH="25" VPOS="2552" HPOS="1199"/>
<String CONTENT="the" HEIGHT="57" WIDTH="102" VPOS="2549" HPOS="1225"/>
<SP HEIGHT="55" WIDTH="28" VPOS="2550" HPOS="1328"/>
<String CONTENT="beginning" HEIGHT="73" WIDTH="340" VPOS="2548" HPOS="1357"/>
<SP HEIGHT="53" WIDTH="24" VPOS="2568" HPOS="1698"/>
<String CONTENT="of" HEIGHT="57" WIDTH="66" VPOS="2548" HPOS="1723"/>
<SP HEIGHT="58" WIDTH="29" VPOS="2548" HPOS="1790"/>
<String CONTENT="our" HEIGHT="38" WIDTH="117" VPOS="2568" HPOS="1820"/>
<SP HEIGHT="53" WIDTH="24" VPOS="2568" HPOS="1938"/>
<String CONTENT="government" HEIGHT="70" WIDTH="411" VPOS="2551" HPOS="1963"/>
</TextLine>
<TextLine HEIGHT="72" WIDTH="1993" VPOS="2626" HPOS="376" STYLEREFS="StyleId-BD23D783-5612-45BC-878C-912724C1B764-">
<String CONTENT="to" HEIGHT="54" WIDTH="63" VPOS="2629" HPOS="376"/>
<SP HEIGHT="53" WIDTH="34" VPOS="2631" HPOS="440"/>
<String CONTENT="the" HEIGHT="57" WIDTH="101" VPOS="2627" HPOS="475"/>
<SP HEIGHT="52" WIDTH="35" VPOS="2646" HPOS="577"/>
<String CONTENT="present" HEIGHT="70" WIDTH="255" VPOS="2628" HPOS="613"/>
<SP HEIGHT="56" WIDTH="34" VPOS="2627" HPOS="869"/>
<String CONTENT="day." HEIGHT="71" WIDTH="140" VPOS="2627" HPOS="904"/>
<SP HEIGHT="57" WIDTH="72" VPOS="2627" HPOS="1045"/>
<String CONTENT="With" HEIGHT="58" WIDTH="176" VPOS="2626" HPOS="1118"/>
<SP HEIGHT="55" WIDTH="32" VPOS="2627" HPOS="1295"/>
<String CONTENT="notes" HEIGHT="54" WIDTH="178" VPOS="2630" HPOS="1328"/>
<SP HEIGHT="38" WIDTH="38" VPOS="2646" HPOS="1507"/>
<String CONTENT="and" HEIGHT="56" WIDTH="123" VPOS="2628" HPOS="1546"/>
<SP HEIGHT="56" WIDTH="34" VPOS="2628" HPOS="1670"/>
<String CONTENT="annotations." HEIGHT="57" WIDTH="419" VPOS="2627" HPOS="1705"/>
<SP HEIGHT="57" WIDTH="75" VPOS="2627" HPOS="2125"/>
<String CONTENT="John" HEIGHT="58" WIDTH="168" VPOS="2626" HPOS="2201"/>
</TextLine>
<TextLine HEIGHT="73" WIDTH="1997" VPOS="2704" HPOS="375" STYLEREFS="StyleId-BD23D783-5612-45BC-878C-912724C1B764-" CS="1">
<String CONTENT="D." HEIGHT="56" WIDTH="73" VPOS="2705" HPOS="375"/>
<SP HEIGHT="57" WIDTH="31" VPOS="2704" HPOS="449"/>
<String CONTENT="Lawson," HEIGHT="72" WIDTH="283" VPOS="2704" HPOS="481"/>
<SP HEIGHT="52" WIDTH="26" VPOS="2724" HPOS="765"/>
<String CS="1" CONTENT="LL." HEIGHT="10" WIDTH="10" VPOS="2751" HPOS="874"/>
<SP HEIGHT="37" WIDTH="29" VPOS="2724" HPOS="885"/>
<String CS="1" CONTENT="D.," HEIGHT="24" WIDTH="32" VPOS="2751" HPOS="957"/>
<SP HEIGHT="52" WIDTH="31" VPOS="2723" HPOS="990"/>
<String CONTENT="editor," HEIGHT="57" WIDTH="219" VPOS="2704" HPOS="1022"/>
<SP HEIGHT="37" WIDTH="69" VPOS="2724" HPOS="1242"/>
<String CONTENT="v." HEIGHT="37" WIDTH="56" VPOS="2724" HPOS="1312"/>
<SP HEIGHT="55" WIDTH="36" VPOS="2706" HPOS="1369"/>
<String CONTENT="15." HEIGHT="55" WIDTH="87" VPOS="2706" HPOS="1406"/>
<SP HEIGHT="58" WIDTH="86" VPOS="2704" HPOS="1494"/>
<String CONTENT="St." HEIGHT="58" WIDTH="88" VPOS="2704" HPOS="1581"/>
<SP HEIGHT="55" WIDTH="33" VPOS="2706" HPOS="1670"/>
<String CONTENT="Louis," HEIGHT="72" WIDTH="210" VPOS="2705" HPOS="1704"/>
<SP HEIGHT="71" WIDTH="33" VPOS="2706" HPOS="1915"/>
<String CONTENT="Thomas" HEIGHT="56" WIDTH="270" VPOS="2706" HPOS="1949"/>
<SP HEIGHT="56" WIDTH="31" VPOS="2706" HPOS="2220"/>
<String CONTENT="law" HEIGHT="56" WIDTH="120" VPOS="2706" HPOS="2252"/>
</TextLine>
<TextLine HEIGHT="73" WIDTH="504" VPOS="2783" HPOS="376" STYLEREFS="StyleId-BD23D783-5612-45BC-878C-912724C1B764-">
<String CONTENT="book" HEIGHT="56" WIDTH="160" VPOS="2783" HPOS="376"/>
<SP HEIGHT="56" WIDTH="30" VPOS="2783" HPOS="537"/>
<String CONTENT="co.," HEIGHT="55" WIDTH="108" VPOS="2801" HPOS="568"/>
<SP HEIGHT="71" WIDTH="36" VPOS="2785" HPOS="677"/>
<String CONTENT="1926." HEIGHT="55" WIDTH="166" VPOS="2784" HPOS="714"/>
</TextLine>
<TextLine HEIGHT="54" WIDTH="459" VPOS="2858" HPOS="444" STYLEREFS="StyleId-BD23D783-5612-45BC-878C-912724C1B764-">
<String CONTENT="xxi," HEIGHT="51" WIDTH="97" VPOS="2860" HPOS="444"/>
<SP HEIGHT="53" WIDTH="28" VPOS="2858" HPOS="542"/>
<String CONTENT="773" HEIGHT="45" WIDTH="79" VPOS="2858" HPOS="571"/>
<SP HEIGHT="51" WIDTH="31" VPOS="2861" HPOS="651"/>
<String CONTENT="p." HEIGHT="38" WIDTH="39" VPOS="2874" HPOS="683"/>
<SP HEIGHT="44" WIDTH="56" VPOS="2859" HPOS="723"/>
<String CONTENT="24" HEIGHT="44" WIDTH="56" VPOS="2859" HPOS="780"/>
<String STYLE="superscript" CONTENT="cm" HEIGHT="18" WIDTH="48" VPOS="2862" HPOS="841"/>
<String CONTENT="." HEIGHT="9" WIDTH="9" VPOS="2894" HPOS="894"/>
</TextLine>
<TextLine HEIGHT="55" WIDTH="1993" VPOS="2915" HPOS="377">
<String CONTENT="&#169;" HEIGHT="53" WIDTH="54" VPOS="2915" HPOS="377"/>
<SP HEIGHT="53" WIDTH="23" VPOS="2915" HPOS="432"/>
<String CONTENT="Nov." HEIGHT="44" WIDTH="116" VPOS="2917" HPOS="456"/>
<SP HEIGHT="42" WIDTH="31" VPOS="2919" HPOS="573"/>
<String CONTENT="15," HEIGHT="52" WIDTH="63" VPOS="2916" HPOS="605"/>
<SP HEIGHT="51" WIDTH="28" VPOS="2917" HPOS="669"/>
<String CONTENT="1926;" HEIGHT="53" WIDTH="129" VPOS="2916" HPOS="698"/>
<SP HEIGHT="52" WIDTH="24" VPOS="2917" HPOS="828"/>
<String CONTENT="2c." HEIGHT="44" WIDTH="65" VPOS="2917" HPOS="853"/>
<SP HEIGHT="44" WIDTH="27" VPOS="2917" HPOS="919"/>
<String CONTENT="Nov." HEIGHT="43" WIDTH="120" VPOS="2917" HPOS="947"/>
<SP HEIGHT="41" WIDTH="31" VPOS="2919" HPOS="1068"/>
<String CONTENT="19;" HEIGHT="50" WIDTH="73" VPOS="2918" HPOS="1100"/>
<SP HEIGHT="36" WIDTH="28" VPOS="2932" HPOS="1174"/>
<String CONTENT="aff." HEIGHT="42" WIDTH="78" VPOS="2918" HPOS="1203"/>
<SP HEIGHT="43" WIDTH="27" VPOS="2917" HPOS="1282"/>
<String CONTENT="Nov." HEIGHT="44" WIDTH="118" VPOS="2917" HPOS="1310"/>
<SP HEIGHT="42" WIDTH="31" VPOS="2918" HPOS="1429"/>
<String CONTENT="17;" HEIGHT="54" WIDTH="74" VPOS="2916" HPOS="1461"/>
<SP HEIGHT="53" WIDTH="29" VPOS="2917" HPOS="1536"/>
<!-- cceid 05701272-6E1B-1014-9B7B-CA07F191E62B --><String CONTENT="A" HEIGHT="43" WIDTH="44" VPOS="2917" HPOS="1566"/>
<SP HEIGHT="44" WIDTH="23" VPOS="2917" HPOS="1611"/>
<String CONTENT="958046;" HEIGHT="52" WIDTH="190" VPOS="2917" HPOS="1635"/>
<SP HEIGHT="54" WIDTH="28" VPOS="2915" HPOS="1826"/>
<String CONTENT="Frances" HEIGHT="46" WIDTH="198" VPOS="2915" HPOS="1855"/>
<SP HEIGHT="46" WIDTH="30" VPOS="2915" HPOS="2054"/>
<String CONTENT="C." HEIGHT="46" WIDTH="47" VPOS="2915" HPOS="2085"/>
<SP HEIGHT="43" WIDTH="28" VPOS="2917" HPOS="2133"/>
<String CONTENT="Lawson," HEIGHT="52" WIDTH="208" VPOS="2917" HPOS="2162"/>
</TextLine>
<TextLine HEIGHT="53" WIDTH="384" VPOS="2973" HPOS="449">
<String CONTENT="Columbia," HEIGHT="53" WIDTH="249" VPOS="2973" HPOS="449"/>
<SP HEIGHT="51" WIDTH="38" VPOS="2975" HPOS="699"/>
<String CONTENT="Mo." HEIGHT="43" WIDTH="95" VPOS="2975" HPOS="738"/>
</TextLine>
<TextLine HEIGHT="72" WIDTH="592" VPOS="3058" HPOS="378" STYLEREFS="StyleId-B3C3AC06-715B-4F29-B74A-15D86DAADC03-">
<String CONTENT="Lazarus," HEIGHT="72" WIDTH="290" VPOS="3058" HPOS="378"/>
<SP HEIGHT="71" WIDTH="37" VPOS="3059" HPOS="669"/>
<String CONTENT="Arthur." HEIGHT="59" WIDTH="263" VPOS="3059" HPOS="707"/>
</TextLine>
<TextLine HEIGHT="74" WIDTH="1920" VPOS="3151" HPOS="454" STYLEREFS="StyleId-BD23D783-5612-45BC-878C-912724C1B764-">
<String CONTENT="Department" HEIGHT="72" WIDTH="413" VPOS="3151" HPOS="454"/>
<SP HEIGHT="54" WIDTH="25" VPOS="3155" HPOS="868"/>
<String CONTENT="store" HEIGHT="54" WIDTH="166" VPOS="3155" HPOS="894"/>
<SP HEIGHT="38" WIDTH="26" VPOS="3171" HPOS="1061"/>
<String CONTENT="organization," HEIGHT="72" WIDTH="452" VPOS="3153" HPOS="1088"/>
<SP HEIGHT="68" WIDTH="22" VPOS="3157" HPOS="1541"/>
<String CONTENT="the" HEIGHT="57" WIDTH="102" VPOS="3153" HPOS="1564"/>
<SP HEIGHT="58" WIDTH="22" VPOS="3152" HPOS="1667"/>
<String CONTENT="financial," HEIGHT="73" WIDTH="310" VPOS="3152" HPOS="1690"/>
<SP HEIGHT="52" WIDTH="24" VPOS="3173" HPOS="2001"/>
<String CONTENT="credit" HEIGHT="59" WIDTH="201" VPOS="3151" HPOS="2026"/>
<SP HEIGHT="55" WIDTH="20" VPOS="3155" HPOS="2228"/>
<String CONTENT="and" HEIGHT="56" WIDTH="125" VPOS="3153" HPOS="2249"/>
</TextLine>
<TextLine HEIGHT="72" WIDTH="1988" VPOS="3229" HPOS="380" STYLEREFS="StyleId-BD23D783-5612-45BC-878C-912724C1B764-" CS="1">
<String CONTENT="control" HEIGHT="57" WIDTH="240" VPOS="3230" HPOS="380"/>
<SP HEIGHT="56" WIDTH="31" VPOS="3229" HPOS="621"/>
<String CONTENT="function." HEIGHT="60" WIDTH="303" VPOS="3229" HPOS="653"/>
<SP HEIGHT="57" WIDTH="77" VPOS="3230" HPOS="957"/>
<String CONTENT="By" HEIGHT="71" WIDTH="98" VPOS="3230" HPOS="1035"/>
<SP HEIGHT="70" WIDTH="34" VPOS="3231" HPOS="1134"/>
<String CONTENT="Arthur" HEIGHT="56" WIDTH="247" VPOS="3231" HPOS="1169"/>
<SP HEIGHT="55" WIDTH="34" VPOS="3232" HPOS="1417"/>
<String CONTENT="Lazarus" HEIGHT="56" WIDTH="277" VPOS="3232" HPOS="1452"/>
<SP HEIGHT="38" WIDTH="44" VPOS="3251" HPOS="1730"/>
<String CS="1" CONTENT="&#8230;"/>
<SP HEIGHT="40" WIDTH="79" VPOS="3250" HPOS="1837"/>
<String CONTENT="v." HEIGHT="37" WIDTH="55" VPOS="3250" HPOS="1917"/>
<SP HEIGHT="54" WIDTH="40" VPOS="3233" HPOS="1973"/>
<String CONTENT="2." HEIGHT="54" WIDTH="50" VPOS="3233" HPOS="2014"/>
<SP HEIGHT="55" WIDTH="77" VPOS="3232" HPOS="2065"/>
<String CONTENT="1st" HEIGHT="55" WIDTH="96" VPOS="3232" HPOS="2143"/>
<SP HEIGHT="54" WIDTH="36" VPOS="3233" HPOS="2240"/>
<String CONTENT="ed." HEIGHT="56" WIDTH="91" VPOS="3231" HPOS="2277"/>
</TextLine>
<TextLine HEIGHT="76" WIDTH="1387" VPOS="3306" HPOS="378" STYLEREFS="StyleId-BD23D783-5612-45BC-878C-912724C1B764-" CS="1">
<String CONTENT="New" HEIGHT="58" WIDTH="152" VPOS="3306" HPOS="378"/>
<SP HEIGHT="57" WIDTH="28" VPOS="3306" HPOS="531"/>
<String CONTENT="York," HEIGHT="72" WIDTH="190" VPOS="3306" HPOS="560"/>
<SP HEIGHT="70" WIDTH="32" VPOS="3308" HPOS="751"/>
<String CONTENT="Dry" HEIGHT="71" WIDTH="140" VPOS="3308" HPOS="784"/>
<SP HEIGHT="53" WIDTH="30" VPOS="3327" HPOS="925"/>
<String CONTENT="goods" HEIGHT="70" WIDTH="193" VPOS="3310" HPOS="956"/>
<SP HEIGHT="37" WIDTH="37" VPOS="3329" HPOS="1150"/>
<String CONTENT="economist" HEIGHT="57" WIDTH="337" VPOS="3309" HPOS="1188"/>
<SP HEIGHT="71" WIDTH="39" VPOS="3311" HPOS="1526"/>
<String CS="1" CONTENT="["/>
<String STYLE="superscript" CONTENT="c" HEIGHT="22" WIDTH="21" VPOS="3316" HPOS="1578"/>
<String CONTENT="1926]" HEIGHT="71" WIDTH="162" VPOS="3310" HPOS="1603"/>
</TextLine>
<TextLine HEIGHT="56" WIDTH="840" VPOS="3383" HPOS="448">
<String CONTENT="iv," HEIGHT="51" WIDTH="57" VPOS="3384" HPOS="448"/>
<SP HEIGHT="49" WIDTH="36" VPOS="3386" HPOS="506"/>
<String CONTENT="169" HEIGHT="44" WIDTH="75" VPOS="3383" HPOS="543"/>
<SP HEIGHT="51" WIDTH="34" VPOS="3385" HPOS="619"/>
<String CONTENT="p." HEIGHT="38" WIDTH="39" VPOS="3398" HPOS="654"/>
<SP HEIGHT="42" WIDTH="62" VPOS="3385" HPOS="694"/>
<String CONTENT="illus." HEIGHT="44" WIDTH="115" VPOS="3384" HPOS="757"/>
<SP HEIGHT="53" WIDTH="26" VPOS="3386" HPOS="873"/>
<String CONTENT="(forms)" HEIGHT="55" WIDTH="195" VPOS="3384" HPOS="900"/>
<SP HEIGHT="53" WIDTH="68" VPOS="3385" HPOS="1096"/>
<String CONTENT="21" HEIGHT="42" WIDTH="51" VPOS="3386" HPOS="1165"/>
<String STYLE="superscript" CONTENT="cm" HEIGHT="18" WIDTH="47" VPOS="3388" HPOS="1227"/>
<String CONTENT="." HEIGHT="8" WIDTH="8" VPOS="3421" HPOS="1280"/>
</TextLine>
<TextLine HEIGHT="58" WIDTH="1996" VPOS="3438" HPOS="378" CS="1">
<String CONTENT="&#169;" HEIGHT="54" WIDTH="53" VPOS="3438" HPOS="378"/>
<SP HEIGHT="54" WIDTH="26" VPOS="3438" HPOS="432"/>
<String CONTENT="Sept." HEIGHT="53" WIDTH="118" VPOS="3440" HPOS="459"/>
<SP HEIGHT="40" WIDTH="28" VPOS="3444" HPOS="578"/>
<String CONTENT="10," HEIGHT="52" WIDTH="62" VPOS="3441" HPOS="607"/>
<SP HEIGHT="50" WIDTH="26" VPOS="3443" HPOS="670"/>
<String CONTENT="1926;" HEIGHT="51" WIDTH="129" VPOS="3442" HPOS="697"/>
<SP/>
<String CS="1" CONTENT="1c."/>
<SP/>
<String CONTENT="Nov." HEIGHT="45" WIDTH="118" VPOS="3442" HPOS="946"/>
<SP HEIGHT="43" WIDTH="28" VPOS="3444" HPOS="1065"/>
<String CONTENT="17;" HEIGHT="52" WIDTH="74" VPOS="3442" HPOS="1094"/>
<SP/>
<String CS="1" CONTENT="1c."/>
<SP/>
<String CONTENT="Nov." HEIGHT="44" WIDTH="119" VPOS="3443" HPOS="1289"/>
<SP HEIGHT="43" WIDTH="25" VPOS="3443" HPOS="1409"/>
<String CONTENT="20;" HEIGHT="52" WIDTH="78" VPOS="3443" HPOS="1435"/>
<SP HEIGHT="37" WIDTH="27" VPOS="3458" HPOS="1514"/>
<String CONTENT="aff." HEIGHT="43" WIDTH="78" VPOS="3444" HPOS="1542"/>
<SP HEIGHT="44" WIDTH="25" VPOS="3443" HPOS="1621"/>
<String CONTENT="Nov." HEIGHT="44" WIDTH="118" VPOS="3443" HPOS="1647"/>
<SP HEIGHT="44" WIDTH="24" VPOS="3443" HPOS="1766"/>
<String CONTENT="23;" HEIGHT="53" WIDTH="80" VPOS="3443" HPOS="1791"/>
<SP HEIGHT="53" WIDTH="26" VPOS="3443" HPOS="1872"/>
<!-- cceid 05703706-6E1B-1014-9B7B-CA07F191E62B --><String CONTENT="A" HEIGHT="42" WIDTH="44" VPOS="3443" HPOS="1899"/>
<SP HEIGHT="44" WIDTH="25" VPOS="3443" HPOS="1944"/>
<String CONTENT="957205;" HEIGHT="55" WIDTH="190" VPOS="3440" HPOS="1970"/>
<SP HEIGHT="54" WIDTH="27" VPOS="3441" HPOS="2161"/>
<String CONTENT="Textile" HEIGHT="47" WIDTH="185" VPOS="3440" HPOS="2189"/>
</TextLine>
<TextLine HEIGHT="53" WIDTH="555" VPOS="3498" HPOS="449">
<String CONTENT="pub." HEIGHT="51" WIDTH="99" VPOS="3499" HPOS="449"/>
<SP HEIGHT="28" WIDTH="37" VPOS="3514" HPOS="549"/>
<String CONTENT="co&#183;.," HEIGHT="37" WIDTH="81" VPOS="3514" HPOS="587"/>
<SP HEIGHT="53" WIDTH="36" VPOS="3498" HPOS="669"/>
<String CONTENT="New" HEIGHT="45" WIDTH="117" VPOS="3498" HPOS="706"/>
<SP HEIGHT="43" WIDTH="36" VPOS="3500" HPOS="824"/>
<String CONTENT="York." HEIGHT="44" WIDTH="143" VPOS="3500" HPOS="861"/>
</TextLine>
<TextLine HEIGHT="77" WIDTH="1599" VPOS="3568" HPOS="382" STYLEREFS="StyleId-B3C3AC06-715B-4F29-B74A-15D86DAADC03-">
<String LANG="en-US" CONTENT="Lecky," HEIGHT="75" WIDTH="221" VPOS="3568" HPOS="382"/>
<SP HEIGHT="72" WIDTH="35" VPOS="3570" HPOS="604"/>
<String LANG="en-US" CONTENT="William" HEIGHT="59" WIDTH="283" VPOS="3570" HPOS="640"/>
<SP HEIGHT="57" WIDTH="29" VPOS="3572" HPOS="924"/>
<String LANG="en-US" CONTENT="Edward" HEIGHT="59" WIDTH="276" VPOS="3571" HPOS="954"/>
<SP HEIGHT="57" WIDTH="31" VPOS="3573" HPOS="1231"/>
<String LANG="de" CONTENT="Hartpole," HEIGHT="73" WIDTH="322" VPOS="3572" HPOS="1263"/>
<SP HEIGHT="66" WIDTH="38" VPOS="3576" HPOS="1586"/>
<String LANG="en-US" CONTENT="1838-1903." HEIGHT="59" WIDTH="356" VPOS="3574" HPOS="1625"/>
</TextLine>
<TextLine HEIGHT="77" WIDTH="1916" VPOS="3662" HPOS="456" STYLEREFS="StyleId-BD23D783-5612-45BC-878C-912724C1B764-">
<String CONTENT="The" HEIGHT="60" WIDTH="129" VPOS="3663" HPOS="456"/>
<SP HEIGHT="42" WIDTH="40" VPOS="3681" HPOS="586"/>
<String CONTENT="substance" HEIGHT="62" WIDTH="328" VPOS="3662" HPOS="627"/>
<SP HEIGHT="40" WIDTH="38" VPOS="3685" HPOS="956"/>
<String CONTENT="of" HEIGHT="58" WIDTH="68" VPOS="3667" HPOS="995"/>
<SP HEIGHT="59" WIDTH="36" VPOS="3665" HPOS="1064"/>
<String CONTENT="History" HEIGHT="77" WIDTH="270" VPOS="3662" HPOS="1101"/>
<SP HEIGHT="52" WIDTH="38" VPOS="3687" HPOS="1372"/>
<String CONTENT="of" HEIGHT="58" WIDTH="68" VPOS="3669" HPOS="1411"/>
<SP HEIGHT="60" WIDTH="35" VPOS="3665" HPOS="1480"/>
<String CONTENT="European" HEIGHT="74" WIDTH="339" VPOS="3665" HPOS="1516"/>
<SP HEIGHT="39" WIDTH="34" VPOS="3683" HPOS="1856"/>
<String CONTENT="morals" HEIGHT="61" WIDTH="235" VPOS="3664" HPOS="1891"/>
<SP HEIGHT="73" WIDTH="49" VPOS="3663" HPOS="2127"/>
<String CONTENT="(from" HEIGHT="73" WIDTH="195" VPOS="3663" HPOS="2177"/>
</TextLine>
<TextLine HEIGHT="76" WIDTH="1996" VPOS="3741" HPOS="377" STYLEREFS="StyleId-BD23D783-5612-45BC-878C-912724C1B764-">
<String CONTENT="Augustus" HEIGHT="73" WIDTH="324" VPOS="3741" HPOS="377"/>
<SP HEIGHT="56" WIDTH="27" VPOS="3745" HPOS="702"/>
<String CONTENT="to" HEIGHT="57" WIDTH="64" VPOS="3745" HPOS="730"/>
<SP HEIGHT="61" WIDTH="29" VPOS="3741" HPOS="795"/>
<String CONTENT="Charlemagne)" HEIGHT="76" WIDTH="483" VPOS="3741" HPOS="825"/>
<SP HEIGHT="72" WIDTH="34" VPOS="3743" HPOS="1309"/>
<String CONTENT="by" HEIGHT="72" WIDTH="83" VPOS="3745" HPOS="1344"/>
<SP HEIGHT="72" WIDTH="22" VPOS="3745" HPOS="1428"/>
<String CONTENT="William" HEIGHT="61" WIDTH="278" VPOS="3742" HPOS="1451"/>
<SP HEIGHT="57" WIDTH="26" VPOS="3745" HPOS="1730"/>
<String CONTENT="Edward" HEIGHT="58" WIDTH="277" VPOS="3745" HPOS="1757"/>
<SP HEIGHT="59" WIDTH="26" VPOS="3744" HPOS="2035"/>
<String LANG="de" CONTENT="Hartpole" HEIGHT="72" WIDTH="311" VPOS="3744" HPOS="2062"/>
</TextLine>
<TextLine HEIGHT="152" WIDTH="1969" VPOS="3819" HPOS="378" STYLEREFS="StyleId-BD23D783-5612-45BC-878C-912724C1B764-" CS="1">
<String CONTENT="Lecky;" HEIGHT="74" WIDTH="234" VPOS="3819" HPOS="378"/>
<SP HEIGHT="50" WIDTH="31" VPOS="3841" HPOS="613"/>
<String CONTENT="summarized" HEIGHT="61" WIDTH="414" VPOS="3819" HPOS="645"/>
<SP HEIGHT="58" WIDTH="26" VPOS="3822" HPOS="1060"/>
<String CONTENT="by" HEIGHT="72" WIDTH="83" VPOS="3822" HPOS="1087"/>
<SP HEIGHT="73" WIDTH="31" VPOS="3821" HPOS="1171"/>
<String CONTENT="Clement" HEIGHT="60" WIDTH="277" VPOS="3821" HPOS="1203"/>
<SP HEIGHT="58" WIDTH="25" VPOS="3823" HPOS="1481"/>
<String CONTENT="Wood." HEIGHT="58" WIDTH="219" VPOS="3823" HPOS="1507"/>
<SP HEIGHT="57" WIDTH="79" VPOS="3823" HPOS="1727"/>
<String CONTENT="New" HEIGHT="57" WIDTH="152" VPOS="3823" HPOS="1807"/>
<SP HEIGHT="59" WIDTH="26" VPOS="3821" HPOS="1960"/>
<String CONTENT="York," HEIGHT="73" WIDTH="190" VPOS="3821" HPOS="1987"/>
<SP HEIGHT="74" WIDTH="28" VPOS="3820" HPOS="2178"/>
<String CONTENT="Vanguard" HEIGHT="150" WIDTH="1969" VPOS="3820" HPOS="378"/>
<SP HEIGHT="71" WIDTH="24" VPOS="3899" HPOS="581"/>
<String CONTENT="press," HEIGHT="54" WIDTH="200" VPOS="3917" HPOS="606"/>
<SP HEIGHT="70" WIDTH="27" VPOS="3901" HPOS="807"/>
<String CONTENT="1926." HEIGHT="58" WIDTH="165" VPOS="3898" HPOS="835"/>
</TextLine>
</TextBlock>
</PrintSpace>
</Page>
</Layout>
</alto>