2542 4285
1068 4004 146 59 1277

115 392 286 72 Sinclair,
437 390 212 59 Grant.

190 462 1900 89 Wild fruit, by Grant Sinclair … New York, G. H.
113 561 194 70 Watt,
346 558 163 57 1926.

183 633 361 55 288 p. 19½ cm .
114 691 52 56 ©
197 694 117 42 Nov.
345 693 38 49 3,
417 689 128 51 1926;
576 690 63 42 2c.
671 687 87 44 and
788 686 77 43 aff.
898 685 118 43 Nov.
1050 682 48 52 5;
1132 682 43 44 A
1206 679 189 53 949974;
1431 679 51 44 G.
1516 676 207 46 Howard
1753 674 144 45 Watt.

192 746 268 58 (26-19677)

120 848 284 71 Skinner,
447 845 343 58 Constance
827 840 293 73 Lindsay.

186 937 208 74 Becky
432 936 311 71 Landers;
783 932 272 59 frontier
1089 929 283 72 warrior,
1409 931 83 69 by
1532 927 343 60 Constance
114 922 1958 169 Lindsay

261 1012 283 64 Skinner.
626 1013 151 58 New
806 1010 188 70 York,
1031 1007 129 61 The
1191 1004 358 59 Macmillan
1580 1019 320 56 company,
1935 1001 164 55 1926.

184 1089 734 54 v, 234 p. col. front. 19½ cm .
116 1146 55 56 ©
196 1149 119 42 Nov.
342 1148 39 49 3,
410 1146 129 51 1926;
565 1145 65 43 2c.
656 1144 88 43 and
769 1143 78 43 aff.
875 1141 121 44 Nov.
1021 1142 50 49 4;
1100 1139 46 44 A
1171 1136 192 54 950795;
1392 1134 267 46 Macmillan
1684 1149 65 30 co.

197 1202 268 58 (26-19729)

124 1302 220 70 Smith,
385 1300 331 73 Benjamin
755 1300 68 56 B.

193 1383 1910 82 Arithmetic for business, by Benjamin B. Smith … and
122 1458 1984 84 Charles R. Hill … 1st ed. Battle Creek, Mich., Ellis
119 1545 360 79 publishing
508 1565 303 53 company
841 1573 13 43 [
857 1554 17 22 c
878 1546 163 71 1926]

189 1628 78 44 391
297 1643 41 35 p.
396 1627 51 44 21
458 1630 46 17 cm
512 1662 9 7 .

124 1679 52 56 ©
203 1682 101 45 Oct.
326 1679 69 52 27,
424 1680 127 50 1926;
580 1679 62 43 2c.
669 1678 86 42 and
781 1678 77 41 aff.
888 1677 117 43 Nov.
1034 1677 17 40 1;
1110 1674 43 44 A
1178 1674 189 51 949864;
1395 1673 115 46 Ellis
1538 1673 98 52 pub.
1665 1686 64 29 co.

202 1735 269 58 (26-19657)

129 1837 220 72 Smith,
388 1836 146 59 Carl
568 1836 68 57 E.

202 1923 304 75 Training
555 1924 104 61 the
713 1924 208 61 rabbit
974 1924 237 72 hound;
1266 1942 36 37 a
1352 1923 159 58 book
1564 1939 78 39 on
1692 1919 245 60 bassets
1992 1921 123 58 and

124 2004 266 76 beagles,
425 2003 149 58 with
608 2001 376 74 descriptive
1022 2001 123 58 and
1175 1997 326 63 historical
1539 1999 277 60 sketches
1855 2015 78 41 on
1968 1999 148 57 each

124 2085 207 71 breed,
363 2079 165 62 their
557 2079 303 71 breeding
890 2081 122 57 and
1041 2077 222 60 kennel
1294 2095 161 54 care,
1486 2079 84 70 by
1605 2075 145 62 Carl
1784 2076 73 57 E.
1895 2074 219 60 Smith.

128 2151 1795 83 Columbus, O., The Hunter-trader-trapper co. [ c 1926]
199 2239 77 45 185
306 2254 41 35 p.
407 2236 117 48 illus.
551 2234 125 53 (incl.
708 2234 169 52 ports.)
946 2235 51 44 19
1004 2237 46 18 cm
1057 2270 8 8 .

127 2290 56 56 ©
213 2293 99 44 Oct.
341 2292 66 50 28,
440 2291 128 51 1926;
599 2290 63 45 2c.
693 2290 86 43 and
807 2289 78 43 aff.
918 2288 100 44 Oct.
1049 2287 77 52 29;
1159 2287 45 42 A
1233 2283 188 56 949784;
1456 2285 564 57 Hunter-trader-trapper
2052 2302 65 29 co.

207 2348 270 56 (26-19480)

137 2447 331 76 Specking,
504 2447 161 58 Inez.

206 2531 1917 85 Martha Jane at college, by Inez Specking … New
130 2617 189 74 York,
359 2614 353 63 Cincinnati
750 2619 146 71 [etc.]
935 2611 307 77 Benziger
1278 2615 310 74 brothers,
1626 2616 165 57 1926.

206 2695 552 51 183 p. front. 18 ½ cm .
135 2748 55 56 ©
220 2751 100 44 Oct.
354 2750 61 50 14,
451 2748 126 52 1926;
612 2748 63 45 2c.
709 2749 100 43 Oct.
839 2747 79 53 23;
951 2748 78 43 aff.
1063 2747 117 45 Nov.
1211 2748 49 51 6;
1295 2748 45 42 A
1370 2746 188 55 950836;
1595 2747 220 54 Benziger
1846 2747 221 45 brothers.

215 2805 269 57 (26-19732)

140 2906 331 74 Spectator
507 2920 320 59 company,
864 2905 94 58 New
1058 2905 186 58 York.

217 2998 147 57 Fire
401 2996 332 60 insurance
771 2996 171 74 laws,
979 3000 177 55 taxes
1197 2997 123 56 and
1356 2996 134 59 fees;
1566 2996 361 75 containing
1963 3017 35 37 a
140 2997 1963 152 digest
313 3076 69 56 of
415 3076 104 55 the

556 3077 320 70 statutory
909 3073 456 73 requirements
1397 3074 72 59 in
1502 3075 103 57 the
1640 3074 236 61 United
1915 3075 212 58 States

142 3155 123 57 and
317 3150 257 61 Canada
621 3153 273 73 relating
941 3155 62 55 to
1054 3151 112 60 fire
1216 3152 330 59 insurance
1600 3152 352 73 companies
2008 3154 125 58 and

144 3234 237 70 agents,
418 3231 151 56 with
605 3249 190 54 many
833 3229 357 73 quotations
1230 3231 167 56 from
1437 3231 103 56 the
1582 3233 297 70 statutes;
1922 3232 132 57 also
2095 3251 36 37 a

145 3307 401 74 compilation
598 3307 66 58 of
719 3309 229 72 county
999 3309 123 57 and
1174 3307 339 73 municipal
1566 3311 176 55 taxes
1799 3310 123 56 and
1975 3309 153 58 fees.

147 3380 1983 89 26th annual ed., rev. to September 1, 1926 … Chicago,
147 3464 150 57 New
324 3463 188 73 York,
545 3463 128 58 The
709 3463 335 71 Spectator
1072 3482 321 54 company,
1429 3465 164 56 1926.

213 3541 80 42 648
322 3554 40 39 p.
420 3541 54 43 24
480 3543 47 18 cm
533 3576 7 7 .

147 3594 54 56 ©
232 3598 117 43 Nov.
381 3597 38 52 6,
454 3597 104 43 1926;
613 3597 65 45 2c.
712 3598 120 43 Nov.
868 3597 74 53 12;
974 3599 80 42 aff.
1088 3598 118 44 Nov.
1244 3599 74 50 13;
1353 3598 44 43 A
1430 3597 191 54 958017;
1657 3597 237 54 Spectator
1924 3615 66 29 co.

153 3711 256 74 Spoehr,
448 3712 278 59 Herman
759 3712 341 74 Augustus,
1142 3716 186 57 1885-

228 3794 1913 90 Photosynthesis, by H. A. Spoehr … New York, Book
156 3878 411 68 department,
613 3880 129 60 The
789 3880 312 60 Chemical
1143 3882 246 60 catalog
1431 3901 260 39 company,
1794 3883 115 56 inc.,
1974 3886 165 52 1926.
