2542 4285
1325 3990 148 55 1546

385 341 215 64 Cohen,
633 343 185 53 Ernst
851 342 212 63 Julius,
1099 346 170 49 1869-

515 417 1854 71 … Physico-chemical metamorphosis and some problems in
385 495 1987 72 piezochemistry, by Ernst Cohen … New York [etc.] McGraw-
385 576 129 52 Hill
540 575 148 53 book
715 594 298 50 company,
1041 576 127 66 inc.,
1201 578 150 50 1926.

459 656 1916 51 5 p. l., 190 p. front. (port.) illus., plates, diagrs. 23½ cm . (The George
387 716 172 40 Fisher
594 716 162 39 Baker
790 715 332 40 non-resident
1157 714 297 48 lectureship
1487 714 52 39 in
1572 714 264 47 chemistry
1871 716 52 37 at
1959 713 194 40 Cornell
386 712 1974 108 university.
562 784 107 38 [vol.
697 772 61 49 I])

388 822 55 53 ©
471 829 111 38 Dec.
612 827 69 47 24,
712 827 140 42 1926;
886 827 68 40 2c.
985 827 94 38 and
1112 825 82 40 aff.
1225 826 112 39 Dec.
1370 826 82 45 27;
1486 825 39 38 A
1555 824 199 42 958497:
1790 824 192 40 Cornell
2014 824 144 45 univ.,
2192 825 186 46 Ithaca,

458 884 56 39 N.
544 884 53 40 Y.
668 883 221 48 (27-706)

389 978 303 53 Columbia
740 977 350 62 university.
1187 977 274 50 Teachers
1512 975 221 67 college.
1827 975 423 52 International
459 975 1897 133 institute.

459 1133 382 53 Educational
898 1132 285 68 yearbook
1240 1130 65 53 of
1362 1131 97 51 the
1516 1130 423 51 International
1997 1129 263 52 institute
2317 1128 66 52 of

388 1211 278 51 Teachers
696 1210 228 67 college,
959 1208 299 54 Columbia
1290 1207 336 68 university,
1661 1210 150 49 1925.
1880 1206 214 53 Edited
2125 1206 77 68 by
2235 1206 47 52 I.
2315 1207 66 52 L.

388 1285 1790 67 Kandel … New York, The Macmillan company, 1926.
460 1367 84 39 xvi
568 1378 57 37 p.,
651 1367 27 38 2
724 1398 22 16 l.,
771 1366 144 40 3-583
940 1378 43 36 p.
1043 1368 171 39 tables.
1273 1366 57 39 20
1333 1368 43 21 cm
1382 1398 8 8 .

462 1423 231 40 Contains
719 1423 393 47 bibliographies.

390 1473 55 54 ©
469 1481 111 38 Dec.
602 1479 70 46 28,
697 1478 141 47 1926;
865 1479 67 40 2c.
958 1480 94 38 and
1078 1478 82 41 aff.
1184 1481 111 37 Dec.
1320 1478 82 42 29;
1428 1478 42 39 A
1493 1478 173 40 957846;
1721 1478 282 39 Macmillan
2029 1489 67 29 co.

394 1573 257 61 Cordier,
682 1572 271 63 Leopold,
990 1571 171 53 1887-

463 1651 413 67 Evangelische
921 1650 426 68 jugendkunde,
1394 1668 111 33 von
1550 1649 255 67 Leopold
1855 1649 254 53 Cordier.
2196 1653 46 47 2.
2291 1650 93 51 bd.

391 1727 109 52 Die
525 1727 390 68 evangelische
940 1727 214 68 jugend
1181 1728 117 51 und
1325 1727 125 52 ihre
1472 1727 204 51 bünde.
1742 1725 293 55 Schwerin
2060 1726 35 51 i.
2125 1726 261 67 Mecklb.,

392 1805 63 51 F.
486 1804 186 67 Bahn,
702 1807 150 49 1926.

461 1884 361 48 828 p. 23 ½ cm .
464 1941 131 39 Each
620 1942 190 38 volume
837 1942 90 38 has
954 1942 102 38 also
1085 1941 181 47 special
1292 1943 98 46 t.-p.

394 1991 1773 53 © Aug. 2, 1926; 1c. Dec. 3: A —Foreign 32819: Friedrich Bahn.
397 2105 270 62 Crocker,
700 2105 200 64 Ellery
931 2106 330 63 Channing.

460 2183 56 52 A
545 2183 371 68 popularised
949 2184 377 67 philosophy;
1362 2203 31 33 a
1427 2183 273 54 scientific
1733 2184 143 53 view
1911 2184 66 53 of
2012 2184 156 54 force
2202 2204 59 34 as
2294 2185 97 53 the

391 2260 227 69 highest
652 2260 209 53 known
898 2278 191 50 power
1124 2262 61 51 in
1220 2263 99 51 the
1354 2261 280 68 universe,
1669 2281 31 33 a
1737 2261 421 54 consideration
2195 2262 63 53 of
2294 2264 97 51 the

393 2337 260 53 universe
692 2356 60 35 as
792 2338 326 70 intelligent
1157 2339 114 54 and
1312 2339 350 68 responsible
1703 2338 94 54 for
1837 2338 131 69 evil,
2009 2358 32 34 a
2081 2340 201 68 theory
2327 2340 64 53 of

393 2415 119 52 will
535 2434 59 34 as
618 2434 73 34 an
714 2416 163 53 effect
899 2415 66 54 of
984 2418 215 51 mental
1223 2417 206 68 action,
1453 2417 226 69 rhymes
1705 2417 114 53 and
1843 2422 223 63 meters,
2089 2417 76 69 by
2192 2418 199 69 Ellery

395 2491 1860 72 Channing Crocker. Sioux City, Ia., E. C. Crocker [ c 1926]
467 2574 799 50 1 p. l., v p., 1 l., 152 p. 19½ cm .
398 2623 52 54 ©
485 2631 111 39 Dec.
631 2631 69 46 11,
735 2631 141 42 1926;
913 2632 68 39 2c.
1017 2634 112 38 Dec.
1165 2633 81 47 20;
1286 2633 82 40 aff.
1405 2634 112 39 Dec.
1554 2634 80 46 18;
1675 2635 40 37 A
1751 2633 199 47 957748;
1990 2634 53 39 E.
2081 2634 49 39 C.
2168 2634 221 49 Crocker,

470 2685 149 40 Sioux
651 2686 123 49 City,
833 2698 42 29 Ia.
946 2688 222 47 (27-883)

397 2767 224 61 Danne,
661 2767 223 54 Harold
924 2768 70 53 A.

470 2845 202 53 Poems
708 2845 65 54 of
809 2846 208 70 flying;
1060 2867 31 33 a
1129 2866 142 51 song
1309 2848 65 53 of
1409 2849 98 52 the
1542 2849 104 67 air,
1682 2850 76 68 by
1794 2849 227 53 Harold
2057 2848 72 53 A.
2169 2850 219 52 Danne.

401 2924 923 70 Boston, R. G. Badger [ c 1926]
473 3005 701 51 4 p. l., 7-117, [3] p. 19 cm .
398 3055 53 54 ©
475 3064 110 38 Dec.
609 3062 69 47 23,
703 3063 141 47 1926;
872 3063 66 40 2c.
964 3065 94 38 and
1084 3064 81 40 aff.
1192 3066 112 39 Dec.
1327 3065 83 47 31;
1438 3065 40 38 A
1502 3065 199 47 958556;
1730 3066 60 39 H.
1816 3066 53 39 A.
1895 3067 185 45 Danne,
2105 3066 119 39 New
2249 3066 144 39 York.

480 3118 222 47 (27-656)

397 3197 293 64 Delmont,
721 3199 239 64 Joseph,
996 3204 169 49 1873-

473 3277 72 52 In
581 3278 194 51 ketten
821 3279 271 68 (zeloten)
1140 3298 199 33 roman
1374 3298 111 33 von
1522 3281 215 66 Joseph
1776 3280 286 52 Delmont.
2137 3280 257 68 Leipzig,

404 3354 64 52 F.
498 3354 89 54 W.
622 3355 254 54 Grunow
954 3360 150 63 [c1926]

472 3436 99 48 385,
604 3438 53 48 [1]
691 3448 43 37 p.
795 3438 56 39 19
853 3440 45 22 cm
903 3470 8 8 .

402 3486 1802 57 © May 6. 1926; 1c. Oct. 8: A—Foreign 32358; Fr. Willi. Grunow.
482 3549 221 47 (27-931)

403 3628 210 63 Dixon,
645 3629 198 53 Asher
871 3631 253 63 Hooper,
1159 3636 172 49 1865-

471 3705 307 55 Economic
805 3716 373 60 government
1204 3710 61 52 in
1292 3710 97 53 the
1414 3711 218 53 United
1663 3709 207 68 States,
1895 3710 75 69 by
1996 3710 71 52 A.
2096 3710 78 52 H.
2203 3709 193 53 Dixon

402 3785 1993 149 … The people’s book, discussing the Declaration of independence, the Constitution and amendments, governmental au-
