2542 4285
1348 3915 111 54 264

374 295 241 70 Kitson,
658 296 214 72 Harry
906 296 251 69 Dexter,
1198 296 188 58 1886-

455 389 127 55 The
628 385 383 74 psychology
1059 386 67 57 of
1171 384 352 59 vocational
1570 385 402 71 adjustment,
2018 386 82 70 by
2145 385 215 72 Harry

377 461 1960 74 Dexter Kitson … Philadelphia, Chicago [etc.] J. B. Lip­
377 541 237 73 pincott
649 560 303 52 company
987 570 13 42 [
1003 548 17 22 c
1024 539 146 58 1925]

447 617 80 45 viii
549 632 57 38 p.,
636 621 18 42 1
702 653 9 9 l.,
747 616 82 47 273
854 632 43 37 p.
954 616 168 53 diagrs.
1185 618 51 45 19½
1267 619 17 18 cm
1322 652 9 9 .

449 674 331 46 “References”
807 682 46 38 at
879 675 85 44 end
989 675 53 45 of
1067 675 108 44 each
1203 674 199 51 chapter.

450 728 1914 54 Bibliography of “tests … proposed for the measurement of aptitude in
379 788 184 44 various
586 785 294 49 vocations”:
904 799 43 38 p.
970 784 206 46 253-256.

377 839 53 53 ©
463 841 99 43 Oct.
591 840 67 51 23,
691 838 130 54 1925;
851 840 64 42 2c.
946 840 88 42 and
1063 840 78 42 aff.
1174 839 119 43 Mar.
1324 839 38 51 9,
1398 838 128 52 1926;
1560 839 42 41 A
1633 837 186 53 883546;
1855 840 39 52 J.
1928 841 50 42 B.
2013 839 254 53 Lippincott
2298 854 65 28 co.

456 895 240 55 (26-7133)

378 992 307 73 Knowles,
722 991 347 59 Archibald
1105 990 335 74 Campbell,
1481 994 186 56 1865-

460 1083 128 57 The
614 1083 275 72 practice
915 1083 67 57 of
1009 1082 283 73 religion,
1322 1102 36 38 a
1386 1082 174 58 short
1585 1084 252 57 manual
1863 1084 68 58 of
1953 1084 409 58 instructions

383 1160 1982 73 and devotions … by the Reverend Archibald Campbell
382 1236 1959 139 Knowles … 28th ed. With a preface by the Right Reverend
617 1313 1745 74 Charles Chapman Grafton … New York, E. S.
383 1393 293 73 Gorham,
702 1395 166 56 1926.

453 1469 1126 56 xiv p., 1 l., 256 p. incl. front. plates. 14cm.
383 1526 53 54 ©
473 1529 106 43 Dec.
614 1528 67 52 23,
719 1526 130 53 1925;
885 1528 64 42 2c.
986 1527 87 43 and
1107 1527 78 43 aff.
1224 1527 118 44 Mar.
1378 1526 67 52 25,
1484 1527 130 52 1926;
1651 1527 44 42 A
1732 1526 189 54 883761;
1959 1528 57 43 A.
2053 1527 50 45 C.
2140 1527 230 53 Knowles,

454 1584 330 50 Germantown,
818 1582 324 52 Philadelphia,
1175 1583 77 43 Pa.
1322 1581 242 55 (26-7064)

382 1681 220 71 Krout,
639 1680 171 59 John
841 1679 202 73 Allen,
1083 1682 189 57 1896-

384 1766 1966 153 … An outline of the middle period of American history,
570 1845 1807 74 by John A. Krout, PH. D., and Roy F. Nichols, PH. D.,
383 1926 312 71 prepared
735 1923 335 73 especially
1106 1924 103 56 for
1245 1924 179 57 home
1463 1924 302 57 students.
1849 1925 151 57 New
2034 1925 190 74 York,

382 1924 1969 137 Columbia
641 2000 370 73 university,
1043 2002 164 56 1926.

453 2080 54 46 74
535 2097 40 37 p.
633 2081 53 44 23
694 2082 46 18 cm
747 2115 9 9 .

455 2140 64 42 At
548 2138 117 44 head
695 2137 51 45 of
775 2136 123 46 title:
934 2134 239 47 Columbia
1206 2134 250 54 university
1488 2136 43 43 in
1565 2136 75 44 the
1671 2136 91 53 city
1793 2136 50 45 of
1876 2136 115 45 New
2024 2136 144 45 York.
2230 2137 149 43 Home

385 2196 144 52 study.

458 2251 147 44 Blank
630 2265 136 39 pages
796 2249 73 44 for
897 2249 105 44 “the
1028 2248 157 53 essay”
1212 2248 88 46 and
1331 2247 103 45 “the
1460 2248 106 44 final
1595 2248 332 44 examination”
1965 2247 188 56 (73-74)

387 2307 53 54 ©
470 2308 103 44 Feb.
607 2309 34 50 1,
675 2307 128 51 1926;
834 2307 64 42 2c.
930 2307 119 42 Mar.
1081 2306 73 51 18;
1188 2306 78 42 aff.
1296 2306 120 42 Mar.
1450 2306 74 50 19;
1556 2305 44 42 A
1631 2304 187 53 879940;
1854 2307 296 51 Department
2180 2307 49 43 of
2259 2306 118 44 univ.

457 2364 248 52 extension,
738 2362 238 45 Columbia
1009 2361 134 52 univ.,
1176 2361 116 44 New
1326 2362 143 43 York.
1539 2360 241 56 (26-7286)

388 2463 136 71 Lee,
559 2461 250 58 Amber.

465 2552 214 57 Proud
713 2551 265 72 revelry,
1011 2551 84 71 by
1126 2550 237 57 Amber
1393 2550 141 57 Lee.
1607 2550 150 58 New
1790 2551 191 74 York,
2016 2553 68 56 T.
2123 2547 257 78 Seltzer,

391 2631 164 55 1926.

460 2706 81 43 304
569 2720 38 37 p.
666 2704 56 44 20
728 2707 45 18 cm
781 2739 9 9 .

391 2759 53 54 ©
478 2763 119 42 Mar.
634 2760 63 53 15,
734 2760 129 52 1926;
898 2762 65 41 2c.
1002 2762 118 41 Mar.
1153 2760 78 52 22;
1266 2760 78 43 aff.
1381 2760 120 43 Mar.
1534 2759 78 53 25;
1649 2762 42 41 A
1727 2760 189 53 883766;
1955 2760 200 45 Thomas
2196 2761 183 51 Seltzer,

461 2818 84 44 inc.
612 2816 241 55 (26-7014)

392 2902 232 72 Lester,
665 2899 278 60 Pauline.

468 2990 1917 74 Marjorie Dean Macy, by Pauline Lester … New York,
391 3069 938 72 A. L. Burt company [ c 1926]
461 3149 81 42 243
572 3162 38 37 p.
672 3147 137 43 front.
874 3147 72 45 19½
957 3149 46 16 cm
1011 3181 8 8 .
1112 3147 101 42 (Her
1247 3145 229 52 Marjorie
1507 3147 128 43 Dean
1669 3147 346 51 post-graduate
2049 3147 163 53 series)

394 3202 53 54 ©
481 3205 118 42 Mar.
629 3204 66 51 22,
731 3203 104 44 1926
851 3218 8 37 ;
894 3204 64 42 2c.
992 3204 119 42 Mar.
1143 3204 78 50 23;
1257 3203 79 43 aff.
1371 3204 117 42 Mar.
1521 3204 78 51 24;
1635 3204 42 41 A
1711 3203 190 52 879997;
1939 3206 56 41 A.
2031 3205 48 42 L.
2115 3204 114 44 Burt
2263 3220 64 27 co.

472 3259 241 55 (26-7018)

395 3342 215 72 Lewis,
648 3343 268 57 Thomas
953 3341 339 74 Hamilton,
1331 3345 189 56 1852-

474 3433 129 57 The
633 3433 289 57 minister
957 3434 123 56 and
1111 3433 98 57 his
1245 3452 134 37 own
1415 3434 164 70 soul;
1616 3453 36 39 a
1687 3435 188 70 study
1909 3434 68 58 of
2007 3432 376 60 ministerial

399 3510 1964 135 power, by Thomas Hamilton Lewis … with an introduction
570 3588 83 71 by
691 3587 238 72 Bishop
970 3587 279 58 William
1290 3588 237 57 Fraser
1567 3588 355 59 McDowell.
2005 3590 151 57 New
2195 3590 189 72 York,

399 3665 240 72 George
664 3664 79 58 H.
771 3664 216 58 Doran
1013 3684 306 54 company
1344 3695 13 43 [
1358 3673 20 23 c
1382 3666 163 74 1926]

505 3742 656 54 x p., 2 l., 15-130 p. 19½ cm .
399 3797 53 53 ©
472 3799 128 42 Mar.
638 3797 61 51 15,
733 3798 128 51 1926;
892 3799 64 43 2c.
991 3799 119 43 Mar.
1140 3799 78 51 20;
1253 3800 78 42 aff.
1366 3800 117 42 Mar.
1514 3799 77 52 22;
1627 3800 41 41 A
1702 3799 187 52 879964;
1927 3800 175 52 George
2137 3801 60 43 H.
2233 3802 155 41 Doran

469 3870 64 28 co.
601 3853 242 55 (26-7193)
