2542 4285
1305 4052 148 57 1332

375 421 276 73 Chaplet,
689 421 300 73 Auguste.

521 508 1839 76 … La chimie, par A. Chaplet … avec 91 gravures.
379 591 218 76 [Paris]
634 589 308 58 Hachette
983 589 181 74 [1926]

449 668 92 52 191,
576 669 52 53 [1]
662 681 39 38 p.
762 667 131 50 illus.,
925 667 52 42 23
1008 679 55 38 pl.
1092 663 125 55 (incl.
1251 663 163 54 front.)
1456 678 59 29 on
1550 664 49 42 12
1649 698 7 8 l.
1722 663 50 44 19
1778 665 47 18 cm
1832 697 9 9 .
1908 660 343 57 (Bibliothèque
2285 661 78 44 des

376 724 279 53 merveilles)

374 775 1897 60 © May 12, 1926; 1c. June 21; A—Foreign 31290; Librairie Hachette.
452 838 267 55 (26-20751)

398 937 400 70 [Cherbonnel,
837 936 195 74 Alice]
1074 938 189 58 1854-

519 1026 1627 74 … Les reflets. Paris, Plon-Nourrit et c ie [ c 1926]
442 1108 527 52 2 p. l., 244 p. 19 cm .
443 1164 218 46 Author’s
690 1163 169 52 pseud.,
888 1165 113 49 Jean
1033 1165 53 43 de
1116 1164 65 43 La
1213 1160 150 50 Brète,
1393 1171 46 36 at
1469 1161 114 47 head
1612 1162 54 43 of
1696 1160 112 47 title.

375 1214 1901 58 © Aug. 17, 1926; 1c. Oct. 20; A—Foreign 32015; Plon-Nourrit & co.
453 1275 268 56 (26-20918)

380 1376 168 72 Clay,
590 1374 233 59 Robert
860 1372 293 75 Keating,

450 1464 1919 75 A chequer-board, by Robert Clay … Philadelphia,
373 1548 62 59 J.
463 1548 73 57 B.
565 1543 363 74 Lippincott
957 1562 323 55 company,
1312 1544 165 61 1927.

443 1624 80 47 295
553 1639 41 35 p.
658 1625 51 44 19
714 1626 46 18 cm
766 1661 9 8 .

447 1678 247 46 Published
728 1680 116 45 1926.

378 1733 53 54 ©
461 1735 116 42 Nov.
610 1734 63 51 13,
706 1733 129 51 1926;
868 1732 63 43 2c.
963 1734 87 41 and
1079 1732 78 42 aff.
1192 1732 118 43 Nov.
1345 1730 74 53 17;
1453 1732 43 42 A
1529 1730 189 53 958007;
1752 1732 52 43 R.
1839 1730 48 45 C.
1922 1731 128 54 Clay,
447 1731 1901 112 Gloucestershire,
613 1790 221 53 England.

903 1789 269 54 (26-20631)

384 1890 295 71 Clemens,
718 1888 282 61 William
1036 1889 452 72 Montgomery,
1530 1890 187 56 1860-
1875 1890 91 58 ed.

456 1980 335 58 American
838 1979 317 72 marriage
1207 1978 253 58 records
1509 1979 216 58 before
1778 1980 167 71 1699,
1995 1980 207 58 edited
2251 1982 124 57 and

379 2056 1972 139 compiled by William Montgomer [!] Clemens … Limited
559 2137 90 57 ed.
733 2137 310 70 Pompton
1093 2134 219 74 Lakes,
1361 2134 72 56 N.
1485 2134 82 71 J.,
1620 2136 129 57 The
1797 2134 204 59 Biblio
2051 2154 323 55 company,

381 2215 164 58 1926.

450 2293 81 44 244
558 2307 38 40 p.
656 2291 56 45 26
716 2294 47 18 cm
770 2327 9 9 .

375 2349 57 53 ©
469 2351 118 42 Nov.
628 2351 34 50 1,
703 2349 128 51 1926;
871 2349 65 42 2c.
976 2349 117 42 Nov.
1130 2349 51 49 4;
1222 2347 77 43 aff.
1340 2347 118 43 Nov.
1502 2348 74 51 13;
1615 2347 42 43 A
1696 2346 189 54 950961;
1925 2348 74 44 W.
2040 2349 65 42 M.
2149 2346 219 55 Clemens,

450 2409 222 51 Pompton
706 2407 158 51 Lakes,
902 2406 58 43 N.
995 2406 40 51 J.
1104 2404 270 55 (26-20776)

386 2505 204 69 Coffin,
638 2504 257 58 Charles
940 2503 309 73 Carleton,
1294 2505 355 58 1823-1896.

456 2595 299 73 Building
812 2595 104 57 the
974 2594 218 58 nation;
1285 2598 214 54 events
1557 2593 65 58 in
1679 2596 103 57 the
1839 2595 247 72 history
2146 2596 68 57 of
2274 2597 103 57 the

380 2674 234 59 United
643 2673 212 59 States
885 2672 167 58 from
1078 2673 103 57 the
1211 2672 351 58 revolution
1590 2677 62 56 to
1681 2674 104 56 the
1811 2673 340 73 beginning
2179 2674 68 58 of
2273 2674 105 58 the

381 2749 1928 75 war between the states, by Charles Carleton Coffin …
382 2830 358 58 illustrated
766 2830 152 57 with
946 2823 316 78 drawings
1290 2829 84 71 by
1400 2828 208 58 Mabel
1635 2828 67 60 L.
1732 2829 212 58 Jones.
2027 2829 150 58 New
2207 2828 171 59 York

383 2910 123 59 and
534 2908 278 70 London,
841 2907 254 71 Harper
1125 2905 48 59 &
1199 2905 311 72 brothers,
1540 2906 165 59 1926.

485 2982 1388 57 x p., 1 l., 417 p. incl. illus., plates, col. front. 2 3 ½ cm .
377 3042 56 54 ©
465 3044 117 43 Nov.
615 3041 63 52 15,
710 3042 130 51 1926;
869 3043 66 41 2c.
966 3041 118 43 Nov.
1118 3040 72 53 15;
1224 3041 77 42 aff.
1333 3041 118 43 Nov.
1487 3040 73 52 17;
1594 3041 42 42 A
1666 3039 190 53 950991;
1892 3041 186 51 Harper
2105 3041 39 43 &
2171 3042 119 42 bros.

457 3099 269 56 (26-20777)

387 3183 187 71 Conn,
613 3185 270 58 Herbert
917 3182 297 74 William,
1250 3186 356 57 1859-1917.

463 3273 458 73 Bacteriology.
993 3275 77 56 3d
1101 3274 93 57 ed.
1263 3275 60 55 A
1355 3275 188 71 study
1576 3274 66 58 of
1671 3275 551 73 microörganisms
2254 3276 122 57 and

386 3352 165 58 their
587 3352 270 57 relation
894 3356 62 53 to
994 3352 231 56 human
1265 3352 288 71 welfare;
1594 3352 356 73 discussing
1988 3352 105 59 the
2129 3352 246 73 history

387 3430 67 58 of
486 3429 444 73 bacteriology,
964 3428 103 59 the
1103 3432 223 54 nature
1365 3430 68 57 of
1465 3430 551 73 microorganisms
2051 3432 125 57 and
2212 3430 165 59 their

388 3506 393 74 significance
815 3506 66 57 in
916 3507 363 58 connection
1315 3507 152 58 with
1498 3508 360 74 pathology,
1892 3507 286 75 hygiene,
388 3508 1964 134 agriculture

657 3584 1720 74 and the industries, by H. W. Conn … and Harold
385 3661 1967 151 J. Conn … Baltimore, The Williams & Wilkins company, 1926.
455 3814 1386 57 2 p. l., 453 p. illus., ports., fold, tab., diagrs. 23½cm.
459 3872 326 45 “References”
813 3879 47 38 at
886 3874 86 43 end
999 3873 52 45 of
1076 3888 124 32 some
1228 3874 53 44 of
1306 3873 76 45 the
1412 3874 219 54 chapters.

382 3928 56 56 ©
468 3931 116 41 Mar.
619 3929 62 51 10,
714 3930 129 54 1926;
874 3931 64 42 2c.
970 3932 87 43 and
1083 3932 80 43 aff.
1197 3932 117 44 Nov.
1351 3934 73 50 11;
1456 3934 43 42 A
1531 3931 188 56 957036;
1752 3934 228 45 Williams
2012 3935 38 46 &
2079 3932 199 49 Wilkins
2309 3950 66 30 co.

465 3984 268 59 (26-20755)
