2542 4285
1376 4020 147 55 1262

446 406 213 67 Chase,
694 401 241 61 Daniel.

519 494 226 73 Hardy
768 513 127 54 rye,
922 494 82 71 by
1029 492 226 57 Daniel
1283 490 217 59 Chase.
1565 486 449 75 Indianapolis,
2042 486 130 58 The
2198 483 234 60 Bobbs-

444 573 244 58 Merrill
718 590 305 52 company
1058 599 13 42 [
1074 578 19 22 c
1095 569 164 73 1926]

513 646 620 57 4 p. l., 3-327 p. 19½ cm .
441 706 56 53 ©
529 708 99 43 Oct.
660 706 69 52 29,
763 706 105 43 1926;
927 706 64 42 2c.
1026 705 118 42 Nov.
1176 701 23 46 5;
1260 702 79 45 aff.
1374 702 118 43 Nov.
1530 702 17 41 1;
1612 702 43 41 A
1687 696 164 48 949965;
1913 696 359 45 Bobbs-Merrill
2307 710 64 29 co.

523 762 270 56 (26-19679)

448 860 348 74 Chevalley,
834 859 175 73 Abel,
1049 861 189 56 1868-

583 949 1745 75 … Thomas Deloney; le roman des métiers au temps
2359 946 75 59 de
443 1032 447 73 Shakespeare.
961 1029 206 72 Paris,
1196 1024 291 65 Éditions
1520 1030 74 57 de
1623 1027 61 59 la
1713 1026 299 58 Nouvelle
2043 1044 188 38 revue

439 1027 1971 152 française
639 1140 13 43 [
652 1118 20 22 c
676 1109 164 74 1926]

511 1186 720 54 3 p. l., [9]-254 p., 1 l. 19 cm .
513 1246 149 45 “Note
691 1241 421 53 bibliographique”:
1169 1256 42 36 p.
1246 1238 236 50 [251]-254.

445 1289 1988 62 © June 26, 1926; 1c. Sept. 7; A— Foreign 31852; Librairie Gallimard,
518 1356 144 43 Paris.
732 1353 269 55 (26-19304)

451 1453 492 73 Cleft-Addams,
982 1450 191 60 Julia.

526 1545 128 60 The
682 1547 200 55 secret
907 1543 173 72 deed,
1104 1543 84 72 by
1212 1542 60 61 J.
1303 1541 495 59 Cleft-Addams.
1862 1540 152 57 New
2037 1541 190 72 York,
2255 1541 72 56 R.
2356 1540 82 58 M.

449 1622 294 58 McBride
777 1620 48 59 &
857 1639 306 52 company
1197 1621 181 70 [1926]

517 1697 453 56 vi, 345 p. 19 ½c m .
519 1754 206 49 “Second
756 1754 212 56 printing,
1005 1752 266 54 September
1306 1751 147 47 1926.”

446 1813 54 53 ©
528 1814 119 52 Aug.
681 1812 61 53 12,
777 1813 129 50 1926;
938 1812 64 42 2c.
1035 1811 119 43 Nov.
1188 1811 46 52 1;
1267 1809 80 45 aff.
1381 1810 119 43 Nov.
1532 1810 49 51 4;
1615 1810 43 41 A
1689 1807 190 55 950780;
1914 1809 171 43 Robert
2119 1809 65 43 M.
2219 1807 219 45 McBride

519 1872 36 43 &
586 1886 65 29 co.
720 1868 270 56 (26-19674)

452 1968 208 74 Colby,
707 1969 257 58 Charles
1009 1965 264 75 Carlyle,
1320 1969 188 57 1884-

525 2061 231 60 Source
807 2061 161 58 book
1020 2061 105 57 for
1179 2060 104 59 the
1338 2057 308 61 economic
1699 2060 365 73 geography
2118 2060 67 58 of
2237 2058 202 59 North

445 2135 1816 78 America, by Charles C. Colby … Chicago, Ill., The
445 2136 1972 155 University
710 2218 68 59 of
805 2215 271 74 Chicago
1104 2234 180 55 press
1316 2245 12 43 [
1331 2224 18 21 c
1352 2217 165 71 1926]

515 2298 112 49 xxii,
655 2296 82 47 549
763 2311 63 50 p..
865 2309 126 36 maps
1019 2295 126 50 (part
1174 2292 139 54 fold.)
1380 2295 54 42 22½
1469 2297 46 18 cm
1523 2330 8 7 .

517 2353 172 46 “Third
721 2350 211 48 edition.”

517 2407 329 52 Bibliography
870 2416 47 36 at
944 2410 85 43 end
1057 2408 50 44 of
1134 2407 109 45 each
1268 2406 197 50 chapter.

449 2462 53 53 ©
530 2464 99 43 Oct.
660 2460 63 54 15,
752 2461 129 51 1926;
906 2462 66 41 2c.
1000 2460 100 44 Oct.
1127 2460 78 51 26;
1234 2459 78 45 aff.
1341 2460 101 43 Oct.
1469 2458 52 44 27;
1575 2460 43 41 A
1644 2458 188 54 949724;
1863 2461 265 53 University
2155 2462 52 43 of
2231 2460 212 56 Chicago,

520 2519 212 54 Chicago.
801 2517 271 55 (26-19373)

454 2619 250 72 Collins,
746 2618 232 58 Archie
1020 2616 355 75 Frederick,
1420 2619 187 57 1869-

526 2703 1850 78 The amateur entertainer, by A. Frederick Collins …
448 2786 151 58 New
628 2785 191 73 York,
849 2784 277 71 London,
1157 2785 73 57 D.
1264 2782 320 76 Appleton
1616 2787 124 58 and
1769 2803 322 58 company,
2123 2789 165 55 1926.

519 2860 987 56 xviii p.. 1 l., 201 p. illus., diagrs. 19½cm.
451 2918 54 53 ©
538 2919 99 43 Oct.
669 2918 64 50 22,
769 2918 129 51 1926;
931 2917 65 42 2c.
1028 2919 88 40 and
1147 2917 79 42 aff.
1260 2916 102 45 Oct.
1394 2916 79 51 26;
1509 2917 43 41 A
1587 2915 188 54 950648;
1814 2918 56 43 D.
1902 2919 230 52 Appleton
2166 2921 36 43 &
2236 2935 64 29 co.

529 2975 270 56 (26-19474)

457 3061 184 70 Cook,
676 3061 224 58 Albert
934 3059 497 75 Stanburrough,
1470 3064 186 56 1853-
1814 3063 91 59 ed.

534 3151 203 60 Select
785 3151 412 58 translations
1249 3151 166 58 from
1470 3152 118 58 Old
1634 3151 269 75 English
1949 3157 244 70 poetry,
2244 3154 206 60 edited

455 3227 1926 78 with prefatory notes and indexes by Albert S. Cook …
457 3303 1994 83 and Chauncey B. Tinker … Rev. ed. … Boston, New
455 3387 170 57 York
674 3388 128 73 [etc.]
836 3384 164 60 Ginn
1029 3387 123 56 and
1184 3403 307 56 company
1522 3414 14 43 [
1538 3394 20 21 c
1560 3387 163 72 1926]

524 3464 62 53 xi,
622 3462 74 46 195
726 3478 41 39 p.
831 3464 48 44 19
886 3464 47 18 cm
939 3497 9 10 .

528 3519 350 55 Bibliography:
913 3534 38 38 p.
989 3518 202 46 172-173.

796 3586 92 35 CONTENTS.—I.
916 3575 112 55 Epic
1057 3577 87 44 and
1170 3575 233 48 historical
1431 3575 143 55 pieces:
1629 3575 213 47 Widsith.
1907 3577 246 48 Selections
2185 3578 120 45 from
457 3578 1973 101 Beowulf.

641 3632 100 47 The
789 3634 139 44 battle
977 3633 51 44 of
1079 3633 317 45 Brunanburh.
1456 3632 100 46 The
1606 3633 138 46 battle
1794 3634 53 46 of
1896 3633 202 46 Maldon.
2099 3643 114 37 —II.
2266 3634 184 48 Secular

457 3692 135 53 lyrics:
650 3689 99 46 The
778 3690 215 44 seafarer.
1054 3689 100 46 The
1182 3691 249 44 wanderer.
1491 3689 100 46 The
1622 3689 158 47 ruined
1809 3691 104 54 city.
1974 3691 161 45 Deor’s
2166 3691 182 45 lament.
2408 3692 41 42 A

458 3747 266 46 love-letter.
784 3747 100 45 The
917 3746 218 46 banished
1168 3746 145 47 wife’s
1346 3746 257 55 complaint.
1664 3744 189 49 Gnomic
1888 3762 168 31 verses.
2117 3747 335 47 Riddles.—III.

459 3804 232 53 Religious
742 3804 137 54 lyrics:
959 3803 250 45 Cædmon’s
1258 3802 151 56 hymn.
1470 3803 162 46 Bede’s
1681 3802 284 57 death-song.
2027 3802 250 49 Selections
2331 3803 121 45 from

459 3861 74 45 the
566 3859 166 47 Christ.
791 3860 100 45 The
920 3862 157 43 dream
1108 3861 51 44 of
1191 3860 75 45 the
1300 3861 124 44 rood.
1484 3861 226 45 Ruthwell
1743 3875 130 32 cross
1905 3860 277 55 inscription.
2245 3861 206 45 Brussels

459 3933 125 31 cross
616 3917 406 55 inscription.—IV.
1056 3917 189 45 Biblical
1279 3931 180 38 poems:
1497 3917 248 48 Selections
1777 3918 122 45 from
1929 3918 76 47 the
2040 3917 199 48 Genesis.
2303 3916 149 49 Selec-
