2542 4285
998 3968 149 58 1029

55 363 219 71 Schou,
318 362 175 56 Hans
535 358 212 72 Jacob,
790 359 188 57 1886-

198 439 1837 83 … Religion and morbid mental states, by H. I. Schon,
272 519 1598 73 M. D., translated from the Danish by W. Worster, M. A.
55 608 150 56 New
231 605 189 70 York,
447 604 276 69 London,
754 603 129 55 The
917 600 279 70 Century
1222 618 85 37 co.
1342 629 13 43 [
1355 607 20 21 c
1379 598 164 73 1926]

125 698 61 50 ix,
214 694 82 44 217
323 709 39 37 p.
423 693 48 43 18½
506 695 45 18 cm
558 728 8 7 .
635 691 123 54 (The
789 690 214 53 practical
1034 688 295 52 Christianity
1361 686 164 54 series)
1645 683 126 56 $1.25

56 766 53 53 ©
139 766 120 52 Sept.
290 764 60 51 10,
382 763 129 52 1926;
539 764 64 42 2c.
636 762 120 52 Sept.
789 763 73 50 13;
893 762 78 42 aff.
1003 759 120 53 Sept.
1154 760 74 52 14;
1259 760 45 42 A
1330 755 189 55 949035;
1552 757 200 52 Century
1779 771 65 29 co.

135 821 268 56 (26-16078)

55 921 252 68 Silvers,
359 921 153 57 Earl
555 919 185 70 Reed,
790 920 188 56 1891-

131 1003 1912 80 The Menlo mystery, by Earl Reed Silvers … New
53 1091 187 72 York,
273 1088 278 70 London,
581 1087 74 57 D.
688 1085 320 72 Appleton
1040 1087 124 58 and
1197 1102 321 53 company,
1550 1085 163 55 1926.

123 1164 743 56 4 p. l., 206 p. front. 19½ cm .
56 1221 56 54 ©
144 1222 120 52 Sept.
297 1220 64 52 17,
397 1218 106 45 1926;
556 1219 65 44 2c.
649 1219 89 43 and
769 1218 78 43 aff.
881 1216 120 53 Sept.
1033 1216 78 52 21;
1144 1216 45 42 A
1220 1215 189 52 949104;
1445 1215 56 43 D.
1534 1216 227 52 Appleton
1794 1215 38 44 &
1862 1229 68 29 co.

137 1277 270 57 (26-16047)

58 1376 286 69 Sinclair,
384 1376 211 72 Upton
631 1374 193 73 Beall,
864 1376 190 57 1878-

138 1467 128 57 The
299 1466 431 72 spokesman’s
765 1467 350 69 secretary;
1145 1463 186 72 being
1359 1464 103 57 the
1491 1464 219 56 letters
1740 1463 68 58 of
1838 1461 205 59 Mame

61 1550 63 55 to
145 1564 184 54 mom,
352 1547 84 70 by
458 1543 215 73 Upton
699 1542 286 60 Sinclair.
1051 1543 351 74 Pasadena,
1429 1539 206 75 Calif.,
1663 1541 129 58 The
1817 1541 229 57 author

78 1626 186 71 [ c 1926]
124 1703 53 45 94
209 1716 39 39 p.
310 1701 137 44 front.
507 1702 50 42 21
567 1704 46 18 cm
619 1736 9 9 .

59 1756 56 54 ©
147 1758 106 52 July
283 1756 66 51 22,
388 1754 129 52 1926;
549 1754 66 44 2c.
651 1755 86 43 and
770 1754 78 43 aff.
887 1753 120 52 Sept.
1046 1751 73 54 15;
1155 1754 45 42 A
1235 1751 189 54 950032;
1460 1753 58 44 U.
1558 1750 207 55 Sinclair,
1800 1752 247 52 Pasadena,

134 1814 133 45 Calif.
335 1810 270 57 (26-16057)

64 1913 467 59 Southwestern
564 1915 299 69 reporter.

139 2004 334 72 Kentucky
506 2003 307 58 decisions
849 2005 296 69 reported
1180 2002 65 57 in
1280 2003 103 56 the
1422 2002 199 58 South
1652 2003 270 56 western
63 2021 1963 133 reporter,

327 2082 357 72 annotated,
710 2082 153 56 vols.
891 2082 110 56 277
1026 2085 63 53 to
1117 2082 128 71 280,
1272 2081 292 71 January
1589 2084 63 53 to
1679 2080 205 71 April,
1904 2082 148 55 1926

132 2158 1331 73 … St. Paul, West publishing co., 1926.
132 2236 197 44 Various
362 2235 204 53 pagings.
624 2235 55 45 26
685 2239 47 17 cm
737 2271 8 8 .

66 2291 53 54 ©
142 2294 106 53 July
269 2293 67 52 29,
362 2293 107 44 1926;
515 2293 63 42 2c.
605 2293 101 44 Oct.
728 2290 79 55 25;
834 2293 79 44 aff.
939 2293 101 44 Oct.
1064 2293 79 52 23;
1170 2293 45 42 A
1238 2291 163 46 950615;
1455 2293 134 44 West
1612 2292 100 52 pub.
1737 2307 65 29 co.

66 2392 197 69 Starr,
305 2392 170 58 John
510 2391 295 70 William,
848 2395 189 57 1888-
1195 2412 193 54 comp.

139 2481 59 57 A
249 2481 440 73 bibliography
740 2483 69 56 of
857 2482 425 72 Lincolniana,
1334 2485 109 55 not
1494 2482 289 58 included
1835 2481 65 58 in
1952 2483 105 58 the

65 2559 434 72 compilations
538 2559 68 58 of
639 2560 227 58 Daniel
901 2559 155 57 Fish
1094 2560 123 57 and
1252 2561 242 72 Joseph
1528 2559 336 73 Benjamin
65 2560 1971 149 Oakleaf,

253 2638 302 71 compiled
590 2639 85 70 by
712 2639 169 57 John
917 2638 96 58 W.
1057 2639 205 71 Starr,
1302 2638 79 73 jr.
1461 2637 430 74 [Harrisburg,
1928 2639 130 73 Pa.]

65 2716 171 59 Priv.
272 2716 212 73 print.,
522 2716 164 57 1926.

141 2795 19 43 1
192 2808 40 39 p.
282 2828 21 17 l.,
334 2792 110 46 5-69
468 2808 40 39 p.
567 2795 54 42 22½
656 2797 47 17 cm
708 2829 10 9 .

140 2850 212 48 “Edition
378 2850 53 45 of
463 2850 80 44 100
567 2850 246 45 numbered
840 2852 87 44 and
958 2851 158 54 signed
1143 2851 165 53 copies,
1367 2867 70 29 no.
1467 2850 95 45 76.”

68 2906 57 54 ©
163 2907 121 53 Sept.
324 2909 34 50 1,
397 2908 107 44 1926;
560 2908 65 43 2c.
667 2907 120 53 Sept.
822 2909 51 51 2;
911 2909 80 44 aff.
1030 2907 120 54 Sept.
1192 2910 73 50 11;
1304 2909 45 42 A
1383 2909 189 52 949019;
1612 2909 40 52 J.
1688 2909 75 44 W.
1804 2907 142 52 Starr,
1986 2908 71 53 jr.,

143 2965 311 53 Millersburg,
489 2966 78 43 Pa.
637 2964 270 55 (26-15923)

70 3065 285 67 Stewart,
398 3064 247 59 Donald
684 3065 233 73 Ogden,
961 3069 190 56 1894-

144 3154 118 58 Mr.
310 3155 124 58 and
476 3155 152 59 Mrs.
673 3157 306 58 Haddock
1022 3156 66 60 in
1130 3156 208 72 Paris,
1382 3160 262 71 France,
1686 3161 84 69 by
1813 3158 249 59 Donald

70 3234 215 73 Ogden
314 3234 300 72 Stewart;
638 3234 152 59 with
816 3234 316 75 drawings
1158 3239 84 70 by
1265 3236 174 60 Herb
1467 3237 182 57 Roth.
1715 3237 153 57 New
1889 3236 174 57 York

70 3313 124 57 and
219 3310 276 73 London,
523 3310 254 74 Harper
803 3313 48 58 &
874 3314 311 71 brothers,
1214 3314 165 57 1926.

141 3386 1013 55 5 p. l., 284, [1] p. illus., plates. 21½ cm .
72 3440 58 54 ©
161 3441 121 54 Sept.
316 3443 62 45 17,
412 3443 130 52 1926;
572 3443 65 43 2c.
671 3443 120 52 Sept.
825 3445 75 51 11;
932 3445 78 42 aff.
1046 3444 122 53 Sept.
1198 3445 78 52 20;
1310 3445 45 42 A
1385 3443 188 54 950076;
1609 3446 184 52 Harper
1823 3447 37 44 &
1887 3446 119 44 bros.

154 3498 269 56 (26-16045)

75 3596 239 69 Stokes,
359 3598 167 58 John
566 3599 370 70 Hinchman,
983 3604 188 56 1885-

152 3686 264 59 Modern
473 3689 242 60 clinical
778 3691 413 73 syphilology,
77 3691 1993 132 diagnosis—treatment—case

251 3766 1818 78 studies, by John H. Stokes … with the co-operation
78 3843 1992 75 of Paul A. O’Leary, M. D. and William H. Groeckermann
