2542 4285
1319 4040 149 57 1192

413 388 75 57 U.
525 388 60 58 S.
660 389 302 72 Supreme
999 393 191 53 court.

493 465 189 58 Cases
728 465 317 73 adjudged
1086 466 65 56 in
1191 467 103 56 the
1342 466 300 71 Supreme
1688 469 176 54 court
1908 466 67 57 of
2016 466 102 57 the
2163 465 236 58 United

415 543 228 58 States.
735 542 233 58 Official
1018 544 234 56 edition
1301 544 261 71 reprint.
1654 543 380 72 Containing
2079 542 199 59 briefs
2332 543 67 57 of

415 621 248 58 counsel
697 619 237 73 (points
963 622 123 56 and
1112 620 429 73 authorities),
1573 622 364 56 statements
1969 621 67 56 of
2065 639 192 54 cases,
2277 622 122 56 and

415 698 223 71 syllabi
667 698 68 57 of
762 699 102 57 the
895 718 173 37 cases
1097 699 82 71 by
1208 699 104 56 the
1344 698 217 57 official
1590 702 303 68 reporter.
1961 697 295 58 Volumes
2289 700 110 54 124

411 778 63 54 to
503 777 107 54 142
647 775 358 73 (inclusive)
1078 776 598 72 Photographically
1703 777 391 70 reproduced
2109 776 167 56 from
2294 776 103 57 the

413 852 233 59 Official
673 853 235 57 edition
933 854 151 56 with
1109 854 103 56 the
1243 853 217 57 official
1486 853 368 73 pagination
1883 854 70 56 of
1981 854 148 56 each
2154 854 243 56 volume

410 931 1965 134 under the editorial supervision of William Edward Baldwin …
737 1007 351 73 Cleveland,
1138 1010 150 56 New
1332 1009 190 72 York,
1572 1009 126 56 The
1744 1008 286 58 Baldwin
2076 1010 121 56 law
2240 1008 159 58 book

410 1103 319 54 company,
764 1087 165 56 1926.

480 1162 50 44 19
558 1178 41 28 V.
630 1164 44 42 in
701 1163 38 44 2.
798 1162 56 45 26½cm.

407 1233 41 30 V.
490 1220 199 51 124-133,
728 1218 53 54 ©
821 1220 101 44 Oct.
965 1217 62 55 15,
1069 1220 131 53 1926;
1238 1236 43 29 v.
1321 1220 202 53 134-142,
1562 1218 53 54 ©
1655 1221 102 44 Oct.
1801 1221 74 52 11;
1915 1219 65 45 2c.
2020 1220 109 44 each
2167 1222 87 42 and
2291 1221 103 43 affs.

480 1277 99 44 Oct.
613 1277 73 52 19;
719 1277 44 42 A
792 1277 179 52 949928,
1002 1277 191 53 949929;
1227 1278 207 44 Baldwin
1463 1278 88 44 law
1583 1278 118 43 book
1731 1292 80 38 co.,
1844 1278 82 44 inc.

406 1333 427 75 Untermeyer,
873 1335 206 70 Louis,
1122 1338 189 57 1885-

489 1411 312 61 Collected
831 1413 315 74 parodies,
1178 1415 85 72 by
1292 1415 191 58 Louis
1515 1414 435 73 Untermeyer.
2024 1413 153 59 New
2204 1413 188 63 York,

410 1490 336 75 Harcourt,
775 1491 200 59 Brace
1007 1493 124 58 and
1160 1511 306 54 company
1496 1523 14 43 [
1511 1500 20 24 c
1533 1494 163 72 1926]

476 1569 90 53 xiv,
598 1571 82 45 324
709 1585 42 38 p.
783 1569 103 46 incl.
920 1571 140 46 front.
1118 1573 51 43 21
1178 1574 48 18 cm
1230 1607 10 9 .

479 1626 260 46 Illustrated
775 1627 233 45 half-title.

407 1679 53 54 ©
493 1680 120 53 Sept.
645 1681 64 50 30,
743 1681 129 52 1926;
902 1682 64 43 2c.
998 1683 87 42 and
1111 1681 81 44 aff.
1227 1682 101 44 Oct.
1360 1680 50 54 7;
1443 1682 44 42 A
1516 1682 190 51 949391;
1740 1682 249 52 Harcourt,
2023 1682 144 43 Brace
2198 1682 88 43 and
2317 1696 80 39 co.,

477 1736 81 46 inc.
628 1737 270 56 (26-17721)

407 1794 247 75 Valéry,
695 1796 174 70 Paul,
910 1800 190 57 1871-

402 1873 1971 150 … Rhumbs (notes et autres) par Paul Valéry … Paris,
539 1951 86 59 Le
656 1950 224 73 Divan,
912 1952 166 58 1926.

471 2026 1804 56 3 p. l. , [9]-158 p., 3 l. illus. 18½cm. (Les soirées du Divan. 21)
406 2082 52 54 ©
484 2085 113 52 June
624 2083 38 53 5,
690 2084 128 52 1926;
903 2121 8 7 1c.
938 2086 106 52 July
1074 2086 47 52 1;
1148 2086 101 42 A—
1253 2085 197 54 Foreign
1476 2086 160 53 31462;
1667 2087 52 43 P.
1747 2086 187 53 Valéry,
1964 2086 145 44 Paris.

482 2140 271 56 (26-18765)

405 2198 325 75 Vaughan,
768 2199 212 60 Hilda.

477 2279 169 60 Here
688 2300 108 40 are
837 2279 225 74 lovers,
1103 2282 85 73 by
1226 2281 195 59 Hilda
1460 2281 326 73 Vaughan.
1870 2282 151 59 New
2060 2282 172 59 York
2274 2283 123 59 and

401 2357 276 73 London,
706 2357 257 74 Harper
990 2359 49 58 &
1065 2360 311 71 brothers,
1405 2360 166 57 1926.

471 2434 520 54 5 p. l. , 345 p. 20 cm .
400 2488 56 54 ©
489 2489 119 54 Sept.
638 2491 69 50 23,
742 2489 106 45 1926;
904 2490 64 44 2c.
1005 2489 119 54 Sept.
1160 2489 50 45 17;
1270 2490 79 43 aff.
1385 2491 101 44 Oct.
1523 2491 49 42 14;
1632 2491 43 42 A
1705 2489 164 46 949529;
1931 2492 186 52 Harper
2149 2492 38 44 &
2217 2492 119 44 bros.

481 2546 270 56 (26-17972)

404 2604 280 70 Venturi,
723 2604 252 71 Adolfo,
1019 2606 190 58 1856-

473 2682 60 58 A
582 2683 177 58 short
809 2683 248 71 history
1106 2683 68 60 of
1223 2682 234 58 Italian
1509 2687 119 70 art,
1678 2684 84 72 by
1811 2682 234 60 Adolfo
2098 2682 299 73 Venturi;

404 2762 350 58 translated
807 2762 82 70 by
943 2760 276 60 Edward
1273 2761 262 74 Hutton,
1593 2761 149 58 with
1795 2762 111 57 300
1960 2760 435 60 illustrations.

403 2838 152 59 New
581 2839 191 71 York,
803 2839 129 58 The
966 2839 357 58 Macmillan
1354 2858 322 53 company,
1707 2840 166 57 1926.

503 2953 9 13 v,
545 2916 83 45 376
662 2932 39 38 p.
761 2916 116 46 illus.
938 2915 150 45 20½cm.

401 2972 52 54 ©
480 2975 100 44 Oct.
608 2972 36 53 5,
672 2973 106 45 1926;
829 2975 65 42 2c.
924 2974 101 45 Oct.
1051 2974 26 43 6;
1128 2975 78 42 aff.
1236 2974 100 44 Oct.
1365 2972 24 45 7;
1446 2974 43 42 A
1517 2972 164 46 949378;
1738 2973 265 45 Macmillan
2029 2989 66 29 co.

480 3030 270 55 (26-17744)

402 3088 214 73 Wade,
656 3088 245 60 Harold
936 3088 343 59 Hamilton.

481 3167 190 59 What
709 3172 65 55 to
814 3187 114 54 say
967 3171 123 56 and
1125 3169 139 57 how
1301 3174 62 54 to
1408 3189 113 53 say
1557 3167 69 75 it,
1662 3170 84 70 by
1782 3168 247 59 Harold
2065 3168 323 58 Hamilton

403 3247 1650 74 Wade … Boston, The Palmer company [ c 1926]
497 3326 573 53 v p., 1 l., 112 p. 16 cm .
399 3379 53 54 ©
480 3380 119 53 Sept.
622 3381 69 52 29,
718 3380 130 53 1926;
873 3381 66 43 2c.
967 3381 100 44 Oct.
1094 3382 52 51 4;
1174 3382 79 42 aff.
1281 3381 102 45 Oct.
1414 3382 47 51 1;
1487 3381 44 42 A
1557 3380 189 53 949416;
1777 3381 184 43 Palmer
1987 3395 66 30 co.

478 3437 270 56 (26-17762)

397 3495 234 70 Walsh,
679 3496 269 58 Thomas
992 3497 220 73 Tracy.

480 3574 128 59 The
641 3574 199 59 Word
876 3574 270 68 abideth,
1181 3577 83 71 by
1298 3575 103 58 the
1437 3576 150 57 Rev.
1627 3576 271 58 Thomas
1931 3576 207 71 Tracy
2169 3574 219 60 Walsh

401 3652 1963 154 … with an introduction by the Rt. Rev. William T. Manning …
713 3732 152 58 New
888 3732 174 57 York
1089 3736 146 70 [etc.]
1263 3733 376 72 Longmans,
1665 3731 204 60 Green
1897 3733 121 58 and
2047 3751 107 54 co.,
2182 3732 165 57 1926.

468 3810 61 49 xi,
560 3810 52 46 61
646 3824 42 39 p.
749 3812 147 45 19½cm.

469 3865 352 55 Bibliography:
857 3881 41 39 p.
931 3867 67 45 61.

398 3920 53 54 ©
480 3921 119 52 Sept.
630 3921 63 51 16,
722 3922 106 44 1926;
879 3923 63 43 2c.
971 3923 103 44 Oct.
1100 3921 24 45 7;
1178 3923 78 43 aff.
1284 3923 101 44 Oct.
1412 3922 25 44 8;
1492 3923 44 42 A
1562 3920 166 47 950374;
1782 3922 272 53 Longmans,
2085 3920 147 46 Green
2258 3922 38 44 &
2322 3936 65 29 co.

477 3977 269 57 (26-17725)
