2542 4285
1288 3999 112 57 968

357 380 296 64 Varnum,
692 380 281 59 William
1008 379 327 72 Harrison,
1377 382 188 57 1878-

436 473 244 57 Pewter
717 470 221 73 design
977 471 124 59 and
1135 470 427 58 construction
1602 471 111 72 [by]
1751 469 280 58 William
2068 470 80 57 H.

353 470 1995 150 Varnum … Milwaukee, Wis., The Bruce publishing company
359 627 201 72 [c1926]

430 702 81 44 148
533 716 40 38 p.
601 700 101 46 incl.
734 700 155 54 front.,
918 700 132 53 illus.,
1082 701 169 54 diagrs.
1306 701 56 45 27
1367 704 47 18 cm
1420 736 8 9 .

427 757 211 43 “Pewter
681 756 333 55 bibliography,
1064 756 226 55 compiled
1337 757 59 54 by
1442 756 78 45 the
1570 755 333 55 Metropolitan
1952 771 225 38 museum,
2227 757 118 45 New

356 812 185 44 York”:
571 828 40 38 p.
642 813 90 44 146.

355 869 56 53 ©
435 871 118 51 Aug.
584 870 62 50 14,
676 870 106 43 1926
796 885 8 36 ;
832 870 64 44 2c.
922 870 86 44 and
1034 871 77 42 aff.
1139 871 119 52 Aug.
1284 870 77 52 30;
1389 870 43 42 A
1459 869 188 53 901653;
1681 869 147 44 Bruce
1854 869 101 54 pub.
1984 884 64 30 co.

437 925 268 57 (26-15290)

357 1011 267 71 Walton,
666 1013 244 57 Horace
946 1013 211 72 Mann,
1199 1014 357 58 1857-1915.

433 1102 452 73 Metropolitan
925 1102 258 73 policies
1228 1103 125 58 and
1392 1103 215 73 plans;
1651 1126 36 37 a
1729 1104 321 57 text-book
2093 1102 105 58 for
2242 1103 103 59 the

355 1199 237 54 agency
626 1180 191 59 force.
893 1182 110 57 4th
1040 1181 112 70 ed.,
1193 1180 337 73 originally
1563 1180 253 58 written
1853 1183 83 69 by
1973 1180 250 58 Horace
2262 1181 83 56 M.

352 1256 1994 74 Walton … rev. and enl. by T. B. Graham … New York,
352 1335 343 59 Insurance
734 1334 301 74 advisory
1071 1337 257 69 bureau,
1369 1334 454 74 Metropolitan
1859 1334 113 59 life
2014 1335 332 59 insurance

353 1431 305 53 company
692 1442 13 43 [
707 1421 19 22 c
729 1413 165 72 1926]

425 1487 80 47 158
530 1504 54 38 p.,
616 1489 20 43 1
685 1524 8 8 l.
749 1488 55 46 20½
838 1490 48 18 cm
890 1524 10 10 .

423 1544 1532 55 Another edition, issued the same year, contains pt. I only.
692 1605 136 49 CONTENTS.—pt.
861 1611 33 34 I.
929 1600 198 45 Policies
1161 1600 91 45 and
1286 1601 132 54 plans
1455 1601 53 44 of
1543 1601 78 45 the
1655 1600 237 55 Ordinary
1927 1601 292 53 department
2254 1603 93 45 and

356 1655 319 46 intermediate
704 1656 315 54 branch.—pt.
1046 1667 56 33 II.
1132 1656 200 44 Policies
1362 1656 90 44 and
1483 1657 132 53 plans
1644 1658 54 42 of
1727 1657 77 45 the
1832 1656 210 46 accident
2070 1657 91 46 and
2191 1658 156 44 health

352 1710 200 47 division
580 1713 54 42 of
659 1712 78 44 the
766 1711 238 53 Ordinary
1030 1711 304 54 department.

354 1767 53 54 ©
433 1770 118 52 Aug.
580 1769 35 51 5,
645 1769 129 52 1926;
802 1770 64 43 2c.
894 1771 86 43 and
1006 1770 78 43 aff.
1110 1770 119 53 Aug.
1259 1770 74 53 19;
1362 1770 43 42 A
1432 1769 188 54 901512;
1652 1771 326 53 Metropolitan
2003 1769 81 46 life
2111 1771 234 44 insurance

424 1842 65 29 co.
558 1826 269 55 (26-15341)

352 1911 464 73 Westergaard,
857 1912 61 58 A
1232 1912 142 59 Chr.

357 1988 1968 153 … “Spionen", illustreret af Axel Mathiesen. [København]
566 2068 61 58 S.
656 2068 414 58 Hasselbalch
1099 2069 180 73 [1925]

427 2146 76 44 143
532 2160 38 38 p.
631 2145 115 45 illus.
805 2147 57 43 20
867 2149 47 18 cm
920 2181 8 9 .

350 2201 1992 55 © Dec. 5, 1925; 1c. Feb. 25, 1926; A—Foreign 30284; A. C. Westergaard,
424 2261 144 54 Køge,
607 2261 245 44 Denmark.
922 2260 270 55 (26-15686)

355 2346 345 76 [Williams,
741 2346 250 59 Donald
1028 2346 181 76 Cary]

427 2427 274 71 Rhymes
739 2428 112 71 [by]
886 2426 75 61 D.
999 2425 65 60 C.
1096 2427 116 72 W.,
1249 2444 37 39 a
1322 2429 226 57 second
1582 2426 211 60 series.
1879 2427 139 72 [Los
2053 2427 289 73 Angeles]

353 2505 129 58 San
509 2503 237 59 Encino
776 2506 74 57 de
878 2505 123 57 Los
1028 2504 292 73 Angeles,
1349 2506 166 56 1925.

422 2580 1200 67 6 p. l., 17-96, [1], xcviii-c p., 1 l. front. 14 cm ;
421 2638 138 46 Label
598 2641 219 43 mounted
856 2655 58 29 on
954 2650 158 33 cover:
1157 2636 182 47 Donald
1382 2639 122 52 Cary
1542 2637 244 47 Williams.
1845 2638 45 43 A
1931 2639 166 45 second
2136 2640 122 44 book
2297 2639 50 45 of

352 2697 192 51 rhymes.

351 2749 55 53 ©
440 2751 118 52 Aug.
594 2748 64 52 10,
695 2748 129 52 1926;
861 2749 63 42 2c.
956 2749 90 43 and
1077 2749 79 44 aff.
1190 2749 120 52 Aug.
1347 2749 72 52 18;
1456 2749 43 42 A
1535 2746 187 55 897859;
1760 2750 57 42 D.
1854 2748 48 45 C.
1935 2749 244 52 Williams,
2214 2749 129 53 Long

424 2807 161 52 Beach,
629 2805 133 45 Calif.
832 2803 270 57 (26-15329)

351 2893 216 70 Wood,
611 2891 238 59 Bertha
887 2892 84 58 M.

428 2970 494 60 Fundamentals
956 2970 68 57 of
1055 2970 317 71 dietetics;
1409 2990 39 38 a
1478 2970 319 59 text-book
1827 2970 105 59 for
1963 2990 225 39 nurses
2222 2972 124 57 and

352 3047 1923 74 dietitians, by Bertha M. Wood and Annie L. Weeks …
352 3126 442 71 Philadelphia
817 3126 125 57 and
963 3125 277 72 London,
1264 3125 97 58 W.
1386 3125 72 57 B.
1489 3125 319 59 Saunders
1833 3143 322 54 company,
2176 3127 166 55 1926.

423 3201 1374 54 1 p. l., 9-241 p. incl. illus., forms. fold. tab. 20½ cm .
350 3258 56 54 ©
440 3261 119 51 Aug.
594 3260 66 51 30,
700 3259 128 52 1926;
866 3260 65 43 2c.
966 3260 87 43 and
1085 3259 79 44 aff.
1203 3258 120 53 Sept.
1357 3259 51 52 2;
1446 3259 45 43 A
1526 3257 186 54 901722;
1750 3260 76 44 W.
1864 3259 51 43 B.
1954 3257 230 48 Saunders
2219 3273 65 30 co.

431 3316 269 55 (26-15393)

350 3400 289 75 Wulkop,
675 3400 187 60 Elsie.

431 3480 129 57 The
589 3481 191 57 social
802 3481 245 57 worker
1070 3482 67 56 in
1164 3501 36 37 a
1222 3480 278 71 hospital
1526 3481 193 71 ward,
1741 3481 85 72 by
1849 3479 175 60 Elsie
2049 3478 288 74 Wulkop,

352 3556 151 59 with
544 3563 303 54 comment
886 3561 84 69 by
1007 3558 279 59 Richard
1328 3557 64 60 C.
1438 3557 215 75 Cabot,
1753 3605 11 11 M.
1847 3604 11 11 D.
1935 3558 241 58 Boston
2216 3560 125 57 and

350 3636 152 58 New
529 3636 189 71 York,
748 3637 346 72 Houghton
1123 3636 217 57 Mifflin
1372 3655 321 56 company,
1726 3637 166 57 1926.

416 3714 433 53 X, 347 p. 19½ cm .
422 3770 126 44 “The
577 3771 131 44 work
739 3770 232 45 described
1000 3772 44 43 in
1076 3771 89 44 this
1196 3771 121 45 book
1345 3787 95 28 was
1472 3769 175 47 carried
1676 3777 80 39 out
1788 3779 46 36 at
1866 3770 76 46 the
1975 3770 361 45 Massachusetts

348 3828 184 50 general
565 3825 470 55 hospital.”—Introd.

349 3879 56 54 ©
434 3882 119 52 Aug.
581 3880 66 52 27,
682 3881 128 53 1926;
840 3883 64 43 2c.
934 3883 87 43 and
1050 3882 78 44 aff.
1158 3882 119 53 Aug.
1306 3882 77 52 30;
1416 3883 43 42 A
1489 3881 187 54 901656;
1711 3881 252 54 Houghton
1996 3880 164 44 Mifflin
2191 3895 64 29 co.

431 3938 268 55 (26-15367)
