2542 4285
1079 3998 149 55 1269

214 448 81 45 326
321 462 40 35 p.
424 447 150 49 front.,
603 445 155 51 plates.
817 446 54 42 22½cm.

147 499 53 53 ©
228 501 100 43 Oct.
355 501 67 45 22,
453 500 127 51 1926;
609 500 64 42 2c.
702 500 101 43 Oct.
831 499 77 51 25;
940 499 78 43 aff.
1050 499 99 43 Oct.
1178 499 76 51 26;
1285 499 44 42 A
1357 497 187 53 950638;
1579 498 174 52 George
1781 498 62 42 H.
1873 498 160 42 Doran
2059 511 66 28 co.

229 556 267 55 (26-19471)

150 626 257 57 Illinois.
493 629 199 71 Laws,
737 632 284 69 statutes,
1068 632 109 51 etc.

226 704 401 72 Callaghan’s
668 705 242 56 Illinois
953 707 272 54 statutes
1261 705 355 55 annotated.
1696 704 147 55 1926
148 702 1956 137 supplement.

424 781 377 72 Containing
845 782 103 56 the
996 782 356 71 legislation
1401 782 270 70 adopted
1721 784 67 53 at
1833 781 103 56 the
1986 781 146 55 1925

146 860 349 71 legislative
535 860 238 56 session
810 861 122 55 and
968 859 514 71 supplementary
1515 857 398 58 annotations
1953 859 180 56 down

151 940 62 53 to
265 938 108 55 231
423 937 238 56 Illinois
714 939 122 55 and
886 939 108 53 241
1045 937 331 71 appellate,
1424 955 160 53 page
1635 937 126 71 215,
1813 934 318 58 inclusive.

154 1013 285 72 Chicago,
480 1013 341 72 Callaghan
858 1015 122 56 and
1015 1033 321 53 company,
1375 1015 165 55 1926.

213 1070 534 72 2 p. l. , 552 p. 27 cm .
151 1144 53 54 ©
229 1148 118 42 Nov.
378 1148 62 51 12,
471 1148 125 51 1926;
626 1148 63 43 2c.
715 1149 89 42 and
830 1148 78 43 aff.
937 1149 118 42 Nov.
1087 1148 72 52 16;
1191 1149 43 41 A
1261 1147 188 52 958013;
1483 1147 247 53 Callaghan
1757 1148 37 43 &
1821 1162 64 28 co.

152 1217 257 69 Jordan,
452 1218 255 73 Harvey
746 1220 243 71 Ernest,
1031 1222 187 57 1878-

227 1295 59 56 A
323 1295 292 58 textbook
651 1297 68 59 of
755 1297 418 72 embryology,
1211 1298 83 71 by
1328 1296 261 73 Harvey
1624 1296 234 59 Ernest
1893 1297 245 59 Jordan

219 1372 1918 74 … and James Ernest Kindred … with frontispiece, 471
152 1452 130 55 text
317 1450 417 59 illustrations
773 1453 125 56 and
931 1452 70 57 33
1036 1452 222 72 plates.
1342 1452 152 57 New
1528 1451 190 71 York,
1752 1452 277 71 London,
2063 1450 74 58 D.

153 1528 317 71 Appleton
502 1530 122 56 and
655 1548 304 53 company
994 1560 12 43 [
1007 1538 21 22 c
1031 1531 162 71 1926]

221 1604 78 52 xii,
330 1606 79 44 613
438 1620 40 38 p.
539 1605 150 55 front.,
718 1606 116 44 illus.
861 1608 124 52 (part
1014 1606 109 54 col.)
1162 1611 26 41 2
1217 1606 83 45 col.
1328 1606 71 54 pl.,
1429 1606 170 54 diagrs.
1657 1604 52 47 25½cm.

224 1662 113 47 Part
367 1663 52 43 of
447 1663 75 43 the
552 1663 295 44 illustrations
877 1664 243 44 numbered
1153 1678 50 33 as
1234 1663 156 53 plates.

225 1718 331 45 “References”
584 1727 46 36 at
658 1719 83 45 end
771 1720 51 44 of
849 1720 211 53 chapters
1090 1733 92 30 xix
1209 1721 86 44 and
1469 1756 6 7 XXVII.

150 1773 54 53 ©
237 1776 100 43 Oct.
369 1776 64 50 22,
471 1777 101 42 1926;
632 1777 63 42 2c.
728 1778 86 42 and
846 1778 77 42 aff.
960 1778 100 43 Oct.
1092 1778 53 42 26;
1205 1778 43 41 A
1283 1775 164 45 950650;
1509 1778 56 42 D.
1600 1777 226 51 Appleton
1859 1777 38 42 &
1929 1791 64 28 co.

227 1831 269 55 (26-19663)

155 1901 361 75 Kauffman,
554 1904 312 73 Reginald
901 1905 271 74 Wright,
1215 1909 186 56 1877-

148 1981 1969 140 … “’Seventy-six!” Another excerpt from the chronicles
346 2063 68 57 of
462 2062 103 58 the
615 2062 330 60 Rowntree
995 2062 242 73 family,
1286 2063 125 58 this
1464 2083 113 40 one
1629 2060 295 76 touching
1973 2079 165 56 upon

148 2138 175 59 those
355 2139 165 71 plots
549 2139 199 59 which
778 2140 263 73 delayed
1071 2144 123 57 and
1225 2143 176 58 those
1432 2141 211 59 heroic
1674 2140 239 61 actions
1948 2138 187 60 which

150 2215 455 72 accomplished
629 2219 105 58 the
759 2217 402 61 Declaration
1188 2222 68 56 of
1279 2220 459 72 independence
1765 2218 66 57 in
1858 2219 103 58 the
1988 2237 153 54 year

152 2294 67 58 of
253 2293 131 62 Our
417 2295 169 60 Lord
620 2296 147 57 1776
803 2298 123 58 and
959 2300 68 55 of
1060 2298 174 59 these
1266 2294 238 63 United
1539 2298 209 59 States
1785 2298 52 69 1,
1870 2296 271 59 wherein

149 2389 127 43 was
324 2371 289 60 involved
660 2374 103 59 the
810 2374 138 73 boy,
997 2373 300 75 Geoffrey
1341 2375 348 73 Rowntree,
1741 2395 68 40 as
1857 2375 141 58 first
2051 2380 91 54 set

151 2451 179 58 down
389 2451 83 72 by
528 2449 272 73 himself,
862 2452 124 57 and
1043 2471 139 39 now
1241 2450 393 62 transcribed
1692 2455 84 71 by
1835 2452 307 74 Reginald

149 2527 253 74 Wright
468 2528 364 72 Kauffman,
898 2527 154 59 with
1114 2528 293 73 pictorial
1476 2531 521 59 embellishments
2063 2533 79 72 by

154 2605 191 74 Clyde
386 2605 67 59 O.
495 2607 90 57 De
626 2607 194 57 Land.
903 2606 455 74 Philadelphia,
1402 2610 128 58 The
1571 2610 175 57 Penn
1785 2607 359 76 publishing

152 2703 321 54 company,
502 2685 164 57 1926.

221 2761 97 51 xiii,
347 2762 160 45 15-298
530 2777 41 36 p.
630 2762 81 44 col.
741 2764 149 49 front.,
916 2764 155 49 plates.
1131 2764 53 42 22
1192 2767 15 16 cm
1245 2801 7 7 .

222 2816 64 46 At
315 2816 113 43 head
456 2815 52 44 of
536 2815 96 45 title:
691 2815 98 44 The
822 2817 241 43 Rowntree
1095 2817 263 44 chronicles.

155 2870 52 54 ©
238 2872 119 52 Sept.
386 2874 61 50 10,
478 2872 127 53 1926;
633 2874 64 43 2c.
724 2875 85 42 and
835 2874 79 43 aff.
944 2875 118 42 Nov.
1088 2875 50 51 4;
1167 2875 44 42 A
1238 2873 188 54 950809;
1458 2877 127 42 Penn
1613 2877 98 52 pub.
1741 2892 64 29 co.

236 2928 270 56 (26-19721)

160 2999 284 75 Kellogg,
484 3002 169 57 John
687 3002 272 74 Harvey,
998 3006 189 57 1852-

237 3077 128 58 The
398 3078 310 74 itinerary
736 3080 69 56 of
834 3101 37 37 a
901 3082 327 57 breakfast;
1291 3102 37 37 a
1358 3084 268 71 popular
1659 3086 257 56 account
1950 3085 66 58 of
2047 3085 102 58 the

160 3157 235 57 travels
433 3157 67 57 of
534 3181 34 37 a
602 3158 329 60 breakfast
965 3160 273 72 through
1272 3160 104 59 the
1413 3161 152 58 food
1598 3163 143 56 tube
1782 3163 123 57 and
1943 3162 68 58 of
2046 3163 103 57 the

160 3237 104 54 ten
292 3237 176 70 gates
500 3236 119 56 aad
651 3238 49 71 [!]
734 3238 244 56 several
1006 3238 267 58 stations
1304 3238 274 73 through
1606 3239 198 57 which
1832 3240 50 57 it
1910 3258 240 53 passes,

161 3311 131 59 also
322 3313 66 57 of
413 3312 105 59 the
543 3314 304 58 obstacles
877 3315 198 57 which
1100 3316 50 57 it
1181 3315 354 59 sometimes
1565 3320 213 54 meets.
1860 3317 98 72 By
1983 3317 163 59 John

160 3388 1991 77 Harvey Kellogg … Rev. ed. New York and London,
161 3466 180 58 Funk
368 3467 48 59 &
443 3468 323 74 Wagnalls
800 3488 321 54 company,
1154 3472 165 56 1926.

230 3545 82 44 202
344 3560 39 38 p.
444 3546 141 53 plates
611 3547 126 52 (part
768 3547 110 52 col.)
949 3548 48 44 19½
1032 3551 47 18 cm
1085 3583 9 9 .

159 3600 52 54 ©
241 3603 100 43 Oct.
369 3603 67 51 22,
467 3604 127 51 1926;
624 3605 64 42 2c.
719 3606 101 43 Oct.
847 3606 77 51 28;
954 3606 79 42 aff.
1064 3607 101 43 Oct.
1194 3605 77 52 27;
1303 3607 43 41 A
1374 3604 189 54 950675;
1594 3607 39 52 J.
1663 3607 61 43 H.
1756 3607 213 54 Kellogg,
1999 3607 148 44 Battle

229 3658 160 54 Creek,
426 3661 137 43 Mich.
632 3659 270 57 (26-19831)

165 3716 180 72 Kent,
389 3717 339 59 Frederick
768 3719 274 70 Charles,
1085 3723 190 57 1866-

237 3794 362 74 Compound
642 3796 264 63 interest
952 3803 123 56 and
1120 3800 263 73 annuity
1428 3801 216 68 tables,
1690 3801 215 60 values
1954 3803 67 57 of
2068 3804 79 57 all

157 3872 317 61 functions
516 3881 62 53 to
622 3881 105 54 ten
767 3877 262 60 decimal
1068 3876 209 74 places
1319 3880 104 59 for
1466 3880 204 73 1-100,
1714 3882 205 70 1-200,
1964 3882 148 57 1-300
