2542 4285
999 4047 147 58 1559

73 435 264 62 Phillips,
370 435 263 62 Duncan,
670 438 169 48 1886-

144 513 56 53 A
238 511 295 54 collection
570 511 60 52 in
666 512 97 52 the
800 511 264 67 making;
1108 529 31 34 a
1177 528 204 50 survey
1420 510 65 52 of
1520 510 97 52 the
1655 509 284 68 problems
75 509 1962 134 involved

309 590 60 52 in
402 589 299 68 collecting
734 588 265 68 pictures,
1031 588 260 67 together
1322 587 140 52 with
1495 587 152 53 brief
1680 587 284 52 estimates
1999 587 63 52 of

75 669 95 52 the
195 667 254 68 painters
473 666 61 52 in
558 666 95 53 the
678 665 252 68 Phillips
953 664 296 53 memorial
1273 665 238 68 gallery,
1534 665 76 68 by
1634 665 243 51 Duncan

75 665 1963 149 Phillips.
269 745 139 53 New
437 742 162 54 York
627 743 132 68 city,
791 743 67 52 E.
889 742 244 68 Weyhe;
1165 742 402 68 Washington,
1596 742 71 52 D.
1701 741 79 68 C.,
1811 742 252 68 Phillips

74 822 294 54 memorial
399 821 220 69 gallery
655 853 13 34 [
673 825 19 23 c
696 822 151 65 1926]

145 901 1827 53 X, 112 p. col. front., CXLIV pl. on 72 1. (incl. ports.) col. pl. 32½cm.
85 962 299 48 (Half-title:
410 962 101 39 The
541 960 206 48 Phillips
773 958 340 49 publications,
1142 970 75 29 no.
1245 958 51 48 5)

145 1020 128 39 Title
301 1018 229 48 vignette.

77 1081 55 54 ©
158 1088 112 38 Dec.
298 1085 69 48 16,
395 1084 141 47 1926;
564 1084 67 40 2c.
659 1085 111 39 Dec.
799 1083 55 40 27;
911 1082 84 41 aff.
1024 1084 112 38 Dec.
1166 1082 81 47 22;
1279 1083 41 37 A
1348 1081 171 41 957811;
1580 1083 207 48 Phillips
1814 1085 251 40 memorial

145 1143 200 47 gallery.
415 1140 220 49 (27-917)

74 1250 162 62 Pike,
267 1249 227 62 Albert,
529 1252 323 49 1809-1891.

147 1325 1917 70 Albert Pike year book, by Claire C. Ward … New York,
78 1405 206 68 Macoy
316 1405 334 68 publishing
681 1404 112 53 and
823 1403 251 54 masonic
1103 1403 211 69 supply
1346 1422 78 35 co.
1463 1438 13 34 [
1479 1410 19 21 c
1504 1406 151 66 1926]

149 1487 334 49 77 p. 16 ½cm .
153 1556 265 42 Selections
445 1556 128 40 from
603 1557 182 40 Morals
817 1557 95 39 and
946 1556 187 48 dogma.

78 1620 55 54 ©
163 1628 112 38 Dec.
305 1625 70 49 20,
407 1626 140 47 1926;
582 1625 67 40 2c.
682 1626 95 39 and
810 1624 83 41 aff.
926 1626 113 39 Dec.
1071 1624 82 48 28;
1189 1625 41 39 A
1261 1625 199 48 957826;
1497 1627 170 46 Macoy
1699 1627 109 46 pub.
1845 1628 95 38 and

148 1637 1902 84 masonic
307 1682 173 46 supply
506 1691 66 30 co.
643 1680 221 48 (27-939)

74 1789 306 63 Pomeroy,
408 1788 164 63 Seth,
605 1789 324 53 1706-1777.

145 1867 122 52 The
291 1866 256 69 journals
573 1867 113 52 and
712 1884 208 51 papers
944 1866 65 53 of
1036 1866 138 55 Seth
1199 1867 300 68 Pomeroy,
1524 1868 290 53 sometime
1839 1869 230 68 general

77 1945 60 52 in
174 1945 97 52 the
308 1944 242 53 colonial
589 1944 239 68 service;
868 1944 303 68 published
1209 1944 76 69 by
1321 1946 96 52 the
1457 1944 228 70 Society
1722 1946 65 52 of
1825 1947 244 52 colonial

77 2040 145 36 wars
248 2022 61 53 in
336 2023 96 53 the
458 2027 143 48 state
628 2021 65 54 of
719 2022 140 53 New
887 2021 179 69 York,
1093 2022 131 68 and,
1252 2028 60 47 at
1338 2022 96 53 the
1460 2029 222 62 request
1707 2024 66 53 of
1801 2024 73 53 its
75 2024 1969 130 Committee

301 2119 73 34 on
404 2100 294 53 historical
730 2101 346 67 documents,
1108 2100 189 53 edited
1328 2100 77 69 by
1436 2100 175 54 Louis
1644 2101 321 70 Effingham
2001 2103 69 53 de

76 2177 933 69 Forest … [New York] 1926.
146 2263 62 47 vi,
236 2262 85 40 180
347 2273 43 37 p.
449 2262 56 39 23½
538 2263 44 21 cm
586 2292 8 9 .
659 2261 208 49 [Society
894 2261 53 40 of
973 2260 208 41 colonial
1208 2271 129 30 wars
1362 2261 51 40 in
1439 2262 83 40 the
1547 2265 128 37 state
1702 2262 53 41 of
1781 2263 116 41 New
1923 2264 144 42 York.

77 2319 321 48 Publication,
428 2329 74 30 no.
531 2318 70 49 38]

79 2381 53 54 ©
159 2388 111 39 Dec.
296 2386 70 48 17,
391 2386 114 40 1926;
558 2386 67 40 2c.
652 2386 113 39 Dec.
790 2385 57 40 20;
904 2385 82 40 aff.
1013 2386 113 39 Dec.
1152 2385 57 39 22;
1264 2386 43 38 A
1332 2385 175 42 957760;
1565 2388 190 47 Society
1785 2389 52 40 of
1862 2391 209 39 colonial

149 2453 128 30 wars
309 2443 50 39 in
391 2444 82 38 the
505 2444 128 38 state
665 2442 51 39 of
746 2443 119 38 New
896 2442 145 40 York.
1112 2442 222 47 (27-921)

75 2553 242 62 Richey,
352 2553 211 50 Emma
595 2550 272 55 Carbutt.

154 2630 215 55 Stories
402 2628 65 54 of
497 2629 213 52 animal
744 2629 227 69 village,
1005 2630 74 67 by
1113 2629 205 54 Emma
1354 2630 246 55 Carbutt
1630 2633 244 69 Richey;
80 2636 1966 126 illustrated

295 2708 75 69 by
395 2708 247 68 Ludwig
670 2708 113 52 and
811 2707 238 69 Regina.
1127 2707 269 70 Chicago,
1425 2708 471 73 Beckley-Cardy
81 2731 1964 125 company
274 2820 13 34 [
290 2792 19 23 c
314 2788 152 65 1926]

151 2869 86 41 139
266 2880 44 37 p.
369 2870 87 39 col.
485 2868 129 41 illus.
673 2867 57 41 19½
761 2869 45 22 cm
810 2898 9 10 .

79 2933 53 54 ©
162 2939 109 40 Jan.
300 2937 70 49 20,
399 2937 141 47 1926;
571 2937 67 41 2c.
671 2938 95 38 and
796 2936 82 41 aff.
908 2938 113 39 Dec.
1049 2937 83 48 30;
1164 2937 42 39 A
1234 2938 201 48 957876;
1470 2940 391 48 Beckley-Cardy
1891 2953 53 29 co.

159 2993 222 50 (27-932)

78 3088 272 62 Sheldon,
382 3088 64 53 F.
476 3088 81 62 P.,
586 3087 52 53 &
666 3103 125 47 son,
819 3089 369 53 Providence.

147 3165 433 54 Miscellaneous
609 3164 273 54 scientific
912 3184 208 50 papers
1150 3165 65 54 of
1244 3167 65 52 F.
1340 3168 65 52 P.
1440 3167 251 55 Sheldon
1721 3172 46 50 &
1795 3189 118 49 son,
79 3189 1969 123 pertaining

334 3248 59 47 to
423 3248 191 47 cotton
645 3242 277 70 spinning
953 3244 113 53 and
1098 3244 310 53 industrial
1438 3246 385 71 engineering.
79 3250 1968 139 Providence,
318 3320 68 53 R.
414 3321 68 67 I.,
512 3323 150 51 1926.

149 3404 1053 49 114 p. illus., fold. tab., diagrs. 27½ cm .
79 3467 55 54 ©
165 3474 112 38 Dec.
312 3472 38 47 9,
384 3472 140 46 1926;
558 3471 68 41 2c.
659 3473 95 38 and
787 3471 83 41 aff.
904 3473 112 40 Dec.
1052 3473 81 47 13;
1169 3473 42 39 A
1244 3473 199 49 957786;
1483 3476 51 40 F.
1570 3477 51 39 P.
1658 3477 210 41 Sheldon
1904 3480 36 39 &
1973 3490 100 39 son,

151 3528 308 48 Providence,
487 3528 56 40 R.
570 3529 38 39 I.
679 3528 221 48 (27-993)

78 3622 198 62 Small,
310 3621 308 54 Elizabeth
652 3624 342 52 Foresman.

154 3701 237 52 Ballads
439 3700 65 53 of
550 3702 161 68 Billy
757 3702 113 53 and
922 3703 192 67 Betty,
1161 3702 76 70 by
1283 3705 150 52 their
1480 3708 239 66 mother,
1769 3708 301 54 Elizabeth

85 3779 309 52 Foresman
427 3778 194 55 Small.
703 3778 289 71 [Chicago,
1023 3787 18 21 c
1046 3783 151 65 1926]

155 3860 1040 49 1 p. l., 5-38 p. front., illus., pl. 21 cm .
83 3923 53 54 ©
162 3931 111 39 Dec.
299 3929 70 47 22,
395 3930 115 40 1926;
563 3931 68 41 2c.
657 3933 95 38 and
779 3932 81 41 aff.
886 3934 112 39 Dec.
1024 3933 56 40 27;
1135 3934 41 39 A
1203 3934 173 41 957832;
1433 3937 52 39 E.
1515 3937 51 41 F.
1598 3937 163 48 Small,
1792 3937 224 49 Chicago.

163 3985 221 50 (27-927)
