2542 4285
1091 3939 112 57 477

215 420 1091 55 2 p. l., 59 p. incl. illus., forms, diagr. 23 cm .
142 477 52 53 ©
224 480 105 40 Dec.
364 478 60 45 11,
458 475 127 52 1925;
613 475 65 43 2c.
711 475 104 43 Feb.
845 476 38 50 9,
915 474 128 52 1926;
1074 475 78 42 aff.
1183 473 105 44 Feb.
1324 474 73 52 10;
1429 475 42 41 A
1502 474 188 53 883212;
1723 475 176 44 Penton
1925 475 101 53 pub.
2059 491 66 28 co.

219 531 240 54 (26-9798)

145 616 240 72 Kahan,
420 615 205 57 Louis.

220 706 87 57 At
343 708 103 56 the
483 706 340 71 terminals,
864 725 79 37 an
981 708 99 54 act
1114 706 65 55 in
1216 706 103 55 the
1355 705 147 71 holy
1539 706 220 57 drama
1797 706 67 57 of
144 707 1957 134 Israelism.

359 782 1765 73 As visioned by Louis Kahan … Seattle, Wash.,
145 862 128 56 The
298 861 247 57 Beacon
568 879 180 52 press
779 890 12 42 [
794 868 18 21 c
816 861 162 70 1926]

214 941 124 49 xxiv,
363 939 80 43 438
467 954 51 36 p.,
542 941 25 41 2
610 975 8 8 l.
642 938 99 43 incl.
766 941 24 40 2
816 939 54 51 pl.
924 938 128 49 illus.,
1077 938 154 51 plates,
1259 938 166 51 diagrs.
1477 939 50 42 23
1537 940 46 17 cm
1590 976 9 8 .

216 996 137 43 “This
381 995 119 45 book
528 996 34 41 is
591 1010 24 27 a
645 995 171 42 critical
844 995 255 50 exposition
1129 994 50 43 of
1210 993 212 53 religious
1452 994 147 43 truths
1629 995 86 42 and
1743 1010 55 27 an
1829 995 293 52 explanatory

145 1052 264 44 translation
442 1052 51 43 of
526 1066 130 37 many
689 1050 185 45 difficult
908 1051 85 42 and
1029 1049 238 52 enigmatic
1301 1065 209 37 passages
1545 1051 44 41 in
1623 1050 72 44 the
1731 1050 167 44 Bible.”

140 1106 53 53 ©
226 1109 117 41 Mar.
373 1107 66 50 21,
474 1106 127 51 1926;
634 1106 63 42 2c.
731 1106 110 51 Apr.
874 1105 76 52 23;
985 1106 77 42 aff.
1094 1105 110 51 Apr.
1235 1105 78 51 22;
1350 1105 44 42 A
1424 1105 190 53 891131;
1649 1106 50 43 L.
1732 1106 179 52 Kahan,
1946 1105 183 46 Seattle.

220 1162 241 55 (26-9712)

143 1246 282 69 Kramer,
460 1245 246 58 Morris.

225 1341 128 56 The
403 1356 152 55 song
601 1340 66 56 of
712 1339 102 57 the
859 1335 299 75 optimist,
1203 1339 82 71 by
1331 1336 233 59 Morris
1611 1338 290 57 Kramer.
1984 1340 149 57 New

147 1417 187 70 York,
366 1417 129 58 The
523 1414 322 59 Davidson
872 1435 199 52 press,
1101 1414 114 56 inc.
1252 1445 12 42 [
1268 1424 17 20 c
1290 1416 164 70 1926]

217 1493 589 53 7 p. l., 17-199 p. 21 cm .
142 1547 52 53 ©
223 1549 112 52 Apr.
362 1548 64 49 22,
460 1547 126 50 1926;
616 1547 65 42 2c.
712 1547 111 51 Apr.
854 1545 76 53 29;
964 1547 77 42 aff.
1072 1547 111 50 Apr.
1215 1546 76 51 30;
1323 1546 44 42 A
1396 1545 189 53 890559;
1619 1546 64 44 M.
1715 1547 211 50 Kramer,
212 1548 1900 109 Brooklyn.
368 1603 241 55 (26-9784)

146 1672 352 56 Louisiana.
578 1673 225 57 Courts
843 1673 66 71 of
946 1673 239 71 appeal.

219 1754 1913 74 Reports of the Louisiana Courts of appeal … v. 1, 2.
146 1832 189 58 Cases
370 1834 234 70 argued
637 1833 123 55 and
791 1832 388 56 determined
1208 1832 66 55 in
1306 1833 102 55 the
1446 1831 225 58 Courts
1708 1832 68 57 of
1809 1834 226 71 appeal
2069 1833 66 57 of

145 1910 101 57 the
286 1912 161 54 state
487 1909 65 56 of
589 1907 340 58 Louisiana
968 1911 64 53 at
1071 1909 101 55 the
1212 1911 161 53 term
1412 1908 336 73 beginning
1784 1909 141 58 first
144 1910 1968 149 Monday
298 1987 67 57 of
397 1987 281 68 October,

713 1987 162 55 1924.
962 1984 194 59 Court
1190 1985 67 57 of
1288 1987 256 69 appeal:
1575 1985 141 58 first
1746 1986 237 72 circuit,
145 1988 1968 134 Baton
276 2066 215 70 Rouge;
552 2064 224 56 second
804 2063 236 72 circuit,
1072 2062 403 72 Shreveport,

144 2064 1992 137 Parish of Orleans, New Orleans … contains references to the Louisiana
144 2143 1972 150 digest;
349 2219 239 72 subject
619 2222 231 54 matter
879 2218 203 70 index,
1116 2218 165 57 table
1317 2219 68 56 of
1418 2237 173 38 cases
1627 2220 308 71 reported,
1972 2220 165 58 table

148 2299 67 56 of
256 2317 173 43 cases
473 2297 161 57 cited
676 2296 123 56 and
841 2296 198 57 tables
1086 2296 68 56 of
1196 2299 131 53 acts
1371 2296 68 57 of
1478 2296 412 73 Legislature,
1938 2299 198 70 codes,

146 2373 1994 70 and constitutions cited, edited by J. B. Herold … New
145 2454 281 72 Orleans,
464 2453 253 57 Hauser
750 2452 287 72 printing
1072 2471 105 52 co.,
1217 2453 164 55 1926.

211 2531 278 43 2 v . 23 cm .
219 2587 118 51 Kept
368 2601 57 37 up
455 2592 45 37 to
531 2584 103 45 date
664 2585 58 52 by
754 2584 215 44 Advance
1003 2590 187 46 reports.

146 2658 40 29 v.
226 2645 32 48 1,
296 2641 53 54 ©
386 2644 111 50 Apr.
538 2642 61 49 16,
641 2641 130 52 1926;
809 2642 64 42 2c.
909 2641 113 51 Apr.
1057 2641 78 51 26;
1177 2641 79 42 aff.
1293 2641 112 52 Apr.
1440 2641 80 52 24;
1560 2657 41 28 v.
1636 2642 41 52 2,
1713 2639 53 54 ©
1803 2642 112 53 May
1957 2642 74 52 13;
2070 2642 65 44 2c.

218 2701 109 51 May
351 2698 78 52 27;
457 2699 80 43 aff.
564 2699 113 52 June
706 2696 49 53 5;
784 2698 44 42 A
856 2696 176 53 891172,
1061 2696 189 53 897050;
1286 2698 181 43 Hauser
1493 2696 198 55 printing
1719 2713 65 29 co.
224 2754 241 55 (26-9727)

148 2826 289 71 Manner,
476 2825 212 72 Harry
720 2823 231 71 Aaron,
988 2826 188 56 1885-

229 2905 1910 76 The tide, by H. A. Manner … New York, London,
151 2986 71 55 D.
257 2984 316 71 Appleton
606 2985 122 56 and
761 3001 319 55 company,
1115 2985 165 56 1926.

219 3060 63 53 xi,
303 3062 82 43 282
406 3078 39 37 p.
507 3060 150 52 front.,
683 3061 114 43 illus.
824 3061 177 53 (maps)
1027 3062 154 51 plates,
1206 3062 167 52 diagrs.
1431 3063 123 42 21cm.

148 3119 52 53 ©
232 3121 110 51 Apr.
374 3120 67 51 23,
474 3120 129 51 1926;
635 3120 63 42 2c.
730 3120 85 42 and
847 3120 77 42 aff.
957 3119 112 53 Apr.
1098 3119 79 52 28;
1211 3120 45 41 A
1288 3118 189 53 890517;
1514 3120 57 43 D.
1603 3120 230 53 Appleton
1862 3121 38 44 &
1930 3137 65 28 co.

226 3175 241 56 (26-9846)

151 3246 310 69 Metcalfe,
503 3246 183 58 John.

230 3330 129 57 The
393 3330 281 72 smoking
705 3332 116 72 leg,
857 3332 122 56 and
1013 3331 178 57 other
1225 3331 242 72 stories,
1503 3333 82 70 by
1619 3332 168 58 John
1821 3332 312 58 Metcalfe.

155 3408 251 58 Garden
436 3407 159 72 City,
625 3408 73 57 N.
728 3408 92 73 Y.,
850 3408 381 72 Doubleday,
1262 3409 171 73 Page
1463 3409 47 56 &
1539 3428 320 54 company,
1893 3412 163 55 1926.

227 3486 522 53 5 p. l., 296 p. 19½ cm .
554 3542 97 43 CONTENTS.—The
692 3543 208 53 smoking
936 3543 647 53 leg.—Picnic.—Nightmare
1620 3544 334 53 Jack.—Paper
152 3544 1961 99 windmills.
298 3626 56 4 —
371 3598 287 45 Crowcastle.
674 3625 57 5 —
750 3599 333 45 Convalescent.
1100 3626 57 5 —
1171 3600 98 43 The
1303 3599 163 45 tunnel.
1483 3626 56 6 —
1555 3597 96 47 The
1684 3602 160 43 double
1876 3601 261 45 admiral.—

152 3655 97 44 The
283 3671 109 37 grey
425 3655 557 45 house.—Tide-borne.—
984 3656 348 44 Hâirsbreadth.
1334 3656 154 44 —The
1523 3656 132 45 sister
1688 3654 329 55 speaks.—The
2049 3659 86 42 bad

152 3711 527 53 lands.—Proxy.—The
708 3712 208 52 glamour
941 3712 524 44 hunter.—Lure.—The
1494 3712 139 53 flying
1658 3714 314 43 tower.—The
154 3714 1959 101 backslider.

151 3821 52 53 ©
237 3824 118 41 Mar.
390 3821 37 52 5,
462 3822 126 51 1926;
622 3823 63 42 2c.
719 3824 86 42 and
837 3824 79 43 aff.
949 3824 112 51 Apr.
1098 3823 73 53 16;
1207 3824 44 42 A
1284 3821 188 56 890556;
1507 3825 40 52 J.
1583 3824 232 53 Metcalfe,
1850 3826 201 49 London.

229 3877 242 56 (26-9750)
