2542 4285
1307 4017 148 55 1152

372 396 129 56 The
532 394 327 57 Humorist.
954 415 56 36 v.
1043 397 50 69 9,
1122 413 97 38 no.
1253 395 126 72 220,
1414 393 129 59 Oct.
1577 395 90 71 23,
1698 395 166 55 1926.

371 482 1985 54 © 1c. Oct. 23, 1926; A ad int. 8639; pubd. Oct. 16; George Newnes, ltd.,
441 542 198 43 London.

375 627 170 57 Iowa
596 632 161 52 state
812 627 231 72 college
1098 627 66 57 of
1217 626 382 74 agriculture
1654 627 127 57 and
1832 625 318 58 mechanic
2205 629 150 68 arts,

449 706 204 56 Ames.
736 704 290 59 Division
1064 706 66 71 of
1166 706 173 56 home
1380 703 357 59 economics.

451 795 208 60 Foods
699 795 123 57 and
858 795 297 71 cookery;
1193 813 36 38 a
1262 795 332 58 handbook
1631 794 102 57 for
1769 795 431 57 homemakers
2239 794 123 60 and

374 872 283 58 teachers
705 872 68 57 of
813 874 180 55 home
1038 871 363 74 economics,
1448 871 306 73 compiled
1797 871 104 59 for
1947 873 415 72 Department

376 948 68 58 of
469 949 183 57 foods
682 949 125 59 and
829 948 328 73 nutrition,
1185 949 287 58 Division
1501 950 68 58 of
1593 951 178 58 home
1801 949 364 72 economics,
2191 949 171 60 Iowa

379 1030 162 55 state
572 1028 246 73 college,
847 1028 83 72 by
958 1028 325 72 Margaret
1312 1028 79 57 H.
1422 1029 310 72 Haggart.
1805 1028 227 74 [Ames,
2100 1047 72 55 Ia.]
2203 1029 156 59 Pub.

375 1105 82 70 by
498 1105 102 57 the
647 1104 342 72 Collegiate
1031 1124 202 53 press,
1277 1105 115 58 inc.
1439 1105 103 58 for
1587 1107 103 56 the
1735 1106 170 57 Iowa
1947 1107 417 70 homemaker,

374 1181 287 59 Division
690 1182 69 57 of
782 1183 179 59 home
992 1182 363 72 economics,
1382 1183 171 58 Iowa
1584 1186 161 55 state
1775 1183 249 72 college,
2055 1183 166 58 1926.

443 1257 84 45 254
550 1273 40 38 p.
653 1258 157 53 front.,
838 1257 119 45 illus.
1017 1259 54 44 20
1078 1262 47 17 cm
1131 1294 8 8 .

373 1313 53 54 ©
455 1316 98 43 Oct.
582 1314 36 54 5,
651 1316 128 52 1926;
806 1316 65 43 2c.
900 1317 88 42 and
1012 1317 78 44 aff.
1121 1317 100 43 Oct.
1250 1317 49 52 9;
1330 1317 45 42 A
1401 1317 188 53 949426;
1620 1318 125 43 Iowa
1771 1317 292 44 homemaker
2091 1317 273 53 publication

442 1372 151 52 board,
628 1373 155 52 Ames,
842 1389 37 27 Ia.
948 1372 271 56 (26-17788)

377 1458 230 73 James,
644 1459 296 59 Harlean.

453 1551 177 57 Land
660 1551 304 73 planning
996 1551 65 57 in
1095 1552 104 58 the
1232 1552 236 58 United
1504 1552 210 59 States
1750 1553 104 58 for
1888 1553 104 58 the
2025 1552 143 76 city,
2205 1557 163 54 state

377 1629 1989 73 and nation, by Harlean James … preface by Richard T.
378 1705 1992 74 Ely … introduction by Albert Shaw … New York, The
378 1784 357 57 Macmillan
765 1803 324 54 company,
1123 1786 165 56 1926.

445 1877 112 37 xxx,
585 1860 82 44 427
695 1877 40 37 p.
797 1861 150 53 front.,
978 1861 113 45 illus.
1119 1862 126 54 (incl.
1276 1862 151 54 maps)
1464 1862 156 55 plates,
1647 1863 168 53 diagrs.
1875 1862 53 44 20½
1962 1863 47 18 cm
2015 1896 10 10 .
2079 1858 288 58 (Half-title:

380 1918 126 45 Land
535 1918 250 44 economics
816 1918 149 53 series,
999 1920 65 43 ed.
1094 1919 57 53 by
1179 1920 55 43 R.
1265 1918 53 45 T.
1348 1918 112 55 Ely)

450 1974 1921 56 “Volume IX in the standard course in real estate outlined by the joint
379 2032 287 45 commission
697 2033 309 54 representing
1040 2033 74 43 the
1144 2032 218 45 National
1396 2031 273 47 association
1699 2033 50 45 of
1781 2033 93 45 real
1909 2039 144 38 estate
2085 2033 180 52 boards,
2297 2032 75 45 the

380 2090 168 44 United
586 2090 56 43 Y.
681 2090 65 43 M.
788 2089 48 45 C.
876 2091 56 42 A.
973 2089 192 53 schools,
1203 2090 89 44 and
1329 2089 76 44 the
1444 2088 212 47 Institute
1692 2091 74 43 for
1804 2090 207 45 research
2050 2091 44 44 in
2133 2089 103 46 land

379 2103 1972 88 economics
580 2147 86 43 and
699 2147 146 52 public
877 2145 225 46 utilities.”

450 2203 280 54 “Suggested
757 2203 214 53 reading”
1000 2213 44 35 at
1071 2204 82 43 end
1181 2204 50 44 of
1256 2211 117 37 most
1400 2204 49 46 of
1476 2203 74 45 the
1575 2203 219 53 chapters.

373 2259 57 53 ©
459 2261 118 52 Sept.
603 2261 66 51 28,
700 2260 129 52 1926;
858 2262 62 41 2c.
948 2261 88 42 and
1061 2260 77 43 aff.
1172 2260 120 52 Sept.
1318 2261 79 52 29;
1426 2261 45 42 A
1497 2259 187 54 950242;
1716 2260 267 44 Macmillan
2009 2276 64 28 co.

456 2317 269 55 (26-17743)

381 2403 468 73 Jinarājadāsa,
891 2404 591 73 Guruppumullagé,
1526 2407 188 56 1875-

455 2482 1917 73 Lettres des maîtres de la sagesse. Deuxième s é rie,
379 2560 1994 72 transcrites et annotées par C. Jinarajadasa … avec une
379 2636 1973 152 introduction par Annie Besant … Paris, Éditions Adyar, 1926.
452 2792 1029 55 5 p. l., [3]-168 p. port., facsims. 23 cm .
378 2848 1742 63 © May 1, 1926; 1c. June 21; A—Foreign 31468; Éditions Adyar.
458 2913 269 56 (26-18380)

380 3000 235 72 Kelley,
659 2999 281 60 William
980 2999 347 68 Valentine,
1374 3003 190 56 1843-

460 3080 109 70 My
600 3098 159 53 gray
792 3079 146 72 gull,
975 3080 122 56 and
1134 3079 177 57 other
1348 3098 235 52 essays,
1615 3080 81 71 by
1731 3078 279 59 William
2043 3077 333 59 Valentine

382 3157 240 71 Kelley.
724 3157 152 56 New
931 3157 191 71 York,
1185 3156 372 73 Cincinnati,
1617 3157 128 58 The
1801 3156 337 73 Abingdon
2193 3174 181 53 press

385 3264 13 43 [
402 3244 16 21 c
422 3236 162 72 1926]

451 3312 83 44 240
559 3327 40 38 p.
659 3312 54 44 20½
747 3315 47 17 cm
800 3347 8 8 .

714 3370 152 52 CONTENTS.—My
897 3384 114 38 gray
1043 3367 266 55 gull.—The
1341 3368 191 53 religion
1562 3369 50 44 of
1641 3366 231 47 life.—An
1902 3367 158 46 orchid
2091 3367 46 45 in
2168 3367 76 45 the
384 3381 1972 90 garden

500 3428 49 43 of
581 3426 168 44 human
783 3425 531 45 sentiments.—Minetta
1351 3425 324 45 Brook.—The
1710 3426 278 44 watermark
2021 3425 45 43 in
2099 3425 168 44 human

386 3439 1969 90 nature.
514 3510 53 7 —
582 3485 45 42 A
669 3483 233 54 physician
946 3483 46 43 in
1035 3483 304 44 wonderland.
1358 3508 54 7 —
1428 3483 45 42 A
1514 3483 204 43 business
1761 3483 139 44 man’s
1945 3482 279 53 philosophy.
2241 3507 54 7 —
2311 3482 67 44 Re

384 3543 317 51 galantuomo:
737 3539 191 54 keeping
960 3539 121 44 one’s
1114 3539 299 44 word.—The
1444 3539 140 44 ethics
1617 3540 51 42 of
1702 3538 198 46 ridicule.

384 3597 52 54 ©
473 3600 119 51 Aug.
634 3599 34 51 1,
710 3597 104 44 1926
829 3612 8 37 ;
878 3598 64 42 2c.
982 3597 87 43 and
1106 3597 78 43 aff.
1227 3596 100 44 Oct.
1365 3597 50 52 4;
1456 3597 45 42 A
1539 3594 187 54 950306;
1768 3598 74 43 W.
1883 3597 56 43 V.
1979 3596 177 54 Kelley,
2196 3597 178 42 Benson

455 3655 203 54 Springs,
693 3653 94 45 Fla.
858 3652 269 56 (26-17659)

385 3741 318 73 Kennedy,
742 3740 283 60 William
1062 3740 59 58 H
1434 3739 60 59 J.

464 3820 130 57 The
625 3817 235 60 United
897 3817 244 71 States;
1177 3841 35 37 a
1246 3816 249 74 history
1528 3817 104 58 for
1667 3819 103 56 the
1805 3836 203 54 upper
2043 3817 228 73 grades
2308 3816 69 59 of

390 3894 1985 52 Catholic schools, by William H. J. Kennedy … and Sis-
