2542 4285
1281 3950 111 56 456

362 330 260 74 Hillyer,
661 333 177 58 Jane.

435 423 399 72 Reluctantly
864 425 146 72 told,
1048 426 81 70 by
1162 427 163 57 Jane
1357 427 277 71 Hillyer;
1669 427 423 58 introduction
2125 429 83 74 by
360 429 1963 141 Joseph
546 499 250 73 Collins,

889 502 1457 75 M . D. New York, The Macmillan company,
359 578 163 56 1926.

426 666 700 55 xvii p., 2 l., 205 p. 19½ cm .
429 738 70 42 “A
535 747 125 43 story
693 737 51 43 of
778 738 165 44 mental
978 740 273 43 breakdown
1285 741 86 43 and
1404 740 191 52 gradual
1630 755 261 39 emergence
1929 751 43 34 to
359 741 1989 97 normality.”—Publishers’
666 804 364 35 announcement.

354 862 52 53 ©
432 864 110 53 Apr.
567 865 66 51 20,
665 865 104 43 1926;
820 866 64 42 2c.
911 866 86 42 and
1024 866 78 42 aff.
1129 866 111 51 Apr.
1263 866 52 43 21;
1372 866 44 42 A
1443 865 162 45 890435;
1661 868 267 43 Macmillan
1952 883 65 29 co.
432 920 241 54 (26-9590)

355 1020 207 70 Howe,
603 1019 311 58 Harrison
950 1018 213 74 Estell,
1203 1022 188 56 1881-
1549 1022 89 57 ed.

433 1109 1911 73 Chemistry in industry; a co ö perative work intended to
353 1188 137 72 give
531 1189 312 71 examples
883 1189 68 55 of
985 1189 104 56 the
1127 1188 453 58 contributions
1617 1191 180 55 made
1835 1193 63 54 to
1935 1190 296 72 industry
2264 1191 80 70 by

354 1265 1989 76 chemistry, edited by H. E. Howe … [v. 2] New York,
351 1342 73 57 N.
456 1343 91 73 Y.,
579 1344 129 56 The
740 1342 312 58 Chemical
1081 1343 391 73 foundation,
1504 1344 116 56 inc.
1656 1346 180 73 [1925]

419 1431 1210 54 xii p., 1 l., 392 p. front., plates, diagrs. 21 cm .
351 1487 52 53 ©
446 1489 100 43 Oct.
587 1490 37 49 8,
671 1487 129 53 1925;
841 1489 64 43 2c.
947 1489 112 52 Apr.
1100 1490 77 51 21;
1222 1489 79 43 aff.
1343 1490 113 52 Apr.
1502 1488 73 54 17;
1620 1490 45 43 A
1705 1488 189 54 890542;
1940 1488 230 45 Chemical
419 1491 1902 107 foundation,
623 1545 82 43 inc.

351 1644 193 67 Jesse,
583 1643 344 73 Fryniwyd
965 1644 346 72 Tennyson.

427 1733 130 57 The
590 1732 330 71 operation.
1021 1735 103 72 [pt.
1159 1735 50 73 1]

422 1810 79 51 (In
534 1812 163 40 Tatler
728 1810 264 52 magazine)

349 1864 1992 54 © 1c. Apr. 22, 1926; A ad int. 8067; pubd. Feb. 24; F. T. Jesse, Bosham,
421 1921 181 53 Sussex,
642 1920 222 54 England.

531 2023 184 74 The operation. [pt. 2]
420 2099 79 51 (In
532 2100 163 41 Tatler
726 2098 265 52 magazine)

347 2152 1994 54 © 1c. Apr. 30, 1926; A ad int. 8100; pubd. Mar. 3; F. T. Jesse, Bosham,
419 2209 180 53 Sussex,
632 2209 222 54 England.

350 2309 297 70 Johnson,
689 2308 256 58 Charles
981 2306 337 74 Beneulyn,
1358 2310 189 56 1843-

427 2398 181 73 Sixty
633 2418 185 52 years
846 2399 64 55 in
938 2398 263 57 medical
1228 2399 263 56 harness;
1553 2417 88 51 or,
1673 2399 129 56 The
1832 2401 176 69 story
2038 2399 66 57 of
2134 2418 35 37 a
2197 2399 146 72 long

347 2476 1925 73 medical life, 1865-1925, by Charles Beneulyn Johnson …
348 2556 149 58 New
524 2555 188 70 York,
742 2555 267 57 Medical
1037 2553 113 61 life
1178 2573 199 52 press,
1408 2555 165 55 1926.

347 2630 1970 114 xii, 333 p. front. plates, ports. 23½ cm . [The library of medical history, I]
339 2746 57 53 ©
432 2749 117 41 Mar.
579 2745 68 53 27,
686 2745 127 53 1926;
847 2745 65 44 2c.
946 2746 87 42 and
1066 2745 78 43 aff.
1178 2745 112 52 Apr.
1326 2743 74 53 17;
1436 2744 44 42 A
1515 2743 188 54 891087;
1741 2744 197 45 Medical
1972 2744 84 44 life
2086 2759 137 39 press.

422 2800 241 58 (26-9589)

343 2899 222 74 Keltie,
602 2901 107 59 Sir
742 2901 169 57 John
946 2899 175 58 Scott.

418 2992 398 56 Adventures
882 2990 68 56 of
1010 2989 410 72 exploration,
1486 2989 252 72 general
1803 2988 233 58 editor:
2101 2989 236 58 Ernest

343 3065 1923 76 Young … bk. 4. Africa. By Sir John, Scott Keltie …
345 3142 1990 73 and Samuel Carter Gilmour … London, George Philip
343 3224 47 55 &
434 3242 126 52 son,
603 3222 270 69 limited;
916 3220 351 72 Liverpool,
1313 3220 229 72 Philip,
1589 3239 109 37 son
1743 3222 122 55 and
1906 3220 274 72 nephew,
2223 3221 108 56 ltd.

345 3302 180 73 [1926]

437 3372 903 58 iii, [1], 180 p. illus., maps. 18½cm .
341 3428 1989 105 © 1c. May 8, 1926; A ad int. 8135; pubd. Mar. 24; George Philip & son, ltd.
344 3587 191 56 Khun
570 3584 72 58 de
682 3584 256 72 Prorok,
978 3585 227 72 Byron,
1251 3586 188 57 1896-

421 3676 277 72 Digging
725 3676 102 57 for
854 3677 125 56 lost
1006 3675 266 56 African
1303 3676 152 70 gods;
1518 3675 103 56 the
1651 3676 220 55 record
1901 3673 66 57 of
1996 3672 119 57 five
2144 3691 186 54 years

346 3753 491 72 archaeological
890 3752 365 57 excavation
1307 3752 64 55 in
1426 3752 203 56 North
1679 3751 240 72 Africa,
1977 3751 82 71 by
2113 3749 214 72 Byron

345 3828 1986 70 Khun de Prorok … with notes and translations by Edgar
