2542 4285
1339 3991 115 58 450

394 349 241 71 Bolton,
679 350 271 57 Herbert
990 350 268 74 Eugene,
1305 354 188 57 1870-

473 441 129 56 The
629 441 325 56 debatable
981 442 163 71 land,
1175 462 38 36 a
1240 442 211 57 sketch
1481 443 67 56 of
1575 444 101 56 the
1707 443 510 73 Anglo-Spanish
394 466 1964 108 contest

553 517 103 57 for
692 518 103 56 the
831 517 273 72 Georgia
1139 522 279 69 country,
1454 520 82 71 by
1571 519 278 58 Herbert
1882 521 72 55 E.
1994 522 228 56 Bolton
2261 524 121 56 and

394 593 185 72 Mary
621 595 181 56 Ross.
884 594 323 75 Berkeley,
1257 596 203 72 Calif.,
1505 596 372 73 University
1920 598 67 56 of
2034 598 347 59 California

393 690 199 52 press,
630 672 163 56 1925.

461 760 83 43 xiii
574 775 40 37 p.,
664 761 18 41 1
738 794 21 18 l.,
797 760 78 43 138
907 775 39 38 p.
1012 760 151 52 front.,
1197 761 156 51 plates,
1386 776 123 39 maps
1552 763 126 53 (part
1711 762 136 55 fold.)
1888 763 115 53 plan.
2061 763 52 44 21
2122 765 47 18 cm
2175 798 8 9 .

465 828 118 45 “For
613 829 281 44 inestimable
925 829 246 46 assistance
1203 831 44 42 in
1277 830 75 44 the
1382 834 287 49 preparation
1700 832 50 44 of
1781 832 77 44 the
1888 840 96 36 text
2019 834 21 41 I
2073 847 72 29 am
2179 833 206 45 indebted

393 894 47 36 to
470 886 115 43 Miss
617 887 137 51 Mary
784 887 131 42 Ross.
973 885 100 44 The
1100 887 148 43 actual
1278 887 184 53 writing
1489 903 92 29 was
1611 889 114 43 done
1754 889 58 52 by
1844 889 165 52 myself
2093 889 289 53 …”—Preface,

393 942 179 51 signed:
606 942 201 43 Herbert
838 941 52 48 E.
924 942 176 44 Bolton.

463 998 116 43 Also
620 998 233 51 published
895 1014 48 27 as
985 998 75 44 the
1101 999 303 43 introduction
1446 1006 44 37 to
1534 1000 307 44 Arredondo’s
1884 1000 233 44 historical
2161 1002 133 51 proof
2336 999 50 46 of

398 1052 1988 56 Spain’s title to Georgia … edited by Herbert E. Bolton … Berkeley, Calif.,
397 1109 117 44 1925.

466 1166 348 53 Bibliography:
843 1181 40 38 p.
932 1166 242 54 [113]-124.

394 1233 52 53 ©
476 1236 114 51 June
622 1237 32 49 1,
687 1234 128 54 1925;
845 1236 65 43 2c.
938 1236 107 52 July
1077 1234 74 54 17;
1183 1236 77 44 aff.
1291 1237 126 52 July.
1431 1238 74 51 14;
1536 1237 44 43 A
1609 1236 188 53 891696;
1830 1238 62 42 H.
1922 1235 53 48 E.
2008 1237 179 51 Bolton,
464 1236 1901 108 Berkeley,

579 1290 133 45 Calif.
782 1290 268 56 (25-27227)

399 1388 217 75 [Borel,
649 1391 184 56 Mme.
868 1389 386 73 Marguerite
1297 1390 311 75 (Appell)]

545 1482 1844 74 … Le perroquet bleu, roman. Paris, G. Crès et c ie ,
400 1560 165 57 1925.

470 1651 472 51 254 p., 1 l. 19½ cm .
474 1721 218 45 Author’s
718 1722 166 51 pseud.,
914 1720 190 46 Camille
1131 1722 181 51 Marbo,
1342 1730 46 37 at
1409 1722 114 45 head
1549 1723 52 44 of
1626 1722 109 45 title.

394 1787 1993 62 © July 18, 1925; 1c. Apr. 14, 1926; A—Foreign 30667; Éditions G. Crès
465 1851 37 44 &
539 1867 64 28 co.
672 1851 268 54 (26-10280)

401 1948 256 72 Bowles,
692 1951 152 56 Mrs.
881 1948 143 59 Ella
1056 1949 315 60 Shannon.

478 2040 313 57 Practical
812 2040 240 71 parties
1078 2041 111 72 [by]
1214 2040 145 58 Ella
1382 2040 295 58 Shannon
1698 2041 261 57 Bowles.
2034 2042 149 56 New
2202 2042 193 71 York,

401 2118 129 56 The
558 2118 299 59 Womans
888 2137 181 53 press
1106 2149 12 42 [
1122 2127 17 22 c
1143 2121 163 71 1926]

466 2210 54 43 88
541 2224 38 38 p.
643 2210 51 43 19
699 2214 46 17 cm
752 2245 7 8 .

396 2266 52 53 ©
483 2269 111 50 Apr.
630 2267 36 51 6,
704 2267 130 53 1926;
870 2267 64 44 2c.
970 2269 111 51 Apr.
1119 2268 74 52 12;
1230 2268 77 43 aff.
1344 2267 112 53 Apr.
1491 2268 77 52 21;
1608 2267 43 43 A
1684 2267 189 53 890463;
1913 2268 217 44 National
2164 2269 142 43 board
2341 2267 50 45 of

467 2324 74 43 the
572 2325 55 43 Y.
661 2325 74 44 W.
771 2324 48 44 C.
854 2325 56 42 A.
945 2325 50 43 of
1027 2324 76 44 the
1135 2326 59 43 U.
1231 2323 44 47 S.
1310 2326 71 50 A.,
1419 2325 118 43 New
1569 2324 141 44 York.
1779 2324 241 54 (26-9462)

402 2423 295 75 Calhoun,
738 2424 238 71 George
1015 2422 226 73 Miller,
1283 2425 189 57 1886-

477 2514 128 57 The
642 2513 246 58 ancient
925 2515 234 58 Greeks
1198 2515 125 56 and
1357 2514 104 57 the
1499 2513 314 58 evolution
1850 2515 66 56 of
1956 2515 336 56 standards
2330 2514 62 56 in

398 2591 304 74 business,
729 2593 82 70 by
840 2592 243 72 George
1112 2592 82 58 M.
1228 2591 295 58 Calhoun.
1607 2591 239 58 Boston
1874 2593 122 56 and
2024 2592 150 57 New
2205 2592 188 73 York,

397 2669 339 73 Houghton
768 2668 215 58 Mifflin
1016 2688 322 54 company,
1371 2671 166 56 1926.

469 2747 1920 54 3 p. l. , 103 p. 18 cm . [Barbara Weinstock lectures on the morals of trade]
396 2804 52 53 ©
480 2807 111 51 Apr.
627 2805 63 52 16,
722 2805 130 52 1926;
884 2806 65 42 2c.
982 2806 88 43 and
1102 2806 78 43 aff.
1214 2806 112 52 Apr.
1362 2806 74 51 19;
1470 2805 45 43 A
1546 2805 188 53 890381;
1772 2807 196 51 Regents
2003 2805 50 43 of
2084 2805 74 43 the
466 2804 1904 110 University

578 2863 51 42 of
657 2861 264 53 California,
953 2862 235 52 Berkeley,
1222 2861 132 44 Calif.
1424 2861 241 54 (26-9474)

403 2960 306 71 Carleton,
743 2963 152 56 Mrs.
931 2959 303 72 Marjorie
1272 2959 337 59 Chalmers.

480 3050 129 56 The
641 3049 308 73 swinging
975 3050 286 72 goddess,
1291 3051 83 70 by
1402 3049 306 72 Marjorie
1742 3048 311 58 Carleton.
2136 3050 257 71 Boston,

406 3127 210 73 Small,
650 3126 311 71 Maynard
993 3128 48 56 &
1072 3145 305 54 company
1410 3156 13 44 [
1425 3135 19 22 c
1448 3128 162 72 1926]

469 3203 60 45 vii
553 3220 54 38 p.,
634 3207 18 41 1
695 3239 22 17 l.,
742 3206 81 43 338
846 3220 38 38 p.
949 3206 50 42 19½c
1051 3207 28 17 m
1086 3241 9 8 .

394 3262 55 53 ©
482 3264 110 52 Apr.
625 3264 68 51 21,
728 3262 128 52 1926;
891 3264 63 42 2c.
990 3263 86 43 and
1110 3264 78 42 aff.
1221 3264 112 51 Apr.
1366 3262 79 53 28;
1482 3262 44 43 A
1559 3260 188 55 890535;
1787 3261 155 51 Small,
1978 3262 224 52 Maynard
2239 3262 37 44 &
2309 3276 80 38 co.,

467 3320 81 43 inc.
618 3318 241 55 (26-9566)

404 3418 235 72 Carter,
676 3417 272 58 Herbert
981 3416 205 75 Swift,
1225 3419 188 57 1869-
1570 3436 191 55 comp.

476 3506 147 57 Diet
651 3506 141 58 lists
823 3507 67 57 of
917 3507 104 57 the
1051 3506 451 72 Presbyterian
1529 3506 295 71 hospital,
1853 3506 152 57 New
2033 3506 174 56 York
2236 3505 155 71 city;

402 3584 1990 72 compiled, with notes, by Herbert S. Carter … 3d ed.,
401 3663 377 72 thoroughly
810 3681 126 39 rev.
1019 3661 440 72 Philadelphia
1491 3663 122 57 and
1644 3663 279 70 London,
1955 3662 96 58 W.
2088 3662 70 55 B.
400 3661 1968 137 Saunders

576 3758 320 54 company,
931 3742 165 56 1926.

471 3818 481 53 1 p. l. , 9-173 p. 20½cm.
397 3876 52 53 ©
478 3877 110 51 Apr.
622 3877 61 50 14,
718 3876 105 43 1926;
876 3876 64 43 2c.
970 3877 112 51 Apr.
1112 3877 77 51 21;
1222 3876 78 43 aff.
1330 3875 111 52 Apr.
1470 3876 78 51 24;
1578 3875 44 45 A
1651 3873 190 54 891137;
1873 3875 75 44 W.
1980 3876 50 46 B.
2066 3872 225 49 Saunders
2323 3886 66 31 co.

475 3931 241 56 (26-9430)
