2542 4285
1100 3947 111 57 927

180 347 157 72 Hay,
378 346 235 71 George
649 346 72 57 D.

255 432 1903 75 Howdy judge, by George D. Hay … Nashville, The
177 513 351 72 McQuiddy
555 531 181 52 press
772 513 200 71 [c1926]

251 591 76 44 108
365 606 39 37 p.
463 590 53 44 20
524 592 45 18 cm
575 625 8 7 .

177 646 53 53 ©
255 649 117 51 Aug.
398 648 66 50 20,
491 646 127 52 1926;
642 645 65 44 2c.
733 646 87 42 and
842 646 78 42 aff.
946 646 118 52 Aug.
1089 645 80 51 23;
1198 644 43 43 A
1267 643 188 53 897922;
1487 644 51 44 G.
1565 644 57 44 D.
1650 645 121 51 Hay,
1800 643 248 44 Nashville.

256 703 267 55 (26-15010)

177 803 264 72 Hutyra,
479 803 283 66 Ferencz,
802 803 190 57 1860-

254 892 248 73 Special
534 892 341 72 pathology
911 891 123 56 and
1069 889 424 72 therapeutics
1532 888 68 58 of
1633 890 102 58 the
1772 889 283 58 diseases
2091 889 68 58 of

176 966 1983 73 domestic animals, by Dr. Franz Hutyra … and Dr. Josef
175 1042 1979 64 Marek … 3d authorized American ed. from the 6th rev.
175 1121 1981 73 and enl. German ed. John R. Mohler … and Adolph
173 1197 1717 74 Eichhorn … editors … Chicago, A. Eger, 1926.
243 1274 1776 55 3 v. illus. (part col.) plates (part col.) fold, tab., diagrs. 26½cm.
244 1331 365 46 CONTENTS.—I.
638 1331 256 44 Infectious
923 1329 332 46 diseases.—II.
1284 1330 215 44 Diseases
1532 1330 53 44 of
1615 1330 77 46 the
1721 1330 225 54 digestive
1975 1347 183 38 organs,

173 1387 282 53 respiratory
492 1401 170 39 organs
698 1385 90 45 and
825 1385 278 54 circulatory
1140 1397 321 42 organs.—III.
1502 1385 216 46 Diseases
1759 1387 54 44 of
1852 1387 76 44 the
1968 1388 190 54 urinary

171 1458 184 39 organs,
393 1444 141 43 blood
571 1441 90 46 and
700 1441 139 47 blood
875 1441 261 66 producing
1175 1457 183 38 organs,
1401 1442 166 54 spleen,
1610 1443 303 53 metabolism,
1954 1458 202 30 nervous

173 1505 180 47 system,
385 1513 168 39 organs
584 1499 52 43 of
666 1498 296 52 locomotion,
994 1497 91 45 and
1112 1498 117 44 skin.

173 1555 52 53 ©
254 1557 106 52 July
388 1558 64 49 31,
489 1557 126 50 1926;
649 1557 62 42 2c.
745 1555 109 46 each
884 1557 87 42 and
1000 1556 77 42 aff.
1109 1557 118 51 Aug.
1263 1556 73 52 14;
1370 1557 43 41 A
1445 1556 189 53 901466;
1668 1558 264 43 Alexander
1963 1555 135 55 Eger.

251 1612 268 55 (26-15073)

172 1711 258 58 Illinois.
503 1714 302 71 Supreme
842 1717 190 52 court.

248 1805 273 70 Reports
562 1803 67 57 of
668 1822 173 38 cases
883 1806 67 53 at
986 1803 119 56 law
1143 1804 124 55 and
1304 1803 66 55 in
1411 1804 304 70 chancery
1757 1805 237 70 argued
2032 1806 122 56 and

172 1880 1958 136 determined … v. 321, containing cases in which opinions
333 1979 162 37 were
523 1958 145 58 filed
693 1959 68 56 in
786 1958 190 71 April
1004 1959 123 56 and
1154 1959 184 72 June,
1371 1959 166 73 1926,
1570 1960 123 55 and
1722 1978 173 38 cases
171 1960 1957 133 wherein

266 2037 363 71 rehearings
660 2056 161 37 were
855 2036 225 57 denied
1108 2039 64 53 at
1202 2036 103 56 the
1337 2037 164 56 June
1534 2039 177 69 term,
1745 2038 164 55 1926.
172 2036 1959 136 Samuel

307 2115 270 70 Pashley
614 2114 208 71 Irwin,
861 2116 287 68 reporter
1187 2114 69 56 of
1292 2113 324 58 decisions.
1694 2114 458 75 Bloomington,

284 2193 200 72 Ill., 1926.
273 2303 8 16 x,
320 2268 190 55 [11]-683
545 2284 39 38 p.
643 2268 149 44 22½cm.

169 2325 52 53 ©
252 2324 119 54 Sept.
399 2327 36 49 9,
468 2325 127 52 1926;
626 2326 63 42 2c.
718 2326 87 42 and
830 2326 77 42 aff.
939 2324 119 52 Sept.
1093 2326 73 51 13;
1196 2325 43 41 A
1268 2325 189 52 901978;
1493 2324 181 47 Samuel
1706 2327 49 43 P.
1788 2326 152 53 Irwin,
240 2327 1892 109 Bloomington,

439 2384 69 42 Ill.

168 2484 297 68 Johnson,
500 2481 181 59 Alan.

245 2574 242 59 Second
533 2592 216 39 course
798 2572 64 59 in
910 2572 255 72 algebra
1214 2571 104 58 for
1370 2573 345 72 secondary
1764 2574 259 74 schools,
2075 2576 80 70 by

166 2650 1988 62 Alan Johnson … and Arthur W. Belcher … New York
167 2730 123 58 and
316 2728 257 70 Boston,
604 2729 68 56 F.
703 2728 82 56 M.
813 2729 309 56 Ambrose
1153 2747 306 53 company
1490 2757 13 44 [
1506 2736 17 23 c
1527 2729 164 73 1926]

234 2804 58 51 vi,
321 2806 82 43 322
430 2819 39 38 p.
527 2802 169 55 diagrs.
757 2805 51 44 19
814 2807 47 17 cm
867 2841 8 7 .

168 2862 52 53 ©
249 2863 117 53 Aug.
399 2863 60 49 14,
493 2861 125 52 1926;
650 2862 62 42 2c.
742 2863 117 51 Aug.
887 2861 76 52 20;
996 2862 78 43 aff.
1104 2863 118 51 Aug.
1257 2861 74 53 17;
1362 2864 43 41 A
1434 2862 188 53 897896;
1653 2862 50 45 F.
1736 2864 65 44 M.
1830 2864 226 44 Ambrose
2086 2880 65 28 co.

246 2918 267 56 (26-15023)

166 3004 297 69 Johnson,
501 3003 301 59 Hammel.

243 3096 409 72 Prydehurst,
680 3096 82 72 by
788 3096 290 57 Hammel
1105 3097 302 57 Johnson.
1476 3097 151 57 New
1654 3097 188 73 York,
1872 3098 277 71 London,

166 3173 72 57 D.
268 3174 319 71 Appleton
614 3174 123 57 and
762 3192 321 54 company,
1114 3175 164 56 1926.

233 3249 846 55 3 p. l., 234, [1] p. front. 19½cm.
167 3305 52 54 ©
248 3308 118 51 Aug.
395 3307 65 51 20,
495 3307 103 43 1926;
654 3307 64 43 2c.
750 3308 87 42 and
866 3308 78 42 aff.
974 3309 118 51 Aug.
1122 3308 78 52 24;
1234 3309 43 41 A
1309 3307 188 53 901565;
1532 3309 56 42 D.
1620 3308 226 53 Appleton
1879 3309 36 43 &
1945 3324 65 28 co.

245 3363 268 55 (26-14983)

166 3449 257 68 Jordan,
457 3448 281 60 William
765 3449 254 73 George,
1055 3453 148 56 1864–

244 3541 127 56 The
407 3539 204 58 vision
648 3541 66 56 of
749 3541 152 72 high
936 3541 216 73 ideals,
1189 3542 83 71 by
1307 3541 278 57 William
1625 3538 240 76 George
1904 3544 244 57 Jordan

164 3617 1959 149 … New York, Chicago [etc.] Fleming H. Revell company
363 3726 13 42 [
376 3702 21 22 c
400 3696 163 73 1926]

235 3770 81 55 [56]
347 3786 39 37 p.
451 3770 52 44 19
507 3774 46 17 cm
559 3806 8 8 .

163 3825 55 53 ©
253 3827 106 53 July
393 3828 65 47 30,
496 3827 126 52 1926;
662 3829 62 42 2c.
760 3830 87 42 and
879 3830 78 42 aff.
995 3830 117 51 Aug.
1152 3828 47 53 5;
1239 3830 43 41 A
1318 3828 188 53 897645;
1545 3829 207 53 Fleming
1789 3832 61 44 H.
1889 3831 156 43 Revell
2081 3847 66 28 co.

244 3883 268 55 (26-14993)
