2542 4285
1351 4017 150 57 1078

508 484 158 52 Paged
694 482 340 54 continuously.

507 538 168 47 Edited
699 540 60 53 by
782 539 72 44 W.
884 538 48 44 F.
962 538 264 44 Rocheleau
1255 538 91 45 and
1373 538 170 44 others.

438 594 54 54 ©
531 596 118 52 Sept.
690 597 60 49 10,
791 596 129 52 1926;
958 597 63 42 2c.
1058 594 108 44 each
1205 594 120 53 Sept.
1361 594 79 54 25;
1478 596 78 43 aff.
1597 594 120 53 Sept.
1752 595 78 53 20;
1870 595 44 43 A
1951 594 190 55 949197;
2183 596 243 53 Perpetual

508 653 312 53 encyclopedia
855 667 122 39 corp.
1046 651 270 56 (26-16530)

505 738 1922 74 … South eastern reporter digest [Georgia ed.] Including
516 837 175 37 cases
730 818 298 71 reported
1063 817 67 56 in
1166 817 154 57 vols.
1363 818 185 55 1-125
1592 817 198 58 South
1830 820 252 54 eastern
2121 821 306 69 reporter,

516 895 255 57 77-159*
819 894 271 73 Georgia
1131 897 282 68 reports;
1459 894 181 57 1-33*
1687 894 275 72 Georgia
2002 895 258 71 appeals
2305 897 124 56 and

516 972 1915 74 also … state reports … together with an index-digest
516 1051 66 55 of
616 1051 152 57 vols.
808 1052 147 55 1-78
995 1049 275 73 Georgia
1304 1052 124 56 and
1459 1050 416 72 preliminary
1907 1051 278 56 volumes.
2278 1071 57 37 v.
2376 1052 50 57 5.

514 1127 400 73 Exceptions,
954 1128 112 57 bill
1106 1128 412 72 of-Hunting.
1600 1128 231 58 Edited
1869 1130 83 70 by
1992 1128 103 58 the
2138 1128 294 58 editorial

517 1205 153 58 staff
707 1206 67 56 of
810 1206 103 56 the
953 1205 337 58 American
1327 1205 209 73 digest
1573 1209 250 69 system.
1904 1206 89 58 St.
2033 1206 177 72 Paul,
2249 1207 179 58 West

511 1283 365 72 publishing
904 1302 106 53 co.,
1047 1285 165 55 1926.

505 1360 59 52 iii,
597 1358 258 53 5455-6705,
893 1359 188 45 198-258
1113 1374 39 38 p.
1210 1360 58 45 26
1272 1363 47 18 cm
1325 1395 9 9 .

435 1415 55 54 ©
514 1417 105 52 July
640 1417 66 51 20,
736 1417 104 43 1926;
890 1417 63 43 2c.
980 1417 101 44 Oct.
1105 1417 52 44 25;
1209 1418 78 43 aff.
1314 1418 101 44 Oct.
1439 1418 53 43 23;
1544 1418 44 43 A
1612 1417 163 45 950623;
1828 1418 133 45 West
1985 1418 101 55 pub.
2111 1433 67 30 co.

436 1489 248 73 Strong,
724 1487 222 60 Julian
982 1490 78 57 H.

429 1577 1977 151 Glittering gems; poems, by Julian H. Strong … [Baltimore] c 1926.
500 1732 57 44 64
584 1746 41 38 p.
684 1732 151 47 20½cm.

435 1786 54 54 ©
515 1789 119 52 Aug.
664 1789 69 51 21,
765 1789 103 44 1926;
923 1790 65 42 2c.
1019 1790 87 43 and
1135 1790 79 44 aff.
1249 1789 119 53 Sept.
1396 1790 52 53 2;
1480 1790 44 43 A
1555 1789 165 46 901737;
1779 1793 40 52 J.
1850 1792 63 44 H.
1947 1792 183 55 Strong,
2164 1792 263 47 Baltimore.

515 1846 268 54 (26-16421)

434 1903 303 70 Sullivan,
779 1904 171 59 John
984 1903 283 60 William
1302 1905 225 70 Navin,
1571 1909 189 57 1886-

508 1981 270 72 Aspects
808 1980 69 58 of
903 1981 236 58 science;
1202 1983 227 57 second
1455 1982 212 75 series,
1694 1987 83 70 by
1805 1984 59 58 J.
1891 1985 98 58 W.
2018 1986 74 57 N.
2124 1985 302 59 Sullivan.

431 2059 152 59 New
605 2059 191 72 York,
823 2058 76 57 A.
927 2059 76 57 A.
1031 2059 243 73 Knopf,
1302 2061 167 57 1926.

501 2134 75 52 vii,
602 2134 95 52 205,
729 2136 52 47 [1]
811 2150 40 38 p.
915 2136 148 45 19½cm.

433 2190 54 54 ©
520 2192 119 53 Sept.
674 2191 63 54 17,
770 2193 129 51 1926;
931 2194 64 43 2c.
1031 2192 121 53 Sept.
1182 2193 79 53 25;
1294 2194 79 43 aff.
1408 2193 120 53 Sept.
1556 2196 78 53 22;
1666 2197 44 43 A
1742 2195 189 55 950199;
1966 2197 169 45 Alfred
2163 2198 58 45 A.
2253 2198 173 55 Knopf,

503 2249 82 44 inc.
655 2250 270 55 (26-16662)

436 2329 397 69 Sutherland,
873 2330 164 57 Joan.

509 2407 285 58 Divorce.
881 2408 390 73 [Instalment
1311 2409 51 72 4]

507 2485 79 52 (In
621 2486 145 41 Novel
799 2486 257 53 magazine,
1095 2488 142 51 Sept.,
1274 2485 128 52 1926)

431 2538 1995 57 © 1c. Oct. 20, 1926; A ad int. 8622; pubd. Aug. 22; J. Sutherland, London.
434 2605 203 74 Swift,
674 2606 175 70 Ivan,
890 2609 189 57 1873-

507 2684 236 72 Fagots
804 2684 68 57 of
930 2684 202 58 cedar.
1234 2683 388 58 Bookfellow
1679 2682 89 59 ed.
1851 2682 99 73 By
2005 2683 159 57 Ivan
2223 2682 204 60 Swift.

431 2762 340 72 Goodhart,
803 2762 205 71 Mich.,
1042 2762 266 58 Printed
1340 2762 104 58 for
1474 2761 105 59 the
1610 2761 204 70 Lofts,
1846 2761 167 58 1926.

500 2839 446 56 58 p., 1 l. 23½c m
501 2898 96 45 “Of
626 2897 90 46 this
749 2897 287 45 Bookfellow
1066 2896 171 45 edition
1268 2896 129 47 there
1428 2896 117 45 have
1574 2896 110 45 been
1717 2894 180 55 printed
1927 2893 81 47 500
2041 2893 193 56 copies.”

501 2956 176 44 Poems.

430 3011 56 54 ©
520 3012 119 52 Sept.
669 3012 68 51 24,
768 3012 130 52 1926;
930 3012 65 44 2c.
1025 3012 88 43 and
1141 3012 78 43 aff.
1255 3010 122 54 Sept.
1406 3011 81 52 28;
1519 3010 44 43 A
1594 3010 188 53 949220;
1817 3010 36 43 I.
1887 3008 148 53 Swift,
2069 3008 214 54 Chicago.

513 3067 269 57 (26-16596)

434 3142 217 57 Texas.
730 3142 201 73 Laws,
971 3145 287 67 statutes,
1300 3145 110 53 etc.

509 3219 315 59 Vernon’s
863 3220 343 56 annotated
1242 3218 250 58 revised
1528 3218 145 57 civil
1709 3220 269 55 statutes
2016 3218 68 56 of
2119 3218 104 56 the
2263 3218 162 57 state

435 3298 67 56 of
537 3299 219 70 Texas,
796 3297 276 57 revision
1108 3297 65 57 of
1210 3298 165 68 1925,
1410 3296 322 72 including
1767 3296 83 56 all
1882 3296 151 57 laws
2071 3296 66 56 of
2172 3295 256 73 general

434 3375 384 71 application
862 3376 235 70 passed
1140 3375 83 72 by
1267 3375 104 57 the
1420 3374 251 72 regular
1723 3374 241 57 session
2012 3375 68 55 of
2128 3374 104 56 the
2283 3374 143 57 39th

432 3453 413 73 Legislature,
878 3451 152 59 with
1058 3452 329 58 historical
1417 3455 179 55 notes
1630 3453 124 57 and
1783 3453 178 56 notes
1998 3452 66 57 of
2098 3451 326 58 decisions,

430 3529 1970 151 V. 21, 22 … Kansas City, Mo., Vernon law book company, 1926.
497 3685 28 43 2
550 3701 41 27 v.
649 3683 55 45 26
710 3687 47 18 cm
762 3719 9 9 .

771 3756 110 29 CONTENTS.—v.
910 3749 65 36 21.
1006 3742 173 52 Water,
1211 3742 179 43 articles
1423 3740 107 45 7466
1557 3749 50 37 to
1633 3741 223 48 8280.—v.
1886 3749 66 37 22.
1983 3741 137 45 Wills
2150 3748 46 38 to
2227 3742 196 44 Wrecks

432 3799 87 43 and
545 3798 131 44 Final
704 3799 111 52 title,
843 3799 179 44 articles
1051 3799 106 44 8281
1188 3807 45 37 to
1261 3799 122 44 8324.

433 3870 40 29 v.
504 3857 65 51 21,
600 3853 54 54 ©
684 3856 107 53 July
819 3856 66 52 22,
922 3856 129 52 1926;
1083 3872 41 28 v.
1153 3857 67 51 22,
1252 3854 56 54 ©
1337 3856 106 53 July
1474 3856 78 53 20;
1585 3857 64 43 2c.
1682 3856 108 45 each
1822 3856 102 45 Oct.
1957 3854 78 54 25;
2070 3857 103 43 affs.
2209 3856 102 45 Oct.
2341 3856 78 53 23;

502 3914 43 42 A
570 3913 178 53 950606,
774 3912 190 54 950607;
992 3914 188 44 Vernon
1204 3914 89 45 law
1317 3914 121 45 book
1463 3929 64 29 co.
