2542 4285
1321 3940 111 56 184

436 479 26 43 6
488 493 39 38 p.
587 513 10 18 l.,
627 479 162 44 11-444
816 493 39 38 p.
915 478 129 52 illus.,
1073 480 166 52 diagrs.
1298 480 56 44 28½cm.

366 547 186 48 Editor:
587 547 117 53 1925,
734 547 161 48 Edwin
928 549 170 51 Henes,
1126 548 59 52 jr.

436 604 98 45 The
561 604 295 53 proceedings
887 604 73 44 for
992 603 103 45 1925
1126 618 123 30 were
1277 604 74 45 the
1383 605 99 43 first
1514 604 245 54 published,
1791 605 171 53 though
1993 605 163 44 annual

366 619 1968 86 assemblies
504 661 88 43 had
619 660 110 45 been
758 661 105 43 held
890 661 59 52 by
975 660 74 44 the
1079 659 271 45 association
1381 661 73 44 for
1483 668 73 36 ten
1584 676 131 38 years
1746 662 123 52 prior
1898 670 49 36 to
1974 661 97 45 that
2099 661 116 44 date.

365 728 55 54 ©
455 730 107 44 Feb.
593 729 68 54 25,
698 730 130 51 1926;
864 730 64 43 2c.
965 730 118 43 Mar.
1121 731 47 51 1;
1204 730 79 44 aff.
1318 729 107 44 Feb.
1458 728 79 53 27;
1575 731 44 41 A
1652 731 188 52 883480;
1881 730 165 47 Edwin
2076 731 171 49 Henes,
2281 730 73 52 jr.,

437 787 231 44 executive
699 802 99 30 sec..
830 786 288 44 Milwaukee.
1188 783 242 57 (26-5484)

370 884 329 76 [Jameson,
734 887 152 55 Mrs.
922 883 203 57 Annie
1162 883 196 58 Edith
1390 884 238 74 Foster]

448 975 130 57 The
602 974 159 58 dark
782 973 264 58 curtain,
1130 974 172 71 chap.
1331 976 52 55 8.
1446 974 99 72 By
1568 975 61 57 J.
1656 973 74 58 E.
1758 974 315 57 Buckrose
2106 975 249 73 [pseud.]

441 1065 81 51 (In
555 1065 124 42 Good
712 1064 356 52 housekeeping,
1104 1065 122 51 Jan.,
1264 1063 128 52 1926)

369 1131 1989 55 © 1c. Feb. 8, 1926; A ad int. 7739; pubd. Dec. 30, 1925; Mrs. Falconer
437 1190 228 52 Jameson,
706 1190 225 50 Hornsea,
972 1188 128 53 Hull,
1140 1188 223 53 England.

549 1288 1255 74 The dark curtain, chap. 9. By J. E. Buckrose [pseud.]
441 1380 81 52 (In
556 1381 123 42 Good
713 1380 357 52 housekeeping,
1106 1380 122 52 Feb.,
1265 1379 127 52 1926)

370 1433 1988 55 © 1c. Mar. 26, 1926; A ad int. 7919; pubd. Jan. 29; Mrs. Falconer Jameson,
441 1493 224 51 Hornsea,
699 1492 127 51 Hull,
858 1491 222 54 England.

370 1589 211 70 Jenks,
623 1589 322 59 Jeremiah
981 1589 312 73 Whipple,
1336 1592 189 57 1856-

452 1682 126 58 The
609 1680 430 74 immigration
1068 1682 282 72 problem;
1415 1699 38 37 a
1485 1682 188 72 study
1704 1683 68 57 of
1802 1681 338 59 American
372 1681 1970 153 immigration
660 1759 348 60 conditions

1046 1758 1250 74 and needs, by Jeremiah W. Jenks …
374 1836 1989 75 and W. Jett Lauck … 6th ed., rev. and enl., by Rufus D.
373 1915 1968 153 Smith … New York and London, Funk & Wagnalls company, 1926.
442 2084 1178 54 xxvii, 717 p. tables (1 fold.) fold. diagr. 20½cm.
370 2153 55 54 ©
457 2155 105 43 Feb.
596 2155 65 51 18,
697 2153 130 53 1926;
858 2153 65 43 2c.
953 2154 88 42 and
1072 2153 79 43 aff.
1183 2150 108 45 Feb.
1321 2152 78 52 26;
1436 2153 44 42 A
1512 2151 161 45 883463;
1737 2152 132 44 Funk
1900 2153 38 44 &
1969 2152 239 53 Wagnalls
2241 2168 66 28 co.

450 2209 242 57 (26-5307)

372 2312 208 70 Jones,
616 2310 205 59 Rufus
856 2309 320 74 Matthew,
1213 2311 190 57 1863-

451 2399 1909 74 Finding the trail of life, by Rufus M. Jones … New
375 2478 190 75 York,
592 2479 131 58 The
749 2476 360 60 Macmillan
1133 2495 323 56 company,
1484 2478 164 57 1926.

446 2572 79 46 148
548 2586 42 38 p.
648 2570 55 45 20
709 2572 47 18 cm
762 2605 11 10 .

448 2627 217 46 Contains
705 2626 135 44 much
877 2626 52 45 of
965 2625 75 46 the
1078 2625 207 45 material
1326 2626 42 43 in
1409 2626 76 44 the
1522 2625 200 46 author’s
1761 2627 45 43 A
1845 2624 124 56 boy’s
2009 2625 191 54 religion
2242 2626 120 46 from

376 2700 215 38 memory.

372 2739 55 54 ©
452 2741 105 43 Feb.
588 2739 61 52 16,
681 2739 129 52 1926;
837 2738 64 43 2c.
928 2738 87 44 and
1040 2738 78 43 aff.
1147 2736 107 45 Feb.
1284 2736 75 54 17;
1390 2738 44 42 A
1460 2738 187 53 883309;
1678 2738 264 44 Macmillan
1970 2754 67 29 co.

453 2795 242 58 (26-5497)

374 2895 229 72 Keller,
643 2894 201 58 Helen
877 2893 256 72 Adams,
1174 2896 190 57 1880-

455 2984 1914 77 My key of life (optimism) by Helen Keller … New
377 3065 189 69 York,
603 3066 270 57 Thomas
908 3065 73 56 Y.
1020 3064 262 60 Crowell
1317 3082 307 56 company
1659 3095 13 44 [
1672 3073 20 22 c
1696 3065 164 72 1926]

446 3146 51 44 61
531 3158 42 39 p.
634 3144 131 45 front.
803 3143 170 53 (port.)
1043 3143 52 45 19
1099 3145 48 19 cm
1153 3181 9 9 .

452 3200 161 46 Issued
650 3217 49 29 as
740 3199 285 53 “Optimism,
1064 3215 56 31 an
1161 3199 156 53 essay”
1359 3199 132 53 1903;
1532 3215 48 31 as
1621 3199 126 47 “The
1784 3199 199 55 practice
2018 3203 54 45 of
2111 3202 258 53 optimism”

381 3258 118 48 1915.

376 3312 53 54 ©
461 3313 106 44 Feb.
597 3310 69 54 25,
701 3311 129 52 1926;
864 3311 64 43 2c.
960 3312 88 42 and
1078 3311 80 43 aff.
1193 3311 118 43 Mar.
1343 3311 50 52 2;
1429 3311 44 42 A
1505 3311 188 53 883489;
1730 3313 62 43 H.
1825 3313 172 52 Keller,
2033 3312 163 46 Forest
2229 3314 137 54 Hills,

448 3369 60 45 N.
539 3369 55 43 Y.
663 3365 243 57 (26-5579)

376 3465 411 74 Kreymborg,
823 3464 245 73 Alfred,
1109 3468 190 56 1883-

456 3554 1916 76 Scarlet and Mellow, by Alfred Kreymborg … New
375 3633 188 72 York,
594 3632 169 57 Boni
783 3631 48 59 &
859 3632 345 73 Liveright,
1236 3632 165 57 1926.

448 3709 1022 54 3 p. l., ix-xi, [1] p., 1 l., 15-84 p. 21 cm .
447 3768 177 43 Poems.

377 3822 55 54 ©
457 3825 98 51 Jan.
582 3823 67 52 26,
682 3823 129 52 1926;
839 3823 66 44 2c.
933 3823 106 45 Feb.
1066 3824 78 52 23;
1176 3824 79 44 aff.
1283 3822 106 45 Feb.
1420 3824 50 52 9;
1501 3824 43 43 A
1573 3824 187 53 883409;
1794 3825 113 44 Boni
1938 3826 36 43 &
2005 3826 247 52 Liveright,
2283 3826 84 43 inc.

457 3878 242 56 (26-5561)
