2542 4285
1320 3996 148 55 1448

393 377 217 71 Spurr,
645 376 218 71 Henry
893 373 282 69 Clifford,
1212 376 187 55 1869-

469 467 273 71 Guiding
793 465 341 71 principles
1194 464 66 57 of
1316 464 205 71 public
1580 464 233 57 service
1873 464 369 72 regulation,
2298 465 83 71 by

393 540 1986 75 Henry C. Spurr … v. 3. Rochester, N. Y., Washington,
391 623 73 55 D.
498 621 82 72 C.,
611 621 219 56 Public
857 620 263 56 utilities
1154 622 266 68 reports,
1450 620 136 70 inc.,
1620 621 163 54 1926.

461 698 147 50 cxxvi,
643 697 80 43 919
755 712 40 37 p.
854 697 52 44 23½c
961 699 29 17 m
996 731 8 7 .

390 754 53 53 ©
471 756 117 42 Nov.
613 754 67 52 22,
711 754 127 47 1926;
868 754 63 42 2c.
961 754 108 42 Dec.
1096 756 49 48 8;
1175 753 79 43 aff.
1284 753 107 42 Dec.
1421 753 50 51 9;
1501 753 43 41 A
1572 751 187 53 958273;
1792 752 158 43 Public
1979 752 183 44 utilities
2194 760 185 44 reports,

461 813 82 43 inc.

392 897 262 70 Steiner,
689 895 254 60 Rudolf.

469 976 128 57 Das
639 976 217 55 karma
902 975 106 56 des
1052 974 519 70 materialismus;
1615 974 287 56 Berliner
1945 976 295 69 vorträge

390 993 1968 117 gehalten
647 1053 86 55 im
780 1055 230 69 august
1053 1053 127 56 und
1228 1053 351 70 September
1629 1053 165 69 1917,
1838 1070 125 37 von
2007 1052 91 55 dr.
2147 1051 236 57 Rudolf

395 1131 264 57 Steiner.
728 1130 198 58 Given
955 1149 73 37 as
1051 1129 248 71 private
1328 1130 266 56 lectures
1624 1132 62 53 to
1715 1129 103 56 the
1847 1129 304 56 members
2184 1129 66 57 of
2279 1129 102 56 the

391 1209 330 69 Anthropo
729 1207 178 71 sophi
914 1208 91 55 cal
1049 1207 236 71 society
1326 1208 161 69 only.
1574 1206 325 74 [Dornach,
390 1205 1969 152 Phil.-anthroposophischer

874 1286 237 71 verlag,
1150 1286 163 70 1926]

460 1363 197 42 Various
691 1362 178 52 paging.
929 1361 54 44 29½
1017 1365 46 17 cm
1070 1397 9 9 .

391 1416 1994 56 © Oct. 5, 1926; 1c. Nov. 1; A—Foreign 32111; Phil.-anthroposophischer
460 1477 169 52 verlag.

468 1564 116 56 Die
651 1563 270 57 sozialen
983 1563 635 72 grundforderungen
1685 1581 261 38 unserer
2013 1562 149 71 zeit;
390 1563 1974 134 Dornacher

669 1644 296 68 vorträge
1016 1641 222 55 winter
1292 1642 166 69 1918,
1510 1660 122 36 von
1684 1641 90 55 dr.
1827 1640 238 57 Rudolf
2118 1640 265 58 Steiner.

394 1718 198 58 Given
624 1737 68 38 as
723 1718 249 71 private
1005 1719 267 56 lectures
1306 1721 63 54 to
1403 1718 103 56 the
1538 1719 307 56 members
1880 1718 66 55 of
1978 1718 102 57 the
389 1717 1973 150 Anthroposophical

822 1796 236 71 society
1123 1797 161 70 only.
1395 1796 324 74 [Dornach,
390 1792 1972 153 Phil.-anthroposophischer
718 1874 237 72 verlag,
995 1876 163 72 1926]

466 1950 672 52 1 p. l., 129-238 p. 29½ cm .
391 2005 1996 55 © Oct. 1, 1926; 1c. Oct. 29; A—Foreign 32091; Phil.-anthroposophischer
461 2065 143 53 velag.

392 2137 224 69 Vance,
653 2137 190 58 Louis
881 2137 254 73 Joseph,
1174 2140 189 56 1879-

473 2230 126 56 The
642 2230 159 56 dead
841 2229 134 57 ride
1015 2230 177 71 hard,
1234 2231 82 70 by
1358 2229 190 58 Louis
1591 2229 240 71 Joseph
1870 2229 229 58 Vance.
393 2230 1971 148 Philadelphia,

695 2307 59 57 J.
789 2305 71 58 B.
896 2307 367 71 Lippincott
1294 2326 321 53 company,
1652 2309 164 55 1926.

464 2382 660 56 5 p. l., [13]-304 p. 19½ cm .
464 2440 170 44 “Third
672 2441 280 52 impression,
995 2441 276 53 September,
1313 2441 144 45 1926.”

393 2496 53 53 ©
477 2498 99 43 Oct.
607 2499 35 49 6,
678 2498 127 51 1926;
837 2499 64 42 2c.
929 2499 87 43 and
1046 2500 79 42 aff.
1156 2500 107 42 Dec.
1295 2500 49 50 8;
1377 2499 42 42 A
1450 2497 189 54 957508;
1673 2500 47 41 L.
1752 2500 40 52 J.
1825 2499 171 53 Vance,
2029 2499 185 53 Darien,
2247 2499 139 45 Conn.

394 2561 141 58 Van
568 2562 269 70 Norden,
879 2563 321 58 Theodore
1235 2563 321 76 Langdon,
1598 2583 192 55 comp.

476 2654 198 58 South
736 2654 209 58 Salem
1005 2658 374 69 gravestone
1440 2654 405 72 inscriptions
1913 2655 321 73 [compiled
2293 2658 96 73 by]

399 2733 320 58 Theodore
766 2733 304 73 Langdon
1114 2733 141 58 Van
1302 2734 272 57 Norden.
1660 2734 199 58 South
1905 2734 226 72 Salem,
2177 2735 75 57 N.
2297 2736 93 72 Y.,

397 2811 129 58 The
556 2811 207 58 Horse
792 2812 123 58 and
944 2809 228 73 hound,
1204 2813 164 57 1926.

469 2889 55 51 iv,
552 2889 53 44 98
632 2903 39 38 p.
732 2889 49 42 21
793 2891 46 17 cm
846 2924 8 8 .

470 2947 42 42 A
554 2961 98 29 new
697 2945 168 45 edition
906 2946 51 44 of
996 2946 76 44 the
1114 2946 252 53 compiler’s
1413 2946 119 45 “Old
1576 2946 285 54 churchyard
1905 2946 298 53 inscriptions,
2250 2946 143 47 South

403 3002 164 52 Salem,
604 3002 313 45 Westchester
956 3001 190 54 County,
1185 3004 116 43 New
1339 3003 171 52 York”,
1550 3002 232 54 published
1821 3004 45 44 in
1906 3003 104 47 1908
2048 3011 46 39 to
2132 3003 151 46 which
2319 3004 75 44 the

399 3060 287 53 inscriptions
720 3075 119 37 upon
872 3061 77 43 the
982 3060 126 44 older
1144 3067 150 38 stones
1329 3060 47 44 in
1411 3059 75 47 the
1525 3061 165 43 Keeler
1722 3062 87 43 and
1846 3062 139 43 Mead
2021 3068 139 37 street
2196 3058 193 56 burying

398 3119 198 52 grounds
623 3118 87 44 and
738 3117 46 44 in
809 3117 76 44 the
910 3124 225 46 cemetery
1159 3117 115 44 have
1300 3118 113 44 been
1440 3117 157 49 added.

395 3173 52 53 ©
482 3176 117 42 Nov.
635 3173 37 53 5,
708 3175 128 52 1926;
868 3175 65 42 2c.
971 3175 118 42 Nov.
1125 3175 75 51 11;
1235 3174 77 43 aff.
1348 3175 108 43 Dec.
1490 3175 50 51 6;
1575 3175 44 41 A
1650 3172 189 55 957521;
1875 3174 53 44 T.
1966 3176 47 42 L.
2050 3175 104 43 Van
2188 3175 202 43 Norden.

466 3233 115 43 New
616 3233 142 42 York.
827 3232 270 53 (26-23119)

396 3302 368 70 Whitcomb,
808 3303 320 58 Charlotte
1170 3304 364 57 Townsend.

470 3394 130 59 Our
632 3394 215 58 health
879 3394 241 71 habits;
1160 3415 35 37 a
1235 3395 301 71 complete
1573 3414 217 38 course
1827 3394 65 57 in
1927 3393 166 60 child
2127 3394 266 74 hygiene

400 3472 1994 73 for the grades, by Charlotte Townsend Whitcomb … and
398 3549 1972 152 John H. Beveridge … Chicago, New York, Rand, McNally &
696 3647 305 53 company
1034 3658 13 43 [
1048 3638 19 21 c
1071 3628 164 74 1926]

470 3706 91 52 xvi,
593 3706 81 45 608
708 3720 39 38 p.
808 3705 117 46 illus.
988 3707 51 44 19½
1071 3708 48 19 cm
1125 3739 9 9 .

472 3762 170 46 Folded
672 3761 122 47 table
827 3778 58 30 on
917 3761 315 57 lining-paper.

473 3819 218 46 Contains
720 3819 368 55 bibliographies.

398 3875 53 54 ©
479 3878 106 43 Dec.
614 3878 36 49 3,
684 3877 129 52 1926;
842 3878 64 42 2c.
937 3878 107 42 Dec.
1073 3877 49 51 8;
1156 3878 76 42 aff.
1264 3878 108 42 Dec.
1403 3877 48 52 6;
1484 3877 42 42 A
1557 3875 188 54 957514;
1780 3877 143 51 Rand,
1956 3876 222 52 McNally
2208 3876 88 43 and
2325 3890 65 28 co.

475 3933 268 55 (26-23147)
