2542 4285
0 0 0 0 952
425 405 204 44 Various
655 403 208 55 pagings.
924 404 132 51 illus.,
1083 419 144 38 maps,
1256 403 171 54 diagrs.
1487 405 55 43 20
1549 407 46 17 cm
1600 439 9 9 .

354 459 54 54 ©
441 460 122 54 Sept.
599 461 62 50 11,
696 461 130 52 1926;
861 463 64 41 2c.
963 460 121 53 Sept.
1118 462 77 51 23;
1231 460 79 44 aff.
1348 461 123 52 Sept.
1505 462 78 50 22;
1619 461 44 43 A
1693 460 189 53 950146;
1921 458 255 55 Collegiate
2210 475 142 39 press,

425 515 182 54 George
636 517 149 43 Banta
810 516 104 54 pub.
943 530 66 30 co.

364 601 1988 73 The World’s best short stories of 1926 … selected by the
433 679 235 61 editors
712 679 68 58 of
820 680 104 58 the
966 679 255 73 leading
1261 679 338 57 American
1638 678 375 72 magazines.
2094 678 176 59 With
2317 702 35 37 a

430 756 318 58 foreword
774 759 81 69 by
882 755 282 60 William
1192 757 332 57 Johnston.
1595 757 152 57 New
1774 757 192 71 York,
2001 756 241 73 George
2271 757 80 56 H.

422 833 217 59 Doran
666 852 307 54 company
1002 862 14 44 [
1018 842 19 22 c
1040 834 149 57 1926]

421 908 671 55 x p., 1 l., 15-362 p. 20 cm .
350 963 56 54 ©
436 964 123 55 Sept.
592 966 62 53 10,
686 967 132 51 1926;
848 969 65 41 2c.
947 967 123 53 Sept.
1098 967 78 52 23;
1209 965 79 48 aff.
1322 966 123 54 Sept.
1475 967 77 52 21;
1586 965 45 45 A
1657 966 189 52 949136;
1882 963 181 55 George
2096 965 61 43 H.
2189 966 163 44 Doran

426 1037 68 30 co.

358 1101 207 72 Wren,
607 1101 290 59 Percival
937 1102 426 74 Christopher.

358 1192 1968 139 Beau Geste, by Percival Christopher Wren … illustrated
593 1272 1759 74 with scenes from the photoplay … starring Ronald
361 1349 290 73 Colman;
698 1369 36 38 a
779 1351 391 59 Paramount
1213 1350 262 74 picture.
1562 1351 153 58 New
1756 1350 192 77 York,
1995 1350 265 60 Grosset
2303 1350 49 58 &

357 1427 251 74 Dunlap
649 1459 14 44 [
662 1437 21 23 c
686 1429 166 74 1926]

426 1508 1006 53 3 p. l., 3-418 p. front., plates. 19½ cm .
351 1560 56 54 ©
434 1561 122 54 Aug.
584 1561 67 53 25,
685 1563 106 44 1926
804 1576 10 37 ;
846 1565 64 41 2c.
941 1561 93 44 and
1061 1562 80 44 aff.
1172 1563 122 52 Aug.
1324 1561 77 53 27;
1434 1561 45 44 A
1509 1560 190 53 897977;
1733 1560 196 46 Grosset
1957 1562 39 44 &
2026 1561 186 53 Dunlap.
2302 1558 53 55 [©

423 1617 308 45 illustrations
761 1619 91 45 and
880 1617 258 45 additional
1166 1617 203 53 chapter]
1441 1616 271 56 (26-15188)

352 1702 270 74 Wright,
669 1703 364 58 Alexander
1080 1703 345 59 Tremaine.

431 1793 169 59 John
627 1792 228 75 Willis,
919 1840 11 11 S.
1002 1841 11 11 T.
1086 1841 32 24 B.,
1149 1794 125 57 and
1302 1794 293 58 Edmond
1621 1792 228 73 Willis,
1880 1793 84 71 by
1993 1792 362 59 Alexander

357 1870 330 60 Tremaine
726 1870 273 73 Wright.
1084 1873 171 72 [New
1292 1872 190 73 York]
1529 1872 129 57 The
1697 1870 478 73 Willis-Byrom
2217 1870 137 60 club

353 1978 15 43 [
371 1956 19 23 c
393 1949 165 72 1926]

421 2025 1300 55 4 p. l., 89 p. front., illus. (incl. facsims.) 27½ cm .
428 2080 130 46 “One
591 2080 216 46 hundred
839 2082 153 53 copies
1027 2084 54 42 of
1117 2083 137 54 ‘John
1287 2081 170 47 Willis’
1493 2098 79 31 are
1606 2081 152 46 issued
1793 2082 59 54 by
1886 2082 77 44 the
1997 2080 358 55 Willis-Byrom

356 2137 1353 55 club, each copy numbered … This copy is no. 99.”
352 2191 53 54 ©
434 2194 120 53 Aug.
588 2195 62 50 11,
683 2196 107 43 1926
804 2210 10 37 ;
846 2197 64 42 2c.
942 2195 90 44 and
1063 2195 79 46 aff.
1175 2196 121 53 Aug.
1329 2196 75 52 14;
1438 2196 45 43 A
1512 2195 189 54 901435;
1736 2193 358 55 Willis-Byrom
2126 2193 116 46 club.

430 2249 270 56 (26-15120)

351 2333 299 75 Yoakam,
696 2336 233 59 Gerald
967 2335 185 74 Alan,
1198 2340 191 57 1887-

427 2424 61 58 A
534 2426 194 58 series
776 2427 68 58 of
891 2427 173 73 eight
1109 2427 178 58 radio
1336 2428 163 57 talks
1548 2448 80 38 on
1671 2427 284 73 Looking
1998 2428 203 58 inside
2249 2427 105 58 the

354 2503 209 58 school
600 2504 181 73 (with
811 2507 191 57 select
1027 2505 524 73 bibliographies)
1589 2506 83 72 by
1702 2506 235 60 Gerald
1965 2506 75 57 A.
2071 2506 282 58 Yoakam

421 2581 1931 72 … Q. A. W. Rohrbach … Chester A. Buckner … Gerald D.
352 2660 1933 76 Whitney … Albert J. Murphy … Sturgiss B. Davis …
351 2739 1978 153 Frank W. Shockley … Grover H. Alderman … [Pittsburgh, c 1926]
424 2894 52 45 73
500 2910 43 39 p.
593 2896 55 43 24
655 2898 46 17 cm
708 2931 9 9 .
780 2895 292 56 (University
1097 2899 51 44 of
1174 2896 282 54 Pittsburgh.
1511 2897 147 46 Radio
1683 2897 277 54 publication
1985 2912 70 29 no.
2082 2896 78 54 22)

422 2952 281 45 “Broadcast
736 2953 123 44 from
892 2954 75 43 the
1002 2954 266 53 University
1302 2955 52 44 of
1388 2954 269 54 Pittsburgh
1693 2955 149 44 studio
1872 2955 53 44 of
1959 2954 205 52 KDKA,
351 2954 1978 108 Westinghouse
599 3010 182 44 electric
807 3012 39 44 &

872 3012 374 53 manufacturing
1269 3026 236 39 company,
1534 3012 283 53 Pittsburgh,
1847 3010 373 54 Pennsylvania.”

423 3066 178 47 “Select
624 3066 345 55 bibliography”
992 3076 48 37 at
1062 3070 87 43 end
1172 3070 51 43 of
1247 3070 109 43 each
1378 3070 108 43 talk.

352 3123 56 54 ©
436 3125 111 53 May
577 3126 39 52 8,
649 3125 131 53 1926;
811 3126 65 43 2c.
907 3127 87 43 and
1022 3127 80 43 aff.
1133 3127 113 52 May
1280 3125 74 54 17;
1386 3126 45 43 A
1458 3125 191 54 890787;
1682 3124 269 54 University
1982 3125 52 46 of
2066 3123 285 56 Pittsburgh,

423 3180 287 55 Pittsburgh.
779 3181 271 55 (26-11234)

347 3265 241 74 Young,
629 3266 262 74 Arthur,
935 3270 359 57 1741-1820.

428 3345 247 58 Arthur
714 3344 227 74 Young
982 3365 79 38 on
1099 3345 297 72 industry
1439 3346 125 57 and
1608 3345 373 69 economics;
2023 3344 188 73 being
353 3363 1976 132 excerpts

604 3423 168 57 from
814 3423 247 58 Arthur
1101 3423 286 73 Young’s
1434 3422 433 60 observations
1915 3441 79 39 on
2035 3422 105 59 the
2188 3425 163 55 state

352 3502 71 57 of
451 3501 473 59 manufactures
961 3501 125 59 and
1119 3501 98 59 his
1254 3501 312 58 economic
1599 3500 287 73 opinions
1923 3519 79 39 on
2035 3500 314 72 problems

351 3580 243 58 related
630 3583 63 54 to
734 3583 483 69 contemporary
1251 3580 296 70 industry
1583 3579 66 57 in
1686 3578 312 73 England,
2037 3577 316 73 arranged

349 3655 1785 75 by Elizabeth Pinney Hunt … [Philadelphia] 1926.
424 3736 77 43 183
531 3752 41 38 p.
628 3735 54 44 20½
716 3738 48 18 cm
770 3771 9 9 .

424 3793 351 52 Bibliography:
810 3809 40 37 p.
884 3792 202 45 164-183.

349 3847 53 54 ©
426 3849 119 52 June
567 3850 66 50 26,
660 3850 131 49 1926;
819 3851 64 43 2c.
909 3848 109 55 July
1041 3849 50 50 6;
1119 3848 79 44 aff.
1224 3847 111 56 July
1359 3847 48 52 7;
1439 3848 45 43 A
1508 3846 189 54 897337;
1727 3845 239 48 Elizabeth
1994 3844 179 56 Pinney
2199 3844 147 53 Hunt,

420 3904 127 55 Bryn
576 3904 167 55 Mawr,
776 3905 81 44 Pa.
925 3903 271 57 (26-13525)
