2542 4285
0 0 0 0 775
122 401 1978 160 Arthur L. EL Street … New York, Dowst publishing corporation, 1926.
189 564 588 54 3 p. l. , 366, viii p. 19 cm .
192 624 70 42 “It
293 624 35 42 is
360 619 325 54 contemplated
718 620 95 42 that
846 617 115 54 legal
993 617 181 43 articles
1204 617 58 51 by
1296 616 73 43 the
1400 615 161 44 author
1593 613 245 55 appearing
1871 614 44 43 in
1948 612 150 45 future

122 679 210 44 numbers
367 677 51 44 of
452 674 217 47 National
704 674 175 44 cleaner
916 674 88 42 and
1040 674 110 50 dyer
1187 673 86 43 and
1309 671 228 64 National,
1563 670 188 53 laundry
1787 669 183 52 journal
2005 669 94 45 will

122 750 132 37 carry
284 731 281 55 appropriate
597 731 250 44 references
878 741 47 34 to
954 729 167 44 section
1153 728 212 43 numbers
1395 727 51 44 of
1475 727 89 42 this
1595 726 127 45 book.
1785 726 51 42 In
1869 724 88 45 this
1988 740 112 38 way,

123 791 73 44 the
221 791 127 42 work
375 803 102 37 may
502 789 51 42 be
581 786 139 52 easily
744 785 103 53 kept
877 786 177 44 abreast
1082 785 108 42 with
1224 783 149 43 future
1400 790 128 35 court
1554 780 490 47 decisions.”—Introd.

123 843 52 54 ©
207 846 110 50 May
350 845 62 48 14,
446 842 127 52 1926;
604 841 63 43 2c.
701 842 85 42 and
818 840 78 43 aff.
931 840 111 51 May
1071 837 76 50 25;
1181 839 44 42 A
1256 835 189 55 891533;
1481 838 158 43 Dowst
1671 837 101 51 pub.
1803 833 299 56 corporation.

202 898 268 57 (26-13397)

131 987 257 69 Stumm,
424 983 202 59 Lucie.

267 1067 1838 67 … Niklaus Manuel Deutsch von Bern als bildender
119 1155 298 56 künstler.
498 1151 185 73 Bern,
724 1148 284 74 Stämpfli
1043 1149 48 56 &
1125 1168 30 37 c
1160 1149 31 28 ie
1196 1193 12 26 ,
1246 1149 163 56 1925.

188 1225 1442 60 4 p. l ., 108 p. illus., XXXIII pl. (incl. col. front.) 31 cm .
197 1286 387 55 “Bibliographie”
602 1302 9 27 :
652 1302 40 36 p.
740 1283 199 46 104-107.

122 1335 1873 61 © Dec. 1, 1925; 1c. Mar. 12, 1926; A—Foreign 30399; Stämpfli & cie.
200 1398 270 56 (26-13572)

120 1484 214 73 Sykes,
370 1483 224 58 Mabel.

124 1568 1962 235 Key to Plane geometry, by Mabel Sykes … and Clarence E. Comstock … Chicago, New York, Rand, McNally & company [ c 1926]
189 1810 75 51 vii,
294 1810 80 43 413
405 1823 41 37 p.
505 1806 166 53 diagrs.
731 1797 53 52 20
792 1809 45 17 cm
844 1843 8 8 .

125 1863 52 53 ©
209 1864 105 52 July
343 1864 41 50 2,
420 1861 127 53 1926;
580 1862 63 42 2c.
676 1862 85 42 and
795 1861 77 42 aff.
907 1860 105 52 July
1046 1859 48 51 6;
1130 1859 43 42 A
1205 1856 187 55 901025;
1430 1858 143 51 Rand,
1608 1856 222 55 McNally
1863 1858 37 43 &
1932 1872 64 28 co.

204 1918 268 56 (26-13458)

123 1993 343 72 Tennyson,
502 1990 228 57 Alfred
763 1988 346 73 Tennyson,
1143 1993 97 53 1st
1278 1988 211 70 baron,
1526 1987 354 57 1809-1892.

199 2080 393 72 Tennyson’s
631 2079 201 71 Idylls
870 2078 69 58 of
979 2078 102 58 the
1122 2075 168 73 king,
1333 2076 149 57 with
1523 2075 425 61 introduction
1990 2076 123 59 and

120 2152 1970 155 notes by Margaret Booth … Harry G. Paul … Chicago, New York, Lyons & Carnahan [ c 1926]
190 2312 81 44 383
317 2326 40 38 p.
407 2309 103 47 incl.,
559 2310 142 44 front.
729 2308 169 55 (port.)
952 2308 119 45 illus.
1099 2309 157 53 (map)
1342 2309 51 44 18
1400 2311 45 18 cm
1452 2344 8 8 .
1548 2308 241 55 (Lettered
1841 2325 56 28 on
1951 2323 160 32 cover:
123 2366 243 46 Stratford
396 2364 211 56 classics)

191 2421 338 46 “References”
546 2437 9 29 :
584 2437 40 38 p.
654 2421 92 46 353.

125 2478 53 54 ©
212 2482 117 41 Mar.
361 2481 37 51 8,
436 2479 104 45 1926;
596 2480 65 43 2c.
694 2480 115 52 June
846 2480 73 51 14;
956 2479 78 43 aff.
1069 2479 106 52 July
1210 2479 48 52 6;
1295 2479 43 42 A
1373 2478 191 53 897347;
1603 2479 152 54 Lyons
1789 2481 37 43 &
1860 2477 252 47 Carnahan,

209 2536 56 53 [©
302 2552 40 37 p.
378 2534 123 56 5-15,
537 2537 205 52 349-383]
812 2534 270 56 (26-13451)

123 2607 369 74 Thompson,
532 2608 57 58 J.
629 2605 256 71 Walter,
926 2623 322 57 company.

198 2699 379 72 Population
600 2701 124 56 and
745 2697 83 60 its
854 2698 422 60 distribution.
1340 2700 143 64 <4th
1503 2700 127 65 ed.>
1693 2699 324 73 Compiled
2032 2700 81 73 by

126 2778 61 58 J.
218 2778 243 58 Walter
493 2779 356 70 Thompson
880 2796 334 54 company;
1247 2778 371 73 population
1647 2779 68 59 of
1743 2779 102 57 the
1876 2778 237 60 United

130 2856 211 59 States
365 2858 84 69 by
472 2858 196 57 states
698 2857 120 57 and
846 2855 313 74 principal
1183 2853 422 63 cities—state
1634 2875 219 41 census
1878 2855 234 74 figures

127 2934 201 58 where
367 2932 598 62 available—others
1003 2933 330 60 estimated
1366 2934 84 73 by
1483 2935 104 58 the
1620 2934 253 60 Bureau
1908 2936 67 58 of
2008 2935 103 59 the

129 3031 219 40 census
379 3014 68 56 of
473 3012 103 59 the
603 3011 235 58 United
872 3010 230 77 States,
1132 3011 237 61 income
1400 3016 109 54 tax
1540 3014 250 58 returns
1819 3013 84 72 by
130 3031 1956 118 counties
279 3092 124 56 and
433 3089 166 59 chief
630 3090 193 73 cities,
856 3109 36 39 a
921 3090 166 58 table
1120 3091 67 57 of
1217 3088 185 62 retail
1435 3091 123 58 and
1587 3090 330 60 wholesale
130 3091 1958 136 dealers
277 3169 82 71 by
407 3170 194 56 states
650 3169 124 56 and
819 3167 164 59 chief
1030 3167 194 59 cities.
1314 3168 165 73 [New
1524 3167 187 75 York]
1762 3169 60 58 J.
1869 3166 245 61 Walter

131 3247 358 71 Thompson
518 3264 323 56 company,
871 3246 164 58 1926.

229 3321 950 57 x p., 1 l., 371 p. illus. (maps) 29 cm .
129 3377 52 55 ©
218 3381 111 50 May
364 3379 34 49 7,
437 3379 127 52 1926;
600 3380 63 42 2c.
697 3380 86 42 and
818 3379 77 44 aff.
930 3379 106 52 July
1071 3379 48 51 8;
1157 3380 42 41 A
1233 3377 188 54 897384;
1458 3380 38 51 J.
1532 3380 75 43 W.
1641 3378 262 54 Thompson
1937 3394 64 28 co.

209 3436 268 54 (26-13483)

129 3504 405 75 Urbanitzky,
571 3507 184 57 Grete
790 3522 138 54 von,
970 3508 189 56 1893-

205 3595 291 72 Mirjams
519 3597 169 71 sohn,
711 3615 216 39 roman
944 3616 122 37 von
1087 3597 187 57 Grete
1298 3616 123 37 von
1438 3596 405 73 Urbanitzky.
127 3596 1967 150 Stuttgart,
318 3673 60 58 J.
411 3672 394 73 Engelhorns
835 3673 227 71 nachf.,
1094 3675 164 55 1926.

200 3749 1850 58 283, [1] p. 17 ½ cm . [Engelhorns allgemeine roman-bibliothek. bd. 989/90]
132 3800 1897 65 © Jan. 15, 1926; 1c. Mar. 24; A—Foreign 30676; J. Engelhorns nachf.
211 3864 269 54 (26-11711)
