2542 4285
1315 4020 150 55 1274

365 405 219 72 Olcott,
624 406 272 56 Frances
935 403 284 60 Jenkins.

439 495 277 58 Wonder
742 495 158 57 tales
927 495 167 56 from
1121 491 302 59 windmill
1447 492 199 73 lands,
1673 492 165 55 from
1867 490 103 57 the
1997 489 206 57 Dutch
2231 488 122 57 and

368 572 178 58 other
581 591 270 54 sources,
885 573 82 70 by
1001 572 276 56 Frances
1310 569 264 59 Jenkins
1612 569 234 69 Olcott;
1880 568 359 56 illustrated
2272 567 83 70 by

365 650 282 57 Herman
684 651 215 57 Rosse.
999 650 150 56 New
1184 648 174 56 York
1395 650 145 70 [etc.]
1580 647 373 72 Longmans,
1992 644 204 59 Green
2233 644 122 57 and

366 748 106 52 co.,
505 730 165 56 1926.

436 817 1032 55 xvii, [1], 238 p. col. front., illus. 18½ cm .
366 889 52 53 ©
445 891 100 43 Oct.
568 889 69 52 25,
667 890 129 51 1926;
823 890 63 41 2c.
913 889 118 42 Nov.
1058 887 48 51 4;
1134 887 78 43 aff.
1240 887 117 42 Nov.
1383 886 52 52 2;
1464 886 43 42 A
1533 883 160 45 949971;
1751 885 272 51 Longmans,
2052 881 148 45 Green
2226 883 37 43 &
2288 896 66 29 co.

444 945 269 56 (26-19755)

371 1046 358 72 Ostrander,
771 1045 207 58 Isabel
1016 1045 302 72 Egenton,
1363 1044 356 57 1883-1924.

450 1138 127 56 The
613 1135 435 61 mathematics
1085 1136 68 56 of
1190 1134 177 73 guilt,
1401 1134 83 71 by
1519 1133 207 57 Isabel
1764 1130 366 60 Ostrander.
2212 1130 152 58 New

369 1215 189 71 York,
586 1215 71 56 R.
688 1214 82 56 M.
802 1213 293 57 McBride
1125 1211 48 59 &
1200 1230 323 52 company,
1552 1211 163 56 1926.

441 1292 81 45 298
549 1306 41 39 p.
678 1293 24 44 19½
737 1294 47 18 cm
789 1326 10 9 .

371 1349 52 53 ©
452 1349 119 52 Sept.
594 1349 68 52 24,
691 1349 103 43 1926;
848 1349 65 43 2c.
939 1348 118 43 Nov.
1089 1349 17 41 1;
1164 1347 77 43 aff.
1270 1347 118 43 Nov.
1415 1347 25 42 4;
1494 1345 43 42 A
1563 1344 162 45 950783;
1783 1344 170 44 Robert
1982 1344 64 42 M.
2077 1342 219 43 McBride
2324 1342 38 43 &

439 1423 65 28 co.
572 1405 270 55 (26-19676)

373 1505 254 71 Parker,
658 1505 109 59 Sir
795 1503 240 60 Gilbert
1064 1504 36 57 i.
1135 1523 46 38 e.
1214 1502 265 58 Horatio
1509 1500 258 60 Gilbert.

450 1598 200 56 There
685 1596 53 58 is
775 1597 102 56 the
912 1599 176 53 man!
1175 1595 243 73 [chaps.]
1457 1595 126 55 1-9.

447 1675 80 50 (In
558 1676 184 49 Argosy
775 1675 256 50 magazine,
1069 1676 116 49 Dec.,
1224 1673 127 50 1926)

375 1725 1989 57 © 1c. Nov. 10, 1926; A ad int. 8705; pubd. Nov. 5; Sir G. Parker, London.
378 1844 226 71 Peffer,
642 1844 354 59 Nathaniel.

450 1937 150 58 New
642 1937 241 59 schools
924 1939 103 56 for
1071 1937 175 61 older
1288 1938 305 71 students,
1632 1938 82 71 by
1756 1933 340 60 Nathaniel
2135 1933 230 58 Peffer.

374 2015 151 59 New
552 2014 189 74 York,
773 2015 130 59 The
932 2013 359 60 Macmillan
1318 2032 322 54 company,
1672 2015 165 55 1926.

445 2090 1723 54 4 p. l., 250 p. 20½c m . (Half-title: Studies in adult education)
376 2144 54 54 ©
458 2148 99 43 Oct.
588 2148 62 51 13,
680 2147 129 52 1926;
836 2148 63 42 2c.
926 2148 87 42 and
1039 2148 78 42 aff.
1147 2148 100 43 Oct.
1278 2147 73 51 14;
1380 2147 43 42 A
1451 2145 188 53 949509;
1671 2146 266 43 Macmillan
1962 2162 64 27 co.

457 2204 269 53 (26-19482)

383 2302 174 58 Penn
586 2304 244 57 mutual
858 2303 115 59 life
1006 2304 329 58 insurance
1371 2319 319 58 company,
1727 2302 458 75 Philadelphia.

455 2394 130 59 The
651 2395 474 73 Independence
1193 2416 227 54 square
1485 2396 470 74 neighborhood;
2049 2394 326 60 historical

379 2479 176 54 notes
600 2493 78 39 on
720 2475 471 72 Independence
1237 2479 124 56 and
1400 2476 419 72 Washington
1863 2493 279 54 squares,
2186 2475 189 57 lower

382 2551 303 62 Chestnut
718 2556 213 70 street,
966 2556 122 57 and
1120 2555 104 58 the
1256 2552 333 61 insurance
1623 2554 249 59 district
1904 2554 186 73 along
2118 2553 258 58 Walnut

382 2632 211 70 street,
620 2630 65 58 in
714 2629 456 75 Philadelphia,
1198 2632 287 74 together
1512 2629 150 60 with
1693 2649 166 41 some
1892 2636 258 54 account
2178 2633 67 56 of
2274 2632 102 58 the

380 2708 332 75 buildings,
763 2713 233 69 events,
1046 2711 124 58 and
1215 2727 384 56 personages
1648 2710 67 57 of
1765 2710 177 59 State
1990 2711 193 57 house
2231 2728 146 54 row,

381 2786 358 61 illustrated
784 2786 153 59 with
982 2787 452 73 photographs,
1483 2786 298 72 sketches,
1830 2789 124 58 and
2003 2788 102 59 old
2151 2785 225 75 prints.

382 2863 456 75 Philadelphia,
879 2864 130 61 The
1046 2866 176 57 Penn
1257 2868 241 56 mutual
1532 2863 114 62 life
1683 2867 333 58 insurance
2057 2884 321 56 company,

384 2945 164 56 1926.

453 3019 1566 54 2 p. l., 3-155 p. front., illus. (incl. maps, facsims.) 23 ½ cm .
456 3076 138 48 “This
636 3085 130 43 story
802 3080 52 43 of
892 3079 78 44 the
1008 3077 337 52 Independence
1386 3092 164 37 square
1585 3076 346 53 neighborhood
1968 3094 94 30 was
2102 3078 183 46 written
2322 3080 58 51 by

388 3134 179 45 Carroll
595 3134 159 50 Frey.”

386 3186 56 53 ©
481 3187 119 52 Sept.
639 3186 62 53 15,
740 3188 127 51 1926;
903 3188 64 42 2c.
1006 3188 100 43 Oct.
1140 3188 79 51 22;
1257 3187 77 43 aff.
1372 3187 101 45 Oct.
1507 3187 80 52 21;
1625 3188 43 42 A
1704 3187 190 53 949851;
1934 3189 126 43 Penn
2095 3189 171 44 mutual
2301 3189 79 45 life

459 3245 233 43 insurance
730 3260 66 29 co.
864 3244 269 54 (26-19488)

393 3343 334 74 Pérochon,
773 3345 242 69 Ernest,
1062 3347 189 57 1885-

394 3432 1971 151 … Nêne, par Ernest Pérochon; edited with introduction,
601 3514 199 67 notes,
859 3510 487 73 questionnaire,
1407 3513 122 57 and
1588 3514 382 72 vocabulary
2025 3515 84 72 by
2166 3514 222 60 Albert

398 3589 1993 77 Schinz … Boston, New York [etc.] Ginn and company
397 3696 13 43 [
411 3675 21 21 c
434 3667 163 72 1926]

464 3744 1926 66 xlii, [2],. 240 p. front. (port.) illus. (facsim.) 19 cm . (Contemporary
398 3800 174 45 France
604 3801 44 44 in
678 3800 247 54 literature,
954 3802 44 43 A
1028 3802 190 52 Morize,
1246 3803 182 52 general
1459 3802 170 55 editor)

396 3856 52 53 ©
486 3857 119 53 Sept.
645 3857 60 53 15,
745 3859 129 51 1926;
909 3859 63 43 2c.
1010 3859 117 43 Nov.
1167 3860 45 51 1;
1248 3859 78 43 aff.
1364 3860 100 43 Oct.
1498 3861 77 51 29;
1614 3860 42 42 A
1691 3861 189 51 949899;
1921 3860 117 45 Ginn
2072 3862 87 43 and
2190 3876 66 29 co.
2320 3859 66 55 [©

466 3915 316 52 introduction,
821 3924 142 43 notes,
1003 3915 334 53 questionnaire
1377 3917 86 43 and
1503 3918 286 50 vocabulary]
1861 3918 270 50 (26-19457)
