2542 4285
1272 3989 115 56 470

353 346 212 70 Raine,
603 347 281 59 William
917 348 329 74 MacLeod,
1287 353 187 57 1871-

426 437 326 71 Bonanza;
795 458 36 36 a
874 442 177 68 story
1091 441 67 55 of
1199 440 104 57 the
1343 442 145 70 gold
1530 441 165 73 trail,
1736 443 84 72 by
1858 444 279 58 William
350 447 1967 125 MacLeod

566 515 216 58 Raine.
867 515 250 59 Garden
1167 517 160 72 City,
1376 517 73 58 N.
1500 518 93 71 Y.,
1641 519 384 73 Doubleday,
2073 522 171 72 Page
2294 522 48 58 &

350 611 321 52 company,
705 594 165 55 1926.

420 669 655 53 ix p., 1 l., 370 p. 19½ cm .
346 724 54 53 ©
429 727 111 50 Apr.
570 728 38 49 9,
641 727 127 52 1926;
799 728 65 43 2c.
894 729 86 42 and
1010 728 78 42 aff.
1118 727 111 53 Apr.
1259 729 78 51 29;
1369 729 43 41 A
1443 726 187 55 890551;
1661 731 75 43 W.
1767 731 65 43 M.
1864 730 154 54 Raine,
2049 733 118 44 New
2195 733 141 44 York.

424 781 240 55 (26-9672)

348 879 297 73 Rexford,
684 881 216 57 Frank
934 880 257 72 Adison,
1232 885 188 56 1876-

429 974 129 58 The
590 972 425 60 Constitution
1046 977 67 56 of
1143 994 112 39 our
1288 978 280 69 country,
1597 978 82 70 by
1707 977 215 57 Prank
1949 978 75 56 A.
2056 979 284 59 Rexford

419 1050 1917 78 … and Clara L. Carson … New York, Cincinnati [etc.]
350 1127 1084 74 American book company [ c 1926]
488 1240 9 16 xx,
528 1205 78 45 186
629 1221 41 36 p.
698 1204 104 45 incl.
835 1206 156 50 front.,
1021 1205 119 45 illus.
1203 1205 49 44 17½
1288 1208 46 17 cm
1340 1243 9 9 .

418 1261 354 52 Bibliography:
799 1275 42 38 p.
868 1278 45 29 x.

340 1314 56 53 ©
427 1317 111 50 Apr.
570 1317 65 49 21,
673 1316 129 52 1926;
835 1316 65 44 2c.
934 1316 86 43 and
1052 1317 78 42 aff.
1165 1317 111 51 Apr.
1310 1316 78 53 28;
1425 1316 44 43 A
1503 1315 187 54 890508;
1726 1319 155 43 Amer,
1917 1319 119 43 book
2070 1335 65 28 co.

421 1371 241 55 (26-9776)

346 1468 231 74 Riegel,
616 1469 234 58 Robert
887 1469 231 74 Edgar.

426 1565 129 56 The
593 1566 177 69 story
807 1565 67 57 of
910 1565 104 56 the
1050 1569 269 53 western
1357 1562 331 74 railroads,
1725 1567 84 70 by
1845 1567 236 57 Robert
2120 1566 219 73 Edgar

347 1640 1884 74 Riegel … New York, The Macmillan company, 1926.
479 1716 555 54 xv p., 1 l., 345 p. 21 cm .
416 1774 352 53 Bibliography:
794 1788 43 38 p.
865 1774 204 46 321-337.

338 1826 55 54 ©
418 1830 113 51 Apr.
555 1827 67 53 27,
653 1829 103 43 1926;
806 1830 66 42 2c.
898 1830 88 42 and
1011 1829 79 45 aff.
1115 1830 112 51 Apr.
1252 1828 54 44 28;
1361 1829 44 43 A
1432 1828 164 45 890533;
1653 1830 264 44 Macmillan
1942 1846 65 29 co.

419 1885 241 54 (26-9772)

341 1982 196 74 Riley,
577 1982 282 59 William
896 1982 152 59 Bell.

420 2075 130 56 The
589 2073 178 58 Bible
809 2074 66 57 of
918 2075 103 56 the
1064 2074 321 71 expositor
1428 2076 123 56 and
1593 2076 103 55 the
1740 2075 364 73 evangelist.
2186 2077 150 56 New

342 2153 360 56 Testament.
796 2171 56 37 v.
890 2153 50 54 2.
980 2152 302 56 Matthew
1318 2153 122 56 and
1477 2153 105 55 the
1622 2153 336 71 synoptics,
2036 2153 302 57 Matthew

341 2228 1995 74 8 to 14. By W. B. Riley … Cleveland, O., Union gospel
337 2324 181 53 press
553 2308 181 71 [1926]

403 2381 83 45 275
517 2397 38 38 p.
615 2382 53 44 20
676 2385 46 18 cm
729 2417 8 8 .

333 2436 57 54 ©
421 2440 112 51 Apr.
563 2441 39 49 8,
637 2439 129 52 1926;
799 2439 64 44 2c.
896 2439 87 42 and
1013 2439 78 42 aff.
1124 2439 112 51 Apr.
1272 2438 72 51 16;
1380 2440 43 41 A
1455 2436 188 54 890365;
1678 2438 155 44 Union
1865 2438 157 53 gospel
2054 2453 137 38 press.

342 2522 223 73 Roper,
605 2524 170 57 John
811 2521 278 59 Caswell.

418 2614 320 72 Religious
771 2617 246 68 aspects
1049 2615 67 56 of
1144 2614 349 71 education,
1520 2614 84 72 by
1630 2614 167 58 John
1830 2614 263 58 Caswell
2119 2616 211 70 Roper

407 2691 1473 74 … Nashville, Tenn., Cokesbury press, 1926.
409 2769 658 56 5 p. l., 196 p., 1 l. 19½ cm .
407 2827 350 53 Bibliography:
791 2830 17 40 1
838 2843 40 36 p.
905 2835 46 36 at
978 2827 98 44 end.

332 2880 55 54 ©
422 2883 118 42 Mar.
576 2883 60 49 16,
674 2882 127 52 1926;
834 2883 65 42 2c.
933 2883 87 42 and
1050 2882 78 43 aff.
1161 2882 111 51 Apr.
1306 2882 49 51 6;
1389 2883 43 41 A
1464 2881 165 45 890367;
1690 2882 166 43 Lamar
1887 2883 38 43 &
1958 2883 184 50 Barton,
402 2882 1906 100 Nashville.
589 2937 242 56 (26-9616)

339 3023 191 69 Scott,
569 3022 218 73 Leroy,
828 3024 189 58 1875-

418 3114 128 57 The
571 3114 150 57 trail
744 3114 67 57 of
834 3114 198 72 glory,
1057 3114 82 71 by
1161 3113 206 72 Leroy
1393 3114 175 58 Scott;
1623 3114 150 57 with
1798 3134 80 38 an
1900 3114 427 58 introduction

338 3192 83 71 by
442 3191 279 58 William
746 3193 68 55 T.
843 3192 240 73 Tilden,
1112 3193 92 56 2d.
1268 3191 240 58 Boston
1535 3193 121 57 and
1680 3191 153 58 New
1855 3191 192 73 York,
336 3191 1965 136 Houghton

473 3269 214 57 Mifflin
715 3288 322 54 company,
1068 3270 164 56 1926.

407 3347 82 45 xiv
512 3362 52 38 p.,
594 3350 17 40 1
676 3382 9 17 l.,
708 3347 81 44 206
813 3363 41 37 p.
912 3350 49 42 19½
996 3351 46 18 cm
1049 3384 8 9 .

332 3401 53 53 ©
416 3404 111 50 Apr.
559 3403 65 50 30,
657 3403 130 51 1926;
819 3403 64 43 2c.
917 3404 113 51 May
1061 3404 49 51 3;
1143 3403 78 43 aff.
1253 3403 112 51 May
1399 3404 46 50 1;
1479 3404 43 41 A
1552 3401 188 53 891245;
1775 3402 49 43 L.
1859 3400 140 53 Scott,
2033 3402 117 43 New
2182 3402 143 42 York.

411 3457 241 56 (26-9753)

338 3541 288 74 Shapley,
667 3541 274 73 Harlow,
982 3544 187 57 1885-
1327 3543 90 57 ed.

412 3633 201 58 Radio
656 3634 163 58 talks
860 3634 169 56 from
1070 3635 103 56 the
1216 3634 301 57 Harvard
1561 3634 440 71 observatory;
2045 3634 105 56 the
335 3632 1964 137 universe
543 3713 67 56 of
637 3715 166 54 stars

834 3711 1418 73 [by] Harlow Shapley, William J. Luvten …
339 3791 139 69 [and
521 3790 227 71 others]
799 3789 206 58 edited
1047 3791 82 70 by
1172 3789 261 57 Harlow
1477 3788 275 73 Shapley
1797 3789 123 58 and
1966 3786 230 61 Cecilia
2239 3788 80 56 H.

335 3866 231 73 Payne.
652 3866 390 74 Cambridge,
1070 3867 212 73 Mass.,
1311 3867 130 57 The
1468 3865 444 74 Observatory,
1939 3867 166 56 1926.
