2542 4285
0 0 0 0 434
349 330 239 72 Bissell,
630 332 295 56 Ervanna
963 332 246 57 Bowen.

425 420 308 70 Glimpses
767 420 68 56 of
867 420 195 57 Santa
1093 421 288 56 Barbara
1414 422 123 56 and
1566 420 336 60 Montecito
1937 422 287 70 gardens,
2254 421 84 70 by

348 498 298 56 Ervanna
696 497 228 57 Bowen
973 497 245 57 Bissell.
1325 498 215 71 [Santa
1590 499 305 69 Barbara,
1951 497 204 72 Calif.,
2208 498 130 57 The

349 575 276 58 Schauer
652 573 286 74 printing
972 575 224 71 studio,
1229 575 136 71 inc.,
1399 585 19 21 c
1419 576 164 72 1926]

420 663 1088 55 6 p. l. , 62 numb. l., 2 l. incl. plates. 27 cm .
420 735 188 44 Printed
635 750 57 29 on
718 750 83 28 one
826 735 95 43 side
946 735 50 43 of
1021 735 93 43 leaf
1142 750 57 29 on
1227 734 205 54 opposite
1458 750 152 38 pages.

344 802 56 54 ©
428 806 117 42 Mar.
576 805 65 51 30,
675 805 128 52 1926;
836 805 63 43 2c.
930 806 88 42 and
1045 806 78 42 aff.
1154 805 111 53 Apr.
1296 805 49 52 6;
1377 805 44 42 A
1449 806 189 52 883899;
1669 805 53 47 E.
1756 806 50 42 B.
1839 805 174 51 Bissell,
2049 803 142 49 Santa
430 805 1886 108 Barbara,

585 860 132 45 Calif.
787 860 242 55 (26-9247)

352 958 548 70 Blank-Eismann,
940 958 219 58 Marie.

429 1050 161 59 Zwei
631 1072 185 38 rosen
858 1071 79 38 an
980 1051 198 59 einem
1222 1051 188 70 stock,
1454 1070 216 39 roman
1710 1071 123 37 von
1871 1051 202 58 Marie
2114 1051 226 57 Blank-

355 1129 1985 73 Eismann. Dresden-A[ldstadt] Neuer buchverlag [ c 1925]
421 1220 84 45 270
532 1235 41 36 p.
637 1222 49 43 18½cm.

349 1285 1991 55 © Dec. 31, 1925; 1c. Mar. 9, 1926; A—Foreign 30554; Neuer buchverlag.
443 1343 240 55 (26-9651)

353 1443 291 70 Bouasse,
681 1440 200 58 Henri
912 1440 213 58 Pierre
1158 1440 292 72 Maxime,
1487 1443 188 56 1866-

428 1529 335 84 Émission,
795 1541 254 56 chaleur
1080 1540 244 58 solaire.
1395 1528 349 84 Éclairage,
1765 1540 237 59 théorie
2023 1541 74 57 de
357 1540 1961 148 l’émission,

536 1617 1526 74 par H. Bouasse … Paris, Delagrave, 1925.
429 1708 124 52 xxiv,
600 1708 81 46 437
726 1723 54 37 p.,
831 1711 17 42 1
914 1742 8 8 l.
983 1707 134 53 illus.,
1161 1709 166 52 diagrs.
1387 1706 52 45 25
1448 1711 47 18 cm
1501 1744 9 8 .
1578 1707 343 53 (Bibliothèque
1967 1707 279 52 scientifique
2291 1710 55 43 de

358 1778 268 52 l’ingénieur
652 1787 43 36 et
719 1778 60 43 du
803 1777 256 52 physicien)

349 1843 1910 55 © Jan. 15, 1926; 1c. Mar. 22; A— Foreign 30443; Librairie Delagrave.
431 1902 269 54 (26-10233)

358 1998 426 73 Braithwaite,
818 1999 280 59 William
1132 2000 262 73 Stanley
1424 2000 361 68 Beaumont,
1823 2001 187 57 1878-

431 2091 169 58 John
636 2089 212 73 Myers
890 2090 260 58 O’Hara
1186 2091 123 56 and
1342 2091 104 56 the
1484 2090 264 58 Grecian
1783 2089 316 73 influence,
2133 2091 83 71 by
2250 2090 97 58 W.

358 2169 61 58 S.
453 2169 71 56 B.
605 2168 325 71 Portland,
964 2168 140 71 Me.,
1141 2168 206 58 Smith
1379 2169 124 57 and
1539 2168 142 58 Sale
1720 2169 201 71 [c1926]

426 2244 769 55 5 p. l., 3-15 numb. l ., 1 l. 18½cm.
428 2304 70 42 “A
528 2302 169 53 reprint
724 2302 52 44 of
803 2318 57 27 an
888 2302 158 45 article
1071 2302 148 44 which
1248 2302 221 53 appeared
1499 2303 44 42 in
1571 2302 74 44 the
1675 2303 172 43 Boston
1875 2301 190 53 evening
2093 2302 259 53 transcript,

357 2361 200 43 October
592 2362 65 49 23,
699 2359 146 45 1918.”

355 2415 53 54 ©
436 2417 105 44 Feb.
572 2417 62 52 10,
668 2417 129 52 1926;
826 2417 65 43 2c.
920 2417 87 43 and
1036 2417 77 42 aff.
1143 2415 105 45 Feb.
1282 2414 74 54 15;
1388 2416 44 42 A
1458 2416 188 53 883292;
1681 2416 147 46 Smith
1857 2417 38 43 &
1926 2414 116 49 Sale.

448 2472 241 56 (26-9345)

359 2572 228 71 Broun,
629 2572 321 73 Heywood
989 2570 336 75 Campbell,
1368 2574 190 56 1888-

437 2662 239 59 Gandle
720 2664 243 57 follows
1009 2664 98 57 his
1153 2682 168 53 nose,
1367 2664 84 71 by
1495 2662 320 72 Heywood
1857 2663 234 57 Broun.
2199 2662 146 57 New

357 2740 188 74 York,
573 2740 162 58 Boni
762 2742 48 56 &
836 2741 345 73 Liveright,
1214 2742 165 56 1926.

430 2820 74 44 191
537 2835 39 38 p.
640 2821 49 43 19
696 2822 46 18 cm
748 2858 9 8 .

429 2876 124 45 First
578 2877 85 43 and
689 2877 163 43 second
877 2876 237 54 printings,
1142 2876 175 51 March,
1347 2876 116 45 1926.

356 2930 53 54 ©
445 2933 118 42 Mar.
602 2930 60 53 15,
701 2932 129 52 1926;
863 2932 64 43 2c.
962 2933 113 51 Apr.
1114 2931 73 54 15;
1223 2933 80 44 aff.
1337 2933 112 51 Apr.
1485 2932 49 52 7;
1572 2932 44 42 A
1650 2931 190 52 891036;
1879 2931 114 43 Boni
2027 2932 39 43 &
2100 2926 251 57 Liveright,

441 2987 83 45 inc.
591 2988 242 54 (26-9261)

362 3086 223 72 Burch,
626 3086 224 59 Edwin
885 3086 231 69 Welch,
1160 3089 190 56 1869-

438 3175 59 57 A
519 3176 209 57 Burch
751 3177 175 73 book,
954 3177 383 72 comprising
1363 3197 36 36 a
1423 3178 253 71 general
1705 3179 188 68 study
1918 3177 67 57 of
2011 3176 104 57 the
2139 3175 211 56 Burch

364 3257 291 70 ancestry
678 3255 65 56 in
767 3255 309 73 America,
1107 3256 123 56 and
1255 3275 36 37 a
1320 3254 245 72 specific
1591 3256 220 56 record
1838 3255 67 58 of
1929 3255 104 57 the
365 3254 1961 135 descendants

539 3332 65 57 of
634 3333 322 57 Jonathan
984 3333 241 57 Burtch
1254 3333 67 58 of
1350 3333 103 57 the
1486 3332 166 58 sixth
1682 3332 383 73 generation,
2099 3332 124 57 and
2251 3332 98 56 his

363 3412 160 69 good
553 3409 146 58 wife
735 3410 175 73 Sally
942 3410 307 73 Hosford,
1282 3415 63 53 to
1378 3410 200 57 which
1608 3411 113 58 has
1754 3413 154 56 been
1943 3411 202 57 added
2179 3429 36 38 a
362 3410 1962 149 department

718 3489 68 57 of
822 3489 179 57 other
1036 3488 211 57 Burch
1282 3489 293 57 families.
1657 3489 338 71 Arranged
2031 3488 126 57 and
364 3505 1963 132 compiled

580 3564 1770 73 by Edwin Welch Burch … Council Bluffs, Ia.,
363 3643 300 58 Monarch
695 3644 285 73 printing
1012 3663 305 53 company
1352 3674 12 43 [
1366 3652 20 22 c
1388 3645 164 71 1925]

438 3721 1906 55 5 p. l. , [13]-285 p. front. (col. coat of arms) illus. (1 col., incl. ports.)
368 3780 94 44 fold.
505 3779 167 53 geneal.
703 3780 85 43 tab.
849 3781 51 42 23½cm.

361 3833 53 54 ©
446 3835 109 52 Apr.
592 3833 61 54 15,
688 3834 128 53 1926;
848 3835 64 43 2c.
944 3835 86 43 and
1060 3835 77 43 aff.
1172 3834 111 52 Apr.
1315 3834 77 52 20;
1426 3834 44 42 A
1503 3832 186 54 891095;
1727 3833 51 47 E.
1811 3835 75 43 W.
1924 3833 164 56 Burch,
2121 3831 234 46 Rockwell

433 3890 117 54 City,
613 3906 36 28 Ia.
719 3889 241 56 (26-9253)
