2542 4285
1333 3992 147 56 1022

469 472 448 55 313 p., 1 l. 19 cm .
400 535 1682 60 © Apr. 26, 1926; 1c. July 7; A—Foreign 31504; K. F. Koehler.
482 599 268 56 (26-16094)

406 700 202 57 Grade
656 698 253 58 classics
959 697 106 56 for
1113 695 283 59 Catholic
1444 695 258 72 schools,
1752 695 318 58 foreword
2113 696 84 70 by
2240 695 152 56 Rev.

481 771 1913 77 Henry M. Hald … Grades 1A to 2B. New York,
485 854 334 72 Schwartz,
855 853 251 56 Kirwin
1140 852 48 56 &
1222 853 203 55 Fauss
1466 881 13 43 [
1479 861 20 20 c
1503 853 163 70 1926]

474 947 59 50 ix,
567 945 77 43 133
675 959 39 39 p.
778 944 50 42 19
835 946 47 17 cm
888 978 9 8 .

478 1015 122 44 “The
626 1015 170 52 editing
822 1014 51 43 of
896 1014 76 43 the
998 1014 237 42 selections
1261 1014 81 42 has
1367 1013 113 43 been
1506 1014 114 42 done
1647 1013 58 52 by
1729 1027 168 39 groups
1926 1012 50 45 of
2004 1013 213 53 religious
405 1012 1971 106 teachers

503 1074 51 43 of
582 1073 215 43 different
825 1071 315 43 communities
1172 1072 44 42 in
1244 1071 74 43 the
1350 1070 153 44 school
1535 1077 169 46 system
1732 1071 50 43 of
1810 1071 76 43 the
1919 1070 194 44 Diocese
2140 1071 51 43 of
404 1070 1974 114 Brooklyn.”—Foreword.

407 1201 53 53 ©
488 1203 118 52 Aug.
639 1203 63 51 19,
735 1201 129 53 1926;
894 1202 63 42 2c.
988 1201 101 44 Oct.
1123 1202 73 50 19;
1227 1201 79 44 aff.
1338 1200 100 44 Oct.
1467 1200 80 52 20;
1579 1201 44 41 A
1652 1198 189 54 950531;
1875 1198 246 54 Schwartz,
2152 1199 179 45 Kirwin
2361 1201 38 43 &

477 1259 157 44 Fauss.

403 1359 289 69 Graham,
738 1359 293 73 Stephen,
1075 1361 189 56 1884-

479 1450 128 60 The
636 1451 206 74 gentle
874 1455 102 55 art
1002 1453 68 57 of
1096 1451 339 73 tramping,
1466 1453 82 71 by
1580 1451 277 71 Stephen
1886 1452 293 59 Graham.
2250 1453 150 57 New

400 1530 190 74 York,
617 1530 75 57 D.
719 1530 323 72 Appleton
1070 1532 124 57 and
1220 1548 322 54 company,
1572 1530 166 57 1926.

542 1617 910 55 v. [1] p., 1 l., 270, [1] p. illus. 21½ cm .
408 1674 53 52 ©
496 1675 119 51 Sept.
652 1675 62 50 10,
751 1673 129 51 1926;
915 1674 63 41 2c.
1012 1674 87 41 and
1133 1674 77 41 aff.
1249 1672 120 52 Sept.
1409 1672 74 52 15;
1520 1674 44 40 A
1597 1672 188 53 950007;
1822 1675 57 42 D.
1912 1675 231 53 Appleton
2176 1677 37 42 &
2247 1690 65 29 co.

486 1731 269 55 (26-16042)

406 1832 184 72 Gray,
636 1829 375 70 Alexander,
1058 1832 191 56 1882-

481 1921 337 58 Electrical
846 1920 283 58 machine
1160 1919 250 74 design;
1442 1919 104 59 the
1576 1921 221 73 design
1828 1923 125 58 and
1983 1922 423 73 specification

406 2000 67 58 of
509 2000 197 58 direct
740 2000 124 57 and
899 1999 386 72 alternating
1319 2002 253 54 current
1605 1999 379 75 machinery,
2020 2004 83 70 by
406 2002 1975 135 Alexander

561 2076 1845 73 Gray … Rev. by P. M. Lincoln … 2d ed. New
406 2157 172 58 York
608 2160 146 69 [etc.]
790 2154 454 62 McGraw-Hill
1270 2155 160 57 book
1458 2174 324 54 company,
1811 2156 137 72 inc.,
1980 2158 167 57 1926.

512 2235 55 52 xiv,
597 2232 79 46 523
706 2249 39 38 p.
806 2232 131 55 illus.,
966 2232 167 54 diagrs.
1194 2233 52 43 23½
1283 2235 46 17 cm
1336 2268 8 9 .
1483 2232 124 54 $5.00

409 2292 53 53 ©
493 2292 119 53 Sept.
643 2292 63 51 10,
736 2290 129 52 1926;
894 2291 64 42 2c.
991 2289 119 53 Sept.
1141 2290 75 52 14;
1245 2291 78 42 aff.
1356 2289 121 53 Sept.
1511 2290 73 53 16;
1615 2292 43 41 A
1687 2291 189 53 949064;
1910 2291 349 46 McGraw-Hill
2284 2294 120 43 book

478 2365 79 37 co.,
597 2350 81 42 inc.
748 2345 270 58 (26-15933)

407 2450 254 73 Gregor,
709 2448 213 57 Elmer
965 2447 263 69 Russell,
1276 2450 148 57 1878–

485 2537 1850 75 Mason and his rangers, by Elmer Russell Gregor …
408 2617 151 57 New
594 2616 192 71 York,
825 2614 281 71 London,
1146 2615 75 56 D.
1263 2615 323 72 Appleton
1628 2617 123 57 and
1791 2635 324 56 company,
2160 2619 148 58 1926.

478 2691 841 54 3 p. l., 244, [1] p. front. 19½cm.
411 2748 53 53 ©
495 2749 120 53 Sept.
649 2746 61 53 17,
744 2748 129 52 1926;
905 2749 63 42 2c.
999 2750 87 42 and
1113 2749 80 43 aff.
1228 2748 120 54 Sept.
1378 2749 79 52 21;
1490 2751 44 41 A
1561 2750 190 54 949100;
1784 2752 57 43 D.
1872 2751 231 55 Appleton
2131 2754 39 44 &
2197 2769 65 29 co.

489 2805 269 56 (26-16152)

408 2904 329 71 Hanscom,
782 2905 330 58 Elizabeth
1150 2906 291 74 Deering,
1487 2910 147 57 1865–

487 2995 237 72 Sophia
760 2995 205 59 Smith
1000 2998 123 56 and
1156 2997 104 61 the
1293 2998 370 74 beginnings
1701 2999 68 58 of
1805 3000 205 59 Smith
2043 3003 250 75 college,
2326 3005 84 72 by

409 3074 328 58 Elizabeth
777 3073 278 74 Deering
1091 3075 319 58 Hanscom
1450 3078 124 56 and
1610 3077 202 59 Helen
1849 3079 247 59 French
2135 3081 270 73 Greene;

408 3153 1930 71 based upon the narrative of John Morton Greene …
407 3231 485 71 Northampton,
925 3232 211 71 Mass.,
1176 3231 205 59 Smith
1413 3233 249 73 college,
1696 3235 165 57 1926.

479 3307 1926 62 2 p. l., iii-x, 120 p., 1 l. front. pl., ports., facsims. 24 cm . (Half-title:
412 3366 147 45 Smith
590 3367 171 52 college
790 3365 169 45 fiftieth
992 3366 299 54 anniversary
1320 3366 314 53 publications,
1710 3384 40 29 [v.
1782 3369 69 52 2])

412 3422 53 54 ©
501 3424 121 52 Sept.
659 3425 35 51 1,
732 3423 130 53 1926;
899 3424 63 42 2c.
997 3423 87 43 and
1118 3424 77 43 aff.
1235 3424 118 52 Sept.
1395 3424 72 53 10;
1505 3425 44 43 A
1584 3426 190 53 901899;
1813 3426 151 45 Helen
2000 3428 177 44 French
2216 3428 187 54 Greene,

484 3482 231 51 Portland,
755 3482 91 43 Me.
916 3479 271 56 (26-15917)

413 3580 300 73 Harper’s
744 3582 356 72 anthology.
1176 3613 70 43 [v.
1282 3584 50 72 1]
1367 3583 253 72 Poetry.
1690 3584 234 59 Edited
1952 3588 82 71 by
2066 3587 341 58 Frederick

487 3659 1918 72 A. Manchester, William F. Giese … New York and
487 3736 277 73 London,
802 3737 259 71 Harper
1095 3738 47 56 &
1176 3739 309 72 brothers,
1524 3742 165 56 1926.

484 3814 17 42 1
537 3828 46 30 v.
641 3813 50 44 19
698 3815 47 18 cm
751 3848 8 9 .

409 3869 58 53 ©
496 3869 118 53 Sept.
642 3871 39 51 3,
712 3871 128 52 1926;
868 3871 63 44 2c.
964 3871 121 54 Sept.
1111 3872 50 52 2;
1189 3873 79 44 aff.
1299 3873 122 52 Sept.
1447 3874 50 52 8;
1526 3874 44 43 A
1596 3875 189 53 901839;
1816 3876 185 53 Harper
2029 3878 37 43 &
2092 3877 118 45 bros.

492 3927 269 56 (26-16089)
