2609 4293
1049 3978 107 55 135

211 433 1855 58 “All of these messages were received through the instrumentality of …
140 489 164 44 Ernest
330 489 512 46 Haberstroh.”—Pref.

143 543 52 53 ©
230 546 97 50 Jan.
366 546 65 50 30,
472 546 127 50 1926;
636 546 63 43 2c.
739 545 105 44 Feb.
887 547 72 50 13;
998 547 78 42 aff.
1117 546 106 44 Feb.
1264 546 73 53 15;
1375 548 43 42 A
1458 548 186 53 883281;
1688 548 294 53 Christopher
2021 551 98 51 pub.

210 600 150 44 house.
431 601 239 54 (26-4284)

141 683 244 73 Heisey,
427 685 158 56 Paul
624 683 257 59 Harold.

216 773 127 57 The
396 773 318 57 Lutheran
766 775 236 71 graded
1056 774 193 60 series
1303 775 68 58 of
1423 775 259 73 Sunday
1734 778 208 57 school
137 797 1954 124 materials;
419 870 78 39 an
527 850 342 74 historical,
901 852 257 74 critical,
1193 854 122 57 and
1348 854 417 59 constructive
1801 855 204 73 study,
2035 856 81 73 by

136 928 1981 76 Paul Harold Heisey … Springfield, O., The Department
137 1006 66 57 of
241 1005 296 73 religious
580 1007 342 72 education,
961 1007 395 73 Wittenberg
1395 1009 249 74 college,
1685 1008 165 59 1926.

202 1086 501 52 4 p. l., 226 p. 24 cm .
201 1140 348 53 Bibliography:
575 1156 38 37 p.
640 1139 205 47 225-226.

134 1195 52 53 ©
216 1196 103 44 Feb.
349 1197 36 47 8,
421 1197 127 50 1926;
579 1197 63 42 2c.
674 1198 86 42 and
790 1198 77 42 aff.
897 1196 104 44 Feb.
1034 1197 73 51 11;
1143 1197 43 42 A
1213 1196 189 53 879550;
1438 1199 49 42 P.
1521 1199 60 43 H.
1613 1199 184 53 Heisey,
1832 1198 282 55 Springfield,

204 1253 54 43 O.
327 1253 241 53 (26-4291)

132 1336 269 72 Holmes,
441 1335 251 60 Samuel
732 1336 291 70 Jackson,
1065 1340 186 55 1868-

204 1426 142 59 Life
378 1427 121 58 and
533 1426 342 71 evolution;
909 1445 79 40 an
1017 1426 423 59 introduction
1469 1432 64 54 to
1564 1428 256 73 general
1850 1428 265 76 biology,

127 1504 1966 150 by S. J. Holmes … New York, Harcourt, Brace and company [ c 1926]
196 1675 38 35 v,
264 1662 80 42 449
372 1675 39 37 p.
472 1659 114 44 illus.
614 1660 95 52 (incl.
770 1667 153 44 ports.,
951 1660 151 52 maps)
1138 1659 167 53 diagrs.
1365 1661 53 42 22
1425 1662 47 18 cm
1477 1694 9 9 .

198 1715 328 46 “References”
557 1723 45 37 at
634 1718 83 42 end
745 1715 52 45 of
830 1716 110 43 each
970 1716 197 52 chapter.

124 1772 57 53 ©
212 1775 97 51 Jan.
341 1773 66 51 26,
443 1773 127 49 1926;
603 1774 65 42 2c.
701 1774 85 42 and
819 1773 77 43 aff.
931 1772 106 44 Feb.
1069 1774 49 51 9;
1155 1774 45 42 A
1232 1771 187 54 879525;
1454 1774 246 52 Harcourt,
1738 1776 142 42 Brace
1915 1777 85 42 and
2035 1790 76 38 co.,

196 1830 82 43 inc.
347 1829 240 54 (26-3982)

126 1912 243 74 Horler,
410 1914 268 72 Sydney,
716 1916 188 57 1888-

203 2004 127 58 The
377 2005 184 57 order
609 2004 69 56 of
722 2004 103 58 the
873 2007 275 70 octopus,
1197 2004 81 73 by
1327 2004 255 74 Sydney
1625 2004 249 60 Horler.
1964 2006 148 59 New

123 2083 189 72 York,
347 2082 241 72 George
619 2082 79 56 H.
732 2082 215 57 Doran
981 2100 303 54 company
1319 2112 14 44 [
1333 2089 20 23 c
1357 2083 164 74 1926]

191 2159 83 44 310
303 2174 38 37 p.
405 2159 48 43 19½
488 2161 47 18 cm
541 2193 9 9 .

123 2213 53 54 ©
203 2215 105 43 Feb.
340 2214 61 52 10,
432 2215 128 51 1926;
591 2215 63 42 2c.
683 2213 105 45 Feb.
821 2214 73 51 16;
923 2214 78 43 aff.
1029 2213 104 44 Feb.
1166 2214 72 51 17;
1271 2214 43 42 A
1341 2214 186 52 883320;
1562 2213 176 54 George
1768 2216 61 42 H.
1859 2216 157 43 Doran
2045 2230 63 29 co.

201 2270 241 55 (26-4270)

123 2355 409 58 Hornblower
568 2353 52 59 &
655 2353 242 60 Weeks.

197 2433 58 57 A
285 2433 164 57 brief
480 2432 248 70 history
759 2432 67 57 of
856 2432 103 57 the
993 2432 151 57 New
1174 2432 191 72 York,
1400 2433 151 56 New
1580 2431 226 58 Haven
1838 2432 49 57 &
120 2433 1968 135 Hartford
316 2510 279 57 railroad
644 2528 303 52 company
995 2509 229 73 during
1273 2509 102 57 the
1425 2512 149 69 past
1620 2512 236 70 twenty
1902 2528 203 54 years.

120 2586 1875 76 Boston, New York [etc.] Hornblower & Weeks [ c 1926]
190 2664 49 43 19
269 2679 39 37 p.
367 2664 54 43 27½
455 2667 46 17 cm
507 2698 9 9 .

119 2719 52 53 ©
204 2720 106 44 Feb.
343 2720 35 50 8,
416 2721 128 51 1926;
577 2721 64 44 2c.
674 2721 86 42 and
792 2719 77 44 aff.
902 2719 105 44 Feb.
1047 2720 72 50 10;
1155 2719 43 42 A
1229 2718 186 53 883225;
1453 2719 307 44 Hornblower
1796 2721 37 43 &
1866 2720 184 44 Weeks.

197 2776 241 55 (26-4374)

118 2861 198 72 Hyde,
356 2859 301 58 Marietta
692 2859 60 58 A
1065 2860 89 58 ed.

195 2935 1841 75 Modern biography, edited by Marietta A. Hyde …
115 3015 150 58 New
295 3015 188 73 York,
517 3015 338 71 Harcourt,
886 3014 198 58 Brace
1120 3015 123 57 and
1277 3032 306 55 company
1618 3044 14 44 [
1632 3021 20 24 c
1655 3014 164 73 1926]

181 3110 110 37 xxv,
319 3093 79 45 345
429 3110 38 37 p.
531 3094 49 45 19½
633 3096 29 18 cm
668 3129 10 10 .

184 3151 70 43 “A
291 3150 359 54 supplementary
687 3150 185 52 reading
907 3149 75 44 list
1016 3150 50 44 of
1099 3164 87 30 one
1218 3148 202 45 hundred
1456 3149 268 53 interesting
1757 3147 342 55 biographies”:

115 3224 39 38 p.
182 3206 204 49 335-344.

184 3266 71 43 “A
280 3265 76 45 list
380 3265 50 45 of
454 3264 206 53 readings
686 3279 57 29 on
768 3263 303 54 biography”:
1097 3279 40 37 p.
1163 3261 204 48 344-345.

113 3319 54 54 ©
201 3320 105 45 Feb.
342 3323 34 49 1,
414 3320 127 52 1926;
577 3321 63 43 2c.
676 3322 86 42 and
796 3321 79 43 aff.
908 3320 104 44 Feb.
1047 3321 49 51 9;
1136 3320 43 42 A
1212 3317 188 53 879524;
1439 3320 248 51 Harcourt,
1725 3319 141 43 Brace
1899 3320 88 42 and
2022 3333 77 37 co.,

183 3377 82 43 inc.
335 3375 240 57 (26-4072)

113 3460 332 72 Jefferson,
482 3460 186 57 Mark
704 3459 322 74 Sylvester
1059 3457 299 74 William,
1397 3461 189 57 1863-

187 3535 1917 75 Principles of geography, by Mark Jefferson … New
110 3616 188 71 York,
325 3616 337 70 Harcourt,
688 3615 200 57 Brace
918 3616 123 56 and
1069 3632 306 53 company
1404 3642 13 44 [
1418 3623 19 21 c
1441 3613 165 73 1926]

179 3687 1371 60 v, 135 p. illus. (maps) XII pl. on 6 l., diagrs. 27 cm .
181 3752 132 51 Maps
343 3766 58 28 on
430 3749 338 53 lining-papers.

181 3808 169 44 Leaves
383 3807 50 45 of
463 3807 272 50 coordinate,
770 3807 124 43 ruled
924 3807 88 43 and
1042 3805 136 45 blank
1205 3819 136 40 paper
1370 3812 48 37 at
1448 3806 96 43 end.

112 3863 52 53 ©
199 3866 98 51 Jan.
334 3866 38 51 4,
414 3865 127 50 1926;
580 3865 64 42 2c.
682 3864 86 43 and
805 3865 77 42 aff.
922 3863 106 44 Feb.
1066 3864 49 51 9;
1154 3863 43 42 A
1237 3861 188 53 879520;
1466 3863 66 42 M.
1568 3861 239 53 Jefferson,
1848 3859 247 53 Ypsilante,

183 3921 138 44 Mich.
389 3919 242 55 (26-4175)
