2542 4285
1342 3977 111 55 880

365 352 191 73 Kells,
592 349 256 60 Charles
882 348 308 71 Edmund,
1225 350 188 55 1856-

445 434 1841 76 Three score years and nine, by C. Edmund Kells …
365 519 152 58 with
545 538 110 37 one
683 518 286 56 hundred
997 516 360 70 eighty-two
1387 512 436 58 illustrations.
1894 512 148 56 New
2073 512 281 71 Orleans,

371 596 64 59 C.
465 596 72 57 E.
566 595 199 71 Kells,
797 595 165 56 1926.

440 664 1287 61 ix, [1], 563 p. incl. front. (port.) illus., pl. 25½c m .
440 726 296 54 Bibliography
783 742 10 28 :
825 742 40 37 p.
897 724 204 46 539-543.

368 784 56 54 ©
448 786 117 51 Aug.
595 786 63 49 14,
685 784 128 51 1926;
842 784 63 42 2c.
932 784 87 42 and
1043 783 77 42 aff.
1148 782 119 52 Aug.
1298 782 73 51 18;
1400 781 44 42 A
1470 779 188 53 897847;
1690 778 49 46 C.
1766 778 53 48 E.
1845 777 143 46 Kells.

449 841 268 55 (26-14813)

371 941 391 75 Keyserling,
799 942 324 56 Hermann
1154 939 374 69 Alexander,
1562 940 151 72 graf
1743 954 140 55 von,
1921 941 187 56 1880-

517 1029 1843 73 … Die neuentstehende welt. Darmstadt, O. Reichl,
375 1114 164 56 1926.

446 1189 89 51 139,
566 1190 53 53 [1]
647 1203 39 37 p.
750 1187 50 45 19
808 1191 14 17 cm
859 1222 10 9 .

445 1247 62 42 At
532 1245 113 44 head
673 1245 50 43 of
749 1244 122 44 title:
904 1243 116 44 Graf
1049 1244 238 42 Hermann
1314 1241 288 55 Keyserling.

373 1298 1853 56 © Feb. 23, 1926; 1c. June 11; A—Foreign 31371; Otto Reichl verlag.
455 1359 268 54 (26-14996)

376 1459 187 72 King,
607 1460 212 57 James
864 1458 254 73 Joseph,
1163 1460 187 56 1882-

454 1551 187 56 Local
681 1549 357 58 anesthesia
1074 1549 67 55 in
1180 1549 520 71 otolaryngology
1740 1550 122 55 and
1901 1548 346 72 rhinology,
2288 1547 82 72 by

379 1627 1993 71 James Joseph King … With supplement on the toxic
381 1705 216 58 effects
642 1705 66 56 of
747 1705 159 56 local
946 1704 397 72 anesthetics,
1387 1703 360 73 containing
1789 1704 102 56 the
1935 1703 299 72 complete
380 1722 1964 132 reports

589 1782 69 57 of
682 1781 102 58 the
813 1782 255 56 various
1101 1781 384 57 committees
1517 1782 66 56 of
1613 1782 102 55 the
1744 1781 337 57 American
2109 1782 263 57 medical

382 1861 378 57 association
784 1862 181 55 made
995 1864 62 53 to
1087 1861 103 55 the
1222 1859 450 71 Therapeutics
1705 1860 289 56 research
2023 1860 349 57 committee

384 1939 67 56 of
497 1940 100 55 the
648 1937 255 58 Council
949 1957 77 37 on
1072 1937 344 71 pharmacy
1463 1939 122 55 and
1632 1936 356 73 chemistry,
2039 1938 207 57 edited
2293 1937 82 72 by

384 2015 1987 71 Emil Mayer … preface by Robert A. Hatcher … 21
383 2093 418 57 illustrations
852 2095 123 55 and
1022 2113 36 36 a
1106 2093 215 57 folded
1369 2094 165 56 table
1587 2093 65 57 of
1702 2113 192 38 cases.
1985 2094 152 56 New
2183 2093 191 74 York,

384 2172 69 55 P.
485 2172 69 54 B.
588 2171 269 71 Hoeber,
888 2170 137 74 inc.,
1058 2172 164 55 1926.

490 2248 26 49 xi,
544 2244 78 46 205
651 2262 39 37 p.
750 2248 128 50 illus.,
910 2247 109 44 fold.
1049 2248 88 43 tab.
1164 2247 70 53 (in
1262 2248 188 53 pocket)
1488 2248 143 52 diagr.
1688 2249 53 43 23½c
1796 2250 28 17 m
1830 2283 9 8 .

456 2305 348 54 Bibliography:
838 2319 39 37 p.
912 2302 147 46 89-93.

386 2361 54 53 ©
467 2363 112 51 June
609 2363 38 50 8,
682 2362 127 52 1926;
840 2363 64 42 2c.
933 2363 106 51 July
1068 2363 77 50 21;
1179 2363 77 42 aff.
1288 2363 105 52 July
1422 2363 78 51 22;
1533 2363 44 42 A
1608 2362 188 53 901219;
1829 2363 115 43 Paul
1977 2365 49 42 B.
2061 2364 200 51 Hoeber,
2293 2364 82 44 inc.

466 2418 269 56 (26-14159)

383 2505 205 71 Kiser,
625 2505 250 59 Samuel
910 2505 355 69 Ellsworth,
1303 2509 188 56 1862-

468 2596 289 60 Glorious
800 2600 153 69 day;
996 2617 213 52 poems
1252 2598 67 58 of
1360 2597 398 72 inspiration,
1798 2600 83 71 by
1924 2599 252 59 Samuel
388 2600 1964 133 Ellsworth

619 2675 1624 71 Kiser. New York, G. Sully & company [ c 1926]
456 2754 93 47 xiii,
590 2754 134 44 3-145
764 2770 40 35 p.
869 2756 49 43 19½c
971 2759 29 16 m
1007 2791 7 7 .

391 2808 53 54 ©
477 2811 104 51 July
612 2810 64 47 23,
714 2810 129 52 1926;
878 2811 63 42 2c.
976 2811 86 42 and
1093 2811 79 43 aff.
1205 2811 105 51 July
1343 2810 78 52 26;
1456 2810 44 42 A
1532 2809 189 52 897559;
1758 2811 178 52 George
1972 2810 128 54 Sully
2133 2811 38 44 &
2202 2827 64 28 co.

471 2866 267 55 (26-14010)

389 2951 202 72 Kline,
630 2952 268 60 Samuel.

470 3046 59 55 A
566 3046 254 57 manual
864 3046 66 56 of
973 3046 103 56 the
1118 3064 325 52 processes
1488 3046 66 57 of
1595 3045 292 74 winding,
1930 3046 288 74 warping
2260 3048 122 57 and

394 3123 263 73 quilling
685 3124 65 57 of
779 3124 119 57 silk
926 3126 123 55 and
1078 3124 179 57 other
1281 3123 256 59 various
1564 3144 193 52 yarns
1787 3125 167 58 from
1980 3126 104 57 the
2117 3126 174 58 skein
2319 3130 63 53 to

395 3202 104 57 the
529 3203 180 72 loom,
739 3202 82 71 by
855 3202 251 57 Samuel
1136 3199 207 60 Kline.
1416 3203 77 57 2d
1525 3205 90 55 ed.
1686 3203 152 58 New
1866 3203 190 72 York,
2087 3204 60 57 J.
2178 3202 203 74 Wiley

395 3280 48 57 &
471 3300 162 53 sons,
662 3280 147 70 inc.;
843 3281 277 69 London,
1152 3279 323 72 Chapman
1503 3280 48 57 &
1578 3281 166 72 Hall,
1772 3281 260 73 limited,
2064 3283 164 56 1926.

462 3357 1137 55 2 p. l., iii-ix, 155 p. illus. 21½ cm . $2.00
397 3413 54 53 ©
478 3415 104 52 July
607 3415 65 46 23,
704 3414 129 51 1926;
861 3415 64 42 2c.
954 3415 87 42 and
1068 3415 78 42 aff.
1174 3415 106 51 July
1306 3414 79 51 29;
1417 3414 43 42 A
1489 3414 188 52 901293;
1710 3414 45 46 S.
1784 3414 148 51 Kline,
1963 3415 163 53 Jersey
2158 3413 117 54 City.

477 3471 269 54 (26-14098)

395 3558 229 72 Lange,
656 3557 261 57 Arthur.

473 3648 369 73 Arranging
867 3648 106 57 for
1000 3648 102 57 the
1132 3650 179 55 modern
1422 3649 192 57 dance
1645 3649 323 57 orchestra
2002 3649 97 74 [by]
2147 3648 243 59 Arthur

399 3725 1655 75 Lange. New York, N. Y., A. Lange, inc. [ c 1926]
501 3802 1358 54 x p., 1 l., 238 p. front. (port.) illus. (music) 23½ cm .
401 3858 54 53 ©
483 3860 110 51 Apr.
629 3859 61 50 12,
725 3859 130 51 1926;
886 3859 63 43 2c.
982 3860 112 50 Apr.
1131 3859 73 51 12;
1236 3859 79 43 aff.
1347 3859 111 52 Apr.
1489 3859 77 50 20;
1600 3860 42 41 A
1674 3859 190 51 891161;
1898 3859 176 42 Arthur
2108 3859 167 51 Lange,
2307 3859 83 42 inc.

483 3915 267 55 (26-14085)
