2542 4285
1027 4002 145 55 1565

87 388 148 61 Otis,
267 386 193 53 Alvah
490 384 224 53 Talbot.

159 477 123 55 Our
312 477 223 52 Roman
563 475 197 67 legacy;
824 491 72 33 an
928 471 367 68 exploratory
1328 488 192 35 course
1552 469 59 52 in
1642 469 174 52 Latin
1852 467 94 54 for
1976 469 96 53 the

89 545 1960 78 eighth year, by Alvah Talbot Otis … Boston, New York [etc.]
89 632 70 52 D.
188 631 62 54 C.
276 629 194 53 Heath
497 628 112 52 and
634 644 280 50 company
944 657 14 35 [
962 632 18 21 c
984 627 152 65 1926]

159 711 95 47 xiv,
290 710 86 39 222
407 720 42 37 p.
508 708 162 48 front.,
706 707 129 40 illus.
863 707 134 47 (incl.
1029 705 178 46 music)
1253 706 172 39 double
1459 715 126 37 map.
1644 705 55 39 19
1702 707 43 20 cm
1750 736 9 8 .

161 778 279 41 “Teachers’
467 777 245 40 reference
736 775 156 41 shelf”:
948 787 43 36 p.
1048 774 168 41 vii-viii.

436 847 131 48 CONTENTS.—pt.
604 844 41 43 1.
684 846 101 39 The
821 847 195 46 present
1054 844 50 39 in
1141 844 208 40 relation
1390 847 48 38 to
1477 845 82 39 the
1599 846 256 47 past.—pt.
1894 844 43 41 2.
1975 846 98 40 The

91 904 146 41 Latin
261 905 238 45 language
526 903 93 39 and
646 901 64 40 its
736 901 236 39 influence
997 900 51 39 in
1072 901 199 39 modern
1298 900 101 40 life.

95 956 1981 53 © Dec. 15, 1926; 2c. Dec. 23; aff. Dec. 22; A 957778; D. C. Heath & co.
165 1025 65 54 [©
260 1029 251 47 rewriting
541 1029 94 39 and
666 1028 264 47 enlarging]
1003 1026 250 48 (27-1151)

90 1140 252 59 Powers,
375 1136 225 62 George
632 1135 61 54 C.

163 1225 1914 70 The Maryknoll movement … by the Reverend George C.
92 1301 1989 73 Powers … Maryknoll, N. Y., Catholic foreign mission society
90 1384 64 53 of
181 1383 265 53 America
480 1415 12 33 [
497 1388 18 21 c
520 1384 149 63 1926]

166 1462 1470 52 xix p., 1 l., 167 p. front., plates, ports., maps. 19½ cm .
166 1535 171 40 Thesis
381 1534 81 47 (M.
532 1533 325 47 A.)—Catholic
892 1531 272 49 university
1196 1532 52 40 of
1278 1532 238 41 America.

169 1592 230 42 “Critical
425 1601 140 37 essay
592 1601 59 29 on
678 1589 223 40 sources”:
958 1600 45 37 p.
1032 1587 217 42 155-159.

94 1657 56 53 ©
179 1664 111 37 Dec.
324 1662 39 45 9,
396 1660 114 39 1926;
570 1660 68 38 2c.
674 1660 112 37 Dec.
822 1659 54 38 18;
941 1658 83 39 aff.
1061 1659 111 38 Dec.
1207 1658 56 38 27;
1326 1659 42 37 A
1401 1658 174 40 957818;
1638 1659 220 40 Catholic
1892 1660 192 48 foreign

163 1716 201 40 mission
395 1726 93 29 soc.
520 1715 50 39 of
599 1714 237 39 America.
907 1713 250 47 (27-1014)

94 1823 314 64 Reynolds,
446 1824 136 51 Mrs.
623 1821 243 53 Harriet
906 1821 422 53 Contentment
1376 1821 278 65 (Collins)
1702 1826 172 50 1843-

165 1916 266 51 Humane
479 1913 325 65 education;
857 1932 30 33 a
934 1912 305 52 handbook
1287 1931 72 34 on
1405 1913 269 54 kindness
1718 1919 60 48 to
1825 1915 260 69 animals,

96 1994 149 52 their
275 1992 189 53 habits
496 1992 111 52 and
639 1990 335 67 usefulness,
1007 1991 281 69 arranged
1320 1991 77 69 by
1426 1992 240 53 Harriet
1700 1992 62 55 C.
1795 1994 290 68 Reynolds

97 2068 1963 134 … introduction to first edition by Dr. P. P. Claxton … introduction
95 2146 1966 149 to second edition by Dr. Jno. James Tigert … Boston,
237 2225 1357 69 American humane education society [ c 1926]
170 2310 85 41 172
285 2321 44 37 p.
388 2309 162 48 front.,
582 2309 171 47 plates,
787 2309 149 47 ports.
996 2306 56 41 19½
1083 2309 45 22 cm
1132 2339 10 9 .

172 2380 133 40 First
335 2378 185 41 edition
549 2378 256 48 published
837 2378 153 39 under
1022 2377 136 40 title:
1194 2378 251 47 Thoughts
1478 2389 61 30 on
1573 2381 210 40 humane
1813 2380 274 42 education.

98 2444 54 53 ©
181 2450 119 39 Nov.
330 2449 69 47 19,
432 2448 113 39 1926;
606 2448 67 39 2c.
706 2448 96 38 and
836 2446 82 40 aff.
952 2447 118 40 Nov.
1103 2446 57 40 30;
1222 2447 42 38 A
1296 2447 174 40 957798;
1531 2449 61 39 H.
1628 2448 48 41 C.
1711 2450 257 47 Reynolds,
169 2452 1904 100 Bethesda,
385 2505 97 39 Md.
545 2498 65 55 [©
638 2503 261 48 additions]
972 2503 251 47 (27-1006)

97 2613 305 62 Rodholm,
432 2613 183 53 Søren
645 2611 393 64 Damsgaard,
1073 2612 170 53 1877-

231 2703 1859 74 … Det vingede ord Fadervor et vidnesbyrd. [Askov, Minn.,
98 2783 305 53 American
434 2780 333 70 publishing
799 2800 97 48 co.,
927 2788 18 21 c
950 2784 151 65 1926]

175 2866 53 41 81
259 2877 44 37 p.
362 2864 56 41 23½cm.

175 2937 63 39 At
262 2937 125 38 head
413 2934 52 41 of
491 2934 108 40 title:
658 2935 44 40 S.
729 2935 58 40 D.
816 2934 252 41 Rodholm.

101 2999 58 54 ©
187 3007 113 38 Dec.
332 3004 69 48 15,
433 3003 114 41 1926;
608 3004 68 40 2c.
708 3006 112 38 Dec.
853 3004 56 40 18;
972 3004 83 41 aff.
1090 3007 112 38 Dec.
1237 3006 54 39 31;
1356 3006 41 38 A
1430 3006 174 41 958526;
1670 3007 44 41 S.
1749 3008 57 40 D.
1841 3009 251 48 Rodholm,

172 3063 98 38 Des
299 3060 200 41 Moines.
568 3059 251 49 (27-1022)

101 3154 378 63 Roudabush,
517 3155 245 54 Charles
796 3156 67 52 E.

174 3246 1919 70 You and your schools, by Charles E. Roudabush … Mount
103 3325 131 67 Joy,
265 3325 121 66 Pa.,
418 3324 120 52 The
569 3324 275 68 Bulletin,
876 3328 151 50 1926.

175 3409 55 40 85
259 3419 43 38 p.
361 3407 56 41 19
419 3410 45 21 cm
469 3439 9 9 .

103 3470 57 54 ©
189 3476 118 40 Nov.
335 3475 72 47 26,
436 3474 113 41 1926;
607 3475 67 40 2c.
704 3476 118 40 Nov.
853 3476 56 39 26;
970 3475 82 41 aff.
1084 3478 112 39 Dec.
1226 3478 28 38 4;
1314 3479 40 38 A
1383 3479 172 40 958231;
1618 3481 49 41 C.
1699 3482 52 40 E.
1784 3483 312 49 Roudabush,

176 3531 313 48 Minersville,
520 3532 81 39 Pa.
671 3531 251 48 (27-1000)

105 3625 183 62 Ruch,
322 3624 158 54 Giles
510 3626 238 62 Murrel,
784 3629 170 49 1892-

177 3715 298 69 Objective
511 3717 385 53 examination
932 3719 259 54 methods
1227 3721 60 52 in
1322 3721 96 54 the
1455 3723 174 52 social
1664 3724 243 68 studies;
1945 3743 33 34 a
107 3743 1966 119 report

282 3794 64 52 of
388 3793 435 69 investigations
864 3797 219 53 carried
1127 3803 99 48 out
1267 3800 181 53 under
1491 3820 31 33 a
1564 3799 338 55 subvention
1945 3803 152 53 from

108 3871 1988 76 the New York Commonwealth fund, by G. M. Ruch … and
