2609 4293
1439 3978 109 55 152

481 335 291 72 Hinman,
804 336 223 58 Albert
1058 336 69 59 G.

617 427 1780 74 Real estate merchandising, by Albert G. Hinman …
481 504 1961 136 and Herbert B. Doran … with an introduction by Richard
480 581 1961 150 T. Ely … Chicago & New York, A. W. Shaw company; [etc., etc.] 1926.
550 750 95 49 xxi,
676 750 79 44 363
787 764 40 36 p.
858 748 100 45 incl.
990 749 134 50 illus.,
1153 750 158 50 plates,
1343 750 155 50 tables,
1529 749 180 51 diagrs.,
1742 750 155 44 forms.
1956 751 123 45 21cm.

480 814 55 53 ©
561 814 104 45 Feb.
696 814 63 53 15,
788 815 128 52 1926;
943 816 65 42 2c.
1036 816 87 42 and
1147 816 78 42 aff.
1253 814 106 45 Feb.
1391 815 73 52 17;
1493 816 45 42 A
1564 817 189 51 883314;
1782 817 57 43 A.
1867 818 74 43 W.
1972 817 135 46 Shaw
2134 832 64 30 co.

562 870 241 57 (26-4567)

483 970 275 73 Hughes,
797 971 337 72 Langston,
1172 973 189 56 1902-

561 1061 127 59 The
720 1079 212 52 weary
962 1061 193 70 blues,
1187 1061 83 70 by
1302 1061 323 72 Langston
1660 1061 290 73 Hughes;
1985 1061 151 58 with
2170 1082 79 38 an
483 1062 1966 134 introduction
765 1140 83 70 by

882 1138 148 58 Carl
1059 1137 142 58 Van
1231 1138 294 57 Vechten.
1609 1138 151 57 New
1791 1138 191 72 York,
2016 1139 74 56 A.
2125 1139 75 57 A.
2233 1140 241 72 Knopf,

481 1217 166 56 1926.

554 1307 78 44 109
663 1323 41 38 p.
768 1307 50 44 19½
852 1308 47 17 cm
905 1340 9 10 .

552 1377 178 44 Poems.

483 1445 54 54 ©
563 1448 99 52 Jan.
688 1447 68 51 23,
787 1445 128 54 1926;
946 1447 64 43 2c.
1040 1446 107 44 Feb.
1181 1448 45 50 1;
1258 1447 78 43 aff.
1368 1445 107 46 Feb.
1507 1444 73 55 17;
1612 1446 45 43 A
1685 1446 187 54 883317;
1907 1447 166 45 Alfred
2100 1448 56 43 A.
2188 1447 169 53 Knopf,
2388 1448 82 44 inc.

561 1503 243 55 (26-4730)

485 1602 203 71 Hugo,
723 1600 219 59 Victor
974 1600 218 72 Marie,
1230 1606 194 53 comte
1429 1647 15 25 ,
1480 1603 356 56 1802-1885.

558 1690 1920 76 Les mis é rables, by Victor Hugo, with introduction,
483 1774 196 69 notes,
720 1771 124 57 and
880 1770 382 70 vocabulary
1298 1770 83 71 by
1418 1769 220 57 Noëlia
1676 1769 309 72 Dubrule;
2023 1771 194 57 based
2256 1789 80 38 on
2375 1772 103 56 the

484 1846 1994 74 earlier edition by F. C. de Sumichrast … Boston, New
485 1927 173 57 York
687 1929 145 70 [etc.]
868 1925 163 59 Ginn
1063 1925 123 57 and
1214 1943 308 53 company
1554 1953 13 44 [
1567 1933 20 21 c
1591 1925 164 73 1925]

553 2015 126 53 xviii,
716 2016 81 42 414
831 2031 40 38 p.
908 2014 99 44 incl.
1045 2015 154 51 front.,
1236 2014 115 44 illus.
1454 2013 24 44 17½
1514 2017 46 17 cm
1567 2049 8 7 .
1644 2014 354 55 (International
2037 2016 186 43 modern
2261 2015 219 54 language

484 2072 164 55 series)

488 2141 53 54 ©
572 2144 108 42 Dec.
715 2144 62 51 18,
811 2141 131 54 1925;
973 2144 65 41 2c.
1073 2141 105 44 Feb,
1215 2143 62 51 19,
1313 2142 129 52 1926;
1476 2142 78 43 aff.
1590 2141 105 45 Feb.
1732 2143 75 51 18;
1842 2143 44 42 A
1918 2142 188 53 879600;
2144 2143 117 44 Ginn
2293 2145 86 43 and
2412 2159 65 28 co.

560 2198 66 54 [©
656 2200 315 50 introduction,
1002 2206 129 36 notes
1162 2199 87 42 and
1278 2198 288 54 vocabulary]
1637 2197 243 56 (26-4732)

489 2298 261 71 Hunter,
784 2298 169 58 John
981 2296 268 73 Marvin,
1284 2299 189 57 1880-
1631 2316 192 54 comp,
1858 2299 123 57 and
2016 2299 88 58 ed.

565 2388 130 58 The
745 2389 151 57 trail
946 2389 245 57 drivers
1245 2388 68 57 of
1363 2388 235 72 Texas;
1649 2386 377 76 interesting
2077 2388 280 59 sketches
2407 2393 69 55 of

490 2467 175 71 early
693 2468 279 70 cowboys
1007 2467 123 57 and
1159 2466 164 58 their
1353 2466 395 71 experiences
1781 2485 78 39 on
1888 2466 105 58 the
2023 2484 194 56 range
2246 2468 124 57 and
2399 2487 75 38 on

488 2544 103 58 the
635 2544 151 58 trail
829 2543 229 73 during
1101 2545 102 56 the
1250 2545 155 71 days
1450 2543 139 59 that
1631 2543 167 59 tried
1837 2547 204 56 men’s
2088 2545 390 58 souls—true

486 2622 357 60 narratives
890 2623 241 58 related
1173 2621 84 73 by
1301 2622 133 58 real
1479 2623 464 71 cow-punchers
1989 2624 123 58 and
2156 2641 141 40 men
2339 2622 137 59 who

489 2701 295 59 fathered
819 2702 103 57 the
959 2700 187 58 cattle
1183 2702 295 70 industry
1511 2700 66 57 in
1615 2701 223 71 Texas,
1876 2700 304 73 compiled
2217 2701 124 59 and
487 2701 1966 137 edited
647 2780 83 72 by

761 2780 62 58 J.
856 2778 252 58 Marvin
1140 2778 266 73 Hunter,
1439 2778 333 73 published
1803 2780 199 57 under
2036 2778 101 59 the
2172 2777 306 60 direction

490 2858 68 57 of
593 2857 242 73 George
870 2856 96 58 W.
1008 2856 339 73 Saunders,
1383 2856 326 72 president
1745 2856 68 58 of
1848 2857 104 57 the
1990 2855 118 60 Old
2142 2857 150 58 time
2328 2856 151 59 trail

491 2934 1987 73 drivers’ association. 2d ed. rev. … Nashville, Tenn.,
490 3013 363 72 Cokesbury
874 3031 200 54 press,
1101 3013 166 56 1925.

563 3106 93 51 xvi,
684 3104 106 45 1044
812 3119 38 39 p.
875 3103 100 44 incl.
1002 3103 150 52 front.,
1178 3103 129 52 illus.,
1331 3112 138 45 ports.
1528 3104 52 43 23½
1617 3106 47 17 cm
1670 3140 8 8 .

488 3159 57 54 ©
580 3162 99 51 Jan.
720 3159 62 52 15,
823 3159 129 52 1926;
989 3160 65 42 2c.
1093 3158 106 45 Feb.
1241 3162 45 49 1;
1329 3160 78 42 aff.
1445 3159 107 43 Feb.
1594 3158 74 53 17;
1707 3159 45 42 A
1789 3158 189 54 879610;
2020 3160 166 43 Lamar
2222 3160 38 43 &
2298 3160 183 51 Barton,

562 3216 250 46 Nashville.
882 3215 241 55 (26-4702)

492 3314 411 73 Hutchinson,
939 3314 250 71 Woods,
1229 3316 188 57 1862-

637 3402 1848 73 … The new handbook of health, by Woods Hutchinson
561 3480 1928 74 … Boston, New York [etc.] Houghton Mifflin company
495 3589 13 44 [
508 3569 20 21 c
532 3560 164 72 1926]

562 3634 1211 56 4 p. l., 410 p. illus. (part col.) 19 cm . (The
1806 3635 175 45 Woods
2017 3634 287 46 Hutchinson
2335 3635 152 44 health

494 3692 165 54 series)

566 3751 388 43 “Recommended
989 3748 238 54 readings”
1261 3750 87 43 and
1385 3747 266 46 “Teachers’
1688 3747 280 45 references”
2004 3754 47 38 at
2084 3750 83 42 end
2201 3748 52 45 of
2287 3755 119 37 most
2438 3745 51 47 of

494 3807 73 45 the
604 3807 220 53 chapters.

495 3862 53 54 ©
580 3864 105 44 Feb.
723 3864 62 51 12,
820 3863 127 51 1926;
981 3863 64 43 2c.
1079 3864 87 42 and
1196 3864 78 42 aff.
1309 3862 105 44 Feb.
1454 3861 73 54 15;
1562 3863 43 41 A
1638 3860 189 54 883285;

1862 3863 75 43 W.
1973 3861 300 53 Hutchinson,
565 3861 1898 112 Brookline,
698 3921 141 42 Mass.
909 3919 242 54 (26-4790)
