2542 4285
1237 3954 150 55 1124

367 439 94 54 351,
535 460 10 30 [1]
576 456 40 37 p.
681 442 50 42 19
735 443 48 17 cm
789 476 9 8 .

299 491 1985 58 © 1c. May 19, 1926; A ad int. 8188; pubd. Mar. 23; George H. Doran co.,
370 554 115 43 New
517 553 139 43 York.
726 549 270 56 (26-17251)

298 652 333 70 Robinson,
677 651 212 57 James
934 650 271 71 Harvey,
1252 650 189 56 1863-

379 730 128 56 The
538 729 213 57 ordeal
780 728 67 56 of
877 726 408 69 civilization;
1317 746 35 36 a
1385 725 212 57 sketch
1626 725 66 56 of
1721 726 103 56 the
1857 725 432 71 development

300 808 124 57 and
453 806 379 58 world-wide
869 804 304 58 diffusion
1208 804 67 56 of
1310 822 115 38 our
1453 803 410 71 present-day
1895 802 393 57 institutions

301 879 1990 78 and ideas, by James Harvey Robinson … New York
301 964 123 56 and
456 963 275 70 London,
766 961 254 69 Harper
1055 959 47 56 &
1134 960 310 69 brothers,
1482 958 163 57 1926.

369 1039 78 52 xii,
477 1037 80 45 769
584 1053 39 37 p.
685 1037 150 50 front.,
867 1036 131 51 illus.,
1028 1035 155 53 plates,
1212 1041 151 46 ports.,
1396 1049 126 37 maps
1563 1035 124 53 (part
1717 1034 189 54 double)
1971 1033 56 43 22
2031 1035 47 18 cm
2084 1068 9 9 .

372 1097 70 42 “A
472 1096 125 52 large
625 1102 100 45 part
752 1093 51 44 of
834 1093 73 44 the
937 1092 219 51 material,
1186 1092 108 44 both
1326 1100 99 35 text
1455 1092 88 43 and
1572 1091 307 52 illustrations,
1912 1091 50 44 of
1992 1090 89 44 this
2111 1091 179 44 volume

301 1155 35 42 is
365 1155 134 42 taken
530 1153 118 42 from
679 1151 256 43 Mediaeval
964 1151 86 42 and
1079 1151 189 42 modern
1298 1147 508 46 times.”—Publisher’s
1836 1158 116 37 note.

302 1209 52 54 ©
389 1210 118 52 Sept.
539 1210 65 51 30,
636 1208 129 53 1926;
796 1209 65 42 2c.
895 1207 120 52 Sept.
1044 1208 79 52 23;
1155 1207 78 43 aff.
1266 1207 101 44 Oct.
1397 1207 51 52 2;
1480 1206 44 43 A
1553 1204 189 54 949335;
1776 1206 184 53 Harper
1991 1206 38 44 &
2056 1205 121 44 bros.

380 1266 269 56 (26-27483)

303 1367 254 71 Rogers,
593 1364 301 73 Dorothy.

381 1452 1736 76 The stand-by, by Dorothy Rogers … London and
302 1452 1968 152 Melbourne,
579 1532 218 70 Ward,
822 1532 167 57 Lock
1015 1535 49 57 &
1088 1552 109 51 co.,
1222 1530 261 73 limited,
1512 1530 164 58 1926.

372 1611 81 43 319
484 1624 41 38 p.
587 1610 49 43 19
645 1611 47 17 cm
697 1645 8 8 .

302 1663 1934 55 © 1c. July 16, 1926; A ad int. 8334; pubd. May 19; D. Rogers, London.
381 1722 270 55 (26-17122)

306 1823 350 71 Salzmann,
697 1820 193 59 Erich
923 1836 139 56 von,
1104 1822 189 58 1876-

450 1909 1844 74 … Gelb gegen weiss, aus dem freiheitskampf Asiens.
306 1987 1987 74 Mit 56 abbildungen und 1 kartenskizze … Leipzig, F. A.
305 2066 382 72 Brockhaus,
718 2066 167 58 1925.

375 2140 1229 56 321 p. incl. map. front. (ports.) plates. 19 cm .
301 2197 1939 55 © Nov. 17, 1925; 1c. July 7, 1926; A—Foreign 31487; F. A. Brockhaus.
385 2256 269 56 (26-17503)

308 2343 268 69 Scholes,
614 2345 200 72 Percy
842 2342 246 73 Alfred,
1126 2346 189 57 1877-

386 2436 128 56 The
549 2435 433 71 appreciation
1016 2436 66 56 of
1114 2435 197 57 music
1345 2436 82 70 by
1455 2454 215 38 means
1706 2436 65 56 of
1806 2436 103 56 the
1946 2436 281 71 duo-art;
2264 2456 38 36 a

309 2533 216 37 course
562 2514 68 55 of
665 2514 268 56 lectures
968 2513 319 57 delivered
1323 2516 64 54 at
1424 2513 264 57 Aeolian
1721 2513 146 72 hall,
1905 2513 276 71 London,
2218 2515 84 71 by

308 2591 201 71 Percy
538 2591 74 56 A.
650 2590 284 71 Scholes;
965 2590 151 57 with
1148 2611 39 37 a
1214 2591 317 57 foreword
1561 2592 83 71 by
1675 2590 302 58 Franklin
2010 2591 289 57 Dunham

376 2669 1735 74 … New York [etc.] Oxford university press, 1926.
375 2746 77 52 vii,
485 2747 70 54 [1],
588 2746 76 42 129
696 2760 38 37 p.
796 2746 152 51 front.,
980 2745 115 44 illus.
1122 2745 126 54 (incl.
1280 2745 168 54 music)
1488 2753 139 46 ports.
1690 2746 51 45 19½
1774 2748 47 18 cm
1827 2780 10 10 .

308 2801 52 54 ©
388 2804 112 51 Apr.
527 2804 38 50 9,
597 2803 105 43 1926
716 2817 10 38 ;
754 2804 63 42 2c.
846 2805 87 42 and
960 2804 79 42 aff.
1066 2804 112 50 Apr.
1206 2803 79 52 29;
1315 2803 45 42 A
1388 2803 189 53 891212;
1612 2804 184 44 Oxford
1824 2803 119 44 univ.
1972 2817 139 39 press,
2140 2804 159 43 Amer.

378 2860 180 44 branch.
627 2858 269 57 (26-27482)

310 2946 269 72 Schulte,
615 2945 294 58 Amanda
939 2947 230 73 Pogue.

388 3035 188 58 Facts
604 3037 191 58 about
820 3037 157 56 Poe:
1007 3037 320 59 Portraits
1353 3038 47 56 &
1428 3039 532 71 daguerreotypes
1992 3038 67 57 of
2086 3038 219 73 Edgar

312 3113 189 57 Allan
534 3114 145 73 Poe,
714 3115 84 72 by
830 3114 289 58 Amanda
1155 3115 214 72 Pogue
1409 3115 282 73 Schulte;
1728 3116 151 58 with
1915 3136 39 38 a
1990 3117 209 57 sketch
2239 3116 66 58 of

311 3191 1993 75 the life of Poe by James Southall Wilson … illustrated by
315 3273 328 54 seventeen
685 3270 329 71 portraits.
1101 3269 542 76 [Charlottesville,
1686 3272 135 72 Va.,
1870 3273 129 56 The
313 3272 1972 149 University,
484 3356 18 23 c
504 3349 164 73 1926]

381 3426 53 44 58
456 3441 54 38 p.,
538 3428 17 41 1
600 3461 8 9 l.
663 3426 152 53 front.,
840 3434 140 45 ports.
1032 3428 52 43 23
1093 3430 46 17 cm
1146 3462 8 8 .
1218 3428 101 53 (On
1343 3443 155 30 cover:
1527 3427 266 53 University
1819 3427 51 45 of
1894 3426 212 54 Virginia
2132 3429 170 43 record.

313 3481 251 47 Extension
592 3483 154 51 series,
770 3482 88 44 vol.
885 3496 47 39 x,
958 3498 70 29 no.
1056 3484 50 50 8)

383 3538 71 44 “A
482 3539 190 45 selected
697 3539 316 54 bibliography
1038 3540 53 43 of
1122 3540 146 44 Poe”:
1297 3555 39 37 p.
1367 3540 177 54 [23]-25.

313 3594 52 54 ©
397 3597 110 51 Apr.
539 3597 64 50 22,
639 3597 107 43 1926
759 3611 8 37 ;
801 3597 63 43 2c.
897 3597 87 43 and
1014 3597 78 43 aff.
1127 3599 110 50 Apr.
1271 3598 79 52 24;
1384 3599 44 41 A
1459 3596 190 54 891156;
1683 3600 151 51 James
1869 3596 208 47 Southall
2107 3597 196 52 Wilson,

385 3653 379 53 Charlottesville,
800 3654 86 43 Va.
955 3653 270 55 (26-26538)

316 3738 270 73 Schultz,
627 3740 214 57 James
880 3739 286 73 Willard,
1207 3744 191 56 1859-

387 3831 278 60 William
700 3833 294 74 Jackson,
1030 3834 226 59 Indian
1295 3837 204 70 scout;
1534 3834 99 60 his
1666 3840 141 54 true
1846 3837 176 70 story
2055 3833 132 60 told
2222 3836 82 70 by
