2542 4285
1362 3991 150 57 1220

496 471 656 52 6 p. l., [3]-256 p. 18 ½ c m .
498 540 272 51 Previously
800 538 239 52 published
1071 542 143 45 under
1244 541 99 45 title
1360 556 10 29 :
1402 542 44 42 A
1477 538 206 52 synopsis
1715 541 49 45 of
1796 538 193 47 medical
2020 547 252 37 treatment.

427 606 54 54 ©
514 607 119 53 Sept.
663 608 65 50 23,
764 606 130 54 1926;
927 608 63 42 2c.
1026 605 121 53 Sept.
1178 606 76 52 30;
1287 606 79 43 aff.
1400 606 100 44 Oct.
1536 606 73 52 18;
1643 606 44 42 A
1719 604 189 54 950525;
1944 605 238 45 President

2213 606 86 43 and
496 604 1897 105 fellows
639 665 52 44 of
725 665 216 42 Harvard
972 664 183 52 college,
1191 662 287 54 Cambridge,
1510 664 140 43 Mass.
1718 662 271 55 (26-18118)

428 764 181 71 Sims,
651 764 169 58 John
856 764 218 70 Green,
1115 765 189 57 1879-

504 854 1917 74 Debating as an educator, by John G. Sims, jr. … Fort
426 933 243 73 Worth,
706 935 165 70 Tex.,
909 932 128 57 The
1073 933 229 56 author
1338 962 13 44 [
1352 939 20 23 c
1375 933 164 74 1926]

499 1010 562 54 112 p. diagr. 19½ cm .
429 1066 53 54 ©
512 1069 99 44 Oct.
644 1067 62 53 15,
737 1066 130 54 1926;
896 1067 65 43 2c.
992 1067 101 44 Oct.
1126 1066 74 53 18;
1230 1067 79 43 aff.
1339 1066 101 44 Oct.
1474 1066 75 53 19;
1580 1067 44 42 A
1653 1063 190 56 949596;
1875 1067 40 52 J.
1946 1065 52 46 G.
2030 1065 135 55 Sims,
2191 1066 60 53 jr.

509 1123 269 57 (26-18495)

435 1224 220 73 Smith,
691 1224 268 58 Thomas
992 1224 260 57 Vernor.

512 1315 127 58 The
672 1313 379 59 democratic
1079 1333 139 53 way
1248 1313 68 57 of
1344 1313 132 75 life,
1506 1314 83 71 by
1619 1314 270 58 Thomas
1920 1314 249 59 Vernor
2202 1315 219 60 Smith.

437 1391 306 74 [Chicago]
781 1392 129 59 The
944 1391 372 73 University
1350 1391 68 58 of
1454 1390 269 65 Chicago
1757 1410 181 53 press
1977 1422 13 43 [
1993 1400 17 23 c
2014 1394 163 72 1926]

499 1468 64 56 xi,
584 1469 96 53 210,
749 1492 11 30 [1]
786 1484 40 39 p.
889 1469 52 44 18½
974 1473 47 19 cm

427 1526 57 54 ©
512 1527 119 53 Sept.
659 1529 35 51 1,
722 1526 107 45 1926
843 1542 9 37 ;
880 1527 64 43 2c.
974 1527 101 44 Oct.
1102 1526 78 54 26;
1208 1527 78 43 aff.
1315 1526 100 44 Oct.
1441 1525 79 54 27;
1549 1527 44 42 A
1619 1525 187 53 949722;
1838 1527 266 53 University
2130 1526 50 45 of
2209 1525 214 56 Chicago,

503 1584 211 54 Chicago.
784 1584 271 55 (26-19031)

435 1685 327 68 Sorenson,
800 1683 215 59 Grace.

511 1775 1911 75 Juvenile comedies, by Grace Sorenson … Chicago,
434 1853 1124 75 T. S. Denison & company [ c 1926]
503 1933 363 54 196 p. 19½ cm .
430 1988 56 54 ©
517 1990 100 44 Oct.
651 1989 62 51 19,
747 1988 129 53 1926;
908 1988 64 45 2c.
1003 1988 88 44 and
1120 1989 79 42 aff.
1233 1988 101 44 Oct.
1365 1988 77 53 22;
1475 1989 44 42 A
1549 1986 190 55 950577;
1772 1986 54 46 T.
1863 1986 44 48 S.
1942 1987 206 46 Denison
2178 1989 39 44 &
2246 2003 66 30 co.

512 2045 269 57 (26-18742)

501 2146 1904 153 … South eastern reporter digest. [Virginia ed.] Including
663 2245 173 38 cases
886 2226 298 71 reported
1228 2225 66 56 in
1341 2225 154 56 vols.
1546 2226 185 55 1-125
1784 2225 198 57 South
2033 2227 251 55 eastern
510 2243 1890 133 reporter,

510 2301 1892 153 82*-140 Virginia reports and also … state reports …
848 2381 291 72 together
1179 2380 152 58 with
1376 2400 79 37 an
1496 2381 426 72 index-digest
1965 2380 67 58 of
2076 2383 153 55 vols.
2279 2382 148 57 1-82

511 2460 294 73 Virginia
844 2460 125 56 and
1005 2458 414 72 preliminary
1458 2459 296 58 volumes,
1833 2478 56 38 v.
1933 2461 50 55 5.
2027 2459 400 74 Exceptions,

512 2538 125 58 Bill
674 2537 414 72 of-Hunting.
1165 2536 233 58 Edited
1434 2537 83 72 by
1552 2537 102 57 the
1696 2537 295 57 editorial
2028 2537 153 58 staff
2220 2538 67 57 of
2326 2537 103 58 the

511 2614 1922 75 American digest system … St. Paul, West publishing
512 2713 107 54 co.,
654 2694 165 57 1926.

554 2782 780 55 iii , 5455-6705, 181-236 p. 26 cm .
506 2856 211 44 Lettered
748 2870 59 29 on
839 2869 158 29 cover:
1034 2854 103 53 Key
1168 2855 192 43 number
1394 2861 183 46 system.

436 2925 53 54 ©
513 2925 106 55 July
645 2927 61 50 19,
736 2926 129 53 1926;
889 2926 64 44 2c.
981 2926 101 44 Oct.
1106 2925 78 53 25;
1212 2926 79 43 aff.
1318 2926 101 45 Oct.
1442 2926 78 52 23;
1547 2926 44 42 A
1616 2925 188 53 950616;
1832 2927 134 44 West
1989 2926 101 53 pub.
2115 2940 66 31 co.

441 3026 326 71 Starbuck,
808 3025 236 59 Robert
1080 3025 200 73 Macy,
1323 3028 190 57 1844-

518 3119 182 57 Modern
832 3116 326 73 plumbing
1207 3116 391 72 illustrated;
1653 3136 35 38 a
1744 3118 507 72 comprehensive
2307 3119 125 58 and

441 3196 377 72 thoroughly
854 3194 306 72 practical
1196 3194 173 58 work
1406 3214 79 38 on
1524 3195 102 57 the
1663 3196 263 57 modern
1964 3197 124 57 and
2123 3198 167 56 most
441 3214 1966 132 approved

709 3274 285 57 methods
1035 3272 66 58 of
1134 3272 326 73 plumbing
1494 3273 454 72 construction;
1985 3274 103 57 the
2129 3275 303 58 standard

441 3352 170 57 work
634 3351 108 58 for
764 3351 337 72 plumbers,
1133 3350 352 73 architects,
1514 3350 296 73 builders,
1839 3353 308 71 property
2173 3370 259 56 owners,

442 3430 228 57 boards
705 3428 66 58 of
800 3429 214 57 health
1046 3429 123 56 and
1198 3428 327 73 plumbing
1556 3428 369 72 examiners,
1959 3430 125 58 and
2115 3430 107 59 for
2253 3431 180 58 trade

443 3505 1989 73 classes in plumbing, by R. M. Starbuck … 5th ed. rev.
443 3585 122 57 and
616 3584 114 58 enl.
821 3583 187 72 Fully
1053 3583 362 58 illustrated
1462 3584 83 72 by
1598 3586 258 71 seventy
1907 3584 274 60 detailed
2228 3586 205 72 plates

443 3663 180 57 made
654 3662 328 71 expressly
1008 3661 84 71 by
1120 3661 104 57 the
1256 3661 230 58 author
1512 3662 107 56 for
1645 3662 125 58 this
1802 3662 189 58 work.
2060 3663 153 58 New
2243 3663 190 74 York,

445 3739 127 58 The
605 3740 280 56 Norman
914 3739 96 57 W.
1045 3738 247 72 Henley
1321 3738 364 74 publishing
1717 3758 323 57 company,
2075 3741 166 58 1926.

513 3814 816 54 407 p. incl. front., 67 pl. 24 cm .
442 3871 53 54 ©
529 3874 100 44 Oct.
662 3873 39 52 8,
736 3873 130 52 1926;
897 3873 66 43 2c.
997 3873 101 44 Oct.
1135 3872 74 53 15;
1244 3873 78 43 aff.
1357 3873 100 44 Oct.
1494 3874 74 51 14;
1603 3874 43 42 A
1678 3872 190 54 949540;
1902 3874 211 44 Norman
2142 3875 75 45 W.
2253 3874 179 56 Henley

512 3932 99 51 pub.
650 3945 67 29 co.
786 3928 271 57 (26-18159)
