2542 4285
1315 3978 149 54 1454

380 343 150 57 New
560 342 175 58 York
773 342 236 72 (State)
1101 343 226 58 Courts
1362 342 67 72 of
1457 341 233 58 record.

523 431 1847 73 … The miscellaneous reports. Cases decided in the
381 508 1991 73 courts of record … other than the Court of appeals and
380 589 102 57 the
520 590 312 70 appellate
870 588 270 57 division
1178 587 67 56 of
1278 588 102 56 the
1422 587 300 71 Supreme
1762 590 192 54 court.
2033 587 231 58 Austin
2298 587 71 58 B.

381 666 232 72 Griffin,
661 658 304 78 reporter,
1052 684 55 37 v.
1158 665 280 56 123-126.
1527 665 165 72 1925,
1742 666 164 55 1926.
1997 664 233 58 Official
2278 666 90 57 ed.

379 744 266 71 Albany,
674 743 73 57 N.
776 743 91 72 Y.,
896 743 59 57 J.
986 743 70 55 B.
1087 742 176 71 Lyon
1290 760 322 55 company,
1642 744 165 69 1925,
1838 744 164 55 1926.

445 821 28 43 4
499 835 41 29 v.
595 820 54 44 23½
684 823 48 17 cm
737 854 9 9 .

380 892 41 28 v.
454 878 89 51 123,
570 874 54 54 ©
650 879 113 50 Apr.
790 877 67 51 20,
889 874 129 53 1925;
1048 891 41 27 v.
1122 875 91 52 124,
1240 874 54 54 ©
1324 876 102 44 Oct.
1455 876 78 52 20;
1562 892 40 27 v.
1635 873 90 55 125,
1750 874 57 54 ©
1835 876 112 52 Apr.
1981 877 33 50 1,
2047 875 129 52 1926;
2207 892 41 28 v.
2282 876 90 52 126,

451 932 52 54 ©
531 935 105 51 July
669 935 73 50 19;
774 934 63 43 2c.
871 933 109 46 each
1012 934 118 43 Nov.
1160 934 79 52 22;
1273 933 102 43 affs.
1408 934 110 42 Dec.
1554 935 73 50 11;
1659 934 44 42 A
1735 931 385 55 957563-957566;
2154 932 220 46 Florence

452 991 50 47 E.
536 991 43 46 S.
607 992 179 51 Knapp,
816 998 228 45 secretary
1072 989 52 45 of
1148 990 76 44 the
1255 997 115 36 state
1396 991 52 43 of
1476 990 117 44 New
1621 991 143 51 York,
1794 991 43 42 in
1866 997 118 37 trust
2014 990 74 45 for
2114 990 77 45 the
2218 988 156 56 people

451 1050 50 43 of
533 1049 74 45 the
640 1049 97 43 said
772 1055 125 44 state,
936 1047 193 53 Albany.

381 1148 381 73 Noffsinger,
809 1147 169 58 John
1021 1147 268 72 Samuel,
1337 1150 188 56 1886-

458 1241 548 72 Correspondence
1074 1239 260 74 schools,
1400 1240 293 72 lyceums,
1763 1240 465 74 Chautauquas,
2293 1242 83 72 by

379 1319 169 59 John
600 1320 61 59 S.
716 1317 384 73 Noffsinger.
1184 1318 152 58 New
1383 1318 190 72 York,
1626 1320 129 58 The
1808 1318 359 60 Macmillan
379 1337 1973 135 company,
597 1398 166 57 1926.

450 1478 42 43 vi
523 1490 53 36 p.,
607 1479 23 42 3
677 1511 23 15 l.,
728 1475 135 45 3-145
895 1489 39 37 p.
995 1475 166 50 diagrs.
1220 1475 56 44 20½
1310 1477 46 17 cm
1364 1510 8 7 .
1441 1475 289 51 (Half-title:
1768 1474 183 47 Studies
1983 1476 44 44 in
2058 1474 126 48 adult
380 1477 1973 106 education)

382 1586 53 53 ©
459 1588 107 43 Dec.
592 1585 36 51 7,
658 1585 129 53 1926;
815 1585 64 43 2c.
905 1584 87 44 and
1017 1585 77 42 aff.
1124 1585 108 42 Dec.
1260 1584 49 52 8;
1337 1584 44 42 A
1408 1583 189 53 957532;
1627 1584 263 44 Macmillan
1917 1599 65 30 co.

460 1643 269 54 (26-23218)

382 1742 290 68 Pauchet,
708 1740 234 59 Victor.

528 1832 1848 72 … La pratique chirurgicale illustrée. fasc. 6. 2. éd.
385 1910 1994 73 revue, corrigée et augmentée … 200 figures dessinées
385 1992 254 69 d’après
665 1990 225 55 nature
918 2007 121 52 par
1065 1987 60 58 S.
1154 1988 263 71 Dupret.
1485 1988 206 71 Paris,
1720 1988 238 58 Gaston
1986 1990 165 56 Doin
2177 1990 49 56 &
2252 1991 126 72 cie.,

385 2069 163 55 1927.

451 2145 28 42 2
503 2159 39 37 p.
589 2179 21 17 l.,
635 2143 82 43 218
743 2158 54 38 p.,
829 2144 17 41 1
894 2178 8 8 l.
963 2142 115 44 illus.
1137 2140 55 46 27
1199 2144 47 18 cm
1253 2177 9 9 .

385 2198 1799 55 © Sept. 7, 1926; 1c. Dec. 8; A—Foreign 32517; Gaston Doin & cie.
386 2314 285 74 Railway
702 2314 284 75 training
1016 2314 304 73 institute,
1358 2315 289 73 Chicago.

532 2404 1852 73 … Locomotive practice; a practical textbook for the
388 2484 374 59 instruction
791 2484 68 57 of
885 2484 367 57 locomotive
1283 2483 326 73 engineers
1639 2486 124 57 and
1790 2484 274 74 firemen,
2093 2486 291 74 hostlers,

389 2564 124 57 and
555 2563 211 57 others
808 2562 66 56 in
918 2562 262 71 railway
1223 2562 262 73 employ,
1527 2561 344 61 interested
1911 2564 64 58 in
2017 2564 104 58 the
390 2584 1970 130 operation,
589 2660 161 52 care,
803 2640 122 58 and
972 2640 431 57 maintenance
1457 2640 67 57 of
1575 2640 239 74 freight
1866 2643 122 57 and
2040 2661 346 55 passenger

390 2719 414 59 locomotives.
888 2718 326 71 Prepared
1253 2719 198 57 under
1493 2719 104 59 the
1639 2718 397 73 supervision
2076 2722 123 56 and
2235 2720 151 58 with

390 2798 103 58 the
535 2798 306 71 approval
882 2797 68 57 of
992 2815 79 39 an
1113 2795 291 59 editorial
1444 2796 298 72 advisory
1777 2798 199 58 board
2017 2801 68 56 of
2126 2798 261 72 railway

388 2872 1974 155 mechanical officials … Chicago, Railway training institute [ c 1926]
459 3036 26 41 2
517 3047 39 29 v.
616 3030 130 52 illus.,
777 3031 166 53 diagrs.
1004 3030 53 43 22½
1092 3031 47 18 cm
1146 3063 8 8 .
1224 3028 233 55 (Railway
1490 3029 183 54 library,
1706 3029 56 45 T.
1796 3030 61 44 H.
1890 3029 192 53 Russell,
2164 3065 8 8 M.
2242 3064 24 17 A.,
391 3030 1975 111 editor-in-chief)

463 3145 257 54 “Prepared
750 3144 57 53 by
837 3145 92 42 Mr.
964 3140 251 48 Frederick
1241 3144 39 53 J.
1313 3141 276 56 Prior.”—p.
1622 3142 37 46 5.

389 3202 53 53 ©
470 3204 117 42 Nov.
613 3202 68 52 20,
711 3201 106 44 1926
832 3216 8 37 ;
870 3202 64 42 2c.
963 3200 108 44 each
1100 3201 111 43 Dec.
1243 3201 74 51 11;
1349 3201 78 42 aff.
1455 3202 110 41 Dec.
1595 3201 49 51 9;
1674 3201 44 42 A
1749 3198 178 56 958304,
1955 3199 189 54 958305;
2177 3199 207 55 Railway

457 3260 197 52 training
691 3258 213 44 institute.
974 3257 269 55 (26-23209)

391 3343 212 72 Bachs,
646 3343 303 73 Bernard,
993 3345 189 57 1858-

466 3436 129 61 The
625 3437 245 56 normal
902 3434 164 60 child
1096 3439 123 57 and
1248 3436 137 58 how
1414 3441 64 55 to
1506 3436 155 74 keep
1691 3435 53 62 it
1770 3436 244 58 normal
2042 3437 66 57 in
2137 3435 171 60 mind
2336 3436 49 57 &

387 3514 251 74 morals,
667 3513 397 75 suggestions
1090 3517 106 56 for
1221 3518 280 69 parents,
1529 3515 283 59 teachers
1842 3517 123 57 and
1991 3513 392 75 physicians;

388 3593 150 59 with
576 3614 36 37 a
651 3591 463 60 consideration
1155 3594 68 57 of
1260 3593 104 60 the
1404 3591 296 61 influence
1742 3593 69 58 of
1847 3591 536 75 psychoanalysis,

388 3669 1793 75 by B. Sachs … New York, P. B. Hoeber inc., 1926.
459 3765 41 33 v,
531 3750 90 49 111,
653 3749 52 50 [1]
737 3764 42 34 p.
838 3749 55 44 20
899 3752 16 18 cm
952 3784 9 9 .

461 3804 353 51 Bibliography:
846 3820 40 35 p.
922 3804 202 46 109-111.

392 3857 54 53 ©
476 3859 118 43 Nov.
628 3858 63 52 16,
722 3858 105 44 1926
843 3873 9 37 ;
882 3859 51 42 2c
962 3859 87 42 and
1078 3859 77 43 aff.
1187 3859 109 43 Dec.
1327 3859 50 51 3;
1409 3859 42 42 A
1482 3857 188 54 957409;
1704 3858 113 44 Paul
1851 3860 49 43 B.
1933 3860 198 52 Hoeber,
2163 3862 82 42 inc.

470 3914 269 56 (26-23216)
