2542 4285
0 0 0 0 426
367 343 399 72 Heermance,
806 344 217 72 Edgar
1058 342 218 75 Laing,
1318 347 187 57 1876-

441 433 128 56 The
611 432 193 58 ethics
846 433 67 56 of
950 433 305 72 business,
1297 452 36 37 a
1374 434 189 70 study
1602 434 67 57 of
1707 437 254 54 current
1999 435 355 72 standards,

364 510 82 71 by
481 509 220 72 Edgar
734 509 67 59 L.
839 509 403 59 Heermance.
1325 511 151 56 New
1510 510 173 58 York
1719 516 124 57 and
1877 511 278 75 London,
362 512 1970 146 Harper
511 587 48 58 &
591 588 308 71 brothers,
939 588 165 57 1926.

506 666 200 51 x, 244 p. 20½cm.
435 722 276 43 “Reference
749 721 258 44 literature”
1048 721 74 44 for
1161 721 278 45 “Industries
1479 723 87 44 and
1602 722 278 53 professions
1921 722 193 45 suitable
2152 722 73 45 for
363 731 1972 95 student
497 778 235 44 research”:
792 793 38 37 p.
860 778 204 44 219-228.
1137 778 329 44 “References”
1501 780 74 42 for
1605 779 253 44 “Research
1887 778 226 54 problems
2144 779 42 44 in
2219 778 137 46 social

362 835 166 44 ethics”:
592 851 39 37 p.
665 835 206 44 229-233.

358 889 53 54 ©
443 892 111 52 Apr.
592 890 62 53 15,
692 891 128 52 1926;
854 892 65 43 2c.
950 892 112 51 Apr.
1100 890 74 53 15;
1208 892 79 43 aff.
1322 892 112 52 Apr.
1471 891 74 53 17;
1582 893 44 42 A
1658 892 187 53 891060;
1882 893 52 47 E.
1970 894 48 42 L.
2055 894 297 49 Heermance,

429 948 116 44 New
578 948 177 44 Haven.
825 947 241 55 (26-9078)

364 1030 412 74 Homburger,
814 1031 267 73 August,
1122 1034 189 57 1873-

439 1108 434 73 Vorlesungen
920 1109 156 56 über
1120 1108 596 73 psychopathologie
1764 1110 108 59 des
1919 1109 384 58 kindesalter
2310 1129 46 52 s,

363 1186 1915 75 von August Homburger … Berlin, J. Springer, 1926.
500 1298 10 18 xx,
534 1262 79 45 852
636 1279 40 37 p.
734 1264 29 43 2
763 1265 122 43 3½cm.

431 1319 278 45 “Literatur”:
770 1335 41 38 p.
839 1320 235 53 [824]-841.

356 1376 53 54 ©
441 1379 98 52 Jan.
574 1380 62 50 11,
671 1378 129 52 1926;
862 1394 35 27 1c.
929 1380 119 42 Mar.
1079 1379 49 51 9;
1164 1378 44 42 A
1208 1377 256 53 —Foreign
1495 1375 160 55 30581;
1689 1378 146 52 Julius
1871 1377 229 53 Springer.

435 1434 268 54 (26-10041)

363 1519 258 68 Horton,
665 1519 256 72 George,
962 1521 190 57 1859-

442 1600 128 57 The
598 1598 201 74 blight
825 1601 69 57 of
918 1597 157 59 Asia;
1138 1616 79 37 an
1247 1602 258 54 account
1538 1600 67 56 of
1631 1600 104 57 the
1766 1597 365 73 systematic
361 1601 1975 134 extermination

698 1678 67 56 of
796 1676 320 58 Christian
1146 1674 404 73 populations
1580 1678 83 70 by
1690 1676 512 58 Mohammedans
2234 1677 124 56 and

364 1755 67 57 of
463 1755 103 58 the
599 1751 367 75 culpability
999 1755 67 58 of
1100 1755 238 56 certain
1373 1756 182 71 great
1584 1772 244 53 powers;
1893 1754 150 57 with
2077 1754 105 57 the
2216 1756 141 55 true

365 1829 1923 76 story of the burning of Smyrna, by George Horton …
361 1906 1995 75 with a foreword by James W. Gerard … Indianapolis,
363 1986 1198 74 The Bobbs-Merrill company [ c 1926]
429 2066 84 42 292
537 2080 39 37 p.
639 2065 153 50 front.,
819 2063 157 53 plates,
1001 2073 156 42 ports.,
1187 2079 140 37 maps.
1386 2065 54 42 22½
1473 2067 48 18 cm
1527 2100 9 9 .

354 2117 53 53 ©
440 2119 109 51 Apr.
587 2120 63 50 13,
686 2119 130 51 1926;
849 2119 65 42 2c.
949 2119 87 42 and
1070 2119 77 43 aff.
1183 2119 111 52 Apr.
1334 2117 73 52 17;
1445 2118 44 42 A
1522 2116 189 54 891057;
1750 2116 359 45 Bobbs-Merrill
2142 2133 65 28 co.

432 2175 242 54 (26-9178)

360 2259 260 73 Jordan,
661 2258 283 60 William
983 2260 68 56 F.

437 2336 258 59 Central
719 2338 337 57 American
1084 2337 260 58 Indians
1375 2338 123 57 and
1522 2338 105 56 the
1649 2337 197 72 Bible,
1874 2339 83 70 by
1982 2336 96 58 W.
2108 2336 71 57 F.
361 2336 1965 138 Jordan

598 2414 1686 73 … with introduction by W. Reginald Wheeler …
359 2493 151 57 New
555 2493 190 72 York,
798 2492 270 74 Chicago
1121 2496 145 69 [etc.]
1317 2493 289 72 Fleming
1652 2492 78 57 H.
1781 2493 218 57 Revell
2047 2510 303 54 company

358 2602 12 43 [
373 2580 18 23 c
395 2573 163 72 1926]

424 2651 50 45 91
505 2666 39 37 p.
606 2651 150 47 front.,
785 2666 72 37 pl.,
884 2658 155 44 ports.,
1067 2650 108 45 fold.
1205 2665 115 37 map.
1384 2652 48 42 19½
1467 2653 48 17 cm
1521 2686 8 7 .

354 2704 52 54 ©
440 2706 105 44 Feb.
578 2707 38 49 6,
651 2705 129 53 1926;
812 2706 64 43 2c.
909 2707 87 42 and
1027 2707 78 42 aff.
1137 2706 112 52 Apr.
1288 2706 73 52 14;
1397 2706 44 42 A
1475 2705 187 52 890319;
1699 2703 209 54 Fleming
1941 2705 62 43 H.
2038 2703 159 44 Revell
2228 2719 66 28 co.

431 2761 241 56 (26-9005)

360 2844 272 73 Jüptner
662 2861 125 42 von
820 2843 330 72 Jonstorff,
1189 2844 237 71 Hanns,
1458 2843 291 74 freiherr,
1785 2845 190 56 1853-

504 2920 1848 74 … Gas, dampf und flüssigkeit, von hofrat professor ing.
360 2998 179 58 Hans
561 3019 122 38 von
707 2999 293 71 Jüptner.
1085 3000 121 57 Mit
1229 3002 32 55 7
1287 2999 416 73 abbildungen
1728 2999 128 57 und
1880 3000 72 56 34
1976 2998 269 58 tabellen
2269 2997 85 57 im

360 3076 1212 73 text … Leipzig, O. Spanier, 1925.
425 3155 49 42 61
516 3171 37 37 p.
594 3154 99 44 incl.
734 3155 157 53 tables,
928 3153 167 54 diagrs.
1161 3156 54 42 22
1222 3157 46 18 cm
1275 3190 9 8 .
1359 3154 389 55 (Monographien
1790 3171 80 27 zur
1909 3153 441 53 feuerungstechnik,

353 3212 84 43 hft.
460 3212 51 53 8)

427 3266 302 47 “Erweiterer
755 3269 309 45 Sonderdruck
1089 3284 78 28 aus
1194 3267 484 54 ‘Feuerungstechnik’,
1809 3304 7 7 XIII.
1844 3267 268 54 jahrgang.”

353 3324 53 54 ©
443 3327 106 43 Dec.
584 3327 40 50 2,
662 3325 103 45 1925;
857 3342 35 28 1c.
928 3326 105 44 Feb.
1070 3327 37 49 2,
1147 3326 104 43 1926;
1314 3326 44 42 A
1360 3325 254 54 —Foreign
1650 3324 134 46 30185;
1852 3325 111 45 Otto
2002 3323 202 54 Spanier.

431 3382 242 55 (26-9998)

357 3466 187 69 Justi,
588 3466 282 74 Ludwig,
916 3470 190 56 1876-

433 3542 1916 75 Giorgione, von Ludwig Justi … Berlin, D. Reimer,
357 3624 164 56 1926.

426 3702 25 41 2
483 3715 40 29 V.
583 3699 132 52 illus.,
748 3700 155 52 plates.
964 3700 52 44 30
1024 3703 45 17 cm
1077 3735 7 8 .

428 3759 112 45 Part
575 3757 52 42 of
658 3757 73 44 the
768 3757 140 53 plates
943 3756 316 53 accompanied
1291 3758 59 51 by
1384 3756 146 53 guard
1565 3755 145 44 sheets
1746 3754 110 45 with
1893 3752 271 54 descriptive
2198 3753 153 43 letter-

357 3828 140 37 press.

353 3869 53 53 ©
447 3871 107 43 Dec.
597 3872 36 49 1,
676 3869 129 52 1925;
875 3886 35 27 1c.
952 3871 119 42 Mar.
1112 3871 36 47 9,
1193 3870 129 50 1926;
1367 3867 303 54 A—Foreign
1710 3866 161 53 30617;
1916 3866 205 44 Dietrich
2163 3864 184 46 Reimer

433 3926 164 54 (Ernst
632 3926 185 44 Vohsen
852 3941 37 28 a.
925 3926 68 53 g.)
1070 3925 269 55 (26-10060)
