2542 4285
1417 3973 145 54 1628

542 440 23 37 1
635 470 8 7 v.
713 437 64 48 (A
812 437 150 40 series
996 437 52 39 of
1082 435 367 40 mathematical
1484 437 144 45 texts,
1663 435 72 39 ed.
1770 435 61 46 by
1866 435 145 39 Earle
2047 435 253 46 Raymond
472 434 1971 100 Hedrick
586 493 14 48 )

471 545 57 53 ©
557 550 101 40 Oct.
690 550 69 46 13,
792 548 141 47 1926;
968 548 67 40 2c.
1069 549 96 38 and
1200 547 82 40 aff.
1317 547 102 41 Oct.
1454 548 80 46 14;
1570 546 41 39 A
1643 546 200 48 949510;
1880 546 282 40 Macmillan
2195 557 69 29 co.

474 657 322 62 Hamilton,
826 656 277 54 Clarence
1133 656 207 53 Grant.

544 731 1860 71 Epochs in musical progress, by Clarence G. Hamilton …
472 812 98 51 4th
599 830 134 49 year
761 811 65 52 of
855 830 30 32 a
913 811 172 68 study
1112 828 193 34 course
1333 811 60 50 in
1421 810 179 52 music
1626 809 457 69 understanding
2113 810 249 67 adopted
2391 810 76 68 by

473 890 96 51 the
608 888 273 52 National
921 887 322 52 federation
1283 886 64 53 of
1385 887 179 52 music
1603 887 171 53 clubs.
1850 888 235 66 Boston,
2124 887 139 53 New
2305 887 163 52 York

498 970 118 61 [etc.]
649 964 198 55 Oliver
872 965 208 52 Ditson
1108 982 281 50 company
1421 997 12 34 [
1438 970 18 22 c
1460 967 154 64 1926]

543 1045 1499 48 4 p. l., 278 p. front., illus. (incl. ports.) diagrs. 19½ cm .
476 1096 55 53 ©
559 1102 128 47 Sept.
716 1101 69 48 25,
815 1101 140 47 1926;
987 1102 67 39 2c.
1083 1103 95 37 and
1241 1101 49 40 aff.
1320 1102 102 40 Oct.
1448 1103 54 46 4;
1533 1102 41 38 A
1603 1101 199 48 950288;
1836 1101 164 41 Oliver
2030 1101 175 40 Ditson
2235 1113 68 29 co.

477 1209 316 63 Haringer,
825 1209 209 63 Jakob,
1073 1213 170 49 1883-

608 1287 1864 72 … Kind im grauen haar. Frankfurt am Main, Iris-verlag,
480 1367 148 50 1926.

545 1448 88 40 150
658 1458 45 38 p.
762 1447 58 41 18½
849 1449 46 23 cm
898 1479 11 10 .

545 1505 184 40 Poems.

478 1554 1642 55 © May 15, 1926; 1c. Oct. 8; A—Foreign 32355; Iris-verlag.
558 1615 252 49 (27-2593)

481 1709 285 63 Hispanic
798 1710 226 63 society
1057 1710 64 52 of
1154 1710 295 53 America.

554 1786 163 70 Goya
752 1788 60 52 in
845 1788 95 52 the
975 1788 295 52 collection
1304 1788 65 52 of
1403 1789 95 51 the
1531 1789 285 68 Hispanic
1850 1789 211 69 society
2093 1789 65 53 of
2190 1789 283 54 America.

486 1865 97 54 Oil
614 1866 311 67 paintings.
1001 1866 139 52 New
1174 1866 179 67 York,
1385 1867 122 52 The
1539 1866 285 68 Hispanic
1856 1867 210 68 society
2099 1866 64 53 of
2192 1866 283 68 America,

489 1946 147 49 1926.

487 2024 1990 108 v, 29 p. front., illus., v pl. (incl. ports.) 16½ cm . (Half-title: Hispanic notes & monographs; essays, studies, and brief biographies issued
488 2141 58 46 by
576 2141 82 39 the
689 2139 239 49 Hispanic
958 2139 183 49 society
1169 2139 52 41 of
1250 2139 241 42 America.
1550 2140 267 48 Catalogue
1846 2139 177 50 series)

557 2197 378 48 Bibliography:
965 2208 44 37 p.
1037 2195 161 43 28-29.

925 2254 346 48 CONTENTS.—Biographical
1313 2253 212 49 preface.
1539 2277 60 6 —
1615 2255 139 40 Dona
1797 2253 160 42 Maria
1999 2255 77 40 del
2120 2254 136 41 Pilar
2298 2255 180 41 Teresa

490 2311 249 48 Cayetana
780 2312 58 39 de
880 2311 133 41 Silva
1053 2311 207 40 Alvarez
1300 2312 58 40 de
1398 2311 194 48 Toledo,
1632 2311 272 41 thirteenth
1945 2312 206 40 duchess
2189 2311 52 42 of
2282 2312 200 40 Alba.—

489 2369 105 40 Don
647 2369 199 39 Alberto
897 2368 247 41 Foraster.
1160 2389 60 8 —
1234 2368 109 40 Don
1395 2368 197 40 Manuel
1641 2368 212 49 Lapena,
1903 2368 219 49 marquis
2171 2368 53 41 of
2274 2368 203 41 Bondad

491 2426 448 48 Real.—Supposed
979 2425 212 49 portrait
1231 2425 52 41 of
1319 2423 116 43 José
1471 2425 221 48 Romero,
1731 2427 104 39 also
1873 2425 178 41 known
2086 2436 56 30 as
2179 2424 213 50 portrait
2429 2424 52 42 of

491 2484 154 39 Pedro
679 2483 528 41 Mocarte.—Sketches
1237 2482 82 40 for
1349 2492 167 31 scenes
1548 2482 52 40 of
1632 2483 114 47 May
1777 2482 148 49 third,
1957 2481 356 43 1808.—Notes.

485 2534 55 53 ©
566 2541 114 45 May
705 2541 39 46 1,
770 2539 116 40 1926;
940 2540 68 39 2c.
1034 2540 112 40 Dec.
1175 2539 56 40 27;
1289 2538 82 41 aff.
1400 2540 113 39 Dec.
1541 2539 56 38 24;
1654 2538 41 39 A
1723 2538 174 40 958495;
1955 2538 238 49 Hispanic
2222 2537 182 47 society
2433 2537 51 41 of

553 2595 239 41 America.
863 2595 252 48 (27-2013)

487 2675 258 63 Holmes,
786 2677 220 51 Ernest
1044 2675 311 55 Shurtleff.

555 2755 122 51 The
717 2754 213 53 science
968 2754 67 52 of
1073 2754 189 67 mind;
1307 2772 31 34 a
1380 2754 275 67 complete
1696 2772 194 35 course
1929 2754 64 52 of
2034 2755 213 52 lessons
2287 2754 59 52 in
2390 2754 94 52 the

485 2831 212 52 science
726 2830 64 53 of
816 2831 162 52 mind
1007 2832 113 52 and
1150 2832 188 67 spirit,
1367 2831 75 69 by
1472 2832 210 52 Ernest
1713 2830 281 56 Shurtleff
2024 2831 254 53 Holmes.
2346 2831 138 53 New

489 2908 176 67 York,
692 2908 68 53 R.
785 2909 78 51 M.
889 2908 276 53 McBride
1189 2911 46 50 &
1260 2926 298 51 company,
1585 2912 148 49 1926.

559 2989 1013 48 xxvi p., 1 l., 27-398 p. diagrs. 21 cm .
490 3039 55 53 ©
581 3046 119 39 Nov.
738 3046 69 46 27,
849 3045 142 47 1926;
1032 3047 68 38 2c.
1140 3047 95 38 and
1276 3046 70 40 aff
1399 3048 112 38 Dec.
1552 3047 82 47 27;
1675 3047 41 39 A
1755 3047 200 47 957821;
1998 3047 137 39 Anna
2179 3047 50 41 C.
2270 3047 214 48 Holmes,

558 3101 178 48 Palms,
770 3102 145 40 Calif.
986 3101 222 48 (27-676)

493 3182 201 63 Israel,
723 3183 223 63 Henry,
978 3182 171 54 1877-
1315 3186 84 51 ed.

559 3260 329 53 Handbook
913 3260 64 52 of
1002 3263 158 50 rural
1187 3262 173 52 social
1387 3281 301 49 resources,
1714 3263 84 52 ed.
1827 3263 76 69 by
1930 3264 205 69 Henry
2162 3264 183 53 Israel
2374 3264 113 52 and

492 3338 225 51 Benson
750 3338 71 51 Y.
854 3338 231 52 Landis.
1158 3339 269 69 Chicago,
1461 3341 113 66 Ill.,
1608 3342 121 51 The
1761 3341 340 69 University
2135 3340 64 54 of
2235 3340 252 70 Chicago

490 3432 156 49 press
681 3417 173 65 [1926]

587 3496 69 39 1 v.
494 3544 52 53 ©
573 3551 120 47 Aug.
720 3552 69 46 31,
818 3551 115 40 1926;
989 3553 68 39 2c.
1088 3553 101 41 Oct.
1217 3554 56 38 26;
1331 3554 83 40 aff.
1443 3555 102 40 Oct.
1573 3555 56 40 27;
1686 3556 42 38 A
1755 3554 174 42 949714;
1989 3556 283 48 University
2302 3557 51 40 of
563 3556 1910 98 Chicago,
727 3607 224 49 Chicago.

496 3685 232 64 Kepler,
755 3688 254 63 Johann,
1043 3690 324 53 1571-1630.

567 3764 110 53 Die
703 3768 306 67 astrologie
1035 3768 95 53 des
1157 3769 293 53 Johannes
1475 3771 243 67 Kepler;
1748 3772 121 52 eine
1895 3773 254 52 auswahl
2174 3791 100 35 aus
2300 3773 192 53 seinen

527 3842 269 69 schriften,
829 3845 324 67 eingeleitet
1185 3847 118 52 und
1337 3846 152 70 hrsg.
1525 3867 109 34 von
1668 3850 187 52 Heinz
1891 3850 184 52 Artur
2110 3850 231 55 Strauss
2373 3852 118 52 und
