2609 4293
1459 4009 109 56 100

521 349 284 73 Colborn,
842 352 240 73 George
1115 352 74 58 D.

597 439 271 58 Succeed
902 440 150 57 with
1089 442 247 58 “club”
1373 440 371 74 aluminum;
1780 463 35 37 a
1850 461 284 56 message
2169 445 64 57 to
2268 462 142 38 men
2443 443 66 58 in

518 522 103 58 the
692 520 146 59 field
911 521 341 75 regarding
1322 522 1031 74 methods—merchandise—men,
2429 526 81 70 by

520 597 1990 75 George D. Colborn … Chicago, Ill., The Club aluminum
519 694 307 53 company
858 705 13 44 [
871 684 20 22 c
895 677 165 72 1925]

591 751 77 43 190
698 765 39 38 p.
771 751 101 44 incl.
904 750 150 52 front.,
1086 752 142 52 diagr.
1289 751 52 44 20c
1366 753 29 18 m
1401 785 9 9 .

518 805 54 54 ©
598 807 108 44 Dec.
732 808 66 51 24,
829 807 130 53 1925;
986 809 64 43 2c.
1077 810 88 42 and
1190 809 79 43 aff.
1296 810 99 51 Jan.
1421 808 68 53 23,
1521 808 103 43 1926;
1680 809 44 42 A
1752 807 189 55 879388;
1973 808 114 45 Club
2116 809 247 45 aluminum
2389 826 66 28 co.

597 863 242 56 (26-3183)

522 963 308 72 Congress
865 980 80 41 on
978 963 323 58 Christian
1329 963 176 59 work
1533 963 69 57 in
1636 963 201 59 South
1867 963 307 70 America,
597 965 1891 149 Montevideo,
762 1042 165 57 1925.

600 1128 323 60 Christian
949 1131 172 57 work
1147 1131 66 56 in
1243 1131 199 58 South
1468 1130 294 58 America;
1822 1130 218 59 official
2066 1136 217 67 report
2312 1132 67 57 of
2408 1132 103 57 the

524 1206 314 75 Congress
868 1228 79 39 on
977 1207 322 60 Christian
1323 1208 173 58 work
1521 1207 65 57 in
1616 1208 198 59 South
1840 1208 310 74 America,
2181 1212 65 55 at
519 1209 1970 149 Montevideo,

751 1286 326 73 Uruguay,
1109 1285 205 74 April,
1351 1287 166 72 1925,
1553 1286 208 58 edited
1789 1287 84 71 by
1907 1285 367 60 Committee
2310 1305 77 40 on
522 1307 1964 128 cooperation

881 1363 1630 75 in Latin America … New York, Chicago [etc.]
518 1442 290 74 Fleming
834 1441 80 59 H.
946 1442 217 59 Revell
1193 1460 308 55 company
1530 1471 13 45 [
1545 1449 19 24 c
1567 1442 165 76 1925]

591 1521 310 48 2 v. 19½ cm .
859 1604 101 18 CONTENTS.—I.
985 1578 294 52 Unoccupied
1302 1578 142 45 fields.
1498 1578 197 44 Indians.
1751 1578 266 46 Education.
2072 1577 302 54 Evangelism.
523 1577 1969 103 Social

644 1642 295 40 movements.
1004 1634 171 44 Health
1214 1632 336 55 ministry.—II.
1588 1633 179 46 Church
1804 1637 88 42 and
1927 1635 74 44 the
2038 1635 287 53 community.
522 1633 1971 112 Religious

681 1691 251 46 education.
992 1691 267 44 Literature.
1317 1691 237 44 Relations
1582 1692 200 43 between
1812 1691 181 52 foreign
2021 1692 87 43 and
2134 1689 206 46 national
523 1692 1971 101 workers.

666 1748 180 54 Special
872 1747 213 54 religious
1114 1748 239 53 problems.
1413 1746 300 54 Cooperation
1740 1750 88 42 and
1853 1749 139 52 unity.

519 1803 53 53 ©
606 1805 119 43 Nov.
756 1805 68 51 28,
859 1802 129 54 1925;
1023 1805 64 42 2c.
1124 1804 109 43 each
1266 1806 88 42 and
1386 1805 80 43 aff.
1500 1805 100 52 Jan.
1634 1804 67 52 30,
1739 1803 129 52 1926;
1903 1805 44 42 A
1984 1803 187 54 883088;
2209 1803 208 54 Fleming
2451 1805 62 42 H.

590 1862 160 43 Revell
784 1877 64 28 co.
917 1860 242 55 (26-3297)

522 1957 454 74 Cunningham,
1011 1957 285 60 William
1332 1958 229 72 Hayes,
1601 1960 190 57 1887-

599 2048 361 73 Character,
997 2050 264 57 conduct
1300 2050 123 57 and
1464 2048 217 73 study;
1719 2048 138 58 how
1894 2051 62 56 to
1995 2047 176 59 make
2209 2048 105 59 the
2349 2052 163 55 most

522 2127 70 58 of
621 2128 208 57 school
857 2128 130 71 life,
1019 2128 398 72 suggestions
1447 2127 104 58 for
1584 2128 286 57 students
1902 2127 65 57 in
1994 2127 149 72 high
2178 2126 225 73 school,
2432 2128 82 70 by

517 2204 1992 76 William H. Cunningham … New York and London, G. P.
521 2284 333 60 Putnam’s
891 2303 144 39 sons
1074 2314 12 43 [
1088 2292 19 22 c
1111 2285 163 72 1926]

587 2364 79 43 viii
694 2379 55 38 p.,
783 2366 18 41 1
855 2400 23 15 l.,
911 2365 76 44 118
1017 2378 40 38 p.
1121 2362 49 44 17
1178 2366 46 18 cm
1233 2398 6 7 .

520 2417 53 54 ©
598 2421 99 51 Jan.
721 2420 69 51 29,
818 2419 107 44 1926;
974 2420 64 42 2c.
1063 2421 87 42 and
1172 2420 79 42 aff.
1278 2418 106 47 Feb.
1410 2419 51 52 2;
1490 2419 44 42 A
1558 2416 191 54 879470;
1778 2419 75 43 W.
1882 2418 61 44 H.
1973 2417 328 53 Cunningham,
2331 2419 183 43 Boston.

597 2475 243 55 (26-3398)

520 2574 248 73 Davies,
809 2574 283 60 William
1128 2574 233 74 Henry,
1405 2576 190 57 1871-

664 2666 1850 74 … Later days. New York, George H. Doran company
521 2777 13 42 [
534 2754 21 21 c
558 2747 165 71 1926]

586 2824 84 45 234
697 2837 42 38 p.
797 2823 57 45 20
859 2826 47 18 cm
912 2861 9 8 .

587 2881 67 43 At
677 2881 114 44 head
846 2881 21 43 of
890 2880 99 46 title
1005 2895 9 29 :
1044 2881 70 51 By
1138 2882 74 43 W.
1241 2880 62 43 H.
1331 2880 183 46 Davies.

518 2932 53 54 ©
601 2935 100 51 Jan.
730 2935 68 50 22,
831 2934 131 53 1926;
992 2935 64 44 2c.
1087 2936 88 42 and
1205 2936 78 43 aff.
1317 2936 99 52 Jan.
1447 2936 79 51 28;
1559 2935 44 42 A
1635 2933 191 54 879407;
1863 2933 182 54 George
2074 2936 61 42 H.
2169 2934 161 43 Doran
2359 2949 67 29 co.

597 2991 242 53 (26-3024)

598 3091 129 57 The
756 3089 186 73 diary
967 3092 70 57 of
1064 3112 35 37 a
1125 3111 212 54 young
1363 3093 148 72 lady
1540 3093 66 57 of
1634 3092 255 58 fashion
1916 3092 65 57 in
2010 3091 103 58 the
2144 3108 155 54 year
2327 3091 192 57 1764-

517 3167 166 72 1765,
714 3168 84 72 by
829 3166 225 60 Cleone
1084 3169 221 72 Knox;
1337 3169 206 58 edited
1571 3171 84 72 by
1681 3170 115 57 her
1822 3169 305 71 kinsman,
2159 3167 361 57 Alexander

517 3245 266 58 Blacker
826 3247 189 56 Kerr.
1115 3247 153 58 New
1309 3249 191 72 York,
1544 3249 75 57 D.
1664 3247 320 73 Appleton
2029 3247 125 57 and
2194 3264 324 52 company,

515 3325 165 56 1926.

584 3400 80 54 vii,
682 3401 85 45 249
786 3416 41 39 p.
885 3401 52 45 21
946 3405 47 18 cm
999 3438 9 9 .

517 3456 52 53 ©
598 3459 100 51 Jan.
726 3459 66 52 22,
826 3460 129 53 1926;
985 3460 65 44 2c.
1082 3462 87 43 and
1199 3462 77 43 aff.
1308 3464 98 51 Jan.
1435 3462 79 53 26;
1547 3463 44 42 A
1622 3459 190 55 879394;
1847 3462 58 44 D.
1934 3460 226 53 Appleton
2190 3458 87 44 and
2308 3473 65 29 co.

594 3514 243 55 (26-3115)

515 3599 329 73 Douglass,
886 3601 246 59 Harlan
1169 3603 176 70 Paul,
1388 3606 189 58 1871-

592 3688 161 60 How
791 3691 160 57 shall
989 3696 267 70 country
1291 3695 198 73 youth
1523 3696 74 56 be
1641 3693 261 58 served?
1980 3691 61 56 A
2080 3690 187 71 study
2306 3689 66 57 of
2409 3688 105 56 the

513 3769 284 56 “rural”
860 3770 173 58 work
1097 3772 67 58 of
1228 3772 242 59 certain
1531 3771 286 59 national
1879 3766 635 72 character-building

513 3847 305 73 agencies,
861 3848 82 72 by
982 3850 80 56 H.
1105 3850 162 57 Paul
1305 3851 335 72 Douglass.
1722 3849 155 58 New
1913 3846 190 69 York,
2148 3844 242 73 George
2430 3842 84 57 H.

508 3923 217 59 Doran
753 3945 306 54 company
1087 3958 13 45 [
1102 3936 19 22 c
1124 3930 164 73 1926]
