2542 4285
1356 3982 110 56 452

421 340 377 58 Conference
835 340 67 57 of
933 340 282 57 teachers
1253 340 66 57 of
1354 338 449 59 international
1835 339 139 59 law.
2049 342 99 71 2d,
492 342 1887 150 Washington,

760 420 73 55 D.
871 418 87 74 C.,
992 419 166 56 1925.

495 507 418 75 Proceedings
958 511 68 57 of
1064 511 103 58 the
1212 508 225 60 second
1481 508 380 60 Conference
1906 511 67 57 of
2012 510 284 57 teachers
2339 511 67 57 of

417 584 448 60 international
898 589 118 55 law
1053 587 123 56 and
1212 587 241 58 related
1491 586 272 72 subjects
1798 587 146 58 held
1977 586 65 57 in
419 588 1964 146 Washington,
575 665 73 56 D.
685 664 84 70 C.,

803 663 187 73 April
1023 664 203 71 23-25,
1262 664 165 55 1925.
1497 661 437 74 Washington,
1969 663 305 73 Carnegie
419 683 1963 117 endowment
750 744 103 55 for
879 740 451 57 international

1354 760 206 52 peace,
1591 741 164 56 1926.

487 818 96 52 xiii,
622 820 79 44 163
742 832 41 38 p.
841 815 53 45 25½
931 820 47 18 cm
983 853 9 8 .
1061 815 294 54 (Half-title:
1402 817 312 45 Publications
1756 818 52 45 of
1848 817 75 45 the
1963 817 221 51 Carnegie
419 819 1966 101 endowment
564 876 74 43 for
662 873 321 46 international

1010 887 147 37 peace.
1218 873 209 44 Division
1454 875 52 44 of
1530 873 324 45 international
1881 875 101 49 law,
2009 873 334 52 Washington)

491 933 259 49 Sponsored
785 932 60 50 by
878 932 74 43 the
990 929 223 52 Carnegie
1248 931 287 44 endowment
1573 931 72 45 for
1682 929 319 47 international
2037 944 135 37 peace
2207 931 200 50 through

419 989 56 43 its
504 987 210 45 Division
744 989 53 43 of
824 986 324 45 international
1178 985 99 46 law.

413 1041 53 53 ©
495 1043 111 52 Apr.
639 1043 61 49 19,
735 1041 128 51 1926;
895 1041 64 42 2c.
991 1041 86 42 and
1107 1040 79 43 aff.
1217 1040 111 51 Apr.
1360 1040 78 51 20;
1470 1040 44 42 A
1546 1039 187 52 891094;
1769 1038 222 54 Carnegie
2020 1040 282 44 endowment
2334 1040 75 44 for

483 1097 315 45 international
832 1111 148 38 peace.
1049 1095 241 55 (26-9444)

421 1197 384 72 Conyngton,
841 1196 286 56 Thomas.

493 1282 1914 75 Business law, by Thomas Conyngton … and Louis O.
417 1362 1992 74 Bergh … Revised by Louis O. Bergh. New York, The
415 1442 243 57 Ronald
687 1459 182 53 press
902 1459 306 53 company
1241 1470 14 43 [
1255 1449 20 22 c
1279 1442 163 72 1926]

484 1520 63 51 xi,
571 1518 80 45 509
673 1534 39 37 p.
736 1518 101 43 incl.
864 1520 156 42 forms.
1078 1518 55 42 22
1140 1521 47 18 cm
1194 1553 9 9 .

414 1576 52 54 ©
496 1578 112 51 Apr.
639 1577 68 50 20,
742 1576 106 44 1926;
903 1576 64 44 2c.
997 1577 113 52 Apr.
1140 1577 78 51 23;
1250 1576 79 43 aff.
1362 1576 112 52 Apr.
1504 1574 79 54 27;
1617 1576 43 42 A
1691 1574 191 53 891178;
1917 1574 177 46 Ronald
2129 1590 123 38 press
2286 1590 65 29 co.

491 1633 241 54 (26-9472)

417 1717 89 57 De
542 1717 92 57 La
665 1716 224 72 Roche,
922 1717 200 71 Mazo,
1159 1718 190 57 1885-

415 1806 1974 150 Delight, by Mazo De La Roche … New York, The Macmillan company, 1926.
486 1960 22 45 5
531 1978 40 37 p.
595 1962 25 44 l.,
659 1961 137 44 3-232
816 1976 40 38 p.
919 1963 52 43 19½
1004 1965 47 17 cm
1057 1997 9 9 .

413 2019 52 54 ©
493 2021 111 51 Apr.
630 2019 67 50 27,
728 2020 130 52 1926;
885 2020 66 43 2c.
980 2019 87 44 and
1093 2020 79 43 aff.
1202 2020 112 52 Apr.
1340 2019 79 53 28;
1448 2020 44 42 A
1520 2016 188 55 890530;
1738 2018 266 45 Macmillan
2031 2034 67 30 co.

492 2075 241 56 (26-9567)

413 2160 288 70 Dickson,
742 2160 169 59 John
943 2159 210 58 Amos.

489 2253 334 56 Dickson’s
850 2251 321 57 universal
1200 2254 235 68 system
1467 2252 67 56 of
1565 2251 343 57 education.
1982 2252 128 57 The
2139 2252 120 56 law
2287 2253 124 57 and

415 2330 258 57 outlaws;
741 2348 39 37 a
811 2329 133 56 real
973 2330 223 56 drama
1227 2328 67 57 of
1326 2327 231 58 human
1590 2329 111 56 life
1737 2329 123 56 and
1896 2330 233 70 system
2166 2329 66 57 of
416 2330 1969 136 education

660 2407 194 57 based
896 2425 79 37 on
1014 2406 103 57 the
1157 2405 196 72 Bible,
1400 2405 304 58 statistics
1747 2407 123 56 and
1910 2406 264 72 history,
2254 2426 58 37 v.
2357 2409 51 55 1.

411 2482 1974 137 By Jno. A. Dickson … Oklahoma City, Okla., The Universal
663 2561 393 57 educational
1099 2579 86 39 co.
1232 2562 180 72 [1926]

484 2637 27 44 6
537 2652 40 38 p.
626 2672 21 16 l.,
681 2635 51 46 55
764 2652 39 38 p.
865 2637 136 43 front
1029 2636 189 54 (port.),
1249 2636 116 43 illus.
1424 2636 52 44 23
1485 2638 46 18 cm
1538 2670 9 9 .
1615 2636 288 54 (On-cover:
1940 2637 149 43 Heart
2121 2635 50 46 of
2204 2636 131 45 Bible
2366 2638 43 43 in

412 2710 25 27 a
467 2694 206 43 nutshell,
732 2709 41 28 v.
808 2695 33 41 1.
874 2693 246 44 Universal
1153 2701 168 44 system
1350 2692 51 44 of
1432 2692 248 46 education.

412 2749 52 54 ©
503 2751 118 43 Mar.
656 2750 64 51 20,
762 2750 129 51 1926;
928 2750 64 43 2c.
1029 2750 86 43 and
1152 2750 78 43 aff.
1268 2750 112 51 Apr.
1415 2749 79 52 26;
1530 2749 44 42 A
1612 2748 186 53 890480;
1837 2748 40 53 J.
1914 2749 56 43 A.
2009 2748 219 53 Dickson,
481 2748 1905 103 Oklahoma
654 2806 117 53 City,
812 2806 120 44 Okla

417 2889 324 72 Dilworth,
784 2889 225 58 Hiram
1045 2891 270 57 Powers.

420 2980 1964 153 Memorial sonnets … by Hiram Powers Dilworth. [Chicago,
616 3061 191 57 Press
835 3062 69 57 of
932 3060 152 58 Saul
1106 3061 310 59 brothers.
1442 3068 20 21 c
1465 3060 165 71 1926]

491 3137 81 49 [56]
602 3152 55 37 p.,
690 3141 19 42 1
738 3139 27 45 1.
823 3138 58 44 20½
913 3140 48 18 cm
966 3174 9 9 .

414 3190 52 54 ©
493 3193 110 52 Apr.
632 3192 68 51 23,
731 3191 129 52 1926;
888 3192 64 43 2c.
979 3192 89 44 and
1094 3192 79 43 aff.
1202 3192 112 51 Apr.
1339 3190 80 54 26;
1449 3192 44 42 A
1523 3189 188 54 893580;
1744 3191 62 43 H.
1838 3192 50 42 P.
1920 3190 243 52 Dilworth,
2195 3188 211 55 Chicago.

491 3246 240 57 (26-9550)

417 3331 135 73 Ely,
594 3330 226 60 Edwin
855 3331 344 73 Augustus,
1243 3333 191 57 1836-

495 3423 306 57 Personal
849 3421 295 61 memoirs
1199 3424 67 56 of
1319 3423 223 58 Edwin
1595 3424 73 56 A.
1723 3423 141 73 Ely,
1918 3422 207 59 edited
2175 3426 83 70 by
2308 3422 98 60 his

417 3500 273 72 nephew,
738 3501 306 57 Ambrose
1094 3501 73 57 E.
1215 3500 415 74 Vanderpoel.
1713 3502 150 56 New
1908 3501 191 71 York,
2149 3500 258 60 Charles

419 3579 263 59 Francis
713 3598 200 53 press,
945 3580 166 59 1926.

488 3654 1227 54 2 p. l., 517 p. front., illus., plates, ports. 23 cm .
491 3712 212 47 “Edition
732 3712 175 45 limited
935 3720 50 38 to
1008 3714 84 44 200
1118 3713 192 52 copies.”

488 3770 268 52 Appendix:
788 3769 164 45 Poems
977 3771 54 44 of
1059 3769 148 47 Smith
1235 3767 99 54 Ely,
1361 3769 59 52 jr.
1437 3786 9 29 :
1472 3784 42 37 p.
1558 3768 219 49 [502]-517.

413 3822 52 54 ©
498 3825 111 51 Apr.
646 3824 62 52 12,
745 3823 106 44 1926;
906 3824 65 43 2c.
1004 3824 113 52 Apr.
1147 3825 79 51 22;
1262 3825 78 42 aff.
1376 3824 111 52 Apr.
1520 3824 79 52 20;
1634 3824 43 44 A
1708 3822 189 54 890459;
1934 3823 226 50 Ambrose
2193 3821 52 48 E.
483 3824 1900 110 Vanderpoel,

713 3879 236 53 Chatham,
986 3880 60 44 N.
1082 3881 40 53 J.
1192 3880 241 55 (26-9483)
