2542 4285
1374 4017 151 59 1180

437 398 390 68 Marcachou,
863 398 177 71 Jean,
1080 417 191 53 comp.

582 487 1834 72 … Histoires de Flandre et de Wallonie. Paris, Les
437 565 286 61 Éditions
763 569 75 57 de
876 569 260 71 France,
1175 574 19 23 c
1197 567 165 58 1926.

509 658 739 54 2 p. l., iii, 254 p., 1 l. 19 cm .
435 725 1873 63 © July 23, 1926; 1c. Sept. 7; A— Foreign 31857; Éditions de France.
514 790 267 55 (26-18642)

437 891 346 69 Marchant,
822 891 109 59 Sir
965 890 230 70 James,
1235 893 189 57 1867-
1580 891 90 58 ed.

510 983 361 73 Anthology
899 984 67 57 of
992 984 210 71 Jesus,
1231 987 314 69 arranged
1575 983 122 57 and
1727 983 208 60 edited
1961 985 82 70 by
2074 981 103 61 Sir
2207 982 216 59 James

433 1059 1990 74 Marchant … New York and London, Harper & brothers,
436 1141 164 59 1926.

505 1230 553 52 7 p. l., 419 p. 19½c m .
507 1299 124 46 “List
657 1302 53 44 of
739 1300 258 45 references
1023 1306 46 38 to
1097 1298 187 47 authors
1311 1299 87 45 and
1425 1298 211 45 sources”:
1690 1312 40 36 p.
1758 1297 203 47 385-405.

439 1366 52 53 ©
527 1366 118 53 Sept.
680 1365 60 52 15,
778 1366 129 52 1926;
940 1366 64 43 2c.
1038 1366 101 44 Oct.
1172 1365 48 52 6;
1252 1366 78 42 aff.
1365 1365 101 44 Oct.
1502 1365 74 52 18;
1612 1365 43 42 A
1688 1363 187 54 950483;
1912 1366 184 53 Harper
2127 1366 38 44 &
2195 1366 118 44 bros.

518 1423 269 56 (26-18121)

439 1525 286 70 Masters,
767 1524 217 72 Edgar
1019 1523 137 73 Lee,
1198 1525 188 57 1868-

519 1614 152 71 Lee;
711 1635 35 37 a
784 1614 310 58 dramatic
1125 1631 198 54 poem,
1360 1614 84 72 by
1479 1614 219 71 Edgar
1732 1615 121 57 Lee
1891 1614 292 58 Masters.
2284 1615 149 58 New

442 1691 189 73 York,
671 1692 128 58 The
838 1691 359 58 Macmillan
1234 1710 321 54 company,
1594 1693 163 56 1926.

511 1783 530 54 6 p. l., 139 p. 24½c m .
515 1853 1918 56 “Of this edition … two hundred and fifty copies have been prepared, each
443 1911 157 55 signed
621 1913 59 53 by
701 1912 75 44 the
798 1912 203 45 author.”

440 1983 54 54 ©
521 1985 100 44 Oct.
652 1985 62 50 13,
744 1984 128 52 1926;
901 1984 63 43 2c.
992 1984 87 43 and
1105 1984 78 45 aff.
1213 1984 101 44 Oct.
1347 1985 73 51 14;
1450 1984 44 42 A
1522 1982 188 54 949511;
1739 1982 52 48 E.
1821 1984 48 42 L.
1900 1984 213 51 Masters,
2142 1983 119 44 New
2287 1983 144 44 York.

521 2040 268 56 (26-17986)

442 2141 204 73 Mayo,
688 2142 256 58 Charles
983 2143 262 71 Horace,
1285 2145 189 57 1865-

517 2233 128 61 The
677 2234 256 74 thyroid
962 2234 208 74 gland,
1201 2238 83 69 by
1314 2236 338 59 Professor
1687 2235 258 61 Charles
1978 2236 77 57 H.
2089 2235 188 72 Mayo
2312 2236 121 59 and

441 2311 1991 76 Professor Henry W. Plummer … [St. Louis, The C. Y.
441 2389 224 75 Mosby
694 2410 321 55 company]
1047 2392 167 57 1925.

512 2468 1923 54 83 p. 21 cm . (Added t.-p.: The Beaumont foundation lectures … series
444 2542 69 31 no.
543 2528 50 51 4)

513 2581 355 54 Bibliography:
902 2598 42 36 p.
976 2584 67 45 44.

784 2639 157 45 CONTENTS.—The
963 2640 182 50 thyroid
1166 2638 148 52 gland,
1338 2641 60 49 by
1423 2637 186 48 Charles
1633 2639 60 43 H.
1718 2638 313 52 Mayo.—The
2055 2639 208 46 function
2286 2641 53 44 of
2363 2640 74 45 the

444 2695 181 53 thyroid
653 2697 148 50 gland,
831 2697 58 48 by
916 2696 164 47 Henry
1105 2696 76 43 W.
1214 2693 245 46 Plummer.

446 2750 52 53 ©
531 2750 109 53 Apr.
675 2750 66 51 24,
779 2749 128 52 1926;
942 2749 64 43 2c.
1042 2749 111 52 May
1187 2747 75 53 17;
1298 2748 78 44 aff.
1412 2748 113 52 May
1562 2748 73 52 19;
1672 2748 46 43 A
1751 2747 187 53 890842;
1978 2747 48 45 C.
2062 2748 56 44 V.
2155 2748 167 52 Mosby
2356 2762 79 40 co.,

518 2807 63 47 St.
616 2808 149 43 Louis.
834 2804 270 57 (26-17958)

446 2907 189 72 Mayo
667 2905 199 70 clinic,
902 2908 359 68 Rochester,
1294 2905 197 58 Minn.

524 2999 199 57 Index
759 2998 66 58 of
861 2998 103 58 the
1006 2995 313 60 Collected
1354 3017 233 53 papers
1627 2998 64 57 of
1729 2998 103 57 the
1872 2998 188 72 Mayo
2102 2998 180 58 clinic
2316 3000 124 57 and

447 3077 102 57 the
596 3076 187 72 Mayo
831 3076 392 71 foundation,
1273 3076 151 56 1884
1467 3078 63 55 to
1579 3077 163 56 1925.
1832 3076 437 72 Philadelphia
2317 3079 123 56 and

446 3154 277 74 London,
755 3154 97 58 W.
888 3154 71 57 B.
999 3154 319 58 Saunders
1354 3173 321 54 company,
1712 3156 164 56 1926.

516 3232 58 51 iii,
603 3232 82 45 227
714 3246 38 37 p.
809 3231 56 43 24½cm.

446 3287 56 53 ©
535 3289 100 44 Oct.
667 3287 67 54 27,
770 3288 129 52 1926;
931 3289 64 42 2c.
1028 3289 118 43 Nov.
1178 3289 49 51 3;
1262 3288 79 44 aff.
1376 3289 118 43 Nov.
1526 3288 52 53 8;
1612 3289 43 42 A
1688 3289 190 53 949983;
1913 3290 75 44 W.
2023 3289 52 44 B.
2112 3289 225 47 Saunders
2373 3306 65 29 co.

448 3403 255 69 Mercer,
745 3402 342 60 Hamilton.

528 3493 128 57 The
703 3494 336 71 reproach;
1086 3514 79 38 an
1207 3495 370 58 inditement
1623 3495 250 74 against
1915 3497 232 72 capital
449 3498 1972 146 punishment,
678 3572 83 72 by

803 3571 326 59 Hamilton
1172 3574 260 57 Mercer.
1533 3573 122 58 Los
1700 3574 291 74 Angeles,
2037 3576 129 58 The
449 3575 1995 131 Times-mirror
709 3668 201 53 press,
943 3651 165 57 1926.

525 3725 754 56 137 p. front. (port.) 20½ cm .
523 3783 275 46 Elaborated
835 3784 122 44 from
990 3785 74 44 the
1099 3785 199 46 author’s
1334 3784 99 46 The
1468 3786 217 52 reproach
1721 3786 51 45 of
1805 3787 164 52 capital
2005 3787 296 53 punishment,
453 3787 1972 98 published
628 3839 118 46 1915.

449 3895 57 53 ©
540 3895 118 58 Sept.
688 3897 67 48 23,
792 3896 130 54 1926;
952 3899 64 42 2c.
1052 3899 101 44 Oct.
1186 3897 49 54 7;
1270 3900 78 43 aff.
1384 3899 100 45 Oct.
1520 3898 48 54 5;
1603 3900 42 43 A
1678 3900 192 54 949410;
1905 3900 119 55 John
2058 3902 55 44 R.
2146 3902 172 47 Doran,
2352 3899 90 48 San

523 3954 293 53 Bernardino,
858 3953 133 46 Calif.
1061 3954 271 56 (26-17709)
