2542 4285
1017 3981 147 56 1015

151 468 109 52 xvii,
296 470 79 42 142
401 481 40 38 p.
474 468 97 43 incl.
602 467 155 50 plates,
817 463 84 47 col.
934 468 152 46 front.,
1117 462 134 51 illus.,
1281 462 84 44 col.
1397 461 155 51 plates.
1610 458 150 46 20½cm.

154 538 132 50 Maps
315 554 56 29 on
400 534 337 53 lining-papers.

87 603 53 53 ©
169 604 118 53 Sept.
319 605 59 49 14,
410 603 129 51 1926;
566 602 63 43 2c.
656 602 85 42 and
768 601 78 43 aff.
876 600 119 51 Sept.
1027 597 74 53 15;
1129 599 44 41 A
1199 596 188 52 950029;
1419 595 264 44 Macmillan
1710 610 64 29 co.

167 659 268 56 (26-15971)

89 760 183 69 Tefft,
306 762 150 55 Mrs.
490 758 160 57 Lulu
681 756 249 58 Marion
971 754 336 74 (Sanford)
1352 757 189 55 1871-

162 849 191 58 Little
393 849 285 56 intimate
721 847 225 58 stories
987 845 68 58 of
1096 845 258 58 Charles
1392 842 345 60 Wakefield
1778 841 297 71 Cadman,

85 929 82 71 by
209 927 160 58 Luln
412 924 494 60 Sanford-Tefft.
988 923 389 70 Hollywood,
1422 920 204 73 Calif.,
1669 919 208 58 David
85 919 1966 143 Graham

260 1004 262 57 Fischer
554 1001 400 72 corporation
990 1000 199 72 [c1926]

155 1097 53 43 43
239 1110 40 38 p.
339 1102 115 46 port.
517 1095 49 43 18
572 1096 47 17 cm
625 1127 9 9 .

88 1165 55 54 ©
171 1167 114 52 June
313 1167 68 49 24,
413 1164 129 52 1926;
571 1165 63 42 2c.
664 1164 86 43 and
782 1163 78 42 aff.
891 1162 107 53 July
1027 1161 49 52 6;
1108 1161 44 42 A
1182 1159 189 53 901052;
1406 1160 49 43 L.
1491 1159 42 47 S.
1566 1158 139 52 Tefft,
1738 1159 90 43 Los
1859 1159 215 52 Angeles.

168 1222 268 56 (26-15811)

87 1323 519 69 Ulrich-Kerwer,
653 1321 207 71 Georg
902 1317 310 69 Wilhelm,
1259 1319 189 57 1861-

163 1414 123 58 Um
321 1413 119 56 den
476 1411 285 73 glauben,
840 1409 398 71 verteidigung
1272 1409 130 56 und
1438 1407 358 73 praktische
86 1427 1966 135 anwendung

321 1490 108 57 des
496 1487 462 73 apostolischen
1024 1485 795 74 glaubensbekenntnisses.
1930 1487 145 55 1.-2.

86 1562 1993 72 aufl. Von G. W. Ulrich-Kerwer … Wiesbaden, H. Staadt,
87 1645 165 56 1926.

158 1734 92 51 221,
282 1734 52 46 [1]
364 1748 40 38 p.
464 1734 57 42 22
526 1735 45 17 cm
576 1767 10 9 .

162 1800 1352 53 “Von … Ulrich-Kerwer … erschienen”: p. 219-221.
89 1869 1987 59 © Mar. 13, 1926; 1c. July 7; A —Foreign 31497; Heinrich Staadt verlag.
171 1930 270 56 (26-15950)

86 2032 221 72 Usher,
351 2032 267 56 Thomas
660 2028 350 74 Benjamin,
1054 2031 189 57 1861-

167 2122 319 58 Textbook
536 2121 102 58 for
689 2119 280 61 notaries
1021 2119 208 72 public
1282 2120 123 56 and
1458 2118 501 60 commissioners
2014 2120 68 57 of

89 2201 188 56 deeds
318 2199 69 57 of
425 2200 149 56 New
611 2198 246 73 Jersey,
898 2197 153 57 with
1089 2196 118 58 full
1246 2196 411 58 instructions
1701 2219 68 38 as
1811 2203 63 54 to
1917 2198 163 56 their

90 2276 452 73 appointment,
568 2295 265 53 powers,
860 2275 222 72 rights,
1110 2273 225 72 duties,
1365 2274 339 73 privileges
1735 2278 122 56 and
89 2275 1969 138 liabilities

262 2355 201 58 under
496 2354 150 57 New
678 2353 231 71 Jersey
943 2353 122 56 and
1097 2351 246 58 federal
1376 2353 183 69 laws;
1596 2353 102 58 the
1733 2356 246 68 protest
2015 2353 69 57 of

90 2430 391 59 commercial
515 2448 217 55 paper,
769 2430 602 71 acknowledgments
1409 2432 62 55 to
1508 2429 431 75 instruments,
88 2432 1971 134 administration

567 2508 69 57 of
685 2509 199 70 oaths,
936 2508 308 57 affidavits
1296 2509 124 56 and
1472 2508 425 72 affirmations,
1948 2508 133 61 fees

92 2587 277 69 allowed,
402 2589 285 68 excerpts
724 2587 169 56 from
925 2585 104 60 the
1062 2585 121 58 law
1216 2585 275 73 relating
1522 2589 64 54 to
1622 2586 103 59 the
1760 2585 219 73 taking
2015 2586 69 58 of

91 2661 1923 75 depositions, &c. with forms, by Thomas B. Usher …
93 2742 294 71 Trenton,
425 2742 73 55 N.
535 2741 80 70 J.,
649 2740 208 58 Usher
890 2739 364 74 publishing
1289 2760 324 54 company,
1651 2742 166 57 1926.

161 2828 549 55 6 p. l., 154 p. 23½cm.
163 2885 160 45 “Fifth
350 2885 219 54 printing,
594 2888 134 52 June,
759 2887 146 44 1926.”

95 2941 53 54 ©
169 2943 105 52 July
296 2944 68 50 20,
390 2943 129 52 1926;
545 2944 62 42 2c.
634 2944 86 43 and
744 2944 78 43 aff.
852 2944 121 51 Sept.
1002 2945 46 50 1;
1075 2944 44 42 A
1144 2943 189 53 901711;
1362 2944 52 43 T.
1443 2946 50 42 B.
1520 2946 166 51 Usher,
1711 2945 216 52 Trenton,
1955 2946 58 43 N.
2041 2947 40 52 J.

173 2998 269 58 (26-15754)

93 3098 273 70 Vachell,
412 3100 241 57 Horace
694 3099 331 74 Annesley,
1071 3103 188 57 1861-

168 3190 58 56 A
257 3207 242 40 woman
529 3190 65 56 in
628 3190 175 72 exile,
837 3192 82 70 by
951 3191 247 58 Horace
1232 3192 318 72 Annesley
1580 3193 273 58 Vachell.
1937 3194 149 58 New

93 3268 189 71 York,
312 3268 339 58 Frederick
679 3268 74 57 A.
789 3268 221 58 Stokes
1041 3288 323 54 company,
1394 3271 164 58 1926.

164 3345 553 53 3 p. l., 329 p. 19½cm.
96 3400 53 54 ©
185 3403 119 52 Sept.
341 3403 63 52 14,
440 3402 127 52 1926;
602 3403 63 42 2c.
699 3405 85 41 and
818 3403 77 43 aff.
934 3403 122 52 Sept.
1092 3404 73 50 16;
1201 3404 44 42 A
1278 3404 188 52 949042;
1504 3405 61 43 H.
1600 3404 55 43 A.
1691 3405 204 52 Vachell,
1931 3404 153 55 Coley,

167 3459 270 52 Lyndhurst,
472 3461 164 50 Hants,
671 3459 220 53 England.
961 3459 271 55 (26-15794)

97 3558 262 74 Verney,
395 3560 216 56 Frank
642 3561 69 56 E.

175 3651 79 55 H.
281 3651 70 54 R.
377 3650 100 71 H.,
502 3670 78 36 an
605 3652 320 56 authentic
943 3652 112 56 life
1083 3653 187 71 study
1295 3652 67 57 of
1386 3653 102 56 the
1513 3653 223 57 Prince
1764 3654 65 56 of
1853 3654 231 59 Wales.

101 3728 210 74 [Chap.]
350 3729 127 55 5-8.

172 3805 80 50 (In
286 3806 331 41 Hutchinson’s
649 3808 256 51 magazine,
938 3809 142 49 Sept.,
1117 3808 126 51 1926)

99 3858 1929 61 © 1c. Oct. 7, 1926; A ad int. 8581; pubd. Aug. 12; F. E. Verney, Paris.
