2542 4285
1065 4035 148 57 1165

130 417 183 58 Child
343 417 187 73 study
559 413 376 60 association
967 413 67 57 of
1064 411 307 72 America,
1402 410 117 58 inc.

209 507 314 59 Guidance
568 507 67 56 of
681 504 328 59 childhood
1053 504 124 56 and
1219 502 226 73 youth;
1492 500 293 72 readings
1830 497 68 59 in
1943 497 160 60 child

134 588 203 72 study,
377 583 302 72 compiled
713 584 80 70 by
835 580 182 60 Child
1055 582 187 70 study
1278 577 379 61 association
1692 578 68 58 of
1795 577 310 72 America,

133 664 207 58 edited
365 665 81 69 by
472 660 333 72 Benjamin
836 659 65 59 C.
932 658 383 71 Gruenberg.
1384 657 151 56 New
1561 655 190 74 York,
1781 654 129 59 The

130 654 1953 144 Macmillan
377 758 319 53 company,
732 739 164 56 1926.

196 817 650 55 xii p., 1 l., 324 p. 24 cm .
125 873 53 53 ©
207 875 99 43 Oct.
338 874 62 50 13,
428 871 127 53 1926;
583 872 64 43 2c.
674 872 87 42 and
786 871 79 43 aff.
894 870 100 44 Oct.
1025 869 74 52 14;
1128 869 44 42 A
1197 867 190 54 949507;
1417 865 264 46 Macmillan
1707 881 66 30 co.

204 929 269 57 (26-17851)

130 1014 379 73 Clippinger,
546 1012 243 61 Walter
824 1010 226 73 Gillan,
1090 1013 188 57 1873-

207 1105 267 59 Student
518 1102 475 71 relationships;
1041 1120 80 38 an
1164 1099 381 59 orientation
1589 1119 215 39 course
1848 1101 104 57 for
133 1100 1958 155 college

313 1182 320 56 freshmen
681 1181 124 56 and
854 1178 150 73 high
1055 1178 208 58 school
1311 1177 261 71 seniors,
1619 1177 82 72 by
1748 1176 243 59 Walter
2043 1175 69 61 G.

132 1253 1983 79 Clippinger … with an introduction by Frank Pierrepont
131 1331 1626 75 Graves … New York, T. Nelson & sons [ c 1926]
200 1410 627 57 xi p., 1 l., 145 p. 19½ cm .
202 1470 347 53 Bibliography:
581 1484 38 38 p.
651 1469 202 43 133-142.

126 1527 56 53 ©
213 1528 101 44 Oct.
350 1526 36 53 5,
419 1526 105 44 1926;
582 1527 62 42 2c.
678 1526 86 43 and
796 1524 79 43 aff.
910 1524 99 45 Oct.
1043 1522 25 45 7;
1128 1524 44 42 A
1205 1521 163 46 949395;
1429 1522 203 45 Thomas
1665 1522 174 45 Nelson
1872 1522 38 44 &
1942 1536 117 30 sons.

206 1582 270 58 (26-17715)

135 1669 196 68 Cloos,
368 1669 193 69 Hans,
596 1669 188 56 1885-

203 1757 405 71 Einführung
653 1756 66 56 in
768 1756 98 57 die
915 1754 384 60 tektonische
1347 1755 398 73 behandlung
131 1754 1965 140 magmatischer

341 1833 1709 73 erscheinungen (granittektonik) von Hans Cloos …
173 1959 9 9 1.
225 1913 322 72 spezieller
583 1912 124 57 teil.
786 1913 129 56 Has
956 1912 488 72 Riesengebirge
1482 1912 65 55 in
1589 1911 348 73 Schlesien;
1976 1913 141 72 bau,

131 1992 259 71 bildung
447 1992 126 55 und
633 1990 764 72 Oberflächengestaltung.
1498 1990 235 71 Berlin,
1796 1989 322 59 Gebrüder

133 2070 444 70 Bomtraeger,
612 2070 167 54 1925.

202 2146 60 51 xi,
298 2146 78 43 194
406 2159 39 38 p.
507 2145 150 51 front.,
689 2144 129 52 illus.,
852 2145 142 52 plates
1036 2145 126 53 (part
1195 2144 136 54 fold.)
1373 2144 97 45 fold.
1516 2159 139 38 maps,
1689 2144 165 53 diagrs.
1915 2145 53 44 24½
2002 2147 47 18 cm
2056 2180 9 9 .

202 2200 176 47 Folded
404 2202 144 53 plates
576 2200 90 44 and
693 2215 130 37 maps
850 2201 45 42 in
922 2201 176 53 pocket.

201 2257 747 52 “Literatur” : v. 1, p. 190-194.
133 2312 1988 57 © May 8, 1925; 1c. July 6, 1926; A—Foreign 31682; Gebrüder Borntraeger.
211 2370 270 56 (26-18706)

137 2453 250 73 Collins,
429 2455 252 73 Joseph,
722 2457 190 57 1866-

214 2533 1843 74 The doctor looks at love and life, by Joseph Collins …
137 2610 150 58 New
314 2610 189 71 York,
536 2610 239 73 George
806 2610 79 58 H.
918 2611 216 57 Horan
1164 2630 307 54 company
1502 2641 14 44 [
1517 2621 19 21 c
1539 2613 164 73 1926]

207 2687 81 46 279
317 2702 40 39 p.
415 2689 149 43 22½cm.

468 2749 134 48 CONTENTS.—pt.
634 2751 38 38 1.
701 2745 146 44 Love:
878 2744 97 46 The
1004 2759 82 31 sex
1115 2760 124 39 urge,
1268 2745 58 45 its
1353 2754 130 37 onset
1511 2748 87 44 and
1628 2754 324 47 management.

138 2746 1969 99 Sexual
243 2800 209 55 frigidity
481 2802 85 43 and
598 2801 179 45 marital
809 2800 387 56 incompatibility.
1256 2802 284 56 Matrimony
1569 2804 238 44 wreckers.
140 2804 1967 107 Homosexuality.—pt.
463 2863 40 39 2.

543 2856 101 46 Life
661 2874 10 28 :
714 2858 143 45 Adult
895 2858 285 45 infantilism.
1240 2859 166 45 Voices
1448 2860 159 54 crying
1646 2859 46 46 in
1732 2862 74 43 the
1848 2860 279 45 wilderness.

140 2916 74 44 Do
249 2916 256 43 characters
543 2916 42 42 in
621 2915 153 44 fiction
811 2914 169 46 behave
1019 2916 87 44 like
1142 2916 168 44 human
1346 2916 190 54 beings?
1595 2916 98 46 The
1733 2916 396 46 fundamentalists

139 2973 86 43 and
253 2971 269 45 modernists
550 2971 52 45 of
633 2972 287 53 psychology.
980 2972 143 44 Adult
1153 2972 233 45 education
1416 2973 73 45 via
1520 2973 160 45 leisure
1708 2976 88 43 and
1824 2973 222 45 libraries.

138 3027 53 54 ©
216 3028 120 48 Sept.
358 3029 68 51 24,
452 3028 127 52 1926;
604 3029 64 43 2c.
696 3028 120 54 Sept.
837 3029 79 52 28;
939 3030 81 42 aff.
1049 3029 121 52 Sept.
1195 3029 78 53 25;
1300 3030 44 42 A
1369 3030 189 52 949260;
1585 3030 178 54 George
1790 3032 61 42 H.
1876 3032 159 42 Doran
2060 3046 65 29 co.

216 3084 270 57 (26-17707)

144 3168 304 71 Collister,
489 3171 250 57 Morton
779 3170 336 73 Christian,
1157 3175 189 56 1880-

218 3244 1844 78 À laboratory guide for chemistry, by M. C. Collister …
141 3324 1967 152 and O. J. Walrath … Syracuse, N. Y., Iroquois publishing company [ c 1926]
216 3481 76 45 143
325 3496 39 38 p.
423 3480 115 45 illus.
595 3481 56 44 20½
685 3483 48 19 cm
738 3516 9 9 .

142 3536 53 54 ©
230 3538 100 44 Oct.
362 3538 40 51 2,
440 3538 129 51 1926;
601 3538 66 43 2c.
702 3539 87 43 and
821 3539 77 43 aff.
937 3539 102 44 Oct.
1078 3541 74 50 11;
1191 3540 44 42 A
1269 3539 189 53 953090;
1496 3540 205 52 Iroquois
1736 3539 101 54 pub.
1873 3555 81 38 co.,
1990 3541 83 43 inc.

219 3593 270 56 (26-17998)

148 3678 129 57 The
313 3678 396 76 Community
739 3680 274 58 workers
1049 3681 67 58 of
1149 3682 103 57 the
1288 3682 153 58 New
1471 3681 174 59 York
1678 3683 179 72 guild
1889 3683 106 59 for
2026 3683 104 58 the

223 3754 238 60 Jewish
491 3754 189 60 blind,
719 3777 193 55 comp.

223 3834 303 71 Trumps;
561 3858 35 37 a
631 3835 323 58 collection
989 3837 70 57 of
1093 3836 174 58 short
1306 3838 246 71 stories,
1587 3838 83 73 by
1703 3839 242 73 George
1979 3840 155 72 Ade,

146 3911 265 58 Konrad
444 3911 339 71 Bercovici,
818 3913 190 58 Louis
1046 3914 356 75 Bromfield,
1439 3917 190 58 Willa
1667 3915 251 74 Cather,
1957 3918 178 59 Octa-
