2609 4293
0 0 0 0 113
82 374 386 59 Americana.
553 377 162 55 1925.
787 374 151 57 New
966 375 188 71 York,
1186 375 74 56 A.
1294 375 75 56 A.
1403 375 240 72 Knopf,
1679 377 164 54 1925.

147 482 33 25 x
206 479 52 38 p.,
289 465 19 41 1
358 497 23 18 l.,
408 464 77 43 311
514 477 40 39 p.
612 463 51 43 21
674 467 46 17 cm
727 499 7 8 .

149 521 44 42 A
221 520 236 43 collection
483 520 50 43 of
562 520 323 43 contributions
914 527 45 36 to
989 519 76 44 the
1093 518 244 44 American
1367 534 219 38 mercury.

81 577 182 46 Editor:
305 574 117 52 1925,
459 577 61 41 H.
557 576 49 43 L.
644 576 235 43 Mencken.

81 631 52 54 ©
169 633 99 43 Oct.
300 633 66 50 28,
403 630 128 54 1925;
566 632 63 43 2c.
663 633 86 42 and
782 633 78 42 aff.
891 632 99 52 Jan.
1024 632 66 52 23,
1128 631 128 53 1926;
1293 631 44 42 A
1372 630 188 53 879358;
1597 630 169 44 Alfred
1800 632 55 42 A.
1892 631 171 52 Knopf,

151 690 81 42 inc.

81 771 368 73 Blanchard,
494 771 256 58 Charles
788 770 237 70 Albert,
1068 772 356 58 1848-1925.

155 862 101 57 An
290 861 307 59 infallible
636 862 216 72 guide;
889 860 286 59 intimate
1212 861 163 58 talks
1416 861 191 58 about
1642 860 208 59 divine
84 859 1954 152 guidance,

289 936 1773 75 by Charles A. Blanchard … Chicago, The Bible
76 1018 287 58 institute
393 1018 357 72 colportage
780 1020 176 55 ass’n
989 1046 13 44 [
1004 1024 19 23 c
1026 1017 164 72 1926]

148 1096 52 45 62
235 1111 40 39 p.
339 1096 145 45 18½cm.

77 1150 54 54 ©
161 1153 97 52 Jan.
295 1152 62 51 18,
391 1151 129 52 1926;
552 1152 64 42 2c.
647 1152 87 42 and
764 1152 77 42 aff.
874 1152 99 50 Jan.
1001 1151 79 52 28;
1115 1151 44 42 A
1188 1150 186 51 879412;
1413 1150 128 44 Bible
1574 1151 200 42 institute
1807 1150 258 52 colportage

147 1223 103 29 assn.
295 1207 50 44 of
379 1207 212 53 Chicago.
660 1206 241 55 (26-3599)

78 1294 261 70 Bonner,
376 1291 348 73 Geraldine,
764 1294 190 57 1870-

78 1381 1961 154 The leading lady, by Geraldine Bonner … Indianapolis,
327 1462 128 59 The
485 1460 482 60 Bobbs-Merrill
998 1480 304 54 company
1333 1491 13 43 [
1346 1468 19 23 c
1369 1461 164 73 1926]

145 1540 622 51 3 p. l., 11-301 p. 19½c m .
78 1592 52 55 ©
154 1594 106 44 Feb.
287 1596 36 50 3,
353 1594 129 52 1926;
510 1595 63 42 2c.
601 1595 86 42 and
708 1594 81 43 aff.
817 1592 105 45 Feb.
948 1594 50 51 8;
1028 1593 44 42 A
1098 1592 188 52 883199;
1317 1591 360 45 Bobbs-Merrill
1704 1607 65 29 co.

155 1649 242 56 (26-3795)

79 1734 260 73 Bounin,
377 1733 268 74 Hedwig
679 1733 67 56 Z.

156 1826 266 57 Musical
460 1825 173 71 fairy
669 1825 187 70 book;
901 1845 37 37 a
981 1826 187 70 study
1209 1825 67 56 of
1318 1825 384 70 elementary
1740 1824 223 71 theory
2003 1825 67 56 in

81 1907 176 68 story
281 1904 184 71 form,
498 1903 358 71 embracing
884 1903 85 56 all
999 1902 294 56 elements
1327 1902 66 56 of
1420 1902 338 72 notations,
1789 1903 83 70 by
76 1902 1968 150 Hedwig

228 1980 62 57 Z.
323 1980 263 57 Bounin.
661 1980 250 71 Toledo,
1004 2026 32 26 O.,
1069 1979 267 57 Musical
1367 1978 360 73 publishing
1764 1998 259 52 company

81 2060 179 74 [1926]

144 2133 918 55 4 p. l., 128 p. front. (port.) 20 cm .
148 2190 213 45 Contains
392 2190 154 44 music.

78 2246 52 53 ©
156 2248 99 52 Jan.
289 2248 63 51 19,
385 2246 106 45 1926;
544 2248 65 43 2c.
638 2247 86 44 and
751 2247 79 43 aff.
861 2247 99 52 Jan.
989 2247 78 52 21;
1098 2247 44 42 A
1172 2244 190 53 879350;
1395 2246 61 42 H.
1490 2246 46 41 Z.
1572 2244 188 52 Bounin,
1791 2244 186 51 Toledo,
2011 2246 56 44 O.

78 2361 242 68 Brown,
365 2359 255 58 Charles
661 2358 343 71 Brockden,
1044 2359 358 59 1771-1810.

152 2439 319 73 Wieland;
507 2457 89 53 or,
632 2441 128 57 The
794 2437 544 68 transformation,
1371 2439 287 72 together
1692 2438 151 57 with
78 2438 1967 138 Memoirs

258 2519 68 58 of
375 2517 250 59 Carwin
673 2519 103 57 the
825 2514 317 74 biloquist,
1195 2538 36 37 a
1282 2517 338 71 fragment,
1670 2517 82 70 by
1807 2514 259 60 Charles

77 2595 327 58 Brockden
445 2594 259 73 Brown;
749 2595 207 59 edited
995 2594 151 59 with
1189 2614 79 38 an
1309 2591 426 60 introduction
1776 2594 83 72 by
1900 2594 167 59 Fred

77 2674 198 58 Lewis
303 2674 240 57 Pattee.
625 2673 152 57 New
801 2673 190 70 York,
1018 2672 338 72 Harcourt,
1384 2672 201 60 Brace
1615 2671 124 57 and
1766 2690 301 54 company

94 2751 187 72 [ c 1926]
145 2828 113 52 xlix,
286 2825 78 49 351
393 2841 41 38 p.
498 2828 146 44 17½cm.
712 2826 289 54 (Half-title:
1031 2825 249 46 American
1303 2826 188 46 authors
1519 2826 153 53 series,
1699 2827 184 52 general
1910 2827 159 51 editor,

81 2884 185 53 Stanley
291 2885 56 45 T.
373 2884 257 52 Williams)

149 2940 219 46 Contains
405 2940 322 53 reproduction
761 2942 53 44 of
845 2948 83 45 t.-p
933 2974 27 33 ;>
978 2940 52 46 of
1063 2939 101 45 first
1199 2939 179 53 edition,
1414 2940 119 46 New
1566 2940 145 53 York,
1750 2942 118 45 1798.

149 2998 231 47 “Selected
408 2998 190 51 reading
623 2996 103 45 list”
742 3012 10 31 :
781 3011 41 38 p.
848 2995 275 46 xlviii-xlix.

76 3051 56 53 ©
158 3054 99 52 Jan.
284 3053 65 51 30,
381 3053 128 51 1926;
538 3053 64 42 2c.
633 3053 86 42 and
749 3052 77 43 aff.
856 3051 105 45 Feb.
990 3052 49 51 9;
1070 3052 44 42 A
1141 3050 165 44 879517;
1364 3052 245 51 Harcourt,
1640 3052 144 44 Brace
1813 3053 36 44 &
1878 3067 79 37 co.,
1988 3053 81 43 inc.

153 3107 65 55 [©
256 3109 317 52 introduction]
644 3107 242 55 (26-3794)

80 3194 242 71 Brown,
358 3192 356 73 Lawrason,
753 3194 190 58 1871-

155 3275 334 57 Intestinal
533 3271 430 73 tuberculosis,
1005 3274 84 57 its
1131 3269 408 75 importance,
1582 3273 320 72 diagnosis
1948 3276 119 56 and

79 3354 368 68 treatment;
485 3370 38 38 a
561 3351 188 71 study
784 3351 69 56 of
886 3351 103 57 the
1029 3351 345 70 secondary
1409 3349 340 59 ulcerative
1786 3356 166 67 type,
1989 3353 83 71 by

80 3426 1965 139 Lawrason Brown … and Homer L. Sampson … illustrated
353 3504 151 59 with
571 3506 109 55 112
747 3503 396 74 engravings.
1225 3503 440 74 Philadelphia
1732 3509 123 56 and
1922 3507 149 57 New

80 3581 187 73 York,
298 3583 128 59 Lea
454 3583 49 57 &
531 3579 287 76 Febiger,
850 3580 164 58 1926.

148 3660 63 50 xi,
240 3657 198 51 [17]-304
464 3673 42 38 p.
565 3656 135 53 illus.,
727 3660 82 45 col.
836 3673 74 37 pl.,
937 3657 170 53 diagrs.
1165 3658 56 44 24
1226 3661 48 19 cm
1280 3697 9 8 .

151 3715 353 52 Bibliography;
537 3729 41 37 p.
627 3713 223 49 [273]-294.

82 3768 52 53 ©
159 3769 106 44 Feb.
295 3772 35 49 1,
357 3770 129 51 1926;
511 3770 65 42 2c.
601 3768 106 44 Feb.
734 3769 48 51 4;
810 3769 79 43 aff.
915 3767 106 44 Feb.
1047 3768 49 51 6;
1124 3767 45 43 A
1196 3766 190 54 879510;
1417 3768 91 44 Lea
1534 3769 36 44 &
1597 3768 205 55 Febiger.

161 3825 241 56 (26-3961)
