2542 4285
1328 3975 109 57 536

400 446 1981 76 state of Texas … to January 1, 1926. Kansas City, Mo.,
395 523 254 57 Vernon
680 523 120 56 law
830 524 159 56 book
1024 543 318 53 company,
1381 526 164 55 1926.

465 614 59 50 iii,
552 613 83 45 297
667 628 38 37 p.
765 614 55 43 26
826 617 46 16 cm
879 648 8 7 .

394 680 54 53 ©
475 681 104 44 Feb.
606 682 66 53 24,
701 683 128 52 1926;
858 684 63 41 2c.
952 684 111 51 May
1089 684 50 51 8;
1168 684 77 42 aff.
1277 685 110 51 May
1415 683 48 53 7;
1495 685 43 41 A
1566 685 187 52 891320;
1786 686 187 43 Vernon
2001 686 88 44 law
2114 687 119 43 book
2259 703 64 27 co.

392 794 74 57 U.
517 795 59 57 S.
663 795 301 72 Supreme
1013 802 189 51 court.

539 886 1843 72 … The Supreme court reporter … v. 45. Permanent
397 963 1983 77 ed. Cases argued and determined … October term,
396 1043 164 68 1924,
609 1042 152 56 with
809 1042 407 71 key-number
1266 1043 416 57 annotations.
1775 1044 367 73 November,
2198 1048 186 54 1924-

394 1118 168 72 July,
598 1121 163 54 1925.
849 1119 88 57 St.
971 1120 175 72 Paul,
1179 1120 179 57 West
1387 1121 361 71 publishing
1779 1141 106 52 co.,
1921 1124 163 54 1926.

461 1208 124 50 xxvi,
625 1207 81 44 712
741 1223 40 37 p.
839 1209 54 42 26½
946 1212 29 16 cm
982 1244 7 7 .
1059 1209 243 53 (National
1341 1217 206 43 reporter
1584 1208 396 53 system—United
2021 1211 148 46 States
2210 1212 162 49 series)

392 1276 54 53 ©
471 1277 104 44 Feb.
601 1277 67 53 27,
700 1279 127 51 1926;
855 1279 66 44 2c.
951 1280 112 51 May
1089 1280 48 50 8;
1169 1280 77 41 aff.
1276 1280 111 51 May
1414 1278 48 53 7;
1494 1280 43 41 A
1565 1280 188 52 891361;
1782 1281 133 43 West
1941 1282 99 50 pub.
2070 1297 63 28 co.

393 1376 240 72 Waldo,
676 1376 326 58 Fullerton
1039 1377 301 69 Leonard,
1385 1381 188 55 1877-

392 1466 1965 135 The saga of a supercargo, by Fullerton Waldo … illustrated
642 1545 152 57 with
835 1545 432 72 photographs
1311 1547 83 70 by
1437 1548 104 55 the
1587 1548 241 56 author.
1929 1549 453 73 Philadelphia,

392 1622 248 57 Macrae
676 1623 204 57 Smith
912 1643 305 52 company
1250 1654 13 42 [
1266 1633 18 22 c
1287 1627 163 70 1926]

461 1713 81 43 309
564 1727 39 37 p.
665 1713 154 52 front.,
843 1713 155 52 plates,
1019 1728 119 38 map,
1161 1714 166 52 diagrs.
1385 1715 54 41 22
1447 1718 14 16 cm
1499 1750 8 8 .

390 1769 54 53 ©
471 1771 111 52 May
611 1772 38 50 3,
681 1770 129 53 1926;
840 1772 65 43 2c.
934 1772 112 51 Apr.
1075 1772 78 52 29;
1184 1772 77 43 aff.
1293 1773 111 51 May
1432 1773 50 51 4;
1512 1774 43 41 A
1585 1771 188 54 891251;
1806 1774 187 45 Macrae
2026 1773 146 47 Smith
2203 1791 64 28 co.

470 1826 269 55 (26-10361)

391 1926 278 73 Watson,
705 1927 226 57 Ernest
964 1925 282 59 Bradlee.

471 2014 310 59 Sheridan
833 2019 63 54 to
951 2016 383 71 Robertson;
1391 2037 35 36 a
1482 2018 186 70 study
1721 2018 66 56 of
1842 2019 102 56 the
1998 2020 381 57 nineteenth-

390 2094 1925 73 century London stage, by Ernest Bradlee Watson …
394 2170 389 74 Cambridge,
817 2172 300 58 Harvard
1147 2173 352 72 university
1529 2192 201 53 press,
1764 2177 162 54 1926.

458 2249 96 51 xix,
575 2248 80 45 485
678 2265 39 38 p.
771 2250 151 52 front.,
946 2250 154 52 plates,
1122 2259 154 45 ports.,
1300 2251 107 44 fold,
1431 2267 116 37 map,
1571 2251 197 45 facsims.
1819 2254 53 41 22½
1906 2257 46 16 cm
1961 2289 7 6 .

461 2308 349 52 Bibliography:
844 2323 39 37 p.
924 2307 221 54 [449]-455.

389 2362 53 54 ©
469 2367 110 49 Apr.
609 2366 65 51 22,
709 2365 107 43 1926
829 2381 9 37 ;
868 2366 64 42 2c.
963 2367 111 51 Apr.
1104 2366 77 52 26;
1213 2367 77 42 aff.
1324 2367 80 42 May
1463 2367 50 51 3;
1545 2368 43 41 A
1621 2367 186 52 890613;
1841 2368 217 43 Harvard
2089 2369 118 43 univ.
2239 2384 138 37 press.

467 2420 269 55 (26-10356)

388 2520 301 70 Wheeler,
732 2522 166 57 John
938 2521 247 72 Taylor,
1229 2524 189 56 1886-

466 2611 288 56 Methods
784 2611 67 56 in
879 2611 565 72 farmer-training,
1477 2612 271 71 through
1776 2613 449 71 participation
2258 2616 123 56 and

389 2688 1987 75 placement, by John T. Wheeler … Atlanta, Ga., Turner
388 2767 73 58 E.
493 2767 203 58 Smith
724 2786 321 53 company,
1073 2769 165 55 1926.

452 2862 75 34 xv,
557 2846 81 43 364
667 2861 41 37 p.
769 2846 116 43 illus.
913 2846 124 53 (incl.
1070 2845 153 53 maps)
1263 2846 166 52 diagrs.
1490 2849 52 42 20
1551 2849 14 16 cm.

457 2902 232 46 “Selected
728 2902 330 53 bibliography,
1094 2902 303 53 professional
1436 2903 154 51 books,
1630 2904 84 42 and
1751 2903 263 46 bulletins”:
2057 2919 38 37 p.
2138 2905 234 45 [312]-316.

387 2959 230 45 “Selected
644 2975 179 29 sources
847 2961 53 42 of
922 2960 220 44 technical
1168 2959 283 44 literature”:
1480 2976 39 36 p.
1563 2958 218 45 [317]—325.

386 3013 53 54 ©
474 3016 109 52 May
615 3014 37 52 5,
687 3016 128 51 1926;
850 3017 64 42 2c.
948 3017 86 42 and
1066 3017 78 42 aff.
1179 3017 111 52 May
1322 3015 48 53 7;
1406 3017 43 41 A
1486 3015 186 54 890651;
1708 3016 185 43 Turner
1924 3015 51 46 E.
2013 3014 147 47 Smith
2194 3032 65 29 co.

467 3071 269 54 (26-10339)

386 3169 284 72 Willard,
717 3171 318 57 Theodore
1076 3171 257 68 Arthur,
1380 3174 189 54 1862-

467 3265 128 57 The
635 3264 127 72 city
801 3266 68 57 of
907 3265 103 57 the
1050 3266 220 57 sacred
1306 3266 153 69 well,
1501 3265 184 72 being
1726 3287 35 36 a
1801 3265 324 57 narrative
2167 3265 66 58 of
2273 3267 104 55 the

389 3339 377 61 discoveries
804 3344 123 56 and
961 3341 397 58 excavations
1394 3343 68 57 of
1495 3342 274 57 Edward
1802 3341 274 59 Herbert
391 3344 1961 133 Thompson

540 3417 64 59 in
642 3420 104 58 the
788 3418 247 59 ancient
1073 3418 127 73 city
1239 3420 66 58 of
1346 3416 294 62 Chi-chen
1678 3420 136 56 Itza
1853 3419 150 57 with
2045 3438 167 39 some
388 3418 1962 137 discourse

657 3517 77 39 on
783 3498 104 57 the
937 3497 238 58 culture
1224 3498 123 56 and
1395 3497 428 71 development
1874 3498 68 57 of
1989 3498 102 55 the
2142 3497 227 71 Mayan

389 3571 377 61 civilization
818 3593 67 36 as
937 3572 290 58 revealed
1273 3576 83 69 by
1403 3571 165 59 their
1619 3577 98 54 art
1770 3574 120 57 and
1943 3574 430 71 architecture,

388 3651 145 58 here
565 3654 93 55 set
688 3653 177 56 down
895 3653 123 57 and
1045 3650 358 58 illustrated
1431 3651 166 56 from
1627 3651 429 72 photographs
2085 3652 83 69 by
2197 3652 68 56 T.
2300 3651 71 56 A.

388 3728 283 57 Willard.
754 3729 152 56 New
942 3728 172 56 York
1154 3729 46 56 &
1237 3729 276 68 London,
1554 3729 128 56 The
1723 3727 279 71 Century
2042 3746 83 38 co.
2171 3757 12 39 [
2186 3735 18 21 c
2208 3728 146 55 1926]

459 3806 90 50 xvi,
588 3807 79 43 293
707 3820 41 35 p.
811 3806 128 42 front.
979 3806 169 50 (port.)
1197 3804 116 44 illus.
1342 3803 124 51 (incl.
1507 3805 127 50 map)
1682 3803 154 50 plates.
1896 3805 49 42 2l½
1984 3807 46 17 cm
2038 3840 7 7 .
2159 3804 125 49 $4.00

386 3858 52 57 ©
468 3861 110 50 Apr.
611 3859 63 51 16,
708 3860 128 52 1926;
868 3860 63 43 2c.
963 3860 110 52 Apr.
1105 3860 78 52 23;
1216 3860 78 42 aff.
1325 3860 112 52 Apr.
1468 3859 77 52 24;
1581 3858 44 44 A
1655 3858 196 56 891146;'
1880 3857 198 55 Century
2109 3873 64 28 co.

465 3914 269 58 (26-10471)
