2542 4285
1008 3890 147 58 1143

145 378 92 50 xvi,
270 379 70 49 [2],
367 377 81 45 258
479 389 40 38 p.
580 375 149 50 front.,
758 373 157 52 plates.
973 373 53 42 22½c
1080 374 28 17 m
1114 407 9 9 .

148 433 149 45 “First
329 432 210 45 edition.”

149 490 108 50 Map
287 505 59 29 on
376 488 312 50 lining-paper.

79 542 53 53 ©
161 544 99 43 Oct.
293 544 36 49 1,
361 540 127 53 1926;
519 541 62 42 2c.
615 539 118 52 Sept.
764 539 77 51 28;
872 538 78 42 aff.
982 537 100 43 Oct.
1112 537 50 50 4;
1194 535 45 42 A
1270 532 188 54 950322;
1491 533 184 51 Harper
1705 532 37 43 &
1771 532 120 43 bros.

158 598 269 56 (26-17309)

80 685 245 72 Vivian,
361 683 236 58 Alison.

156 765 1905 79 Reluctant shores, by Alison Vivian … London, G. Bles
83 853 181 73 [1926]

150 927 574 54 3 p. l., 9-320 p. 19 cm .
80 977 1925 61 © 1c. Aug. 5, 1926; A ad int. 8407; pubd. June 8; A. Vivian, London.
158 1042 268 55 (26-17633)

81 1129 289 72 Wagner,
410 1128 217 72 Henry
663 1128 198 71 Raup,
902 1127 189 57 1862-

155 1218 105 61 Sir
287 1219 262 59 Francis
577 1218 271 60 Drake’s
872 1236 240 56 voyage
1141 1219 243 58 around
1407 1219 103 57 the
1539 1217 224 69 world;
1793 1215 84 59 its
1908 1213 155 59 aims

78 1301 122 57 and
228 1296 470 73 achievements,
723 1299 84 71 by
832 1297 220 71 Henry
1076 1297 73 56 R.
1175 1295 293 72 Wagner.
1554 1295 128 58 San
1708 1294 356 71 Francisco,

81 1374 202 73 Calif.,
313 1378 60 57 J.
403 1376 256 71 Howell,
690 1375 166 57 1926.

146 1449 1664 58 x p., 1 l., 543 p. front., illus., ports., maps (part fold.) 28 cm .
150 1511 124 46 “List
298 1513 51 44 of
371 1509 179 53 printed
576 1510 153 44 works
756 1508 170 45 cited”:
955 1523 41 35 p.
1024 1506 203 47 515-520.

407 1568 134 50 CONTENTS.—pt.
567 1575 33 33 I.
627 1565 100 46 The
751 1566 315 50 voyage.—pt.
1140 1596 10 10 II.
1178 1564 354 49 Documentary.

77 1620 57 54 ©
165 1621 119 53 Sept.
309 1621 69 51 29,
408 1620 128 52 1926;
562 1620 65 42 2c.
658 1620 101 43 Oct.
789 1617 47 54 5;
867 1618 78 44 aff.
974 1618 100 43 Oct.
1102 1618 50 50 4;
1181 1617 45 42 A
1253 1615 189 53 949417;
1475 1617 61 41 H.
1567 1617 54 41 R.
1650 1616 215 52 Wagner,
151 1615 1894 116 Berkeley,
273 1678 132 44 Calif.
475 1675 268 56 (26-17680)

82 1764 270 72 Walker,
393 1763 210 60 Rollin
642 1763 245 73 Hough,
930 1763 188 58 1865-

159 1854 405 70 Picturesque
592 1852 358 58 interviews
976 1852 153 57 with
1154 1851 221 71 Jesus;
1405 1870 38 38 a
1470 1850 186 71 study
1685 1849 67 57 of
1779 1850 104 59 the
82 1868 1962 124 master

217 1929 408 75 personality,
664 1932 83 71 by
784 1929 209 57 Rollin
1032 1929 79 57 H.
1150 1928 275 58 Walker.
1506 1928 150 57 New
1693 1927 191 72 York,

82 1926 1964 154 Cincinnati,
362 2009 129 58 The
519 2006 344 61 Methodist
886 2008 160 59 book
1071 2025 261 40 concern
1361 2035 13 43 [
1376 2014 18 22 c
1398 2006 165 72 1926]

156 2084 80 46 154
260 2099 41 38 p.
362 2084 131 64 illus..
543 2084 49 45 19
600 2087 46 17 cm
652 2119 8 8 .

155 2139 127 44 “The
316 2139 274 45 ‘interviews
624 2139 112 45 with
768 2140 150 52 Jesus’
952 2137 240 46 discussed
1226 2140 45 43 in
1304 2137 91 46 this
1428 2138 188 46 volume
1649 2154 78 29 are
1763 2138 61 43 all
1858 2139 54 43 of
1945 2139 125 43 them

84 2197 136 45 taken
251 2197 124 43 from
400 2196 78 44 the
503 2194 166 54 Gospel
697 2196 52 43 of
776 2194 403 55 John.”—Introd.

83 2253 53 53 ©
159 2255 112 52 May
293 2254 64 51 20,
388 2253 128 53 1926;
541 2254 63 43 2c.
631 2254 86 43 and
742 2254 78 42 aff.
847 2254 101 43 Oct.
972 2253 50 51 4;
1048 2253 45 42 A
1118 2250 189 55 950297;
1336 2253 53 42 R.
1417 2253 60 43 H.
1504 2252 201 53 Walker,
1733 2253 253 52 Delaware,
2015 2254 54 43 O.

162 2310 270 56 (26-17490)

84 2397 246 70 Wame,
365 2397 261 58 Francis
658 2396 266 75 Wesley,
959 2400 118 71 bp.,
1108 2399 190 57 1854-

163 2488 1837 75 The sinless incarnation, by Francis Wesley Warne …
86 2567 1980 75 New York, Cincinnati, The Methodist book concern [ c 1926]
152 2646 333 55 96 p. 17½ cm .
82 2700 55 54 ©
165 2702 120 53 Aug.
317 2702 63 52 18,
412 2702 128 51 1926;
571 2702 64 43 2c.
664 2703 88 42 and
781 2702 78 44 aff.
890 2703 101 43 Oct.
1020 2702 50 52 4;
1102 2702 45 42 A
1175 2700 189 54 950295;
1399 2701 50 44 F.
1479 2703 75 43 W.
1586 2703 185 51 Wame,
1803 2700 269 55 Bangalore,

154 2760 140 44 India.
363 2758 269 56 (26-17600)

84 2843 212 72 Webb,
336 2845 61 57 K
706 2844 67 60 L.

161 2936 172 57 Four
358 2936 235 57 minute
624 2936 164 59 talks
819 2936 104 57 for
956 2936 581 72 superintendents;
1571 2936 315 76 excellent,
1921 2937 151 71 also,

85 3013 103 58 for
231 3012 548 73 superintendents
821 3014 68 57 of
927 3014 212 71 junior
1181 3014 123 57 and
1342 3013 437 59 intermediate
84 3014 1965 135 departments

328 3091 68 57 of
431 3090 239 72 graded
710 3092 242 57 schools
994 3092 123 57 and
1156 3092 104 57 for
1298 3092 248 57 leaders
1590 3091 67 58 of
1696 3092 213 71 junior
1951 3094 120 57 and

85 3167 438 61 intermediate
562 3167 338 58 Endeavor
940 3168 305 72 societies,
1285 3171 82 70 by
1406 3170 81 56 K.
1528 3170 70 56 L.
1636 3170 215 57 Webb.
86 3169 1964 146 Cincinnati,

374 3243 1589 77 O., The Standard publishing company [ c 1926]
159 3319 80 45 110
262 3335 41 38 p.
363 3319 55 44 20
423 3322 46 17 cm
475 3355 9 9 .

82 3375 57 54 ©
173 3376 120 53 Sept.
328 3378 60 49 10,
424 3377 126 53 1926;
583 3379 65 44 2c.
681 3378 120 52 Sept.
837 3379 72 51 16;
943 3380 77 43 aff.
1056 3379 119 54 Sept.
1206 3380 78 53 27;
1316 3381 45 42 A
1392 3379 190 54 949305;
1618 3380 223 47 Standard
1874 3382 100 53 pub.
2007 3397 65 30 co.

165 3433 275 55 (26-17501)

86 3519 223 74 Wynn,
346 3521 256 72 Walter,
639 3526 188 55 1865-

162 3609 192 59 What
377 3610 127 59 will
530 3632 166 39 come
723 3617 63 54 to
814 3633 182 53 pass;
1026 3638 37 37 a
1088 3614 320 73 prophecy
1436 3616 68 57 of
1530 3617 104 58 the
1659 3636 155 38 near
1841 3617 234 71 future,

87 3688 83 71 by
204 3690 150 56 Rev.
391 3687 245 61 Walter
671 3690 243 74 Wynn.…
1071 3693 292 73 [London]
1408 3693 302 73 Simpkin,
1750 3695 325 74 Marshall,

88 3764 343 66 Hamilton,
458 3767 170 58 Kent
654 3770 48 56 &
727 3790 105 40 co.,
862 3770 129 60 ltd.,
1022 3771 166 57 1926.
