2609 4293
0 0 0 0 9
214 374 196 72 Hyde,
448 373 196 57 Grant
676 372 247 58 Milnor.

279 462 348 58 Handbook
665 463 104 57 for
806 481 369 52 newspaper
1213 462 294 69 workers,
1544 463 280 73 treating
1862 483 332 54 grammar,

209 540 425 71 punctuation,
653 540 284 72 English,
967 539 250 72 diction,
1246 538 398 73 journalistic
1674 543 331 69 structure,
210 545 1963 145 typographical

567 618 176 71 style,
781 636 318 52 accuracy,
1133 616 338 72 headlines,
1510 616 472 75 proofreading,
210 637 1967 129 copy-reading,

530 699 167 66 type,
738 698 153 68 cuts,
931 694 164 70 libel,
1135 693 252 71 applied
1429 694 194 57 ethics
1665 696 124 57 and
1828 695 180 58 other
210 700 1966 129 matters
374 771 67 58 of
475 772 163 56 office

670 769 1528 73 practice, by Grant Milnor Hyde … with an
207 847 1992 73 introduction by Willard G. Bleyer … Enl. ed. New
209 927 187 71 York,
427 928 276 69 London,
733 926 73 56 D.
840 925 318 71 Appleton
1189 927 123 56 and
1342 945 322 53 company,
1696 928 166 56 1926.

277 1014 773 57 xvi p, 1 1, 263, [1] p. 19½ cm .
279 1088 179 43 “Books
489 1103 57 31 on
576 1086 324 53 journalism”:
933 1100 39 38 p.
1005 1084 223 49 245-[248]

210 1156 52 53 ©
293 1159 101 51 Jan.
427 1158 39 50 4,
501 1156 130 51 1926;
664 1157 63 42 2c.
761 1157 98 50 Jan.
895 1155 48 52 6;
977 1156 78 42 aff.
1087 1156 98 51 Jan.
1220 1155 49 51 7;
1306 1156 43 41 A
1382 1155 190 53 879161;
1606 1158 56 42 D.
1697 1158 227 51 Appleton
1956 1158 87 43 and
2076 1174 65 27 co.

288 1212 241 56 (26-1050)

211 1325 310 67 Jameson,
553 1326 151 55 Mrs.
734 1322 203 57 Annie
971 1322 194 58 Edith
1195 1324 237 56 Foster.

289 1416 127 55 The
447 1415 157 56 dark
632 1414 261 56 curtain,
965 1413 175 72 chap.
1174 1415 31 54 5
1245 1413 364 72 (contd.)-6.
1681 1415 98 72 By
1807 1414 60 59 J.
1901 1415 71 56 E.
210 1415 1967 134 Buckrose
384 1494 249 72 [pseud.]

281 1584 81 51 (In
392 1583 121 41 Good
540 1582 342 51 housekeeping
909 1581 255 51 magazine,
1195 1582 128 51 Nov.,
1355 1582 127 51 1925)

209 1649 1987 54 © 1c. Dec. 24, 1925; A ad int. 7641; pubd. Oct. 30; Mrs. Falconer Jameson,
279 1707 125 52 Hull,
437 1706 113 47 East
578 1706 169 53 Yorks,
777 1704 222 54 England.

210 1819 274 72 [Janson,
522 1819 203 74 Betty]

286 1913 126 57 The
458 1911 170 72 price
678 1913 67 57 of
787 1910 363 74 happiness,
1198 1913 168 56 from
1414 1913 102 57 the
1568 1909 282 61 Swedish
1897 1913 68 57 of
2009 1912 190 71 Betty

225 1990 231 73 [pseud.]
501 1991 351 57 translated
891 1991 83 71 by
1017 1988 286 75 Signhild
1342 1988 74 57 V.
1459 1988 365 59 Gustafson.
1910 1988 288 75 Chicago,

209 2068 128 60 The
369 2068 320 59 Covenant
717 2068 159 58 book
904 2084 261 41 concern
1197 2095 12 43 [
1210 2074 19 21 c
1233 2067 164 73 1925]

275 2159 83 44 268
384 2173 41 37 p.
483 2159 54 43 20
545 2162 46 17 cm
597 2195 8 8 .

205 2226 56 54 ©
294 2229 108 43 Dec.
434 2227 65 51 20,
539 2226 129 52 1925;
701 2227 66 43 2c.
801 2227 99 52 Jan.
934 2227 39 51 4,
1010 2225 130 53 1926;
1176 2226 78 43 aff.
1290 2227 98 51 Jan.
1419 2226 51 52 2;
1508 2227 45 42 A
1586 2225 191 54 879116;
1816 2226 233 45 Covenant
2081 2227 119 44 book

276 2299 204 28 concern.
548 2282 214 55 (26-954)

208 2395 325 73 Jennings,
574 2394 244 59 Walter
855 2393 259 73 Wilson,
1159 2396 189 57 1887-

281 2489 60 55 A
375 2485 248 73 history
660 2489 68 57 of
765 2485 310 61 economic
1110 2504 299 55 progress
1448 2489 65 56 in
1551 2488 103 58 the
1692 2486 236 60 United
1968 2488 230 70 States,

207 2563 1968 153 by Walter W. Jennings … New York, Thomas Y. Crowell company [ c 1926]
273 2734 92 52 xvi,
392 2737 82 44 819
499 2748 39 38 p.
568 2733 99 46 incl.
694 2731 156 47 tables,
912 2734 109 45 fold.
1047 2746 116 38 map.
1222 2732 53 45 23½
1311 2735 48 18 cm
1365 2770 8 8 .

275 2803 356 52 Bibliography:
657 2816 43 38 p.
730 2801 203 50 769-777.

207 2870 53 53 ©
286 2873 100 50 Jan.
415 2871 36 51 7,
484 2871 129 52 1926;
643 2871 63 42 2c.
736 2871 98 51 Jan.
867 2872 75 50 11;
974 2870 78 43 aff.
1080 2871 99 51 Jan.
1210 2871 48 50 9;
1291 2871 43 41 A
1365 2868 189 55 879218;
1586 2870 202 45 Thomas
1818 2872 56 43 Y.
1907 2871 194 45 Crowell
2131 2887 66 28 co.

285 2926 242 56 (26-1172)

208 3043 247 72 Jervey,
498 3041 319 57 Theodore
856 3041 235 72 Dehon,
1132 3042 188 57 1859-

282 3131 1911 73 The slave trade; slavery and color, by Theodore D ).
202 3211 252 71 Jervey.
541 3208 341 73 Columbia,
918 3208 62 60 S.
1019 3209 85 73 C.,
1141 3209 130 58 The
1309 3208 177 60 State
1522 3228 321 55 company,
1881 3211 167 57 1925.

276 3303 58 53 vi,
362 3304 81 43 344
471 3318 39 37 p.
572 3302 151 52 front.,
751 3318 71 38 pl.,
851 3310 153 45 ports.,
1035 3317 140 37 maps.
1235 3304 50 41 21
1296 3305 46 17 cm
1349 3338 9 7 .

208 3371 52 53 ©
286 3373 108 43 Dec.
422 3372 64 47 30,
515 3371 129 52 1925;
674 3372 62 42 2c.
764 3372 86 43 and
877 3372 78 43 aff.
981 3372 98 51 Jan.
1108 3371 38 52 6,
1175 3370 129 53 1926;
1334 3372 43 41 A
1404 3370 190 54 875740;
1627 3370 127 47 State
1780 3386 65 29 co.

286 3428 241 54 (26-1144)

209 3527 297 73 Klapper,
545 3526 174 71 Paul,
757 3529 189 57 1885-

283 3618 316 71 Teaching
625 3618 279 56 children
931 3620 63 54 to
1024 3617 151 57 read;
1237 3637 39 36 a
1297 3618 254 57 manual
1581 3617 66 57 of
1673 3617 255 57 method
1955 3617 103 56 for
206 3617 1969 149 elementary
538 3696 123 56 and

704 3694 1428 74 junior high schools, by Paul Klapper …
205 3774 107 57 4th
348 3774 111 71 ed.,
498 3792 126 39 rev.
664 3773 122 58 and
824 3774 114 57 enl.
1038 3773 151 58 New
1224 3773 191 72 York,
1453 3773 278 76 London,
1768 3773 74 57 D.
1883 3772 316 72 Appleton

207 3854 123 55 and
360 3871 305 52 company
698 3881 13 44 [
711 3860 20 21 c
735 3853 164 75 1926]

276 3943 778 54 xxii p., 1 l., 304 p. diagr. 19½cm.
