2609 4293
1023 3988 20 42 133

109 354 226 72 Ferris,
373 354 197 57 Helen
606 353 354 74 Josephine,
1001 357 189 56 1890-
1346 356 90 57 ed.

183 444 1903 73 Girl scout short stories, edited by Helen Ferris … and
108 522 167 57 Alice
311 522 184 71 Mary
528 521 294 58 Kimball.
899 520 251 59 Garden
1188 521 160 74 City,
1384 521 75 58 N.
1493 522 92 71 Y.,
1622 523 153 58 Pub.
1810 523 107 58 for
1951 523 137 60 Girl

107 603 222 68 scouts,
364 598 112 57 inc.
512 600 82 70 by
623 599 384 71 Doubleday,
1040 599 170 72 Page
1242 599 49 56 &
1323 618 321 54 company,
1679 600 167 58 1925.

173 679 76 42 viii
282 694 53 37 p.,
368 680 24 40 2
443 711 22 16 l.,
502 677 75 43 183
610 692 39 37 p.
709 677 82 44 col.
826 677 152 50 front.,
1013 676 129 52 illus.,
1176 678 139 52 plates
1346 678 125 52 (part
1504 677 110 52 col.)
1680 677 54 44 26
1740 680 46 18 cm
1793 714 9 8 .

106 732 53 53 ©
193 734 105 42 Dec.
331 734 64 49 22,
434 731 127 53 1925;
600 733 64 43 2c.
694 734 90 42 and
819 734 78 42 aff.
932 732 107 45 Feb.
1077 731 64 53 15,
1180 733 127 51 1926;
1345 735 44 41 A
1425 734 187 51 883284;
1654 734 97 44 Girl
1789 742 163 44 scouts,
1990 735 96 51 inc.,

174 790 116 43 New
321 790 140 42 York.
530 788 240 54 (26-4062)

102 872 167 72 Fisk,
310 872 242 60 Walter
587 873 282 70 Warner,
909 875 187 57 1888-

178 966 212 72 Fancy
424 966 243 70 cheese;
703 986 36 37 a
772 963 303 74 practical
1109 966 259 58 treatise
1404 985 77 38 on
1515 968 104 56 the
1653 968 268 70 popular
1957 967 130 58 soft

103 1043 1982 73 cheeses, by Prof. Walter W. Fisk … Milwaukee, Wis.,
104 1118 1298 74 The Olsen publishing company [ c 1925]
167 1196 1162 53 2 p. l ., [7]-80, xvi, [1] p. illus., plates. 20 cm .
99 1250 53 53 ©
183 1253 107 42 Dec.
320 1253 64 48 31,
421 1251 128 52 1925;
582 1252 63 42 2c.
676 1252 87 42 and
793 1251 78 43 aff.
903 1251 105 43 Feb.
1039 1251 37 51 9,
1113 1251 129 51 1926;
1274 1251 44 41 A
1352 1249 188 55 879533;
1576 1251 140 45 Olsen
1745 1254 101 51 pub.
1878 1268 65 29 co.

178 1306 241 56 (26-3955)

99 1392 274 71 Fowkes,
414 1391 180 57 Ellen
631 1391 209 57 Maud.

175 1485 225 56 Looms
440 1484 66 56 of
545 1484 249 70 destiny.
892 1486 86 68 pt.
1022 1485 50 70 2,
1114 1484 173 70 chap.
1332 1486 163 55 3-14.
1597 1486 32 55 [5
1668 1485 414 76 instalments]

171 1562 79 51 (In
281 1563 295 40 Manchester
607 1562 107 50 City
744 1561 149 51 news)

95 1614 1989 56 © 1c. each Feb. 18, 1926; A ad int. 7769; pubd. Dec. 26, 1925, Jan. 2, 9,
157 1673 60 50 16,
243 1674 66 50 23,
343 1673 130 52 1926;
503 1673 51 46 E.
584 1674 65 42 M.
681 1672 206 52 Fowkes,
917 1673 305 52 Manchester,
1250 1671 222 54 England.

96 1759 149 70 Fox,
282 1757 205 59 Sister
525 1755 314 59 Columba.

239 1846 1842 75 … The life of the Right Reverend John Baptist Mary
94 1924 207 59 David
342 1925 397 71 (1761-1841)
780 1925 224 71 bishop
1039 1925 66 57 of
1137 1924 378 59 Bardstown
1549 1927 125 57 and
1707 1925 272 59 founder
2012 1926 68 59 of

94 2004 103 58 the
242 2003 236 59 Sisters
524 2003 67 57 of
633 2002 245 74 charity
920 2002 70 58 of
1030 2002 335 72 Nazareth,
1405 2003 83 73 by
1532 2001 203 62 Sister
1780 2002 298 61 Columba

95 2081 1985 73 Fox … with an introduction by Paul L. Blakely … New
92 2160 187 73 York,
310 2160 128 57 The
465 2159 234 58 United
727 2159 211 58 States
969 2158 283 59 Catholic
1275 2158 328 59 historical
1629 2159 252 74 society,
1910 2161 165 57 1925.

93 2237 1966 111 4 p. l., 240, [3] p. plates, ports., facsims. 23½ cm . (United States Catholic historical society. Monograph series IX)
161 2351 350 54 Bibliography:
541 2366 39 37 p.
610 2349 199 46 193-195.

93 2407 53 53 ©
173 2408 106 44 Feb.
306 2408 39 52 2,
378 2407 106 44 1926
498 2422 9 38 ;
537 2408 64 43 2c.
630 2407 105 43 Feb.
765 2407 49 51 8;
846 2407 78 42 aff.
955 2406 106 44 Feb.
1095 2406 72 52 10;
1200 2406 43 42 A
1271 2406 189 53 883263;
1492 2406 170 45 United
1695 2406 149 48 States
1876 2406 203 46 Catholic

161 2463 231 45 historical
431 2479 87 28 soc.
588 2463 240 54 (26-4286)

91 2549 244 71 Fraser,
373 2546 284 73 Georgia.

167 2639 248 59 Wishes
464 2659 168 39 come
677 2641 138 55 true
867 2640 112 73 [by]
1030 2637 272 74 Georgia
1349 2637 254 60 Fraser.
1691 2637 151 59 New
1888 2637 190 75 York,

89 2719 78 57 H.
193 2718 205 71 Vinal,
427 2719 166 56 1926.

157 2796 590 54 4 p. l., 3-258 p. 19½ cm .
90 2852 53 53 ©
170 2852 105 45 Feb.
306 2854 34 50 1,
373 2853 103 42 1926
492 2866 9 38 ;
528 2853 65 42 2c.
621 2851 106 44 Feb.
760 2852 72 51 11;
863 2852 78 42 aff.
971 2851 105 43 Feb.
1107 2852 49 51 9;
1187 2851 43 42 A
1258 2850 189 54 883270;
1480 2850 198 54 Georgia
1705 2850 167 45 Fraser
1900 2850 178 53 Arkell,

160 2910 116 43 New
317 2910 143 42 York.
528 2906 241 56 (26-4067)

89 2992 268 72 Gabriel,
396 2991 208 74 Ralph
643 2992 232 72 Henry.

231 3067 1842 76 … Toilers of land and sea, by Ralph Henry Gabriel.
87 3149 151 57 New
269 3148 242 71 Haven,
544 3148 156 57 Yale
732 3147 354 71 university
1118 3165 212 53 press;
1369 3150 149 70 [etc.,
1554 3149 129 70 etc.]
1720 3147 167 57 1926.

162 3223 1918 59 3 p. l., 340 p. front., illus. (incl. maps, facsims.) 26 cm . (The pageant
86 3286 50 44 of
161 3286 211 44 America.
462 3286 87 43 [vol.
662 3285 17 53 III)

159 3344 212 51 “Liberty
394 3342 88 44 bell
506 3341 208 46 edition.”

164 3397 125 45 “The
327 3400 162 51 liberty
528 3399 85 43 bell
652 3397 167 45 edition
855 3397 50 44 of
945 3397 110 44 ‘The
1092 3404 192 46 pageant
1320 3396 52 45 of
1409 3395 241 53 America’,
1688 3395 76 46 the
1803 3396 99 43 first
1939 3404 47 37 to
2023 3395 56 46 be

86 3456 189 54 printed,
315 3457 35 42 is
391 3455 171 44 limited
600 3464 46 35 to
687 3453 120 52 1,500
845 3454 289 53 impressions
1173 3470 58 28 on
1267 3468 137 39 paper
1441 3454 237 53 expressly
1715 3454 128 44 made
1883 3452 74 45 for
1992 3453 78 44 the

84 3512 167 45 work.”
310 3511 111 44 This
450 3527 112 38 copy
586 3520 77 36 not
688 3512 254 44 numbered.

87 3567 53 53 ©
166 3570 98 51 Jan.
292 3568 68 51 25,
391 3567 128 52 1926;
549 3568 62 42 2c.
639 3569 100 51 Jan.
768 3567 77 52 29;
877 3568 78 42 aff.
984 3568 98 51 Jan.
1110 3567 77 51 28;
1217 3568 44 41 A
1290 3565 188 53 879425;
1511 3566 115 43 Yale
1655 3565 248 54 university
1932 3579 141 39 press.

165 3623 241 56 (26-4275)

86 3709 354 72 Galbreath,
480 3707 256 59 Charles
776 3707 317 72 Burleigh.

86 3784 1983 144 History of Ohio, by Charles B. Galbreath … Historical and biographical. In five volumes. Illustrated.
