2542 4285
0 0 0 0 237
206 354 184 72 Reed,
425 354 339 73 Langford,
802 377 192 52 comp.

283 446 59 56 A
368 445 158 58 book
552 447 68 57 of
643 464 306 41 nonsense
977 466 198 51 verse,
1204 448 293 58 collected
1523 451 83 70 by
1633 451 325 71 Langford
1986 455 169 57 Reed;

206 521 149 59 with
397 524 71 55 26
510 522 416 59 illustrations
967 525 83 71 by
1090 524 78 56 H.
1212 525 82 56 M.
1336 525 322 57 Bateman.
1739 527 152 58 New
1930 529 169 57 York
2141 533 45 54 &

207 599 274 72 London,
513 598 68 60 G.
610 601 68 55 P.
709 601 331 59 Putnam’s
1072 619 163 54 sons,
1264 603 165 56 1926.

280 675 78 46 159
384 690 42 38 p.
484 676 118 45 illus.
660 676 54 45 23½
757 693 34 27 x
835 678 26 43 18½
893 679 17 19 cm
946 712 10 9 .

200 727 57 54 ©
290 731 119 42 Mar.
440 728 38 53 5,
512 730 107 43 1926;
672 731 65 43 2c.
768 732 88 42 and
886 732 78 42 aff.
999 733 119 42 Mar.
1154 732 73 52 12;
1262 733 43 41 A
1338 731 188 54 879828;
1564 734 49 43 L.
1648 734 136 50 Reed,
1818 735 199 44 London.

282 784 240 55 (26-6548)

204 880 280 73 Roberts,
523 882 207 58 Maria
763 883 68 57 M
1140 886 189 58 1867-

278 970 1913 74 Analytic geometry, by Maria M. Roberts … and Julia
204 1047 1986 73 T. Colpitts … 2d ed.; total issue eleven thousand. New
202 1125 188 72 York,
419 1127 59 57 J.
507 1126 206 71 Wiley
738 1126 48 58 &
814 1146 161 54 sons,
1006 1128 114 56 inc.;
1188 1131 146 69 [etc.,
1367 1129 128 73 etc.]
1528 1130 165 57 1926.

271 1203 954 53 2 p. l. iii-xii, 261 p. diagrs. 19 cm .
202 1258 54 53 ©
283 1261 118 42 Mar.
427 1261 37 50 2,
497 1260 127 52 1926;
650 1261 63 43 2c.
742 1263 87 42 and
854 1261 79 43 aff.
964 1262 118 42 Mar.
1114 1260 74 53 15;
1218 1262 46 42 A
1289 1261 188 53 883644;
1508 1264 67 43 M.
1604 1265 65 41 M.
1698 1263 192 45 Roberts
1920 1265 38 44 &
1984 1265 123 52 Julia
2132 1265 53 45 T.

273 1315 207 53 Colpitts,
512 1317 150 51 Ames,
726 1332 37 28 Ia.
832 1315 242 56 (26-6463)

202 1412 281 73 Roberts,
519 1413 242 60 Walter
790 1413 305 75 Adolphe,
1135 1417 188 57 1886-

281 1503 128 57 The
445 1503 306 73 haunting
787 1504 185 74 hand,
1009 1505 84 71 by
1129 1505 96 58 W.
1266 1504 288 73 Adolphe
1592 1506 300 72 Roberts;
200 1508 1965 144 frontispiece

416 1581 83 71 by
543 1581 241 73 George
830 1581 95 57 W.
976 1582 189 72 Gage.
1247 1581 152 59 New
1443 1582 189 72 York,
1680 1584 130 58 The
1858 1585 333 73 Macaulay

202 1677 303 52 company
539 1688 12 40 [
552 1668 19 20 c
574 1660 164 69 1926]

272 1734 774 54 5 p. l ., 9-309 p. front. 19 cm .
199 1790 54 53 ©
279 1793 117 42 Mar.
427 1791 62 52 15,
518 1792 128 53 1926;
672 1794 64 41 2c.
762 1794 87 42 and
875 1794 78 42 aff.
982 1794 118 42 Mar.
1131 1791 73 54 17;
1234 1795 43 41 A
1303 1791 191 54 879870;
1526 1794 241 53 Macaulay
1793 1809 65 29 co.

277 1847 242 54 (26-6472)

200 1945 266 74 Rockey,
501 1946 294 58 Howard.

278 2036 1907 75 Paradox, by Howard Rockey … Philadelphia, Macrae
202 2113 202 59 Smith
431 2133 304 54 company
764 2144 12 43 [
778 2123 19 22 c
801 2116 163 72 1926]

269 2193 591 52 3 p. l ., [9]-312 p. 19 cm .
198 2246 54 53 ©
283 2248 107 43 Feb.
424 2247 63 53 15,
521 2248 127 51 1926;
681 2248 64 43 2c.
779 2249 119 43 Mar.
935 2248 73 53 17;
1041 2249 81 43 aff.
1153 2248 106 44 Feb.
1297 2249 73 51 18;
1405 2251 43 41 A
1481 2248 188 53 879922;
1704 2250 60 43 H.
1800 2251 199 51 Rockey,
268 2249 1896 108 Philadelphia.
526 2301 241 56 (26-6645)

200 2402 254 71 Rogers,
493 2401 233 58 Robert
762 2401 296 72 William,
1098 2404 189 57 1864-

280 2492 364 59 Cuneiform
680 2494 298 72 parallels
1018 2499 64 54 to
1120 2496 103 57 the
1262 2493 119 59 Old
1420 2497 378 70 Testament,
1839 2496 350 58 translated

202 2569 1963 138 and edited by Robert William Rogers … 2d ed., with corrections.
577 2650 151 58 New
776 2649 190 73 York,
1020 2647 371 75 Cincinnati,
1444 2651 129 58 The
1626 2650 334 74 Abingdon
2008 2670 180 53 press

203 2758 13 42 [
217 2735 20 21 c
239 2728 165 72 1926]

267 2802 1231 55 xxiv, 567 p. incl. 48 pl. map, fold. tab. 23 ½ cm .
270 2862 281 52 Letterpress
575 2861 273 53 descriptive
873 2863 53 43 of
950 2863 109 44 each
1082 2862 120 52 plate
1226 2879 60 29 on
1309 2878 134 29 verso
1468 2864 52 45 of
1546 2862 247 53 preceding
1816 2862 134 53 plate.

271 2920 126 45 “List
421 2920 55 44 of
502 2919 145 44 books
676 2921 168 48 quoted
870 2934 54 28 or
951 2918 286 47 mentioned”
1252 2935 10 29 :
1293 2932 38 39 p.
1358 2919 172 44 xi-xvi.

197 2973 54 53 ©
279 2974 104 44 Feb.
418 2975 61 48 11,
513 2973 128 52 1926;
670 2974 63 43 2c.
764 2974 86 43 and
880 2975 78 43 aff.
990 2976 119 41 Mar.
1141 2975 75 51 10;
1249 2976 43 41 A
1323 2972 163 47 879788;
1548 2975 52 42 R.
1631 2976 73 43 W.
1736 2975 188 53 Rogers,
1959 2974 224 51 Madison,

268 3030 60 44 N.
357 3031 40 52 J.
466 3028 242 56 (26-6539)

196 3127 181 73 Roth,
414 3127 279 58 Filibert.

275 3219 229 56 Forest
526 3219 322 56 valuation
868 3241 11 33 :
906 3220 242 55 volume
1181 3221 32 53 2
1245 3219 65 57 of
1339 3218 316 72 Michigan
1682 3219 255 57 manual
1964 3219 67 56 of
198 3220 1967 148 forestry,

420 3296 82 71 by
533 3296 268 57 Filibert
829 3296 183 57 Roth.
1086 3298 78 56 2d
1196 3298 111 70 ed.,
1341 3316 125 37 rev.
1540 3296 143 56 Ann
1716 3296 226 72 Arbor,
1979 3296 204 72 Mich.,

197 3374 239 71 George
469 3373 214 72 Wahr,
719 3374 165 56 1926.

265 3448 843 54 v, 176 p. tables, diagrs. 23 ½ cm .
194 3503 56 54 ©
278 3504 105 46 Feb.
418 3506 63 52 12,
514 3506 104 42 1926;
673 3506 65 43 2c.
769 3507 86 43 and
883 3506 79 43 aff.
994 3505 107 44 Feb.
1136 3507 73 49 19;
1244 3505 43 43 A
1317 3503 187 53 883358;
1540 3504 176 54 George
1748 3503 160 46 Wahr.

200 3602 298 72 Schmidt,
539 3602 279 60 William
857 3602 252 75 Sidney.

275 3695 127 56 The
443 3694 355 57 Doberman
837 3694 310 71 pinscher,
1187 3695 84 70 by
1308 3694 280 58 William
1631 3692 235 74 Sidney
1909 3691 279 61 Schmidt

206 3771 177 71 (with
411 3773 103 56 the
545 3772 342 57 assistance
917 3773 67 57 of
1011 3772 168 57 Leah
1211 3772 209 71 Garry
1444 3771 65 57 in
1533 3772 264 57 matters
1826 3771 69 58 of
197 3770 1965 152 translation)

450 3848 285 75 Chicago,
769 3850 173 71 Judy
973 3848 361 74 publishing
1366 3867 320 56 company,
1722 3850 165 56 1926.
