2609 4293
1053 3982 108 55 125

116 343 339 71 Richelsen,
493 344 183 57 John.

191 447 128 56 The
364 446 111 73 joy
520 447 68 56 of
633 447 345 72 discovery,
1027 447 122 57 and
1196 447 178 57 other
1421 448 330 58 addresses
1796 448 83 72 by
1925 449 167 58 John

116 523 1912 72 Richelsen … with an introduction by G. B. F. Hallock …
117 602 151 56 New
311 600 189 72 York,
551 600 269 73 Chicago
873 603 146 70 [etc.]
1067 600 288 73 Fleming
1400 600 80 58 H.
1530 602 216 57 Revell
1793 620 303 54 company

116 710 14 43 [
131 687 20 23 c
154 680 162 71 1925]

212 769 332 54 160 p. 19½ cm .
112 838 53 54 ©
194 841 98 51 Jan.
321 840 67 51 23,
424 839 106 43 1926
544 853 8 38 ;
583 839 65 42 2c.
680 840 87 42 and
796 839 81 42 aff.
910 839 98 52 Jan.
1040 839 77 52 30;
1149 839 44 42 A
1225 839 187 52 883098;
1448 838 211 54 Fleming
1689 840 61 42 H.
1786 840 157 44 Revell
1975 855 66 29 co.

189 895 241 55 (26-3613)

113 1006 331 72 Robinson,
486 1007 238 72 George
763 1005 423 73 Livingstone,
1228 1009 188 57 1864-

189 1111 127 57 The
359 1110 217 58 twelve
616 1110 207 57 minor
860 1109 323 73 prophets,
1225 1111 83 70 by
1348 1111 150 56 Rev.
1546 1110 240 74 George
1827 1111 70 57 L.
111 1111 1965 133 Robinson

390 1187 1642 75 … New York, George H. Doran company [ c 1926]
180 1275 707 54 x p., 2 l., 15-203 p. 21½ cm .
182 1345 282 44 “Literature
494 1360 59 29 on
582 1345 73 44 the
684 1345 162 45 twelve
874 1346 148 44 minor
1049 1345 265 54 prophets”;
1349 1360 40 38 p.
1419 1347 122 44 ix-x.
1602 1345 207 53 “Special
1840 1344 258 47 literature”

109 1408 47 37 at
183 1401 83 44 end
292 1401 52 44 of
370 1401 108 44 each
505 1401 196 53 chapter.

110 1468 54 55 ©
191 1473 99 51 Jan.
324 1470 61 53 15,
420 1473 128 51 1926;
580 1473 63 43 2c.
676 1471 105 46 Feb.
813 1473 48 51 6;
895 1474 77 42 aff.
1001 1474 99 51 Jan.
1131 1473 77 52 28;
1243 1474 44 41 A
1317 1471 189 53 883187;
1543 1470 176 54 George
1751 1471 61 44 H.
1845 1473 157 42 Doran
2034 1486 64 29 co.

189 1528 240 54 (26-3890)

111 1639 193 74 Roby,
344 1640 218 74 Henry
595 1641 82 60 W
988 1641 356 59 1842-1920.

185 1744 221 72 Henry
441 1745 95 57 W.
578 1746 238 70 Roby’s
858 1749 178 67 story
1073 1744 68 58 of
1179 1745 102 57 the
1321 1745 322 57 invention
1683 1744 66 59 of
1788 1745 104 58 the
107 1748 1972 147 typewriter,

390 1823 207 57 edited
643 1824 149 56 with
841 1822 325 58 historical
1213 1822 426 58 introduction
1685 1824 84 69 by
1815 1822 152 57 Milo
2020 1822 81 57 M.

111 1899 242 72 Quaife.
437 1901 322 70 Menasha,
799 1900 176 71 Wis.,
1018 1900 242 73 George
1300 1900 208 57 Banta
1546 1899 363 74 publishing
106 1919 1974 130 company
305 2008 14 43 [
319 1989 20 20 c
343 1979 164 73 1925]

177 2069 57 53 iv,
268 2071 76 43 119
374 2085 39 38 p.
473 2069 153 55 plates,
657 2077 136 46 ports.
857 2069 50 44 16½
941 2071 47 18 cm
995 2104 8 9 .

109 2137 53 53 ©
191 2140 99 51 Jan.
318 2139 68 52 26,
418 2139 128 52 1926;
576 2140 65 42 2c.
673 2139 106 44 Feb.
810 2140 49 51 2;
891 2140 79 43 aff.
999 2139 106 44 Feb.
1140 2141 45 49 1;
1219 2138 43 43 A
1294 2138 188 53 883146;
1519 2138 176 53 George
1730 2139 146 42 Banta
1905 2138 100 53 pub.
2036 2151 64 29 co.

187 2195 241 54 (26-3688)

108 2308 344 70 Ruemmer,
494 2309 222 57 Franz.

187 2403 129 57 The
362 2404 182 70 great
591 2405 200 56 secret
839 2402 66 58 of
951 2402 103 58 the
1104 2401 219 70 saints,
1369 2403 83 69 by
1498 2401 208 57 Franz
1751 2402 351 61 Ruemmer,

109 2478 352 60 translated
509 2480 168 56 from
723 2479 104 58 the
877 2479 273 59 German
1196 2480 84 72 by
1325 2479 210 58 Isabel
1582 2478 315 71 Garahan,
1987 2525 11 11 B.
2088 2526 11 11 A.

111 2557 90 60 St.
236 2554 209 74 Louis,
480 2558 122 56 Mo.
638 2559 123 57 and
794 2557 277 70 London,
1103 2556 72 57 B.
1210 2555 251 60 Herder
1493 2556 159 59 book
1687 2574 105 54 co.,
1828 2558 165 57 1926.

177 2645 443 54 xi, 119 p. 19½ cm .
106 2712 57 54 ©
195 2716 100 51 Jan.
324 2716 68 51 28,
428 2714 128 53 1926;
592 2716 63 42 2c.
690 2715 86 43 and
809 2715 79 43 aff.
921 2715 98 52 Jan.
1053 2714 77 53 30;
1165 2714 45 42 A
1241 2714 189 53 879453;
1470 2716 49 41 B.
1556 2716 183 43 Herder
1773 2716 120 44 book
1925 2731 65 28 co.

187 2771 242 54 (26-3511)

112 2883 299 69 Schmidt,
451 2882 300 59 Walther.

255 2974 1847 73 … Geographie der welthandelsgüter. 2. t.: Pflanzliche
110 3053 127 56 und
266 3052 293 57 tierische
588 3053 347 71 nahrungs-
967 3053 127 57 und
1123 3052 517 73 industriegüter.
1713 3052 286 71 Breslau,
2033 3054 68 55 F.

109 3129 168 72 Hirt,
311 3130 164 56 1925.

184 3217 76 45 127
287 3233 39 39 p.
386 3233 137 39 maps,
555 3219 165 53 diagrs.
784 3219 49 43 19½
869 3222 46 18 cm
922 3255 8 8 .
999 3218 190 54 (Added
1221 3226 118 47 t.-p.:
1375 3220 296 52 Jedermanns
1703 3218 226 46 bücherei.
1987 3220 114 44 abt.:

109 3274 269 55 Erdkunde)

108 3343 1771 56 © Aug. 24, 1925; 1c. Nov. 5; A—Foreign 30072; Ferdinand Hirt.
113 3457 355 72 Schneider,
506 3457 239 72 Albert,
785 3460 189 57 1863-

184 3550 396 70 Laboratory
627 3548 489 73 pharmacology
1163 3549 123 57 and
1335 3548 371 73 toxicology,
1753 3549 83 70 by
1883 3548 222 58 Albert

113 3625 1991 74 Schneider … Portland, North Pacific college of Oregon,
110 3705 164 57 1926.

181 3794 641 56 3 p. l. , 133 p., 1 l. 23 cm .
111 3866 53 53 ©
193 3867 98 52 Jan.
320 3866 66 51 22,
424 3867 128 50 1926;
586 3868 63 41 2c.
681 3867 99 52 Jan.
811 3867 77 51 29;
924 3867 78 43 aff.
1033 3867 99 51 Jan.
1163 3865 79 53 27;
1277 3866 43 43 A
1354 3866 189 52 883083;
1579 3866 56 43 A.
1673 3865 260 52 Schneider,
182 3865 1898 109 Portland,
331 3923 79 44 Or.
480 3923 217 53 (26-3684)
