2542 4285
1026 3975 149 57 1077

85 469 166 57 from
281 486 143 38 rare
456 485 247 39 sources
736 466 123 57 and
889 483 78 38 an
998 458 424 61 introduction
1451 461 83 70 by
1565 457 275 59 Edward
85 455 1954 151 Eberstadt.

352 545 152 57 New
529 543 188 71 York,
749 542 72 58 E.
854 541 362 70 Eberstadt,
1246 539 166 57 1926.

156 620 858 56 125, [1] p. incl. front. (port.) 24½cm.
155 678 210 48 “Edition
392 677 169 45 limited
589 688 46 35 to
665 675 80 46 385
776 674 149 54 copies
953 674 52 46 of
1031 673 146 44 which
1206 670 251 55 thirty-five
1487 686 75 28 are
1591 685 71 48 on.
1675 668 127 54 large
1829 665 176 55 paper.”

155 735 208 45 Lettered
391 750 60 28 on
479 749 157 29 cover:
671 730 222 54 Sawyer’s
923 730 193 52 journal.
1174 728 171 44 Across
1375 727 74 44 the
1477 725 144 53 plains
1651 725 44 43 in
1729 722 116 47 1850.

154 791 123 45 First
303 790 234 53 published
564 791 43 41 in
635 788 74 44 the
736 786 177 54 Family
939 786 161 44 visitor
1126 784 51 45 of
1206 782 241 47 Cleveland.
1521 781 57 49 cf.
1610 778 260 46 Foreword.

88 845 53 53 ©
174 845 119 52 Sept.
328 847 33 48 1,
396 845 127 50 1926;
553 844 64 42 2c.
651 843 119 52 Sept.
800 842 50 52 3;
882 842 77 42 aff.
994 841 120 51 Sept.
1143 840 53 51 2;
1229 839 43 42 A
1303 838 187 51 901810;
1526 835 199 47 Edward
1755 834 256 47 Eberstadt.

167 900 268 57 (26-16325)

88 973 296 74 Seabury,
428 971 280 60 William
745 971 301 69 Marston,
1089 969 189 58 1878-

165 1063 127 59 The
333 1061 208 73 public
581 1062 123 56 and
743 1060 104 57 the
886 1058 235 58 motion
1163 1055 244 74 picture
1447 1055 311 70 industry,
1799 1053 83 70 by
86 1050 1963 147 William

279 1129 1794 80 Marston Seabury … New York, The Macmillan
87 1234 320 55 company,
442 1215 165 57 1926.

158 1290 635 56 xiv p., 1 l. , 340 p. 20 cm .
90 1348 54 53 ©
173 1348 118 52 Sept.
317 1349 65 50 21,
411 1348 105 43 1926;
566 1349 63 42 2c.
657 1348 87 42 and
770 1349 78 42 aff.
879 1345 119 54 Sept.
1026 1346 53 42 22;
1132 1346 44 42 A
1202 1342 167 47 950132;
1423 1342 264 45 Macmillan
1713 1356 65 30 co.

170 1404 268 56 (26-16413)

90 1473 246 72 Shafer,
377 1472 247 69 Robert,
669 1475 189 56 1890-
1015 1472 91 58 ed.

164 1562 336 60 American
554 1561 331 59 literature
952 1560 351 73 (Complete
1362 1558 122 70 ed.)
1593 1560 156 56 Text
1810 1557 269 58 selected

91 1634 1987 78 and edited by Robert Shafer … Garden City, N. Y.,
90 1716 383 73 Doubleday,
502 1716 172 72 Page
702 1716 47 58 &
775 1735 322 53 company,
1130 1714 165 58 1926.

160 1790 704 57 xxxi p., 1 l. , 604 p. 23½cm.
91 1848 57 53 ©
177 1850 118 53 Aug.
325 1850 65 48 30,
425 1850 127 51 1926;
585 1850 63 44 2c.
677 1851 89 43 and
795 1851 78 42 aff.
909 1848 119 53 Sept.
1060 1848 79 53 27;
1172 1849 44 42 A
1249 1847 188 54 950193;
1472 1847 280 52 Doubleday,
1785 1847 124 51 Page
1942 1846 38 44 &
2009 1860 67 29 co.

173 1905 268 57 (26-16521)

94 1977 274 75 Shively,
402 1979 256 73 George.

171 2064 1910 79 Sabbatical year, by George Shively … New York,
91 2144 339 73 Harcourt,
458 2145 198 59 Brace
685 2148 124 59 and
836 2165 306 53 company
1172 2176 11 43 [
1187 2154 17 22 c
1209 2146 164 73 1926]

162 2222 82 44 200
274 2237 40 39 p.
514 2259 9 8 19½cm.

97 2277 53 53 ©
181 2278 119 53 Sept.
332 2280 60 48 16,
424 2280 127 50 1926;
579 2281 64 43 2c.
669 2282 88 42 and
784 2282 78 41 aff.
895 2281 120 51 Sept.
1043 2281 77 51 28;
1152 2280 44 42 A
1223 2279 189 54 949230;
1441 2280 248 51 Harcourt,
1718 2278 143 44 Brace
1889 2279 86 43 and
2002 2292 79 39 co.,

167 2336 81 43 inc.
318 2335 267 56 (26-16532)

97 2406 221 74 Smith,
354 2408 170 56 Elsie
560 2409 166 73 May,
768 2412 188 58 1877-

172 2485 318 63 Solutions
525 2486 66 57 in
624 2492 104 54 ten
762 2491 239 57 lessons;
1070 2510 35 37 a
1137 2490 252 57 manual
1425 2491 105 57 for
1560 2507 112 39 use
1703 2487 66 57 in
1805 2486 279 74 training

94 2562 1988 79 schools for nurses, by Elsie M. Smith … 3d rev. ed. St.
94 2642 208 69 Louis,
335 2642 129 58 The
496 2643 63 60 C.
587 2642 74 61 V.
694 2642 225 73 Mosby
947 2662 322 52 company,
1303 2645 164 56 1926.

164 2721 610 52 2 p. l. , [7]-63 p. 17½ cm .
101 2774 53 53 ©
192 2774 120 54 Sept.
346 2776 66 46 20,
449 2775 128 51 1926;
612 2776 64 42 2c.
710 2775 86 44 and
827 2776 81 42 aff.
947 2775 121 52 Sept.
1101 2773 79 53 27;
1217 2775 44 43 A
1297 2772 188 54 950221;
1525 2773 48 45 C.
1610 2775 57 44 V.
1705 2775 168 53 Mosby
1907 2789 65 29 co.

178 2830 269 56 (26-16687)

100 2903 238 72 Smyth,
379 2904 312 67 Newman,
736 2904 356 58 1843-1925.

173 2979 450 60 Recollections
658 2981 122 57 and
813 2980 368 72 reflections,
1216 2980 84 71 by
1332 2981 297 56 Newman
1665 2978 239 74 Smyth,
1938 2980 152 58 with

99 3054 1922 78 commemorative addresses by Benjamin W. Bacon …
100 3133 148 57 Rev.
289 3134 187 57 Peter
512 3133 264 73 Ainslie,
813 3135 100 57 Rt.
955 3136 150 57 Rev.
1149 3135 216 59 James
1406 3136 92 56 De
1535 3135 176 58 Wolf
1748 3135 221 75 Perry,
2009 3136 80 71 jr.

100 3210 151 58 New
278 3210 189 73 York,
502 3211 62 58 C.
598 3211 356 59 Scribner’s
987 3232 164 52 sons,
1186 3214 164 58 1926.

171 3284 546 56 5 p. l. , 244 p. 19½cm.
105 3341 53 53 ©
189 3342 119 54 Sept.
340 3344 62 46 10,
435 3345 128 50 1926;
593 3345 62 42 2c.
691 3344 118 54 Sept.
839 3345 78 52 25;
949 3347 78 42 aff.
1062 3344 121 54 Sept.
1217 3348 74 51 14;
1323 3347 44 42 A
1396 3347 189 53 949168;
1620 3345 186 47 Charles
1840 3346 247 47 Scribner’s

175 3415 116 30 sons.
361 3401 268 55 (26-16411)

105 3471 128 57 The
273 3472 229 57 Source
539 3474 187 70 book;
766 3493 79 38 an
880 3474 453 58 international
1372 3476 427 71 encyclopedic
179 3478 1888 142 authority

299 3548 249 59 written
576 3548 168 58 from
769 3551 105 59 the
898 3570 137 39 new
1060 3551 198 58 world
1282 3550 358 77 viewpoint,
1669 3554 316 71 prepared
2012 3554 83 72 by

183 3643 147 40 over
356 3629 121 53 two
505 3626 286 58 hundred
818 3627 374 59 authorities
1219 3627 65 58 in
1310 3631 103 58 the
1441 3629 178 58 fields
1650 3632 67 57 of
1743 3630 350 73 literature,

182 3699 1886 139 art, and science … Chicago [etc.] Perpetual encyclopedia
312 3780 402 71 corporation
744 3810 13 44 [
759 3788 20 25 c
781 3782 166 72 1926]

179 3850 1916 73 10 v· illus., plates (part col., 1 double) ports., maps (part fold.) diagrs. 24½cm.
