<alto xmlns="http://www.loc.gov/standards/alto/ns-v3#" xmlns:xlink="http://www.w3.org/1999/xlink" xmlns:xsi="http://www.w3.org/2001/XMLSchema-instance" xsi:schemaLocation="http://www.loc.gov/standards/alto/ns-v3# http://www.loc.gov/alto/v3/alto-3-0.xsd"><Description>
<MeasurementUnit>pixel</MeasurementUnit>
<sourceImageInformation>
<fileName>1926_v23_Part001.pdf</fileName>
</sourceImageInformation>
<OCRProcessing ID="IdOcr">
<ocrProcessingStep>
<processingDateTime>2019-04-10</processingDateTime>
<processingSoftware>
<softwareCreator>ABBYY</softwareCreator>
<softwareName>ABBYY Recognition Server</softwareName>
<softwareVersion>4.0</softwareVersion>
</processingSoftware>
</ocrProcessingStep>
</OCRProcessing>
</Description>
<Styles>
<ParagraphStyle ID="StyleId-FFFFFFFF-FFFF-FFFF-FFFF-FFFFFFFFFFFF-" ALIGN="Left" LEFT="0." RIGHT="0." FIRSTLINE="0."/>
<ParagraphStyle ID="StyleId-22C3EA86-D171-42E2-A7D2-9A866F7D91F9-" ALIGN="Left" LEFT="0." RIGHT="0." FIRSTLINE="0." LINESPACE="8.300000191"/>
<ParagraphStyle ID="StyleId-E3FA4CC6-F5E5-41CA-B4C4-90085BF71B6C-" ALIGN="Block" LEFT="0." RIGHT="0." FIRSTLINE="-14." LINESPACE="8.050000191"/>
<ParagraphStyle ID="StyleId-41118DB3-028A-4115-95B3-BB512DD0EDAE-" ALIGN="Left" LEFT="0." RIGHT="0." FIRSTLINE="-13." LINESPACE="13.30000019"/>
<ParagraphStyle ID="StyleId-A2FB4C2B-BF87-45AD-9689-33B0118FBFC1-" ALIGN="Block" LEFT="0." RIGHT="0." FIRSTLINE="-14." LINESPACE="11.06999969"/>
<ParagraphStyle ID="StyleId-BBBA7B5D-FE2B-4BC7-AC7D-F142900C21B8-" ALIGN="Block" LEFT="0." RIGHT="0." FIRSTLINE="0." LINESPACE="8.899999619"/>
<ParagraphStyle ID="StyleId-3CEA3EEE-4341-4E33-9EF0-A9438AB90A9B-" ALIGN="Center" LEFT="0." RIGHT="0." FIRSTLINE="0." LINESPACE="12.19999981"/>
<ParagraphStyle ID="StyleId-817955BE-3120-4B53-BBD3-920BAE733BFF-" ALIGN="Left" LEFT="0." RIGHT="0." FIRSTLINE="0." LINESPACE="12.19999981"/>
<ParagraphStyle ID="StyleId-456A266C-F799-486A-ACB1-75B61E9815AB-" ALIGN="Left" LEFT="0." RIGHT="0." FIRSTLINE="-13." LINESPACE="8.18999958"/>
<ParagraphStyle ID="StyleId-6A1E9ED6-E5EA-4E31-BD5A-88089B8D7134-" ALIGN="Right" LEFT="0." RIGHT="0." FIRSTLINE="0." LINESPACE="7.699999809"/>
<ParagraphStyle ID="StyleId-C11ABF73-04BC-4F6E-B7E4-01FCA3A26756-" ALIGN="Left" LEFT="0." RIGHT="0." FIRSTLINE="-13." LINESPACE="12.19999981"/>
<ParagraphStyle ID="StyleId-662CF6CF-DB5F-40BE-AD24-E877ED82DD6F-" ALIGN="Block" LEFT="0." RIGHT="0." FIRSTLINE="-14." LINESPACE="11.06999969"/>
<ParagraphStyle ID="StyleId-9361006B-74B5-41BD-BFD3-03318AD64910-" ALIGN="Left" LEFT="0." RIGHT="0." FIRSTLINE="0." LINESPACE="8.899999619"/>
</Styles>
<Layout>
<Page ID="Page752" PHYSICAL_IMG_NR="752" HEIGHT="4285" WIDTH="2542">
<TopMargin HEIGHT="348" WIDTH="2542" VPOS="0" HPOS="0">
</TopMargin>
<LeftMargin HEIGHT="3628" WIDTH="283" VPOS="348" HPOS="0">
</LeftMargin>
<RightMargin HEIGHT="3628" WIDTH="24" VPOS="348" HPOS="2518">
</RightMargin>
<BottomMargin HEIGHT="309" WIDTH="2542" VPOS="3976" HPOS="0">
<TextBlock ID="Page752_Block1" HEIGHT="67" WIDTH="2100" VPOS="3981" HPOS="418" STYLEREFS="StyleId-634177EA-F76F-46FE-8B45-EA729CF65BD9-" LANG="en-US" CS="1">
</TextBlock>
<GraphicalElement ID="Page752_Block2" HEIGHT="309" WIDTH="14" VPOS="3976" HPOS="2528"/>
</BottomMargin>
<PrintSpace HEIGHT="3628" WIDTH="2235" VPOS="348" HPOS="283">
<TextBlock ID="Page752_Block3" HEIGHT="3628" WIDTH="2100" VPOS="348" HPOS="418" STYLEREFS="StyleId-11D5C061-E279-4248-B3AC-08C03729246B-" LANG="en-US" CS="1">
<TextLine HEIGHT="0" WIDTH="0" VPOS="0" HPOS="0" STYLEREFS="StyleId-897DE599-D507-4DF7-81E7-03851D1B8AF9-" CS="1">
<String CS="1" CONTENT="752"/>
</TextLine>
<TextLine HEIGHT="49" WIDTH="390" VPOS="452" HPOS="539" STYLEREFS="StyleId-14F7562C-7B7F-4777-B867-90894E936BDD-" CS="1">
<String CS="1" CONTENT="x," HEIGHT="14" WIDTH="8" VPOS="487" HPOS="539"/>
<SP HEIGHT="46" WIDTH="26" VPOS="455" HPOS="548"/>
<String CONTENT="368" HEIGHT="43" WIDTH="81" VPOS="454" HPOS="575"/>
<SP HEIGHT="47" WIDTH="22" VPOS="454" HPOS="657"/>
<String CONTENT="p." HEIGHT="35" WIDTH="40" VPOS="466" HPOS="680"/>
<SP HEIGHT="48" WIDTH="63" VPOS="452" HPOS="721"/>
<String CS="1" CONTENT="19&#189;c"/>
<String STYLE="superscript" CONTENT="m" HEIGHT="17" WIDTH="29" VPOS="455" HPOS="886"/>
<String CONTENT="." HEIGHT="8" WIDTH="9" VPOS="487" HPOS="920"/>
</TextLine>
<TextLine HEIGHT="54" WIDTH="1752" VPOS="503" HPOS="434" CS="1">
<String CONTENT="&#169;" HEIGHT="53" WIDTH="52" VPOS="503" HPOS="434"/>
<SP HEIGHT="53" WIDTH="25" VPOS="503" HPOS="487"/>
<String CONTENT="June" HEIGHT="51" WIDTH="114" VPOS="505" HPOS="513"/>
<SP HEIGHT="44" WIDTH="26" VPOS="505" HPOS="628"/>
<String CONTENT="26," HEIGHT="50" WIDTH="65" VPOS="505" HPOS="655"/>
<SP HEIGHT="49" WIDTH="29" VPOS="506" HPOS="721"/>
<String CONTENT="1926;" HEIGHT="51" WIDTH="128" VPOS="505" HPOS="751"/>
<SP HEIGHT="51" WIDTH="27" VPOS="505" HPOS="880"/>
<String CONTENT="2c." HEIGHT="43" WIDTH="62" VPOS="505" HPOS="908"/>
<SP HEIGHT="51" WIDTH="26" VPOS="506" HPOS="971"/>
<String CONTENT="July" HEIGHT="52" WIDTH="105" VPOS="505" HPOS="998"/>
<SP HEIGHT="52" WIDTH="23" VPOS="505" HPOS="1104"/>
<String CONTENT="2;" HEIGHT="51" WIDTH="51" VPOS="505" HPOS="1128"/>
<SP HEIGHT="37" WIDTH="29" VPOS="519" HPOS="1180"/>
<String CONTENT="aff." HEIGHT="43" WIDTH="77" VPOS="505" HPOS="1210"/>
<SP HEIGHT="52" WIDTH="27" VPOS="505" HPOS="1288"/>
<String CONTENT="July" HEIGHT="52" WIDTH="106" VPOS="505" HPOS="1316"/>
<SP HEIGHT="52" WIDTH="28" VPOS="505" HPOS="1423"/>
<String CS="1" CONTENT="1;" HEIGHT="41" WIDTH="18" VPOS="505" HPOS="1452"/>
<SP HEIGHT="52" WIDTH="29" VPOS="504" HPOS="1499"/>
<!-- cceid 023D63A2-6E1B-1014-9B7B-CA07F191E62B --><String CONTENT="A" HEIGHT="42" WIDTH="44" VPOS="504" HPOS="1529"/>
<SP HEIGHT="43" WIDTH="25" VPOS="504" HPOS="1574"/>
<String CS="1" CONTENT="897301;" HEIGHT="44" WIDTH="159" VPOS="503" HPOS="1600"/>
<SP HEIGHT="51" WIDTH="30" VPOS="505" HPOS="1788"/>
<String CONTENT="Peace" HEIGHT="42" WIDTH="146" VPOS="505" HPOS="1819"/>
<SP HEIGHT="38" WIDTH="23" VPOS="519" HPOS="1966"/>
<String CONTENT="pub." HEIGHT="53" WIDTH="102" VPOS="504" HPOS="1990"/>
<SP HEIGHT="27" WIDTH="28" VPOS="521" HPOS="2093"/>
<String CONTENT="co." HEIGHT="28" WIDTH="64" VPOS="520" HPOS="2122"/>
</TextLine>
<TextLine HEIGHT="54" WIDTH="266" VPOS="561" HPOS="512">
<String CONTENT="(26-13240)" HEIGHT="54" WIDTH="266" VPOS="561" HPOS="512"/>
</TextLine>
<TextLine HEIGHT="74" WIDTH="1112" VPOS="644" HPOS="430" STYLEREFS="StyleId-40EDA715-49FE-43D1-B681-62B07F8EDA3E-">
<String CONTENT="Hunter," HEIGHT="69" WIDTH="259" VPOS="645" HPOS="430"/>
<SP HEIGHT="67" WIDTH="43" VPOS="647" HPOS="690"/>
<String CONTENT="George" HEIGHT="71" WIDTH="238" VPOS="647" HPOS="734"/>
<SP HEIGHT="58" WIDTH="40" VPOS="646" HPOS="973"/>
<String CONTENT="William," HEIGHT="69" WIDTH="294" VPOS="644" HPOS="1014"/>
<SP HEIGHT="65" WIDTH="46" VPOS="648" HPOS="1309"/>
<String CONTENT="1873-" HEIGHT="56" WIDTH="186" VPOS="648" HPOS="1356"/>
</TextLine>
<TextLine HEIGHT="75" WIDTH="1911" VPOS="734" HPOS="506" STYLEREFS="StyleId-40EDA715-49FE-43D1-B681-62B07F8EDA3E-">
<String CONTENT="New" HEIGHT="58" WIDTH="149" VPOS="735" HPOS="506"/>
<SP HEIGHT="59" WIDTH="38" VPOS="735" HPOS="656"/>
<String CONTENT="Civic" HEIGHT="59" WIDTH="171" VPOS="735" HPOS="695"/>
<SP HEIGHT="57" WIDTH="34" VPOS="737" HPOS="867"/>
<String CONTENT="biology," HEIGHT="71" WIDTH="268" VPOS="735" HPOS="902"/>
<SP HEIGHT="53" WIDTH="36" VPOS="753" HPOS="1171"/>
<String CONTENT="presented" HEIGHT="71" WIDTH="336" VPOS="735" HPOS="1208"/>
<SP HEIGHT="57" WIDTH="37" VPOS="734" HPOS="1545"/>
<String CONTENT="in" HEIGHT="57" WIDTH="62" VPOS="734" HPOS="1583"/>
<SP HEIGHT="53" WIDTH="36" VPOS="753" HPOS="1646"/>
<String CONTENT="problems," HEIGHT="74" WIDTH="332" VPOS="735" HPOS="1683"/>
<SP HEIGHT="73" WIDTH="36" VPOS="736" HPOS="2016"/>
<String CONTENT="by" HEIGHT="72" WIDTH="83" VPOS="736" HPOS="2053"/>
<SP HEIGHT="72" WIDTH="39" VPOS="736" HPOS="2137"/>
<String CONTENT="George" HEIGHT="72" WIDTH="240" VPOS="736" HPOS="2177"/>
</TextLine>
<TextLine HEIGHT="76" WIDTH="1991" VPOS="810" HPOS="427" STYLEREFS="StyleId-40EDA715-49FE-43D1-B681-62B07F8EDA3E-" CS="1">
<String CONTENT="William" HEIGHT="61" WIDTH="278" VPOS="810" HPOS="427"/>
<SP HEIGHT="56" WIDTH="21" VPOS="813" HPOS="706"/>
<String CONTENT="Hunter" HEIGHT="56" WIDTH="249" VPOS="813" HPOS="728"/>
<SP HEIGHT="36" WIDTH="29" VPOS="832" HPOS="978"/>
<String CS="1" CONTENT="&#8230;"/>
<SP HEIGHT="56" WIDTH="67" VPOS="813" HPOS="1071"/>
<String CONTENT="New" HEIGHT="56" WIDTH="150" VPOS="813" HPOS="1139"/>
<SP HEIGHT="57" WIDTH="20" VPOS="812" HPOS="1290"/>
<String CONTENT="York," HEIGHT="71" WIDTH="192" VPOS="812" HPOS="1311"/>
<SP HEIGHT="72" WIDTH="25" VPOS="811" HPOS="1504"/>
<String CONTENT="Cincinnati" HEIGHT="59" WIDTH="353" VPOS="811" HPOS="1530"/>
<SP HEIGHT="73" WIDTH="25" VPOS="812" HPOS="1884"/>
<String CONTENT="[etc.]" HEIGHT="70" WIDTH="146" VPOS="816" HPOS="1910"/>
<SP HEIGHT="72" WIDTH="25" VPOS="814" HPOS="2057"/>
<String CONTENT="American" HEIGHT="60" WIDTH="335" VPOS="814" HPOS="2083"/>
</TextLine>
<TextLine HEIGHT="73" WIDTH="727" VPOS="888" HPOS="428" STYLEREFS="StyleId-40EDA715-49FE-43D1-B681-62B07F8EDA3E-">
<String CONTENT="book" HEIGHT="59" WIDTH="159" VPOS="888" HPOS="428"/>
<SP HEIGHT="58" WIDTH="27" VPOS="888" HPOS="588"/>
<String CONTENT="company" HEIGHT="53" WIDTH="306" VPOS="908" HPOS="616"/>
<SP HEIGHT="52" WIDTH="29" VPOS="909" HPOS="923"/>
<String CONTENT="[" HEIGHT="44" WIDTH="14" VPOS="917" HPOS="953"/>
<String STYLE="superscript" CONTENT="c" HEIGHT="22" WIDTH="18" VPOS="897" HPOS="969"/>
<String CONTENT="1926]" HEIGHT="72" WIDTH="164" VPOS="889" HPOS="991"/>
</TextLine>
<TextLine HEIGHT="56" WIDTH="1615" VPOS="963" HPOS="503" CS="1">
<String CONTENT="1" HEIGHT="42" WIDTH="19" VPOS="965" HPOS="503"/>
<SP HEIGHT="53" WIDTH="27" VPOS="965" HPOS="523"/>
<String LANG="fr" CONTENT="p." HEIGHT="39" WIDTH="40" VPOS="979" HPOS="551"/>
<SP HEIGHT="44" WIDTH="27" VPOS="964" HPOS="592"/>
<String LANG="fr" CS="1" CONTENT="l"/>
<String CONTENT=".," HEIGHT="16" WIDTH="21" VPOS="999" HPOS="638"/>
<SP HEIGHT="34" WIDTH="26" VPOS="981" HPOS="660"/>
<String CONTENT="vii-xii," HEIGHT="54" WIDTH="175" VPOS="963" HPOS="687"/>
<SP HEIGHT="52" WIDTH="25" VPOS="965" HPOS="863"/>
<String CONTENT="448" HEIGHT="44" WIDTH="83" VPOS="965" HPOS="889"/>
<SP HEIGHT="53" WIDTH="26" VPOS="965" HPOS="973"/>
<String CONTENT="p." HEIGHT="39" WIDTH="40" VPOS="979" HPOS="1000"/>
<SP HEIGHT="43" WIDTH="61" VPOS="965" HPOS="1041"/>
<String CONTENT="front.," HEIGHT="53" WIDTH="157" VPOS="965" HPOS="1103"/>
<SP HEIGHT="54" WIDTH="26" VPOS="964" HPOS="1261"/>
<String CONTENT="illus." HEIGHT="44" WIDTH="119" VPOS="964" HPOS="1288"/>
<SP HEIGHT="54" WIDTH="26" VPOS="963" HPOS="1408"/>
<String CONTENT="(part" HEIGHT="55" WIDTH="129" VPOS="963" HPOS="1435"/>
<SP HEIGHT="37" WIDTH="25" VPOS="972" HPOS="1565"/>
<String CONTENT="col.)" HEIGHT="55" WIDTH="110" VPOS="964" HPOS="1591"/>
<SP HEIGHT="54" WIDTH="34" VPOS="965" HPOS="1702"/>
<String CONTENT="diagrs." HEIGHT="53" WIDTH="172" VPOS="964" HPOS="1737"/>
<SP HEIGHT="44" WIDTH="57" VPOS="965" HPOS="1910"/>
<String LANG="el" CONTENT="20" HEIGHT="43" WIDTH="55" VPOS="965" HPOS="1968"/>
<String CS="1" CONTENT="&#189;"/>
<String STYLE="superscript" CONTENT="cm" HEIGHT="18" WIDTH="47" VPOS="968" HPOS="2056"/>
<String CONTENT="." HEIGHT="9" WIDTH="9" VPOS="1002" HPOS="2109"/>
</TextLine>
<TextLine HEIGHT="54" WIDTH="1198" VPOS="1019" HPOS="500">
<String CONTENT="&#8220;References&#8221;" HEIGHT="45" WIDTH="338" VPOS="1019" HPOS="500"/>
<SP HEIGHT="44" WIDTH="26" VPOS="1021" HPOS="839"/>
<String CONTENT="at" HEIGHT="37" WIDTH="46" VPOS="1028" HPOS="866"/>
<SP HEIGHT="37" WIDTH="27" VPOS="1028" HPOS="913"/>
<String CONTENT="end" HEIGHT="45" WIDTH="87" VPOS="1019" HPOS="941"/>
<SP HEIGHT="45" WIDTH="26" VPOS="1019" HPOS="1029"/>
<String CONTENT="of" HEIGHT="43" WIDTH="54" VPOS="1021" HPOS="1056"/>
<SP HEIGHT="43" WIDTH="24" VPOS="1021" HPOS="1111"/>
<String CONTENT="most" HEIGHT="36" WIDTH="121" VPOS="1029" HPOS="1136"/>
<SP HEIGHT="36" WIDTH="27" VPOS="1029" HPOS="1258"/>
<String CONTENT="of" HEIGHT="43" WIDTH="54" VPOS="1022" HPOS="1286"/>
<SP HEIGHT="42" WIDTH="27" VPOS="1022" HPOS="1341"/>
<String CONTENT="the" HEIGHT="44" WIDTH="76" VPOS="1021" HPOS="1369"/>
<SP HEIGHT="29" WIDTH="27" VPOS="1036" HPOS="1446"/>
<String CONTENT="chapters." HEIGHT="50" WIDTH="224" VPOS="1023" HPOS="1474"/>
</TextLine>
<TextLine HEIGHT="55" WIDTH="1790" VPOS="1076" HPOS="434">
<String CONTENT="&#169;" HEIGHT="53" WIDTH="53" VPOS="1076" HPOS="434"/>
<SP HEIGHT="54" WIDTH="26" VPOS="1076" HPOS="488"/>
<String CONTENT="June" HEIGHT="51" WIDTH="114" VPOS="1079" HPOS="515"/>
<SP HEIGHT="42" WIDTH="26" VPOS="1079" HPOS="630"/>
<String CONTENT="8," HEIGHT="50" WIDTH="37" VPOS="1079" HPOS="657"/>
<SP HEIGHT="49" WIDTH="30" VPOS="1080" HPOS="695"/>
<String CONTENT="1926;" HEIGHT="52" WIDTH="128" VPOS="1078" HPOS="726"/>
<SP HEIGHT="51" WIDTH="28" VPOS="1079" HPOS="855"/>
<String CONTENT="2c." HEIGHT="42" WIDTH="63" VPOS="1079" HPOS="884"/>
<SP HEIGHT="27" WIDTH="28" VPOS="1094" HPOS="948"/>
<String CONTENT="and" HEIGHT="42" WIDTH="88" VPOS="1079" HPOS="977"/>
<SP HEIGHT="42" WIDTH="25" VPOS="1079" HPOS="1066"/>
<String CONTENT="aff." HEIGHT="41" WIDTH="77" VPOS="1080" HPOS="1092"/>
<SP HEIGHT="51" WIDTH="27" VPOS="1080" HPOS="1170"/>
<String CONTENT="June" HEIGHT="51" WIDTH="114" VPOS="1080" HPOS="1198"/>
<SP HEIGHT="42" WIDTH="26" VPOS="1080" HPOS="1313"/>
<String CONTENT="22;" HEIGHT="52" WIDTH="77" VPOS="1079" HPOS="1340"/>
<SP HEIGHT="52" WIDTH="29" VPOS="1079" HPOS="1418"/>
<!-- cceid 023DBC9C-6E1B-1014-9B7B-CA07F191E62B --><String CONTENT="A" HEIGHT="42" WIDTH="44" VPOS="1079" HPOS="1448"/>
<SP HEIGHT="46" WIDTH="25" VPOS="1079" HPOS="1493"/>
<String CONTENT="897285;" HEIGHT="54" WIDTH="187" VPOS="1077" HPOS="1519"/>
<SP HEIGHT="51" WIDTH="30" VPOS="1080" HPOS="1707"/>
<String CONTENT="American" HEIGHT="43" WIDTH="243" VPOS="1080" HPOS="1738"/>
<SP HEIGHT="43" WIDTH="26" VPOS="1081" HPOS="1982"/>
<String CONTENT="book" HEIGHT="44" WIDTH="121" VPOS="1081" HPOS="2009"/>
<SP HEIGHT="44" WIDTH="26" VPOS="1081" HPOS="2131"/>
<String CONTENT="co." HEIGHT="29" WIDTH="66" VPOS="1096" HPOS="2158"/>
</TextLine>
<TextLine HEIGHT="55" WIDTH="267" VPOS="1134" HPOS="513">
<String CONTENT="(26-13273)" HEIGHT="55" WIDTH="267" VPOS="1134" HPOS="513"/>
</TextLine>
<TextLine HEIGHT="69" WIDTH="500" VPOS="1205" HPOS="434" STYLEREFS="StyleId-897DE599-D507-4DF7-81E7-03851D1B8AF9-">
<String CONTENT="Imans," HEIGHT="69" WIDTH="225" VPOS="1205" HPOS="434"/>
<SP HEIGHT="67" WIDTH="42" VPOS="1207" HPOS="660"/>
<String CONTENT="Pierre." HEIGHT="58" WIDTH="231" VPOS="1205" HPOS="703"/>
</TextLine>
<TextLine HEIGHT="72" WIDTH="1841" VPOS="1297" HPOS="511" STYLEREFS="StyleId-40EDA715-49FE-43D1-B681-62B07F8EDA3E-" CS="1">
<String LANG="fr" CONTENT="Les" HEIGHT="57" WIDTH="120" VPOS="1297" HPOS="511"/>
<SP HEIGHT="37" WIDTH="49" VPOS="1317" HPOS="632"/>
<String LANG="fr" CONTENT="cires" HEIGHT="57" WIDTH="159" VPOS="1297" HPOS="682"/>
<SP HEIGHT="38" WIDTH="52" VPOS="1316" HPOS="842"/>
<String LANG="fr" CONTENT="et" HEIGHT="54" WIDTH="58" VPOS="1299" HPOS="895"/>
<SP HEIGHT="53" WIDTH="47" VPOS="1299" HPOS="954"/>
<String LANG="en-US" CONTENT="mannequins" HEIGHT="71" WIDTH="409" VPOS="1298" HPOS="1002"/>
<SP HEIGHT="56" WIDTH="50" VPOS="1299" HPOS="1412"/>
<String LANG="fr" CONTENT="d&#8217;art" HEIGHT="56" WIDTH="173" VPOS="1299" HPOS="1463"/>
<SP HEIGHT="55" WIDTH="47" VPOS="1300" HPOS="1637"/>
<String LANG="fr" CONTENT="de" HEIGHT="55" WIDTH="74" VPOS="1300" HPOS="1685"/>
<SP HEIGHT="56" WIDTH="48" VPOS="1299" HPOS="1760"/>
<String LANG="fr" CONTENT="Pierre" HEIGHT="57" WIDTH="220" VPOS="1299" HPOS="1809"/>
<SP HEIGHT="55" WIDTH="51" VPOS="1301" HPOS="2030"/>
<String LANG="fr" CONTENT="Imans" HEIGHT="57" WIDTH="213" VPOS="1301" HPOS="2082"/>
<SP HEIGHT="39" WIDTH="56" VPOS="1321" HPOS="2296"/>
<String LANG="fr" CS="1" CONTENT="&#8230;"/>
</TextLine>
<TextLine HEIGHT="75" WIDTH="1380" VPOS="1373" HPOS="438" STYLEREFS="StyleId-40EDA715-49FE-43D1-B681-62B07F8EDA3E-" LANG="fr">
<String CONTENT="[Hommes]" HEIGHT="75" WIDTH="328" VPOS="1373" HPOS="438"/>
<SP HEIGHT="72" WIDTH="78" VPOS="1375" HPOS="767"/>
<String CONTENT="Paris" HEIGHT="57" WIDTH="185" VPOS="1374" HPOS="846"/>
<SP HEIGHT="53" WIDTH="40" VPOS="1394" HPOS="1032"/>
<String CONTENT="[Draeger," HEIGHT="72" WIDTH="315" VPOS="1375" HPOS="1073"/>
<SP HEIGHT="70" WIDTH="37" VPOS="1375" HPOS="1389"/>
<String LANG="en-US" CONTENT="imp.]" HEIGHT="72" WIDTH="165" VPOS="1375" HPOS="1427"/>
<SP HEIGHT="64" WIDTH="38" VPOS="1383" HPOS="1593"/>
<String STYLE="superscript" CONTENT="c" HEIGHT="22" WIDTH="17" VPOS="1383" HPOS="1632"/>
<String CONTENT="1926." HEIGHT="57" WIDTH="165" VPOS="1376" HPOS="1653"/>
</TextLine>
<TextLine HEIGHT="56" WIDTH="584" VPOS="1449" HPOS="504" LANG="fr">
<String CONTENT="43," HEIGHT="52" WIDTH="62" VPOS="1450" HPOS="504"/>
<SP HEIGHT="30" WIDTH="35" VPOS="1475" HPOS="567"/>
<String CONTENT="[1]" HEIGHT="53" WIDTH="52" VPOS="1452" HPOS="603"/>
<SP HEIGHT="40" WIDTH="35" VPOS="1465" HPOS="656"/>
<String CONTENT="p." HEIGHT="37" WIDTH="40" VPOS="1465" HPOS="692"/>
<SP HEIGHT="45" WIDTH="58" VPOS="1449" HPOS="733"/>
<String CONTENT="illus." HEIGHT="45" WIDTH="114" VPOS="1449" HPOS="792"/>
<SP HEIGHT="43" WIDTH="59" VPOS="1451" HPOS="907"/>
<String CONTENT="31" HEIGHT="43" WIDTH="47" VPOS="1451" HPOS="967"/>
<String STYLE="superscript" CONTENT="cm" HEIGHT="18" WIDTH="46" VPOS="1453" HPOS="1026"/>
<String CONTENT="." HEIGHT="8" WIDTH="9" VPOS="1486" HPOS="1079"/>
</TextLine>
<TextLine HEIGHT="46" WIDTH="720" VPOS="1506" HPOS="505">
<String CONTENT="Cover" HEIGHT="44" WIDTH="145" VPOS="1506" HPOS="505"/>
<SP HEIGHT="41" WIDTH="39" VPOS="1508" HPOS="651"/>
<String CONTENT="illustrated" HEIGHT="44" WIDTH="251" VPOS="1506" HPOS="691"/>
<SP HEIGHT="42" WIDTH="37" VPOS="1508" HPOS="943"/>
<String CONTENT="in" HEIGHT="42" WIDTH="44" VPOS="1508" HPOS="981"/>
<SP HEIGHT="28" WIDTH="37" VPOS="1522" HPOS="1026"/>
<String CONTENT="colors." HEIGHT="46" WIDTH="161" VPOS="1506" HPOS="1064"/>
</TextLine>
<TextLine HEIGHT="59" WIDTH="1737" VPOS="1561" HPOS="434" CS="1">
<String CONTENT="&#169;" HEIGHT="53" WIDTH="54" VPOS="1561" HPOS="434"/>
<SP HEIGHT="55" WIDTH="27" VPOS="1561" HPOS="489"/>
<String CONTENT="July" HEIGHT="53" WIDTH="104" VPOS="1563" HPOS="517"/>
<SP HEIGHT="51" WIDTH="29" VPOS="1565" HPOS="622"/>
<String CONTENT="1," HEIGHT="49" WIDTH="32" VPOS="1565" HPOS="652"/>
<SP HEIGHT="49" WIDTH="32" VPOS="1565" HPOS="685"/>
<String CONTENT="1926;" HEIGHT="52" WIDTH="128" VPOS="1563" HPOS="718"/>
<SP/>
<String CS="1" CONTENT="1c."/>
<SP/>
<String CONTENT="Aug." HEIGHT="53" WIDTH="119" VPOS="1564" HPOS="969"/>
<SP HEIGHT="42" WIDTH="24" VPOS="1566" HPOS="1089"/>
<String CONTENT="26;" HEIGHT="52" WIDTH="79" VPOS="1565" HPOS="1114"/>
<SP HEIGHT="52" WIDTH="29" VPOS="1565" HPOS="1194"/>
<!-- cceid 023E1294-6E1B-1014-9B7B-CA07F191E62B --><String CONTENT="A&#8212;Foreign" HEIGHT="55" WIDTH="301" VPOS="1563" HPOS="1224"/>
<SP HEIGHT="43" WIDTH="27" VPOS="1566" HPOS="1526"/>
<String CONTENT="31767;" HEIGHT="54" WIDTH="160" VPOS="1564" HPOS="1554"/>
<SP HEIGHT="51" WIDTH="33" VPOS="1567" HPOS="1715"/>
<String CONTENT="P." HEIGHT="42" WIDTH="50" VPOS="1567" HPOS="1749"/>
<SP HEIGHT="42" WIDTH="30" VPOS="1567" HPOS="1800"/>
<String CONTENT="Imans," HEIGHT="53" WIDTH="166" VPOS="1567" HPOS="1831"/>
<SP HEIGHT="53" WIDTH="28" VPOS="1567" HPOS="1998"/>
<String CONTENT="Paris." HEIGHT="43" WIDTH="144" VPOS="1567" HPOS="2027"/>
</TextLine>
<TextLine HEIGHT="73" WIDTH="890" VPOS="1634" HPOS="431" STYLEREFS="StyleId-897DE599-D507-4DF7-81E7-03851D1B8AF9-">
<String CONTENT="Kawamura," HEIGHT="69" WIDTH="395" VPOS="1634" HPOS="431"/>
<SP HEIGHT="68" WIDTH="40" VPOS="1635" HPOS="827"/>
<String CONTENT="Rinya," HEIGHT="73" WIDTH="223" VPOS="1634" HPOS="868"/>
<SP HEIGHT="68" WIDTH="39" VPOS="1639" HPOS="1092"/>
<String CONTENT="1879-" HEIGHT="55" WIDTH="189" VPOS="1639" HPOS="1132"/>
</TextLine>
<TextLine HEIGHT="76" WIDTH="1906" VPOS="1725" HPOS="515" STYLEREFS="StyleId-40EDA715-49FE-43D1-B681-62B07F8EDA3E-">
<String CONTENT="Studies" HEIGHT="58" WIDTH="251" VPOS="1725" HPOS="515"/>
<SP HEIGHT="37" WIDTH="59" VPOS="1746" HPOS="767"/>
<String CONTENT="on" HEIGHT="38" WIDTH="78" VPOS="1745" HPOS="827"/>
<SP HEIGHT="55" WIDTH="55" VPOS="1728" HPOS="906"/>
<String CONTENT="tsutsugamushi" HEIGHT="73" WIDTH="505" VPOS="1726" HPOS="962"/>
<SP HEIGHT="59" WIDTH="54" VPOS="1726" HPOS="1468"/>
<String CONTENT="disease" HEIGHT="58" WIDTH="244" VPOS="1727" HPOS="1523"/>
<SP HEIGHT="72" WIDTH="65" VPOS="1727" HPOS="1768"/>
<String CONTENT="(Japanese" HEIGHT="74" WIDTH="347" VPOS="1727" HPOS="1834"/>
<SP HEIGHT="58" WIDTH="55" VPOS="1730" HPOS="2182"/>
<String CONTENT="blood" HEIGHT="59" WIDTH="183" VPOS="1730" HPOS="2238"/>
</TextLine>
<TextLine HEIGHT="154" WIDTH="1987" VPOS="1802" HPOS="434" STYLEREFS="StyleId-40EDA715-49FE-43D1-B681-62B07F8EDA3E-" CS="1">
<String CONTENT="fever)" HEIGHT="73" WIDTH="208" VPOS="1802" HPOS="434"/>
<SP HEIGHT="73" WIDTH="35" VPOS="1802" HPOS="643"/>
<String CONTENT="by" HEIGHT="71" WIDTH="82" VPOS="1805" HPOS="679"/>
<SP HEIGHT="72" WIDTH="25" VPOS="1804" HPOS="762"/>
<String CONTENT="Rinya" HEIGHT="73" WIDTH="209" VPOS="1803" HPOS="788"/>
<SP HEIGHT="58" WIDTH="22" VPOS="1804" HPOS="998"/>
<String CONTENT="Kawamura" HEIGHT="58" WIDTH="386" VPOS="1804" HPOS="1021"/>
<SP HEIGHT="37" WIDTH="31" VPOS="1825" HPOS="1408"/>
<String CS="1" CONTENT="&#8230;"/>
<SP HEIGHT="56" WIDTH="72" VPOS="1805" HPOS="1503"/>
<String CONTENT="English" HEIGHT="73" WIDTH="266" VPOS="1805" HPOS="1576"/>
<SP HEIGHT="57" WIDTH="26" VPOS="1807" HPOS="1843"/>
<String CONTENT="translation" HEIGHT="60" WIDTH="379" VPOS="1806" HPOS="1870"/>
<SP HEIGHT="73" WIDTH="38" VPOS="1807" HPOS="2250"/>
<String CONTENT="(authorized" HEIGHT="133" WIDTH="1961" VPOS="1807" HPOS="437"/>
<SP HEIGHT="58" WIDTH="26" VPOS="1882" HPOS="718"/>
<String CONTENT="by" HEIGHT="72" WIDTH="83" VPOS="1882" HPOS="745"/>
<SP HEIGHT="72" WIDTH="24" VPOS="1882" HPOS="829"/>
<String CS="1" CONTENT="Dr." HEIGHT="37" WIDTH="48" VPOS="1902" HPOS="916"/>
<SP HEIGHT="58" WIDTH="31" VPOS="1881" HPOS="965"/>
<String CONTENT="Kawamura)" HEIGHT="72" WIDTH="414" VPOS="1881" HPOS="997"/>
<SP HEIGHT="71" WIDTH="38" VPOS="1882" HPOS="1412"/>
<String CONTENT="edited" HEIGHT="61" WIDTH="208" VPOS="1880" HPOS="1451"/>
<SP HEIGHT="57" WIDTH="26" VPOS="1885" HPOS="1660"/>
<String CONTENT="by" HEIGHT="70" WIDTH="83" VPOS="1886" HPOS="1687"/>
<SP HEIGHT="72" WIDTH="25" VPOS="1884" HPOS="1771"/>
<String LANG="fr" CONTENT="N." HEIGHT="58" WIDTH="75" VPOS="1884" HPOS="1797"/>
<SP HEIGHT="60" WIDTH="33" VPOS="1883" HPOS="1873"/>
<String CONTENT="C." HEIGHT="60" WIDTH="65" VPOS="1883" HPOS="1907"/>
<SP HEIGHT="57" WIDTH="29" VPOS="1885" HPOS="1973"/>
<String CONTENT="Foot" HEIGHT="58" WIDTH="163" VPOS="1885" HPOS="2003"/>
<SP HEIGHT="56" WIDTH="32" VPOS="1887" HPOS="2167"/>
<String CS="1" CONTENT="&#8230;"/>
<SP HEIGHT="37" WIDTH="37" VPOS="1906" HPOS="2262"/>
<String CONTENT="and" HEIGHT="58" WIDTH="121" VPOS="1886" HPOS="2300"/>
</TextLine>
<TextLine HEIGHT="154" WIDTH="1963" VPOS="1958" HPOS="433" STYLEREFS="StyleId-40EDA715-49FE-43D1-B681-62B07F8EDA3E-" CS="1">
<String CONTENT="Shiro" HEIGHT="59" WIDTH="183" VPOS="1960" HPOS="438"/>
<SP HEIGHT="57" WIDTH="34" VPOS="1961" HPOS="622"/>
<String CONTENT="Tashiro" HEIGHT="60" WIDTH="266" VPOS="1958" HPOS="657"/>
<SP HEIGHT="37" WIDTH="38" VPOS="1981" HPOS="924"/>
<String CS="1" CONTENT="&#8230;"/>
<SP HEIGHT="43" WIDTH="79" VPOS="1991" HPOS="1025"/>
<String CONTENT="[Cincinnati," HEIGHT="75" WIDTH="390" VPOS="1959" HPOS="1105"/>
<SP HEIGHT="73" WIDTH="34" VPOS="1961" HPOS="1496"/>
<String CONTENT="Spokesman" HEIGHT="72" WIDTH="388" VPOS="1961" HPOS="1531"/>
<SP HEIGHT="54" WIDTH="27" VPOS="1981" HPOS="1920"/>
<String CONTENT="printing" HEIGHT="75" WIDTH="286" VPOS="1962" HPOS="1948"/>
<SP HEIGHT="55" WIDTH="30" VPOS="1982" HPOS="2235"/>
<String CONTENT="company," HEIGHT="129" WIDTH="1963" VPOS="1982" HPOS="433"/>
<SP HEIGHT="64" WIDTH="40" VPOS="2046" HPOS="619"/>
<String STYLE="superscript" CONTENT="c" HEIGHT="23" WIDTH="19" VPOS="2046" HPOS="660"/>
<String CONTENT="1926]" HEIGHT="72" WIDTH="164" VPOS="2040" HPOS="682"/>
</TextLine>
<TextLine HEIGHT="54" WIDTH="1695" VPOS="2117" HPOS="512" CS="1">
<String CONTENT="ix," HEIGHT="51" WIDTH="58" VPOS="2118" HPOS="512"/>
<SP HEIGHT="34" WIDTH="29" VPOS="2135" HPOS="571"/>
<String CONTENT="[1]," HEIGHT="49" WIDTH="69" VPOS="2120" HPOS="601"/>
<SP HEIGHT="49" WIDTH="25" VPOS="2120" HPOS="671"/>
<String CONTENT="229" HEIGHT="44" WIDTH="80" VPOS="2118" HPOS="697"/>
<SP HEIGHT="52" WIDTH="26" VPOS="2118" HPOS="778"/>
<String CONTENT="p." HEIGHT="38" WIDTH="38" VPOS="2132" HPOS="805"/>
<SP HEIGHT="43" WIDTH="59" VPOS="2118" HPOS="844"/>
<String CONTENT="illus." HEIGHT="44" WIDTH="117" VPOS="2117" HPOS="904"/>
<SP HEIGHT="52" WIDTH="26" VPOS="2118" HPOS="1022"/>
<String CONTENT="(incl." HEIGHT="53" WIDTH="127" VPOS="2117" HPOS="1049"/>
<SP HEIGHT="28" WIDTH="26" VPOS="2132" HPOS="1177"/>
<String CONTENT="maps)" HEIGHT="52" WIDTH="151" VPOS="2118" HPOS="1204"/>
<SP HEIGHT="51" WIDTH="35" VPOS="2118" HPOS="1356"/>
<String CONTENT="xxv" HEIGHT="31" WIDTH="98" VPOS="2130" HPOS="1392"/>
<SP/>
<String CS="1" CONTENT="pl."/>
<SP/>
<String CONTENT="on" HEIGHT="29" WIDTH="55" VPOS="2134" HPOS="1602"/>
<SP HEIGHT="42" WIDTH="30" VPOS="2120" HPOS="1658"/>
<String CONTENT="13" HEIGHT="43" WIDTH="48" VPOS="2119" HPOS="1689"/>
<SP HEIGHT="44" WIDTH="24" VPOS="2118" HPOS="1738"/>
<String CS="1" CONTENT="l.," HEIGHT="17" WIDTH="21" VPOS="2153" HPOS="1782"/>
<SP HEIGHT="50" WIDTH="25" VPOS="2120" HPOS="1804"/>
<String CONTENT="diagrs." HEIGHT="52" WIDTH="168" VPOS="2119" HPOS="1830"/>
<SP HEIGHT="41" WIDTH="57" VPOS="2121" HPOS="1999"/>
<String CS="1" CONTENT="23&#189;" HEIGHT="43" WIDTH="52" VPOS="2120" HPOS="2057"/>
<String STYLE="superscript" CONTENT="cm" HEIGHT="18" WIDTH="47" VPOS="2121" HPOS="2145"/>
<String CONTENT="." HEIGHT="9" WIDTH="10" VPOS="2154" HPOS="2197"/>
</TextLine>
<TextLine HEIGHT="54" WIDTH="1912" VPOS="2173" HPOS="510" CS="1">
<String CONTENT="&#8220;Published" HEIGHT="45" WIDTH="272" VPOS="2173" HPOS="510"/>
<SP HEIGHT="42" WIDTH="22" VPOS="2176" HPOS="783"/>
<String CONTENT="as" HEIGHT="29" WIDTH="49" VPOS="2189" HPOS="806"/>
<SP HEIGHT="29" WIDTH="28" VPOS="2189" HPOS="856"/>
<String CONTENT="special" HEIGHT="53" WIDTH="164" VPOS="2173" HPOS="885"/>
<SP HEIGHT="43" WIDTH="22" VPOS="2173" HPOS="1050"/>
<String CONTENT="numbers" HEIGHT="44" WIDTH="209" VPOS="2174" HPOS="1073"/>
<SP HEIGHT="41" WIDTH="30" VPOS="2177" HPOS="1283"/>
<String CONTENT="1" HEIGHT="41" WIDTH="18" VPOS="2177" HPOS="1314"/>
<SP HEIGHT="41" WIDTH="26" VPOS="2177" HPOS="1333"/>
<String CONTENT="and" HEIGHT="42" WIDTH="88" VPOS="2175" HPOS="1360"/>
<SP HEIGHT="42" WIDTH="22" VPOS="2175" HPOS="1449"/>
<String CONTENT="2," HEIGHT="49" WIDTH="38" VPOS="2176" HPOS="1472"/>
<SP HEIGHT="35" WIDTH="26" VPOS="2190" HPOS="1511"/>
<String CONTENT="volume" HEIGHT="44" WIDTH="176" VPOS="2174" HPOS="1538"/>
<SP HEIGHT="28" WIDTH="23" VPOS="2190" HPOS="1715"/>
<String CS="1" CONTENT="Iv," HEIGHT="16" WIDTH="11" VPOS="2211" HPOS="1788"/>
<SP HEIGHT="36" WIDTH="22" VPOS="2191" HPOS="1800"/>
<String CONTENT="of" HEIGHT="43" WIDTH="52" VPOS="2176" HPOS="1823"/>
<SP HEIGHT="42" WIDTH="21" VPOS="2176" HPOS="1876"/>
<String CONTENT="the" HEIGHT="42" WIDTH="76" VPOS="2177" HPOS="1898"/>
<SP HEIGHT="43" WIDTH="25" VPOS="2176" HPOS="1975"/>
<String CONTENT="Medical" HEIGHT="44" WIDTH="196" VPOS="2176" HPOS="2001"/>
<SP HEIGHT="43" WIDTH="25" VPOS="2176" HPOS="2198"/>
<String CONTENT="bulletin." HEIGHT="48" WIDTH="198" VPOS="2174" HPOS="2224"/>
</TextLine>
<TextLine HEIGHT="56" WIDTH="1983" VPOS="2228" HPOS="439">
<String CONTENT="College" HEIGHT="53" WIDTH="182" VPOS="2230" HPOS="439"/>
<SP HEIGHT="29" WIDTH="28" VPOS="2246" HPOS="622"/>
<String CONTENT="of" HEIGHT="44" WIDTH="51" VPOS="2231" HPOS="651"/>
<SP HEIGHT="42" WIDTH="27" VPOS="2231" HPOS="703"/>
<String CONTENT="medicine," HEIGHT="54" WIDTH="230" VPOS="2228" HPOS="731"/>
<SP HEIGHT="53" WIDTH="33" VPOS="2229" HPOS="962"/>
<String CONTENT="University" HEIGHT="53" WIDTH="265" VPOS="2229" HPOS="996"/>
<SP HEIGHT="35" WIDTH="30" VPOS="2247" HPOS="1262"/>
<String CONTENT="of" HEIGHT="45" WIDTH="50" VPOS="2230" HPOS="1293"/>
<SP HEIGHT="45" WIDTH="31" VPOS="2230" HPOS="1344"/>
<String CONTENT="Cincinnati." HEIGHT="46" WIDTH="264" VPOS="2229" HPOS="1376"/>
<SP HEIGHT="43" WIDTH="59" VPOS="2231" HPOS="1641"/>
<String CONTENT="Alfred" HEIGHT="44" WIDTH="167" VPOS="2231" HPOS="1701"/>
<SP HEIGHT="45" WIDTH="30" VPOS="2230" HPOS="1869"/>
<String LANG="de" CONTENT="Friedlander," HEIGHT="54" WIDTH="308" VPOS="2230" HPOS="1900"/>
<SP HEIGHT="37" WIDTH="29" VPOS="2247" HPOS="2209"/>
<String CONTENT="editor.&#8221;" HEIGHT="47" WIDTH="183" VPOS="2231" HPOS="2239"/>
</TextLine>
<TextLine HEIGHT="55" WIDTH="663" VPOS="2284" HPOS="507">
<String CONTENT="Bibliography" HEIGHT="54" WIDTH="324" VPOS="2285" HPOS="507"/>
<SP HEIGHT="37" WIDTH="15" VPOS="2301" HPOS="832"/>
<String CONTENT=":" HEIGHT="28" WIDTH="9" VPOS="2301" HPOS="848"/>
<SP HEIGHT="36" WIDTH="33" VPOS="2301" HPOS="858"/>
<String CONTENT="p." HEIGHT="36" WIDTH="38" VPOS="2301" HPOS="892"/>
<SP HEIGHT="42" WIDTH="34" VPOS="2288" HPOS="931"/>
<String CONTENT="217-225." HEIGHT="46" WIDTH="204" VPOS="2284" HPOS="966"/>
</TextLine>
<TextLine HEIGHT="55" WIDTH="1986" VPOS="2339" HPOS="438">
<String CONTENT="&#169;" HEIGHT="53" WIDTH="52" VPOS="2340" HPOS="438"/>
<SP HEIGHT="54" WIDTH="26" VPOS="2340" HPOS="491"/>
<String CONTENT="June" HEIGHT="51" WIDTH="112" VPOS="2343" HPOS="518"/>
<SP HEIGHT="44" WIDTH="29" VPOS="2340" HPOS="631"/>
<String CONTENT="5," HEIGHT="53" WIDTH="37" VPOS="2340" HPOS="661"/>
<SP HEIGHT="50" WIDTH="30" VPOS="2343" HPOS="699"/>
<String CONTENT="1926;" HEIGHT="51" WIDTH="127" VPOS="2341" HPOS="730"/>
<SP HEIGHT="50" WIDTH="29" VPOS="2342" HPOS="858"/>
<String CONTENT="2c." HEIGHT="42" WIDTH="64" VPOS="2342" HPOS="888"/>
<SP HEIGHT="27" WIDTH="27" VPOS="2357" HPOS="953"/>
<String CONTENT="and" HEIGHT="42" WIDTH="87" VPOS="2342" HPOS="981"/>
<SP HEIGHT="42" WIDTH="26" VPOS="2342" HPOS="1069"/>
<String CONTENT="aff." HEIGHT="42" WIDTH="78" VPOS="2342" HPOS="1096"/>
<SP HEIGHT="51" WIDTH="28" VPOS="2342" HPOS="1175"/>
<String CONTENT="June" HEIGHT="51" WIDTH="114" VPOS="2342" HPOS="1204"/>
<SP HEIGHT="45" WIDTH="28" VPOS="2339" HPOS="1319"/>
<String CONTENT="7;" HEIGHT="54" WIDTH="49" VPOS="2339" HPOS="1348"/>
<SP HEIGHT="52" WIDTH="31" VPOS="2341" HPOS="1398"/>
<!-- cceid 023E6402-6E1B-1014-9B7B-CA07F191E62B --><String CONTENT="A" HEIGHT="42" WIDTH="44" VPOS="2341" HPOS="1430"/>
<SP HEIGHT="43" WIDTH="30" VPOS="2341" HPOS="1475"/>
<String CONTENT="897146;" HEIGHT="53" WIDTH="186" VPOS="2339" HPOS="1506"/>
<SP HEIGHT="51" WIDTH="33" VPOS="2341" HPOS="1693"/>
<String CONTENT="College" HEIGHT="53" WIDTH="187" VPOS="2341" HPOS="1727"/>
<SP HEIGHT="29" WIDTH="23" VPOS="2357" HPOS="1915"/>
<String CONTENT="of" HEIGHT="44" WIDTH="53" VPOS="2342" HPOS="1939"/>
<SP HEIGHT="44" WIDTH="27" VPOS="2342" HPOS="1993"/>
<String CONTENT="medicine" HEIGHT="46" WIDTH="217" VPOS="2341" HPOS="2021"/>
<SP HEIGHT="30" WIDTH="26" VPOS="2357" HPOS="2239"/>
<String CONTENT="of" HEIGHT="44" WIDTH="54" VPOS="2342" HPOS="2266"/>
<SP HEIGHT="43" WIDTH="29" VPOS="2342" HPOS="2321"/>
<String CONTENT="the" HEIGHT="42" WIDTH="73" VPOS="2344" HPOS="2351"/>
</TextLine>
<TextLine HEIGHT="55" WIDTH="1285" VPOS="2397" HPOS="510">
<String CONTENT="University" HEIGHT="52" WIDTH="265" VPOS="2398" HPOS="510"/>
<SP HEIGHT="36" WIDTH="29" VPOS="2414" HPOS="776"/>
<String CONTENT="of" HEIGHT="44" WIDTH="52" VPOS="2398" HPOS="806"/>
<SP HEIGHT="44" WIDTH="32" VPOS="2397" HPOS="859"/>
<String CONTENT="Cincinnati," HEIGHT="52" WIDTH="264" VPOS="2397" HPOS="892"/>
<SP HEIGHT="52" WIDTH="34" VPOS="2397" HPOS="1157"/>
<String CONTENT="Cincinnati." HEIGHT="44" WIDTH="265" VPOS="2397" HPOS="1192"/>
<SP HEIGHT="54" WIDTH="68" VPOS="2398" HPOS="1458"/>
<String CONTENT="(26-13250)" HEIGHT="55" WIDTH="268" VPOS="2397" HPOS="1527"/>
</TextLine>
<TextLine HEIGHT="74" WIDTH="1118" VPOS="2467" HPOS="433" STYLEREFS="StyleId-897DE599-D507-4DF7-81E7-03851D1B8AF9-">
<String CONTENT="Keigwin," HEIGHT="72" WIDTH="304" VPOS="2469" HPOS="433"/>
<SP HEIGHT="68" WIDTH="44" VPOS="2470" HPOS="738"/>
<String CONTENT="Charles" HEIGHT="59" WIDTH="256" VPOS="2467" HPOS="783"/>
<SP HEIGHT="56" WIDTH="38" VPOS="2469" HPOS="1040"/>
<String CONTENT="Albert," HEIGHT="69" WIDTH="236" VPOS="2469" HPOS="1079"/>
<SP HEIGHT="65" WIDTH="44" VPOS="2473" HPOS="1316"/>
<String CONTENT="1862-" HEIGHT="57" WIDTH="190" VPOS="2471" HPOS="1361"/>
</TextLine>
<TextLine HEIGHT="74" WIDTH="1904" VPOS="2560" HPOS="519" STYLEREFS="StyleId-40EDA715-49FE-43D1-B681-62B07F8EDA3E-">
<String CONTENT="Cases" HEIGHT="60" WIDTH="191" VPOS="2561" HPOS="519"/>
<SP HEIGHT="58" WIDTH="44" VPOS="2562" HPOS="711"/>
<String CONTENT="in" HEIGHT="56" WIDTH="66" VPOS="2562" HPOS="756"/>
<SP HEIGHT="37" WIDTH="46" VPOS="2581" HPOS="823"/>
<String CONTENT="code" HEIGHT="56" WIDTH="147" VPOS="2563" HPOS="870"/>
<SP HEIGHT="53" WIDTH="46" VPOS="2580" HPOS="1018"/>
<String CONTENT="pleading" HEIGHT="73" WIDTH="296" VPOS="2561" HPOS="1065"/>
<SP HEIGHT="53" WIDTH="45" VPOS="2581" HPOS="1362"/>
<String CONTENT="with" HEIGHT="58" WIDTH="150" VPOS="2560" HPOS="1408"/>
<SP HEIGHT="57" WIDTH="48" VPOS="2561" HPOS="1559"/>
<String CONTENT="summaries" HEIGHT="60" WIDTH="368" VPOS="2561" HPOS="1608"/>
<SP HEIGHT="39" WIDTH="49" VPOS="2582" HPOS="1977"/>
<String CONTENT="of" HEIGHT="58" WIDTH="68" VPOS="2562" HPOS="2027"/>
<SP HEIGHT="58" WIDTH="46" VPOS="2562" HPOS="2096"/>
<String CONTENT="doctrine" HEIGHT="59" WIDTH="280" VPOS="2562" HPOS="2143"/>
</TextLine>
<TextLine HEIGHT="231" WIDTH="1964" VPOS="2638" HPOS="437" STYLEREFS="StyleId-40EDA715-49FE-43D1-B681-62B07F8EDA3E-" CS="1">
<String CONTENT="upon" HEIGHT="53" WIDTH="166" VPOS="2659" HPOS="438"/>
<SP HEIGHT="39" WIDTH="35" VPOS="2659" HPOS="605"/>
<String CONTENT="several" HEIGHT="57" WIDTH="242" VPOS="2641" HPOS="641"/>
<SP HEIGHT="56" WIDTH="28" VPOS="2640" HPOS="884"/>
<String CONTENT="heads" HEIGHT="57" WIDTH="195" VPOS="2640" HPOS="913"/>
<SP HEIGHT="37" WIDTH="35" VPOS="2660" HPOS="1109"/>
<String CONTENT="of" HEIGHT="58" WIDTH="65" VPOS="2639" HPOS="1145"/>
<SP HEIGHT="57" WIDTH="31" VPOS="2639" HPOS="1211"/>
<String CONTENT="that" HEIGHT="57" WIDTH="139" VPOS="2639" HPOS="1243"/>
<SP HEIGHT="55" WIDTH="33" VPOS="2642" HPOS="1383"/>
<String CONTENT="subject," HEIGHT="74" WIDTH="257" VPOS="2638" HPOS="1417"/>
<SP HEIGHT="72" WIDTH="32" VPOS="2640" HPOS="1675"/>
<String CONTENT="by" HEIGHT="71" WIDTH="82" VPOS="2640" HPOS="1708"/>
<SP HEIGHT="73" WIDTH="36" VPOS="2638" HPOS="1791"/>
<String CONTENT="Charles" HEIGHT="60" WIDTH="258" VPOS="2638" HPOS="1828"/>
<SP HEIGHT="59" WIDTH="33" VPOS="2639" HPOS="2087"/>
<String CONTENT="A." HEIGHT="58" WIDTH="76" VPOS="2639" HPOS="2121"/>
<SP HEIGHT="57" WIDTH="34" VPOS="2640" HPOS="2198"/>
<String CONTENT="Keigwin" HEIGHT="136" WIDTH="1964" VPOS="2639" HPOS="437"/>
<SP HEIGHT="36" WIDTH="30" VPOS="2739" HPOS="560"/>
<String CS="1" CONTENT="&#8230;"/>
<SP HEIGHT="56" WIDTH="70" VPOS="2718" HPOS="653"/>
<String CONTENT="Rochester," HEIGHT="70" WIDTH="361" VPOS="2717" HPOS="724"/>
<SP HEIGHT="70" WIDTH="28" VPOS="2717" HPOS="1086"/>
<String LANG="fr" CONTENT="N." HEIGHT="56" WIDTH="74" VPOS="2717" HPOS="1115"/>
<SP HEIGHT="56" WIDTH="26" VPOS="2717" HPOS="1190"/>
<String CONTENT="Y.," HEIGHT="71" WIDTH="91" VPOS="2717" HPOS="1217"/>
<SP HEIGHT="71" WIDTH="30" VPOS="2717" HPOS="1309"/>
<String CONTENT="The" HEIGHT="57" WIDTH="130" VPOS="2717" HPOS="1340"/>
<SP HEIGHT="58" WIDTH="27" VPOS="2716" HPOS="1471"/>
<String CONTENT="Lawyers" HEIGHT="73" WIDTH="295" VPOS="2716" HPOS="1499"/>
<SP HEIGHT="37" WIDTH="29" VPOS="2738" HPOS="1795"/>
<String CONTENT="co-operative" HEIGHT="73" WIDTH="422" VPOS="2717" HPOS="1825"/>
<SP HEIGHT="54" WIDTH="25" VPOS="2737" HPOS="2248"/>
<String CONTENT="publishing" HEIGHT="150" WIDTH="1961" VPOS="2719" HPOS="439"/>
<SP HEIGHT="53" WIDTH="31" VPOS="2816" HPOS="670"/>
<String CONTENT="company," HEIGHT="54" WIDTH="320" VPOS="2815" HPOS="702"/>
<SP HEIGHT="71" WIDTH="32" VPOS="2798" HPOS="1023"/>
<String CONTENT="1926." HEIGHT="56" WIDTH="166" VPOS="2796" HPOS="1056"/>
</TextLine>
<TextLine HEIGHT="53" WIDTH="510" VPOS="2874" HPOS="505" STYLEREFS="StyleId-40EDA715-49FE-43D1-B681-62B07F8EDA3E-" CS="1">
<String CONTENT="xxii," HEIGHT="52" WIDTH="111" VPOS="2874" HPOS="505"/>
<SP HEIGHT="50" WIDTH="35" VPOS="2876" HPOS="617"/>
<String CONTENT="856" HEIGHT="45" WIDTH="81" VPOS="2874" HPOS="653"/>
<SP HEIGHT="52" WIDTH="30" VPOS="2875" HPOS="735"/>
<String CONTENT="p." HEIGHT="37" WIDTH="39" VPOS="2890" HPOS="766"/>
<SP HEIGHT="42" WIDTH="58" VPOS="2876" HPOS="806"/>
<String CS="1" CONTENT="23&#189;" HEIGHT="43" WIDTH="53" VPOS="2875" HPOS="865"/>
<String STYLE="superscript" CONTENT="cm" HEIGHT="17" WIDTH="47" VPOS="2878" HPOS="954"/>
<String CONTENT="." HEIGHT="8" WIDTH="8" VPOS="2910" HPOS="1007"/>
</TextLine>
<TextLine HEIGHT="114" WIDTH="1967" VPOS="2926" HPOS="436" CS="1">
<String CONTENT="&#169;" HEIGHT="53" WIDTH="55" VPOS="2929" HPOS="436"/>
<SP HEIGHT="54" WIDTH="29" VPOS="2929" HPOS="492"/>
<String CONTENT="June" HEIGHT="51" WIDTH="113" VPOS="2932" HPOS="522"/>
<SP HEIGHT="43" WIDTH="28" VPOS="2930" HPOS="636"/>
<String CONTENT="21," HEIGHT="51" WIDTH="68" VPOS="2930" HPOS="665"/>
<SP HEIGHT="50" WIDTH="35" VPOS="2931" HPOS="734"/>
<String CONTENT="1926;" HEIGHT="51" WIDTH="127" VPOS="2929" HPOS="770"/>
<SP HEIGHT="51" WIDTH="33" VPOS="2929" HPOS="898"/>
<String CONTENT="2c." HEIGHT="42" WIDTH="62" VPOS="2929" HPOS="932"/>
<SP HEIGHT="27" WIDTH="34" VPOS="2944" HPOS="995"/>
<String CONTENT="and" HEIGHT="42" WIDTH="87" VPOS="2930" HPOS="1030"/>
<SP HEIGHT="42" WIDTH="30" VPOS="2930" HPOS="1118"/>
<String CONTENT="aff." HEIGHT="43" WIDTH="77" VPOS="2928" HPOS="1149"/>
<SP HEIGHT="51" WIDTH="31" VPOS="2929" HPOS="1227"/>
<String CONTENT="June" HEIGHT="51" WIDTH="115" VPOS="2929" HPOS="1259"/>
<SP HEIGHT="43" WIDTH="30" VPOS="2928" HPOS="1375"/>
<String CONTENT="28;" HEIGHT="52" WIDTH="78" VPOS="2928" HPOS="1406"/>
<SP HEIGHT="52" WIDTH="35" VPOS="2928" HPOS="1485"/>
<!-- cceid 023EB877-6E1B-1014-9B7B-CA07F191E62B --><String CONTENT="A" HEIGHT="42" WIDTH="44" VPOS="2928" HPOS="1521"/>
<SP HEIGHT="43" WIDTH="32" VPOS="2927" HPOS="1566"/>
<String CS="1" CONTENT="897257;" HEIGHT="46" WIDTH="164" VPOS="2926" HPOS="1599"/>
<SP HEIGHT="53" WIDTH="37" VPOS="2928" HPOS="1788"/>
<String CONTENT="C." HEIGHT="44" WIDTH="47" VPOS="2928" HPOS="1826"/>
<SP HEIGHT="44" WIDTH="33" VPOS="2928" HPOS="1874"/>
<String CONTENT="A." HEIGHT="44" WIDTH="56" VPOS="2928" HPOS="1908"/>
<SP HEIGHT="43" WIDTH="33" VPOS="2929" HPOS="1965"/>
<String CONTENT="Keigwin," HEIGHT="55" WIDTH="224" VPOS="2926" HPOS="1999"/>
<SP HEIGHT="51" WIDTH="33" VPOS="2929" HPOS="2224"/>
<String CONTENT="Washington." HEIGHT="111" WIDTH="1893" VPOS="2928" HPOS="510"/>
<SP HEIGHT="52" WIDTH="67" VPOS="2988" HPOS="678"/>
<String CONTENT="(26-13391)" HEIGHT="55" WIDTH="269" VPOS="2985" HPOS="746"/>
</TextLine>
<TextLine HEIGHT="74" WIDTH="1103" VPOS="3054" HPOS="434" STYLEREFS="StyleId-897DE599-D507-4DF7-81E7-03851D1B8AF9-">
<String CONTENT="Krumbine," HEIGHT="71" WIDTH="361" VPOS="3056" HPOS="434"/>
<SP HEIGHT="70" WIDTH="43" VPOS="3057" HPOS="796"/>
<String CONTENT="Miles" HEIGHT="60" WIDTH="183" VPOS="3054" HPOS="840"/>
<SP HEIGHT="57" WIDTH="44" VPOS="3056" HPOS="1024"/>
<String CONTENT="Henry," HEIGHT="72" WIDTH="231" VPOS="3056" HPOS="1069"/>
<SP HEIGHT="65" WIDTH="46" VPOS="3059" HPOS="1301"/>
<String CONTENT="1891-" HEIGHT="56" WIDTH="189" VPOS="3058" HPOS="1348"/>
</TextLine>
<TextLine HEIGHT="74" WIDTH="1905" VPOS="3146" HPOS="517" STYLEREFS="StyleId-40EDA715-49FE-43D1-B681-62B07F8EDA3E-">
<String CONTENT="A" HEIGHT="57" WIDTH="58" VPOS="3149" HPOS="517"/>
<SP HEIGHT="58" WIDTH="30" VPOS="3149" HPOS="576"/>
<String CONTENT="summer" HEIGHT="40" WIDTH="272" VPOS="3167" HPOS="607"/>
<SP HEIGHT="53" WIDTH="25" VPOS="3167" HPOS="880"/>
<String CONTENT="program" HEIGHT="54" WIDTH="300" VPOS="3166" HPOS="906"/>
<SP HEIGHT="57" WIDTH="28" VPOS="3147" HPOS="1207"/>
<String CONTENT="for" HEIGHT="58" WIDTH="103" VPOS="3147" HPOS="1236"/>
<SP HEIGHT="53" WIDTH="26" VPOS="3151" HPOS="1340"/>
<String CONTENT="the" HEIGHT="56" WIDTH="104" VPOS="3148" HPOS="1367"/>
<SP HEIGHT="37" WIDTH="30" VPOS="3167" HPOS="1472"/>
<String CONTENT="church" HEIGHT="57" WIDTH="227" VPOS="3148" HPOS="1503"/>
<SP HEIGHT="57" WIDTH="31" VPOS="3148" HPOS="1731"/>
<String CONTENT="school," HEIGHT="71" WIDTH="226" VPOS="3149" HPOS="1763"/>
<SP HEIGHT="71" WIDTH="26" VPOS="3149" HPOS="1990"/>
<String CONTENT="by" HEIGHT="71" WIDTH="83" VPOS="3149" HPOS="2017"/>
<SP HEIGHT="73" WIDTH="27" VPOS="3147" HPOS="2101"/>
<String CONTENT="Miles" HEIGHT="59" WIDTH="183" VPOS="3147" HPOS="2129"/>
<SP HEIGHT="60" WIDTH="29" VPOS="3146" HPOS="2313"/>
<String CONTENT="H." HEIGHT="58" WIDTH="79" VPOS="3146" HPOS="2343"/>
</TextLine>
<TextLine HEIGHT="77" WIDTH="1984" VPOS="3223" HPOS="440" STYLEREFS="StyleId-40EDA715-49FE-43D1-B681-62B07F8EDA3E-" CS="1">
<String CONTENT="Krumbine" HEIGHT="59" WIDTH="348" VPOS="3225" HPOS="440"/>
<SP HEIGHT="37" WIDTH="43" VPOS="3247" HPOS="789"/>
<String CS="1" CONTENT="&#8230;"/>
<SP HEIGHT="60" WIDTH="84" VPOS="3224" HPOS="895"/>
<String CONTENT="Chicago," HEIGHT="74" WIDTH="288" VPOS="3224" HPOS="980"/>
<SP HEIGHT="72" WIDTH="38" VPOS="3225" HPOS="1269"/>
<String CONTENT="Ill.," HEIGHT="75" WIDTH="117" VPOS="3225" HPOS="1308"/>
<SP HEIGHT="75" WIDTH="38" VPOS="3225" HPOS="1426"/>
<String CONTENT="The" HEIGHT="58" WIDTH="130" VPOS="3225" HPOS="1465"/>
<SP HEIGHT="45" WIDTH="18" VPOS="3245" HPOS="1596"/>
<String CONTENT="University" HEIGHT="74" WIDTH="371" VPOS="3224" HPOS="1633"/>
<SP HEIGHT="54" WIDTH="38" VPOS="3244" HPOS="2005"/>
<String CONTENT="of" HEIGHT="59" WIDTH="69" VPOS="3225" HPOS="2044"/>
<SP HEIGHT="60" WIDTH="39" VPOS="3224" HPOS="2114"/>
<String CONTENT="Chicago" HEIGHT="75" WIDTH="270" VPOS="3223" HPOS="2154"/>
</TextLine>
<TextLine HEIGHT="73" WIDTH="423" VPOS="3306" HPOS="439" STYLEREFS="StyleId-40EDA715-49FE-43D1-B681-62B07F8EDA3E-">
<String CONTENT="press" HEIGHT="54" WIDTH="179" VPOS="3324" HPOS="439"/>
<SP HEIGHT="53" WIDTH="41" VPOS="3325" HPOS="619"/>
<String CONTENT="[" HEIGHT="43" WIDTH="12" VPOS="3335" HPOS="661"/>
<String STYLE="superscript" CONTENT="c" HEIGHT="23" WIDTH="19" VPOS="3312" HPOS="676"/>
<String CONTENT="1926]" HEIGHT="73" WIDTH="164" VPOS="3306" HPOS="698"/>
</TextLine>
<TextLine HEIGHT="113" WIDTH="1980" VPOS="3380" HPOS="444" CS="1">
<String CONTENT="xi," HEIGHT="52" WIDTH="59" VPOS="3384" HPOS="508"/>
<SP HEIGHT="50" WIDTH="49" VPOS="3386" HPOS="568"/>
<String CONTENT="188" HEIGHT="43" WIDTH="76" VPOS="3385" HPOS="618"/>
<SP HEIGHT="51" WIDTH="43" VPOS="3385" HPOS="695"/>
<String CONTENT="p." HEIGHT="37" WIDTH="38" VPOS="3399" HPOS="739"/>
<SP HEIGHT="44" WIDTH="60" VPOS="3382" HPOS="778"/>
<String CONTENT="illus." HEIGHT="44" WIDTH="114" VPOS="3382" HPOS="839"/>
<SP HEIGHT="52" WIDTH="29" VPOS="3383" HPOS="954"/>
<String CONTENT="(incl." HEIGHT="53" WIDTH="126" VPOS="3382" HPOS="984"/>
<SP HEIGHT="44" WIDTH="44" VPOS="3382" HPOS="1111"/>
<String CONTENT="forms)" HEIGHT="53" WIDTH="170" VPOS="3381" HPOS="1156"/>
<SP HEIGHT="53" WIDTH="69" VPOS="3381" HPOS="1327"/>
<String CONTENT="18" HEIGHT="43" WIDTH="49" VPOS="3382" HPOS="1397"/>
<String STYLE="superscript" CONTENT="cm" HEIGHT="17" WIDTH="46" VPOS="3384" HPOS="1453"/>
<String CONTENT="." HEIGHT="8" WIDTH="9" VPOS="3417" HPOS="1505"/>
<SP/>
<String CONTENT="(Half-title:" HEIGHT="54" WIDTH="289" VPOS="3381" HPOS="1584"/>
<SP HEIGHT="43" WIDTH="48" VPOS="3381" HPOS="1874"/>
<String CONTENT="The" HEIGHT="44" WIDTH="97" VPOS="3381" HPOS="1923"/>
<SP HEIGHT="44" WIDTH="42" VPOS="3381" HPOS="2021"/>
<String CONTENT="University" HEIGHT="53" WIDTH="266" VPOS="3380" HPOS="2064"/>
<SP HEIGHT="37" WIDTH="40" VPOS="3396" HPOS="2331"/>
<String CONTENT="of" HEIGHT="46" WIDTH="52" VPOS="3380" HPOS="2372"/>
<SP/>
<String CONTENT="Chicago" HEIGHT="53" WIDTH="197" VPOS="3440" HPOS="444"/>
<SP HEIGHT="37" WIDTH="34" VPOS="3455" HPOS="642"/>
<String CONTENT="publications" HEIGHT="54" WIDTH="296" VPOS="3438" HPOS="677"/>
<SP HEIGHT="43" WIDTH="36" VPOS="3439" HPOS="974"/>
<String CONTENT="in" HEIGHT="43" WIDTH="42" VPOS="3439" HPOS="1011"/>
<SP HEIGHT="28" WIDTH="34" VPOS="3454" HPOS="1054"/>
<String CONTENT="religious" HEIGHT="55" WIDTH="216" VPOS="3436" HPOS="1089"/>
<SP HEIGHT="29" WIDTH="32" VPOS="3453" HPOS="1306"/>
<String CONTENT="education" HEIGHT="45" WIDTH="234" VPOS="3437" HPOS="1339"/>
<SP HEIGHT="27" WIDTH="35" VPOS="3454" HPOS="1574"/>
<String CS="1" CONTENT="&#8230;"/>
<SP HEIGHT="42" WIDTH="65" VPOS="3439" HPOS="1660"/>
<String CONTENT="Principles" HEIGHT="53" WIDTH="250" VPOS="3438" HPOS="1726"/>
<SP HEIGHT="29" WIDTH="34" VPOS="3453" HPOS="1977"/>
<String CONTENT="and" HEIGHT="44" WIDTH="86" VPOS="3438" HPOS="2012"/>
<SP HEIGHT="44" WIDTH="33" VPOS="3438" HPOS="2099"/>
<String CONTENT="methods" HEIGHT="45" WIDTH="205" VPOS="3437" HPOS="2133"/>
<SP HEIGHT="30" WIDTH="33" VPOS="3452" HPOS="2339"/>
<String CONTENT="of" HEIGHT="45" WIDTH="49" VPOS="3436" HPOS="2373"/>
</TextLine>
<TextLine HEIGHT="56" WIDTH="511" VPOS="3494" HPOS="441">
<String CONTENT="religious" HEIGHT="54" WIDTH="210" VPOS="3496" HPOS="441"/>
<SP HEIGHT="28" WIDTH="39" VPOS="3512" HPOS="652"/>
<String CONTENT="education)" HEIGHT="54" WIDTH="260" VPOS="3494" HPOS="692"/>
</TextLine>
<TextLine HEIGHT="49" WIDTH="1695" VPOS="3549" HPOS="514">
<String CONTENT="Contains" HEIGHT="43" WIDTH="214" VPOS="3555" HPOS="514"/>
<SP HEIGHT="44" WIDTH="28" VPOS="3553" HPOS="729"/>
<String CONTENT="lists" HEIGHT="43" WIDTH="97" VPOS="3553" HPOS="758"/>
<SP HEIGHT="28" WIDTH="25" VPOS="3568" HPOS="856"/>
<String CONTENT="of" HEIGHT="44" WIDTH="51" VPOS="3552" HPOS="882"/>
<SP HEIGHT="44" WIDTH="22" VPOS="3552" HPOS="934"/>
<String CONTENT="books" HEIGHT="44" WIDTH="142" VPOS="3552" HPOS="957"/>
<SP HEIGHT="29" WIDTH="23" VPOS="3566" HPOS="1100"/>
<String CONTENT="and" HEIGHT="42" WIDTH="87" VPOS="3553" HPOS="1124"/>
<SP HEIGHT="42" WIDTH="25" VPOS="3553" HPOS="1212"/>
<String CONTENT="stories" HEIGHT="45" WIDTH="159" VPOS="3550" HPOS="1238"/>
<SP HEIGHT="29" WIDTH="26" VPOS="3565" HPOS="1398"/>
<String CONTENT="suitable" HEIGHT="46" WIDTH="191" VPOS="3549" HPOS="1425"/>
<SP HEIGHT="45" WIDTH="25" VPOS="3550" HPOS="1617"/>
<String CONTENT="for" HEIGHT="44" WIDTH="73" VPOS="3550" HPOS="1643"/>
<SP HEIGHT="27" WIDTH="24" VPOS="3566" HPOS="1717"/>
<String CONTENT="church" HEIGHT="43" WIDTH="167" VPOS="3551" HPOS="1742"/>
<SP HEIGHT="42" WIDTH="27" VPOS="3552" HPOS="1910"/>
<String CONTENT="school" HEIGHT="45" WIDTH="152" VPOS="3550" HPOS="1938"/>
<SP HEIGHT="43" WIDTH="25" VPOS="3550" HPOS="2091"/>
<String CONTENT="use." HEIGHT="30" WIDTH="92" VPOS="3564" HPOS="2117"/>
</TextLine>
<TextLine HEIGHT="57" WIDTH="1983" VPOS="3603" HPOS="442">
<String CONTENT="&#169;" HEIGHT="53" WIDTH="52" VPOS="3607" HPOS="442"/>
<SP HEIGHT="53" WIDTH="25" VPOS="3607" HPOS="495"/>
<String CONTENT="June" HEIGHT="50" WIDTH="113" VPOS="3610" HPOS="521"/>
<SP HEIGHT="43" WIDTH="23" VPOS="3609" HPOS="635"/>
<String CONTENT="3," HEIGHT="50" WIDTH="37" VPOS="3609" HPOS="659"/>
<SP HEIGHT="50" WIDTH="31" VPOS="3609" HPOS="697"/>
<String CONTENT="1926;" HEIGHT="52" WIDTH="128" VPOS="3607" HPOS="729"/>
<SP HEIGHT="52" WIDTH="26" VPOS="3607" HPOS="858"/>
<String CONTENT="2c." HEIGHT="43" WIDTH="64" VPOS="3607" HPOS="885"/>
<SP HEIGHT="51" WIDTH="27" VPOS="3608" HPOS="950"/>
<String CONTENT="June" HEIGHT="51" WIDTH="113" VPOS="3608" HPOS="978"/>
<SP HEIGHT="43" WIDTH="26" VPOS="3607" HPOS="1092"/>
<String CONTENT="30;" HEIGHT="54" WIDTH="76" VPOS="3605" HPOS="1119"/>
<SP HEIGHT="38" WIDTH="29" VPOS="3621" HPOS="1196"/>
<String CONTENT="aff." HEIGHT="42" WIDTH="78" VPOS="3607" HPOS="1226"/>
<SP HEIGHT="52" WIDTH="28" VPOS="3606" HPOS="1305"/>
<String CONTENT="July" HEIGHT="52" WIDTH="106" VPOS="3606" HPOS="1334"/>
<SP HEIGHT="52" WIDTH="26" VPOS="3606" HPOS="1441"/>
<String CONTENT="3;" HEIGHT="52" WIDTH="48" VPOS="3606" HPOS="1468"/>
<SP HEIGHT="52" WIDTH="28" VPOS="3606" HPOS="1517"/>
<!-- cceid 023F0D79-6E1B-1014-9B7B-CA07F191E62B --><String CONTENT="A" HEIGHT="42" WIDTH="44" VPOS="3606" HPOS="1546"/>
<SP HEIGHT="46" WIDTH="26" VPOS="3606" HPOS="1591"/>
<String CONTENT="897310;" HEIGHT="54" WIDTH="188" VPOS="3604" HPOS="1618"/>
<SP HEIGHT="51" WIDTH="30" VPOS="3607" HPOS="1807"/>
<String CONTENT="University" HEIGHT="53" WIDTH="267" VPOS="3606" HPOS="1838"/>
<SP HEIGHT="37" WIDTH="25" VPOS="3622" HPOS="2106"/>
<String CONTENT="of" HEIGHT="44" WIDTH="53" VPOS="3607" HPOS="2132"/>
<SP HEIGHT="44" WIDTH="27" VPOS="3605" HPOS="2186"/>
<String CONTENT="Chicago," HEIGHT="56" WIDTH="211" VPOS="3603" HPOS="2214"/>
</TextLine>
<TextLine HEIGHT="54" WIDTH="549" VPOS="3664" HPOS="513">
<String CONTENT="Chicago." HEIGHT="52" WIDTH="211" VPOS="3665" HPOS="513"/>
<SP HEIGHT="52" WIDTH="67" VPOS="3666" HPOS="725"/>
<String CONTENT="(26-13336)" HEIGHT="54" WIDTH="269" VPOS="3664" HPOS="793"/>
</TextLine>
<TextLine HEIGHT="72" WIDTH="690" VPOS="3733" HPOS="436" STYLEREFS="StyleId-897DE599-D507-4DF7-81E7-03851D1B8AF9-">
<String CONTENT="Laban," HEIGHT="70" WIDTH="231" VPOS="3735" HPOS="436"/>
<SP HEIGHT="69" WIDTH="42" VPOS="3736" HPOS="668"/>
<String CONTENT="Rudolf" HEIGHT="60" WIDTH="238" VPOS="3733" HPOS="711"/>
<SP HEIGHT="57" WIDTH="36" VPOS="3735" HPOS="950"/>
<String CONTENT="von." HEIGHT="42" WIDTH="139" VPOS="3750" HPOS="987"/>
</TextLine>
<TextLine HEIGHT="156" WIDTH="1988" VPOS="3820" HPOS="440" STYLEREFS="StyleId-40EDA715-49FE-43D1-B681-62B07F8EDA3E-" CS="1">
<String LANG="en-US" CS="1" CONTENT="&#8230;"/>
<SP HEIGHT="58" WIDTH="43" VPOS="3825" HPOS="582"/>
<String LANG="de" CONTENT="Gymnastik" HEIGHT="73" WIDTH="369" VPOS="3822" HPOS="626"/>
<SP HEIGHT="58" WIDTH="33" VPOS="3824" HPOS="996"/>
<String LANG="de" CONTENT="und" HEIGHT="56" WIDTH="128" VPOS="3826" HPOS="1030"/>
<SP HEIGHT="56" WIDTH="37" VPOS="3826" HPOS="1159"/>
<String LANG="de" CONTENT="tanz." HEIGHT="54" WIDTH="160" VPOS="3827" HPOS="1197"/>
<SP HEIGHT="59" WIDTH="79" VPOS="3822" HPOS="1358"/>
<String LANG="en-US" CONTENT="Oldenburg" HEIGHT="72" WIDTH="359" VPOS="3822" HPOS="1438"/>
<SP HEIGHT="72" WIDTH="34" VPOS="3822" HPOS="1798"/>
<String LANG="la" CONTENT="i." HEIGHT="57" WIDTH="40" VPOS="3822" HPOS="1833"/>
<SP HEIGHT="59" WIDTH="41" VPOS="3820" HPOS="1874"/>
<String LANG="fr" CONTENT="O.," HEIGHT="72" WIDTH="87" VPOS="3820" HPOS="1916"/>
<SP HEIGHT="72" WIDTH="41" VPOS="3820" HPOS="2004"/>
<String LANG="fr" CONTENT="G." HEIGHT="58" WIDTH="68" VPOS="3820" HPOS="2046"/>
<SP HEIGHT="60" WIDTH="42" VPOS="3821" HPOS="2115"/>
<String LANG="en-US" CONTENT="Stalling" HEIGHT="73" WIDTH="270" VPOS="3820" HPOS="2158"/>
<SP/>
<String LANG="en-US" CONTENT="[" HEIGHT="45" WIDTH="14" VPOS="3931" HPOS="440"/>
<String STYLE="superscript" LANG="en-US" CONTENT="c" HEIGHT="23" WIDTH="19" VPOS="3911" HPOS="456"/>
<String LANG="en-US" CONTENT="1926]" HEIGHT="73" WIDTH="163" VPOS="3903" HPOS="478"/>
</TextLine>
</TextBlock>
<GraphicalElement ID="Page752_Block4" HEIGHT="1508" WIDTH="44" VPOS="348" HPOS="2474"/>
<GraphicalElement ID="Page752_Block5" HEIGHT="1088" WIDTH="30" VPOS="1920" HPOS="2488"/>
</PrintSpace>
</Page>
</Layout>
</alto>