2542 4285
1138 3942 110 55 897

265 433 58 52 lvi,
356 432 80 45 438
471 448 39 36 p.
571 433 51 42 21
632 434 47 17 cm
684 465 9 9 .

248 488 349 53 Bibliography:
633 503 39 36 p.
706 486 204 44 379-419.

175 543 56 52 ©
253 543 109 54 July
385 543 65 51 26,
482 542 128 50 1926;
638 543 64 41 2c.
731 539 89 44 and
848 539 79 43 aff.
955 538 108 54 July
1089 538 76 50 28;
1195 537 44 42 A
1265 535 189 51 897572;
1487 536 50 42 B.
1567 533 186 44 Herder
1781 535 123 43 book
1932 549 65 30 co.

256 597 269 56 (26-14281)

181 670 170 67 Lion,
392 666 376 59 Ferdinand.

327 752 1834 77 … Grosse politik. Stuttgart [etc.] Deutsche verlags-
183 837 251 72 anstalt,
470 837 164 56 1926.

249 909 1968 60 3 p. l., 221 p. 22 ½ c m . ·
175 961 1990 61 © Apr. 13, 1926; 1c. July 7; A —Foreign 31529; Deutsche verlags-anstalt.
258 1024 268 55 (26-15175)

183 1096 353 58 Louisiana.
616 1096 225 57 Courts
881 1091 66 72 of
982 1092 240 72 appeal.

249 1189 274 70 Reports
548 1185 68 56 of
641 1185 102 57 the
771 1182 340 58 Louisiana
1143 1181 228 57 Courts
1400 1181 67 56 of
1497 1180 240 72 appeal,
1805 1200 56 37 v.
1893 1182 50 55 3.
1976 1180 191 58 Cases

182 1267 236 69 argued
458 1266 122 55 and
621 1260 388 59 determined
1047 1259 65 57 in
1154 1260 103 58 the
1303 1259 228 58 Courts
1576 1258 67 57 of
1685 1258 226 72 appeal
1955 1257 68 57 of
2065 1260 102 55 the

182 1344 160 54 state
373 1340 68 57 of
467 1338 340 58 Louisiana
838 1342 64 54 at
930 1338 103 55 the
1064 1338 162 55 term
1254 1336 339 71 beginning
1623 1335 139 58 first
1795 1336 276 70 Monday
2104 1335 67 56 of

182 1418 283 69 October,
522 1416 163 57 1925.
786 1415 193 57 Court
1036 1416 68 56 of
1159 1414 256 71 appeal:
1471 1413 141 57 first
1670 1412 238 71 circuit,
1964 1414 207 55 Baton

180 1495 247 70 Rouge;
477 1493 223 57 second
748 1491 238 70 circuit,
1037 1491 416 71 Shreveport;
1504 1491 219 71 parish
1771 1490 68 57 of
1889 1490 281 70 Orleans,

180 1567 1967 151 New Orleans … contains references to the Louisiana digest;
383 1647 238 69 subject
651 1649 230 53 matter
913 1645 204 71 index,
1150 1646 165 57 table
1351 1646 67 56 of
1450 1665 175 37 cases
1658 1646 315 70 reported,
2007 1646 165 56 table

190 1726 67 56 of
297 1744 173 38 cases
512 1725 160 56 cited
714 1725 123 56 and
879 1724 199 56 tables
1123 1724 66 56 of
1231 1728 132 53 acts
1407 1724 65 56 of
1515 1723 412 72 Legislature,
1973 1725 198 72 codes,

183 1799 1991 72 and constitutions cited … Ed. by J. B. Herold … New
184 1877 281 70 Orleans,
491 1877 252 58 Hauser
771 1876 282 73 printing
1081 1897 107 51 co.,
1216 1878 166 57 1926.

250 1952 162 52 xxviii,
440 1953 83 44 848
547 1968 39 37 p.
645 1955 53 42 23
707 1956 45 17 cm
760 1989 7 7 .

182 2008 55 53 ©
264 2009 120 53 Aug.
415 2012 36 50 9,
484 2010 128 51 1926;
642 2011 63 41 2c.
736 2009 120 53 Aug.
886 2010 76 50 30;
994 2008 79 44 aff.
1104 2009 120 54 Aug.
1254 2010 77 51 28;
1364 2010 44 43 A
1435 2009 189 53 901635;
1658 2010 188 44 Hauser
1875 2010 204 52 printing
2110 2025 66 29 co.

186 2081 223 71 Louÿs,
444 2080 228 69 Pierre,
708 2082 357 57 1870-1925.

330 2170 1843 74 … The adventures of King Pausole. [Philadelphia]
187 2250 171 56 Priv.
392 2250 188 71 print,
616 2249 105 57 for
752 2249 104 57 the
893 2249 218 56 Pierre
1146 2248 208 57 Louÿs
1393 2247 251 72 society,
1682 2249 165 56 1926.

255 2326 26 42 2
306 2340 39 37 p.
373 2326 40 52 1,
441 2325 152 53 iii-xv,
621 2325 80 44 327
726 2340 42 38 p.
824 2325 54 44 24½
913 2328 46 18 cm
966 2360 9 9 .

259 2382 138 44 “This
436 2382 166 44 edition
642 2384 36 42 is
717 2382 176 53 strictly
931 2382 174 44 limited
1144 2389 46 37 to
1231 2381 81 44 990
1351 2380 148 53 copies
1538 2381 50 44 of
1627 2380 147 44 which
1813 2381 83 44 930
1931 2382 245 44 numbered

187 2439 147 52 copies
363 2453 78 29 are
470 2439 73 43 for
570 2438 131 44 sale.”
762 2438 112 44 This
903 2453 112 38 copy
1044 2445 78 38 not
1148 2438 260 44 numbered.

186 2493 52 53 ©
266 2495 108 53 July
402 2495 65 51 28,
502 2496 128 49 1926;
662 2497 63 41 2c.
756 2494 90 46 and
877 2494 79 44 aff.
986 2494 108 54 July
1124 2496 77 49 29;
1236 2494 44 42 A
1310 2495 188 50 901299;
1534 2493 207 45 William
1771 2493 283 52 Alexander,
257 2495 1899 108 Pomona,

442 2551 238 44 Rockland
715 2550 93 53 Co.,
842 2552 58 43 N.
933 2552 54 42 Y.
1058 2551 270 53 (26-14287)

190 2620 348 74 Macaulay,
574 2622 178 58 Rose.

267 2712 211 58 Crewe
506 2711 168 58 train.
777 2716 101 69 [pt.
909 2714 50 71 2]
1043 2713 175 72 chap.
1248 2714 52 56 4.

286 2793 60 40 (In
373 2792 95 41 Eve
497 2791 262 52 magazine)

187 2844 55 53 ©
269 2832 59 58 1c.
356 2845 120 53 Aug.
502 2847 64 50 23,
597 2847 129 51 1926;
756 2846 44 42 A
826 2845 58 45 ad
913 2846 77 43 int.
1016 2845 134 53 8512;
1179 2847 136 51 pubd.
1344 2848 120 52 June
1491 2848 76 49 23;
1600 2845 52 44 R.
1683 2846 258 54 Macaulay,
1971 2845 210 48 London.

367 2958 801 73 Crewe train. [pt. 2] chap. 5 (contd.)
290 3053 59 39 (In
376 3052 95 41 Eve
499 3052 262 51 magazine)

192 3103 1990 58 © 1c. Sept. 9, 1926; A ad int. 8513; pubd. July 14; R. Macaulay, London.
196 3176 404 73 McDermott,
635 3177 257 58 Charles
923 3178 233 73 Henry.

273 3266 247 59 Outline
555 3268 68 57 of
656 3268 461 73 psychometry,
1150 3267 257 74 psychic
1438 3270 111 57 life
1586 3271 121 57 and
1740 3270 338 71 phantasm
2114 3270 68 57 of

196 3344 102 58 the
335 3345 221 72 dying;
596 3366 34 36 a
670 3347 188 71 study
893 3347 66 56 of
996 3346 340 72 telepathy,
1373 3347 388 72 telesthenia,
1799 3347 381 72 hypnotism,

196 3421 264 73 thought
523 3424 379 71 suggestion,
966 3421 326 74 spiritism,
1354 3423 534 73 transliminality,
1949 3424 231 57 mental

196 3501 442 72 therapeutics,
667 3501 104 58 the
798 3502 295 71 spiritual
1120 3522 265 53 essence,
1413 3503 83 72 by
1524 3501 258 59 Charles
1810 3502 221 71 Henry

198 3501 1961 135 McDermott.
587 3579 288 73 Chicago,
921 3578 212 60 Occult
1174 3579 361 74 publishing
1576 3599 320 54 company,
1939 3580 164 57 1926.

267 3655 596 55 2 p. l., 9-259 p. 23½ cm .
271 3714 126 44 “One
422 3713 222 45 thousand
670 3714 147 53 copies
844 3714 112 45 have
983 3716 112 43 been
1120 3715 175 53 printed
1320 3714 53 45 of
1398 3714 88 45 this
1513 3714 128 45 work
1665 3713 242 46 numbered
1936 3714 119 44 from
2085 3717 17 41 1
2134 3722 46 37 to

202 3770 116 47 1000.
372 3769 113 44 This
511 3770 34 43 is
573 3785 113 38 copy
709 3786 71 29 no.
807 3770 65 45 9.”
930 3770 192 54 Signed:
1153 3770 47 45 C.
1231 3771 62 44 H.
1322 3772 305 45 McDermott.

196 3822 55 53 ©
280 3824 109 53 July
418 3826 64 48 23,
519 3825 105 43 1926
637 3838 9 35 ;
680 3827 63 41 2c.
776 3825 90 43 and
900 3825 78 43 aff.
1011 3825 120 52 Aug.
1164 3826 50 49 4;
1249 3824 44 42 A
1324 3825 189 50 897620;
1553 3823 47 45 C.
1637 3825 59 43 H.
1734 3825 312 51 McDermott,
267 3824 1899 106 Chicago.
462 3880 268 50 (26-14358)
