2542 4285
1347 3919 108 55 280

409 303 281 73 Hulbert,
728 304 232 58 Homer
995 303 297 73 Bezaleel,
1331 306 187 57 1863-

410 407 1960 152 The face in the mist, by Homer B. Hulbert … illustrated by Henry
1002 484 502 61 Hintermeister.
1591 487 396 74 Springfield,
2016 490 210 70 Mass.,
410 490 1961 132 Milton

545 564 277 72 Bradley
848 582 306 54 company
1184 564 201 72 [c1926]

477 653 955 54 4 p. l., 245 p. front., plates. 19½c m .
406 721 55 53 ©
490 723 117 42 Mar.
641 721 63 52 15,
736 721 128 53 1926;
894 722 64 43 2c.
988 722 117 42 Mar.
1136 722 77 51 31;
1244 721 78 43 aff.
1352 722 119 43 Mar.
1500 722 80 52 29;
1612 723 42 42 A
1685 723 188 51 890124;
1907 724 165 44 Milton
2105 724 195 53 Bradley
2327 739 66 29 co.

486 776 241 56 (26-7450)

405 889 297 73 Iglehart,
740 890 172 58 John
946 889 69 57 E.

484 995 127 56 The
641 994 430 57 environment
1101 994 68 57 of
1196 994 326 57 Abraham
1547 995 257 57 Lincoln
1833 996 65 56 in
1929 996 287 72 Indiana,
2245 996 149 58 with

407 1091 79 37 an
514 1075 260 54 account
800 1072 67 57 of
895 1071 105 58 the
1028 1071 92 57 De
1153 1071 231 57 Bruler
1409 1072 239 73 family,
1679 1074 81 70 by
1789 1073 168 58 John
1989 1073 73 56 E.
2094 1073 299 73 Iglehart,

405 1149 1965 150 Eugenia Ehrmann … Indianapolis, Printed for the society, 1925.
404 1313 1969 112 1 p. l., p. 147-182. facsim. 24 cm . (Indiana historical society. Publications, v. 8, no. 3)
405 1439 53 54 ©
494 1442 116 43 Mar.
649 1442 62 51 16,
745 1442 130 51 1926;
909 1442 62 42 2c.
1006 1442 86 42 and
1125 1442 77 42 aff.
1241 1442 118 42 Mar.
1397 1441 75 52 18;
1507 1441 44 42 A
1581 1441 189 53 883682;
1805 1442 41 52 J.
1880 1441 54 47 E.
1969 1441 215 53 Iglehart,
474 1439 1898 112 Evansville,
631 1499 95 42 Ind.
796 1496 243 56 (26-7453)

406 1606 329 72 [Jameson,
774 1608 151 56 Mrs.
966 1605 203 57 Annie
1212 1605 194 58 Edith
1442 1606 237 74 Foster]

484 1710 128 56 The
642 1710 158 57 dark
827 1710 264 72 curtain,
1120 1710 83 71 by
1231 1711 59 57 J.
1323 1711 71 55 E.
1426 1710 317 57 Buckrose
1776 1713 249 72 [pseud.]
2098 1711 174 70 chap.
2306 1711 88 55 10.

477 1801 80 51 (In
594 1800 124 42 Good
755 1800 368 52 Housekeeping,
1162 1801 132 52 Mar.,
1334 1801 128 50 1926)

404 1866 1990 56 © 1c. Apr. 23, 1926; A ad int. 8073; pubd. Feb. 26; Mrs. Falconer Jameson,
474 1926 224 50 Hornsea,
744 1925 128 53 Hull,
915 1925 222 52 England.

402 2038 259 71 Jordan,
699 2037 329 59 Elizabeth
1059 2039 257 72 Garver,
1356 2040 189 57 1867-

481 2143 1845 72 Miss Blake’s husband; a novel, by Elizabeth Jordan …
403 2221 150 56 New
578 2220 173 57 York
779 2221 48 56 &
853 2220 277 72 London,
1163 2221 128 56 The
1324 2211 280 81 Century
1632 2239 83 38 co.
1752 2253 13 42 [
1768 2228 19 23 c
1791 2222 164 72 1926]

470 2311 24 43 3
527 2324 37 38 p.
633 2344 10 17 l.,
674 2309 137 44 3-379
843 2323 40 38 p.
946 2309 50 44 19½c
1048 2311 29 18 m
1084 2344 9 9 .
1208 2308 124 53 $2.00

402 2378 54 54 ©
486 2380 118 43 Mar.
631 2380 68 51 26,
730 2379 129 51 1926;
890 2379 66 44 2c.
986 2379 119 42 Mar.
1134 2377 79 53 27;
1244 2378 78 43 aff.
1352 2378 120 43 Mar.
1501 2378 76 52 30;
1609 2379 42 42 A
1681 2378 190 53 883819;
1906 2377 198 55 Century
2133 2394 64 28 co.

481 2435 241 55 (26-7341)

401 2548 299 73 Klapper,
743 2548 174 72 Paul,
961 2550 189 57 1885-

482 2657 127 57 The
640 2653 291 74 teaching
962 2655 67 58 of
1059 2653 266 74 history,
1353 2653 152 59 with
1538 2655 289 70 chapters
1861 2674 78 39 on
1971 2656 103 55 the
2107 2654 289 73 teaching

405 2735 66 56 of
501 2730 217 75 civics;
751 2751 36 37 a
815 2733 254 55 manual
1101 2734 68 56 of
1195 2731 253 60 method
1480 2734 104 56 for
1618 2731 381 73 elementary
2029 2735 123 56 and
2183 2730 210 74 junior

401 2808 1993 76 high schools, by Paul Klapper … New York, London,
403 2889 73 56 D.
507 2889 319 71 Appleton
854 2890 123 56 and
1007 2906 306 53 company
1380 2887 164 71 [c1926]

540 3014 9 17 xx,
578 2979 80 46 347
685 2993 43 38 p.
786 2977 134 52 illus.,
948 2976 168 53 diagrs.
1178 2979 50 44 19½c
1280 2980 30 18 m
1315 3014 9 9 .

474 3050 288 45 “Annotated
791 3048 372 52 bibliography”:
1194 3062 41 37 p.
1265 3048 204 45 329-338.

401 3116 53 54 ©
485 3118 117 43 Mar.
631 3118 68 50 22,
733 3117 106 43 1926
853 3131 10 37 ;
893 3117 64 42 2c.
988 3116 87 42 and
1105 3116 78 43 aff.
1216 3116 117 42 Mar.
1363 3113 80 53 25;
1475 3114 43 42 A
1548 3114 190 52 883763;
1773 3115 56 43 D.
1861 3115 228 53 Appleton
2123 3116 86 42 and
2241 3129 65 29 co.

479 3172 241 56 (26-7543)

400 3272 348 73 Kornerup,
791 3270 188 73 Ebbe,
1019 3271 189 58 1875-

545 3358 1843 75 … Ceylon; min Vedda-ekspedition 1922. Illustreret
401 3441 163 56 efter
598 3439 330 72 tegninger
964 3438 68 57 af
1066 3438 386 57 forfatteren
1486 3456 80 53 og
1599 3437 165 58 efter
1798 3436 387 73 fotografier.
397 3437 1928 151 København,

733 3516 365 72 Gyldendal,
1126 3514 275 58 Nordisk
1427 3515 228 72 forlag,
1687 3515 166 57 1925.

473 3608 90 54 195,
592 3610 52 48 [1]
675 3624 39 38 p.
774 3608 133 53 illus.,
932 3609 156 52 plates.
1146 3609 50 42 21½c
1252 3609 29 18 m
1287 3642 10 9 .

474 3680 110 53 Map
608 3694 58 31 on
690 3677 116 45 back
831 3692 147 31 cover.

475 3736 202 54 “Oplag:
703 3734 109 45 2000
836 3733 344 54 eksemplarer.”

400 3800 1499 56 © Nov. 4, 1925; 1c. Jan. 23, 1926; A—Foreign 29855; E.
1928 3802 257 51 Kornerup,
468 3800 1898 114 Copenhagen.
694 3858 244 57 (26-7181)
