2542 4285
1086 3992 148 57 1275

175 372 210 71 Perry,
428 370 206 72 Ralph
672 371 254 68 Barton,
967 372 187 56 1876-

243 459 382 71 Philosophy
659 458 67 57 of
757 458 103 57 the
894 461 209 53 recent
1134 460 175 69 past;
1344 476 79 38 an
1455 457 231 59 outline
1719 458 68 58 of
1818 457 338 72 European

175 539 122 56 and
337 537 332 56 American
711 535 375 71 philosophy
1131 535 165 57 since
1339 535 166 73 1860,
1545 535 84 71 by
1667 534 207 72 Ralph
1916 534 242 59 Barton

173 610 1983 76 Perry … New York, Chicago [etc.] C. Scribner’s sons
174 722 13 42 [
189 700 19 23 c
211 693 163 72 1926]

243 780 664 55 viii p., 1 l., 230 p. 22½ cm .
242 838 231 48 “Selected
504 837 366 53 bibliography”:
903 851 39 38 p.
974 835 204 45 224-226.

170 895 53 53 ©
257 897 99 43 Oct.
395 897 61 50 13,
493 895 126 51 1926;
653 895 64 42 2c.
750 895 86 42 and
868 895 77 41 aff.
980 894 100 43 Oct.
1114 893 77 51 30;
1227 894 43 41 A
1304 891 187 53 950703;
1531 892 185 44 Charles
1754 891 248 46 Scribner’s
2036 907 117 28 sons.

247 952 269 55 (26-19467)

172 1051 244 68 Powell,
456 1051 272 58 Edward
762 1049 374 72 Alexander,
1176 1052 187 57 1879-

248 1142 74 55 In
369 1141 319 70 Barbary;
737 1138 278 72 Tunisia,
1062 1138 279 72 Algeria,
1389 1138 285 57 Morocco
1722 1140 123 56 and
1890 1139 103 57 the
173 1139 1960 151 Sahara,

384 1219 84 70 by
504 1216 71 57 E.
615 1217 359 56 Alexander
1012 1215 260 71 Powell;
1312 1216 152 57 with
1505 1215 339 73 eighty-six
173 1216 1961 136 illustrations

369 1296 166 55 from
561 1294 431 72 photographs
1027 1294 123 56 and
1180 1297 120 53 two
1328 1312 200 52 maps.
1598 1294 152 56 New
1776 1293 190 71 York,
172 1293 1958 152 London,
347 1373 129 55 The
513 1370 278 73 Century
824 1389 85 39 co.
948 1401 15 44 [
963 1378 19 23 c
986 1371 165 74 1926]

238 1446 1038 54 xxii, 483 p. plates, fold. maps. 20 ½ cm .
169 1504 52 54 ©
249 1507 99 43 Oct.
376 1506 64 51 26,
470 1505 127 51 1926;
625 1505 63 42 2c.
718 1506 117 41 Nov.
866 1506 17 40 1;
941 1505 77 42 aff.
1048 1505 117 42 Nov.
1190 1504 52 52 2;
1272 1505 44 41 A
1343 1503 190 53 950754;
1564 1503 199 55 Century
1790 1521 64 27 co.

246 1561 267 56 (26-19742)

172 1663 129 56 The
346 1661 302 73 practical
695 1662 320 57 Standard
1059 1661 353 72 dictionary
1458 1662 66 56 of
1569 1663 103 56 the
1717 1662 268 72 English

246 1665 1887 146 language,
511 1738 298 72 designed
851 1742 65 53 to
962 1737 140 73 give
1145 1738 105 57 the
1295 1738 447 73 orthography,
245 1739 1889 147 pronunciation,

438 1815 309 73 meaning,
793 1816 122 57 and
959 1815 355 73 etymology
1358 1816 67 57 of
1473 1834 150 39 over
1665 1817 244 71 140,000
1950 1820 207 56 words

247 1896 123 56 and
405 1894 262 71 phrases
707 1894 63 55 in
809 1893 102 58 the
952 1892 222 72 speech
1213 1899 123 56 and
1375 1892 329 61 literature
1743 1895 68 57 of
1848 1895 105 57 the
245 1895 1891 148 English-speaking

738 1971 273 71 peoples,
1051 1969 151 58 with
1245 1989 357 54 synonyms,
1645 1975 347 68 antonyms,
2037 1973 124 58 and

246 2049 452 71 prepositions;
745 2046 360 74 containing
1146 2048 132 57 also
1321 2067 80 38 an
1445 2049 316 71 appendix
1802 2050 68 57 of
1908 2049 251 74 foreign

238 2128 263 71 phrases
545 2127 154 57 used
741 2127 63 55 in
848 2126 266 72 English
1158 2126 225 71 speech
1424 2127 124 58 and
1587 2126 361 72 literature;
1993 2128 167 67 2,500

246 2205 292 72 pictorial
563 2204 419 57 illustrations;
1043 2203 304 73 abridged
1372 2204 168 57 from
1565 2205 103 57 the
1693 2204 183 57 Funk
1901 2203 50 60 &
237 2204 1900 137 Wagnails

425 2302 133 38 new
586 2282 319 58 Standard
933 2280 354 73 dictionary
1315 2280 68 59 of
1407 2282 104 57 the
1539 2280 266 74 English
1831 2282 327 73 language,

243 2358 1913 75 by Frank H. Vizetelly … New York and London,
245 2439 181 57 Funk
455 2438 47 58 &
527 2437 325 73 Wagnalls
884 2455 320 53 company,
1239 2436 165 57 1927.

238 2517 92 51 xvi,
368 2515 106 46 1309
504 2531 41 38 p.
602 2513 115 47 illus.
776 2512 53 47 25
837 2516 47 19 cm
890 2549 9 9 .

242 2574 244 45 Published
520 2571 116 47 1926.

240 2631 208 44 Lettered
477 2646 57 28 on
559 2643 135 31 cover
710 2645 9 28 :
750 2627 132 45 Funk
910 2629 37 44 &
975 2628 239 53 Wagnalls
1245 2628 214 54 practical
1488 2629 213 45 standard
1729 2627 265 55 dictionary.

168 2687 52 54 ©
251 2689 99 43 Oct.
378 2688 64 49 25,
476 2687 103 43 1926;
631 2687 66 42 2c.
726 2687 86 43 and
840 2687 79 43 aff.
948 2687 100 43 Oct.
1078 2684 53 45 27;
1188 2686 43 42 A
1260 2683 165 46 949758;
1482 2684 132 45 Funk
1642 2687 38 43 &
1706 2686 241 52 Wagnalls
1976 2701 65 27 co.

246 2744 268 56 (26-19356)

170 2845 326 72 Ramsaye,
535 2844 212 73 Terry.

246 2936 59 56 A
337 2934 236 57 million
608 2939 122 56 and
764 2953 112 38 one
910 2933 211 73 nights;
1190 2953 35 38 a
1255 2932 247 74 history
1533 2934 68 57 of
1631 2933 103 58 the
1767 2932 237 58 motion
171 2933 1964 137 picture

379 3009 1772 71 [by] Terry Ramsaye … New York, Simon and
173 3090 315 71 Schuster,
521 3090 165 57 1926.

239 3171 25 41 2
293 3185 41 27 V.
395 3167 174 54 fronts.,
600 3166 127 53 illus.,
762 3167 155 53 plates,
949 3173 154 47 ports.,
1137 3165 198 45 facsims.
1395 3166 54 44 24½
1483 3168 48 18 cm
1535 3200 11 10 .

242 3226 154 53 Paged
430 3224 324 53 continuously.

168 3281 53 54 ©
253 3283 99 44 Oct.
382 3281 65 51 25,
483 3282 126 48 1926;
639 3282 62 42 2c.
733 3281 107 44 each
870 3283 84 42 and
985 3282 79 41 aff.
1094 3281 117 43 Nov.
1247 3282 45 49 1;
1324 3281 43 41 A
1397 3280 189 51 949893;
1624 3279 154 46 Simon
1807 3279 87 43 and
1928 3278 229 53 Schuster,

239 3340 83 44 inc.
390 3338 268 56 (26-19459)

171 3438 233 73 Reiser,
440 3438 252 73 Joseph.

243 3529 512 73 L’organisation
786 3533 83 56 du
901 3528 272 61 contrôle
1205 3535 59 54 et
1293 3531 61 56 la
1385 3528 325 73 technique
1741 3532 107 56 des
168 3527 1964 139 vérifications

374 3604 1782 76 comptables, par Joseph Reiser … Paris, Dunod,
169 3689 163 56 1926.

241 3763 1009 52 3 p. l., 200 p. incl. tables, diagrs. 24 cm .
239 3820 367 51 “Bibliographie
632 3819 256 46 consultée”
906 3836 9 27 :
944 3834 39 36 p.
1057 3818 191 45 [195]-196.

169 3873 53 54 ©
252 3876 118 42 Mar.
399 3875 66 50 26,
496 3874 128 51 1926;
710 3909 7 7 1c.
747 3874 118 51 Aug.
898 3873 75 52 16;
1004 3873 101 42 A—
1107 3872 200 53 Foreign
1336 3872 160 53 31753;
1529 3874 178 44 Dunod.

249 3931 269 55 (26-19659)
