2542 4285
1350 3972 109 59 600

416 353 283 71 Thomas,
739 349 281 61 William
1058 351 251 56 Roscoe.

492 442 140 56 Life
673 458 225 54 among
937 440 102 57 the
1078 440 144 56 hills
1265 440 123 55 and
1424 436 356 59 mountains
1823 437 68 56 of
1927 437 350 70 Kentucky,
2316 436 81 71 by

411 514 1985 73 W. R. Thomas … Louisville, Ky., The Standard printing
413 617 107 52 co.,
545 598 112 56 inc.
690 597 200 72 [c1926]

483 672 845 54 6 p. l., 414 p. illus., port. 23½ cm .
485 730 191 46 General
700 729 315 53 bibliography
1030 744 10 29 :
1068 744 40 38 p.
1139 728 91 44 184.

415 787 52 53 ©
507 789 110 51 May
655 788 64 51 22,
764 786 128 53 1926;
930 787 65 42 2c.
1035 787 86 42 and
1160 786 77 42 aff.
1279 785 111 51 May
1427 784 78 51 24;
1547 784 44 42 A
1630 783 187 52 890904;
1860 783 74 43 W.
1975 783 54 42 R.
2069 780 200 45 Thomas
2309 782 86 42 and

487 844 168 52 Cauley
681 843 58 44 K.
770 844 134 50 Lusk,
934 842 149 53 Allen,
1112 842 89 52 Ky.
1269 839 270 56 (26-11516)

411 929 74 58 U.
534 930 60 57 S.
678 929 303 71 Supreme
1028 931 190 54 court.

481 1005 190 58 Cases
714 1004 319 72 adjudged
1074 1003 65 57 in
1181 1003 104 57 the
1331 1002 303 72 Supreme
1679 1004 178 55 court
1903 999 68 58 of
2013 1000 105 59 the
2162 998 236 60 United

409 1082 230 59 States.
730 1080 234 59 Official
1014 1080 236 58 edition
1297 1078 261 74 reprint.
1652 1077 379 73 Containing
2078 1077 200 57 briefs
2330 1075 68 59 of

407 1161 250 56 counsel
715 1158 239 72 (points
1007 1158 122 57 and
1182 1155 431 72 authorities),
1666 1157 368 58 statements
2086 1156 67 57 of
2203 1173 192 53 cases,

408 1238 124 58 and
574 1235 224 72 syllabi
842 1235 68 58 of
953 1235 104 58 the
1102 1253 174 41 cases
1322 1236 83 70 by
1448 1234 104 59 the
1601 1232 217 59 official
1861 1234 305 71 reporter.
413 1232 1961 140 Volumes
637 1315 107 55 235
796 1318 62 53 to
912 1316 108 54 265
1081 1312 357 72 (inclusive)
1537 1312 596 72 Photographically
414 1330 1956 119 reproduced
648 1391 170 57 from
855 1391 102 57 the
1001 1390 235 58 Official
1275 1390 236 57 edition
1547 1389 151 58 with
1735 1390 104 56 the
1883 1389 219 57 official
414 1389 1957 137 pagination
588 1467 66 58 of
698 1469 149 56 each
885 1468 243 57 volume
1169 1470 202 55 under
1410 1467 102 57 the
1559 1466 292 58 editorial
1893 1466 394 72 supervision
2331 1466 66 56 of

412 1542 1983 74 William Edward Baldwin … Cleveland, New York, The
412 1623 284 57 Baldwin
723 1623 119 55 law
868 1622 159 56 book
1057 1639 320 54 company,
1408 1623 165 57 1926.

482 1699 49 43 31
559 1713 40 29 v.
630 1695 45 45 in
699 1699 37 43 3.
794 1698 150 43 26½cm.

411 1770 42 28 v.
481 1752 205 54 235-244,
712 1752 52 53 ©
790 1754 113 52 Apr.
930 1755 68 51 28,
1029 1753 103 44 1926
1148 1768 9 38 ;
1184 1754 65 43 2c.
1279 1754 86 43 and
1392 1753 79 43 aff.
1502 1753 111 52 May
1641 1753 50 53 3;
1720 1769 41 27 v.
1789 1750 207 55 245-255,
2025 1750 55 54 ©
2107 1753 113 52 Apr.
2250 1753 50 52 8;
2329 1753 64 44 2c.

482 1812 86 42 and
593 1811 78 43 aff.
699 1811 112 51 Apr.
843 1811 73 52 12;
945 1826 40 27 v.
1013 1808 204 54 256-265,
1242 1808 55 54 ©
1327 1811 119 42 Mar.
1478 1809 74 53 12;
1581 1810 64 43 2c.
1675 1811 87 42 and
1791 1810 78 42 aff.
1901 1810 117 43 Mar.
2045 1810 80 51 29;
2156 1810 45 42 A
2218 1809 176 54 890079,

481 1867 175 51 890302,
692 1867 187 52 890614;
917 1867 208 44 Baldwin
1157 1868 87 43 law
1275 1867 122 43 book
1428 1882 64 28 co.
1562 1866 268 54 (26-11073)

410 1951 253 71 Wallas,
706 1952 291 72 Graham,
1041 1955 189 57 1858-

491 2044 1907 75 The art of thought, by Graham Wallas … New York,
411 2123 337 72 Harcourt,
778 2123 200 59 Brace
1009 2125 124 57 and
1163 2142 305 54 company
1576 2123 124 73 [c1926]

483 2204 149 49 314-p.
691 2203 52 42 21
753 2204 47 18 cm
805 2238 8 8 .

411 2254 53 53 ©
490 2256 110 52 May
624 2257 39 50 3,
693 2255 128 52 1926;
848 2255 64 43 2c.
940 2256 86 42 and
1052 2255 79 43 aff.
1161 2255 110 52 May
1296 2254 79 53 26;
1404 2254 44 43 A
1475 2253 188 53 890934;
1694 2254 246 52 Harcourt,
1968 2255 145 43 Brace
2138 2254 38 45 &
2203 2269 80 38 co.,
2311 2255 82 44 inc.

490 2310 269 55 (26-11575)

411 2396 245 69 Warne,
691 2396 262 58 Francis
985 2395 265 74 Wesley,
1287 2399 116 72 bp.,
1436 2399 191 55 1854-

488 2477 59 57 A
571 2476 234 60 tribute
831 2478 65 58 to
923 2477 104 58 the
1052 2474 411 75 triumphant,
1488 2478 85 70 by
1597 2475 262 60 Francis
1886 2475 251 74 Wesley
2163 2476 235 59 Warne

481 2551 1918 75 … introduction by Evelyn Riley Nicholson … New
411 2631 188 73 York,
633 2629 369 75 Cincinnati,
1038 2631 129 60 The
1197 2628 346 63 Methodist
1570 2631 159 60 book
1759 2650 260 40 concern
2127 2632 126 72 [c1926]

481 2708 51 47 95
558 2724 42 38 p.
629 2709 101 44 incl.
762 2711 127 43 front.
928 2709 169 52 (port.)
1134 2708 117 45 illus.
1279 2709 126 52 (incl.
1438 2707 223 50 facsims.)
1731 2711 145 42 19½cm.

414 2763 52 53 ©
496 2764 110 52 May
634 2765 36 49 3,
702 2763 129 52 1926;
862 2764 65 43 2c.
957 2765 86 42 and
1071 2764 78 43 aff.
1182 2764 111 52 May
1321 2765 78 50 29;
1432 2763 44 42 A
1505 2761 189 54 891580;
1726 2762 51 44 F.
1808 2764 74 43 W.
1912 2764 185 52 Wame,
2128 2762 268 55 Bangalore,

482 2821 139 42 India.
690 2819 269 55 (26-11581)

408 2904 276 70 Watson,
723 2904 243 74 Evelyn
995 2904 207 58 Mabel
1237 2903 266 73 Palmer,
1542 2905 188 58 1886-

486 2985 119 56 Inn
610 3005 68 37 er
722 2984 324 73 radiance;
1092 2984 400 74 paragraphs
1540 3001 78 40 on
1667 2982 321 61 Christian
2033 2982 364 75 mysticism,

410 3063 83 72 by
532 3062 242 73 Evelyn
813 3063 209 58 Mabel
1057 3062 284 73 Watson,
1380 3062 428 58 introduction
1844 3064 84 71 by
1968 3063 323 59 Theodore
2333 3063 62 59 S.

410 3138 1987 76 Henderson … New York, Cincinnati, The Abingdon
409 3238 180 53 press
621 3250 12 42 [
635 3227 19 21 c
657 3218 164 73 1926]

485 3295 352 53 137 p. 17½ cm .
407 3349 57 53 ©
495 3352 116 41 Mar.
646 3349 62 52 15,
740 3350 128 52 1926;
900 3351 65 42 2c.
996 3351 86 42 and
1112 3350 78 43 aff.
1224 3350 112 52 May
1365 3351 78 51 29;
1478 3349 44 43 A
1552 3348 187 55 891578;
1773 3349 53 48 E.
1860 3351 65 43 M.
1955 3352 205 51 Watson,
2195 3350 195 44 Buffalo.

491 3405 268 56 (26-11573)

428 3490 233 73 [Wiehe,
698 3492 153 57 Mrs.
891 3490 242 74 Evelyn
1168 3492 68 56 M
1554 3490 319 76 (Clowes)]

412 3569 1958 152 The venture book, by Elinor Mordaunt [pseud.] illustrated with sketches and photographs by the author …
411 3725 152 58 New
588 3724 190 73 York,
808 3725 276 72 London,
1115 3726 128 57 The
1276 3725 279 72 Century
1583 3744 83 39 co.
1776 3726 125 71 [c1926]

480 3800 1287 54 xvi, 328 p. front., illus., plates. 20 ½ cm . $3.50
412 3854 54 54 ©
490 3858 110 51 May
627 3857 62 51 14,
716 3857 129 53 1926;
872 3857 64 43 2c.
961 3858 87 42 and
1072 3857 78 43 aff.
1178 3857 112 52 May
1319 3857 75 52 19;
1422 3856 44 43 A
1491 3856 186 52 890849;
1708 3855 201 55 Century
1932 3871 68 29 co.
491 3913 266 54 (26-11402)
