2542 4285
1122 3953 114 55 919

177 441 144 72 [etc.]
354 436 167 71 typis
553 433 331 59 Societatis
917 431 213 59 Sancti
1158 429 266 59 Joannis
1457 427 410 73 evangelists,
1898 425 253 58 Desclée

174 518 59 55 et
268 514 166 71 socii,
469 514 161 55 1926.

341 625 9 17 xxv,
383 592 71 52 [1],
482 587 93 52 871,
610 589 52 54 [1]
696 603 39 37 p.
795 587 53 42 22
855 589 46 18 cm
908 621 8 7 .
985 584 114 55 (No.
1132 582 177 55 663-II)

174 638 1699 63 © July 15, 1926; 1c. Sept. 7; A—Foreign 31863; Desclée & co.
177 747 215 56 Texas.
469 745 200 70 Laws,
708 747 285 68 statutes,
1035 746 108 53 etc.

249 835 313 57 Vernon’s
597 833 339 58 annotated
967 830 270 58 Revised
1272 829 142 57 civil
1450 830 266 56 statutes
1755 827 66 56 of
1854 826 103 58 the
1994 827 161 56 state

177 912 66 59 of
279 913 220 71 Texas,
535 910 272 59 revision
840 909 68 57 of
943 908 165 73 1925,
1143 907 321 72 including
1498 907 82 55 all
1614 906 150 55 laws
1801 904 67 57 of
1903 905 253 71 general

177 989 380 73 application
603 988 229 71 passed
878 988 83 69 by
1006 986 103 57 the
1158 985 251 72 regular
1461 983 237 59 session
1748 982 66 56 of
1861 981 104 58 the
2015 981 142 57 39th

174 1067 413 73 Legislature,
616 1064 151 58 with
795 1063 326 58 historical
1149 1064 180 54 notes
1363 1062 122 58 and
1518 1063 178 54 notes
1730 1060 70 56 of
1830 1058 325 59 decisions.

273 1137 1817 76 v. 15. Interests-Lands—public, articles 5069 to 5421 …
176 1220 253 59 Kansas
466 1220 158 69 City,
656 1219 143 69 Mo.,
829 1218 255 58 Vernon
1116 1219 119 55 law
1263 1217 160 57 book
1454 1234 321 53 company,
1810 1215 162 57 1926.

306 1295 352 54 xi, 370 p. 26 cm .
178 1353 52 55 ©
258 1355 110 52 May
393 1355 67 50 21,
490 1353 104 44 1926;
646 1353 66 44 2c.
739 1353 120 52 Aug.
887 1352 77 52 28;
994 1350 79 46 aff.
1101 1352 118 51 Aug.
1249 1349 48 54 5;
1326 1351 43 42 A
1397 1349 188 54 901627;
1617 1349 188 43 Vernon
1830 1346 90 48 law
1945 1348 121 44 book
2092 1364 66 28 co.

179 1468 239 59 Textile
452 1468 212 58 world.

177 1554 1961 140 … Kink book. v. 9. Comp, from the columns of Textile
319 1631 1840 78 world, by Clarence Hutton … New York, Bragdon,
178 1714 168 58 Lord
376 1714 48 55 &
456 1713 196 72 Nagle
686 1731 321 53 company,
1038 1711 115 58 inc.
1195 1713 180 72 [1926]

249 1789 77 44 177
359 1804 38 37 p.
459 1789 128 51 illus.,
620 1788 165 54 diagrs.
852 1788 49 45 17
908 1792 47 18 cm
962 1824 7 8 .

179 1846 52 53 ©
272 1845 119 54 Sept.
427 1847 39 50 2,
507 1847 127 52 1926;
673 1847 64 43 2c.
775 1846 121 52 Sept.
932 1846 49 52 9;
1018 1845 79 45 aff.
1139 1845 120 52 Sept.
1297 1846 49 51 8;
1388 1845 43 43 A
1469 1837 188 61 901862;
1699 1843 226 55 Bragdon,
1964 1844 123 44 Lord
2125 1845 37 44 &

250 1904 154 53 Nagle
439 1919 81 36 co.,
558 1904 83 44 inc.

181 2002 255 70 Touton,
472 2001 214 59 Frank
717 2001 272 69 Charles,
1026 2003 145 58 1880–

179 2088 1960 143 Junior-high-school procedure, by Frank Charles Touton … and
592 2167 1572 79 Alice Ball Struthers … Boston, New York
180 2253 145 70 [etc.]
360 2249 162 59 Ginn
556 2251 121 58 and
712 2268 305 53 company
1051 2281 12 41 [
1064 2257 20 22 c
1088 2249 163 72 1926]

311 2328 44 53 xvii,
382 2327 80 47 595
489 2344 39 38 p.
557 2326 100 47 incl.
687 2328 152 52 front.,
865 2327 133 53 illus.,
1024 2327 159 46 forms.
1239 2328 54 44 20
1299 2330 47 18 cm
1352 2362 9 8 .

250 2384 326 45 “References”
619 2393 46 37 at
710 2387 85 42 end
840 2385 50 45 of
935 2385 107 44 each
1087 2384 209 53 chapter;
1346 2382 403 56 “Supplementary
1791 2381 368 57 bibliography”:

177 2457 40 38 p.
251 2440 204 48 572-583.

182 2496 52 54 ©
267 2497 106 52 July
405 2497 39 51 2,
480 2497 105 43 1926;
643 2496 65 44 2c.
744 2496 87 43 and
866 2496 77 43 aff.
979 2495 118 54 Aug.
1135 2495 49 53 6;
1220 2496 43 42 A
1296 2493 190 56 897680;
1523 2495 51 44 F.
1612 2494 49 45 C.
1695 2493 182 46 Touton
1913 2496 87 43 and
2034 2494 131 45 Alice

253 2555 99 42 Ball
392 2553 245 52 Struthers,
676 2554 88 43 Los
802 2553 213 53 Angeles.
1085 2552 269 55 (26-14872)

177 2638 250 70 Vinton,
462 2636 216 62 Stallo.

253 2730 169 58 John
465 2728 228 76 Colter,
739 2728 360 59 discoverer
1138 2729 69 57 of
1248 2728 416 59 Yellowstone
1709 2728 190 72 park;
1946 2748 81 37 an
178 2748 1964 118 account

402 2807 67 57 of
505 2807 96 57 his
644 2806 395 73 exploration
1075 2805 63 57 in
1179 2807 146 56 1807
1368 2807 122 57 and
1529 2807 68 56 of
1634 2806 97 57 his
1773 2805 249 59 further
178 2807 1966 136 adventures

513 2903 68 39 as
617 2883 259 73 hunter;
916 2886 293 70 trapper;
1251 2884 226 57 Indian
1513 2882 258 75 fighter;
1810 2883 358 72 pathfinder

180 2957 1988 81 and member of the Lewis and Clark expedition … by
183 3034 1709 81 Stallo Vinton … New York, E. Eberstadt, 1926.
250 3111 1112 58 5 p. l., [17]-114 p., 1 l. front., map. 22 cm .
250 3169 139 46 “This
420 3171 166 44 edition
618 3171 192 45 consists
839 3171 53 45 of
922 3172 87 44 five
1037 3171 206 46 hundred
1274 3174 89 42 and
1393 3170 143 55 thirty
1566 3172 164 52 copies,
1763 3173 51 42 of
1845 3171 148 46 which
2026 3172 142 53 thirty

179 3242 78 30 are
281 3243 58 29 on
367 3229 124 52 large
517 3228 176 52 paper.”

182 3283 55 54 ©
268 3285 106 52 July
409 3285 63 51 14,
508 3285 127 52 1926;
668 3285 63 43 2c.
763 3286 87 42 and
881 3286 78 42 aff.
992 3285 105 53 July
1127 3285 80 52 26;
1241 3287 43 41 A
1315 3283 190 56 897550;
1540 3285 196 47 Edward
1770 3284 257 48 Eberstadt.

263 3342 268 54 (26-14303)

184 3426 431 73 Washington,
649 3428 256 73 George,
938 3447 161 55 pres.
1132 3430 72 58 U.
1237 3430 86 73 S.,
1355 3430 355 59 1732-1799.

259 3519 241 72 George
534 3518 477 76 Washington’s
1049 3522 189 59 Rules
1279 3523 67 57 of
1382 3518 241 77 civility
1659 3524 122 57 and
1819 3522 217 58 decent
180 3522 1967 135 behaviour

477 3594 65 57 in
574 3615 304 55 company
907 3599 123 56 and
1062 3597 453 75 conversation,
1552 3598 205 60 edited
1788 3598 152 60 with
1972 3618 78 38 an
183 3599 1965 133 introduction

568 3675 83 70 by
688 3674 256 61 Charles
981 3673 246 76 Moore;
1261 3673 153 60 with
1445 3674 406 75 frontispiece
1890 3680 122 57 and
186 3678 1964 132 facsimiles.

517 3750 237 60 Boston
779 3752 47 58 &
852 3754 149 57 New
1023 3752 190 72 York,
1240 3750 264 61 Printed
1530 3755 103 57 for
1659 3752 343 75 Houghton
182 3754 1966 134 Mifflin

317 3845 303 55 company
644 3829 83 73 by
750 3830 103 59 the
881 3826 331 64 Riverside
1239 3849 201 54 press,
1471 3831 390 74 Cambridge,
1890 3834 165 56 1926.
