2542 4285
1323 4054 150 56 1330

389 510 110 70 ing
534 511 62 54 to
636 508 156 58 Ohio
828 510 135 71 law,
1001 510 150 55 with
1191 509 357 71 suggestive
1586 510 353 56 references
1977 512 63 54 to
2080 509 103 57 the
370 508 1985 140 General
566 588 147 55 code

761 586 1622 72 of Ohio … edited by Clement Bates … and
391 663 1966 134 Hugh H. Bates … assisted by Cornelius J. Petzhold, William
575 741 1739 73 Harvey, W. Ray Skirvin … John T. Bailey, jr. …
393 820 122 55 and
553 819 103 57 the
696 819 383 71 publishers’
1122 819 168 57 staff.
1375 819 351 72 Cleveland,
1771 820 128 56 The
1938 819 286 58 Baldwin
2264 820 117 56 law

389 896 363 70 publishing
784 916 306 51 company
1126 928 13 42 [
1141 904 19 22 c
1164 898 163 74 1926]

462 973 1178 53 3 p. l., 900, 352, 901-3185 p., 1 l., 36 p. 26 cm .
462 1030 211 44 Lettered
704 1045 59 29 on
792 1045 158 29 cover:
986 1030 244 44 Baldwin’s
1262 1031 78 43 red
1369 1030 131 45 book.

393 1085 53 53 ©
479 1087 100 44 Oct.
610 1088 65 50 29,
710 1087 129 52 1926;
871 1089 63 42 2c.
969 1088 89 43 and
1087 1088 78 43 aff.
1200 1088 118 43 Nov.
1356 1088 73 52 13;
1465 1089 43 42 A
1541 1086 162 46 957067;
1769 1088 207 44 Baldwin
2006 1087 88 45 law
2127 1090 100 51 pub.
2261 1103 66 30 co.

470 1142 268 56 (26-20873)

397 1229 204 70 Bates,
641 1230 209 58 David
889 1231 249 71 Homer,
1180 1233 358 57 1843-1926.

471 1320 258 58 Lincoln
776 1320 226 58 stories
1049 1321 133 58 told
1225 1322 83 72 by
1348 1320 130 57 him
1524 1321 65 57 in
1634 1323 104 57 the
1784 1320 288 74 Military
2116 1322 163 58 office
2323 1322 66 57 in

395 1399 103 58 the
541 1399 156 57 War
739 1400 395 70 department
1178 1399 231 72 during
1448 1400 104 57 the
1595 1398 142 58 civil
1775 1419 150 51 war,
1967 1401 299 57 recorded
2308 1401 82 71 by

396 1476 1993 73 one of the listeners, David Homer Bates … New York,
395 1552 94 60 W.
523 1554 71 56 E.
629 1555 238 71 Rudge,
898 1554 136 73 inc.,
1068 1556 165 55 1926.

470 1631 1025 53 1 p. l., 64, [1] p. front. (port.) 23 ½ cm .
391 1686 55 53 ©
477 1687 120 53 Sept.
622 1689 67 43 24.
723 1688 127 52 1926;
881 1689 63 42 2c.
977 1688 118 43 Nov.
1129 1688 73 51 10;
1233 1688 79 43 aff.
1343 1688 117 43 Nov.
1490 1688 50 51 9;
1571 1688 43 42 A
1643 1686 189 54 957061;
1865 1689 57 43 D.
1953 1689 62 43 H.
2048 1689 148 52 Bates,
463 1687 1902 110 Allenhurst,
639 1746 57 43 N.
730 1746 39 51 J.
840 1744 268 55 (26-20770)

398 1829 201 70 Beale,
637 1830 172 57 Nora
844 1830 91 59 St.
973 1830 187 59 John.

474 1908 216 57 Flame
734 1909 121 56 and
900 1907 184 72 wind,
1131 1909 80 71 by
1253 1908 172 57 Nora
1473 1908 89 58 St.
1610 1908 169 59 John
1823 1909 207 58 Beale.
2113 1909 277 71 London,

397 1986 65 56 L.
496 1985 279 58 Parsons
811 1986 181 74 [1926]

467 2062 777 59 4 p. l., [11]-319, [1] p. 19½cm.
395 2119 1994 54 © 1c. Sept. 25, 1926; A ad int. 8566; pubd. July 30; N. S. Beale, Ngare,
466 2179 165 50 Ndare,
661 2178 229 52 Nanyuki,
918 2178 162 52 Kenya
1108 2176 185 54 Colony,
1322 2177 180 44 Africa.
1572 2178 267 54 (26-20897)

399 2261 224 74 Belloc,
663 2262 261 74 Hilaire,
963 2265 189 58 1870-

477 2341 129 58 The
647 2342 276 57 emerald
964 2341 68 58 of
1075 2340 336 62 Catherine
1450 2341 103 59 the
1596 2341 211 72 Great,
1848 2342 82 72 by
1969 2341 246 59 Hilaire
397 2342 1972 147 Belloc,
546 2417 152 60 with

736 2418 420 59 illustrations
1197 2420 83 71 by
1318 2418 70 61 G.
1433 2419 80 57 K.
1559 2418 390 60 Chesterton.
2032 2418 153 58 New
2224 2419 168 58 York

399 2497 123 58 and
547 2497 276 72 London,
854 2496 256 72 Harper
1140 2499 61 55 &
1227 2496 310 71 brothers,
1569 2497 165 57 1926.

470 2574 1028 54 5 p. l., 218 p. incl. front., plates. 19 cm .
395 2630 54 54 ©
481 2633 118 43 Nov.
634 2631 64 53 15,
732 2632 129 52 1926;
892 2632 64 43 2c.
989 2632 118 43 Nov.
1144 2632 73 52 13;
1250 2631 81 44 aff.
1365 2632 120 43 Nov.
1522 2631 73 52 17;
1631 2632 42 42 A
1704 2630 190 54 950989;
1930 2633 185 51 Harper
2148 2632 36 44 &
2215 2632 118 44 bros.

474 2689 268 55 (26-20761)

401 2774 222 57 Bemis.
665 2774 254 59 Samuel
954 2773 222 75 Flagg.

543 2851 1852 76 … Pinckney’s treaty; a study of America’s advantage
401 2929 166 58 from
620 2930 316 70 Europe’s
992 2930 285 69 distress,
1333 2930 358 73 1783-1800,
1745 2930 84 70 by
1883 2929 253 59 Samuel
2188 2930 204 74 Flagg

399 3007 1919 72 Bemis … Baltimore, The Johns Hopkins press, 1926.
470 3083 1925 57 3 p. l., [iii]-xii, 421 p. maps (part fold.) facsim. 20 cm . (The Albert
404 3142 136 46 Shaw
569 3143 189 44 lectures
787 3158 58 29 on
871 3141 262 55 diplomatic
1157 3142 190 54 history,
1377 3141 132 55 1926)

472 3199 147 45 “Text
654 3200 51 44 of
738 3199 74 45 the
845 3206 149 46 treaty
1027 3199 53 43 of
1114 3197 104 47 1795
1254 3199 203 45 between
1492 3198 79 45 the
1602 3198 169 46 United
1809 3197 150 47 States
1992 3199 87 44 and
2117 3197 168 55 Spain”
2328 3199 68 53 (in

401 3257 186 52 parallel
616 3257 214 51 columns,
862 3254 193 55 English
1082 3256 88 46 and
1197 3253 222 56 Spanish):
1482 3269 40 39 p.
1550 3255 203 44 391-411.

472 3312 411 54 “Bibliographical
920 3313 161 44 note”:
1118 3327 40 39 p.
1196 3310 204 47 359-368.

399 3369 53 53 ©
482 3371 99 44 Oct.
610 3371 68 50 22,
712 3370 106 43 1926;
869 3370 67 43 2c.
966 3370 87 43 and
1082 3370 78 42 aff.
1193 3369 118 43 Nov.
1347 3368 74 52 16;
1456 3369 43 42 A
1530 3366 189 55 957103;
1752 3368 142 53 Johns
1926 3368 211 54 Hopkins
2168 3383 139 38 press.

475 3426 269 56 (26-20779)

402 3511 262 70 Benson,
705 3510 255 74 Adolph
1000 3512 284 71 Burnett,
1330 3514 188 57 1881-

481 3588 260 59 Sweden
786 3590 124 57 and
954 3590 106 57 the
1104 3588 337 59 American
1486 3589 368 72 revolution,
1901 3590 82 71 by
2028 3588 253 72 Adolph
2324 3589 71 57 B.

401 3665 1975 137 Benson … New Haven, The Tuttle, Morehouse & Taylor
527 3763 321 54 company,
880 3745 166 58 1926.

473 3821 1786 55 xii, 216 p. front., pl., ports., double facsim., coat of arms. 23 ½ cm .
475 3878 326 54 Bibliography:
862 3894 40 37 p.
941 3879 236 48 [169]-181.

400 3934 54 54 ©
486 3936 117 43 Nov.
635 3937 37 50 9,
706 3933 129 54 1926;
866 3936 66 44 2c.
965 3934 119 46 Nov.
1117 3936 49 51 3;
1200 3936 79 43 aff.
1312 3936 119 43 Nov.
1467 3935 73 52 18;
1574 3936 43 42 A
1649 3933 189 55 958033;
1873 3936 57 42 A.
1966 3935 50 43 B.
2051 3935 192 50 Benson,
2277 3934 117 44 New

470 3994 178 43 Haven.
718 3993 269 55 (26-20898)
