2542 4285
1368 3962 148 58 1580

427 344 246 60 Fenner,
703 341 193 53 Mabel
925 342 67 51 B.

424 416 1967 148 … God and His helpers … by Mabel B. Fenner. Philadelphia,
609 498 120 66 Pa.,
761 498 122 51 The
912 497 219 53 United
1160 496 295 52 Lutheran
1487 495 355 68 publication
1872 495 172 52 house
2084 528 13 33 [
2101 500 18 21 c
2125 497 133 49 1926
2263 527 12 33 ]

495 577 85 40 135
605 589 43 37 p.
708 577 143 48 illus.,
881 577 179 48 diagrs.
1119 576 56 40 23½
1208 579 44 21 cm
1258 609 7 7 .
1336 576 274 48 (Religious
1637 575 259 41 education
1922 577 131 38 texts
2079 575 80 39 for
2186 576 232 47 weekday

426 650 202 38 schools.
688 647 135 41 First
849 647 136 40 book.
1045 646 394 47 Primary—first
1465 645 142 48 year)

426 712 55 53 ©
507 718 117 40 Nov.
651 717 41 48 2,
723 717 115 40 1926;
896 717 67 40 2c.
991 718 119 38 Nov.
1139 716 56 39 18;
1255 715 84 41 aff.
1368 717 119 39 Nov.
1517 717 55 39 17;
1630 716 40 38 A
1699 715 174 41 957118;
1933 716 164 39 Board
2127 716 51 39 of
497 715 1903 98 publication
631 774 54 39 of
714 775 81 38 the

828 773 180 40 United
1040 773 251 39 Lutheran
1325 773 181 38 church
1538 772 50 38 in
1621 772 236 47 America,
1893 772 356 48 Philadelphia.

430 895 246 63 Gmelin,
706 896 162 61 Otto,
900 898 171 49 1886-

561 972 1858 67 … Temudschin, der herr der erde, roman. 1. bis 3. tausend.
429 1051 164 67 Jena,
622 1052 66 51 E.
718 1050 353 67 Diederichs,
1103 1053 149 49 1925.

496 1133 685 51 2 p. 1 318 p., 1 l. 20½ cm .
428 1197 1997 54 © Nov. 5, 1925; 1c. Nov. 8, 1926; A—Foreign 32574; Eugen Diederichs
499 1260 179 47 verlag.
748 1257 252 49 (27-1698)

429 1369 252 61 Gordon,
712 1366 156 54 John
901 1365 221 63 Shand,
1160 1365 170 53 1872-
1474 1384 177 50 comp.

498 1448 56 51 A
602 1444 296 55 collection
945 1443 66 54 of
1058 1442 274 55 scientific
1382 1443 226 53 articles
1657 1444 114 52 and
1819 1462 335 51 newspaper
2203 1451 223 62 reports

432 1525 151 52 from
621 1526 134 50 1816
788 1528 60 47 to
887 1525 151 64 1905,
1074 1521 249 68 relating
1359 1526 60 48 to
1453 1521 129 52 that
1618 1521 258 69 gigantic
1912 1522 226 67 aquatic
2176 1528 250 49 monster

430 1602 206 52 known
685 1620 60 33 as
792 1601 98 52 the
936 1618 92 34 sea
1075 1604 246 62 serpent,
1370 1598 299 70 including
1717 1605 223 62 reports
1990 1598 152 54 from
2193 1601 235 68 Boston,

430 1678 300 66 Portland,
769 1677 348 65 Gloucester,
1160 1675 208 67 Salem,
1406 1676 328 67 Hallowell,
1774 1676 253 68 Nahant,
2070 1676 355 70 California;

431 1753 1935 70 also snake stories and stray gems of marine poetry. 1st ed. …
433 1831 300 69 Compiled
765 1832 114 51 and
909 1831 233 67 printed
1173 1830 77 68 by
1280 1831 157 53 John
1469 1830 236 54 Gordon
1739 1837 58 47 at
1829 1832 123 52 The
1984 1832 237 54 Gordon
2254 1851 174 50 press.

434 1908 820 67 South Brewer, Me. [ c 1926]
499 1987 932 52 3 p. l. , 5-67 p. front., illus. 18 cm .
505 2059 113 41 “200
646 2059 204 49 copies.”

439 2126 52 52 ©
528 2132 118 38 Nov.
684 2130 68 47 18,
792 2129 115 40 1926;
974 2130 67 40 2c.
1080 2131 96 38 and
1216 2130 82 40 aff.
1337 2132 119 39 Nov.
1494 2131 57 40 30;
1620 2132 40 38 A
1698 2132 173 41 958168;
1943 2134 43 39 J.
2027 2133 206 48 Gordon,
2278 2135 154 40 South

505 2187 209 47 Brewer,
745 2188 91 39 Me.
906 2186 252 48 (27-1323)

433 2295 384 63 Hawthorne,
847 2296 231 52 Marion
1109 2296 183 54 Olive.

566 2373 1865 71 … Learning to live; a course for juniors, nine to eleven.
436 2451 295 55 Teacher’s
766 2452 248 52 manual.
1089 2453 90 67 By
1216 2452 231 52 Marion
1486 2452 67 55 O.
1593 2454 373 53 Hawthorne.
2041 2456 294 68 Prepared
2372 2457 60 52 in

436 2530 364 68 cooperation
835 2530 140 51 with
1010 2530 97 52 the
1142 2530 424 52 International
1603 2532 338 53 association
1978 2533 65 53 of
2077 2534 161 69 daily
435 2553 1973 110 vacation
606 2608 167 53 Bible

820 2607 235 53 schools.
1138 2607 139 53 New
1326 2607 179 68 York,
1556 2606 349 72 Cincinnati,
1951 2611 123 53 The
2119 2611 315 71 Abingdon

437 2706 157 50 press
628 2720 13 34 [
645 2693 19 22 c
669 2689 152 64 1926]

506 2772 86 40 296
625 2782 44 38 p.
727 2770 58 40 20
787 2772 44 21 cm
837 2802 8 8 .
916 2770 124 48 (The
1075 2769 255 48 Abingdon
1362 2768 233 49 religious
1628 2771 260 40 education
1922 2773 158 47 texts;
2116 2773 58 41 D.
2210 2773 54 42 G.
439 2775 1977 115 Downey,

574 2838 1860 57 general editor. Daily vacation church school series; G . H. Betts,
438 2897 183 49 editor)

440 2960 54 54 ©
533 2966 111 39 Dec.
680 2964 69 47 10,
787 2963 141 47 1926;
969 2963 68 39 2c.
1074 2963 97 39 and
1207 2962 81 40 aff.
1328 2964 111 39 Dec.
1478 2963 84 48 30;
1602 2965 40 38 A
1680 2965 200 48 957853;
1923 2968 63 40 M.
2027 2968 52 41 O.
2119 2969 316 51 Hawthorne,

511 3022 263 46 Evanston,
805 3021 76 38 Ill.
952 3019 252 48 (27-1163)

441 3130 410 63 Hemingway,
882 3129 238 54 Wilfrid
1152 3129 252 52 Hubert.

514 3207 324 55 California
884 3207 394 67 corporations
1323 3207 94 53 for
1460 3208 254 54 business
1758 3229 146 50 men,
1947 3212 77 69 by
2067 3212 247 55 Wilfrid
2360 3214 78 53 H.

441 3284 1885 77 Hemingway … San Francisco, Hemingway’s accountancy
440 3292 1975 137 institute,
685 3365 150 49 1926.

513 3443 130 48 xxvi,
674 3443 205 49 [29]-497
904 3454 44 37 p.
976 3443 109 41 incl.
1110 3444 170 40 forms.
1338 3444 59 39 22
1400 3447 43 21 cm
1449 3477 8 8 .

445 3507 53 53 ©
530 3514 118 40 Nov.
679 3513 72 48 29,
781 3513 115 40 1926;
956 3514 67 40 2c.
1058 3515 112 39 Dec.
1203 3515 55 39 13;
1320 3515 83 40 aff.
1438 3517 112 39 Dec.
1585 3518 53 37 11;
1701 3518 41 38 A
1774 3518 175 40 957620;
2013 3521 71 39 W.
2118 3521 61 40 H.
515 3520 1909 96 Hemingway,
666 3569 98 40 San

789 3570 274 40 Francisco.
1135 3570 280 49 (26-23660)

446 3677 226 62 Jillson,
700 3677 242 53 Willard
972 3678 214 63 Rouse,
1218 3683 170 49 1890-

577 3755 1866 74 … Old Kentucky entries and deeds; a complete index to all
447 3832 64 52 of
538 3833 94 52 the
661 3833 226 53 earliest
914 3834 137 52 land
1081 3835 225 68 entries,
1334 3836 260 70 military
1624 3845 297 62 warrants,
1951 3841 166 53 deeds
2151 3843 112 52 and
2295 3843 147 57 wills
