2542 4285
1350 3968 150 55 1264

465 444 127 51 xviii,
619 445 77 45 965
726 459 41 35 p.
796 445 99 44 incl.
926 457 127 37 maps.
1130 441 153 51 front.,
1313 441 157 51 plates,
1497 449 140 43 ports.
1697 440 53 43 23
1758 441 46 18 cm
1811 476 7 8 .
1933 438 124 52 $6.00

471 500 353 50 Bibliography:
853 515 41 34 p.
922 499 202 47 931-943.

399 555 54 53 ©
479 556 99 43 Oct.
603 554 67 52 26,
701 554 128 52 1926;
856 554 65 42 2c.
951 554 117 42 Nov.
1100 554 17 40 1;
1175 552 77 42 aff.
1283 552 117 42 Nov.
1428 551 49 51 2;
1508 551 44 41 A
1581 548 187 54 950760;
1800 548 200 53 Century
2027 563 65 29 co.

477 610 268 55 (26-19647)

402 682 185 58 Delta
618 682 264 74 upsilon.

476 775 129 56 The
650 773 255 57 manual
953 774 68 56 of
1067 772 187 57 Delta
1300 770 267 73 upsilon.
1648 772 108 57 4th
1804 770 90 60 ed.
1981 768 409 74 [Burlington,

399 851 121 72 Vt.,
548 851 161 57 Free
733 869 182 53 press
943 847 287 75 printing
1256 869 103 52 co.]
1390 850 164 58 1926.

469 925 1506 53 2 p. l., v, 102, [4] p. front. (coat of arms) illus. 24½ cm .
471 986 148 42 Blank
642 999 137 35 pages
806 985 76 42 for
910 982 356 45 “Memoranda”
1301 985 49 47 (4
1378 990 45 38 at
1451 984 111 49 end)

473 1040 286 50 “Fraternity
786 1039 352 50 publications”:
1168 1053 41 35 p.
1240 1040 65 44 54.

403 1093 54 53 ©
489 1094 99 44 Oct.
626 1093 63 55 15,
722 1093 127 51 1926;
883 1093 65 43 2c.
980 1094 87 41 and
1098 1093 78 42 aff.
1213 1093 100 43 Oct.
1347 1092 77 52 22;
1460 1092 44 42 A
1536 1092 188 52 949826;
1760 1092 136 43 Delta
1927 1092 175 52 upsilon
2139 1093 255 53 fraternity,

474 1151 93 52 inc.,
604 1152 117 42 New
753 1151 142 42 York.
964 1149 271 54 (26-19483)

409 1222 131 58 The
574 1221 155 58 desk
768 1222 322 58 Standard
1127 1222 355 71 dictionary
1518 1222 67 57 of
1622 1223 102 56 the
1763 1221 268 74 English

2068 1223 328 74 language,
483 1299 300 72 designed
807 1303 63 52 to
897 1299 140 72 give
1062 1299 103 57 the
1193 1299 448 72 orthography,
1668 1297 498 74 pronunciation,

482 1320 1895 129 meaning,
642 1381 123 57 and
798 1377 357 72 etymology
1185 1376 67 58 of
1285 1377 188 57 about
1506 1377 206 70 83,000
1741 1378 206 57 words
1982 1379 123 57 and
2136 1378 263 72 phrases

485 1455 64 56 in
589 1455 104 57 the
741 1455 222 70 speech
1008 1455 123 57 and
1172 1454 329 58 literature
1546 1455 66 57 of
1655 1455 105 57 the
1804 1454 601 75 English-speaking

485 1533 286 71 peoples;
822 1532 167 71 1,200
1040 1532 295 71 pictorial
1382 1532 450 71 illustrations;
1885 1532 305 74 abridged
2235 1533 169 58 from

486 1611 102 57 the
624 1611 181 55 Funk
838 1609 49 59 &
919 1610 326 71 Wagnalls
1281 1629 134 37 new
1452 1610 320 58 Standard
1807 1610 354 72 dictionary
2197 1611 68 59 of
2299 1611 105 58 the

489 1686 1916 75 English language, by James C. Fernald … New ed.,
489 1764 1847 75 augm. and carefully rev. by Frank H. Vizetelly …
481 1844 151 57 New
676 1843 175 57 York
897 1844 122 56 and
1065 1842 276 73 London,
1390 1842 182 56 Funk
1619 1843 48 56 &
1708 1841 327 74 Wagnalls
2083 1861 324 54 company,

488 1923 164 56 1927.

483 1999 88 49 viii,
606 1999 83 44 894
723 2014 39 38 p.
824 1998 115 45 illus.
998 1998 54 45 23
1058 1999 48 19 cm
1112 2032 10 10 .

487 2055 244 46 Published
765 2056 116 44 1926.

485 2114 210 43 Lettered
721 2129 56 28 on
804 2127 134 30 cover:
995 2112 135 44 Funk
1156 2112 38 44 &
1220 2111 239 54 Wagnalls
1489 2112 115 44 desk
1634 2110 227 48 Standard
1889 2111 269 55 dictionary.

487 2169 245 45 Published
768 2168 96 45 also
898 2171 141 44 under
1073 2168 122 45 title:
1233 2166 98 47 The
1365 2167 111 55 high
1510 2168 153 45 school
1701 2167 226 48 Standard
1963 2167 254 55 dictionary
2250 2167 51 45 of
2335 2168 75 45 the

418 2227 188 53 English
638 2229 233 50 language.

413 2283 54 53 ©
499 2285 99 43 Oct.
631 2283 65 51 25,
733 2283 129 51 1926;
895 2283 64 42 2c.
994 2283 86 42 and
1113 2283 78 42 aff.
1229 2283 100 43 Oct.
1361 2281 78 52 27;
1476 2282 44 42 A
1553 2281 188 53 949760;
1776 2281 132 44 Funk
1943 2283 36 43 &
2010 2281 240 53 Wagnalls
2285 2295 64 28 co.

493 2340 269 56 (26-19355)

421 2411 398 77 [Doubleday,
850 2414 152 56 Mrs.
1035 2410 199 59 Nellie
1267 2411 325 57 Blanchan
1630 2412 119 72 (De
1780 2409 237 77 Graff)]
2050 2411 358 59 1865-1918.

561 2487 1853 75 … Birds, selected from the writings of Neltje Blanchan
420 2565 1970 153 ipseud.] … forty-eight illustrations in full color. [Garden City, N. Y.]
993 2645 151 57 Pub.
1176 2646 84 71 by
1285 2645 384 71 Doubleday,
1699 2646 172 72 Page
1900 2644 49 59 &
1977 2663 307 54 company
2311 2643 106 58 for

420 2725 233 57 Nelson
683 2724 384 72 Doubleday,
1098 2723 137 71 inc.,
1269 2724 165 56 1926.

489 2801 78 51 xii,
595 2800 84 47 257
706 2817 39 38 p.
806 2802 82 43 col.
921 2800 154 52 front.,
1102 2801 83 44 col.
1214 2799 155 56 plates.
1429 2801 52 44 23½cm.
1647 2800 124 54 (The
1798 2807 162 39 nature
1987 2798 199 56 library)

492 2859 246 45 Published
770 2857 104 45 1917
904 2860 141 42 under
1072 2857 96 46 title:
1226 2858 134 44 Birds
1389 2857 150 45 worth
1567 2858 229 52 knowing.

420 2916 54 53 ©
502 2915 104 46 Feb.
637 2917 64 50 26,
736 2917 129 50 1926;
897 2916 62 43 2c.
992 2916 86 43 and
1106 2917 77 41 aff.
1216 2916 101 43 Oct.
1347 2913 78 54 27;
1456 2915 44 42 A
1532 2914 188 53 949816;
1755 2914 280 52 Doubleday,
2069 2915 127 51 Page
2225 2914 36 43 &
2291 2927 64 29 co.

498 2973 268 55 (26-19664)

424 3045 212 72 Dowd,
677 3045 266 72 Jerome,
985 3047 188 56 1864-

498 3122 1919 75 The negro in American life, by Jerome Dowd … New
421 3203 186 72 York,
636 3202 278 71 London,
943 3204 130 57 The
1105 3201 280 73 Century
1412 3220 86 40 co.
1531 3229 14 43 [
1545 3210 20 21 c
1569 3203 163 71 1926]

494 3282 93 48 xix,
617 3281 78 44 611
727 3295 40 35 p.
826 3279 54 43 22½
916 3282 46 17 cm
968 3315 8 8 .
1093 3278 123 52 $5.00

494 3338 124 44 “List
660 3339 52 42 of
756 3338 74 43 the
873 3334 223 53 principal
1139 3350 182 31 sources
1364 3339 110 43 used
1515 3337 45 44 in
1602 3336 73 45 the
1718 3336 288 52 preparation
2051 3337 52 44 of
2145 3337 75 43 the
2263 3335 151 47 text”:

422 3408 39 34 p.
495 3393 201 45 593-600.

425 3445 52 53 ©
509 3447 98 43 Oct.
635 3447 67 48 26,
733 3447 128 51 1926;
891 3447 63 42 2c.
985 3447 118 42 Nov.
1136 3447 17 40 1;
1213 3447 78 41 aff.
1324 3446 119 43 Nov.
1470 3447 51 51 2;
1552 3446 44 42 A
1624 3444 187 54 950759;
1844 3446 198 53 Century
2072 3462 65 28 co.

503 3502 269 56 (26-19485)

429 3573 253 73 Fagley,
726 3573 342 58 Frederick
1106 3575 66 57 L.

502 3653 229 57 Parish
765 3654 410 73 evangelism;
1209 3675 77 38 an
1319 3653 232 59 outline
1584 3658 66 57 of
1680 3678 36 37 a
1744 3659 214 70 year’s
1989 3674 317 55 program,
2337 3657 82 67 by

426 3730 1994 77 Frederick L. Fagley … introduction by Charles L. Goodell
494 3809 1928 76 … New York, Chicago [etc.] Fleming H. Revell company
429 3917 14 43 [
444 3895 20 21 c
467 3887 163 73 1926]
