2609 4293
0 0 0 0 110
507 323 220 72 Smith,
765 325 227 75 Young
1023 328 68 56 B.

583 415 195 58 Cases
809 435 79 39 on
920 418 103 56 the
1056 418 121 58 law
1209 420 67 55 of
1309 419 209 72 public
1548 421 264 60 utilities
1849 425 267 59 selected
2149 429 124 56 and
504 441 1964 115 annotated

503 492 1965 156 by Young B. Smith … and Noel T. Dowling … including
780 589 173 40 cases
985 574 124 55 and
1137 572 293 73 readings
1464 592 78 39 on
1562 578 169 54 rates
1754 576 267 59 selected
2039 581 121 56 and
2179 584 315 71 arranged

499 647 1969 155 by Robert L. Hale … [chapter 2] St. Paul, West publishing
764 742 322 57 company,
1119 727 166 57 1925.

571 810 1916 65 1 p. l., 117-337 p. 25 cm . (American casebook series, William Reynolds
495 868 169 54 Vance,
696 868 184 55 general
912 869 171 54 editor)

497 936 54 55 ©
580 939 117 44 Nov.
726 938 35 52 5,
795 937 129 54 1925;
952 940 65 42 2c.
1045 940 100 52 Jan.
1178 939 63 53 14,
1272 939 130 53 1926;
1434 940 78 44 aff.
1541 942 100 51 Jan.
1675 943 73 52 13;
1780 942 44 44 A
1854 941 188 56 875846;
2076 945 132 45 West
2236 947 100 51 pub.
2365 961 68 30 co.

561 1091 1902 157 … South eastern reporter digest. [Georgia ed.] Including
724 1189 173 39 cases
948 1171 297 71 reported
1291 1171 67 56 in
1403 1171 152 58 vols.
1606 1174 185 56 1-125
1845 1173 199 58 South
2095 1177 250 56 eastern
571 1192 1890 131 reporter,

853 1246 294 58 77*-159*
1197 1248 274 72 Georgia
1507 1253 287 68 reports;
1840 1253 148 55 1-33†
2071 1251 270 74 Georgia
570 1269 1891 132 appeals

790 1324 1697 78 and also … state reports … together with an
568 1401 425 75 index-digest
1045 1402 66 55 of
1162 1403 153 56 vols.
1374 1404 148 57 1-78
1578 1404 274 75 Georgia
1901 1408 123 55 and
2072 1406 417 76 preliminary

567 1479 1894 140 volumes … edited by the editorial staff of the American
732 1557 208 72 digest
989 1561 252 69 system,
1331 1577 57 38 v.
1443 1560 50 55 1.
1546 1559 751 60 Abandonment-Banks.
2394 1562 89 60 St.

565 1634 178 71 Paul,
774 1634 184 59 West
982 1634 367 74 publishing
1379 1653 107 56 co.,
1520 1638 167 55 1925.

557 1711 59 51 iii,
649 1709 119 54 1372,
798 1709 52 46 54
880 1725 41 39 p.
979 1710 56 44 26
1039 1713 47 18 cm
1093 1745 10 10 .

559 1769 213 45 Lettered
799 1785 58 31 on
881 1784 139 32 cover
1034 1785 10 30 :
1075 1770 103 52 Key
1202 1771 191 45 number
1418 1776 181 46 system.

486 1807 1995 75 © Sept. 23, 1 925; 2c. Jan. 14, 1926; aff. Jan. 13; A 875861; West pub. co.
564 1877 243 56 (26-2471)

489 1976 469 59 Southwestern
991 1980 302 71 reporter.

565 2069 202 57 Texas
797 2068 308 59 decisions
1135 2069 299 71 reported
1458 2069 69 58 in
1552 2070 104 57 the
1686 2069 469 61 Southwestern
2174 2074 306 71 reporter,

486 2142 1991 83 annotated, vols. 270 and 271. May to July, 1925 … St.
485 2223 175 72 Paul,
692 2224 181 58 West
900 2224 365 72 publishing
1295 2244 107 54 co.,
1437 2225 166 57 1925.

550 2299 199 44 Various
782 2299 205 55 pagings.
1045 2301 57 43 26
1105 2303 49 19 cm
1158 2336 9 10 .

482 2353 53 55 ©
566 2356 101 44 Oct.
703 2356 61 51 15,
798 2355 130 54 1925;
960 2357 65 43 2c.
1056 2358 99 52 Jan.
1191 2357 61 53 14,
1289 2357 130 53 1926;
1451 2357 81 44 aff.
1565 2358 99 52 Jan.
1700 2357 73 52 13;
1811 2358 44 43 A
1888 2356 190 54 875856;
2112 2359 132 43 West
2278 2358 100 52 pub.
2411 2372 65 30 co.

482 2467 268 74 Staples,
786 2469 246 58 Arthur
1065 2470 188 73 Gray,
1294 2471 190 58 1861-

555 2561 150 59 Just
741 2563 279 57 between
1052 2561 268 71 friends,
1353 2564 85 70 by
1473 2562 245 57 Arthur
1757 2561 69 59 G.
1868 2561 283 74 Staples;
2191 2580 37 38 a
478 2555 1975 147 collection

639 2637 68 57 of
734 2637 150 59 Just
913 2637 163 58 talks
1107 2657 67 39 as
1201 2637 335 74 published
1560 2636 66 58 in
1654 2637 104 59 the
1786 2655 370 56 newspaper
2188 2638 66 58 of
2281 2636 197 60 which

477 2718 104 60 the
611 2716 218 60 writer
857 2719 55 58 is
946 2716 505 62 editor-in-chief.
1537 2718 183 59 Some
1751 2719 192 59 beads
1976 2720 67 58 of
2073 2717 185 60 white
475 2731 1976 144 wampum,

671 2797 84 71 by
782 2795 192 73 Hugh
1003 2796 372 58 Pendexter.
1457 2795 310 73 Augusta,
1796 2797 141 71 Me.,
1968 2793 328 62 Katahdin
473 2791 1976 161 publishing

736 2889 324 56 company,
1091 2872 166 58 1925.

545 2944 1143 60 4 p. l., 15-190 p. incl. front. (port.) 16½cm.
546 3001 1103 59 “650 copies of this book … were printed.”
474 3060 52 55 ©
558 3063 108 42 Dec.
697 3063 68 51 20,
799 3059 130 54 1925;
964 3062 64 42 2c.
1061 3062 109 43 Dec.
1204 3062 77 52 28;
1318 3062 79 43 aff.
1429 3062 100 53 Jan.
1562 3060 39 54 7,
1637 3061 129 53 1926;
1802 3063 44 43 A
1880 3061 163 45 879267;
2103 3061 233 44 Katahdin
2368 3062 100 54 pub.

542 3134 66 28 co.
678 3117 242 57 (26-3280)

475 3214 264 75 Steiner,
773 3214 253 60 Rudolf.

471 3301 1973 149 Der orient im lichte des o ccidents; die kinder des Luzifer
602 3387 129 56 und
760 3385 98 58 die
887 3386 237 55 brüder
1155 3383 239 58 Christi
1429 3386 125 73 [1-9
1584 3387 267 71 vortrag]
1935 3383 532 73 Vortragszyklus

473 3463 291 73 gehalten
788 3462 68 57 in
881 3463 312 56 München
1217 3480 143 38 vom
1388 3463 87 55 23.
1506 3462 95 57 bis
1632 3464 88 54 31.
1753 3463 245 71 august,
2030 3461 164 72 1909,
2221 3480 127 37 von
2374 3463 90 57 dr.

471 3539 238 58 Rudolf
746 3538 268 60 Steiner.
1092 3537 201 60 Given
1332 3558 70 38 as
1439 3538 250 73 private
1728 3539 268 58 lectures
2035 3541 64 55 to
2139 3538 106 57 the
469 3550 1974 131 members

656 3618 68 56 of
765 3617 104 58 the
912 3615 620 75 Anthroposophical
1574 3617 235 72 society
1853 3617 160 70 only.
2139 3614 326 76 [Dornach,

469 3694 481 71 Phil-anthroposophischer
1355 3693 236 74 verlag,
1629 3695 164 73 1925]

535 3773 25 43 9
591 3778 83 44 pts.
733 3771 56 43 28
794 3773 47 19 cm
847 3807 8 8 .

467 3817 1974 126 © Dec. 15, 1925; 1c. Jan. 4, 1926; A—Foreign 30079; Philosophischanthroposophischer verlag.
