2542 4285
1148 4010 150 58 1379

204 472 1980 86 Frank H. Cheley … Boston, W. A. Wilde company
240 566 163 72 [ c 1926]
273 651 606 55 3 p. 1., [9]—154 p. 17 cm .
203 722 53 53 ©
286 722 118 52 Sept.
437 719 64 53 15,
532 718 126 48 1926;
690 720 62 42 2c.
782 718 86 43 and
895 717 78 43 aff.
1005 717 117 43 Nov.
1153 716 76 51 22;
1262 716 42 41 A
1335 712 188 54 957186;
1553 713 74 44 W.
1657 713 56 42 A.
1742 710 154 46 Wilde
1925 725 64 29 co.

282 777 266 55 (26-21743)

207 876 331 72 Cochrane,
578 875 191 58 Clark
801 875 68 56 B.

277 968 221 58 Voices
527 969 66 58 of
620 969 101 57 the
750 965 245 69 granite
1023 964 163 71 hills,
1213 966 82 70 by
1323 962 188 60 Clark
1534 963 71 55 B.
1636 960 334 61 Cochrane.
202 960 1962 158 Boston,

363 1040 1418 77 The Cornhill publishing company [ c 1926]
273 1135 604 53 5 p. l., 3-104 p. 22½ cm .
275 1206 246 45 Published
554 1206 104 45 1918
689 1205 142 43 under
860 1204 123 45 title:
1018 1202 147 53 Songs
1198 1204 120 43 from
1349 1203 75 44 the
1453 1200 177 52 granite
1657 1201 117 44 hills.

204 1261 53 53 ©
288 1261 100 44 Oct.
417 1260 66 51 26,
516 1258 104 45 1926
635 1274 8 36 ;
672 1258 64 44 2c.
770 1259 118 42 Nov.
923 1257 72 51 10;
1030 1257 78 43 aff.
1142 1258 118 42 Nov.
1290 1255 78 53 27;
1402 1256 44 42 A
1477 1254 188 54 957318;
1701 1253 204 46 Cornhill
1936 1254 101 53 pub.
2070 1268 64 29 co.

282 1317 266 55 (26-21773)

210 1417 295 72 Coghlan,
547 1415 159 58 Lida
746 1414 280 69 Lavinia,
1075 1416 187 57 1860-

289 1508 127 56 The
444 1506 191 58 house
666 1505 67 58 of
761 1508 301 68 mystery,
1089 1505 82 69 by
1201 1503 158 57 Lida
1387 1504 67 56 L.
1491 1501 293 74 Coghlan.
1864 1502 88 58 St.
1989 1502 208 70 Louis,

211 1585 140 73 Mo.,
387 1586 123 57 and
543 1584 274 72 London,
854 1583 70 58 B.
960 1582 250 59 Herder
1246 1581 157 57 book
1438 1599 106 49 co.,
1580 1581 163 56 1926.

279 1661 93 53 viii,
400 1659 82 46 272
510 1676 37 38 p.
610 1662 52 44 19
666 1662 46 17 cm
720 1696 8 8 .

205 1717 56 53 ©
293 1719 117 42 Nov.
442 1718 65 50 27,
545 1716 127 54 1926;
706 1717 63 43 2c.
799 1716 89 44 and
918 1717 79 42 aff.
1032 1715 117 45 Nov.
1182 1715 77 51 29;
1295 1715 44 42 A
1371 1712 189 54 957309;
1599 1714 49 43 B.
1683 1713 181 44 Herder
1897 1712 118 45 book
2046 1727 64 28 co.

287 1773 267 56 (26-21896)

212 1874 274 71 Colman,
521 1873 264 59 Marion.

286 1964 190 60 Rules
516 1967 67 57 of
619 1963 111 60 life
771 1965 104 57 for
914 1965 152 72 boys
1110 1966 122 56 and
1272 1963 186 72 girls:
1496 1963 319 72 week-day
1853 1962 241 59 lessons
2135 1960 66 58 in

211 2038 1863 78 religion (junior grades) by Marion Colman … with
210 2036 1968 236 introduction by Walter Scott Athearn … New York, Chicago
401 2200 144 72 [etc.]
583 2197 287 75 Fleming
903 2198 78 56 H.
1019 2197 216 58 Revell
1271 2213 304 58 company
1615 2226 12 43 [
1628 2204 18 21 c
1650 2197 165 72 1926]

281 2276 551 52 2 p. l., 235 p. 19½ cm .
209 2330 58 54 ©
294 2334 118 42 Nov.
436 2332 70 51 20,
537 2330 129 54 1926;
694 2331 65 43 2c.
789 2331 87 43 and
904 2331 79 43 aff.
1012 2330 122 45 Nov.
1162 2329 78 52 30;
1271 2330 45 42 A
1344 2327 190 55 958144;
1566 2328 207 54 Fleming
1803 2330 60 43 H.
1897 2329 158 45 Revell
2081 2343 66 29 co.

291 2388 269 55 (26-21877)

218 2487 262 69 Conrad,
522 2487 308 59 Arcturus
872 2486 47 57 Z
1235 2490 188 55 1855-

294 2575 1911 80 Comrades of the Carpenter, by A. Z. Conrad … New
215 2660 187 70 York,
442 2657 268 76 Chicago
751 2661 145 71 [etc.]
935 2658 287 74 Fleming
1255 2659 79 57 H.
1371 2659 215 59 Revell
1622 2678 304 53 company
1965 2688 11 42 [
1978 2668 19 20 c
2001 2660 163 70 1926]

289 2739 78 45 186
400 2753 40 35 p.
504 2739 49 44 19½
586 2739 47 20 cm
638 2772 9 9 .

217 2790 55 55 ©
299 2793 118 43 Nov.
444 2792 66 49 20,
543 2791 127 53 1926;
698 2791 66 44 2c.
792 2791 88 43 and
907 2791 80 43 aff.
1017 2791 120 44 Nov.
1165 2791 78 52 30;
1275 2791 45 42 A
1345 2788 190 54 958141;
1568 2790 207 54 Fleming
1805 2792 62 43 H.
1900 2791 157 45 Revell
2086 2805 64 29 co.

297 2849 267 54 (26-21880)

223 2949 239 72 Corpus
491 2947 180 75 juris,
703 2948 187 73 being
920 2968 38 37 a
988 2949 301 72 complete
1324 2951 120 55 and
1481 2949 360 73 systematic
1875 2951 333 57 statement

299 3027 66 56 of
391 3027 105 56 the
521 3026 193 59 whole
744 3027 165 72 body
937 3027 67 57 of
1030 3027 104 58 the
1162 3027 120 56 law
1309 3047 69 37 as
1410 3028 322 58 embodied
1760 3027 68 57 in
1856 3028 123 58 and
300 3026 1886 150 developed

490 3105 82 71 by
604 3105 83 57 all
721 3106 296 69 reported
1052 3105 327 58 decisions.
1454 3105 114 59 Ed.
1604 3106 81 70 by
1717 3104 277 58 William
2032 3106 182 56 Mack

299 3178 1889 154 … and Donald J. Kiser … v. 41. [Money lent to Mortgages.
582 3259 316 75 §§1-1503]
973 3260 152 58 New
1154 3261 191 73 York,
1380 3259 128 60 The
1547 3261 327 57 American
1907 3261 120 58 law
2055 3261 159 57 book

301 3357 105 53 co.,
439 3339 163 56 1926.

292 3414 1081 57 3 p. l., v-x, 1036 p. front. (port.) 26 cm .
226 3470 53 53 ©
311 3472 100 44 Oct.
442 3472 67 52 29,
544 3471 127 54 1926;
706 3472 62 43 2c.
799 3473 87 43 and
918 3474 78 42 aff.
1032 3473 118 45 Nov.
1184 3473 76 52 30;
1296 3473 44 42 A
1372 3471 188 55 958153;
1598 3474 245 43 American
1876 3474 88 45 law
1995 3474 120 44 book
2147 3489 65 29 co.

232 3586 211 72 Corra,
480 3587 229 57 Bruno.

370 3674 1846 86 … Il toro, romanzo d’avventure e d ’amore del tempo
227 3749 1308 84 dei Borgia. Milano, Sonzogno [ c 1925]
295 3832 456 52 221 p. 20 × 15 cm .
229 3881 1933 65 © Dec. 30, 1925; 1c. July 1, 1926; A—Foreign 31466; B. Corra, Milano.
308 3943 268 56 (26-21108)
