2542 4285
1359 4026 150 57 1536

499 483 143 41 “This
672 484 147 47 study
847 494 101 30 was
977 483 109 40 first
1114 483 265 40 submitted
1408 483 51 39 in
1488 482 182 49 partial
1697 482 285 40 fulfillment
2013 480 52 41 of
2094 482 84 39 the

423 480 1978 100 requirements
605 540 81 40 for
712 540 83 40 the
820 541 173 46 degree
1018 539 52 40 of
1095 540 168 39 doctor
1290 540 52 39 of
1369 538 288 49 philosophy
1685 541 51 37 at

1764 539 84 39 the
1875 537 283 48 University
2186 537 52 40 of
423 538 1975 105 Pennsylvania.
723 595 285 41 Additional
1040 594 229 41 material
1304 595 90 40 has

1427 595 133 40 since
1594 595 119 39 been
1745 594 341 48 incorporated
2121 594 96 40 and
2252 593 42 41 it
2327 594 91 39 has

423 651 118 41 been
564 651 336 48 considerably
925 652 217 47 changed
1165 651 51 40 in
1238 650 367 41 form.”—Pref.

497 721 375 48 Bibliography:
900 732 44 37 p.
973 719 248 51 [365]-389.

429 772 52 52 ©
512 779 112 38 Dec.
653 778 69 47 18,
754 777 141 41 1926;
928 778 68 39 2c.
1028 778 112 39 Dec.
1172 777 82 47 21;
1289 776 82 41 aff.
1405 778 112 38 Dec.
1549 777 82 46 23;
1666 776 42 39 A
1737 776 200 47 958458;
1973 777 141 38 Duke
2147 775 273 48 university

495 843 149 37 press.
715 833 222 49 (27-584)

425 926 333 65 Sophocles.

553 1002 1868 71 … Le Tragedie … con incisioni di A. de Carolis. Bologna,
422 1083 71 53 N.
521 1082 312 54 Zanichelli
866 1084 172 65 [1926]

496 1164 28 40 3
546 1174 43 30 v.
651 1163 56 39 21
709 1165 45 22 cm
759 1195 9 8 .
841 1162 301 50 (Half-title:
1167 1164 22 39 I
1216 1163 130 48 poeti
1371 1163 130 48 greci
1527 1163 208 40 tradotti
1761 1164 60 39 da
1849 1163 54 40 E.
1929 1162 312 48 Romagnoli)

500 1219 61 41 At
584 1221 125 39 head
734 1220 52 40 of
808 1219 136 40 title:
975 1219 204 41 Sofocle.

498 1277 289 39 Illustrated
812 1275 290 48 half-titles;
1130 1276 126 39 head
1281 1276 96 39 and
1402 1276 91 39 tail
1518 1275 171 49 pieces.

853 1331 1570 50 CONTENTS.— [I] Aiace. Filottete. — [II] Edipo re. Edipo a Colono.
425 1387 406 50 Antigone.—[III]
868 1389 206 40 Elettra.
1137 1389 67 39 Le
1236 1388 275 41 Trachinie.
1577 1389 24 38 I
1637 1388 145 40 satiri
1815 1388 98 40 alla
1950 1388 176 40 caccia.

426 1438 1999 54 © Oct. 1, 1926; 1c. each Nov. 5; A—Foreign 32148-32150: Casa editrice
497 1500 55 41 N.
584 1500 281 41 Zanichelli.
936 1500 222 49 (27-443)

491 1595 1737 69 … South eastern reporter digest. [North Carolina ed.]
500 1596 1898 144 Including
763 1691 150 34 cases
940 1674 267 66 reported
1234 1674 61 50 in
1323 1691 137 34 vols.
1492 1677 167 48 1-125
1690 1673 184 54 South
1900 1679 220 47 eastern
2149 1678 273 63 reporter,

501 1749 1861 70 96-188 North Carolina reports and also … state reports …
501 1828 259 68 together
791 1828 142 52 with
965 1847 72 33 an
1067 1828 387 69 index-digest
1486 1828 65 53 of
1579 1848 137 34 vols.
1751 1833 133 48 1-95
1914 1829 190 52 North
2135 1829 286 54 Carolina,

499 1925 50 33 v.
581 1905 48 54 7.
662 1906 500 69 Larceny-Naked
1192 1913 164 46 trust.
1426 1907 213 53 Edited
1669 1907 76 69 by
1774 1908 96 51 the
1900 1907 267 53 editorial
2197 1906 134 54 staff
2361 1906 65 54 of

501 1984 95 52 the
625 1982 308 55 American
961 1985 186 68 digest
1176 1989 224 63 system.
1469 1984 83 55 St.
1581 1986 166 67 Paul,
1775 1986 160 53 West
1963 1985 336 69 publishing
2328 2004 97 49 co.,

502 2064 148 50 1926.

498 2143 68 48 iii,
595 2142 274 50 8199-9621,
897 2144 205 41 347-384
1128 2156 44 37 p.
1232 2145 56 40 26
1291 2147 44 21 cm
1341 2178 8 7 .

430 2193 53 54 ©
512 2199 101 41 Oct.
640 2199 70 49 25,
740 2200 141 48 1926;
913 2201 67 40 2c.
1010 2203 113 38 Dec.
1153 2201 82 47 16;
1267 2201 83 41 aff.
1380 2204 113 38 Dec.
1523 2200 83 49 15;
1638 2201 42 39 A
1708 2200 200 49 958354;
1943 2202 136 39 West
2106 2202 110 47 pub.
2246 2212 69 29 co.

429 2307 193 64 Spyri,
650 2309 160 53 Frau
836 2309 276 54 Johanna
1148 2310 325 64 (Heusser)
1512 2309 326 55 1827-1901.

501 2386 1924 72 Uncle Titus in the country, by Johanna Spyri … translated
431 2464 75 69 by
553 2465 259 54 Clement
855 2465 90 55 W.
996 2466 267 69 Coumbe,
1308 2467 327 53 illustrated
1679 2467 77 69 by
1802 2467 249 54 Frances
2097 2468 327 69 Brundage.

432 2543 219 68 Akron,
704 2544 86 67 O.,
842 2545 139 52 New
1031 2545 181 68 York,
1263 2546 121 53 The
1437 2546 272 55 Saalfield
1759 2546 337 70 publishing
2146 2564 281 52 company

436 2656 13 34 [
453 2629 19 21 c
476 2626 151 63 1926]

502 2707 86 40 245
620 2718 43 37 p.
696 2707 110 41 incl.
838 2708 164 48 front.,
1036 2708 130 41 illus.
1228 2708 57 40 18½
1316 2709 47 22 cm
1366 2740 9 9 .
1449 2708 299 49 (Half-title:
1781 2711 160 46 Every
1975 2709 170 40 child’s
2177 2708 212 49 library)

504 2764 114 41 Also
647 2766 277 39 translated
950 2766 156 39 under
1134 2765 136 41 title:
1300 2766 152 40 Uncle
1479 2766 155 40 Titus.

431 2813 1999 56 © Oct. 11, 1926; 2c. Dec. 29; aff. Dec. 30; A 957891; Saalfield pub. co.
512 2875 222 49 (27-334)

431 2970 347 63 Stevenson,
813 2971 223 53 Robert
1070 2971 198 63 Louis,
1305 2975 326 50 1850-1894.

507 3049 120 53 The
659 3049 168 53 black
860 3069 212 36 arrow:
1110 3069 31 33 a
1176 3051 114 52 tale
1324 3049 65 54 of
1420 3051 96 52 the
1550 3055 111 49 two
1695 3069 168 50 roses,
1896 3051 77 69 by
2005 3051 216 53 Robert
2255 3051 176 53 Louis

436 3125 339 69 Stevenson;
807 3128 328 53 illustrated
1160 3129 75 68 by
1262 3129 247 53 Frances
1538 3129 327 70 Brundage.
1927 3128 222 69 Akron,
2176 3128 88 69 O.,
2289 3129 140 54 New

434 3205 1549 71 York, The Saalfield publishing company [ c 1926]
506 3290 26 40 1
558 3302 44 37 p.
666 3322 9 16 l.,
705 3290 175 41 11-254
906 3302 43 37 p.
1011 3290 165 49 front.,
1205 3291 131 41 illus.
1398 3291 57 41 19
1457 3293 46 22 cm
1506 3323 9 9 .

434 3339 57 54 ©
517 3346 116 46 July
660 3346 68 47 12,
758 3344 142 49 1926;
930 3346 67 40 2c.
1028 3348 112 38 Dec.
1170 3345 83 48 29;
1285 3346 82 41 aff.
1398 3348 112 38 Dec.
1539 3345 83 48 30;
1653 3346 41 39 A
1723 3346 200 48 957881;
1960 3346 230 41 Saalfield
2219 3347 109 47 pub.
2360 3358 72 37 co.

515 3399 222 50 (27-329)

433 3495 281 63 Sullivan,
752 3495 247 55 Charles
1034 3496 36 53 J
1380 3500 171 49 1889-
1705 3515 178 52 comp.

508 3573 186 69 Army
728 3579 156 63 posts
918 3576 45 50 &
996 3581 210 61 towns;
1242 3576 97 52 the
1376 3575 292 53 Baedeker
1703 3575 67 53 of
1801 3576 98 53 the
1934 3594 179 50 army,
2148 3576 282 68 compiled

440 3652 1990 70 and published by Charles J. Sullivan … Burlington, Free
439 3748 155 50 press
628 3730 264 70 printing
924 3749 298 50 company,
1257 3734 150 50 1926.

513 3812 86 41 255
625 3824 45 37 p.
731 3812 56 41 23½c
836 3815 30 21 m
868 3844 10 10 .

439 3862 53 53 ©
520 3869 112 40 Dec.
660 3869 68 48 13,
759 3868 142 48 1926;
932 3869 68 40 2c.
1030 3870 96 39 and
1155 3869 83 40 aff.
1268 3872 114 38 Dec.
1411 3870 82 46 16;
1526 3869 42 39 A
1597 3869 199 48 958381;
1830 3869 50 42 G.
1910 3870 44 41 J.
1988 3869 235 47 Sullivan,
507 3870 1909 102 Plattsburg

656 3925 259 49 Barracks,
943 3926 57 41 N.
1029 3925 44 42 J.
1142 3925 224 49 (27-692)
