2609 4293
1029 3969 111 56 129

88 350 452 70 Abercrombie,
579 348 323 71 Lascelles,
941 352 187 56 1881-

165 440 128 57 The
322 439 223 72 theory
574 440 65 56 of
667 443 241 69 poetry,
937 439 83 72 by
1047 439 309 59 Lascelles
1385 440 461 59 Abercrombie.
1916 443 149 56 New

87 516 1461 70 York, Harcourt, Brace and company [ c 1926]
160 593 555 54 1 p. l., 5-338 p. 21 cm .
158 651 124 44 “The
307 650 158 53 theory
492 650 50 45 of
569 657 158 46 poetry
753 651 189 43 consists
972 650 50 45 of
1049 649 148 55 public
1224 650 191 44 lectures
1446 652 132 52 given
1609 652 44 43 in
1682 652 74 44 the
1782 652 282 45 universities

89 708 51 44 of
163 707 240 52 Liverpool
428 708 87 42 and
538 706 50 44 of
613 707 168 52 Leeds;
808 706 99 44 The
932 707 96 43 idea
1054 707 51 44 of
1128 714 129 45 great
1283 715 157 45 poetry
1461 707 53 44 of
1537 706 73 45 the
1639 707 138 44 Clark
1801 709 191 43 lectures
2023 710 41 43 in

87 764 181 52 Trinity
298 763 180 52 college,
515 762 281 52 Cambridge,
832 764 173 42 revised
1038 764 89 42 and
1157 764 252 43 condensed
1441 773 45 35 to
1520 764 87 43 suit
1638 763 75 44 the
1746 764 320 51 requirements

93 820 51 44 of
171 820 75 44 the
275 818 184 45 Ballard
488 818 222 44 Mathews
744 818 188 44 lectures
963 818 45 44 in
1038 818 74 44 the
1143 818 264 54 University
1438 819 170 53 college
1639 820 51 45 of
1720 820 150 43 North
1902 821 170 52 Wales,

96 875 406 54 Bangor.”—Pref.

423 930 165 44 CONTENTS.—The
617 930 160 53 theory
803 931 52 43 of
883 928 329 54 poetry.—The
1243 931 97 44 idea
1369 931 51 45 of
1449 939 128 45 great
1604 940 169 45 poetry.

88 987 52 53 ©
171 989 98 51 Jan.
305 988 62 51 14,
401 987 107 44 1926
521 1002 8 36 ;
564 987 63 43 2c.
659 988 87 42 and
774 987 78 43 aff.
886 986 106 45 Feb.
1023 988 49 51 9;
1109 987 44 42 A
1184 985 188 54 879516;
1410 989 248 51 Harcourt,
1695 991 146 41 Brace
1868 991 90 42 and
1989 1005 81 36 co.,

157 1046 81 42 inc.
307 1043 240 55 (26-4012)

85 1127 335 57 American
449 1126 140 58 iron
620 1127 127 57 and
778 1126 150 58 steel
962 1125 305 59 institute.

163 1217 1911 74 Year book … 1925. May meeting, New York, October
86 1295 289 73 meeting,
405 1297 151 55 New
581 1294 188 58 York.
838 1296 149 55 New
1013 1295 190 70 York,
1233 1294 335 58 American
1597 1297 141 56 iron
1766 1298 122 56 and
1920 1299 154 55 steel

85 1373 286 57 institute
407 1374 180 73 [1925]

154 1448 80 45 436
266 1463 39 39 p.
365 1449 127 52 illus.,
528 1449 153 52 plates,
714 1449 155 52 tables,
904 1447 165 55 diagrs.
1097 1448 127 54 (part
1257 1448 135 55 fold.)
1458 1448 55 45 24½
1547 1451 47 17 cm
1600 1486 8 7 .

85 1504 52 54 ©
168 1507 107 43 Dec.
307 1508 64 48 31,
406 1504 127 54 1925;
564 1507 65 42 2c.
659 1507 98 51 Jan.
783 1506 69 52 23,
886 1505 128 53 1926;
1048 1507 79 42 aff.
1160 1507 99 51 Jan.
1289 1506 77 52 22;
1399 1506 44 42 A
1472 1506 188 52 883003;
1695 1506 244 44 American
1973 1505 99 45 iron

154 1563 88 43 and
271 1563 108 43 steel
412 1562 215 44 institute.

84 1645 193 73 Amy,
320 1646 219 73 Henry
576 1645 346 72 Vinecome,
966 1648 188 57 1868-

162 1735 1910 75 Principles of pharmacy, by Henry V. Amy … 3d ed.,
87 1830 144 55 rev.,
274 1813 151 58 with
469 1814 108 57 289
620 1813 438 58 illustrations.
1143 1813 440 72 Philadelphia
1628 1814 122 57 and
1794 1814 278 73 London,

84 1890 95 59 W.
214 1890 71 58 B.
322 1889 317 59 Saunders
676 1907 321 56 company,
1032 1891 166 57 1926.

158 1965 105 45 1078
293 1982 40 37 p.
392 1966 117 44 illus.
567 1966 53 45 23½
655 1969 48 19 cm
708 2002 8 9 .

157 2022 125 45 “List
309 2021 51 47 of
389 2022 232 45 reference
649 2022 195 46 books”:
875 2036 41 40 p.
950 2020 158 55 15-16;
1143 2021 327 55 Bibliography
1500 2029 47 38 at
1576 2022 85 45 end
1690 2021 51 47 of
1771 2029 118 38 most
1919 2023 49 45 of
1999 2021 73 46 the

85 2079 221 52 chapters.

84 2134 55 53 ©
167 2135 106 45 Feb.
301 2136 36 51 4,
370 2135 128 53 1926;
526 2136 66 43 2c.
623 2135 105 44 Feb.
761 2137 73 50 11;
864 2136 78 43 aff.
972 2134 109 45 Feb.
1112 2133 72 54 15;
1214 2136 44 42 A
1287 2135 187 51 883283;
1505 2135 76 45 W.
1613 2135 50 42 B.
1695 2133 225 48 Saunders
1951 2150 64 28 co.

164 2190 241 56 (26-4256)

83 2275 447 74 Artsybashev,
567 2275 268 58 Mikhail
870 2275 349 72 Petrovich,
1259 2278 189 56 1878-

229 2364 1845 74 … Sanine, translated by Percy Pinkerton, preface by
86 2442 233 60 Ernest
348 2443 197 69 Boyd.
615 2443 151 58 New
793 2443 190 69 York,
1016 2443 130 59 The
1175 2443 234 69 Viking
1439 2462 199 50 press,
1672 2444 166 56 1926.

156 2521 589 56 ix p., 1 l., 327 p. 21 cm .
155 2581 64 42 At
242 2579 113 45 head
377 2580 51 44 of
450 2580 121 44 title:
598 2581 199 44 Michael
825 2579 242 45 Petrovich
1092 2578 315 46 Artzibashev.

155 2636 345 53 “Twenty-first
527 2636 199 54 printing
760 2637 122 54 (new
908 2635 191 55 edition)
1137 2635 144 46 1926.”

88 2691 1987 55 © Jan. 25, 1926; 1c. Feb. 1; 1c. Feb. 10; aff. Jan. 30; A 879555; Viking
157 2764 138 38 press,
329 2750 82 43 inc.
479 2749 241 55 (26-4061)

85 2832 306 72 Barrows,
431 2833 204 58 Anna.

162 2926 102 56 An
304 2924 232 60 outline
582 2945 78 39 on
703 2926 103 59 the
847 2924 247 75 history
1137 2926 67 57 of
1246 2925 282 72 cookery,
1568 2926 83 71 by
1693 2927 183 56 Anna
87 2924 1963 138 Barrows

289 3001 1781 75 and Bertha E. Shapleigh … assisted by Anne D.
87 3078 1958 153 Blitz … Rev. ed., 1925. New York city, Teachers college,
272 3157 321 60 Columbia
620 3156 370 75 university,
1020 3160 165 55 1925.

155 3237 55 44 32
234 3251 41 37 p.
333 3236 55 45 23
393 3240 46 18 cm
447 3273 9 9 .
524 3236 270 52 (Technical
819 3235 238 48 education
1084 3234 203 54 bulletin,
1313 3251 73 30 no.
1414 3235 80 53 28)

157 3293 350 52 Bibliography:
534 3307 43 38 p.
601 3291 150 49 25-32.

87 3345 54 54 ©
177 3348 98 52 Jan.
317 3349 62 50 19,
421 3346 129 54 1926;
589 3348 64 42 2c.
690 3349 100 51 Jan.
828 3348 78 51 23;
945 3347 77 43 aff.
1059 3348 98 51 Jan.
1196 3345 77 53 25;
1314 3347 42 42 A
1396 3346 188 53 883008;
1625 3346 225 45 Teachers
1891 3347 185 54 college,

160 3403 235 45 Columbia
432 3404 259 52 university.
760 3402 241 55 (26-3953)

90 3485 388 71 Baudelaire,
519 3486 256 59 Charles
810 3486 231 72 Pierre,
1081 3488 355 58 1821-1867.

165 3564 118 59 Les
335 3563 186 59 fleurs
574 3565 84 57 du
708 3565 156 70 mal;
918 3564 103 57 the
1073 3563 301 72 complete
1425 3582 213 53 poems
1693 3564 68 58 of
1814 3563 258 60 Charles

87 3641 395 73 Baudelaire,
529 3643 351 57 translated
926 3643 83 70 by
1055 3641 201 58 Lewis
1305 3641 226 73 Piaget
1581 3641 261 59 Shanks.
1925 3643 151 57 New

87 3719 188 73 York,
300 3721 80 57 H.
407 3719 153 60 Holt
588 3721 122 56 and
736 3738 306 53 company
1070 3749 12 43 [
1085 3727 19 22 c
1107 3720 163 72 1926]

159 3798 647 56 xiii p., 1 l., 277 p. 20½ cm .
90 3854 52 53 ©
175 3857 97 51 Jan.
306 3854 37 53 5,
377 3856 129 51 1926;
539 3856 66 42 2c.
637 3854 106 45 Feb.
777 3855 48 52 6;
859 3855 78 43 aff.
971 3853 106 45 Feb.
1108 3854 48 51 8;
1191 3854 42 42 A
1269 3854 187 52 883184;
1491 3855 161 53 Henry
1687 3854 115 45 Holt
1835 3857 88 42 and
1955 3871 66 28 co.

0 0 0 0 (26-4200)
