2542 4285
1058 3985 109 55 201

103 346 375 74 Lippincott,
518 345 253 60 Charles
808 345 273 70 Seward,
1122 345 89 58 ed.

183 439 301 70 Masonry
527 436 259 70 defined,
834 455 36 37 a
913 434 222 58 liberal
1178 433 277 60 masonic
1502 433 345 73 education,
107 434 1955 139 information
397 532 187 53 every
634 530 219 39 mason
908 512 220 57 should
1177 512 177 69 have,
1408 509 302 73 compiled
1762 513 168 57 from
1981 513 103 57 the

105 590 284 73 writings
429 592 68 57 of
532 591 106 57 Dr.
676 590 222 57 Albert
937 588 70 59 G.
1045 588 279 71 Mackey,
1363 588 124 68 33°,
1526 587 122 59 and
1682 607 191 52 many
1910 589 176 57 other

107 669 268 58 eminent
421 664 388 72 authorities,
855 667 313 70 arranged
1209 666 84 70 by
1338 665 64 59 C.
1451 665 60 59 S.
1557 662 379 74 Lippincott,
1982 665 100 55 33°

125 747 138 70 [and]
295 745 73 57 E.
398 745 72 57 R.
500 743 331 70 Johnston,
860 742 122 57 32°.
1054 742 106 58 7th
1191 744 90 57 ed.
1353 739 329 73 Memphis,
1715 743 212 68 Tenn.,
107 742 1957 139 Masonic
306 822 228 72 supply
559 840 104 54 co.,
694 821 164 56 1926.

178 899 84 45 402
287 914 41 37 p.
386 900 56 43 26
447 902 48 18 cm
499 934 10 9 .

104 952 54 54 ©
189 953 105 44 Feb.
325 954 37 51 9,
399 953 104 43 1926;
558 952 65 44 2c.
655 952 86 42 and
774 951 80 42 aff.
889 950 119 43 Mar.
1037 952 26 43 8;
1122 950 43 42 A
1197 947 166 46 879777;
1423 950 207 43 Masonic
1663 949 157 53 supply
1853 963 65 30 co.

184 1009 240 54 (26-6001)

105 1092 216 74 Lloyd,
357 1092 147 58 Ann
539 1090 251 74 Gladys,
830 1093 187 56 1889-

182 1182 390 59 Graduation
600 1181 174 72 days,
802 1179 251 57 written
1081 1180 123 56 and
1233 1179 313 71 arranged
1574 1180 82 71 by
1684 1179 144 56 Ann
1857 1178 235 74 Gladys

104 1260 229 71 Lloyd;
397 1258 358 57 illustrated
820 1258 83 70 by
968 1256 241 72 George
1278 1255 243 59 Gustin.
1622 1256 312 72 Lebanon,
2003 1256 89 70 O.,

105 1337 219 58 March
351 1336 288 59 brothers
674 1365 13 43 [
687 1344 20 21 c
711 1336 164 71 1926]

175 1413 92 51 367,
301 1431 10 30 [1]
385 1429 39 38 p.
454 1414 97 43 incl.
580 1413 151 49 front.,
760 1411 116 44 illus.
935 1411 53 43 20½cm.

105 1470 55 53 ©
184 1471 105 44 Feb.
314 1469 67 53 25,
408 1470 129 52 1926;
562 1470 65 42 2c.
653 1470 120 42 Mar.
797 1469 51 51 4;
877 1469 78 42 aff.
982 1469 119 42 Mar.
1127 1468 49 50 3;
1206 1468 44 41 A
1275 1466 190 53 879739;
1498 1467 161 44 March
1686 1467 119 44 bros.

185 1526 241 55 (26-5726)

107 1609 191 72 Long,
339 1608 214 58 Frank
588 1607 300 72 Belknap,
924 1607 79 72 jr.

186 1703 59 56 A
267 1718 145 39 man
436 1702 168 56 from
629 1699 230 70 Genoa,
884 1701 123 56 and
1032 1698 178 59 other
1233 1718 214 53 poems
1471 1701 84 70 by
1577 1698 214 59 Frank
1813 1699 282 73 Belknap

110 1780 195 72 Long,
346 1778 101 72 jr.,
487 1776 150 59 with
678 1798 36 37 a
756 1776 255 74 preface
1053 1779 83 70 by
1180 1775 250 60 Samuel
1473 1778 331 56 Loveman.
1885 1776 209 65 Athol,

111 1857 211 72 Mass.,
350 1855 95 61 W.
478 1856 68 57 P.
579 1854 183 74 Cook,
793 1855 166 56 1926.

178 1934 50 45 31
259 1948 41 38 p.
359 1934 56 45 20½cm.

109 1986 54 54 ©
187 1989 99 52 Jan.
310 1987 67 52 25,
405 1988 129 51 1926;
558 1987 63 43 2c.
646 1986 87 44 and
758 1986 79 43 aff.
863 1986 107 43 Feb.
995 1986 79 52 23;
1101 1986 43 42 A
1170 1985 187 53 883422;
1385 1984 50 45 F.
1465 1986 51 43 B.
1543 1986 141 53 Long,
1710 1986 72 53 jr.,
1811 1987 118 43 New
1954 1987 143 44 York.

187 2042 242 57 (26-5658)

108 2126 333 70 MacBean,
487 2125 281 60 William
807 2126 85 57 M.

185 2215 446 74 Biographical
659 2215 272 72 register
960 2215 68 57 of
1057 2214 181 59 Saint
1268 2215 333 58 Andrew’s
1634 2216 237 72 society
1898 2217 68 56 of
1995 2218 102 57 the

112 2297 163 55 state
316 2294 67 57 of
424 2294 150 57 New
610 2292 189 58 York.
879 2312 56 38 v.
981 2295 50 54 2.
1116 2295 357 55 1807-1856.
1553 2294 98 72 By
1690 2294 279 58 William
2013 2295 82 57 M.

111 2372 334 70 MacBean,
550 2417 9 10 LL.
628 2417 9 10 D.
704 2371 151 57 New
880 2370 189 71 York,
1096 2370 265 58 Printed
1388 2371 103 57 for
1518 2372 103 57 the
1649 2372 251 72 society,
1932 2373 164 56 1925.

179 2446 941 54 3 p. l., 325 p. front. (port.) 27 cm .
182 2503 137 44 “This
349 2503 167 44 edition
540 2504 38 43 is
605 2502 173 45 limited
805 2510 48 37 to
883 2503 106 44 four
1015 2503 203 43 hundred
1247 2502 192 53 copies.”

112 2559 52 53 ©
193 2561 107 43 Dec.
325 2560 65 51 28,
423 2558 127 54 1925;
576 2560 64 43 2c.
668 2559 106 44 Feb.
806 2559 63 52 19,
901 2559 128 52 1926;
1059 2560 79 43 aff.
1168 2559 107 44 Feb.
1303 2559 78 53 27;
1413 2560 43 42 A
1484 2558 188 54 883658;
1705 2560 127 47 Saint
1861 2561 238 44 Andrew’s

182 2616 167 53 society
387 2616 51 43 of
475 2614 72 46 the
585 2622 114 37 state
736 2615 51 45 of
825 2616 60 43 N.
924 2616 70 50 Y.,
1034 2616 118 43 New
1189 2616 143 43 York.

111 2700 420 71 Macnamara,
566 2699 235 59 Rachel
836 2700 218 59 Swete.

113 2789 1964 154 Golden dishes, by Rachel Swete Macnamara … Boston, Small, Maynard & company [ c 1926]
180 2943 448 53 4 p. l., 351 p. 19½cm.
114 2998 54 54 ©
203 3000 104 44 Feb.
346 2999 63 52 17,
447 3000 128 50 1926;
609 3000 65 43 2c.
707 3000 90 44 and
830 3000 79 44 aff.
946 3001 119 43 Mar.
1099 3001 50 51 6;
1187 3001 43 42 A
1267 2999 188 54 883513;
1497 2999 155 54 Small,
1689 3002 226 53 Maynard
1950 3003 37 43 &
2022 3017 79 36 co.,

184 3057 82 43 inc.
335 3054 241 56 (26-5627)

114 3138 304 73 Maguire,
452 3141 151 56 Mrs.
638 3138 178 59 Eliza
846 3140 73 58 D.

191 3230 187 57 Kona
407 3231 273 71 legends,
710 3232 352 57 translated
1091 3231 168 57 from
1292 3232 103 57 the
1428 3232 350 73 Hawaiian,
1811 3235 82 70 by
1926 3233 178 58 Eliza

114 3306 54 57 D
239 3307 287 73 Maguire
582 3307 183 71 (Mrs.
814 3308 168 58 John
1030 3309 75 56 A.
1156 3309 318 73 Maguire)
1586 3309 335 73 Honolulu,
1974 3311 128 58 The

115 3384 305 59 Paradise
457 3384 68 58 of
557 3384 107 58 the
696 3384 246 74 Pacific,
979 3386 167 57 1926.

185 3458 54 49 50
268 3474 39 38 p.
368 3460 154 53 plates.
586 3461 50 44 18
641 3463 48 19 cm
694 3495 11 11 .

115 3514 55 54 ©
204 3516 106 44 Feb.
345 3515 37 55 5,
420 3516 127 52 1926;
582 3517 65 43 2c.
680 3519 86 42 and
801 3518 81 44 aff.
914 3517 107 45 Feb.
1055 3518 79 53 24;
1172 3519 43 42 A
1252 3517 189 54 879643;
1480 3518 53 47 E.
1570 3519 56 44 D.
1663 3520 225 52 Maguire,
1924 3518 181 51 Kailua,

187 3571 462 56 T. H . (26-5895)
116 3654 331 74 Margolin,
481 3655 244 59 Arnold
758 3656 410 75 Davidovich,
1206 3661 188 57 1877-

199 3745 129 58 The
361 3746 170 59 Jews
563 3747 70 58 of
663 3751 249 54 eastern
945 3748 274 73 Europe,
1254 3750 83 71 by
1368 3750 245 59 Arnold
1645 3750 74 59 D.
1755 3750 313 74 Margolin;

122 3821 1977 79 foreword by James W. Gerard … New York, T. Seltzer,
123 3900 166 60 1926.
