2542 4285
1033 3945 111 56 399

83 346 315 71 Strachey,
439 345 167 57 John
643 346 89 56 St.
771 344 138 57 Loe.

157 436 332 56 American
522 435 355 70 soundings.
951 436 49 54 3.
1037 434 128 56 The
1197 434 176 56 West
1405 434 345 56 unvisited:
1783 454 79 36 an
83 435 1957 149 apology.

152 603 79 49 (In
264 604 244 49 Spectator
540 600 262 52 magazine)

81 665 1981 57 © 1c. May 3, 1926; A ad int. 8111; pubd. Mar. 6; J. S. Strachey, London.
257 780 721 58 American soundings. 4. Ultimate America.
151 873 80 49 (In
264 874 245 49 Spectator
540 871 262 51 magazine)

78 936 1985 55 © 1c. May 11, 1926; A ad int. 8148; pubd. Mar. 13; J. S. Strachey. London.
85 1095 271 71 Strauss,
395 1093 178 72 Emil,
613 1095 188 57 1866-

159 1184 436 72 Kreuzungen,
656 1203 218 38 roman
934 1202 123 37 von
1117 1180 167 57 Emil
1347 1182 276 57 Strauss.
1704 1182 233 71 Berlin,
2002 1183 61 58 S.

82 1261 259 58 Fischer
372 1293 12 42 [
386 1270 19 22 c
409 1263 162 71 1925]

154 1351 762 56 3 p. l., [11]-270 p., 1 l. 19½c m .
153 1420 90 47 “58.
271 1422 67 45 bis
365 1423 65 44 62.
456 1423 215 52 auflage.”

81 1488 1984 56 © Nov. 30, 1925; 1c. Mar. 9, 1926; A—Foreign 30508; S. Fischer verlag,
150 1564 37 27 a.
230 1563 41 38 g.
341 1548 241 53 (26-9219)

159 1646 127 56 Der
308 1646 220 56 nackte
551 1665 205 52 mann,
779 1665 123 36 von
925 1645 168 55 Emil
1118 1645 276 57 Strauss.
1461 1645 232 71 Berlin,
1721 1644 61 57 S.
1807 1645 260 57 Fischer

84 1753 12 42 [
98 1731 19 22 c
122 1724 162 71 1925]

151 1815 588 53 2 p. l., [9]-312 p. 20 cm
154 1883 91 48 “15.
273 1886 67 43 bis
372 1886 62 43 19.
460 1884 213 53 auflage.”

81 1951 1986 54 © Nov. 30, 1925; 1c. Mar. 9, 1926; A—Foreign 30490; S. Fischer verlag,
151 2025 38 28 a.
225 2024 42 38 g.
337 2010 240 53 (26-9229)

86 2107 218 57 Texas.
381 2109 200 69 Laws,
620 2112 286 67 statutes,
947 2112 110 53 etc.

161 2198 270 58 Revised
468 2198 143 58 civil
648 2200 285 70 statutes,
972 2198 197 57 Penal
1206 2200 147 56 code
1388 2198 47 56 &
1476 2197 163 60 Code
1679 2199 69 57 of
1784 2196 283 60 criminal

86 2277 341 71 procedure
465 2277 67 57 of
565 2277 102 57 the
705 2278 161 56 state
904 2276 67 57 of
1008 2276 221 73 Texas,
1268 2276 270 72 adopted
1576 2280 63 53 at
1675 2275 103 58 the
1816 2277 251 71 regular

88 2354 240 58 session
365 2355 67 56 of
468 2354 103 57 the
610 2354 430 72 Thirty-ninth
1077 2354 414 72 Legislature,
1531 2355 178 71 1925;
1749 2353 319 74 including

90 2430 424 60 Constitution
544 2432 66 58 of
639 2433 103 56 the
771 2431 233 59 United
1035 2431 210 58 States
1279 2433 122 56 and
1433 2431 405 58 constitution
1868 2431 67 59 of
1964 2433 103 56 the

89 2512 162 55 state
289 2510 69 57 of
397 2510 233 71 Texas;
673 2511 386 70 reproduced
1099 2509 168 57 from
1307 2510 104 57 the
1453 2507 231 60 Official
1725 2509 231 59 edition
1998 2529 68 39 as

87 2587 1978 72 published by authority of the state of Texas … edited by
84 2664 1916 73 William Edward Baldwin … Perpetual revision ed. …
86 2742 357 73 Louisville,
477 2743 143 73 Ky.,
655 2743 151 57 New
839 2743 190 73 York,
1065 2742 74 57 N.
1175 2743 72 56 Y.
1303 2746 128 69 [etc.]
1470 2742 129 58 The
1634 2742 283 58 Baldwin
1951 2744 117 56 law

84 2821 157 58 book
271 2840 318 54 company,
624 2822 165 56 1926.

169 2913 93 47 [888]
293 2928 39 37 p.
391 2914 53 43 29½
480 2915 46 17 cm
532 2948 8 9 .

79 2967 58 53 ©
164 2969 111 53 Apr.
303 2969 36 49 9,
372 2968 127 51 1926;
528 2968 63 42 2c.
623 2969 87 42 and
735 2969 81 43 aff.
846 2969 110 51 Apr.
991 2968 72 51 12;
1096 2969 43 41 A
1169 2967 187 53 890285;
1389 2968 207 45 William
1624 2968 197 46 Edward
1854 2967 218 52 Baldwin,

154 3025 116 43 New
321 3024 142 43 York.
532 3023 240 54 (26-8656)

86 3122 324 73 Vaughan,
449 3122 164 57 John
650 3121 289 74 Stephen,
979 3124 118 72 bp.,
1131 3123 357 58 1853-1925.

163 3213 129 57 The
326 3212 287 58 minister
647 3213 68 57 of
752 3212 242 72 Christ;
1031 3232 88 52 or,
1154 3213 312 56 Ascetical
1500 3216 177 55 notes
1714 3213 122 56 and

87 3211 1966 151 reflections for priests, by the Rt. Rev. John S. Vaughan …
87 3368 150 57 New
265 3367 189 72 York,
487 3368 58 60 J.
581 3368 70 57 F.
685 3368 295 72 Wagner,
1012 3368 149 70 inc.;
1198 3371 150 69 [etc.,
1382 3372 131 65 etc.,
1547 3367 163 72 1926]

154 3444 312 49 2 v. 18½ cm .
84 3500 54 54 ©
169 3504 117 42 Mar.
320 3503 62 50 19,
414 3503 128 50 1926;
572 3503 65 42 2c.
666 3503 109 45 each
804 3504 86 42 and
919 3503 79 43 aff.
1028 3504 111 51 Apr.
1173 3504 74 50 14;
1281 3503 43 41 A
1356 3502 187 51 890338;
1576 3501 168 53 Joseph
1776 3501 49 43 F.
1856 3502 215 51 Wagner,

154 3558 82 44 inc.
305 3558 241 55 (26-8765)

89 3655 288 72 Volbehr,
412 3659 173 55 Frau
618 3656 93 57 Lu
755 3656 361 72 (Scharrer)
1161 3659 189 56 1871-

164 3747 129 57 Das
320 3747 157 56 buch
505 3766 121 37 von
655 3747 352 72 Nürnberg,
1035 3748 202 56 bilder
1265 3764 142 38 vom
1435 3745 284 74 frühling
1747 3745 329 58 deutscher

89 3825 395 57 renaissance
510 3843 121 38 von
656 3825 93 55 Lu
774 3824 290 58 Volbehr.
1149 3823 326 63 Miinchen,
1503 3823 75 58 A.
1607 3823 274 63 Langen,
1909 3822 165 57 1925.
