2542 4285
991 3967 108 58 195

138 435 658 53 287 p. front. (port.) 19½cm.
70 503 52 53 ©
152 503 105 43 Feb.
287 505 39 49 4,
362 503 105 42 1926;
524 504 61 41 2c.
617 503 87 43 and
734 504 78 42 aff.
846 504 118 43 Mar.
1002 505 17 41 1;
1081 504 44 42 A
1156 502 159 45 879701;
1381 503 44 46 S.
1460 506 52 41 R.
1550 506 140 51 Bond,
1725 505 318 51 Buckhannon,

139 560 72 43 W.
249 560 85 42 Va.
402 558 239 54 (26-5580)

70 658 251 70 Boraas,
353 655 226 73 Julius,
610 660 189 56 1871-

145 750 195 55 Rural
369 751 205 57 school
602 747 506 62 administration
1136 752 124 57 and
1290 748 411 73 supervision,
1728 753 83 69 by
1836 751 210 58 Julius

69 826 1978 74 Boraas … and George A. Selke … with introduction by
67 903 1977 73 Lotus D. Coffman … Boston, New York [etc.] D. C.
67 980 927 74 Heath and company [ c 1926]
135 1071 77 51 xii,
238 1071 83 45 260
343 1085 42 38 p.
447 1071 51 46 19
504 1074 45 17 cm
555 1106 9 9 .

65 1137 53 54 ©
148 1138 105 44 Feb.
287 1140 63 50 13,
383 1139 127 51 1926;
542 1139 64 43 2c.
638 1140 118 42 Mar.
788 1140 48 51 8;
868 1139 79 43 aff.
979 1140 117 42 Mar.
1126 1139 49 51 6;
1207 1139 44 42 A
1282 1138 188 53 883533;
1504 1141 56 41 D.
1594 1139 48 44 C.
1674 1140 153 43 Heath
1857 1142 89 42 and
1976 1155 66 29 co.

141 1194 242 54 (26-5999)

64 1293 292 72 Breeden,
393 1293 321 58 Marshall.

146 1383 1734 73 California, all of it, by Marshall Breeden … Los
64 1387 1951 149 Angeles,
276 1461 314 58 Kenmore
620 1492 13 42 [
635 1469 19 23 c
658 1462 162 72 1925]

125 1552 80 44 200
232 1566 39 39 p.
330 1552 116 43 illus.
473 1551 126 53 (incl.
628 1551 151 54 maps)
815 1552 155 53 plates.
1028 1552 54 44 24
1088 1554 47 17 cm
1142 1587 9 9 .

61 1619 53 54 ©
147 1621 120 52 Sept.
298 1622 37 52 3,
371 1619 129 53 1925;
533 1621 64 42 2c.
630 1620 107 43 Feb.
768 1621 64 49 23,
870 1620 128 52 1926;
1035 1620 78 43 aff.
1147 1621 119 44 Mar.
1296 1621 50 52 8;
1380 1622 44 42 A
1456 1619 188 53 879776;
1680 1622 231 43 Kenmore
1942 1623 99 51 pub.

130 1691 78 36 co.,
247 1677 89 42 Los
371 1677 210 51 Angeles.
650 1675 242 54 (26-5986)

61 1776 325 69 Brewster,
427 1775 251 70 Eugene
714 1772 346 72 Valentine,
1102 1775 188 57 1869-
1447 1792 191 55 comp.

137 1866 128 56 The
292 1865 256 57 wisdom
576 1865 68 56 of
669 1864 103 57 the
800 1883 166 53 ages,
993 1863 186 73 being
1206 1883 36 38 a
1270 1863 321 58 collection
1617 1863 67 59 of
1712 1864 334 73 epigrams,

59 1943 344 71 aphotisms
457 1944 63 69 [!],
546 1943 122 56 bon
691 1945 163 53 mots
882 1942 123 56 and
1030 1940 213 73 bright
1270 1941 255 73 sayings
1553 1942 303 72 gathered
1878 1942 168 58 from

58 2021 103 57 the
200 2020 257 58 harvest
494 2019 145 58 field
679 2018 68 58 of
786 2018 347 71 literature,
1172 2019 84 71 by
1294 2018 258 73 Eugene
1593 2018 75 58 V.
1709 2019 334 60 Brewster.

55 2099 334 72 Brooklyn,
420 2098 75 57 N.
527 2098 92 72 Y.,
652 2098 317 56 Brewster
1001 2095 434 74 publications,
1466 2095 118 59 inc.
1621 2125 13 44 [
1634 2105 19 22 c
1657 2097 165 73 1925]

125 2186 592 56 3 p. l., 9-61 p. 19½ cm .
128 2258 153 52 “This,
322 2260 73 42 the
436 2258 98 43 first
574 2257 180 52 edition,
796 2258 175 51 printed
1010 2271 58 29 on
1106 2256 273 44 hand-made
1420 2270 137 40 paper
1596 2256 146 44 which
1783 2272 92 29 was
1917 2259 128 42 made

57 2316 237 53 especially
323 2315 73 44 for
424 2315 87 44 this
541 2314 133 53 book,
704 2314 36 43 is
771 2312 171 45 limited
970 2322 43 35 to
1045 2313 77 44 641
1154 2311 162 54 copies,
1348 2313 110 44 each
1486 2312 156 54 signed
1671 2316 87 42 and
1786 2314 258 49 numbered,

56 2373 52 44 of
136 2374 147 43 which
310 2372 89 44 this
427 2373 37 42 is
490 2387 70 29 no.
587 2370 123 45 232.”

57 2442 53 54 ©
143 2445 107 42 Dec.
281 2442 65 52 25,
383 2441 129 52 1925;
545 2442 63 42 2c.
641 2441 86 43 and
758 2441 79 43 aff.
870 2440 107 44 Feb.
1007 2440 69 52 24,
1113 2439 129 53 1926;
1278 2439 44 43 A
1355 2438 188 54 879662;
1581 2442 227 42 Brewster
126 2439 1893 112 publications,
292 2499 81 43 inc.
443 2497 240 55 (26-5835)

57 2597 246 73 Briggs,
346 2596 270 58 Herbert
653 2594 374 70 Whittaker,
1071 2597 109 56 1900-

199 2684 1844 73 … The doctrine of continuous voyage, by Herbert.
54 2762 1986 74 Whittaker Briggs … Baltimore, The Johns Hopkins
53 2863 198 54 press,
294 2844 165 56 1926.

124 2949 43 37 X,
201 2931 161 45 11-226
389 2946 39 38 p.
484 2931 54 43 24½
571 2933 47 17 cm
624 2964 10 8 .
701 2929 166 55 (Johns
900 2928 209 53 Hopkins
1142 2928 246 53 university
1419 2929 167 44 studies
1618 2930 43 43 in
1690 2928 233 45 historical
1953 2931 87 42 and

53 2986 975 56 political science … ser. XLIv, no. 2)
126 3058 243 44 Published
399 3057 96 43 also
522 3072 47 27 as
600 3056 137 43 thesis
777 3056 105 53 (PH.
942 3055 36 52 D.)
1017 3054 141 53 Johns
1190 3054 211 53 Hopkins
1431 3053 262 54 university,
1726 3052 119 47 1925.

124 3114 324 52 Bibliography:
508 3128 38 36 p.
579 3112 203 43 221-224.

55 3170 53 54 ©
138 3171 105 44 Feb.
274 3171 40 51 2,
350 3170 128 51 1926;
510 3170 63 43 2c.
606 3168 106 44 Feb.
744 3169 49 51 8;
827 3168 78 43 aff.
937 3168 108 43 Feb.
1081 3169 73 50 13;
1186 3168 44 42 A
1261 3166 188 53 879572;
1483 3166 140 53 Johns
1657 3168 210 51 Hopkins
1900 3180 138 39 press.

133 3225 241 56 (26-5715)

56 3324 365 60 California.
494 3322 264 59 District
792 3326 206 53 courts
1036 3321 66 72 of
1135 3320 240 73 appeal.

131 3411 1908 78 Reports of cases determined … from September 25,
55 3497 166 70 1924,
258 3497 64 54 to
361 3492 350 57 November
748 3492 88 70 26,
878 3491 163 55 1924.
1120 3489 332 71 Randolph
1490 3487 74 58 V.
1603 3488 303 72 Whiting,
51 3507 1962 137 reporter.

366 3571 221 69 Henry
625 3569 70 55 F.
733 3567 302 72 Wrigley,
1076 3565 279 58 William
1397 3566 71 56 F.
1513 3567 330 69 Traverso,
1889 3565 152 59 Seth

54 3650 73 56 E.
178 3650 219 69 Tracy,
447 3646 304 57 assistant
797 3647 339 68 reporters,
1222 3663 57 36 v.
1330 3644 89 55 69.
1508 3642 127 58 San
1683 3641 355 72 Francisco,

54 3724 629 69 Bancroft-Whitney
715 3740 321 53 company,
1072 3722 165 55 1926.

120 3802 159 51 xxviii,
309 3802 78 43 921
421 3815 40 38 p.
519 3800 56 43 22½
607 3802 15 17 cm
660 3833 9 8 .

49 3858 57 54 ©
133 3859 104 45 Feb.
266 3858 63 53 10,
356 3857 104 44 1926;
511 3857 64 43 2c.
602 3855 106 44 Feb.
739 3853 49 44 17;
842 3853 78 45 aff.
949 3853 106 43 Feb.
1087 3851 48 44 15;
1193 3852 44 43 A
1264 3851 162 45 883325;
1484 3850 461 54 Bancroft-Whitney
1972 3867 51 28 co.
