2542 4285
0 0 0 0 1246
454 424 479 73 Prentice-Hall,
970 425 135 71 inc.,
1142 425 151 57 New
1334 425 186 56 York.

532 516 151 58 New
718 515 175 57 York
933 517 161 56 state
1135 517 110 55 tax
1285 531 206 53 cases;
1533 537 36 38 a
1611 512 366 59 convenient
2016 512 318 58 collection
2376 513 66 57 of

455 594 389 72 unabridged
877 612 173 38 cases
1085 592 167 56 from
1286 592 152 56 New
1458 591 182 57 York
1672 592 125 56 and
1828 591 246 57 federal
2107 594 209 54 courts
455 609 1965 135 relating
689 674 64 55 to
789 671 105 57 the

929 669 403 72 corporation
1366 669 319 57 franchise
1722 670 123 56 and
1877 669 297 70 personal
2207 667 237 58 income

456 752 176 54 taxes
665 749 66 57 of
761 749 152 56 New
942 748 174 56 York
1147 750 194 67 state;
1373 746 308 58 decisions
1713 748 143 56 date
1887 746 167 57 from
2087 747 150 56 1890
2265 764 84 53 up
2381 750 63 53 to

457 827 165 71 May,
663 828 164 56 1926.
910 825 151 57 New
1095 825 189 71 York,
1323 824 485 72 Prentice-Hall,
1846 824 137 74 inc.,
2021 825 165 56 1926.

521 917 98 54 xiii,
639 917 80 45 485
743 932 40 38 p.
840 914 55 46 25
902 919 47 18 cm
955 951 9 9 .

527 987 211 44 Lettered
763 1003 59 29 on
848 1000 158 29 cover:
1036 984 348 44 Prentice-Hall
1411 985 119 44 New
1556 985 129 43 York
1712 993 114 37 state
1852 993 82 38 tax
1961 984 170 46 service
2158 983 289 54 supplement.

526 1043 126 45 “The
686 1043 193 53 reprints
910 1042 52 45 of
995 1042 125 44 these
1153 1039 222 48 decisions
1409 1042 89 44 and
1530 1041 206 53 opinions
1769 1041 114 44 have
1915 1042 107 44 been
2056 1042 129 44 made
2219 1041 120 45 from
2373 1041 75 48 the

455 1099 197 55 original
678 1100 140 53 plates
845 1099 50 45 of
918 1099 76 46 the
1018 1099 292 44 well-known
1337 1097 217 45 National
1582 1107 200 44 reporter
1809 1105 169 47 system
2003 1097 51 46 of
2080 1098 74 45 the
2180 1099 133 44 West

454 1098 1973 114 publishing
651 1156 582 54 company.”—Foreword.

454 1228 52 53 ©
538 1230 105 52 July
678 1229 62 51 10,
776 1228 106 44 1926;
940 1228 63 42 2c.
1041 1228 101 43 Oct.
1176 1225 78 54 25;
1290 1227 78 43 aff.
1406 1227 101 43 Oct.
1541 1227 78 52 23;
1655 1227 44 42 A
1734 1226 189 52 950621;
1959 1227 134 43 West
2126 1226 100 52 pub.
2261 1239 82 37 co.,
2381 1224 66 48 St.

524 1287 125 43 Paul.
720 1285 270 55 (26-19034)

457 1385 324 74 Priestley,
824 1385 170 58 John
1032 1385 304 72 Boynton,
1382 1386 188 57 1894-

534 1476 296 72 Talking;
866 1495 79 37 an
979 1494 202 53 essay,
1214 1475 82 72 by
1326 1476 59 57 J.
1421 1475 70 57 B.
1529 1473 331 74 Priestley.
1944 1475 149 57 New
2124 1474 172 58 York
2330 1475 122 58 and

455 1555 277 70 London,
766 1553 258 71 Harper
1055 1552 48 59 &
1133 1553 309 73 brothers,
1477 1553 165 57 1926.

526 1641 1702 56 3 p. l., 82 p. front. (port.) 20 cm . [The pleasures of life series]
455 1714 52 53 ©
545 1716 99 43 Oct.
678 1715 39 52 8,
754 1714 105 43 1926;
920 1714 51 42 2c.
1018 1714 87 43 and
1138 1713 77 43 aff.
1254 1713 100 44 Oct.
1389 1713 52 43 23;
1503 1712 45 43 A
1582 1711 164 45 949697;
1807 1713 41 51 J.
1886 1712 50 45 B.
1974 1712 240 54 Priestley,
2250 1711 201 46 Chinnor

525 1772 112 52 Hill,
676 1772 151 51 Oxon,
864 1770 221 53 England.
1155 1769 271 55 (26-19181)

458 1873 285 66 Putnam,
779 1870 210 59 David
1021 1870 259 74 Binney,
1318 1873 189 56 1913-

534 1961 207 59 David
783 1981 147 54 goes
974 1964 64 55 to
1084 1961 372 74 Greenland,
1501 1961 84 72 by
1625 1961 209 58 David
1876 1961 246 74 Binney
2163 1963 292 63 Putnam,

455 2041 150 57 with
638 2062 34 37 a
703 2039 316 58 foreword
1045 2040 84 71 by
1160 2038 159 72 Cap’n
1393 2039 136 58 Bob
1560 2039 308 72 Bartlett;
1899 2039 361 60 illustrated
2289 2041 167 58 from

454 2118 452 73 photographs,
934 2117 152 57 with
1113 2116 394 59 decorations
1535 2117 169 57 from
1729 2117 316 74 drawings
2074 2120 181 57 made
457 2138 1972 130 especially

691 2197 82 71 by
826 2196 103 57 the
983 2195 278 71 Eskimo,
1312 2195 301 70 Kakutia,
1666 2199 66 54 at
1782 2196 267 57 Karnah
2102 2216 78 38 on
2232 2196 222 59 Whale

460 2275 228 58 Sound.
774 2274 151 57 New
967 2274 174 56 York
1188 2274 123 56 and
1353 2273 278 72 London,
1676 2272 71 60 G.
1792 2274 69 57 P.
1908 2274 333 60 Putnam’s
2291 2292 164 53 sons,

458 2354 163 56 1926.

528 2438 1480 58 3 p. l., v-xiv, 167 p. front., illus., plates, ports. 20½c m .
456 2512 53 53 ©
544 2513 99 44 Oct.
675 2511 66 52 25,
780 2511 105 43 1926;
944 2511 63 42 2c.
1044 2511 87 43 and
1164 2510 78 44 aff.
1279 2510 100 44 Oct.
1414 2510 54 43 26;
1528 2510 45 43 A
1606 2508 161 46 950655;
1834 2511 51 45 G.
1923 2512 50 43 P.
2010 2512 231 44 Putnam’s
2279 2527 118 30 sons.

536 2569 268 55 (26-19009)

459 2668 365 72 Raffegeau,
864 2669 50 57 P
1231 2666 65 60 C.

604 2758 1848 85 … Établissement des bilans-or … Paris, Payot, 1926.
459 2855 1978 114 3 p. l., [9]-149, [1] p., 2 l. tables. 25½ cm . (On cover: Bibliothèque technique)
530 2986 63 44 At
621 2984 115 44 head
765 2983 53 46 of
846 2983 124 44 title:
1003 2982 128 46 P.-C.
1162 2983 254 54 Raffegeau
1443 2990 44 38 et
1514 2985 59 43 A.
1601 2984 184 46 Lacout.

532 3040 394 54 “Bibliographie”:
988 3041 66 45 1st
1083 3039 93 45 leaf
1203 3047 46 38 at
1280 3041 98 44 end.

463 3108 1996 112 CONTENTS.— La v ie des entreprises sous un régime d’instabilité monétaire.—La comptabilité en monnaie dépréciée.—La retour aux bilans-or en
462 3226 278 53 Allemagne.

459 3292 1490 61 © June 24, 1926; 1c. Sept. 7; A— Foreign 31879; Payot.
538 3351 269 57 (26-18716)

461 3453 393 69 Rasmussen,
896 3452 193 58 Knud
1122 3452 211 58 Johan
1367 3451 233 74 Victor,
1640 3455 188 57 1879-

604 3544 1851 75 … Fra Gr ø nland til Stillehavet [rejser og mennesker;
463 3623 105 56 fra
622 3623 48 56 5.
729 3622 619 71 Thule-ekspedition
1402 3624 277 71 1921-24]
1778 3626 184 55 3.-15.
2020 3624 191 58 hefte.
460 3626 1935 146 [København]

802 3700 369 72 Gyldendal,
1208 3701 277 57 Nordisk
1520 3700 213 74 forlag
1771 3704 372 72 [1925-1926]

533 3792 48 42 13
609 3799 59 44 pt.
728 3790 115 43 illus.
870 3790 125 53 (incl.
1026 3791 164 53 ports.)
1229 3791 157 52 plates,
1416 3805 125 38 maps
1582 3792 124 54 (part
1736 3792 136 55 fold.)
1937 3791 52 46 25½cm.

531 3860 62 43 At
626 3860 115 43 head
773 3860 51 44 of
856 3861 97 44 title:
1016 3862 138 44 Knud
1189 3862 288 45 Rasmussen.

461 3915 1973 112 © Aug. 25, 1926; 1c. each Nov. 15; A—Foreign 32182; Gyldendalske boghandel,
750 3975 206 44 Nordisk
997 3976 165 53 forlag.
