2542 4285
1357 3947 113 57 590

424 376 52 53 ©
509 377 110 52 Apr.
658 377 61 50 16,
758 377 128 50 1926;
922 377 64 42 2c.
1022 378 111 51 May
1166 377 49 52 4;
1252 376 78 44 aff.
1364 377 112 51 Apr.
1509 377 78 51 24;
1626 377 42 42 A
1703 375 189 54 890754;
1931 375 187 45 Charles
2157 374 247 48 Scribner’s

493 449 115 28 sons.
678 433 268 53 (26-11326)

423 504 231 71 Ogden,
696 504 256 56 Charles
993 503 160 73 Kay.

501 579 1905 75 The meaning of psychology, by C. K. Ogden … New
421 659 171 58 York
616 661 124 57 and
762 660 279 70 London,
1066 659 255 71 Harper
1345 659 48 57 &
1416 660 309 70 brothers,
1752 660 164 57 1926.

489 739 82 43 xxi
598 754 54 37 p.,
686 741 18 41 1
755 772 21 15 l.,
805 738 80 44 326
911 752 42 38 p.
1014 738 115 45 illus.
1156 737 128 54 (incl.
1312 737 169 54 music)
1517 738 154 53 plates,
1700 738 167 52 diagrs.
1925 738 52 43 21
1985 739 48 18 cm
2039 773 9 9 .

489 794 350 53 Bibliography:
866 810 40 38 p.
931 793 204 47 313-315.

422 848 52 53 ©
506 851 111 51 May
643 851 68 50 21,
741 850 130 52 1926;
899 850 65 43 2c.
996 851 113 51 May
1139 850 75 52 19;
1246 850 78 42 aff.
1355 850 111 52 May
1494 847 78 54 25;
1603 849 43 42 A
1675 847 189 54 891536;
1896 850 187 51 Harper
2111 849 37 44 &
2177 849 119 43 bros.

501 905 268 55 (26-11497)

421 978 244 68 Pearce,
706 977 280 57 Norman
1019 977 73 57 V.

502 1056 311 73 Splinters
848 1058 168 56 from
1051 1075 35 37 a
1119 1057 255 57 wooden
1405 1057 180 71 head,
1619 1058 83 70 by
1735 1057 280 55 Norman
2047 1054 75 59 V.
2157 1056 251 56 Pearce.

422 1133 152 58 New
596 1133 191 71 York,
816 1134 73 56 D.
918 1132 60 58 J.
1006 1133 246 57 Flamm
1281 1164 12 42 [
1293 1140 20 22 c
1317 1133 148 56 1926]

495 1213 52 44 64
571 1225 42 38 p.
677 1212 51 43 18
734 1215 47 18 cm
785 1248 10 9 .

494 1270 178 43 Poems.

422 1320 52 54 ©
501 1323 112 51 May
640 1322 61 50 19,
733 1321 129 52 1926;
889 1321 66 43 2c.
981 1321 88 42 and
1093 1320 79 45 aff.
1199 1321 113 51 May
1334 1319 77 52 20;
1441 1319 43 43 A
1511 1317 188 54 891474;
1728 1319 181 43 Donald
1934 1319 39 52 J.
2001 1317 189 46 Flamm.

499 1378 268 54 (26-11323)

421 1448 287 74 Railway
761 1448 406 73 engineering
1221 1448 126 57 and
1395 1447 432 57 maintenance
1883 1446 389 72 cyclopedia;
2330 1465 80 38 an

492 1525 450 59 authoritative
974 1526 253 55 manual
1262 1523 68 57 of
1365 1522 422 72 engineering,
1819 1522 433 59 maintenance
2289 1522 124 58 and

493 1601 329 73 signaling,
864 1601 321 73 including
1229 1601 377 71 definitions,
1651 1599 438 73 descriptions,
491 1599 1896 138 illustrations
693 1679 124 57 and
850 1679 285 58 methods
1176 1679 68 57 of
1276 1696 112 41 use
1427 1678 68 57 of
1528 1678 106 58 the
1669 1677 344 75 materials,
2053 1676 357 73 equipment

492 1759 122 56 and
649 1756 244 57 devices
930 1755 327 72 employed
1290 1755 65 57 in
1390 1756 104 57 the
1532 1754 426 58 construction
1993 1757 125 57 and
489 1755 1897 137 maintenance
720 1833 68 57 of
819 1834 230 70 tracks,
1083 1833 274 72 bridges,
1392 1832 335 72 buildings,
1762 1836 196 54 water
1997 1832 255 70 service,
489 1832 1899 136 signals
665 1911 123 57 and
826 1911 177 57 other
1039 1910 165 59 fixed
1240 1909 264 72 railway
1536 1909 357 73 properties
1933 1910 124 58 and
2094 1908 316 60 facilities.

492 1987 1920 73 2d ed.—1926. Editor, Elmer T. Howson … managing
488 2064 1900 464 editor, W. F. Bench … associate editors, Neal D. Howard, F. M. Patterson … compiled and edited in cooperation with the American railway engineering association and the Signal section, American railway association … New York, N. Y., Chicago, Ill. [etc.] Simmons-Boardman publishing co. [ c 1926]
486 2528 105 47 1072
626 2543 41 38 p.
726 2527 133 51 illus.,
900 2528 114 45 fold,
1051 2528 159 54 plates.
1271 2530 54 44 30
1332 2533 15 17 cm
1384 2566 8 9 .

486 2584 69 43 “A
593 2585 170 44 second
801 2584 173 44 edition
1016 2586 54 43 of
1107 2586 77 44 the
1225 2585 328 45 Maintenance
1593 2588 52 42 of
1685 2602 103 39 way
1829 2586 498 55 cyclopedia.”—Pref.

421 2640 52 53 ©
503 2642 110 53 Apr.
640 2642 66 51 24,
739 2640 104 45 1926
859 2658 9 36 ;
898 2643 64 43 2c.
994 2644 113 52 May
1132 2644 79 51 21;
1242 2644 78 43 aff.
1352 2645 113 52 May
1490 2645 78 51 20;
1600 2645 43 42 A
1673 2645 188 53 891494;
1897 2644 512 48 Simmons-Boardman

489 2700 99 50 pub.
619 2714 65 29 co.
753 2699 269 54 (26-11432)

420 2768 399 74 [Rappoport,
864 2770 309 73 Solomon]
1212 2774 357 57 1863-1920.

497 2848 128 57 The
659 2849 250 71 dybbuk
926 2872 12 48 ;
973 2869 36 37 a
1039 2850 152 72 play
1221 2849 66 58 in
1318 2850 148 58 four
1500 2855 150 67 acts,
1682 2852 84 72 by
1801 2851 61 59 S,
1898 2851 222 73 Ansky
2154 2852 231 73 [pseud.]

420 2927 352 58 translated
793 2928 185 57 Jrom
1016 2929 106 57 the
1162 2927 270 74 original
1468 2929 270 59 Yiddish
1773 2930 85 72 by
1893 2930 223 72 Henry
2155 2930 70 59 G.
418 2929 1962 149 Alsberg
615 3007 123 56 and
777 3005 319 59 Winifred
1137 3006 253 74 Katzin,
1433 3009 424 57 introduction
1898 3009 85 72 by
2023 3008 243 59 Gilbert
2306 3008 97 59 W.

420 3082 254 59 Gabriel
705 3086 123 56 and
860 3104 35 37 a
926 3089 146 54 note
1106 3105 77 37 on
1220 3084 390 60 Chassidism
1640 3087 83 71 by
1757 3085 219 60 Chaim
2009 3086 395 73 Zhitlowsky.

419 3162 151 57 New
595 3162 189 72 York,
811 3162 162 58 Boni
997 3163 48 57 &
1069 3163 344 75 Liveright,
1443 3166 165 56 1926.

489 3239 762 56 145, [2] p. front., pl. 19½ cm .
486 3298 234 66 Firsthand
746 3299 163 44 second
933 3299 238 53 printings,
1194 3299 146 53 April,
1369 3299 117 45 1926.

490 3355 196 52 “Jewish
715 3356 181 53 melody
925 3371 116 37 sung
1073 3357 44 43 in
1147 3356 196 44 Vitebsk
1380 3356 274 53 (birthplace
1681 3356 53 45 of
1761 3356 249 54 Ansky)”:
2041 3359 27 42 2
2098 3373 39 37 p.
2171 3362 47 39 at
2249 3358 96 44 end.

420 3409 52 53 ©
507 3412 111 51 May
648 3412 38 51 3,
723 3411 128 52 1926;
882 3412 66 42 2c.
982 3412 112 51 May
1129 3410 73 54 17;
1238 3412 79 43 aff.
1352 3413 112 51 May
1500 3413 73 52 14;
1609 3413 43 42 A
1686 3412 188 53 890801;
1911 3413 160 53 Henry
2107 3412 50 45 G.
2193 3413 212 52 Alsberg,

492 3468 116 43 New
630 3468 141 43 York.
841 3467 270 55 (26-11435)

418 3538 320 72 Rickman,
779 3540 177 57 Jesse
996 3539 346 72 Crawford,
1384 3542 188 56 1899-

498 3615 239 75 Racing
763 3617 124 58 bits
908 3642 12 47 ;
950 3638 36 38 a
1018 3622 178 68 story
1223 3617 68 59 of
1317 3619 103 58 the
1452 3618 284 59 oil-fields
1768 3620 69 57 of
1865 3620 202 57 Texas
2100 3619 111 73 [by]
2243 3618 61 59 J.
2336 3616 65 61 C.

419 3696 315 57 Rickman.
816 3696 258 73 Boston,
1101 3697 72 57 R.
1201 3696 70 59 G.
1295 3696 253 73 Badger
1578 3727 13 43 [
1592 3704 19 23 c
1614 3698 164 72 1926]

489 3776 76 43 192
591 3790 39 37 p.
690 3775 150 45 20½cm.

419 3828 54 53 ©
504 3830 111 51 May
649 3830 35 50 1,
719 3830 129 52 1926;
879 3830 64 43 2c.
977 3830 112 52 May
1122 3828 74 53 15;
1229 3830 78 43 aff.
1341 3831 113 51 May
1488 3831 73 52 13;
1596 3830 43 42 A
1670 3829 188 54 891422;
1893 3829 199 44 Richard
2126 3828 51 45 G.
2210 3829 191 52 Badger.

499 3885 268 47 (26-11487)
