2542 4285
1305 4085 148 56 1322

472 535 1255 53 x p., 1 l., 208 p. col. front., illus., plates. 20½cm.
371 604 53 53 ©
457 604 118 53 Sept.
601 605 68 51 24,
702 604 104 44 1926;
861 606 64 42 2c.
957 605 100 44 Oct.
1087 605 78 51 22;
1197 604 79 43 aff.
1308 604 117 44 Nov.
1453 603 79 53 27;
1564 605 43 42 A
1637 602 190 55 958157;
1860 604 279 53 Doubleday,
2171 605 124 52 Page
2324 605 37 44 &

440 677 65 29 co.
584 661 269 55 (26-27596)

374 760 186 70 Neve,
602 762 278 73 Juergen
918 759 279 73 Ludwig,
1242 763 189 57 1865-

446 853 436 60 Introduction
919 859 64 54 to
1022 856 104 57 the
1167 854 360 73 symbolical
1564 854 191 60 books
1795 855 67 59 of
1901 856 105 58 the
2043 855 322 59 Lutheran

372 932 256 73 church;
666 953 36 37 a
735 929 328 61 historical
1101 952 230 53 survey
1367 933 66 58 of
1470 933 106 58 the
1613 931 412 60 oecumenical
2063 933 122 58 and
370 951 1970 118 particular

633 1011 272 72 symbols
942 1011 69 58 of
1044 1006 461 75 Lutheranism,
1542 1028 79 40 an
1656 1008 233 62 outline
1928 1011 68 57 of
2029 1009 164 59 their
371 1027 1970 134 contents,

584 1089 124 58 and
734 1106 79 41 an
839 1085 490 75 interpretation
1355 1090 68 57 of
1448 1086 164 61 their
1636 1087 294 74 theology
1958 1107 78 38 on
2063 1089 105 59 the
2193 1086 172 60 basis

371 1167 69 57 of
475 1167 105 59 the
616 1165 310 60 doctrinal
964 1164 251 60 articles
1254 1167 69 57 of
1358 1166 106 58 the
1498 1162 341 76 Augsburg
1874 1165 375 73 confession,
2285 1167 82 72 by

370 1240 1996 77 J. L. Neve … with contributions by George J. Fritschel
373 1318 1970 152 … 2d rev. ed. Columbus, O., The Lutheran book concern, 1926.
441 1479 83 46 454
551 1494 40 35 p.
650 1479 55 43 20
712 1480 45 18 cm
764 1513 9 9 .

444 1533 246 46 Published
717 1534 45 45 in
790 1532 106 46 1917
921 1534 146 43 under
1091 1532 123 45 title:
1244 1532 317 45 Introduction
1589 1539 47 40 to
1663 1534 231 45 Lutheran
1922 1534 255 51 symbolics.

372 1587 55 54 ©
455 1589 100 44 Oct.
584 1587 37 52 5,
651 1588 130 52 1926;
808 1588 65 42 2c.
901 1587 88 43 and
1016 1587 78 43 aff.
1124 1586 118 44 Nov.
1275 1587 44 42 11;
1377 1587 43 42 A
1450 1584 188 55 957063;
1670 1588 39 52 J.
1740 1588 49 43 L.
1819 1588 143 52 Neve,
1993 1588 289 55 Springfield,
2310 1591 56 45 O.

450 1643 268 56 (26-20532)

380 1742 251 74 Olivier,
674 1742 175 70 Paul,
897 1745 188 57 1871-

524 1832 1849 74 … Le promptuaire d’amour, roman; préface de Jean
378 1908 1994 79 Richepin … Paris, Les Éditions du Monde moderne,
378 1992 164 56 1925.

449 2066 1924 56 3 p. l., [ix]-xxii, 328 p., 1 l. 18½cm (On cover: Collection Le roman
378 2140 219 32 nouveau.
656 2128 50 41 n°
738 2124 147 55 xxiv)

451 2182 51 45 “5
507 2187 16 17 e
550 2181 211 46 édition.”

377 2236 1994 57 © Apr. 1, 1926; 1c. Apr. 19; A— Foreign 31356; Aux éditeurs associés,
449 2297 143 44 Paris.
661 2296 268 55 (26-20286)

381 2396 136 71 Orr,
559 2395 343 58 Frederick
941 2393 267 75 Wesley.

452 2485 353 63 Essentials
837 2489 69 58 of
939 2486 286 60 effective
1258 2484 303 78 speaking;
1626 2505 36 40 a
1690 2486 340 76 beginning
2061 2507 218 41 course
2309 2486 60 60 in

378 2562 1995 79 speaking, by Frederick W. Orr … Rev. ed. [Appleton,
375 2645 175 72 Wis.,
579 2645 131 60 The
736 2641 318 75 Appleton
1080 2662 200 54 press]
1312 2644 167 60 1926.

451 2722 90 52 155,
575 2723 52 50 [1]
660 2738 41 35 p.
764 2720 48 46 15½
848 2725 48 19 cm
901 2757 9 9 .

379 2775 53 55 ©
460 2778 100 44 Oct.
587 2776 38 53 5,
654 2776 129 53 1926;
813 2778 63 41 2c.
907 2776 118 43 Nov.
1055 2775 74 52 10;
1155 2775 82 43 aff.
1266 2775 118 43 Nov.
1413 2776 49 51 9;
1492 2776 43 42 A
1564 2773 188 55 950895;
1785 2774 49 45 F.
1864 2777 73 44 W.
1969 2776 106 53 Orr,
2108 2775 181 48 Seattle.

457 2834 268 56 (26-20422)

383 2934 195 72 Oulié,
610 2933 269 59 Marthe.

519 3022 1861 72 … La croisière de “Perlette”; 1700 milles dans la mer
383 3102 182 75 Égée,
615 3102 245 57 illustré
905 3120 120 53 par
1071 3100 203 58 Henri
1320 3101 72 59 B.
1442 3102 76 57 de
1568 3101 327 59 Saussure.
1981 3102 220 75 [Paris]
383 3103 1971 136 Hachette

622 3211 13 44 [
637 3190 18 21 c
658 3181 165 72 1926]

453 3257 92 52 253,
579 3260 53 48 [1]
665 3272 39 39 p.
764 3256 118 45 illus.
910 3255 127 55 (incl.
1068 3256 130 52 map)
1235 3256 28 44 8
1292 3256 57 53 pl.
1376 3255 126 52 (incl.
1535 3256 151 52 front.,
1718 3257 166 53 ports.)
1956 3258 143 43 19½cm.

455 3317 65 42 At
546 3315 116 44 head
691 3315 50 44 of
770 3314 98 45 title:
927 3312 187 45 Marthe
1144 3313 136 45 Oulié
1310 3321 43 36 et
1384 3313 221 48 Hermine
1637 3314 55 44 de
1725 3313 234 46 Saussure.

379 3368 1999 113 © June 23, 1926; 1c. Sept. 27; A— Foreign 31934; M. Oulié, La Grave-par-Montbazens,
795 3429 230 52 Aveyron,
1059 3427 185 51 France,
1277 3427 37 44 &
1346 3427 220 44 Hermine
1597 3428 54 43 de
1685 3426 234 54 Saussure,
1952 3427 144 45 Paris.

460 3486 269 56 (26-20439)

386 3585 259 71 Peattie,
684 3585 251 59 Donald
973 3584 271 59 Culross.

456 3679 253 73 Bounty
735 3680 69 58 of
832 3678 196 73 earth,
1057 3679 83 73 by
1166 3679 248 59 Donald
1442 3678 256 61 Culross
1726 3677 248 60 Peattie
2000 3679 123 58 and
2149 3675 229 60 Louise

382 3755 280 61 Redfield
698 3754 278 74 Peattie;
1014 3754 395 62 decorations
1445 3757 82 72 by
1562 3756 327 73 Margaret
1925 3753 214 63 Evans
2177 3754 199 62 Price.

382 3833 151 61 New
567 3834 191 72 York,
794 3834 278 70 London,
1109 3833 74 58 D.
1220 3832 320 75 Appleton
1578 3835 122 58 and
1738 3852 322 55 company,
2100 3834 163 57 1926.

453 3911 1013 53 5 p. l., 3-243, [1] p. incl. plates. 19½cm.
385 3966 53 53 ©
469 3968 116 42 Nov.
619 3965 35 52 5,
689 3966 129 53 1926;
851 3968 63 41 2c.
946 3967 86 42 and
1061 3967 79 42 aff.
1171 3966 119 43 Nov.
1321 3966 49 51 9;
1406 3966 42 42 A
1478 3964 188 54 950852;
1700 3966 55 43 D.
1787 3967 230 52 Appleton
2047 3967 37 44 &
2115 3982 65 29 co.

461 4023 268 56 (26-20524)
