<alto xmlns="http://www.loc.gov/standards/alto/ns-v3#" xmlns:xlink="http://www.w3.org/1999/xlink" xmlns:xsi="http://www.w3.org/2001/XMLSchema-instance" xsi:schemaLocation="http://www.loc.gov/standards/alto/ns-v3# http://www.loc.gov/alto/v3/alto-3-0.xsd"><Description>
<MeasurementUnit>pixel</MeasurementUnit>
<sourceImageInformation>
<fileName>1926_v23_Part001.pdf</fileName>
</sourceImageInformation>
<OCRProcessing ID="IdOcr">
<ocrProcessingStep>
<processingDateTime>2019-04-10</processingDateTime>
<processingSoftware>
<softwareCreator>ABBYY</softwareCreator>
<softwareName>ABBYY Recognition Server</softwareName>
<softwareVersion>4.0</softwareVersion>
</processingSoftware>
</ocrProcessingStep>
</OCRProcessing>
</Description>
<Styles>
<ParagraphStyle ID="StyleId-FFFFFFFF-FFFF-FFFF-FFFF-FFFFFFFFFFFF-" ALIGN="Left" LEFT="0." RIGHT="0." FIRSTLINE="0."/>
<ParagraphStyle ID="StyleId-22C3EA86-D171-42E2-A7D2-9A866F7D91F9-" ALIGN="Left" LEFT="0." RIGHT="0." FIRSTLINE="0." LINESPACE="8.300000191"/>
<ParagraphStyle ID="StyleId-E3FA4CC6-F5E5-41CA-B4C4-90085BF71B6C-" ALIGN="Block" LEFT="0." RIGHT="0." FIRSTLINE="-14." LINESPACE="8.050000191"/>
<ParagraphStyle ID="StyleId-41118DB3-028A-4115-95B3-BB512DD0EDAE-" ALIGN="Left" LEFT="0." RIGHT="0." FIRSTLINE="-13." LINESPACE="13.30000019"/>
<ParagraphStyle ID="StyleId-A2FB4C2B-BF87-45AD-9689-33B0118FBFC1-" ALIGN="Block" LEFT="0." RIGHT="0." FIRSTLINE="-14." LINESPACE="11.06999969"/>
<ParagraphStyle ID="StyleId-BBBA7B5D-FE2B-4BC7-AC7D-F142900C21B8-" ALIGN="Block" LEFT="0." RIGHT="0." FIRSTLINE="0." LINESPACE="8.899999619"/>
<ParagraphStyle ID="StyleId-3CEA3EEE-4341-4E33-9EF0-A9438AB90A9B-" ALIGN="Center" LEFT="0." RIGHT="0." FIRSTLINE="0." LINESPACE="12.19999981"/>
<ParagraphStyle ID="StyleId-817955BE-3120-4B53-BBD3-920BAE733BFF-" ALIGN="Left" LEFT="0." RIGHT="0." FIRSTLINE="0." LINESPACE="12.19999981"/>
<ParagraphStyle ID="StyleId-456A266C-F799-486A-ACB1-75B61E9815AB-" ALIGN="Left" LEFT="0." RIGHT="0." FIRSTLINE="-13." LINESPACE="8.18999958"/>
<ParagraphStyle ID="StyleId-6A1E9ED6-E5EA-4E31-BD5A-88089B8D7134-" ALIGN="Right" LEFT="0." RIGHT="0." FIRSTLINE="0." LINESPACE="7.699999809"/>
<ParagraphStyle ID="StyleId-C11ABF73-04BC-4F6E-B7E4-01FCA3A26756-" ALIGN="Left" LEFT="0." RIGHT="0." FIRSTLINE="-13." LINESPACE="12.19999981"/>
<ParagraphStyle ID="StyleId-662CF6CF-DB5F-40BE-AD24-E877ED82DD6F-" ALIGN="Block" LEFT="0." RIGHT="0." FIRSTLINE="-14." LINESPACE="11.06999969"/>
<ParagraphStyle ID="StyleId-9361006B-74B5-41BD-BFD3-03318AD64910-" ALIGN="Left" LEFT="0." RIGHT="0." FIRSTLINE="0." LINESPACE="8.899999619"/>
</Styles>
<Layout>
<Page ID="Page859" PHYSICAL_IMG_NR="859" HEIGHT="4285" WIDTH="2542">
<TopMargin HEIGHT="330" WIDTH="2542" VPOS="0" HPOS="0">
</TopMargin>
<LeftMargin HEIGHT="3616" WIDTH="92" VPOS="330" HPOS="0">
</LeftMargin>
<RightMargin HEIGHT="3616" WIDTH="436" VPOS="330" HPOS="2106">
</RightMargin>
<BottomMargin HEIGHT="339" WIDTH="2542" VPOS="3946" HPOS="0">
<TextBlock ID="Page859_Block1" HEIGHT="74" WIDTH="175" VPOS="3952" HPOS="1014" LANG="en-US" STYLEREFS="StyleId-E742A611-EAA2-4169-BAA2-B3437452F2B2-">
<TextLine HEIGHT="54" WIDTH="107" VPOS="3956" HPOS="1046">
<String CONTENT="859" HEIGHT="54" WIDTH="107" VPOS="3956" HPOS="1046"/>
</TextLine>
</TextBlock>
</BottomMargin>
<PrintSpace HEIGHT="3616" WIDTH="2014" VPOS="330" HPOS="92">
<TextBlock ID="Page859_Block2" HEIGHT="3616" WIDTH="2014" VPOS="330" HPOS="92" LANG="en-US" CS="1" STYLEREFS="StyleId-AD9FB849-7A02-4CB3-BECC-07EA0A6574CA-">
<TextLine HEIGHT="107" WIDTH="1957" VPOS="426" HPOS="108" CS="1">
<String CONTENT="2" HEIGHT="41" WIDTH="28" VPOS="434" HPOS="176"/>
<SP HEIGHT="49" WIDTH="27" VPOS="434" HPOS="205"/>
<String CONTENT="p." HEIGHT="36" WIDTH="39" VPOS="447" HPOS="233"/>
<SP HEIGHT="44" WIDTH="28" VPOS="431" HPOS="273"/>
<String CS="1" CONTENT="l.,"/>
<SP HEIGHT="33" WIDTH="26" VPOS="450" HPOS="344"/>
<String CONTENT="vii-xvii," HEIGHT="51" WIDTH="198" VPOS="431" HPOS="371"/>
<SP HEIGHT="53" WIDTH="32" VPOS="429" HPOS="570"/>
<String CONTENT="540" HEIGHT="47" WIDTH="78" VPOS="429" HPOS="603"/>
<SP HEIGHT="48" WIDTH="28" VPOS="434" HPOS="682"/>
<String CONTENT="p." HEIGHT="35" WIDTH="39" VPOS="447" HPOS="711"/>
<SP HEIGHT="28" WIDTH="58" VPOS="446" HPOS="751"/>
<String CONTENT="col." HEIGHT="44" WIDTH="81" VPOS="433" HPOS="810"/>
<SP HEIGHT="47" WIDTH="32" VPOS="429" HPOS="892"/>
<String CONTENT="front.," HEIGHT="50" WIDTH="154" VPOS="429" HPOS="925"/>
<SP HEIGHT="47" WIDTH="30" VPOS="432" HPOS="1080"/>
<String CONTENT="illus.," HEIGHT="51" WIDTH="131" VPOS="430" HPOS="1111"/>
<SP HEIGHT="51" WIDTH="29" VPOS="430" HPOS="1243"/>
<String CONTENT="diagrs." HEIGHT="63" WIDTH="175" VPOS="429" HPOS="1273"/>
<SP HEIGHT="64" WIDTH="50" VPOS="428" HPOS="1449"/>
<String CONTENT="21" HEIGHT="42" WIDTH="47" VPOS="428" HPOS="1500"/>
<String STYLE="superscript" CONTENT="cm" HEIGHT="18" WIDTH="46" VPOS="430" HPOS="1561"/>
<String CONTENT="." HEIGHT="7" WIDTH="6" VPOS="463" HPOS="1615"/>
<SP HEIGHT="51" WIDTH="68" VPOS="428" HPOS="1622"/>
<String CONTENT="(Half-title:" HEIGHT="53" WIDTH="286" VPOS="426" HPOS="1691"/>
<SP HEIGHT="42" WIDTH="36" VPOS="427" HPOS="1978"/>
<String CONTENT="International" HEIGHT="106" WIDTH="1957" VPOS="427" HPOS="108"/>
</TextLine>
<TextLine HEIGHT="55" WIDTH="1554" VPOS="483" HPOS="401" CS="1">
<String CONTENT="chemical" HEIGHT="45" WIDTH="217" VPOS="487" HPOS="401"/>
<SP HEIGHT="43" WIDTH="24" VPOS="490" HPOS="619"/>
<String CONTENT="series," HEIGHT="50" WIDTH="149" VPOS="488" HPOS="644"/>
<SP HEIGHT="49" WIDTH="26" VPOS="489" HPOS="794"/>
<String CS="1" CONTENT="H."/>
<SP/>
<String CONTENT="P." HEIGHT="40" WIDTH="48" VPOS="490" HPOS="910"/>
<SP HEIGHT="43" WIDTH="26" VPOS="488" HPOS="959"/>
<String CONTENT="Talbot" HEIGHT="45" WIDTH="165" VPOS="486" HPOS="986"/>
<SP HEIGHT="35" WIDTH="27" VPOS="496" HPOS="1152"/>
<String CS="1" CONTENT="&#8230;"/>
<SP HEIGHT="27" WIDTH="25" VPOS="503" HPOS="1229"/>
<String CONTENT="consulting" HEIGHT="53" WIDTH="259" VPOS="483" HPOS="1255"/>
<SP HEIGHT="38" WIDTH="23" VPOS="498" HPOS="1515"/>
<String CONTENT="editor)" HEIGHT="49" WIDTH="172" VPOS="484" HPOS="1539"/>
<SP HEIGHT="49" WIDTH="121" VPOS="484" HPOS="1712"/>
<String CONTENT="$3.25" HEIGHT="49" WIDTH="121" VPOS="484" HPOS="1834"/>
</TextLine>
<TextLine HEIGHT="51" WIDTH="593" VPOS="543" HPOS="177">
<String CONTENT="Tables" HEIGHT="47" WIDTH="164" VPOS="543" HPOS="177"/>
<SP HEIGHT="30" WIDTH="25" VPOS="559" HPOS="342"/>
<String CONTENT="on" HEIGHT="28" WIDTH="59" VPOS="559" HPOS="368"/>
<SP HEIGHT="43" WIDTH="25" VPOS="544" HPOS="428"/>
<String CONTENT="lining-paper." HEIGHT="51" WIDTH="316" VPOS="543" HPOS="454"/>
</TextLine>
<TextLine HEIGHT="57" WIDTH="1980" VPOS="593" HPOS="108">
<String CONTENT="&#169;" HEIGHT="53" WIDTH="54" VPOS="596" HPOS="108"/>
<SP HEIGHT="53" WIDTH="27" VPOS="596" HPOS="163"/>
<String CONTENT="Aug." HEIGHT="51" WIDTH="115" VPOS="599" HPOS="191"/>
<SP HEIGHT="41" WIDTH="33" VPOS="599" HPOS="307"/>
<String CONTENT="10," HEIGHT="46" WIDTH="61" VPOS="597" HPOS="341"/>
<SP HEIGHT="45" WIDTH="30" VPOS="598" HPOS="403"/>
<String CONTENT="1926;" HEIGHT="51" WIDTH="124" VPOS="597" HPOS="434"/>
<SP HEIGHT="50" WIDTH="29" VPOS="598" HPOS="559"/>
<String CONTENT="2c." HEIGHT="41" WIDTH="62" VPOS="598" HPOS="589"/>
<SP HEIGHT="41" WIDTH="29" VPOS="597" HPOS="652"/>
<String CONTENT="Aug." HEIGHT="51" WIDTH="117" VPOS="597" HPOS="682"/>
<SP HEIGHT="40" WIDTH="32" VPOS="598" HPOS="800"/>
<String CONTENT="13;" HEIGHT="50" WIDTH="71" VPOS="597" HPOS="833"/>
<SP HEIGHT="36" WIDTH="29" VPOS="611" HPOS="905"/>
<String CONTENT="aff." HEIGHT="42" WIDTH="77" VPOS="597" HPOS="935"/>
<SP HEIGHT="42" WIDTH="28" VPOS="597" HPOS="1013"/>
<String CONTENT="Aug." HEIGHT="50" WIDTH="117" VPOS="597" HPOS="1042"/>
<SP HEIGHT="39" WIDTH="34" VPOS="598" HPOS="1160"/>
<String CONTENT="12;" HEIGHT="45" WIDTH="70" VPOS="596" HPOS="1195"/>
<SP HEIGHT="46" WIDTH="34" VPOS="595" HPOS="1266"/>
<!-- cceid 03151A4D-6E1B-1014-9B7B-CA07F191E62B --><String CONTENT="A" HEIGHT="41" WIDTH="41" VPOS="595" HPOS="1301"/>
<SP HEIGHT="42" WIDTH="30" VPOS="595" HPOS="1343"/>
<String CONTENT="901434;" HEIGHT="51" WIDTH="186" VPOS="594" HPOS="1374"/>
<SP HEIGHT="50" WIDTH="32" VPOS="595" HPOS="1561"/>
<String CONTENT="McGraw-Hill" HEIGHT="44" WIDTH="345" VPOS="593" HPOS="1594"/>
<SP HEIGHT="43" WIDTH="28" VPOS="593" HPOS="1940"/>
<String CONTENT="book" HEIGHT="43" WIDTH="119" VPOS="593" HPOS="1969"/>
</TextLine>
<TextLine HEIGHT="63" WIDTH="531" VPOS="644" HPOS="178">
<String CONTENT="co.," HEIGHT="36" WIDTH="79" VPOS="670" HPOS="178"/>
<SP HEIGHT="51" WIDTH="34" VPOS="655" HPOS="258"/>
<String CONTENT="inc." HEIGHT="42" WIDTH="80" VPOS="655" HPOS="293"/>
<SP HEIGHT="63" WIDTH="42" VPOS="644" HPOS="400"/>
<String CONTENT="(26-14748)" HEIGHT="54" WIDTH="266" VPOS="653" HPOS="443"/>
</TextLine>
<TextLine HEIGHT="74" WIDTH="1105" VPOS="752" HPOS="111" STYLEREFS="StyleId-A5970B81-DF98-4465-BBE1-81B49E295610-">
<String CONTENT="California." HEIGHT="57" WIDTH="362" VPOS="752" HPOS="111"/>
<SP HEIGHT="54" WIDTH="81" VPOS="755" HPOS="474"/>
<String CONTENT="Laws," HEIGHT="71" WIDTH="191" VPOS="755" HPOS="556"/>
<SP HEIGHT="54" WIDTH="37" VPOS="772" HPOS="748"/>
<String CONTENT="statutes," HEIGHT="67" WIDTH="283" VPOS="758" HPOS="786"/>
<SP HEIGHT="53" WIDTH="38" VPOS="772" HPOS="1070"/>
<String CONTENT="etc." HEIGHT="52" WIDTH="107" VPOS="757" HPOS="1109"/>
</TextLine>
<TextLine HEIGHT="73" WIDTH="1899" VPOS="841" HPOS="188" STYLEREFS="StyleId-2C5CB782-0D41-4778-9626-27B24D98A41C-">
<String CONTENT="Consolidated" HEIGHT="57" WIDTH="439" VPOS="844" HPOS="188"/>
<SP HEIGHT="55" WIDTH="28" VPOS="846" HPOS="628"/>
<String CONTENT="supplement" HEIGHT="69" WIDTH="389" VPOS="845" HPOS="657"/>
<SP HEIGHT="53" WIDTH="26" VPOS="847" HPOS="1047"/>
<String CONTENT="to" HEIGHT="53" WIDTH="62" VPOS="847" HPOS="1074"/>
<SP HEIGHT="53" WIDTH="27" VPOS="847" HPOS="1137"/>
<String CONTENT="the" HEIGHT="56" WIDTH="102" VPOS="844" HPOS="1165"/>
<SP HEIGHT="36" WIDTH="28" VPOS="863" HPOS="1268"/>
<String CONTENT="codes" HEIGHT="55" WIDTH="180" VPOS="844" HPOS="1297"/>
<SP HEIGHT="37" WIDTH="28" VPOS="862" HPOS="1478"/>
<String CONTENT="and" HEIGHT="56" WIDTH="121" VPOS="842" HPOS="1507"/>
<SP HEIGHT="71" WIDTH="27" VPOS="842" HPOS="1629"/>
<String CONTENT="general" HEIGHT="72" WIDTH="254" VPOS="841" HPOS="1657"/>
<SP HEIGHT="54" WIDTH="24" VPOS="841" HPOS="1912"/>
<String CONTENT="laws" HEIGHT="55" WIDTH="150" VPOS="841" HPOS="1937"/>
</TextLine>
<TextLine HEIGHT="153" WIDTH="1956" VPOS="917" HPOS="107" STYLEREFS="StyleId-2C5CB782-0D41-4778-9626-27B24D98A41C-" CS="1">
<String CONTENT="of" HEIGHT="55" WIDTH="66" VPOS="922" HPOS="110"/>
<SP HEIGHT="56" WIDTH="25" VPOS="922" HPOS="177"/>
<String CONTENT="the" HEIGHT="56" WIDTH="101" VPOS="922" HPOS="203"/>
<SP HEIGHT="37" WIDTH="32" VPOS="942" HPOS="305"/>
<String CONTENT="state" HEIGHT="53" WIDTH="160" VPOS="926" HPOS="338"/>
<SP HEIGHT="37" WIDTH="30" VPOS="941" HPOS="499"/>
<String CONTENT="of" HEIGHT="55" WIDTH="65" VPOS="922" HPOS="530"/>
<SP HEIGHT="58" WIDTH="29" VPOS="921" HPOS="596"/>
<String CONTENT="California," HEIGHT="72" WIDTH="367" VPOS="921" HPOS="626"/>
<SP HEIGHT="52" WIDTH="31" VPOS="941" HPOS="994"/>
<String CONTENT="showing" HEIGHT="71" WIDTH="276" VPOS="921" HPOS="1026"/>
<SP HEIGHT="52" WIDTH="29" VPOS="940" HPOS="1303"/>
<String CONTENT="all" HEIGHT="55" WIDTH="83" VPOS="921" HPOS="1333"/>
<SP HEIGHT="56" WIDTH="26" VPOS="921" HPOS="1417"/>
<String CONTENT="the" HEIGHT="56" WIDTH="102" VPOS="921" HPOS="1444"/>
<SP HEIGHT="38" WIDTH="28" VPOS="938" HPOS="1547"/>
<String CONTENT="changes" HEIGHT="70" WIDTH="266" VPOS="920" HPOS="1576"/>
<SP HEIGHT="38" WIDTH="31" VPOS="937" HPOS="1843"/>
<String CONTENT="affecting" HEIGHT="153" WIDTH="1956" VPOS="917" HPOS="107"/>
</TextLine>
<TextLine HEIGHT="152" WIDTH="1976" VPOS="996" HPOS="108" STYLEREFS="StyleId-2C5CB782-0D41-4778-9626-27B24D98A41C-" CS="1">
<String CONTENT="the" HEIGHT="55" WIDTH="103" VPOS="1000" HPOS="249"/>
<SP HEIGHT="36" WIDTH="33" VPOS="1019" HPOS="353"/>
<String CONTENT="codes" HEIGHT="54" WIDTH="177" VPOS="1001" HPOS="387"/>
<SP HEIGHT="37" WIDTH="36" VPOS="1018" HPOS="565"/>
<String CONTENT="and" HEIGHT="55" WIDTH="121" VPOS="1000" HPOS="602"/>
<SP HEIGHT="55" WIDTH="34" VPOS="1000" HPOS="724"/>
<String CONTENT="the" HEIGHT="55" WIDTH="101" VPOS="1000" HPOS="759"/>
<SP HEIGHT="52" WIDTH="37" VPOS="1018" HPOS="861"/>
<String CONTENT="general" HEIGHT="71" WIDTH="253" VPOS="999" HPOS="899"/>
<SP HEIGHT="54" WIDTH="31" VPOS="999" HPOS="1153"/>
<String CONTENT="laws" HEIGHT="55" WIDTH="150" VPOS="999" HPOS="1185"/>
<SP HEIGHT="52" WIDTH="33" VPOS="1016" HPOS="1336"/>
<String CONTENT="passed" HEIGHT="70" WIDTH="233" VPOS="998" HPOS="1370"/>
<SP HEIGHT="57" WIDTH="30" VPOS="997" HPOS="1604"/>
<String CONTENT="by" HEIGHT="70" WIDTH="81" VPOS="997" HPOS="1635"/>
<SP HEIGHT="68" WIDTH="31" VPOS="999" HPOS="1717"/>
<String CONTENT="the" HEIGHT="57" WIDTH="103" VPOS="996" HPOS="1749"/>
<SP HEIGHT="55" WIDTH="36" VPOS="996" HPOS="1853"/>
<String CONTENT="forty-fourth," HEIGHT="152" WIDTH="1976" VPOS="996" HPOS="108"/>
</TextLine>
<TextLine HEIGHT="135" WIDTH="1958" VPOS="1074" HPOS="106" STYLEREFS="StyleId-2C5CB782-0D41-4778-9626-27B24D98A41C-" CS="1">
<String CONTENT="forty-fifth," HEIGHT="72" WIDTH="361" VPOS="1076" HPOS="377"/>
<SP HEIGHT="52" WIDTH="34" VPOS="1096" HPOS="739"/>
<String CONTENT="and" HEIGHT="55" WIDTH="121" VPOS="1078" HPOS="774"/>
<SP HEIGHT="56" WIDTH="33" VPOS="1077" HPOS="896"/>
<String CONTENT="forty-sixth" HEIGHT="72" WIDTH="369" VPOS="1075" HPOS="930"/>
<SP HEIGHT="56" WIDTH="33" VPOS="1076" HPOS="1300"/>
<String CONTENT="sessions" HEIGHT="57" WIDTH="272" VPOS="1075" HPOS="1334"/>
<SP HEIGHT="37" WIDTH="33" VPOS="1094" HPOS="1607"/>
<String CONTENT="of" HEIGHT="56" WIDTH="65" VPOS="1075" HPOS="1641"/>
<SP HEIGHT="56" WIDTH="33" VPOS="1075" HPOS="1707"/>
<String CONTENT="the" HEIGHT="56" WIDTH="102" VPOS="1075" HPOS="1741"/>
<SP HEIGHT="56" WIDTH="34" VPOS="1075" HPOS="1844"/>
<String CONTENT="Legislature" HEIGHT="135" WIDTH="1958" VPOS="1074" HPOS="106"/>
</TextLine>
<TextLine HEIGHT="73" WIDTH="1728" VPOS="1151" HPOS="360" STYLEREFS="StyleId-2C5CB782-0D41-4778-9626-27B24D98A41C-" CS="1">
<String CONTENT="(1921-1925)" HEIGHT="71" WIDTH="394" VPOS="1153" HPOS="360"/>
<SP HEIGHT="70" WIDTH="55" VPOS="1154" HPOS="755"/>
<String CS="1" CONTENT="&#8230;"/>
<SP HEIGHT="51" WIDTH="81" VPOS="1173" HPOS="873"/>
<String CONTENT="pt." HEIGHT="67" WIDTH="86" VPOS="1157" HPOS="955"/>
<SP HEIGHT="54" WIDTH="44" VPOS="1155" HPOS="1042"/>
<String CONTENT="2." HEIGHT="54" WIDTH="48" VPOS="1155" HPOS="1087"/>
<SP HEIGHT="59" WIDTH="84" VPOS="1151" HPOS="1136"/>
<String CONTENT="Compiled" HEIGHT="72" WIDTH="321" VPOS="1151" HPOS="1221"/>
<SP HEIGHT="56" WIDTH="42" VPOS="1153" HPOS="1543"/>
<String CONTENT="and" HEIGHT="56" WIDTH="121" VPOS="1153" HPOS="1586"/>
<SP HEIGHT="56" WIDTH="42" VPOS="1153" HPOS="1708"/>
<String CONTENT="annotated" HEIGHT="56" WIDTH="337" VPOS="1153" HPOS="1751"/>
</TextLine>
<TextLine HEIGHT="151" WIDTH="1960" VPOS="1229" HPOS="105" STYLEREFS="StyleId-2C5CB782-0D41-4778-9626-27B24D98A41C-" CS="1">
<String CONTENT="by" HEIGHT="69" WIDTH="81" VPOS="1232" HPOS="106"/>
<SP HEIGHT="72" WIDTH="49" VPOS="1229" HPOS="188"/>
<String CONTENT="Curtis" HEIGHT="58" WIDTH="209" VPOS="1229" HPOS="238"/>
<SP HEIGHT="54" WIDTH="50" VPOS="1232" HPOS="448"/>
<String CONTENT="Hillyer." HEIGHT="71" WIDTH="261" VPOS="1231" HPOS="499"/>
<SP HEIGHT="57" WIDTH="91" VPOS="1231" HPOS="761"/>
<String CONTENT="San" HEIGHT="57" WIDTH="122" VPOS="1231" HPOS="853"/>
<SP HEIGHT="54" WIDTH="53" VPOS="1232" HPOS="976"/>
<String CONTENT="Francisco," HEIGHT="69" WIDTH="354" VPOS="1231" HPOS="1030"/>
<SP HEIGHT="69" WIDTH="46" VPOS="1231" HPOS="1385"/>
<String CONTENT="Bender-Moss" HEIGHT="57" WIDTH="449" VPOS="1230" HPOS="1432"/>
<SP HEIGHT="38" WIDTH="50" VPOS="1248" HPOS="1882"/>
<String CONTENT="company," HEIGHT="132" WIDTH="1960" VPOS="1248" HPOS="105"/>
<SP HEIGHT="70" WIDTH="32" VPOS="1310" HPOS="291"/>
<String CONTENT="1926." HEIGHT="55" WIDTH="163" VPOS="1309" HPOS="324"/>
</TextLine>
<TextLine HEIGHT="54" WIDTH="611" VPOS="1382" HPOS="175" STYLEREFS="StyleId-2C5CB782-0D41-4778-9626-27B24D98A41C-" CS="1">
<String LANG="la" CONTENT="iv," HEIGHT="51" WIDTH="56" VPOS="1384" HPOS="175"/>
<SP/>
<String CONTENT="2099-4205" HEIGHT="45" WIDTH="246" VPOS="1382" HPOS="262"/>
<SP HEIGHT="54" WIDTH="32" VPOS="1382" HPOS="509"/>
<String CONTENT="p." HEIGHT="36" WIDTH="37" VPOS="1400" HPOS="542"/>
<SP HEIGHT="43" WIDTH="57" VPOS="1385" HPOS="580"/>
<String CS="1" CONTENT="25&#189;c" HEIGHT="43" WIDTH="26" VPOS="1385" HPOS="638"/>
<String STYLE="superscript" CONTENT="m" HEIGHT="16" WIDTH="28" VPOS="1388" HPOS="744"/>
<String CONTENT="." HEIGHT="8" WIDTH="8" VPOS="1421" HPOS="778"/>
</TextLine>
<TextLine HEIGHT="55" WIDTH="1731" VPOS="1439" HPOS="106">
<String CONTENT="&#169;" HEIGHT="53" WIDTH="53" VPOS="1439" HPOS="106"/>
<SP HEIGHT="53" WIDTH="25" VPOS="1439" HPOS="160"/>
<String CONTENT="Aug." HEIGHT="51" WIDTH="116" VPOS="1442" HPOS="186"/>
<SP HEIGHT="41" WIDTH="28" VPOS="1443" HPOS="303"/>
<String CONTENT="9," HEIGHT="49" WIDTH="37" VPOS="1443" HPOS="332"/>
<SP HEIGHT="50" WIDTH="32" VPOS="1442" HPOS="370"/>
<String CONTENT="1926;" HEIGHT="50" WIDTH="126" VPOS="1442" HPOS="403"/>
<SP HEIGHT="51" WIDTH="27" VPOS="1441" HPOS="530"/>
<String CONTENT="2c." HEIGHT="43" WIDTH="63" VPOS="1441" HPOS="558"/>
<SP HEIGHT="27" WIDTH="27" VPOS="1457" HPOS="622"/>
<String CONTENT="and" HEIGHT="42" WIDTH="84" VPOS="1442" HPOS="650"/>
<SP HEIGHT="42" WIDTH="25" VPOS="1442" HPOS="735"/>
<String CONTENT="aff." HEIGHT="41" WIDTH="77" VPOS="1443" HPOS="761"/>
<SP HEIGHT="41" WIDTH="26" VPOS="1443" HPOS="839"/>
<String CONTENT="Aug." HEIGHT="51" WIDTH="118" VPOS="1443" HPOS="866"/>
<SP HEIGHT="41" WIDTH="33" VPOS="1443" HPOS="985"/>
<String CONTENT="16;" HEIGHT="51" WIDTH="71" VPOS="1442" HPOS="1019"/>
<SP HEIGHT="50" WIDTH="30" VPOS="1443" HPOS="1091"/>
<!-- cceid 03156572-6E1B-1014-9B7B-CA07F191E62B --><String CONTENT="A" HEIGHT="41" WIDTH="41" VPOS="1443" HPOS="1122"/>
<SP HEIGHT="43" WIDTH="26" VPOS="1443" HPOS="1164"/>
<String CONTENT="897815;" HEIGHT="53" WIDTH="188" VPOS="1440" HPOS="1191"/>
<SP HEIGHT="51" WIDTH="34" VPOS="1442" HPOS="1380"/>
<String CONTENT="Bender-Moss" HEIGHT="43" WIDTH="329" VPOS="1442" HPOS="1415"/>
<SP HEIGHT="28" WIDTH="27" VPOS="1456" HPOS="1745"/>
<String CONTENT="co." HEIGHT="28" WIDTH="64" VPOS="1456" HPOS="1773"/>
</TextLine>
<TextLine HEIGHT="73" WIDTH="947" VPOS="1541" HPOS="109" STYLEREFS="StyleId-DAFBCA14-7111-48E1-B644-A2D7C69D5213-">
<String CONTENT="Canadian" HEIGHT="58" WIDTH="323" VPOS="1541" HPOS="109"/>
<SP HEIGHT="57" WIDTH="28" VPOS="1542" HPOS="433"/>
<String CONTENT="British" HEIGHT="57" WIDTH="240" VPOS="1541" HPOS="462"/>
<SP HEIGHT="55" WIDTH="28" VPOS="1543" HPOS="703"/>
<String CONTENT="corp.," HEIGHT="57" WIDTH="182" VPOS="1557" HPOS="732"/>
<SP HEIGHT="69" WIDTH="31" VPOS="1541" HPOS="915"/>
<String CONTENT="ltd." HEIGHT="57" WIDTH="109" VPOS="1541" HPOS="947"/>
</TextLine>
<TextLine HEIGHT="72" WIDTH="1808" VPOS="1631" HPOS="185" STYLEREFS="StyleId-2C5CB782-0D41-4778-9626-27B24D98A41C-" CS="1">
<String CONTENT="Canada," HEIGHT="71" WIDTH="272" VPOS="1632" HPOS="185"/>
<SP HEIGHT="50" WIDTH="43" VPOS="1653" HPOS="458"/>
<String CONTENT="a" HEIGHT="35" WIDTH="33" VPOS="1653" HPOS="502"/>
<SP HEIGHT="56" WIDTH="39" VPOS="1632" HPOS="536"/>
<String CONTENT="field" HEIGHT="57" WIDTH="145" VPOS="1632" HPOS="576"/>
<SP HEIGHT="55" WIDTH="37" VPOS="1634" HPOS="722"/>
<String CONTENT="for" HEIGHT="54" WIDTH="100" VPOS="1634" HPOS="760"/>
<SP HEIGHT="36" WIDTH="43" VPOS="1653" HPOS="861"/>
<String CONTENT="safe" HEIGHT="55" WIDTH="135" VPOS="1634" HPOS="905"/>
<SP HEIGHT="36" WIDTH="43" VPOS="1653" HPOS="1041"/>
<String CONTENT="and" HEIGHT="54" WIDTH="121" VPOS="1635" HPOS="1085"/>
<SP HEIGHT="67" WIDTH="39" VPOS="1635" HPOS="1207"/>
<String CONTENT="profitable" HEIGHT="71" WIDTH="329" VPOS="1631" HPOS="1247"/>
<SP HEIGHT="55" WIDTH="38" VPOS="1633" HPOS="1577"/>
<String CS="1" CONTENT="investment." HEIGHT="56" WIDTH="377" VPOS="1633" HPOS="1616"/>
</TextLine>
<TextLine HEIGHT="51" WIDTH="600" VPOS="1709" HPOS="174" STYLEREFS="StyleId-2C5CB782-0D41-4778-9626-27B24D98A41C-">
<String CONTENT="cover-title," HEIGHT="49" WIDTH="264" VPOS="1709" HPOS="174"/>
<SP HEIGHT="49" WIDTH="36" VPOS="1709" HPOS="439"/>
<String CONTENT="16" HEIGHT="42" WIDTH="48" VPOS="1709" HPOS="476"/>
<SP HEIGHT="51" WIDTH="26" VPOS="1709" HPOS="525"/>
<String CONTENT="p." HEIGHT="37" WIDTH="40" VPOS="1723" HPOS="552"/>
<SP HEIGHT="41" WIDTH="58" VPOS="1710" HPOS="593"/>
<String CONTENT="24" HEIGHT="42" WIDTH="53" VPOS="1710" HPOS="652"/>
<String STYLE="superscript" CONTENT="cm" HEIGHT="17" WIDTH="45" VPOS="1711" HPOS="713"/>
<String CONTENT="." HEIGHT="8" WIDTH="9" VPOS="1745" HPOS="765"/>
</TextLine>
<TextLine HEIGHT="55" WIDTH="1982" VPOS="1764" HPOS="105" CS="1">
<String CONTENT="&#169;" HEIGHT="53" WIDTH="52" VPOS="1764" HPOS="105"/>
<SP HEIGHT="53" WIDTH="29" VPOS="1764" HPOS="158"/>
<String CS="1" CONTENT="1c."/>
<SP HEIGHT="43" WIDTH="25" VPOS="1766" HPOS="247"/>
<String CONTENT="Aug." HEIGHT="52" WIDTH="118" VPOS="1766" HPOS="273"/>
<SP HEIGHT="43" WIDTH="24" VPOS="1766" HPOS="392"/>
<String CONTENT="27," HEIGHT="53" WIDTH="66" VPOS="1764" HPOS="417"/>
<SP HEIGHT="49" WIDTH="27" VPOS="1768" HPOS="484"/>
<String CONTENT="1926;" HEIGHT="51" WIDTH="127" VPOS="1766" HPOS="512"/>
<SP HEIGHT="50" WIDTH="27" VPOS="1767" HPOS="640"/>
<!-- cceid 0315AE67-6E1B-1014-9B7B-CA07F191E62B --><String CONTENT="A" HEIGHT="41" WIDTH="42" VPOS="1767" HPOS="668"/>
<SP HEIGHT="41" WIDTH="26" VPOS="1767" HPOS="711"/>
<String CONTENT="ad" HEIGHT="42" WIDTH="55" VPOS="1767" HPOS="738"/>
<SP HEIGHT="43" WIDTH="25" VPOS="1766" HPOS="794"/>
<String CONTENT="int." HEIGHT="43" WIDTH="76" VPOS="1766" HPOS="820"/>
<SP HEIGHT="42" WIDTH="25" VPOS="1766" HPOS="897"/>
<String CONTENT="8482;" HEIGHT="50" WIDTH="130" VPOS="1766" HPOS="923"/>
<SP HEIGHT="37" WIDTH="29" VPOS="1781" HPOS="1054"/>
<String CONTENT="pubd." HEIGHT="51" WIDTH="129" VPOS="1767" HPOS="1084"/>
<SP HEIGHT="42" WIDTH="28" VPOS="1767" HPOS="1214"/>
<String CONTENT="Aug." HEIGHT="52" WIDTH="116" VPOS="1767" HPOS="1243"/>
<SP HEIGHT="41" WIDTH="30" VPOS="1767" HPOS="1360"/>
<String CONTENT="11;" HEIGHT="50" WIDTH="74" VPOS="1767" HPOS="1391"/>
<SP HEIGHT="50" WIDTH="29" VPOS="1767" HPOS="1466"/>
<String CONTENT="Alfred" HEIGHT="44" WIDTH="165" VPOS="1765" HPOS="1496"/>
<SP HEIGHT="42" WIDTH="26" VPOS="1767" HPOS="1662"/>
<String CONTENT="Douglas" HEIGHT="52" WIDTH="205" VPOS="1766" HPOS="1689"/>
<SP HEIGHT="43" WIDTH="25" VPOS="1767" HPOS="1895"/>
<String CONTENT="Watts," HEIGHT="52" WIDTH="166" VPOS="1767" HPOS="1921"/>
</TextLine>
<TextLine HEIGHT="52" WIDTH="449" VPOS="1821" HPOS="175">
<String CONTENT="Toronto," HEIGHT="52" WIDTH="217" VPOS="1821" HPOS="175"/>
<SP HEIGHT="51" WIDTH="39" VPOS="1822" HPOS="393"/>
<String CONTENT="Canada." HEIGHT="44" WIDTH="191" VPOS="1822" HPOS="433"/>
</TextLine>
<TextLine HEIGHT="74" WIDTH="974" VPOS="1922" HPOS="108" STYLEREFS="StyleId-DAFBCA14-7111-48E1-B644-A2D7C69D5213-">
<String CONTENT="Canadian" HEIGHT="58" WIDTH="322" VPOS="1922" HPOS="108"/>
<SP HEIGHT="40" WIDTH="28" VPOS="1939" HPOS="431"/>
<String CONTENT="national" HEIGHT="56" WIDTH="279" VPOS="1923" HPOS="460"/>
<SP HEIGHT="56" WIDTH="29" VPOS="1923" HPOS="740"/>
<String CONTENT="railways." HEIGHT="74" WIDTH="312" VPOS="1922" HPOS="770"/>
</TextLine>
<TextLine HEIGHT="134" WIDTH="1959" VPOS="2014" HPOS="105" STYLEREFS="StyleId-2C5CB782-0D41-4778-9626-27B24D98A41C-" CS="1">
<String CONTENT="Maps" HEIGHT="71" WIDTH="183" VPOS="2014" HPOS="184"/>
<SP HEIGHT="37" WIDTH="38" VPOS="2034" HPOS="368"/>
<String CONTENT="and" HEIGHT="56" WIDTH="123" VPOS="2015" HPOS="407"/>
<SP HEIGHT="56" WIDTH="35" VPOS="2015" HPOS="531"/>
<String CONTENT="information" HEIGHT="56" WIDTH="409" VPOS="2014" HPOS="567"/>
<SP HEIGHT="54" WIDTH="38" VPOS="2015" HPOS="977"/>
<String CONTENT="issued" HEIGHT="56" WIDTH="211" VPOS="2015" HPOS="1016"/>
<SP HEIGHT="55" WIDTH="42" VPOS="2016" HPOS="1228"/>
<String CONTENT="as" HEIGHT="37" WIDTH="67" VPOS="2034" HPOS="1271"/>
<SP HEIGHT="37" WIDTH="41" VPOS="2034" HPOS="1339"/>
<String CONTENT="aids" HEIGHT="56" WIDTH="135" VPOS="2015" HPOS="1381"/>
<SP HEIGHT="54" WIDTH="40" VPOS="2017" HPOS="1517"/>
<String CONTENT="to" HEIGHT="53" WIDTH="63" VPOS="2017" HPOS="1558"/>
<SP HEIGHT="53" WIDTH="40" VPOS="2018" HPOS="1622"/>
<String CONTENT="the" HEIGHT="56" WIDTH="101" VPOS="2015" HPOS="1663"/>
<SP HEIGHT="56" WIDTH="40" VPOS="2016" HPOS="1765"/>
<String CONTENT="development" HEIGHT="132" WIDTH="1959" VPOS="2016" HPOS="105"/>
</TextLine>
<TextLine HEIGHT="135" WIDTH="1959" VPOS="2091" HPOS="105" STYLEREFS="StyleId-2C5CB782-0D41-4778-9626-27B24D98A41C-" CS="1">
<String CONTENT="of" HEIGHT="56" WIDTH="66" VPOS="2092" HPOS="317"/>
<SP HEIGHT="56" WIDTH="41" VPOS="2092" HPOS="384"/>
<String CONTENT="the" HEIGHT="55" WIDTH="106" VPOS="2093" HPOS="426"/>
<SP HEIGHT="37" WIDTH="36" VPOS="2111" HPOS="533"/>
<String CONTENT="mineral" HEIGHT="57" WIDTH="265" VPOS="2091" HPOS="570"/>
<SP HEIGHT="55" WIDTH="40" VPOS="2092" HPOS="836"/>
<String CONTENT="resources" HEIGHT="39" WIDTH="321" VPOS="2110" HPOS="877"/>
<SP HEIGHT="37" WIDTH="44" VPOS="2111" HPOS="1199"/>
<String CONTENT="along" HEIGHT="72" WIDTH="183" VPOS="2092" HPOS="1244"/>
<SP HEIGHT="69" WIDTH="42" VPOS="2095" HPOS="1428"/>
<String CONTENT="the" HEIGHT="56" WIDTH="101" VPOS="2093" HPOS="1471"/>
<SP HEIGHT="58" WIDTH="48" VPOS="2092" HPOS="1573"/>
<String CONTENT="Canadian" HEIGHT="58" WIDTH="319" VPOS="2092" HPOS="1622"/>
<SP HEIGHT="36" WIDTH="43" VPOS="2112" HPOS="1942"/>
<String CONTENT="national" HEIGHT="113" WIDTH="1959" VPOS="2113" HPOS="105"/>
</TextLine>
<TextLine HEIGHT="74" WIDTH="1611" VPOS="2168" HPOS="332" STYLEREFS="StyleId-2C5CB782-0D41-4778-9626-27B24D98A41C-" CS="1">
<String CS="1" CONTENT="railways" HEIGHT="70" WIDTH="258" VPOS="2169" HPOS="332"/>
<SP HEIGHT="64" WIDTH="26" VPOS="2170" HPOS="628"/>
<String CONTENT="in" HEIGHT="55" WIDTH="58" VPOS="2170" HPOS="655"/>
<SP HEIGHT="54" WIDTH="38" VPOS="2171" HPOS="714"/>
<String CONTENT="North-eastern" HEIGHT="56" WIDTH="480" VPOS="2170" HPOS="753"/>
<SP HEIGHT="58" WIDTH="33" VPOS="2168" HPOS="1234"/>
<String CONTENT="Canada," HEIGHT="73" WIDTH="273" VPOS="2168" HPOS="1268"/>
<SP HEIGHT="70" WIDTH="32" VPOS="2171" HPOS="1542"/>
<String CONTENT="July," HEIGHT="71" WIDTH="168" VPOS="2171" HPOS="1575"/>
<SP HEIGHT="69" WIDTH="35" VPOS="2173" HPOS="1744"/>
<String CONTENT="1926." HEIGHT="55" WIDTH="163" VPOS="2172" HPOS="1780"/>
</TextLine>
<TextLine HEIGHT="54" WIDTH="1243" VPOS="2245" HPOS="175" CS="1">
<String CONTENT="80" HEIGHT="42" WIDTH="51" VPOS="2246" HPOS="175"/>
<SP HEIGHT="51" WIDTH="24" VPOS="2246" HPOS="227"/>
<String CONTENT="p." HEIGHT="38" WIDTH="38" VPOS="2259" HPOS="252"/>
<SP HEIGHT="42" WIDTH="27" VPOS="2246" HPOS="291"/>
<String CS="1" CONTENT="incl."/>
<SP HEIGHT="42" WIDTH="27" VPOS="2245" HPOS="419"/>
<String CONTENT="illus.," HEIGHT="50" WIDTH="126" VPOS="2246" HPOS="447"/>
<SP HEIGHT="35" WIDTH="26" VPOS="2261" HPOS="574"/>
<String CONTENT="maps" HEIGHT="36" WIDTH="123" VPOS="2261" HPOS="601"/>
<SP HEIGHT="52" WIDTH="26" VPOS="2247" HPOS="725"/>
<String CONTENT="(part" HEIGHT="52" WIDTH="125" VPOS="2247" HPOS="752"/>
<SP HEIGHT="44" WIDTH="25" VPOS="2245" HPOS="878"/>
<String CONTENT="fold.)" HEIGHT="53" WIDTH="135" VPOS="2245" HPOS="904"/>
<SP HEIGHT="52" WIDTH="35" VPOS="2246" HPOS="1040"/>
<String CONTENT="diagrs." HEIGHT="52" WIDTH="165" VPOS="2246" HPOS="1076"/>
<SP HEIGHT="42" WIDTH="53" VPOS="2246" HPOS="1242"/>
<String CONTENT="25" HEIGHT="44" WIDTH="53" VPOS="2245" HPOS="1296"/>
<String STYLE="superscript" CONTENT="cm" HEIGHT="17" WIDTH="46" VPOS="2249" HPOS="1358"/>
<String CONTENT="." HEIGHT="8" WIDTH="7" VPOS="2282" HPOS="1411"/>
</TextLine>
<TextLine HEIGHT="111" WIDTH="1963" VPOS="2301" HPOS="105" CS="1">
<String CONTENT="&#169;" HEIGHT="53" WIDTH="53" VPOS="2301" HPOS="105"/>
<SP HEIGHT="53" WIDTH="30" VPOS="2301" HPOS="159"/>
<String CS="1" CONTENT="1c."/>
<SP HEIGHT="42" WIDTH="27" VPOS="2303" HPOS="250"/>
<String CONTENT="Aug." HEIGHT="52" WIDTH="117" VPOS="2303" HPOS="278"/>
<SP HEIGHT="42" WIDTH="28" VPOS="2303" HPOS="396"/>
<String CONTENT="26," HEIGHT="49" WIDTH="63" VPOS="2303" HPOS="425"/>
<SP HEIGHT="48" WIDTH="32" VPOS="2304" HPOS="489"/>
<String CONTENT="1926;" HEIGHT="51" WIDTH="127" VPOS="2303" HPOS="522"/>
<SP HEIGHT="50" WIDTH="30" VPOS="2304" HPOS="650"/>
<!-- cceid 0315F98B-6E1B-1014-9B7B-CA07F191E62B --><String CONTENT="A" HEIGHT="41" WIDTH="42" VPOS="2304" HPOS="681"/>
<SP HEIGHT="42" WIDTH="28" VPOS="2304" HPOS="724"/>
<String CONTENT="ad" HEIGHT="42" WIDTH="56" VPOS="2304" HPOS="753"/>
<SP HEIGHT="42" WIDTH="25" VPOS="2304" HPOS="810"/>
<String CONTENT="int." HEIGHT="42" WIDTH="75" VPOS="2304" HPOS="836"/>
<SP HEIGHT="43" WIDTH="27" VPOS="2305" HPOS="912"/>
<String CONTENT="8487;" HEIGHT="52" WIDTH="133" VPOS="2302" HPOS="940"/>
<SP HEIGHT="38" WIDTH="30" VPOS="2317" HPOS="1074"/>
<String CONTENT="pubd." HEIGHT="51" WIDTH="129" VPOS="2304" HPOS="1105"/>
<SP HEIGHT="42" WIDTH="30" VPOS="2304" HPOS="1235"/>
<String CONTENT="Aug." HEIGHT="51" WIDTH="119" VPOS="2304" HPOS="1266"/>
<SP HEIGHT="42" WIDTH="26" VPOS="2305" HPOS="1386"/>
<String CONTENT="4;" HEIGHT="50" WIDTH="50" VPOS="2305" HPOS="1413"/>
<SP HEIGHT="52" WIDTH="34" VPOS="2303" HPOS="1464"/>
<String CONTENT="Canadian" HEIGHT="44" WIDTH="227" VPOS="2303" HPOS="1499"/>
<SP HEIGHT="28" WIDTH="27" VPOS="2319" HPOS="1727"/>
<String CONTENT="national" HEIGHT="43" WIDTH="199" VPOS="2305" HPOS="1755"/>
<SP HEIGHT="42" WIDTH="29" VPOS="2306" HPOS="1955"/>
<String CONTENT="railways," HEIGHT="108" WIDTH="1894" VPOS="2304" HPOS="174"/>
</TextLine>
<TextLine HEIGHT="53" WIDTH="707" VPOS="2360" HPOS="351">
<String CONTENT="Montreal," HEIGHT="52" WIDTH="240" VPOS="2360" HPOS="351"/>
<SP HEIGHT="53" WIDTH="38" VPOS="2360" HPOS="592"/>
<String CONTENT="Quebec," HEIGHT="53" WIDTH="193" VPOS="2360" HPOS="631"/>
<SP HEIGHT="52" WIDTH="38" VPOS="2360" HPOS="825"/>
<String CONTENT="Canada." HEIGHT="44" WIDTH="194" VPOS="2360" HPOS="864"/>
</TextLine>
<TextLine HEIGHT="71" WIDTH="813" VPOS="2459" HPOS="108" STYLEREFS="StyleId-DAFBCA14-7111-48E1-B644-A2D7C69D5213-">
<String CONTENT="Carter," HEIGHT="71" WIDTH="235" VPOS="2459" HPOS="108"/>
<SP HEIGHT="70" WIDTH="32" VPOS="2460" HPOS="344"/>
<String CONTENT="Russell" HEIGHT="58" WIDTH="248" VPOS="2459" HPOS="377"/>
<SP HEIGHT="58" WIDTH="29" VPOS="2459" HPOS="626"/>
<String CONTENT="Gordon." HEIGHT="58" WIDTH="265" VPOS="2459" HPOS="656"/>
</TextLine>
<TextLine HEIGHT="74" WIDTH="1904" VPOS="2550" HPOS="184" STYLEREFS="StyleId-2C5CB782-0D41-4778-9626-27B24D98A41C-">
<String CONTENT="Red" HEIGHT="57" WIDTH="133" VPOS="2552" HPOS="184"/>
<SP HEIGHT="58" WIDTH="42" VPOS="2551" HPOS="318"/>
<String CONTENT="Gilbert&#8217;s" HEIGHT="59" WIDTH="298" VPOS="2550" HPOS="361"/>
<SP HEIGHT="59" WIDTH="42" VPOS="2550" HPOS="660"/>
<String CONTENT="floating" HEIGHT="74" WIDTH="261" VPOS="2550" HPOS="703"/>
<SP HEIGHT="53" WIDTH="36" VPOS="2571" HPOS="965"/>
<String CONTENT="menagerie," HEIGHT="72" WIDTH="375" VPOS="2552" HPOS="1002"/>
<SP HEIGHT="70" WIDTH="40" VPOS="2554" HPOS="1378"/>
<String CONTENT="by" HEIGHT="70" WIDTH="84" VPOS="2554" HPOS="1419"/>
<SP HEIGHT="70" WIDTH="38" VPOS="2554" HPOS="1504"/>
<String CONTENT="Russell" HEIGHT="57" WIDTH="248" VPOS="2553" HPOS="1543"/>
<SP HEIGHT="60" WIDTH="44" VPOS="2551" HPOS="1792"/>
<String CONTENT="Gordon" HEIGHT="60" WIDTH="251" VPOS="2551" HPOS="1837"/>
</TextLine>
<TextLine HEIGHT="74" WIDTH="1977" VPOS="2628" HPOS="111" STYLEREFS="StyleId-2C5CB782-0D41-4778-9626-27B24D98A41C-" CS="1">
<String CONTENT="Carter" HEIGHT="59" WIDTH="223" VPOS="2628" HPOS="111"/>
<SP HEIGHT="37" WIDTH="35" VPOS="2649" HPOS="335"/>
<String CS="1" CONTENT="&#8230;"/>
<SP HEIGHT="57" WIDTH="34" VPOS="2629" HPOS="433"/>
<String CONTENT="illustrated" HEIGHT="58" WIDTH="357" VPOS="2629" HPOS="468"/>
<SP HEIGHT="56" WIDTH="27" VPOS="2631" HPOS="826"/>
<String CONTENT="by" HEIGHT="71" WIDTH="82" VPOS="2631" HPOS="854"/>
<SP HEIGHT="72" WIDTH="26" VPOS="2630" HPOS="937"/>
<String CONTENT="W." HEIGHT="57" WIDTH="95" VPOS="2630" HPOS="964"/>
<SP HEIGHT="55" WIDTH="31" VPOS="2631" HPOS="1060"/>
<String CONTENT="H." HEIGHT="56" WIDTH="79" VPOS="2631" HPOS="1092"/>
<SP HEIGHT="58" WIDTH="30" VPOS="2630" HPOS="1172"/>
<String CONTENT="Wolf." HEIGHT="58" WIDTH="191" VPOS="2630" HPOS="1203"/>
<SP HEIGHT="55" WIDTH="73" VPOS="2632" HPOS="1395"/>
<String CONTENT="Philadelphia," HEIGHT="72" WIDTH="455" VPOS="2630" HPOS="1469"/>
<SP HEIGHT="71" WIDTH="33" VPOS="2631" HPOS="1925"/>
<String CONTENT="The" HEIGHT="57" WIDTH="129" VPOS="2630" HPOS="1959"/>
</TextLine>
<TextLine HEIGHT="73" WIDTH="1130" VPOS="2708" HPOS="105" STYLEREFS="StyleId-2C5CB782-0D41-4778-9626-27B24D98A41C-">
<String CONTENT="Penn" HEIGHT="56" WIDTH="173" VPOS="2708" HPOS="105"/>
<SP HEIGHT="52" WIDTH="33" VPOS="2727" HPOS="279"/>
<String CONTENT="publishing" HEIGHT="72" WIDTH="359" VPOS="2708" HPOS="313"/>
<SP HEIGHT="52" WIDTH="36" VPOS="2728" HPOS="673"/>
<String CONTENT="company," HEIGHT="54" WIDTH="321" VPOS="2727" HPOS="710"/>
<SP HEIGHT="70" WIDTH="38" VPOS="2711" HPOS="1032"/>
<String CONTENT="1926." HEIGHT="57" WIDTH="164" VPOS="2708" HPOS="1071"/>
</TextLine>
<TextLine HEIGHT="52" WIDTH="772" VPOS="2786" HPOS="172" CS="1">
<String CONTENT="219" HEIGHT="43" WIDTH="80" VPOS="2787" HPOS="172"/>
<SP HEIGHT="51" WIDTH="34" VPOS="2787" HPOS="253"/>
<String CONTENT="p." HEIGHT="36" WIDTH="39" VPOS="2802" HPOS="288"/>
<SP HEIGHT="43" WIDTH="61" VPOS="2787" HPOS="328"/>
<String CONTENT="front.," HEIGHT="51" WIDTH="150" VPOS="2787" HPOS="390"/>
<SP HEIGHT="36" WIDTH="33" VPOS="2802" HPOS="541"/>
<String CONTENT="plates." HEIGHT="52" WIDTH="152" VPOS="2786" HPOS="575"/>
<SP HEIGHT="41" WIDTH="66" VPOS="2789" HPOS="728"/>
<String CS="1" CONTENT="20&#189;" HEIGHT="44" WIDTH="53" VPOS="2786" HPOS="795"/>
<String STYLE="superscript" CONTENT="cm" HEIGHT="18" WIDTH="46" VPOS="2789" HPOS="882"/>
<String CONTENT="." HEIGHT="9" WIDTH="8" VPOS="2824" HPOS="936"/>
</TextLine>
<TextLine HEIGHT="56" WIDTH="1647" VPOS="2839" HPOS="105">
<String CONTENT="&#169;" HEIGHT="53" WIDTH="53" VPOS="2839" HPOS="105"/>
<SP HEIGHT="54" WIDTH="21" VPOS="2839" HPOS="159"/>
<String CONTENT="July" HEIGHT="52" WIDTH="106" VPOS="2841" HPOS="181"/>
<SP HEIGHT="51" WIDTH="26" VPOS="2842" HPOS="288"/>
<String CONTENT="15," HEIGHT="52" WIDTH="61" VPOS="2840" HPOS="315"/>
<SP HEIGHT="49" WIDTH="27" VPOS="2843" HPOS="377"/>
<String CONTENT="1926;" HEIGHT="51" WIDTH="127" VPOS="2841" HPOS="405"/>
<SP HEIGHT="50" WIDTH="25" VPOS="2842" HPOS="533"/>
<String CONTENT="2c." HEIGHT="42" WIDTH="62" VPOS="2842" HPOS="559"/>
<SP HEIGHT="28" WIDTH="26" VPOS="2856" HPOS="622"/>
<String CONTENT="and" HEIGHT="42" WIDTH="85" VPOS="2843" HPOS="649"/>
<SP HEIGHT="42" WIDTH="25" VPOS="2843" HPOS="735"/>
<String CONTENT="aff." HEIGHT="43" WIDTH="77" VPOS="2842" HPOS="761"/>
<SP HEIGHT="43" WIDTH="28" VPOS="2842" HPOS="839"/>
<String CONTENT="Aug." HEIGHT="51" WIDTH="117" VPOS="2842" HPOS="868"/>
<SP HEIGHT="40" WIDTH="31" VPOS="2843" HPOS="986"/>
<String CONTENT="12;" HEIGHT="51" WIDTH="72" VPOS="2842" HPOS="1018"/>
<SP HEIGHT="51" WIDTH="27" VPOS="2842" HPOS="1091"/>
<!-- cceid 0316408F-6E1B-1014-9B7B-CA07F191E62B --><String CONTENT="A" HEIGHT="41" WIDTH="42" VPOS="2842" HPOS="1119"/>
<SP HEIGHT="43" WIDTH="27" VPOS="2842" HPOS="1162"/>
<String CONTENT="901462;" HEIGHT="52" WIDTH="187" VPOS="2841" HPOS="1190"/>
<SP HEIGHT="50" WIDTH="31" VPOS="2843" HPOS="1378"/>
<String CONTENT="Penn" HEIGHT="42" WIDTH="124" VPOS="2843" HPOS="1410"/>
<SP HEIGHT="39" WIDTH="25" VPOS="2856" HPOS="1535"/>
<String CONTENT="pub." HEIGHT="52" WIDTH="99" VPOS="2843" HPOS="1561"/>
<SP HEIGHT="28" WIDTH="26" VPOS="2857" HPOS="1661"/>
<String CONTENT="co." HEIGHT="28" WIDTH="64" VPOS="2857" HPOS="1688"/>
</TextLine>
<TextLine HEIGHT="56" WIDTH="267" VPOS="2896" HPOS="185">
<String CONTENT="(26-14758)" HEIGHT="56" WIDTH="267" VPOS="2896" HPOS="185"/>
</TextLine>
<TextLine HEIGHT="73" WIDTH="499" VPOS="2997" HPOS="109" STYLEREFS="StyleId-DAFBCA14-7111-48E1-B644-A2D7C69D5213-">
<String CONTENT="Chase," HEIGHT="69" WIDTH="212" VPOS="2997" HPOS="109"/>
<SP HEIGHT="67" WIDTH="33" VPOS="2999" HPOS="322"/>
<String CONTENT="Joseph." HEIGHT="72" WIDTH="252" VPOS="2998" HPOS="356"/>
</TextLine>
<TextLine HEIGHT="86" WIDTH="1911" VPOS="3076" HPOS="182" STYLEREFS="StyleId-2C5CB782-0D41-4778-9626-27B24D98A41C-" CS="1">
<String CONTENT="Junior" HEIGHT="58" WIDTH="228" VPOS="3087" HPOS="182"/>
<SP HEIGHT="38" WIDTH="29" VPOS="3107" HPOS="411"/>
<String CONTENT="at" HEIGHT="53" WIDTH="65" VPOS="3092" HPOS="441"/>
<SP HEIGHT="56" WIDTH="26" VPOS="3092" HPOS="507"/>
<String CONTENT="the" HEIGHT="59" WIDTH="102" VPOS="3089" HPOS="534"/>
<SP HEIGHT="55" WIDTH="26" VPOS="3092" HPOS="637"/>
<String CONTENT="beach," HEIGHT="71" WIDTH="209" VPOS="3090" HPOS="664"/>
<SP HEIGHT="71" WIDTH="28" VPOS="3090" HPOS="874"/>
<String CONTENT="by" HEIGHT="71" WIDTH="82" VPOS="3090" HPOS="903"/>
<SP HEIGHT="85" WIDTH="28" VPOS="3076" HPOS="986"/>
<String CONTENT="Joseph" HEIGHT="86" WIDTH="240" VPOS="3076" HPOS="1015"/>
<SP HEIGHT="58" WIDTH="31" VPOS="3089" HPOS="1256"/>
<String CONTENT="Chase" HEIGHT="59" WIDTH="200" VPOS="3089" HPOS="1288"/>
<SP HEIGHT="36" WIDTH="36" VPOS="3112" HPOS="1489"/>
<String CS="1" CONTENT="&#8230;"/>
<SP HEIGHT="57" WIDTH="35" VPOS="3089" HPOS="1588"/>
<String CONTENT="illustrated" HEIGHT="58" WIDTH="359" VPOS="3089" HPOS="1624"/>
<SP HEIGHT="59" WIDTH="27" VPOS="3089" HPOS="1984"/>
<String CONTENT="by" HEIGHT="68" WIDTH="81" VPOS="3092" HPOS="2012"/>
</TextLine>
<TextLine HEIGHT="150" WIDTH="1968" VPOS="3164" HPOS="102" STYLEREFS="StyleId-2C5CB782-0D41-4778-9626-27B24D98A41C-" CS="1">
<String CONTENT="William" HEIGHT="59" WIDTH="277" VPOS="3164" HPOS="102"/>
<SP HEIGHT="57" WIDTH="23" VPOS="3165" HPOS="380"/>
<String CONTENT="Bailey." HEIGHT="71" WIDTH="235" VPOS="3165" HPOS="404"/>
<SP HEIGHT="56" WIDTH="66" VPOS="3166" HPOS="640"/>
<String CONTENT="Philadelphia," HEIGHT="73" WIDTH="455" VPOS="3166" HPOS="707"/>
<SP HEIGHT="70" WIDTH="26" VPOS="3169" HPOS="1163"/>
<String CONTENT="The" HEIGHT="57" WIDTH="129" VPOS="3168" HPOS="1190"/>
<SP HEIGHT="57" WIDTH="26" VPOS="3168" HPOS="1320"/>
<String CONTENT="Penn" HEIGHT="56" WIDTH="174" VPOS="3168" HPOS="1347"/>
<SP HEIGHT="53" WIDTH="24" VPOS="3186" HPOS="1522"/>
<String CONTENT="publishing" HEIGHT="73" WIDTH="363" VPOS="3166" HPOS="1547"/>
<SP HEIGHT="53" WIDTH="24" VPOS="3185" HPOS="1911"/>
<String CONTENT="company," HEIGHT="128" WIDTH="1966" VPOS="3186" HPOS="104"/>
</TextLine>
<TextLine HEIGHT="57" WIDTH="165" VPOS="3242" HPOS="322" STYLEREFS="StyleId-2C5CB782-0D41-4778-9626-27B24D98A41C-">
<String CONTENT="1926." HEIGHT="57" WIDTH="165" VPOS="3242" HPOS="322"/>
</TextLine>
<TextLine HEIGHT="53" WIDTH="817" VPOS="3318" HPOS="174" CS="1">
<String CONTENT="2" HEIGHT="42" WIDTH="27" VPOS="3320" HPOS="174"/>
<SP HEIGHT="49" WIDTH="25" VPOS="3320" HPOS="202"/>
<String CONTENT="p." HEIGHT="37" WIDTH="40" VPOS="3332" HPOS="228"/>
<SP HEIGHT="43" WIDTH="31" VPOS="3318" HPOS="269"/>
<String CS="1" CONTENT="l.,"/>
<SP HEIGHT="52" WIDTH="31" VPOS="3318" HPOS="342"/>
<String CONTENT="7-219" HEIGHT="44" WIDTH="135" VPOS="3318" HPOS="374"/>
<SP HEIGHT="51" WIDTH="27" VPOS="3320" HPOS="510"/>
<String CONTENT="p." HEIGHT="37" WIDTH="39" VPOS="3334" HPOS="538"/>
<SP HEIGHT="42" WIDTH="61" VPOS="3319" HPOS="578"/>
<String CONTENT="front." HEIGHT="44" WIDTH="141" VPOS="3319" HPOS="640"/>
<SP HEIGHT="42" WIDTH="63" VPOS="3321" HPOS="782"/>
<String CS="1" CONTENT="19&#189;" HEIGHT="43" WIDTH="49" VPOS="3321" HPOS="846"/>
<String STYLE="superscript" CONTENT="cm" HEIGHT="17" WIDTH="46" VPOS="3322" HPOS="931"/>
<String CONTENT="." HEIGHT="9" WIDTH="8" VPOS="3355" HPOS="983"/>
</TextLine>
<TextLine HEIGHT="57" WIDTH="1647" VPOS="3373" HPOS="107" CS="1">
<String CONTENT="&#169;" HEIGHT="53" WIDTH="52" VPOS="3373" HPOS="107"/>
<SP HEIGHT="54" WIDTH="21" VPOS="3373" HPOS="160"/>
<String CONTENT="July" HEIGHT="52" WIDTH="105" VPOS="3375" HPOS="182"/>
<SP HEIGHT="51" WIDTH="26" VPOS="3376" HPOS="288"/>
<String CS="1" CONTENT="15," HEIGHT="45" WIDTH="47" VPOS="3373" HPOS="315"/>
<SP/>
<String CONTENT="1926;" HEIGHT="51" WIDTH="126" VPOS="3376" HPOS="409"/>
<SP HEIGHT="51" WIDTH="26" VPOS="3376" HPOS="536"/>
<String CONTENT="2c." HEIGHT="43" WIDTH="63" VPOS="3376" HPOS="563"/>
<SP HEIGHT="27" WIDTH="24" VPOS="3392" HPOS="627"/>
<String CONTENT="and" HEIGHT="41" WIDTH="85" VPOS="3378" HPOS="652"/>
<SP HEIGHT="41" WIDTH="24" VPOS="3378" HPOS="738"/>
<String CONTENT="aff." HEIGHT="42" WIDTH="77" VPOS="3378" HPOS="763"/>
<SP HEIGHT="42" WIDTH="26" VPOS="3378" HPOS="841"/>
<String CONTENT="Aug." HEIGHT="52" WIDTH="117" VPOS="3378" HPOS="868"/>
<SP HEIGHT="40" WIDTH="32" VPOS="3380" HPOS="986"/>
<String CONTENT="12;" HEIGHT="49" WIDTH="71" VPOS="3379" HPOS="1019"/>
<SP HEIGHT="49" WIDTH="27" VPOS="3379" HPOS="1091"/>
<!-- cceid 03168890-6E1B-1014-9B7B-CA07F191E62B --><String CONTENT="A" HEIGHT="42" WIDTH="43" VPOS="3379" HPOS="1119"/>
<SP HEIGHT="42" WIDTH="27" VPOS="3379" HPOS="1163"/>
<String CONTENT="901452;" HEIGHT="51" WIDTH="187" VPOS="3378" HPOS="1191"/>
<SP HEIGHT="49" WIDTH="31" VPOS="3380" HPOS="1379"/>
<String CONTENT="Penn" HEIGHT="42" WIDTH="124" VPOS="3380" HPOS="1411"/>
<SP HEIGHT="37" WIDTH="25" VPOS="3393" HPOS="1536"/>
<String CONTENT="pub." HEIGHT="51" WIDTH="99" VPOS="3379" HPOS="1562"/>
<SP HEIGHT="28" WIDTH="25" VPOS="3393" HPOS="1662"/>
<String CONTENT="co." HEIGHT="29" WIDTH="66" VPOS="3393" HPOS="1688"/>
</TextLine>
<TextLine HEIGHT="55" WIDTH="266" VPOS="3431" HPOS="187">
<String CONTENT="(26-14726)" HEIGHT="55" WIDTH="266" VPOS="3431" HPOS="187"/>
</TextLine>
<TextLine HEIGHT="73" WIDTH="1075" VPOS="3530" HPOS="111" STYLEREFS="StyleId-2C5CB782-0D41-4778-9626-27B24D98A41C-" CS="1">
<String CONTENT="Chesterton," HEIGHT="69" WIDTH="380" VPOS="3530" HPOS="111"/>
<SP HEIGHT="65" WIDTH="33" VPOS="3534" HPOS="492"/>
<String CONTENT="Gilbert" HEIGHT="59" WIDTH="240" VPOS="3532" HPOS="526"/>
<SP HEIGHT="56" WIDTH="27" VPOS="3534" HPOS="767"/>
<String CONTENT="Keith," HEIGHT="70" WIDTH="207" VPOS="3533" HPOS="795"/>
<SP HEIGHT="65" WIDTH="35" VPOS="3538" HPOS="1003"/>
<String CS="1" CONTENT="1874&#8211;" HEIGHT="56" WIDTH="147" VPOS="3538" HPOS="1039"/>
</TextLine>
<TextLine HEIGHT="77" WIDTH="1905" VPOS="3622" HPOS="188" STYLEREFS="StyleId-2C5CB782-0D41-4778-9626-27B24D98A41C-">
<String CONTENT="The" HEIGHT="58" WIDTH="129" VPOS="3622" HPOS="188"/>
<SP HEIGHT="37" WIDTH="26" VPOS="3643" HPOS="318"/>
<String CONTENT="return" HEIGHT="54" WIDTH="216" VPOS="3626" HPOS="345"/>
<SP HEIGHT="38" WIDTH="27" VPOS="3643" HPOS="562"/>
<String CONTENT="of" HEIGHT="56" WIDTH="66" VPOS="3625" HPOS="590"/>
<SP HEIGHT="55" WIDTH="26" VPOS="3625" HPOS="657"/>
<String CONTENT="Don" HEIGHT="57" WIDTH="138" VPOS="3625" HPOS="684"/>
<SP HEIGHT="72" WIDTH="27" VPOS="3624" HPOS="823"/>
<String CONTENT="Quixote," HEIGHT="76" WIDTH="281" VPOS="3623" HPOS="851"/>
<SP HEIGHT="72" WIDTH="27" VPOS="3627" HPOS="1133"/>
<String CONTENT="by" HEIGHT="71" WIDTH="82" VPOS="3627" HPOS="1161"/>
<SP HEIGHT="72" WIDTH="26" VPOS="3626" HPOS="1244"/>
<String CONTENT="G." HEIGHT="58" WIDTH="69" VPOS="3626" HPOS="1271"/>
<SP HEIGHT="57" WIDTH="31" VPOS="3626" HPOS="1341"/>
<String CONTENT="K." HEIGHT="57" WIDTH="78" VPOS="3626" HPOS="1373"/>
<SP HEIGHT="59" WIDTH="32" VPOS="3625" HPOS="1452"/>
<String CONTENT="Chesterton." HEIGHT="59" WIDTH="389" VPOS="3625" HPOS="1485"/>
<SP HEIGHT="55" WIDTH="66" VPOS="3627" HPOS="1875"/>
<String CONTENT="New" HEIGHT="56" WIDTH="151" VPOS="3627" HPOS="1942"/>
</TextLine>
<TextLine HEIGHT="77" WIDTH="1262" VPOS="3700" HPOS="108" STYLEREFS="StyleId-2C5CB782-0D41-4778-9626-27B24D98A41C-">
<String CONTENT="York," HEIGHT="73" WIDTH="186" VPOS="3700" HPOS="108"/>
<SP HEIGHT="72" WIDTH="30" VPOS="3701" HPOS="295"/>
<String CONTENT="Dodd," HEIGHT="72" WIDTH="199" VPOS="3701" HPOS="326"/>
<SP HEIGHT="71" WIDTH="32" VPOS="3702" HPOS="526"/>
<String CONTENT="Mead" HEIGHT="58" WIDTH="183" VPOS="3702" HPOS="559"/>
<SP HEIGHT="57" WIDTH="29" VPOS="3703" HPOS="743"/>
<String CONTENT="&amp;" HEIGHT="56" WIDTH="47" VPOS="3703" HPOS="773"/>
<SP HEIGHT="57" WIDTH="31" VPOS="3703" HPOS="821"/>
<String CONTENT="company," HEIGHT="54" WIDTH="320" VPOS="3723" HPOS="853"/>
<SP HEIGHT="70" WIDTH="31" VPOS="3707" HPOS="1174"/>
<String CONTENT="1926." HEIGHT="56" WIDTH="164" VPOS="3705" HPOS="1206"/>
</TextLine>
<TextLine HEIGHT="54" WIDTH="548" VPOS="3778" HPOS="175" CS="1">
<String CONTENT="2" HEIGHT="41" WIDTH="24" VPOS="3782" HPOS="175"/>
<SP HEIGHT="50" WIDTH="29" VPOS="3782" HPOS="200"/>
<String CONTENT="p." HEIGHT="36" WIDTH="38" VPOS="3796" HPOS="230"/>
<SP HEIGHT="45" WIDTH="29" VPOS="3780" HPOS="269"/>
<String CS="1" CONTENT="l.," HEIGHT="15" WIDTH="8" VPOS="3816" HPOS="331"/>
<SP HEIGHT="48" WIDTH="32" VPOS="3783" HPOS="340"/>
<String CONTENT="150" HEIGHT="45" WIDTH="75" VPOS="3778" HPOS="373"/>
<SP HEIGHT="52" WIDTH="27" VPOS="3780" HPOS="449"/>
<String CONTENT="p." HEIGHT="37" WIDTH="38" VPOS="3795" HPOS="477"/>
<SP HEIGHT="47" WIDTH="62" VPOS="3781" HPOS="516"/>
<String CS="1" CONTENT="19&#189;"/>
<String STYLE="superscript" CONTENT="cm" HEIGHT="17" WIDTH="46" VPOS="3784" HPOS="662"/>
<String CONTENT="." HEIGHT="7" WIDTH="7" VPOS="3818" HPOS="716"/>
</TextLine>
<TextLine HEIGHT="59" WIDTH="1986" VPOS="3831" HPOS="109" CS="1">
<String CONTENT="&#169;" HEIGHT="53" WIDTH="53" VPOS="3831" HPOS="109"/>
<SP HEIGHT="53" WIDTH="28" VPOS="3831" HPOS="163"/>
<String CONTENT="Aug." HEIGHT="52" WIDTH="116" VPOS="3834" HPOS="192"/>
<SP HEIGHT="42" WIDTH="29" VPOS="3835" HPOS="309"/>
<String CONTENT="9," HEIGHT="49" WIDTH="37" VPOS="3835" HPOS="339"/>
<SP HEIGHT="48" WIDTH="33" VPOS="3836" HPOS="377"/>
<String CS="1" CONTENT="1926;" HEIGHT="42" WIDTH="105" VPOS="3835" HPOS="411"/>
<SP/>
<String CONTENT="2c." HEIGHT="41" WIDTH="64" VPOS="3836" HPOS="571"/>
<SP HEIGHT="40" WIDTH="30" VPOS="3837" HPOS="636"/>
<String CONTENT="Aug." HEIGHT="51" WIDTH="117" VPOS="3837" HPOS="667"/>
<SP HEIGHT="40" WIDTH="35" VPOS="3839" HPOS="785"/>
<String CS="1" CONTENT="11;" HEIGHT="40" WIDTH="41" VPOS="3838" HPOS="821"/>
<SP/>
<String CONTENT="aff." HEIGHT="42" WIDTH="77" VPOS="3838" HPOS="926"/>
<SP HEIGHT="42" WIDTH="32" VPOS="3838" HPOS="1004"/>
<String CONTENT="Aug." HEIGHT="52" WIDTH="118" VPOS="3838" HPOS="1037"/>
<SP HEIGHT="40" WIDTH="36" VPOS="3840" HPOS="1156"/>
<String CONTENT="13;" HEIGHT="49" WIDTH="70" VPOS="3839" HPOS="1193"/>
<SP HEIGHT="49" WIDTH="35" VPOS="3839" HPOS="1264"/>
<!-- cceid 0316D7F6-6E1B-1014-9B7B-CA07F191E62B --><String CONTENT="A" HEIGHT="41" WIDTH="42" VPOS="3839" HPOS="1300"/>
<SP HEIGHT="43" WIDTH="30" VPOS="3838" HPOS="1343"/>
<String CONTENT="897804;" HEIGHT="52" WIDTH="188" VPOS="3838" HPOS="1374"/>
<SP HEIGHT="50" WIDTH="34" VPOS="3840" HPOS="1563"/>
<String CONTENT="Dodd," HEIGHT="46" WIDTH="143" VPOS="3840" HPOS="1598"/>
<SP HEIGHT="46" WIDTH="33" VPOS="3840" HPOS="1742"/>
<String CONTENT="Mead" HEIGHT="42" WIDTH="137" VPOS="3840" HPOS="1776"/>
<SP HEIGHT="43" WIDTH="30" VPOS="3839" HPOS="1914"/>
<String CONTENT="&amp;" HEIGHT="43" WIDTH="37" VPOS="3839" HPOS="1945"/>
<SP HEIGHT="43" WIDTH="31" VPOS="3839" HPOS="1983"/>
<String CONTENT="co.," HEIGHT="38" WIDTH="80" VPOS="3852" HPOS="2015"/>
</TextLine>
<TextLine HEIGHT="55" WIDTH="417" VPOS="3890" HPOS="180">
<String CONTENT="inc." HEIGHT="42" WIDTH="80" VPOS="3892" HPOS="180"/>
<SP HEIGHT="52" WIDTH="68" VPOS="3893" HPOS="261"/>
<String CONTENT="(26-14755)" HEIGHT="55" WIDTH="267" VPOS="3890" HPOS="330"/>
</TextLine>
</TextBlock>
</PrintSpace>
</Page>
</Layout>
</alto>