2542 4285
1342 4000 146 56 1218

493 473 1913 54 2 p . l., vii-x p., 1 l., 323 p. front., plates, ports., facsims. (part fold.)
423 531 54 44 24½
512 535 15 17 cm
563 567 8 9 .

498 585 264 47 Illustrated
788 587 340 51 lining-papers.

426 638 53 54 ©
513 641 100 44 Oct.
646 641 61 50 12,
742 641 128 52 1926;
902 641 64 43 2c.
1000 641 100 43 Oct.
1135 641 75 51 19;
1245 641 78 44 aff.
1357 641 101 43 Oct.
1489 640 79 52 20;
1603 630 43 53 A
1677 639 189 55 950550;
1905 641 280 53 Brentano’s,
2217 641 83 45 inc.

504 698 269 54 (26-18382)

428 796 347 74 Schaffner,
821 798 169 57 John
1030 797 233 73 Henry,
1309 799 189 57 1866-

502 886 181 63 Field
713 888 253 56 manual
998 889 67 57 of
1097 891 186 67 trees,
1318 886 317 74 including
1671 889 298 57 southern
2005 888 256 61 Canada
2295 892 123 58 and

425 965 105 58 the
561 965 303 58 northern
898 965 236 57 United
1170 964 211 59 States
1418 969 63 53 to
1516 965 104 57 the
1657 966 298 57 southern
1988 967 329 73 boundary
2351 968 68 59 of

426 1043 308 73 Virginia,
777 1042 335 72 Kentucky
1150 1043 123 56 and
1312 1041 318 74 Missouri,
1670 1045 330 57 westward
2039 1047 64 55 to
2144 1045 104 58 the
425 1045 1970 134 limits
537 1121 69 58 of

424 1119 1967 152 the prairie. 3d ed. By John H. Schaffner … Columbus,
717 1198 88 71 O.,
832 1198 71 56 R.
934 1197 68 60 G.
1032 1196 239 59 Adams
1300 1196 48 60 &
1373 1216 321 54 company,
1722 1199 167 57 1926.

499 1275 79 46 154
606 1291 41 39 p.
710 1275 50 45 18
766 1278 48 18 cm
819 1310 9 8 .

423 1332 55 54 ©
513 1334 120 52 Sept.
664 1333 67 52 20,
767 1332 130 52 1926;
930 1333 64 42 2c.
1032 1331 121 53 Sept.
1186 1332 78 52 23;
1300 1332 79 43 aff.
1417 1332 119 52 Sept.
1569 1332 76 53 22;
1682 1332 47 43 A
1760 1331 190 54 950144;
1985 1333 39 53 J.
2060 1333 62 44 H.
2160 1331 252 55 Schaffner,

495 1390 258 53 Columbus,
803 1390 54 44 O.
926 1388 271 56 (26-18152)

427 1488 357 74 Schauffler,
819 1489 219 73 Henry
1068 1488 185 73 Park,
1289 1491 190 58 1870-

501 1580 398 58 Adventures
928 1580 67 56 in
1021 1579 402 72 habit-craft;
1455 1579 322 58 character
1810 1579 66 59 in
1905 1581 103 58 the
2035 1581 272 74 making,
2337 1582 81 72 by

425 1659 220 70 Henry
672 1658 170 56 Park
874 1657 41 57 S
923 1657 301 57 chauffier.
1308 1657 151 56 New
1488 1657 188 73 York,
1712 1658 130 58 The
1874 1658 356 57 Macmillan
424 1678 1969 131 company,
645 1736 167 56 1926.

497 1814 76 43 164
603 1828 39 39 p.
702 1812 156 54 plates.
916 1813 51 43 21
977 1814 48 19 cm
1030 1846 10 10 .

422 1869 53 54 ©
504 1871 100 44 Oct.
634 1871 64 51 19,
727 1869 129 52 1926;
881 1870 65 43 2c.
974 1869 87 44 and
1085 1869 79 43 aff.
1192 1869 102 44 Oct.
1321 1868 77 52 20;
1427 1869 44 42 A
1499 1867 188 55 950557;
1720 1869 265 44 Macmillan
2011 1884 66 30 co.

501 1926 269 57 (26-18723)

426 2026 331 75 Scheuing,
792 2027 281 57 Herman
1103 2025 315 74 Aloysius,
1454 2028 189 57 1872-

502 2120 64 58 Is
595 2120 191 58 Jesus
816 2119 67 57 of
910 2118 318 57 Nazareth
1256 2118 105 59 the
1390 2137 112 40 son
1531 2118 68 58 of
1628 2117 135 60 God?
1864 2118 100 74 By
1989 2118 79 59 H.
2103 2118 312 75 Scheuing

494 2195 1840 76 … Boston, The Christopher publishing house [ c 1926]
493 2275 76 48 175
608 2292 39 38 p.
707 2276 54 45 20½
814 2279 29 17 cm
848 2311 10 9 .

491 2333 98 45 The
616 2332 141 45 result
785 2332 51 45 of
862 2332 75 47 the
964 2331 199 45 author’s
1191 2331 181 53 psychic
1401 2331 271 45 researches,
1732 2332 59 52 cf.
1821 2331 283 46 Dedication.

421 2387 53 53 ©
500 2389 100 43 Oct.
629 2389 63 50 11,
720 2387 128 52 1926;
873 2387 64 43 2c.
964 2387 101 44 Oct.
1093 2387 75 52 19;
1196 2387 78 44 aff.
1301 2386 101 44 Oct.
1426 2386 78 52 20;
1531 2385 44 44 A
1599 2384 187 55 950541;
1817 2386 297 55 Christopher
2137 2387 99 53 pub.
2261 2388 152 44 house.

500 2444 269 56 (26-18648)

425 2531 307 70 Schwarz,
776 2531 219 73 Henry
1034 2528 276 76 Stanley,
1354 2531 189 58 1890-
1698 2531 92 59 ed.

495 2621 499 72 Contemporary
1026 2620 246 58 French
1306 2620 228 59 stories
1569 2621 68 57 of
1667 2625 285 69 mystery
1983 2623 125 57 and
2139 2623 278 73 fantasy,

423 2700 208 59 edited
659 2700 150 57 with
838 2702 177 55 notes
1049 2699 122 57 and
1202 2698 382 72 vocabulary
1612 2699 83 57 by
1722 2697 81 59 H.
1838 2699 262 73 Stanley
2130 2700 288 58 Schwarz

491 2776 1131 75 … New York, A. A. Knopf, 1926.
493 2855 451 54 ix, 266 p. 19½ cm .
421 2912 53 54 ©
507 2913 120 53 Sept.
654 2914 66 49 21,
756 2912 130 52 1926;
917 2912 64 43 2c.
1016 2911 121 52 Sept.
1167 2910 78 53 25;
1278 2911 79 43 aff.
1392 2910 120 53 Sept.
1544 2911 78 52 22;
1654 2910 44 44 A
1729 2910 189 55 950200;
1955 2911 166 45 Alfred
2151 2912 58 43 A.
2240 2912 173 53 Knopf,

491 2971 82 44 inc.
642 2969 270 56 (26-18420)

421 3055 190 69 Scott,
657 3054 217 73 Leroy,
922 3056 190 57 1875-

506 3145 1911 74 Folly ’s gold, by Leroy Scott … Boston and New
419 3226 188 71 York,
644 3224 360 73 Houghton,
1041 3224 218 56 Mifflin
1293 3242 321 53 company,
1651 3225 166 56 1926.

488 3301 450 54 vi, 291 p. 19½ cm .
421 3358 53 54 ©
504 3361 100 43 Oct.
637 3359 60 51 15,
732 3359 129 52 1926;
890 3359 65 43 2c.
987 3358 100 44 Oct.
1120 3358 74 53 18;
1223 3359 81 42 aff.
1335 3358 101 44 Oct.
1468 3358 74 53 16;
1576 3358 42 43 A
1647 3356 189 55 950663;
1869 3358 49 44 L.
1952 3358 141 53 Scott,
2122 3358 116 45 New
2269 3359 142 43 York.

501 3416 269 56 (26-18623)

425 3503 160 70 Seal,
625 3501 183 60 Ethel
844 3501 215 73 Davis,
1100 3504 190 58 1890-

497 3594 129 57 The
665 3593 195 58 house
903 3592 69 58 of
1015 3591 369 74 simplicity;
1428 3593 83 71 by
1552 3592 187 58 Ethel
1783 3592 197 59 Davis
2025 3592 175 71 Seal;
418 3592 1971 137 illustrated
656 3674 83 67 by
768 3669 251 58 Marion
1051 3670 309 58 Dismant.
1432 3671 151 57 New
1613 3670 175 57 York
1818 3670 124 58 and
1971 3670 281 72 London,
2286 3670 127 59 The

421 3747 279 73 Century
727 3766 87 40 co.
848 3776 14 44 [
864 3755 20 23 c
886 3746 166 74 1926]

488 3822 97 54 xix,
608 3823 82 44 286
714 3838 41 39 p.
817 3823 157 51 front.,
1001 3822 131 52 illus.,
1157 3823 159 54 plates.
1374 3825 52 42 21
1436 3826 47 18 cm
1489 3860 8 8 .
1611 3824 126 52 $3.00

421 3879 54 53 ©
502 3881 100 44 Oct.
632 3880 63 53 12,
723 3881 130 52 1926;
881 3881 64 43 2c.
972 3882 87 42 and
1087 3882 80 43 aff.
1195 3882 101 46 Oct.
1327 3882 74 52 19;
1431 3882 44 42 A
1502 3881 188 53 949602;
1723 3881 200 54 Century
1952 3896 66 29 co.

500 3938 269 54 (26-18698)
