2542 4285
1261 4020 150 58 1350

330 413 285 70 Dickens,
658 412 272 70 Charles,
972 415 355 58 1812-1870.

404 503 349 63 Christmas
819 511 65 53 at
946 505 270 74 Dingley
1278 505 156 73 Dell,
1500 508 168 57 from
1728 507 104 59 the
1896 506 418 59 Posthumous

324 602 231 54 papers
601 585 69 57 of
713 584 103 60 the
860 582 309 59 Pickwick
1211 583 153 72 club,
1406 585 84 71 by
1534 582 258 62 Charles
1836 583 285 71 Dickens,
2166 582 146 59 with

327 680 80 39 an
448 658 424 63 introduction
911 663 85 69 by
1035 659 278 61 William
1358 660 64 60 C.
1469 661 247 72 Edgar;
1759 657 419 63 illustrations
327 677 1965 139 reproduced

704 741 167 58 from
935 739 102 58 the
1102 737 301 74 originals
1467 740 83 70 by
1612 738 233 60 Hablot
1908 739 81 56 K.
2053 739 264 59 Browne

334 813 323 76 (“Phiz”)
748 812 441 76 Minneapolis,
1232 812 215 76 Minn.,
1494 815 128 60 The
1668 815 283 60 Bellman
1995 835 323 53 company,

328 896 164 57 1926.

395 969 1344 57 2 p. l., [vii]-xix, 81 p. front. (port.) plates. 17½ cm .
329 1012 1988 72 © Oct. 13, 1 926; 2c. Nov. 1; aff. Nov. 12; A 950959; William C. Edgar,
400 1084 312 51 Minneapolis.
777 1081 66 55 [©
871 1083 315 52 introduction]
1258 1081 268 56 (26-21003)

329 1168 326 73 Douglass,
701 1168 243 57 Harlan
983 1168 175 72 Paul,
1200 1170 189 58 1871-

405 1262 148 56 1000
587 1261 127 73 city
747 1261 296 58 churches;
1112 1262 230 72 phases
1379 1263 68 58 of
1482 1262 369 73 adaptation
1885 1268 63 54 to
1984 1264 199 57 urban
326 1279 1970 134 environment,

727 1340 83 72 by
841 1338 79 57 H.
955 1339 161 58 Paul
1147 1338 332 75 Douglass.
1560 1338 153 60 New
1740 1340 191 74 York,
1964 1340 245 74 George
2240 1340 79 62 H.

327 1418 215 59 Doran
573 1434 306 56 company
910 1443 12 44 [
923 1425 21 21 c
947 1418 165 70 1926]

397 1493 1333 54 xxxviii p., 1 l., 41—380 p. incl. tables, diagrs. 23 cm .
400 1548 1923 58 “The Institute of social and religious research … is responsible for this
328 1607 317 49 publication.”

328 1660 56 53 ©
415 1661 117 42 Nov.
567 1660 62 51 15,
663 1660 128 52 1926;
822 1662 65 40 2c.
918 1662 87 41 and
1034 1661 78 41 aff.
1147 1661 117 42 Nov.
1300 1659 75 53 16;
1406 1662 43 40 A
1479 1660 190 53 950999;
1705 1662 179 53 George
1915 1666 61 41 H.
2011 1665 160 43 Doran
2200 1678 65 31 co.

409 1716 268 56 (26-21365)

336 1801 183 74 Eliot,
559 1801 256 60 Charles
852 1801 296 73 William,
1189 1805 356 57 1834-1926.

408 1895 257 60 Charles
697 1895 95 60 W.
828 1895 191 72 Eliot,
1052 1897 104 59 the
1186 1916 145 39 man
1365 1901 122 56 and
1519 1898 96 59 his
1646 1899 224 60 beliefs;
1938 1899 205 62 edited
2177 1900 144 61 with

330 1971 1993 80 a biographical study by William Allan Neilson … New
330 2052 172 57 York
530 2051 122 60 and
681 2050 279 73 London,
989 2051 256 73 Harper
1273 2053 47 57 &
1347 2055 310 71 brothers,
1687 2056 165 57 1926.

399 2129 722 52 2 v. fronts, (ports.) 24 cm .
402 2187 275 50 “Approved
709 2189 58 49 by
799 2187 239 45 President
1069 2186 123 46 Eliot
1225 2188 72 44 for
1328 2189 302 49 posthumous
1661 2190 319 47 publication.”

333 2240 52 54 ©
413 2241 100 43 Oct.
538 2241 63 50 22,
631 2241 127 50 1926;
783 2241 64 42 2c.
876 2240 108 43 each
1011 2241 87 43 and
1123 2241 102 43 affs.
1254 2240 118 45 Nov.
1402 2241 74 54 16;
1504 2243 44 41 A
1574 2241 178 54 957110,
1778 2244 189 55 957111;
2000 2247 50 43 P.
2079 2246 49 45 F.
2157 2246 169 47 Collier

404 2299 37 43 &
465 2314 80 28 son
570 2314 80 35 co.,
675 2297 118 45 New
817 2298 143 43 York.
1029 2297 269 55 (26-20944)

337 2378 187 70 Falls,
564 2379 159 58 Otho
762 2377 241 61 Edwin.

331 2471 1972 155 Florida forms, by Otho Edwin Falls … Charlottesville,
523 2550 134 72 Va.,
688 2550 128 60 The
846 2548 227 62 Michie
1105 2569 322 56 company,
1460 2554 164 60 1926.

544 2628 332 51 xxv, 726 p. 23 cm .
335 2681 51 53 ©
415 2683 118 43 Nov.
563 2683 61 51 10,
655 2682 129 53 1926;
810 2683 65 43 2c.
903 2684 87 42 and
1017 2683 78 44 aff.
1124 2684 118 43 Nov.
1275 2685 74 52 13;
1378 2686 44 41 A
1448 2684 189 55 957069;
1669 2687 172 48 Michie
1869 2704 64 30 co.

413 2738 268 57 (26-20870)

341 2824 287 72 Farjeon,
668 2826 285 58 Eleanor.

415 2913 247 74 Mighty
702 2933 159 53 men,
906 2915 84 72 by
1033 2917 274 58 Eleanor
1354 2919 296 72 Farjeon,
1695 2921 151 59 with
1894 2943 79 37 an
340 2921 1969 133 introduction

508 2991 1823 83 by C. C. Barnes … pictures by Hugh Chesterman.
338 3070 151 57 New
521 3071 188 71 York,
743 3071 73 57 D.
854 3071 319 72 Appleton
1209 3074 122 59 and
1366 3093 306 57 company
1711 3108 11 42 [
1726 3086 19 21 c
1747 3078 147 57 1926]

409 3148 932 55 xii p., 1 l., 213, [1] p. illus. 18 ½ cm .
413 3204 391 55 CONTENTS.—pt.
832 3216 34 33 I.
896 3206 140 44 From
1062 3206 202 45 Achilles
1292 3217 46 35 to
1368 3210 147 51 Julius
1546 3208 164 47 Cæsar.
1713 3214 125 51 —pt.
1913 3247 10 10 II.
1955 3212 140 46 From
2127 3212 210 47 Beowulf

340 3272 45 34 to
415 3262 206 44 William
649 3263 75 43 the
756 3261 276 54 Conqueror.

339 3317 53 54 ©
425 3320 118 42 Nov.
578 3321 63 50 12,
676 3319 104 45 1926;
836 3321 65 42 2c.
935 3321 88 43 and
1055 3321 77 43 aff.
1168 3321 118 45 Nov.
1323 3322 75 53 17;
1432 3323 44 42 A
1507 3322 188 55 950994;
1732 3325 57 45 D.
1822 3328 229 51 Appleton
2084 3328 38 44 &
2152 3343 65 29 co.

416 3375 269 55 (26-21020)

342 3460 303 72 Fletcher,
690 3462 226 58 Harris
958 3463 279 59 Francis.

413 3551 285 62 Milton’s
746 3553 257 63 Semitic
1046 3557 238 62 studies
1330 3563 122 58 and
1497 3580 167 41 some
1707 3562 511 62 manifestations
2264 3567 69 59 of

337 3631 1970 155 them in his poetry, by Harris Francis Fletcher … Chicago,
542 3709 115 74 Ill.,
694 3708 129 60 The
857 3710 373 76 University
1267 3715 68 58 of
1372 3715 268 75 Chicago
1676 3737 182 54 press
1897 3746 14 44 [
1914 3727 17 22 c
1935 3721 147 57 1926]

487 3787 329 52 x, 155 p. 20 cm .
411 3843 353 53 Bibliography:
793 3861 41 35 p.
869 3846 200 46 141-150.

341 3895 55 55 ©
428 3898 118 43 Nov.
583 3901 37 49 1,
655 3899 106 43 1926;
821 3900 65 44 2c.
920 3902 88 42 and
1039 3902 78 43 aff.
1152 3901 120 47 Nov.
1310 3905 75 50 11;
1423 3904 45 42 A
1502 3903 190 55 957057;
1730 3906 267 55 University
2031 3909 51 44 of
2117 3908 214 54 Chicago,

413 3954 210 54 Chicago.
693 3956 270 55 (26-20939)
