2609 4293
0 0 0 0 17
146 371 332 58 American
512 369 285 57 institute
816 369 66 57 of
898 369 243 73 mining
1156 371 126 56 and
1315 370 461 73 metallurgical
1791 370 339 72 engineers.

225 461 444 57 Transactions
703 461 67 56 of
803 461 102 56 the
940 461 335 56 American
1309 462 288 56 institute
1635 461 67 58 of
1734 462 243 73 mining
2011 466 123 56 and

145 538 454 71 metallurgical
632 537 323 71 engineers
1002 537 497 72 (incorporated)
1580 558 56 37 v.
1675 541 88 55 72.
145 535 1962 152 Containing

287 633 228 53 papers
553 615 122 55 and
711 614 350 57 discussion
1097 634 79 36 on
1210 614 241 72 mining
1485 616 125 56 and
1650 616 312 72 sampling
149 634 1957 115 presented

394 694 65 53 at
486 691 305 71 meetings
819 691 145 57 held
992 691 66 55 in
1087 691 153 56 New
1267 691 173 56 York
1467 691 67 56 in
1565 692 165 71 1922,
1766 693 165 70 1923,
1966 693 163 71 1924,

147 769 162 69 1925,
354 769 124 56 and
517 767 240 57 offered
799 768 106 55 for
946 768 177 70 1926;
1173 767 127 58 San
1343 767 356 73 Francisco,
1747 766 382 75 September,

147 846 175 67 1922;
363 843 451 73 Birmingham,
862 843 281 73 October,
1188 845 177 70 1924;
1411 846 123 56 and
1579 843 140 59 Salt
1758 844 165 58 Lake
1970 844 159 74 City,

148 921 379 71 September,
560 923 163 55 1925.
795 922 151 56 New
975 921 188 71 York,
1196 921 72 56 N.
1301 921 92 71 Y.,
1426 921 342 58 Published
1796 922 85 71 by
1908 922 103 56 the

142 922 1964 147 institute,
414 999 164 56 1925.

208 1074 57 51 vi,
298 1073 79 44 925
410 1088 38 37 p.
510 1073 129 51 illus.,
670 1074 155 51 tables,
858 1074 167 51 diagrs.
1083 1074 52 43 23½cm.

140 1128 54 53 ©
224 1131 107 42 Dec.
359 1130 67 51 22,
458 1129 129 52 1925;
618 1130 64 43 2c.
713 1131 99 51 Jan.
844 1130 37 51 6,
915 1129 129 52 1926;
1077 1130 78 43 aff.
1187 1130 109 43 Dec.
1327 1129 64 51 30,
1425 1128 129 53 1925;
1587 1130 43 42 A
1663 1129 188 52 879148;
1885 1128 243 44 American

197 1186 200 43 institute
426 1186 51 43 of
505 1186 171 52 mining
703 1186 86 43 and
817 1184 330 54 metallurgical
1178 1184 245 53 engineers,
1456 1185 116 43 New
1602 1185 142 43 York.

139 1268 265 73 Asselin,
442 1269 232 73 Henry.

284 1359 1841 73 … Pierrot de la lune; ou, Le fou d’amour … Paris,
139 1436 975 74 Aux éditeurs associés [ c 1925]
136 1515 1969 110 3 p. l., [9]-190 p., 1 l. 18½cm. ( On cover : Collection “Le roman nouveau”, n° 26)
137 1626 1970 113 © Dec. 15, 1925; 1c. Jan. 11, 1926; A— Foreign 29827; Aux éditeurs associés. (26-6216)
138 1765 275 73 Ballard,
454 1768 302 56 Emerson
792 1766 359 73 Etheridge,
1192 1769 188 56 1865-
1538 1767 92 58 ed.

211 1857 297 59 National
543 1861 237 68 system
814 1857 68 57 of
914 1857 354 58 references
1304 1858 126 56 and
1463 1856 433 72 annotations;
1930 1858 200 58 tables

135 1935 68 56 of
231 1935 83 56 all
340 1954 171 38 cases
541 1935 65 56 in
632 1937 103 55 the
765 1936 460 56 Northeastern
1252 1936 288 69 reporter
1568 1935 197 57 which
1791 1935 159 58 have
1977 1936 154 57 been

135 2014 394 70 re-reported
576 2013 66 57 in
691 2013 103 58 the
845 2012 337 59 American
1233 2016 163 54 state
1447 2016 269 70 reports,
1769 2011 362 61 Annotated

133 2110 191 53 cases,
378 2091 324 71 Lawyers’
755 2094 248 67 reports
1058 2091 339 58 annotated
1451 2095 125 56 and
1625 2089 336 59 American
2012 2091 118 57 law

133 2172 268 68 reports,
428 2169 150 57 with
605 2169 353 57 references
986 2173 63 53 to
1077 2168 399 58 annotations
1507 2167 330 59 contained
1862 2168 66 57 in
1955 2168 174 59 these

134 2250 266 66 systems
430 2246 69 58 of
529 2247 269 57 selected
826 2265 190 38 cases.
1083 2245 158 58 Ohio
1273 2246 91 57 ed.
1448 2245 235 58 Edited
1709 2246 84 72 by
1821 2245 309 59 Emerson

132 2322 1999 75 E. Ballard … Crawfords ville, Ind., National annotating
130 2421 306 52 company
470 2431 12 43 [
485 2410 19 22 c
507 2402 163 72 1925]

199 2477 603 55 2 p. l., 3-324, 24 p. 26½cm.
202 2536 216 45 Contains
448 2536 143 44 tables
617 2535 52 43 of
693 2549 124 30 cases
845 2535 185 44 decided
1055 2535 59 52 by
1140 2534 78 47 the
1243 2541 152 37 courts
1423 2534 51 45 of
1501 2533 191 55 Illinois,
1719 2533 200 55 Indiana,
130 2535 1976 111 Massachusetts,

372 2593 117 43 New
520 2591 133 45 York
682 2592 89 43 and
802 2590 134 45 Ohio.

131 2647 53 55 ©
212 2652 108 43 Dec.
346 2651 66 48 24,
446 2647 129 52 1925;
602 2649 65 43 2c.
696 2648 88 44 and
812 2648 78 44 aff.
921 2648 99 53 Jan.
1049 2648 38 52 2,
1120 2647 129 53 1926;
1280 2648 43 43 A
1353 2647 189 53 879094;
1574 2647 52 48 E.
1655 2647 53 48 E.
1740 2648 197 49 Ballard,
201 2647 1902 111 Crawfordsville,
481 2706 95 43 Ind.
645 2704 215 54 (26-936)

132 2790 205 70 Bates,
374 2788 229 58 Esther
635 2786 289 61 Willard.

206 2880 129 56 The
388 2882 101 54 art
541 2878 69 57 of
659 2876 350 73 producing
1057 2878 327 71 pageants,
1435 2877 83 71 by
1570 2876 236 59 Esther
1858 2876 268 60 Willard

129 2958 209 56 Bates.
420 2957 257 68 Boston,
707 2955 244 58 Walter
984 2954 79 57 H.
1097 2953 210 58 Baker
1339 2973 325 53 company,
1698 2955 166 57 1925.

197 3030 1102 57 4 p. l., 269 p. front., illus., plates. 19½c m .
199 3089 353 54 Bibliography:
583 3103 41 39 p.
656 3087 206 46 253-269.

127 3146 54 53 ©
210 3149 107 42 Dec.
345 3149 66 50 31,
442 3146 129 51 1925;
599 3146 65 43 2c.
692 3146 86 42 and
805 3145 78 43 aff.
911 3145 99 52 Jan.
1038 3147 38 47 8,
1109 3144 129 52 1926;
1270 3145 43 42 A
1341 3142 191 55 875798;
1565 3145 182 44 Walter
1775 3146 61 44 H.
1868 3146 149 43 Baker
2044 3160 77 37 co.,

199 3205 82 43 inc.
351 3202 242 56 (26-1207)

127 3289 296 73 Seeding,
465 3285 280 60 Francis.

209 3378 130 57 The
368 3377 162 56 little
556 3374 186 57 white
771 3374 143 71 hag,
945 3373 80 71 by
1052 3371 263 60 Francis
1344 3372 299 74 Beeding.
1709 3374 257 67 Boston,
126 3374 1973 156 Little,

256 3455 248 71 Brow,
535 3454 125 56 and
687 3469 325 54 company,
1043 3451 165 56 1926.

197 3533 446 55 4 p. l., 320 p. 19½cm.
126 3590 54 53 ©
206 3592 98 51 Jan.
329 3590 38 51 2,
395 3588 106 44 1926;
552 3588 64 42 2c.
644 3587 87 43 and
758 3586 79 44 aff.
865 3586 99 52 Jan.
994 3585 74 52 12;
1097 3585 44 42 A
1168 3584 190 53 879219;
1389 3585 149 52 Little,
1567 3585 179 53 Brown,
1776 3588 86 42 and
1890 3601 230 37 company.

205 3644 242 57 (26-1451)

127 3730 233 70 Bilder,
401 3727 199 59 Jacob
696 3769 10 13 O.

202 3808 76 56 In
306 3807 114 57 hoc
449 3806 170 72 ligno;
684 3824 38 38 a
750 3802 316 73 challenge
1096 3803 65 57 to
1195 3800 231 75 Signor
1453 3801 264 74 Papini!
1795 3803 103 74 By
1926 3804 198 60 Jacob

127 3879 1994 77 O. Bilder … New York, Social science publishers, 1925.
