2542 4285
1306 4024 148 55 1422

404 485 1924 75 Bruce Taylor … with an introduction by H. J. Cody …
406 564 294 70 Toronto,
731 564 129 57 The
894 563 247 60 Grolier
1175 563 251 72 society,
1458 563 241 58 limited;
1760 565 275 71 London,
2069 567 128 56 The

405 566 1968 132 Educational
709 641 159 57 book
903 660 307 52 company
1249 641 201 72 [c1926]

472 718 1446 54 20 v . illus. (part col.) plates (part col.) ports. 25 cm .
475 776 154 52 Paged
658 775 325 53 continuously.

400 831 53 53 ©
482 833 117 52 Aug.
628 832 68 52 27,
730 833 128 50 1926;
889 832 63 43 2c.
986 832 100 43 Oct.
1117 832 77 51 28;
1228 832 77 43 aff.
1338 831 107 44 Dec.
1476 833 49 50 3;
1558 832 44 42 A
1632 830 186 54 957400;
1853 832 179 45 Grolier
2063 834 181 51 society,
2277 834 117 43 New

470 890 139 48 York,
645 890 88 42 and
765 889 351 52 Amalgamated
1149 903 125 38 press
1319 889 158 55 (1922)
1519 889 77 44 ltd.
1660 887 66 55 [©
1764 888 230 46 Canadian
2027 890 220 54 material]

478 945 268 56 (26-22533)

398 1031 336 73 Michigan.
817 1034 303 70 Supreme
1164 1037 191 54 court.

476 1121 1915 73 Michigan reports. Cases decided … from December
400 1203 88 70 22,
529 1202 164 69 1925,
732 1204 63 53 to
834 1200 219 56 March
1093 1202 89 69 20,
1224 1202 165 54 1926.
1470 1200 275 57 Richard
1783 1200 97 57 W.
1925 1200 260 71 Cooper,
2230 1203 162 55 state

399 1281 303 68 reporter,
831 1324 9 9 v.
888 1279 126 55 233.
1102 1280 96 54 1st
1243 1279 91 55 ed.
1421 1277 288 73 Chicago,
1756 1277 345 73 Callaghan
2144 1278 48 57 &
395 1297 1973 132 company,
615 1357 166 55 1926.

461 1431 195 53 xxxviii,
687 1431 81 44 772
796 1446 41 38 p.
894 1431 53 45 23
954 1434 47 18 cm
1008 1467 8 8 .

396 1487 53 54 ©
479 1490 107 43 Dec.
613 1490 41 51 2,
688 1489 104 43 1926;
845 1488 65 44 2c.
942 1490 87 42 and
1057 1489 78 43 aff.
1167 1490 108 42 Dec.
1306 1489 25 42 6;
1389 1489 44 42 A
1462 1488 161 44 957421;
1685 1489 187 44 Charles
1903 1490 39 52 J.
1975 1490 70 42 De
2075 1489 140 53 Land,

467 1503 1903 96 secretary
593 1548 51 42 of
670 1554 114 36 state
812 1547 74 43 for
912 1547 74 42 the
1016 1554 114 36 state
1158 1546 50 44 of
1237 1545 249 53 Michigan,
1516 1547 211 52 Lansing,
1758 1547 140 44 Mich.

396 1631 251 72 Parvin,
689 1632 254 71 Joseph,
987 1635 189 55 1849-

467 1721 1855 76 Bringing in the sheaves of Zion, by Joseph Parvin …
394 1801 472 75 [Philadelphia,
899 1799 369 60 Birnbaum-
1274 1802 277 58 Jackson
1585 1822 104 53 co.,
1747 1802 164 73 c1926]

462 1878 583 53 2 p. l., 7-157 p. 20 cm .
395 1933 52 53 ©
477 1935 116 43 Nov.
621 1935 67 52 23,
721 1935 128 52 1926;
882 1935 63 42 2c.
976 1935 86 43 and
1092 1935 77 42 aff.
1201 1936 109 42 Dec.
1346 1936 45 51 1;
1423 1935 44 42 A
1498 1933 187 54 957330;
1719 1936 38 52 J.
1792 1936 181 51 Parvin,
2007 1935 326 53 Philadelphia.

471 1991 268 55 (26-22536)

394 2077 331 74 Poliakoff,
762 2078 74 58 V.

472 2168 249 57 Mother
765 2168 184 58 dear:
990 2167 105 57 the
1137 2167 304 70 Empress
1488 2167 200 57 Marie
1732 2166 70 58 of
1843 2165 231 59 Russia
2118 2169 122 57 and
2281 2167 113 59 her

395 2247 199 72 times,
636 2247 83 71 by
819 2294 10 9 V.
871 2245 317 58 Poliakoff
1235 2244 306 73 (Augur).
1625 2245 151 57 New
1814 2245 189 72 York,
2044 2247 72 56 D.
395 2246 1972 136 Appleton

532 2325 122 58 and
686 2342 322 54 company,
1040 2323 164 58 1926.

464 2400 1018 56 4 p. l., 334 p. front., plates, ports. 22½cm.
392 2458 53 54 ©
476 2461 99 43 Oct.
603 2460 66 50 22,
704 2460 129 51 1926;
865 2459 64 42 2c.
962 2460 87 42 and
1079 2459 78 43 aff.
1192 2459 100 43 Oct.
1323 2457 79 53 26;
1436 2458 44 42 A
1510 2456 189 54 957002;
1735 2459 55 43 D.
1824 2456 229 54 Appleton
2085 2458 39 44 &
2153 2473 64 29 co.

470 2515 267 56 (26-22522)

458 2600 1734 73 … Précis de pathologie médicale … t. 1, 2. Paris,
469 2599 1892 137 Masson
610 2682 61 54 et
700 2699 32 37 c
734 2680 31 28 ie
772 2725 12 24 ,
815 2681 165 55 1926.

457 2757 28 42 2
514 2772 39 28 v.
614 2756 130 51 illus.,
792 2753 149 56 diagrs.
1005 2755 51 45 19½cm.

461 2815 64 42 At
549 2814 115 43 head
689 2814 51 43 of
766 2812 98 44 title:
920 2812 49 44 F.
1001 2814 249 52 Bezançon,
1279 2812 175 43 Marcel
1483 2812 165 53 Labbé,
1677 2812 123 44 Léon
1829 2811 219 53 Bernard,
2073 2810 123 55 J.-A.
2228 2809 159 48 Sicard

406 2881 41 36 [et
474 2879 166 46 autres]

388 2926 1855 54 © Mar. 1, 1926; 1c. each June 21; A— Foreign 31231; Masson & co.
468 2985 268 54 (26-21983)

389 3070 290 70 Ravenel,
716 3073 151 56 Mrs.
907 3071 285 57 Beatrice
1238 3071 252 73 (Witte)
1538 3074 189 56 1870-

465 3164 129 61 The
640 3183 207 40 arrow
892 3166 68 57 of
1001 3163 315 74 lightning
1364 3165 112 71 [by]
1523 3164 289 60 Beatrice
1859 3162 293 58 Ravenel.
2235 3162 150 57 New

384 3243 189 70 York,
605 3243 79 57 H.
715 3240 208 73 Vinal,
955 3243 166 58 1926.

456 3321 589 51 5 p. l., 69, [1] p. 21cm.
457 3378 139 45 “This
628 3378 123 45 book
779 3380 80 42 has
890 3380 109 44 been
1031 3377 213 52 designed
1275 3381 58 48 by
1366 3378 173 44 Robert
1571 3375 44 46 S.
1647 3377 211 51 Josephy,
1892 3377 102 64 and.
2011 3391 135 30 seven
2179 3377 204 44 hundred

386 3438 89 42 and
506 3435 294 50 seventy-five
829 3433 152 52 copies
1010 3436 115 43 have
1156 3436 110 44 been
1293 3435 180 50 printed
1503 3437 141 42 under
1674 3434 70 45 his
1775 3432 284 52 supervision
2089 3440 46 36 at
2166 3433 74 43 the
2273 3433 109 51 shop

385 3493 52 44 of
466 3493 206 48 Douglas
700 3492 48 44 C.
779 3489 297 52 McMurtrie,
1104 3493 97 48 inc.,
1228 3491 44 45 in
1302 3490 280 51 September,
1613 3489 147 47 1926.”

457 3550 178 43 Poems.

387 3600 52 53 ©
472 3603 99 43 Oct.
605 3603 35 49 1,
674 3602 129 51 1926;
835 3602 63 42 2c.
932 3602 107 42 Dec.
1073 3601 48 47 4;
1155 3601 77 43 aff.
1266 3601 118 43 Nov.
1416 3600 77 52 30;
1526 3600 45 42 A
1599 3598 189 54 957477;
1821 3601 181 42 Harold
2034 3600 153 46 Vinal.,

465 3657 268 56 (26-22539)

386 3745 207 68 Reese,
640 3744 238 73 Joseph
922 3744 208 73 Hugh,
1175 3747 189 56 1877-

461 3822 1851 76 Florida’s great hurricane, by Joe Hugh Reese …
384 3902 235 73 Miami,
648 3901 155 73 Fla.,
834 3903 68 57 L.
932 3902 74 63 E.
1037 3902 237 74 Fesler,
1325 3904 166 57 c1926.
