2542 4285
1014 3961 112 57 405

102 357 249 70 Easton,
391 358 240 56 Burton
668 358 189 70 Scott,
896 361 187 56 1877-

179 441 128 56 The
344 439 229 72 Gospel
608 442 332 70 according
974 445 62 52 to
1075 441 89 57 St.
1202 441 200 71 Luke;
1440 463 34 36 a
1511 443 239 57 critical
1788 447 123 55 and
101 466 1953 123 exegetical

371 518 1706 73 commentary, by Burton Scott Easton … New
100 594 186 74 York,
318 594 62 58 C.
410 594 351 58 Scribner’s
793 614 161 51 sons,
982 596 163 55 1926.

218 671 575 55 xl p., 1 l., 367 p. 21½cm.
167 728 350 53 Bibliography:
546 744 38 37 p.
614 729 182 44 vii-viii.

93 782 54 53 ©
180 785 117 41 Mar.
330 784 65 49 26,
435 784 107 43 1926
554 799 8 35 ;
598 784 63 42 2c.
697 785 110 50 Apr.
846 783 72 53 15;
957 785 76 42 aff.
1068 785 111 52 Apr.
1215 786 49 50 9;
1302 785 44 41 A
1380 785 187 52 891028;
1607 785 184 45 Charles
1831 786 247 46 Scribner’s

163 854 115 28 sons.
348 839 239 54 (26-8837)

96 923 356 72 Ecological
489 923 234 73 society
756 924 67 56 of
858 922 307 59 America.

170 1007 415 58 Naturalist’s
629 1007 184 72 guide
857 1011 62 53 to
962 1008 102 56 the
1108 1007 343 72 Americas,
1496 1009 314 69 prepared
1851 1009 83 70 by
1974 1009 103 59 the

99 1084 365 59 Committee
505 1104 75 37 on
616 1086 103 56 the
755 1085 439 70 preservation
1233 1085 68 57 of
1335 1086 254 55 natural
1626 1085 346 58 conditions
2014 1088 65 56 of

94 1163 102 57 the
232 1162 355 72 Ecological
625 1162 232 71 society
894 1162 67 57 of
996 1162 308 72 America,
1341 1162 151 57 with
1530 1162 343 58 assistance
1910 1163 167 57 from

93 1258 334 38 numerous
464 1239 461 72 organizations
968 1241 123 55 and
1128 1239 401 72 individuals,
1570 1240 347 58 assembled
1955 1242 121 56 and

96 1316 1981 72 edited by the chairman, Victor E. Shelford … publication
94 1393 1983 75 editor, Forrest Shreve … Baltimore, The Williams &
90 1471 267 58 Wilkins
390 1490 319 53 company,
743 1472 165 56 1926.

157 1565 74 35 xv,
261 1546 75 45 761
365 1562 40 38 p.
466 1547 152 52 front.,
647 1562 123 38 maps
810 1548 126 52 (part
962 1546 187 55 double)
1211 1547 52 44 23½
1299 1549 47 18 cm
1352 1582 9 9 .

160 1603 213 46 Contains
406 1603 363 54 bibliographies.

85 1659 54 53 ©
171 1663 117 40 Mar.
320 1661 65 50 26,
419 1661 127 49 1926;
580 1661 63 41 2c.
675 1661 87 41 and
792 1661 78 41 aff.
902 1661 111 50 Apr.
1048 1660 71 50 14;
1154 1660 44 40 A
1227 1659 189 52 890333;
1450 1659 227 44 Williams
1711 1661 37 42 &
1779 1659 197 44 Wilkins
2010 1677 64 26 co.

165 1714 240 56 (26-8906)

90 1799 358 74 Eggleston,
481 1800 90 57 De
604 1798 162 60 Witt
800 1798 163 72 Carl,
997 1801 188 56 1881-

163 1886 1846 76 Auditing procedure, by De Witt Carl Eggleston …
86 1970 150 56 New
266 1968 189 70 York,
487 1968 58 57 J.
576 1967 206 71 Wiley
813 1967 49 56 &
895 1985 162 50 sons,
1089 1965 149 71 inc.;
1275 1969 147 69 [etc.,
1457 1970 127 69 etc.]
1621 1968 163 57 1926.

155 2046 92 52 xvi,
275 2044 78 45 528
379 2061 39 37 p.
447 2045 100 43 incl.
576 2045 155 43 forms.
792 2045 53 42 24
852 2047 46 17 cm
905 2079 8 8 .
982 2043 293 53 (Half-title:
1308 2041 99 47 The
1433 2044 152 51 Wiley
1611 2044 268 52 accounting
1906 2043 162 51 series)

84 2101 52 54 ©
159 2104 112 51 Apr.
297 2104 37 50 3,
362 2102 128 51 1926;
517 2103 63 42 2c.
604 2103 86 42 and
714 2102 77 42 aff.
818 2102 111 51 Apr.
958 2100 74 53 16;
1058 2102 44 41 A
1128 2100 188 52 890369;
1346 2102 69 42 De
1440 2102 74 43 W.
1544 2101 47 44 C.
1620 2100 261 54 Eggleston,
1910 2103 163 43 Mount

154 2160 200 51 Vernon,
395 2159 59 42 N.
495 2158 54 43 Y.
618 2157 240 55 (26-9082)

83 2243 166 70 Ertz,
288 2243 221 58 Susan.

160 2323 1913 74 After noon, by Susan Ertz … New York, D. Appleton
82 2403 48 57 &
161 2419 320 55 company,
514 2403 162 55 1926.

153 2477 650 55 3 p. l., 337, [1] p. 19½ cm .
80 2533 54 54 ©
167 2537 109 50 Apr.
313 2535 62 52 16,
409 2535 128 52 1926;
569 2536 64 43 2c.
666 2536 86 42 and
784 2535 77 43 aff.
893 2536 112 50 Apr.
1037 2534 77 52 21;
1148 2535 44 41 A
1222 2533 189 53 890422;
1446 2534 57 42 D.
1536 2533 227 52 Appleton
1795 2533 37 43 &
1864 2548 64 27 co.

159 2591 241 55 (26-9019)

84 2676 155 71 Fite,
279 2678 302 56 Emerson
615 2674 224 69 David,
881 2678 189 57 1874-

158 2760 269 72 History
460 2760 66 58 of
556 2760 103 57 the
691 2759 236 58 United
963 2759 228 58 States.
1274 2758 152 57 New
1459 2758 90 58 ed.
1631 2758 97 71 By
1761 2757 306 56 Emerson

82 2835 1983 74 David Fite … New York, H. Holt and company [ c 1926]
151 2933 47 36 x,
223 2915 91 52 598,
340 2916 150 43 xxxix
515 2933 38 36 p.
580 2916 99 44 incl.
709 2915 149 52 front.,
883 2915 115 44 illus.
1059 2915 53 43 20½
1147 2917 47 17 cm
1200 2951 8 8 .

152 2973 214 45 Contains
394 2973 362 52 bibliographies.

80 3026 52 54 ©
162 3030 110 51 Apr.
307 3029 62 50 12,
404 3028 128 52 1926;
566 3029 63 43 2c.
661 3029 87 42 and
779 3028 78 43 aff.
890 3029 111 50 Apr.
1037 3026 74 53 17;
1146 3028 44 41 A
1222 3025 189 53 891078;
1447 3027 161 51 Henry
1641 3026 118 43 Holt
1792 3026 37 43 &
1862 3040 64 28 co.

157 3084 240 55 (26-9000)

82 3168 561 72 Foakes-Jackson,
683 3166 340 58 Frederick
1057 3167 182 68 John,
1282 3168 189 57 1855-

163 3254 128 56 The
314 3253 111 57 life
449 3253 66 57 of
542 3252 178 58 Saint
746 3253 177 70 Paul,
948 3252 103 57 the
1075 3271 144 38 man
1246 3251 122 57 and
1390 3250 104 58 the
1520 3249 259 72 apostle,
1801 3248 82 71 by
1907 3248 69 57 F.
2003 3248 60 57 J.

82 3330 561 58 Foakes-Jackson.
727 3330 151 56 New
908 3329 189 72 York,
1130 3328 162 57 Boni
1324 3328 49 57 &
1403 3326 344 72 Liveright,
1783 3326 164 56 1926.

147 3411 94 51 292,
273 3411 52 46 [1]
358 3424 41 32 p.
461 3408 151 49 front.,
644 3409 113 43 illus.
786 3408 177 53 (maps)
1030 3408 53 43 23
1090 3409 45 17 cm
1143 3440 8 8 .

79 3463 52 54 ©
167 3466 117 42 Mar.
318 3465 64 49 29,
423 3464 126 51 1926;
586 3465 63 42 2c.
685 3465 110 50 Apr.
834 3462 73 53 15;
945 3464 78 43 aff.
1058 3464 110 52 Apr.
1205 3461 47 52 7;
1292 3462 44 41 A
1369 3459 188 53 891037;
1596 3460 112 43 Boni
1746 3460 36 43 &
1817 3456 248 53 Liveright,

147 3521 81 44 inc.
298 3521 240 53 (26-8838)

80 3605 150 71 Fox,
268 3604 208 58 Dixon
512 3605 197 71 Ryan,
751 3606 189 56 1887-

158 3688 187 60 Caleb
390 3689 365 70 Heathcote,
802 3688 354 71 gentleman
1205 3683 259 59 colonist
1484 3706 12 46 ;
1543 3682 102 57 the
1694 3684 177 67 story
1916 3679 66 57 of
2030 3698 35 38 a

81 3785 214 39 career
322 3766 64 56 in
415 3766 103 57 the
546 3765 293 71 province
873 3765 66 56 of
970 3764 151 56 New
1145 3762 192 70 York,
1366 3761 355 68 1692-1721,
1750 3759 82 70 by
1860 3756 202 58 Dixon

80 3843 182 55 Ryan
289 3844 150 54 Fox.
509 3843 150 55 New
685 3842 173 56 York,
908 3839 64 59 C.
1007 3840 354 58 Scribner’s
1394 3856 163 42 sons,
1588 3837 165 56 1926.
