2542 4285
1033 3988 112 55 363

156 453 71 51 vii,
273 454 49 42 91
369 467 40 38 p.
468 453 52 43 23½
555 456 45 17 cm
607 487 8 8 .
685 452 250 53 (Teachers
980 451 182 54 college,
1212 451 236 45 Columbia
1491 451 257 54 university.
89 452 1956 101 Contributions
233 517 44 36 to
309 508 247 52 education,
585 524 70 27 no.
693 507 101 54 192)

160 564 244 44 Published
430 565 94 43 also
552 579 49 28 as
628 564 137 43 thesis
804 566 17 50 (PH.
985 564 17 52 D.)
1041 563 236 44 Columbia
1306 563 259 52 university,
1601 563 115 44 1926.

159 620 346 52 Bibliography:
539 635 38 38 p.
609 619 149 44 90-91.

88 674 52 53 ©
167 677 97 51 Jan.
296 676 61 51 12,
389 676 127 51 1926;
545 676 63 42 2c.
639 677 97 51 Jan.
766 676 75 51 30;
872 676 78 42 aff.
978 676 98 51 Jan.
1106 675 78 52 20;
1216 675 44 42 A
1288 675 186 51 883122;
1507 674 228 43 Teachers
1765 674 184 52 college,
157 673 1890 103 Columbia
352 732 258 51 university.
679 730 240 54 (26-8358)

86 830 286 70 Mendell,
412 831 236 70 George
685 828 434 72 Washington,
1160 831 189 56 1873-

166 921 299 60 Business
492 926 121 55 and
639 922 389 58 commercial
1050 921 120 56 law
1194 923 67 57 of
1286 923 220 56 Texas.
1573 922 223 58 School
1821 923 249 57 edition.

89 1001 57 56 A
191 1000 195 71 ready
427 1000 316 57 reference
788 1000 67 57 of
901 1000 339 70 every-day
1281 998 120 57 law
1442 998 104 56 for
1586 1000 321 57 merchant
1951 1003 121 55 and

88 1074 1985 74 business man, by George Mendell, jr. … 2d ed. Austin,
91 1155 163 70 Tex.,
284 1153 337 59 Gammel’s
648 1151 159 58 book
834 1155 186 68 store,
1051 1153 164 54 1926.

162 1230 732 53 1 p. l ., v-xi, 5-209 p. 22½ cm .
83 1284 55 53 ©
167 1286 112 51 Apr.
313 1287 34 49 1,
381 1285 128 51 1926;
540 1284 63 44 2c.
633 1285 88 43 and
749 1284 78 43 aff.
858 1284 113 51 Apr.
1000 1281 47 53 5;
1081 1283 42 42 A
1155 1283 189 51 890193;
1377 1283 61 42 H.
1471 1284 49 41 P.
1553 1283 58 43 N.
1644 1283 217 52 Gammel,
1892 1284 178 51 Austin,

154 1340 113 45 Tex.
337 1339 241 55 (26-8365)

86 1437 515 72 Merezhkovskiǐ,
640 1436 231 59 Dmitriǐ
938 1435 413 74 Sergi͡eevich,
1395 1439 188 57 1865-

163 1529 127 57 The
337 1528 169 57 birth
554 1528 67 57 of
668 1528 104 57 the
819 1528 174 71 gods,
1041 1527 81 70 by
1170 1526 233 57 Dmitri
1453 1526 60 59 S.
1566 1527 508 73 Merezhkovsky,

85 1607 350 56 translated
471 1605 166 57 from
675 1604 101 58 the
817 1604 274 57 Russian
1129 1605 82 70 by
1246 1603 248 58 Natalie
1536 1605 73 56 A.
1649 1605 424 72 Duddington.

84 1683 258 57 London
372 1681 47 59 &
450 1683 290 72 Toronto,
774 1682 59 57 J.
868 1681 82 57 M.
983 1680 165 58 Dent
1177 1679 48 59 &
1255 1699 162 54 sons,
1451 1681 108 57 ltd.
1596 1681 180 73 [1925]

155 1760 58 52 ix,
245 1760 80 43 226
353 1774 52 39 p.,
440 1761 18 42 1
507 1793 8 8 l.
578 1760 49 43 19
633 1760 45 17 cm
686 1794 8 8 .

416 1815 166 44 CONTENTS.—The
626 1815 174 43 mother
843 1814 51 45 of
935 1814 74 44 the
1054 1813 284 54 gods.—The
1381 1813 296 54 labyrinth.—
1681 1814 236 53 Pasiphae.
1921 1815 155 44 —The

83 1872 414 46 bacchante.—The
529 1872 302 43 Minotaurus.
836 1870 154 44 —The
1022 1886 138 29 cross.

82 1925 1989 58 © 1c. Jan. 11, 1926; A ad int. 7643; pubd. Dec. 1, 1925; E. P. Dutton & co.,
155 1987 116 43 New
306 1986 141 43 York.
517 1984 240 54 (26-8389)

86 2083 245 71 Merrel,
370 2081 362 60 Concordia.

162 2173 230 59 Ordeal
418 2174 82 69 by
525 2172 333 72 marriage,
886 2173 83 70 by
999 2169 347 60 Concordia
1374 2171 250 58 Merrel.
1706 2172 152 57 New
1886 2173 188 67 York,

84 2251 241 72 George
355 2250 78 57 H.
468 2250 213 57 Doran
712 2267 305 54 company
1049 2277 13 43 [
1063 2255 20 22 c
1087 2249 164 72 1926]

154 2328 359 55 312 p. 19½ cm .
85 2385 52 53 ©
169 2387 117 41 Mar.
323 2385 60 50 19,
419 2384 127 52 1926;
580 2384 63 43 2c.
677 2384 119 42 Mar.
824 2383 78 52 22;
936 2382 79 44 aff.
1047 2383 112 51 Apr.
1191 2383 48 51 8;
1273 2383 43 42 A
1348 2382 188 53 890244;
1573 2382 48 45 C.
1654 2383 184 50 Merrel,
1872 2384 199 43 London.

163 2440 242 56 (26-8387)

84 2524 369 57 Minnesota.
529 2525 299 71 Supreme
867 2527 189 54 court.

162 2616 357 56 Minnesota
556 2618 248 67 reports.
899 2633 56 37 v.
996 2615 127 55 162.
1205 2611 191 60 Cases
1436 2615 237 70 argued
1713 2616 123 55 and

84 2617 1989 147 determined … January 30-April 17, 1925. Henry Burleigh
83 2770 292 72 Wenzell,
422 2773 302 67 reporter.
812 2768 182 58 Saint
1041 2768 175 71 Paul,
1263 2769 290 56 Lavallee
1600 2770 121 55 law
1763 2769 159 57 book
1967 2789 104 51 co.,

85 2848 165 55 1926.

153 2922 141 52 xxvii,
329 2920 77 46 577
437 2937 39 38 p.
533 2922 52 43 22½
619 2925 47 17 cm
673 2957 8 8 .

83 2977 55 54 ©
167 2978 107 44 Feb.
303 2978 66 51 27,
404 2978 104 43 1926
523 2993 8 37 ;
562 2979 64 42 2c.
657 2978 118 43 Mar.
804 2978 78 52 20;
912 2978 80 43 aff.
1023 2978 118 43 Mar.
1176 2978 74 51 18;
1282 2978 44 42 A
1355 2977 190 51 883719;
1582 2977 129 45 Mike
1739 2978 155 50 Holm,
155 2993 1896 93 secretary

286 3034 50 44 of
369 3035 73 43 the
475 3042 114 35 state
621 3035 51 43 of
706 3034 258 43 Minnesota
998 3033 44 43 in
1076 3041 118 36 trust
1228 3033 73 44 for
1334 3034 74 44 the
1443 3034 167 44 benefit
1643 3034 52 44 of
1727 3034 74 45 the
1835 3035 155 52 people
2023 3034 51 44 of

155 3091 96 44 said
282 3097 128 46 state,
446 3089 64 47 St.
545 3090 127 43 Paul.

86 3179 261 73 Mistier,
382 3181 177 58 Jean.

228 3269 1848 72 … Madame de Staël et Maurice O’Donnell, 1805-1817,
84 3349 253 70 d’après
371 3348 106 58 des
511 3348 216 57 lettres
759 3348 282 58 inédites.
1117 3347 206 71 Paris,
1358 3346 500 74 Calmann-Lévy
1893 3347 181 74 [1926]

155 3426 24 43 3
209 3441 40 37 p.
296 3459 22 15 l.,
351 3425 42 52 ii,
423 3425 80 44 332
532 3440 51 38 p.,
612 3429 26 41 2
680 3451 14 17 l,
753 3425 53 44 23
813 3426 47 19 cm
865 3460 10 9 .

85 3480 1676 55 © Feb. 3. 1926; 1c. Feb. 12; A—Foreign 30172; Calmann-Lévy.
164 3536 241 56 (26-8778)

87 3621 263 72 Molnár,
388 3621 249 73 Ferenc,
678 3624 188 57 1878-

85 3708 1966 136 Eva and The derelict boat, by Franz Molnar … translated
283 3787 165 57 from
479 3788 102 57 the
612 3788 375 71 Hungarian
1016 3789 84 71 by
1131 3787 168 58 Emil
1327 3788 292 72 Lengyel.
84 3787 1965 149 Indianapolis,

211 3865 126 57 The
369 3864 481 59 Bobbs-Merrill
880 3884 305 54 company
1216 3894 13 43 [
1230 3873 20 22 c
1254 3865 163 73 1926]
