2542 4285
1372 4020 147 56 1072

405 428 303 71 Hunting,
752 428 219 69 Henry
1010 423 299 67 Gardner,
1354 424 190 56 1872-

484 535 128 56 The
641 530 298 75 vicarion,
967 531 83 69 by
1080 527 286 59 Gardner
1393 524 305 72 Hunting.
1768 524 256 59 Kansas
2059 521 161 71 City,
2252 520 142 71 Mo.,

405 610 202 73 Unity,
631 608 208 60 school
866 607 69 58 of
963 603 435 74 Christianity,
1426 603 167 57 1926.

478 696 360 56 396 p. 19½ cm .
406 770 60 54 ©
493 769 122 54 Sept.
638 769 66 54 25,
735 769 129 52 1926;
890 769 65 42 2c.
980 768 89 42 and
1092 767 79 43 aff.
1199 765 121 54 Sept.
1344 764 54 44 27;
1450 765 45 42 A
1522 762 186 53 950230;
1741 762 52 46 G.
1820 762 223 52 Hunting,
2071 761 180 43 Kansas
2281 758 116 54 City,

483 828 94 44 Mo.
646 824 271 59 (26-16537)

411 926 501 73 Intercollegiate
943 925 266 72 literary
1237 921 325 74 magazine
1596 920 381 71 conference,
2015 920 90 58 ed.

487 1034 226 71 Young
744 1030 282 71 Pegasus;
1094 1046 187 56 prose
1318 1027 124 59 and
1472 1045 202 52 verse,
1710 1025 210 59 edited
1949 1025 84 71 by
2064 1024 105 58 the
412 1023 1968 158 Intercollegiate

798 1107 267 71 literary
1124 1104 324 76 magazine
1513 1103 385 60 conference.
2001 1102 151 58 New
2213 1100 193 73 York,

411 1188 69 57 L.
510 1185 381 74 MacVeagh,
919 1186 105 56 the
1052 1184 145 58 Dial
1225 1202 202 54 press,
1458 1183 166 57 1926.

484 1276 59 52 iv,
571 1277 81 45 312
679 1290 41 40 p.
783 1276 53 43 19½
868 1278 48 17 cm
920 1310 9 9 .

418 1346 55 54 ©
501 1347 122 52 Sept.
646 1348 41 51 4,
716 1346 106 44 1926;
872 1347 65 42 2c.
963 1347 89 42 and
1077 1346 79 43 aff.
1186 1343 123 55 Sept.
1334 1345 79 51 22;
1440 1344 46 43 A
1511 1343 188 52 950130;
1729 1343 107 44 Dial
1862 1357 140 38 press,
2029 1342 83 44 inc.

499 1402 269 57 (26-16522)

421 1505 228 67 James,
692 1503 166 71 Will,
900 1506 189 55 1892-

502 1595 249 73 Smoky,
779 1596 102 56 the
911 1596 331 70 cowhorse,
1271 1594 84 72 by
1376 1594 152 57 Will
1555 1595 234 57 James.
1857 1592 151 57 New
2034 1591 190 73 York,
422 1590 1967 155 London,

596 1674 64 57 C.
696 1672 355 59 Scribner’s
1088 1691 163 53 sons,
1286 1672 165 56 1926.

492 1763 47 43 xi
570 1779 54 37 p.,
657 1764 17 41 1
727 1796 23 19 l.,
777 1763 81 43 310
888 1778 39 37 p.
986 1762 115 44 illus.
1158 1762 51 43 21
1220 1765 47 18 cm
1271 1796 9 9 .

425 1831 54 54 ©
508 1833 120 52 Sept.
659 1834 64 51 10,
754 1833 130 51 1926;
911 1834 67 43 2c.
1012 1833 120 53 Sept.
1160 1832 80 54 25;
1270 1834 78 44 aff.
1383 1833 123 52 Sept.
1538 1834 74 51 14;
1643 1833 45 42 A
1716 1830 192 55 949175;
1942 1831 189 44 Charles
2166 1828 249 49 Scribner’s

496 1906 117 29 sons.
682 1889 270 57 (26-16523)

425 1989 209 70 Jewel,
670 1990 196 58 Alice.

499 2082 265 60 Eternal
796 2087 197 70 youth
1028 2088 125 57 and
1188 2082 467 76 rejuvenation;
1696 2081 239 62 sixteen
1972 2081 296 61 essential
424 2079 1968 142 lessons

612 2183 80 38 on
734 2164 104 58 the
881 2161 440 73 rejuvenation
1365 2164 67 57 of
1475 2163 104 59 the
1619 2162 232 58 human
1895 2162 183 72 body,
2120 2163 83 71 by
2245 2160 175 60 Alice

422 2237 1713 79 Jewel … Washington, D. C., Alice Jewel [ c 1926]
495 2328 1605 58 ix, 318 p. front. (port.) 19 cm . [Her Eternal youth series]
432 2397 54 54 ©
509 2400 102 44 Oct.
633 2398 68 51 25,
730 2397 130 54 1926;
887 2399 66 42 2c.
978 2400 90 42 and
1091 2399 81 42 aff.
1198 2398 102 45 Oct.
1324 2397 81 54 25;
1432 2398 46 43 A
1503 2398 190 53 949847;
1720 2399 58 44 A.
1804 2398 154 54 Jewel.

511 2455 269 56 (26-16686)

507 2556 110 73 My
647 2555 254 76 healing
931 2558 218 72 gospel
1182 2557 69 58 of
1284 2559 241 57 eternal
1554 2558 226 72 youth;
1815 2558 220 58 twelve
2067 2558 241 57 lessons
2346 2573 78 40 on

430 2635 293 74 spiritual
761 2635 255 75 healing
1054 2639 124 57 and
1217 2638 103 59 the
1362 2638 225 59 silence
1628 2639 102 59 for
1769 2638 103 58 the
1911 2656 276 54 purpose
2228 2637 68 56 of
429 2641 1973 147 attaining

719 2711 1707 81 eternal youth, by Alice Jewel … Washington,
430 2793 74 58 D.
545 2793 84 71 C.,
663 2793 175 60 Alice
874 2794 198 58 Jewel
1145 2794 163 72 [c1926]

566 2881 1632 60 xv, [1], 232 p. front. (port.) 19 cm . [Her Eternal youth series]
440 2952 52 53 ©
519 2954 101 43 Oct.
644 2952 66 53 25,
739 2952 130 53 1926;
895 2953 64 43 2c.
985 2954 87 42 and
1097 2953 79 42 aff.
1204 2952 101 45 Oct.
1332 2951 78 54 25;
1438 2953 45 42 A
1508 2953 190 52 949849;
1726 2954 57 44 A.
1810 2952 155 54 Jewel.

517 3009 268 56 (26-16606)

510 3109 376 77 Prosperity
913 3114 124 57 and
1060 3114 296 70 personal
1383 3111 277 74 analysis;
1720 3112 286 62 business
2037 3134 242 39 success
2309 3112 123 61 and

440 3187 305 76 efficiency
788 3190 194 58 based
1025 3209 78 38 on
1148 3190 278 73 analysis
1473 3191 67 57 of
1580 3208 160 53 your
1780 3192 297 70 personal
437 3189 1969 154 qualifications,
644 3268 355 61 vocational
1025 3268 322 75 guidance,
1378 3269 475 73 salesmanship,
1877 3270 383 73 prosperity,
2290 3272 141 59 self-

437 3343 385 75 realization,
856 3344 516 74 self-expression
1405 3350 124 58 and
1562 3347 597 63 self-advancement
2190 3369 106 40 are
2333 3349 101 59 the

439 3424 1890 77 purposes of these twelve lessons, by Alice Jewel …
439 3499 1335 80 Washington, D. C., Alice Jewel [ c 1926]
514 3591 1665 60 5 p. l., 266 p. front. (port.) 19 cm . [Her Eternal youth series]
449 3661 52 54 ©
527 3664 99 43 Oct.
650 3661 67 53 25,
747 3662 128 52 1926;
903 3663 64 42 2c.
995 3663 87 42 and
1108 3662 78 43 aff.
1214 3662 101 45 Oct.
1341 3661 78 53 25;
1447 3663 44 42 A
1519 3663 188 53 949848;
1735 3664 58 44 A.
1821 3663 153 53 Jewel.

527 3718 268 56 (26-16608)

523 3820 354 71 Scriptural
903 3820 385 75 psychology
1314 3824 67 57 of
1410 3826 239 56 eternal
1673 3824 196 72 youth;
1930 3846 36 37 a
1994 3823 350 60 discussion
2373 3826 67 56 of

445 3900 102 58 the
578 3899 309 75 harmony
916 3901 275 57 between
1224 3899 103 60 the
1362 3898 290 76 teaching
1685 3903 67 57 of
1783 3902 104 59 the
1923 3901 359 73 Scriptures
2317 3902 122 59 and
