2542 4285
0 0 0 0 1068
427 366 225 71 Curtis,
686 366 274 58 Edward
992 366 61 58 S.

505 460 128 54 The
658 457 204 57 North
889 457 335 56 American
1250 457 258 69 Indian;
1536 456 187 71 being
1748 475 39 36 a
1815 455 193 56 series
2039 454 66 56 of
2130 454 278 56 volumes

425 535 319 72 picturing
770 537 123 56 and
918 535 358 71 describing
1300 535 102 56 the
1429 534 259 56 Indians
1718 533 65 56 of
1800 534 105 55 the
1922 532 237 57 United
2180 531 230 72 States,

427 613 103 57 the
553 613 334 56 Dominion
915 613 65 56 of
1008 611 273 73 Canada,
1311 613 123 55 and
1458 612 253 70 Alaska,
1738 610 268 71 written,
2033 609 377 70 illustrated,

428 692 123 55 and
592 690 332 71 published
965 691 84 70 by
1090 690 277 57 Edward
1413 689 60 57 S.
1522 688 241 70 Curtis;
1812 689 91 56 ed.
1947 689 84 69 by
2074 687 339 56 Frederick

426 767 196 58 Webb
654 768 241 73 Hodge,
930 768 315 56 foreword
1274 768 84 71 by
1389 767 323 56 Theodore
1747 765 331 57 Roosevelt;
2144 763 147 58 field
429 783 1960 119 research

694 846 340 56 conducted
1082 847 201 55 under
1329 845 103 56 the
1482 847 348 68 patronage
1882 843 66 56 of
1997 843 59 57 J.
2109 841 306 72 Pierpont

430 920 1984 74 Morgan … v. 14. [Kato, Wailaki, Yuki, Pomo, Wintun,
430 1000 233 71 Maidu,
700 1000 245 72 Miwok,
980 1000 259 58 Yokuts.
1317 1001 329 71 Norwood,
1683 999 212 72 Mass.,
1933 999 128 56 The
2097 997 319 71 Plimpton

427 1096 199 55 press]
660 1079 165 55 1924.

498 1154 76 51 xii,
605 1154 83 43 284
716 1168 39 37 p.
818 1154 151 52 front.,
999 1155 142 51 plates
1181 1154 125 53 (part
1337 1153 109 54 col.)
1514 1154 55 43 32½
1601 1156 46 18 cm
1653 1189 8 8 .

431 1209 53 54 ©
516 1211 109 51 Apr.
662 1210 61 52 15,
761 1211 128 51 1924;
921 1212 64 42 2c.
1017 1212 106 52 July
1160 1210 63 54 15,
1260 1212 128 51 1926;
1423 1212 78 42 aff.
1536 1211 99 44 Oct.
1671 1208 49 45 15;
1782 1211 43 42 A
1856 1210 189 52 901132;
2080 1208 52 47 E.
2170 1207 44 48 S.
2251 1206 167 54 Curtis,

501 1270 89 47 Los
624 1267 214 53 Angeles.

447 1351 336 71 [Deschard,
823 1355 167 56 Mme
997 1400 11 11 .
1047 1353 220 77 Marie]
1309 1356 189 57 1847-

571 1444 1849 75 … Les filles de Madame Aymerel. Paris, Gautier et
427 1522 430 74 Languereau,
888 1525 166 56 1926.

497 1599 1723 54 3 p. l. , [5]-313, [1] p. 19 cm . (On cover: Bibliothèque de ma fille)
498 1657 220 46 Author’s
743 1659 168 49 pseud.,
938 1658 67 42 M.
1031 1660 210 48 Maryan,
1267 1666 45 35 at
1336 1659 115 43 head
1479 1660 51 42 of
1554 1657 109 46 title.

435 1708 53 54 ©
521 1712 98 51 Jan.
651 1712 66 49 20,
757 1711 128 52 1926;
950 1727 34 28 1c.
1018 1711 118 52 Aug.
1175 1712 74 51 16;
1285 1710 303 53 A—Foreign
1622 1708 160 54 31729;
1822 1709 184 45 Gautier
2043 1711 37 43 &
2115 1710 307 52 Languereau.

513 1767 269 55 (26-16112)

431 1853 1968 153 … La mission de Josephe. Paris, Gautier et Languereau, 1925.
500 2011 93 52 319,
626 2015 54 47 [1]
711 2026 40 37 p.
814 2011 52 44 19
870 2013 47 18 cm
923 2045 8 8 .
1001 2010 102 53 (On
1133 2026 156 31 cover:
1325 2010 316 52 Bibliothèque
1671 2015 53 42 de
1755 2028 72 28 ma
1859 2011 116 51 fille)

500 2066 222 48 Author’s
749 2070 168 49 pseud.,
945 2070 66 42 M.
1041 2070 208 49 Maryan,
1277 2078 45 35 at
1349 2070 112 43 head
1490 2070 52 43 of
1572 2067 108 47 title.

434 2120 55 54 ©
519 2122 117 44 Mar.
662 2120 66 52 27,
761 2120 130 54 1925;
947 2139 36 27 1c.
1012 2122 119 52 Aug.
1165 2123 61 50 16,
1260 2121 128 53 1926;
1418 2121 302 53 A—Foreign
1748 2119 133 46 31725;
1941 2121 190 45 Gautier
2156 2122 37 44 &
508 2122 1896 101 Languereau.
696 2179 270 54 (26-16106)

436 2264 164 70 Dies,
643 2265 275 58 Edward
956 2265 265 69 Jerome,
1264 2268 189 56 1891-

514 2355 1848 75 Solving the farm riddle, by Edward Jerome Dies …
439 2433 289 74 Chicago,
763 2434 69 60 P.
871 2433 213 59 Covici
1117 2463 13 43 [
1131 2444 19 21 c
1154 2436 164 72 1926]

509 2510 78 45 147
616 2527 39 38 p.
716 2512 54 43 20
777 2514 47 18 cm
830 2547 9 9 .

437 2567 56 54 ©
527 2569 117 52 Sept.
674 2572 36 48 6,
745 2570 128 52 1926;
904 2570 64 43 2c.
996 2570 88 43 and
1113 2570 77 43 aff.
1224 2568 119 54 Sept.
1371 2570 78 51 23;
1483 2570 44 42 A
1557 2567 188 54 950165;
1782 2569 162 43 Pascal
1976 2567 167 54 Covici,
2174 2568 141 54 pubr.,
2347 2570 82 42 inc.

520 2625 267 56 (26-16582)

438 2711 295 75 Elbogen,
773 2713 221 72 Ismar,
1040 2716 189 56 1874-

514 2801 270 73 History
815 2803 66 56 of
913 2802 104 58 the
1051 2803 169 58 Jews
1256 2802 170 59 after
1459 2803 105 57 the
1596 2802 116 58 fall
1744 2802 68 58 of
1843 2803 103 57 the
1980 2802 239 59 Jewish
2253 2806 180 69 state,

438 2879 1974 152 by Ismar Elbogen … Cincinnati, Department of synagog
596 2960 123 57 and
753 2958 210 58 school
998 2959 323 58 extension
1355 2959 68 56 of
1457 2959 105 57 the
1594 2958 210 58 Union
1839 2959 68 57 of
1943 2957 335 60 American
439 2959 1974 136 Hebrew

640 3037 478 73 congregations
1158 3065 13 44 [
1173 3046 18 20 c
1195 3037 164 73 1926]

511 3114 60 52 ix,
603 3113 82 46 237
715 3129 38 39 p.
814 3115 156 51 plates,
1002 3121 153 48 ports.,
1186 3112 197 46 facsims.
1443 3114 55 43 20
1505 3116 47 18 cm
1558 3149 8 8 .

511 3171 273 45 Translated
816 3173 59 51 by
907 3171 239 44 Abraham
1180 3171 265 53 Shinedling
1477 3172 100 64 and.
1600 3170 109 47 Elsa
1739 3168 166 47 Weihl.

514 3229 221 45 “General
776 3227 344 55 bibliography”
1139 3243 9 29 :
1191 3242 39 39 p.
1272 3225 192 47 227-228;
1534 3226 317 55 bibliography
1893 3228 97 44 also
2030 3234 45 37 at
2117 3229 85 43 end
2240 3227 51 44 of
2330 3228 109 44 each

442 3285 198 54 chapter.

446 3341 53 54 ©
528 3343 119 52 Sept.
681 3344 62 47 13,
773 3343 106 42 1926;
929 3343 64 42 2c.
1024 3341 121 53 Sept.
1173 3342 54 42 24;
1282 3342 78 43 aff.
1393 3340 119 53 Sept.
1538 3341 56 43 20;
1645 3342 44 42 A
1716 3341 164 44 949203;
1933 3341 154 44 Union
2113 3341 52 44 of
2190 3341 248 44 American

517 3401 202 43 Hebrew
746 3400 359 53 congregations,
1139 3398 264 45 Cincinnati.
1474 3397 269 56 (26-16590)

443 3484 219 71 Fabre,
700 3486 161 58 Jean
897 3484 200 58 Henri
1133 3484 284 70 Casimir,
1456 3485 357 59 1823-1915.

444 3574 1989 150 Here and there in popular science, by Jean-Henri Fabre … edited, annotated, and translated by Percy F.
444 3728 1991 74 Bicknell … New York & London, The Century co. [ c 1926]
515 3803 94 53 viii,
634 3804 83 45 409
743 3820 40 38 p.
844 3804 133 53 illus.,
1004 3805 170 52 diagrs.
1235 3804 149 45 20½cm.
1500 3805 125 52 $2.50

449 3860 54 54 ©
533 3861 118 53 Sept.
679 3863 66 48 24,
776 3863 106 43 1926;
933 3864 64 42 2c.
1027 3865 86 42 and
1140 3864 78 43 aff.
1248 3863 120 53 Sept.
1395 3863 54 44 27;
1502 3864 44 42 A
1573 3863 163 45 950219;
1793 3863 200 54 Century
2021 3879 65 29 co.

530 3919 269 54 (26-16661)
