2542 4285
0 0 0 0 347
155 465 58 52 vi,
258 464 50 46 75
351 479 41 37 p.
438 464 101 43 incl.
583 464 117 43 illus.
728 460 194 54 (music)
973 462 158 48 forms,
1176 459 155 51 tables,
1374 460 168 50 diagrs.
1599 458 52 44 23½
1687 460 47 18 cm
1739 492 11 10 .
1817 458 248 51 (Teachers

87 524 183 50 college,
302 519 238 47 Columbia
567 517 262 53 university.
890 517 343 45 Contributions
1260 524 46 35 to
1336 515 252 50 education,
1614 530 69 29 no.
1716 515 101 50 194)

159 577 245 45 Published
439 575 96 45 also
569 592 48 28 as
651 574 138 45 thesis
833 573 106 51 (PH.
1005 575 34 46 D.)
1086 571 240 47 Columbia
1360 569 263 54 university,
1665 570 114 45 1926.

83 630 52 53 ©
172 629 106 46 Feb.
317 632 61 50 11,
418 630 128 50 1926;
583 631 63 40 2c.
685 628 119 42 Mar.
846 626 73 51 15;
958 625 77 45 aff.
1076 625 119 43 Mar.
1231 625 50 50 8;
1321 624 44 42 A
1380 623 190 52 879859;
1611 622 231 45 Teachers
1882 623 184 52 college,

154 685 241 45 Columbia
426 685 122 44 univ.
618 682 242 55 (26-8075)

87 757 176 70 Mott,
301 758 150 55 Mrs.
492 753 321 61 Gertrude.

162 840 60 55 A
259 836 328 58 handbook
627 836 106 56 for
775 834 416 58 Califoraiacs;
1269 853 33 36 a
1347 834 119 71 key
1508 837 64 53 to
1613 833 293 72 meaning
1949 835 119 56 and

87 913 477 74 pronunciation
612 912 67 56 of
728 911 273 71 Spanish
1047 912 124 55 and
1217 911 226 56 Indian
1488 911 172 70 place
1709 929 233 52 names,
1989 911 78 71 by

90 992 309 59 Gertrude
432 990 164 56 Mott
630 989 189 66 <Mrs.
858 987 215 56 Frank
1102 987 80 55 K.
1221 987 198 65 Mott>
1455 986 152 57 with
1642 986 315 58 foreword
1992 987 78 71 by

87 1063 1963 139 Herbert E. Bolton … San Francisco, Calif., Harr Wagner
228 1143 359 72 publishing
619 1160 321 53 company,
976 1142 165 55 1926.

157 1219 467 53 xii, 104 p. 17½ cm .
158 1275 307 45 “Authorities
496 1273 281 45 consulted”:
808 1287 39 37 p.
883 1272 89 44 104.

85 1330 52 53 ©
169 1331 119 43 Mar.
323 1332 34 48 1,
391 1330 106 44 1926;
553 1333 63 41 2c.
650 1329 90 44 and
772 1328 78 43 aff.
882 1328 113 52 Apr.
1029 1329 48 48 9;
1112 1327 43 41 A
1188 1326 189 51 890261;
1414 1324 51 44 G.
1500 1325 134 50 Mott,
1672 1324 228 53 Oakland,
1937 1325 137 46 Calif.

165 1386 241 54 (26-8289)

89 1456 329 72 Muschler,
457 1454 308 59 Reinhold
802 1455 264 70 Conrad,
1105 1457 188 55 1882-

232 1536 1844 73 … Friedrich der Grosse; eine entwicklungsgeschichte
87 1620 107 58 des
224 1618 345 57 menschen.
654 1618 48 54 2.
738 1616 136 56 aufl.
958 1614 274 72 Leipzig,
1265 1615 70 56 F.
1365 1614 96 58 W.
1496 1614 269 59 Grunow
1798 1643 13 42 [
1812 1622 18 21 c
1835 1614 164 71 1925]

157 1694 81 45 639
267 1710 40 37 p.
369 1694 152 52 front.,
553 1700 138 45 ports.
750 1692 53 43 22
811 1693 46 17 cm
863 1726 9 8 .

161 1749 445 54 “Quellennachweis
634 1750 88 42 und
753 1747 365 53 anmerkungen”
1134 1763 9 28 :
1175 1762 39 37 p.
1245 1747 203 44 604-614.

87 1805 52 53 ©
170 1807 121 43 Nov.
324 1807 62 51 11,
420 1805 128 52 1925;
636 1840 7 7 1c.
676 1803 106 44 Feb.
812 1808 37 46 2,
883 1804 129 51 1926;
1044 1803 103 42 A—
1149 1801 203 55 Foreign
1380 1802 161 52 30153;
1576 1801 75 45 Fr.
1685 1802 142 45 Wilh.
1859 1801 219 45 Grunow.

165 1861 242 55 (26-8596)

93 1934 110 71 My
253 1934 263 72 religion
569 1934 101 73 [by]
734 1933 243 57 Arnold
1026 1932 289 72 Bennett,
1366 1932 192 72 Hugh
1607 1932 304 73 Walpole,
166 1933 1887 135 Rebecca

382 2010 193 71 West,
614 2011 59 57 J.
710 2009 72 57 D.
820 2009 365 72 Beresford,
1222 2009 203 57 Israel
1462 2008 316 74 Zangwill,
1819 2009 104 58 Sir
169 2011 1881 135 Arthur

364 2088 211 58 Conan
621 2086 215 73 Boyle,
883 2086 72 58 E.
1002 2086 266 72 Phillips
1316 2086 404 73 Oppenheim,
1771 2087 302 73 Compton

170 2166 371 73 Mackenzie,
569 2166 78 56 H.
677 2165 74 57 de
776 2164 164 58 Vere
968 2164 350 74 Stacpoole,
1347 2164 221 73 Henry
1592 2164 243 58 Arthur
1861 2166 212 58 Jones.

169 2245 149 56 New
342 2243 188 69 York,
555 2242 72 57 D.
655 2243 317 69 Appleton
999 2243 122 57 and
1150 2261 322 51 company,
1500 2244 163 57 1926.

160 2321 587 53 4 p. l., 3-187 p. 18½cm.
165 2381 42 42 A
235 2380 138 43 series
398 2378 50 44 of
471 2379 179 42 articles
676 2378 147 43 which
846 2379 218 51 appeared
1093 2378 44 42 in
1164 2378 73 43 the
1264 2377 185 44 London
1476 2378 136 52 Daily
1636 2392 199 38 express.

89 2432 54 53 ©
175 2433 120 42 Mar.
325 2434 67 49 26,
431 2433 128 51 1926;
593 2435 63 41 2c.
691 2433 90 43 and
815 2431 80 44 aff.
927 2431 114 53 Apr.
1075 2430 48 53 5;
1161 2432 44 42 A
1219 2432 191 51 890189;
1447 2434 57 41 D.
1539 2431 233 54 Appleton
1808 2433 90 44 and
1932 2447 66 28 co.

171 2488 242 56 (26-8108)

96 2560 297 57 National
424 2559 330 57 education
783 2558 379 58 association
1193 2560 68 57 of
1292 2559 103 58 the
1431 2559 235 60 United
1700 2560 229 59 States.

174 2645 129 58 The
350 2646 219 56 drama
615 2644 68 58 of
727 2644 335 57 American
1106 2644 481 74 independence,
1634 2649 273 69 pageant
99 2647 1960 133 episodes

315 2723 105 57 for
455 2722 238 57 schools
732 2723 123 56 and
891 2722 263 72 colleges
1191 2722 64 56 in
1293 2722 544 59 commemoration
1876 2724 68 56 of
1980 2724 103 58 the

98 2820 111 37 one
252 2800 286 56 hundred
576 2798 235 58 fiftieth
855 2799 415 71 anniversary
1312 2799 69 57 of
1424 2800 102 57 the
1576 2800 250 73 signing
1868 2800 68 58 of
1981 2801 103 57 the

97 2876 401 57 Declaration
541 2876 67 56 of
648 2875 480 73 independence,
1169 2877 314 70 prepared
1522 2877 83 72 by
1643 2878 103 57 the
1789 2878 295 58 National

99 2953 325 58 education
469 2953 376 57 association
889 2953 350 57 committee
1285 2974 78 37 on
1409 2954 207 57 school
1658 2956 123 57 and
98 2974 1962 128 community

269 3030 409 57 celebrations
714 3030 68 57 of
816 3031 103 56 the
956 3030 561 72 sesquicentennial
1555 3032 67 57 of
1656 3032 103 57 the
99 3031 1960 133 Declaration

258 3107 68 57 of
350 3107 477 72 independence,
855 3109 356 55 1776-1926.
1277 3108 436 73 Washington,
1742 3109 73 56 D.
1850 3107 84 72 C.,
98 3108 1960 133 National
328 3184 325 57 education
688 3184 377 58 association
1104 3214 13 43 [
1119 3192 19 22 c
1140 3186 165 72 1926]

172 3259 62 52 16,
270 3260 77 43 156
378 3275 39 38 p.
449 3260 98 43 incl.
580 3260 155 53 plates,
769 3260 173 44 facsim.
1005 3261 51 44 19
1062 3263 47 18 cm
1115 3296 9 9 .

170 3315 352 53 “Bibliography
550 3331 56 29 on
637 3323 214 46 pageants
882 3317 86 44 and
998 3316 274 53 pageantry”
1290 3331 9 29 :
1333 3331 40 37 p.
1408 3315 202 46 154-156.

98 3370 52 53 ©
181 3371 118 43 Mar.
331 3373 65 49 22,
431 3372 106 44 1926;
591 3375 64 41 2c.
689 3373 91 42 and
810 3371 78 44 aff.
921 3371 113 53 Apr.
1065 3373 51 50 9;
1150 3372 44 42 A
1209 3371 190 51 890259;
1437 3371 221 44 National
1693 3370 244 45 education
1969 3386 120 29 assn.

176 3427 241 54 (26-8288)

103 3497 254 73 Neches,
397 3498 292 58 Solomon
726 3499 83 56 M.

181 3580 143 55 “As
367 3581 174 55 ’twas
569 3579 131 58 told
733 3583 62 54 to
825 3583 183 68 me”;
1044 3601 39 37 a
1110 3582 286 57 hundred
1427 3581 160 58 little
1624 3581 225 58 stories
1884 3582 67 58 of
1985 3583 103 57 the

105 3657 100 56 old
237 3656 229 71 rabbis,
501 3656 303 71 compiled
837 3658 122 57 and
992 3658 239 58 related
1263 3659 82 70 by
1378 3659 202 56 Rabbi
1616 3658 61 59 S.
1713 3659 82 57 M.
1831 3659 257 58 Neches.

103 3733 122 57 Los
259 3733 289 71 Angeles,
587 3733 202 72 Calif.,
826 3736 165 56 1926.

173 3808 266 49 cover-title,
475 3809 76 43 100
583 3824 39 37 p.
686 3810 49 44 19
742 3813 46 18 cm
794 3846 11 10 .

103 3861 53 53 ©
188 3863 118 43 Mar.
338 3864 38 50 9,
409 3864 130 49 1926;
572 3869 64 41 2c.
670 3864 90 45 and
792 3864 78 44 aff.
905 3866 120 43 Mar.
1058 3867 77 50 29;
1170 3866 44 42 A
1230 3865 190 51 888187;
1461 3864 44 47 S.
1541 3866 64 42 M.
1639 3865 195 52 Neches,
1870 3866 92 46 Los
170 3866 1900 106 Angeles.
375 3919 241 54 (26-8212)
