2542 4285
0 0 0 0 225
136 395 321 71 Abailard,
499 395 228 69 Pierre,
770 397 355 57 1079-1142.

217 489 128 57 The
387 489 217 58 letters
648 490 68 56 of
758 487 277 59 Abelard
1078 492 123 56 and
1241 486 274 72 Heloise,
1560 491 350 57 translated
1952 491 162 57 from

139 567 102 56 the
272 566 186 56 Latin
489 566 81 71 by
602 565 63 59 C.
698 565 80 57 K.
815 566 175 58 Scott
1021 564 348 72 Moncrieff,
1398 566 151 57 with
1580 588 36 37 a
1645 565 333 73 prefatory
138 568 1958 133 letter

262 644 82 69 by
371 643 238 72 George
639 643 233 56 Moore.
941 643 153 57 New
1118 643 188 71 York,
1334 642 75 56 A.
1437 643 75 58 A.
1543 642 239 73 Knopf,
1812 645 165 55 1926.

207 733 129 51 xxiii,
365 734 82 44 264
477 748 40 37 p.
574 734 51 43 21
636 735 47 18 cm
688 767 9 9 .
765 733 288 52 (Half-title:
1088 733 116 46 Blue
1233 732 106 53 jade
1368 733 197 52 library)

135 799 55 53 ©
215 800 107 44 Feb.
353 801 60 51 19,
444 801 104 43 1926;
596 801 64 43 2c.
690 802 117 42 Mar.
835 800 48 53 6;
912 802 79 43 aff.
1020 801 117 43 Mar.
1168 801 74 51 16;
1271 801 44 42 A
1341 800 188 54 883674;
1558 801 165 44 Alfred
1751 802 56 43 A.
1835 801 170 52 Knopf,
2035 803 81 42 inc.

215 856 240 54 (26-6544)

136 952 227 70 Allain,
405 953 250 73 Marcel,
697 956 186 57 1885-

283 1044 1832 75 … Juve in the dock, by Marcel Allain … translated and
141 1122 205 57 edited
385 1122 82 71 by
505 1121 74 57 A.
622 1122 72 56 R.
735 1121 304 58 Allinson.
1121 1121 456 72 Philadelphia,
1618 1121 208 58 David
1866 1121 250 72 McKay

139 1218 303 53 company
471 1228 13 44 [
485 1207 19 22 c
508 1200 162 72 1926]

205 1289 83 47 337
314 1307 38 37 p.
416 1293 49 42 19½c
516 1293 29 17 m
550 1326 9 9 .
628 1290 122 53 (The
777 1289 246 46 Fantômas
1051 1292 220 43 detective
1297 1290 183 53 novels)

135 1358 53 54 ©
216 1359 106 44 Feb.
352 1360 65 51 23,
450 1360 106 43 1926;
609 1360 64 42 2c.
704 1361 86 42 and
820 1360 80 43 aff.
930 1361 119 41 Mar.
1084 1361 73 50 19;
1190 1360 43 42 A
1264 1359 190 53 879901;
1488 1360 149 44 David
1669 1360 185 52 McKay
1886 1374 66 29 co.

215 1415 241 54 (26-6644)

195 1522 210 57 Álvarez
438 1521 313 73 Quintero,
789 1521 272 71 Serafín,
1101 1524 188 57 1871-

283 1618 1839 72 … La flor de la vida, por Serafín y Joaquín Álvarez
142 1693 316 75 Quintero,
491 1697 89 57 ed.
608 1697 151 57 with
786 1694 475 61 direct-method
1290 1694 325 71 exercises,
1642 1699 198 68 notes,
1873 1700 122 56 and
140 1715 1960 130 vocabulary,

485 1772 1640 74 by Frank O. Reed … and John Brooks … with
141 1872 37 37 a
204 1850 239 60 critical
467 1849 424 61 introduction
915 1854 83 70 by
1023 1850 299 61 Federico
1352 1851 73 60 de
1456 1851 169 60 Onís.
1689 1853 257 69 Boston,
1977 1853 150 58 New

140 1929 172 57 York
359 1931 127 70 [etc.]
513 1929 73 56 D.
617 1928 64 59 C.
709 1929 210 58 Heath
947 1932 122 56 and
1097 1947 304 55 company
1430 1959 12 43 [
1442 1938 21 21 c
1467 1930 164 71 1926]

208 2004 1917 56 2 p. l., iii-xviii, 106 p. pl. (2 port.) 17 cm . (Heath’s modern language
140 2062 165 53 series)

210 2120 239 45 Half-title
465 2136 9 28 :
507 2120 361 52 Contemporary
897 2120 195 51 Spanish
1120 2128 134 43 texts,
1283 2122 181 50 general
1494 2121 148 46 editor
1668 2119 51 46 F.
1746 2122 55 45 de
1828 2121 131 46 Onís.

210 2176 892 53 “Nota bibliogr á fica” : p. xvii-xviii.
210 2234 178 46 Music:
418 2248 41 38 p.
489 2232 198 52 [47]-[49]

139 2287 53 54 ©
220 2288 107 45 Feb.
361 2289 60 47 19,
455 2288 129 52 1926;
614 2289 63 42 2c.
711 2288 119 43 Mar.
860 2290 50 49 8;
942 2288 78 43 aff.
1053 2289 118 42 Mar.
1202 2288 49 52 6;
1284 2289 43 42 A
1356 2288 161 44 883531;
1580 2289 55 42 D.
1668 2287 50 46 C.
1749 2288 155 45 Heath
1935 2290 37 43 &
2001 2303 67 29 co.

217 2344 241 54 (26-6545)

137 2441 1966 152 American art annual … v. 22 (for the year 1925) Washington,
481 2520 71 56 D.
641 2567 29 24 C.,
705 2519 128 57 The
864 2519 335 57 American
1228 2520 356 57 federation
1615 2520 67 56 of
1711 2523 134 55 arts
1880 2522 180 72 [1926]

207 2598 80 51 xii,
317 2597 78 44 785
427 2612 39 37 p.
529 2597 149 50 front.,
711 2597 155 52 plates.
927 2597 51 43 23
987 2598 47 18 cm
1041 2630 8 9 .

211 2654 150 43 Plates
393 2653 175 52 printed
598 2668 58 29 on
686 2653 109 43 both
826 2652 128 44 sides.

139 2708 53 54 ©
226 2709 105 45 Feb.
369 2709 63 54 15,
467 2709 128 52 1926;
631 2709 65 43 2c.
728 2709 87 43 and
847 2709 78 43 aff.
961 2707 105 45 Feb.
1103 2708 73 51 18;
1214 2708 43 42 A
1290 2707 191 53 879593;
1516 2707 243 45 American
1793 2707 250 46 federation
2076 2710 52 42 of

210 2773 107 38 arts.

139 2864 333 57 American
503 2862 233 73 society
766 2862 105 57 for
900 2861 237 72 testing
1165 2859 339 59 materials.

285 2952 1843 73 … Proceedings of the 28th annual meeting, held at
141 3032 279 57 Atlantic
451 3030 160 73 City,
640 3031 151 56 New
819 3030 244 71 Jersey,
1093 3030 164 64 June
1287 3031 203 69 23-26,
1520 3031 164 55 1925.
1750 3048 57 38 v.
1838 3031 88 70 25,
1955 3034 87 67 pt.
2076 3033 50 69 1,

144 3106 1989 75 2 … Philadelphia, Pa., American society for testing
138 3187 340 71 materials,
517 3186 163 57 1925.

210 3265 27 41 2
263 3280 39 27 v.
360 3262 130 52 illus.,
519 3262 139 43 tables
699 3262 123 52 (part
854 3261 136 53 fold.)
1027 3261 166 52 diagrs.
1252 3260 50 44 23
1312 3263 46 17 cm
1365 3294 9 7 .

480 3322 134 47 CONTENTS.—pt.
651 3324 34 37 1.
724 3315 270 45 Committee
1032 3324 189 44 reports,
1254 3330 98 28 new
1389 3316 86 43 and
1512 3314 174 45 revised
1722 3318 217 42 tentative
143 3318 1963 109 standards,

293 3376 74 42 list
400 3375 50 44 of
482 3374 234 44 standards
749 3374 86 42 and
866 3372 215 44 tentative
1113 3372 377 52 standards.—pt.
1525 3379 37 37 2.
1595 3371 243 45 Technical
1872 3386 172 39 papers.

142 3431 53 54 ©
221 3432 103 43 Feb.
354 3430 62 52 15,
446 3430 127 52 1926;
600 3430 65 44 2c.
691 3429 107 44 Feb.
822 3429 78 51 23;
928 3429 79 42 aff.
1035 3428 107 44 Feb.
1167 3429 78 51 24;
1273 3429 44 42 A
1345 3427 189 52 879629;
1563 3429 154 43 Amer.
1747 3444 87 28 soc.
1864 3429 74 43 for
1964 3430 165 51 testing

213 3488 241 44 materials.

142 3585 313 72 Anthony,
493 3582 257 60 Wilder.

220 3669 1915 76 Men of mystery, by Wilder Anthony … frontispiece by
146 3754 67 59 G.
247 3752 95 58 W.
380 3751 186 71 Gage.
650 3750 150 56 New
831 3747 188 72 York,
1058 3748 128 57 The
1223 3746 334 73 Macaulay
1589 3766 306 54 company
1931 3777 13 43 [
1945 3758 19 20 c
1968 3749 164 71 1926]

214 3832 46 43 vi
284 3845 54 38 p.,
368 3832 17 41 1
437 3863 23 17 l.,
486 3827 135 46 9-316
648 3843 39 38 p.
748 3826 139 44 front.
950 3826 50 44 19
1006 3827 47 18 cm
1058 3860 10 8 .

140 3887 56 53 ©
223 3889 119 42 Mar.
370 3885 36 52 5,
435 3885 127 52 1926;
588 3885 66 42 2c.
681 3884 87 43 and
793 3883 78 43 aff.
901 3883 118 42 Mar.
1051 3881 73 53 17;
1153 3882 44 42 A
1226 3881 189 52 879872;
1446 3882 240 53 Macaulay
1712 3898 65 29 co.

223 3942 240 56 (26-6473)
