2542 4285
1060 3997 150 59 1139

121 406 167 70 Pike,
329 400 316 63 Granville
684 400 176 57 Ross.

193 495 175 59 Vital
398 489 454 61 modifications
886 488 68 58 of
986 483 298 73 religions
1317 482 295 70 thought;
1646 478 454 61 contributions

119 555 1957 165 by science to religion, by Granville Ross Pike … Boston,
274 649 212 68 Mass.,
514 646 127 58 The
669 639 330 62 Stratford
1024 656 323 54 company,
1375 636 166 57 1926.

189 734 540 56 4 p. l. , 126 p. 19½c m .
119 806 53 56 ©
203 808 119 52 Aug.
351 807 67 49 21,
453 804 129 52 1926;
616 804 65 42 2c.
716 802 119 52 Sept.
869 800 77 53 30;
981 800 78 43 aff.
1093 799 118 52 Aug.
1243 797 78 54 26;
1356 797 44 43 A
1433 794 189 54 950275;
1658 794 235 48 Stratford
1925 808 65 30 co.

198 862 269 58 (26-17491)

123 963 251 74 Plachy,
412 959 230 74 Frank,
677 959 80 74 jr.

197 1051 313 59 Britain’s
545 1049 308 59 economic
888 1045 222 76 plight,
1142 1047 83 71 by
1259 1045 214 59 Frank
1510 1042 252 77 Plachy,
1798 1043 78 72 jr.

122 1042 1960 161 Boston,
273 1129 209 74 Little,
510 1128 247 70 Brown,
785 1125 123 58 and
934 1143 322 53 company,
1285 1123 164 58 1926.

192 1217 95 53 xvi,
315 1217 82 45 233
426 1230 41 39 p.
531 1216 50 44 19½c
632 1218 29 17 m
667 1250 8 8 .

123 1287 53 56 ©
204 1290 119 52 Aug.
354 1288 39 52 6,
426 1287 128 52 1926;
585 1287 63 42 2c.
677 1287 90 42 and
796 1286 78 43 aff.
908 1283 120 54 Sept.
1058 1283 80 53 27;
1170 1284 44 42 A
1246 1281 190 55 949355;
1470 1282 149 53 Little,
1653 1282 182 53 Brown,
1866 1282 88 43 and
193 1296 1893 104 company.
389 1342 271 58 (26-17438)

125 1445 317 71 Poincaré,
482 1443 246 70 Lucien,
772 1444 356 57 1862-1920.

269 1538 1841 80 … Éducation, science, patrie. Paris, E. Flammarion,
126 1622 163 57 1926.

195 1712 81 44 248
302 1727 40 38 p.
405 1711 49 44 19
461 1712 46 18 cm
512 1743 11 12 .
590 1707 342 56 (Bibliothéque
959 1709 54 43 de
1038 1705 281 55 philosophic
1346 1705 300 55 scientifique)

198 1783 174 52 “Pages
402 1780 194 45 classées
624 1788 43 35 et
695 1777 196 56 publiées
920 1792 80 39 par
1028 1778 67 43 M.
1127 1777 113 45 Paul
1273 1775 235 46 Crouzet.”

126 1845 1844 62 © July 8, 1926; 1c. July 19; A—Foreign 31555; Ernest Flammarion.
205 1908 270 57 (26-17712)

128 2009 195 73 Price,
366 2009 147 58 Carl
549 2006 259 71 Fowler,
851 2009 188 58 1881-

206 2097 368 62 Curiosities
600 2098 69 59 of
690 2099 105 58 the
816 2097 273 72 hymnal,
1110 2099 84 70 by
1218 2095 149 61 Carl
1391 2098 70 57 F.
1489 2095 199 60 Price.
1752 2096 151 58 New
1925 2095 192 73 York,

133 2176 369 74 Cincinnati,
537 2177 127 57 The
697 2174 344 62 Methodist
1070 2175 162 58 book
1263 2192 262 41 concern
1560 2203 13 44 [
1575 2182 19 23 c
1597 2174 164 74 1926]

198 2266 57 45 84
279 2280 41 39 p.
383 2265 50 45 19½c
486 2269 28 17 m
521 2300 9 7 .

203 2336 116 44 “We
349 2334 118 45 have
498 2332 140 48 based
670 2334 129 45 these
833 2332 176 47 studies
1042 2349 122 39 upon
1199 2333 77 45 the
1312 2333 258 46 Methodist
1602 2333 188 55 hymnal
1825 2334 53 44 of
134 2333 1986 104 1905.”—Pref.

130 2459 53 56 ©
211 2463 119 52 Aug.
362 2461 36 51 6,
432 2460 106 45 1926
550 2476 10 38 ;
592 2462 64 43 2c.
685 2463 88 42 and
802 2462 78 43 aff.
912 2462 101 44 Oct.
1044 2461 51 53 4;
1128 2462 44 42 A
1203 2459 189 56 950296;
1427 2460 48 45 C.
1509 2460 51 46 F.
1592 2460 147 55 Price,
1770 2462 118 45 New
1916 2461 143 45 York.

208 2518 271 56 (26-17496)

132 2618 419 75 Puterbaugh,
590 2619 197 60 Sabin
820 2619 155 74 Don,
1013 2621 357 58 1834-1892.

211 2711 466 74 Puterbaugh’s
725 2730 280 40 common
1051 2712 122 58 law
1215 2712 297 75 pleading
1560 2714 120 58 and
1727 2711 306 75 practice;
2082 2732 39 39 a

135 2788 303 75 practical
475 2791 261 59 treatise
776 2811 78 39 on
891 2792 105 57 the
1036 2792 202 58 forms
1277 2792 68 58 of
1385 2809 278 41 common
1700 2793 121 57 law
1861 2790 257 74 actions,

134 2870 296 74 pleading
461 2871 121 58 and
613 2870 274 72 practice
919 2887 141 41 now
1089 2869 66 57 in
1183 2888 112 41 use
1326 2869 66 59 in
1421 2871 105 59 the
1561 2873 162 57 state
1757 2872 66 58 of
1856 2867 262 77 Illinois,

137 2949 122 58 and
286 2947 319 59 wherever
631 2949 106 57 the
769 2963 170 45 same
968 2952 235 69 system
1232 2948 297 74 prevails,
1557 2952 83 70 by
1672 2949 196 59 Sabin
1893 2949 74 57 D.

138 2948 1981 159 Puterbaugh … rev. by Basil Jones … 10th ed. Chicago,
139 3104 342 76 Callaghan
519 3107 121 58 and
678 3122 321 58 company,
1039 3107 166 58 1926.

202 3196 165 54 xxxiii,
404 3199 105 44 1494
543 3214 39 37 p.
641 3198 54 45 26
702 3200 46 18 cm
754 3233 8 9 .

135 3264 55 56 ©
219 3267 121 53 Sept.
367 3267 69 50 23,
468 3266 129 54 1926;
628 3267 66 43 2c.
722 3269 88 42 and
839 3267 80 44 aff.
952 3267 120 54 Sept.
1102 3267 81 52 27;
1213 3268 46 42 A
1288 3266 189 54 950186;
1512 3265 251 56 Callaghan
1792 3268 40 44 &
1859 3282 67 29 co.

214 3323 270 56 (26-17586)

137 3425 283 70 Rawson,
465 3425 275 59 Kennett
778 3423 294 77 Longley.

210 3515 59 58 A
309 3514 320 73 boy’s-eye
671 3514 159 60 view
872 3516 66 58 of
980 3517 105 59 the
1128 3515 232 71 Arctic,
1402 3517 85 71 by
1526 3515 280 60 Kennett
1847 3516 278 75 Longley

134 3593 289 70 Rawson,
450 3589 327 76 cabin-boy
804 3595 68 58 of
897 3595 105 58 the
1028 3592 331 74 Bowdoin;
1386 3591 425 62 introduction
1838 3597 84 71 by

134 3593 1968 137 Commander
426 3668 245 63 Donald
704 3670 71 57 B.
811 3668 380 63 MacMillan.
1275 3670 151 59 New
1459 3670 188 73 York,
1687 3671 129 59 The
136 3671 1968 137 Macmillan

271 3765 321 57 company,
623 3749 165 59 1926.

206 3822 1507 57 xvi, [2], 142 p. front. (port.) illus. (map) plates. 19½c m .
140 3878 53 55 ©
220 3880 100 45 Oct.
348 3879 38 52 5,
415 3878 129 55 1926;
569 3881 64 42 2c.
664 3880 99 44 Oct.
791 3880 48 52 6;
869 3880 78 44 aff.
976 3880 100 44 Oct.
1105 3879 50 52 7;
1182 3880 45 43 A
1254 3879 190 55 949370;
1473 3880 264 47 Macmillan
1765 3897 66 30 co.

220 3936 270 56 (26-17681)
