2542 4285
1069 4008 149 58 1167

156 396 276 72 Coombs,
469 394 312 73 Whitney,
821 394 189 57 1897-

232 485 128 60 The
391 503 206 52 wages
631 482 68 58 of
729 481 309 58 unskilled
1069 481 178 57 labor
1280 479 65 57 in
1378 477 512 74 manufacturing
153 479 1953 143 industries
329 566 65 56 in
416 561 102 57 the

541 558 232 60 United
800 558 230 72 States,
1057 557 357 70 1890-1924,
1437 559 81 70 by
1543 555 297 73 Whitney
1867 555 264 60 Coombs

221 633 1619 74 … New York, Columbia university press, 1926.
225 728 76 43 162
334 741 41 39 p.
410 725 102 44 incl.
548 723 157 53 tables,
740 722 171 54 diagrs.
970 723 53 43 23
1030 725 46 17 cm
1082 756 9 9 .
1160 721 293 55 (Half-title:
1496 720 185 47 Studies
1718 721 46 44 in
1803 721 191 54 history,
149 738 1961 95 economics,

364 779 90 46 and
482 779 149 54 public
658 779 102 53 law,
788 780 68 43 ed.
884 780 59 52 by
968 778 77 44 the
1072 776 192 55 Faculty
1291 778 54 43 of
1372 775 203 56 political
1605 777 173 45 science
1807 779 53 43 of
1891 779 242 46 Columbia

149 835 262 53 university,
440 851 73 29 no.
541 835 106 55 283)

222 905 250 46 Published
507 905 96 44 also
636 920 50 30 as
718 904 142 44 thesis
903 905 18 53 (PH.
1090 903 17 54 D.)
1152 901 241 46 Columbia
1427 902 268 56 university,
1735 905 116 44 1926.

223 961 353 54 Bibliography:
606 976 40 38 p.
678 959 200 47 146-157.

150 1030 53 54 ©
234 1032 99 44 Oct.
363 1034 40 49 4,
437 1031 126 51 1926;
594 1031 64 43 2c.
689 1031 100 43 Oct.
820 1031 50 51 7;
902 1030 77 43 aff.
1013 1031 100 43 Oct.
1144 1029 49 53 6;
1226 1029 43 42 A
1301 1027 188 55 950365;
1521 1030 75 44 W.
1629 1028 210 56 Coombs,
1871 1031 262 54 Meadville,

219 1090 79 43 Pa.
366 1086 269 57 (26-17947)

152 1189 229 70 Crofts,
420 1189 304 56 Freeman
759 1186 201 60 Wills.

226 1282 127 57 The
390 1281 245 71 Cheyne
669 1282 299 70 mystery,
1006 1288 118 58 <an
1159 1280 326 70 Inspector
1521 1277 245 57 French
1803 1279 211 67 story>
2052 1274 80 73 by

147 1360 307 57 Freeman
480 1355 182 62 Wills
696 1358 233 59 Crofts.
1010 1357 152 57 New
1187 1355 190 73 York,
1405 1357 76 57 A.
1508 1355 48 57 &
1587 1356 63 59 C.
1678 1352 181 74 Boni,
1888 1353 167 58 1926.

216 1434 784 55 3 p. l., 9-290 p. illus. 19½ cm .
217 1497 188 43 London
433 1492 166 47 edition
635 1491 100 52 (W.
769 1489 172 48 Collins
972 1504 104 29 sons
1106 1490 38 44 &
1172 1506 80 33 co.,
1280 1487 107 53 ltd.)
1423 1492 81 42 has
1533 1487 121 47 title:
1688 1490 236 48 Inspector
1956 1486 176 46 French

147 1554 85 42 and
264 1553 73 43 the
371 1549 176 51 Cheyne
578 1553 213 45 mystery.

149 1603 52 53 ©
232 1603 118 52 Sept.
378 1604 64 49 24,
476 1601 103 44 1926;
632 1601 63 43 2c.
728 1600 101 44 Oct.
858 1597 50 54 7;
936 1599 78 43 aff.
1047 1596 120 54 Sept.
1197 1595 78 54 25;
1306 1597 44 44 A
1380 1596 189 54 949409;
1600 1595 200 45 Thomas
1833 1594 188 53 Seltzer,
2050 1595 81 43 inc.

225 1659 268 55 (26-17966)

153 1760 228 67 Crowe,
423 1755 254 60 Charles
714 1756 70 57 M
1095 1754 91 59 ed.

224 1849 192 58 Great
452 1846 298 58 southern
783 1844 369 73 preaching;
1189 1843 159 59 vital
1385 1842 418 74 Christianity
1840 1862 69 38 as
147 1842 1963 157 interpreted

395 1926 82 70 by
507 1924 103 58 the
644 1940 280 40 sermons
960 1922 68 57 of
1061 1941 168 40 some
1264 1922 67 57 of
1363 1922 104 58 the
1499 1920 253 73 leading
148 1923 1961 153 contemporary

341 2004 341 70 exponents
728 2000 69 58 of
840 2001 104 57 the
988 1999 218 73 gospel
1250 2016 284 54 message
1580 1998 62 57 in
1687 1999 103 59 the
1839 1998 296 59 southern

148 2084 214 70 states,
403 2077 206 60 edited
645 2079 83 70 by
769 2077 259 59 Charles
1069 2078 82 56 M.
1195 2076 235 73 Crowe,
1468 2075 152 59 with
1659 2094 81 39 an
1779 2074 354 60 invocation

147 2160 77 71 by
274 2157 242 72 Joseph
566 2156 156 57 Fort
776 2155 278 58 Newton.
1148 2155 150 57 New
1348 2154 190 71 York,
1594 2154 128 59 The
1777 2153 356 59 Macmillan

145 2253 321 54 company,
496 2233 165 58 1926.

214 2308 482 55 xiii, 280 p. 19½ cm .
216 2366 129 45 With
374 2365 122 46 brief
522 2366 174 45 notices
725 2364 54 44 of
805 2365 77 44 the
908 2365 206 43 authors.

147 2422 53 54 ©
227 2425 101 43 Oct.
359 2424 61 50 13,
451 2422 127 53 1926;
604 2422 65 43 2c.
698 2422 85 43 and
810 2421 78 43 aff.
916 2422 101 43 Oct.
1049 2422 74 51 14;
1151 2422 43 42 A
1221 2420 189 54 949506;
1442 2420 263 46 Macmillan
1732 2437 65 29 co.

226 2479 268 56 (26-18022)

150 2580 211 74 Davis,
400 2579 232 59 Robert
670 2578 261 74 Hobart,
972 2581 190 57 1869-

231 2671 165 59 Over
419 2689 106 54 my
550 2670 117 58 left
697 2669 322 71 shoulder;
1050 2689 36 38 a
1114 2688 349 53 panorama
1490 2671 67 57 of
1582 2690 142 39 men
1752 2672 123 58 and
1904 2676 233 70 events,

155 2749 360 71 burlesques
549 2750 123 56 and
706 2747 335 74 tragedies,
1077 2747 304 74 cabbages
1417 2750 122 56 and
1571 2749 182 73 kings
1789 2751 120 57 and
154 2769 1960 116 sometimes

358 2827 81 58 W
464 2827 121 56 and
610 2826 74 72 Y,
712 2827 83 70 by
820 2827 237 56 Robert
1082 2826 77 57 H.
1189 2826 216 71 Davis,
1431 2827 151 57 with
1609 2847 80 37 an
1713 2828 424 59 introduction

153 2906 81 72 by
260 2905 177 58 Irvin
467 2905 60 58 S.
559 2903 185 60 Cobb.
827 2904 153 57 New
1005 2904 173 57 York
1206 2907 147 73 [etc.]
1381 2904 74 58 D.
1486 2905 317 72 Appleton
1832 2907 122 58 and
150 2926 1964 130 company,
368 2984 165 57 1926.

218 3058 1240 56 xvii, [1] p., 1 l., 349, [1] p. front. (port.) 21 cm .
149 3104 1930 68 © Oct. 8, 19 26; 2c. Oct. 12; aff. Oct. 13; A 950431; D. Appleton & co.
225 3175 269 56 (26-17984)

148 3277 258 68 Deaver,
451 3276 169 59 John
657 3275 192 71 Blair,
892 3277 188 57 1855-

229 3367 287 73 Surgical
545 3370 295 69 anatomy
868 3367 66 57 of
965 3368 104 56 the
1093 3368 233 56 human
1356 3368 180 73 body,
1568 3369 82 71 by
1679 3368 167 58 John
1875 3369 71 56 B.
149 3370 1966 134 Deaver

149 3446 1960 149 … 2d ed. … thoroughly rev. and rearranged, profusely
379 3524 359 56 illustrated
760 3523 152 56 with
935 3523 316 73 drawings
1276 3523 170 57 from
1472 3523 268 73 original
1765 3524 371 60 dissections

149 3603 182 56 made
365 3600 334 72 especially
734 3601 102 56 for
872 3601 126 57 this
1030 3601 187 57 work.
1293 3621 56 37 v.
1389 3604 48 54 2.
1477 3601 223 72 Upper
1732 3604 402 72 extremities,

148 3679 169 71 neck,
363 3679 343 71 shoulders,
749 3678 169 73 back,
962 3679 191 57 lower
1197 3679 399 57 extremities.
1680 3680 456 76 Philadelphia,

149 3757 67 56 P.
253 3756 387 57 Blakiston’s
676 3775 111 38 son
819 3756 47 56 &
899 3775 85 38 co.
1025 3786 12 43 [
1039 3764 19 22 c
1062 3757 163 74 1926]

217 3835 62 49 xi,
311 3832 80 44 854
424 3847 38 38 p.
498 3832 98 44 incl.
630 3831 154 53 plates.
843 3833 57 44 28
904 3835 47 18 cm
957 3868 9 9 .

150 3888 53 54 ©
234 3890 116 44 Nov.
384 3889 63 53 17,
479 3889 127 53 1926;
636 3890 64 43 2c.
730 3890 86 43 and
844 3891 78 43 aff.
953 3891 117 43 Nov.
1105 3890 75 53 18;
1210 3891 43 42 A
1284 3889 161 46 957131;
1507 3893 50 43 P.
1590 3892 271 45 Blakiston’s
1893 3909 82 29 son
2004 3895 38 44 &
2071 3908 65 30 co.
