2542 4285
1009 3953 149 57 1027

79 363 329 76 [Newman,
450 356 262 60 Horatio
753 354 286 74 Hackett]

156 440 127 56 The
315 440 223 54 nature
573 436 66 55 of
670 434 102 57 the
805 433 198 57 world
1037 433 123 55 and
1193 431 67 56 of
1290 448 162 53 man,
1485 429 83 71 by
1603 427 239 58 sixteen
76 445 1959 129 members

259 515 65 57 of
362 515 102 56 the
504 512 241 71 faculty
785 511 66 57 of
890 511 104 56 the
1032 507 373 71 University
1443 507 67 56 of
1551 505 286 72 Chicago.
78 503 1956 162 Chicago,

277 583 1524 80 Ill., The University of Chicago press [ c 1926]
145 670 74 50 vii,
249 670 50 42 91
331 684 40 37 p.
430 666 115 44 illus.
602 666 55 43 22
662 668 47 18 cm
715 700 10 10 .

148 726 150 43 Three
325 725 206 51 chapters
561 723 122 42 from
712 720 124 44 “The
866 728 157 35 nature
1051 719 52 44 of
1133 718 73 44 the
1235 718 146 44 world
1409 718 87 43 and
1525 716 51 45 of
1605 716 129 44 man”
1767 714 191 55 planned
1988 715 75 45 for

77 783 123 52 early
235 782 81 43 fall
346 779 285 55 publication.

79 839 52 53 ©
158 841 115 51 June
303 840 33 48 1,
370 838 127 51 1926;
524 838 63 42 2c.
615 837 117 51 June
756 835 77 52 30;
860 835 81 43 aff.
969 835 106 52 July
1102 834 51 52 3;
1181 834 44 42 A
1254 832 188 52 897311;
1474 831 267 52 University
1768 830 53 44 of
1848 829 215 55 Chicago,

151 896 211 53 Chicago.

78 980 420 68 Odd-fellows,
559 978 430 72 Independent
1043 976 184 58 order
1282 974 84 58 of.
1461 974 343 72 Sovereign
1860 975 203 72 grand

152 1059 196 71 lodge.

156 1134 166 59 Code
352 1134 68 57 of
448 1133 255 72 general
729 1132 151 57 laws
915 1131 68 57 of
1012 1131 103 57 the
1144 1129 433 72 Independent
1610 1129 184 57 order
1827 1127 68 58 of
1929 1126 139 60 Odd

76 1212 241 58 fellows
380 1208 399 73 (annotated)
841 1207 275 73 adopted
1167 1208 84 69 by
1304 1207 103 57 the
1466 1204 344 73 Sovereign
1865 1206 203 70 grand

76 1289 201 71 lodge,
310 1287 365 73 September
706 1287 91 69 23,
827 1287 179 68 1915;
1037 1283 250 58 revised
1315 1290 64 55 to
1410 1285 104 59 the
1547 1282 244 60 session
1820 1285 67 57 of
1919 1283 147 58 1925

77 1363 331 71 inclusive;
447 1364 150 57 with
636 1382 80 39 an
757 1361 317 73 appendix
1112 1360 362 73 containing
1512 1362 104 58 the
1658 1359 409 61 constitution

79 1443 123 56 and
229 1441 167 57 rules
428 1440 68 57 of
525 1441 186 56 order
743 1439 67 58 of
840 1441 102 58 the
976 1438 346 72 Sovereign
1352 1439 203 71 grand
1582 1437 201 72 lodge,
1815 1438 104 56 the
77 1438 1966 138 Rebekah

326 1518 224 71 degree
603 1518 167 69 code,
822 1517 124 56 and
994 1517 103 58 the
1152 1515 368 59 Patriarchs
1572 1514 275 59 militant
1901 1516 166 57 code.

75 1597 363 72 Baltimore,
472 1596 146 70 Md.,
652 1595 344 73 Sovereign
1028 1599 204 70 grand
1259 1594 200 74 lodge,
1491 1596 51 59 I.
1633 1639 10 11 O.
1735 1640 11 12 O.
1778 1595 90 74 F.,
1901 1596 166 58 1926.

147 1672 528 52 3 p. l., 681 p. 22½cm.
79 1726 56 54 ©
164 1729 106 52 July
300 1726 64 53 25,
401 1727 129 52 1926;
563 1728 65 42 2c.
660 1728 87 43 and
779 1728 78 42 aff.
894 1725 120 53 Sept.
1051 1725 74 53 15;
1160 1727 44 42 A
1237 1726 188 53 950010;
1466 1726 247 54 Sovereign
1746 1728 145 52 grand
1922 1727 148 53 lodge,

152 1786 35 45 I.
218 1785 54 44 O.
303 1785 54 44 O.
387 1784 50 44 F.
507 1784 267 55 (26-16002)

80 1869 270 72 Oursler,
386 1869 247 72 Fulton,
673 1872 189 56 1893-

159 1946 1915 73 Stepchild of the moon, by Fulton Oursler … New
82 2025 171 57 York
282 2030 124 56 and
433 2024 278 71 London,
743 2025 258 71 Harper
1028 2024 49 58 &
1106 2025 309 73 brothers,
1448 2025 166 58 1926.

151 2099 564 57 5 p. l., 527 p. 19½ m .
79 2158 56 54 ©
170 2160 119 52 Sept.
323 2158 62 52 17,
419 2159 106 44 1926;
577 2161 65 43 2c.
676 2158 121 53 Sept.
832 2160 73 51 14;
938 2160 79 43 aff.
1053 2157 120 54 Sept.
1203 2159 78 52 20;
1317 2160 44 42 A
1390 2156 189 55 950075;
1614 2161 183 51 Harper
1829 2160 37 43 &
1896 2160 118 43 bros.

161 2216 268 55 (26-16084)

80 2289 232 72 Potter,
356 2288 256 58 Miriam
656 2287 206 60 Clark.

165 2365 270 73 Captain
477 2367 338 72 Sandman,
854 2366 98 60 his
993 2367 161 58 book
1195 2368 68 57 of
1304 2367 158 58 tales
1507 2369 126 56 and
1672 2367 250 72 rhymes
1967 2367 104 57 for

85 2443 1987 76 children, by Miriam Clark Potter … illustrated by Sophia
87 2524 68 56 T.
181 2523 272 58 Balcom.
520 2524 152 57 New
694 2524 192 72 York,
913 2524 73 57 E.
1015 2524 70 57 P.
1112 2523 242 59 Dutton
1381 2524 48 57 &
1455 2541 306 56 company
1790 2555 13 43 [
1804 2532 20 22 c
1827 2525 164 73 1926]

186 2639 9 16 x,
223 2604 80 44 233
332 2619 39 36 p.
401 2603 99 44 incl.
530 2603 148 51 front.,
710 2603 114 44 illus.
884 2603 27 42 21½
973 2605 47 17 cm
1025 2638 9 10 .

80 2656 1994 55 © Aug. 20, 1926; 1c. and aff. Sept. 16; 1c. Sept. 17; A 950034; E. P. Dutton
156 2716 37 43 6
227 2730 65 29 co.
360 2713 269 56 (26-16059)

83 2785 344 69 Rasovsky,
469 2785 248 60 Cecilia.

83 2881 1812 100 …וואטיעדעפרוי רארף וויסע ן וועגע ן בירגערשאפט
1981 2985 96 84 פון
1623 2955 316 104 סעסיליא
1183 2987 398 98 ראואווסקי.

90 3096 187 57 What
308 3116 189 53 every
523 3115 242 40 woman
794 3096 224 59 should
1044 3097 180 57 know
1254 3099 188 56 about
1474 3094 383 76 citizenship.
87 3094 1964 150 Yiddish-English

550 3175 251 58 edition.

83 3253 1994 114 ניו י אָ רק, נייש אָ נ אַ ר ק אַ ונסיל אָ וו רושואיש ווימען, 1926 .
634 3399 1119 60 (אינפארמאציע פאר א י מ ינ ראנטען נומער 2 ) 89 p. iiius. 18cm.
155 3492 194 44 Yiddish
372 3493 87 43 and
487 3491 193 53 English
706 3500 96 37 text
827 3508 59 29 on
910 3493 205 52 opposite
1140 3507 151 38 pages.

90 3545 54 53 ©
172 3548 113 51 June
317 3548 63 50 19,
411 3546 129 53 1926;
569 3548 64 43 2c.
662 3548 115 51 June
803 3547 78 52 23;
913 3548 78 42 aff.
1023 3548 115 52 June
1166 3548 78 50 29;
1277 3547 44 42 A
1352 3545 187 53 897252;
1575 3546 218 45 National
1822 3546 175 44 council
2026 3546 52 45 of

159 3603 170 52 Jewish
355 3619 187 36 women,
568 3605 119 43 New
714 3605 141 44 York.
925 3604 270 55 (26-16183)

87 3673 174 73 Rich,
296 3674 211 58 Mabel
539 3675 196 74 Irene,
772 3677 92 58 ed.

236 3751 1839 77 … Classified types of literature, edited by Mabel Irene
91 3830 1966 77 Rich … New York and London, The Century co. [ c 1926]
