2542 4285
1456 4007 109 57 812

501 383 230 73 Cicero,
768 385 252 57 Marcus
1058 384 259 57 Tullius.

500 475 1964 136 … Seven orations, with selections from the Impeachment
703 554 67 58 of
801 554 253 71 Verres,
1090 554 104 57 the
1228 554 269 73 Letters,
1530 553 93 58 De
1660 556 332 70 senectute,
2029 555 123 57 and
2190 553 298 58 Sallust’s

500 631 243 57 Bellum
781 630 327 74 Catilinae,
1147 631 207 58 edited
1387 631 150 58 with
1572 631 442 73 introduction,
2053 633 197 71 notes,
501 649 1963 118 grammatical

791 709 333 72 appendix,
1166 711 122 56 and
1325 729 187 52 prose
1552 710 426 71 composition,
2016 710 85 71 by
2135 709 245 58 Walter
2416 709 71 57 B.

504 785 1964 137 Gunnison … and Walter S. Harley … New York, Newark
643 868 145 71 [etc.]
822 866 221 73 Silver,
1070 865 271 58 Burdett
1368 867 123 56 and
1518 884 307 53 company
1852 895 11 43 [
1867 872 18 22 c
1889 866 164 73 1926]

575 957 95 53 xlii,
697 955 81 47 574
800 973 40 37 p.
867 957 99 44 incl.
994 957 151 52 front.,
1170 957 131 52 illus.,
1328 965 153 45 ports.,
1508 971 139 39 maps.
1711 958 49 44 19
1767 959 46 18 cm
1820 992 8 8 .

572 1025 352 54 Bibliography:
952 1042 40 38 p.
1020 1040 87 38 xv;
1139 1026 197 44 “Works
1364 1026 50 45 of
1441 1025 280 45 reference”:
1751 1041 41 38 p.
1818 1026 61 43 xl.

505 1093 52 54 ©
591 1095 104 53 July
725 1095 66 52 21,
831 1095 104 43 1926;
996 1095 63 43 2c.
1094 1095 87 43 and
1214 1095 79 43 aff.
1327 1095 105 52 July
1466 1095 77 51 23;
1580 1095 43 41 A
1656 1091 188 54 897543;
1887 1093 160 53 Silver,
2084 1095 190 42 Burdett
2308 1094 86 42 and
2428 1108 64 28 co.

579 1150 66 54 [©
677 1167 98 28 new
808 1160 180 45 matter].
1059 1150 270 55 (26-13958)

503 1250 160 73 Cole,
696 1250 224 58 Albert
955 1252 66 56 T.

582 1340 1844 76 Government and citizenship, by Judge A. T. Cole …
508 1422 87 58 St.
624 1423 175 72 Paul,
829 1422 213 72 Minn.,
1070 1421 291 58 Lavallee
1387 1423 118 55 law
1531 1422 159 57 book
1717 1442 84 37 co.
1835 1450 12 43 [
1849 1429 20 22 c
1873 1421 163 72 1926]

580 1513 555 55 1 p. l., 101 p. 18½c m .
506 1582 52 54 ©
588 1583 106 53 July
728 1582 62 53 17,
825 1583 128 51 1926;
986 1583 64 43 2c.
1082 1583 106 52 July
1215 1584 78 49 22;
1326 1583 78 43 aff.
1436 1582 76 53 July
1572 1582 76 50 21;
1684 1582 41 42 A
1759 1581 189 53 901227;
1984 1582 209 43 Lavallee
2226 1581 119 45 book
2374 1597 66 28 co.

584 1640 271 53 (26-13994)

505 1737 162 77 Cole,
708 1739 332 58 Lawrence
1082 1739 304 69 Wooster,
1432 1742 148 56 1870–

581 1830 264 58 Factors
891 1830 67 59 of
1000 1830 231 56 human
1273 1829 401 73 psychology,
1717 1830 82 71 by
1840 1830 332 57 Lawrence
2214 1831 95 57 W.
2358 1829 144 60 Cole

575 1907 1929 75 … Boulder, University extension division, University
506 1987 68 56 of
609 1986 327 73 Colorado,
970 1988 165 56 1926.

578 2076 999 54 5 p. l., [15]-362 p. illus., diagrs. 20 cm .
578 2149 329 44 “References”
933 2156 46 36 at
1001 2149 85 44 end
1107 2149 52 43 of
1179 2157 118 35 most
1318 2148 52 45 of
1392 2149 74 43 the
1489 2149 217 52 chapters.

505 2206 56 53 ©
592 2208 110 51 May
733 2206 63 53 17,
827 2206 129 52 1926;
988 2207 63 43 2c.
1080 2206 106 53 July
1220 2207 73 51 19;
1324 2207 78 42 aff.
1432 2207 106 51 July
1570 2205 72 52 17;
1675 2207 43 41 A
1747 2205 189 53 901172;
1969 2206 266 53 University
2266 2207 234 44 extension

576 2264 206 52 division,
814 2262 265 54 University
1109 2263 51 44 of
1192 2262 240 45 Colorado.
1502 2263 269 54 (26-13849)

507 2362 259 58 Council
800 2379 79 41 on
914 2361 637 59 Turkish-American
1584 2361 316 58 relations.

587 2454 131 58 The
767 2458 214 68 treaty
1028 2454 152 58 with
1231 2454 269 72 Turkey,
1549 2454 142 72 why
1738 2455 51 57 it
1840 2454 220 58 should
2110 2455 73 58 be
2234 2454 264 60 ratified.

510 2532 150 59 New
684 2532 190 73 York,
906 2532 256 59 Council
1190 2552 78 39 on
1297 2532 634 58 Turkish-American
1963 2533 300 59 relations
2296 2564 14 43 [
2312 2541 18 22 c
2334 2534 164 73 1926]

580 2612 78 44 164
695 2627 41 37 p.
795 2610 54 46 27½c
902 2614 29 17 m
937 2647 10 10 .

578 2666 353 55 Bibliography:
967 2682 40 38 p.
1046 2668 201 44 163-164.

510 2721 52 54 ©
600 2725 114 51 June
757 2722 60 52 17,
861 2724 128 51 1926;
1029 2723 64 43 2c.
1134 2724 86 42 and
1258 2724 77 42 aff.
1376 2722 104 53 July
1524 2723 73 49 12;
1639 2723 40 41 A
1722 2723 188 50 902201;
1956 2722 186 45 Council
2182 2738 57 29 on
580 2722 1922 102 Turkish-American

857 2781 226 51 relations,
1112 2781 82 42 inc.
1265 2780 270 53 (26-13881)

511 2879 370 74 Craighead,
914 2880 214 57 James
1159 2880 54 58 R
1506 2879 70 58 E.

586 2972 130 57 The
767 2972 124 57 lost
943 2971 254 72 empire,
1250 2971 81 72 by
1383 2970 217 58 James
1653 2972 71 55 R.
1779 2971 73 57 E.
1909 2970 372 74 Craighead,
509 2971 1971 136 illustrated

756 3050 83 71 by
874 3048 328 59 Elizabeth
1239 3049 83 57 M.
1362 3049 243 58 Fisher.
1685 3048 278 74 Oswego,
2003 3049 116 71 Ill.,
2160 3049 130 58 The
2326 3049 180 58 Bond

507 3126 363 73 publishing
902 3145 306 54 company
1241 3158 14 44 [
1255 3134 20 22 c
1279 3128 164 72 1926]

576 3203 1041 54 4 p. l., 125 p., 1 l. front., plates. 20 cm .
579 3261 71 43 “A
679 3260 350 53 conglomerate,
1062 3260 42 43 in
1134 3260 149 44 which
1314 3260 252 52 traditions,
1601 3258 183 53 fancies,
1817 3261 115 43 facts
1966 3261 86 43 and
2084 3260 111 45 tales
2228 3259 50 46 of
2313 3258 194 48 Starved

511 3318 129 43 Rock
669 3318 86 43 and
785 3317 130 44 other
945 3317 148 52 points
1126 3316 169 44 related
1327 3325 47 35 to
1407 3317 32 44 it
1470 3316 164 53 during
1666 3316 73 44 the
1772 3315 155 53 period
1960 3316 51 45 of
2043 3315 178 45 French
2252 3331 254 39 occupancy

509 3388 76 29 are
613 3374 239 52 preserved
882 3373 43 43 in
952 3373 75 44 the
1058 3374 119 43 form
1204 3372 51 45 of
1281 3372 138 45 blank
1446 3372 169 45 verse.”

511 3428 54 54 ©
595 3430 106 53 July
733 3431 62 50 14,
830 3429 129 52 1926;
991 3429 65 43 2c.
1087 3429 107 52 July
1228 3428 74 53 17;
1336 3430 78 42 aff.
1447 3430 105 52 July
1586 3429 72 52 16;
1693 3430 43 41 A
1766 3428 189 53 897486;
1990 3430 40 52 J.
2064 3430 53 42 R.
2149 3428 52 47 E.
2237 3428 266 54 Craighead,

585 3487 211 53 Oswego,
838 3487 69 43 Ill.
977 3485 271 55 (26-13917)

512 3587 195 70 Crow,
742 3585 283 60 William
1059 3586 76 58 H.

591 3678 1849 76 Corporation secretary’s guide, by William H. Crow …
514 3754 150 62 New
688 3755 190 72 York,
906 3754 487 75 Prentice-Hall,
1421 3755 136 74 inc.,
1586 3758 164 57 1926.

652 3833 1240 53 xx p., 1 l., 764 p. incl. illus., forms, diagrs. 23½ cm .
513 3887 54 53 ©
598 3889 106 52 July
739 3890 32 50 1,
806 3889 128 52 1926;
966 3891 64 42 2c.
1063 3890 86 43 and
1178 3890 78 42 aff.
1288 3890 107 52 July
1422 3889 78 51 20;
1535 3890 43 41 A
1609 3890 187 50 901200;
1834 3890 359 51 Prentice-Hall,
2227 3890 81 42 inc.

595 3945 270 55 (26-13904)
