<alto xmlns="http://www.loc.gov/standards/alto/ns-v3#" xmlns:xlink="http://www.w3.org/1999/xlink" xmlns:xsi="http://www.w3.org/2001/XMLSchema-instance" xsi:schemaLocation="http://www.loc.gov/standards/alto/ns-v3# http://www.loc.gov/alto/v3/alto-3-0.xsd"><Description>
<MeasurementUnit>pixel</MeasurementUnit>
<sourceImageInformation>
<fileName>1926_v23_Part001.pdf</fileName>
</sourceImageInformation>
<OCRProcessing ID="IdOcr">
<ocrProcessingStep>
<processingDateTime>2019-04-10</processingDateTime>
<processingSoftware>
<softwareCreator>ABBYY</softwareCreator>
<softwareName>ABBYY Recognition Server</softwareName>
<softwareVersion>4.0</softwareVersion>
</processingSoftware>
</ocrProcessingStep>
</OCRProcessing>
</Description>
<Styles>
<ParagraphStyle ID="StyleId-FFFFFFFF-FFFF-FFFF-FFFF-FFFFFFFFFFFF-" ALIGN="Left" LEFT="0." RIGHT="0." FIRSTLINE="0."/>
<ParagraphStyle ID="StyleId-22C3EA86-D171-42E2-A7D2-9A866F7D91F9-" ALIGN="Left" LEFT="0." RIGHT="0." FIRSTLINE="0." LINESPACE="8.300000191"/>
<ParagraphStyle ID="StyleId-E3FA4CC6-F5E5-41CA-B4C4-90085BF71B6C-" ALIGN="Block" LEFT="0." RIGHT="0." FIRSTLINE="-14." LINESPACE="8.050000191"/>
<ParagraphStyle ID="StyleId-41118DB3-028A-4115-95B3-BB512DD0EDAE-" ALIGN="Left" LEFT="0." RIGHT="0." FIRSTLINE="-13." LINESPACE="13.30000019"/>
<ParagraphStyle ID="StyleId-A2FB4C2B-BF87-45AD-9689-33B0118FBFC1-" ALIGN="Block" LEFT="0." RIGHT="0." FIRSTLINE="-14." LINESPACE="11.06999969"/>
<ParagraphStyle ID="StyleId-BBBA7B5D-FE2B-4BC7-AC7D-F142900C21B8-" ALIGN="Block" LEFT="0." RIGHT="0." FIRSTLINE="0." LINESPACE="8.899999619"/>
<ParagraphStyle ID="StyleId-3CEA3EEE-4341-4E33-9EF0-A9438AB90A9B-" ALIGN="Center" LEFT="0." RIGHT="0." FIRSTLINE="0." LINESPACE="12.19999981"/>
<ParagraphStyle ID="StyleId-817955BE-3120-4B53-BBD3-920BAE733BFF-" ALIGN="Left" LEFT="0." RIGHT="0." FIRSTLINE="0." LINESPACE="12.19999981"/>
<ParagraphStyle ID="StyleId-456A266C-F799-486A-ACB1-75B61E9815AB-" ALIGN="Left" LEFT="0." RIGHT="0." FIRSTLINE="-13." LINESPACE="8.18999958"/>
<ParagraphStyle ID="StyleId-6A1E9ED6-E5EA-4E31-BD5A-88089B8D7134-" ALIGN="Right" LEFT="0." RIGHT="0." FIRSTLINE="0." LINESPACE="7.699999809"/>
<ParagraphStyle ID="StyleId-C11ABF73-04BC-4F6E-B7E4-01FCA3A26756-" ALIGN="Left" LEFT="0." RIGHT="0." FIRSTLINE="-13." LINESPACE="12.19999981"/>
<ParagraphStyle ID="StyleId-662CF6CF-DB5F-40BE-AD24-E877ED82DD6F-" ALIGN="Block" LEFT="0." RIGHT="0." FIRSTLINE="-14." LINESPACE="11.06999969"/>
<ParagraphStyle ID="StyleId-9361006B-74B5-41BD-BFD3-03318AD64910-" ALIGN="Left" LEFT="0." RIGHT="0." FIRSTLINE="0." LINESPACE="8.899999619"/>
</Styles>
<Layout>
<Page ID="Page505" PHYSICAL_IMG_NR="505" HEIGHT="4285" WIDTH="2542">
<TopMargin HEIGHT="346" WIDTH="2542" VPOS="0" HPOS="0">
</TopMargin>
<LeftMargin HEIGHT="3807" WIDTH="112" VPOS="346" HPOS="0">
</LeftMargin>
<RightMargin HEIGHT="3807" WIDTH="412" VPOS="346" HPOS="2130">
</RightMargin>
<BottomMargin HEIGHT="132" WIDTH="2542" VPOS="4153" HPOS="0">
</BottomMargin>
<PrintSpace HEIGHT="3807" WIDTH="2018" VPOS="346" HPOS="112">
<TextBlock ID="Page505_Block1" HEIGHT="178" WIDTH="445" VPOS="3975" HPOS="994" LANG="en-US" STYLEREFS="StyleId-262252BA-39EE-4805-A9B2-87B0AD17745F-">
<TextLine HEIGHT="61" WIDTH="108" VPOS="3996" HPOS="1077">
<String CONTENT="505" HEIGHT="61" WIDTH="108" VPOS="3996" HPOS="1077"/>
</TextLine>
</TextBlock>
<TextBlock ID="Page505_Block2" HEIGHT="3642" WIDTH="2018" VPOS="346" HPOS="112" LANG="en-US" CS="1" STYLEREFS="StyleId-C4DCE8E6-D2D4-468D-8395-F680F4D810F9-">
<Shape>
<Polygon POINTS="112,346 2130,346 2130,3947 596,3947 596,3988 112,3988 112,346"/>
</Shape>
<TextLine HEIGHT="71" WIDTH="1845" VPOS="357" HPOS="200" STYLEREFS="StyleId-1BB9C47D-68FF-4504-A34A-631395C7CE2D-" CS="1">
<String CS="1" CONTENT="&#8230;"/>
<SP HEIGHT="57" WIDTH="53" VPOS="361" HPOS="200"/>
<String CONTENT="The" HEIGHT="56" WIDTH="128" VPOS="360" HPOS="254"/>
<SP HEIGHT="58" WIDTH="45" VPOS="358" HPOS="383"/>
<String CONTENT="Atlantic" HEIGHT="57" WIDTH="278" VPOS="357" HPOS="429"/>
<SP HEIGHT="39" WIDTH="48" VPOS="374" HPOS="708"/>
<String CS="1" CONTENT="reporter." HEIGHT="67" WIDTH="286" VPOS="361" HPOS="757"/>
<SP HEIGHT="36" WIDTH="86" VPOS="378" HPOS="1060"/>
<String CONTENT="v." HEIGHT="36" WIDTH="54" VPOS="378" HPOS="1147"/>
<SP HEIGHT="54" WIDTH="50" VPOS="360" HPOS="1202"/>
<String CONTENT="130." HEIGHT="54" WIDTH="126" VPOS="360" HPOS="1253"/>
<SP HEIGHT="55" WIDTH="88" VPOS="358" HPOS="1380"/>
<String CONTENT="Permanent" HEIGHT="56" WIDTH="377" VPOS="358" HPOS="1469"/>
<SP HEIGHT="54" WIDTH="49" VPOS="360" HPOS="1847"/>
<String LANG="en" CONTENT="ed." HEIGHT="55" WIDTH="91" VPOS="359" HPOS="1897"/>
<SP HEIGHT="13" WIDTH="56" VPOS="404" HPOS="1989"/>
<String CS="1" CONTENT="&#8230;"/>
</TextLine>
<TextLine HEIGHT="135" WIDTH="1882" VPOS="434" HPOS="206" STYLEREFS="StyleId-1BB9C47D-68FF-4504-A34A-631395C7CE2D-" CS="1">
<String CONTENT="with" HEIGHT="56" WIDTH="150" VPOS="437" HPOS="206"/>
<SP HEIGHT="54" WIDTH="37" VPOS="437" HPOS="357"/>
<String CONTENT="key-number" HEIGHT="69" WIDTH="405" VPOS="437" HPOS="395"/>
<SP HEIGHT="36" WIDTH="39" VPOS="455" HPOS="801"/>
<String CONTENT="annotations." HEIGHT="58" WIDTH="417" VPOS="435" HPOS="841"/>
<SP HEIGHT="57" WIDTH="84" VPOS="435" HPOS="1259"/>
<String CONTENT="September" HEIGHT="70" WIDTH="363" VPOS="435" HPOS="1344"/>
<SP HEIGHT="52" WIDTH="44" VPOS="438" HPOS="1708"/>
<String CONTENT="10-December" HEIGHT="135" WIDTH="1880" VPOS="434" HPOS="208"/>
</TextLine>
<TextLine HEIGHT="72" WIDTH="1586" VPOS="512" HPOS="346" STYLEREFS="StyleId-1BB9C47D-68FF-4504-A34A-631395C7CE2D-">
<String CONTENT="17," HEIGHT="69" WIDTH="87" VPOS="515" HPOS="346"/>
<SP HEIGHT="69" WIDTH="31" VPOS="515" HPOS="434"/>
<String CONTENT="1925." HEIGHT="55" WIDTH="162" VPOS="514" HPOS="466"/>
<SP HEIGHT="57" WIDTH="73" VPOS="512" HPOS="629"/>
<String LANG="en" CONTENT="St." HEIGHT="57" WIDTH="88" VPOS="512" HPOS="703"/>
<SP HEIGHT="56" WIDTH="31" VPOS="512" HPOS="792"/>
<String CONTENT="Paul," HEIGHT="72" WIDTH="175" VPOS="512" HPOS="824"/>
<SP HEIGHT="72" WIDTH="31" VPOS="512" HPOS="1000"/>
<String CONTENT="West" HEIGHT="57" WIDTH="179" VPOS="512" HPOS="1032"/>
<SP HEIGHT="67" WIDTH="27" VPOS="515" HPOS="1212"/>
<String CONTENT="publishing" HEIGHT="71" WIDTH="361" VPOS="512" HPOS="1240"/>
<SP HEIGHT="52" WIDTH="28" VPOS="531" HPOS="1602"/>
<String LANG="en" CONTENT="co.," HEIGHT="52" WIDTH="103" VPOS="531" HPOS="1631"/>
<SP HEIGHT="70" WIDTH="33" VPOS="513" HPOS="1735"/>
<String CONTENT="1926." HEIGHT="54" WIDTH="163" VPOS="513" HPOS="1769"/>
</TextLine>
<TextLine HEIGHT="56" WIDTH="1583" VPOS="586" HPOS="196">
<String CONTENT="xiv," HEIGHT="46" WIDTH="90" VPOS="592" HPOS="196"/>
<SP HEIGHT="49" WIDTH="31" VPOS="589" HPOS="287"/>
<String CONTENT="999" HEIGHT="43" WIDTH="80" VPOS="589" HPOS="319"/>
<SP HEIGHT="50" WIDTH="28" VPOS="590" HPOS="400"/>
<String CONTENT="p." HEIGHT="37" WIDTH="38" VPOS="603" HPOS="429"/>
<SP HEIGHT="42" WIDTH="57" VPOS="589" HPOS="468"/>
<String CONTENT="26" HEIGHT="42" WIDTH="55" VPOS="589" HPOS="526"/>
<String STYLE="superscript" CONTENT="cm" HEIGHT="17" WIDTH="45" VPOS="591" HPOS="586"/>
<String CONTENT="." HEIGHT="8" WIDTH="7" VPOS="622" HPOS="639"/>
<SP HEIGHT="53" WIDTH="67" VPOS="589" HPOS="647"/>
<String CONTENT="(National" HEIGHT="54" WIDTH="242" VPOS="588" HPOS="715"/>
<SP HEIGHT="43" WIDTH="33" VPOS="588" HPOS="958"/>
<String CONTENT="reporter" HEIGHT="44" WIDTH="202" VPOS="596" HPOS="992"/>
<SP HEIGHT="27" WIDTH="31" VPOS="603" HPOS="1195"/>
<String CONTENT="system&#8212;State" HEIGHT="54" WIDTH="357" VPOS="586" HPOS="1227"/>
<SP HEIGHT="28" WIDTH="30" VPOS="603" HPOS="1585"/>
<String CONTENT="series)" HEIGHT="53" WIDTH="163" VPOS="588" HPOS="1616"/>
</TextLine>
<TextLine HEIGHT="54" WIDTH="1709" VPOS="643" HPOS="128">
<String CONTENT="&#169;" HEIGHT="53" WIDTH="52" VPOS="643" HPOS="128"/>
<SP HEIGHT="53" WIDTH="25" VPOS="643" HPOS="181"/>
<String CONTENT="Feb." HEIGHT="45" WIDTH="103" VPOS="643" HPOS="207"/>
<SP HEIGHT="42" WIDTH="27" VPOS="646" HPOS="311"/>
<String CONTENT="4," HEIGHT="49" WIDTH="36" VPOS="646" HPOS="339"/>
<SP HEIGHT="49" WIDTH="29" VPOS="646" HPOS="376"/>
<String CONTENT="1926;" HEIGHT="52" WIDTH="127" VPOS="644" HPOS="406"/>
<SP HEIGHT="51" WIDTH="26" VPOS="645" HPOS="534"/>
<String CONTENT="2c." HEIGHT="42" WIDTH="63" VPOS="645" HPOS="561"/>
<SP HEIGHT="43" WIDTH="27" VPOS="644" HPOS="625"/>
<String CONTENT="May" HEIGHT="53" WIDTH="112" VPOS="644" HPOS="653"/>
<SP HEIGHT="52" WIDTH="21" VPOS="645" HPOS="766"/>
<String CONTENT="8;" HEIGHT="51" WIDTH="49" VPOS="645" HPOS="788"/>
<SP HEIGHT="37" WIDTH="28" VPOS="659" HPOS="838"/>
<String CONTENT="aff." HEIGHT="43" WIDTH="77" VPOS="644" HPOS="867"/>
<SP HEIGHT="41" WIDTH="30" VPOS="646" HPOS="945"/>
<String CONTENT="May" HEIGHT="50" WIDTH="111" VPOS="646" HPOS="976"/>
<SP HEIGHT="52" WIDTH="26" VPOS="644" HPOS="1088"/>
<String CONTENT="7;" HEIGHT="52" WIDTH="49" VPOS="644" HPOS="1115"/>
<SP HEIGHT="52" WIDTH="28" VPOS="644" HPOS="1165"/>
<!-- cceid FFE8FA0D-6E1A-1014-9B7B-CA07F191E62B --><String CONTENT="A" HEIGHT="42" WIDTH="43" VPOS="644" HPOS="1194"/>
<SP HEIGHT="43" WIDTH="27" VPOS="644" HPOS="1238"/>
<String CONTENT="891324;" HEIGHT="52" WIDTH="187" VPOS="644" HPOS="1266"/>
<SP HEIGHT="51" WIDTH="30" VPOS="645" HPOS="1454"/>
<String CONTENT="West" HEIGHT="43" WIDTH="132" VPOS="645" HPOS="1485"/>
<SP HEIGHT="44" WIDTH="25" VPOS="652" HPOS="1618"/>
<String CONTENT="pub." HEIGHT="48" WIDTH="99" VPOS="648" HPOS="1644"/>
<SP HEIGHT="27" WIDTH="25" VPOS="659" HPOS="1744"/>
<String LANG="en" CONTENT="co." HEIGHT="27" WIDTH="67" VPOS="659" HPOS="1770"/>
</TextLine>
<TextLine HEIGHT="74" WIDTH="851" VPOS="726" HPOS="136" STYLEREFS="StyleId-02DCEAE6-8C15-4209-B75B-ED8DB9BCB668-">
<String CONTENT="Bassler," HEIGHT="72" WIDTH="265" VPOS="727" HPOS="136"/>
<SP HEIGHT="73" WIDTH="39" VPOS="726" HPOS="402"/>
<String CONTENT="Anthony," HEIGHT="74" WIDTH="312" VPOS="726" HPOS="442"/>
<SP HEIGHT="66" WIDTH="44" VPOS="733" HPOS="755"/>
<String CONTENT="1874-" HEIGHT="56" WIDTH="187" VPOS="731" HPOS="800"/>
</TextLine>
<TextLine HEIGHT="74" WIDTH="1904" VPOS="805" HPOS="210" STYLEREFS="StyleId-1BB9C47D-68FF-4504-A34A-631395C7CE2D-">
<String CONTENT="Diseases" HEIGHT="59" WIDTH="293" VPOS="806" HPOS="210"/>
<SP HEIGHT="39" WIDTH="27" VPOS="826" HPOS="504"/>
<String CONTENT="of" HEIGHT="56" WIDTH="65" VPOS="808" HPOS="532"/>
<SP HEIGHT="57" WIDTH="24" VPOS="808" HPOS="598"/>
<String CONTENT="the" HEIGHT="56" WIDTH="101" VPOS="809" HPOS="623"/>
<SP HEIGHT="38" WIDTH="28" VPOS="828" HPOS="725"/>
<String CONTENT="stomach" HEIGHT="56" WIDTH="275" VPOS="810" HPOS="754"/>
<SP HEIGHT="55" WIDTH="25" VPOS="810" HPOS="1030"/>
<String CONTENT="and" HEIGHT="56" WIDTH="122" VPOS="810" HPOS="1056"/>
<SP HEIGHT="56" WIDTH="22" VPOS="810" HPOS="1179"/>
<String CONTENT="upper" HEIGHT="55" WIDTH="200" VPOS="824" HPOS="1202"/>
<SP HEIGHT="37" WIDTH="24" VPOS="824" HPOS="1403"/>
<String CONTENT="alimentary" HEIGHT="71" WIDTH="374" VPOS="805" HPOS="1428"/>
<SP HEIGHT="65" WIDTH="22" VPOS="811" HPOS="1803"/>
<String CONTENT="tract," HEIGHT="69" WIDTH="180" VPOS="809" HPOS="1826"/>
<SP HEIGHT="70" WIDTH="25" VPOS="808" HPOS="2007"/>
<String CONTENT="by" HEIGHT="70" WIDTH="81" VPOS="808" HPOS="2033"/>
</TextLine>
<TextLine HEIGHT="74" WIDTH="1979" VPOS="882" HPOS="136" STYLEREFS="StyleId-1BB9C47D-68FF-4504-A34A-631395C7CE2D-" CS="1">
<String CONTENT="Anthony" HEIGHT="71" WIDTH="297" VPOS="885" HPOS="136"/>
<SP HEIGHT="71" WIDTH="41" VPOS="885" HPOS="434"/>
<String CONTENT="Bassler" HEIGHT="58" WIDTH="255" VPOS="884" HPOS="476"/>
<SP HEIGHT="38" WIDTH="48" VPOS="902" HPOS="732"/>
<String CS="1" CONTENT="&#8230;"/>
<SP HEIGHT="54" WIDTH="88" VPOS="886" HPOS="844"/>
<String CONTENT="6th" HEIGHT="56" WIDTH="105" VPOS="886" HPOS="933"/>
<SP HEIGHT="57" WIDTH="46" VPOS="886" HPOS="1039"/>
<String LANG="en" CONTENT="ed.," HEIGHT="69" WIDTH="110" VPOS="886" HPOS="1086"/>
<SP HEIGHT="51" WIDTH="43" VPOS="904" HPOS="1197"/>
<String LANG="en" CONTENT="rev." HEIGHT="38" WIDTH="125" VPOS="904" HPOS="1241"/>
<SP HEIGHT="37" WIDTH="45" VPOS="904" HPOS="1367"/>
<String CONTENT="and" HEIGHT="57" WIDTH="123" VPOS="884" HPOS="1413"/>
<SP HEIGHT="58" WIDTH="44" VPOS="884" HPOS="1537"/>
<String CONTENT="enl.," HEIGHT="71" WIDTH="132" VPOS="884" HPOS="1582"/>
<SP HEIGHT="73" WIDTH="42" VPOS="882" HPOS="1715"/>
<String CONTENT="illustrated" HEIGHT="69" WIDTH="357" VPOS="882" HPOS="1758"/>
</TextLine>
<TextLine HEIGHT="73" WIDTH="1805" VPOS="959" HPOS="135" STYLEREFS="StyleId-1BB9C47D-68FF-4504-A34A-631395C7CE2D-" CS="1">
<String LANG="en-US" CONTENT="with" HEIGHT="57" WIDTH="149" VPOS="961" HPOS="135"/>
<SP HEIGHT="55" WIDTH="30" VPOS="963" HPOS="285"/>
<String LANG="en-US" CONTENT="154" HEIGHT="56" WIDTH="109" VPOS="960" HPOS="316"/>
<SP HEIGHT="55" WIDTH="27" VPOS="961" HPOS="426"/>
<String LANG="en" CONTENT="half-tone" HEIGHT="59" WIDTH="305" VPOS="961" HPOS="454"/>
<SP HEIGHT="40" WIDTH="32" VPOS="979" HPOS="760"/>
<String LANG="en-US" CONTENT="and" HEIGHT="56" WIDTH="123" VPOS="964" HPOS="793"/>
<SP HEIGHT="59" WIDTH="26" VPOS="961" HPOS="917"/>
<String LANG="en-US" CONTENT="line" HEIGHT="56" WIDTH="123" VPOS="961" HPOS="944"/>
<SP HEIGHT="54" WIDTH="31" VPOS="965" HPOS="1068"/>
<String LANG="en-US" CONTENT="text" HEIGHT="56" WIDTH="131" VPOS="963" HPOS="1100"/>
<SP HEIGHT="55" WIDTH="31" VPOS="963" HPOS="1232"/>
<String LANG="en-US" CONTENT="engravings" HEIGHT="73" WIDTH="375" VPOS="959" HPOS="1264"/>
<SP HEIGHT="38" WIDTH="33" VPOS="980" HPOS="1640"/>
<String LANG="en-US" CONTENT="and" HEIGHT="57" WIDTH="123" VPOS="961" HPOS="1674"/>
<SP HEIGHT="56" WIDTH="32" VPOS="961" HPOS="1798"/>
<String LANG="en-US" CONTENT="100" HEIGHT="56" WIDTH="109" VPOS="960" HPOS="1831"/>
</TextLine>
<TextLine HEIGHT="152" WIDTH="1979" VPOS="959" HPOS="136" STYLEREFS="StyleId-1BB9C47D-68FF-4504-A34A-631395C7CE2D-" CS="1">
<String CS="1" CONTENT="full-page" HEIGHT="152" WIDTH="1955" VPOS="959" HPOS="136"/>
<SP HEIGHT="52" WIDTH="31" VPOS="1058" HPOS="295"/>
<String CONTENT="plates" HEIGHT="73" WIDTH="203" VPOS="1037" HPOS="327"/>
<SP HEIGHT="72" WIDTH="42" VPOS="1037" HPOS="531"/>
<String CONTENT="(with" HEIGHT="72" WIDTH="176" VPOS="1037" HPOS="574"/>
<SP HEIGHT="55" WIDTH="34" VPOS="1040" HPOS="751"/>
<String CONTENT="171" HEIGHT="55" WIDTH="107" VPOS="1039" HPOS="786"/>
<SP HEIGHT="57" WIDTH="33" VPOS="1037" HPOS="894"/>
<String CONTENT="figures)" HEIGHT="75" WIDTH="261" VPOS="1035" HPOS="928"/>
<SP HEIGHT="74" WIDTH="43" VPOS="1035" HPOS="1190"/>
<String CONTENT="plain" HEIGHT="73" WIDTH="173" VPOS="1036" HPOS="1234"/>
<SP HEIGHT="36" WIDTH="33" VPOS="1057" HPOS="1408"/>
<String CONTENT="and" HEIGHT="56" WIDTH="123" VPOS="1039" HPOS="1442"/>
<SP HEIGHT="59" WIDTH="29" VPOS="1036" HPOS="1566"/>
<String CONTENT="in" HEIGHT="56" WIDTH="63" VPOS="1036" HPOS="1596"/>
<SP HEIGHT="40" WIDTH="34" VPOS="1055" HPOS="1660"/>
<String CONTENT="colors," HEIGHT="71" WIDTH="219" VPOS="1037" HPOS="1695"/>
<SP HEIGHT="71" WIDTH="32" VPOS="1037" HPOS="1915"/>
<String CONTENT="from" HEIGHT="57" WIDTH="167" VPOS="1037" HPOS="1948"/>
</TextLine>
<TextLine HEIGHT="77" WIDTH="1977" VPOS="1111" HPOS="137" STYLEREFS="StyleId-1BB9C47D-68FF-4504-A34A-631395C7CE2D-" CS="1">
<String CONTENT="original" HEIGHT="73" WIDTH="267" VPOS="1115" HPOS="137"/>
<SP HEIGHT="70" WIDTH="24" VPOS="1117" HPOS="405"/>
<String CONTENT="photographs" HEIGHT="72" WIDTH="428" VPOS="1115" HPOS="430"/>
<SP HEIGHT="39" WIDTH="31" VPOS="1132" HPOS="859"/>
<String CONTENT="and" HEIGHT="57" WIDTH="123" VPOS="1117" HPOS="891"/>
<SP HEIGHT="57" WIDTH="27" VPOS="1117" HPOS="1015"/>
<String CONTENT="drawings." HEIGHT="71" WIDTH="331" VPOS="1115" HPOS="1043"/>
<SP HEIGHT="55" WIDTH="80" VPOS="1115" HPOS="1375"/>
<String CONTENT="Philadelphia," HEIGHT="74" WIDTH="453" VPOS="1111" HPOS="1456"/>
<SP HEIGHT="69" WIDTH="28" VPOS="1114" HPOS="1910"/>
<String CS="1" CONTENT="F." HEIGHT="11" WIDTH="11" VPOS="1158" HPOS="1998"/>
<SP HEIGHT="56" WIDTH="28" VPOS="1113" HPOS="2010"/>
<String CONTENT="A." HEIGHT="55" WIDTH="75" VPOS="1113" HPOS="2039"/>
</TextLine>
<TextLine HEIGHT="73" WIDTH="741" VPOS="1190" HPOS="135" STYLEREFS="StyleId-1BB9C47D-68FF-4504-A34A-631395C7CE2D-">
<String LANG="en" CONTENT="Davis" HEIGHT="60" WIDTH="194" VPOS="1190" HPOS="135"/>
<SP HEIGHT="38" WIDTH="30" VPOS="1212" HPOS="330"/>
<String LANG="en-US" CONTENT="company," HEIGHT="53" WIDTH="319" VPOS="1210" HPOS="361"/>
<SP HEIGHT="68" WIDTH="30" VPOS="1193" HPOS="681"/>
<String LANG="en-US" CONTENT="1926." HEIGHT="56" WIDTH="164" VPOS="1192" HPOS="712"/>
</TextLine>
<TextLine HEIGHT="55" WIDTH="1910" VPOS="1265" HPOS="204" CS="1">
<String CONTENT="xx," HEIGHT="35" WIDTH="78" VPOS="1285" HPOS="204"/>
<SP HEIGHT="48" WIDTH="33" VPOS="1272" HPOS="283"/>
<String CONTENT="3-1007" HEIGHT="46" WIDTH="163" VPOS="1268" HPOS="317"/>
<SP HEIGHT="52" WIDTH="29" VPOS="1268" HPOS="481"/>
<String CONTENT="p." HEIGHT="37" WIDTH="39" VPOS="1283" HPOS="511"/>
<SP HEIGHT="43" WIDTH="61" VPOS="1268" HPOS="551"/>
<String CONTENT="illus.," HEIGHT="53" WIDTH="130" VPOS="1267" HPOS="613"/>
<SP HEIGHT="40" WIDTH="33" VPOS="1280" HPOS="744"/>
<String CS="1" CONTENT="XCIII"/>
<SP HEIGHT="50" WIDTH="28" VPOS="1269" HPOS="899"/>
<String CONTENT="(i." HEIGHT="50" WIDTH="50" VPOS="1269" HPOS="928"/>
<SP HEIGHT="29" WIDTH="35" VPOS="1283" HPOS="979"/>
<String CONTENT="e." HEIGHT="28" WIDTH="35" VPOS="1283" HPOS="1015"/>
<SP HEIGHT="41" WIDTH="36" VPOS="1270" HPOS="1051"/>
<String CONTENT="100)" HEIGHT="51" WIDTH="102" VPOS="1268" HPOS="1088"/>
<SP HEIGHT="51" WIDTH="38" VPOS="1268" HPOS="1191"/>
<String LANG="en" CS="1" CONTENT="pl."/>
<SP HEIGHT="51" WIDTH="29" VPOS="1268" HPOS="1289"/>
<String CONTENT="(part" HEIGHT="52" WIDTH="126" VPOS="1268" HPOS="1319"/>
<SP HEIGHT="38" WIDTH="31" VPOS="1275" HPOS="1446"/>
<String CONTENT="col.," HEIGHT="52" WIDTH="99" VPOS="1267" HPOS="1478"/>
<SP HEIGHT="48" WIDTH="35" VPOS="1271" HPOS="1578"/>
<String CONTENT="1" HEIGHT="41" WIDTH="17" VPOS="1271" HPOS="1614"/>
<SP HEIGHT="44" WIDTH="33" VPOS="1268" HPOS="1632"/>
<String CONTENT="fold.," HEIGHT="53" WIDTH="124" VPOS="1265" HPOS="1666"/>
<SP HEIGHT="50" WIDTH="33" VPOS="1268" HPOS="1791"/>
<String CONTENT="incl." HEIGHT="44" WIDTH="102" VPOS="1267" HPOS="1825"/>
<SP HEIGHT="42" WIDTH="34" VPOS="1268" HPOS="1928"/>
<String CONTENT="front.," HEIGHT="49" WIDTH="151" VPOS="1268" HPOS="1963"/>
</TextLine>
<TextLine HEIGHT="52" WIDTH="380" VPOS="1324" HPOS="136">
<String CONTENT="diagrs.)" HEIGHT="52" WIDTH="192" VPOS="1324" HPOS="136"/>
<SP HEIGHT="51" WIDTH="64" VPOS="1324" HPOS="329"/>
<String CONTENT="24" HEIGHT="43" WIDTH="55" VPOS="1325" HPOS="394"/>
<String STYLE="superscript" CONTENT="cm" HEIGHT="17" WIDTH="46" VPOS="1327" HPOS="455"/>
<String CONTENT="." HEIGHT="9" WIDTH="9" VPOS="1361" HPOS="507"/>
</TextLine>
<TextLine HEIGHT="51" WIDTH="1160" VPOS="1379" HPOS="211">
<String CONTENT="&#8220;References&#8221;" HEIGHT="45" WIDTH="331" VPOS="1380" HPOS="211"/>
<SP HEIGHT="45" WIDTH="23" VPOS="1380" HPOS="543"/>
<String CONTENT="at" HEIGHT="36" WIDTH="45" VPOS="1389" HPOS="567"/>
<SP HEIGHT="35" WIDTH="24" VPOS="1389" HPOS="613"/>
<String CONTENT="end" HEIGHT="44" WIDTH="84" VPOS="1380" HPOS="638"/>
<SP HEIGHT="44" WIDTH="26" VPOS="1380" HPOS="723"/>
<String CONTENT="of" HEIGHT="43" WIDTH="53" VPOS="1381" HPOS="750"/>
<SP HEIGHT="44" WIDTH="22" VPOS="1381" HPOS="804"/>
<String CONTENT="some" HEIGHT="30" WIDTH="125" VPOS="1395" HPOS="827"/>
<SP HEIGHT="28" WIDTH="21" VPOS="1397" HPOS="953"/>
<String CONTENT="of" HEIGHT="44" WIDTH="52" VPOS="1381" HPOS="975"/>
<SP HEIGHT="43" WIDTH="22" VPOS="1381" HPOS="1028"/>
<String CONTENT="the" HEIGHT="44" WIDTH="75" VPOS="1380" HPOS="1051"/>
<SP HEIGHT="29" WIDTH="21" VPOS="1395" HPOS="1127"/>
<String CONTENT="chapters." HEIGHT="51" WIDTH="222" VPOS="1379" HPOS="1149"/>
</TextLine>
<TextLine HEIGHT="54" WIDTH="1846" VPOS="1432" HPOS="125">
<String CONTENT="&#169;" HEIGHT="54" WIDTH="54" VPOS="1432" HPOS="125"/>
<SP HEIGHT="54" WIDTH="27" VPOS="1432" HPOS="180"/>
<String CONTENT="Apr." HEIGHT="51" WIDTH="111" VPOS="1435" HPOS="208"/>
<SP HEIGHT="42" WIDTH="28" VPOS="1435" HPOS="320"/>
<String CONTENT="29," HEIGHT="50" WIDTH="66" VPOS="1435" HPOS="349"/>
<SP HEIGHT="49" WIDTH="32" VPOS="1436" HPOS="416"/>
<String CONTENT="1926;" HEIGHT="52" WIDTH="127" VPOS="1434" HPOS="449"/>
<SP HEIGHT="52" WIDTH="29" VPOS="1434" HPOS="577"/>
<String CONTENT="2c." HEIGHT="43" WIDTH="64" VPOS="1434" HPOS="607"/>
<SP HEIGHT="43" WIDTH="32" VPOS="1434" HPOS="672"/>
<String CONTENT="May" HEIGHT="52" WIDTH="111" VPOS="1434" HPOS="705"/>
<SP HEIGHT="54" WIDTH="29" VPOS="1432" HPOS="817"/>
<String CONTENT="5;" HEIGHT="53" WIDTH="48" VPOS="1432" HPOS="847"/>
<SP HEIGHT="37" WIDTH="29" VPOS="1448" HPOS="896"/>
<String CONTENT="aff." HEIGHT="42" WIDTH="78" VPOS="1434" HPOS="926"/>
<SP HEIGHT="42" WIDTH="32" VPOS="1434" HPOS="1005"/>
<String CONTENT="May" HEIGHT="51" WIDTH="110" VPOS="1434" HPOS="1038"/>
<SP HEIGHT="51" WIDTH="26" VPOS="1434" HPOS="1149"/>
<String CONTENT="6;" HEIGHT="51" WIDTH="52" VPOS="1434" HPOS="1176"/>
<SP HEIGHT="51" WIDTH="31" VPOS="1434" HPOS="1229"/>
<!-- cceid FFE9679E-6E1A-1014-9B7B-CA07F191E62B --><String CONTENT="A" HEIGHT="42" WIDTH="43" VPOS="1434" HPOS="1261"/>
<SP HEIGHT="42" WIDTH="30" VPOS="1434" HPOS="1305"/>
<String CONTENT="891283;" HEIGHT="50" WIDTH="187" VPOS="1434" HPOS="1336"/>
<SP HEIGHT="52" WIDTH="35" VPOS="1432" HPOS="1524"/>
<String CONTENT="F." HEIGHT="44" WIDTH="50" VPOS="1432" HPOS="1560"/>
<SP HEIGHT="43" WIDTH="29" VPOS="1433" HPOS="1611"/>
<String CONTENT="A." HEIGHT="43" WIDTH="56" VPOS="1433" HPOS="1641"/>
<SP HEIGHT="42" WIDTH="33" VPOS="1434" HPOS="1698"/>
<String CONTENT="Davis" HEIGHT="42" WIDTH="141" VPOS="1434" HPOS="1732"/>
<SP HEIGHT="28" WIDTH="32" VPOS="1448" HPOS="1874"/>
<String LANG="en" CONTENT="co." HEIGHT="27" WIDTH="64" VPOS="1449" HPOS="1907"/>
</TextLine>
<TextLine HEIGHT="55" WIDTH="267" VPOS="1489" HPOS="205">
<String CONTENT="(26-10252)" HEIGHT="55" WIDTH="267" VPOS="1489" HPOS="205"/>
</TextLine>
<TextLine HEIGHT="74" WIDTH="1287" VPOS="1573" HPOS="134" STYLEREFS="StyleId-02DCEAE6-8C15-4209-B75B-ED8DB9BCB668-">
<String CONTENT="Bergeat," HEIGHT="72" WIDTH="284" VPOS="1575" HPOS="134"/>
<SP HEIGHT="72" WIDTH="36" VPOS="1574" HPOS="419"/>
<String CONTENT="Alfred" HEIGHT="58" WIDTH="227" VPOS="1573" HPOS="456"/>
<SP HEIGHT="58" WIDTH="34" VPOS="1573" HPOS="684"/>
<String CONTENT="Edmund," HEIGHT="68" WIDTH="306" VPOS="1574" HPOS="719"/>
<SP HEIGHT="65" WIDTH="39" VPOS="1577" HPOS="1026"/>
<String CONTENT="1866-1924." HEIGHT="57" WIDTH="355" VPOS="1575" HPOS="1066"/>
</TextLine>
<TextLine HEIGHT="73" WIDTH="1830" VPOS="1651" HPOS="281" STYLEREFS="StyleId-1BB9C47D-68FF-4504-A34A-631395C7CE2D-" CS="1">
<String CS="1" CONTENT="&#8230;"/>
<SP HEIGHT="57" WIDTH="41" VPOS="1652" HPOS="281"/>
<String CONTENT="Die" HEIGHT="56" WIDTH="115" VPOS="1652" HPOS="323"/>
<SP HEIGHT="36" WIDTH="37" VPOS="1672" HPOS="439"/>
<String CONTENT="vulkane," HEIGHT="72" WIDTH="281" VPOS="1652" HPOS="477"/>
<SP HEIGHT="71" WIDTH="38" VPOS="1653" HPOS="759"/>
<String CONTENT="hrsg." HEIGHT="70" WIDTH="170" VPOS="1653" HPOS="798"/>
<SP HEIGHT="35" WIDTH="39" VPOS="1672" HPOS="969"/>
<String CONTENT="von" HEIGHT="37" WIDTH="121" VPOS="1671" HPOS="1009"/>
<SP HEIGHT="55" WIDTH="37" VPOS="1651" HPOS="1131"/>
<String LANG="en" CONTENT="Karl" HEIGHT="56" WIDTH="164" VPOS="1651" HPOS="1169"/>
<SP HEIGHT="58" WIDTH="38" VPOS="1651" HPOS="1334"/>
<String CONTENT="Sapper." HEIGHT="71" WIDTH="262" VPOS="1651" HPOS="1373"/>
<SP HEIGHT="55" WIDTH="78" VPOS="1652" HPOS="1636"/>
<String CONTENT="Breslau," HEIGHT="71" WIDTH="284" VPOS="1652" HPOS="1715"/>
<SP HEIGHT="71" WIDTH="39" VPOS="1652" HPOS="2000"/>
<String CONTENT="F." HEIGHT="55" WIDTH="71" VPOS="1652" HPOS="2040"/>
</TextLine>
<TextLine HEIGHT="74" WIDTH="362" VPOS="1728" HPOS="133" STYLEREFS="StyleId-1BB9C47D-68FF-4504-A34A-631395C7CE2D-">
<String CONTENT="Hirt," HEIGHT="74" WIDTH="167" VPOS="1728" HPOS="133"/>
<SP HEIGHT="70" WIDTH="29" VPOS="1732" HPOS="301"/>
<String CONTENT="1925." HEIGHT="56" WIDTH="164" VPOS="1730" HPOS="331"/>
</TextLine>
<TextLine HEIGHT="55" WIDTH="1906" VPOS="1806" HPOS="211" CS="1">
<String CONTENT="112" HEIGHT="41" WIDTH="78" VPOS="1810" HPOS="211"/>
<SP HEIGHT="51" WIDTH="29" VPOS="1810" HPOS="290"/>
<String CONTENT="p." HEIGHT="38" WIDTH="40" VPOS="1823" HPOS="320"/>
<SP HEIGHT="44" WIDTH="58" VPOS="1807" HPOS="361"/>
<String CONTENT="illus.," HEIGHT="52" WIDTH="127" VPOS="1807" HPOS="420"/>
<SP HEIGHT="51" WIDTH="33" VPOS="1808" HPOS="548"/>
<String CONTENT="3" HEIGHT="43" WIDTH="24" VPOS="1808" HPOS="582"/>
<SP HEIGHT="44" WIDTH="34" VPOS="1807" HPOS="607"/>
<String CONTENT="fold." HEIGHT="45" WIDTH="107" VPOS="1807" HPOS="642"/>
<SP HEIGHT="29" WIDTH="33" VPOS="1821" HPOS="750"/>
<String CONTENT="maps." HEIGHT="39" WIDTH="139" VPOS="1821" HPOS="784"/>
<SP HEIGHT="41" WIDTH="60" VPOS="1810" HPOS="924"/>
<String CS="1" CONTENT="19&#189;cm." HEIGHT="44" WIDTH="146" VPOS="1808" HPOS="985"/>
<SP HEIGHT="53" WIDTH="67" VPOS="1807" HPOS="1132"/>
<String CONTENT="(Added" HEIGHT="54" WIDTH="186" VPOS="1806" HPOS="1200"/>
<SP HEIGHT="44" WIDTH="34" VPOS="1807" HPOS="1387"/>
<String CONTENT="t.-p.:" HEIGHT="46" WIDTH="119" VPOS="1814" HPOS="1422"/>
<SP HEIGHT="53" WIDTH="35" VPOS="1807" HPOS="1542"/>
<String CONTENT="Jedermanns" HEIGHT="53" WIDTH="293" VPOS="1807" HPOS="1578"/>
<SP HEIGHT="43" WIDTH="34" VPOS="1808" HPOS="1872"/>
<String CS="1" CONTENT="b&#252;cherei" HEIGHT="45" WIDTH="210" VPOS="1806" HPOS="1907"/>
</TextLine>
<TextLine HEIGHT="54" WIDTH="489" VPOS="1863" HPOS="187" CS="1">
<String CS="1" CONTENT="&#8230;"/>
<SP HEIGHT="43" WIDTH="57" VPOS="1866" HPOS="187"/>
<String CONTENT="Abt.:" HEIGHT="43" WIDTH="134" VPOS="1866" HPOS="245"/>
<SP HEIGHT="47" WIDTH="28" VPOS="1863" HPOS="380"/>
<String CONTENT="Erdkunde)" HEIGHT="54" WIDTH="267" VPOS="1863" HPOS="409"/>
</TextLine>
<TextLine HEIGHT="52" WIDTH="878" VPOS="1921" HPOS="204" CS="1">
<String CONTENT="At" HEIGHT="44" WIDTH="64" VPOS="1922" HPOS="204"/>
<SP HEIGHT="45" WIDTH="22" VPOS="1921" HPOS="269"/>
<String CONTENT="head" HEIGHT="44" WIDTH="114" VPOS="1921" HPOS="292"/>
<SP HEIGHT="44" WIDTH="21" VPOS="1922" HPOS="407"/>
<String CONTENT="of" HEIGHT="45" WIDTH="52" VPOS="1921" HPOS="429"/>
<SP HEIGHT="44" WIDTH="23" VPOS="1921" HPOS="482"/>
<String CONTENT="title:" HEIGHT="44" WIDTH="120" VPOS="1921" HPOS="506"/>
<SP HEIGHT="43" WIDTH="27" VPOS="1922" HPOS="627"/>
<String CONTENT="Alfred" HEIGHT="44" WIDTH="166" VPOS="1921" HPOS="655"/>
<SP HEIGHT="43" WIDTH="25" VPOS="1921" HPOS="822"/>
<String CS="1" CONTENT="Bergeat&#8224;." HEIGHT="52" WIDTH="234" VPOS="1921" HPOS="848"/>
</TextLine>
<TextLine HEIGHT="53" WIDTH="786" VPOS="1977" HPOS="201">
<String CONTENT="&#8220;Litteraturverzeichnis&#8221;:" HEIGHT="45" WIDTH="605" VPOS="1977" HPOS="201"/>
<SP HEIGHT="38" WIDTH="27" VPOS="1992" HPOS="807"/>
<String CONTENT="p." HEIGHT="38" WIDTH="41" VPOS="1992" HPOS="835"/>
<SP HEIGHT="29" WIDTH="29" VPOS="1995" HPOS="877"/>
<String CONTENT="[94]" HEIGHT="47" WIDTH="80" VPOS="1978" HPOS="907"/>
</TextLine>
<TextLine HEIGHT="54" WIDTH="1790" VPOS="2031" HPOS="126" CS="1">
<String CONTENT="&#169;" HEIGHT="54" WIDTH="53" VPOS="2031" HPOS="126"/>
<SP HEIGHT="54" WIDTH="34" VPOS="2031" HPOS="180"/>
<String CONTENT="Sept." HEIGHT="53" WIDTH="119" VPOS="2032" HPOS="215"/>
<SP HEIGHT="43" WIDTH="36" VPOS="2035" HPOS="335"/>
<String CONTENT="10," HEIGHT="51" WIDTH="60" VPOS="2033" HPOS="372"/>
<SP HEIGHT="49" WIDTH="38" VPOS="2035" HPOS="433"/>
<String CONTENT="1925;" HEIGHT="54" WIDTH="127" VPOS="2031" HPOS="472"/>
<SP HEIGHT="50" WIDTH="38" VPOS="2035" HPOS="600"/>
<String CS="1" CONTENT="1c."/>
<SP HEIGHT="43" WIDTH="33" VPOS="2033" HPOS="699"/>
<String CONTENT="Nov." HEIGHT="43" WIDTH="121" VPOS="2033" HPOS="733"/>
<SP HEIGHT="43" WIDTH="32" VPOS="2033" HPOS="855"/>
<String CONTENT="6;" HEIGHT="52" WIDTH="49" VPOS="2033" HPOS="888"/>
<SP HEIGHT="51" WIDTH="34" VPOS="2034" HPOS="938"/>
<!-- cceid FFE9D056-6E1A-1014-9B7B-CA07F191E62B --><String CONTENT="A&#8212;Foreign" HEIGHT="54" WIDTH="302" VPOS="2031" HPOS="973"/>
<SP HEIGHT="43" WIDTH="27" VPOS="2033" HPOS="1276"/>
<String CONTENT="30066;" HEIGHT="53" WIDTH="161" VPOS="2032" HPOS="1304"/>
<SP HEIGHT="53" WIDTH="36" VPOS="2032" HPOS="1466"/>
<String CONTENT="Ferdinand" HEIGHT="45" WIDTH="254" VPOS="2032" HPOS="1503"/>
<SP HEIGHT="43" WIDTH="34" VPOS="2034" HPOS="1758"/>
<String CONTENT="Hirt." HEIGHT="45" WIDTH="123" VPOS="2032" HPOS="1793"/>
</TextLine>
<TextLine HEIGHT="55" WIDTH="269" VPOS="2088" HPOS="204">
<String CONTENT="(26-10775)" HEIGHT="55" WIDTH="269" VPOS="2088" HPOS="204"/>
</TextLine>
<TextLine HEIGHT="74" WIDTH="1078" VPOS="2172" HPOS="134" STYLEREFS="StyleId-1BB9C47D-68FF-4504-A34A-631395C7CE2D-">
<String CONTENT="Black," HEIGHT="72" WIDTH="210" VPOS="2172" HPOS="134"/>
<SP HEIGHT="71" WIDTH="41" VPOS="2173" HPOS="345"/>
<String LANG="en" CONTENT="Henry" HEIGHT="73" WIDTH="218" VPOS="2173" HPOS="387"/>
<SP HEIGHT="73" WIDTH="37" VPOS="2173" HPOS="606"/>
<String CONTENT="Campbell," HEIGHT="74" WIDTH="335" VPOS="2172" HPOS="644"/>
<SP HEIGHT="66" WIDTH="42" VPOS="2176" HPOS="980"/>
<String CONTENT="1860-" HEIGHT="57" WIDTH="189" VPOS="2175" HPOS="1023"/>
</TextLine>
<TextLine HEIGHT="137" WIDTH="1959" VPOS="2251" HPOS="135" STYLEREFS="StyleId-1BB9C47D-68FF-4504-A34A-631395C7CE2D-" CS="1">
<String CONTENT="A" HEIGHT="57" WIDTH="59" VPOS="2253" HPOS="209"/>
<SP HEIGHT="57" WIDTH="31" VPOS="2253" HPOS="269"/>
<String CONTENT="treatise" HEIGHT="60" WIDTH="259" VPOS="2251" HPOS="301"/>
<SP HEIGHT="38" WIDTH="36" VPOS="2273" HPOS="561"/>
<String CONTENT="on" HEIGHT="39" WIDTH="78" VPOS="2272" HPOS="598"/>
<SP HEIGHT="55" WIDTH="31" VPOS="2257" HPOS="677"/>
<String CONTENT="the" HEIGHT="57" WIDTH="103" VPOS="2255" HPOS="709"/>
<SP HEIGHT="57" WIDTH="31" VPOS="2253" HPOS="813"/>
<String CONTENT="law" HEIGHT="57" WIDTH="121" VPOS="2253" HPOS="845"/>
<SP HEIGHT="38" WIDTH="32" VPOS="2272" HPOS="967"/>
<String CONTENT="and" HEIGHT="56" WIDTH="122" VPOS="2254" HPOS="1000"/>
<SP HEIGHT="71" WIDTH="30" VPOS="2254" HPOS="1123"/>
<String CONTENT="practice" HEIGHT="73" WIDTH="274" VPOS="2252" HPOS="1154"/>
<SP HEIGHT="37" WIDTH="37" VPOS="2272" HPOS="1429"/>
<String CONTENT="of" HEIGHT="57" WIDTH="67" VPOS="2255" HPOS="1467"/>
<SP HEIGHT="57" WIDTH="31" VPOS="2255" HPOS="1535"/>
<String CS="1" CONTENT="bankruptcy," HEIGHT="72" WIDTH="408" VPOS="2254" HPOS="1567"/>
<SP HEIGHT="53" WIDTH="33" VPOS="2273" HPOS="1976"/>
<String CONTENT="under" HEIGHT="115" WIDTH="1959" VPOS="2273" HPOS="135"/>
<SP HEIGHT="55" WIDTH="29" VPOS="2332" HPOS="246"/>
<String CONTENT="the" HEIGHT="57" WIDTH="103" VPOS="2330" HPOS="276"/>
</TextLine>
<TextLine HEIGHT="74" WIDTH="1705" VPOS="2329" HPOS="414" STYLEREFS="StyleId-1BB9C47D-68FF-4504-A34A-631395C7CE2D-">
<String CONTENT="act" HEIGHT="54" WIDTH="99" VPOS="2335" HPOS="414"/>
<SP HEIGHT="54" WIDTH="30" VPOS="2335" HPOS="514"/>
<String CONTENT="of" HEIGHT="56" WIDTH="67" VPOS="2332" HPOS="545"/>
<SP HEIGHT="60" WIDTH="32" VPOS="2329" HPOS="613"/>
<String CONTENT="Congress" HEIGHT="74" WIDTH="309" VPOS="2329" HPOS="646"/>
<SP HEIGHT="39" WIDTH="33" VPOS="2350" HPOS="956"/>
<String CONTENT="of" HEIGHT="57" WIDTH="67" VPOS="2332" HPOS="990"/>
<SP HEIGHT="57" WIDTH="30" VPOS="2332" HPOS="1058"/>
<String CONTENT="1898," HEIGHT="69" WIDTH="166" VPOS="2331" HPOS="1089"/>
<SP HEIGHT="49" WIDTH="34" VPOS="2351" HPOS="1256"/>
<String CONTENT="and" HEIGHT="56" WIDTH="122" VPOS="2333" HPOS="1291"/>
<SP HEIGHT="58" WIDTH="30" VPOS="2331" HPOS="1414"/>
<String CONTENT="its" HEIGHT="58" WIDTH="83" VPOS="2331" HPOS="1445"/>
<SP HEIGHT="37" WIDTH="32" VPOS="2352" HPOS="1529"/>
<String CONTENT="amendments," HEIGHT="63" WIDTH="443" VPOS="2333" HPOS="1562"/>
<SP HEIGHT="65" WIDTH="30" VPOS="2331" HPOS="2006"/>
<String CONTENT="by" HEIGHT="72" WIDTH="82" VPOS="2331" HPOS="2037"/>
</TextLine>
<TextLine HEIGHT="76" WIDTH="1984" VPOS="2405" HPOS="134" STYLEREFS="StyleId-1BB9C47D-68FF-4504-A34A-631395C7CE2D-" CS="1">
<String CONTENT="Henry" HEIGHT="72" WIDTH="222" VPOS="2407" HPOS="134"/>
<SP HEIGHT="74" WIDTH="42" VPOS="2405" HPOS="357"/>
<String CONTENT="Campbell" HEIGHT="73" WIDTH="319" VPOS="2405" HPOS="400"/>
<SP HEIGHT="57" WIDTH="36" VPOS="2407" HPOS="720"/>
<String CONTENT="Black" HEIGHT="58" WIDTH="193" VPOS="2406" HPOS="757"/>
<SP HEIGHT="58" WIDTH="44" VPOS="2408" HPOS="951"/>
<String CS="1" CONTENT="&#8230;"/>
<SP HEIGHT="57" WIDTH="81" VPOS="2409" HPOS="1058"/>
<String CONTENT="4th" HEIGHT="56" WIDTH="109" VPOS="2409" HPOS="1140"/>
<SP HEIGHT="55" WIDTH="43" VPOS="2410" HPOS="1250"/>
<String LANG="en" CONTENT="ed." HEIGHT="58" WIDTH="90" VPOS="2406" HPOS="1294"/>
<SP HEIGHT="56" WIDTH="80" VPOS="2407" HPOS="1385"/>
<String CONTENT="Kansas" HEIGHT="58" WIDTH="254" VPOS="2407" HPOS="1466"/>
<SP HEIGHT="59" WIDTH="47" VPOS="2408" HPOS="1721"/>
<String CONTENT="City," HEIGHT="73" WIDTH="159" VPOS="2408" HPOS="1769"/>
<SP HEIGHT="73" WIDTH="45" VPOS="2408" HPOS="1929"/>
<String CONTENT="Mo.," HEIGHT="63" WIDTH="143" VPOS="2408" HPOS="1975"/>
</TextLine>
<TextLine HEIGHT="74" WIDTH="1126" VPOS="2483" HPOS="133" STYLEREFS="StyleId-1BB9C47D-68FF-4504-A34A-631395C7CE2D-">
<String CONTENT="Vernon" HEIGHT="58" WIDTH="255" VPOS="2483" HPOS="133"/>
<SP HEIGHT="55" WIDTH="25" VPOS="2486" HPOS="389"/>
<String CONTENT="law" HEIGHT="56" WIDTH="118" VPOS="2486" HPOS="415"/>
<SP HEIGHT="57" WIDTH="23" VPOS="2485" HPOS="534"/>
<String CONTENT="book" HEIGHT="57" WIDTH="159" VPOS="2484" HPOS="558"/>
<SP HEIGHT="59" WIDTH="25" VPOS="2484" HPOS="718"/>
<String CONTENT="company," HEIGHT="54" WIDTH="321" VPOS="2503" HPOS="744"/>
<SP HEIGHT="67" WIDTH="29" VPOS="2488" HPOS="1066"/>
<String CONTENT="1926." HEIGHT="56" WIDTH="163" VPOS="2485" HPOS="1096"/>
</TextLine>
<TextLine HEIGHT="52" WIDTH="548" VPOS="2561" HPOS="205" STYLEREFS="StyleId-1BB9C47D-68FF-4504-A34A-631395C7CE2D-">
<String CONTENT="xxxiii," HEIGHT="51" WIDTH="163" VPOS="2562" HPOS="205"/>
<SP HEIGHT="47" WIDTH="31" VPOS="2566" HPOS="369"/>
<String CONTENT="1770" HEIGHT="46" WIDTH="105" VPOS="2561" HPOS="401"/>
<SP HEIGHT="50" WIDTH="24" VPOS="2563" HPOS="507"/>
<String CONTENT="p." HEIGHT="37" WIDTH="40" VPOS="2576" HPOS="532"/>
<SP HEIGHT="43" WIDTH="56" VPOS="2563" HPOS="573"/>
<String CONTENT="26" HEIGHT="44" WIDTH="56" VPOS="2563" HPOS="630"/>
<String STYLE="superscript" CONTENT="cm" HEIGHT="18" WIDTH="47" VPOS="2565" HPOS="691"/>
<String CONTENT="." HEIGHT="9" WIDTH="9" VPOS="2597" HPOS="744"/>
</TextLine>
<TextLine HEIGHT="54" WIDTH="1983" VPOS="2614" HPOS="133">
<String CONTENT="&#169;" HEIGHT="54" WIDTH="53" VPOS="2614" HPOS="133"/>
<SP HEIGHT="54" WIDTH="29" VPOS="2614" HPOS="187"/>
<String CONTENT="Feb." HEIGHT="44" WIDTH="105" VPOS="2616" HPOS="217"/>
<SP HEIGHT="42" WIDTH="31" VPOS="2617" HPOS="323"/>
<String CONTENT="8," HEIGHT="50" WIDTH="38" VPOS="2617" HPOS="355"/>
<SP HEIGHT="50" WIDTH="34" VPOS="2617" HPOS="394"/>
<String CONTENT="1926;" HEIGHT="52" WIDTH="127" VPOS="2616" HPOS="429"/>
<SP HEIGHT="52" WIDTH="31" VPOS="2616" HPOS="557"/>
<String CONTENT="2c." HEIGHT="42" WIDTH="65" VPOS="2616" HPOS="589"/>
<SP HEIGHT="41" WIDTH="33" VPOS="2617" HPOS="655"/>
<String CONTENT="May" HEIGHT="51" WIDTH="111" VPOS="2617" HPOS="689"/>
<SP HEIGHT="51" WIDTH="29" VPOS="2617" HPOS="801"/>
<String CONTENT="8;" HEIGHT="50" WIDTH="50" VPOS="2617" HPOS="831"/>
<SP HEIGHT="37" WIDTH="34" VPOS="2630" HPOS="882"/>
<String CONTENT="aff." HEIGHT="44" WIDTH="78" VPOS="2615" HPOS="917"/>
<SP HEIGHT="42" WIDTH="33" VPOS="2617" HPOS="996"/>
<String CONTENT="May" HEIGHT="51" WIDTH="113" VPOS="2617" HPOS="1030"/>
<SP HEIGHT="54" WIDTH="31" VPOS="2614" HPOS="1144"/>
<String CONTENT="7;" HEIGHT="53" WIDTH="48" VPOS="2614" HPOS="1176"/>
<SP HEIGHT="51" WIDTH="33" VPOS="2616" HPOS="1225"/>
<!-- cceid FFEA38B8-6E1A-1014-9B7B-CA07F191E62B --><String CONTENT="A" HEIGHT="42" WIDTH="43" VPOS="2616" HPOS="1259"/>
<SP HEIGHT="43" WIDTH="33" VPOS="2616" HPOS="1303"/>
<String CONTENT="891331;" HEIGHT="51" WIDTH="189" VPOS="2616" HPOS="1337"/>
<SP HEIGHT="51" WIDTH="35" VPOS="2616" HPOS="1527"/>
<String CONTENT="Vernon" HEIGHT="43" WIDTH="184" VPOS="2616" HPOS="1563"/>
<SP HEIGHT="42" WIDTH="32" VPOS="2616" HPOS="1748"/>
<String CONTENT="law" HEIGHT="44" WIDTH="86" VPOS="2616" HPOS="1781"/>
<SP HEIGHT="43" WIDTH="32" VPOS="2617" HPOS="1868"/>
<String CONTENT="book" HEIGHT="43" WIDTH="119" VPOS="2617" HPOS="1901"/>
<SP HEIGHT="42" WIDTH="30" VPOS="2617" HPOS="2021"/>
<String LANG="en" CONTENT="co." HEIGHT="28" WIDTH="64" VPOS="2632" HPOS="2052"/>
</TextLine>
<TextLine HEIGHT="57" WIDTH="268" VPOS="2670" HPOS="205">
<String CONTENT="(26-10249)" HEIGHT="57" WIDTH="268" VPOS="2670" HPOS="205"/>
</TextLine>
<TextLine HEIGHT="74" WIDTH="996" VPOS="2754" HPOS="134" STYLEREFS="StyleId-02DCEAE6-8C15-4209-B75B-ED8DB9BCB668-">
<String CONTENT="Boesel," HEIGHT="73" WIDTH="234" VPOS="2754" HPOS="134"/>
<SP HEIGHT="72" WIDTH="39" VPOS="2755" HPOS="369"/>
<String CONTENT="Frank" HEIGHT="57" WIDTH="214" VPOS="2755" HPOS="409"/>
<SP HEIGHT="57" WIDTH="38" VPOS="2755" HPOS="624"/>
<String CONTENT="Tilden," HEIGHT="74" WIDTH="237" VPOS="2754" HPOS="663"/>
<SP HEIGHT="70" WIDTH="39" VPOS="2758" HPOS="901"/>
<String CONTENT="1876-" HEIGHT="57" WIDTH="189" VPOS="2757" HPOS="941"/>
</TextLine>
<TextLine HEIGHT="151" WIDTH="1958" VPOS="2834" HPOS="137" STYLEREFS="StyleId-1BB9C47D-68FF-4504-A34A-631395C7CE2D-" CS="1">
<String CONTENT="Cases" HEIGHT="60" WIDTH="191" VPOS="2834" HPOS="213"/>
<SP HEIGHT="39" WIDTH="36" VPOS="2854" HPOS="405"/>
<String CONTENT="on" HEIGHT="40" WIDTH="77" VPOS="2852" HPOS="442"/>
<SP HEIGHT="41" WIDTH="32" VPOS="2852" HPOS="520"/>
<String CONTENT="code" HEIGHT="56" WIDTH="146" VPOS="2838" HPOS="553"/>
<SP HEIGHT="52" WIDTH="33" VPOS="2855" HPOS="700"/>
<String CONTENT="procedure" HEIGHT="69" WIDTH="342" VPOS="2838" HPOS="734"/>
<SP HEIGHT="37" WIDTH="34" VPOS="2856" HPOS="1077"/>
<String CONTENT="relating" HEIGHT="74" WIDTH="270" VPOS="2834" HPOS="1112"/>
<SP HEIGHT="52" WIDTH="31" VPOS="2856" HPOS="1383"/>
<String CONTENT="particularly" HEIGHT="73" WIDTH="414" VPOS="2835" HPOS="1415"/>
<SP HEIGHT="69" WIDTH="33" VPOS="2839" HPOS="1830"/>
<String CONTENT="to" HEIGHT="57" WIDTH="62" VPOS="2839" HPOS="1864"/>
<SP HEIGHT="40" WIDTH="37" VPOS="2856" HPOS="1927"/>
<String CONTENT="remedies," HEIGHT="129" WIDTH="1958" VPOS="2856" HPOS="137"/>
</TextLine>
<TextLine HEIGHT="75" WIDTH="1752" VPOS="2911" HPOS="361" STYLEREFS="StyleId-1BB9C47D-68FF-4504-A34A-631395C7CE2D-">
<String CONTENT="remedial" HEIGHT="58" WIDTH="296" VPOS="2913" HPOS="361"/>
<SP HEIGHT="57" WIDTH="33" VPOS="2913" HPOS="658"/>
<String CONTENT="rights" HEIGHT="75" WIDTH="202" VPOS="2911" HPOS="692"/>
<SP HEIGHT="39" WIDTH="38" VPOS="2933" HPOS="895"/>
<String CONTENT="and" HEIGHT="60" WIDTH="122" VPOS="2912" HPOS="934"/>
<SP HEIGHT="73" WIDTH="33" VPOS="2912" HPOS="1057"/>
<String CONTENT="pleading," HEIGHT="75" WIDTH="312" VPOS="2911" HPOS="1091"/>
<SP HEIGHT="48" WIDTH="37" VPOS="2935" HPOS="1404"/>
<String CONTENT="selected" HEIGHT="57" WIDTH="265" VPOS="2914" HPOS="1442"/>
<SP HEIGHT="71" WIDTH="34" VPOS="2915" HPOS="1708"/>
<String CONTENT="principally" HEIGHT="75" WIDTH="370" VPOS="2911" HPOS="1743"/>
</TextLine>
<TextLine HEIGHT="74" WIDTH="1984" VPOS="2988" HPOS="135" STYLEREFS="StyleId-1BB9C47D-68FF-4504-A34A-631395C7CE2D-">
<String CONTENT="from" HEIGHT="57" WIDTH="167" VPOS="2992" HPOS="135"/>
<SP HEIGHT="54" WIDTH="37" VPOS="2994" HPOS="303"/>
<String CONTENT="the" HEIGHT="57" WIDTH="102" VPOS="2992" HPOS="341"/>
<SP HEIGHT="58" WIDTH="39" VPOS="2991" HPOS="444"/>
<String CONTENT="decisions" HEIGHT="61" WIDTH="304" VPOS="2988" HPOS="484"/>
<SP HEIGHT="39" WIDTH="42" VPOS="3011" HPOS="789"/>
<String CONTENT="of" HEIGHT="58" WIDTH="67" VPOS="2992" HPOS="832"/>
<SP HEIGHT="57" WIDTH="36" VPOS="2992" HPOS="900"/>
<String CONTENT="the" HEIGHT="56" WIDTH="102" VPOS="2992" HPOS="937"/>
<SP HEIGHT="59" WIDTH="42" VPOS="2991" HPOS="1040"/>
<String CONTENT="Supreme" HEIGHT="71" WIDTH="301" VPOS="2991" HPOS="1083"/>
<SP HEIGHT="38" WIDTH="39" VPOS="3011" HPOS="1385"/>
<String CONTENT="court" HEIGHT="55" WIDTH="176" VPOS="2993" HPOS="1425"/>
<SP HEIGHT="54" WIDTH="38" VPOS="2993" HPOS="1602"/>
<String CONTENT="of" HEIGHT="57" WIDTH="65" VPOS="2990" HPOS="1641"/>
<SP HEIGHT="58" WIDTH="37" VPOS="2990" HPOS="1707"/>
<String CONTENT="Wisconsin," HEIGHT="72" WIDTH="374" VPOS="2988" HPOS="1745"/>
</TextLine>
<TextLine HEIGHT="153" WIDTH="1963" VPOS="3066" HPOS="133" STYLEREFS="StyleId-1BB9C47D-68FF-4504-A34A-631395C7CE2D-" CS="1">
<String CONTENT="by" HEIGHT="70" WIDTH="82" VPOS="3071" HPOS="134"/>
<SP HEIGHT="72" WIDTH="32" VPOS="3069" HPOS="217"/>
<String CONTENT="Frank" HEIGHT="57" WIDTH="213" VPOS="3068" HPOS="250"/>
<SP HEIGHT="57" WIDTH="32" VPOS="3068" HPOS="464"/>
<String CONTENT="T." HEIGHT="55" WIDTH="67" VPOS="3070" HPOS="497"/>
<SP HEIGHT="56" WIDTH="34" VPOS="3069" HPOS="565"/>
<String CONTENT="Boesel" HEIGHT="57" WIDTH="224" VPOS="3069" HPOS="600"/>
<SP HEIGHT="57" WIDTH="36" VPOS="3069" HPOS="825"/>
<String CS="1" CONTENT="&#8230;"/>
<SP HEIGHT="57" WIDTH="84" VPOS="3070" HPOS="926"/>
<String CONTENT="2d" HEIGHT="57" WIDTH="77" VPOS="3070" HPOS="1011"/>
<SP HEIGHT="56" WIDTH="34" VPOS="3071" HPOS="1089"/>
<String LANG="en" CONTENT="ed." HEIGHT="58" WIDTH="91" VPOS="3069" HPOS="1124"/>
<SP HEIGHT="59" WIDTH="82" VPOS="3068" HPOS="1216"/>
<String LANG="en" CONTENT="St." HEIGHT="61" WIDTH="89" VPOS="3066" HPOS="1299"/>
<SP HEIGHT="56" WIDTH="33" VPOS="3069" HPOS="1389"/>
<String CONTENT="Paul," HEIGHT="73" WIDTH="178" VPOS="3067" HPOS="1423"/>
<SP HEIGHT="72" WIDTH="31" VPOS="3068" HPOS="1602"/>
<String CONTENT="West" HEIGHT="59" WIDTH="178" VPOS="3068" HPOS="1634"/>
<SP HEIGHT="68" WIDTH="31" VPOS="3072" HPOS="1813"/>
<String CONTENT="publishing" HEIGHT="151" WIDTH="1963" VPOS="3068" HPOS="133"/>
<SP HEIGHT="52" WIDTH="23" VPOS="3167" HPOS="244"/>
<String CONTENT="company," HEIGHT="54" WIDTH="319" VPOS="3164" HPOS="268"/>
<SP HEIGHT="70" WIDTH="27" VPOS="3147" HPOS="588"/>
<String CONTENT="1926." HEIGHT="59" WIDTH="165" VPOS="3147" HPOS="616"/>
</TextLine>
<TextLine HEIGHT="51" WIDTH="480" VPOS="3224" HPOS="205">
<String CONTENT="xxvi," HEIGHT="51" WIDTH="126" VPOS="3224" HPOS="205"/>
<SP HEIGHT="51" WIDTH="24" VPOS="3224" HPOS="332"/>
<String CONTENT="889" HEIGHT="45" WIDTH="81" VPOS="3224" HPOS="357"/>
<SP HEIGHT="48" WIDTH="25" VPOS="3227" HPOS="439"/>
<String CONTENT="p." HEIGHT="37" WIDTH="40" VPOS="3238" HPOS="465"/>
<SP HEIGHT="43" WIDTH="55" VPOS="3224" HPOS="506"/>
<String CONTENT="26" HEIGHT="44" WIDTH="57" VPOS="3224" HPOS="562"/>
<String STYLE="superscript" CONTENT="cm" HEIGHT="17" WIDTH="46" VPOS="3226" HPOS="624"/>
<String CONTENT="." HEIGHT="9" WIDTH="9" VPOS="3258" HPOS="676"/>
</TextLine>
<TextLine HEIGHT="110" WIDTH="1962" VPOS="3277" HPOS="137" CS="1">
<String CONTENT="&#8220;The" HEIGHT="44" WIDTH="123" VPOS="3281" HPOS="210"/>
<SP HEIGHT="31" WIDTH="32" VPOS="3294" HPOS="334"/>
<String CONTENT="cases" HEIGHT="30" WIDTH="124" VPOS="3295" HPOS="367"/>
<SP HEIGHT="29" WIDTH="33" VPOS="3295" HPOS="492"/>
<String CONTENT="are" HEIGHT="29" WIDTH="76" VPOS="3296" HPOS="526"/>
<SP HEIGHT="28" WIDTH="31" VPOS="3297" HPOS="603"/>
<String CONTENT="all" HEIGHT="44" WIDTH="60" VPOS="3281" HPOS="635"/>
<SP HEIGHT="49" WIDTH="32" VPOS="3282" HPOS="696"/>
<String CONTENT="printed" HEIGHT="52" WIDTH="177" VPOS="3279" HPOS="729"/>
<SP HEIGHT="44" WIDTH="33" VPOS="3280" HPOS="907"/>
<String CONTENT="in" HEIGHT="43" WIDTH="47" VPOS="3281" HPOS="941"/>
<SP HEIGHT="43" WIDTH="32" VPOS="3281" HPOS="989"/>
<String CONTENT="full," HEIGHT="53" WIDTH="99" VPOS="3277" HPOS="1022"/>
<SP HEIGHT="51" WIDTH="32" VPOS="3280" HPOS="1122"/>
<String CONTENT="just" HEIGHT="51" WIDTH="94" VPOS="3280" HPOS="1155"/>
<SP HEIGHT="35" WIDTH="34" VPOS="3289" HPOS="1250"/>
<String CONTENT="as" HEIGHT="29" WIDTH="48" VPOS="3296" HPOS="1285"/>
<SP HEIGHT="36" WIDTH="32" VPOS="3289" HPOS="1334"/>
<String CONTENT="they" HEIGHT="51" WIDTH="104" VPOS="3280" HPOS="1367"/>
<SP HEIGHT="37" WIDTH="33" VPOS="3294" HPOS="1472"/>
<String CONTENT="were" HEIGHT="29" WIDTH="118" VPOS="3295" HPOS="1506"/>
<SP HEIGHT="37" WIDTH="33" VPOS="3294" HPOS="1625"/>
<String CONTENT="published" HEIGHT="52" WIDTH="237" VPOS="3279" HPOS="1659"/>
<SP HEIGHT="43" WIDTH="32" VPOS="3281" HPOS="1897"/>
<String CONTENT="and" HEIGHT="43" WIDTH="87" VPOS="3281" HPOS="1930"/>
<SP HEIGHT="43" WIDTH="32" VPOS="3281" HPOS="2018"/>
<String CONTENT="reported" HEIGHT="92" WIDTH="1962" VPOS="3295" HPOS="137"/>
<SP HEIGHT="44" WIDTH="23" VPOS="3337" HPOS="299"/>
<String CONTENT="in" HEIGHT="43" WIDTH="43" VPOS="3337" HPOS="323"/>
</TextLine>
<TextLine HEIGHT="54" WIDTH="910" VPOS="3334" HPOS="393" CS="1">
<String CONTENT="the" HEIGHT="44" WIDTH="74" VPOS="3337" HPOS="393"/>
<SP HEIGHT="44" WIDTH="24" VPOS="3337" HPOS="468"/>
<String CONTENT="Northwestern" HEIGHT="46" WIDTH="350" VPOS="3335" HPOS="493"/>
<SP HEIGHT="29" WIDTH="25" VPOS="3352" HPOS="844"/>
<String CS="1" CONTENT="reporter.&#8221;&#8212;Pref." HEIGHT="54" WIDTH="433" VPOS="3334" HPOS="870"/>
</TextLine>
<TextLine HEIGHT="53" WIDTH="1776" VPOS="3390" HPOS="128">
<String CONTENT="&#169;" HEIGHT="53" WIDTH="54" VPOS="3390" HPOS="128"/>
<SP HEIGHT="53" WIDTH="26" VPOS="3390" HPOS="183"/>
<String CONTENT="Mar." HEIGHT="42" WIDTH="118" VPOS="3393" HPOS="210"/>
<SP HEIGHT="43" WIDTH="27" VPOS="3392" HPOS="329"/>
<String CONTENT="30," HEIGHT="51" WIDTH="65" VPOS="3391" HPOS="357"/>
<SP HEIGHT="50" WIDTH="31" VPOS="3392" HPOS="423"/>
<String CONTENT="1926;" HEIGHT="52" WIDTH="127" VPOS="3390" HPOS="455"/>
<SP HEIGHT="52" WIDTH="28" VPOS="3390" HPOS="583"/>
<String CONTENT="2c." HEIGHT="43" WIDTH="65" VPOS="3390" HPOS="612"/>
<SP HEIGHT="41" WIDTH="29" VPOS="3392" HPOS="678"/>
<String CONTENT="May" HEIGHT="50" WIDTH="110" VPOS="3392" HPOS="708"/>
<SP HEIGHT="49" WIDTH="26" VPOS="3393" HPOS="819"/>
<String CONTENT="8;" HEIGHT="49" WIDTH="49" VPOS="3393" HPOS="846"/>
<SP HEIGHT="37" WIDTH="29" VPOS="3405" HPOS="896"/>
<String CONTENT="aff." HEIGHT="43" WIDTH="78" VPOS="3391" HPOS="926"/>
<SP HEIGHT="42" WIDTH="29" VPOS="3392" HPOS="1005"/>
<String CONTENT="May" HEIGHT="50" WIDTH="111" VPOS="3392" HPOS="1035"/>
<SP HEIGHT="52" WIDTH="26" VPOS="3390" HPOS="1147"/>
<String CONTENT="7;" HEIGHT="52" WIDTH="49" VPOS="3390" HPOS="1174"/>
<SP HEIGHT="51" WIDTH="29" VPOS="3391" HPOS="1224"/>
<!-- cceid FFEAA178-6E1A-1014-9B7B-CA07F191E62B --><String CONTENT="A" HEIGHT="42" WIDTH="43" VPOS="3391" HPOS="1254"/>
<SP HEIGHT="42" WIDTH="29" VPOS="3391" HPOS="1298"/>
<String CONTENT="891319;" HEIGHT="51" WIDTH="189" VPOS="3390" HPOS="1328"/>
<SP HEIGHT="50" WIDTH="29" VPOS="3391" HPOS="1518"/>
<String CONTENT="West" HEIGHT="43" WIDTH="131" VPOS="3391" HPOS="1548"/>
<SP HEIGHT="43" WIDTH="28" VPOS="3398" HPOS="1680"/>
<String CONTENT="pub." HEIGHT="51" WIDTH="99" VPOS="3390" HPOS="1709"/>
<SP HEIGHT="27" WIDTH="29" VPOS="3406" HPOS="1809"/>
<String LANG="en" CONTENT="co." HEIGHT="28" WIDTH="65" VPOS="3406" HPOS="1839"/>
</TextLine>
<TextLine HEIGHT="57" WIDTH="268" VPOS="3445" HPOS="208">
<String CONTENT="(26-10247)" HEIGHT="57" WIDTH="268" VPOS="3445" HPOS="208"/>
</TextLine>
<TextLine HEIGHT="73" WIDTH="831" VPOS="3515" HPOS="133" STYLEREFS="StyleId-02DCEAE6-8C15-4209-B75B-ED8DB9BCB668-">
<String CONTENT="Bolenius," HEIGHT="73" WIDTH="309" VPOS="3515" HPOS="133"/>
<SP HEIGHT="72" WIDTH="40" VPOS="3516" HPOS="443"/>
<String CONTENT="Emma" HEIGHT="57" WIDTH="218" VPOS="3516" HPOS="484"/>
<SP HEIGHT="57" WIDTH="35" VPOS="3516" HPOS="703"/>
<String CONTENT="Miller." HEIGHT="59" WIDTH="225" VPOS="3515" HPOS="739"/>
</TextLine>
<TextLine HEIGHT="72" WIDTH="1954" VPOS="3594" HPOS="166" STYLEREFS="StyleId-1BB9C47D-68FF-4504-A34A-631395C7CE2D-">
<String CONTENT="," HEIGHT="12" WIDTH="7" VPOS="3636" HPOS="166"/>
<SP HEIGHT="55" WIDTH="37" VPOS="3595" HPOS="174"/>
<String CONTENT="The" HEIGHT="56" WIDTH="126" VPOS="3595" HPOS="212"/>
<SP HEIGHT="56" WIDTH="30" VPOS="3595" HPOS="339"/>
<String CONTENT="boys&#8217;" HEIGHT="71" WIDTH="180" VPOS="3595" HPOS="370"/>
<SP HEIGHT="53" WIDTH="32" VPOS="3598" HPOS="551"/>
<String CONTENT="and" HEIGHT="56" WIDTH="121" VPOS="3595" HPOS="584"/>
<SP HEIGHT="71" WIDTH="28" VPOS="3595" HPOS="706"/>
<String CONTENT="girls&#8217;" HEIGHT="72" WIDTH="182" VPOS="3594" HPOS="735"/>
<SP HEIGHT="52" WIDTH="31" VPOS="3598" HPOS="918"/>
<String CONTENT="readers." HEIGHT="56" WIDTH="275" VPOS="3596" HPOS="950"/>
<SP HEIGHT="55" WIDTH="72" VPOS="3596" HPOS="1226"/>
<String CONTENT="Fifth" HEIGHT="56" WIDTH="180" VPOS="3594" HPOS="1299"/>
<SP HEIGHT="55" WIDTH="32" VPOS="3595" HPOS="1480"/>
<String CONTENT="reader," HEIGHT="70" WIDTH="240" VPOS="3595" HPOS="1513"/>
<SP HEIGHT="70" WIDTH="30" VPOS="3595" HPOS="1754"/>
<String CONTENT="by" HEIGHT="71" WIDTH="82" VPOS="3595" HPOS="1785"/>
<SP HEIGHT="72" WIDTH="30" VPOS="3594" HPOS="1868"/>
<String CONTENT="Emma" HEIGHT="57" WIDTH="221" VPOS="3594" HPOS="1899"/>
</TextLine>
<TextLine HEIGHT="74" WIDTH="1985" VPOS="3670" HPOS="133" STYLEREFS="StyleId-1BB9C47D-68FF-4504-A34A-631395C7CE2D-">
<String CONTENT="Miller" HEIGHT="57" WIDTH="210" VPOS="3672" HPOS="133"/>
<SP HEIGHT="56" WIDTH="37" VPOS="3671" HPOS="344"/>
<String CONTENT="Bolenius." HEIGHT="58" WIDTH="314" VPOS="3671" HPOS="382"/>
<SP HEIGHT="57" WIDTH="79" VPOS="3672" HPOS="697"/>
<String CONTENT="With" HEIGHT="58" WIDTH="179" VPOS="3671" HPOS="777"/>
<SP HEIGHT="58" WIDTH="39" VPOS="3671" HPOS="957"/>
<String CONTENT="drawings" HEIGHT="72" WIDTH="314" VPOS="3672" HPOS="997"/>
<SP HEIGHT="56" WIDTH="41" VPOS="3673" HPOS="1312"/>
<String CONTENT="by" HEIGHT="68" WIDTH="83" VPOS="3673" HPOS="1354"/>
<SP HEIGHT="70" WIDTH="41" VPOS="3671" HPOS="1438"/>
<String CONTENT="Mabel" HEIGHT="56" WIDTH="206" VPOS="3671" HPOS="1480"/>
<SP HEIGHT="55" WIDTH="42" VPOS="3672" HPOS="1687"/>
<String CONTENT="Betsy" HEIGHT="71" WIDTH="196" VPOS="3672" HPOS="1730"/>
<SP HEIGHT="71" WIDTH="40" VPOS="3672" HPOS="1927"/>
<String LANG="en" CONTENT="Hill." HEIGHT="57" WIDTH="150" VPOS="3670" HPOS="1968"/>
</TextLine>
<TextLine HEIGHT="75" WIDTH="1985" VPOS="3748" HPOS="133" STYLEREFS="StyleId-1BB9C47D-68FF-4504-A34A-631395C7CE2D-">
<String CONTENT="Boston," HEIGHT="71" WIDTH="256" VPOS="3749" HPOS="133"/>
<SP HEIGHT="71" WIDTH="30" VPOS="3749" HPOS="390"/>
<String CONTENT="New" HEIGHT="57" WIDTH="151" VPOS="3749" HPOS="421"/>
<SP HEIGHT="56" WIDTH="23" VPOS="3749" HPOS="573"/>
<String CONTENT="York" HEIGHT="56" WIDTH="175" VPOS="3749" HPOS="597"/>
<SP HEIGHT="74" WIDTH="30" VPOS="3749" HPOS="773"/>
<String CONTENT="[etc.]" HEIGHT="73" WIDTH="144" VPOS="3750" HPOS="804"/>
<SP HEIGHT="71" WIDTH="32" VPOS="3749" HPOS="949"/>
<String CONTENT="Houghton" HEIGHT="71" WIDTH="341" VPOS="3749" HPOS="982"/>
<SP HEIGHT="55" WIDTH="29" VPOS="3749" HPOS="1324"/>
<String CONTENT="Mifflin" HEIGHT="56" WIDTH="214" VPOS="3748" HPOS="1354"/>
<SP HEIGHT="37" WIDTH="31" VPOS="3768" HPOS="1569"/>
<String CONTENT="company" HEIGHT="53" WIDTH="302" VPOS="3767" HPOS="1601"/>
<SP HEIGHT="54" WIDTH="34" VPOS="3768" HPOS="1904"/>
<String CONTENT="[1926]" HEIGHT="72" WIDTH="179" VPOS="3750" HPOS="1939"/>
</TextLine>
<TextLine HEIGHT="55" WIDTH="781" VPOS="3824" HPOS="197" CS="1">
<String CONTENT="xix," HEIGHT="53" WIDTH="95" VPOS="3824" HPOS="197"/>
<SP HEIGHT="30" WIDTH="39" VPOS="3849" HPOS="293"/>
<String CONTENT="[1]," HEIGHT="53" WIDTH="68" VPOS="3826" HPOS="333"/>
<SP HEIGHT="51" WIDTH="33" VPOS="3825" HPOS="402"/>
<String CONTENT="308" HEIGHT="43" WIDTH="80" VPOS="3825" HPOS="436"/>
<SP HEIGHT="51" WIDTH="32" VPOS="3826" HPOS="517"/>
<String CONTENT="p." HEIGHT="37" WIDTH="39" VPOS="3840" HPOS="550"/>
<SP HEIGHT="43" WIDTH="59" VPOS="3825" HPOS="590"/>
<String CONTENT="illus." HEIGHT="43" WIDTH="114" VPOS="3825" HPOS="650"/>
<SP HEIGHT="41" WIDTH="67" VPOS="3827" HPOS="765"/>
<String CS="1" CONTENT="19&#189;"/>
<String STYLE="superscript" CONTENT="cm" HEIGHT="18" WIDTH="47" VPOS="3828" HPOS="917"/>
<String CONTENT="." HEIGHT="8" WIDTH="8" VPOS="3860" HPOS="970"/>
</TextLine>
<TextLine HEIGHT="109" WIDTH="1969" VPOS="3879" HPOS="128" CS="1">
<String CONTENT="&#169;" HEIGHT="54" WIDTH="55" VPOS="3879" HPOS="128"/>
<SP HEIGHT="54" WIDTH="27" VPOS="3879" HPOS="184"/>
<String CONTENT="Apr." HEIGHT="53" WIDTH="111" VPOS="3882" HPOS="212"/>
<SP HEIGHT="43" WIDTH="27" VPOS="3882" HPOS="324"/>
<String CONTENT="30," HEIGHT="50" WIDTH="65" VPOS="3882" HPOS="352"/>
<SP HEIGHT="49" WIDTH="32" VPOS="3883" HPOS="418"/>
<String CONTENT="1926;" HEIGHT="53" WIDTH="127" VPOS="3881" HPOS="451"/>
<SP HEIGHT="53" WIDTH="29" VPOS="3881" HPOS="579"/>
<String CONTENT="2c." HEIGHT="43" WIDTH="64" VPOS="3881" HPOS="609"/>
<SP HEIGHT="42" WIDTH="30" VPOS="3882" HPOS="674"/>
<String CONTENT="May" HEIGHT="52" WIDTH="111" VPOS="3882" HPOS="705"/>
<SP HEIGHT="52" WIDTH="28" VPOS="3882" HPOS="817"/>
<String CONTENT="3;" HEIGHT="51" WIDTH="48" VPOS="3882" HPOS="846"/>
<SP HEIGHT="37" WIDTH="32" VPOS="3896" HPOS="895"/>
<String CONTENT="aff." HEIGHT="46" WIDTH="79" VPOS="3881" HPOS="928"/>
<SP HEIGHT="42" WIDTH="31" VPOS="3883" HPOS="1008"/>
<String CONTENT="May" HEIGHT="50" WIDTH="113" VPOS="3883" HPOS="1040"/>
<SP HEIGHT="51" WIDTH="31" VPOS="3882" HPOS="1154"/>
<String CONTENT="1;" HEIGHT="50" WIDTH="45" VPOS="3882" HPOS="1186"/>
<SP HEIGHT="50" WIDTH="32" VPOS="3882" HPOS="1232"/>
<!-- cceid FFEB1AC5-6E1A-1014-9B7B-CA07F191E62B --><String CONTENT="A" HEIGHT="42" WIDTH="43" VPOS="3882" HPOS="1265"/>
<SP HEIGHT="46" WIDTH="28" VPOS="3882" HPOS="1309"/>
<String CONTENT="891243;" HEIGHT="53" WIDTH="189" VPOS="3880" HPOS="1338"/>
<SP HEIGHT="54" WIDTH="30" VPOS="3879" HPOS="1528"/>
<String CONTENT="E." HEIGHT="49" WIDTH="53" VPOS="3879" HPOS="1559"/>
<SP HEIGHT="44" WIDTH="30" VPOS="3881" HPOS="1613"/>
<String CONTENT="M." HEIGHT="44" WIDTH="65" VPOS="3881" HPOS="1644"/>
<SP HEIGHT="43" WIDTH="33" VPOS="3882" HPOS="1710"/>
<String CONTENT="Bolenius," HEIGHT="52" WIDTH="225" VPOS="3881" HPOS="1744"/>
<SP HEIGHT="53" WIDTH="32" VPOS="3880" HPOS="1970"/>
<String CONTENT="Lancaster," HEIGHT="108" WIDTH="1899" VPOS="3880" HPOS="198"/>
<SP HEIGHT="50" WIDTH="44" VPOS="3938" HPOS="357"/>
<String LANG="en" CONTENT="Pa." HEIGHT="43" WIDTH="78" VPOS="3938" HPOS="402"/>
</TextLine>
</TextBlock>
</PrintSpace>
</Page>
</Layout>
</alto>