2542 4285
1360 3940 109 55 250

419 314 295 73 McNeile,
755 314 279 59 Herman
1072 316 188 74 Cyril,
1301 320 188 57 1888-

499 408 199 58 Three
734 409 68 57 of
834 428 39 38 a
905 407 166 74 kind,
1108 412 124 57 and
1267 410 128 58 The
1429 409 308 75 haunting
1771 413 68 57 of
1874 413 160 58 Jack
2065 413 340 72 Burnham,

420 484 1962 151 by H. C. McNeile. New York, George H. Doran company [ c 1926]
487 642 56 43 49
566 654 42 38 p.
671 641 52 45 19
728 642 47 19 cm
779 675 10 10 .

416 691 54 54 ©
506 695 116 42 Mar.
655 694 65 50 20,
761 694 128 52 1926;
923 695 66 43 2c.
1022 696 86 42 and
1142 695 79 43 aff.
1256 696 119 42 Mar.
1409 695 78 52 23;
1524 697 44 41 A
1603 696 187 53 883731;
1828 699 63 43 H.
1928 696 49 46 C.
2012 697 231 52 McNeile,
487 699 1895 103 Duncroft,
654 751 156 50 Ascot,
850 748 220 55 England.
1140 750 242 54 (26-6909)

417 847 322 73 Marshall,
779 848 276 58 Edward
1089 847 75 57 A.

494 938 188 58 Jesus
730 937 213 59 Christ
987 939 104 57 the
1133 942 238 54 master
1415 942 136 55 soul
1591 939 253 73 winner,
1887 941 82 72 by
2011 941 276 59 Edward
2332 943 73 55 A.

416 1015 1967 151 Marshall … Cleveland, O., The Tract evangelization society [ c 1925]
484 1172 49 44 91
566 1186 40 38 p.
670 1172 51 44 19
726 1173 47 18 cm
779 1206 9 9 .

416 1226 53 53 ©
493 1229 98 51 Jan.
613 1228 69 52 29,
709 1228 130 51 1926;
864 1228 64 43 2c.
953 1229 86 42 and
1065 1227 78 44 aff.
1172 1229 118 42 Mar.
1317 1228 48 52 8;
1393 1230 44 41 A
1463 1228 188 52 887166;
1680 1228 51 48 E.
1759 1231 57 42 A.
1843 1230 239 52 Marshall,
2108 1230 297 51 Kalamazoo,

488 1284 137 44 Mich.
694 1282 242 57 (26-6529)

415 1381 271 73 Medina,
724 1381 243 58 Harold
1001 1381 344 73 Raymond,
1382 1385 188 56 1888-

495 1471 1843 74 Cases on New York practice, by Harold R. Medina …
415 1550 151 57 New
592 1550 189 72 York,
814 1549 288 73 Chicago,
1137 1549 345 73 Callaghan
1512 1551 124 57 and
1666 1569 322 55 company,
2020 1553 165 57 1926.

484 1627 95 51 xix,
611 1626 82 44 398
719 1641 41 37 p.
819 1626 55 44 26
879 1629 48 18 cm
932 1661 10 10 .

486 1683 155 43 Issued
671 1682 43 42 in
742 1690 260 44 temporary
1029 1680 134 45 form.
1223 1680 58 53 cf.
1313 1679 130 46 Pref.

412 1736 55 54 ©
493 1739 117 42 Mar.
639 1739 60 49 13,
729 1737 129 53 1926;
884 1738 64 42 2c.
972 1738 86 42 and
1083 1738 79 42 aff.
1188 1738 118 42 Mar.
1336 1738 74 51 18;
1436 1738 44 41 A
1508 1737 186 52 883680;
1722 1738 62 42 H.
1811 1739 54 43 R.
1894 1739 198 52 Medina,
2120 1739 117 44 New
2262 1739 142 43 York.

492 1794 240 55 (26-6617)

414 1892 230 73 Meyer,
680 1892 142 58 Zoe.

493 1982 1911 74 Trail-makers, by Zoe Meyer … illustrated by William
415 2062 70 57 P.
515 2062 272 58 Stecher.
870 2059 258 74 Boston,
1156 2058 210 75 Little,
1390 2062 246 69 Brown,
1665 2060 124 57 and
1812 2079 321 55 company,
2164 2062 164 56 1926.

484 2138 1333 54 viii p., 1 l., 217 p. incl. illus., plates. front. 19½ cm .
411 2192 53 53 ©
495 2194 118 43 Mar.
646 2195 60 50 19,
743 2194 127 51 1926;
901 2193 63 44 2c.
995 2195 86 42 and
1111 2195 79 42 aff.
1221 2195 118 42 Mar.
1368 2194 78 51 22;
1480 2194 44 41 A
1553 2193 187 52 879944;
1775 2193 147 52 Little,
1956 2194 180 49 Brown,
2169 2194 86 43 and
482 2208 1901 95 company.
679 2249 242 55 (26-6966)

411 2334 396 73 Meyerstein,
844 2334 277 58 Edward
1153 2334 214 74 Harry
1400 2333 297 60 William.

492 2424 236 73 Grobo;
763 2447 88 50 or,
883 2426 57 57 A
972 2428 191 56 castle
1194 2427 65 56 in
1293 2426 216 72 Spain,
1539 2427 85 71 by
1652 2425 74 58 E.
1760 2425 77 57 H.
1870 2425 95 58 W.
1998 2425 399 73 Meyerstein.

411 2504 1543 73 New York, George H. Doran company [ c 1926]
481 2584 706 53 viii p., 1 l., 11-343 p. 20 cm .
410 2637 53 53 ©
495 2641 116 41 Mar.
648 2640 63 51 19,
744 2639 130 52 1926;
905 2640 64 42 2c.
1001 2641 120 41 Mar.
1149 2639 79 52 20;
1263 2639 78 43 aff.
1375 2640 118 42 Mar.
1525 2639 78 52 22;
1636 2640 44 41 A
1713 2636 189 54 879977;
1939 2637 177 53 George
2150 2639 60 42 H.
2246 2638 157 42 Doran

482 2711 63 28 co.
615 2695 242 54 (26-6810)

409 2777 187 73 Mills,
634 2777 177 58 Alice
847 2777 341 60 Wicklund
1221 2777 302 59 Macleod.

489 2869 190 59 Voice
707 2872 123 57 and
860 2868 420 73 articulation,
1309 2871 82 71 by
1418 2869 174 59 Alice
1621 2869 94 59 W.
1746 2867 170 59 Mills
1947 2867 124 57 and
2102 2869 200 58 Sarah
2337 2869 66 54 T.

413 2946 1211 74 Barrows … [Iowa City, Ia., c 1926]
483 3024 53 47 70
561 3039 42 39 p.
661 3026 54 44 23
722 3028 47 18 cm
776 3063 8 8 .

485 3082 219 46 Contains
731 3081 366 54 bibliographies.

410 3133 1992 56 © Feb. 15, 1926; 1c. and aff. Mar. 1; 1c. Feb. 23; A 879703; A. W. Mills
481 3195 85 42 and
603 3193 145 46 Sarah
781 3192 55 45 T.
872 3194 225 51 Barrows,
1136 3194 124 43 Iowa
1297 3190 118 55 City,
1476 3208 37 27 Ia.
1583 3192 240 53 (26-6861)

411 3277 322 73 Murdock,
772 3277 234 72 Victor,
1046 3281 190 55 1871-

490 3367 533 73 Constantinople,
1055 3368 104 57 the
1189 3366 435 73 fantastically
1654 3366 262 59 delicate
1949 3366 125 57 and
2105 3365 190 72 dirty,
2325 3365 79 71 by

411 3441 1994 76 Victor Murdock … [Wichita, Kan., The Wichita eagle,
410 3533 17 20 c
432 3524 146 56 1926]

484 3602 78 45 [39]
598 3615 38 38 p.
698 3599 114 44 illus.
839 3601 127 52 (part
996 3599 110 54 col.)
1173 3600 52 43 33½
1260 3600 46 18 cm
1313 3633 9 9 .

484 3652 1919 55 “A collection of stories … written for and published by [the Wichita
412 3708 1750 60 eagle] … This printing, being primarily for the preservation of
2200 3708 74 45 the
412 3723 1973 92 material
569 3771 45 43 in
641 3786 25 27 a
694 3785 126 29 more
846 3777 261 45 permanent
1137 3768 137 53 form,
1301 3768 39 44 is
1370 3766 171 45 limited
1570 3776 47 37 to
1643 3775 95 36 two
1761 3768 204 43 hundred
1995 3766 189 53 copies.”

411 3827 53 53 ©
496 3829 117 42 Mar.
648 3827 63 51 12,
743 3827 107 43 1926
862 3841 9 37 ;
904 3828 65 41 2c.
999 3827 86 42 and
1116 3827 78 42 aff.
1283 3840 63 29 Mar.
1383 3823 74 54 15;
1491 3826 44 41 A
1565 3823 189 53 879862;
1789 3824 204 45 Wichita
2023 3823 122 53 daily
2178 3822 136 52 eagle.

491 3881 240 57 (26-6845)
