2542 4285
1039 3930 108 56 603

106 328 317 68 Franklin,
463 326 344 72 Benjamin,
849 328 354 58 1706-1790.

183 417 126 56 The
345 416 498 71 autobiography
875 416 67 57 of
975 415 333 71 Benjamin
1341 415 320 72 Franklin,
1697 415 207 58 edited
1932 415 149 58 with

107 514 79 37 an
217 493 421 58 introduction
669 494 85 70 by
783 494 202 70 Percy
1015 493 80 56 H.
1133 493 305 70 Boynton.
1513 493 150 56 New
1696 493 189 60 York.
105 493 1952 150 Harcourt,
324 572 198 56 Brace
548 572 124 55 and
695 589 303 53 company
1025 600 13 43 [
1041 578 18 22 c
1062 572 163 71 1926]

173 661 147 50 xxxii,
343 661 83 43 218
448 676 39 37 p.
543 660 144 44 17½cm.
748 659 286 55 (Half-title:
1063 661 244 43 American
1332 660 184 44 authors
1542 661 150 51 series,
1717 661 182 51 general
1923 659 159 53 editor,
108 718 44 47 S.
177 718 54 44 T.
256 718 254 53 Williams)

174 787 233 47 “Selected
433 788 182 53 reading
641 787 101 44 list”
758 803 9 29 :
796 802 39 38 p.
860 787 147 44 xxxii.

102 857 53 53 ©
191 861 109 50 May
329 859 66 49 20,
431 859 104 43 1926;
592 860 63 41 2c.
688 860 86 41 and
805 859 78 42 aff.
919 859 79 41 May
1061 857 76 52 26;
1171 859 44 41 A
1248 855 186 53 890935;
1471 858 245 50 Harcourt,
1752 858 142 42 Brace
1929 858 37 42 &
1999 871 82 37 co.,

173 917 81 41 inc.
323 914 267 54 (26-11514)

101 1014 294 69 Gemünd,
437 1013 305 68 Wilhelm,
785 1016 188 56 1873-

103 1102 1950 231 Leben und anpassung; eine Studie über die ontogenetische reproduction und das “aktive” anpassungsvermö gen der lebenden Substanz, von dr. Wilh. Gemünd …
96 1339 197 73 Bonn,
323 1338 68 56 F.
428 1338 223 75 Cohen,
682 1339 163 55 1925.

171 1430 347 53 160 p. 23 ½ cm .
102 1496 1923 56 © Sept. 30, 1925; 1c. Feb. 2, 1926; A —Foreign 30096; Friedrich Cohen.
180 1554 268 57 (26-11445)

102 1656 307 69 Ghadiali,
457 1655 285 57 Dinshah
784 1653 284 72 Pestanji
1114 1652 258 72 Framji,
1422 1656 188 55 1873-
1801 1653 284 74 plaintiff

173 1733 66 58 in
276 1752 187 38 error.

239 1819 1843 73 … Dinshah P. Ghadiali, plaintiff in error, vs. The
95 1897 1989 152 United States of America, defendant in error. Transcript of record … Upon writ of error to the United
98 2053 211 60 States
337 2052 264 60 District
630 2057 177 54 court
837 2053 102 57 for
968 2053 103 57 the
1102 2053 251 60 district
1384 2052 68 58 of
1483 2051 265 73 Oregon,
1780 2053 304 72 compiled

97 2131 121 56 and
247 2129 252 74 printed
527 2132 81 71 by
639 2130 539 72 Spectro-chrome
1210 2130 307 58 institute.
1589 2130 270 73 Malaga,
1893 2132 74 57 N.
2002 2131 81 72 J.,

116 2209 164 57 c1926.

162 2287 26 42 2
249 2318 9 10 v.
316 2285 149 43 23½cm.

166 2339 173 45 United
373 2341 152 46 States
556 2338 175 47 Circuit
763 2347 132 36 court
927 2339 54 44 of
1014 2341 182 52 appeals
1231 2340 77 44 for
1339 2342 79 43 the
1448 2340 148 45 Ninth
1630 2341 173 44 circuit.

165 2395 100 46 The
298 2396 270 45 indictment
599 2395 198 53 charged
830 2397 75 43 the
935 2396 202 53 plaintiff
1170 2398 45 43 in
1248 2412 131 29 error
1409 2397 112 47 with
1553 2399 78 44 the
1662 2397 224 46 violation
1919 2399 53 43 of
2006 2401 77 42 the

96 2452 90 45 Act
209 2452 53 44 of
285 2453 120 53 June
429 2452 66 53 25,
523 2453 117 53 1910,
666 2452 156 46 White
848 2453 122 44 slave
998 2453 145 44 traffic
1169 2461 85 37 act.
1315 2455 61 53 cf.
1404 2469 39 38 p.
1474 2456 62 42 11.

102 2522 52 53 ©
183 2525 112 52 Apr.
328 2525 61 51 12,
423 2524 127 52 1926;
581 2524 65 43 2c.
677 2524 107 43 each
812 2526 87 41 and
929 2525 78 42 aff.
1040 2525 110 52 Apr.
1181 2526 78 51 24;
1293 2526 43 42 A
1365 2525 163 44 890783;
1593 2525 391 53 Spectro-chrome
171 2527 1890 105 institute,
372 2582 199 51 Malaga,
604 2582 58 42 N.
694 2582 40 52 J.
803 2581 269 54 (26-11071)

98 2679 318 72 Guedalla,
454 2679 227 74 Philip,
722 2683 188 57 1889-

177 2770 1903 75 Fathers of the revolution, by Philip Guedalla … with
102 2853 70 55 12
202 2851 324 71 portraits.
593 2850 152 59 New
772 2851 172 57 York
972 2852 47 57 &
1048 2852 277 72 London,
1355 2851 70 60 G.
1455 2852 71 57 P.
1556 2851 328 57 Putnam’s
1919 2870 162 53 sons,

103 2929 164 57 1926.

170 3008 63 50 xi,
258 3006 81 45 302
363 3020 41 38 p.
457 3012 142 45 ports.
653 3006 53 44 23½
742 3009 46 18 cm
795 3042 9 10 .

433 3065 112 41 CONTENTS.—A
597 3063 128 43 short
778 3062 184 45 treatise
1011 3077 58 29 on
1122 3060 390 47 truth.—Fathers
1565 3062 53 44 of
1670 3063 74 43 the
1798 3060 282 47 revolution:

104 3117 1978 54 H. M. King George III , H. M. King Louis XVI, The Right Hon. Lord
103 3177 166 50 North,
301 3187 46 33 K.
379 3187 51 40 G.,
463 3175 97 44 The
591 3175 140 52 Right
763 3175 121 44 Hon.
917 3174 111 47 Earl
1058 3176 52 43 of
1142 3175 235 50 Chatham,
1407 3172 102 45 The
1540 3172 139 53 Right
1713 3174 121 44 Hon.
1869 3173 212 47 Edmund

104 3232 167 52 Burke,
307 3231 484 45 Lieutenant-General
825 3233 119 50 John
980 3233 258 50 Burgoyne,
1273 3230 483 45 Lieutenant-General
1791 3230 110 47 Earl
102 3231 1959 109 Cornwallis,
295 3289 191 44 General
517 3287 317 52 Washington,
869 3289 81 42 Dr.
984 3286 233 53 Franklin,
1251 3290 92 41 Mr.
1380 3287 183 48 Samuel
1595 3288 185 50 Adams,
1815 3289 91 44 Mr.
102 3288 1958 103 Alexander
270 3344 251 48 Hamilton,
555 3346 65 41 M.
653 3346 54 43 de
741 3346 63 43 La
838 3342 488 53 Fayette.—Footnote
1355 3360 56 29 on
1443 3349 244 45 greatness.

103 3398 52 53 ©
184 3400 111 51 May
319 3399 66 50 28,
419 3398 104 43 1926;
573 3398 64 43 2c.
666 3399 86 42 and
776 3398 82 43 aff.
887 3399 113 51 June
1027 3398 50 51 2;
1105 3398 44 41 A
1177 3397 187 51 891620;
1398 3398 51 42 P.
1480 3397 225 50 Guedalla,
1738 3398 115 43 New
1881 3398 142 42 York.

182 3454 268 55 (26-11640)

107 3552 319 74 Haggard,
460 3552 105 59 Sir
594 3553 216 72 Henry
835 3551 210 59 Rider.

181 3645 172 70 Days
386 3643 66 57 of
480 3662 105 52 my
613 3642 129 58 life,
829 3644 208 73 [chap.]
1073 3644 127 55 6-7.

180 3722 78 50 (In
286 3722 175 41 Strand
486 3720 254 51 magazine,
765 3721 127 51 July,
923 3720 125 51 1926)

106 3772 1974 56 © 1c. July 23, 1926; A ad int. 8354; pubd. June 25; Lady Mariana Louisa
178 3833 234 52 Haggard,
441 3831 332 54 Ditchingham,
804 3831 214 52 Norfolk,
1048 3830 221 53 England.
