2542 4285
1381 3973 107 54 860

426 350 203 69 Clark,
661 348 243 59 Harold
932 350 50 56 B
1295 350 187 56 1893-
1650 349 89 57 ed.

496 438 220 71 Digest
748 439 67 57 of
841 440 104 56 the
974 437 308 60 decisions
1316 439 66 57 of
1410 439 104 55 the
1548 437 301 71 Supreme
1881 440 177 55 court
2092 437 68 58 of
2189 437 214 71 Idaho,

421 516 292 72 covering
743 516 84 57 all
857 535 174 38 cases
1065 516 295 71 reported
1391 516 66 55 in
1486 514 278 59 volumes
1799 517 31 53 1
1863 517 65 54 to
1960 515 91 69 40,
2083 514 198 57 Idaho
420 533 1961 131 reports,

659 592 152 58 with
855 592 355 58 references
1256 597 63 54 to
1366 591 401 60 annotations
1814 591 65 56 in
1924 592 103 56 the
2073 590 335 59 American

421 669 326 72 decisions,
803 670 336 57 American
1197 673 269 69 reports,
1523 669 334 57 American
1918 672 162 54 state
2139 672 269 69 reports,

420 746 334 58 American
795 748 341 56 annotated
1176 766 193 54 cases,
1408 747 325 71 Lawyers’
1775 748 251 70 reports
2070 746 335 57 annotated

424 827 121 56 and
569 823 336 60 American
933 826 118 55 law
1078 829 268 68 reports,
1377 829 122 56 and
1528 844 36 37 a
1592 823 321 60 combined
1940 824 165 58 table
2138 823 67 57 of
2235 842 174 41 cases

422 901 285 72 digested
734 902 124 61 and
884 901 180 71 cited,
1093 902 199 59 direct
1320 903 123 56 and
1469 921 271 51 reverse,
1769 900 279 73 showing
2073 902 205 56 where
2306 901 103 59 the

423 997 172 38 cases
633 997 106 41 are
775 981 297 69 reported
1106 980 123 58 and
1261 981 204 57 where
1502 979 146 72 they
1685 998 106 39 are
1830 979 198 57 found
2062 977 63 57 in
2161 978 126 57 this
426 978 1961 148 digest,

613 1055 204 58 where
851 1056 198 58 Idaho
1086 1076 174 38 cases
1293 1058 158 56 have
1486 1059 154 56 been
1676 1056 164 59 cited
1875 1076 70 37 or
1982 1056 331 57 overruled
2346 1055 66 57 in

423 1133 104 57 the
576 1132 198 58 Idaho
826 1137 268 68 reports,
1147 1135 123 56 and
1318 1135 204 58 where
1572 1134 198 57 Idaho
1824 1153 173 41 cases
2048 1135 159 57 have
2258 1136 155 56 been

425 1208 163 60 cited
617 1209 65 57 in
714 1211 103 59 the
848 1216 179 55 notes
1061 1211 64 56 in
1158 1212 104 58 the
1294 1211 256 58 various
1587 1211 194 63 series
1815 1210 67 58 of
1919 1211 266 60 selected
2219 1230 193 56 cases,

423 1286 83 71 by
538 1287 246 58 Harold
819 1288 71 56 B.
932 1287 205 58 Clark.
1219 1288 127 58 San
1385 1289 356 71 Francisco,
1781 1287 634 72 Bancroft-Whitney

426 1382 320 55 company,
779 1365 165 57 1926.

497 1455 56 45 ix,
594 1452 105 46 1750
731 1470 40 37 p.
830 1455 55 44 26
892 1459 45 16 cm
945 1492 7 6 .

428 1509 52 53 ©
510 1512 104 52 July
644 1513 64 49 31,
747 1513 128 51 1926;
910 1514 63 42 2c.
1004 1514 86 42 and
1122 1515 77 42 aff.
1234 1515 117 52 Aug.
1390 1515 72 50 10;
1497 1515 43 41 A
1575 1515 186 50 901408;
1801 1514 459 53 Bancroft-Whitney
2293 1531 64 27 co.

508 1568 267 54 (26-14722)

431 1668 211 69 Collet,
676 1669 295 57 Frédéric
1002 1669 233 72 Justin,
1266 1673 148 56 1870–

506 1758 1906 78 Précis de pathologie interne, par F. J. Collet … 9. éd.,
430 1856 119 38 cor.
617 1840 59 54 et
737 1841 128 53 très
931 1857 222 53 augm.,
1219 1857 149 38 avec
1431 1839 110 56 368
1601 1838 231 73 figures
1895 1840 155 56 dans
2115 1839 57 58 le
2233 1842 186 68 texte,

432 1917 151 57 dont
609 1917 72 55 64
709 1936 74 37 en
808 1917 283 58 couleurs
1121 1919 60 56 et
1208 1918 71 56 10
1303 1918 314 72 planches,
1645 1920 150 56 dont
1823 1920 34 56 8
1883 1937 75 39 en
432 1918 1958 149 chromotypographie,

735 1994 1372 73 hors texte … Paris, G. Doin & c ie , 1926.
430 2073 1962 100 2 V. illus. (part col.) 10 pl. (part col.) diagrs. 21 cm . (Half-title: Collection
621 2129 174 52 Testut,
825 2130 205 44 nouvelle
1059 2128 304 53 bibliothèque
1393 2131 52 44 de
1477 2129 234 45 l’étudiant
1742 2147 53 27 en
1825 2129 251 53 médecine)

432 2183 1874 55 © Apr. 20, 1926; 1c. June 21; A—Foreign 31299; Gaston Doin & co.
511 2243 267 53 (26-14886)

435 2341 163 70 Cool,
637 2341 256 59 Charles
923 2343 193 58 Dean.

508 2434 407 71 Elementary
942 2436 244 58 French
1213 2433 428 74 composition,
1667 2438 82 69 by
1781 2435 257 60 Charles
2067 2436 176 56 Dean
2273 2436 150 59 Cool

432 2511 1991 72 and Jeanne H. Greenleaf … New York, The Macmillan
434 2609 319 53 company,
787 2591 164 56 1926.

536 2665 583 55 x p., 1 l., 152 p. 19½ cm .
435 2720 52 54 ©
512 2723 117 52 Aug.
657 2722 37 50 3,
725 2722 129 51 1926;
882 2723 65 42 2c.
975 2723 86 42 and
1088 2723 77 42 aff.
1195 2723 117 51 Aug.
1340 2723 50 50 4;
1421 2723 43 41 A
1492 2721 187 52 897626;
1712 2722 265 43 Macmillan
2004 2738 64 27 co.

514 2778 268 55 (26-14700)

437 2879 215 72 Crane,
691 2879 291 73 Stephen.

516 2971 126 56 The
673 2970 171 57 work
877 2971 66 56 of
978 2970 275 71 Stephen
1290 2970 220 73 Crane,
1547 2972 207 56 edited
1784 2971 83 71 by
1898 2971 242 57 Wilson
2174 2971 248 56 Follett.

440 3047 1983 75 [v.] 7, 8. The O’Ruddy … Introduction by Thomas Beer.
437 3126 150 57 New
617 3126 190 71 York,
841 3125 230 58 Alfred
1103 3126 75 56 A.
1215 3126 223 71 Knopf
1475 3128 178 74 [1926]

504 3201 274 44 2 v. 20 cm .
435 3257 55 53 ©
522 3259 105 52 July
664 3260 61 50 16,
761 3259 129 52 1926;
925 3260 63 43 2c.
1022 3259 108 43 each
1163 3261 85 42 and
1280 3261 81 41 aff.
1395 3260 119 52 Aug.
1552 3260 72 50 16;
1660 3261 43 41 A
1736 3259 188 52 897828;
1962 3260 165 43 Alfred
2162 3261 56 41 A.
2253 3259 171 53 Knopf,

510 3317 80 42 inc.

441 3415 277 69 Crouzet,
752 3416 174 73 Paul,
958 3419 188 56 1873-

581 3506 1847 73 … Grammaire grecque, simple et complète, pour toutes
439 3584 1989 75 les classes de grec … Toulouse, E. Privat; Paris, H.
439 3662 238 70 Didier,
710 3664 164 57 1926.

509 3740 90 54 xvi,
631 3739 81 46 295
745 3756 41 38 p.
850 3741 49 43 18
907 3743 45 17 cm
960 3776 7 8 .

510 3798 65 43 At
603 3797 114 44 head
746 3797 49 46 of
824 3797 124 44 title:
984 3798 50 42 P.
1069 3797 207 52 Crouzet,
1310 3799 49 41 P.
1391 3799 232 48 Andraud,
1654 3800 56 42 A.
1743 3798 130 44 Font.

439 3852 1791 54 © Mar. 15, 1926; 1c. June 25; A—Foreign 31418; Edouard Privat.
520 3909 267 55 (26-14852)
