2542 4285
1323 3999 108 56 532

397 359 364 70 Goldsmith,
806 361 225 71 Oliver,
1075 365 355 56 1728-1774.

474 448 180 58 Chief
680 451 180 70 plays
890 452 65 55 of
984 451 353 58 Goldsmith
1363 454 122 56 and
1516 453 339 58 Sheridan:
1887 456 128 56 The
2046 457 206 56 school
2279 456 103 57 for

396 529 268 69 scandal,
689 528 122 58 She
836 532 213 68 stoops
1074 532 63 54 to
1165 548 282 53 conquer,
1472 531 129 57 The
1624 532 211 72 rivals,
1860 533 206 57 edited
2085 534 82 71 by
2188 534 195 57 Oscar

394 604 215 57 James
645 604 335 72 Campbell.
1063 607 152 57 New
1245 607 189 73 York,
1468 608 335 73 Harcourt,
1839 609 197 59 Brace
2072 612 122 56 and
392 631 1962 123 company
594 712 13 43 [
610 692 17 21 c
631 686 163 73 1926]

468 761 760 52 1 p. l., v-xxviii, 296 p. 19½ cm .
395 816 52 53 ©
473 818 110 52 Apr.
614 818 62 51 17,
706 818 106 43 1926
825 833 9 37 ;
862 819 64 42 2c.
954 819 86 42 and
1066 820 77 42 aff.
1175 820 110 51 May
1315 821 44 50 1;
1390 820 43 42 A
1458 820 187 52 891228;
1675 822 245 50 Harcourt,
1954 822 143 43 Brace
2125 823 37 43 &
2188 838 79 36 co.,
2297 823 82 43 inc.

467 872 65 54 [©
559 874 303 44 introduction
886 875 86 42 and
997 884 141 43 notes]
1209 874 270 55 (26-10352)

394 956 276 71 Halleck,
714 958 255 57 Reuben
1007 960 166 69 Post,
1218 962 188 56 1859-

394 1049 1964 137 … History of our country, for higher grades, by Reuben
393 1129 1964 132 Post Halleck … New York, Cincinnati [etc.] American
556 1207 158 58 book
739 1225 306 54 company
1075 1237 13 43 [
1092 1216 16 20 c
1112 1208 164 72 1926]

464 1284 57 51 vi,
553 1283 92 53 534,
676 1284 274 45 vii-xxxviii
981 1299 40 37 p.
1081 1284 85 45 col.
1200 1287 151 50 front.,
1383 1285 131 53 illus.,
1547 1285 84 45 col.
1663 1287 156 51 plates,
1853 1302 139 37 maps.
2051 1287 50 42 21
2112 1290 46 16 cm
2164 1321 8 8 .
397 1288 1964 97 (Halleck’s

557 1341 245 44 American
827 1342 176 51 history
1032 1341 162 52 series)

467 1399 328 43 “References”
826 1408 43 34 at
898 1401 84 41 end
1009 1400 52 42 of
1089 1401 108 40 each
1223 1399 196 51 chapter.

391 1450 53 53 ©
470 1453 110 51 May
609 1453 61 50 10,
702 1453 106 42 1926
821 1467 8 37 ;
858 1453 63 42 2c.
948 1454 87 42 and
1061 1454 78 42 aff.
1169 1455 111 50 May
1310 1454 72 51 14;
1411 1454 44 41 A
1482 1452 187 53 890759;
1699 1454 155 43 Amer.
1882 1455 120 43 book
2028 1470 65 28 co.

471 1507 268 55 (26-10463)

412 1592 181 58 [Haou
626 1592 156 59 k‘ew
815 1593 201 57 chuan]

467 1682 127 56 The
622 1684 215 55 breeze
865 1683 64 55 in
960 1682 103 58 the
1093 1682 361 73 moonlight,
1515 1686 12 26 “
1542 1684 128 56 The
1702 1686 225 55 second
1956 1685 157 57 book
2144 1685 65 56 of
388 1705 1968 126 genius”,

601 1761 350 56 translated
992 1761 167 56 from
1198 1762 103 55 the
1344 1760 263 59 Chinese
1647 1764 83 69 by
1771 1763 240 72 George
2057 1762 174 58 Soulié
2307 1764 73 56 de

392 1838 269 71 Morant,
714 1839 124 56 and
886 1840 156 55 done
1092 1839 133 57 into
1275 1839 267 72 English
1591 1840 83 71 by
1723 1840 79 56 H.
1856 1841 522 58 Bedford-Jones.

389 1915 150 57 New
571 1916 172 56 York
779 1917 124 56 and
936 1917 276 72 London,
1250 1917 68 58 G.
1356 1918 69 57 P.
1464 1918 332 57 Putnam’s
1835 1937 163 56 sons,
2035 1920 164 56 1926.

459 1991 981 55 xviii, 371 p. incl. front., plates. 19½ cm .
460 2050 124 44 “The
607 2050 295 44 illustrations
927 2067 77 28 are
1027 2052 276 51 reproduced
1328 2053 119 43 from
1471 2053 129 43 those
1623 2054 129 42 made
1777 2053 44 43 in
1844 2054 75 43 the
1944 2054 225 46 sixteenth
2194 2063 182 44 century

391 2109 57 51 by
471 2107 154 45 Ts’iou
646 2109 107 51 Yng
779 2107 590 55 (Che-cheou).”—Introd.

388 2164 54 53 ©
474 2167 111 50 May
617 2164 35 52 7,
687 2166 129 51 1926;
849 2166 63 42 2c.
946 2167 87 42 and
1064 2167 79 43 aff.
1178 2167 111 52 May
1325 2167 73 51 10;
1432 2167 44 41 A
1508 2166 186 52 890700;
1732 2167 51 44 G.
1820 2168 50 43 P.
1907 2168 231 43 Putnam’s
2173 2183 116 28 sons.

468 2221 268 55 (26-10355)

388 2292 206 69 Jones,
640 2292 190 71 Elias,
874 2295 190 56 1842-

467 2372 270 59 Revised
774 2372 268 71 History
1081 2374 65 56 of
1184 2373 379 58 Dorchester
1603 2373 262 72 County,
1905 2373 352 74 Maryland,
2297 2377 80 69 by

389 2449 176 57 Elias
602 2451 212 57 Jones.
895 2450 364 70 Baltimore,
1298 2451 128 56 The
1464 2451 436 71 Read-Taylor
1935 2471 199 52 press,
2173 2453 165 55 1925.

460 2529 78 43 603
565 2542 39 37 p.
661 2530 152 48 front.,
842 2527 117 44 illus.
1127 2565 4 5 (incl.,
1151 2528 201 51 facsim.)
1388 2531 155 48 plates,
1569 2537 154 43 ports.,
1752 2538 123 36 coats
1904 2532 50 42 of
1983 2545 133 28 arms.
2172 2530 78 47 23½
2260 2533 46 17 cm
2314 2564 8 9 .

386 2580 53 54 ©
469 2583 118 51 Aug.
620 2583 65 50 31,
722 2581 128 53 1925;
882 2583 64 42 2c.
979 2583 111 51 May
1121 2585 49 50 8;
1205 2584 78 41 aff.
1319 2584 110 51 May
1462 2583 48 52 6;
1545 2584 44 41 A
1622 2583 186 52 890710;
1843 2583 52 47 E.
1929 2584 151 52 Jones,
2115 2584 258 44 Baltimore.

466 2638 268 54 (26-10466)

387 2708 234 73 Kelley,
670 2709 276 57 Truman
988 2709 135 68 Lee,
1171 2712 188 56 1884-

465 2789 128 56 The
636 2786 298 58 influence
979 2788 66 56 of
1085 2792 264 53 nurture
1393 2807 168 52 upon
1599 2788 212 57 native
1857 2788 389 73 differences,
2290 2792 81 69 by

386 2865 1798 73 Truman Lee Kelley … New York, The Macmillan
383 2886 1965 131 company,
597 2945 164 55 1926.

454 3023 743 52 vii, 49 p. incl. tables. 19½ cm .
385 3076 52 54 ©
466 3079 116 41 Mar.
609 3079 63 48 30,
705 3078 128 51 1926;
861 3078 65 42 2c.
955 3079 86 42 and
1067 3079 78 42 aff.
1174 3079 118 42 Mar.
1320 3079 76 51 31;
1428 3078 43 42 A
1499 3076 187 54 890105;
1720 3079 264 42 Macmillan
2011 3095 65 27 co.

464 3133 268 55 (26-10486)

386 3204 303 68 Klarwill,
733 3204 233 71 Victor,
1012 3206 187 57 1873-
1357 3205 88 56 ed.

464 3283 127 57 The
643 3283 253 72 Fugger
944 3283 431 57 news-letters.
1481 3282 240 58 Second
1771 3283 211 57 series.
2083 3283 201 73 Being
2334 3306 35 36 a

385 3360 250 58 further
663 3361 293 58 selection
982 3361 167 57 from
1174 3362 105 56 the
1306 3361 255 72 Fugger
1586 3380 232 52 papers
1849 3360 296 72 specially

388 3362 1957 148 referring
556 3443 63 53 to
650 3437 209 72 Queen
886 3438 328 57 Elizabeth
1242 3440 124 56 and
1390 3442 264 54 matters
1684 3439 271 71 relating
1983 3443 64 53 to
2078 3438 291 73 England

385 3516 227 73 during
647 3517 102 57 the
783 3536 187 52 years
1008 3517 357 70 1568-1605,
1400 3517 150 57 here
1583 3516 329 72 published
1949 3517 105 56 for
2089 3517 102 57 the
2228 3516 139 58 first

386 3595 165 71 time,
577 3595 208 57 edited
806 3597 83 68 by
911 3594 219 58 Victor
1152 3606 121 45 Von
1297 3593 308 73 Klarwill,
1632 3596 350 56 translated
2005 3597 82 69 by
2110 3595 66 56 L.
2207 3594 60 58 S.
2294 3596 70 55 R.

383 3672 1958 151 Byrne … with forty-six illustrations. New York & London,
550 3749 68 59 G.
647 3751 69 56 P.
746 3751 331 57 Putnam’s
1107 3770 161 53 sons,
1299 3751 163 55 1926.

453 3827 1444 54 L p., 1 l., 353 p. incl. front. plates, ports., maps. 23½ cm .
384 3882 52 53 ©
470 3884 109 52 May
611 3885 38 49 7,
684 3884 127 50 1926;
843 3885 64 42 2c.
941 3885 86 42 and
1058 3885 79 42 aff.
1172 3885 111 51 May
1318 3884 72 51 10;
1425 3884 43 42 A
1498 3884 187 50 890702;
1724 3884 50 43 G.
1812 3885 50 40 P.
1898 3883 230 43 Putnam’s
2164 3898 115 28 sons.

462 3939 268 54 (26-10477)
