2542 4285
1284 4018 146 54 1438

379 473 104 56 nal
522 473 360 70 procedure,
925 473 103 56 the
1072 472 282 58 Practice
1398 476 151 67 acts,
1591 474 103 56 the
1740 472 470 60 Consolidation
2253 480 116 66 act,

379 550 102 57 the
536 549 264 59 Greater
850 551 152 55 New
1051 550 173 57 York
1277 550 266 73 charter,
1597 551 103 57 the
1752 550 279 58 Inferior
2085 552 284 58 criminal

379 632 208 53 courts
638 631 117 67 act,
803 629 103 56 the
955 628 343 71 Municipal
1345 632 178 53 court
1568 629 164 72 code,
1781 630 123 57 and
1949 629 105 59 the
2101 629 269 60 General

379 709 299 67 statutes;
717 706 132 57 also
886 706 103 57 the
1025 725 136 38 new
1197 704 146 73 City
1377 710 178 53 court
1592 709 97 54 act
1724 706 68 58 of
1829 706 153 57 New
2017 706 172 57 York
2226 707 143 71 city,

377 784 104 56 the
515 803 135 38 new
684 782 438 72 Co-operative
1157 784 435 70 corporations
1626 785 134 71 law,
1798 784 104 59 the
1935 803 135 39 new
2104 784 267 59 General

378 860 248 59 district
651 861 135 73 law,
815 862 105 59 the
947 880 137 38 new
1113 861 208 58 Grade
1352 861 284 73 crossing
1666 861 385 59 elimination
2083 866 151 67 acts,
2266 863 105 57 the

375 958 135 39 new
546 939 177 59 State
761 940 431 70 departments
1230 939 135 72 law,
1404 939 103 59 the
1545 959 132 38 new
1717 939 177 59 State
1933 938 266 74 housing
2233 939 136 71 law,

377 1018 104 57 the
525 1019 147 56 1925
714 1017 428 58 amendments
1184 1020 64 53 to
1292 1017 105 57 the
1442 1015 425 72 constitution,
1913 1018 123 57 and
2079 1017 103 58 the
375 1035 1964 132 proposed
596 1096 429 57 amendments

1054 1094 263 71 thereto,
1347 1095 258 57 enacted
1632 1095 84 71 by
1741 1095 103 57 the
1873 1094 395 73 Legislature
2301 1098 65 53 at

376 1175 103 57 the
516 1174 253 71 regular
809 1172 240 59 session
1087 1174 68 56 of
1191 1172 165 56 1926.
1443 1172 89 59 St.
1573 1172 178 71 Paul,
1785 1172 181 58 West
2004 1172 362 72 publishing

374 1271 106 54 co.,
516 1253 165 56 1926.

445 1343 60 51 iii,
534 1342 82 45 468
641 1357 40 39 p.
740 1342 54 44 23½
829 1343 48 19 cm
882 1376 11 10 .

446 1413 211 45 Lettered
690 1428 58 28 on
780 1427 162 29 cover:
983 1410 370 54 Supplementing
1392 1410 317 45 Consolidated
1741 1411 123 53 laws,
1902 1410 208 46 Practice
2141 1418 109 47 acts,
2286 1417 83 39 etc.

371 1482 54 55 ©
451 1484 119 52 Aug.
595 1483 67 50 27,
694 1482 129 53 1926;
851 1483 65 43 2c.
947 1483 109 42 Dec.
1084 1483 50 51 2;
1162 1482 80 43 aff.
1271 1481 119 44 Nov.
1417 1481 78 52 29;
1526 1481 45 42 A
1598 1480 189 54 958180;
1817 1482 134 44 West
1976 1480 102 54 pub.
2105 1496 67 30 co.

450 1540 269 56 (26-23154)

372 1641 151 57 New
550 1640 175 57 York
751 1640 340 71 analytical
1119 1659 140 37 case
1289 1639 218 72 finder,
1538 1639 188 71 being
1756 1659 39 36 a
1823 1640 300 70 complete
446 1639 1895 136 classification
727 1717 67 57 of

818 1718 105 56 the
950 1733 140 41 case
1116 1717 121 56 law
1264 1716 67 57 of
1357 1716 154 57 New
1534 1715 173 57 York
1734 1735 70 38 as
1833 1716 330 58 contained
2188 1718 66 56 in
2284 1717 84 56 all

448 1797 102 56 the
579 1795 152 57 New
758 1795 174 57 York
959 1796 269 72 reports,
1258 1794 324 72 including
1606 1794 102 57 the
1738 1794 153 56 New
1916 1794 175 56 York
445 1795 1900 135 supplement

649 1873 124 57 and
805 1873 105 56 the
940 1872 445 57 northeastern
1418 1875 305 67 reporter,
1796 1891 57 37 v.
1892 1874 51 54 3,
1978 1871 287 58 Election
2300 1873 68 57 of

448 1951 303 57 remedies
780 1953 63 54 to
872 1951 308 56 Husband
1210 1951 123 56 and
1359 1949 165 57 wife.
1594 1951 151 55 New
1776 1950 182 72 York,
1991 1951 128 56 The
444 1950 1900 135 American

615 2028 120 56 law
762 2028 160 57 book
951 2046 322 55 company,
1306 2029 167 55 1926.

437 2116 892 57 xxi, 550-749 [i e. 1042] p. 26 cm .
368 2189 54 53 ©
455 2191 117 43 Nov.
603 2189 65 52 26,
704 2190 130 51 1926;
869 2190 65 43 2c.
968 2190 88 43 and
1087 2190 79 43 aff.
1201 2190 109 43 Dec.
1344 2189 49 52 6;
1428 2190 43 42 A
1506 2189 188 53 957427;
1729 2190 245 44 American
2009 2191 88 44 law
2130 2191 120 44 book
2283 2206 81 37 co.,

440 2248 244 52 Brooklyn.

367 2346 268 70 Nicklin,
676 2347 169 58 John
880 2346 223 74 Bailey
1191 2348 218 71 Calvert,
1449 2350 189 56 1891-

369 2437 1976 151 The paths of yesterday, by John Bailey Calvert Nicklin … Philadelphia,
1145 2516 321 59 Dorrance
1505 2517 123 58 and
1666 2535 307 55 company
2011 2546 14 44 [
2026 2526 20 21 c
2048 2519 165 74 1926]

443 2594 77 45 115
551 2610 40 38 p.
650 2594 55 44 20
711 2596 48 18 cm
765 2628 9 8 .

440 2653 177 43 Poems.

366 2707 53 54 ©
451 2710 116 42 Nov.
600 2710 69 51 29,
703 2709 129 52 1926;
866 2709 64 43 2c.
964 2710 107 42 Dec.
1105 2710 49 51 3;
1188 2709 78 43 aff.
1300 2710 109 43 Dec.
1440 2709 51 52 2;
1526 2710 43 42 A
1603 2708 189 54 957358;
1829 2710 236 44 Dorrance
2098 2711 38 44 &
2165 2726 81 37 co.,
2279 2710 82 44 inc.

445 2765 269 56 (26-23107)

368 2865 257 73 Oppeln,
665 2865 234 59 Frieda
932 2882 141 42 von.

446 2956 357 72 Elisabeth;
850 2957 113 57 das
1007 2957 148 57 tolle
1198 2957 146 72 jahr
1388 2959 168 69 1848,
1601 2977 218 38 roman
1862 2976 123 39 von
2028 2959 234 58 Frieda
2305 2979 58 38 v.

370 3035 260 71 Oppeln.
713 3034 218 57 Berlin
966 3036 127 56 und
1130 3034 277 75 Leipzig,
1444 3036 80 57 K.
1564 3035 71 57 F.
1672 3036 295 72 Koehler,
2008 3036 165 61 1926.

437 3113 557 52 419, [1] p., 1 l. 19 cm .
365 3168 1626 55 © May 3, 1926; 1c. July 7; A—Foreign 31483; K. F. Koehler.
443 3226 267 55 (26-23114)

367 3325 303 73 [Ordway,
715 3325 254 59 Samuel
1010 3326 277 77 Hanson]
1328 3328 79 72 jr.

438 3418 104 56 An
568 3418 247 73 elegant
840 3416 250 73 history
1117 3421 67 57 of
1213 3422 151 56 New
1390 3422 174 57 York
1593 3421 234 72 society
1854 3423 104 56 for
1983 3440 210 54 young
364 3440 1970 115 persons
544 3498 67 56 of

642 3495 260 74 quality,
933 3496 152 59 with
1118 3517 36 37 a
1188 3498 291 73 glossary
1512 3500 123 58 and
1669 3497 240 61 certain
1944 3499 313 71 examples
2292 3501 68 57 of

362 3572 298 61 armorial
719 3573 312 73 bearings.
1119 3573 167 74 [New
1343 3576 187 72 York]
1597 3576 127 57 The
1783 3576 275 74 Elegant
2112 3576 248 73 history

362 3650 359 75 publishing
756 3672 105 53 co.,
896 3654 166 57 1926.

431 3728 761 53 4 p. l., 5-82 p. illus. 23½ cm .
433 3785 211 47 Lettered
671 3803 59 29 on
759 3803 159 29 cover:
953 3789 69 49 By
1053 3787 182 47 Samuel
1267 3789 62 43 H.
1363 3787 217 53 Ordway,
1610 3789 72 51 jr.,
1711 3788 255 47 illustrated
1993 3791 60 50 by

2081 3790 50 44 F.
363 3791 1973 97 Wenderoth
504 3843 243 48 Saunders.

364 3894 53 54 ©
450 3897 106 43 Dec.
591 3898 36 49 3,
666 3896 130 53 1926;
831 3897 63 43 2c.
928 3898 88 42 and
1049 3898 79 42 aff.
1163 3898 110 42 Dec.
1308 3898 49 51 4;
1394 3898 43 42 A
1471 3896 188 54 957426;
1701 3898 44 47 S.

1781 3900 62 42 H.
1882 3900 215 53 Ordway,
2131 3900 73 54 jr.,
2240 3901 118 44 New

432 3954 142 43 York.
643 3953 270 55 (26-23099)
