2542 4285
1046 3983 145 56 1305

127 471 175 55 court
330 468 83 71 by
440 466 248 58 counsel
715 467 103 57 for
848 465 103 58 the
981 464 219 72 people
1229 466 123 58 and

1378 466 103 57 the
1510 465 272 71 defense,
1810 463 84 72 by
1921 460 190 57 Alvin

127 544 72 58 V.
234 542 248 61 Sellers.
560 541 384 71 Brunswick,
978 542 132 71 Ga.,
1145 540 238 60 Classic
1413 539 361 75 publishing
1805 558 105 54 co.,
1945 541 166 56 1926.

196 623 77 43 321
306 636 39 35 p.
378 620 101 45 incl.
509 621 138 44 front.
705 619 56 46 20
765 622 48 19 cm
819 655 9 9 .

130 673 52 53 ©
221 675 117 43 Nov.
381 676 35 49 1,
455 674 127 51 1926;
621 674 64 42 2c.
726 673 117 43 Nov.
884 671 47 53 5;
972 672 79 44 aff.
1092 672 117 43 Nov.
1249 673 49 51 2;
1342 672 43 42 A
1423 670 189 54 950844;
1651 670 141 45 Alvin
1830 672 58 44 V.
1930 671 179 53 Sellers,

199 731 279 51 Brunswick,
512 730 77 44 Ga.
659 728 268 56 (26-20073)

132 815 191 72 Long,
360 815 244 58 Haniel.

204 893 195 57 Notes
427 893 103 57 for
556 912 37 38 a
617 912 135 37 new
775 892 380 72 mythology,
1183 893 82 71 by
1292 892 230 58 Haniel
1549 892 191 73 Long.
1826 892 288 74 Chicago,

132 971 127 57 The
291 970 433 72 Bookfellows,
761 970 164 56 1926.

203 1048 77 45 167
310 1062 39 37 p.
409 1048 53 43 24½
496 1049 47 18 cm
548 1082 8 8 .

203 1104 148 43 “Four
387 1104 201 43 hundred
624 1102 251 53 thirty-five
910 1102 146 53 copies
1092 1103 52 45 of
1176 1102 90 45 this
1303 1103 99 45 first
1440 1103 167 44 edition
1643 1103 114 44 have
1791 1105 114 42 been
1940 1104 175 52 printed

132 1161 57 52 by
217 1160 77 44 the
322 1159 153 44 Torch
507 1174 136 38 press,
679 1158 145 45 Cedar
856 1158 183 54 Rapids,
1072 1160 137 49 Iowa,
1241 1160 43 42 in
1314 1159 73 44 the
1420 1160 155 43 month
1607 1159 48 44 of
1689 1158 277 54 September,
2000 1160 116 44 1926.

133 1217 123 46 Each
291 1231 113 38 copy
444 1216 33 44 is
515 1217 244 42 numbered
795 1217 86 42 and
918 1215 156 53 signed
1111 1217 59 52 by
1204 1215 75 45 the
1315 1215 203 45 author.”
1578 1214 112 50 This
1728 1231 112 38 copy
1875 1223 78 37 not
129 1230 1967 87 numbered.

128 1328 52 53 ©
212 1330 117 43 Nov.
363 1330 36 50 3,
436 1329 127 52 1926;
596 1329 63 42 2c.
693 1330 86 42 and
811 1329 76 43 aff.
924 1329 117 42 Nov.
1076 1328 48 51 6;
1160 1329 45 41 A
1237 1326 188 55 950834;
1462 1329 60 43 H.
1558 1331 141 50 Long,
1735 1327 212 55 Chicago.

206 1386 268 55 (26-20281)

130 1471 400 72 McFarland,
569 1471 281 59 William
885 1472 61 57 J.

204 1548 309 74 Spiritual
552 1551 255 72 depths;
853 1551 237 60 studies
1130 1550 65 58 in
1235 1552 103 59 the
1380 1554 228 70 deeper
1649 1551 213 74 things
1903 1554 69 56 of
2010 1553 105 59 the

127 1629 344 71 Scripture,
501 1628 63 56 in
593 1630 104 56 the
726 1627 160 73 light
916 1631 68 55 of
1015 1627 365 59 exhaustive
1411 1628 278 74 analysis
1721 1632 69 56 of
1818 1631 104 56 the
123 1627 1970 136 original
277 1707 340 71 languages

644 1707 68 56 of
736 1705 101 60 the
866 1706 196 58 Word
1088 1706 69 59 of
1181 1705 152 73 God,
1358 1708 83 70 by
1463 1704 279 61 William
1769 1708 60 59 J.
124 1708 1966 133 McFarland.
372 1781 465 75 [Indianapolis,
872 1783 164 71 1926]

193 1861 770 50 256 p. front. (port.) 19½cm.
128 1914 52 53 ©
211 1916 99 43 Oct.
339 1915 66 51 20,
437 1914 127 51 1926;
594 1915 63 42 2c.
689 1915 100 43 Oct.
817 1914 79 51 22;
928 1915 77 42 aff.
1038 1915 117 42 Nov.
1187 1913 48 53 5;
1266 1915 43 42 A
1339 1913 189 54 950841;
1561 1916 151 43 Basha
1740 1916 53 47 E.
1823 1916 293 54 McFarland,

197 1971 284 52 Vermillion,
525 1972 67 42 Ill.
662 1971 242 54 (26-20262
912 1972 17 53 )

129 2056 348 70 Marchant,
509 2055 107 60 Sir
648 2055 230 71 James,
915 2058 189 57 1867-
1261 2058 89 58 ed.

201 2135 359 74 Anthology
587 2138 69 56 of
682 2135 209 73 Jesus,
921 2138 314 72 arranged
1263 2139 125 58 and
1417 2136 207 62 edited
1650 2140 84 72 by
1764 2138 104 61 Sir
1898 2138 218 62 James

123 2213 1967 152 Marchant … London, New York [etc.] Cassell and company, ltd. [1926]
194 2368 546 52 xi, 393, [1] p. 17½ cm .
197 2426 125 45 “List
347 2426 51 45 of
425 2427 248 43 references
703 2433 48 38 to
776 2425 188 46 authors
991 2429 88 42 and
1106 2426 239 46 sources”:
1372 2442 41 35 p.
1442 2428 204 46 365-383.

128 2478 1672 57 © 1c. July 26, 1926; A ad int. 8369; pubd. June 3; Harper &
1831 2485 133 51 bros.,
1999 2487 119 44 New

197 2537 142 44 York.
409 2534 240 56 (26-20635
658 2537 17 53 )

129 2622 263 72 Martyr,
429 2621 256 59 Weston.

202 2702 128 59 The
377 2700 485 75 Southseaman;
908 2702 319 74 life-story
1268 2707 69 56 of
1379 2725 37 38 a
1461 2706 316 73 schooner,
1819 2708 83 72 by
123 2708 1968 130 Weston
259 2780 267 71 Martyr.

608 2779 372 74 Edinburgh
1008 2781 124 58 and
1160 2783 278 71 London,
1467 2784 95 58 W.
1594 2784 371 61 Blackwood
1994 2789 124 58 and

126 2876 145 42 sons
299 2856 258 73 limited,
589 2859 166 56 1926.

195 2940 23 42 3
249 2951 39 35 p.
356 2971 8 15 l.,
396 2937 81 45 304
507 2951 39 35 p.
608 2935 152 52 front.,
790 2934 118 46 illus.
967 2938 54 43 22
1028 2940 46 17 cm
1082 2973 8 8 .

196 2991 124 47 First
348 2990 236 52 published
614 2992 45 45 in
688 2994 74 44 the
791 2992 258 52 “Yachting
1075 2992 186 47 world”.

127 3045 1933 60 © 1c. June 30, 1926; A ad int. 8305; pubd. May 5; W. Martyr, London.
206 3102 268 56 (26-20520)

131 3190 257 69 Massee,
429 3191 230 72 Jasper
695 3192 319 74 Cortenus,
1053 3196 189 57 1871-

203 3269 1914 82 Sunday night talks, by J. C. Massee … Chicago, The
123 3346 178 61 Bible
333 3345 286 62 institute
653 3349 357 74 colportage
1044 3355 176 55 ass’n
1254 3354 201 72 [c1926]

198 3425 79 45 124
307 3441 41 35 p.
411 3428 51 43 19
467 3430 46 17 cm
519 3462 8 8 .

128 3477 54 53 ©
215 3480 100 43 Oct.
348 3478 66 54 25,
450 3480 128 52 1926;
613 3482 64 42 2c.
714 3482 100 43 Oct.
845 3482 79 52 29;
961 3482 77 43 aff.
1075 3483 100 44 Oct.
1210 3484 77 51 30;
1324 3484 43 42 A
1399 3484 188 54 950720;
1627 3487 127 44 Bible
1790 3488 202 46 institute
196 3491 1899 98 colportage

416 3552 104 28 assn.
566 3537 51 45 of
651 3536 212 55 Chicago.
932 3538 269 55 (26-20257)

131 3620 251 73 Melvin,
421 3623 249 58 Marion
704 3625 307 72 Edmund,
1053 3630 189 57 1876-

126 3701 1969 151 Royal partnership, by M. E. Melvin … with introduction by David
630 3781 1465 84 McConaughy … New York, Chicago [etc.]
128 3854 286 77 Fleming
439 3858 79 57 H.
547 3859 217 61 Revell
792 3878 305 57 company
1128 3864 202 73 [1926]
