2542 4285
1028 4013 146 56 1261

113 405 362 58 California.
556 405 301 70 Supreme
897 406 191 53 court.

186 490 1903 77 Reports of cases determined … August 31, 1925, to
108 575 289 69 January
416 573 273 69 15,1926.
754 569 331 70 Randolph
1102 568 72 56 V.
1194 568 303 71 Whiting,
1520 569 302 68 reporter,
1885 567 205 55 v.197.

111 651 128 58 San
273 649 352 71 Francisco,
659 646 628 70 Bancroft-Whitney
1324 663 320 52 company,
1680 645 165 55 1926.

310 773 10 18 xxxv,
353 737 81 45 917
469 752 40 38 p.
566 738 56 43 22½cm.

109 795 53 53 ©
193 798 117 41 Nov.
345 796 61 51 12,
439 795 128 51 1926;
596 795 64 43 2c.
691 795 86 42 and
807 795 77 42 aff.
917 795 119 42 Nov.
1068 793 77 51 22;
1180 793 43 42 A
1254 790 189 54 958068;
1479 790 459 53 Bancroft-Whitney
1970 804 63 29 co.

114 908 334 74 Campbell,
483 911 150 56 Mrs.
671 909 185 58 Ruth.

104 999 1963 140 Kiddies and grown-ups too, by Ruth Campbell … illustrated
359 1081 83 70 by
488 1077 217 60 Hattie
753 1080 376 69 Longstreet
1176 1076 199 59 Price.
1458 1075 455 74 Philadelphia,
1963 1078 129 56 The

105 1159 172 55 Penn
307 1154 357 75 publishing
693 1173 320 54 company,
1044 1155 165 56 1926.

174 1232 1096 53 4 p. l., 5-118 p. col. front., plates. 20½ cm .
108 1287 52 54 ©
184 1289 106 52 July
342 1323 8 16 1,
380 1288 128 52 1926;
536 1288 62 44 2c.
623 1288 86 42 and
736 1288 77 43 aff.
841 1288 117 42 Nov.
986 1287 48 51 4;
1064 1287 43 42 A
1134 1285 188 53 950808;
1355 1287 125 42 Penn
1507 1287 99 51 pub.
1634 1301 63 28 co.

186 1344 269 56 (26-19734)

113 1445 353 70 Camcross,
509 1444 243 57 Horace
790 1443 281 68 Leedom,
1115 1445 187 56 1870-

188 1534 128 57 The
358 1552 217 52 escape
614 1532 168 57 from
821 1533 101 57 the
966 1531 337 73 primitive,
1344 1533 83 71 by
1465 1533 244 57 Horace
1753 1532 343 60 Carncross

175 1608 1633 74 … New York, London, C. Scribner’s sons, 1926.
178 1687 647 54 xiv p., 1 l., 348 p. 21c m .
108 1744 53 53 ©
193 1744 120 53 Sept.
347 1744 59 50 10,
443 1744 127 52 1926;
602 1745 64 42 2c.
700 1745 101 43 Oct.
833 1743 76 52 30;
944 1744 77 42 aff.
1057 1742 120 53 Sept.
1214 1744 73 51 14;
1320 1743 44 43 A
1395 1741 190 55 950709;
1623 1742 185 45 Charles
1843 1742 249 47 Scribner’s

179 1817 115 29 sons.
364 1800 267 56 (26-19466)

112 1900 236 72 Carter,
390 1901 167 58 John
595 1899 322 73 Franklin,
959 1903 189 57 1897-

184 1989 1911 74 Man is war, by John Carter … Indianapolis, The
108 2068 479 59 Bobbs-Merrill
621 2086 306 54 company
960 2097 14 43 [
975 2076 21 23 c
998 2069 163 73 1926]

178 2146 845 54 6 p. l., 398 p. double maps. 22½cm.
109 2202 52 54 ©
197 2205 101 43 Oct.
331 2205 39 50 9,
408 2204 105 42 1926;
571 2204 64 42 2c.
668 2204 86 42 and
790 2203 78 43 aff.
906 2203 101 43 Oct.
1046 2203 48 43 13;
1158 2204 44 41 A
1237 2202 163 45 950436;
1467 2203 357 45 Bobbs-Merrill
1860 2219 64 29 co.

186 2260 269 55 (26-19349)

111 2360 409 74 Castleberry,
561 2361 169 58 John
767 2360 292 71 Jackson,
1100 2364 187 57 1877-

189 2453 127 56 The
355 2452 135 58 soul
525 2451 65 57 of
628 2450 282 74 religion,
950 2452 122 57 and
1110 2452 180 57 other
1330 2453 349 70 addresses,
1715 2454 82 71 by
1831 2454 168 59 John
2035 2456 61 57 J.

112 2529 1917 73 Castleberry … introduction by Edgar De Witt Jones …
111 2608 150 57 New
307 2607 190 71 York,
548 2606 268 73 Chicago
869 2610 145 69 [etc.]
1067 2607 288 73 Fleming
1402 2608 79 56 H.
1531 2608 216 58 Reveil
1794 2628 307 54 company

112 2715 11 42 [
127 2694 18 22 c
148 2687 164 70 1926]

183 2763 77 45 192
293 2777 42 40 p.
397 2763 50 45 19½cm.

109 2819 53 53 ©
193 2819 120 53 Sept.
346 2821 62 50 11,
441 2819 127 52 1926;
597 2820 63 43 2c.
691 2820 86 42 and
807 2820 78 43 aff.
918 2820 101 45 Oct.
1047 2819 79 52 27;
1159 2820 43 42 A
1231 2817 190 54 949752;
1453 2819 207 54 Fleming
1692 2821 61 42 H.
1784 2820 158 44 Revell
1970 2835 66 28 co·.

186 2876 269 55 (26-19468)

113 2976 348 74 Cauffman,
503 2975 259 75 Stanley
799 2977 180 58 Hart.

180 3072 128 56 The
325 3070 191 72 Wolf,
539 3070 101 57 the
663 3068 116 60 Cat
798 3070 122 57 and
937 3071 102 55 the
1063 3068 424 75 Nightingale,
1505 3071 83 72 by
1630 3070 260 74 Stanley
1930 3072 165 58 Hart

104 3146 1967 153 Cauffman … Philadelphia, The Penn publishing company, 1926.
174 3303 698 52 vii p., 1 l. . 11-312 p. 19 cm .
109 3357 52 54 ©
187 3359 118 52 Aug.
330 3357 67 50 27,
425 3358 128 51 1926;
579 3357 62 43 2c.
670 3359 85 42 and
780 3358 79 43 aff.
886 3358 118 43 Nov.
1028 3358 52 51 4;
1109 3358 43 42 A
1179 3356 189 54 950812;
1399 3358 125 44 Penn
1552 3358 98 53 pub.
1678 3374 64 29 co.

189 3414 268 57 (26-19722)

111 3514 412 70 Chamberlin,
564 3513 281 60 William
884 3513 287 59 Fosdick.

189 3606 129 56 The
348 3606 246 70 history
627 3605 66 57 of
726 3605 118 55 Phi
879 3624 243 53 gamma
1162 3606 166 56 delta
1368 3606 111 73 [by]
1516 3606 277 57 "William
1829 3607 269 57 Fosdick

112 3682 395 59 Chamberlin…
664 3684 227 55 Tomos
909 3684 160 55 beta.
1138 3684 127 55 The
1289 3686 522 68 superstructure.
109 3685 1964 152 Washington,

375 3760 73 56 D.
481 3760 82 71 C.,
593 3760 339 62 Published
960 3760 85 71 by
1069 3760 103 57 the
1201 3760 363 72 fraternity,
1597 3763 163 56 1926.

181 3836 1353 54 3 p. l., 444 p., 2 l. front., plates, ports., facsims. 24½cm.
111 3892 52 54 ©
191 3896 117 42 Nov.
341 3894 61 52 10,
431 3894 126 50 1926;
585 3895 65 42 2c.
678 3896 85 42 and
790 3895 78 42 aff.
897 3896 117 42 Nov.
1045 3895 74 51 19;
1149 3895 43 42 A
1219 3892 190 55 958059;
1440 3894 257 55 Fraternity
1726 3896 50 45 of
1805 3897 85 43 Phi
1917 3912 180 38 gamma

183 3952 130 44 delta.
