2542 4285
1035 4016 149 57 1183

130 413 291 67 Olmsted,
463 414 255 56 Everett
751 411 213 71 Ward,
1005 413 188 57 1869-

200 516 345 75 Beginners’
615 518 243 58 French
900 535 335 53 grammar,
1277 517 82 70 by
1399 517 261 58 Everett
1700 514 201 60 Ward
127 514 1954 142 Olmsted

370 591 1734 74 … and Edward Hinman Sirich … New York, H.
125 672 880 71 Holt and company [ c 1926]
192 767 24 43 3
245 779 40 37 p.
345 798 9 16 l.,
383 760 138 52 ix-xl,
549 762 78 46 355
656 775 40 37 p.
757 759 150 51 front.,
935 758 155 53 plates,
1121 758 166 48 double
1316 774 114 37 map.
1493 760 144 45 19½cm.

126 829 53 53 ©
212 830 120 52 Sept.
362 827 66 53 27,
463 828 128 52 1926;
623 828 63 43 2c.
719 828 86 43 and
836 828 78 42 aff.
948 827 100 44 Oct.
1082 827 47 52 1;
1161 826 44 43 A
1237 825 188 54 950262;
1461 827 161 53 Henry
1654 825 120 45 Holt
1803 827 38 44 &
1871 841 65 30 co.

203 884 268 58 (26-17875)

127 985 398 74 Oppenheim,
564 984 274 58 Edward
873 981 284 75 Phillips,
1197 985 188 57 1866-

204 1089 258 71 Harvey
507 1087 342 60 Garrard’s
895 1085 207 74 crime,
1149 1086 79 74 by
1272 1087 73 59 E.
1392 1087 266 73 Phillips
1706 1087 400 73 Oppenheim.

127 1167 255 70 Boston,
411 1163 207 74 Little,
646 1165 247 74 Brown,
924 1165 123 58 and
1077 1183 320 55 company,
1429 1167 165 57 1926.

193 1256 618 55 3 p. l. , [3]-329 p. 19½ cm .
123 1327 53 54 ©
207 1329 100 46 Oct.
342 1330 63 50 11,
438 1327 127 52 1926;
597 1328 64 41 2c.
693 1326 87 43 and
808 1326 78 43 aff.
921 1325 101 44 Oct.
1058 1323 73 53 15;
1166 1325 44 42 A
1240 1323 163 46 950467;
1461 1323 52 48 E.
1548 1326 50 43 P.
1633 1325 293 53 Oppenheim,
190 1326 1893 112 Reepham,

342 1384 213 52 Norfolk,
589 1382 220 54 England.
877 1380 270 57 (26-17975)

124 1487 234 71 Owens,
394 1484 234 58 Robert
660 1484 64 57 C.

202 1591 129 56 The
361 1589 217 72 bridge
613 1589 65 56 of
712 1589 229 70 liberty;
1008 1607 39 37 a
1074 1588 151 70 plan
1257 1590 63 54 to
1358 1587 212 57 evolve
1604 1587 166 58 from
1803 1589 104 56 the
123 1588 1959 137 capitalist

336 1671 234 67 system
604 1668 64 54 to
706 1685 39 36 a
779 1666 419 70 co-operative
1239 1668 251 68 system,
1528 1666 82 70 by
1645 1666 72 56 R.
1759 1664 65 59 C.
1865 1666 238 57 Owens.

122 1745 371 70 Edmonton,
530 1744 263 56 Alberta
833 1742 291 74 [Canada,
1162 1744 164 74 1926]

188 1835 52 44 38
268 1849 55 38 p.,
355 1834 19 42 1
424 1868 9 9 l.
496 1831 49 46 17
551 1835 48 19 cm
603 1866 11 11 .

120 1902 1984 56 © 1c. Nov. 1, 1926; A ad int. 8680; pubd. Sept. 18; R. C. Owens, Edmonton,
191 1962 193 45 Canada.

123 2062 244 58 Oxford
393 2063 126 57 and
545 2060 285 73 Asquith,
866 2060 272 59 Herbert
1166 2060 218 74 Henry
1411 2060 290 73 Asquith,
1731 2067 98 54 1st
1860 2064 128 58 earl
2022 2062 84 76 of,

198 2142 187 57 1852-

198 2243 181 74 Fifty
411 2262 183 53 years
630 2243 67 59 of
728 2243 246 58 British
1006 2243 406 72 Parliament,
1443 2244 85 73 by
1559 2243 104 59 the
1696 2244 157 58 Earl
1887 2244 69 58 of
122 2244 1961 136 Oxford

119 2320 1963 151 and Asquith … Boston, Little, Brown, and company, 1926.
189 2492 24 41 2
240 2506 42 28 V.
346 2488 179 52 fronts.,
551 2487 119 45 illus.
697 2488 258 54 (facsims.)
992 2496 141 47 ports.
1192 2490 54 44 23
1254 2492 46 18 cm
1304 2524 10 10 .

118 2556 54 54 ©
205 2559 100 44 Oct.
340 2561 63 49 11,
438 2558 127 52 1926;
596 2559 66 43 2c.
695 2559 107 43 each
833 2561 88 42 and
953 2560 79 43 aff.
1067 2559 100 44 Oct.
1204 2560 74 52 14;
1315 2560 44 43 A
1390 2559 190 54 949501;
1617 2560 150 54 Little,
1803 2562 181 52 Brown,
2015 2562 90 44 and

187 2630 230 38 company.
487 2615 269 55 (26-17941)

121 2714 208 73 Paine,
367 2715 207 74 Ralph
609 2716 333 73 Delahaye,
983 2720 356 57 1871-1925.

196 2819 1908 77 The Penfold adventure, by Ralph D. Paine … Boston
120 2898 122 57 and
271 2897 150 59 New
451 2898 188 71 York,
669 2898 340 73 Houghton
1040 2899 215 57 Mifflin
1285 2919 322 54 company,
1637 2900 166 59 1926.

189 2989 466 55 3 p. l. , 309 p. 19½cm.
118 3058 53 54 ©
201 3060 100 44 Oct.
331 3060 38 51 8,
401 3060 104 43 1926;
559 3060 64 43 2c.
655 3061 88 43 and
772 3061 79 43 aff.
883 3061 100 45 Oct.
1019 3062 73 52 11;
1125 3062 44 42 A
1200 3060 188 54 950398;
1423 3062 251 45 Katharine
1705 3064 57 43 D.
1796 3063 151 53 Paine,
186 3064 1895 104 Durham,

338 3117 59 43 N.
434 3118 60 43 H.
563 3116 269 56 (26-17805)

119 3216 324 70 Pancoast,
479 3217 216 74 Henry
724 3218 353 73 Khunrath,
1113 3221 188 58 1875-

190 3324 546 61 Pneumoconiosis
785 3325 339 69 <silicosis>
1176 3351 36 37 a
1257 3326 595 75 Roentgenological
1898 3331 204 71 study,

115 3400 1988 79 with notes on pathology, by Henry K. Pancoast … and
115 3480 1988 79 Eugene P. Pendergrass … New York, P. B. Hoeber,
114 3558 134 73 inc.,
280 3559 166 58 1926.

251 3649 661 53 xv, 186 p. incl. 23 pl. 22 cm .
187 3718 286 52 “Reprinted,
502 3718 108 46 with
637 3718 240 52 additions,
909 3722 125 43 from
1060 3722 75 45 the
1162 3719 248 48 American
1436 3722 184 50 journal
1647 3724 53 44 of
1726 3724 375 54 Roentgenology

116 3777 37 44 &
184 3776 175 44 radium
390 3776 188 49 therapy
617 3773 205 52 (volume
938 3812 8 13 XIv,
977 3790 74 30 no.
1083 3775 38 51 5;
1152 3778 274 48 November,
1461 3777 166 52 1925)”

186 3830 352 46 “References’:
570 3843 40 38 p.
645 3829 200 47 165-169.

118 3896 54 55 ©
203 3898 99 44 Oct.
332 3896 37 53 5,
403 3898 128 51 1926;
561 3898 62 42 2c.
657 3897 100 44 Oct.
792 3899 73 50 11;
898 3898 78 43 aff.
1009 3898 102 44 Oct.
1146 3899 73 51 14;
1254 3899 43 42 A
1327 3898 190 55 949519;
1554 3901 113 44 Paul
1701 3902 50 45 B.
1784 3903 200 51 Hoeber,
2017 3903 81 45 inc.

195 3955 268 55 (26-18116)
