2609 4293
0 0 0 0 106
490 429 1058 55 6 p. l., [17]-184 p. front. (port.) 22½cm.
419 483 1989 111 © Nov. 14, 1925; 1c. Jan. 15, 1926; 1c. and aff. Feb. 1; A 881818; Post-enquirer
729 544 100 50 pub.
863 559 64 27 co.
997 543 242 54 (26-2998)

419 625 213 73 Orczy,
667 626 357 68 Emmuska,
1068 629 310 56 baroness.

495 703 143 56 Fie!
672 704 144 56 Fie!
848 704 103 57 Sir
983 705 217 71 Percy,
1230 705 84 71 by
1340 705 316 58 Baroness
1690 706 213 73 Orczy.

509 784 58 39 (In
601 782 333 41 Hutchinson’s
966 782 256 51 magazine,
1256 783 117 50 Dec.,
1410 784 126 49 1925)

414 834 1993 62 © 1c. Jan. 12, 1926; A ad int. 7703; pubd. Nov. 17, 1925; Mrs. Montague
487 893 222 52 Barstow,
745 894 202 47 London.

416 977 254 71 O’Rear,
702 978 248 57 Arthur
981 979 67 57 T.

492 1054 128 58 The
672 1059 164 54 most
889 1055 289 72 dynamic
1229 1055 179 74 thing
1457 1056 67 57 in
1574 1058 104 57 the
1728 1059 227 71 world;
2010 1079 37 39 a
2099 1061 189 72 study
2339 1061 67 58 of

415 1150 251 55 prayer,
701 1134 83 72 by
817 1133 246 57 Arthur
1099 1134 67 56 T.
1207 1133 267 59 O’Rear.
1551 1135 343 73 Nashville,
1934 1139 209 72 Tenn.,
410 1137 1971 145 Cokesbury

607 1229 200 54 press,
846 1212 166 56 1925.

486 1287 77 45 175
603 1305 39 37 p.
706 1291 145 42 18½cm.
967 1287 124 54 $1.00

411 1342 54 53 ©
499 1345 108 43 Dec.
640 1345 37 48 9,
712 1344 129 52 1925;
875 1345 63 43 2c.
971 1346 87 42 and
1089 1346 78 42 aff.
1202 1346 98 52 Jan.
1336 1346 64 51 11,
1436 1346 129 52 1926;
1601 1347 44 42 A
1677 1346 189 52 879442;
1904 1348 165 44 Lamar
2102 1349 85 43 and
2223 1350 183 50 Barton,

483 1401 250 44 Nashville.
802 1401 242 54 (26-3367)

414 1487 186 71 Page,
640 1486 219 73 Henry
896 1486 263 73 Savage,
1200 1489 189 56 1868-

493 1564 167 57 Over
681 1565 103 56 the
812 1583 175 53 open,
1014 1565 81 70 by
1116 1565 79 56 H.
1225 1565 61 57 S.
1313 1566 171 71 Page;
1542 1566 360 59 illustrated
1926 1568 83 72 by
2033 1567 71 57 E.
2135 1568 61 57 S.
2285 1587 119 39 Voss.

413 1642 151 56 New
593 1642 189 72 York,
819 1642 64 58 C.
919 1642 294 58 Scribner
1229 1645 45 54 ’s
1310 1662 164 53 sons,
1510 1645 164 55 1925.

481 1717 1336 56 6 p. l., 155 p. col. front., plates (part col.) 22½cm.
482 1775 127 43 “One
642 1775 222 43 thousand
899 1774 148 53 copies
1081 1774 52 44 of
1166 1776 88 43 this
1291 1776 119 43 book
1443 1777 113 42 have
1592 1777 109 42 been
1738 1775 177 54 printed
1949 1776 122 45 from
2104 1784 118 46 type,
2257 1776 147 45 which

409 1830 80 43 has
517 1832 112 42 been
657 1832 268 42 distributed.
998 1846 72 30 no.
1097 1832 121 43 274.”

409 1885 53 53 ©
494 1887 117 44 Nov.
642 1887 64 51 27,
743 1886 129 53 1925;
904 1889 64 41 2c.
999 1887 99 53 Jan.
1129 1888 66 52 20,
1231 1888 130 52 1926;
1394 1889 78 43 aff.
1507 1889 110 42 Dec.
1653 1887 63 54 17,
1751 1888 131 53 1925;
1916 1889 44 43 A
1989 1887 162 46 875971;
2216 1888 188 45 Charles

483 1943 250 46 Scribner’s
773 1959 116 28 sons.
960 1944 242 54 (26-3011)

410 2012 253 74 Parker,
701 2014 237 58 Amasa
973 2013 246 71 Junius,
1259 2017 189 58 1869-
1606 2016 90 58 ed.

488 2091 341 58 Insurance
869 2093 120 57 law
1027 2093 70 57 of
1134 2092 152 58 New
1321 2093 191 73 York,
1553 2093 189 72 being
1779 2093 260 71 chapter
2079 2094 71 56 28
2191 2093 69 58 of
2297 2093 104 57 the

413 2167 446 61 Consolidated
891 2171 171 72 laws,
1098 2172 124 56 and
1257 2171 260 71 chapter
1553 2172 71 56 33
1660 2171 68 58 of
1762 2172 167 72 1909,
1965 2170 322 73 including
2321 2170 83 57 all

409 2250 427 56 amendments
895 2249 66 57 of
1018 2250 167 72 1925,
1239 2248 152 58 with
1445 2251 179 56 notes
1683 2251 124 56 and
1864 2249 399 58 annotations
2320 2249 82 71 by

409 2324 1993 75 Amasa J. Parker, jr. … Albany, N. Y., State printing
408 2406 124 56 and
566 2402 363 75 publishing
966 2424 106 53 co.,
1110 2406 165 56 1925.

479 2481 577 54 1 p. l., 467 p. 23½c m .
409 2537 1993 55 © Jan. 1 2, 1926; 2c. Jan. 22; aff. Jan. 16; A 879468; State printing & pub.
476 2611 64 28 co.
610 2595 241 56 (26-3232)

408 2667 228 72 Payne,
672 2666 246 58 Brodie.

481 2745 1919 75 Your folks and mine, by Brodie Payne … Boston,
407 2825 129 58 The
572 2824 412 72 Christopher
1013 2823 363 75 publishing
1407 2826 192 58 house
1634 2854 14 43 [
1647 2832 19 21 c
1671 2825 165 72 1926]

478 2901 334 52 74 p. 18½ cm .
478 2959 175 44 Poems.

405 3010 54 53 ©
490 3013 98 51 Jan.
622 3012 61 45 12,
718 3011 130 53 1926;
879 3012 65 43 2c.
975 3013 99 51 Jan.
1104 3012 78 53 23;
1216 3013 79 43 aff.
1324 3013 100 52 Jan.
1455 3013 79 51 21;
1567 3012 44 42 A
1644 3011 189 53 883031;
1869 3011 50 43 B.
1952 3012 166 52 Payne,
2150 3010 194 45 Detroit.

483 3067 241 55 (26-3025)

405 3136 181 73 Peck,
619 3141 152 55 Mrs.
808 3137 230 58 Mamie
1081 3138 373 72 (Downard)
1499 3139 190 58 1868-

481 3219 224 59 Poems
738 3219 67 58 of
831 3216 308 75 Yuletide,
1169 3221 124 57 and
1319 3218 211 61 others
1561 3219 67 58 of
1655 3220 104 58 the
1785 3237 136 38 new
1949 3220 123 57 and
2100 3218 102 58 old
2227 3235 172 53 year,

408 3299 78 70 by
530 3297 230 59 Mamie
803 3297 319 59 Downard
1166 3297 180 58 Peck.
1432 3294 377 76 [Corsicana,
1855 3298 165 69 Tex.,
2064 3295 335 57 American

404 3373 285 74 printing
722 3393 322 53 company,
1075 3382 20 22 c
1099 3375 164 72 1926]

474 3449 269 52 cover-title,
776 3449 80 47 [16]
890 3464 40 37 p.
989 3449 54 42 22½cm.

404 3504 53 53 ©
487 3507 107 43 Dec.
628 3508 62 50 18,
724 3506 128 52 1925;
880 3507 65 42 2c.
975 3507 87 42 and
1091 3506 78 43 aff.
1199 3506 100 53 Jan.
1330 3504 67 54 25,
1428 3505 130 53 1926;
1592 3506 43 42 A
1665 3505 188 52 883041;
1889 3507 65 41 M.
1987 3505 56 43 D.
2077 3504 135 50 Peck,
474 3503 1902 111 Corsicana,

637 3562 114 44 Tex.
821 3562 242 55 (26-3277)

405 3630 214 60 Pierce
655 3632 346 74 petroleum
1036 3631 413 72 corporation.

481 3711 289 57 Pennant
799 3710 350 72 petroleum
1182 3709 300 71 products
1519 3710 124 56 and
1674 3708 166 57 their
1874 3706 298 58 scientific
406 3706 1971 154 application,

681 3788 84 72 by
815 3788 103 58 the
973 3787 431 73 Engineering
1456 3787 400 71 department
1908 3785 68 58 of
2028 3784 101 59 the
2182 3783 218 59 Pierce

405 3864 1575 75 petroleum corporation … [New York] c 1925.
