2542 4285
0 0 0 0 739
72 418 1972 60 © Apr. 20, 1926; 1c. June 15; A—Foreign 31185; H. de Montherlant, Paris.
148 478 267 57 (26-13645)

70 551 238 67 Müller,
354 549 332 58 Johannes.

147 639 340 58 Grundriss
535 640 108 54 der
691 636 335 58 deutschen
1074 636 297 71 Statistik,
1416 654 121 37 von
1585 636 89 55 dr.
1725 635 320 57 Johannes

71 711 1975 72 Müller … 3. t. Deutsche bevölkerungsstatistik … Jena,
72 794 66 57 G.
172 792 276 72 Fischer,
479 793 162 55 1926.

134 869 89 49 viii,
256 868 82 43 280
370 882 39 37 p.
469 867 153 43 tables.
681 866 54 43 26
741 869 47 18 cm
793 901 9 9 .

66 919 1703 58 © Mar. 20, 1926; 1c. July 7; A —Foreign 31575; Gustav Fischer.
64 994 233 71 Nesbit,
336 993 291 69 William,
672 1012 192 54 comp.

140 1069 334 59 Electrical
516 1068 500 59 characteristics
1063 1067 76 67 of.
1169 1067 443 58 transmission
1652 1066 273 74 circuits,
1968 1068 83 72 by

64 1143 1918 74 Westinghouse engineers, compiled by William Nesbit …
65 1227 76 55 3d
177 1226 111 69 ed.,
326 1225 164 57 1926.
569 1224 159 58 East
768 1222 388 74 Pittsburgh,
1198 1223 129 71 Pa.,
1365 1220 483 73 Westinghouse
63 1222 1963 137 technical
252 1301 179 71 night
462 1301 207 57 school
699 1319 199 53 press,
933 1301 165 56 1926.

132 1375 76 53 vii,
239 1376 82 50 317.
349 1391 39 38 p.
420 1375 102 45 incl.
552 1376 156 53 tables,
741 1374 171 55 diagrs.
969 1377 52 43 31
1030 1379 47 18 cm
1083 1415 9 9 .

134 1430 141 46 “This
307 1431 171 45 edition
514 1431 269 46 constitutes
818 1450 25 27 a
879 1432 139 53 slight
1053 1431 202 44 revision
1290 1433 101 52 plus
1427 1451 25 27 a
1488 1433 127 53 large
1648 1431 209 45 addition
1892 1441 49 36 to
1973 1433 78 45 the

64 1486 197 55 original
299 1487 197 52 articles,
535 1485 257 48 ‘Electrical
831 1487 369 45 characteristics
1241 1488 53 43 of
1334 1487 324 45 transmission
1697 1487 202 45 circuits’
66 1490 1963 98 published
253 1542 186 55 serially
479 1543 46 44 in
564 1543 77 45 the
683 1542 200 47 Electric
923 1542 188 53 journal
1154 1542 90 45 and
1287 1543 118 46 later
1445 1542 46 45 in
1535 1543 123 45 book
1703 1544 126 44 form
1872 1545 60 55 by
1973 1545 78 45 the

65 1599 360 53 Westinghouse
461 1599 180 44 electric
675 1598 91 46 and
801 1598 382 56 manufacturing
1216 1600 95 44 co.”

134 1654 366 53 Bibliographies
518 1670 10 28 :
556 1670 42 37 p.
629 1656 25 42 3
684 1655 91 44 and
808 1656 90 43 192.

67 1710 52 53 ©
149 1713 111 51 May
287 1710 65 52 25,
386 1711 127 51 1926;
544 1712 63 42 2c.
637 1713 116 51 June
780 1712 77 51 28;
890 1712 78 42 aff.
997 1712 112 51 June
1137 1711 79 53 26;
1248 1712 44 42 A
1322 1711 188 54 897250;
1544 1712 352 54 Westinghouse
134 1714 1892 97 technical
284 1767 127 53 night
444 1768 153 43 school
632 1783 137 36 press.
839 1768 269 54 (26-13068)

64 1837 418 70 Odd-fellows,
546 1838 428 72 Independent
1034 1839 185 57 order
1278 1839 83 58 of.
1442 1840 348 75 Sovereign
1848 1843 202 72 grand

137 1917 197 71 lodge.

141 1992 166 60 Code
355 1993 67 58 of
466 1994 150 56 laws
664 1992 103 58 for
812 1992 104 59 the
961 1999 409 66 government
1417 1994 68 57 of
1529 1995 104 59 the
1682 1995 367 62 Patriarchs

65 2072 289 71 militant,
376 2073 270 68 adopted
663 2072 81 71 by
761 2073 103 54 the
896 2072 342 72 Sovereign
1266 2074 201 71 grand
1486 2073 198 73 lodge,
1705 2074 49 56 I.
1778 2073 66 59 O.
1871 2075 67 57 O.
1961 2075 91 73 F.,

64 2146 382 73 September,
489 2148 165 74 1925,
695 2147 321 72 including
1058 2147 267 60 Medical
1369 2151 399 71 department
62 2151 1965 131 regulations.
344 2224 363 72 Baltimore,
771 2225 145 71 Md.,
982 2226 129 57 The
1176 2224 344 74 Sovereign
1584 2228 201 71 grand
1848 2229 204 72 lodge,

65 2304 47 55 I.
151 2303 67 57 O.
256 2304 66 57 O.
362 2304 89 71 F.,
489 2305 162 55 1926.

131 2377 585 55 5 p. l ., [5]-90 p. 23 cm .
66 2434 51 54 ©
147 2437 117 42 Mar.
293 2437 66 50 31,
391 2436 127 52 1926;
549 2437 64 42 2c.
642 2437 85 42 and
756 2437 79 42 aff.
863 2437 112 51 Apr.
1006 2436 48 53 5;
1086 2438 44 42 A
1160 2436 189 53 890179;
1385 2437 248 54 Sovereign
1660 2440 146 53 grand
1835 2440 133 52 lodge
1998 2441 52 45 of

134 2492 74 44 the
241 2493 300 52 Independent
572 2494 134 42 order
737 2493 51 44 of
817 2495 90 43 odd
939 2494 188 44 fellows.
1197 2493 269 56 (26-13097)

62 2548 99 59 Oil
198 2549 219 71 engine
455 2565 222 58 power,
714 2551 150 58 New
905 2552 186 57 York.

205 2626 1845 79 … Oil engine power plant handbook, produced by the
64 2704 153 58 staff
248 2704 68 58 of
350 2703 99 59 Oil
483 2703 217 72 engine
734 2724 226 53 power.
1037 2707 152 57 New
1221 2707 191 72 York,
1450 2707 99 59 Oil
1585 2708 219 72 engine
1839 2728 211 54 power

63 2811 13 43 [
79 2790 18 22 c
100 2782 164 72 1925]

134 2859 76 45 192
243 2872 41 38 p.
345 2857 133 50 illus.,
511 2856 170 54 diagrs.
742 2859 55 46 26½
831 2862 47 17 cm
883 2893 10 10 .

129 2914 65 44 At
222 2912 119 45 head
372 2913 53 45 of
453 2913 124 46 title;
609 2913 126 47 First
764 2914 187 46 edition.

133 2965 221 49 Contains
386 2969 285 57 advertising
700 2978 181 38 matter.

66 3025 1959 117 © Oct. 1, 1925; 1c. and aff. June 16; 1c. June 30; A 899655; Miller-Freeman publications, New York. (26-13069)
66 3140 356 58 Oklahoma.
501 3143 200 73 Laws,
739 3149 285 69 statutes,
1065 3150 109 53 etc.

140 3219 317 57 Harlow’s
496 3221 392 70 supplement
921 3226 62 53 to
1020 3224 102 55 the
1161 3221 321 74 Compiled
1520 3226 343 57 Oklahoma
67 3231 1960 136 statutes,
262 3297 163 56 1921.
504 3296 297 59 Contains
841 3299 83 56 all
961 3302 256 69 general
1255 3305 380 55 enactments
1678 3304 67 55 of
1780 3304 103 57 the
69 3324 1952 105 session
228 3373 149 57 laws
407 3374 65 56 of
498 3376 162 71 1923,
691 3377 261 55 1923-24
980 3379 122 56 and
1128 3380 166 69 1925,
1323 3381 219 69 except
1568 3382 481 70 appropriation

66 3450 139 56 bills
249 3452 122 55 and
412 3451 156 56 local
610 3456 148 53 acts.
841 3454 361 58 Annotated
1244 3460 63 53 to
1354 3457 83 56 all
1480 3458 305 57 decisions
1832 3460 68 56 of
1942 3460 103 57 the

69 3526 340 57 Oklahoma
443 3527 300 72 Supreme
780 3534 179 54 court
993 3534 122 55 and
1153 3533 344 57 Oklahoma
1534 3533 302 59 Criminal
1871 3540 177 55 court

68 3603 66 56 of
185 3605 276 71 appeals,
512 3607 288 71 together
845 3608 150 57 with
1045 3610 84 55 all
1179 3611 306 57 decisions
1541 3612 68 55 of
1657 3613 102 57 the
1811 3613 236 60 United

69 3679 210 58 States
329 3680 299 72 Supreme
676 3688 194 69 court,
919 3688 122 55 and
1090 3687 268 57 Federal
1406 3693 228 68 courts,
1682 3692 367 73 construing

69 3759 265 56 sections
369 3759 67 56 of
465 3759 101 57 the
600 3760 343 59 Oklahoma
973 3766 266 55 statutes
1274 3784 73 37 or
1378 3765 343 59 Oklahoma
68 3770 1957 120 constitution
244 3835 166 57 since
453 3838 162 54 1921.
702 3836 307 61 Citations
1058 3860 106 37 are
1209 3845 62 53 to
1318 3843 102 56 the
1468 3843 233 58 Official
1746 3850 160 53 state
1954 3868 91 37 re-
