2542 4285
1357 3977 110 55 910

415 340 252 72 George,
706 337 242 59 Walter
982 334 234 59 Lionel.

494 429 296 59 Children
819 429 66 56 of
916 429 103 56 the
1049 427 307 71 morning,
1441 427 174 70 chap.
1648 428 32 55 6
1723 425 261 72 (contd.)

508 525 58 38 (In
596 520 304 51 Fortnightly
932 520 181 51 review,
1143 519 132 52 Aug.,
1308 519 126 51 1926)

414 586 1985 57 © 1c. Sept. 25, 1926; A ad int. 8563; pubd. Aug. 1; G. P. Putnam’s sons,
486 648 115 44 New
636 648 141 43 York.

415 746 285 73 Georgia.
783 748 300 71 Supreme
1124 751 190 52 court.

492 836 1910 74 Reports of cases decided … at the March and October
414 921 211 67 terms,
672 917 165 55 1925.
922 935 56 37 v.
1026 916 126 55 161.
1241 915 263 58 Stevens
1551 916 123 56 and
1720 915 294 72 Graham,
2062 918 339 69 reporters.

413 995 279 71 Atlanta,
733 994 127 57 The
894 993 316 57 Harrison
1248 1012 322 54 company,
1609 994 165 56 1926.

482 1084 126 52 xxvi,
643 1083 103 44 1063
780 1098 40 38 p.
879 1083 53 44 23
940 1086 47 18 cm
993 1118 9 10 .

415 1154 53 54 ©
495 1156 117 52 Aug.
638 1155 66 53 28,
736 1156 129 50 1926;
894 1155 63 43 2c.
986 1156 87 42 and
1098 1155 77 43 aff.
1209 1153 120 54 Sept.
1361 1155 46 51 1;
1436 1154 43 42 A
1507 1152 188 54 901705;
1730 1152 126 48 State
1885 1154 50 44 of
1964 1153 210 54 Georgia,
2201 1155 202 44 Atlanta.

414 1269 208 74 Gibbs,
655 1272 153 55 Mrs.
846 1270 331 57 Jeannette
1220 1268 327 74 (Phillips)

490 1360 220 59 Portia
742 1360 287 72 marries,
1065 1362 82 70 by
1180 1361 336 58 Jeannette
1555 1360 266 73 Phillips
1861 1360 207 59 Gibbs.
2146 1362 259 71 Boston,

411 1438 210 72 Little,
647 1438 249 72 Brown,
925 1438 124 58 and
1076 1457 322 57 company,
1430 1439 167 57 1926.

482 1527 643 54 4 p. 1, [3]-296 p. 19½ cm .
412 1598 56 54 ©
497 1600 118 52 Aug.
644 1600 67 49 20,
742 1599 129 47 1926;
901 1600 65 42 2c.
997 1600 86 43 and
1112 1600 78 42 aff.
1220 1600 120 53 Aug.
1369 1597 78 55 25;
1480 1600 43 42 A
1555 1599 188 54 897929;
1774 1600 151 52 Little,
1957 1601 182 53 Brown,
2169 1602 86 43 and
484 1617 1900 92 company.
682 1655 271 55 (26-14917)

413 1755 310 71 Giesecke,
763 1756 341 57 Frederick
1139 1757 244 68 Ernest,
1423 1759 190 56 1869-

489 1847 1918 73 Descriptive geometry, by F. E. Giesecke … and A.
414 1925 1998 73 Mitchell … 6th ed. Austin, Tex., Austin-Texas book
413 2024 107 51 co.,
558 2006 165 55 1926.

487 2094 76 44 160
593 2110 40 38 p.
694 2094 128 51 illus,
854 2093 167 54 diagrs.
1081 2095 53 43 23½
1170 2096 46 18 cm
1223 2129 9 8 .

416 2164 53 54 ©
505 2167 118 52 Aug.
662 2168 62 48 11,
763 2166 131 51 1926;
930 2166 64 42 2c.
1028 2165 120 52 Aug.
1189 2165 75 52 16;
1301 2165 78 43 aff.
1415 2165 118 53 Aug.
1575 2166 72 51 14;
1688 2166 43 41 A
1767 2164 189 54 901467;
1995 2165 50 44 F.
2083 2165 51 48 E.
2176 2165 231 54 Giesecke,

484 2223 179 51 Austin,
710 2223 115 43 Tex.
895 2223 270 54 (26-14891)

412 2323 224 71 Gooch,
671 2323 215 57 Frank
915 2322 247 70 Austin,
1198 2326 189 56 1852-

491 2415 130 58 The
661 2414 248 73 history
951 2415 67 57 of
1061 2434 34 37 a
1138 2434 309 53 surname,
1491 2415 149 57 with
1683 2435 167 39 some
1891 2421 261 53 account
2194 2417 67 57 of
2302 2417 103 57 the

414 2493 120 58 line
571 2494 66 57 of
670 2493 165 58 John
875 2492 208 58 Gooch
1116 2493 66 57 in
1216 2493 151 57 New
1401 2492 322 74 England;
1760 2493 306 73 compiled
2099 2494 170 58 from
2301 2494 105 59 the

414 2572 252 57 records
718 2572 67 57 of
834 2571 102 57 the
986 2572 127 57 late
1165 2571 253 59 Samuel
1467 2571 288 58 Henfield
1805 2571 207 59 Gooch
2059 2574 84 70 by
2191 2572 212 58 Frank

412 2650 230 57 Austin
671 2649 225 59 Gooch.
965 2649 150 56 New
1141 2648 242 73 Haven,
1412 2649 265 58 Printed
1704 2649 105 58 for
1833 2650 103 57 the
1965 2649 244 73 author,
2238 2651 165 56 1926.

484 2727 22 45 5
534 2744 40 36 p.
623 2764 23 13 l.,
678 2728 76 44 160
784 2744 38 36 p.
880 2728 114 43 illus.
1032 2728 143 51 (map,
1204 2735 123 37 coats
1357 2728 50 44 of
1434 2728 149 50 arms)
1621 2743 25 37 pl.
1720 2736 139 43 ports.
1916 2726 53 46 27½
2004 2730 47 18 cm
2057 2762 8 9 .

416 2782 53 54 ©
496 2783 104 54 July
626 2783 63 50 30,
723 2784 129 51 1926;
881 2784 64 43 2c.
973 2784 86 42 and
1086 2784 77 42 aff.
1192 2783 106 53 July
1324 2784 78 51 31;
1433 2783 43 42 A
1505 2783 188 52 901336;
1723 2782 49 44 F.
1801 2784 56 43 A.
1888 2783 167 52 Gooch,
2087 2784 116 43 New
2231 2784 175 42 Haven.

494 2839 269 56 (26-14355)

417 2940 227 73 Gordy,
675 2940 249 60 Wilbur
952 2939 170 73 Fisk,
1155 2942 188 57 1854-

492 3032 241 61 Stories
785 3036 68 57 of
907 3032 174 73 early
1129 3032 337 59 American
1513 3032 264 74 history,
1828 3035 84 70 by
1959 3032 249 60 Wilbur
2259 3032 149 58 Fisk

414 3111 231 72 Gordy,
671 3110 154 60 with
849 3130 180 53 maps
1063 3113 123 57 and
1214 3108 437 61 illustrations.
1733 3109 153 60 New
1914 3111 189 72 York,
2139 3108 268 75 Chicago

416 3191 144 71 [etc.]
596 3189 65 59 C.
695 3188 354 60 Scribner’s
1085 3206 142 42 sons
1260 3218 12 42 [
1274 3196 19 21 c
1298 3188 164 73 1926]

486 3266 915 53 ix, 228 p. incl. front. illus. 19½ cm .
415 3320 54 54 ©
499 3322 106 53 July
640 3322 62 51 16,
736 3321 128 51 1926;
897 3322 64 42 2c.
993 3321 120 52 Aug.
1150 3321 73 51 18;
1254 3321 81 42 aff.
1366 3321 119 52 Aug.
1522 3322 74 50 14;
1632 3321 42 42 A
1707 3318 190 55 901538;
1934 3319 186 46 Charles
2158 3319 247 47 Scribner’s

488 3395 114 28 sons.
672 3379 270 54 (26-14841)

416 3480 289 67 Graham,
740 3478 244 59 Walter
1015 3479 231 71 James,
1281 3481 188 56 1885-

492 3572 127 57 The
646 3569 371 76 beginnings
1044 3574 67 57 of
1139 3569 269 75 English
1431 3569 266 75 literary
1721 3569 408 75 periodicals;
2158 3593 36 38 a
2223 3571 185 73 study

415 3647 1926 74 of periodical literature, 1665-1715, by Walter Graham …
414 3728 151 57 New
591 3727 189 67 York,
811 3728 259 57 London
1102 3731 145 69 [etc.]
1280 3726 244 60 Oxford
1552 3724 354 75 university
1932 3745 202 54 press,
2165 3726 165 57 1926.

487 3802 1042 54 iv p, 2 l., 92 p. front. facsims. 23½ cm .
417 3858 54 53 ©
501 3860 117 51 Aug.
652 3860 39 50 9,
724 3860 129 50 1926;
886 3859 62 43 2c.
981 3859 88 43 and
1099 3859 77 43 aff.
1208 3859 119 52 Aug.
1364 3860 75 51 18;
1473 3859 43 42 A
1548 3856 188 55 897856;
1771 3858 185 44 Oxford
1986 3857 248 53 university
2267 3872 139 38 press,

487 3917 244 43 American
765 3916 181 44 branch.
1016 3915 270 54 (26-14936)
