2542 4285
1093 4009 150 57 1197

146 404 324 71 Clements,
512 400 177 60 Colin
728 397 336 75 Campbell,
1104 397 187 58 1894-

224 495 173 71 They
427 495 76 56 do
537 493 137 69 not;
708 490 103 58 the
844 489 218 57 letters
1098 487 67 57 of
1198 506 38 37 a
1265 482 550 75 nonprofessional
1846 482 148 72 lady
148 501 1955 143 arranged

409 571 106 56 for
539 567 204 74 public
772 565 451 72 consumption,
1248 564 84 71 by
1360 561 180 60 Colin
1567 558 329 75 Clements,
145 560 1958 161 knowingly

364 646 356 59 illustrated
767 644 82 71 by
896 663 35 37 a
976 643 165 56 bond
1190 640 328 59 salesman.
1605 637 256 74 Boston,
1912 636 211 75 Small,

149 725 311 72 Maynard
487 723 49 55 &
567 739 304 54 company
904 749 13 43 [
918 727 20 23 c
941 720 164 74 1926]

218 802 73 44 191
328 815 38 39 p.
399 799 99 44 incl.
531 798 151 52 front.,
715 795 114 46 illus.
893 796 50 44 19
949 798 46 18 cm
1001 830 10 10 .

218 857 210 45 Lettered
457 870 57 30 on
544 869 134 29 cover:
735 854 71 44 Do
834 852 251 53 gentlemen
1115 850 150 53 prefer
1294 850 216 44 blondes?
1570 848 129 54 They
1727 849 60 44 do
1811 854 91 39 not.

145 913 52 54 ©
226 913 121 53 Sept.
372 914 66 49 29,
470 912 104 44 1926;
626 912 64 42 2c.
718 910 86 45 and
831 911 77 42 aff.
939 910 100 43 Oct.
1066 909 26 42 2;
1144 909 44 42 A
1214 907 163 45 949323;
1436 905 156 53 Small,
1614 905 232 53 Maynard
1873 905 37 44 &
1936 919 79 37 co.,
2044 905 84 44 inc.

223 970 268 56 (26-18169)

150 1069 224 73 Cohen,
408 1069 233 57 Lester.

228 1159 379 73 Sweepings,
634 1158 84 71 by
743 1157 226 58 Lester
997 1155 226 59 Cohen.
1293 1155 152 57 New
1469 1152 191 74 York,
1688 1152 163 58 Boni
1878 1152 50 57 &
149 1152 1959 158 Liveright,

374 1237 164 56 1926.

216 1313 82 44 447
329 1327 39 39 p.
433 1312 49 44 19½
516 1315 16 17 cm
568 1346 10 9 .

147 1369 53 54 ©
229 1369 119 53 Sept.
379 1370 64 50 18,
473 1368 104 44 1926;
626 1369 65 42 2c.
720 1368 101 44 Oct.
852 1369 75 51 19;
955 1367 79 43 aff.
1064 1366 101 45 Oct.
1193 1364 22 46 5;
1271 1365 45 43 A
1342 1365 160 45 949611;
1565 1364 114 45 Boni
1707 1365 37 45 &
1774 1363 248 54 Liveright,
2050 1363 82 44 inc.

225 1426 268 56 (26-18162)

155 1509 237 74 Colvin,
429 1509 207 58 David
668 1508 215 74 Leigh,
922 1510 148 58 1880-

223 1601 391 59 Prohibition
643 1602 65 57 in
738 1603 103 58 the
872 1597 235 63 United
1140 1601 211 59 States;
1415 1622 36 38 a
1478 1598 248 74 history
1756 1600 66 57 of
1853 1599 103 58 the
147 1600 1966 140 Prohibition

447 1682 208 71 party,
696 1681 123 57 and
859 1679 66 59 of
965 1680 102 57 the
1108 1676 385 75 prohibition
1532 1680 367 69 movement,
1940 1678 82 72 by
2064 1678 73 56 D.

149 1757 195 75 Leigh
381 1756 234 73 Colvin,
744 1806 13 12 PH.
835 1802 10 10 D.
928 1757 150 57 New
1115 1755 186 73 York,
1338 1754 241 74 George
1617 1755 78 57 H.
1730 1755 219 58 Doran
149 1774 1967 136 company
350 1866 12 44 [
362 1844 20 22 c
386 1836 163 72 1926]

252 1911 637 55 x p., 1 l., 13-678 p. 22 cm .
223 1970 216 47 Contains
470 1967 366 53 bibliographies.

151 2023 55 54 ©
236 2025 99 44 Oct.
369 2023 60 52 15,
462 2023 127 52 1926;
618 2023 64 43 2c.
714 2022 102 45 Oct.
841 2020 51 43 21;
953 2021 78 43 aff.
1062 2022 101 43 Oct.
1190 2021 80 53 20;
1298 2020 45 43 A
1370 2019 189 54 949650;
1591 2019 177 55 George
1798 2021 62 43 H.
1889 2022 159 43 Doran
2075 2036 66 30 co.

231 2079 269 58 (26-18637)

161 2163 235 72 Conlin,
437 2165 217 73 Henry
690 2164 69 58 E.

233 2254 374 74 Prosperity
638 2254 271 73 through
940 2252 421 75 personality;
1392 2255 138 56 how
1561 2258 63 55 to
1658 2254 251 74 acquire
1941 2254 52 59 it
2025 2256 123 58 and

158 2329 1990 79 how to avoid failure, by H. E. Conlin … Boston, The
161 2410 411 73 Christopher
604 2407 362 76 publishing
996 2408 193 59 house
1227 2438 14 43 [
1241 2417 19 23 c
1265 2410 164 74 1926]

228 2487 51 47 95
311 2503 39 39 p.
409 2489 50 43 21
469 2490 47 18 cm
522 2521 9 10 .

156 2545 55 53 ©
235 2546 101 45 Oct.
363 2546 64 50 11,
455 2544 127 52 1926;
607 2544 64 44 2c.
697 2545 100 43 Oct.
826 2545 74 51 19;
926 2544 78 43 aff.
1032 2543 100 45 Oct.
1153 2544 81 52 20;
1259 2543 45 44 A
1329 2541 189 55 950538;
1549 2541 295 58 Christopher
1867 2544 101 53 pub.
1994 2543 151 45 house.

236 2600 270 57 (26-19015)

163 2686 183 71 Cook,
386 2689 201 70 Peter,
627 2688 189 59 1872-

238 2776 268 60 Instinct
536 2777 65 56 in
632 2778 103 57 the
768 2778 113 57 cell
913 2778 123 57 and
1067 2777 319 73 organism;
1452 2797 36 39 a
1521 2776 242 75 genetic
1794 2782 258 55 account
2085 2778 67 59 of

165 2857 99 56 the
301 2855 229 72 primal
562 2874 208 53 urges,
804 2854 299 73 impulses
1140 2856 122 56 and
1298 2855 383 59 reactivities
1721 2855 68 59 of
1825 2855 197 73 living
164 2875 1965 131 organisms,

500 2932 151 58 with
694 2930 232 74 special
965 2931 320 60 reference
1326 2936 64 55 to
1434 2933 104 58 the
1580 2932 432 74 evolutionary
164 2933 1965 150 development

557 3007 1593 79 of the human psychic life … by Neander P.
168 3083 1878 82 Cook … Alhambra, Calif., The Weimar press [ c 1926]
231 3166 80 50 xii,
344 3167 80 43 244
457 3181 40 39 p.
556 3163 115 46 illus.
730 3165 55 44 24
790 3166 48 19 cm
844 3198 9 11 .

238 3221 352 56 Bibliography:
622 3236 40 39 p.
694 3220 95 46 242.

498 3281 134 50 CONTENTS.—pt.
700 3311 12 11 1.
748 3275 100 47 The
885 3275 256 47 instinctive
1178 3275 307 57 functionings
1523 3276 52 44 of
1610 3276 74 46 the
1720 3275 223 56 cell.—pt.
1980 3283 41 39 2.
2056 3275 101 46 The

168 3336 175 54 genetic
374 3336 308 52 development
713 3334 51 44 of
794 3334 74 45 the
901 3334 184 53 psychic
1118 3337 317 51 powers.—pt.
1466 3340 40 38 3.
1540 3333 195 47 Instinct
1765 3333 46 44 in
1842 3334 76 46 the
169 3334 1968 103 development

319 3392 49 45 of
395 3393 75 43 the
500 3391 135 45 social
665 3391 92 44 life.

168 3448 52 54 ©
251 3450 100 44 Oct.
378 3449 40 50 2,
451 3448 105 44 1926;
608 3449 67 42 2c.
705 3448 87 43 and
822 3447 77 44 aff.
932 3447 101 45 Oct.
1067 3449 74 50 13;
1172 3448 44 42 A
1246 3444 189 56 950458;
1468 3447 50 43 P.
1553 3445 140 54 Cook,
1721 3446 264 52 Alhambra,
2020 3444 134 47 Calif.

246 3505 270 56 (26-18149)

175 3590 184 73 Cook,
396 3590 279 60 William
708 3589 317 73 Adelbert,
1063 3593 188 57 1881-

244 3681 170 75 High
444 3680 207 60 school
681 3680 526 74 administration,
1236 3685 83 72 by
1346 3680 279 63 William
1654 3682 303 62 Adelbert
1989 3684 169 59 Cook

236 3756 1499 80 … Baltimore, Warwick & York, inc., 1926.
240 3838 61 51 ix,
331 3838 82 48 378
441 3852 41 37 p.
545 3838 50 44 19½
628 3840 16 18 cm
682 3874 8 8 .

174 3890 52 54 ©
254 3892 115 53 June
397 3894 38 49 8,
469 3891 128 52 1926;
626 3892 65 43 2c.
721 3891 118 53 Aug.
874 3892 74 52 19;
980 3892 78 43 aff.
1090 3892 100 45 Oct.
1224 3891 75 54 16;
1331 3892 45 43 A
1406 3891 160 46 949551;
1629 3893 236 47 Warwick
1896 3896 88 44 and
2013 3896 133 44 York,
289 3964 38 31 inc.
393 3948 269 56 (26-18302)
