2609 4293
1450 3984 109 56 156

555 423 1978 88 Frederick A. Osborn … Seattle, University book store,
556 503 164 59 1925.

619 593 1691 69 5 p. l., 291 p. illus. (1 col.) col. plates, diagrs. 22½ cm . $3.00
617 664 219 46 Contains
860 666 269 46 references.

551 730 53 55 ©
634 734 107 42 Dec.
772 734 65 50 31,
875 733 128 53 1925;
1037 735 65 44 2c.
1134 737 98 50 Jan.
1269 736 63 54 12,
1369 739 128 51 1926;
1533 739 78 44 aff.
1646 740 106 44 Feb.
1785 742 49 52 9;
1869 744 43 41 A
1945 744 187 54 883226;
2167 746 49 44 F.
2250 749 56 43 A.
2341 749 193 53 Osborn,

621 789 182 46 Seattle.
872 789 241 55 (26-4687)

548 887 304 74 Papelier,
888 891 287 73 Georges.

622 980 1912 85 Exercices de g é om é tri e moderne, precedes de l ’expose
579 1058 1888 84 élémentaire des principales theories; par G. Papelier …
545 1135 1987 85 Tome II . Transversales. Paris, Librairie Vuibert, 1926.
608 1224 611 55 2 p. l., 81 p., 1 l. 23 cm .
542 1291 1333 62 © Jan. 8, 1926; 1c. Feb. 19; A—Foreign 30223;
1917 1301 220 45 Librairie
2175 1303 208 46 Vuibert.

539 1405 357 77 Phillpotts,
938 1408 192 73 Eden,
1172 1412 189 57 1862-

615 1499 240 74 George
884 1500 349 72 Westover,
1263 1502 83 72 by
1373 1502 179 58 Eden
1582 1502 359 75 Phillpotts.
2003 1505 152 59 New
2183 1506 188 75 York,
2403 1510 128 56 The

537 1576 358 60 Macmillan
926 1596 322 55 company,
1282 1580 164 57 1926.

603 1666 556 57 3 p. l., 285 p. 19½ cm .
535 1736 54 56 ©
614 1738 106 45 Feb.
742 1739 69 52 23,
839 1740 129 52 1926;
992 1741 66 42 2c.
1085 1741 86 43 and
1197 1742 78 42 aff.
1302 1739 108 46 Feb.
1433 1742 78 51 24;
1540 1742 43 43 A
1610 1740 189 55 879631;
1832 1742 263 47 Macmillan
2122 1761 66 28 co.

612 1795 242 55 (26-4778)

534 1892 257 75 Phipps,
830 1894 121 57 Lee
987 1893 224 73 Ralph.

608 1986 279 72 Popular
924 1989 438 71 amusements,
1398 1989 382 60 destructive
1815 1992 127 57 and
1974 1989 434 77 constructive,
2442 1993 83 73 by

531 2061 1992 82 Lee Ralph Phipps … John Emory Roberts and DeWitt
531 2139 194 75 Miley
761 2138 262 78 Phipps,
1102 2190 11 11 A.
1194 2192 11 11 B.
1285 2143 343 74 Nashville,
1668 2145 212 72 Tenn.,
1923 2145 318 61 Cokesbury
2327 2167 195 54 press,

530 2220 164 57 1925.

594 2304 96 52 xiii,
719 2306 81 45 233
825 2319 43 37 p.
932 2306 49 44 19½
1016 2307 46 19 cm
1068 2341 9 9 .

596 2373 360 55 “Bibliography
984 2393 60 28 on
1071 2383 303 39 amusements
1399 2380 88 43 and
1513 2377 308 48 recreation”:
1847 2393 41 38 p.
1914 2377 219 55 225-228;
2163 2380 355 55 “Bibliography

524 2448 60 30 on
613 2432 184 45 radio”:
825 2446 42 38 p.
894 2431 206 47 232-233.

525 2497 53 55 ©
610 2500 107 43 Dec.
750 2501 36 49 4,
824 2498 128 53 1925;
986 2501 64 42 2c.
1084 2502 86 42 and
1203 2502 78 42 aff.
1313 2502 99 52 Jan.
1447 2503 64 51 11,
1547 2501 129 53 1926;
1711 2503 44 42 A
1790 2501 189 55 879443;
2014 2504 167 45 Lamar
2211 2506 86 44 and
2332 2509 184 49 Barton,

595 2555 252 46 Nashville.
916 2555 242 56 (26-4680)

524 2654 331 73 Prashker,
891 2655 208 60 Louis.

601 2743 1848 84 Cases on law of partnership [by] Louis Prashker …
523 2823 352 75 [Brooklyn,
903 2834 21 21 c
926 2825 165 72 1926]

589 2913 522 57 4 p. l., 270 p. 23 cm .
519 2981 54 56 ©
605 2984 105 44 Feb.
744 2986 62 50 11,
839 2985 129 52 1926;
998 2985 64 44 2c.
1092 2986 88 42 and
1209 2986 79 42 aff.
1319 2984 108 45 Feb.
1462 2985 72 53 12;
1566 2987 43 41 A
1640 2984 188 54 883254;
1863 2987 49 42 L.
1947 2986 243 53 Prashker,
2222 2986 116 46 New
2369 2988 143 43 York.

595 3039 242 57 (26-4495)

594 3139 282 60 Outlines
913 3140 68 58 of
1015 3142 102 57 the
1152 3141 120 56 law
1308 3142 66 56 of
1409 3139 428 75 partnership,
1871 3140 319 74 including
2224 3141 104 58 the
514 3132 1975 152 Uniform
720 3216 409 76 partnership
1174 3221 116 69 act,

1332 3219 103 58 the
1479 3216 299 63 Uniform
1821 3217 240 60 limited
2103 3216 408 76 partnership

515 3299 116 69 act,
692 3298 123 57 and
871 3297 104 58 the
1034 3296 297 60 Uniform
1390 3296 367 58 fraudulent
1816 3314 385 54 conveyance
2264 3299 115 70 act,
2440 3315 70 38 as

514 3375 271 71 adopted
811 3375 67 57 in
904 3375 153 57 New
1078 3374 206 71 York;
1310 3376 104 56 the
1440 3373 412 74 Bankruptcy
1878 3377 99 55 act
2006 3374 69 59 of
2101 3375 166 68 1898,
2297 3392 116 40 sec.
2444 3375 65 67 5;

512 3453 166 57 form
724 3453 68 57 of
838 3455 359 71 agreement
1246 3453 67 58 of
1360 3450 480 75 copartnership
1888 3453 123 57 and
2058 3450 336 60 certificate
2442 3450 68 59 of

511 3530 344 60 formation
897 3531 68 57 of
1005 3529 243 59 limited
1289 3527 424 75 partnership.
1817 3529 98 72 By
1955 3528 191 59 Louis
2190 3527 319 59 Prashker

577 3605 843 77 … Brooklyn, N. Y., 1926.
583 3694 803 61 1 p. l, vii p., 1 l. , 117 p. 23 cm .
580 3755 261 54 “Prepared
876 3754 238 54 primarily
1154 3754 79 46 for
1269 3754 76 48 the
1382 3770 78 29 use
1498 3754 51 46 of
1587 3755 202 43 students
1827 3753 53 43 of
1918 3753 74 45 the
2035 3750 63 49 St.
2137 3751 158 54 John’s
2334 3750 171 54 college

508 3812 154 46 school
692 3813 51 45 of
773 3809 314 50 law.”—Pref.

508 3868 53 55 ©
593 3870 107 44 Feb.
737 3870 60 51 16,
835 3869 129 52 1926;
1000 3870 66 43 2c:
1098 3869 218 47 Feb.‘17;
1349 3869 80 43 aff.
1462 3867 108 46 Feb.
1602 3869 77 48 23;
1717 3869 45 41 A
1794 3865 191 53 883405;
2019 3866 51 44 L.
2103 3864 246 53 Prashker,
2382 3865 118 43 New

575 3927 142 43 York.
793 3924 242 56 (26-4782)
