2542 4285
0 0 0 0 230
436 313 320 70 Fontaine,
793 313 214 59 Henri.

512 404 503 71 Responsabilité
1052 404 177 58 civile
1270 409 59 53 et
1365 407 220 69 pénale
1625 426 76 37 en
1733 407 259 58 matière
2031 409 75 57 de
2147 409 274 73 sociétés,

437 482 428 70 d’opérations
893 483 72 55 de
992 482 244 72 bourse,
1263 484 74 55 de
1363 484 242 70 banque
1633 488 63 53 et
1721 486 73 55 de
1821 485 219 57 lettres
2069 487 74 56 de
2171 485 251 74 change,

434 558 1661 75 par Henri Fontaine … Paris, Delagrave, 1926.
504 633 50 45 56
584 649 39 38 p.
685 635 49 43 19½cm.

507 689 290 54 Supplément
827 706 56 27 au
915 690 311 43 Dictionnaire
1257 691 125 43 usuel
1414 692 54 42 de
1500 692 119 43 droit
1650 692 220 43 financier
1898 701 42 35 et
1972 693 74 44 des
2079 694 202 45 sociétés.

432 745 1902 57 © Jan. 22, 1926; 1c. Mar. 16; A— Foreign 30406; Librairie Delagrave.
435 859 201 72 Frost,
677 859 294 73 Timothy
1004 860 299 71 Prescott,
1344 863 189 56 1850-

514 951 293 71 Tragedy
844 952 124 56 and
1006 951 311 71 triumph;
1357 970 88 53 or,
1485 952 195 58 Tares
1720 954 123 56 and
1879 953 104 57 the
2020 952 325 74 kingdom;
2387 974 35 38 a

437 1030 187 70 study
645 1029 65 56 in
736 1028 103 58 the
867 1028 254 72 sayings
1149 1029 67 57 of
1239 1029 208 70 Jesus,
1471 1030 84 71 by
1581 1030 293 72 Timothy
1896 1031 290 58 Prescott
2209 1032 209 59 Frost.

434 1105 149 59 New
608 1105 190 72 York,
828 1105 371 75 Cincinnati,
1228 1106 130 58 The
1384 1106 334 73 Abingdon
1743 1126 183 53 press
1957 1139 13 43 [
1971 1116 19 22 c
1994 1110 164 71 1926]

502 1182 80 47 258
608 1201 39 37 p.
712 1186 50 43 19½
795 1187 46 17 cm
847 1220 8 8 .

430 1238 55 54 ©
512 1240 105 44 Feb.
648 1242 35 50 1,
713 1240 129 52 1926;
870 1241 64 42 2c.
962 1241 87 43 and
1076 1241 78 43 aff.
1184 1241 119 42 Mar.
1333 1240 73 52 10;
1437 1241 43 42 A
1508 1239 190 54 879787;
1727 1240 54 45 T.
1811 1243 50 42 P.
1892 1242 148 52 Frost,
2073 1242 241 52 Bradford,
2343 1244 78 43 Vt.

511 1295 241 55 (26-6651)

429 1391 264 73 Gandhi,
734 1393 82 56 M.
856 1391 76 57 K.

510 1484 130 57 The
677 1487 178 67 story
891 1482 66 57 of
992 1502 106 52 my
1135 1483 419 71 experiments
1593 1484 150 56 with
1781 1485 176 56 truth.
2059 1485 174 72 chap.
2278 1488 50 69 2,
2371 1488 49 55 3.

449 1564 32 53 [2
517 1561 414 73 instalments]

503 1639 79 50 (In
610 1640 165 49 Young
806 1638 159 50 India)

428 1691 1993 55 © 1c. Feb. 12, 1926; A ad int. 7815; pubd. Dec. 17, 24, 1925; Unity pub. co.,
502 1749 211 54 Chicago.

430 1846 257 73 Gilbert,
729 1847 169 58 Fred
938 1847 250 71 Carnes,
1230 1849 188 57 1867-

509 1939 130 57 The
683 1957 144 39 cure
871 1938 104 58 for
1020 1938 220 70 crime;
1285 1938 104 56 the
1432 1938 257 57 terrible
1735 1937 188 58 crime
1966 1957 174 39 wave
2182 1939 140 57 that
2362 1939 55 57 is

436 2016 313 73 sweeping
780 2035 149 39 over
960 2016 103 58 the
1095 2016 214 72 world,
1344 2015 104 58 the
1483 2034 223 39 reason
1740 2016 105 58 for
1879 2016 68 71 it,
1984 2017 122 57 and
2139 2016 102 59 the
2276 2016 143 71 only

434 2092 1984 75 cure, by F. C. Gilbert … Washington, D. C. [etc.] Review
428 2175 122 56 and
575 2173 221 57 herald
822 2171 362 73 publishing
1212 2171 380 58 association
1622 2201 12 43 [
1635 2179 19 23 c
1658 2173 164 72 1926]

507 2253 75 43 128
605 2267 39 38 p.
670 2251 99 44 incl.
795 2251 153 50 front.,
974 2251 115 43 illus.
1153 2252 49 43 19½cm.

427 2305 52 54 ©
514 2309 119 43 Mar.
668 2307 61 50 16,
767 2306 108 44 1926;
931 2307 64 42 2c.
1026 2307 89 43 and
1149 2306 79 44 aff.
1263 2306 118 42 Mar.
1421 2304 74 53 17;
1532 2306 44 42 A
1611 2304 188 53 879864;
1838 2304 183 46 Review
2057 2307 38 43 &
2125 2304 158 45 herald
2319 2306 101 51 pub.

497 2379 115 29 assn.
682 2362 242 55 (26-6649)

427 2460 295 73 Grenfell,
760 2460 275 60 Wilfred
1071 2460 369 71 Thomason,
1480 2463 187 56 1865-

569 2548 1850 75 … Religion in everyday life, by Wilfred T. Grenfell.
428 2630 289 72 Chicago,
747 2628 337 58 American
1112 2628 243 72 library
1384 2627 397 74 association,
1815 2629 165 57 1926.

497 2708 51 44 30
577 2723 54 37 p.,
665 2710 17 42 1
735 2743 8 8 l.
807 2708 49 42 18
864 2709 46 17 cm
918 2742 8 8 .
995 2706 233 54 (Reading
1257 2705 109 44 with
1395 2722 24 27 a
1452 2720 203 38 purpose.
1762 2706 67 52 [14])

498 2766 178 44 “Books
709 2764 342 44 recommended
1080 2764 43 42 in
1154 2762 88 46 this
1274 2762 183 44 course”
1475 2778 9 28 :
1521 2764 17 42 1
1573 2763 91 43 leaf
1691 2772 46 34 at
1767 2764 97 43 end.

426 2820 52 54 ©
508 2822 105 44 Feb.
640 2822 64 52 26,
738 2822 107 43 1926;
897 2821 64 43 2c.
993 2821 119 42 Mar.
1143 2822 74 50 11;
1249 2821 79 42 aff.
1359 2821 119 42 Mar.
1512 2820 74 52 12;
1618 2820 43 42 A
1691 2818 191 54 879825;
1913 2820 142 43 Amer.
2101 2820 170 53 library
2299 2836 117 28 assn.

505 2877 240 56 (26-6524)

427 2977 299 68 Hamsun,
764 2974 192 72 Knut,
993 2976 189 57 1859-

503 3068 187 71 Rosa,
717 3066 352 57 translated
1093 3065 168 58 from
1283 3065 104 56 the
1411 3064 376 72 Norwegian
1814 3065 67 57 of
1905 3064 182 59 Knut
2111 3064 306 72 Hamsun,

424 3146 84 72 by
531 3144 244 58 Arthur
805 3143 67 58 G.
904 3142 249 60 Chater.
1220 3142 151 57 New
1394 3142 190 73 York,
1611 3142 73 57 A.
1713 3142 74 57 A.
1816 3141 241 74 Knopf,
2087 3144 166 56 1926.

497 3223 82 45 276
603 3239 40 37 p.
705 3224 49 43 19½c
807 3225 30 17 m
843 3258 8 9 .

423 3278 52 54 ©
504 3279 104 43 Feb,
639 3276 36 53 5,
708 3278 128 51 1926;
864 3278 64 42 2c.
957 3275 105 45 Feb.
1089 3276 78 52 26;
1197 3277 78 42 aff.
1306 3277 119 42 Mar.
1456 3276 74 52 18;
1562 3276 46 42 A
1632 3275 188 53 879927;
1850 3277 167 43 Alfred
2045 3277 57 42 A.
2131 3276 172 53 Knopf,
2333 3279 82 42 inc.

503 3335 241 55 (26-6641)

426 3432 319 73 Hendryx,
785 3431 212 58 James
1036 3429 358 74 Beardsley,
1433 3432 189 57 1880-

503 3520 232 60 Connie
775 3521 268 72 Morgan
1080 3520 150 57 with
1267 3520 102 57 the
1408 3520 202 56 forest
1649 3538 282 54 rangers,
1970 3520 84 70 by
2091 3520 217 57 James
2346 3519 70 56 B.

424 3596 1994 75 Hendryx … New York and London, G. P. Putnam’s
424 3698 162 51 sons,
619 3677 165 57 1925.

491 3772 40 31 v,
563 3753 79 45 275
676 3770 39 37 p.
775 3753 151 50 front.,
956 3752 155 54 plates.
1171 3753 53 44 20
1231 3755 47 18 cm
1285 3786 8 9 .

423 3811 52 53 ©
512 3813 101 43 Oct.
652 3811 63 51 16,
754 3809 128 52 1925;
921 3811 64 42 2c.
1022 3811 87 42 and
1143 3810 79 43 aff.
1261 3810 117 42 Mar.
1421 3807 62 51 17,
1525 3808 128 52 1926;
1694 3810 43 41 A
1776 3807 188 52 879880;
2004 3809 40 50 J.
2086 3809 50 41 B.
2173 3808 238 51 Hendryx,

494 3869 124 42 Lee’s
660 3867 150 52 Point,
851 3866 185 46 Suttons
1075 3867 110 51 Bay,
1225 3866 140 43 Mich.
1434 3864 241 55 (26-6479)
