2542 4285
1307 4000 150 55 1504

446 474 48 44 71
529 490 37 37 p.
628 473 115 44 illus.
802 474 54 42 20
863 475 46 17 cm
916 508 8 8 .

372 530 53 53 ©
459 532 98 43 Oct.
590 531 66 51 30,
691 531 127 51 1926;
853 530 62 43 2c.
950 531 86 42 and
1068 530 78 42 aff.
1181 529 118 43 Nov.
1332 530 49 51 9;
1416 529 44 42 A
1492 527 187 53 956199;
1716 528 53 47 E.
1802 528 49 44 F.
1885 529 231 52 Younger,
2150 527 211 54 Chicago.

451 587 266 53 (26-20282)

373 657 409 73 Youngquist,
831 657 198 57 Livia.

516 735 1849 75 … My reading book, for individual work in beginning
372 812 1991 77 reading; a teachers manual, by Livia Youngquist … and
373 890 1988 75 Carleton Washburne … illustrated by Margaret Iannelli
440 968 1927 77 … Chicago, New York, Rand, McNally & company
389 1053 186 71 [ c 1926]
443 1130 78 51 liii,
554 1131 88 49 132,
676 1130 79 48 [11]
789 1145 41 34 p.
861 1127 100 45 incl.
992 1127 118 45 illus.
1138 1126 128 51 (part
1295 1123 109 53 col.)
1445 1127 163 43 forms.
1671 1125 48 44 19
1724 1128 47 17 cm
1779 1160 8 8 .

444 1186 64 42 At
536 1185 110 43 head
675 1183 50 44 of
753 1182 121 44 title:
905 1181 246 44 Winnetka
1180 1179 245 45 individual
1455 1178 187 54 reading
1669 1178 221 45 material.

429 1244 99 46 The
554 1243 164 51 pupils’
747 1243 224 45 textbook
1007 1241 106 50 (132
1142 1241 67 49 p.)
1246 1241 82 44 has
1356 1239 166 50 special
1552 1245 95 43 t.-p.

376 1297 52 53 ©
463 1298 105 42 Dec.
602 1298 38 49 3,
677 1295 129 52 1926;
840 1296 64 42 2c.
941 1295 106 41 Dec.
1084 1294 48 51 8;
1168 1293 77 43 aff.
1282 1293 107 43 Dec.
1424 1292 49 52 6;
1509 1292 44 42 A
1586 1290 188 54 957516;
1811 1294 129 42 Rand
1976 1294 222 52 McNally
2234 1295 36 44 &
2303 1309 64 29 co.

453 1352 268 57 (26-24528)

377 1423 439 73 Ziegelmeyer,
845 1419 244 72 Alfred,
1119 1421 76 72 jr.

453 1498 1916 76 Ziegelmeyer’ s premier cotton code … Galveston, Tex.,
375 1581 73 56 A.
487 1579 440 73 Ziegelmeyer,
962 1577 99 73 jr.,
1101 1578 164 56 1926.

444 1658 23 41 3
498 1671 37 36 p.
583 1690 23 17 l.,
633 1655 81 43 600
741 1670 39 36 p.
838 1655 52 41 21½cm.

373 1711 55 54 ©
459 1713 99 43 Oct.
590 1711 37 51 7,
661 1711 128 49 1926;
819 1711 65 43 2c.
915 1712 86 41 and
1031 1710 77 43 aff.
1143 1710 100 43 Oct.
1279 1710 72 50 11;
1385 1709 44 42 A
1458 1707 188 54 950420;
1680 1709 55 43 A.
1767 1709 322 53 Ziegelmeyer,
2119 1709 57 53 jr.

454 1770 18 52 (CA
553 1766 162 45 26-741
748 1767 228 53 Unrev’d)

377 1839 322 67 Zoethout,
737 1836 283 60 William
1053 1837 282 72 Douwes,
1375 1840 189 56 1871-

451 1918 396 72 Laboratory
872 1919 255 57 manual
1157 1919 68 57 of
1255 1916 392 73 physiology,
1677 1919 83 70 by
1787 1917 278 59 William
2094 1919 74 56 D.
373 1918 1976 139 Zoethout

633 1994 1741 76 … 5th rev. ed. Chicago, Ill., Professional press,
377 2077 163 58 1926.

451 2151 878 55 1 p. l ., iii, 153 p. diagrs. 27½cm.
448 2214 111 42 Part
590 2213 51 42 of
667 2224 138 37 pages
834 2209 152 46 blank.

379 2264 52 53 ©
463 2266 100 43 Oct.
599 2265 59 49 10,
695 2264 128 50 1926;
854 2264 65 42 2c.
951 2263 87 43 and
1068 2262 77 43 aff.
1178 2262 107 43 Dec.
1319 2261 48 52 6;
1402 2261 44 42 A
1477 2259 187 54 958244;
1699 2263 74 43 W.
1808 2263 55 43 D.
1896 2262 235 55 Zoethout,
2166 2265 206 52 Berwyn,

450 2322 68 43 Ill.
587 2320 268 54 (26-23134)

380 2377 266 72 Zùccoli,
682 2377 293 57 Luciano.

460 2456 235 72 Things
726 2458 255 70 greater
1007 2456 151 55 than
1185 2455 95 68 he,
1309 2456 82 70 by
1418 2454 273 57 Luciano
1722 2454 241 58 Zùccoli;
2027 2458 351 58 translated

381 2535 165 56 from
592 2535 102 55 the
741 2534 233 55 Italian
1019 2534 83 70 by
1146 2532 211 57 Elöise
1404 2532 370 58 Parkhurst,
1862 2533 151 57 New
2057 2535 189 73 York,
2296 2536 77 56 H.

379 2612 155 57 Holt
563 2613 122 56 and
715 2630 261 52 company
1053 2643 12 43 [
1066 2618 19 22 c
1090 2611 164 71 1926]

448 2690 23 42 3
502 2703 38 38 p.
588 2723 23 17 l.,
640 2687 136 44 3-370
804 2701 39 39 p.

381 2744 52 53 ©
465 2746 111 52 May
605 2746 36 49 3,
677 2744 105 44 1926;
839 2745 64 42 2c.
935 2745 86 42 and
1052 2744 78 43 aff.
1163 2745 112 51 May
1305 2743 24 43 8;
1389 2744 44 42 A
1462 2744 162 43 891301;
1686 2744 162 53 Henry
1878 2745 116 44 Holt
2024 2747 88 43 and
2142 2762 65 29 co.

460 2801 269 55 (26-10201)

385 2858 95 58 Zu
515 2858 261 69 Tavern,
814 2858 134 56 Asa
982 2857 317 73 Bushnell,
1338 2859 189 58 1879-

461 2935 435 58 Introduction
942 2939 62 57 to
1053 2936 307 71 business,
1409 2934 103 59 for
1557 2956 110 40 use
1712 2937 66 57 in
1823 2938 84 58 all
1954 2940 241 58 schools
2244 2941 138 58 that

385 3015 161 57 offer
581 3034 36 38 a
652 3033 217 38 course
905 3014 65 55 in
1008 3015 384 70 elementary
1425 3013 285 60 business
1746 3015 299 74 training,
2081 3017 82 72 by
2196 3018 76 56 A.
2309 3018 70 58 B.

384 3093 88 56 Zu
522 3094 264 55 Tavern.
873 3092 128 57 San
1049 3091 355 75 Francisco,
1457 3090 269 75 Chicago
1777 3097 147 70 [etc.]
387 3093 1971 136 South-western

527 3169 361 74 publishing
919 3189 85 38 co.
1042 3199 12 43 [
1057 3179 16 21 c
1078 3171 164 71 1926]

455 3247 80 45 265
564 3264 40 37 p.
641 3247 98 45 incl.
774 3248 156 50 forms,
962 3246 144 55 diagr.
1166 3247 55 43 22
1225 3248 47 19 cm
1277 3283 10 9 .

384 3305 53 53 ©
474 3305 119 52 Sept.
631 3303 62 52 15,
732 3304 129 52 1926;
896 3305 63 43 2c.
994 3305 87 43 and
1113 3304 77 43 aff.
1228 3304 100 44 Oct.
1361 3304 78 53 29;
1477 3305 44 42 A
1554 3305 188 52 949819;
1783 3305 360 46 South-western
2178 3307 99 52 pub.
2313 3323 65 28 co.

462 3361 268 55 (26-20929)

386 3419 291 67 Zwemer,
712 3420 151 55 Mrs.
896 3418 167 72 Amy
1095 3419 67 56 E.
1206 3413 296 78 (Wilkes)

464 3498 145 55 Two
642 3515 212 53 young
883 3495 240 72 Arabs;
1161 3496 103 58 the
1298 3499 236 56 travels
1571 3497 65 58 of
1671 3499 256 56 Noorah
1961 3500 121 56 and
2119 3499 261 71 Jameel,

384 3575 84 71 by
496 3573 165 72 Amy
690 3573 72 56 E.
795 3574 289 57 Zwemer.
1155 3573 180 58 West
1367 3574 312 73 Medford,
1714 3575 213 71 Mass.,
1964 3576 127 57 The
2126 3574 255 59 Central

387 3651 349 57 committee
767 3669 80 38 on
873 3650 103 58 the
1007 3651 216 58 united
1256 3652 189 71 study
1471 3652 68 56 of
1568 3652 249 72 foreign
1846 3652 295 58 missions
2178 3684 12 42 [
2193 3660 18 22 c
2215 3653 164 73 1926]

453 3728 83 43 216
564 3742 39 37 p.
637 3727 100 43 incl.
772 3727 151 51 front.,
957 3727 116 44 illus.
1100 3726 126 55 (incl.
1262 3728 129 53 map)
1462 3727 146 45 19½cm.

460 3784 136 51 Story
623 3783 50 44 of
702 3799 25 28 a
755 3782 269 54 pilgrimage
1050 3791 45 37 to
1125 3783 74 45 the
1229 3783 353 45 Mohammedan
1613 3784 188 44 shrines.

387 3839 52 53 ©
472 3842 116 42 Mar.
624 3842 34 49 1,
694 3840 129 52 1926;
854 3840 65 44 2c.
951 3840 112 52 Apr.
1097 3838 47 54 5;
1180 3840 77 43 aff.
1290 3840 111 52 Apr.
1435 3841 48 51 3;
1518 3841 43 41 A
1593 3840 187 51 883906;
1818 3839 184 45 Central
2035 3839 255 45 committee
2323 3855 56 29 on

456 3896 74 45 the
560 3898 152 42 united
743 3897 130 52 study
905 3896 50 44 of
986 3896 179 53 foreign
1194 3896 224 44 missions.
1488 3896 241 55 (26-8754)
