<alto xmlns="http://www.loc.gov/standards/alto/ns-v3#" xmlns:xlink="http://www.w3.org/1999/xlink" xmlns:xsi="http://www.w3.org/2001/XMLSchema-instance" xsi:schemaLocation="http://www.loc.gov/standards/alto/ns-v3# http://www.loc.gov/alto/v3/alto-3-0.xsd"><Description>
<MeasurementUnit>pixel</MeasurementUnit>
<sourceImageInformation>
<fileName>1926_v23_Part001.pdf</fileName>
</sourceImageInformation>
<OCRProcessing ID="IdOcr">
<ocrProcessingStep>
<processingDateTime>2019-04-10</processingDateTime>
<processingSoftware>
<softwareCreator>ABBYY</softwareCreator>
<softwareName>ABBYY Recognition Server</softwareName>
<softwareVersion>4.0</softwareVersion>
</processingSoftware>
</ocrProcessingStep>
</OCRProcessing>
</Description>
<Styles>
<ParagraphStyle ID="StyleId-FFFFFFFF-FFFF-FFFF-FFFF-FFFFFFFFFFFF-" ALIGN="Left" LEFT="0." RIGHT="0." FIRSTLINE="0."/>
<ParagraphStyle ID="StyleId-22C3EA86-D171-42E2-A7D2-9A866F7D91F9-" ALIGN="Left" LEFT="0." RIGHT="0." FIRSTLINE="0." LINESPACE="8.300000191"/>
<ParagraphStyle ID="StyleId-E3FA4CC6-F5E5-41CA-B4C4-90085BF71B6C-" ALIGN="Block" LEFT="0." RIGHT="0." FIRSTLINE="-14." LINESPACE="8.050000191"/>
<ParagraphStyle ID="StyleId-41118DB3-028A-4115-95B3-BB512DD0EDAE-" ALIGN="Left" LEFT="0." RIGHT="0." FIRSTLINE="-13." LINESPACE="13.30000019"/>
<ParagraphStyle ID="StyleId-A2FB4C2B-BF87-45AD-9689-33B0118FBFC1-" ALIGN="Block" LEFT="0." RIGHT="0." FIRSTLINE="-14." LINESPACE="11.06999969"/>
<ParagraphStyle ID="StyleId-BBBA7B5D-FE2B-4BC7-AC7D-F142900C21B8-" ALIGN="Block" LEFT="0." RIGHT="0." FIRSTLINE="0." LINESPACE="8.899999619"/>
<ParagraphStyle ID="StyleId-3CEA3EEE-4341-4E33-9EF0-A9438AB90A9B-" ALIGN="Center" LEFT="0." RIGHT="0." FIRSTLINE="0." LINESPACE="12.19999981"/>
<ParagraphStyle ID="StyleId-817955BE-3120-4B53-BBD3-920BAE733BFF-" ALIGN="Left" LEFT="0." RIGHT="0." FIRSTLINE="0." LINESPACE="12.19999981"/>
<ParagraphStyle ID="StyleId-456A266C-F799-486A-ACB1-75B61E9815AB-" ALIGN="Left" LEFT="0." RIGHT="0." FIRSTLINE="-13." LINESPACE="8.18999958"/>
<ParagraphStyle ID="StyleId-6A1E9ED6-E5EA-4E31-BD5A-88089B8D7134-" ALIGN="Right" LEFT="0." RIGHT="0." FIRSTLINE="0." LINESPACE="7.699999809"/>
<ParagraphStyle ID="StyleId-C11ABF73-04BC-4F6E-B7E4-01FCA3A26756-" ALIGN="Left" LEFT="0." RIGHT="0." FIRSTLINE="-13." LINESPACE="12.19999981"/>
<ParagraphStyle ID="StyleId-662CF6CF-DB5F-40BE-AD24-E877ED82DD6F-" ALIGN="Block" LEFT="0." RIGHT="0." FIRSTLINE="-14." LINESPACE="11.06999969"/>
<ParagraphStyle ID="StyleId-9361006B-74B5-41BD-BFD3-03318AD64910-" ALIGN="Left" LEFT="0." RIGHT="0." FIRSTLINE="0." LINESPACE="8.899999619"/>
</Styles>
<Layout>
<Page ID="Page788" PHYSICAL_IMG_NR="788" HEIGHT="4285" WIDTH="2542">
<TopMargin HEIGHT="310" WIDTH="2542" VPOS="0" HPOS="0">
</TopMargin>
<LeftMargin HEIGHT="3688" WIDTH="386" VPOS="310" HPOS="0">
</LeftMargin>
<RightMargin HEIGHT="3688" WIDTH="130" VPOS="310" HPOS="2412">
</RightMargin>
<BottomMargin HEIGHT="287" WIDTH="2542" VPOS="3998" HPOS="0">
</BottomMargin>
<PrintSpace HEIGHT="3688" WIDTH="2026" VPOS="310" HPOS="386">
<TextBlock ID="Page788_Block1" HEIGHT="3688" WIDTH="2026" VPOS="310" HPOS="386" CS="1" STYLEREFS="StyleId-E99A88A2-D23D-469F-B079-62E85C134BC6-">
<TextLine HEIGHT="0" WIDTH="0" VPOS="0" HPOS="0" STYLEREFS="StyleId-8067D5E5-B917-47C2-92AF-CCD5F3ADA179-" LANG="en-US" CS="1">
<String CS="1" CONTENT="788"/>
</TextLine>
<TextLine HEIGHT="228" WIDTH="1988" VPOS="399" HPOS="397" STYLEREFS="StyleId-0FBDD7C4-5A8B-4402-BEF3-7DF40FDD10E9-" CS="1">
<String LANG="en-US" CS="1" CONTENT="m&#225;s" HEIGHT="38" WIDTH="132" VPOS="421" HPOS="399"/>
<SP HEIGHT="39" WIDTH="30" VPOS="420" HPOS="532"/>
<String LANG="en-US" CONTENT="recientes," HEIGHT="73" WIDTH="321" VPOS="399" HPOS="563"/>
<SP HEIGHT="53" WIDTH="28" VPOS="419" HPOS="885"/>
<String LANG="en-US" CONTENT="por" HEIGHT="53" WIDTH="117" VPOS="419" HPOS="914"/>
<SP HEIGHT="37" WIDTH="28" VPOS="420" HPOS="1032"/>
<String LANG="en-US" CONTENT="el" HEIGHT="55" WIDTH="54" VPOS="402" HPOS="1061"/>
<SP HEIGHT="56" WIDTH="24" VPOS="400" HPOS="1116"/>
<String LANG="en-US" CONTENT="Prof." HEIGHT="57" WIDTH="177" VPOS="400" HPOS="1141"/>
<SP HEIGHT="56" WIDTH="29" VPOS="401" HPOS="1319"/>
<String LANG="en-US" CONTENT="Dr." HEIGHT="55" WIDTH="110" VPOS="401" HPOS="1349"/>
<SP HEIGHT="56" WIDTH="28" VPOS="400" HPOS="1460"/>
<String LANG="en-US" CONTENT="H." HEIGHT="56" WIDTH="78" VPOS="400" HPOS="1489"/>
<SP HEIGHT="55" WIDTH="30" VPOS="401" HPOS="1568"/>
<String LANG="en-US" CS="1" CONTENT="Ludendorff" HEIGHT="58" WIDTH="390" VPOS="400" HPOS="1599"/>
<SP HEIGHT="57" WIDTH="31" VPOS="400" HPOS="1990"/>
<String LANG="en-US" CS="1" CONTENT="&#8230;"/>
<SP HEIGHT="38" WIDTH="36" VPOS="420" HPOS="2084"/>
<String LANG="fr" CONTENT="en" HEIGHT="38" WIDTH="73" VPOS="420" HPOS="2121"/>
<SP HEIGHT="38" WIDTH="29" VPOS="421" HPOS="2195"/>
<String LANG="en-US" CS="1" CONTENT="colaboraci&#243;n" HEIGHT="134" WIDTH="1960" VPOS="402" HPOS="397"/>
<SP HEIGHT="38" WIDTH="37" VPOS="497" HPOS="690"/>
<String LANG="en-US" CONTENT="con" HEIGHT="37" WIDTH="113" VPOS="498" HPOS="728"/>
<SP HEIGHT="56" WIDTH="36" VPOS="479" HPOS="842"/>
<String LANG="de" CONTENT="los" HEIGHT="57" WIDTH="92" VPOS="479" HPOS="879"/>
<SP HEIGHT="53" WIDTH="36" VPOS="497" HPOS="972"/>
<String LANG="en-US" CONTENT="profesores" HEIGHT="71" WIDTH="364" VPOS="479" HPOS="1009"/>
<SP HEIGHT="58" WIDTH="38" VPOS="478" HPOS="1374"/>
<String LANG="en-US" CONTENT="Dr." HEIGHT="57" WIDTH="110" VPOS="478" HPOS="1413"/>
<SP HEIGHT="57" WIDTH="41" VPOS="478" HPOS="1524"/>
<String LANG="de" CONTENT="Eberhard," HEIGHT="73" WIDTH="347" VPOS="478" HPOS="1566"/>
<SP HEIGHT="72" WIDTH="37" VPOS="479" HPOS="1914"/>
<String LANG="en-US" CONTENT="Dr." HEIGHT="57" WIDTH="111" VPOS="479" HPOS="1952"/>
<SP HEIGHT="57" WIDTH="39" VPOS="479" HPOS="2064"/>
<String LANG="de" CONTENT="Freundlich" HEIGHT="135" WIDTH="1960" VPOS="479" HPOS="399"/>
<SP HEIGHT="70" WIDTH="36" VPOS="557" HPOS="522"/>
<String LANG="fr" CONTENT="y" HEIGHT="52" WIDTH="42" VPOS="575" HPOS="559"/>
<SP HEIGHT="70" WIDTH="37" VPOS="557" HPOS="602"/>
<String LANG="en-US" CONTENT="Dr." HEIGHT="56" WIDTH="109" VPOS="557" HPOS="640"/>
<SP HEIGHT="57" WIDTH="43" VPOS="556" HPOS="750"/>
<String LANG="de" CONTENT="Kohlsch&#252;tter." HEIGHT="56" WIDTH="470" VPOS="556" HPOS="794"/>
<SP HEIGHT="57" WIDTH="79" VPOS="555" HPOS="1265"/>
<String LANG="fr" CONTENT="Versi" HEIGHT="58" WIDTH="189" VPOS="555" HPOS="1345"/>
<String LANG="en-US" CS="1" CONTENT="&#243;"/>
<String LANG="fr" CONTENT="n" HEIGHT="37" WIDTH="40" VPOS="574" HPOS="1573"/>
<SP HEIGHT="56" WIDTH="39" VPOS="556" HPOS="1614"/>
<String LANG="fr" CONTENT="de" HEIGHT="56" WIDTH="75" VPOS="556" HPOS="1654"/>
<SP HEIGHT="54" WIDTH="37" VPOS="558" HPOS="1730"/>
<String LANG="fr" CONTENT="la" HEIGHT="56" WIDTH="61" VPOS="558" HPOS="1768"/>
<SP HEIGHT="57" WIDTH="39" VPOS="557" HPOS="1830"/>
<String LANG="fr" CONTENT="7." HEIGHT="56" WIDTH="51" VPOS="557" HPOS="1870"/>
<SP HEIGHT="39" WIDTH="42" VPOS="574" HPOS="1922"/>
<String LANG="fr" CONTENT="ed." HEIGHT="57" WIDTH="90" VPOS="557" HPOS="1965"/>
<SP HEIGHT="39" WIDTH="44" VPOS="574" HPOS="2056"/>
<String LANG="fr" CONTENT="alemana" HEIGHT="57" WIDTH="284" VPOS="557" HPOS="2101"/>
</TextLine>
<TextLine HEIGHT="153" WIDTH="1963" VPOS="632" HPOS="399" STYLEREFS="StyleId-0FBDD7C4-5A8B-4402-BEF3-7DF40FDD10E9-" LANG="fr" CS="1">
<String CONTENT="por" HEIGHT="52" WIDTH="117" VPOS="653" HPOS="399"/>
<SP HEIGHT="59" WIDTH="27" VPOS="633" HPOS="517"/>
<String CONTENT="Carmen" HEIGHT="59" WIDTH="265" VPOS="633" HPOS="545"/>
<SP HEIGHT="55" WIDTH="23" VPOS="635" HPOS="811"/>
<String CONTENT="Fontser&#233;" HEIGHT="58" WIDTH="306" VPOS="633" HPOS="835"/>
<SP HEIGHT="72" WIDTH="23" VPOS="633" HPOS="1142"/>
<String CONTENT="y" HEIGHT="52" WIDTH="43" VPOS="653" HPOS="1166"/>
<SP HEIGHT="72" WIDTH="23" VPOS="633" HPOS="1210"/>
<String CONTENT="Manuel" HEIGHT="58" WIDTH="254" VPOS="633" HPOS="1234"/>
<SP HEIGHT="54" WIDTH="23" VPOS="634" HPOS="1489"/>
<String LANG="en-US" CS="1" CONTENT="&#193;"/>
<String CONTENT="lvarez" HEIGHT="56" WIDTH="208" VPOS="634" HPOS="1571"/>
<SP HEIGHT="59" WIDTH="27" VPOS="633" HPOS="1780"/>
<String CONTENT="Castrill" HEIGHT="61" WIDTH="259" VPOS="632" HPOS="1808"/>
<String LANG="en-US" CS="1" CONTENT="&#243;"/>
<String CONTENT="n." HEIGHT="38" WIDTH="60" VPOS="653" HPOS="2104"/>
<SP HEIGHT="56" WIDTH="63" VPOS="635" HPOS="2165"/>
<String LANG="de" CONTENT="Barcelona," HEIGHT="150" WIDTH="1963" VPOS="635" HPOS="399"/>
<SP HEIGHT="73" WIDTH="40" VPOS="712" HPOS="629"/>
<String CONTENT="G." HEIGHT="59" WIDTH="68" VPOS="712" HPOS="670"/>
<SP HEIGHT="59" WIDTH="41" VPOS="711" HPOS="739"/>
<String CONTENT="Gili," HEIGHT="74" WIDTH="142" VPOS="711" HPOS="781"/>
<SP HEIGHT="69" WIDTH="42" VPOS="716" HPOS="924"/>
<String CONTENT="1926." HEIGHT="56" WIDTH="164" VPOS="713" HPOS="967"/>
</TextLine>
<TextLine HEIGHT="55" WIDTH="953" VPOS="789" HPOS="464" LANG="fr" CS="1">
<String CONTENT="2" HEIGHT="42" WIDTH="25" VPOS="792" HPOS="464"/>
<SP HEIGHT="52" WIDTH="30" VPOS="792" HPOS="490"/>
<String CONTENT="p." HEIGHT="38" WIDTH="39" VPOS="806" HPOS="521"/>
<SP HEIGHT="44" WIDTH="30" VPOS="792" HPOS="561"/>
<String CS="1" CONTENT="l.," HEIGHT="17" WIDTH="23" VPOS="825" HPOS="609"/>
<SP HEIGHT="52" WIDTH="31" VPOS="790" HPOS="633"/>
<String CONTENT="820" HEIGHT="44" WIDTH="81" VPOS="790" HPOS="665"/>
<SP HEIGHT="53" WIDTH="31" VPOS="790" HPOS="747"/>
<String CONTENT="p." HEIGHT="38" WIDTH="40" VPOS="805" HPOS="779"/>
<SP HEIGHT="43" WIDTH="58" VPOS="790" HPOS="820"/>
<String CONTENT="illus.," HEIGHT="52" WIDTH="129" VPOS="790" HPOS="879"/>
<SP HEIGHT="51" WIDTH="32" VPOS="791" HPOS="1009"/>
<String CONTENT="diagrs." HEIGHT="53" WIDTH="165" VPOS="790" HPOS="1042"/>
<SP HEIGHT="42" WIDTH="58" VPOS="792" HPOS="1208"/>
<String CONTENT="25" HEIGHT="46" WIDTH="53" VPOS="789" HPOS="1267"/>
<String LANG="en-US" CS="1" CONTENT="&#189;"/>
<String STYLE="superscript" CONTENT="cm" HEIGHT="18" WIDTH="46" VPOS="792" HPOS="1356"/>
<String CONTENT="." HEIGHT="9" WIDTH="9" VPOS="825" HPOS="1408"/>
</TextLine>
<TextLine HEIGHT="55" WIDTH="975" VPOS="844" HPOS="466" LANG="fr" CS="1">
<String CONTENT="&#8220;Bosquejos" HEIGHT="53" WIDTH="281" VPOS="846" HPOS="466"/>
<SP HEIGHT="43" WIDTH="29" VPOS="847" HPOS="748"/>
<String CONTENT="biogr" HEIGHT="53" WIDTH="131" VPOS="845" HPOS="778"/>
<String LANG="en-US" CS="1" CONTENT="&#225;"/>
<String CONTENT="ficos&#8221;" HEIGHT="46" WIDTH="136" VPOS="844" HPOS="942"/>
<SP HEIGHT="46" WIDTH="15" VPOS="844" HPOS="1079"/>
<String CONTENT=":" HEIGHT="29" WIDTH="9" VPOS="861" HPOS="1095"/>
<SP HEIGHT="38" WIDTH="27" VPOS="861" HPOS="1105"/>
<String CONTENT="p." HEIGHT="37" WIDTH="41" VPOS="862" HPOS="1133"/>
<SP HEIGHT="30" WIDTH="29" VPOS="863" HPOS="1175"/>
<String CONTENT="[745]" HEIGHT="49" WIDTH="109" VPOS="844" HPOS="1205"/>
<String LANG="en-US" CS="1" CONTENT="&#8211;"/>
<String CONTENT="788." HEIGHT="45" WIDTH="92" VPOS="845" HPOS="1349"/>
</TextLine>
<TextLine HEIGHT="114" WIDTH="1679" VPOS="899" HPOS="398" CS="1">
<String LANG="fr" CONTENT="&#169;" HEIGHT="53" WIDTH="54" VPOS="901" HPOS="398"/>
<SP HEIGHT="53" WIDTH="28" VPOS="901" HPOS="453"/>
<String LANG="fr" CONTENT="Mar." HEIGHT="42" WIDTH="116" VPOS="903" HPOS="482"/>
<SP HEIGHT="42" WIDTH="24" VPOS="902" HPOS="599"/>
<String LANG="fr" CONTENT="26," HEIGHT="50" WIDTH="68" VPOS="902" HPOS="624"/>
<SP HEIGHT="48" WIDTH="29" VPOS="904" HPOS="693"/>
<String LANG="fr" CONTENT="1926;" HEIGHT="50" WIDTH="128" VPOS="902" HPOS="723"/>
<SP/>
<String LANG="fr" CS="1" CONTENT="1c."/>
<SP/>
<String LANG="fr" CONTENT="May" HEIGHT="51" WIDTH="111" VPOS="902" HPOS="977"/>
<SP HEIGHT="52" WIDTH="23" VPOS="901" HPOS="1089"/>
<String LANG="fr" CONTENT="24;" HEIGHT="52" WIDTH="77" VPOS="901" HPOS="1113"/>
<SP HEIGHT="53" WIDTH="28" VPOS="900" HPOS="1191"/>
<!-- cceid 0289EC0E-6E1B-1014-9B7B-CA07F191E62B --><String LANG="fr" CONTENT="A&#8212;" HEIGHT="43" WIDTH="103" VPOS="900" HPOS="1220"/>
<String LANG="de" CONTENT="Foreign" HEIGHT="53" WIDTH="199" VPOS="899" HPOS="1324"/>
<SP HEIGHT="42" WIDTH="27" VPOS="902" HPOS="1524"/>
<String LANG="fr" CONTENT="31042;" HEIGHT="53" WIDTH="159" VPOS="899" HPOS="1552"/>
<SP HEIGHT="53" WIDTH="30" VPOS="899" HPOS="1712"/>
<String LANG="en-US" CONTENT="Gustavo" HEIGHT="46" WIDTH="201" VPOS="899" HPOS="1743"/>
<SP HEIGHT="46" WIDTH="28" VPOS="900" HPOS="1945"/>
<String LANG="fr" CONTENT="Gili." HEIGHT="46" WIDTH="103" VPOS="900" HPOS="1974"/>
<SP/>
<String LANG="fr" CONTENT="(26-13952)" HEIGHT="56" WIDTH="268" VPOS="957" HPOS="478"/>
</TextLine>
<TextLine HEIGHT="71" WIDTH="878" VPOS="1026" HPOS="397" STYLEREFS="StyleId-8067D5E5-B917-47C2-92AF-CCD5F3ADA179-" LANG="fr">
<String CONTENT="Nob&#233;court," HEIGHT="69" WIDTH="367" VPOS="1027" HPOS="397"/>
<SP HEIGHT="68" WIDTH="43" VPOS="1028" HPOS="765"/>
<String CONTENT="Pierre," HEIGHT="71" WIDTH="232" VPOS="1026" HPOS="809"/>
<SP HEIGHT="65" WIDTH="44" VPOS="1032" HPOS="1042"/>
<String CONTENT="1871-" HEIGHT="56" WIDTH="188" VPOS="1030" HPOS="1087"/>
</TextLine>
<TextLine HEIGHT="150" WIDTH="1962" VPOS="1103" HPOS="400" STYLEREFS="StyleId-0FBDD7C4-5A8B-4402-BEF3-7DF40FDD10E9-" LANG="fr" CS="1">
<String CS="1" CONTENT="&#8230;"/>
<SP HEIGHT="59" WIDTH="37" VPOS="1103" HPOS="545"/>
<String CONTENT="Clinique" HEIGHT="73" WIDTH="282" VPOS="1103" HPOS="583"/>
<SP HEIGHT="38" WIDTH="28" VPOS="1123" HPOS="866"/>
<String CONTENT="m&#233;dicale" HEIGHT="59" WIDTH="297" VPOS="1103" HPOS="895"/>
<SP HEIGHT="57" WIDTH="32" VPOS="1105" HPOS="1193"/>
<String CONTENT="des" HEIGHT="56" WIDTH="107" VPOS="1105" HPOS="1226"/>
<SP HEIGHT="37" WIDTH="33" VPOS="1124" HPOS="1334"/>
<String CONTENT="enfants;" HEIGHT="70" WIDTH="282" VPOS="1104" HPOS="1368"/>
<SP HEIGHT="68" WIDTH="33" VPOS="1106" HPOS="1651"/>
<String CONTENT="troubles" HEIGHT="57" WIDTH="276" VPOS="1104" HPOS="1685"/>
<SP HEIGHT="56" WIDTH="34" VPOS="1105" HPOS="1962"/>
<String CONTENT="de" HEIGHT="56" WIDTH="74" VPOS="1105" HPOS="1997"/>
<SP HEIGHT="56" WIDTH="30" VPOS="1105" HPOS="2072"/>
<String CONTENT="la" HEIGHT="58" WIDTH="59" VPOS="1105" HPOS="2103"/>
<SP HEIGHT="39" WIDTH="31" VPOS="1124" HPOS="2163"/>
<String CONTENT="nutrition" HEIGHT="135" WIDTH="1962" VPOS="1104" HPOS="400"/>
<SP HEIGHT="37" WIDTH="28" VPOS="1202" HPOS="534"/>
<String CONTENT="et" HEIGHT="53" WIDTH="59" VPOS="1186" HPOS="563"/>
<SP HEIGHT="56" WIDTH="30" VPOS="1183" HPOS="623"/>
<String CONTENT="de" HEIGHT="56" WIDTH="75" VPOS="1183" HPOS="654"/>
<SP HEIGHT="54" WIDTH="25" VPOS="1184" HPOS="730"/>
<String CONTENT="la" HEIGHT="54" WIDTH="65" VPOS="1184" HPOS="756"/>
<SP HEIGHT="39" WIDTH="28" VPOS="1201" HPOS="822"/>
<String CONTENT="croissance." HEIGHT="58" WIDTH="366" VPOS="1182" HPOS="851"/>
<SP HEIGHT="55" WIDTH="82" VPOS="1183" HPOS="1218"/>
<String CONTENT="Paris," HEIGHT="72" WIDTH="205" VPOS="1181" HPOS="1301"/>
<SP HEIGHT="71" WIDTH="31" VPOS="1182" HPOS="1507"/>
<String CONTENT="Masson" HEIGHT="57" WIDTH="257" VPOS="1182" HPOS="1539"/>
<SP HEIGHT="37" WIDTH="30" VPOS="1201" HPOS="1797"/>
<String CONTENT="et" HEIGHT="54" WIDTH="63" VPOS="1186" HPOS="1828"/>
<SP HEIGHT="54" WIDTH="25" VPOS="1186" HPOS="1892"/>
<String CONTENT="c" HEIGHT="37" WIDTH="32" VPOS="1201" HPOS="1918"/>
<String STYLE="superscript" CONTENT="ie" HEIGHT="28" WIDTH="33" VPOS="1183" HPOS="1950"/>
<String CONTENT="," HEIGHT="25" WIDTH="12" VPOS="1228" HPOS="1988"/>
<SP HEIGHT="68" WIDTH="32" VPOS="1185" HPOS="2001"/>
<String CONTENT="1926." HEIGHT="55" WIDTH="164" VPOS="1184" HPOS="2034"/>
</TextLine>
<TextLine HEIGHT="54" WIDTH="1098" VPOS="1258" HPOS="467" LANG="fr" CS="1">
<String CONTENT="2" HEIGHT="41" WIDTH="28" VPOS="1261" HPOS="467"/>
<SP HEIGHT="51" WIDTH="19" VPOS="1261" HPOS="496"/>
<String CONTENT="p." HEIGHT="38" WIDTH="39" VPOS="1274" HPOS="516"/>
<SP HEIGHT="44" WIDTH="22" VPOS="1260" HPOS="556"/>
<String CS="1" CONTENT="l.," HEIGHT="17" WIDTH="24" VPOS="1295" HPOS="598"/>
<SP HEIGHT="29" WIDTH="24" VPOS="1283" HPOS="623"/>
<String CONTENT="[vii]-xi," HEIGHT="54" WIDTH="185" VPOS="1258" HPOS="648"/>
<SP HEIGHT="50" WIDTH="21" VPOS="1260" HPOS="834"/>
<String CONTENT="404" HEIGHT="42" WIDTH="82" VPOS="1260" HPOS="856"/>
<SP HEIGHT="52" WIDTH="21" VPOS="1260" HPOS="939"/>
<String CONTENT="p." HEIGHT="37" WIDTH="41" VPOS="1275" HPOS="961"/>
<SP HEIGHT="42" WIDTH="60" VPOS="1260" HPOS="1003"/>
<String CONTENT="illus.," HEIGHT="51" WIDTH="130" VPOS="1259" HPOS="1064"/>
<SP HEIGHT="51" WIDTH="22" VPOS="1259" HPOS="1195"/>
<String CONTENT="diagrs." HEIGHT="52" WIDTH="166" VPOS="1259" HPOS="1218"/>
<SP HEIGHT="41" WIDTH="57" VPOS="1260" HPOS="1385"/>
<String CONTENT="23" HEIGHT="42" WIDTH="53" VPOS="1260" HPOS="1443"/>
<String STYLE="superscript" CONTENT="cm" HEIGHT="17" WIDTH="46" VPOS="1262" HPOS="1505"/>
<String CONTENT="." HEIGHT="7" WIDTH="7" VPOS="1295" HPOS="1558"/>
</TextLine>
<TextLine HEIGHT="46" WIDTH="811" VPOS="1315" HPOS="468">
<String LANG="en-US" CONTENT="At" HEIGHT="43" WIDTH="65" VPOS="1318" HPOS="468"/>
<SP HEIGHT="45" WIDTH="19" VPOS="1316" HPOS="534"/>
<String LANG="en-US" CONTENT="head" HEIGHT="44" WIDTH="116" VPOS="1316" HPOS="554"/>
<SP HEIGHT="44" WIDTH="21" VPOS="1317" HPOS="671"/>
<String LANG="en-US" CONTENT="of" HEIGHT="45" WIDTH="51" VPOS="1316" HPOS="693"/>
<SP HEIGHT="43" WIDTH="21" VPOS="1316" HPOS="745"/>
<String LANG="en-US" CONTENT="title" HEIGHT="44" WIDTH="97" VPOS="1315" HPOS="767"/>
<SP HEIGHT="27" WIDTH="14" VPOS="1332" HPOS="865"/>
<String LANG="en-US" CONTENT=":" HEIGHT="27" WIDTH="8" VPOS="1332" HPOS="880"/>
<SP HEIGHT="42" WIDTH="35" VPOS="1317" HPOS="889"/>
<String LANG="fr" CONTENT="P." HEIGHT="42" WIDTH="49" VPOS="1317" HPOS="925"/>
<SP HEIGHT="42" WIDTH="26" VPOS="1317" HPOS="975"/>
<String LANG="fr" CONTENT="Nob&#233;court." HEIGHT="42" WIDTH="277" VPOS="1317" HPOS="1002"/>
</TextLine>
<TextLine HEIGHT="113" WIDTH="1654" VPOS="1372" HPOS="399" CS="1">
<String LANG="fr" CONTENT="&#169;" HEIGHT="53" WIDTH="53" VPOS="1373" HPOS="399"/>
<SP HEIGHT="53" WIDTH="24" VPOS="1373" HPOS="453"/>
<String LANG="en-US" CONTENT="Mar." HEIGHT="41" WIDTH="117" VPOS="1376" HPOS="478"/>
<SP HEIGHT="42" WIDTH="29" VPOS="1375" HPOS="596"/>
<String LANG="fr" CONTENT="1," HEIGHT="51" WIDTH="35" VPOS="1375" HPOS="626"/>
<SP HEIGHT="50" WIDTH="29" VPOS="1376" HPOS="662"/>
<String LANG="fr" CONTENT="1926;" HEIGHT="50" WIDTH="128" VPOS="1374" HPOS="692"/>
<SP/>
<String LANG="fr" CS="1" CONTENT="1c."/>
<SP/>
<String LANG="en-US" CONTENT="June" HEIGHT="51" WIDTH="115" VPOS="1374" HPOS="939"/>
<SP HEIGHT="42" WIDTH="22" VPOS="1374" HPOS="1055"/>
<String LANG="fr" CONTENT="21;" HEIGHT="50" WIDTH="77" VPOS="1374" HPOS="1078"/>
<SP HEIGHT="50" WIDTH="30" VPOS="1374" HPOS="1156"/>
<!-- cceid 028A3EC3-6E1B-1014-9B7B-CA07F191E62B --><String LANG="fr" CONTENT="A&#8212;" HEIGHT="41" WIDTH="100" VPOS="1374" HPOS="1187"/>
<String LANG="en-US" CONTENT="Foreign" HEIGHT="53" WIDTH="198" VPOS="1372" HPOS="1289"/>
<SP HEIGHT="42" WIDTH="24" VPOS="1374" HPOS="1488"/>
<String LANG="fr" CONTENT="31203;" HEIGHT="51" WIDTH="158" VPOS="1373" HPOS="1513"/>
<SP HEIGHT="51" WIDTH="30" VPOS="1373" HPOS="1672"/>
<String LANG="fr" CONTENT="Masson" HEIGHT="43" WIDTH="191" VPOS="1373" HPOS="1703"/>
<SP HEIGHT="44" WIDTH="27" VPOS="1373" HPOS="1895"/>
<String LANG="fr" CONTENT="&amp;" HEIGHT="44" WIDTH="37" VPOS="1373" HPOS="1923"/>
<SP HEIGHT="44" WIDTH="26" VPOS="1373" HPOS="1961"/>
<String LANG="fr" CONTENT="co." HEIGHT="28" WIDTH="65" VPOS="1388" HPOS="1988"/>
<SP/>
<String LANG="fr" CONTENT="(26-13843)" HEIGHT="54" WIDTH="268" VPOS="1431" HPOS="479"/>
</TextLine>
<TextLine HEIGHT="70" WIDTH="1239" VPOS="1501" HPOS="401" STYLEREFS="StyleId-39FFB34B-8DCE-4D6F-9B5A-B28BD9BE3D1F-">
<String LANG="en-US" CONTENT="North" HEIGHT="56" WIDTH="202" VPOS="1503" HPOS="401"/>
<SP HEIGHT="57" WIDTH="30" VPOS="1502" HPOS="604"/>
<String LANG="fr" CONTENT="Dakota," HEIGHT="58" WIDTH="264" VPOS="1501" HPOS="635"/>
<SP HEIGHT="54" WIDTH="74" VPOS="1503" HPOS="900"/>
<String LANG="en-US" CONTENT="Laws," HEIGHT="68" WIDTH="201" VPOS="1503" HPOS="975"/>
<SP HEIGHT="50" WIDTH="31" VPOS="1521" HPOS="1177"/>
<String LANG="en-US" CONTENT="statutes," HEIGHT="65" WIDTH="286" VPOS="1506" HPOS="1209"/>
<SP HEIGHT="51" WIDTH="35" VPOS="1520" HPOS="1496"/>
<String LANG="fr" CONTENT="etc." HEIGHT="51" WIDTH="108" VPOS="1506" HPOS="1532"/>
</TextLine>
<TextLine HEIGHT="303" WIDTH="1995" VPOS="1578" HPOS="399" STYLEREFS="StyleId-0FBDD7C4-5A8B-4402-BEF3-7DF40FDD10E9-" LANG="en-US" CS="1">
<String CONTENT="Supplement" HEIGHT="70" WIDTH="406" VPOS="1581" HPOS="481"/>
<SP HEIGHT="55" WIDTH="38" VPOS="1580" HPOS="888"/>
<String CONTENT="to" HEIGHT="55" WIDTH="64" VPOS="1580" HPOS="927"/>
<SP HEIGHT="53" WIDTH="38" VPOS="1582" HPOS="992"/>
<String CONTENT="the" HEIGHT="56" WIDTH="103" VPOS="1579" HPOS="1031"/>
<SP HEIGHT="53" WIDTH="40" VPOS="1581" HPOS="1135"/>
<String CONTENT="1913" HEIGHT="54" WIDTH="146" VPOS="1581" HPOS="1176"/>
<SP HEIGHT="58" WIDTH="42" VPOS="1578" HPOS="1323"/>
<String CONTENT="Compiled" HEIGHT="71" WIDTH="323" VPOS="1578" HPOS="1366"/>
<SP HEIGHT="56" WIDTH="36" VPOS="1579" HPOS="1690"/>
<String CONTENT="laws" HEIGHT="54" WIDTH="151" VPOS="1580" HPOS="1727"/>
<SP HEIGHT="38" WIDTH="39" VPOS="1597" HPOS="1879"/>
<String CONTENT="of" HEIGHT="56" WIDTH="68" VPOS="1579" HPOS="1919"/>
<SP HEIGHT="55" WIDTH="37" VPOS="1579" HPOS="1988"/>
<String CONTENT="North" HEIGHT="57" WIDTH="206" VPOS="1578" HPOS="2026"/>
<SP HEIGHT="57" WIDTH="34" VPOS="1578" HPOS="2233"/>
<String CONTENT="Dakota," HEIGHT="150" WIDTH="1967" VPOS="1578" HPOS="399"/>
<SP HEIGHT="68" WIDTH="32" VPOS="1660" HPOS="563"/>
<String CONTENT="1913-1925." HEIGHT="54" WIDTH="355" VPOS="1658" HPOS="596"/>
<SP HEIGHT="57" WIDTH="74" VPOS="1655" HPOS="952"/>
<String CONTENT="Containing" HEIGHT="71" WIDTH="382" VPOS="1655" HPOS="1027"/>
<SP HEIGHT="67" WIDTH="23" VPOS="1659" HPOS="1410"/>
<String CONTENT="the" HEIGHT="55" WIDTH="104" VPOS="1656" HPOS="1434"/>
<SP HEIGHT="36" WIDTH="32" VPOS="1675" HPOS="1539"/>
<String CONTENT="statutes" HEIGHT="53" WIDTH="266" VPOS="1658" HPOS="1572"/>
<SP HEIGHT="37" WIDTH="33" VPOS="1675" HPOS="1839"/>
<String CONTENT="enacted" HEIGHT="56" WIDTH="258" VPOS="1656" HPOS="1873"/>
<SP HEIGHT="56" WIDTH="29" VPOS="1656" HPOS="2132"/>
<String CONTENT="at" HEIGHT="53" WIDTH="64" VPOS="1658" HPOS="2162"/>
<SP HEIGHT="52" WIDTH="31" VPOS="1658" HPOS="2227"/>
<String CONTENT="regular" HEIGHT="115" WIDTH="1970" VPOS="1675" HPOS="401"/>
<SP HEIGHT="37" WIDTH="28" VPOS="1753" HPOS="544"/>
<String CONTENT="sessions," HEIGHT="70" WIDTH="291" VPOS="1733" HPOS="573"/>
<SP HEIGHT="67" WIDTH="33" VPOS="1736" HPOS="865"/>
<String CONTENT="1915," HEIGHT="68" WIDTH="166" VPOS="1735" HPOS="899"/>
<SP HEIGHT="68" WIDTH="32" VPOS="1735" HPOS="1066"/>
<String CONTENT="1917," HEIGHT="69" WIDTH="165" VPOS="1734" HPOS="1099"/>
<SP HEIGHT="68" WIDTH="35" VPOS="1735" HPOS="1265"/>
<String CONTENT="1919," HEIGHT="71" WIDTH="165" VPOS="1734" HPOS="1301"/>
<SP HEIGHT="69" WIDTH="33" VPOS="1736" HPOS="1467"/>
<String CONTENT="1921," HEIGHT="69" WIDTH="163" VPOS="1734" HPOS="1501"/>
<SP HEIGHT="68" WIDTH="33" VPOS="1735" HPOS="1665"/>
<String CONTENT="1923," HEIGHT="71" WIDTH="165" VPOS="1733" HPOS="1699"/>
<SP HEIGHT="69" WIDTH="34" VPOS="1735" HPOS="1865"/>
<String CONTENT="1925," HEIGHT="70" WIDTH="165" VPOS="1734" HPOS="1900"/>
<SP HEIGHT="52" WIDTH="33" VPOS="1752" HPOS="2066"/>
<String CONTENT="and" HEIGHT="56" WIDTH="124" VPOS="1734" HPOS="2100"/>
<SP HEIGHT="56" WIDTH="34" VPOS="1734" HPOS="2225"/>
<String CONTENT="special" HEIGHT="115" WIDTH="1965" VPOS="1752" HPOS="403"/>
<SP HEIGHT="55" WIDTH="25" VPOS="1813" HPOS="522"/>
<String CONTENT="sessions" HEIGHT="57" WIDTH="272" VPOS="1811" HPOS="548"/>
<SP HEIGHT="55" WIDTH="28" VPOS="1813" HPOS="821"/>
<String CONTENT="1918,1919," HEIGHT="68" WIDTH="359" VPOS="1811" HPOS="850"/>
<SP HEIGHT="48" WIDTH="22" VPOS="1829" HPOS="1210"/>
<String CONTENT="with" HEIGHT="55" WIDTH="152" VPOS="1810" HPOS="1233"/>
<SP HEIGHT="55" WIDTH="26" VPOS="1811" HPOS="1386"/>
<String CONTENT="critical" HEIGHT="56" WIDTH="242" VPOS="1810" HPOS="1413"/>
<SP HEIGHT="56" WIDTH="24" VPOS="1810" HPOS="1656"/>
<String CONTENT="explanatory" HEIGHT="71" WIDTH="414" VPOS="1810" HPOS="1681"/>
<SP HEIGHT="52" WIDTH="22" VPOS="1829" HPOS="2096"/>
<String CONTENT="notes" HEIGHT="54" WIDTH="178" VPOS="1813" HPOS="2119"/>
<SP HEIGHT="37" WIDTH="28" VPOS="1830" HPOS="2298"/>
<String CONTENT="of" HEIGHT="56" WIDTH="67" VPOS="1811" HPOS="2327"/>
</TextLine>
<TextLine HEIGHT="72" WIDTH="1991" VPOS="1887" HPOS="401" STYLEREFS="StyleId-0FBDD7C4-5A8B-4402-BEF3-7DF40FDD10E9-" LANG="en-US">
<String CONTENT="the" HEIGHT="56" WIDTH="104" VPOS="1889" HPOS="401"/>
<SP HEIGHT="37" WIDTH="44" VPOS="1908" HPOS="506"/>
<String CONTENT="compiler." HEIGHT="71" WIDTH="313" VPOS="1888" HPOS="551"/>
<SP HEIGHT="56" WIDTH="84" VPOS="1887" HPOS="865"/>
<String CONTENT="Also" HEIGHT="57" WIDTH="156" VPOS="1887" HPOS="950"/>
<SP HEIGHT="38" WIDTH="45" VPOS="1906" HPOS="1107"/>
<String CONTENT="references" HEIGHT="57" WIDTH="355" VPOS="1887" HPOS="1153"/>
<SP HEIGHT="54" WIDTH="46" VPOS="1890" HPOS="1509"/>
<String CONTENT="to" HEIGHT="54" WIDTH="63" VPOS="1890" HPOS="1556"/>
<SP HEIGHT="53" WIDTH="46" VPOS="1890" HPOS="1620"/>
<String CONTENT="the" HEIGHT="56" WIDTH="104" VPOS="1888" HPOS="1667"/>
<SP HEIGHT="56" WIDTH="45" VPOS="1888" HPOS="1772"/>
<String CONTENT="decisions" HEIGHT="57" WIDTH="308" VPOS="1887" HPOS="1818"/>
<SP HEIGHT="37" WIDTH="47" VPOS="1907" HPOS="2127"/>
<String CONTENT="of" HEIGHT="57" WIDTH="68" VPOS="1887" HPOS="2175"/>
<SP HEIGHT="58" WIDTH="43" VPOS="1887" HPOS="2244"/>
<String CONTENT="the" HEIGHT="57" WIDTH="104" VPOS="1888" HPOS="2288"/>
</TextLine>
<TextLine HEIGHT="72" WIDTH="1985" VPOS="1964" HPOS="407" STYLEREFS="StyleId-0FBDD7C4-5A8B-4402-BEF3-7DF40FDD10E9-" LANG="en-US">
<String CONTENT="Supreme" HEIGHT="70" WIDTH="301" VPOS="1966" HPOS="407"/>
<SP HEIGHT="37" WIDTH="35" VPOS="1985" HPOS="709"/>
<String CONTENT="courts" HEIGHT="54" WIDTH="209" VPOS="1968" HPOS="745"/>
<SP HEIGHT="37" WIDTH="35" VPOS="1984" HPOS="955"/>
<String CONTENT="of" HEIGHT="56" WIDTH="66" VPOS="1965" HPOS="991"/>
<SP HEIGHT="55" WIDTH="34" VPOS="1965" HPOS="1058"/>
<String CONTENT="North" HEIGHT="56" WIDTH="204" VPOS="1965" HPOS="1093"/>
<SP HEIGHT="55" WIDTH="28" VPOS="1965" HPOS="1298"/>
<String CONTENT="Dakota" HEIGHT="56" WIDTH="248" VPOS="1965" HPOS="1327"/>
<SP HEIGHT="36" WIDTH="34" VPOS="1984" HPOS="1576"/>
<String CONTENT="and" HEIGHT="55" WIDTH="121" VPOS="1966" HPOS="1611"/>
<SP HEIGHT="55" WIDTH="34" VPOS="1966" HPOS="1733"/>
<String CONTENT="the" HEIGHT="55" WIDTH="105" VPOS="1966" HPOS="1768"/>
<SP HEIGHT="57" WIDTH="32" VPOS="1964" HPOS="1874"/>
<String CONTENT="United" HEIGHT="58" WIDTH="237" VPOS="1964" HPOS="1907"/>
<SP HEIGHT="57" WIDTH="35" VPOS="1965" HPOS="2145"/>
<String CONTENT="States" HEIGHT="57" WIDTH="211" VPOS="1965" HPOS="2181"/>
</TextLine>
<TextLine HEIGHT="75" WIDTH="1989" VPOS="2039" HPOS="404" STYLEREFS="StyleId-0FBDD7C4-5A8B-4402-BEF3-7DF40FDD10E9-" LANG="en-US">
<String CONTENT="construing," HEIGHT="72" WIDTH="380" VPOS="2042" HPOS="404"/>
<SP HEIGHT="69" WIDTH="44" VPOS="2045" HPOS="785"/>
<String CONTENT="1st," HEIGHT="69" WIDTH="114" VPOS="2045" HPOS="830"/>
<SP HEIGHT="69" WIDTH="43" VPOS="2045" HPOS="945"/>
<String CONTENT="the" HEIGHT="55" WIDTH="104" VPOS="2043" HPOS="989"/>
<SP HEIGHT="59" WIDTH="43" VPOS="2039" HPOS="1094"/>
<String CONTENT="Compiled" HEIGHT="73" WIDTH="322" VPOS="2039" HPOS="1138"/>
<SP HEIGHT="57" WIDTH="41" VPOS="2042" HPOS="1461"/>
<String CONTENT="laws" HEIGHT="56" WIDTH="149" VPOS="2042" HPOS="1503"/>
<SP HEIGHT="54" WIDTH="46" VPOS="2044" HPOS="1653"/>
<String CONTENT="1913," HEIGHT="69" WIDTH="164" VPOS="2044" HPOS="1700"/>
<SP HEIGHT="51" WIDTH="45" VPOS="2062" HPOS="1865"/>
<String CONTENT="subsequent" HEIGHT="70" WIDTH="377" VPOS="2043" HPOS="1911"/>
<SP HEIGHT="54" WIDTH="39" VPOS="2046" HPOS="2289"/>
<String CONTENT="to" HEIGHT="53" WIDTH="64" VPOS="2047" HPOS="2329"/>
</TextLine>
<TextLine HEIGHT="228" WIDTH="1993" VPOS="2119" HPOS="402" STYLEREFS="StyleId-0FBDD7C4-5A8B-4402-BEF3-7DF40FDD10E9-" LANG="en-US" CS="1">
<String CONTENT="the" HEIGHT="57" WIDTH="105" VPOS="2120" HPOS="402"/>
<SP HEIGHT="38" WIDTH="29" VPOS="2139" HPOS="508"/>
<String CONTENT="references" HEIGHT="56" WIDTH="354" VPOS="2121" HPOS="538"/>
<SP HEIGHT="37" WIDTH="31" VPOS="2139" HPOS="893"/>
<String CONTENT="contained" HEIGHT="57" WIDTH="332" VPOS="2119" HPOS="925"/>
<SP HEIGHT="56" WIDTH="26" VPOS="2120" HPOS="1258"/>
<String CONTENT="therein," HEIGHT="71" WIDTH="261" VPOS="2119" HPOS="1285"/>
<SP HEIGHT="69" WIDTH="34" VPOS="2121" HPOS="1547"/>
<String CONTENT="2d," HEIGHT="71" WIDTH="93" VPOS="2120" HPOS="1582"/>
<SP HEIGHT="69" WIDTH="29" VPOS="2122" HPOS="1676"/>
<String CONTENT="the" HEIGHT="55" WIDTH="103" VPOS="2121" HPOS="1706"/>
<SP HEIGHT="36" WIDTH="32" VPOS="2140" HPOS="1810"/>
<String CONTENT="acts" HEIGHT="54" WIDTH="131" VPOS="2122" HPOS="1843"/>
<SP HEIGHT="37" WIDTH="33" VPOS="2139" HPOS="1975"/>
<String CONTENT="of" HEIGHT="56" WIDTH="66" VPOS="2120" HPOS="2009"/>
<SP HEIGHT="57" WIDTH="28" VPOS="2120" HPOS="2076"/>
<String CONTENT="the" HEIGHT="56" WIDTH="104" VPOS="2121" HPOS="2105"/>
<SP HEIGHT="56" WIDTH="29" VPOS="2121" HPOS="2210"/>
<String CONTENT="Legislature" HEIGHT="134" WIDTH="1971" VPOS="2121" HPOS="402"/>
<SP HEIGHT="37" WIDTH="39" VPOS="2217" HPOS="666"/>
<String CONTENT="as" HEIGHT="37" WIDTH="68" VPOS="2217" HPOS="706"/>
<SP HEIGHT="37" WIDTH="41" VPOS="2217" HPOS="775"/>
<String CONTENT="covered" HEIGHT="56" WIDTH="263" VPOS="2198" HPOS="817"/>
<SP HEIGHT="57" WIDTH="35" VPOS="2197" HPOS="1081"/>
<String CONTENT="by" HEIGHT="71" WIDTH="84" VPOS="2197" HPOS="1117"/>
<SP HEIGHT="68" WIDTH="37" VPOS="2200" HPOS="1202"/>
<String CONTENT="this" HEIGHT="56" WIDTH="125" VPOS="2197" HPOS="1240"/>
<SP HEIGHT="37" WIDTH="42" VPOS="2216" HPOS="1366"/>
<String CONTENT="supplement." HEIGHT="71" WIDTH="407" VPOS="2197" HPOS="1409"/>
<SP HEIGHT="56" WIDTH="78" VPOS="2197" HPOS="1817"/>
<String CONTENT="Also" HEIGHT="57" WIDTH="153" VPOS="2197" HPOS="1896"/>
<SP HEIGHT="53" WIDTH="41" VPOS="2201" HPOS="2050"/>
<String CONTENT="the" HEIGHT="56" WIDTH="104" VPOS="2198" HPOS="2092"/>
<SP HEIGHT="58" WIDTH="42" VPOS="2197" HPOS="2197"/>
<String CONTENT="Constitution" HEIGHT="135" WIDTH="1963" VPOS="2197" HPOS="407"/>
<SP HEIGHT="37" WIDTH="26" VPOS="2294" HPOS="696"/>
<String CONTENT="of" HEIGHT="56" WIDTH="68" VPOS="2275" HPOS="723"/>
<SP HEIGHT="56" WIDTH="23" VPOS="2274" HPOS="792"/>
<String CONTENT="North" HEIGHT="57" WIDTH="204" VPOS="2274" HPOS="816"/>
<SP HEIGHT="56" WIDTH="23" VPOS="2274" HPOS="1021"/>
<String CONTENT="Dakota" HEIGHT="57" WIDTH="247" VPOS="2274" HPOS="1045"/>
<SP HEIGHT="55" WIDTH="26" VPOS="2275" HPOS="1293"/>
<String CONTENT="including" HEIGHT="72" WIDTH="322" VPOS="2274" HPOS="1320"/>
<SP HEIGHT="53" WIDTH="25" VPOS="2293" HPOS="1643"/>
<String CONTENT="all" HEIGHT="55" WIDTH="84" VPOS="2275" HPOS="1669"/>
<SP HEIGHT="55" WIDTH="26" VPOS="2275" HPOS="1754"/>
<String CONTENT="amendments," HEIGHT="71" WIDTH="444" VPOS="2276" HPOS="1781"/>
<SP HEIGHT="52" WIDTH="19" VPOS="2295" HPOS="2226"/>
<String CONTENT="with" HEIGHT="57" WIDTH="149" VPOS="2276" HPOS="2246"/>
</TextLine>
<TextLine HEIGHT="74" WIDTH="1989" VPOS="2351" HPOS="405" STYLEREFS="StyleId-0FBDD7C4-5A8B-4402-BEF3-7DF40FDD10E9-" LANG="en-US">
<String CONTENT="annotations" HEIGHT="57" WIDTH="399" VPOS="2352" HPOS="405"/>
<SP HEIGHT="53" WIDTH="41" VPOS="2355" HPOS="805"/>
<String CONTENT="to" HEIGHT="53" WIDTH="64" VPOS="2355" HPOS="847"/>
<SP HEIGHT="71" WIDTH="39" VPOS="2352" HPOS="912"/>
<String CONTENT="judicial" HEIGHT="72" WIDTH="261" VPOS="2351" HPOS="952"/>
<SP HEIGHT="56" WIDTH="40" VPOS="2352" HPOS="1214"/>
<String CONTENT="decisions" HEIGHT="57" WIDTH="307" VPOS="2351" HPOS="1255"/>
<SP HEIGHT="37" WIDTH="44" VPOS="2371" HPOS="1563"/>
<String CONTENT="construing" HEIGHT="72" WIDTH="367" VPOS="2351" HPOS="1608"/>
<SP HEIGHT="71" WIDTH="35" VPOS="2352" HPOS="1976"/>
<String CONTENT="it," HEIGHT="73" WIDTH="68" VPOS="2352" HPOS="2012"/>
<SP HEIGHT="52" WIDTH="45" VPOS="2373" HPOS="2081"/>
<String CONTENT="and" HEIGHT="57" WIDTH="122" VPOS="2354" HPOS="2127"/>
<SP HEIGHT="57" WIDTH="39" VPOS="2354" HPOS="2250"/>
<String CONTENT="the" HEIGHT="58" WIDTH="104" VPOS="2353" HPOS="2290"/>
</TextLine>
<TextLine HEIGHT="61" WIDTH="1988" VPOS="2428" HPOS="406" STYLEREFS="StyleId-0FBDD7C4-5A8B-4402-BEF3-7DF40FDD10E9-" LANG="en-US">
<String CONTENT="amendments" HEIGHT="56" WIDTH="426" VPOS="2430" HPOS="406"/>
<SP HEIGHT="55" WIDTH="48" VPOS="2431" HPOS="833"/>
<String CONTENT="to" HEIGHT="54" WIDTH="64" VPOS="2431" HPOS="882"/>
<SP HEIGHT="53" WIDTH="47" VPOS="2432" HPOS="947"/>
<String CONTENT="the" HEIGHT="57" WIDTH="104" VPOS="2428" HPOS="995"/>
<SP HEIGHT="58" WIDTH="52" VPOS="2428" HPOS="1100"/>
<String CONTENT="Constitution" HEIGHT="58" WIDTH="424" VPOS="2428" HPOS="1153"/>
<SP HEIGHT="37" WIDTH="51" VPOS="2448" HPOS="1578"/>
<String CONTENT="of" HEIGHT="56" WIDTH="65" VPOS="2429" HPOS="1630"/>
<SP HEIGHT="57" WIDTH="47" VPOS="2429" HPOS="1696"/>
<String CONTENT="the" HEIGHT="57" WIDTH="104" VPOS="2429" HPOS="1744"/>
<SP HEIGHT="57" WIDTH="46" VPOS="2429" HPOS="1849"/>
<String CONTENT="United" HEIGHT="58" WIDTH="237" VPOS="2429" HPOS="1896"/>
<SP HEIGHT="57" WIDTH="48" VPOS="2431" HPOS="2134"/>
<String CONTENT="States" HEIGHT="58" WIDTH="211" VPOS="2431" HPOS="2183"/>
</TextLine>
<TextLine HEIGHT="76" WIDTH="1986" VPOS="2505" HPOS="407" STYLEREFS="StyleId-0FBDD7C4-5A8B-4402-BEF3-7DF40FDD10E9-" LANG="en-US">
<String CONTENT="since" HEIGHT="56" WIDTH="165" VPOS="2507" HPOS="407"/>
<SP HEIGHT="54" WIDTH="41" VPOS="2509" HPOS="573"/>
<String CONTENT="1913." HEIGHT="55" WIDTH="165" VPOS="2508" HPOS="615"/>
<SP HEIGHT="55" WIDTH="82" VPOS="2506" HPOS="781"/>
<String CONTENT="By" HEIGHT="70" WIDTH="98" VPOS="2506" HPOS="864"/>
<SP HEIGHT="50" WIDTH="43" VPOS="2526" HPOS="963"/>
<String CONTENT="authority" HEIGHT="71" WIDTH="325" VPOS="2505" HPOS="1007"/>
<SP HEIGHT="51" WIDTH="42" VPOS="2525" HPOS="1333"/>
<String CONTENT="of" HEIGHT="57" WIDTH="68" VPOS="2506" HPOS="1376"/>
<SP HEIGHT="57" WIDTH="41" VPOS="2506" HPOS="1445"/>
<String CONTENT="the" HEIGHT="57" WIDTH="104" VPOS="2506" HPOS="1487"/>
<SP HEIGHT="57" WIDTH="42" VPOS="2506" HPOS="1592"/>
<String CONTENT="Legislative" HEIGHT="73" WIDTH="383" VPOS="2506" HPOS="1635"/>
<SP HEIGHT="38" WIDTH="46" VPOS="2526" HPOS="2019"/>
<String CONTENT="assembly." HEIGHT="73" WIDTH="327" VPOS="2508" HPOS="2066"/>
</TextLine>
<TextLine HEIGHT="76" WIDTH="1995" VPOS="2583" HPOS="406" STYLEREFS="StyleId-0FBDD7C4-5A8B-4402-BEF3-7DF40FDD10E9-" LANG="en-US">
<String CONTENT="Rochester," HEIGHT="73" WIDTH="358" VPOS="2584" HPOS="406"/>
<SP HEIGHT="73" WIDTH="39" VPOS="2584" HPOS="765"/>
<String LANG="fr" CONTENT="N." HEIGHT="55" WIDTH="72" VPOS="2584" HPOS="805"/>
<SP HEIGHT="56" WIDTH="35" VPOS="2583" HPOS="878"/>
<String CONTENT="Y.," HEIGHT="72" WIDTH="93" VPOS="2583" HPOS="914"/>
<SP HEIGHT="71" WIDTH="39" VPOS="2584" HPOS="1008"/>
<String CONTENT="The" HEIGHT="56" WIDTH="130" VPOS="2583" HPOS="1048"/>
<SP HEIGHT="55" WIDTH="36" VPOS="2584" HPOS="1179"/>
<String CONTENT="Lawyers&#8217;" HEIGHT="70" WIDTH="324" VPOS="2584" HPOS="1216"/>
<SP HEIGHT="53" WIDTH="36" VPOS="2587" HPOS="1541"/>
<String CONTENT="co-operative" HEIGHT="71" WIDTH="419" VPOS="2584" HPOS="1578"/>
<SP HEIGHT="52" WIDTH="37" VPOS="2603" HPOS="1998"/>
<String CONTENT="publishing" HEIGHT="74" WIDTH="365" VPOS="2585" HPOS="2036"/>
</TextLine>
<TextLine HEIGHT="71" WIDTH="301" VPOS="2662" HPOS="406" STYLEREFS="StyleId-0FBDD7C4-5A8B-4402-BEF3-7DF40FDD10E9-" LANG="en-US">
<String CONTENT="co.," HEIGHT="52" WIDTH="106" VPOS="2681" HPOS="406"/>
<SP HEIGHT="69" WIDTH="30" VPOS="2664" HPOS="513"/>
<String CONTENT="1926." HEIGHT="55" WIDTH="163" VPOS="2662" HPOS="544"/>
</TextLine>
<TextLine HEIGHT="53" WIDTH="563" VPOS="2736" HPOS="472" CS="1">
<String LANG="en-US" CONTENT="xxxv," HEIGHT="34" WIDTH="141" VPOS="2753" HPOS="472"/>
<SP HEIGHT="50" WIDTH="31" VPOS="2737" HPOS="614"/>
<String LANG="en-US" CONTENT="2122" HEIGHT="43" WIDTH="111" VPOS="2737" HPOS="646"/>
<SP HEIGHT="51" WIDTH="26" VPOS="2738" HPOS="758"/>
<String LANG="fr" CONTENT="p." HEIGHT="37" WIDTH="41" VPOS="2752" HPOS="785"/>
<SP HEIGHT="43" WIDTH="56" VPOS="2737" HPOS="827"/>
<String LANG="fr" CONTENT="26" HEIGHT="44" WIDTH="56" VPOS="2736" HPOS="884"/>
<String LANG="en-US" CS="1" CONTENT="&#189;"/>
<String STYLE="superscript" LANG="fr" CONTENT="cm" HEIGHT="18" WIDTH="48" VPOS="2739" HPOS="973"/>
<String LANG="fr" CONTENT="." HEIGHT="9" WIDTH="9" VPOS="2772" HPOS="1026"/>
</TextLine>
<TextLine HEIGHT="55" WIDTH="1994" VPOS="2793" HPOS="405" LANG="en-US">
<String CONTENT="&#169;" HEIGHT="53" WIDTH="53" VPOS="2793" HPOS="405"/>
<SP HEIGHT="53" WIDTH="26" VPOS="2793" HPOS="459"/>
<String CONTENT="July" HEIGHT="52" WIDTH="105" VPOS="2794" HPOS="486"/>
<SP HEIGHT="51" WIDTH="23" VPOS="2795" HPOS="592"/>
<String CONTENT="23," HEIGHT="51" WIDTH="67" VPOS="2795" HPOS="616"/>
<SP HEIGHT="51" WIDTH="28" VPOS="2795" HPOS="684"/>
<String CONTENT="1926;" HEIGHT="52" WIDTH="130" VPOS="2794" HPOS="713"/>
<SP HEIGHT="52" WIDTH="27" VPOS="2794" HPOS="844"/>
<String CONTENT="2c." HEIGHT="42" WIDTH="65" VPOS="2794" HPOS="872"/>
<SP HEIGHT="51" WIDTH="26" VPOS="2794" HPOS="938"/>
<String CONTENT="July" HEIGHT="52" WIDTH="107" VPOS="2794" HPOS="965"/>
<SP HEIGHT="51" WIDTH="24" VPOS="2795" HPOS="1073"/>
<String CONTENT="30;" HEIGHT="51" WIDTH="77" VPOS="2794" HPOS="1098"/>
<SP HEIGHT="36" WIDTH="29" VPOS="2809" HPOS="1176"/>
<String CONTENT="aff." HEIGHT="43" WIDTH="77" VPOS="2794" HPOS="1206"/>
<SP HEIGHT="51" WIDTH="29" VPOS="2794" HPOS="1284"/>
<String CONTENT="July" HEIGHT="53" WIDTH="107" VPOS="2793" HPOS="1314"/>
<SP HEIGHT="52" WIDTH="24" VPOS="2794" HPOS="1422"/>
<String CONTENT="29;" HEIGHT="52" WIDTH="78" VPOS="2794" HPOS="1447"/>
<SP HEIGHT="52" WIDTH="27" VPOS="2794" HPOS="1526"/>
<!-- cceid 028A8D2A-6E1B-1014-9B7B-CA07F191E62B --><String CONTENT="A" HEIGHT="43" WIDTH="45" VPOS="2794" HPOS="1554"/>
<SP HEIGHT="44" WIDTH="26" VPOS="2794" HPOS="1600"/>
<String CONTENT="901322;" HEIGHT="53" WIDTH="188" VPOS="2794" HPOS="1627"/>
<SP HEIGHT="52" WIDTH="31" VPOS="2795" HPOS="1816"/>
<String CONTENT="Lawyers" HEIGHT="53" WIDTH="213" VPOS="2795" HPOS="1848"/>
<SP HEIGHT="28" WIDTH="28" VPOS="2810" HPOS="2062"/>
<String CONTENT="co-operative" HEIGHT="53" WIDTH="308" VPOS="2795" HPOS="2091"/>
</TextLine>
<TextLine HEIGHT="52" WIDTH="1838" VPOS="2853" HPOS="475" LANG="en-US" CS="1">
<String CONTENT="pub." HEIGHT="52" WIDTH="101" VPOS="2853" HPOS="475"/>
<SP HEIGHT="30" WIDTH="35" VPOS="2866" HPOS="577"/>
<String CONTENT="co." HEIGHT="29" WIDTH="65" VPOS="2866" HPOS="613"/>
<SP/>
<String CONTENT="5267" HEIGHT="37" WIDTH="106" VPOS="2859" HPOS="2207"/>
</TextLine>
<TextLine HEIGHT="72" WIDTH="1926" VPOS="2922" HPOS="474" STYLEREFS="StyleId-0FBDD7C4-5A8B-4402-BEF3-7DF40FDD10E9-" LANG="en-US" CS="1">
<String CS="1" CONTENT="&#8230;"/>
<SP HEIGHT="56" WIDTH="35" VPOS="2924" HPOS="474"/>
<String CONTENT="The" HEIGHT="56" WIDTH="127" VPOS="2923" HPOS="510"/>
<SP HEIGHT="57" WIDTH="27" VPOS="2922" HPOS="638"/>
<String CONTENT="North" HEIGHT="57" WIDTH="205" VPOS="2922" HPOS="666"/>
<SP HEIGHT="56" WIDTH="23" VPOS="2922" HPOS="872"/>
<String CONTENT="western" HEIGHT="55" WIDTH="271" VPOS="2925" HPOS="896"/>
<SP HEIGHT="36" WIDTH="28" VPOS="2941" HPOS="1168"/>
<String CONTENT="reporter," HEIGHT="67" WIDTH="306" VPOS="2926" HPOS="1197"/>
<SP HEIGHT="37" WIDTH="65" VPOS="2942" HPOS="1504"/>
<String CONTENT="v." HEIGHT="37" WIDTH="58" VPOS="2942" HPOS="1570"/>
<SP HEIGHT="54" WIDTH="31" VPOS="2925" HPOS="1629"/>
<String CONTENT="206," HEIGHT="69" WIDTH="125" VPOS="2925" HPOS="1661"/>
<SP HEIGHT="69" WIDTH="33" VPOS="2925" HPOS="1787"/>
<String CONTENT="207." HEIGHT="56" WIDTH="125" VPOS="2924" HPOS="1821"/>
<SP HEIGHT="55" WIDTH="69" VPOS="2925" HPOS="1947"/>
<String CONTENT="Permanent" HEIGHT="57" WIDTH="383" VPOS="2925" HPOS="2017"/>
</TextLine>
<TextLine HEIGHT="73" WIDTH="1915" VPOS="3000" HPOS="486" STYLEREFS="StyleId-0FBDD7C4-5A8B-4402-BEF3-7DF40FDD10E9-" LANG="en-US" CS="1">
<String CONTENT="ed." HEIGHT="55" WIDTH="89" VPOS="3002" HPOS="486"/>
<SP HEIGHT="12" WIDTH="80" VPOS="3046" HPOS="576"/>
<String CS="1" CONTENT="&#8230;"/>
<SP HEIGHT="59" WIDTH="38" VPOS="3000" HPOS="719"/>
<String CONTENT="With" HEIGHT="57" WIDTH="179" VPOS="3000" HPOS="758"/>
<SP HEIGHT="55" WIDTH="29" VPOS="3000" HPOS="938"/>
<String CONTENT="key-number" HEIGHT="71" WIDTH="409" VPOS="3000" HPOS="968"/>
<SP HEIGHT="38" WIDTH="34" VPOS="3019" HPOS="1378"/>
<String CONTENT="annotations" HEIGHT="57" WIDTH="399" VPOS="3000" HPOS="1413"/>
<SP HEIGHT="39" WIDTH="41" VPOS="3020" HPOS="1813"/>
<String CS="1" CONTENT="&#8230;"/>
<SP HEIGHT="57" WIDTH="81" VPOS="3002" HPOS="1917"/>
<String CONTENT="January" HEIGHT="71" WIDTH="293" VPOS="3002" HPOS="1999"/>
<SP HEIGHT="69" WIDTH="32" VPOS="3004" HPOS="2293"/>
<String CONTENT="8-" HEIGHT="56" WIDTH="75" VPOS="3004" HPOS="2326"/>
</TextLine>
<TextLine HEIGHT="74" WIDTH="1843" VPOS="3077" HPOS="484" STYLEREFS="StyleId-0FBDD7C4-5A8B-4402-BEF3-7DF40FDD10E9-" LANG="en-US">
<String CONTENT="April" HEIGHT="71" WIDTH="187" VPOS="3077" HPOS="484"/>
<SP HEIGHT="55" WIDTH="32" VPOS="3078" HPOS="672"/>
<String CONTENT="16," HEIGHT="69" WIDTH="88" VPOS="3078" HPOS="705"/>
<SP HEIGHT="68" WIDTH="33" VPOS="3079" HPOS="794"/>
<String CONTENT="1926." HEIGHT="54" WIDTH="165" VPOS="3079" HPOS="828"/>
<SP HEIGHT="57" WIDTH="85" VPOS="3077" HPOS="994"/>
<String CONTENT="St." HEIGHT="57" WIDTH="89" VPOS="3077" HPOS="1080"/>
<SP HEIGHT="55" WIDTH="33" VPOS="3078" HPOS="1170"/>
<String CONTENT="Paul," HEIGHT="72" WIDTH="177" VPOS="3078" HPOS="1204"/>
<SP HEIGHT="73" WIDTH="32" VPOS="3077" HPOS="1382"/>
<String CONTENT="West" HEIGHT="58" WIDTH="183" VPOS="3077" HPOS="1415"/>
<SP HEIGHT="67" WIDTH="24" VPOS="3081" HPOS="1599"/>
<String CONTENT="publishing" HEIGHT="72" WIDTH="365" VPOS="3078" HPOS="1624"/>
<SP HEIGHT="52" WIDTH="31" VPOS="3098" HPOS="1990"/>
<String CONTENT="co.," HEIGHT="53" WIDTH="105" VPOS="3098" HPOS="2022"/>
<SP HEIGHT="69" WIDTH="34" VPOS="3082" HPOS="2128"/>
<String CONTENT="1926." HEIGHT="55" WIDTH="164" VPOS="3081" HPOS="2163"/>
</TextLine>
<TextLine HEIGHT="55" WIDTH="1440" VPOS="3152" HPOS="474" LANG="en-US" CS="1">
<String CONTENT="2" HEIGHT="41" WIDTH="28" VPOS="3154" HPOS="474"/>
<SP/>
<String LANG="fr" CONTENT="v." HEIGHT="27" WIDTH="38" VPOS="3170" HPOS="530"/>
<SP HEIGHT="43" WIDTH="57" VPOS="3154" HPOS="569"/>
<String CS="1" CONTENT="26&#189;" HEIGHT="42" WIDTH="55" VPOS="3154" HPOS="627"/>
<String STYLE="superscript" CONTENT="cm" HEIGHT="17" WIDTH="47" VPOS="3156" HPOS="716"/>
<String CONTENT="." HEIGHT="7" WIDTH="7" VPOS="3189" HPOS="770"/>
<SP HEIGHT="52" WIDTH="69" VPOS="3153" HPOS="778"/>
<String CONTENT="(National" HEIGHT="52" WIDTH="243" VPOS="3153" HPOS="848"/>
<SP HEIGHT="42" WIDTH="31" VPOS="3154" HPOS="1092"/>
<String CONTENT="reporter" HEIGHT="43" WIDTH="206" VPOS="3162" HPOS="1124"/>
<SP HEIGHT="27" WIDTH="30" VPOS="3169" HPOS="1331"/>
<String CONTENT="system&#8212;State" HEIGHT="53" WIDTH="355" VPOS="3152" HPOS="1362"/>
<SP HEIGHT="28" WIDTH="30" VPOS="3170" HPOS="1718"/>
<String CONTENT="series)" HEIGHT="54" WIDTH="165" VPOS="3153" HPOS="1749"/>
</TextLine>
<TextLine HEIGHT="57" WIDTH="1989" VPOS="3208" HPOS="407" LANG="en-US">
<String CONTENT="v." HEIGHT="28" WIDTH="40" VPOS="3225" HPOS="407"/>
<SP HEIGHT="42" WIDTH="25" VPOS="3211" HPOS="448"/>
<String CONTENT="206," HEIGHT="51" WIDTH="94" VPOS="3210" HPOS="474"/>
<SP HEIGHT="53" WIDTH="26" VPOS="3208" HPOS="569"/>
<String CONTENT="&#169;" HEIGHT="53" WIDTH="54" VPOS="3208" HPOS="596"/>
<SP HEIGHT="53" WIDTH="29" VPOS="3208" HPOS="651"/>
<String CONTENT="Apr." HEIGHT="51" WIDTH="111" VPOS="3211" HPOS="681"/>
<SP HEIGHT="40" WIDTH="33" VPOS="3212" HPOS="793"/>
<String CONTENT="12," HEIGHT="47" WIDTH="60" VPOS="3211" HPOS="827"/>
<SP HEIGHT="46" WIDTH="31" VPOS="3212" HPOS="888"/>
<String CONTENT="1926;" HEIGHT="50" WIDTH="130" VPOS="3211" HPOS="920"/>
<SP HEIGHT="35" WIDTH="30" VPOS="3226" HPOS="1051"/>
<String CONTENT="v." HEIGHT="27" WIDTH="40" VPOS="3226" HPOS="1082"/>
<SP HEIGHT="42" WIDTH="30" VPOS="3211" HPOS="1123"/>
<String CONTENT="207," HEIGHT="53" WIDTH="94" VPOS="3209" HPOS="1154"/>
<SP HEIGHT="54" WIDTH="25" VPOS="3208" HPOS="1249"/>
<String CONTENT="&#169;" HEIGHT="54" WIDTH="60" VPOS="3208" HPOS="1275"/>
<SP HEIGHT="55" WIDTH="25" VPOS="3208" HPOS="1336"/>
<String CONTENT="June" HEIGHT="52" WIDTH="115" VPOS="3211" HPOS="1362"/>
<SP HEIGHT="43" WIDTH="27" VPOS="3211" HPOS="1478"/>
<String CONTENT="4;" HEIGHT="52" WIDTH="50" VPOS="3211" HPOS="1506"/>
<SP HEIGHT="51" WIDTH="29" VPOS="3212" HPOS="1557"/>
<String CONTENT="2c." HEIGHT="42" WIDTH="63" VPOS="3212" HPOS="1587"/>
<SP HEIGHT="28" WIDTH="31" VPOS="3226" HPOS="1651"/>
<String CONTENT="each" HEIGHT="43" WIDTH="108" VPOS="3211" HPOS="1683"/>
<SP HEIGHT="43" WIDTH="29" VPOS="3211" HPOS="1792"/>
<String CONTENT="Aug." HEIGHT="52" WIDTH="118" VPOS="3212" HPOS="1822"/>
<SP HEIGHT="44" WIDTH="33" VPOS="3211" HPOS="1941"/>
<String CONTENT="7;" HEIGHT="53" WIDTH="49" VPOS="3211" HPOS="1975"/>
<SP HEIGHT="38" WIDTH="31" VPOS="3226" HPOS="2025"/>
<String CONTENT="affs." HEIGHT="43" WIDTH="102" VPOS="3212" HPOS="2057"/>
<SP HEIGHT="43" WIDTH="31" VPOS="3212" HPOS="2160"/>
<String CONTENT="Aug." HEIGHT="53" WIDTH="120" VPOS="3212" HPOS="2192"/>
<SP HEIGHT="45" WIDTH="33" VPOS="3211" HPOS="2313"/>
<String CONTENT="5;" HEIGHT="54" WIDTH="49" VPOS="3211" HPOS="2347"/>
</TextLine>
<TextLine HEIGHT="54" WIDTH="846" VPOS="3265" HPOS="477" LANG="en-US" CS="1">
<!-- cceid 028ADDB1-6E1B-1014-9B7B-CA07F191E62B --><String CONTENT="A" HEIGHT="41" WIDTH="44" VPOS="3268" HPOS="477"/>
<SP HEIGHT="42" WIDTH="25" VPOS="3268" HPOS="522"/>
<String CONTENT="897724," HEIGHT="54" WIDTH="176" VPOS="3265" HPOS="548"/>
<SP HEIGHT="52" WIDTH="27" VPOS="3267" HPOS="725"/>
<String CS="1" CONTENT="897725;" HEIGHT="44" WIDTH="163" VPOS="3266" HPOS="753"/>
<SP HEIGHT="48" WIDTH="28" VPOS="3268" HPOS="943"/>
<String CONTENT="West" HEIGHT="43" WIDTH="133" VPOS="3268" HPOS="972"/>
<SP HEIGHT="44" WIDTH="23" VPOS="3275" HPOS="1106"/>
<String CONTENT="pub." HEIGHT="50" WIDTH="99" VPOS="3269" HPOS="1130"/>
<SP HEIGHT="27" WIDTH="28" VPOS="3283" HPOS="1230"/>
<String CONTENT="co." HEIGHT="28" WIDTH="64" VPOS="3283" HPOS="1259"/>
</TextLine>
<TextLine HEIGHT="73" WIDTH="1079" VPOS="3337" HPOS="404" STYLEREFS="StyleId-8067D5E5-B917-47C2-92AF-CCD5F3ADA179-" LANG="en-US">
<String CONTENT="O&#8217;Brien," HEIGHT="73" WIDTH="280" VPOS="3337" HPOS="404"/>
<SP HEIGHT="72" WIDTH="36" VPOS="3338" HPOS="685"/>
<String CONTENT="Thomas" HEIGHT="57" WIDTH="269" VPOS="3338" HPOS="722"/>
<SP HEIGHT="56" WIDTH="34" VPOS="3339" HPOS="992"/>
<String CONTENT="Dillon," HEIGHT="68" WIDTH="225" VPOS="3337" HPOS="1027"/>
<SP HEIGHT="63" WIDTH="40" VPOS="3342" HPOS="1253"/>
<String CONTENT="1859-" HEIGHT="56" WIDTH="189" VPOS="3341" HPOS="1294"/>
</TextLine>
<TextLine HEIGHT="79" WIDTH="1912" VPOS="3411" HPOS="486" STYLEREFS="StyleId-0FBDD7C4-5A8B-4402-BEF3-7DF40FDD10E9-" LANG="en-US" CS="1">
<String CONTENT="The" HEIGHT="66" WIDTH="130" VPOS="3411" HPOS="486"/>
<SP HEIGHT="39" WIDTH="41" VPOS="3438" HPOS="617"/>
<String CONTENT="citizen" HEIGHT="59" WIDTH="222" VPOS="3418" HPOS="659"/>
<SP HEIGHT="38" WIDTH="43" VPOS="3438" HPOS="882"/>
<String CONTENT="and" HEIGHT="57" WIDTH="121" VPOS="3421" HPOS="926"/>
<SP HEIGHT="57" WIDTH="43" VPOS="3421" HPOS="1048"/>
<String CONTENT="the" HEIGHT="60" WIDTH="104" VPOS="3419" HPOS="1092"/>
<SP HEIGHT="61" WIDTH="47" VPOS="3418" HPOS="1197"/>
<String CONTENT="Constitution" HEIGHT="62" WIDTH="420" VPOS="3416" HPOS="1245"/>
<SP HEIGHT="50" WIDTH="50" VPOS="3440" HPOS="1666"/>
<String CS="1" CONTENT="[by]" HEIGHT="70" WIDTH="95" VPOS="3420" HPOS="1717"/>
<SP HEIGHT="66" WIDTH="47" VPOS="3420" HPOS="1829"/>
<String CONTENT="Thomas" HEIGHT="58" WIDTH="271" VPOS="3419" HPOS="1877"/>
<SP HEIGHT="57" WIDTH="42" VPOS="3420" HPOS="2149"/>
<String CONTENT="Dillon" HEIGHT="57" WIDTH="206" VPOS="3419" HPOS="2192"/>
</TextLine>
<TextLine HEIGHT="153" WIDTH="1966" VPOS="3493" HPOS="409" STYLEREFS="StyleId-0FBDD7C4-5A8B-4402-BEF3-7DF40FDD10E9-" LANG="en-US" CS="1">
<String CONTENT="O&#8217;Brien" HEIGHT="62" WIDTH="273" VPOS="3493" HPOS="411"/>
<SP HEIGHT="38" WIDTH="40" VPOS="3515" HPOS="685"/>
<String CS="1" CONTENT="&#8230;"/>
<SP HEIGHT="58" WIDTH="84" VPOS="3495" HPOS="789"/>
<String CONTENT="New" HEIGHT="58" WIDTH="152" VPOS="3495" HPOS="874"/>
<SP HEIGHT="57" WIDTH="32" VPOS="3496" HPOS="1027"/>
<String CONTENT="York," HEIGHT="74" WIDTH="190" VPOS="3495" HPOS="1060"/>
<SP HEIGHT="71" WIDTH="37" VPOS="3498" HPOS="1251"/>
<String CONTENT="The" HEIGHT="57" WIDTH="130" VPOS="3498" HPOS="1289"/>
<SP HEIGHT="60" WIDTH="33" VPOS="3495" HPOS="1420"/>
<String CONTENT="Universal" HEIGHT="61" WIDTH="341" VPOS="3493" HPOS="1454"/>
<SP HEIGHT="59" WIDTH="29" VPOS="3495" HPOS="1796"/>
<String CONTENT="knowledge" HEIGHT="72" WIDTH="360" VPOS="3495" HPOS="1826"/>
<SP HEIGHT="56" WIDTH="35" VPOS="3499" HPOS="2187"/>
<String CONTENT="foundation" HEIGHT="134" WIDTH="1966" VPOS="3499" HPOS="409"/>
<SP HEIGHT="52" WIDTH="31" VPOS="3593" HPOS="625"/>
<String CS="1" CONTENT="["/>
<String STYLE="superscript" CONTENT="c" HEIGHT="22" WIDTH="21" VPOS="3582" HPOS="670"/>
<String CONTENT="1926]" HEIGHT="72" WIDTH="166" VPOS="3574" HPOS="694"/>
</TextLine>
<TextLine HEIGHT="52" WIDTH="512" VPOS="3650" HPOS="481" LANG="en-US" CS="1">
<String CONTENT="3" HEIGHT="42" WIDTH="23" VPOS="3652" HPOS="481"/>
<SP/>
<String LANG="fr" CONTENT="p." HEIGHT="38" WIDTH="40" VPOS="3664" HPOS="531"/>
<SP HEIGHT="42" WIDTH="24" VPOS="3653" HPOS="572"/>
<String LANG="fr" CS="1" CONTENT="l"/>
<String CONTENT=".," HEIGHT="14" WIDTH="20" VPOS="3686" HPOS="616"/>
<SP HEIGHT="47" WIDTH="31" VPOS="3653" HPOS="637"/>
<String CONTENT="177" HEIGHT="45" WIDTH="78" VPOS="3650" HPOS="669"/>
<SP HEIGHT="50" WIDTH="21" VPOS="3651" HPOS="748"/>
<String CONTENT="p." HEIGHT="39" WIDTH="42" VPOS="3662" HPOS="770"/>
<SP HEIGHT="42" WIDTH="56" VPOS="3651" HPOS="813"/>
<String CONTENT="21" HEIGHT="43" WIDTH="52" VPOS="3651" HPOS="870"/>
<String STYLE="superscript" CONTENT="cm" HEIGHT="18" WIDTH="47" VPOS="3652" HPOS="932"/>
<String CONTENT="." HEIGHT="9" WIDTH="9" VPOS="3685" HPOS="984"/>
</TextLine>
<TextLine HEIGHT="54" WIDTH="1919" VPOS="3704" HPOS="484" LANG="en-US">
<String CONTENT="&#8220;Most" HEIGHT="44" WIDTH="154" VPOS="3707" HPOS="484"/>
<SP HEIGHT="38" WIDTH="35" VPOS="3715" HPOS="639"/>
<String CONTENT="of" HEIGHT="43" WIDTH="52" VPOS="3710" HPOS="675"/>
<SP HEIGHT="43" WIDTH="31" VPOS="3710" HPOS="728"/>
<String CONTENT="the" HEIGHT="44" WIDTH="76" VPOS="3709" HPOS="760"/>
<SP HEIGHT="29" WIDTH="33" VPOS="3722" HPOS="837"/>
<String CONTENT="matter" HEIGHT="38" WIDTH="167" VPOS="3713" HPOS="871"/>
<SP HEIGHT="42" WIDTH="30" VPOS="3707" HPOS="1039"/>
<String CONTENT="in" HEIGHT="42" WIDTH="46" VPOS="3707" HPOS="1070"/>
<SP HEIGHT="35" WIDTH="36" VPOS="3717" HPOS="1117"/>
<String CONTENT="this" HEIGHT="44" WIDTH="89" VPOS="3708" HPOS="1154"/>
<SP HEIGHT="43" WIDTH="35" VPOS="3710" HPOS="1244"/>
<String CONTENT="book" HEIGHT="46" WIDTH="125" VPOS="3707" HPOS="1280"/>
<SP HEIGHT="45" WIDTH="33" VPOS="3707" HPOS="1406"/>
<String CONTENT="appeared" HEIGHT="54" WIDTH="223" VPOS="3704" HPOS="1440"/>
<SP HEIGHT="46" WIDTH="34" VPOS="3704" HPOS="1664"/>
<String CONTENT="under" HEIGHT="43" WIDTH="145" VPOS="3707" HPOS="1699"/>
<SP HEIGHT="35" WIDTH="34" VPOS="3714" HPOS="1845"/>
<String CONTENT="the" HEIGHT="43" WIDTH="75" VPOS="3706" HPOS="1880"/>
<SP HEIGHT="35" WIDTH="36" VPOS="3717" HPOS="1956"/>
<String CONTENT="title" HEIGHT="45" WIDTH="98" VPOS="3707" HPOS="1993"/>
<SP HEIGHT="41" WIDTH="35" VPOS="3708" HPOS="2092"/>
<String CONTENT="&#8216;The" HEIGHT="44" WIDTH="112" VPOS="3706" HPOS="2128"/>
<SP HEIGHT="39" WIDTH="33" VPOS="3719" HPOS="2241"/>
<String CONTENT="great" HEIGHT="47" WIDTH="128" VPOS="3711" HPOS="2275"/>
</TextLine>
<TextLine HEIGHT="52" WIDTH="657" VPOS="3763" HPOS="412" LANG="en-US">
<String CONTENT="experiment&#8217;.&#8221;&#8212;Foreword." HEIGHT="52" WIDTH="657" VPOS="3763" HPOS="412"/>
</TextLine>
<TextLine HEIGHT="57" WIDTH="1991" VPOS="3813" HPOS="408" LANG="en-US">
<String CONTENT="&#169;" HEIGHT="54" WIDTH="55" VPOS="3816" HPOS="408"/>
<SP HEIGHT="54" WIDTH="27" VPOS="3816" HPOS="464"/>
<String CONTENT="June" HEIGHT="48" WIDTH="113" VPOS="3819" HPOS="492"/>
<SP HEIGHT="42" WIDTH="33" VPOS="3819" HPOS="606"/>
<String CONTENT="18," HEIGHT="49" WIDTH="60" VPOS="3818" HPOS="640"/>
<SP HEIGHT="48" WIDTH="34" VPOS="3819" HPOS="701"/>
<String CONTENT="1926;" HEIGHT="51" WIDTH="129" VPOS="3817" HPOS="736"/>
<SP HEIGHT="51" WIDTH="30" VPOS="3817" HPOS="866"/>
<String CONTENT="2c." HEIGHT="44" WIDTH="66" VPOS="3817" HPOS="897"/>
<SP HEIGHT="51" WIDTH="28" VPOS="3818" HPOS="964"/>
<String CONTENT="June" HEIGHT="51" WIDTH="115" VPOS="3818" HPOS="993"/>
<SP HEIGHT="42" WIDTH="34" VPOS="3818" HPOS="1109"/>
<String CONTENT="17;" HEIGHT="53" WIDTH="73" VPOS="3815" HPOS="1144"/>
<SP HEIGHT="37" WIDTH="32" VPOS="3831" HPOS="1218"/>
<String CONTENT="aff." HEIGHT="43" WIDTH="78" VPOS="3816" HPOS="1251"/>
<SP HEIGHT="52" WIDTH="31" VPOS="3816" HPOS="1330"/>
<String CONTENT="July" HEIGHT="53" WIDTH="106" VPOS="3815" HPOS="1362"/>
<SP HEIGHT="51" WIDTH="32" VPOS="3817" HPOS="1469"/>
<String CONTENT="14;" HEIGHT="50" WIDTH="74" VPOS="3816" HPOS="1502"/>
<SP HEIGHT="50" WIDTH="34" VPOS="3816" HPOS="1577"/>
<!-- cceid 028B3386-6E1B-1014-9B7B-CA07F191E62B --><String CONTENT="A" HEIGHT="42" WIDTH="41" VPOS="3816" HPOS="1612"/>
<SP HEIGHT="42" WIDTH="31" VPOS="3816" HPOS="1654"/>
<String CONTENT="897415;" HEIGHT="53" WIDTH="188" VPOS="3814" HPOS="1686"/>
<SP HEIGHT="53" WIDTH="33" VPOS="3814" HPOS="1875"/>
<String LANG="fr" CONTENT="T." HEIGHT="45" WIDTH="53" VPOS="3814" HPOS="1909"/>
<SP HEIGHT="43" WIDTH="31" VPOS="3816" HPOS="1963"/>
<String CONTENT="D." HEIGHT="43" WIDTH="56" VPOS="3816" HPOS="1995"/>
<SP HEIGHT="43" WIDTH="35" VPOS="3816" HPOS="2052"/>
<String CONTENT="O&#8217;Brien," HEIGHT="51" WIDTH="210" VPOS="3816" HPOS="2088"/>
<SP HEIGHT="54" WIDTH="33" VPOS="3813" HPOS="2299"/>
<String CONTENT="St." HEIGHT="48" WIDTH="66" VPOS="3813" HPOS="2333"/>
</TextLine>
<TextLine HEIGHT="56" WIDTH="466" VPOS="3873" HPOS="483" LANG="en-US">
<String CONTENT="Paul." HEIGHT="44" WIDTH="125" VPOS="3875" HPOS="483"/>
<SP HEIGHT="53" WIDTH="69" VPOS="3876" HPOS="609"/>
<String CONTENT="(26-13588)" HEIGHT="56" WIDTH="270" VPOS="3873" HPOS="679"/>
</TextLine>
</TextBlock>
</PrintSpace>
</Page>
</Layout>
</alto>