2609 4293
1432 4005 111 56 140

522 362 255 73 Packer,
813 364 229 59 Alfred
1077 366 285 73 Herbert,
1403 370 187 57 1889-

595 452 337 58 Electrical
964 456 241 57 trouble
1241 458 291 71 shooting
1564 476 78 40 on
1674 460 103 57 the
1810 464 204 54 motor
2049 482 122 51 car,
2204 465 83 70 by
2318 465 74 58 A.
2428 466 77 56 H.

519 529 1445 82 Packer … Chicago, A. H. Packer [ c 1926]
587 606 79 54 xii,
694 608 78 43 493
804 623 36 37 p.
916 608 128 52 illus.,
1074 611 94 43 fold.
1209 612 154 52 plates,
1393 611 168 52 diagrs.
1620 612 54 44 20
1681 615 47 17 cm
1734 648 9 8 .

516 661 55 53 ©
600 664 99 51 Jan.
729 665 65 50 29,
829 665 128 53 1926;
991 667 62 43 2c.
1087 666 104 44 Feb.
1223 668 48 51 6;
1305 669 78 42 aff.
1417 668 105 44 Feb.
1556 666 47 56 5;
1637 670 43 43 A
1713 668 188 54 879528;
1934 673 56 43 A.
2023 674 61 41 H.
2118 674 188 44 Packer.

596 719 241 55 (26-4159)

518 818 292 73 Pauchet,
847 818 235 59 Victor.

661 910 1841 77 … La pratique chirurgicale illustrée. fasc. 4. 2. éd.
517 989 1985 77 revue, corrigée et augmentée … 313 figures dessinées
516 1064 257 70 d’après
816 1068 224 56 nature
1085 1086 120 51 par
1254 1066 60 58 S.
1362 1067 262 72 Dupret.
1714 1070 205 69 Paris,
1966 1070 237 60 Gaston
2247 1072 164 57 Doin
2458 1074 46 55 &

513 1140 126 73 cie.,
674 1143 163 56 1926.

579 1217 834 57 2 p. l., 271, [1] p. illus. 26½ cm .
512 1271 1847 61 © Jan. 20, 1926; 1c. Mar. 22; A—Foreign 30419; Gaston Doin & co.
511 1385 180 73 Peck,
729 1386 279 58 Annetta
1040 1389 95 58 W.

586 1477 164 58 Ears
784 1480 124 56 and
935 1478 106 60 the
1067 1498 176 52 man;
1278 1480 237 59 studies
1546 1480 67 58 in
1644 1480 192 60 social
1863 1483 171 57 work
2064 1483 103 58 for
2197 1484 104 59 the
510 1481 1969 152 deafened,
722 1557 82 71 by
844 1557 279 58 Annetta
1162 1559 97 57 W.
1304 1558 183 71 Peck,
1530 1558 237 59 Estelle
1809 1560 74 56 E.
1933 1561 383 72 Samuelso'n,
2359 1562 143 56 Ann

507 1634 1927 77 Lehman, with an introduction by Wendell C. Phillips …
507 1711 456 70 Philadelphia,
1055 1760 10 9 F.
1100 1713 73 57 A.
1209 1713 196 59 Davis
1441 1732 322 51 company,
1798 1717 164 56 1926.

575 1787 82 45 217
684 1805 39 37 p.
783 1790 53 43 20
844 1792 46 18 cm
897 1825 8 8 .

577 1847 352 52 Bibliography:
963 1862 39 37 p.
1035 1845 206 46 201-207.

506 1901 53 54 ©
588 1904 98 51 Jan.
722 1905 62 49 11,
817 1905 128 51 1926;
977 1904 63 44 2c.
1072 1904 105 44 Feb.
1212 1906 45 51 1;
1291 1906 77 42 aff.
1400 1907 98 52 Jan.
1530 1906 76 52 30;
1643 1907 43 43 A
1717 1906 189 53 879454;
1941 1907 50 43 F.
2024 1909 57 42 A.
2114 1907 143 45 Davis
2289 1923 64 28 co.

584 1959 242 54 (26-3971)

507 2060 232 72 Poetry
777 2057 235 76 society
1049 2058 67 59 of
1153 2058 286 75 Georgia.

580 2149 181 58 Prize
813 2168 233 54 poems,
1098 2151 238 71 Poetry
1387 2150 235 74 society
1676 2151 67 57 of
1796 2151 290 73 Georgia,
2140 2152 355 57 1924-1925.

506 2228 369 72 [Savannah]
910 2228 128 59 The
1069 2229 238 72 Poetry
1337 2229 232 71 society
1601 2228 68 60 of
1697 2229 271 73 Georgia
2001 2259 13 43 [
2017 2239 16 21 c
2037 2230 163 73 1925]

571 2304 683 56 2 p. l. , 7-35, [1] p. 20½ cm .
500 2361 54 53 ©
591 2362 121 53 Sept.
746 2364 37 49 4,
823 2362 128 52 1925;
989 2363 63 43 2c.
1088 2363 86 43 and
1209 2364 78 42 aff.
1322 2364 99 51 Jan.
1463 2363 61 53 14,
1562 2362 130 53 1926;
1730 2364 43 42 A
1808 2362 190 54 879448;
2037 2365 168 52 Poetry
2240 2362 168 54 society
2443 2363 49 45 of

574 2419 207 53 Georgia.
851 2418 241 56 (26-3904)

502 2502 281 74 Raleigh,
819 2504 108 58 Sir
958 2501 244 61 Walter
1231 2503 375 71 Alexander,
1644 2504 357 57 1861-1922.

578 2597 129 59 The
745 2599 218 58 letters
1003 2598 68 60 of
1107 2597 105 60 Sir
1246 2597 246 59 Walter
1528 2595 267 76 Raleigh
1840 2595 396 74 (1879-1922)
2286 2594 199 61 edited

497 2676 83 71 by
610 2674 181 73 Lady
820 2673 285 75 Raleigh,
1134 2675 151 58 with
1319 2695 35 37 a
1386 2675 257 74 preface
1674 2676 86 69 by
1790 2672 209 62 David
2030 2674 222 59 Nichol
2288 2676 199 58 Smith

566 2748 1922 75 … with nine illustrations. New York, The Macmillan
497 2849 322 53 company,
848 2831 165 57 1926.

564 2909 27 41 2
615 2925 41 28 v.
718 2907 176 51 fronts.,
922 2909 156 51 plates,
1107 2915 141 45 ports.
1307 2907 55 44 22½
1413 2911 30 18 cm
1449 2945 8 8 .

568 2966 153 50 Paged
752 2964 332 53 continuously.

496 3017 53 54 ©
581 3018 105 44 Feb.
719 3021 63 49 11,
817 3018 127 52 1926;
979 3019 63 45 2c.
1073 3017 106 46 Feb.
1214 3020 74 51 13;
1321 3018 78 44 aff.
1432 3018 107 43 Feb.
1574 3018 74 54 12;
1682 3018 43 42 A
1760 3017 188 53 883273;
1985 3017 263 45 Macmillan
2278 3034 67 28 co.

574 3074 241 55 (26-4192)

495 3159 266 73 Rankin,
800 3160 167 56 Fred
1000 3158 323 70 Wharton,
1364 3162 189 56 1886-

574 3248 1912 80 Surgery of the colon, by Fred W. Rankin … New
494 3329 190 70 York,
718 3328 279 71 London,
1034 3330 72 57 D.
1146 3329 319 73 Appleton
1503 3331 123 58 and
1663 3347 322 53 company,
2022 3328 163 57 1926.

562 3402 1920 59 xiv p., 1 l., 366 p. front., illus. 26½ m . (Surgical monographs, under
494 3455 1897 63 the editorial supervision of D. Lewis … E. H. Pool … A. W. Elting)
564 3519 329 52 Bibliography
919 3530 47 35 at
992 3521 83 44 end
1104 3521 53 43 of
1186 3520 109 45 each
1323 3518 196 53 chapter.

490 3572 53 54 ©
576 3574 98 52 Jan.
707 3574 68 51 29,
809 3573 129 53 1926;
973 3574 63 43 2c.
1070 3575 89 42 and
1189 3575 78 43 aff.
1304 3574 105 44 Feb.
1443 3574 50 51 8;
1530 3573 43 43 A
1606 3573 189 52 883201;
1831 3574 56 41 D.
1922 3572 225 52 Appleton
2179 3572 88 45 and
2302 3587 66 28 co.

570 3630 242 54 (26-3960)

493 3714 220 73 Sailer,
749 3715 268 58 Thomas
1054 3716 59 55 H
1426 3714 69 57 P.

565 3805 191 60 What
796 3806 147 58 does
988 3803 213 62 Christ
1241 3807 217 70 expect
1499 3804 67 59 of
1602 3823 212 55 young
1850 3803 219 72 people
2109 3803 228 73 today?
2418 3802 57 58 A

491 3885 195 58 series
716 3884 68 58 of
807 3883 322 74 questions
1155 3885 105 56 for
1287 3883 352 60 discussion
1661 3883 106 57 for
1794 3883 156 72 girls
1976 3883 124 56 and
2122 3881 175 74 boys,
2322 3880 155 58 thir-
