2542 4285
1313 3975 112 55 904

385 435 1993 74 Wittels … Mit einer farbigen tafel und 4 abbildungen
386 515 84 57 im
498 519 147 53 text.
730 514 326 71 München,
1087 515 59 57 J.
1179 515 69 55 F.
1277 513 377 73 Bergmann,
1685 515 164 55 1926.

458 589 931 54 iv, 221, [1] p. illus., col. pl. 24 ½ cm .
381 641 1772 57 © Apr. 26, 1926; 1c. July 7; A —Foreign 31559; J. F. Bergmann.
461 701 269 55 (26-15152)

385 788 231 73 [Wood,
648 787 241 70 George
920 786 227 72 Bacon.]
1182 787 357 56 1797-1879.

449 865 128 57 The
602 863 447 72 dispensatory
1072 861 68 57 of
1162 860 104 58 the
1288 860 237 59 United
1550 861 211 58 States
1787 860 69 58 of
1877 862 310 58 America.
2245 864 135 56 21st

381 942 112 71 ed.,
519 939 380 72 thoroughly
923 959 147 50 rev.,
1095 938 244 71 largely
1364 937 322 58 rewritten
1713 938 123 59 and
1859 938 195 59 based
2078 958 170 54 upon
2275 940 102 60 the

379 1019 176 57 tenth
593 1017 276 58 revision
911 1016 68 58 of
1017 1017 106 58 the
1161 1015 237 59 United
1439 1015 210 61 States
1693 1016 521 73 pharmacopoeia,
376 1018 1978 135 National

606 1094 373 71 formulary,
1014 1094 107 58 5th
1155 1093 112 71 ed.,
1303 1094 123 57 and
1461 1094 104 56 the
1600 1093 243 58 British
1876 1093 504 74 pharmacopoeia

379 1170 1930 74 1914, by Horatio C. Wood, jr. … Charles H. La Wall …
376 1248 1979 138 Heber W. Youngken … John F. Anderson … Ivor Griffith …
668 1325 442 73 Philadelphia
1143 1326 124 58 and
1299 1326 280 71 London,
1615 1325 59 58 J.
1712 1326 71 57 B.
1818 1325 366 74 Lippincott
375 1348 1978 129 company
577 1433 14 44 [
593 1412 19 23 c
615 1403 165 73 1926]

447 1478 984 56 2 p. l., iii-xxx, 1792 p . 1 illus. 27 cm .
376 1536 53 53 ©
455 1538 119 52 June
605 1536 64 51 30,
704 1537 129 49 1926;
866 1537 65 42 2c.
962 1537 92 43 and
1084 1534 78 46 aff.
1192 1535 109 54 July
1330 1536 76 51 28;
1442 1536 44 42 A
1516 1535 188 52 897570;
1739 1536 60 43 H.
1834 1536 48 45 C.
1915 1536 168 54 Wood,
2114 1537 72 53 jr,
448 1538 1907 108 Philadelphia.
712 1591 270 54 (26-14137)

380 1677 378 72 Woodbum,
792 1678 213 57 James
1035 1676 239 69 Albert,
1311 1679 187 56 1856-

456 1755 434 58 Introduction
921 1758 61 54 to
1016 1754 336 58 American
1383 1754 275 72 history;
1693 1756 103 56 the
1828 1755 339 73 European
379 1757 1974 150 background,

691 1832 1683 72 by James Albert Woodbum … and Thomas
380 1909 1996 78 Francis Moran … New ed., rev. and enl. New York,
381 1987 269 73 Chicago
691 1990 146 71 [etc.]
877 1987 376 72 Longmans,
1294 1986 203 59 Green
1534 1987 48 57 &
1617 2006 105 53 co.,
1762 1989 166 57 1926.

446 2063 1872 56 vii, 355, ix-xxiii p. col. front. illus, col. plates, maps (1 fold.) 20 cm .
372 2119 55 54 ©
456 2121 109 53 July
596 2121 34 51 1,
664 2121 130 50 1926;
828 2122 64 41 2c.
924 2119 110 55 July
1063 2121 76 50 23;
1175 2119 79 43 aff.
1286 2119 110 54 July
1426 2120 77 50 20;
1541 2120 44 42 A
1616 2120 188 52 897615;
1842 2121 281 53 Longmans,
2157 2120 151 46 Green
2337 2123 40 45 &

445 2192 65 29 co.
580 2177 271 53 (26-14296)

375 2262 208 70 Wren,
618 2260 289 58 Percival
941 2260 426 74 Christopher.

451 2339 1923 73 Beau Sabreur, by Percival Christopher Wren … New
373 2418 190 72 York,
593 2418 342 58 Frederick
962 2418 75 56 A.
1073 2417 223 59 Stokes
1328 2436 322 55 company,
1682 2419 166 57 1926.

442 2494 430 53 X, 370 p. 19½ cm .
373 2551 53 53 ©
453 2552 108 53 July
589 2552 66 49 28,
691 2552 128 50 1926;
854 2552 64 42 2c.
951 2550 89 43 and
1072 2549 78 44 aff.
1182 2549 109 54 July
1320 2550 77 50 30;
1432 2549 45 43 A
1506 2548 191 53 897583;
1732 2548 253 45 Frederick
2015 2551 56 43 A.
2108 2549 167 47 Stokes
2308 2566 65 29 co.

451 2608 270 54 (26-14103)

373 2693 243 72 Wyeth,
654 2693 240 73 George
926 2691 248 74 Austin,
1212 2694 190 58 1877-

449 2772 282 70 Surgery
805 2769 68 58 of
945 2768 349 74 neoplastic
1368 2768 279 60 diseases
1722 2771 81 71 by
1878 2768 495 61 electrothermic

369 2847 2002 76 methods, by George A. Wyeth … preface by Howard A.
370 2924 2000 74 Kelly … with one hundred and thirty-seven illustrations.
369 3004 152 58 New
545 3002 190 71 York,
762 3002 67 61 P.
857 3001 72 58 B.
958 3002 270 72 Hoeber,
1257 3001 136 72 inc.,
1422 3003 166 58 1926.

439 3079 94 51 xvi,
559 3078 84 47 298
670 3092 40 39 p.
768 3078 119 43 illus.
943 3079 53 44 23½
1032 3081 47 18 cm
1084 3113 9 9 .

367 3133 57 54 ©
449 3135 108 53 July
585 3136 62 51 19,
679 3135 129 51 1926;
840 3137 63 41 2c.
931 3135 109 53 July
1066 3135 77 51 21;
1175 3134 78 44 aff.
1282 3135 109 54 July
1420 3137 76 49 22;
1530 3135 43 43 A
1601 3136 188 51 901220;
1824 3136 116 44 Paul
1971 3136 50 45 B.
2051 3136 202 53 Hoeber,
2284 3136 87 46 inc.

450 3191 269 53 (26-14133)

371 3275 231 73 Yonge,
641 3275 321 59 Charlotte
995 3277 200 72 Mary,
1232 3279 358 56 1823-1901.

453 3355 128 58 The
617 3355 247 71 chaplet
897 3355 67 58 of
994 3355 244 71 pearls;
1274 3374 87 54 or,
1397 3356 129 57 The
1558 3356 185 58 white
1777 3357 123 57 and
1930 3356 180 58 black
373 3355 1971 150 Ribaumont,

604 3435 83 69 by
727 3432 65 59 C.
833 3433 82 57 M.
959 3433 249 73 Yonge;
1250 3433 210 59 edited
1500 3435 124 57 and
1664 3435 353 57 condensed
2053 3435 84 72 by
2176 3435 73 57 R.
2290 3434 73 57 D.

375 3510 417 65 Chamberlin,
830 3512 152 56 with
1020 3533 36 37 a
1093 3512 410 71 frontispiece
1539 3513 64 56 in
1639 3513 120 56 full
1797 3513 168 57 color
1999 3513 85 71 by
2121 3513 139 71 Ray
2300 3510 63 61 C.

376 3590 253 71 Strang,
670 3591 124 57 and
833 3590 180 58 other
1049 3591 422 58 illustrations
1510 3592 84 70 by
1632 3591 193 57 Hazel
1867 3591 161 57 Ives.
2107 3590 257 72 Boston,

372 3667 68 59 L.
474 3667 64 59 C.
570 3668 172 73 Page
772 3668 47 57 &
849 3687 306 54 company
1188 3699 13 43 [
1204 3676 17 22 c
1225 3669 164 72 1926]

440 3746 1116 54 ix p, 2 1, 300 p. col. front. plates. 20½ cm .
369 3799 53 54 ©
453 3801 110 53 July
593 3803 66 50 26,
698 3802 129 50 1926;
864 3803 62 42 2c.
962 3801 90 45 and
1087 3800 78 45 aff.
1199 3802 109 53 July
1341 3802 78 50 28;
1457 3802 44 42 A
1533 3801 189 52 897575;
1760 3802 49 46 L.
1847 3801 47 45 C.
1931 3802 126 52 Page
2092 3802 37 43 &
2165 3816 78 36 co.
2282 3801 84 44 inc.

439 3856 67 53 [©
531 3857 318 52 illustrations,
876 3856 328 52 introduction,
1233 3857 176 55 editing
1434 3857 90 44 and
1554 3855 297 55 condensing]

446 3914 270 53 (26-14100)
