<alto xmlns="http://www.loc.gov/standards/alto/ns-v3#" xmlns:xlink="http://www.w3.org/1999/xlink" xmlns:xsi="http://www.w3.org/2001/XMLSchema-instance" xsi:schemaLocation="http://www.loc.gov/standards/alto/ns-v3# http://www.loc.gov/alto/v3/alto-3-0.xsd"><Description>
<MeasurementUnit>pixel</MeasurementUnit>
<sourceImageInformation>
<fileName>1926_v23_Part001.pdf</fileName>
</sourceImageInformation>
<OCRProcessing ID="IdOcr">
<ocrProcessingStep>
<processingDateTime>2019-04-10</processingDateTime>
<processingSoftware>
<softwareCreator>ABBYY</softwareCreator>
<softwareName>ABBYY Recognition Server</softwareName>
<softwareVersion>4.0</softwareVersion>
</processingSoftware>
</ocrProcessingStep>
</OCRProcessing>
</Description>
<Styles>
<ParagraphStyle ID="StyleId-FFFFFFFF-FFFF-FFFF-FFFF-FFFFFFFFFFFF-" ALIGN="Left" LEFT="0." RIGHT="0." FIRSTLINE="0."/>
<ParagraphStyle ID="StyleId-22C3EA86-D171-42E2-A7D2-9A866F7D91F9-" ALIGN="Left" LEFT="0." RIGHT="0." FIRSTLINE="0." LINESPACE="8.300000191"/>
<ParagraphStyle ID="StyleId-E3FA4CC6-F5E5-41CA-B4C4-90085BF71B6C-" ALIGN="Block" LEFT="0." RIGHT="0." FIRSTLINE="-14." LINESPACE="8.050000191"/>
<ParagraphStyle ID="StyleId-41118DB3-028A-4115-95B3-BB512DD0EDAE-" ALIGN="Left" LEFT="0." RIGHT="0." FIRSTLINE="-13." LINESPACE="13.30000019"/>
<ParagraphStyle ID="StyleId-A2FB4C2B-BF87-45AD-9689-33B0118FBFC1-" ALIGN="Block" LEFT="0." RIGHT="0." FIRSTLINE="-14." LINESPACE="11.06999969"/>
<ParagraphStyle ID="StyleId-BBBA7B5D-FE2B-4BC7-AC7D-F142900C21B8-" ALIGN="Block" LEFT="0." RIGHT="0." FIRSTLINE="0." LINESPACE="8.899999619"/>
<ParagraphStyle ID="StyleId-3CEA3EEE-4341-4E33-9EF0-A9438AB90A9B-" ALIGN="Center" LEFT="0." RIGHT="0." FIRSTLINE="0." LINESPACE="12.19999981"/>
<ParagraphStyle ID="StyleId-817955BE-3120-4B53-BBD3-920BAE733BFF-" ALIGN="Left" LEFT="0." RIGHT="0." FIRSTLINE="0." LINESPACE="12.19999981"/>
<ParagraphStyle ID="StyleId-456A266C-F799-486A-ACB1-75B61E9815AB-" ALIGN="Left" LEFT="0." RIGHT="0." FIRSTLINE="-13." LINESPACE="8.18999958"/>
<ParagraphStyle ID="StyleId-6A1E9ED6-E5EA-4E31-BD5A-88089B8D7134-" ALIGN="Right" LEFT="0." RIGHT="0." FIRSTLINE="0." LINESPACE="7.699999809"/>
<ParagraphStyle ID="StyleId-C11ABF73-04BC-4F6E-B7E4-01FCA3A26756-" ALIGN="Left" LEFT="0." RIGHT="0." FIRSTLINE="-13." LINESPACE="12.19999981"/>
<ParagraphStyle ID="StyleId-662CF6CF-DB5F-40BE-AD24-E877ED82DD6F-" ALIGN="Block" LEFT="0." RIGHT="0." FIRSTLINE="-14." LINESPACE="11.06999969"/>
<ParagraphStyle ID="StyleId-9361006B-74B5-41BD-BFD3-03318AD64910-" ALIGN="Left" LEFT="0." RIGHT="0." FIRSTLINE="0." LINESPACE="8.899999619"/>
</Styles>
<Layout>
<Page ID="Page81" PHYSICAL_IMG_NR="81" HEIGHT="4293" WIDTH="2609">
<TopMargin HEIGHT="338" WIDTH="2609" VPOS="0" HPOS="0">
</TopMargin>
<LeftMargin HEIGHT="3539" WIDTH="120" VPOS="338" HPOS="0">
</LeftMargin>
<RightMargin HEIGHT="3539" WIDTH="473" VPOS="338" HPOS="2136">
</RightMargin>
<BottomMargin HEIGHT="416" WIDTH="2609" VPOS="3877" HPOS="0">
<TextBlock ID="Page81_Block1" HEIGHT="83" WIDTH="234" VPOS="3877" HPOS="1029" LANG="en-US" STYLEREFS="StyleId-DCA79BC2-45EB-46EE-BCFA-7A9ABA261491-">
<TextLine HEIGHT="56" WIDTH="73" VPOS="3878" HPOS="1095">
<String CONTENT="81" HEIGHT="56" WIDTH="73" VPOS="3878" HPOS="1095"/>
</TextLine>
</TextBlock>
</BottomMargin>
<PrintSpace HEIGHT="3539" WIDTH="2016" VPOS="338" HPOS="120">
<TextBlock ID="Page81_Block2" HEIGHT="3539" WIDTH="2016" VPOS="338" HPOS="120" LANG="en-US" CS="1" STYLEREFS="StyleId-8921DFAC-663F-4F2D-A596-772A396DE743-">
<TextLine HEIGHT="78" WIDTH="1874" VPOS="348" HPOS="145" STYLEREFS="StyleId-F15DFE61-C3A5-49EA-8F70-04229606B8EB-">
<String CONTENT="[American" HEIGHT="74" WIDTH="348" VPOS="349" HPOS="145"/>
<SP HEIGHT="41" WIDTH="27" VPOS="365" HPOS="494"/>
<String CONTENT="committee" HEIGHT="58" WIDTH="346" VPOS="348" HPOS="522"/>
<SP HEIGHT="42" WIDTH="31" VPOS="364" HPOS="869"/>
<String CONTENT="opposed" HEIGHT="71" WIDTH="276" VPOS="350" HPOS="901"/>
<SP HEIGHT="57" WIDTH="27" VPOS="350" HPOS="1178"/>
<String CONTENT="to" HEIGHT="53" WIDTH="64" VPOS="353" HPOS="1206"/>
<SP HEIGHT="52" WIDTH="29" VPOS="354" HPOS="1271"/>
<String CONTENT="the" HEIGHT="57" WIDTH="103" VPOS="349" HPOS="1301"/>
<SP HEIGHT="56" WIDTH="31" VPOS="350" HPOS="1405"/>
<String CONTENT="Lausanne" HEIGHT="57" WIDTH="327" VPOS="350" HPOS="1437"/>
<SP HEIGHT="53" WIDTH="30" VPOS="354" HPOS="1765"/>
<String CONTENT="treaty]" HEIGHT="72" WIDTH="223" VPOS="354" HPOS="1796"/>
</TextLine>
<TextLine HEIGHT="76" WIDTH="1908" VPOS="438" HPOS="219" STYLEREFS="StyleId-F15DFE61-C3A5-49EA-8F70-04229606B8EB-">
<String CONTENT="The" HEIGHT="56" WIDTH="130" VPOS="441" HPOS="219"/>
<SP HEIGHT="58" WIDTH="52" VPOS="439" HPOS="350"/>
<String CONTENT="Lausanne" HEIGHT="57" WIDTH="330" VPOS="439" HPOS="403"/>
<SP HEIGHT="56" WIDTH="53" VPOS="439" HPOS="734"/>
<String CONTENT="treaty," HEIGHT="69" WIDTH="226" VPOS="439" HPOS="788"/>
<SP HEIGHT="70" WIDTH="58" VPOS="438" HPOS="1015"/>
<String CONTENT="Turkey" HEIGHT="61" WIDTH="250" VPOS="438" HPOS="1074"/>
<SP HEIGHT="41" WIDTH="53" VPOS="458" HPOS="1325"/>
<String CONTENT="and" HEIGHT="58" WIDTH="122" VPOS="440" HPOS="1379"/>
<SP HEIGHT="57" WIDTH="54" VPOS="440" HPOS="1502"/>
<String CONTENT="Armenia." HEIGHT="59" WIDTH="319" VPOS="438" HPOS="1557"/>
<SP HEIGHT="42" WIDTH="83" VPOS="472" HPOS="1877"/>
<String CONTENT="[New" HEIGHT="71" WIDTH="166" VPOS="443" HPOS="1961"/>
</TextLine>
<TextLine HEIGHT="71" WIDTH="405" VPOS="517" HPOS="141" STYLEREFS="StyleId-F15DFE61-C3A5-49EA-8F70-04229606B8EB-">
<String CONTENT="York," HEIGHT="71" WIDTH="185" VPOS="517" HPOS="141"/>
<SP HEIGHT="64" WIDTH="31" VPOS="524" HPOS="327"/>
<String STYLE="superscript" CONTENT="c" HEIGHT="22" WIDTH="19" VPOS="524" HPOS="359"/>
<String CONTENT="1926]" HEIGHT="70" WIDTH="163" VPOS="517" HPOS="383"/>
</TextLine>
<TextLine HEIGHT="54" WIDTH="849" VPOS="603" HPOS="206" CS="1">
<String CONTENT="204" HEIGHT="44" WIDTH="83" VPOS="607" HPOS="206"/>
<SP HEIGHT="49" WIDTH="23" VPOS="608" HPOS="290"/>
<String CONTENT="p." HEIGHT="37" WIDTH="41" VPOS="620" HPOS="314"/>
<SP HEIGHT="38" WIDTH="53" VPOS="619" HPOS="356"/>
<String CONTENT="ports.," HEIGHT="45" WIDTH="156" VPOS="612" HPOS="410"/>
<SP HEIGHT="50" WIDTH="29" VPOS="606" HPOS="567"/>
<String CONTENT="fold." HEIGHT="45" WIDTH="109" VPOS="606" HPOS="597"/>
<SP HEIGHT="29" WIDTH="26" VPOS="620" HPOS="707"/>
<String CONTENT="map." HEIGHT="38" WIDTH="115" VPOS="619" HPOS="734"/>
<SP HEIGHT="42" WIDTH="53" VPOS="607" HPOS="850"/>
<String CS="1" CONTENT="25&#189;" HEIGHT="46" WIDTH="54" VPOS="603" HPOS="904"/>
<String STYLE="superscript" CONTENT="cm" HEIGHT="18" WIDTH="48" VPOS="608" HPOS="992"/>
<String CONTENT="." HEIGHT="9" WIDTH="10" VPOS="640" HPOS="1045"/>
</TextLine>
<TextLine HEIGHT="57" WIDTH="1915" VPOS="660" HPOS="207">
<String CONTENT="A" HEIGHT="42" WIDTH="43" VPOS="664" HPOS="207"/>
<SP HEIGHT="42" WIDTH="29" VPOS="664" HPOS="251"/>
<String CONTENT="collection" HEIGHT="45" WIDTH="236" VPOS="661" HPOS="281"/>
<SP HEIGHT="31" WIDTH="26" VPOS="676" HPOS="518"/>
<String CONTENT="of" HEIGHT="45" WIDTH="53" VPOS="662" HPOS="545"/>
<SP HEIGHT="44" WIDTH="26" VPOS="661" HPOS="599"/>
<String CONTENT="letters" HEIGHT="45" WIDTH="153" VPOS="661" HPOS="626"/>
<SP HEIGHT="30" WIDTH="26" VPOS="677" HPOS="780"/>
<String CONTENT="and" HEIGHT="44" WIDTH="89" VPOS="663" HPOS="807"/>
<SP HEIGHT="44" WIDTH="26" VPOS="663" HPOS="897"/>
<String CONTENT="short" HEIGHT="43" WIDTH="130" VPOS="664" HPOS="924"/>
<SP HEIGHT="37" WIDTH="25" VPOS="669" HPOS="1055"/>
<String CONTENT="articles" HEIGHT="46" WIDTH="181" VPOS="660" HPOS="1081"/>
<SP HEIGHT="44" WIDTH="26" VPOS="662" HPOS="1263"/>
<String CONTENT="by" HEIGHT="52" WIDTH="60" VPOS="662" HPOS="1290"/>
<SP HEIGHT="37" WIDTH="24" VPOS="677" HPOS="1351"/>
<String CONTENT="various" HEIGHT="43" WIDTH="186" VPOS="664" HPOS="1376"/>
<SP HEIGHT="31" WIDTH="28" VPOS="677" HPOS="1563"/>
<String CONTENT="authors," HEIGHT="51" WIDTH="205" VPOS="664" HPOS="1592"/>
<SP HEIGHT="36" WIDTH="27" VPOS="679" HPOS="1798"/>
<String CONTENT="copyrighted" HEIGHT="52" WIDTH="296" VPOS="665" HPOS="1826"/>
</TextLine>
<TextLine HEIGHT="58" WIDTH="1985" VPOS="717" HPOS="140">
<String CONTENT="by" HEIGHT="50" WIDTH="57" VPOS="721" HPOS="140"/>
<SP HEIGHT="44" WIDTH="28" VPOS="727" HPOS="198"/>
<String CONTENT="the" HEIGHT="46" WIDTH="74" VPOS="718" HPOS="227"/>
<SP HEIGHT="44" WIDTH="29" VPOS="720" HPOS="302"/>
<String CONTENT="American" HEIGHT="46" WIDTH="244" VPOS="717" HPOS="332"/>
<SP HEIGHT="28" WIDTH="29" VPOS="734" HPOS="577"/>
<String CONTENT="committee" HEIGHT="47" WIDTH="255" VPOS="717" HPOS="607"/>
<SP HEIGHT="32" WIDTH="32" VPOS="731" HPOS="863"/>
<String CONTENT="opposed" HEIGHT="51" WIDTH="202" VPOS="719" HPOS="896"/>
<SP HEIGHT="45" WIDTH="31" VPOS="719" HPOS="1099"/>
<String CONTENT="to" HEIGHT="36" WIDTH="48" VPOS="728" HPOS="1131"/>
<SP HEIGHT="36" WIDTH="28" VPOS="727" HPOS="1180"/>
<String CONTENT="the" HEIGHT="43" WIDTH="75" VPOS="720" HPOS="1209"/>
<SP HEIGHT="42" WIDTH="31" VPOS="721" HPOS="1285"/>
<String CONTENT="Lausanne" HEIGHT="42" WIDTH="236" VPOS="721" HPOS="1317"/>
<SP HEIGHT="37" WIDTH="31" VPOS="728" HPOS="1554"/>
<String CONTENT="treaty" HEIGHT="45" WIDTH="148" VPOS="727" HPOS="1586"/>
<SP HEIGHT="37" WIDTH="30" VPOS="735" HPOS="1735"/>
<String CONTENT="and" HEIGHT="42" WIDTH="86" VPOS="722" HPOS="1766"/>
<SP HEIGHT="44" WIDTH="31" VPOS="722" HPOS="1853"/>
<String CONTENT="edited" HEIGHT="46" WIDTH="150" VPOS="720" HPOS="1885"/>
<SP HEIGHT="44" WIDTH="31" VPOS="722" HPOS="2036"/>
<String CONTENT="by" HEIGHT="52" WIDTH="57" VPOS="723" HPOS="2068"/>
</TextLine>
<TextLine HEIGHT="46" WIDTH="489" VPOS="774" HPOS="140">
<String CONTENT="Vahan" HEIGHT="44" WIDTH="163" VPOS="776" HPOS="140"/>
<SP HEIGHT="45" WIDTH="29" VPOS="775" HPOS="304"/>
<String CONTENT="Cardashian." HEIGHT="46" WIDTH="295" VPOS="774" HPOS="334"/>
</TextLine>
<TextLine HEIGHT="52" WIDTH="1427" VPOS="830" HPOS="210">
<String CONTENT="&#8220;Official" HEIGHT="46" WIDTH="207" VPOS="830" HPOS="210"/>
<SP HEIGHT="45" WIDTH="22" VPOS="831" HPOS="418"/>
<String CONTENT="summary" HEIGHT="37" WIDTH="232" VPOS="844" HPOS="441"/>
<SP HEIGHT="36" WIDTH="21" VPOS="845" HPOS="674"/>
<String CONTENT="of" HEIGHT="44" WIDTH="55" VPOS="831" HPOS="696"/>
<SP HEIGHT="45" WIDTH="22" VPOS="831" HPOS="752"/>
<String CONTENT="the" HEIGHT="46" WIDTH="75" VPOS="830" HPOS="775"/>
<SP HEIGHT="43" WIDTH="22" VPOS="832" HPOS="851"/>
<String CONTENT="Lausanne" HEIGHT="44" WIDTH="236" VPOS="832" HPOS="874"/>
<SP HEIGHT="38" WIDTH="22" VPOS="838" HPOS="1111"/>
<String CONTENT="treaty&#8221;:" HEIGHT="52" WIDTH="202" VPOS="830" HPOS="1134"/>
<SP HEIGHT="37" WIDTH="26" VPOS="845" HPOS="1337"/>
<String CONTENT="p." HEIGHT="37" WIDTH="40" VPOS="845" HPOS="1364"/>
<SP HEIGHT="41" WIDTH="32" VPOS="835" HPOS="1405"/>
<String CONTENT="112-116." HEIGHT="44" WIDTH="199" VPOS="832" HPOS="1438"/>
</TextLine>
<TextLine HEIGHT="55" WIDTH="1987" VPOS="884" HPOS="137">
<String CONTENT="&#169;" HEIGHT="54" WIDTH="54" VPOS="884" HPOS="137"/>
<SP HEIGHT="54" WIDTH="30" VPOS="884" HPOS="192"/>
<String CONTENT="Jan." HEIGHT="51" WIDTH="99" VPOS="887" HPOS="223"/>
<SP HEIGHT="42" WIDTH="33" VPOS="886" HPOS="323"/>
<String CONTENT="8," HEIGHT="51" WIDTH="37" VPOS="886" HPOS="357"/>
<SP HEIGHT="50" WIDTH="36" VPOS="887" HPOS="395"/>
<String CONTENT="1926;" HEIGHT="51" WIDTH="129" VPOS="885" HPOS="432"/>
<SP HEIGHT="50" WIDTH="33" VPOS="886" HPOS="562"/>
<String CONTENT="2c." HEIGHT="44" WIDTH="66" VPOS="886" HPOS="596"/>
<SP HEIGHT="52" WIDTH="32" VPOS="886" HPOS="663"/>
<String CONTENT="Jan." HEIGHT="52" WIDTH="99" VPOS="886" HPOS="696"/>
<SP HEIGHT="42" WIDTH="33" VPOS="886" HPOS="796"/>
<String CONTENT="9;" HEIGHT="51" WIDTH="49" VPOS="886" HPOS="830"/>
<SP HEIGHT="38" WIDTH="36" VPOS="899" HPOS="880"/>
<String LANG="de" CONTENT="aff." HEIGHT="42" WIDTH="79" VPOS="886" HPOS="917"/>
<SP HEIGHT="52" WIDTH="34" VPOS="886" HPOS="997"/>
<String CONTENT="Jan." HEIGHT="52" WIDTH="99" VPOS="886" HPOS="1032"/>
<SP HEIGHT="42" WIDTH="38" VPOS="887" HPOS="1132"/>
<String CONTENT="13;" HEIGHT="51" WIDTH="73" VPOS="887" HPOS="1171"/>
<SP HEIGHT="51" WIDTH="38" VPOS="887" HPOS="1245"/>
<!-- cceid FA9C7DAF-6E1A-1014-9B7B-CA07F191E62B --><String CONTENT="A" HEIGHT="42" WIDTH="43" VPOS="887" HPOS="1284"/>
<SP HEIGHT="45" WIDTH="33" VPOS="887" HPOS="1328"/>
<String CONTENT="879340;" HEIGHT="54" WIDTH="189" VPOS="885" HPOS="1362"/>
<SP HEIGHT="51" WIDTH="35" VPOS="888" HPOS="1552"/>
<String CONTENT="American" HEIGHT="44" WIDTH="247" VPOS="888" HPOS="1588"/>
<SP HEIGHT="28" WIDTH="34" VPOS="904" HPOS="1836"/>
<String CONTENT="committee" HEIGHT="45" WIDTH="253" VPOS="889" HPOS="1871"/>
</TextLine>
<TextLine HEIGHT="57" WIDTH="1483" VPOS="941" HPOS="206">
<String CONTENT="opposed" HEIGHT="50" WIDTH="195" VPOS="943" HPOS="206"/>
<SP HEIGHT="42" WIDTH="31" VPOS="943" HPOS="402"/>
<String CONTENT="to" HEIGHT="36" WIDTH="46" VPOS="949" HPOS="434"/>
<SP HEIGHT="36" WIDTH="33" VPOS="949" HPOS="481"/>
<String CONTENT="the" HEIGHT="44" WIDTH="73" VPOS="941" HPOS="515"/>
<SP HEIGHT="44" WIDTH="31" VPOS="941" HPOS="589"/>
<String CONTENT="Lausanne" HEIGHT="43" WIDTH="235" VPOS="941" HPOS="621"/>
<SP HEIGHT="36" WIDTH="29" VPOS="948" HPOS="857"/>
<String CONTENT="treaty," HEIGHT="45" WIDTH="158" VPOS="948" HPOS="887"/>
<SP HEIGHT="50" WIDTH="34" VPOS="942" HPOS="1046"/>
<String CONTENT="New" HEIGHT="43" WIDTH="119" VPOS="942" HPOS="1081"/>
<SP HEIGHT="42" WIDTH="31" VPOS="943" HPOS="1201"/>
<String CONTENT="York." HEIGHT="43" WIDTH="143" VPOS="943" HPOS="1233"/>
<SP HEIGHT="53" WIDTH="70" VPOS="944" HPOS="1377"/>
<String CONTENT="(26-2712)" HEIGHT="56" WIDTH="241" VPOS="942" HPOS="1448"/>
</TextLine>
<TextLine HEIGHT="79" WIDTH="1986" VPOS="1039" HPOS="138" STYLEREFS="StyleId-F15DFE61-C3A5-49EA-8F70-04229606B8EB-">
<String CONTENT="American" HEIGHT="58" WIDTH="334" VPOS="1039" HPOS="138"/>
<SP HEIGHT="56" WIDTH="41" VPOS="1040" HPOS="473"/>
<String CONTENT="federal" HEIGHT="57" WIDTH="243" VPOS="1040" HPOS="515"/>
<SP HEIGHT="55" WIDTH="42" VPOS="1040" HPOS="759"/>
<String CONTENT="tax" HEIGHT="55" WIDTH="109" VPOS="1041" HPOS="802"/>
<SP HEIGHT="36" WIDTH="43" VPOS="1059" HPOS="912"/>
<String CONTENT="reports," HEIGHT="68" WIDTH="268" VPOS="1043" HPOS="956"/>
<SP HEIGHT="37" WIDTH="83" VPOS="1060" HPOS="1225"/>
<String CONTENT="v." HEIGHT="37" WIDTH="56" VPOS="1060" HPOS="1309"/>
<SP HEIGHT="54" WIDTH="49" VPOS="1043" HPOS="1366"/>
<String CONTENT="5," HEIGHT="70" WIDTH="49" VPOS="1043" HPOS="1416"/>
<SP HEIGHT="52" WIDTH="45" VPOS="1061" HPOS="1466"/>
<String CONTENT="no." HEIGHT="37" WIDTH="97" VPOS="1061" HPOS="1512"/>
<SP HEIGHT="55" WIDTH="44" VPOS="1043" HPOS="1610"/>
<String CONTENT="4," HEIGHT="71" WIDTH="52" VPOS="1043" HPOS="1655"/>
<SP HEIGHT="72" WIDTH="48" VPOS="1042" HPOS="1708"/>
<String CONTENT="November," HEIGHT="76" WIDTH="367" VPOS="1042" HPOS="1757"/>
</TextLine>
<TextLine HEIGHT="75" WIDTH="1489" VPOS="1116" HPOS="215" STYLEREFS="StyleId-F15DFE61-C3A5-49EA-8F70-04229606B8EB-">
<String CONTENT="1925." HEIGHT="55" WIDTH="163" VPOS="1119" HPOS="215"/>
<SP HEIGHT="54" WIDTH="69" VPOS="1118" HPOS="379"/>
<String CONTENT="New" HEIGHT="55" WIDTH="152" VPOS="1118" HPOS="449"/>
<SP HEIGHT="56" WIDTH="25" VPOS="1117" HPOS="602"/>
<String CONTENT="York," HEIGHT="74" WIDTH="188" VPOS="1116" HPOS="628"/>
<SP HEIGHT="73" WIDTH="32" VPOS="1117" HPOS="817"/>
<String CONTENT="Prentice-Hall," HEIGHT="73" WIDTH="484" VPOS="1117" HPOS="850"/>
<SP HEIGHT="72" WIDTH="32" VPOS="1118" HPOS="1335"/>
<String CONTENT="inc.," HEIGHT="73" WIDTH="135" VPOS="1118" HPOS="1368"/>
<SP HEIGHT="69" WIDTH="34" VPOS="1122" HPOS="1504"/>
<String CONTENT="1925." HEIGHT="55" WIDTH="165" VPOS="1121" HPOS="1539"/>
</TextLine>
<TextLine HEIGHT="55" WIDTH="704" VPOS="1191" HPOS="205" STYLEREFS="StyleId-F15DFE61-C3A5-49EA-8F70-04229606B8EB-" CS="1">
<String CONTENT="iii," HEIGHT="53" WIDTH="61" VPOS="1193" HPOS="205"/>
<SP HEIGHT="54" WIDTH="31" VPOS="1192" HPOS="267"/>
<String CONTENT="5418-5547," HEIGHT="53" WIDTH="257" VPOS="1191" HPOS="299"/>
<SP HEIGHT="51" WIDTH="31" VPOS="1193" HPOS="557"/>
<String CONTENT="iv" HEIGHT="43" WIDTH="44" VPOS="1193" HPOS="589"/>
<SP HEIGHT="38" WIDTH="26" VPOS="1207" HPOS="634"/>
<String CONTENT="p." HEIGHT="38" WIDTH="40" VPOS="1207" HPOS="661"/>
<SP HEIGHT="42" WIDTH="56" VPOS="1194" HPOS="702"/>
<String CS="1" CONTENT="24&#189;"/>
<String STYLE="superscript" LANG="ru" CONTENT="cm" HEIGHT="17" WIDTH="46" VPOS="1197" HPOS="849"/>
<String LANG="ru" CONTENT="." HEIGHT="7" WIDTH="8" VPOS="1228" HPOS="901"/>
</TextLine>
<TextLine HEIGHT="44" WIDTH="282" VPOS="1250" HPOS="205">
<String CONTENT="Cover-title." HEIGHT="44" WIDTH="282" VPOS="1250" HPOS="205"/>
</TextLine>
<TextLine HEIGHT="57" WIDTH="1989" VPOS="1304" HPOS="136">
<String CONTENT="&#169;" HEIGHT="54" WIDTH="53" VPOS="1304" HPOS="136"/>
<SP HEIGHT="54" WIDTH="26" VPOS="1304" HPOS="190"/>
<String CONTENT="Nov." HEIGHT="43" WIDTH="118" VPOS="1307" HPOS="217"/>
<SP HEIGHT="44" WIDTH="27" VPOS="1306" HPOS="336"/>
<String CONTENT="25," HEIGHT="54" WIDTH="68" VPOS="1304" HPOS="364"/>
<SP HEIGHT="50" WIDTH="31" VPOS="1308" HPOS="433"/>
<String CONTENT="1925;" HEIGHT="54" WIDTH="128" VPOS="1304" HPOS="465"/>
<SP HEIGHT="51" WIDTH="29" VPOS="1307" HPOS="594"/>
<String CONTENT="2c." HEIGHT="43" WIDTH="63" VPOS="1307" HPOS="624"/>
<SP HEIGHT="52" WIDTH="27" VPOS="1306" HPOS="688"/>
<String CONTENT="Jan." HEIGHT="52" WIDTH="101" VPOS="1306" HPOS="716"/>
<SP HEIGHT="41" WIDTH="29" VPOS="1308" HPOS="818"/>
<String CONTENT="14," HEIGHT="51" WIDTH="62" VPOS="1306" HPOS="848"/>
<SP HEIGHT="49" WIDTH="29" VPOS="1308" HPOS="911"/>
<String CONTENT="1926;" HEIGHT="54" WIDTH="130" VPOS="1305" HPOS="941"/>
<SP HEIGHT="38" WIDTH="31" VPOS="1321" HPOS="1072"/>
<String LANG="de" CONTENT="aff." HEIGHT="43" WIDTH="79" VPOS="1307" HPOS="1104"/>
<SP HEIGHT="52" WIDTH="29" VPOS="1307" HPOS="1184"/>
<String CONTENT="Jan." HEIGHT="52" WIDTH="99" VPOS="1307" HPOS="1214"/>
<SP HEIGHT="41" WIDTH="33" VPOS="1309" HPOS="1314"/>
<String CONTENT="13;" HEIGHT="50" WIDTH="73" VPOS="1309" HPOS="1348"/>
<SP HEIGHT="51" WIDTH="33" VPOS="1308" HPOS="1422"/>
<!-- cceid FA9D108D-6E1A-1014-9B7B-CA07F191E62B --><String CONTENT="A" HEIGHT="42" WIDTH="43" VPOS="1308" HPOS="1456"/>
<SP HEIGHT="43" WIDTH="27" VPOS="1308" HPOS="1500"/>
<String CONTENT="875847;" HEIGHT="55" WIDTH="190" VPOS="1305" HPOS="1528"/>
<SP HEIGHT="51" WIDTH="31" VPOS="1309" HPOS="1719"/>
<String CONTENT="West" HEIGHT="44" WIDTH="132" VPOS="1309" HPOS="1751"/>
<SP HEIGHT="46" WIDTH="26" VPOS="1315" HPOS="1884"/>
<String CONTENT="pub." HEIGHT="52" WIDTH="102" VPOS="1309" HPOS="1911"/>
<SP HEIGHT="27" WIDTH="31" VPOS="1325" HPOS="2014"/>
<String LANG="ru" CONTENT="co.," HEIGHT="36" WIDTH="79" VPOS="1324" HPOS="2046"/>
</TextLine>
<TextLine HEIGHT="48" WIDTH="231" VPOS="1361" HPOS="208">
<String CONTENT="St." HEIGHT="48" WIDTH="64" VPOS="1361" HPOS="208"/>
<SP HEIGHT="42" WIDTH="38" VPOS="1364" HPOS="273"/>
<String CONTENT="Paul." HEIGHT="44" WIDTH="127" VPOS="1362" HPOS="312"/>
</TextLine>
<TextLine HEIGHT="76" WIDTH="1073" VPOS="1459" HPOS="134" STYLEREFS="StyleId-F15DFE61-C3A5-49EA-8F70-04229606B8EB-">
<String CONTENT="Ames," HEIGHT="73" WIDTH="204" VPOS="1461" HPOS="134"/>
<SP HEIGHT="72" WIDTH="42" VPOS="1462" HPOS="339"/>
<String CONTENT="Joseph" HEIGHT="73" WIDTH="239" VPOS="1462" HPOS="382"/>
<SP HEIGHT="58" WIDTH="36" VPOS="1462" HPOS="622"/>
<String CONTENT="Bushnell," HEIGHT="75" WIDTH="315" VPOS="1459" HPOS="659"/>
<SP HEIGHT="69" WIDTH="42" VPOS="1465" HPOS="975"/>
<String CONTENT="1878-" HEIGHT="58" WIDTH="189" VPOS="1464" HPOS="1018"/>
</TextLine>
<TextLine HEIGHT="74" WIDTH="1914" VPOS="1551" HPOS="212" STYLEREFS="StyleId-F15DFE61-C3A5-49EA-8F70-04229606B8EB-" CS="1">
<String CONTENT="The" HEIGHT="58" WIDTH="128" VPOS="1553" HPOS="212"/>
<SP HEIGHT="59" WIDTH="38" VPOS="1552" HPOS="341"/>
<String CONTENT="lone" HEIGHT="58" WIDTH="137" VPOS="1552" HPOS="380"/>
<SP HEIGHT="57" WIDTH="36" VPOS="1552" HPOS="518"/>
<String CONTENT="hand," HEIGHT="73" WIDTH="187" VPOS="1552" HPOS="555"/>
<SP HEIGHT="72" WIDTH="35" VPOS="1553" HPOS="743"/>
<String CONTENT="by" HEIGHT="72" WIDTH="84" VPOS="1553" HPOS="779"/>
<SP HEIGHT="73" WIDTH="36" VPOS="1552" HPOS="864"/>
<String CONTENT="Joseph" HEIGHT="71" WIDTH="241" VPOS="1552" HPOS="901"/>
<SP HEIGHT="56" WIDTH="35" VPOS="1552" HPOS="1143"/>
<String CONTENT="B." HEIGHT="57" WIDTH="73" VPOS="1552" HPOS="1179"/>
<SP HEIGHT="58" WIDTH="39" VPOS="1551" HPOS="1253"/>
<String CONTENT="Ames" HEIGHT="60" WIDTH="191" VPOS="1551" HPOS="1293"/>
<SP HEIGHT="38" WIDTH="45" VPOS="1573" HPOS="1485"/>
<String CS="1" CONTENT="&#8230;"/>
<SP HEIGHT="57" WIDTH="81" VPOS="1553" HPOS="1594"/>
<String CONTENT="New" HEIGHT="58" WIDTH="152" VPOS="1553" HPOS="1676"/>
<SP HEIGHT="58" WIDTH="37" VPOS="1553" HPOS="1829"/>
<String CONTENT="York" HEIGHT="58" WIDTH="174" VPOS="1553" HPOS="1867"/>
<SP HEIGHT="58" WIDTH="35" VPOS="1554" HPOS="2042"/>
<String CONTENT="&amp;" HEIGHT="57" WIDTH="48" VPOS="1555" HPOS="2078"/>
</TextLine>
<TextLine HEIGHT="75" WIDTH="1091" VPOS="1629" HPOS="132" STYLEREFS="StyleId-F15DFE61-C3A5-49EA-8F70-04229606B8EB-">
<String CONTENT="London," HEIGHT="73" WIDTH="276" VPOS="1630" HPOS="132"/>
<SP HEIGHT="73" WIDTH="30" VPOS="1630" HPOS="409"/>
<String CONTENT="The" HEIGHT="57" WIDTH="127" VPOS="1630" HPOS="440"/>
<SP HEIGHT="60" WIDTH="32" VPOS="1629" HPOS="568"/>
<String CONTENT="Century" HEIGHT="73" WIDTH="279" VPOS="1629" HPOS="601"/>
<SP HEIGHT="53" WIDTH="23" VPOS="1649" HPOS="881"/>
<String LANG="ru" CONTENT="co." HEIGHT="39" WIDTH="86" VPOS="1649" HPOS="905"/>
<SP HEIGHT="44" WIDTH="30" VPOS="1660" HPOS="992"/>
<String CONTENT="[" HEIGHT="44" WIDTH="13" VPOS="1660" HPOS="1023"/>
<String STYLE="superscript" CONTENT="c" HEIGHT="24" WIDTH="19" VPOS="1637" HPOS="1037"/>
<String CONTENT="1926]" HEIGHT="73" WIDTH="164" VPOS="1631" HPOS="1059"/>
</TextLine>
<TextLine HEIGHT="56" WIDTH="693" VPOS="1720" HPOS="199" STYLEREFS="StyleId-F15DFE61-C3A5-49EA-8F70-04229606B8EB-">
<String CONTENT="viii," HEIGHT="53" WIDTH="92" VPOS="1722" HPOS="199"/>
<SP HEIGHT="52" WIDTH="29" VPOS="1723" HPOS="292"/>
<String CONTENT="368" HEIGHT="45" WIDTH="81" VPOS="1722" HPOS="322"/>
<SP HEIGHT="52" WIDTH="28" VPOS="1724" HPOS="404"/>
<String CONTENT="p." HEIGHT="39" WIDTH="39" VPOS="1737" HPOS="433"/>
<SP HEIGHT="42" WIDTH="62" VPOS="1724" HPOS="473"/>
<String CONTENT="19" HEIGHT="44" WIDTH="49" VPOS="1723" HPOS="536"/>
<String STYLE="superscript" CONTENT="cm" HEIGHT="17" WIDTH="47" VPOS="1725" HPOS="591"/>
<String CONTENT="." HEIGHT="9" WIDTH="9" VPOS="1757" HPOS="644"/>
<SP HEIGHT="54" WIDTH="112" VPOS="1720" HPOS="654"/>
<String CONTENT="$2.00" HEIGHT="54" WIDTH="125" VPOS="1720" HPOS="767"/>
</TextLine>
<TextLine HEIGHT="56" WIDTH="1696" VPOS="1789" HPOS="134" CS="1">
<String CONTENT="&#169;" HEIGHT="54" WIDTH="54" VPOS="1791" HPOS="134"/>
<SP HEIGHT="54" WIDTH="22" VPOS="1791" HPOS="189"/>
<String CONTENT="Jan." HEIGHT="52" WIDTH="98" VPOS="1793" HPOS="212"/>
<SP HEIGHT="44" WIDTH="24" VPOS="1792" HPOS="311"/>
<String CONTENT="22," HEIGHT="51" WIDTH="67" VPOS="1792" HPOS="336"/>
<SP HEIGHT="50" WIDTH="26" VPOS="1793" HPOS="404"/>
<String CONTENT="1926;" HEIGHT="52" WIDTH="131" VPOS="1791" HPOS="431"/>
<SP HEIGHT="52" WIDTH="22" VPOS="1791" HPOS="563"/>
<String CONTENT="2c." HEIGHT="45" WIDTH="66" VPOS="1791" HPOS="586"/>
<SP HEIGHT="52" WIDTH="23" VPOS="1792" HPOS="653"/>
<String CONTENT="Jan." HEIGHT="52" WIDTH="101" VPOS="1792" HPOS="677"/>
<SP HEIGHT="43" WIDTH="24" VPOS="1792" HPOS="779"/>
<String CONTENT="25;" HEIGHT="54" WIDTH="79" VPOS="1789" HPOS="804"/>
<SP HEIGHT="37" WIDTH="27" VPOS="1806" HPOS="884"/>
<String LANG="de" CONTENT="aff." HEIGHT="45" WIDTH="77" VPOS="1791" HPOS="912"/>
<SP HEIGHT="53" WIDTH="26" VPOS="1791" HPOS="990"/>
<String CONTENT="Jan." HEIGHT="53" WIDTH="99" VPOS="1791" HPOS="1017"/>
<SP HEIGHT="43" WIDTH="24" VPOS="1791" HPOS="1117"/>
<String CONTENT="26;" HEIGHT="53" WIDTH="79" VPOS="1790" HPOS="1142"/>
<SP HEIGHT="52" WIDTH="25" VPOS="1791" HPOS="1222"/>
<!-- cceid FA9DA1D8-6E1A-1014-9B7B-CA07F191E62B --><String CONTENT="A" HEIGHT="43" WIDTH="47" VPOS="1791" HPOS="1248"/>
<SP HEIGHT="43" WIDTH="20" VPOS="1791" HPOS="1296"/>
<String CONTENT="879393;" HEIGHT="54" WIDTH="189" VPOS="1790" HPOS="1317"/>
<SP HEIGHT="54" WIDTH="31" VPOS="1790" HPOS="1507"/>
<String CONTENT="Century" HEIGHT="55" WIDTH="198" VPOS="1790" HPOS="1539"/>
<SP HEIGHT="37" WIDTH="25" VPOS="1808" HPOS="1738"/>
<String LANG="ru" CONTENT="co." HEIGHT="29" WIDTH="66" VPOS="1807" HPOS="1764"/>
</TextLine>
<TextLine HEIGHT="56" WIDTH="240" VPOS="1847" HPOS="212">
<String CONTENT="(26-2451)" HEIGHT="56" WIDTH="240" VPOS="1847" HPOS="212"/>
</TextLine>
<TextLine HEIGHT="74" WIDTH="1856" VPOS="1945" HPOS="202" STYLEREFS="StyleId-F15DFE61-C3A5-49EA-8F70-04229606B8EB-" CS="1">
<String CS="1" CONTENT="&#8230;"/>
<SP HEIGHT="59" WIDTH="48" VPOS="1948" HPOS="202"/>
<String CONTENT="The" HEIGHT="57" WIDTH="128" VPOS="1948" HPOS="251"/>
<SP HEIGHT="59" WIDTH="42" VPOS="1946" HPOS="380"/>
<String CONTENT="Atlantic" HEIGHT="58" WIDTH="282" VPOS="1945" HPOS="423"/>
<SP HEIGHT="41" WIDTH="44" VPOS="1962" HPOS="706"/>
<String CONTENT="reporter," HEIGHT="70" WIDTH="305" VPOS="1949" HPOS="751"/>
<SP HEIGHT="38" WIDTH="97" VPOS="1965" HPOS="1057"/>
<String CONTENT="v." HEIGHT="38" WIDTH="57" VPOS="1965" HPOS="1155"/>
<SP HEIGHT="54" WIDTH="45" VPOS="1949" HPOS="1213"/>
<String CONTENT="129." HEIGHT="55" WIDTH="128" VPOS="1948" HPOS="1259"/>
<SP HEIGHT="56" WIDTH="98" VPOS="1947" HPOS="1388"/>
<String CONTENT="Permanent" HEIGHT="57" WIDTH="384" VPOS="1947" HPOS="1487"/>
<SP HEIGHT="56" WIDTH="42" VPOS="1950" HPOS="1872"/>
<String CONTENT="ed." HEIGHT="56" WIDTH="91" VPOS="1950" HPOS="1915"/>
<SP HEIGHT="11" WIDTH="51" VPOS="1996" HPOS="2007"/>
<String CS="1" CONTENT="&#8230;"/>
</TextLine>
<TextLine HEIGHT="77" WIDTH="1916" VPOS="2024" HPOS="209" STYLEREFS="StyleId-F15DFE61-C3A5-49EA-8F70-04229606B8EB-">
<String CONTENT="with" HEIGHT="57" WIDTH="152" VPOS="2026" HPOS="209"/>
<SP HEIGHT="56" WIDTH="34" VPOS="2026" HPOS="362"/>
<String CONTENT="key-number" HEIGHT="72" WIDTH="408" VPOS="2026" HPOS="397"/>
<SP HEIGHT="39" WIDTH="36" VPOS="2043" HPOS="806"/>
<String CONTENT="annotations." HEIGHT="59" WIDTH="420" VPOS="2024" HPOS="843"/>
<SP HEIGHT="58" WIDTH="79" VPOS="2025" HPOS="1264"/>
<String CONTENT="June" HEIGHT="58" WIDTH="164" VPOS="2025" HPOS="1344"/>
<SP HEIGHT="56" WIDTH="41" VPOS="2027" HPOS="1509"/>
<String CONTENT="18-September" HEIGHT="73" WIDTH="488" VPOS="2025" HPOS="1551"/>
<SP HEIGHT="55" WIDTH="35" VPOS="2029" HPOS="2040"/>
<String CONTENT="3," HEIGHT="72" WIDTH="49" VPOS="2029" HPOS="2076"/>
</TextLine>
<TextLine HEIGHT="74" WIDTH="1492" VPOS="2102" HPOS="212" STYLEREFS="StyleId-F15DFE61-C3A5-49EA-8F70-04229606B8EB-">
<String CONTENT="1925." HEIGHT="55" WIDTH="164" VPOS="2106" HPOS="212"/>
<SP HEIGHT="58" WIDTH="85" VPOS="2103" HPOS="377"/>
<String CONTENT="St." HEIGHT="58" WIDTH="88" VPOS="2103" HPOS="463"/>
<SP HEIGHT="56" WIDTH="32" VPOS="2104" HPOS="552"/>
<String CONTENT="Paul," HEIGHT="70" WIDTH="176" VPOS="2104" HPOS="585"/>
<SP HEIGHT="71" WIDTH="29" VPOS="2103" HPOS="762"/>
<String CONTENT="West" HEIGHT="58" WIDTH="178" VPOS="2103" HPOS="792"/>
<SP HEIGHT="68" WIDTH="29" VPOS="2106" HPOS="971"/>
<String CONTENT="publishing" HEIGHT="74" WIDTH="365" VPOS="2102" HPOS="1001"/>
<SP HEIGHT="54" WIDTH="32" VPOS="2122" HPOS="1367"/>
<String LANG="ru" CONTENT="co.," HEIGHT="53" WIDTH="104" VPOS="2122" HPOS="1400"/>
<SP HEIGHT="70" WIDTH="34" VPOS="2105" HPOS="1505"/>
<String CONTENT="1925." HEIGHT="55" WIDTH="164" VPOS="2105" HPOS="1540"/>
</TextLine>
<TextLine HEIGHT="57" WIDTH="1579" VPOS="2177" HPOS="201">
<String CONTENT="xiv," HEIGHT="51" WIDTH="92" VPOS="2181" HPOS="201"/>
<SP HEIGHT="51" WIDTH="27" VPOS="2181" HPOS="294"/>
<String CONTENT="992" HEIGHT="43" WIDTH="83" VPOS="2181" HPOS="322"/>
<SP HEIGHT="51" WIDTH="25" VPOS="2181" HPOS="406"/>
<String CONTENT="p." HEIGHT="37" WIDTH="38" VPOS="2195" HPOS="432"/>
<SP HEIGHT="42" WIDTH="55" VPOS="2181" HPOS="471"/>
<String CONTENT="26" HEIGHT="43" WIDTH="55" VPOS="2181" HPOS="527"/>
<String STYLE="superscript" CONTENT="cm" HEIGHT="17" WIDTH="47" VPOS="2183" HPOS="587"/>
<String CONTENT="." HEIGHT="8" WIDTH="8" VPOS="2214" HPOS="641"/>
<SP HEIGHT="54" WIDTH="66" VPOS="2180" HPOS="650"/>
<String CONTENT="(National" HEIGHT="55" WIDTH="244" VPOS="2179" HPOS="717"/>
<SP HEIGHT="43" WIDTH="29" VPOS="2179" HPOS="962"/>
<String CONTENT="reporter" HEIGHT="45" WIDTH="207" VPOS="2186" HPOS="992"/>
<SP HEIGHT="29" WIDTH="28" VPOS="2193" HPOS="1200"/>
<String CONTENT="system&#8212;State" HEIGHT="54" WIDTH="356" VPOS="2177" HPOS="1229"/>
<SP HEIGHT="29" WIDTH="29" VPOS="2194" HPOS="1586"/>
<String CONTENT="series)" HEIGHT="53" WIDTH="164" VPOS="2180" HPOS="1616"/>
</TextLine>
<TextLine HEIGHT="58" WIDTH="1938" VPOS="2232" HPOS="131">
<String CONTENT="&#169;" HEIGHT="54" WIDTH="55" VPOS="2235" HPOS="131"/>
<SP HEIGHT="54" WIDTH="28" VPOS="2235" HPOS="187"/>
<String CONTENT="Oct." HEIGHT="44" WIDTH="101" VPOS="2237" HPOS="216"/>
<SP HEIGHT="42" WIDTH="27" VPOS="2238" HPOS="318"/>
<String CONTENT="17," HEIGHT="54" WIDTH="62" VPOS="2235" HPOS="346"/>
<SP HEIGHT="51" WIDTH="28" VPOS="2238" HPOS="409"/>
<String CONTENT="1925;" HEIGHT="53" WIDTH="130" VPOS="2235" HPOS="438"/>
<SP HEIGHT="51" WIDTH="27" VPOS="2237" HPOS="569"/>
<String CONTENT="2c." HEIGHT="42" WIDTH="64" VPOS="2237" HPOS="597"/>
<SP HEIGHT="52" WIDTH="27" VPOS="2237" HPOS="662"/>
<String CONTENT="Jan." HEIGHT="52" WIDTH="99" VPOS="2237" HPOS="690"/>
<SP HEIGHT="42" WIDTH="30" VPOS="2237" HPOS="790"/>
<String CONTENT="14," HEIGHT="50" WIDTH="61" VPOS="2237" HPOS="821"/>
<SP HEIGHT="49" WIDTH="32" VPOS="2238" HPOS="883"/>
<String CONTENT="1926;" HEIGHT="52" WIDTH="130" VPOS="2236" HPOS="916"/>
<SP HEIGHT="37" WIDTH="29" VPOS="2251" HPOS="1047"/>
<String CONTENT="a" HEIGHT="27" WIDTH="24" VPOS="2252" HPOS="1077"/>
<String LANG="de" CONTENT="ff." HEIGHT="42" WIDTH="48" VPOS="2237" HPOS="1107"/>
<SP HEIGHT="51" WIDTH="26" VPOS="2237" HPOS="1156"/>
<String CONTENT="Jan." HEIGHT="51" WIDTH="98" VPOS="2237" HPOS="1183"/>
<SP HEIGHT="42" WIDTH="31" VPOS="2237" HPOS="1282"/>
<String CONTENT="13;" HEIGHT="51" WIDTH="74" VPOS="2237" HPOS="1314"/>
<SP HEIGHT="51" WIDTH="31" VPOS="2237" HPOS="1389"/>
<!-- cceid FA9E366B-6E1A-1014-9B7B-CA07F191E62B --><String CONTENT="A" HEIGHT="42" WIDTH="43" VPOS="2237" HPOS="1421"/>
<SP HEIGHT="43" WIDTH="28" VPOS="2236" HPOS="1465"/>
<String CONTENT="875854;" HEIGHT="56" WIDTH="189" VPOS="2232" HPOS="1494"/>
<SP HEIGHT="51" WIDTH="28" VPOS="2237" HPOS="1684"/>
<String CONTENT="West" HEIGHT="44" WIDTH="133" VPOS="2237" HPOS="1713"/>
<SP HEIGHT="47" WIDTH="25" VPOS="2243" HPOS="1847"/>
<String CONTENT="pub." HEIGHT="53" WIDTH="101" VPOS="2237" HPOS="1873"/>
<SP HEIGHT="28" WIDTH="28" VPOS="2252" HPOS="1975"/>
<String LANG="ru" CONTENT="co." HEIGHT="29" WIDTH="65" VPOS="2252" HPOS="2004"/>
</TextLine>
<TextLine HEIGHT="75" WIDTH="664" VPOS="2347" HPOS="135" STYLEREFS="StyleId-64F5AA38-6ED3-458F-A542-91E5A9ED97EA-">
<String CONTENT="Bannerman," HEIGHT="72" WIDTH="412" VPOS="2350" HPOS="135"/>
<SP HEIGHT="73" WIDTH="35" VPOS="2349" HPOS="548"/>
<String CONTENT="Helen." HEIGHT="59" WIDTH="215" VPOS="2347" HPOS="584"/>
</TextLine>
<TextLine HEIGHT="73" WIDTH="1848" VPOS="2439" HPOS="278" STYLEREFS="StyleId-F15DFE61-C3A5-49EA-8F70-04229606B8EB-" CS="1">
<String CS="1" CONTENT="&#8230;"/>
<SP HEIGHT="57" WIDTH="48" VPOS="2441" HPOS="278"/>
<String CONTENT="Little" HEIGHT="57" WIDTH="191" VPOS="2441" HPOS="327"/>
<SP HEIGHT="58" WIDTH="47" VPOS="2440" HPOS="519"/>
<String CONTENT="Black" HEIGHT="57" WIDTH="194" VPOS="2440" HPOS="567"/>
<SP HEIGHT="58" WIDTH="45" VPOS="2440" HPOS="762"/>
<String CONTENT="Sambo," HEIGHT="72" WIDTH="245" VPOS="2440" HPOS="808"/>
<SP HEIGHT="72" WIDTH="48" VPOS="2440" HPOS="1054"/>
<String CONTENT="by" HEIGHT="71" WIDTH="84" VPOS="2440" HPOS="1103"/>
<SP HEIGHT="72" WIDTH="42" VPOS="2439" HPOS="1188"/>
<String CONTENT="Helen" HEIGHT="58" WIDTH="205" VPOS="2439" HPOS="1231"/>
<SP HEIGHT="57" WIDTH="39" VPOS="2439" HPOS="1437"/>
<String CONTENT="Bannerman;" HEIGHT="65" WIDTH="432" VPOS="2439" HPOS="1477"/>
<SP HEIGHT="44" WIDTH="49" VPOS="2460" HPOS="1910"/>
<String CONTENT="color" HEIGHT="58" WIDTH="166" VPOS="2440" HPOS="1960"/>
</TextLine>
<TextLine HEIGHT="75" WIDTH="1989" VPOS="2516" HPOS="134" STYLEREFS="StyleId-F15DFE61-C3A5-49EA-8F70-04229606B8EB-">
<String CONTENT="drawings" HEIGHT="72" WIDTH="315" VPOS="2519" HPOS="134"/>
<SP HEIGHT="56" WIDTH="31" VPOS="2519" HPOS="450"/>
<String CONTENT="by" HEIGHT="71" WIDTH="82" VPOS="2519" HPOS="482"/>
<SP HEIGHT="73" WIDTH="33" VPOS="2517" HPOS="565"/>
<String CONTENT="Cobb" HEIGHT="59" WIDTH="169" VPOS="2517" HPOS="599"/>
<SP HEIGHT="58" WIDTH="29" VPOS="2517" HPOS="769"/>
<String CONTENT="X." HEIGHT="57" WIDTH="78" VPOS="2517" HPOS="799"/>
<SP HEIGHT="59" WIDTH="36" VPOS="2516" HPOS="878"/>
<String CONTENT="Shinn." HEIGHT="59" WIDTH="215" VPOS="2516" HPOS="915"/>
<SP HEIGHT="56" WIDTH="74" VPOS="2518" HPOS="1131"/>
<String CONTENT="The" HEIGHT="56" WIDTH="128" VPOS="2518" HPOS="1206"/>
<SP HEIGHT="55" WIDTH="36" VPOS="2519" HPOS="1335"/>
<String CONTENT="&#8220;Just" HEIGHT="58" WIDTH="207" VPOS="2517" HPOS="1372"/>
<SP HEIGHT="55" WIDTH="30" VPOS="2519" HPOS="1580"/>
<String LANG="de" CONTENT="right&#8217;&#8217;" HEIGHT="73" WIDTH="226" VPOS="2517" HPOS="1611"/>
<SP HEIGHT="55" WIDTH="34" VPOS="2520" HPOS="1838"/>
<String CONTENT="edition." HEIGHT="57" WIDTH="250" VPOS="2518" HPOS="1873"/>
</TextLine>
<TextLine HEIGHT="75" WIDTH="1191" VPOS="2594" HPOS="136" STYLEREFS="StyleId-F15DFE61-C3A5-49EA-8F70-04229606B8EB-">
<String CONTENT="Chicago," HEIGHT="74" WIDTH="286" VPOS="2594" HPOS="136"/>
<SP HEIGHT="73" WIDTH="31" VPOS="2595" HPOS="423"/>
<String CONTENT="A." HEIGHT="57" WIDTH="76" VPOS="2595" HPOS="455"/>
<SP HEIGHT="58" WIDTH="31" VPOS="2595" HPOS="532"/>
<String CONTENT="Whitman" HEIGHT="58" WIDTH="323" VPOS="2595" HPOS="564"/>
<SP HEIGHT="57" WIDTH="31" VPOS="2595" HPOS="888"/>
<String CONTENT="&amp;" HEIGHT="57" WIDTH="49" VPOS="2595" HPOS="920"/>
<SP HEIGHT="58" WIDTH="30" VPOS="2595" HPOS="970"/>
<String LANG="ru" CONTENT="co." HEIGHT="40" WIDTH="86" VPOS="2613" HPOS="1001"/>
<SP HEIGHT="44" WIDTH="36" VPOS="2625" HPOS="1088"/>
<String CONTENT="[" HEIGHT="44" WIDTH="14" VPOS="2625" HPOS="1125"/>
<String STYLE="superscript" CONTENT="c" HEIGHT="23" WIDTH="19" VPOS="2602" HPOS="1140"/>
<String CONTENT="1925]" HEIGHT="74" WIDTH="164" VPOS="2595" HPOS="1163"/>
</TextLine>
<TextLine HEIGHT="55" WIDTH="1611" VPOS="2671" HPOS="202" CS="1">
<String CONTENT="63" HEIGHT="44" WIDTH="52" VPOS="2673" HPOS="202"/>
<SP HEIGHT="50" WIDTH="26" VPOS="2675" HPOS="255"/>
<String CONTENT="p." HEIGHT="38" WIDTH="39" VPOS="2687" HPOS="282"/>
<SP/>
<String CS="1" CONTENT="incl."/>
<SP/>
<String CONTENT="col." HEIGHT="43" WIDTH="83" VPOS="2673" HPOS="478"/>
<SP HEIGHT="44" WIDTH="26" VPOS="2672" HPOS="562"/>
<String CONTENT="front.," HEIGHT="52" WIDTH="150" VPOS="2672" HPOS="589"/>
<SP HEIGHT="36" WIDTH="28" VPOS="2688" HPOS="740"/>
<String LANG="fr" CONTENT="col." HEIGHT="44" WIDTH="83" VPOS="2672" HPOS="769"/>
<SP HEIGHT="43" WIDTH="26" VPOS="2673" HPOS="853"/>
<String CONTENT="illus." HEIGHT="44" WIDTH="115" VPOS="2672" HPOS="880"/>
<SP HEIGHT="43" WIDTH="56" VPOS="2672" HPOS="996"/>
<String LANG="fr" CONTENT="23" HEIGHT="44" WIDTH="53" VPOS="2672" HPOS="1053"/>
<String CS="1" CONTENT="&#189;"/>
<String STYLE="superscript" LANG="fr" CONTENT="cm" HEIGHT="18" WIDTH="47" VPOS="2674" HPOS="1142"/>
<String LANG="fr" CONTENT="." HEIGHT="9" WIDTH="9" VPOS="2706" HPOS="1195"/>
<SP HEIGHT="29" WIDTH="62" VPOS="2695" HPOS="1205"/>
<String LANG="fr" CS="1" CONTENT="["/>
<String CONTENT="&#8220;A" HEIGHT="43" WIDTH="70" VPOS="2672" HPOS="1283"/>
<SP HEIGHT="54" WIDTH="24" VPOS="2671" HPOS="1354"/>
<String CONTENT="just" HEIGHT="54" WIDTH="97" VPOS="2671" HPOS="1379"/>
<SP HEIGHT="37" WIDTH="25" VPOS="2679" HPOS="1477"/>
<String CONTENT="right" HEIGHT="54" WIDTH="123" VPOS="2671" HPOS="1503"/>
<SP HEIGHT="44" WIDTH="24" VPOS="2672" HPOS="1627"/>
<String CONTENT="book&#8221;]" HEIGHT="54" WIDTH="161" VPOS="2672" HPOS="1652"/>
</TextLine>
<TextLine HEIGHT="55" WIDTH="1210" VPOS="2726" HPOS="203" CS="1">
<String CONTENT="At" HEIGHT="43" WIDTH="65" VPOS="2730" HPOS="203"/>
<SP HEIGHT="44" WIDTH="23" VPOS="2729" HPOS="269"/>
<String CONTENT="head" HEIGHT="44" WIDTH="115" VPOS="2729" HPOS="293"/>
<SP HEIGHT="44" WIDTH="25" VPOS="2729" HPOS="409"/>
<String CONTENT="of" HEIGHT="44" WIDTH="50" VPOS="2728" HPOS="435"/>
<SP HEIGHT="44" WIDTH="25" VPOS="2728" HPOS="486"/>
<String CS="1" CONTENT="title:" HEIGHT="43" WIDTH="96" VPOS="2729" HPOS="512"/>
<SP HEIGHT="44" WIDTH="28" VPOS="2728" HPOS="635"/>
<String CONTENT="The" HEIGHT="45" WIDTH="98" VPOS="2728" HPOS="664"/>
<SP HEIGHT="29" WIDTH="26" VPOS="2744" HPOS="763"/>
<String CONTENT="enlarged" HEIGHT="52" WIDTH="212" VPOS="2728" HPOS="790"/>
<SP HEIGHT="52" WIDTH="25" VPOS="2729" HPOS="1003"/>
<String CONTENT="picture" HEIGHT="52" WIDTH="172" VPOS="2729" HPOS="1029"/>
<SP HEIGHT="30" WIDTH="27" VPOS="2741" HPOS="1202"/>
<String CONTENT="edition." HEIGHT="46" WIDTH="183" VPOS="2726" HPOS="1230"/>
</TextLine>
<TextLine HEIGHT="56" WIDTH="1992" VPOS="2782" HPOS="133" CS="1">
<String CONTENT="&#169;" HEIGHT="54" WIDTH="53" VPOS="2783" HPOS="133"/>
<SP HEIGHT="55" WIDTH="25" VPOS="2783" HPOS="187"/>
<String CONTENT="July" HEIGHT="53" WIDTH="106" VPOS="2785" HPOS="213"/>
<SP HEIGHT="51" WIDTH="28" VPOS="2787" HPOS="320"/>
<String CONTENT="1," HEIGHT="49" WIDTH="34" VPOS="2787" HPOS="349"/>
<SP HEIGHT="50" WIDTH="30" VPOS="2786" HPOS="384"/>
<String CS="1" CONTENT="1925;" HEIGHT="45" WIDTH="104" VPOS="2783" HPOS="415"/>
<SP HEIGHT="51" WIDTH="26" VPOS="2785" HPOS="546"/>
<String CONTENT="2c." HEIGHT="42" WIDTH="64" VPOS="2785" HPOS="573"/>
<SP HEIGHT="52" WIDTH="26" VPOS="2786" HPOS="638"/>
<String CONTENT="Jan." HEIGHT="52" WIDTH="100" VPOS="2786" HPOS="665"/>
<SP HEIGHT="42" WIDTH="27" VPOS="2786" HPOS="766"/>
<String CONTENT="30," HEIGHT="52" WIDTH="66" VPOS="2785" HPOS="794"/>
<SP HEIGHT="51" WIDTH="31" VPOS="2786" HPOS="861"/>
<String CS="1" CONTENT="1926;" HEIGHT="44" WIDTH="104" VPOS="2784" HPOS="893"/>
<SP HEIGHT="37" WIDTH="27" VPOS="2799" HPOS="1023"/>
<String CONTENT="a" HEIGHT="27" WIDTH="24" VPOS="2800" HPOS="1051"/>
<SP HEIGHT="42" WIDTH="5" VPOS="2785" HPOS="1076"/>
<String CONTENT="if." HEIGHT="42" WIDTH="48" VPOS="2785" HPOS="1082"/>
<SP HEIGHT="44" WIDTH="27" VPOS="2783" HPOS="1131"/>
<String CONTENT="Feb." HEIGHT="45" WIDTH="107" VPOS="2783" HPOS="1159"/>
<SP HEIGHT="43" WIDTH="27" VPOS="2784" HPOS="1267"/>
<String CS="1" CONTENT="20;" HEIGHT="43" WIDTH="54" VPOS="2784" HPOS="1295"/>
<SP HEIGHT="51" WIDTH="29" VPOS="2785" HPOS="1375"/>
<!-- cceid FA9ECD0B-6E1A-1014-9B7B-CA07F191E62B --><String CONTENT="A" HEIGHT="42" WIDTH="43" VPOS="2785" HPOS="1405"/>
<SP HEIGHT="43" WIDTH="29" VPOS="2784" HPOS="1449"/>
<String CS="1" CONTENT="879455;" HEIGHT="46" WIDTH="165" VPOS="2782" HPOS="1479"/>
<SP HEIGHT="52" WIDTH="30" VPOS="2785" HPOS="1669"/>
<String CONTENT="Albert" HEIGHT="45" WIDTH="164" VPOS="2784" HPOS="1700"/>
<SP HEIGHT="43" WIDTH="24" VPOS="2786" HPOS="1865"/>
<String CONTENT="Whitman" HEIGHT="45" WIDTH="235" VPOS="2784" HPOS="1890"/>
</TextLine>
<TextLine HEIGHT="54" WIDTH="445" VPOS="2841" HPOS="203">
<String LANG="en-US" CONTENT="&amp;" HEIGHT="43" WIDTH="38" VPOS="2843" HPOS="203"/>
<SP HEIGHT="43" WIDTH="31" VPOS="2843" HPOS="242"/>
<String LANG="ru" CONTENT="co." HEIGHT="29" WIDTH="64" VPOS="2857" HPOS="274"/>
<SP HEIGHT="53" WIDTH="68" VPOS="2842" HPOS="339"/>
<String LANG="en-US" CONTENT="(26-2808)" HEIGHT="54" WIDTH="240" VPOS="2841" HPOS="408"/>
</TextLine>
<TextLine HEIGHT="75" WIDTH="1113" VPOS="2938" HPOS="134" STYLEREFS="StyleId-F15DFE61-C3A5-49EA-8F70-04229606B8EB-">
<String CONTENT="Bennett," HEIGHT="69" WIDTH="282" VPOS="2941" HPOS="134"/>
<SP HEIGHT="70" WIDTH="37" VPOS="2940" HPOS="417"/>
<String CONTENT="George" HEIGHT="73" WIDTH="237" VPOS="2940" HPOS="455"/>
<SP HEIGHT="56" WIDTH="35" VPOS="2940" HPOS="693"/>
<String CONTENT="Edward," HEIGHT="72" WIDTH="291" VPOS="2938" HPOS="729"/>
<SP HEIGHT="68" WIDTH="36" VPOS="2942" HPOS="1021"/>
<String CONTENT="1889-" HEIGHT="57" WIDTH="189" VPOS="2940" HPOS="1058"/>
</TextLine>
<TextLine HEIGHT="154" WIDTH="1969" VPOS="3027" HPOS="132" STYLEREFS="StyleId-F15DFE61-C3A5-49EA-8F70-04229606B8EB-" CS="1">
<String CONTENT="Accounting" HEIGHT="72" WIDTH="392" VPOS="3030" HPOS="206"/>
<SP HEIGHT="53" WIDTH="30" VPOS="3049" HPOS="599"/>
<String CONTENT="systems," HEIGHT="69" WIDTH="285" VPOS="3032" HPOS="630"/>
<SP HEIGHT="54" WIDTH="30" VPOS="3047" HPOS="916"/>
<String CONTENT="principles" HEIGHT="73" WIDTH="340" VPOS="3027" HPOS="947"/>
<SP HEIGHT="39" WIDTH="29" VPOS="3047" HPOS="1288"/>
<String CONTENT="and" HEIGHT="57" WIDTH="124" VPOS="3029" HPOS="1318"/>
<SP HEIGHT="71" WIDTH="23" VPOS="3029" HPOS="1443"/>
<String CONTENT="problems" HEIGHT="71" WIDTH="316" VPOS="3029" HPOS="1467"/>
<SP HEIGHT="39" WIDTH="30" VPOS="3048" HPOS="1784"/>
<String CONTENT="of" HEIGHT="59" WIDTH="68" VPOS="3028" HPOS="1815"/>
<SP HEIGHT="58" WIDTH="24" VPOS="3028" HPOS="1884"/>
<String CONTENT="installation," HEIGHT="152" WIDTH="1969" VPOS="3029" HPOS="132"/>
</TextLine>
<TextLine HEIGHT="75" WIDTH="1740" VPOS="3105" HPOS="383" STYLEREFS="StyleId-F15DFE61-C3A5-49EA-8F70-04229606B8EB-" CS="1">
<String CONTENT="by" HEIGHT="70" WIDTH="83" VPOS="3109" HPOS="383"/>
<SP HEIGHT="72" WIDTH="34" VPOS="3107" HPOS="467"/>
<String CONTENT="George" HEIGHT="73" WIDTH="242" VPOS="3107" HPOS="502"/>
<SP HEIGHT="58" WIDTH="36" VPOS="3107" HPOS="745"/>
<String CONTENT="E." HEIGHT="56" WIDTH="72" VPOS="3107" HPOS="782"/>
<SP HEIGHT="56" WIDTH="37" VPOS="3107" HPOS="855"/>
<String CONTENT="Bennett" HEIGHT="57" WIDTH="272" VPOS="3107" HPOS="893"/>
<SP HEIGHT="53" WIDTH="41" VPOS="3110" HPOS="1166"/>
<String CS="1" CONTENT="&#8230;"/>
<SP HEIGHT="59" WIDTH="82" VPOS="3105" HPOS="1271"/>
<String CONTENT="Chicago" HEIGHT="74" WIDTH="269" VPOS="3105" HPOS="1354"/>
<SP HEIGHT="57" WIDTH="38" VPOS="3106" HPOS="1624"/>
<String CONTENT="&amp;" HEIGHT="57" WIDTH="48" VPOS="3106" HPOS="1663"/>
<SP HEIGHT="57" WIDTH="34" VPOS="3106" HPOS="1712"/>
<String CONTENT="New" HEIGHT="59" WIDTH="153" VPOS="3106" HPOS="1747"/>
<SP HEIGHT="55" WIDTH="32" VPOS="3108" HPOS="1901"/>
<String CONTENT="York," HEIGHT="73" WIDTH="189" VPOS="3107" HPOS="1934"/>
</TextLine>
<TextLine HEIGHT="74" WIDTH="1315" VPOS="3184" HPOS="131" STYLEREFS="StyleId-F15DFE61-C3A5-49EA-8F70-04229606B8EB-">
<String CONTENT="A." HEIGHT="58" WIDTH="74" VPOS="3187" HPOS="131"/>
<SP HEIGHT="59" WIDTH="25" VPOS="3186" HPOS="206"/>
<String CONTENT="W." HEIGHT="59" WIDTH="97" VPOS="3186" HPOS="232"/>
<SP HEIGHT="59" WIDTH="31" VPOS="3186" HPOS="330"/>
<String CONTENT="Shaw" HEIGHT="59" WIDTH="186" VPOS="3186" HPOS="362"/>
<SP HEIGHT="39" WIDTH="24" VPOS="3204" HPOS="549"/>
<String CONTENT="company;" HEIGHT="54" WIDTH="335" VPOS="3204" HPOS="574"/>
<SP HEIGHT="50" WIDTH="30" VPOS="3208" HPOS="910"/>
<String CONTENT="[etc.," HEIGHT="70" WIDTH="148" VPOS="3188" HPOS="941"/>
<SP HEIGHT="54" WIDTH="28" VPOS="3204" HPOS="1090"/>
<String CONTENT="etc.]" HEIGHT="71" WIDTH="128" VPOS="3186" HPOS="1119"/>
<SP HEIGHT="71" WIDTH="31" VPOS="3186" HPOS="1248"/>
<String CONTENT="1926." HEIGHT="58" WIDTH="166" VPOS="3184" HPOS="1280"/>
</TextLine>
<TextLine HEIGHT="56" WIDTH="1521" VPOS="3263" HPOS="201" CS="1">
<String CONTENT="xvi," HEIGHT="49" WIDTH="91" VPOS="3268" HPOS="201"/>
<SP HEIGHT="52" WIDTH="27" VPOS="3265" HPOS="293"/>
<String CONTENT="554" HEIGHT="44" WIDTH="82" VPOS="3265" HPOS="321"/>
<SP HEIGHT="52" WIDTH="22" VPOS="3267" HPOS="404"/>
<String CONTENT="p." HEIGHT="38" WIDTH="40" VPOS="3281" HPOS="427"/>
<SP HEIGHT="44" WIDTH="58" VPOS="3267" HPOS="468"/>
<String CONTENT="diagrs." HEIGHT="52" WIDTH="166" VPOS="3266" HPOS="527"/>
<SP HEIGHT="52" WIDTH="25" VPOS="3266" HPOS="694"/>
<String CONTENT="(part" HEIGHT="52" WIDTH="125" VPOS="3266" HPOS="720"/>
<SP HEIGHT="42" WIDTH="26" VPOS="3265" HPOS="846"/>
<String CONTENT="fold.)" HEIGHT="53" WIDTH="135" VPOS="3264" HPOS="873"/>
<SP HEIGHT="54" WIDTH="37" VPOS="3263" HPOS="1009"/>
<String CONTENT="forms" HEIGHT="45" WIDTH="143" VPOS="3263" HPOS="1047"/>
<SP HEIGHT="52" WIDTH="25" VPOS="3263" HPOS="1191"/>
<String CONTENT="(part" HEIGHT="53" WIDTH="126" VPOS="3263" HPOS="1217"/>
<SP HEIGHT="43" WIDTH="25" VPOS="3263" HPOS="1344"/>
<String CONTENT="fold.)" HEIGHT="52" WIDTH="135" VPOS="3263" HPOS="1370"/>
<SP HEIGHT="52" WIDTH="66" VPOS="3263" HPOS="1506"/>
<String CS="1" CONTENT="21&#189;" HEIGHT="41" WIDTH="24" VPOS="3264" HPOS="1573"/>
<String STYLE="superscript" CONTENT="cm" HEIGHT="17" WIDTH="45" VPOS="3266" HPOS="1661"/>
<String CONTENT="." HEIGHT="8" WIDTH="8" VPOS="3298" HPOS="1714"/>
</TextLine>
<TextLine HEIGHT="58" WIDTH="1695" VPOS="3318" HPOS="133" CS="1">
<String CONTENT="&#169;" HEIGHT="54" WIDTH="53" VPOS="3321" HPOS="133"/>
<SP HEIGHT="55" WIDTH="23" VPOS="3321" HPOS="187"/>
<String CONTENT="Jan." HEIGHT="52" WIDTH="99" VPOS="3324" HPOS="211"/>
<SP HEIGHT="42" WIDTH="21" VPOS="3323" HPOS="311"/>
<String CONTENT="20," HEIGHT="51" WIDTH="65" VPOS="3322" HPOS="333"/>
<SP HEIGHT="50" WIDTH="27" VPOS="3323" HPOS="399"/>
<String CONTENT="1926;" HEIGHT="53" WIDTH="129" VPOS="3321" HPOS="427"/>
<SP HEIGHT="52" WIDTH="25" VPOS="3322" HPOS="557"/>
<String CONTENT="2c." HEIGHT="43" WIDTH="65" VPOS="3322" HPOS="583"/>
<SP HEIGHT="27" WIDTH="24" VPOS="3337" HPOS="649"/>
<String CONTENT="and" HEIGHT="42" WIDTH="87" VPOS="3323" HPOS="674"/>
<SP HEIGHT="42" WIDTH="23" VPOS="3323" HPOS="762"/>
<String LANG="de" CONTENT="aff." HEIGHT="43" WIDTH="78" VPOS="3321" HPOS="786"/>
<SP HEIGHT="52" WIDTH="26" VPOS="3321" HPOS="865"/>
<String CONTENT="Jan." HEIGHT="52" WIDTH="99" VPOS="3321" HPOS="892"/>
<SP HEIGHT="44" WIDTH="23" VPOS="3320" HPOS="992"/>
<String CONTENT="25;" HEIGHT="54" WIDTH="78" VPOS="3318" HPOS="1016"/>
<SP HEIGHT="51" WIDTH="26" VPOS="3321" HPOS="1095"/>
<!-- cceid FA9F6A0F-6E1A-1014-9B7B-CA07F191E62B --><String CONTENT="A" HEIGHT="42" WIDTH="43" VPOS="3321" HPOS="1122"/>
<SP HEIGHT="45" WIDTH="25" VPOS="3321" HPOS="1166"/>
<String CONTENT="883019;" HEIGHT="52" WIDTH="189" VPOS="3320" HPOS="1192"/>
<SP HEIGHT="52" WIDTH="29" VPOS="3320" HPOS="1382"/>
<String CONTENT="A." HEIGHT="43" WIDTH="57" VPOS="3320" HPOS="1412"/>
<SP HEIGHT="44" WIDTH="24" VPOS="3320" HPOS="1470"/>
<String CONTENT="W." HEIGHT="44" WIDTH="76" VPOS="3320" HPOS="1495"/>
<SP HEIGHT="46" WIDTH="27" VPOS="3319" HPOS="1572"/>
<String CONTENT="Shaw" HEIGHT="46" WIDTH="137" VPOS="3319" HPOS="1600"/>
<SP HEIGHT="28" WIDTH="25" VPOS="3336" HPOS="1738"/>
<String LANG="ru" CONTENT="co." HEIGHT="28" WIDTH="64" VPOS="3336" HPOS="1764"/>
</TextLine>
<TextLine HEIGHT="56" WIDTH="241" VPOS="3378" HPOS="212">
<String CONTENT="(26-2619)" HEIGHT="56" WIDTH="241" VPOS="3378" HPOS="212"/>
</TextLine>
<TextLine HEIGHT="75" WIDTH="999" VPOS="3472" HPOS="134" STYLEREFS="StyleId-45241548-8A13-49F2-8A8B-7B3647A639C2-">
<String CONTENT="Bible." HEIGHT="58" WIDTH="194" VPOS="3476" HPOS="134"/>
<SP HEIGHT="58" WIDTH="75" VPOS="3478" HPOS="329"/>
<String CONTENT="Selections." HEIGHT="61" WIDTH="361" VPOS="3475" HPOS="405"/>
<SP HEIGHT="57" WIDTH="80" VPOS="3476" HPOS="767"/>
<String CONTENT="English." HEIGHT="75" WIDTH="285" VPOS="3472" HPOS="848"/>
</TextLine>
<TextLine HEIGHT="77" WIDTH="1911" VPOS="3562" HPOS="212" STYLEREFS="StyleId-F15DFE61-C3A5-49EA-8F70-04229606B8EB-">
<String CONTENT="The" HEIGHT="56" WIDTH="128" VPOS="3568" HPOS="212"/>
<SP HEIGHT="54" WIDTH="39" VPOS="3585" HPOS="341"/>
<String CONTENT="young" HEIGHT="54" WIDTH="213" VPOS="3585" HPOS="381"/>
<SP HEIGHT="74" WIDTH="40" VPOS="3565" HPOS="595"/>
<String CONTENT="folks" HEIGHT="57" WIDTH="164" VPOS="3565" HPOS="636"/>
<SP HEIGHT="57" WIDTH="40" VPOS="3565" HPOS="801"/>
<String CONTENT="Bible," HEIGHT="71" WIDTH="198" VPOS="3563" HPOS="842"/>
<SP HEIGHT="71" WIDTH="42" VPOS="3563" HPOS="1041"/>
<String CONTENT="from" HEIGHT="58" WIDTH="168" VPOS="3563" HPOS="1084"/>
<SP HEIGHT="55" WIDTH="38" VPOS="3565" HPOS="1253"/>
<String CONTENT="the" HEIGHT="57" WIDTH="104" VPOS="3563" HPOS="1292"/>
<SP HEIGHT="58" WIDTH="43" VPOS="3562" HPOS="1397"/>
<String CONTENT="American" HEIGHT="60" WIDTH="335" VPOS="3562" HPOS="1441"/>
<SP HEIGHT="39" WIDTH="42" VPOS="3583" HPOS="1777"/>
<String CONTENT="standard" HEIGHT="57" WIDTH="303" VPOS="3567" HPOS="1820"/>
</TextLine>
<TextLine HEIGHT="141" WIDTH="1965" VPOS="3640" HPOS="134" STYLEREFS="StyleId-F15DFE61-C3A5-49EA-8F70-04229606B8EB-" CS="1">
<String CONTENT="edition" HEIGHT="59" WIDTH="233" VPOS="3645" HPOS="137"/>
<SP HEIGHT="39" WIDTH="33" VPOS="3663" HPOS="371"/>
<String CONTENT="of" HEIGHT="57" WIDTH="65" VPOS="3645" HPOS="405"/>
<SP HEIGHT="56" WIDTH="34" VPOS="3645" HPOS="471"/>
<String CONTENT="the" HEIGHT="57" WIDTH="104" VPOS="3644" HPOS="506"/>
<SP HEIGHT="39" WIDTH="33" VPOS="3662" HPOS="611"/>
<String CONTENT="revised" HEIGHT="57" WIDTH="249" VPOS="3643" HPOS="645"/>
<SP HEIGHT="59" WIDTH="29" VPOS="3641" HPOS="895"/>
<String CONTENT="Bible," HEIGHT="72" WIDTH="196" VPOS="3641" HPOS="925"/>
<SP HEIGHT="52" WIDTH="36" VPOS="3661" HPOS="1122"/>
<String CONTENT="edited" HEIGHT="58" WIDTH="207" VPOS="3640" HPOS="1159"/>
<SP HEIGHT="57" WIDTH="30" VPOS="3641" HPOS="1367"/>
<String CONTENT="by" HEIGHT="74" WIDTH="84" VPOS="3641" HPOS="1398"/>
<SP HEIGHT="74" WIDTH="29" VPOS="3641" HPOS="1483"/>
<String CONTENT="Jennie" HEIGHT="59" WIDTH="227" VPOS="3641" HPOS="1513"/>
<SP HEIGHT="58" WIDTH="32" VPOS="3642" HPOS="1741"/>
<String CONTENT="Ellis" HEIGHT="59" WIDTH="160" VPOS="3642" HPOS="1774"/>
<SP HEIGHT="57" WIDTH="31" VPOS="3644" HPOS="1935"/>
<String CONTENT="Burdick" HEIGHT="137" WIDTH="1965" VPOS="3644" HPOS="134"/>
</TextLine>
<TextLine HEIGHT="75" WIDTH="1756" VPOS="3718" HPOS="367" STYLEREFS="StyleId-F15DFE61-C3A5-49EA-8F70-04229606B8EB-" CS="1">
<String CS="1" CONTENT="&#8230;"/>
<SP HEIGHT="60" WIDTH="71" VPOS="3722" HPOS="367"/>
<String CONTENT="New" HEIGHT="58" WIDTH="152" VPOS="3722" HPOS="439"/>
<SP HEIGHT="59" WIDTH="23" VPOS="3721" HPOS="592"/>
<String CONTENT="York," HEIGHT="72" WIDTH="191" VPOS="3721" HPOS="616"/>
<SP HEIGHT="73" WIDTH="31" VPOS="3720" HPOS="808"/>
<String CONTENT="The" HEIGHT="57" WIDTH="128" VPOS="3720" HPOS="840"/>
<SP HEIGHT="58" WIDTH="27" VPOS="3719" HPOS="969"/>
<String CONTENT="University" HEIGHT="71" WIDTH="372" VPOS="3719" HPOS="997"/>
<SP HEIGHT="53" WIDTH="29" VPOS="3737" HPOS="1370"/>
<String CONTENT="society," HEIGHT="73" WIDTH="251" VPOS="3718" HPOS="1400"/>
<SP HEIGHT="72" WIDTH="28" VPOS="3719" HPOS="1652"/>
<String CONTENT="incorporated" HEIGHT="73" WIDTH="442" VPOS="3719" HPOS="1681"/>
</TextLine>
<TextLine HEIGHT="73" WIDTH="201" VPOS="3803" HPOS="137" STYLEREFS="StyleId-F15DFE61-C3A5-49EA-8F70-04229606B8EB-">
<String CONTENT="[" HEIGHT="44" WIDTH="13" VPOS="3832" HPOS="137"/>
<String STYLE="superscript" CONTENT="c" HEIGHT="24" WIDTH="19" VPOS="3810" HPOS="151"/>
<String CONTENT="1925]" HEIGHT="72" WIDTH="164" VPOS="3803" HPOS="174"/>
</TextLine>
</TextBlock>
</PrintSpace>
</Page>
</Layout>
</alto>