2542 4285
1006 3960 112 58 401

82 347 199 70 Allen,
324 347 218 72 Henry
579 347 283 72 Willard,
906 350 187 56 1877-

160 438 293 57 Diseases
484 438 66 57 of
578 443 101 52 the
710 442 266 66 rectum;
1008 458 36 37 a
1074 439 183 71 guide
1289 442 62 53 to
1381 440 101 56 the
1517 441 185 69 study
1733 442 123 55 and
84 459 1951 113 practice

243 515 68 57 of
351 516 316 56 ambulant
707 516 382 71 proctology,
1129 516 82 70 by
1252 515 222 72 Henry
1511 516 96 57 W.
1649 516 202 72 Allen,
1951 564 10 10 M.
2045 565 11 11 D.

83 593 452 71 Philadelphia,
598 594 190 56 Press
853 593 67 57 of
981 592 713 73 Mitchell-Hunsberger
1757 612 300 54 company

98 670 184 72 [ c 1926]
154 762 76 43 148
254 776 41 37 p.
356 759 80 45 col.
464 760 149 53 front.,
641 761 141 52 plates
809 762 46 51 (1
883 761 108 52 col.)
1058 762 53 42 22
1119 763 46 17 cm
1171 797 8 7 .

152 831 307 43 “Interleaved
488 831 70 43 for
587 831 167 44 notes.”

76 897 54 53 ©
159 899 117 42 Mar.
307 899 60 51 16,
399 898 128 52 1926;
552 899 65 42 2c.
647 900 118 40 Mar.
796 899 74 51 19;
902 899 77 42 aff.
1008 899 110 51 Apr.
1149 897 48 53 5;
1228 899 43 41 A
1301 898 188 51 890218;
1522 899 60 42 H.
1612 899 74 44 W.

1716 899 148 51 Allen,
146 899 1895 107 Ridgefield,
314 953 138 44 Conn.
521 954 239 53 (26-8940)

76 1053 333 57 American
443 1052 466 74 gynecological
948 1051 248 74 society.

155 1143 1907 72 Transactions … v. 50, for the year 1925. Ed. by
76 1222 245 55 Arthur
356 1221 78 55 H.
482 1221 228 70 Curtis,
809 1267 9 9 M.
903 1268 10 10 D.
994 1219 453 73 Philadelphia,
1487 1220 278 57 William
1804 1220 60 58 J.
74 1221 1967 149 Dornan,
250 1301 163 54 1925.

212 1422 9 16 liii,
253 1386 81 44 317
367 1401 38 37 p.
467 1387 127 49 illus.,
628 1395 152 43 ports.,
814 1386 153 52 tables,
1003 1386 165 52 diagrs.
1227 1386 53 44 25
1289 1390 46 17 cm
1342 1422 8 7 .

75 1441 53 53 ©
157 1444 118 42 Mar.
304 1445 38 49 4,
376 1444 129 51 1926;
534 1444 63 42 2c.
628 1444 87 42 and
742 1444 78 42 aff.
854 1444 116 41 Mar.
1004 1444 73 50 11;
1109 1444 43 41 A
1182 1443 189 51 883999;
1403 1444 154 42 Amer.
1587 1441 338 54 gynecological
1957 1458 104 36 soc.,

147 1499 210 53 Chicago.

76 1597 282 57 Arabian
387 1596 228 73 nights.

152 1687 284 59 Arabian
499 1689 239 72 nights’
801 1689 136 58 love
1002 1692 177 67 tales,
1243 1688 150 58 with
1452 1689 423 58 introduction
1940 1693 123 55 and

77 1765 1983 74 notes … New York, J. H. Sears & company, inc. [ c 1926]
146 1841 631 54 9 p. l., [17]-250 p. 18 cm .
148 1899 315 45 Introduction
492 1900 182 51 signed:
704 1900 227 44 Hamblen
962 1899 148 47 Sears.

405 1955 165 45 CONTENTS.—The
598 1955 129 46 three
756 1956 256 45 calenders:
1041 1956 100 45 The
1171 1955 178 51 history
1375 1956 51 45 of
1454 1956 73 44 the
1558 1955 97 44 first
1686 1955 221 45 calender.
1963 1955 101 46 The

77 2007 175 58 history
278 2014 50 44 of
354 2014 75 44 the
456 2014 162 43 second
646 2012 224 44 calender.
930 2012 97 45 The
1054 2010 178 52 history
1258 2012 52 44 of
1334 2013 74 44 the
1435 2011 186 46 envious
1648 2027 101 28 man
1777 2013 88 42 and
1892 2012 52 44 of
1968 2012 94 44 him

77 2070 102 44 who
206 2085 93 29 was
327 2070 169 44 envied.
555 2068 100 47 The
680 2068 179 51 history
885 2068 53 45 of
967 2068 75 46 the
1069 2067 121 45 third
1215 2066 220 46 calender.
1495 2066 100 47 The
1623 2075 125 44 story
1773 2069 50 43 of
1850 2068 211 45 Zobeide.

77 2126 99 44 The
202 2126 147 45 history
407 2126 53 45 of
489 2124 611 45 Amina.—Camaralzaman
1128 2127 86 42 and
1243 2124 75 44 the
1348 2123 210 45 Princess
77 2123 1963 111 Badoura.—Schemselnihar,

316 2182 76 45 the
424 2181 194 44 favorite
650 2182 52 44 of
734 2183 72 43 the
839 2179 318 53 caliph.—The
1191 2179 89 45 fair
1315 2178 360 46 Persian.—The
1706 2181 170 50 sleeper
77 2182 1963 104 awakened.—Ganem,
475 2237 135 46 love’s
639 2240 134 43 slave.

72 2292 52 54 ©
156 2295 116 42 Mar.
308 2292 61 53 15,
403 2293 128 50 1926;
560 2293 64 42 2c.
656 2293 118 41 Mar.
808 2290 73 52 17;
914 2292 78 42 aff.
1023 2292 118 42 Mar.
1173 2292 76 51 22;
1282 2292 43 41 A
1356 2288 189 55 883745;
1578 2292 39 52 J.
1650 2291 61 43 H.
1748 2290 132 46 Sears
1913 2292 37 42 &
1979 2306 78 36 co.,

142 2350 80 43 inc.
288 2348 65 55 [©
391 2348 314 52 introduction]
777 2347 241 54 (26-8864)

73 2447 210 71 Ardel,
325 2446 213 72 Henri,
580 2449 187 56 1863-

219 2535 1839 74 … Al volver (novela traducida del franeés) cubierta en
76 2618 256 70 colores,
370 2618 73 55 de
480 2616 330 72 Longoria.
896 2614 270 73 Madrid,
1207 2614 305 58 Sociedad
1549 2615 252 72 general
1839 2615 74 57 de
75 2632 1959 122 publicaciones
473 2724 13 43 [
486 2702 20 22 c
510 2695 162 71 1924]

138 2772 81 46 297
244 2789 38 37 p.
343 2773 52 43 20
403 2776 45 16 cm
455 2810 8 8 .

71 2824 1966 113 © Jan. 1, 1925; 1c. Nov. 16; A—Foreign 30365; Sociedad general de publicaciones. (26-9406)
71 2983 217 72 Ayres,
333 2982 183 74 Ruby
555 2981 288 58 Mildred.

146 3074 242 71 Wynne
424 3073 66 57 of
522 3072 452 58 Windwhistle.

144 3150 79 50 (In
258 3151 224 41 Pictorial
513 3150 255 51 magazine,
805 3150 105 41 Feb.
947 3153 66 47 20,
1050 3149 127 50 1926)

70 3203 1989 54 © 1c. Mar. 3, 1926; A ad int. 8036; pubd. Feb. 16; Ruby Mildred Pocock,
141 3263 213 50 Harrow,
394 3261 272 51 Middlesex,
703 3259 220 54 England.

223 3360 532 74 Wynne of Windwhistle. [5 instalments]
144 3452 80 50 (In
250 3451 223 41 Pictorial
501 3451 254 50 magazine,
781 3451 107 50 Jan.
918 3455 63 44 16,
1008 3454 66 46 23,
1102 3454 66 46 30,
1197 3450 107 41 Feb.
1332 3454 38 46 6,
1399 3454 64 46 13,
1492 3449 127 51 1926)

71 3502 1985 55 © 1c. each Mar. 3, 1926; A ad int. 7810-7814; pubd. Jan. 12, 19, 26, Feb.
138 3562 39 51 2,
216 3562 49 51 9;
306 3562 131 52 Ruby
476 3562 199 42 Mildred
714 3562 192 50 Pocock,
949 3559 248 53 Sheepcote
1235 3561 142 50 Road,
1416 3560 215 52 Harrow,
1669 3559 221 53 England.

77 3715 250 73 Baring,
363 3718 162 55 Hon.
561 3714 294 68 Maurice,
896 3717 189 57 1874-

210 3801 1831 78 … Triangel, ein roman im dreieck. Berlin [etc.] P.
72 3884 283 56 Zsolnay.
395 3883 163 57 1926.
