2542 4285
1019 4025 146 56 1219

104 384 281 69 Seaman,
422 385 134 55 Mrs
562 428 10 10 .
608 381 290 72 Augusta
940 376 269 75 (Huiell)
1254 379 189 58 1879-

181 487 127 56 The
338 487 199 56 secret
566 484 65 57 of
662 484 153 56 Tate
832 485 46 55 ’s
907 482 207 73 beach,
1144 481 84 71 by
1252 481 290 71 Augusta
1571 478 214 57 Huiell
1814 477 268 60 Seaman

172 555 1908 77 … illustrated by C. M. Relyea. New York & London,
105 642 127 56 The
267 639 278 71 Century
574 656 84 39 co.
693 667 14 43 [
708 645 20 22 c
731 639 146 55 1926]

171 715 74 53 vii,
277 715 80 44 306
390 729 38 38 p.
490 714 147 50 front.,
673 713 154 53 plates.
894 712 49 44 19
949 715 47 18 cm
1002 745 11 9 .
1125 710 123 55 $1.75

98 771 55 54 ©
180 774 100 43 Oct.
311 773 62 50 12,
404 772 129 51 1926;
559 772 64 42 2c.
650 771 86 42 and
762 770 78 43 aff.
871 770 100 43 Oct.
1002 770 75 51 19;
1106 769 44 43 A
1177 766 189 54 949605;
1398 766 199 54 Century
1624 781 64 30 co.

178 828 268 55 (26-18166)

104 927 343 74 Sedgwick,
486 927 217 73 Henry
735 925 271 74 Dwight,
1042 928 190 56 1861-

169 1017 219 59 Cortes
424 1018 104 60 the
565 1035 361 54 conqueror,
965 1016 105 59 the
1109 1015 268 73 exploits
1417 1013 68 59 of
1523 1015 104 57 the
1668 1013 255 63 earliest
1962 1015 123 57 and

94 1098 280 69 greatest
405 1094 68 58 of
501 1094 101 58 the
633 1094 350 72 gentlemen
1015 1093 414 59 adventurers
1460 1091 65 57 in
1554 1092 103 58 the
1690 1092 151 58 New
1871 1092 213 71 world,

95 1168 1991 76 by Henry Dwight Sedgwick … Indianapolis, The Bobbs-
95 1248 245 58 Merrill
366 1267 305 54 company
698 1277 14 44 [
714 1256 19 23 c
736 1249 164 72 1926]

167 1322 1919 56 5 p. l., 390 p. front., plates, ports., maps, double plan, facsims. 22½ cm .
167 1379 316 45 “Authorities
510 1379 291 45 consulted”:
830 1396 39 37 p.
897 1379 204 45 380-383.

101 1436 53 54 ©
185 1439 101 43 Oct.
321 1439 62 50 19,
418 1438 127 51 1926;
577 1438 63 44 2c.
674 1438 99 43 Oct.
804 1436 77 54 25;
914 1438 78 42 aff.
1027 1438 100 43 Oct.
1157 1438 79 52 23;
1271 1437 44 43 A
1346 1436 190 53 949708;
1572 1436 359 45 Bobbs-Merrill
1961 1451 67 29 co.

180 1494 268 55 (26-18694)

103 1593 184 74 Seitz,
321 1595 139 57 Don
495 1594 230 69 Carlos,
762 1598 189 56 1862-

179 1683 127 58 The
342 1688 179 68 great
553 1683 235 72 island;
828 1704 166 41 some
1031 1684 433 59 observations
1503 1684 65 57 in
1603 1685 125 58 and
1763 1685 188 57 about
1986 1686 104 57 the

101 1760 1989 75 crown colony of Newfoundland, by Don C. Seitz … New
101 1839 171 57 York
298 1838 49 59 &
371 1839 274 72 London,
679 1840 128 57 The
841 1838 279 74 Century
1147 1860 85 37 co.
1266 1868 14 44 [
1281 1851 19 20 c
1303 1841 165 72 1926]

169 1929 1302 56 xii, 251 p. front. (port.) plates. 20½ cm . $3.00
96 2000 56 53 ©
180 2003 100 43 Oct.
311 2002 60 52 12,
403 2001 128 52 1926;
558 2002 63 43 2c.
649 2003 87 42 and
762 2002 77 43 aff.
870 2003 101 43 Oct.
1002 2002 75 51 19;
1106 2002 44 42 A
1177 2001 190 53 949601;
1398 1999 201 55 Century
1627 2016 63 29 co.

177 2058 269 55 (26-18141)

103 2158 443 74 Shakespeare,
585 2158 295 73 William,
920 2162 356 56 1564-1616.

248 2249 1837 76 … Measure for measure, edited by Willard Higley
104 2328 298 58 Durham.
486 2329 150 57 New
677 2330 242 73 Haven,
962 2330 158 59 Yale
1160 2328 354 75 university
1553 2348 211 54 press;
1806 2330 278 73 London,

102 2408 78 57 H.
217 2408 282 71 Milford,
534 2407 241 59 Oxford
806 2409 353 72 university
1188 2428 200 54 press,
1425 2410 165 57 1926.

170 2498 1681 57 4 p. l., 137 p. illus. (facsim.) 17½ cm . (The Yale Shakespeare)
170 2570 325 55 “Suggestions
529 2571 70 45 for
631 2571 232 45 collateral
893 2570 238 56 reading”:
1161 2587 41 38 p.
1237 2573 108 47 [131]

97 2638 55 54 ©
191 2641 101 43 Oct.
330 2641 38 52 8,
408 2641 128 52 1926;
575 2641 64 43 2c.
681 2642 101 43 Oct.
825 2641 73 52 16;
939 2640 77 45 aff.
1058 2642 102 43 Oct.
1204 2642 73 52 13;
1320 2641 44 43 A
1404 2640 190 54 949567;
1635 2641 115 44 Yale
1787 2642 119 43 univ.
1945 2655 138 38 press.

173 2696 66 55 [©
272 2698 183 53 editing]
526 2698 268 54 (26-18132)

248 2799 1836 75 … The tragedy of Titus Andronicus, edited by A. M.
102 2876 464 73 Witherspoon.
642 2878 151 57 New
828 2879 241 72 Haven,
1103 2878 157 58 Yale
1292 2876 351 75 university
1678 2896 212 55 press;
104 2877 1958 152 London,

274 2956 77 57 H.
389 2955 279 75 Milford,
703 2956 243 59 Oxford
975 2957 355 73 university
1358 2976 201 55 press,
1592 2958 164 56 1926.

170 3045 1462 58 4 p. l., 156 p. facsim. 17½ cm . (The Yale Shakespeare)
171 3116 326 55 “Suggestions
528 3119 71 44 for
630 3117 231 46 collateral
893 3118 240 55 reading”:
1165 3137 38 37 p.
1239 3119 235 49 [148]-150.

101 3185 53 54 ©
195 3188 100 46 Oct.
335 3188 37 51 8,
413 3188 106 44 1926
533 3203 9 37 ;
580 3189 64 42 2c.
684 3190 101 43 Oct.
827 3188 75 53 16;
944 3189 78 43 aff.
1064 3190 101 43 Oct.
1208 3190 73 51 13;
1324 3190 43 42 A
1405 3187 189 54 949566;
1634 3188 115 44 Yale
1787 3189 118 43 univ.
1947 3202 139 38 press.

184 3243 57 53 [©
270 3246 183 52 editing]
523 3246 268 54 (26-18133)

104 3343 323 71 Shattuck,
468 3345 239 74 George
747 3346 289 69 Cheever,
1078 3349 189 57 1879-

173 3434 351 74 Principles
570 3439 67 57 of
681 3438 264 61 medical
992 3443 355 69 treatment,
1393 3441 84 71 by
1524 3439 239 73 George
1813 3438 275 60 Cheever

100 3515 1988 74 Shattuck … 6th ed., rev. and enl. With contributions
98 3591 1990 76 by the following authors: Joseph C. Aub … Gerald Blake
168 3668 1918 79 … John B. Hawes … Charles H. Lawrence … George R.
99 3746 1920 65 Minot … Edwin H. Place … Francis M. Rackemann …
100 3825 1988 77 Benjamin H. Ragle … C. Morton Smith … Cambridge,
100 3904 300 59 Harvard
434 3902 351 75 university
816 3924 201 53 press,
1054 3906 164 59 1926.
