2542 4285
1253 3951 112 58 958

299 332 187 72 Gray,
526 330 147 57 Carl
709 327 297 61 William.

377 412 1847 77 Fundamentals of chemistry, by Carl William Gray …
304 491 1989 71 Claude W. Sandifur … Howard J. Hanna … Boston,
300 577 152 57 New
484 574 173 57 York
694 575 147 69 [etc.]
880 572 344 71 Houghton
1261 569 216 58 Mifflin
1513 587 304 54 company
1858 597 14 44 [
1872 576 20 23 c
1896 568 164 73 1926]

369 650 62 53 ix,
457 650 84 45 456
564 664 41 39 p.
659 649 132 51 illus.,
881 682 9 17 pl.,
920 654 156 47 ports.,
1104 647 157 53 tables,
1289 646 171 53 diagrs.
1519 647 51 44 19½
1605 648 46 17 cm
1657 680 9 10 .

370 705 146 45 Table
545 721 58 28 on
634 705 324 53 lining-paper.

303 761 53 54 ©
386 764 118 52 Aug.
533 762 65 53 25,
632 763 129 52 1926;
791 763 64 43 2c.
886 762 87 43 and
1002 762 77 42 aff.
1110 761 119 52 Aug.
1259 761 77 51 30;
1368 762 44 41 A
1442 757 189 55 901658;
1666 758 48 45 C.
1745 759 75 45 W.
1854 759 135 53 Gray,
2022 758 169 46 Claude
2218 759 75 45 W.

376 820 228 52 Sandifur,
638 820 208 43 Howard
875 820 39 51 J.
949 820 181 51 Hanna,
1164 819 87 43 Los
1284 817 212 54 Angeles.
1566 814 270 57 (26-15285)

301 908 187 72 Gray,
528 907 214 73 Harry
779 905 64 58 C.

375 997 61 56 A
486 995 351 59 condensed
888 994 435 73 compendium
1373 993 69 58 of
1490 992 531 74 pharmaceutical
300 992 1974 153 knowledge;

509 1070 1568 75 a quiz book, by H. C. Gray … revised by A. D.
300 1070 1997 151 Thorburn … 16th ed., rev. to conform with the United States
301 1227 546 74 pharmacopoeia,
897 1228 176 57 tenth
1124 1226 323 59 decennial
1497 1226 277 58 revision
1826 1227 124 57 and
2000 1225 300 60 National

302 1307 372 72 formulary,
717 1305 147 57 fifth
906 1304 253 59 edition.
1244 1305 321 71 Designed
1608 1304 103 57 for
1754 1304 104 58 the
1901 1323 111 40 use
2061 1303 68 58 of
303 1307 1973 135 students
531 1382 66 58 of

640 1383 344 72 pharmacy
1026 1381 350 73 preparing
1416 1383 375 56 themselves
1837 1382 103 57 for
304 1381 1971 137 examination
465 1461 64 56 in
561 1460 265 71 colleges

860 1461 69 56 of
958 1460 362 72 pharmacy,
1354 1462 125 57 and
1508 1460 218 58 before
1759 1459 105 59 the
303 1460 1974 137 pharmaceutical
477 1538 357 71 examining

860 1536 1440 74 boards of the various states … Chicago,
303 1616 116 73 Ill.,
448 1617 82 56 M.
559 1617 82 55 M.
673 1616 172 71 Gray
871 1618 47 55 &
945 1636 108 50 co.,
1082 1615 166 59 1926.

373 1692 94 52 284,
500 1692 51 46 [4]
582 1706 39 39 p.
686 1691 50 44 17
743 1694 46 17 cm
797 1727 7 7 .

305 1747 53 53 ©
389 1750 120 51 Aug.
545 1748 60 51 15,
642 1749 129 51 1926;
801 1749 65 42 2c.
898 1749 121 52 Aug.
1049 1748 78 52 26;
1162 1749 77 42 aff.
1274 1749 120 52 Aug.
1425 1748 78 53 25;
1538 1750 44 41 A
1614 1747 189 55 897967;
1838 1749 189 53 Maggie
2062 1749 65 43 M.
2163 1749 134 52 Gray,

378 1805 211 53 Chicago.
658 1804 271 55 (26-15296)

307 1890 325 72 Griswold,
667 1891 217 57 Frank
915 1892 184 72 Gray,
1138 1894 189 56 1854-

379 1984 240 58 Horses
657 1987 124 57 and
811 1984 264 72 hounds,
1109 1985 427 59 recollections
1573 1988 67 57 of
1673 1987 216 56 Frank
1923 1987 173 72 Gray
303 1984 1973 137 Griswold.

562 2063 153 57 New
738 2063 190 72 York,
956 2062 321 73 Dutton’s,
1306 2065 166 58 1926.

375 2139 1170 54 v p., 2 l., 3-275 p. col. front., plates. 19½ cm .
378 2198 174 45 “Three
583 2197 206 46 hundred
822 2195 150 52 copies
1008 2199 50 42 of
1089 2197 89 46 this
1212 2199 180 44 volume
1422 2200 114 44 have
1568 2202 110 43 been
1709 2197 134 48 made
1872 2202 58 49 by
1962 2200 77 45 the
2071 2199 231 53 Plimpton

307 2268 140 38 press,
478 2255 250 50 Norwood,
760 2255 156 51 Mass.,
947 2255 58 43 U.
1038 2252 45 48 S.
1113 2256 71 50 A.,
1214 2256 53 45 of
1297 2254 148 45 which
1475 2264 92 36 two
1596 2256 209 46 hundred
1834 2255 88 46 and
1953 2257 105 52 fifty
2087 2258 111 51 only
2225 2272 78 29 are

308 2311 75 45 for
410 2310 106 46 sale.
575 2309 100 46 The
702 2318 107 44 type
832 2310 80 46 has
941 2311 110 44 been
1076 2310 313 45 distributed.”

309 2364 52 53 ©
394 2366 120 51 Aug.
546 2364 67 52 27,
651 2365 128 51 1926;
816 2365 63 43 2c.
916 2366 87 42 and
1037 2365 77 43 aff.
1152 2365 119 52 Aug.
1304 2365 78 53 28;
1419 2365 44 43 A
1499 2366 186 53 901629;
1726 2366 49 44 F.
1816 2367 50 45 G.
1904 2367 242 52 Griswold,
2183 2368 119 45 New

378 2423 141 43 York.
589 2421 271 55 (26-15280)

307 2508 165 69 Hall,
515 2509 212 58 James
769 2509 295 72 Norman,
1108 2512 190 57 1887-

389 2600 1843 74 On the stream of travel, by James Norman Hall …
307 2678 239 57 Boston
582 2680 124 57 and
737 2679 152 56 New
920 2680 190 70 York,
1145 2679 344 71 Houghton
1522 2680 215 58 Mifflin
1772 2701 324 49 company,
2131 2685 166 56 1926.

376 2756 534 54 6 p. l., 365 p. 21 cm .
311 2811 52 53 ©
399 2812 119 53 Aug.
558 2814 61 49 13,
661 2812 129 53 1926;
827 2813 63 43 2c.
928 2814 88 43 and
1050 2814 78 42 aff.
1168 2813 118 53 Aug.
1329 2813 73 54 16;
1442 2814 44 43 A
1522 2813 189 55 897837;
1749 2816 41 52 J.
1829 2816 60 43 N.
1929 2816 123 52 Hall,
2094 2817 209 53 Papeete,

379 2869 167 53 Tahiti,
587 2870 183 53 Society
808 2870 188 44 Islands.
1067 2870 270 55 (26-15234)

309 2956 269 73 Harrod,
612 2958 151 56 Mrs.
802 2956 272 57 Frances
1119 2956 670 75 (Forbes-Robertson)

386 3051 128 58 The
582 3047 394 75 triumphant
1042 3050 191 73 rider,
1299 3054 84 70 by
1447 3053 152 57 Mrs.
1667 3053 259 59 Harrod
2000 3053 303 73 (Frances

310 3128 650 72 Forbes-Robertson)
1070 3129 153 57 New
1286 3130 191 71 York,
1541 3128 162 59 Boni
1771 3131 123 57 and
1959 3131 346 74 Liveright,

310 3208 165 56 1926.

380 3283 357 52 319 p. 19½ cm .
312 3336 53 54 ©
398 3338 117 53 Aug.
548 3337 67 53 25,
652 3338 129 52 1926;
812 3338 66 44 2c.
911 3339 119 52 Aug.
1065 3339 77 52 31;
1177 3340 79 43 aff.
1294 3338 121 54 Sept.
1446 3340 50 53 2;
1530 3341 44 43 A
1608 3341 188 54 901720;
1835 3343 115 44 Boni
1985 3344 37 44 &
2055 3342 247 56 Liveright,

383 3396 81 43 inc.
534 3395 269 54 (26-15265)

312 3481 331 72 Harwood,
685 3481 219 74 Henry
940 3481 341 59 Hamilton,

385 3557 191 58 What
613 3578 218 40 causes
869 3578 220 38 cancer?
1203 3560 129 57 Are
1371 3561 103 57 the
1513 3561 208 72 views,
1760 3562 104 59 the
1903 3563 295 73 theories,
2238 3566 67 57 of

310 3635 415 71 Hutchinson,
758 3635 340 73 Baronaki,
1134 3637 346 77 Cresswell,
1519 3639 198 72 Crow,
1750 3640 340 73 Robinson,
2123 3643 183 74 Ross,

310 3712 205 71 Drew,
543 3713 190 71 Lane,
761 3718 240 54 correct
1031 3717 124 57 and
1186 3716 69 56 of
1281 3716 184 57 value
1494 3717 104 57 for
1627 3718 103 57 the
1759 3718 391 72 prevention,
2182 3723 123 57 and

312 3788 104 58 the
454 3793 338 54 treatment
833 3791 69 56 of
940 3811 220 38 cancer?
1275 3793 60 56 A
1377 3794 188 72 study
1603 3795 82 72 by
1722 3795 80 57 H.
1841 3795 82 57 H.
1966 3796 337 58 Harwood.

311 3865 364 74 Richmond,
706 3867 114 59 Va.
858 3898 14 43 [
875 3877 18 22 c
896 3869 165 73 1926]
