<alto xmlns="http://www.loc.gov/standards/alto/ns-v3#" xmlns:xlink="http://www.w3.org/1999/xlink" xmlns:xsi="http://www.w3.org/2001/XMLSchema-instance" xsi:schemaLocation="http://www.loc.gov/standards/alto/ns-v3# http://www.loc.gov/alto/v3/alto-3-0.xsd"><Description>
<MeasurementUnit>pixel</MeasurementUnit>
<sourceImageInformation>
<fileName>1926_v23_Part001.pdf</fileName>
</sourceImageInformation>
<OCRProcessing ID="IdOcr">
<ocrProcessingStep>
<processingDateTime>2019-04-10</processingDateTime>
<processingSoftware>
<softwareCreator>ABBYY</softwareCreator>
<softwareName>ABBYY Recognition Server</softwareName>
<softwareVersion>4.0</softwareVersion>
</processingSoftware>
</ocrProcessingStep>
</OCRProcessing>
</Description>
<Styles>
<ParagraphStyle ID="StyleId-FFFFFFFF-FFFF-FFFF-FFFF-FFFFFFFFFFFF-" ALIGN="Left" LEFT="0." RIGHT="0." FIRSTLINE="0."/>
<ParagraphStyle ID="StyleId-22C3EA86-D171-42E2-A7D2-9A866F7D91F9-" ALIGN="Left" LEFT="0." RIGHT="0." FIRSTLINE="0." LINESPACE="8.300000191"/>
<ParagraphStyle ID="StyleId-E3FA4CC6-F5E5-41CA-B4C4-90085BF71B6C-" ALIGN="Block" LEFT="0." RIGHT="0." FIRSTLINE="-14." LINESPACE="8.050000191"/>
<ParagraphStyle ID="StyleId-41118DB3-028A-4115-95B3-BB512DD0EDAE-" ALIGN="Left" LEFT="0." RIGHT="0." FIRSTLINE="-13." LINESPACE="13.30000019"/>
<ParagraphStyle ID="StyleId-A2FB4C2B-BF87-45AD-9689-33B0118FBFC1-" ALIGN="Block" LEFT="0." RIGHT="0." FIRSTLINE="-14." LINESPACE="11.06999969"/>
<ParagraphStyle ID="StyleId-BBBA7B5D-FE2B-4BC7-AC7D-F142900C21B8-" ALIGN="Block" LEFT="0." RIGHT="0." FIRSTLINE="0." LINESPACE="8.899999619"/>
<ParagraphStyle ID="StyleId-3CEA3EEE-4341-4E33-9EF0-A9438AB90A9B-" ALIGN="Center" LEFT="0." RIGHT="0." FIRSTLINE="0." LINESPACE="12.19999981"/>
<ParagraphStyle ID="StyleId-817955BE-3120-4B53-BBD3-920BAE733BFF-" ALIGN="Left" LEFT="0." RIGHT="0." FIRSTLINE="0." LINESPACE="12.19999981"/>
<ParagraphStyle ID="StyleId-456A266C-F799-486A-ACB1-75B61E9815AB-" ALIGN="Left" LEFT="0." RIGHT="0." FIRSTLINE="-13." LINESPACE="8.18999958"/>
<ParagraphStyle ID="StyleId-6A1E9ED6-E5EA-4E31-BD5A-88089B8D7134-" ALIGN="Right" LEFT="0." RIGHT="0." FIRSTLINE="0." LINESPACE="7.699999809"/>
<ParagraphStyle ID="StyleId-C11ABF73-04BC-4F6E-B7E4-01FCA3A26756-" ALIGN="Left" LEFT="0." RIGHT="0." FIRSTLINE="-13." LINESPACE="12.19999981"/>
<ParagraphStyle ID="StyleId-662CF6CF-DB5F-40BE-AD24-E877ED82DD6F-" ALIGN="Block" LEFT="0." RIGHT="0." FIRSTLINE="-14." LINESPACE="11.06999969"/>
<ParagraphStyle ID="StyleId-9361006B-74B5-41BD-BFD3-03318AD64910-" ALIGN="Left" LEFT="0." RIGHT="0." FIRSTLINE="0." LINESPACE="8.899999619"/>
</Styles>
<Layout>
<Page ID="Page1457" PHYSICAL_IMG_NR="1457" HEIGHT="4285" WIDTH="2542">
<TopMargin HEIGHT="378" WIDTH="2542" VPOS="0" HPOS="0">
</TopMargin>
<LeftMargin HEIGHT="3595" WIDTH="120" VPOS="378" HPOS="0">
</LeftMargin>
<RightMargin HEIGHT="3595" WIDTH="332" VPOS="378" HPOS="2210">
</RightMargin>
<BottomMargin HEIGHT="312" WIDTH="2542" VPOS="3973" HPOS="0">
<TextBlock ID="Page1457_Block1" HEIGHT="114" WIDTH="407" VPOS="4006" HPOS="1035" LANG="en-US" STYLEREFS="StyleId-A775AC1F-A3FC-4717-A835-CA72E330C65A-">
<TextLine HEIGHT="56" WIDTH="147" VPOS="4006" HPOS="1078">
<String CONTENT="1457" HEIGHT="56" WIDTH="147" VPOS="4006" HPOS="1078"/>
</TextLine>
</TextBlock>
</BottomMargin>
<PrintSpace HEIGHT="3595" WIDTH="2090" VPOS="378" HPOS="120">
<TextBlock ID="Page1457_Block2" HEIGHT="3595" WIDTH="2090" VPOS="378" HPOS="120" LANG="en-US" CS="1" STYLEREFS="StyleId-8C0F60D4-699E-47A6-ABF0-764FF57532C2-">
<TextLine HEIGHT="74" WIDTH="1239" VPOS="390" HPOS="157" STYLEREFS="StyleId-A85BB32B-05CC-48A6-8C41-D4E7967C5864-">
<String LANG="la" CONTENT="American" HEIGHT="57" WIDTH="332" VPOS="392" HPOS="157"/>
<SP HEIGHT="39" WIDTH="30" VPOS="409" HPOS="490"/>
<String LANG="en-US" CONTENT="society" HEIGHT="73" WIDTH="234" VPOS="391" HPOS="521"/>
<SP HEIGHT="57" WIDTH="27" VPOS="407" HPOS="756"/>
<String LANG="en-US" CONTENT="of" HEIGHT="57" WIDTH="66" VPOS="390" HPOS="784"/>
<SP HEIGHT="56" WIDTH="28" VPOS="390" HPOS="851"/>
<String LANG="en-US" CONTENT="civil" HEIGHT="57" WIDTH="145" VPOS="390" HPOS="880"/>
<SP HEIGHT="56" WIDTH="30" VPOS="391" HPOS="1026"/>
<String LANG="en-US" CONTENT="engineers." HEIGHT="58" WIDTH="339" VPOS="404" HPOS="1057"/>
</TextLine>
<TextLine HEIGHT="73" WIDTH="1907" VPOS="478" HPOS="237" STYLEREFS="StyleId-2B6F114D-1C95-4577-9625-503D344444BC-">
<String CONTENT="Transactions" HEIGHT="56" WIDTH="443" VPOS="481" HPOS="237"/>
<SP HEIGHT="38" WIDTH="26" VPOS="499" HPOS="681"/>
<String CONTENT="of" HEIGHT="55" WIDTH="67" VPOS="481" HPOS="708"/>
<SP HEIGHT="56" WIDTH="23" VPOS="481" HPOS="776"/>
<String CONTENT="the" HEIGHT="56" WIDTH="102" VPOS="481" HPOS="800"/>
<SP HEIGHT="56" WIDTH="27" VPOS="480" HPOS="903"/>
<String CONTENT="American" HEIGHT="58" WIDTH="332" VPOS="479" HPOS="931"/>
<SP HEIGHT="37" WIDTH="28" VPOS="499" HPOS="1264"/>
<String CONTENT="society" HEIGHT="72" WIDTH="232" VPOS="479" HPOS="1293"/>
<SP HEIGHT="52" WIDTH="25" VPOS="499" HPOS="1526"/>
<String CONTENT="of" HEIGHT="56" WIDTH="68" VPOS="480" HPOS="1552"/>
<SP HEIGHT="56" WIDTH="23" VPOS="480" HPOS="1621"/>
<String CONTENT="civil" HEIGHT="57" WIDTH="145" VPOS="479" HPOS="1645"/>
<SP HEIGHT="57" WIDTH="23" VPOS="480" HPOS="1791"/>
<String CONTENT="engineers" HEIGHT="73" WIDTH="329" VPOS="478" HPOS="1815"/>
</TextLine>
<TextLine HEIGHT="73" WIDTH="1914" VPOS="556" HPOS="225" STYLEREFS="StyleId-2B6F114D-1C95-4577-9625-503D344444BC-" CS="1">
<String CS="1" CONTENT="&#8230;"/>
<SP HEIGHT="39" WIDTH="71" VPOS="577" HPOS="225"/>
<String LANG="la" CONTENT="v." HEIGHT="37" WIDTH="54" VPOS="577" HPOS="297"/>
<SP HEIGHT="54" WIDTH="32" VPOS="560" HPOS="352"/>
<String CONTENT="89,1926." HEIGHT="70" WIDTH="281" VPOS="559" HPOS="385"/>
<SP HEIGHT="55" WIDTH="68" VPOS="558" HPOS="667"/>
<String CONTENT="Ed." HEIGHT="55" WIDTH="113" VPOS="558" HPOS="736"/>
<SP HEIGHT="55" WIDTH="31" VPOS="558" HPOS="850"/>
<String CONTENT="by" HEIGHT="70" WIDTH="80" VPOS="558" HPOS="882"/>
<SP HEIGHT="69" WIDTH="26" VPOS="559" HPOS="963"/>
<String CONTENT="the" HEIGHT="57" WIDTH="101" VPOS="557" HPOS="990"/>
<SP HEIGHT="37" WIDTH="31" VPOS="577" HPOS="1092"/>
<String CONTENT="secretary" HEIGHT="68" WIDTH="320" VPOS="560" HPOS="1124"/>
<SP HEIGHT="53" WIDTH="31" VPOS="575" HPOS="1445"/>
<String CS="1" CONTENT="&#8230;"/>
<SP HEIGHT="57" WIDTH="70" VPOS="556" HPOS="1539"/>
<String CONTENT="New" HEIGHT="57" WIDTH="151" VPOS="556" HPOS="1610"/>
<SP HEIGHT="56" WIDTH="26" VPOS="556" HPOS="1762"/>
<String CONTENT="York," HEIGHT="73" WIDTH="189" VPOS="556" HPOS="1789"/>
<SP HEIGHT="72" WIDTH="31" VPOS="557" HPOS="1979"/>
<String CONTENT="The" HEIGHT="56" WIDTH="128" VPOS="557" HPOS="2011"/>
</TextLine>
<TextLine HEIGHT="72" WIDTH="462" VPOS="635" HPOS="160" STYLEREFS="StyleId-2B6F114D-1C95-4577-9625-503D344444BC-">
<String CONTENT="Society," HEIGHT="72" WIDTH="265" VPOS="635" HPOS="160"/>
<SP HEIGHT="70" WIDTH="34" VPOS="637" HPOS="426"/>
<String CONTENT="1926." HEIGHT="54" WIDTH="161" VPOS="637" HPOS="461"/>
</TextLine>
<TextLine HEIGHT="54" WIDTH="1865" VPOS="710" HPOS="225">
<String CONTENT="xiv," HEIGHT="52" WIDTH="91" VPOS="711" HPOS="225"/>
<SP HEIGHT="50" WIDTH="28" VPOS="713" HPOS="317"/>
<String CONTENT="1771" HEIGHT="44" WIDTH="99" VPOS="710" HPOS="346"/>
<SP HEIGHT="49" WIDTH="28" VPOS="713" HPOS="446"/>
<String CONTENT="p." HEIGHT="37" WIDTH="38" VPOS="725" HPOS="475"/>
<SP HEIGHT="37" WIDTH="58" VPOS="725" HPOS="514"/>
<String CONTENT="plates," HEIGHT="51" WIDTH="152" VPOS="711" HPOS="573"/>
<SP HEIGHT="35" WIDTH="27" VPOS="726" HPOS="726"/>
<String CONTENT="maps" HEIGHT="37" WIDTH="125" VPOS="725" HPOS="754"/>
<SP HEIGHT="52" WIDTH="35" VPOS="712" HPOS="880"/>
<String CONTENT="(part" HEIGHT="52" WIDTH="124" VPOS="712" HPOS="916"/>
<SP HEIGHT="44" WIDTH="26" VPOS="710" HPOS="1041"/>
<String CONTENT="fold.)" HEIGHT="53" WIDTH="134" VPOS="710" HPOS="1068"/>
<SP HEIGHT="52" WIDTH="34" VPOS="711" HPOS="1203"/>
<String CONTENT="tables," HEIGHT="52" WIDTH="156" VPOS="710" HPOS="1238"/>
<SP HEIGHT="51" WIDTH="25" VPOS="711" HPOS="1395"/>
<String CONTENT="diagrs." HEIGHT="52" WIDTH="164" VPOS="711" HPOS="1421"/>
<SP HEIGHT="52" WIDTH="26" VPOS="711" HPOS="1586"/>
<String CONTENT="(part" HEIGHT="52" WIDTH="125" VPOS="711" HPOS="1613"/>
<SP HEIGHT="42" WIDTH="27" VPOS="712" HPOS="1739"/>
<String CONTENT="fold.)" HEIGHT="54" WIDTH="133" VPOS="710" HPOS="1767"/>
<SP HEIGHT="54" WIDTH="65" VPOS="710" HPOS="1901"/>
<String CONTENT="23" HEIGHT="45" WIDTH="53" VPOS="710" HPOS="1967"/>
<String STYLE="superscript" CONTENT="cm" HEIGHT="17" WIDTH="46" VPOS="714" HPOS="2028"/>
<String CONTENT="." HEIGHT="8" WIDTH="9" VPOS="745" HPOS="2081"/>
</TextLine>
<TextLine HEIGHT="55" WIDTH="1984" VPOS="766" HPOS="157">
<String CONTENT="&#169;" HEIGHT="53" WIDTH="52" VPOS="767" HPOS="157"/>
<SP HEIGHT="53" WIDTH="31" VPOS="767" HPOS="210"/>
<String CONTENT="Oct." HEIGHT="43" WIDTH="100" VPOS="769" HPOS="242"/>
<SP HEIGHT="42" WIDTH="34" VPOS="770" HPOS="343"/>
<String CONTENT="15," HEIGHT="52" WIDTH="61" VPOS="767" HPOS="378"/>
<SP HEIGHT="49" WIDTH="34" VPOS="770" HPOS="440"/>
<String CONTENT="1926;" HEIGHT="52" WIDTH="126" VPOS="767" HPOS="475"/>
<SP HEIGHT="51" WIDTH="31" VPOS="768" HPOS="602"/>
<String CONTENT="2c." HEIGHT="43" WIDTH="63" VPOS="768" HPOS="634"/>
<SP HEIGHT="42" WIDTH="32" VPOS="769" HPOS="698"/>
<String CONTENT="Dec." HEIGHT="42" WIDTH="106" VPOS="769" HPOS="731"/>
<SP HEIGHT="42" WIDTH="31" VPOS="769" HPOS="838"/>
<String CONTENT="9;" HEIGHT="50" WIDTH="49" VPOS="769" HPOS="870"/>
<SP HEIGHT="36" WIDTH="31" VPOS="783" HPOS="920"/>
<String CONTENT="aff." HEIGHT="42" WIDTH="77" VPOS="768" HPOS="952"/>
<SP HEIGHT="42" WIDTH="31" VPOS="768" HPOS="1030"/>
<String CONTENT="Dec." HEIGHT="42" WIDTH="108" VPOS="768" HPOS="1062"/>
<SP HEIGHT="40" WIDTH="35" VPOS="770" HPOS="1171"/>
<String CONTENT="11;" HEIGHT="50" WIDTH="73" VPOS="769" HPOS="1207"/>
<SP HEIGHT="51" WIDTH="34" VPOS="768" HPOS="1281"/>
<!-- cceid 05EAE439-6E1B-1014-9B7B-CA07F191E62B --><String CONTENT="A" HEIGHT="42" WIDTH="43" VPOS="768" HPOS="1316"/>
<SP HEIGHT="43" WIDTH="31" VPOS="768" HPOS="1360"/>
<String CONTENT="958313;" HEIGHT="53" WIDTH="188" VPOS="766" HPOS="1392"/>
<SP HEIGHT="51" WIDTH="34" VPOS="768" HPOS="1581"/>
<String CONTENT="American" HEIGHT="42" WIDTH="243" VPOS="768" HPOS="1616"/>
<SP HEIGHT="29" WIDTH="31" VPOS="782" HPOS="1860"/>
<String CONTENT="society" HEIGHT="53" WIDTH="167" VPOS="768" HPOS="1892"/>
<SP HEIGHT="37" WIDTH="29" VPOS="784" HPOS="2060"/>
<String CONTENT="of" HEIGHT="43" WIDTH="51" VPOS="769" HPOS="2090"/>
</TextLine>
<TextLine HEIGHT="52" WIDTH="385" VPOS="825" HPOS="226">
<String CONTENT="civil" HEIGHT="43" WIDTH="103" VPOS="826" HPOS="226"/>
<SP HEIGHT="42" WIDTH="36" VPOS="826" HPOS="330"/>
<String CONTENT="engineers." HEIGHT="52" WIDTH="244" VPOS="825" HPOS="367"/>
</TextLine>
<TextLine HEIGHT="72" WIDTH="1055" VPOS="909" HPOS="156" STYLEREFS="StyleId-2D30511A-BE21-4DA7-B161-060BC54A8BA7-">
<String CONTENT="Anderson," HEIGHT="72" WIDTH="343" VPOS="909" HPOS="156"/>
<SP HEIGHT="71" WIDTH="40" VPOS="910" HPOS="500"/>
<String CONTENT="David" HEIGHT="58" WIDTH="208" VPOS="909" HPOS="541"/>
<SP HEIGHT="58" WIDTH="34" VPOS="910" HPOS="750"/>
<String CONTENT="Wulf," HEIGHT="71" WIDTH="193" VPOS="910" HPOS="785"/>
<SP HEIGHT="67" WIDTH="42" VPOS="914" HPOS="979"/>
<String CONTENT="1878-" HEIGHT="56" WIDTH="189" VPOS="913" HPOS="1022"/>
</TextLine>
<TextLine HEIGHT="73" WIDTH="1902" VPOS="999" HPOS="238" STYLEREFS="StyleId-2B6F114D-1C95-4577-9625-503D344444BC-">
<String CONTENT="Thunderhawk;" HEIGHT="70" WIDTH="503" VPOS="1000" HPOS="238"/>
<SP HEIGHT="50" WIDTH="53" VPOS="1020" HPOS="742"/>
<String CONTENT="a" HEIGHT="37" WIDTH="34" VPOS="1020" HPOS="796"/>
<SP HEIGHT="53" WIDTH="52" VPOS="1004" HPOS="831"/>
<String CONTENT="tale" HEIGHT="57" WIDTH="125" VPOS="1001" HPOS="884"/>
<SP HEIGHT="39" WIDTH="51" VPOS="1019" HPOS="1010"/>
<String CONTENT="of" HEIGHT="57" WIDTH="67" VPOS="1000" HPOS="1062"/>
<SP HEIGHT="57" WIDTH="48" VPOS="1000" HPOS="1130"/>
<String CONTENT="the" HEIGHT="57" WIDTH="105" VPOS="1001" HPOS="1179"/>
<SP HEIGHT="59" WIDTH="49" VPOS="999" HPOS="1285"/>
<String CONTENT="Wabash" HEIGHT="59" WIDTH="278" VPOS="999" HPOS="1335"/>
<SP HEIGHT="58" WIDTH="49" VPOS="999" HPOS="1614"/>
<String CONTENT="flatwoods," HEIGHT="73" WIDTH="339" VPOS="999" HPOS="1664"/>
<SP HEIGHT="70" WIDTH="54" VPOS="1002" HPOS="2004"/>
<String CONTENT="by" HEIGHT="70" WIDTH="81" VPOS="1002" HPOS="2059"/>
</TextLine>
<TextLine HEIGHT="75" WIDTH="1981" VPOS="1077" HPOS="159" STYLEREFS="StyleId-2B6F114D-1C95-4577-9625-503D344444BC-">
<String CONTENT="David" HEIGHT="58" WIDTH="205" VPOS="1078" HPOS="159"/>
<SP HEIGHT="58" WIDTH="27" VPOS="1079" HPOS="365"/>
<String CONTENT="Wulf" HEIGHT="59" WIDTH="176" VPOS="1078" HPOS="393"/>
<SP HEIGHT="57" WIDTH="31" VPOS="1078" HPOS="570"/>
<String CONTENT="Anderson." HEIGHT="58" WIDTH="348" VPOS="1078" HPOS="602"/>
<SP HEIGHT="60" WIDTH="83" VPOS="1077" HPOS="951"/>
<String CONTENT="Garden" HEIGHT="60" WIDTH="252" VPOS="1077" HPOS="1035"/>
<SP HEIGHT="60" WIDTH="34" VPOS="1077" HPOS="1288"/>
<String CONTENT="City," HEIGHT="74" WIDTH="160" VPOS="1077" HPOS="1323"/>
<SP HEIGHT="73" WIDTH="34" VPOS="1078" HPOS="1484"/>
<String LANG="fi" CONTENT="N." HEIGHT="56" WIDTH="74" VPOS="1078" HPOS="1519"/>
<SP HEIGHT="57" WIDTH="33" VPOS="1078" HPOS="1594"/>
<String CONTENT="Y.," HEIGHT="72" WIDTH="94" VPOS="1078" HPOS="1628"/>
<SP HEIGHT="72" WIDTH="32" VPOS="1078" HPOS="1723"/>
<String CONTENT="Doubleday," HEIGHT="74" WIDTH="384" VPOS="1078" HPOS="1756"/>
</TextLine>
<TextLine HEIGHT="73" WIDTH="786" VPOS="1155" HPOS="159" STYLEREFS="StyleId-2B6F114D-1C95-4577-9625-503D344444BC-">
<String CONTENT="Page" HEIGHT="73" WIDTH="170" VPOS="1155" HPOS="159"/>
<SP HEIGHT="59" WIDTH="26" VPOS="1155" HPOS="330"/>
<String CONTENT="&amp;" HEIGHT="58" WIDTH="49" VPOS="1155" HPOS="357"/>
<SP HEIGHT="58" WIDTH="25" VPOS="1155" HPOS="407"/>
<String CONTENT="company," HEIGHT="54" WIDTH="319" VPOS="1174" HPOS="433"/>
<SP HEIGHT="68" WIDTH="27" VPOS="1158" HPOS="753"/>
<String CONTENT="1926." HEIGHT="57" WIDTH="164" VPOS="1156" HPOS="781"/>
</TextLine>
<TextLine HEIGHT="53" WIDTH="626" VPOS="1234" HPOS="228" STYLEREFS="StyleId-2B6F114D-1C95-4577-9625-503D344444BC-" CS="1">
<String LANG="la" CONTENT="vi" HEIGHT="43" WIDTH="44" VPOS="1234" HPOS="228"/>
<SP/>
<String LANG="la" CS="1" CONTENT="p.,"/>
<SP/>
<String LANG="la" CS="1" CONTENT="1"/>
<SP/>
<String LANG="la" CS="1" CONTENT="l.,"/>
<SP HEIGHT="52" WIDTH="22" VPOS="1235" HPOS="475"/>
<String LANG="en-US" CONTENT="288" HEIGHT="45" WIDTH="80" VPOS="1234" HPOS="498"/>
<SP HEIGHT="52" WIDTH="24" VPOS="1235" HPOS="579"/>
<String LANG="en-US" CONTENT="p." HEIGHT="40" WIDTH="42" VPOS="1247" HPOS="604"/>
<SP HEIGHT="42" WIDTH="61" VPOS="1235" HPOS="647"/>
<String LANG="en-US" CS="1" CONTENT="19&#189;c" HEIGHT="44" WIDTH="49" VPOS="1234" HPOS="709"/>
<String STYLE="superscript" LANG="en-US" CONTENT="m" HEIGHT="19" WIDTH="30" VPOS="1235" HPOS="810"/>
<String LANG="en-US" CONTENT="." HEIGHT="10" WIDTH="9" VPOS="1268" HPOS="845"/>
</TextLine>
<TextLine HEIGHT="56" WIDTH="1930" VPOS="1288" HPOS="155" CS="1">
<String CONTENT="&#169;" HEIGHT="53" WIDTH="52" VPOS="1289" HPOS="155"/>
<SP HEIGHT="53" WIDTH="28" VPOS="1289" HPOS="208"/>
<String CONTENT="Nov." HEIGHT="44" WIDTH="117" VPOS="1291" HPOS="237"/>
<SP HEIGHT="46" WIDTH="30" VPOS="1289" HPOS="355"/>
<String CONTENT="5," HEIGHT="54" WIDTH="37" VPOS="1289" HPOS="386"/>
<SP HEIGHT="50" WIDTH="30" VPOS="1293" HPOS="424"/>
<String CONTENT="1926;" HEIGHT="53" WIDTH="128" VPOS="1290" HPOS="455"/>
<SP HEIGHT="52" WIDTH="30" VPOS="1291" HPOS="584"/>
<String CONTENT="2c." HEIGHT="42" WIDTH="63" VPOS="1291" HPOS="615"/>
<SP HEIGHT="27" WIDTH="30" VPOS="1307" HPOS="679"/>
<String CONTENT="and" HEIGHT="43" WIDTH="87" VPOS="1291" HPOS="710"/>
<SP HEIGHT="43" WIDTH="28" VPOS="1291" HPOS="798"/>
<String CONTENT="aff." HEIGHT="43" WIDTH="77" VPOS="1291" HPOS="827"/>
<SP HEIGHT="42" WIDTH="31" VPOS="1292" HPOS="905"/>
<String CONTENT="Dec." HEIGHT="42" WIDTH="107" VPOS="1292" HPOS="937"/>
<SP HEIGHT="40" WIDTH="33" VPOS="1293" HPOS="1045"/>
<String CONTENT="15;" HEIGHT="54" WIDTH="74" VPOS="1289" HPOS="1079"/>
<SP HEIGHT="53" WIDTH="30" VPOS="1290" HPOS="1154"/>
<!-- cceid 05EB03B7-6E1B-1014-9B7B-CA07F191E62B --><String CONTENT="A" HEIGHT="42" WIDTH="43" VPOS="1290" HPOS="1185"/>
<SP HEIGHT="44" WIDTH="30" VPOS="1290" HPOS="1229"/>
<String CONTENT="958361;" HEIGHT="53" WIDTH="188" VPOS="1288" HPOS="1260"/>
<SP HEIGHT="49" WIDTH="34" VPOS="1292" HPOS="1449"/>
<String CONTENT="Doubleday," HEIGHT="54" WIDTH="279" VPOS="1290" HPOS="1484"/>
<SP HEIGHT="50" WIDTH="32" VPOS="1292" HPOS="1764"/>
<String CONTENT="Page" HEIGHT="51" WIDTH="123" VPOS="1292" HPOS="1797"/>
<SP HEIGHT="43" WIDTH="31" VPOS="1292" HPOS="1921"/>
<String CONTENT="&amp;" HEIGHT="43" WIDTH="37" VPOS="1292" HPOS="1953"/>
<SP HEIGHT="43" WIDTH="29" VPOS="1292" HPOS="1991"/>
<String CONTENT="co." HEIGHT="28" WIDTH="64" VPOS="1307" HPOS="2021"/>
</TextLine>
<TextLine HEIGHT="54" WIDTH="266" VPOS="1347" HPOS="232">
<String CONTENT="(26-23682)" HEIGHT="54" WIDTH="266" VPOS="1347" HPOS="232"/>
</TextLine>
<TextLine HEIGHT="72" WIDTH="955" VPOS="1434" HPOS="156" STYLEREFS="StyleId-2D30511A-BE21-4DA7-B161-060BC54A8BA7-">
<String CONTENT="Bettauer," HEIGHT="71" WIDTH="313" VPOS="1434" HPOS="156"/>
<SP HEIGHT="71" WIDTH="40" VPOS="1434" HPOS="470"/>
<String CONTENT="Hugo," HEIGHT="72" WIDTH="199" VPOS="1434" HPOS="511"/>
<SP HEIGHT="66" WIDTH="41" VPOS="1436" HPOS="711"/>
<String CONTENT="1877-1925." HEIGHT="58" WIDTH="358" VPOS="1435" HPOS="753"/>
</TextLine>
<TextLine HEIGHT="77" WIDTH="1905" VPOS="1523" HPOS="235" STYLEREFS="StyleId-2B6F114D-1C95-4577-9625-503D344444BC-">
<String CONTENT="The" HEIGHT="57" WIDTH="129" VPOS="1524" HPOS="235"/>
<SP HEIGHT="37" WIDTH="33" VPOS="1544" HPOS="365"/>
<String CONTENT="city" HEIGHT="70" WIDTH="127" VPOS="1525" HPOS="399"/>
<SP HEIGHT="52" WIDTH="28" VPOS="1543" HPOS="527"/>
<String CONTENT="without" HEIGHT="58" WIDTH="262" VPOS="1523" HPOS="556"/>
<SP HEIGHT="57" WIDTH="33" VPOS="1525" HPOS="819"/>
<String CONTENT="Jews;" HEIGHT="70" WIDTH="201" VPOS="1525" HPOS="853"/>
<SP HEIGHT="50" WIDTH="38" VPOS="1545" HPOS="1055"/>
<String CONTENT="a" HEIGHT="37" WIDTH="37" VPOS="1545" HPOS="1094"/>
<SP HEIGHT="38" WIDTH="33" VPOS="1544" HPOS="1132"/>
<String CONTENT="novel" HEIGHT="56" WIDTH="183" VPOS="1526" HPOS="1166"/>
<SP HEIGHT="56" WIDTH="34" VPOS="1526" HPOS="1350"/>
<String CONTENT="of" HEIGHT="58" WIDTH="67" VPOS="1524" HPOS="1385"/>
<SP HEIGHT="57" WIDTH="31" VPOS="1524" HPOS="1453"/>
<String CONTENT="our" HEIGHT="38" WIDTH="115" VPOS="1543" HPOS="1485"/>
<SP HEIGHT="55" WIDTH="35" VPOS="1528" HPOS="1601"/>
<String CONTENT="time," HEIGHT="73" WIDTH="166" VPOS="1524" HPOS="1637"/>
<SP HEIGHT="71" WIDTH="34" VPOS="1526" HPOS="1804"/>
<String CONTENT="by" HEIGHT="71" WIDTH="82" VPOS="1526" HPOS="1839"/>
<SP HEIGHT="71" WIDTH="30" VPOS="1526" HPOS="1922"/>
<String CONTENT="Hugo" HEIGHT="74" WIDTH="187" VPOS="1526" HPOS="1953"/>
</TextLine>
<TextLine HEIGHT="136" WIDTH="1961" VPOS="1601" HPOS="156" STYLEREFS="StyleId-2B6F114D-1C95-4577-9625-503D344444BC-" CS="1">
<String CONTENT="Bettauer;" HEIGHT="70" WIDTH="332" VPOS="1603" HPOS="157"/>
<SP HEIGHT="67" WIDTH="32" VPOS="1606" HPOS="490"/>
<String CONTENT="translated" HEIGHT="61" WIDTH="351" VPOS="1603" HPOS="523"/>
<SP HEIGHT="61" WIDTH="28" VPOS="1603" HPOS="875"/>
<String CONTENT="from" HEIGHT="56" WIDTH="166" VPOS="1603" HPOS="904"/>
<SP HEIGHT="53" WIDTH="31" VPOS="1606" HPOS="1071"/>
<String CONTENT="the" HEIGHT="57" WIDTH="103" VPOS="1602" HPOS="1103"/>
<SP HEIGHT="60" WIDTH="33" VPOS="1601" HPOS="1207"/>
<String CONTENT="German" HEIGHT="60" WIDTH="272" VPOS="1601" HPOS="1241"/>
<SP HEIGHT="57" WIDTH="28" VPOS="1603" HPOS="1514"/>
<String CONTENT="by" HEIGHT="71" WIDTH="84" VPOS="1603" HPOS="1543"/>
<SP HEIGHT="73" WIDTH="30" VPOS="1601" HPOS="1628"/>
<String CONTENT="Salomea" HEIGHT="61" WIDTH="288" VPOS="1601" HPOS="1659"/>
<SP HEIGHT="57" WIDTH="31" VPOS="1603" HPOS="1948"/>
<String CONTENT="Neumark" HEIGHT="134" WIDTH="1961" VPOS="1603" HPOS="156"/>
</TextLine>
<TextLine HEIGHT="74" WIDTH="1750" VPOS="1678" HPOS="393" STYLEREFS="StyleId-2B6F114D-1C95-4577-9625-503D344444BC-">
<String CONTENT="Brainin;" HEIGHT="71" WIDTH="294" VPOS="1679" HPOS="393"/>
<SP HEIGHT="52" WIDTH="68" VPOS="1698" HPOS="688"/>
<String CONTENT="authorized" HEIGHT="58" WIDTH="363" VPOS="1679" HPOS="757"/>
<SP HEIGHT="58" WIDTH="62" VPOS="1678" HPOS="1121"/>
<String CONTENT="English" HEIGHT="74" WIDTH="266" VPOS="1678" HPOS="1184"/>
<SP HEIGHT="56" WIDTH="63" VPOS="1679" HPOS="1451"/>
<String CONTENT="translation." HEIGHT="57" WIDTH="393" VPOS="1679" HPOS="1515"/>
<SP HEIGHT="57" WIDTH="82" VPOS="1679" HPOS="1909"/>
<String CONTENT="New" HEIGHT="58" WIDTH="151" VPOS="1679" HPOS="1992"/>
</TextLine>
<TextLine HEIGHT="69" WIDTH="1347" VPOS="1757" HPOS="156" STYLEREFS="StyleId-2B6F114D-1C95-4577-9625-503D344444BC-">
<String CONTENT="York," HEIGHT="69" WIDTH="188" VPOS="1757" HPOS="156"/>
<SP HEIGHT="69" WIDTH="27" VPOS="1757" HPOS="345"/>
<String CONTENT="Bloch" HEIGHT="58" WIDTH="192" VPOS="1757" HPOS="373"/>
<SP HEIGHT="68" WIDTH="27" VPOS="1758" HPOS="566"/>
<String CONTENT="publishing" HEIGHT="69" WIDTH="362" VPOS="1757" HPOS="594"/>
<SP HEIGHT="49" WIDTH="29" VPOS="1777" HPOS="957"/>
<String CONTENT="company," HEIGHT="51" WIDTH="320" VPOS="1775" HPOS="987"/>
<SP HEIGHT="66" WIDTH="30" VPOS="1760" HPOS="1308"/>
<String CONTENT="1926." HEIGHT="57" WIDTH="164" VPOS="1757" HPOS="1339"/>
</TextLine>
<TextLine HEIGHT="53" WIDTH="478" VPOS="1834" HPOS="225" STYLEREFS="StyleId-2B6F114D-1C95-4577-9625-503D344444BC-" CS="1">
<String CONTENT="viii," HEIGHT="52" WIDTH="92" VPOS="1834" HPOS="225"/>
<SP HEIGHT="47" WIDTH="34" VPOS="1839" HPOS="318"/>
<String CONTENT="189" HEIGHT="44" WIDTH="76" VPOS="1835" HPOS="353"/>
<SP HEIGHT="51" WIDTH="25" VPOS="1836" HPOS="430"/>
<String CONTENT="p." HEIGHT="38" WIDTH="40" VPOS="1849" HPOS="456"/>
<SP HEIGHT="48" WIDTH="55" VPOS="1834" HPOS="497"/>
<String CS="1" CONTENT="19&#189;cm." HEIGHT="8" WIDTH="9" VPOS="1870" HPOS="694"/>
</TextLine>
<TextLine HEIGHT="55" WIDTH="1932" VPOS="1889" HPOS="154">
<String CONTENT="&#169;" HEIGHT="53" WIDTH="52" VPOS="1891" HPOS="154"/>
<SP HEIGHT="53" WIDTH="28" VPOS="1891" HPOS="207"/>
<String CONTENT="Dec." HEIGHT="43" WIDTH="106" VPOS="1893" HPOS="236"/>
<SP HEIGHT="43" WIDTH="29" VPOS="1892" HPOS="343"/>
<String CONTENT="8," HEIGHT="52" WIDTH="37" VPOS="1892" HPOS="373"/>
<SP HEIGHT="50" WIDTH="30" VPOS="1894" HPOS="411"/>
<String CONTENT="1926" HEIGHT="44" WIDTH="103" VPOS="1892" HPOS="442"/>
<SP HEIGHT="52" WIDTH="15" VPOS="1892" HPOS="546"/>
<String CONTENT=";" HEIGHT="37" WIDTH="9" VPOS="1907" HPOS="562"/>
<SP HEIGHT="52" WIDTH="27" VPOS="1892" HPOS="572"/>
<String CONTENT="2c." HEIGHT="44" WIDTH="63" VPOS="1892" HPOS="600"/>
<SP HEIGHT="43" WIDTH="30" VPOS="1893" HPOS="664"/>
<String CONTENT="Dec." HEIGHT="43" WIDTH="105" VPOS="1893" HPOS="695"/>
<SP HEIGHT="43" WIDTH="34" VPOS="1893" HPOS="801"/>
<String CONTENT="15;" HEIGHT="54" WIDTH="74" VPOS="1890" HPOS="836"/>
<SP HEIGHT="38" WIDTH="27" VPOS="1906" HPOS="911"/>
<String CONTENT="aff." HEIGHT="43" WIDTH="78" VPOS="1893" HPOS="939"/>
<SP HEIGHT="43" WIDTH="29" VPOS="1893" HPOS="1018"/>
<String CONTENT="Dec." HEIGHT="43" WIDTH="107" VPOS="1893" HPOS="1048"/>
<SP HEIGHT="44" WIDTH="33" VPOS="1892" HPOS="1156"/>
<String CONTENT="14;" HEIGHT="52" WIDTH="73" VPOS="1892" HPOS="1190"/>
<SP HEIGHT="52" WIDTH="31" VPOS="1892" HPOS="1264"/>
<!-- cceid 05EB20E3-6E1B-1014-9B7B-CA07F191E62B --><String CONTENT="A" HEIGHT="42" WIDTH="43" VPOS="1892" HPOS="1296"/>
<SP HEIGHT="43" WIDTH="28" VPOS="1892" HPOS="1340"/>
<String CONTENT="957640.;" HEIGHT="55" WIDTH="189" VPOS="1889" HPOS="1369"/>
<SP HEIGHT="52" WIDTH="33" VPOS="1892" HPOS="1559"/>
<String CONTENT="Bloch" HEIGHT="45" WIDTH="141" VPOS="1891" HPOS="1593"/>
<SP HEIGHT="53" WIDTH="26" VPOS="1891" HPOS="1735"/>
<String CONTENT="pub." HEIGHT="52" WIDTH="101" VPOS="1892" HPOS="1762"/>
<SP HEIGHT="28" WIDTH="29" VPOS="1908" HPOS="1864"/>
<String CONTENT="co.," HEIGHT="37" WIDTH="77" VPOS="1907" HPOS="1894"/>
<SP HEIGHT="48" WIDTH="31" VPOS="1896" HPOS="1972"/>
<String CONTENT="inc." HEIGHT="42" WIDTH="82" VPOS="1896" HPOS="2004"/>
</TextLine>
<TextLine HEIGHT="55" WIDTH="268" VPOS="1949" HPOS="232">
<String CONTENT="(26-23683)" HEIGHT="55" WIDTH="268" VPOS="1949" HPOS="232"/>
</TextLine>
<TextLine HEIGHT="75" WIDTH="1013" VPOS="2033" HPOS="156" STYLEREFS="StyleId-2D30511A-BE21-4DA7-B161-060BC54A8BA7-">
<String CONTENT="Blest" HEIGHT="57" WIDTH="172" VPOS="2033" HPOS="156"/>
<SP HEIGHT="70" WIDTH="30" VPOS="2038" HPOS="329"/>
<String CONTENT="y" HEIGHT="57" WIDTH="43" VPOS="2051" HPOS="360"/>
<SP HEIGHT="73" WIDTH="31" VPOS="2035" HPOS="404"/>
<String CONTENT="Gana," HEIGHT="72" WIDTH="191" VPOS="2035" HPOS="436"/>
<SP HEIGHT="73" WIDTH="35" VPOS="2034" HPOS="628"/>
<String CONTENT="Alberto," HEIGHT="73" WIDTH="277" VPOS="2033" HPOS="664"/>
<SP HEIGHT="67" WIDTH="37" VPOS="2039" HPOS="942"/>
<String CONTENT="1831-" HEIGHT="55" WIDTH="189" VPOS="2038" HPOS="980"/>
</TextLine>
<TextLine HEIGHT="77" WIDTH="1848" VPOS="2125" HPOS="296" STYLEREFS="StyleId-2B6F114D-1C95-4577-9625-503D344444BC-" CS="1">
<String CS="1" CONTENT="&#8230;"/>
<SP HEIGHT="58" WIDTH="45" VPOS="2128" HPOS="296"/>
<String CONTENT="Martin" HEIGHT="60" WIDTH="237" VPOS="2125" HPOS="342"/>
<SP HEIGHT="56" WIDTH="39" VPOS="2128" HPOS="580"/>
<String CONTENT="Rivas;" HEIGHT="75" WIDTH="227" VPOS="2125" HPOS="620"/>
<SP HEIGHT="53" WIDTH="41" VPOS="2147" HPOS="848"/>
<String CONTENT="novela" HEIGHT="60" WIDTH="219" VPOS="2127" HPOS="890"/>
<SP HEIGHT="56" WIDTH="41" VPOS="2131" HPOS="1110"/>
<String LANG="de" CONTENT="de" HEIGHT="56" WIDTH="74" VPOS="2131" HPOS="1152"/>
<SP HEIGHT="39" WIDTH="41" VPOS="2148" HPOS="1227"/>
<String CONTENT="costumbres" HEIGHT="58" WIDTH="382" VPOS="2129" HPOS="1269"/>
<SP HEIGHT="38" WIDTH="41" VPOS="2150" HPOS="1652"/>
<String CONTENT="chilenas," HEIGHT="74" WIDTH="293" VPOS="2127" HPOS="1694"/>
<SP HEIGHT="53" WIDTH="38" VPOS="2149" HPOS="1988"/>
<String CONTENT="por" HEIGHT="53" WIDTH="117" VPOS="2149" HPOS="2027"/>
</TextLine>
<TextLine HEIGHT="75" WIDTH="1993" VPOS="2205" HPOS="151" STYLEREFS="StyleId-2B6F114D-1C95-4577-9625-503D344444BC-">
<String CONTENT="Alberto" HEIGHT="60" WIDTH="261" VPOS="2205" HPOS="151"/>
<SP HEIGHT="57" WIDTH="31" VPOS="2206" HPOS="413"/>
<String CONTENT="Blest" HEIGHT="59" WIDTH="176" VPOS="2206" HPOS="445"/>
<SP HEIGHT="60" WIDTH="33" VPOS="2205" HPOS="622"/>
<String CONTENT="Gana;" HEIGHT="72" WIDTH="207" VPOS="2205" HPOS="656"/>
<SP HEIGHT="47" WIDTH="34" VPOS="2230" HPOS="864"/>
<String CONTENT="edited" HEIGHT="62" WIDTH="206" VPOS="2205" HPOS="899"/>
<SP HEIGHT="57" WIDTH="27" VPOS="2209" HPOS="1106"/>
<String CONTENT="with" HEIGHT="57" WIDTH="151" VPOS="2208" HPOS="1134"/>
<SP HEIGHT="59" WIDTH="29" VPOS="2206" HPOS="1286"/>
<String CONTENT="introduction," HEIGHT="74" WIDTH="443" VPOS="2206" HPOS="1316"/>
<SP HEIGHT="53" WIDTH="29" VPOS="2227" HPOS="1760"/>
<String CONTENT="notes," HEIGHT="67" WIDTH="198" VPOS="2208" HPOS="1790"/>
<SP HEIGHT="47" WIDTH="32" VPOS="2228" HPOS="1989"/>
<String CONTENT="and" HEIGHT="58" WIDTH="122" VPOS="2209" HPOS="2022"/>
</TextLine>
<TextLine HEIGHT="75" WIDTH="1995" VPOS="2281" HPOS="151" STYLEREFS="StyleId-2B6F114D-1C95-4577-9625-503D344444BC-" CS="1">
<String CONTENT="vocabulary" HEIGHT="72" WIDTH="381" VPOS="2284" HPOS="151"/>
<SP HEIGHT="72" WIDTH="38" VPOS="2284" HPOS="533"/>
<String CONTENT="by" HEIGHT="72" WIDTH="84" VPOS="2284" HPOS="572"/>
<SP HEIGHT="73" WIDTH="41" VPOS="2283" HPOS="657"/>
<String CONTENT="G." HEIGHT="60" WIDTH="69" VPOS="2283" HPOS="699"/>
<SP HEIGHT="59" WIDTH="42" VPOS="2283" HPOS="769"/>
<String CONTENT="W." HEIGHT="59" WIDTH="95" VPOS="2283" HPOS="812"/>
<SP HEIGHT="59" WIDTH="45" VPOS="2281" HPOS="908"/>
<String CS="1" CONTENT="Umphrey" HEIGHT="75" WIDTH="282" VPOS="2281" HPOS="954"/>
<SP HEIGHT="36" WIDTH="46" VPOS="2306" HPOS="1282"/>
<String CS="1" CONTENT="&#8230;"/>
<SP HEIGHT="58" WIDTH="82" VPOS="2285" HPOS="1392"/>
<String CONTENT="Boston," HEIGHT="71" WIDTH="256" VPOS="2285" HPOS="1475"/>
<SP HEIGHT="72" WIDTH="44" VPOS="2284" HPOS="1732"/>
<String CONTENT="New" HEIGHT="59" WIDTH="152" VPOS="2284" HPOS="1777"/>
<SP HEIGHT="57" WIDTH="42" VPOS="2286" HPOS="1930"/>
<String CONTENT="York" HEIGHT="57" WIDTH="173" VPOS="2286" HPOS="1973"/>
</TextLine>
<TextLine HEIGHT="76" WIDTH="1295" VPOS="2361" HPOS="156" STYLEREFS="StyleId-2B6F114D-1C95-4577-9625-503D344444BC-">
<String CONTENT="[etc.]" HEIGHT="70" WIDTH="145" VPOS="2367" HPOS="156"/>
<SP HEIGHT="73" WIDTH="27" VPOS="2362" HPOS="302"/>
<String LANG="la" CONTENT="D." HEIGHT="61" WIDTH="74" VPOS="2362" HPOS="330"/>
<SP HEIGHT="62" WIDTH="30" VPOS="2361" HPOS="405"/>
<String CONTENT="C." HEIGHT="61" WIDTH="63" VPOS="2361" HPOS="436"/>
<SP HEIGHT="58" WIDTH="30" VPOS="2361" HPOS="500"/>
<String CONTENT="Heath" HEIGHT="60" WIDTH="209" VPOS="2361" HPOS="531"/>
<SP HEIGHT="59" WIDTH="25" VPOS="2362" HPOS="741"/>
<String CONTENT="and" HEIGHT="57" WIDTH="123" VPOS="2364" HPOS="767"/>
<SP HEIGHT="57" WIDTH="25" VPOS="2364" HPOS="891"/>
<String CONTENT="company" HEIGHT="56" WIDTH="306" VPOS="2379" HPOS="917"/>
<SP HEIGHT="53" WIDTH="25" VPOS="2382" HPOS="1224"/>
<String CONTENT="[" HEIGHT="43" WIDTH="13" VPOS="2392" HPOS="1250"/>
<String STYLE="superscript" CONTENT="c" HEIGHT="21" WIDTH="16" VPOS="2371" HPOS="1267"/>
<String CONTENT="1926]" HEIGHT="71" WIDTH="164" VPOS="2364" HPOS="1287"/>
</TextLine>
<TextLine HEIGHT="112" WIDTH="1970" VPOS="2439" HPOS="152" CS="1">
<String CONTENT="2" HEIGHT="41" WIDTH="28" VPOS="2443" HPOS="222"/>
<SP/>
<String CS="1" CONTENT="p."/>
<SP/>
<String CS="1" CONTENT="l.,"/>
<SP/>
<String CONTENT="iii-xv," HEIGHT="50" WIDTH="153" VPOS="2441" HPOS="429"/>
<SP HEIGHT="49" WIDTH="33" VPOS="2442" HPOS="583"/>
<String CONTENT="269" HEIGHT="45" WIDTH="82" VPOS="2441" HPOS="617"/>
<SP HEIGHT="48" WIDTH="28" VPOS="2443" HPOS="700"/>
<String CONTENT="p." HEIGHT="36" WIDTH="40" VPOS="2455" HPOS="729"/>
<SP/>
<String CS="1" CONTENT="front."/>
<SP HEIGHT="51" WIDTH="25" VPOS="2441" HPOS="970"/>
<String CONTENT="(port.)" HEIGHT="51" WIDTH="169" VPOS="2441" HPOS="996"/>
<SP HEIGHT="51" WIDTH="42" VPOS="2441" HPOS="1166"/>
<String CONTENT="illus." HEIGHT="44" WIDTH="116" VPOS="2440" HPOS="1209"/>
<SP HEIGHT="44" WIDTH="60" VPOS="2440" HPOS="1326"/>
<String CONTENT="17" HEIGHT="45" WIDTH="50" VPOS="2439" HPOS="1387"/>
<String STYLE="superscript" CONTENT="cm" HEIGHT="18" WIDTH="47" VPOS="2444" HPOS="1444"/>
<String CONTENT="." HEIGHT="8" WIDTH="7" VPOS="2477" HPOS="1498"/>
<SP HEIGHT="52" WIDTH="68" VPOS="2442" HPOS="1506"/>
<String CONTENT="(Heath&#8217;s" HEIGHT="52" WIDTH="216" VPOS="2442" HPOS="1575"/>
<SP HEIGHT="29" WIDTH="33" VPOS="2459" HPOS="1792"/>
<String CONTENT="modern" HEIGHT="44" WIDTH="188" VPOS="2443" HPOS="1826"/>
<SP HEIGHT="43" WIDTH="33" VPOS="2444" HPOS="2015"/>
<String CONTENT="language" HEIGHT="107" WIDTH="1970" VPOS="2444" HPOS="152"/>
<SP HEIGHT="32" WIDTH="30" VPOS="2512" HPOS="301"/>
<String CONTENT="series)" HEIGHT="52" WIDTH="163" VPOS="2496" HPOS="332"/>
</TextLine>
<TextLine HEIGHT="52" WIDTH="1053" VPOS="2552" HPOS="224" CS="1">
<String CONTENT="Half-title" HEIGHT="46" WIDTH="242" VPOS="2553" HPOS="224"/>
<SP HEIGHT="28" WIDTH="15" VPOS="2571" HPOS="467"/>
<String CONTENT=":" HEIGHT="28" WIDTH="9" VPOS="2571" HPOS="483"/>
<SP HEIGHT="47" WIDTH="35" VPOS="2552" HPOS="493"/>
<String CONTENT="Spanish-American" HEIGHT="52" WIDTH="462" VPOS="2552" HPOS="529"/>
<SP HEIGHT="29" WIDTH="33" VPOS="2569" HPOS="992"/>
<String CONTENT="series." HEIGHT="45" WIDTH="149" VPOS="2554" HPOS="1026"/>
<SP HEIGHT="31" WIDTH="62" VPOS="2570" HPOS="1176"/>
<String CS="1" CONTENT="[3]" HEIGHT="45" WIDTH="38" VPOS="2556" HPOS="1239"/>
</TextLine>
<TextLine HEIGHT="53" WIDTH="713" VPOS="2608" HPOS="224">
<String CONTENT="Bibliographical" HEIGHT="53" WIDTH="387" VPOS="2608" HPOS="224"/>
<SP HEIGHT="44" WIDTH="23" VPOS="2611" HPOS="612"/>
<String CONTENT="note:" HEIGHT="38" WIDTH="129" VPOS="2617" HPOS="636"/>
<SP HEIGHT="36" WIDTH="25" VPOS="2624" HPOS="766"/>
<String CONTENT="p." HEIGHT="36" WIDTH="41" VPOS="2624" HPOS="792"/>
<SP HEIGHT="27" WIDTH="28" VPOS="2626" HPOS="834"/>
<String CONTENT="xv." HEIGHT="30" WIDTH="74" VPOS="2625" HPOS="863"/>
</TextLine>
<TextLine HEIGHT="55" WIDTH="1989" VPOS="2662" HPOS="154">
<String CONTENT="&#169;" HEIGHT="53" WIDTH="52" VPOS="2663" HPOS="154"/>
<SP HEIGHT="53" WIDTH="29" VPOS="2663" HPOS="207"/>
<String CONTENT="Nov." HEIGHT="43" WIDTH="118" VPOS="2665" HPOS="237"/>
<SP HEIGHT="42" WIDTH="32" VPOS="2666" HPOS="356"/>
<String CONTENT="10," HEIGHT="50" WIDTH="61" VPOS="2664" HPOS="389"/>
<SP HEIGHT="48" WIDTH="31" VPOS="2666" HPOS="451"/>
<String CONTENT="1926;" HEIGHT="52" WIDTH="127" VPOS="2663" HPOS="483"/>
<SP HEIGHT="51" WIDTH="29" VPOS="2664" HPOS="611"/>
<String CONTENT="2c." HEIGHT="42" WIDTH="62" VPOS="2664" HPOS="641"/>
<SP HEIGHT="43" WIDTH="29" VPOS="2663" HPOS="704"/>
<String CONTENT="Nov." HEIGHT="43" WIDTH="119" VPOS="2663" HPOS="734"/>
<SP HEIGHT="41" WIDTH="33" VPOS="2665" HPOS="854"/>
<String CONTENT="15;" HEIGHT="53" WIDTH="74" VPOS="2662" HPOS="888"/>
<SP HEIGHT="38" WIDTH="30" VPOS="2677" HPOS="963"/>
<String CONTENT="aff." HEIGHT="42" WIDTH="77" VPOS="2664" HPOS="994"/>
<SP HEIGHT="44" WIDTH="30" VPOS="2662" HPOS="1072"/>
<String CONTENT="Nov." HEIGHT="44" WIDTH="117" VPOS="2662" HPOS="1103"/>
<SP HEIGHT="40" WIDTH="33" VPOS="2665" HPOS="1221"/>
<String CONTENT="13;" HEIGHT="51" WIDTH="73" VPOS="2664" HPOS="1255"/>
<SP HEIGHT="51" WIDTH="31" VPOS="2664" HPOS="1329"/>
<!-- cceid 05EB379C-6E1B-1014-9B7B-CA07F191E62B --><String CONTENT="A" HEIGHT="42" WIDTH="43" VPOS="2664" HPOS="1361"/>
<SP HEIGHT="43" WIDTH="29" VPOS="2664" HPOS="1405"/>
<String CONTENT="957097;" HEIGHT="54" WIDTH="190" VPOS="2663" HPOS="1435"/>
<SP HEIGHT="50" WIDTH="30" VPOS="2667" HPOS="1626"/>
<String LANG="la" CONTENT="D." HEIGHT="42" WIDTH="55" VPOS="2667" HPOS="1657"/>
<SP HEIGHT="45" WIDTH="33" VPOS="2665" HPOS="1713"/>
<String CONTENT="C." HEIGHT="45" WIDTH="48" VPOS="2665" HPOS="1747"/>
<SP HEIGHT="44" WIDTH="29" VPOS="2666" HPOS="1796"/>
<String CONTENT="Heath" HEIGHT="45" WIDTH="156" VPOS="2666" HPOS="1826"/>
<SP HEIGHT="45" WIDTH="29" VPOS="2667" HPOS="1983"/>
<String CONTENT="&amp;" HEIGHT="43" WIDTH="38" VPOS="2669" HPOS="2013"/>
<SP HEIGHT="43" WIDTH="26" VPOS="2669" HPOS="2052"/>
<String CONTENT="co." HEIGHT="27" WIDTH="64" VPOS="2684" HPOS="2079"/>
</TextLine>
<TextLine HEIGHT="58" WIDTH="1551" VPOS="2719" HPOS="227">
<String CONTENT="[&#169;" HEIGHT="55" WIDTH="65" VPOS="2719" HPOS="227"/>
<SP HEIGHT="55" WIDTH="26" VPOS="2719" HPOS="293"/>
<String CONTENT="preface," HEIGHT="52" WIDTH="194" VPOS="2722" HPOS="320"/>
<SP HEIGHT="49" WIDTH="27" VPOS="2724" HPOS="515"/>
<String CONTENT="introduction," HEIGHT="51" WIDTH="314" VPOS="2721" HPOS="543"/>
<SP HEIGHT="37" WIDTH="24" VPOS="2735" HPOS="858"/>
<String CONTENT="notes" HEIGHT="35" WIDTH="126" VPOS="2728" HPOS="883"/>
<SP HEIGHT="29" WIDTH="26" VPOS="2735" HPOS="1010"/>
<String CONTENT="and" HEIGHT="43" WIDTH="87" VPOS="2721" HPOS="1037"/>
<SP HEIGHT="42" WIDTH="24" VPOS="2721" HPOS="1125"/>
<String CONTENT="vocabulary]" HEIGHT="53" WIDTH="288" VPOS="2721" HPOS="1150"/>
<SP HEIGHT="54" WIDTH="70" VPOS="2722" HPOS="1439"/>
<String CONTENT="(26-23393)" HEIGHT="56" WIDTH="268" VPOS="2721" HPOS="1510"/>
</TextLine>
<TextLine HEIGHT="74" WIDTH="409" VPOS="2806" HPOS="155" STYLEREFS="StyleId-2D30511A-BE21-4DA7-B161-060BC54A8BA7-">
<String CONTENT="Borg," HEIGHT="72" WIDTH="185" VPOS="2808" HPOS="155"/>
<SP HEIGHT="72" WIDTH="35" VPOS="2807" HPOS="341"/>
<String CONTENT="Elsie." HEIGHT="58" WIDTH="187" VPOS="2806" HPOS="377"/>
</TextLine>
<TextLine HEIGHT="79" WIDTH="1915" VPOS="2899" HPOS="230" STYLEREFS="StyleId-2B6F114D-1C95-4577-9625-503D344444BC-">
<String CONTENT="Gewallopus," HEIGHT="72" WIDTH="411" VPOS="2899" HPOS="230"/>
<SP HEIGHT="69" WIDTH="23" VPOS="2902" HPOS="642"/>
<String CONTENT="the" HEIGHT="58" WIDTH="104" VPOS="2901" HPOS="666"/>
<SP HEIGHT="40" WIDTH="23" VPOS="2919" HPOS="771"/>
<String CONTENT="story" HEIGHT="69" WIDTH="178" VPOS="2904" HPOS="795"/>
<SP HEIGHT="53" WIDTH="23" VPOS="2920" HPOS="974"/>
<String CONTENT="of" HEIGHT="57" WIDTH="67" VPOS="2902" HPOS="998"/>
<SP HEIGHT="56" WIDTH="25" VPOS="2902" HPOS="1066"/>
<String CONTENT="a" HEIGHT="39" WIDTH="36" VPOS="2919" HPOS="1092"/>
<SP HEIGHT="54" WIDTH="20" VPOS="2919" HPOS="1129"/>
<String CONTENT="playful" HEIGHT="75" WIDTH="247" VPOS="2899" HPOS="1150"/>
<SP HEIGHT="60" WIDTH="23" VPOS="2901" HPOS="1398"/>
<String CONTENT="horse," HEIGHT="70" WIDTH="202" VPOS="2903" HPOS="1422"/>
<SP HEIGHT="70" WIDTH="21" VPOS="2903" HPOS="1625"/>
<String CONTENT="by" HEIGHT="72" WIDTH="83" VPOS="2903" HPOS="1647"/>
<SP HEIGHT="71" WIDTH="23" VPOS="2904" HPOS="1731"/>
<String CONTENT="Elsie" HEIGHT="59" WIDTH="172" VPOS="2904" HPOS="1755"/>
<SP HEIGHT="57" WIDTH="26" VPOS="2906" HPOS="1928"/>
<String CONTENT="Borg," HEIGHT="72" WIDTH="190" VPOS="2906" HPOS="1955"/>
</TextLine>
<TextLine HEIGHT="75" WIDTH="1973" VPOS="2976" HPOS="153" STYLEREFS="StyleId-2B6F114D-1C95-4577-9625-503D344444BC-">
<String LANG="en-US" CONTENT="illustrated" HEIGHT="59" WIDTH="358" VPOS="2978" HPOS="153"/>
<SP HEIGHT="58" WIDTH="42" VPOS="2979" HPOS="512"/>
<String LANG="en-US" CONTENT="by" HEIGHT="72" WIDTH="83" VPOS="2979" HPOS="555"/>
<SP HEIGHT="75" WIDTH="47" VPOS="2976" HPOS="639"/>
<String LANG="en-US" CONTENT="Gus" HEIGHT="61" WIDTH="129" VPOS="2976" HPOS="687"/>
<SP HEIGHT="57" WIDTH="47" VPOS="2978" HPOS="817"/>
<String LANG="de" CONTENT="Mager." HEIGHT="73" WIDTH="236" VPOS="2978" HPOS="865"/>
<SP HEIGHT="57" WIDTH="82" VPOS="2978" HPOS="1102"/>
<String LANG="en-US" CONTENT="New" HEIGHT="58" WIDTH="150" VPOS="2978" HPOS="1185"/>
<SP HEIGHT="57" WIDTH="46" VPOS="2979" HPOS="1336"/>
<String LANG="en-US" CONTENT="York," HEIGHT="72" WIDTH="189" VPOS="2979" HPOS="1383"/>
<SP HEIGHT="70" WIDTH="49" VPOS="2981" HPOS="1573"/>
<String LANG="en-US" CONTENT="A." HEIGHT="58" WIDTH="75" VPOS="2981" HPOS="1623"/>
<SP HEIGHT="57" WIDTH="49" VPOS="2982" HPOS="1699"/>
<String LANG="en-US" CONTENT="&amp;" HEIGHT="57" WIDTH="49" VPOS="2982" HPOS="1749"/>
<SP HEIGHT="60" WIDTH="47" VPOS="2982" HPOS="1799"/>
<String LANG="la" CONTENT="C." HEIGHT="60" WIDTH="65" VPOS="2982" HPOS="1847"/>
<SP HEIGHT="57" WIDTH="51" VPOS="2984" HPOS="1913"/>
<String LANG="en-US" CONTENT="Boni" HEIGHT="57" WIDTH="161" VPOS="2984" HPOS="1965"/>
</TextLine>
<TextLine HEIGHT="57" WIDTH="165" VPOS="3057" HPOS="154" STYLEREFS="StyleId-2B6F114D-1C95-4577-9625-503D344444BC-">
<String CONTENT="1926." HEIGHT="57" WIDTH="165" VPOS="3057" HPOS="154"/>
</TextLine>
<TextLine HEIGHT="52" WIDTH="1093" VPOS="3134" HPOS="224" CS="1">
<String CONTENT="84" HEIGHT="44" WIDTH="53" VPOS="3137" HPOS="224"/>
<SP HEIGHT="48" WIDTH="25" VPOS="3138" HPOS="278"/>
<String CONTENT="p." HEIGHT="36" WIDTH="41" VPOS="3150" HPOS="304"/>
<SP HEIGHT="45" WIDTH="25" VPOS="3137" HPOS="346"/>
<String CONTENT="incl." HEIGHT="45" WIDTH="100" VPOS="3136" HPOS="372"/>
<SP HEIGHT="45" WIDTH="29" VPOS="3136" HPOS="473"/>
<String CONTENT="front.," HEIGHT="49" WIDTH="151" VPOS="3136" HPOS="503"/>
<SP HEIGHT="50" WIDTH="27" VPOS="3135" HPOS="655"/>
<String CONTENT="illus.," HEIGHT="49" WIDTH="130" VPOS="3135" HPOS="683"/>
<SP HEIGHT="33" WIDTH="27" VPOS="3151" HPOS="814"/>
<String CONTENT="col." HEIGHT="47" WIDTH="82" VPOS="3134" HPOS="842"/>
<SP HEIGHT="35" WIDTH="27" VPOS="3150" HPOS="925"/>
<String CONTENT="plates." HEIGHT="49" WIDTH="155" VPOS="3136" HPOS="953"/>
<SP HEIGHT="42" WIDTH="57" VPOS="3136" HPOS="1109"/>
<String CS="1" CONTENT="23&#189;" HEIGHT="43" WIDTH="54" VPOS="3136" HPOS="1167"/>
<String STYLE="superscript" CONTENT="cm" HEIGHT="17" WIDTH="46" VPOS="3139" HPOS="1256"/>
<String CONTENT="." HEIGHT="8" WIDTH="9" VPOS="3171" HPOS="1308"/>
</TextLine>
<TextLine HEIGHT="60" WIDTH="1989" VPOS="3186" HPOS="156">
<String CONTENT="&#169;" HEIGHT="55" WIDTH="52" VPOS="3186" HPOS="156"/>
<SP HEIGHT="55" WIDTH="35" VPOS="3186" HPOS="209"/>
<String CONTENT="Nov." HEIGHT="43" WIDTH="117" VPOS="3189" HPOS="245"/>
<SP HEIGHT="41" WIDTH="37" VPOS="3191" HPOS="363"/>
<String CONTENT="16," HEIGHT="51" WIDTH="62" VPOS="3189" HPOS="401"/>
<SP HEIGHT="49" WIDTH="38" VPOS="3191" HPOS="464"/>
<String CONTENT="1926;" HEIGHT="45" WIDTH="126" VPOS="3188" HPOS="503"/>
<SP HEIGHT="44" WIDTH="35" VPOS="3189" HPOS="630"/>
<String CONTENT="2c." HEIGHT="43" WIDTH="63" VPOS="3189" HPOS="666"/>
<SP HEIGHT="27" WIDTH="35" VPOS="3205" HPOS="730"/>
<String CONTENT="and" HEIGHT="43" WIDTH="87" VPOS="3189" HPOS="766"/>
<SP HEIGHT="43" WIDTH="32" VPOS="3189" HPOS="854"/>
<String CONTENT="aff." HEIGHT="43" WIDTH="77" VPOS="3189" HPOS="887"/>
<SP HEIGHT="43" WIDTH="37" VPOS="3189" HPOS="965"/>
<String CONTENT="Nov." HEIGHT="43" WIDTH="117" VPOS="3189" HPOS="1003"/>
<SP HEIGHT="40" WIDTH="40" VPOS="3191" HPOS="1121"/>
<String CONTENT="17;" HEIGHT="55" WIDTH="73" VPOS="3186" HPOS="1162"/>
<SP HEIGHT="52" WIDTH="37" VPOS="3189" HPOS="1236"/>
<!-- cceid 05EB4E6C-6E1B-1014-9B7B-CA07F191E62B --><String CONTENT="A" HEIGHT="42" WIDTH="43" VPOS="3189" HPOS="1274"/>
<SP HEIGHT="43" WIDTH="33" VPOS="3189" HPOS="1318"/>
<String CONTENT="958029;" HEIGHT="53" WIDTH="189" VPOS="3187" HPOS="1352"/>
<SP HEIGHT="51" WIDTH="37" VPOS="3189" HPOS="1542"/>
<String CONTENT="Thomas" HEIGHT="47" WIDTH="201" VPOS="3189" HPOS="1580"/>
<SP HEIGHT="47" WIDTH="40" VPOS="3191" HPOS="1782"/>
<String CONTENT="Seltzer," HEIGHT="54" WIDTH="186" VPOS="3191" HPOS="1823"/>
<SP HEIGHT="49" WIDTH="37" VPOS="3196" HPOS="2010"/>
<String CONTENT="inc.," HEIGHT="50" WIDTH="97" VPOS="3196" HPOS="2048"/>
</TextLine>
<TextLine HEIGHT="56" WIDTH="628" VPOS="3243" HPOS="226">
<String CONTENT="New" HEIGHT="43" WIDTH="116" VPOS="3246" HPOS="226"/>
<SP HEIGHT="42" WIDTH="31" VPOS="3247" HPOS="343"/>
<String CONTENT="York." HEIGHT="43" WIDTH="141" VPOS="3246" HPOS="375"/>
<SP HEIGHT="52" WIDTH="67" VPOS="3247" HPOS="517"/>
<String CONTENT="(26-23677)" HEIGHT="56" WIDTH="269" VPOS="3243" HPOS="585"/>
</TextLine>
<TextLine HEIGHT="74" WIDTH="787" VPOS="3331" HPOS="157" STYLEREFS="StyleId-2D30511A-BE21-4DA7-B161-060BC54A8BA7-">
<String CONTENT="Buck," HEIGHT="71" WIDTH="191" VPOS="3331" HPOS="157"/>
<SP HEIGHT="71" WIDTH="40" VPOS="3331" HPOS="349"/>
<String CONTENT="Arthur" HEIGHT="59" WIDTH="243" VPOS="3331" HPOS="390"/>
<SP HEIGHT="57" WIDTH="37" VPOS="3332" HPOS="634"/>
<String CONTENT="Eugene." HEIGHT="73" WIDTH="272" VPOS="3332" HPOS="672"/>
</TextLine>
<TextLine HEIGHT="77" WIDTH="1916" VPOS="3420" HPOS="231" STYLEREFS="StyleId-2B6F114D-1C95-4577-9625-503D344444BC-">
<String CONTENT="Municipal" HEIGHT="76" WIDTH="344" VPOS="3420" HPOS="231"/>
<SP HEIGHT="57" WIDTH="24" VPOS="3422" HPOS="576"/>
<String CONTENT="finance," HEIGHT="74" WIDTH="257" VPOS="3423" HPOS="601"/>
<SP HEIGHT="71" WIDTH="27" VPOS="3426" HPOS="859"/>
<String CONTENT="by" HEIGHT="70" WIDTH="83" VPOS="3426" HPOS="887"/>
<SP HEIGHT="71" WIDTH="26" VPOS="3425" HPOS="971"/>
<String CONTENT="A." HEIGHT="59" WIDTH="73" VPOS="3425" HPOS="998"/>
<SP HEIGHT="60" WIDTH="33" VPOS="3424" HPOS="1072"/>
<String CONTENT="E." HEIGHT="57" WIDTH="71" VPOS="3424" HPOS="1106"/>
<SP HEIGHT="57" WIDTH="28" VPOS="3425" HPOS="1178"/>
<String CONTENT="Buck," HEIGHT="72" WIDTH="190" VPOS="3425" HPOS="1207"/>
<SP HEIGHT="73" WIDTH="28" VPOS="3424" HPOS="1398"/>
<String CONTENT="in" HEIGHT="59" WIDTH="64" VPOS="3424" HPOS="1427"/>
<SP HEIGHT="40" WIDTH="28" VPOS="3445" HPOS="1492"/>
<String CONTENT="collaboration" HEIGHT="62" WIDTH="447" VPOS="3426" HPOS="1521"/>
<SP HEIGHT="38" WIDTH="26" VPOS="3451" HPOS="1969"/>
<String CONTENT="with" HEIGHT="61" WIDTH="151" VPOS="3430" HPOS="1996"/>
</TextLine>
<TextLine HEIGHT="81" WIDTH="1992" VPOS="3501" HPOS="155" STYLEREFS="StyleId-2B6F114D-1C95-4577-9625-503D344444BC-">
<String CONTENT="other" HEIGHT="59" WIDTH="180" VPOS="3502" HPOS="155"/>
<SP HEIGHT="40" WIDTH="39" VPOS="3522" HPOS="336"/>
<String CONTENT="staff" HEIGHT="61" WIDTH="154" VPOS="3501" HPOS="376"/>
<SP HEIGHT="58" WIDTH="32" VPOS="3501" HPOS="531"/>
<String CONTENT="members" HEIGHT="59" WIDTH="307" VPOS="3503" HPOS="564"/>
<SP HEIGHT="39" WIDTH="42" VPOS="3523" HPOS="872"/>
<String CONTENT="of" HEIGHT="57" WIDTH="67" VPOS="3504" HPOS="915"/>
<SP HEIGHT="58" WIDTH="37" VPOS="3504" HPOS="983"/>
<String CONTENT="the" HEIGHT="58" WIDTH="103" VPOS="3504" HPOS="1021"/>
<SP HEIGHT="58" WIDTH="39" VPOS="3503" HPOS="1125"/>
<String CONTENT="National" HEIGHT="59" WIDTH="298" VPOS="3503" HPOS="1165"/>
<SP HEIGHT="59" WIDTH="38" VPOS="3503" HPOS="1464"/>
<String CONTENT="institute" HEIGHT="61" WIDTH="287" VPOS="3503" HPOS="1503"/>
<SP HEIGHT="38" WIDTH="41" VPOS="3527" HPOS="1791"/>
<String CONTENT="of" HEIGHT="58" WIDTH="67" VPOS="3508" HPOS="1833"/>
<SP HEIGHT="74" WIDTH="38" VPOS="3508" HPOS="1901"/>
<String CONTENT="public" HEIGHT="72" WIDTH="207" VPOS="3510" HPOS="1940"/>
</TextLine>
<TextLine HEIGHT="140" WIDTH="1966" VPOS="3578" HPOS="156" STYLEREFS="StyleId-2B6F114D-1C95-4577-9625-503D344444BC-" CS="1">
<String CONTENT="administration" HEIGHT="62" WIDTH="505" VPOS="3578" HPOS="156"/>
<SP HEIGHT="38" WIDTH="25" VPOS="3600" HPOS="662"/>
<String CONTENT="and" HEIGHT="58" WIDTH="123" VPOS="3582" HPOS="688"/>
<SP HEIGHT="58" WIDTH="23" VPOS="3582" HPOS="812"/>
<String CONTENT="the" HEIGHT="56" WIDTH="103" VPOS="3583" HPOS="836"/>
<SP HEIGHT="59" WIDTH="24" VPOS="3580" HPOS="940"/>
<String CONTENT="New" HEIGHT="57" WIDTH="150" VPOS="3580" HPOS="965"/>
<SP HEIGHT="57" WIDTH="23" VPOS="3580" HPOS="1116"/>
<String CONTENT="York" HEIGHT="58" WIDTH="172" VPOS="3580" HPOS="1140"/>
<SP HEIGHT="59" WIDTH="22" VPOS="3582" HPOS="1313"/>
<String CONTENT="bureau" HEIGHT="58" WIDTH="236" VPOS="3583" HPOS="1336"/>
<SP HEIGHT="39" WIDTH="28" VPOS="3602" HPOS="1573"/>
<String CONTENT="of" HEIGHT="58" WIDTH="67" VPOS="3584" HPOS="1602"/>
<SP HEIGHT="58" WIDTH="20" VPOS="3584" HPOS="1670"/>
<String CONTENT="municipal" HEIGHT="73" WIDTH="337" VPOS="3586" HPOS="1691"/>
<SP HEIGHT="56" WIDTH="25" VPOS="3589" HPOS="2029"/>
<String CONTENT="research." HEIGHT="109" WIDTH="1965" VPOS="3609" HPOS="157"/>
</TextLine>
<TextLine HEIGHT="79" WIDTH="1549" VPOS="3656" HPOS="474" STYLEREFS="StyleId-2B6F114D-1C95-4577-9625-503D344444BC-">
<String CONTENT="New" HEIGHT="58" WIDTH="149" VPOS="3658" HPOS="474"/>
<SP HEIGHT="57" WIDTH="42" VPOS="3658" HPOS="624"/>
<String CONTENT="York," HEIGHT="70" WIDTH="190" VPOS="3658" HPOS="667"/>
<SP HEIGHT="68" WIDTH="46" VPOS="3660" HPOS="858"/>
<String CONTENT="The" HEIGHT="58" WIDTH="131" VPOS="3659" HPOS="905"/>
<SP HEIGHT="58" WIDTH="44" VPOS="3659" HPOS="1037"/>
<String CONTENT="Macmillan" HEIGHT="60" WIDTH="357" VPOS="3656" HPOS="1082"/>
<SP HEIGHT="40" WIDTH="48" VPOS="3677" HPOS="1440"/>
<String CONTENT="company," HEIGHT="57" WIDTH="320" VPOS="3678" HPOS="1489"/>
<SP HEIGHT="69" WIDTH="49" VPOS="3666" HPOS="1810"/>
<String CONTENT="1926." HEIGHT="57" WIDTH="163" VPOS="3666" HPOS="1860"/>
</TextLine>
<TextLine HEIGHT="52" WIDTH="1244" VPOS="3735" HPOS="225" CS="1">
<String CONTENT="xii" HEIGHT="44" WIDTH="65" VPOS="3737" HPOS="225"/>
<SP HEIGHT="50" WIDTH="26" VPOS="3737" HPOS="291"/>
<String LANG="la" CONTENT="p.," HEIGHT="36" WIDTH="56" VPOS="3751" HPOS="318"/>
<SP HEIGHT="47" WIDTH="30" VPOS="3739" HPOS="375"/>
<String CONTENT="1" HEIGHT="43" WIDTH="18" VPOS="3739" HPOS="406"/>
<SP HEIGHT="43" WIDTH="29" VPOS="3739" HPOS="425"/>
<String CS="1" CONTENT="l.," HEIGHT="8" WIDTH="7" VPOS="3773" HPOS="474"/>
<SP HEIGHT="47" WIDTH="25" VPOS="3736" HPOS="498"/>
<String CONTENT="562" HEIGHT="46" WIDTH="80" VPOS="3736" HPOS="524"/>
<SP HEIGHT="49" WIDTH="25" VPOS="3738" HPOS="605"/>
<String CONTENT="p." HEIGHT="36" WIDTH="39" VPOS="3751" HPOS="631"/>
<SP HEIGHT="44" WIDTH="60" VPOS="3736" HPOS="671"/>
<String CONTENT="illus." HEIGHT="46" WIDTH="117" VPOS="3735" HPOS="732"/>
<SP HEIGHT="49" WIDTH="25" VPOS="3737" HPOS="850"/>
<String CONTENT="(plans)" HEIGHT="51" WIDTH="180" VPOS="3735" HPOS="876"/>
<SP HEIGHT="46" WIDTH="35" VPOS="3737" HPOS="1057"/>
<String CONTENT="diagrs." HEIGHT="50" WIDTH="165" VPOS="3737" HPOS="1093"/>
<SP HEIGHT="42" WIDTH="58" VPOS="3738" HPOS="1259"/>
<String CS="1" CONTENT="22&#189;" HEIGHT="43" WIDTH="56" VPOS="3737" HPOS="1318"/>
<String STYLE="superscript" CONTENT="cm" HEIGHT="18" WIDTH="47" VPOS="3741" HPOS="1407"/>
<String CONTENT="." HEIGHT="9" WIDTH="9" VPOS="3774" HPOS="1460"/>
</TextLine>
<TextLine HEIGHT="52" WIDTH="938" VPOS="3791" HPOS="227">
<String CONTENT="&#8220;Selected" HEIGHT="47" WIDTH="235" VPOS="3792" HPOS="227"/>
<SP HEIGHT="44" WIDTH="25" VPOS="3793" HPOS="463"/>
<String CONTENT="bibliography&#8221;:" HEIGHT="51" WIDTH="371" VPOS="3792" HPOS="489"/>
<SP HEIGHT="36" WIDTH="29" VPOS="3807" HPOS="861"/>
<String CONTENT="p." HEIGHT="36" WIDTH="40" VPOS="3807" HPOS="891"/>
<SP HEIGHT="46" WIDTH="28" VPOS="3792" HPOS="932"/>
<String CONTENT="545-550." HEIGHT="47" WIDTH="204" VPOS="3791" HPOS="961"/>
</TextLine>
<TextLine HEIGHT="63" WIDTH="1989" VPOS="3844" HPOS="157">
<String CONTENT="&#169;" HEIGHT="53" WIDTH="52" VPOS="3845" HPOS="157"/>
<SP HEIGHT="53" WIDTH="29" VPOS="3845" HPOS="210"/>
<String CONTENT="Dec.," HEIGHT="45" WIDTH="113" VPOS="3848" HPOS="240"/>
<SP HEIGHT="47" WIDTH="23" VPOS="3846" HPOS="354"/>
<String CONTENT="7," HEIGHT="53" WIDTH="38" VPOS="3846" HPOS="378"/>
<SP HEIGHT="50" WIDTH="29" VPOS="3849" HPOS="417"/>
<String CONTENT="1926" HEIGHT="45" WIDTH="103" VPOS="3846" HPOS="447"/>
<SP HEIGHT="51" WIDTH="15" VPOS="3846" HPOS="551"/>
<String CONTENT=";" HEIGHT="35" WIDTH="7" VPOS="3862" HPOS="567"/>
<SP HEIGHT="50" WIDTH="31" VPOS="3847" HPOS="575"/>
<String CONTENT="2c." HEIGHT="43" WIDTH="63" VPOS="3847" HPOS="607"/>
<SP HEIGHT="27" WIDTH="28" VPOS="3863" HPOS="671"/>
<String CONTENT="and" HEIGHT="42" WIDTH="86" VPOS="3848" HPOS="700"/>
<SP HEIGHT="42" WIDTH="27" VPOS="3848" HPOS="787"/>
<String CONTENT="aff." HEIGHT="42" WIDTH="77" VPOS="3847" HPOS="815"/>
<SP HEIGHT="41" WIDTH="31" VPOS="3848" HPOS="893"/>
<String CONTENT="Dec." HEIGHT="41" WIDTH="107" VPOS="3848" HPOS="925"/>
<SP HEIGHT="43" WIDTH="28" VPOS="3849" HPOS="1033"/>
<String CONTENT="8:" HEIGHT="43" WIDTH="49" VPOS="3849" HPOS="1062"/>
<SP HEIGHT="46" WIDTH="33" VPOS="3846" HPOS="1112"/>
<!-- cceid 05EB6413-6E1B-1014-9B7B-CA07F191E62B --><String CONTENT="A" HEIGHT="43" WIDTH="43" VPOS="3846" HPOS="1146"/>
<SP HEIGHT="43" WIDTH="26" VPOS="3846" HPOS="1190"/>
<String CONTENT="957533;" HEIGHT="54" WIDTH="189" VPOS="3844" HPOS="1217"/>
<SP HEIGHT="51" WIDTH="34" VPOS="3847" HPOS="1407"/>
<String CONTENT="National" HEIGHT="47" WIDTH="215" VPOS="3847" HPOS="1442"/>
<SP HEIGHT="44" WIDTH="29" VPOS="3850" HPOS="1658"/>
<String CONTENT="institute" HEIGHT="46" WIDTH="201" VPOS="3850" HPOS="1688"/>
<SP HEIGHT="29" WIDTH="30" VPOS="3868" HPOS="1890"/>
<String CONTENT="of" HEIGHT="44" WIDTH="50" VPOS="3853" HPOS="1921"/>
<SP HEIGHT="54" WIDTH="26" VPOS="3853" HPOS="1972"/>
<String CONTENT="public" HEIGHT="53" WIDTH="147" VPOS="3854" HPOS="1999"/>
</TextLine>
<TextLine HEIGHT="54" WIDTH="1027" VPOS="3903" HPOS="227">
<String CONTENT="administration," HEIGHT="52" WIDTH="372" VPOS="3904" HPOS="227"/>
<SP HEIGHT="52" WIDTH="30" VPOS="3904" HPOS="600"/>
<String CONTENT="New" HEIGHT="43" WIDTH="117" VPOS="3904" HPOS="631"/>
<SP HEIGHT="43" WIDTH="25" VPOS="3904" HPOS="749"/>
<String CONTENT="York." HEIGHT="43" WIDTH="142" VPOS="3904" HPOS="775"/>
<SP HEIGHT="54" WIDTH="68" VPOS="3903" HPOS="918"/>
<String CONTENT="(26-23420)" HEIGHT="54" WIDTH="267" VPOS="3903" HPOS="987"/>
</TextLine>
</TextBlock>
</PrintSpace>
</Page>
</Layout>
</alto>