2542 4285
1312 4041 153 58 1174

395 406 227 73 Hayes,
664 405 304 59 Doremus
1010 404 204 75 Almy,
1260 408 190 57 1863-

469 496 128 59 The
626 495 249 72 heights
909 496 69 58 of
1009 495 321 60 Christian
1360 496 140 58 love;
1565 516 36 37 a
1634 497 189 72 study
1856 496 68 58 of
1957 496 176 60 First

391 495 1990 154 Corinthians, thirteen, by Doremus A. Hayes … New York,
399 649 371 73 Cincinnati,
799 651 130 60 The
959 651 335 75 Abingdon
1322 671 181 54 press
1538 683 13 43 [
1553 661 19 23 c
1575 654 164 72 1926]

461 730 364 53 228 p. 19½ cm .
394 783 53 54 ©
474 786 118 52 Aug.
625 787 33 49 1,
690 785 107 44 1926;
846 786 64 43 2c.
938 786 87 43 and
1052 786 79 43 aff.
1161 786 101 44 Oct.
1289 785 124 54 4;A
1442 783 188 55 950356;
1660 787 58 42 D.
1747 787 57 44 A.
1833 787 173 52 Hayes,
2035 784 246 55 Evanston,
2309 786 72 45 Ill.

471 841 268 56 (26-17728)

395 942 361 72 Heathcote,
798 942 257 59 Charles
1092 942 297 74 William,
1429 945 190 58 1882-

462 1033 270 73 History
768 1034 68 58 of
878 1033 262 60 Chester
1180 1033 264 74 County,
1482 1034 484 73 Pennsylvania,
2003 1037 83 72 by
2127 1034 258 61 Charles

391 1111 1972 152 William Heathcote … [West Chester, Pa., H. F. Temple, c 1926]
462 1267 93 54 viii,
588 1269 79 44 129
695 1282 40 38 p.
793 1266 119 46 illus.
938 1266 129 56 (incl.
1096 1267 152 55 maps)
1314 1267 53 46 23½cm.

465 1325 111 53 Map
605 1340 58 30 on
694 1324 342 55 lining-papers.

392 1380 53 54 ©
477 1382 118 53 Aug.
633 1381 62 53 15,
734 1381 130 54 1926;
897 1383 66 43 2c.
1000 1381 121 54 Sept.
1160 1383 73 51 13;
1268 1382 81 44 aff.
1386 1382 102 45 Oct.
1524 1382 50 53 9;
1611 1383 43 43 A
1687 1382 190 53 949491;
1917 1382 51 46 C.
2000 1383 76 45 W.
2112 1381 272 55 Heathcote,

461 1441 131 44 West
626 1439 201 53 Chester,
863 1441 79 43 Pa.
1010 1438 272 56 (26-17919)

394 1541 384 72 Henderson,
816 1540 226 59 Daniel
1078 1541 379 72 MacIntyre,
1498 1542 188 58 1880-

471 1630 297 59 Children
803 1630 69 59 of
904 1631 104 57 the
1045 1630 159 72 tide;
1244 1655 36 37 a
1314 1632 159 56 book
1510 1632 69 56 of
1613 1632 191 57 beach
1840 1633 123 56 and
2001 1650 189 39 ocean
393 1651 1968 130 wonders,
599 1710 84 71 by

722 1708 1662 73 Daniel Henderson … New York, London, D.
391 1787 320 72 Appleton
744 1788 122 57 and
900 1805 321 54 company,
1258 1787 165 57 1926.

462 1863 1098 56 xiv p., 2 l., 3-176 p. front., illus. 19½ cm .
390 1920 54 55 ©
471 1923 100 44 Oct.
600 1923 39 51 8,
669 1922 129 52 1926;
828 1923 64 43 2c.
922 1922 101 44 Oct.
1053 1922 74 52 12;
1158 1922 78 43 aff.
1267 1922 102 44 Oct.
1400 1922 75 53 13;
1506 1921 44 43 A
1576 1919 189 55 950435;
1797 1922 56 43 D.
1883 1920 229 54 Appleton
2139 1921 38 45 &
2205 1936 66 28 co.

467 1978 271 56 (26-17999)

392 2078 365 76 Hertzberg,
800 2081 197 59 Oscar
1034 2079 292 70 Edward,
1370 2082 190 58 1893-

467 2171 60 58 A
578 2171 425 72 comparative
1059 2172 189 71 study
1302 2171 69 58 of
1425 2170 298 59 different
1776 2172 285 57 methods
2115 2171 155 59 used
2322 2170 64 58 in

391 2248 288 75 teaching
705 2250 335 73 beginners
1070 2253 64 55 to
1164 2249 198 72 write,
1392 2250 83 72 by
1504 2248 196 59 Oscar
1727 2249 278 59 Edward
2034 2248 354 73 Hertzberg

392 2325 1970 154 … New York city, Teachers college, Columbia university, 1926.
391 2480 1976 115 3 p. l., 61 p. incl. illus., tables, diagrs.. 23½cm. (Teachers college, Columbia university.
911 2540 342 46 Contributions
1285 2549 47 36 to
1362 2538 247 53 education,
1640 2554 72 31 no.
1741 2539 109 53 214)

463 2598 247 46 Published
735 2597 96 46 also
859 2613 49 29 as
935 2597 138 46 thesis
1111 2597 108 54 (PH.
1277 2597 35 53 D.)
1350 2595 235 47 Columbia
1614 2594 262 56 university,
1909 2595 118 45 1926.

461 2653 356 56 Bibliography:
847 2669 41 39 p.
917 2655 67 43 61.

389 2712 53 54 ©
473 2713 118 53 Aug.
627 2711 64 53 17,
725 2712 105 44 1926;
886 2713 65 42 2c.
987 2710 120 54 Sept.
1137 2710 56 45 27;
1253 2711 79 44 aff.
1370 2709 121 54 Sept.
1523 2710 53 44 23;
1635 2711 44 43 A
1711 2709 165 46 949243;
1936 2709 227 45 Teachers
2197 2709 185 54 college,

460 2770 235 45 Columbia
731 2770 120 45 univ.
920 2767 271 57 (26-17716)

392 2856 213 73 Hicks,
643 2854 340 62 Granville.

463 2946 195 73 Eight
700 2964 173 55 ways
922 2947 68 59 of
1033 2945 255 73 looking
1334 2951 66 55 at
1450 2944 435 76 Christianity,
1929 2946 85 71 by
2064 2943 319 60 Granville

385 3023 213 60 Hicks.
680 3024 152 59 New
862 3024 191 71 York,
1089 3024 131 59 The
1252 3022 360 60 Macmillan
1643 3041 324 55 company,
2001 3022 166 59 1926.

458 3101 75 45 141
563 3116 42 39 p.
667 3101 50 45 19½cm.

388 3156 53 54 ©
468 3158 100 44 Oct.
597 3159 63 50 13,
689 3157 130 54 1926;
846 3158 64 43 2c.
937 3158 86 43 and
1050 3158 78 43 aff.
1158 3157 101 45 Oct.
1290 3158 74 52 14;
1395 3158 43 43 A
1464 3156 189 55 949504;
1685 3156 266 46 Macmillan
1978 3173 66 29 co.

467 3215 269 55 (26-18023)

390 3299 171 74 Hier,
597 3301 232 58 Frank.

466 3391 252 59 Review
746 3390 233 60 outline
1007 3392 67 59 of
1099 3392 177 70 wills,
1302 3393 83 70 by
1411 3392 215 59 Frank
1651 3391 176 58 Hier.
1894 3390 371 74 Cincinnati,
2296 3390 89 72 O.,

392 3470 129 57 The
551 3468 97 60 W.
682 3469 79 58 H.
793 3469 334 59 Anderson
1158 3489 106 52 co.,
1296 3470 166 58 1926.

459 3547 56 45 40
545 3562 39 39 p.
643 3548 53 44 23
703 3548 50 20 cm
755 3582 11 10 .

390 3602 53 54 ©
477 3605 100 44 Oct.
609 3605 36 49 8,
682 3605 104 44 1926;
845 3605 64 43 2c.
943 3605 87 43 and
1062 3605 79 44 aff.
1176 3605 101 44 Oct.
1314 3607 74 50 11;
1424 3605 44 43 A
1500 3603 189 55 953122;
1724 3604 76 45 W.
1835 3605 61 43 H.
1930 3604 241 44 Anderson
2202 3617 67 30 co.

468 3660 269 56 (26-17931)

392 3745 367 76 Hirshberg,
802 3748 289 59 Leonard
1130 3748 226 70 Keene,
1401 3752 189 57 1877-

471 3838 188 60 Build
689 3859 162 53 your
879 3842 167 71 body
1075 3843 64 57 to
1166 3844 76 57 be
1274 3861 36 38 a
1341 3860 243 40 success;
1643 3842 141 57 how
1810 3846 64 54 to
1904 3842 248 57 become
2184 3861 39 38 a
2249 3840 133 59 real

393 3936 148 41 man
575 3920 123 57 and
733 3940 36 38 a
804 3919 312 58 beautiful
1148 3939 262 54 woman,
1443 3922 85 71 by
1560 3920 110 58 Dr.
1707 3920 334 59 Leondard
2079 3919 49 74 [!]
2164 3917 217 60 Keene
