2542 4285
1056 4017 147 56 1299

124 410 281 71 Cocteau,
445 410 176 71 Jean,
663 411 188 56 1891-

191 501 59 57 A
282 502 117 59 call
431 507 63 53 to
532 500 201 72 order,
766 501 84 72 by
882 501 158 58 Jean
1083 499 287 69 Cocteau,
1403 495 250 58 written
1685 497 276 56 between
1995 494 105 57 the

116 599 183 53 years
332 580 148 56 1918
512 579 123 58 and
667 578 147 56 1926
847 578 123 58 and
999 575 317 72 including
1351 573 190 60 ‘Cock
1574 574 122 57 and
1727 567 372 74 harlequin’,

118 656 457 59 ‘Professional
619 656 279 70 secrets’,
945 652 123 59 and
1114 653 178 57 other
1335 648 239 62 critical
1619 668 234 53 essays,
115 648 1961 145 translated
309 735 166 57 from
501 734 103 58 the
632 732 244 56 French
901 734 82 70 by
1011 731 178 58 Rollo
1218 728 79 61 H.
1327 726 232 73 Myers,
1587 725 149 59 with
1764 744 37 39 a
1827 726 278 71 portrait

118 813 68 57 of
230 812 102 57 the
377 812 225 57 author
642 812 83 70 by
766 807 271 58 himself.
1118 807 276 70 London,
1439 805 205 58 Faber
1690 805 122 57 and
1860 803 242 72 Gwyer,

118 890 164 57 1926.

186 963 989 54 viii, 247, [1] p. front. (port.) 19 ½ cm .
119 1011 1964 116 © 1c. July 26, 1926; A ad int. 8366; pubd. July 6; J. Cocteau, Villefranchesur-Mer, Alpes Maritimes, France. (26-20421)
125 1162 207 71 Court,
370 1161 227 72 Harry.

196 1250 129 59 The
351 1252 176 70 story
547 1250 69 57 of
634 1244 245 63 British
903 1252 424 69 government,
1349 1244 306 74 imperial,
1679 1243 281 60 national
1984 1247 120 57 and

119 1323 1985 77 local; a handbook of citizenship, by H. Court … and L.
121 1401 1830 74 Court … London, S. Low, Marston & co., ltd. [1926]
187 1485 62 49 xi,
287 1483 78 45 148
396 1497 40 37 p.
500 1482 49 44 19
554 1484 46 18 cm
607 1516 9 9 .
685 1483 235 50 (Lettered
953 1495 58 30 on
1044 1493 156 32 cover:
1235 1479 100 46 The
1367 1479 186 46 Tabard
1584 1479 137 46 series
1755 1480 52 45 of
1839 1479 270 47 handbooks
120 1541 53 44 of
198 1540 190 50 English
415 1539 201 50 history)

119 1589 1988 57 © 1c. Aug. 4, 1926; A ad int. 8399; pubd. June 10; Sampson Low, Marston
191 1652 37 42 &
255 1667 82 33 co.,
367 1651 76 41 ltd.
512 1648 267 55 (26-20412)

126 1732 400 72 Deichmann,
564 1731 195 59 Hilda
793 1731 326 58 Elizabeth
1160 1733 151 71 (von
1344 1732 278 73 Bunsen)
1663 1732 272 74 freifrau
1970 1749 140 55 von,

204 1813 187 56 1848-

122 1886 1969 151 Impressions and memories, by the Baroness Deichmann … London, J. Murray, 1926.
195 2043 61 51 xi,
289 2044 80 43 302
399 2057 39 39 p.
499 2042 153 53 front.,
680 2042 153 53 plates,
865 2048 136 47 ports.
1062 2044 150 43 22½cm.

123 2097 1967 114 © 1c. Aug. 12, 1926; A ad int. 8427; pubd. June 17; Baroness H. E. Deichmann, London. (26-20436)
129 2240 339 70 Devereux,
511 2242 216 73 Henry
762 2240 247 75 Kelsey.

209 2319 182 57 “The
436 2317 186 73 spirit
664 2318 68 59 of
783 2321 175 68 ’76”;
1003 2338 167 39 some
1211 2320 426 58 recollections
1679 2321 67 57 of
1786 2322 104 57 the
1931 2321 189 58 artist

129 2398 122 56 and
296 2397 102 56 the
444 2396 307 73 painting,
801 2398 82 71 by
929 2397 222 72 Henry
1195 2397 240 74 Kelsey
1481 2397 342 58 Devereux.
129 2396 1964 150 Cleveland,
323 2474 170 59 Priv.
524 2473 190 72 print,
744 2476 105 56 for
875 2476 102 56 the
1008 2476 244 70 author,
1282 2476 165 56 1926.

199 2551 1725 55 4 p. l., [13]–79 p., 1 l. col. mounted front., plates, ports. 24½cm.
203 2608 137 45 “Five
376 2609 203 44 hundred
618 2610 147 52 copies
803 2609 52 45 of
893 2610 90 43 this
1019 2609 180 44 volume
1238 2624 120 30 were
1397 2608 221 55 privately
1654 2609 190 54 printed,
1882 2624 58 30 on
129 2609 1970 101 Alexandra
304 2666 250 43 handmade
587 2680 148 39 paper,
770 2667 57 52 by
862 2666 76 45 the
973 2666 178 44 Arthur
1187 2667 60 42 H.
1288 2666 140 45 Clark
1463 2680 218 39 company
1716 2673 47 38 at
1799 2665 241 45 Cleveland
2076 2664 43 44 in

132 2722 73 44 the
232 2722 157 45 month
419 2723 51 43 of
497 2722 144 53 April,
677 2722 147 45 1926.”

471 2778 1650 54 CONTENTS. — Archibald M. Willard, a brief sketch.—The fifer, Hugh
133 2835 360 46 Mosher.—The
527 2838 228 42 drummer
792 2837 100 52 boy,
928 2836 165 53 Henry
1127 2836 168 53 Kelsey
1334 2837 254 44 Devereux.
1591 2838 132 42 —An
1761 2836 124 53 early
1919 2843 202 42 account,

132 2892 60 53 by
219 2893 41 52 J.
293 2892 49 50 F.
378 2892 324 53 Ryder.—The
735 2893 295 53 preliminary
1058 2892 206 45 sketches
1296 2895 87 43 and
1415 2892 204 54 replicas.

130 2947 53 54 ©
220 2948 119 53 Sept.
376 2950 63 51 13,
474 2949 128 53 1926;
636 2950 63 43 2c.
738 2950 119 53 Sept.
894 2950 74 52 13;
1003 2950 78 43 aff.
1117 2950 100 44 Oct.
1258 2950 72 51 12;
1367 2950 43 42 A
1446 2948 188 54 950472;
1669 2950 61 43 H.
1767 2949 58 43 K.
1861 2950 259 51 Devereux,

198 3007 250 52 Wickliffe,
489 3008 54 43 O.
612 3006 269 54 (26-20339)

134 3090 338 73 Fairchild,
512 3092 166 58 Fred
715 3092 255 74 Rogers,
1014 3097 189 56 1877-

205 3170 1848 76 Essentials of economics, by Fred Rogers Fairchild …
129 3249 152 58 New
335 3247 190 73 York,
587 3246 353 63 Cincinnati
1002 3254 145 69 [etc.]
1209 3249 334 60 American
1601 3251 158 58 book
1819 3269 303 54 company

133 3355 13 43 [
147 3334 20 22 c
170 3327 164 71 1926]

202 3404 78 45 543
307 3419 40 35 p.
376 3405 100 44 incl.
505 3406 150 49 front.,
682 3406 133 50 illus.,
843 3407 166 49 diagrs.
1073 3406 51 45 19
1129 3409 46 17 cm
1181 3442 9 8 .

203 3460 307 46 “References
541 3462 76 45 for
648 3462 179 45 further
856 3462 161 44 study”
1045 3471 47 37 at
1121 3462 84 45 end
1236 3465 53 42 of
1318 3464 109 43 each
1456 3464 195 49 chapter.

134 3512 53 54 ©
219 3514 101 44 Oct.
350 3515 64 50 29,
449 3514 128 52 1926;
610 3516 63 42 2c.
705 3516 86 42 and
823 3515 78 44 aff.
933 3516 118 43 Nov.
1084 3516 48 50 4;
1168 3517 42 41 A
1244 3514 188 54 950802;
1465 3515 245 45 American
1740 3517 120 45 book
1890 3533 66 29 co.

213 3571 267 55 (26-20084)

135 3655 244 73 Fraser,
423 3656 274 59 Edward
738 3658 220 73 Smith,
1003 3662 188 55 1891-

214 3734 211 57 Motor
448 3735 267 59 vehicles
746 3739 123 56 and
896 3738 167 56 their
1090 3738 252 72 engines;
1406 3760 37 36 a
1467 3740 302 71 practical
1797 3742 329 57 handbook

139 3830 77 38 on
243 3812 103 57 the
376 3832 160 54 care,
568 3813 216 71 repair
811 3816 122 56 and
960 3820 441 68 management
1428 3817 68 57 of
1524 3821 207 54 motor
1758 3820 212 58 trucks
2003 3822 125 56 and

138 3890 424 75 automobiles,
627 3891 106 57 for
794 3913 258 52 owners,
1120 3894 376 75 chauffeurs,
1563 3915 377 55 garagemen
2004 3899 122 60 and
