2609 4293
1193 3972 70 56 13

214 346 221 73 Reilly,
474 346 266 56 Thomas
776 342 278 68 Francis,
1093 345 188 56 1871-

290 435 335 58 Headache;
684 434 83 56 its
798 452 214 37 causes
1045 433 122 56 and
1193 434 355 68 treatment,
1577 432 83 69 by
1688 431 109 56 Dr.
1829 432 267 56 Thomas
2127 432 70 55 F.

215 506 1906 78 Reilly … Philadelphia, P. Blakiston’s son & co. [ c 1926]
283 602 74 52 vii,
386 600 82 46 246
497 616 39 38 p.
597 600 115 44 illus.
770 598 152 45 20½cm.

215 672 54 53 ©
298 675 97 50 Jan.
429 671 37 52 4,
501 670 128 52 1926;
661 671 65 42 2c.
756 670 88 42 and
876 669 76 42 aff.
985 669 99 50 Jan.
1118 666 48 53 5;
1199 667 44 42 A
1275 666 188 53 875742;
1500 668 50 42 P.
1588 667 238 44 Blakiston
1828 667 7 16 '
1842 682 19 28 s
1897 682 80 28 son
2010 668 37 42 &
2079 682 63 28 co.

293 727 241 55 (26-1093)

216 838 166 71 Rice,
421 836 282 62 William
740 835 217 71 North,
999 837 188 57 1845-

295 929 248 62 Science
588 932 124 56 and
755 927 295 71 religion;
1093 926 120 58 five
1258 926 291 59 so-called
1594 925 291 70 conflicts,
1927 928 83 69 by

214 927 1964 139 William
398 1008 202 56 North
635 1006 164 57 Rice.
883 1004 151 57 New
1067 1004 190 69 York,
1296 1001 370 67 Cincinnati,
1704 1004 130 57 The
1869 1002 332 72 Abingdon

213 1104 180 53 press
426 1115 13 41 [
440 1093 20 21 c
463 1084 164 71 1925]

284 1170 330 53 53 p. 17½ cm .
218 1237 53 54 ©
299 1239 118 44 Nov.
443 1239 66 50 21,
541 1236 103 44 1925;
698 1236 64 44 2c.
792 1237 87 42 and
906 1236 79 43 aff.
1013 1238 99 50 Jan.
1141 1236 37 50 4,
1209 1235 105 43 1926;
1368 1236 44 42 A
1441 1233 162 45 875701;
1659 1236 76 43 W.
1766 1235 59 42 N.
1856 1235 124 52 Rice,
287 1235 1896 111 Middletown,
453 1294 139 44 Conn.
661 1291 214 55 (26-878)

218 1407 245 72 Rockel,
499 1405 282 61 William
815 1404 274 73 Mahlon,
1126 1407 190 55 1855-

295 1502 128 57 The
452 1499 300 72 complete
780 1498 185 73 guide
993 1500 104 58 for
1129 1498 154 58 Ohio
1312 1497 311 72 township
1653 1495 251 71 officers,
217 1496 1965 153 containing

350 1578 85 57 all
461 1577 265 59 sections
755 1578 67 57 of
848 1577 104 58 the
978 1574 250 60 revised
1255 1576 267 58 statutes
1552 1574 347 72 applicable
1926 1578 62 54 to
219 1580 1964 146 township

395 1652 243 60 affairs,
671 1651 321 73 including
1029 1651 282 72 animals,
1346 1654 216 68 bonds,
1602 1649 256 74 ditches,
1897 1652 310 66 elections,

218 1733 228 68 fences,
478 1730 207 71 roads,
718 1730 260 69 schools,
1006 1728 303 72 taxation,
1339 1733 130 67 etc.,
1496 1728 151 58 with
1675 1730 203 58 forms
1909 1731 123 55 and
219 1729 1965 138 citations

411 1810 103 56 for
541 1808 103 58 the
672 1806 302 72 guidance
1002 1807 67 58 of
1095 1805 309 72 township
1433 1804 250 73 officers,
1711 1807 84 70 by
1819 1804 277 60 William
2124 1806 82 56 M.

219 1879 1988 74 Rockel … 20th ed. Cincinnati, The W. H. Anderson co.,
220 1964 164 55 1925.

287 2049 818 53 2 p. l., ii p., 2 l., 1211 p. 23½ cm
221 2117 53 54 ©
303 2120 107 43 Dec.
440 2118 66 52 30,
539 2116 127 54 1925;
696 2118 64 43 2c.
792 2118 86 43 and
907 2118 78 42 aff.
1014 2118 98 52 Jan.
1142 2118 37 50 2,
1214 2117 128 52 1926;
1378 2117 44 42 A
1453 2117 189 52 879111;
1674 2118 75 44 W.
1782 2119 62 44 H.
1874 2118 241 44 Anderson
2144 2134 66 28 co.

301 2174 213 55 (26-633)

226 2287 231 60 Sisters
491 2288 67 56 of
591 2285 400 72 Providence,
1026 2285 184 60 Saint
1241 2285 695 74 Mary-of-the-Woods,
2050 2287 53 57 Ind.

300 2377 322 72 Thoughts
662 2379 103 56 for
803 2398 124 52 you
967 2380 123 56 and
1128 2397 97 38 me
1268 2379 96 71 [by]
1426 2377 236 58 Sisters
1704 2379 66 56 of
1809 2378 399 57 Providence.

224 2456 180 60 Saint
439 2455 674 72 Mary-of-the-Woods
1151 2485 12 43 [
1166 2463 18 21 c
1188 2456 164 71 1925]

294 2546 77 45 167
399 2559 42 39 p.
498 2545 52 43 21
560 2547 46 18 cm
612 2581 9 8 .

295 2617 166 45 Poems
497 2615 60 52 by
593 2614 167 48 Sisters
798 2616 140 51 Mary
971 2615 138 46 Viola
1147 2615 166 51 Burke,
1351 2615 139 53 Mary
1523 2615 206 46 Teresita
1767 2614 222 55 Frawley,
2027 2617 187 45 Loretta

223 2673 198 44 Therese
449 2671 228 52 Bierman,
710 2674 139 50 Mary
877 2674 255 42 Borromeo
1163 2673 182 50 Brown,
1376 2672 189 46 Francis
1597 2672 149 46 Cecile
1775 2672 156 46 Miller
1960 2676 86 43 and
2079 2675 136 51 Mary

222 2727 257 47 Theodosia
509 2730 130 50 Mug.

222 2794 56 54 ©
304 2797 109 43 Dec.
439 2796 66 50 24,
536 2795 130 52 1925;
693 2797 63 42 2c.
784 2797 99 50 Jan.
908 2796 39 51 2,
980 2795 129 52 1926;
1141 2796 77 42 aff.
1249 2796 107 43 Dec.
1385 2796 65 51 30,
1482 2794 129 54 1925;
1641 2797 44 42 A
1713 2796 190 53 879101;
1935 2798 185 43 Mother
2149 2799 66 44 M.

297 2852 235 53 Cleophas,
564 2852 133 52 sup’r.
730 2852 144 52 gen’l.,
913 2851 168 46 Sisters
1115 2852 51 43 of
1201 2853 292 51 Providence,
1530 2852 129 46 Saint
1694 2854 524 52 Mary-of-the-Woods,

295 2910 96 43 Ind.
460 2908 243 54 (26-1044)

228 3004 221 74 Smith,
489 3005 237 73 George
765 3004 248 73 Vivian,
1052 3008 189 57 1876-

303 3094 129 59 The
477 3095 467 72 Pennsylvania
988 3096 275 71 practice
1310 3100 98 53 act
1454 3096 67 57 of
1566 3098 167 69 1915,
1777 3096 152 58 with
224 3099 1975 146 amendments,

488 3174 342 56 annotated
870 3178 124 56 and
1033 3173 151 57 with
1227 3174 267 58 selected
1534 3174 219 57 forms.
1837 3175 77 57 2d
1959 3175 92 58 ed.
2125 3176 97 72 By

227 3251 1995 75 George V. Smith … New York, Clark Boardman co., ltd.,
228 3331 164 56 1926.

296 3419 125 54 xxvi,
456 3419 81 46 533
570 3434 40 39 p.
669 3421 53 43 23½cm.

229 3488 53 54 ©
311 3490 108 44 Dec.
449 3491 65 50 31,
547 3488 130 54 1925;
707 3491 64 43 2c.
801 3491 87 43 and
916 3491 78 43 aff.
1024 3491 99 52 Jan.
1154 3491 37 52 8,
1224 3491 129 52 1926;
1386 3492 44 42 A
1458 3491 188 53 875788;
1682 3492 140 44 Clark
1853 3493 257 43 Boardman
2141 3507 77 36 co.,

298 3546 78 45 ltd.
444 3546 214 54 (26-934)

232 3643 258 73 Selling,
525 3643 259 58 Anthon
816 3644 343 72 Jacobæus,
1197 3648 357 57 1847-1925.

308 3735 219 58 Dansk
561 3735 397 59 sømandsliv.
1033 3738 196 70 Kapt.
1266 3736 274 76 Søllings
1574 3739 412 72 optegnelser.
2059 3738 162 74 Udg.

235 3815 68 57 af
333 3812 209 61 Julius
579 3813 268 61 Clausen
880 3833 79 56 og
990 3814 68 57 P.
1093 3816 105 57 Fr.
1233 3813 159 61 Rist.
1469 3815 456 75 [Kjøbenhavn,
235 3816 1963 147 Gyldendal,
386 3891 276 61 Nordisk
688 3893 229 74 forlag,
949 3895 164 72 1925]
