2542 4285
1356 3989 113 56 482

488 443 96 53 xxi,
619 441 80 46 586
732 459 39 37 p.
832 443 129 52 illus.,
996 445 142 52 plates
1165 445 125 52 (part
1324 444 107 54 col.)
1498 446 53 42 24
1558 448 47 17 cm
1611 479 9 9 .

418 498 52 53 ©
502 500 111 51 Apr.
645 501 67 50 30,
748 500 106 44 1926
867 516 9 37 ;
907 501 66 44 2c.
1007 503 86 42 and
1123 503 78 42 aff.
1236 503 111 52 May
1381 503 46 51 1;
1460 502 44 42 A
1537 501 187 53 890587;
1761 504 48 41 P.
1846 501 272 44 Blakiston’s
2152 518 83 27 son
2267 504 37 42 &
2335 518 64 28 co.

496 555 267 55 (26-10021)

421 640 356 72 Carpenter,
820 641 215 58 Frank
1071 643 254 71 George,
1369 645 353 55 1855-1924.

566 733 1835 74 … The clothes we wear, by Frank G. Carpenter … and
423 810 274 59 Frances
742 811 364 72 Carpenter.
1187 811 151 58 New
1373 812 188 71 York,
1606 812 373 70 Cincinnati,
1998 816 145 70 [etc.]
420 813 1957 133 American

582 888 159 58 book
767 908 306 53 company
1101 920 12 43 [
1114 897 20 23 c
1138 890 162 72 1926]

494 968 1909 53 xi, [1], 198 p. incl. col. front., illus. (part col.) 21 × 17 cm . (Carpenter’s
418 1022 193 55 journey
636 1025 100 43 club
762 1023 194 53 travels)

417 1077 52 53 ©
499 1079 110 51 Apr.
638 1078 67 52 26,
739 1079 127 52 1926;
899 1080 64 42 2c.
994 1079 87 43 and
1110 1080 79 42 aff.
1219 1079 113 52 Apr.
1361 1080 78 52 28;
1474 1080 44 42 A
1550 1078 187 54 890509;
1773 1080 243 44 American
2047 1081 120 43 book
2198 1094 64 30 co.

494 1135 240 54 (26-9904)

423 1218 451 73 Chamberlain,
914 1219 238 73 Joseph
1188 1218 296 72 Scudder,
1525 1222 188 57 1870-
1869 1221 89 57 ed.

499 1294 355 73 Chemistry
882 1296 68 56 in
981 1296 402 72 agriculture,
1417 1316 39 38 a
1488 1296 390 71 cooperative
1913 1297 168 57 work
2112 1297 296 57 intended

419 1376 62 54 to
512 1372 138 73 give
679 1373 313 72 examples
1020 1375 67 56 of
1113 1375 103 57 the
1247 1374 451 60 contributions
1724 1376 180 56 made
1933 1379 63 53 to
2026 1375 379 72 agriculture

421 1451 1961 151 by chemistry, edited by Joseph S. Chamberlain … advisory
613 1529 1792 75 editor, C. A. Browne … New York, N. Y., The
421 1605 310 60 Chemical
760 1608 392 70 foundation,
1184 1609 116 57 inc.
1337 1639 14 42 [
1353 1617 18 23 c
1374 1611 163 71 1926]

485 1683 1716 56 xi p., 1 l., 384 p. front., illus., plates, ports., facsim., diagrs. 21cm.
413 1740 55 54 ©
497 1743 110 53 Apr.
638 1742 37 52 7,
708 1742 129 52 1926;
866 1743 66 43 2c.
962 1743 111 52 Apr.
1103 1744 78 52 21;
1214 1744 79 43 aff.
1321 1744 112 52 Apr.
1492 1742 48 53 17;
1572 1744 44 42 A
1644 1743 188 53 890543;
1868 1742 228 45 Chemical
2126 1742 276 52 foundation,

485 1799 81 43 inc.
635 1799 268 54 (26-10033)

422 1883 447 73 Compendium
910 1885 69 57 of
1018 1885 171 58 third
1233 1886 122 56 and
1397 1885 218 56 fourth
1655 1904 186 52 years
1883 1884 386 72 high-school

496 1903 1882 134 religion,
752 1963 333 75 according
1123 1968 63 55 to
1229 1965 102 57 the
1375 1961 450 74 requirements
1869 1965 68 57 of
1976 1964 103 57 the
2126 1961 282 60 Catholic

496 2042 367 72 university,
893 2042 318 73 including
1238 2064 36 37 a
1301 2040 346 74 particular
1678 2043 187 69 study
1892 2042 66 56 of
1986 2042 103 56 the
2116 2046 105 53 ten

495 2059 1888 120 commandments
929 2119 124 56 and
1092 2120 103 58 the
1235 2116 260 75 virtues,
1539 2116 302 73 compiled
1881 2120 168 56 from
2091 2116 317 60 authentic

494 2194 1887 141 sources by S. J. B. … Cincinnati, O., St. Ursula convent
670 2277 122 57 and
821 2276 298 71 academy
1147 2305 12 43 [
1163 2284 17 20 c
1184 2276 162 71 1926]

489 2352 843 54 5 p. l., [9]-622 p. front. 19½cm.
490 2411 215 45 Contains
734 2410 367 52 bibliographies.

414 2464 52 53 ©
497 2466 109 53 Apr.
636 2466 67 51 26,
738 2464 128 51 1926;
898 2465 64 43 2c.
996 2465 110 52 May
1141 2465 46 51 1;
1222 2463 77 44 aff.
1333 2462 112 53 Apr.
1479 2463 77 52 30;
1590 2463 44 42 A
1667 2460 186 54 890582;
1889 2461 215 45 Ursuline
2137 2476 126 35 nuns,
484 2459 1898 106 Cincinnati.
729 2520 243 55 (26-9838)

420 2607 247 68 Counts,
706 2606 239 72 George
981 2604 335 74 Sylvester,
1354 2607 189 56 1889-

496 2683 127 58 The
648 2683 208 59 senior
874 2682 152 72 high
1051 2682 207 57 school
1281 2682 389 70 curriculum,
1694 2681 82 71 by
1799 2680 241 72 George
2065 2679 60 59 S.
2152 2678 250 59 Counts.

423 2759 286 74 Chicago,
744 2762 117 71 Ill.,
897 2761 128 56 The
1059 2759 372 71 University
1466 2760 67 56 of
1568 2758 268 73 Chicago
1876 2787 14 43 [
1892 2765 18 23 c
1913 2760 162 70 1926]

486 2838 79 51 xii„
604 2839 77 44 160
717 2853 40 37 p.
794 2838 103 44 incl.
934 2838 154 44 tables.
1152 2840 51 42 23½
1240 2840 47 17 cm
1294 2873 8 8 .
1406 2838 72 44 (On
1516 2852 154 29 cover:
1715 2835 373 54 Supplementary
2125 2834 278 44 educational

418 2895 317 52 monographs,
762 2896 100 51 pub.
887 2897 46 42 in
960 2894 293 53 conjunction
1279 2895 109 43 with
1414 2894 73 44 the
1517 2892 164 47 School
1708 2894 163 43 review
1898 2894 87 42 and
2011 2892 83 46 the.
2113 2890 290 53 Elementary

417 2953 155 44 school
592 2954 196 52 journal,
811 2968 71 28 no.
905 2953 80 53 29)

409 3010 57 53 ©
497 3011 104 44 Feb.
632 3011 40 51 9,
705 3011 128 52 1926;
866 3011 65 43 2c.
962 3010 87 44 and
1080 3011 77 42 aff.
1191 3010 119 42 Mar.
1348 3010 72 50 10;
1456 3009 44 42 A
1532 3007 188 53 879819;
1754 3005 267 54 University
2053 3006 51 44 of
2135 3003 212 55 Chicago.

492 3068 267 54 (26-10002)

420 3151 252 74 Crosby,
713 3152 274 57 Caresse.

497 3227 1905 77 Graven images, by Caresse Crosby … Boston and
419 3311 149 57 New
594 3308 190 73 York,
811 3307 340 73 Houghton
1178 3304 214 61 Mifflin
1421 3324 320 53 company,
1771 3305 164 57 1926.

488 3388 551 51 ix, 101, [1] p. 19½ cm .
491 3445 177 44 Poems.

411 3495 55 54 ©
499 3498 111 51 Apr.
644 3497 66 50 30,
746 3496 128 52 1926;
908 3495 65 44 2c.
1009 3495 111 52 May
1154 3495 49 51 3;
1240 3494 77 42 aff.
1354 3494 112 51 May
1503 3493 46 51 1;
1586 3492 44 42 A
1664 3491 187 51 891244;
1890 3489 48 45 C.
1975 3489 188 52 Crosby,
2200 3489 144 42 Paris.

492 3552 268 56 (26-10082)

415 3638 195 70 Dana,
652 3636 278 58 Richard
968 3636 256 70 Turner,
1266 3635 189 58 1876-

497 3715 128 58 The
655 3715 219 72 bridge
910 3719 64 54 at
1004 3713 317 72 Windsor,
1353 3711 125 73 Vt.,
1512 3712 122 57 and
1665 3711 85 58 its
1785 3708 309 59 economic
418 3706 1959 160 implications,

643 3782 1757 83 by Richard T. Dana … New York, Codex book
420 3890 320 53 company,
766 3871 136 73 inc.,
927 3871 170 57 1926.
