2609 4293
1023 3948 109 55 155

85 317 150 56 New
266 315 222 71 Jersey
516 310 270 74 cavalry.
854 312 157 57 102d
1043 316 175 67 regt.,
1250 311 188 56 1921-

158 405 266 69 History
449 403 66 56 of
540 402 102 56 the
671 401 202 56 Essex
896 403 203 67 troop,
1126 399 357 69 1890-1925,
1510 399 150 55 with
1688 418 35 36 a
1751 398 313 57 foreword

81 475 1982 79 by Major-General James G. Harbord … Newark, N. J.,
82 555 929 72 Essex troop armory [ c 1925]
215 640 1851 57 xv, 286 p., 1 l. front. (col. coat of arms) illus. (incl. ports., maps) diagr.
83 703 51 42 20
141 705 46 17 cm
193 737 8 8 .

80 770 55 53 ©
161 772 117 42 Nov.
302 771 65 50 20,
398 768 127 52 1925;
553 770 65 42 2c.
644 769 85 42 and
754 769 78 42 aff.
859 769 97 51 Jan.
984 766 37 53 5,
1051 767 128 52 1926;
1209 767 44 41 A
1281 765 187 53 879137;
1499 766 147 46 Essex
1674 774 144 45 troop,
1846 766 217 52 Newark,

152 828 58 42 N.
244 829 39 51 J.
352 826 240 53 (26-4498)

82 938 150 57 New
267 937 173 58 York
513 936 172 73 (City)
778 935 401 74 Ordinances,
1218 939 110 54 etc.

158 1028 151 57 New
346 1027 164 58 Code
546 1028 66 56 of
649 1025 366 58 ordinances
1054 1026 67 55 of
1156 1025 104 55 the
1299 1025 127 71 city
1462 1026 67 56 of
1564 1026 152 57 New
1748 1025 190 74 York,
82 1027 1959 149 including

370 1104 103 57 the
516 1103 302 70 Sanitary
857 1104 166 67 code,
1064 1103 103 56 the
1211 1101 300 74 Building
1551 1103 150 57 code
1743 1104 124 57 and
1904 1104 162 71 park

82 1181 382 73 regulations
500 1182 270 69 adopted
805 1179 163 58 June
1006 1180 87 70 20,
1132 1180 165 72 1916,
1331 1178 151 58 with
1518 1179 85 57 all
1638 1180 426 59 amendments

82 1264 62 52 to
171 1259 291 69 January
485 1260 52 69 1,
564 1257 145 56 1926
739 1258 120 55 and
889 1255 299 72 complete
1214 1256 189 57 index
1428 1259 62 54 to
1518 1256 214 71 whole,
1762 1256 303 72 compiled

83 1331 1983 76 and annotated by Arthur F. Cosby … New York, The
81 1412 210 57 Banks
323 1412 120 56 law
473 1410 362 73 publishing
866 1429 105 54 co.,
1007 1410 164 56 1926.

152 1500 512 53 1 p. l, 687 p. 18 cm .
151 1572 207 43 Lettered
385 1585 56 28 on
471 1584 159 29 cover:
666 1568 186 53 Cosby’s
882 1569 110 43 code
1021 1568 52 44 of
1103 1568 278 45 ordinances.

81 1639 53 54 ©
165 1640 106 44 Feb.
310 1642 60 48 11,
408 1639 129 52 1926;
570 1639 64 43 2c.
667 1639 85 42 and
785 1637 79 45 aff.
897 1637 105 44 Feb.
1039 1637 73 52 16;
1146 1638 44 42 A
1221 1637 191 53 879578;
1450 1638 151 43 Banks
1636 1639 86 44 law
1755 1640 99 52 pub.
1888 1655 65 28 cc.

160 1696 240 54 (26-4378)

82 1808 278 72 O’Brien,
397 1806 274 59 Edward
703 1807 238 71 Joseph
975 1805 407 73 Harrington,
1423 1808 89 56 ed.

159 1900 130 56 The
318 1899 137 56 best
486 1899 177 56 short
692 1898 225 56 stories
949 1897 66 56 of
1045 1898 164 70 1925,
1241 1899 121 55 and
1393 1898 103 56 the
1524 1898 316 72 yearbook
1868 1898 66 57 of
1964 1900 104 56 the

81 1977 334 60 American
445 1976 177 57 short
650 1979 190 66 story.
910 1975 114 56 Ed.
1053 1976 83 70 by
1163 1974 275 58 Edward
1467 1976 59 56 J.
1557 1975 291 58 O’Brien.
81 1977 1963 150 Boston,
239 2054 211 69 Small,
484 2053 311 72 Maynard
825 2052 48 57 &
903 2072 304 53 company
1240 2054 180 74 [1926]

147 2142 682 54 xvii p., 1 l., 449 p. 19½ cm .
81 2211 53 54 ©
161 2214 98 51 Jan.
287 2214 65 50 29,
387 2212 128 52 1926;
545 2213 63 42 2c.
639 2211 105 44 Feb.
777 2211 48 52 5;
856 2212 78 43 aff.
964 2211 106 44 Feb.
1099 2213 51 50 4;
1181 2212 44 41 A
1254 2211 190 52 879491;
1480 2211 154 54 Small,
1666 2213 225 52 Maynard
1922 2214 38 43 &
1987 2227 81 38 co.,

150 2270 82 43 inc.

84 2379 421 70 Odd-fellows,
561 2378 426 72 Independent
1039 2378 184 58 order
1274 2378 84 57 of.
1466 2379 348 74 Sovereign
1865 2381 206 71 grand

155 2459 197 71 lodge.

81 2547 1988 152 Journal of proceedings of the 101st annual communication of the Sovereign grand lodge … held in city of
81 2705 320 70 Portland,
439 2704 264 71 Oregon,
742 2703 365 71 September
1140 2705 138 56 21st
1309 2708 62 52 to
1407 2704 161 72 25th,
1606 2706 165 71 1925,
1805 2705 151 56 with
1991 2725 79 36 an

82 2780 1988 75 appendix … Baltimore, Md., The Sovereign grand lodge,
79 2860 48 55 I.
221 2906 10 9 O.
325 2906 10 10 O.
371 2859 90 72 F.,
497 2861 164 55 1925.

147 2950 94 51 461,
272 2964 108 36 xxv,
413 2947 47 44 51
493 2963 41 37 p.
592 2948 56 44 22
653 2951 45 17 cm
705 2983 9 8 .

79 3017 55 53 ©
172 3019 107 42 Dec.
315 3018 67 51 26,
424 3016 128 52 1925;
591 3018 64 43 2c.
695 3019 85 42 and
818 3018 77 43 aff.
934 3017 106 45 Feb.
1079 3016 35 52 5,
1156 3017 131 52 1926;
1325 3019 44 41 A
1405 3017 191 53 883175;
1639 3017 248 55 Sovereign
1925 3021 144 50 grand

151 3075 131 52 lodge
309 3075 52 43 of
386 3074 74 43 the
492 3075 304 51 Independent
825 3075 135 42 order
989 3074 51 44 of
1072 3074 102 44 Odd
1206 3074 192 43 fellows.

83 3171 398 74 Oppenheim,
521 3172 274 57 Edward
830 3170 284 75 Phillips,
1155 3173 189 58 1866-

158 3263 128 57 The
320 3263 223 71 golden
574 3263 196 75 beast,
804 3263 83 71 by
919 3262 73 57 E.
1028 3262 268 73 Phillips
1332 3261 406 74 Oppenheim.
1808 3263 257 73 Boston,

80 3340 208 75 Little,
313 3340 245 73 Brown,
585 3341 123 57 and
731 3359 320 54 company,
1078 3341 166 57 1926.

150 3432 629 53 3 p. l., [3]-298 p. 19½ cm .
82 3498 53 54 ©
161 3500 106 43 Feb.
295 3501 63 51 16,
385 3501 127 51 1926;
536 3502 66 43 2c.
626 3502 87 43 and
737 3502 78 44 aff.
843 3501 106 45 Feb.
978 3502 73 51 18;
1080 3503 44 41 A
1152 3500 190 54 879595;
1369 3500 52 48 E.
1451 3503 51 43 P.
1532 3502 294 53 Oppenheim,
1853 3502 215 52 Woking,

151 3555 220 54 England.
440 3558 241 53 (26-4419)

84 3654 254 72 Osborn,
377 3654 338 58 Frederick
747 3655 259 73 Arthur,
1046 3659 188 57 1871-

159 3744 263 72 Physics
459 3746 67 57 of
560 3747 103 56 the
699 3747 210 70 home;
948 3767 36 37 a
1018 3746 318 59 text-book
1369 3748 105 57 for
1507 3747 180 59 home
1724 3747 341 59 economics

85 3824 284 58 students
401 3823 65 58 in
498 3825 245 58 normal
776 3825 259 73 schools,
1071 3825 264 74 colleges
1372 3826 123 58 and
1526 3825 422 74 universities,
1985 3828 83 71 by
