2542 4285
1078 4053 147 57 1455

134 434 336 71 Sollmann,
520 429 231 59 Torald
795 428 335 69 Hermann,
1180 427 188 57 1874-

209 524 59 56 A
318 524 251 55 manual
620 520 66 59 of
737 515 486 75 pharmacology
1273 516 123 56 and
1450 513 82 59 its
1586 511 413 73 applications
2054 516 63 55 to

137 589 1984 84 therapeutics and toxicology, by Torald Sollmann … 3d
136 681 111 72 ed.,
302 678 265 70 entirely
620 677 183 56 reset.
905 668 438 74 Philadelphia
1396 670 123 57 and
1571 668 276 70 London,
1898 666 97 60 W.
2050 666 68 58 B.

138 757 317 59 Saunders
486 770 303 55 company
820 779 13 43 [
833 760 20 21 c
856 750 163 72 1926]

211 823 978 60 1 p. l., 9-1184 p. illus., diagrs. 25 cm .
208 887 351 56 Bibliography:
594 901 39 39 p.
672 883 256 47 1069-1164.

133 947 55 54 ©
223 949 106 42 Dec.
363 947 40 50 4,
441 944 127 51 1926;
605 942 64 45 2c.
703 942 87 43 and
823 940 79 44 aff.
938 940 110 44 Dec.
1084 938 49 51 9;
1172 937 43 43 A
1251 935 188 53 958290;
1478 937 74 44 W.
1590 936 50 43 B.
1679 935 227 47 Saunders
1944 949 65 29 co.

213 1002 267 56 (26-23202)

139 1103 260 72 Steiner,
431 1099 251 60 Rudolf.

213 1189 660 73 Anthroposophische
948 1185 414 73 lebensgaben
1382 1208 10 47 ;
1471 1184 286 57 Berliner
1830 1184 297 73 vorträge

139 1260 1987 82 1918 ( VII - XIV ) von dr. Rudolf Steiner. Given as private
137 1350 267 57 lectures
437 1350 63 54 to
533 1344 102 58 the
666 1344 307 56 members
1009 1342 68 56 of
1106 1341 103 57 the
1243 1339 618 73 Anthroposophical
1895 1339 234 72 society

141 1428 159 70 only.
380 1422 325 77 [Dornach,
741 1417 869 73 Phil.-anthroposophischer
1646 1418 238 72 verlag,
1923 1419 147 55 1926]

202 1503 198 43 Various
432 1499 176 53 paging,
670 1498 129 51 illus.,
832 1496 144 54 diagr.
1032 1495 56 45 29
1096 1497 46 19 cm
1147 1529 10 10 .

138 1548 1992 66 © Oct. 5, 1926; 1c. Nov. 1; A—Foreign 32113; Phil.-anthroposophischer
207 1617 169 52 verlag.

142 1712 395 70 Sutherland,
573 1712 180 58 Joan.

216 1804 285 56 Divorce,
581 1802 89 71 pt.
705 1801 49 57 5.

235 1885 60 39 (In
331 1881 145 41 Novel
511 1878 256 53 magazine,
806 1878 110 52 Oct.,
955 1876 127 51 1926)

142 1929 1934 61 © 1c. Nov. 18, 1926; A ad int. 8781; pubd. Sept. 22; Joan Kelly, London.
144 2053 241 70 Sutton,
431 2049 277 60 Richard
749 2047 367 75 Lightbum,
1164 2050 188 57 1878-

224 2134 1845 79 Tiger trails in southern Asia, by Richard L. Sutton …
145 2217 149 61 with
343 2219 109 56 115
501 2216 270 75 original
817 2215 437 58 illustrations.
1360 2215 89 58 St.
1501 2214 209 73 Louis,
1765 2216 128 58 The
1947 2215 64 63 C.
2063 2215 74 59 Y.

147 2297 226 73 Mosby
401 2312 319 55 company,
754 2294 164 59 1926.

218 2368 1280 57 3 p. l., 11-207 p. incl. illus., map. front. 23½ cm .
146 2428 54 56 ©
228 2431 119 44 Nov.
376 2430 66 52 29,
474 2429 128 52 1926;
633 2429 64 44 2c.
727 2429 107 43 Dec.
865 2429 48 51 4;
945 2429 78 43 aff.
1054 2428 108 45 Dec.
1192 2427 49 54 6;
1274 2428 43 43 A
1345 2426 191 56 957453;
1570 2427 48 45 C.
1647 2429 56 42 V.
1737 2429 167 52 Mosby
1933 2443 65 29 co.

225 2487 268 56 (26-23200)

148 2588 218 57 Texas.
450 2587 201 75 Laws,
695 2590 287 67 statutes,
1029 2591 110 54 etc.

224 2676 316 59 Vernon’s
573 2678 342 57 annotated
948 2674 165 61 Code
1148 2677 66 57 of
1248 2675 285 60 criminal
1563 2678 343 70 procedure
1941 2677 67 57 of
2039 2679 103 56 the

153 2759 160 56 state
358 2756 69 57 of
473 2755 221 71 Texas,
741 2754 275 58 revision
1062 2754 70 58 of
1175 2755 168 71 1925,
1387 2753 319 76 including
1750 2756 84 58 all
1879 2756 152 59 laws
2076 2756 69 57 of

152 2834 253 73 general
439 2833 384 72 application
856 2834 233 70 passed
1122 2833 84 72 by
1236 2832 103 59 the
1377 2833 253 73 regular
1665 2834 240 59 session
1939 2833 68 58 of
2040 2834 102 57 the

153 2912 143 60 39th
323 2910 412 75 Legislature,
767 2910 151 58 with
944 2909 327 60 historical
1297 2913 200 69 notes,
1525 2914 179 56 notes
1738 2912 66 58 of
1838 2911 307 59 decisions

152 2986 1990 83 and references to forms … v. 1-3. Kansas City, Mo.,
150 3067 254 60 Vernon
433 3070 119 55 law
576 3067 160 59 book
766 3085 322 51 company,
1120 3069 164 56 1926.

220 3146 24 43 3
302 3179 10 10 v.
369 3144 56 44 26
430 3146 47 19 cm
484 3179 7 9 .

226 3201 212 45 Lettered
471 3214 60 30 on
563 3214 161 32 cover:
757 3200 223 45 Vernon’s
1015 3201 244 46 annotated
1290 3199 207 47 criminal
1532 3207 190 39 statutes
1757 3201 51 45 of
1839 3201 76 44 the
1947 3209 116 36 state
2098 3200 52 44 of

154 3258 167 46 Texas.

227 3313 330 46 “Annotations
596 3329 76 31 are
708 3314 218 54 complete
965 3322 45 38 to
1051 3315 182 54 August
1275 3317 33 49 1,
1350 3313 103 47 1925
1493 3316 86 43 and
1618 3314 172 45 include
1831 3314 199 46 volumes
2070 3314 81 45 272

161 3372 142 47 South
344 3378 196 37 western
580 3379 217 46 reporter,
838 3369 23 46 5
902 3369 189 47 Federal
1136 3379 204 46 reporter
1389 3370 192 55 (second
1624 3371 160 54 series)
1836 3372 51 44 45
1934 3372 216 53 Supreme

156 3436 129 38 court
317 3428 243 53 reporter.”

228 3486 121 52 Kept
381 3500 57 38 up
471 3493 45 35 to
547 3484 100 46 date
678 3484 58 54 by
769 3483 284 46 Cumulative
1084 3484 280 53 quarterlies,
1425 3483 57 54 cf.
1520 3485 124 44 Pref.

155 3558 40 29 v.
226 3544 34 51 1,
286 3541 54 53 ©
370 3541 119 52 Sept.
521 3542 60 51 14,
612 3541 130 52 1926;
770 3557 41 28 v.
839 3541 38 50 2,
907 3539 53 54 ©
991 3540 121 55 Sept.
1143 3542 75 52 18;
1245 3557 41 28 v.
1315 3542 37 51 3,
1381 3540 53 54 ©
1465 3541 121 55 Sept.
1616 3542 75 52 24;
1721 3543 65 43 2c.
1818 3542 108 44 each
1955 3543 108 43 Dec.
2093 3544 50 49 2;

224 3600 102 43 affs.
352 3599 118 43 Nov.
493 3599 78 52 29;
600 3597 44 43 A
669 3597 383 54 958207-958209;
1082 3600 186 43 Vernon
1295 3599 88 44 law
1407 3598 119 45 book
1553 3614 65 30 co.

236 3656 267 55 (26-23212)

159 3754 214 74 Tilley,
418 3754 231 58 Morris
691 3754 262 71 Palmer,
999 3759 188 57 1876-

232 3843 410 63 Elizabethan
665 3850 272 70 proverb
959 3850 131 59 lore
1112 3849 66 59 in
1202 3851 161 74 Lyly
1375 3855 47 56 ’s
1446 3849 299 76 Euphues
1772 3851 122 58 and
1918 3850 65 58 in
156 3853 1968 133 Pettie’s

335 3925 205 62 Petite
573 3924 258 78 pallace,
864 3926 152 61 with
1048 3928 298 74 parallels
1380 3930 167 62 from
1584 3929 449 78 Shakespeare,
2068 3931 81 72 by
