2542 4285
1337 4018 111 56 942

394 397 272 71 Guerlin,
714 397 215 72 Henri,
974 399 338 57 1867-1922.

540 494 1844 73 … Grand’ mère Guillaume. Paris, Éditions de La vraie
395 574 259 72 France,
688 573 164 59 1926.

464 659 1857 66 217 p. 19 cm . (On cover: Éditions de La vraie France. S ie A, n° 30)
392 742 1765 57 © Apr. 26, 1926; 1c. Aug. 16; A—Foreign 31742; Dunod, Paris.
470 801 269 55 (26-15800)

395 900 237 69 Gulick,
665 900 178 59 Paul.

474 990 250 73 Strings
769 990 68 58 of
879 990 184 72 steel;
1104 990 323 60 novelized
1466 993 84 69 by
1590 990 160 57 Paul
1794 988 235 76 Gulick,
2071 988 170 59 from
2281 992 104 55 the

394 1068 340 59 Universal
763 1068 245 72 picture
1040 1068 69 58 of
1137 1069 104 57 the
1278 1087 168 38 same
1476 1087 181 39 name
1689 1071 83 69 by
1804 1066 209 74 Philip
2046 1066 188 58 Hurn
2265 1070 123 57 and

396 1144 194 59 Oscar
622 1146 201 71 Lund,
856 1145 363 59 illustrated
1249 1146 154 58 with
1436 1165 209 40 scenes
1683 1144 170 58 from
1886 1145 105 58 the
2024 1143 362 74 photoplay.

394 1223 151 58 New
570 1223 191 75 York,
793 1223 159 59 Gros
961 1228 93 54 set
1083 1224 48 58 &
1158 1223 251 73 Dunlap
1443 1252 14 44 [
1459 1231 19 23 c
1481 1224 164 72 1926]

463 1311 940 54 4 p. l., 276 p. front., plates. 19½ cm .
393 1365 54 54 ©
475 1368 120 53 Aug.
627 1367 65 52 25,
727 1369 129 50 1926;
890 1371 64 41 2c.
986 1370 90 43 and
1108 1369 79 45 aff.
1219 1370 122 51 Aug.
1372 1369 77 52 27;
1484 1368 46 43 A
1558 1369 189 52 897978;
1784 1367 193 46 Grosset
2008 1369 38 44 &
2077 1369 200 53 Dunlap.

470 1423 269 55 (26-15064)

395 1523 165 73 Hall,
598 1524 262 58 Newton
896 1524 324 70 Marshall,
1259 1527 147 56 1865–

393 1615 1972 138 … Tales of pioneers and kings; with illustrative material
609 1696 168 56 from
810 1692 267 74 English
1110 1696 124 57 and
1265 1693 336 59 American
1633 1694 350 71 literature,
2013 1697 84 70 by
2127 1696 262 58 Newton

394 1757 1997 88 Marshall Hall, D. D. Boston, New York [etc.] Ginn and
394 1866 307 56 company
729 1880 13 42 [
745 1858 17 20 c
766 1849 164 72 1926]

499 1927 26 50 xi,
563 1928 84 44 234
684 1941 41 37 p.
786 1927 82 43 col.
909 1928 154 50 front.,
1104 1925 118 45 illus.
1285 1926 49 44 19
1341 1929 46 17 cm
1394 1960 9 9 .
1472 1925 206 55 (Stories
1718 1929 53 45 of
1808 1929 75 45 the
1919 1927 380 47 commonwealth
2340 1928 50 47 of

396 1983 169 51 Israel)

391 2034 53 53 ©
467 2036 108 53 July
599 2035 36 51 7,
664 2037 130 51 1926;
820 2039 65 41 2c.
911 2037 91 42 and
1027 2035 78 44 aff.
1132 2036 122 53 Aug.
1278 2037 51 50 6;
1357 2037 44 42 A
1424 2036 190 53 897678;
1643 2034 122 46 Ginn
1791 2037 90 44 and
1908 2054 66 27 co.

469 2091 269 55 (26-15150)

394 2191 379 73 Hambruch,
821 2191 175 69 Paul,
1046 2194 190 56 1882-

392 2282 1978 152 … Oceanische rindenstofte. Oldenburg i. O., G. Stalling
555 2389 14 44 [
571 2370 18 21 c
593 2362 163 72 1926]

466 2435 1786 59 74 p., 2 l., 76-81, [2] p. col. front., illus., plates (part col.) 25½ cm .
467 2496 114 45 “Die
619 2504 151 36 ersten
809 2496 291 44 dreihundert
1139 2495 259 53 exemplare
1436 2496 145 45 dieser
1621 2497 180 53 auflage
1843 2495 217 49 erhielten
2098 2497 65 45 als
2206 2497 189 54 beigabe

395 2554 70 44 ein
492 2554 132 43 stück
652 2552 469 53 originalrindenstoff
1149 2568 81 29 aus
1262 2552 208 48 Samoa.”

465 2610 312 45 “Literatur”:
812 2626 40 37 p.
889 2610 80 47 [82]

393 2664 1942 56 © Mar. 29, 1926; 1c. June 7; A —Foreign 31159; Gerhard Stalling, a.-g.
470 2722 269 55 (26-15798)

396 2820 1080 74 Harrower, Henry Robert, 1883 –
473 2911 128 59 The
635 2910 364 58 endocrines
1034 2911 124 57 and
1188 2911 531 73 blood-pressure,
1750 2914 84 69 by
1865 2912 223 72 Henry
2119 2913 72 57 R.
395 2913 1970 146 Harrower,

876 2988 1515 76 M. D. Glendale, Calif., The Harrower laboratory,
393 3065 135 71 inc.,
560 3066 165 57 1926.

464 3141 676 54 224 p. diagrs. 15 ½ × 8 cm .
467 3197 183 44 “Books
679 3212 61 28 on
766 3197 407 53 blood-pressure”
1190 3213 9 29 :
1228 3214 42 37 p.
1297 3197 151 46 25-26.

391 3251 54 54 ©
477 3254 120 51 Aug.
635 3254 63 50 16,
734 3254 130 51 1926;
901 3256 63 41 2c.
999 3253 92 44 and
1125 3254 79 46 aff.
1240 3255 121 52 Aug.
1396 3256 78 52 23;
1512 3256 44 42 A
1589 3256 189 52 947092;
1818 3257 258 43 Harrower
2111 3258 279 54 laboratory,

460 3307 85 45 inc.
615 3308 270 56 (26-15126)

396 3407 288 73 Hawkes,
727 3409 271 58 Herbert
1039 3409 240 73 Edwin,
1323 3414 148 56 1872–

472 3500 151 57 New
659 3502 228 57 second
921 3519 219 38 course
1176 3500 65 57 in
1279 3501 273 72 algebra.
1631 3502 139 58 Enl.
1810 3503 91 59 ed.
1980 3504 100 72 By
2113 3504 277 60 Herbert

395 3576 1995 76 E. Hawkes … William A. Luby … and Frank C. Touton
463 3653 1848 80 … Boston, New York [etc.] Ginn and company [ c 1926]
467 3728 62 53 ix,
552 3729 84 44 417
661 3744 41 38 p.
755 3738 157 44 ports.,
941 3730 170 54 diagrs.
1171 3733 50 44 19
1229 3735 45 17 cm
1282 3767 8 9 .
1349 3732 368 47 [Mathematical
1743 3742 126 37 texts
1901 3736 78 44 for
2008 3736 196 52 schools,
2234 3736 69 45 ed.
2333 3737 59 51 by

399 3785 50 45 P.
480 3784 49 46 F.
559 3785 166 47 Smith]

393 3838 54 54 ©
469 3840 109 54 July
600 3841 67 52 20,
694 3843 129 50 1926;
851 3844 65 41 2c.
944 3843 120 52 Aug.
1091 3844 78 50 20;
1200 3844 78 44 aff.
1304 3846 122 52 Aug.
1456 3846 75 50 17;
1561 3847 44 42 A
1631 3847 188 51 897899;
1852 3848 61 43 H.
1942 3847 52 47 E.
2023 3849 220 53 Hawkes,
2272 3850 120 43 New

462 3897 144 51 York,
639 3897 207 44 William
879 3899 55 44 A.
969 3899 142 55 Luby,
1148 3901 182 43 Kansas
1368 3900 116 54 City,
1518 3902 110 51 Mo.,
1661 3903 90 43 and
1785 3902 158 45 Frank
1977 3903 49 46 C.
2061 3903 202 55 Touton,
2297 3907 94 47 Los

462 3952 217 54 Angeles.
749 3954 271 55 (26-15128)
