2609 4293
1397 3997 73 54 30

458 348 359 71 Stammers,
855 348 239 72 George
1131 347 220 59 Elliott
1388 348 230 69 Frank,
1658 351 189 56 1873-

532 435 1845 74 The fight against infection, by G. E. F. Stammers …
455 508 1980 80 with a preface by Dr. Andrew Balfonr … London,
454 591 205 57 Faber
689 594 123 56 and
839 591 240 72 Gwyer,
1108 593 129 68 ltd.,
1268 592 165 59 1925.

519 668 83 45 214
626 682 41 38 p.
724 667 118 44 illus.
872 667 129 52 (incl.
1029 668 152 52 maps)
1272 668 24 45 17
1303 672 47 17 cm
1356 704 9 8 .
1431 667 289 53 (Half-title:
1741 668 102 45 The
1869 670 196 44 Modern
2088 671 151 44 health
2266 674 171 49 books)

451 719 1990 60 © 1c. Nov. 21, 1925; A ad int. 7609; pubd. Oct. 28; G. E. F. Stammers,
522 779 198 43 London.
791 779 241 54 (26-2889)

453 877 243 72 Strack,
736 877 209 59 Lilian
981 877 272 59 Holmes.

532 966 260 59 Contest
814 967 271 57 winners
1114 968 106 56 for
1242 967 172 71 prize
1446 966 318 74 speaking,
1795 967 167 57 from
1989 969 102 56 the
2123 970 225 57 stories
2379 972 66 56 of

452 1044 270 72 popular
771 1044 280 71 writers;
1113 1045 316 71 arranged
1481 1044 84 71 by
1618 1043 207 58 Lilian
1880 1044 258 60 Holmes
2202 1047 239 58 Strack.

448 1122 258 71 Boston,
735 1122 243 56 Walter
1007 1122 78 56 H.
1117 1122 212 56 Baker
1355 1139 322 53 company,
1710 1122 165 56 1925.

523 1196 76 45 174
629 1212 38 38 p.
730 1198 51 43 19
787 1200 46 17 cm
840 1232 8 7 .

448 1252 52 53 ©
529 1255 107 42 Dec.
665 1255 64 50 31,
765 1252 129 53 1925;
923 1254 64 43 2c.
1016 1255 85 42 and
1130 1254 77 43 aff.
1238 1253 97 52 Jan.
1365 1256 39 48 8,
1435 1252 129 53 1926;
1597 1253 44 42 A
1670 1250 189 56 875796;
1891 1255 180 43 Walter
2101 1257 61 41 H.
2195 1257 151 42 Baker
2375 1272 65 28 co.

525 1309 242 55 (26-1394)

449 1409 229 72 Stratz,
717 1409 254 72 Rudolf,
1012 1413 190 56 1864-

528 1504 280 58 Schwert
853 1503 128 58 und
1027 1502 198 72 feder,
1274 1500 459 75 erinnerungen
1782 1520 114 41 aus
1942 1503 233 73 jungen
2220 1505 221 71 jahren

447 1600 122 39 von
626 1581 294 71 Rudolph
980 1580 228 59 Stratz.
1293 1581 50 54 1.
1402 1579 96 59 bis
1558 1581 87 55 10.
1707 1582 283 57 tausend.
2074 1582 233 70 Berlin,
2367 1585 75 54 A.

451 1658 233 73 Scherl,
713 1678 54 53 g.
795 1675 78 42 m.
901 1658 55 57 b.
983 1658 59 57 h.
1072 1688 13 42 [
1088 1666 18 21 c
1110 1656 164 74 1925]

515 1734 1001 53 2 p. l., 216, [1] p. front., ports. 20 cm .
445 1787 1995 56 © Nov. 25, 1925; 1c. Feb. 2, 1926; A—Foreign 30027; August Scherl,
513 1862 42 37 g.
586 1863 55 27 m.
671 1848 39 42 b.
740 1846 42 42 h.
851 1845 242 54 (26-6669)

447 1944 252 59 Studies
729 1946 67 55 in
829 1945 272 57 rhetoric
1123 1945 122 57 and
1263 1944 212 71 public
1492 1944 321 72 speaking,
1836 1944 66 57 in
1919 1945 200 57 honor
2137 1945 68 57 of

2222 1947 217 57 James
521 2023 223 59 Albert
777 2022 284 71 Winans,
1097 2022 82 71 by
1212 2021 211 73 pupils
1462 2022 125 58 and
1621 2022 367 73 colleagues.
2064 2022 153 59 New
2249 2023 191 74 York,

524 2102 131 56 The
686 2100 280 72 Century
993 2119 106 53 co.,
1131 2101 164 56 1925.

513 2175 848 55 6 p. l., 3-299 p. 24½ cm . $3.50
515 2233 139 44 “This
691 2233 165 43 edition
893 2233 36 43 is
966 2232 173 44 limited
1175 2241 49 35 to
1259 2231 108 45 four
1398 2231 205 45 hundred
1638 2232 190 52 copies.”
1897 2232 111 45 This
2045 2248 112 38 copy
2195 2241 77 37 not
443 2248 1971 85 numbered.

514 2345 125 44 “The
671 2345 214 52 planning
917 2345 87 43 and
1034 2344 184 53 general
1252 2343 172 55 editing
1454 2343 52 45 of
1536 2343 75 45 the
1642 2343 180 45 volume
1856 2344 80 45 has
1969 2345 112 44 been
2112 2345 41 43 in
2187 2345 166 53 charge
2387 2344 53 45 of

444 2402 54 43 A.
531 2403 65 42 M.
628 2400 327 45 Drummond.”

793 2457 191 43 CONTENTS.—Plato
1022 2457 87 43 and
1144 2455 224 45 Aristotle
1403 2471 59 28 on
1497 2456 199 44 rhetoric
1732 2458 88 42 and
1855 2456 308 52 rhetoricians,
2202 2458 58 52 by
2297 2457 52 46 E.
2389 2459 48 41 L.

443 2515 142 42 Hunt.
602 2540 57 4 —
674 2514 44 42 A
757 2513 88 43 late
885 2513 218 43 medieval
1144 2519 191 37 tractate
1374 2527 60 29 on
1472 2511 258 54 preaching,
1771 2513 59 51 by
1872 2513 61 43 H.
1978 2512 181 54 Caplan.
2176 2539 58 5 —
2249 2513 188 45 Francis

444 2572 164 50 Bacon,
647 2570 74 43 the
756 2569 202 52 political
994 2577 168 42 orator,
1202 2570 57 51 by
1299 2570 53 43 R.
1392 2569 272 43 Hannah.—
1666 2569 70 43 De
1777 2569 204 53 Quincey
2019 2585 57 29 on
2115 2569 196 45 rhetoric
2351 2572 84 42 and

442 2626 148 53 public
621 2626 230 53 speaking,
881 2626 58 52 by
970 2626 62 44 H.
1065 2626 62 44 H.
1159 2624 491 49 Hudson.—Emerson
1682 2626 87 44 and
1800 2626 98 44 oral
1929 2625 242 53 discourse,
2204 2627 58 53 by
2295 2625 54 46 T.
2382 2624 53 46 T.

444 2682 393 54 Stenberg.—The
883 2683 189 52 literary
1117 2683 215 43 criticism
1378 2682 51 45 of
1473 2691 198 44 oratory,
1717 2684 59 51 by
1822 2684 61 42 H.
1930 2684 56 42 A.
2032 2682 405 46 Wichelns.—The

441 2739 182 53 rhythm
649 2739 50 44 of
726 2738 243 45 oratorical
997 2754 145 37 prose,
1169 2740 59 51 by
1255 2740 75 43 W.
1360 2740 66 43 M.
1457 2739 507 45 Parrish.—Phonetics
1995 2739 87 44 and
2111 2739 239 50 elocution,
2379 2741 56 51 by

442 2796 48 43 L.
524 2795 43 46 S.
600 2796 214 43 Hultzén.
817 2795 329 53 —Stuttering,
1175 2796 59 51 by
1268 2795 45 46 S.
1347 2795 442 53 Blanton.—Speech
1820 2795 171 44 defects
2023 2795 131 45 other
2183 2795 107 44 than
440 2804 1975 100 stuttering,
626 2852 58 52 by
711 2853 238 51 Margaret
977 2851 50 45 G.
1055 2852 313 44 Blanton.—A
1394 2851 338 54 psychological
1757 2852 117 43 view
1898 2851 52 44 of
1976 2852 375 52 argumentation,
2377 2853 59 51 by

438 2909 75 44 W.
544 2908 52 46 E.
628 2909 266 44 Utterback.

434 2963 57 53 ©
522 2965 109 43 Dec.
662 2966 67 50 31,
761 2964 129 52 1925;
918 2965 66 42 2c.
1015 2965 97 51 Jan.
1144 2964 36 51 8,
1215 2964 129 52 1926;
1377 2964 77 44 aff.
1485 2965 99 52 Jan.
1619 2965 74 51 11;
1728 2964 44 42 A
1803 2961 189 55 875806;
2028 2962 198 54 Century
2256 2978 64 29 co.

516 3020 243 55 (26-1397)

441 3105 285 71 Thomas,
762 3104 267 59 Christo.

510 3196 315 58 Antonius
870 3196 125 60 and
1037 3195 350 59 Theodosia;
1464 3215 36 39 a
1543 3215 288 39 romance
1877 3195 67 58 of
1986 3195 147 72 long
2175 3213 136 54 ago,
2354 3194 81 73 by

438 3273 252 60 Christo
729 3275 288 56 Thomas.
1119 3275 151 57 New
1305 3275 191 73 York,
1535 3276 72 56 N.
1647 3275 96 71 Y.,
1781 3275 129 56 The
1949 3274 304 57 Novelart
433 3274 1978 150 publishing
696 3371 86 38 co.
820 3381 13 44 [
835 3360 18 23 c
856 3353 165 73 1925]

502 3429 60 53 vi,
585 3428 82 46 579
688 3444 39 38 p.
785 3429 52 44 21
847 3432 47 18 cm
899 3464 10 10 .

435 3484 52 54 ©
523 3488 108 43 Dec.
663 3486 65 51 26,
764 3486 130 52 1925;
926 3487 66 44 2c.
1024 3487 86 43 and
1144 3488 78 42 aff.
1256 3488 110 44 Dec.
1397 3487 80 52 28;
1513 3490 44 40 A
1590 3487 189 53 879201;
1817 3487 48 45 C.
1899 3487 212 51 Thomas,
2148 3485 281 52 Charleston,

508 3543 45 46 S.
594 3543 49 45 C.
713 3543 242 54 (26-1389)

439 3625 371 73 Thompson,
853 3626 331 57 Jeannette
1223 3625 409 59 Richardson.

504 3715 270 72 History
824 3717 67 56 of
939 3716 105 57 the
1094 3719 165 54 town
1310 3716 67 58 of
1430 3716 349 74 Stratford,
1831 3717 152 57 New
2030 3715 401 72 Hampshire,

435 3794 356 73 1773-1925,
821 3794 84 72 by
931 3794 338 59 Jeannette
1296 3795 72 56 R.
1403 3794 389 72 Thompson;
1822 3794 330 73 published
2178 3794 84 71 by
2288 3795 144 55 vote

435 3873 69 57 of
534 3873 104 60 the
671 3877 183 53 town.
941 3870 301 73 Concord,
1275 3873 75 58 N.
1383 3872 100 73 H.,
1521 3873 128 58 The
1683 3873 316 58 Rumford
2030 3891 199 54 press,
2265 3872 165 57 1925.
