2542 4285
1298 3980 115 56 496

532 449 996 74 The key above the door. chap. 17-26. [8 instalments]
421 537 79 51 (In
534 538 289 42 Chambers’s
856 539 208 50 journal)

348 590 1987 58 © 1c. each June 2, 1926; A ad int. 8232; pubd. Apr. 3, 10, 17, 24, May 1,
417 649 38 51 8,
488 648 62 52 15,
576 649 79 52 22;
688 648 245 44 Frederick
959 650 58 41 A.
1050 649 161 46 Stokes
1241 665 80 36 co.,
1353 650 116 43 New
1500 650 140 43 York.

350 717 302 74 Wheeler,
688 720 187 56 Ruth.

430 795 1910 74 Talks to nurses on dietetics and dietotherapy, by Ruth
351 872 1964 155 Wheeler and Helen Wheeler … Philadelphia and London, W. B. Saunders company, 1926.
423 1029 18 41 1
467 1043 39 37 p.
530 1027 41 52 1.,
598 1029 159 42 11-184
781 1043 37 37 p.
842 1029 70 42 incl.
965 1029 156 43 tables.
1180 1029 54 44 20½
1267 1033 46 17 cm
1320 1065 9 8 .

347 1084 52 53 ©
432 1087 112 50 Apr.
575 1083 68 53 27,
681 1086 128 52 1926;
845 1086 63 43 2c.
940 1088 86 42 and
1058 1088 78 42 aff.
1172 1088 110 51 May
1319 1089 45 49 1;
1401 1087 44 43 A
1478 1088 187 52 891224;
1701 1089 74 43 W.
1813 1088 49 43 B.
1901 1085 225 49 Saunders
2161 1105 64 27 co.

427 1142 268 53 (26-10038)

352 1211 257 73 Wilson,
651 1211 342 58 Elizabeth.

428 1290 297 72 Through
765 1310 79 38 an
882 1289 226 59 Indian
1147 1292 296 71 counting
1480 1292 187 71 glass,
1706 1293 83 70 by
1827 1291 327 58 Elizabeth
352 1292 1967 132 Wilson

565 1368 1435 70 … New York, The Woman’s press [ c 1926]
423 1443 917 56 5 p. l., 9-116 p. incl. plates. 16 cm .
421 1504 76 41 An
538 1512 188 35 account
765 1503 51 43 of
853 1519 25 27 a
918 1503 115 45 class
1075 1503 74 45 for
1187 1518 174 29 women
1400 1504 207 52 weaving
1644 1504 203 43 teachers
1915 1505 219 42 conducted
2175 1504 55 52 by
2271 1504 72 43 the

353 1559 164 52 Young
547 1559 211 43 women’s
795 1559 228 44 Christian
1057 1559 270 44 association
1359 1560 44 42 in
1440 1560 278 52 Serampore,
1756 1561 139 42 India.

347 1614 54 53 ©
432 1617 112 50 Apr.
581 1615 61 51 10,
678 1616 106 43 1926
798 1631 9 36 ;
841 1616 63 43 2c.
938 1617 111 51 Apr.
1086 1616 74 52 16;
1195 1617 79 42 aff.
1306 1616 112 52 Apr.
1448 1618 78 50 21;
1563 1619 43 41 A
1639 1617 189 52 890462;
1865 1616 217 45 National
2116 1618 140 44 board
2290 1619 53 43 of

419 1672 75 44 the
524 1673 53 41 Y.
608 1674 74 42 W.
716 1672 48 43 C.
794 1673 55 41 A.
881 1673 50 42 of
960 1673 74 42 the
1065 1674 59 42 U.
1158 1672 44 45 S.
1234 1674 70 51 A.,
1338 1674 119 42 New
1488 1674 142 42 York.
1699 1674 269 52 (26-10028)

353 1740 244 72 Witter,
637 1742 265 72 Conrad,
938 1745 143 70 pub.

429 1820 265 61 Witters
722 1820 599 75 deutsch-englische
1344 1823 159 70 fibel,
1532 1826 196 55 erstes
1755 1825 150 57 lese-
1931 1826 126 56 und

355 1843 1965 115 gesangbuch
548 1900 110 57 für
694 1900 206 58 schule
938 1903 128 56 und
1101 1901 177 70 haus,
1315 1898 114 61 mit
1464 1899 201 60 vielen
1701 1897 262 73 bildern,
2000 1900 344 58 bearbeitet.

353 1994 124 40 von
517 1977 250 58 lehrern
812 1980 111 56 der
1005 1976 362 60 öffentlichen
1412 1977 250 59 schulen
1708 1979 63 56 in
1819 1978 89 59 St.
1954 1977 207 58 Louis.
2252 1979 88 58 St.

356 2052 208 74 Louis,
594 2054 143 71 Mo.,
773 2053 64 59 C.
866 2053 252 71 Witter,
1153 2056 164 55 1926.

424 2130 866 52 4 p. l., [5]-118, 24 p. illus. 20 cm .
424 2189 162 44 Added
612 2195 97 43 t.-p.
736 2187 44 44 in
810 2187 205 52 English.

425 2244 179 45 Music:
630 2244 54 45 24
711 2257 40 37 p.
780 2253 46 36 at
854 2246 99 42 end.

348 2296 57 53 ©
431 2299 113 50 Apr.
568 2298 37 51 3,
635 2298 128 51 1926;
791 2298 64 42 2c.
882 2298 112 51 Apr.
1025 2297 74 51 16;
1127 2297 78 42 aff.
1233 2297 113 52 Apr.
1371 2296 79 52 23;
1479 2296 44 43 A
1551 2296 187 53 891192;
1772 2295 48 46 C.
1849 2297 185 44 Witter.

431 2352 269 56 (26-10085)

354 2422 267 74 Wright,
664 2423 256 58 Charles
958 2424 218 72 Henry
1212 2423 265 69 Conrad,
1516 2425 187 56 1869-

434 2502 129 57 The
590 2502 403 73 background
1022 2502 66 58 of
1114 2504 260 56 modern
1402 2502 244 57 French
1675 2502 347 72 literature,
2053 2504 82 70 by
2166 2501 63 59 C.
2263 2502 78 56 H.

353 2578 1965 153 C. Wright … Boston, New York [etc.] Ginn and company [ c 1926]
424 2736 1094 54 xiv, 329 p. incl. front. (map) illus. 20½ cm .
423 2794 351 53 Bibliography:
802 2809 39 38 p.
867 2792 206 46 311-317.

350 2848 55 54 ©
440 2851 118 43 Mar.
593 2850 60 51 18,
692 2849 128 52 1926;
854 2850 65 43 2c.
952 2851 112 50 Apr.
1097 2847 80 54 27;
1212 2850 77 43 aff.
1324 2849 112 52 Apr.
1468 2848 77 53 26;
1579 2849 44 43 A
1655 2847 190 55 890501;
1882 2848 49 45 C.
1965 2850 62 42 H.
2063 2847 48 46 C.
2145 2848 200 54 Wright,

425 2905 284 53 Cambridge,
744 2907 141 42 Mass.
955 2904 243 55 (26-9757)

355 2973 269 74 Wright,
664 2974 392 58 Richarason
1091 2974 206 73 Little,
1339 2978 188 56 1887-
1684 2976 89 58 ed.

502 3051 1847 74 … House & garden’s second book of interiors, which
357 3130 280 58 contains
705 3150 184 38 seven
951 3131 285 56 hundred
1298 3130 418 58 illustrations
1780 3129 68 58 of
1909 3130 179 73 halls,
2154 3130 197 72 living

357 3227 223 54 rooms,
619 3207 309 73 libraries,
971 3209 218 72 dining
1226 3227 226 51 rooms,
1490 3209 120 57 bed
1648 3208 321 57 chambers
2010 3209 123 56 and
2172 3208 178 57 other

358 3305 204 38 rooms
606 3287 68 56 of
712 3287 103 56 the
856 3286 213 69 house,
1111 3286 286 72 together
1438 3285 150 58 with
1629 3285 162 57 their
1835 3286 167 56 color
2044 3286 304 68 schemes;

356 3384 79 36 an
470 3364 231 57 outline
735 3364 67 57 of
836 3364 221 71 period
1092 3363 348 70 furniture;
1476 3362 302 72 practical
1814 3361 395 74 suggestions
2245 3363 105 56 for

357 3442 104 57 the
503 3441 254 73 making
801 3443 124 56 and
965 3462 109 36 use
1121 3442 67 56 of
1233 3441 408 70 accessories;
1688 3442 123 56 and
1856 3462 35 36 a
1933 3440 304 72 portfolio
2283 3439 67 58 of

356 3539 189 52 many
583 3519 310 57 beautiful
932 3518 317 71 interiors,
1295 3518 208 58 edited
1542 3519 83 69 by
1666 3518 392 57 Richardson
2097 3511 252 78 Wright

425 3588 1924 80 … and Margaret McElroy … New York, The Conde
356 3674 1019 72 Nast publications, inc. [ c 1926]
427 3752 80 43 223
538 3767 38 38 p.
610 3752 101 44 incl.
743 3752 152 51 front.,
926 3750 116 45 illus.
1102 3752 51 43 33
1162 3753 46 18 cm
1216 3784 8 9 .

431 3807 283 54 “Suggested
744 3808 141 44 books
916 3808 52 44 of
996 3807 264 53 decorating
1291 3807 239 44 interest”:
1562 3822 41 38 p.
1634 3807 93 42 222.

357 3861 1968 113 © May 1, 1926; 2c. Apr. 26; aff. May 13; A 890496; Cond é Nast publications, inc. (26-9665)
