2609 4293
1124 3996 71 57 33

181 365 233 73 Bailey,
455 365 242 57 Harold
734 365 242 71 Harris,
1018 367 188 57 1879-

257 455 129 57 The
416 456 172 56 birds
624 456 66 56 of
723 456 289 69 Florida;
1048 475 35 37 a
1116 456 269 70 popular
1419 457 123 56 and
1575 455 297 58 scientific
1904 460 257 54 account

179 533 69 55 of
280 534 102 55 the
414 534 110 54 425
560 533 235 71 species
832 535 122 55 and
991 532 354 71 subspecies
1381 534 69 56 of
1481 531 175 60 birds
1691 534 140 57 that
1864 553 108 38 are
2005 553 155 52 now,

178 612 122 55 and
335 611 138 56 that
505 611 158 56 have
696 611 154 56 been
884 610 199 58 found
1115 610 218 57 within
1367 611 104 57 the
1509 614 162 54 state
1709 614 122 55 and
1866 610 85 59 its
177 612 1960 133 adjacent
352 691 260 67 waters;
654 688 148 56 with
846 688 232 71 special
1118 688 321 58 reference
1478 690 63 56 to
1583 688 167 57 their
1790 688 267 58 relation
2096 693 64 53 to

178 765 1983 76 agriculture, by Harold H. Bailey … illustrated with 76
176 844 117 59 full
329 862 159 54 page
525 844 342 57 four-color
903 842 577 75 plates,—figuring
1518 862 150 40 over
1701 845 113 57 480
1848 844 195 73 birds,
2079 845 83 72 by

178 922 144 58 Geo.
367 923 82 56 M.
496 922 257 71 Sutton;
799 923 122 57 and
958 921 152 58 with
1153 941 79 38 an
1276 922 233 58 outline
1549 941 147 53 map
1740 922 67 58 of
1849 923 104 57 the
1999 927 161 54 state

178 999 1915 73 showing areas; and a topographical drawing of a bird …
177 1078 269 57 Limited
476 1080 89 55 ed.
631 1079 363 66 Baltimore,
1021 1078 145 72 Md.,
1194 1078 171 56 Priv.
1395 1078 143 70 pub.
1568 1077 104 58 for
1697 1079 105 57 the
1830 1078 227 58 author
2081 1079 79 71 by

174 1155 104 58 the
303 1156 309 58 Williams
637 1157 48 55 &
708 1156 266 57 Wilkins
1003 1174 321 54 company,
1353 1157 164 55 1925.

241 1246 1439 55 xxi p., 1 l., 146 p. 1 illus., 76 col. pl., fold. map. 31½ cm .
170 1316 55 53 ©
252 1319 109 42 Dec.
392 1319 34 50 1,
457 1316 128 51 1925;
615 1318 63 42 2c.
707 1318 85 42 and
816 1317 81 43 aff.
923 1318 98 51 Jan.
1056 1318 59 49 13,
1150 1316 129 52 1926;
1310 1317 43 42 A
1382 1316 189 53 875828;
1601 1318 62 44 H.
1693 1318 62 42 H.
1788 1317 169 52 Bailey,
1987 1316 171 51 Miami,

242 1373 96 45 Fla.
406 1372 241 55 (26-1751)

172 1489 307 69 Barrows,
515 1486 210 58 David
757 1488 300 70 Prescott,
1095 1488 188 57 1873-

247 1576 1918 71 Government in California, by David P. Barrows … and
169 1653 1971 154 Thomas N. Barrows … Yonkers-on-Hudson, N. Y., Chicago, World
626 1732 158 57 book
819 1750 320 53 company,
1177 1732 164 56 1925.

236 1825 77 54 vii,
347 1826 69 51 [1],
449 1824 49 45 61
530 1838 39 38 p.
648 1824 18 43 1
700 1822 118 44 illus.
880 1822 147 45 19½cm.

169 1893 53 54 ©
253 1895 118 43 Nov.
407 1896 60 48 13,
502 1893 129 52 1925;
666 1894 64 42 2c.
763 1893 87 43 and
880 1893 77 42 aff.
990 1892 99 52 Jan.
1121 1891 39 53 6,
1196 1892 128 51 1926;
1361 1893 43 42 A
1436 1890 188 54 875755;
1658 1893 164 44 World
1856 1894 120 43 book
2009 1909 63 28 co.

247 1950 241 56 (26-1863)

169 2050 303 72 Behrend,
510 2048 195 59 Felix.

247 2142 400 73 Gegenstand
681 2141 128 56 und
843 2139 264 71 umfang
1141 2139 110 57 der
1287 2139 372 72 pädagogik,
1695 2158 121 38 von
1853 2140 91 57 dr.
1983 2140 177 58 Felix

165 2220 307 57 Behrend.
547 2218 285 70 Breslau,
869 2218 68 55 F.
976 2216 169 72 Hirt,
1181 2217 164 56 1925.

235 2310 51 43 43
316 2324 40 38 p.
415 2309 53 43 22
476 2311 47 18 cm
529 2343 9 8 .

166 2373 1742 57 © Sept. 26, 1925; 1c. Nov. 6; A —Foreign 30060; Ferdinand Hirt.
166 2479 167 70 Betz,
374 2475 354 68 Frederick,
770 2477 189 56 1884-

164 2561 1970 156 A first German book, by Frederick Betz … and William Raleigh Price …
981 2641 150 58 New
1155 2640 191 74 York,
1379 2639 356 60 Cincinnati
1764 2643 146 72 [etc.]
161 2640 1973 142 American
329 2723 161 58 book
515 2740 307 53 company
852 2751 12 44 [
867 2729 18 22 c
889 2722 164 71 1926]

234 2812 1150 57 448 p. incl. front. (port.) illus. map. 19 cm .
165 2885 52 53 ©
241 2887 98 51 Jan.
366 2886 39 50 4,
433 2884 130 52 1926;
589 2885 64 41 2c.
681 2884 86 42 and
795 2883 78 42 aff.
899 2883 100 51 Jan.
1026 2880 48 53 7;
1102 2881 43 42 A
1171 2878 189 54 879156;
1391 2881 243 42 American
1660 2880 120 44 book
1807 2896 64 29 co.

243 2940 240 56 (26-1630)

168 3042 166 71 Cage
360 3041 174 56 birds
567 3040 122 56 and
715 3038 142 57 bird
884 3037 196 56 world.
1179 3055 55 36 v.
1267 3037 90 69 48,
1390 3054 97 38 no.
1521 3036 166 71 1243,

1719 3035 156 57 Nov.
1908 3038 50 69 7,
1991 3037 164 55 1925.

164 3121 1935 61 © 1c. Jan. 2, 1926; A ad int. 7597; pubd. Nov. 7, 1925; F. Carl, London.
385 3239 958 74 Cage birds and bird world. v . 48, no. 1244, Nov. 14, 1925.
163 3312 1992 61 © 1c. Jan. 11, 1926; A ad int. 7638; pubd. Nov. 14, 1925; F. Carl, London.
385 3428 957 75 Cage birds and bird world. v . 48, no. 1245, Nov. 21, 1925.
163 3499 1991 64 © 1c. Jan. 16, 1926; A ad int. 7653; pubd. Nov. 21, 1925; F. Carl, London.
341 3619 1018 76 Cage birds and bird world. v. 48, no. 1246, Nov. 28, 1925.
163 3689 1994 62 © 1c. Jan. 23, 1926; A ad int. 7689; pubd. Nov. 28, 1925; F. Carl, London.
1996 3752 80 38 224

341 3807 960 74 Cage birds and bird world. v. 48, no. 1247, Dec. 5, 1925.
163 3879 1994 66 © 1c. Jan. 30, 1926; A ad int. 7704; pubd. Dec. 5, 1925; F. Carl, London.
