2542 4285
0 0 0 0 826
560 454 45 35 X,
646 437 76 44 651
764 452 39 37 p.
878 437 166 53 diagrs.
1117 438 53 42 22
1178 439 45 18 cm
1231 472 8 8 .
1323 439 17 52 (
1348 436 240 51 Half-title
1599 452 13 26 :
1656 435 241 44 American
1939 436 136 43 social
2117 436 173 43 science
2329 436 150 44 series.
492 496 194 45 General
708 497 157 50 editor,
891 496 61 42 H.
977 496 73 43 W.
1079 495 176 51 Odum)

561 566 266 44 “Materials
865 566 76 43 for
977 564 360 55 supplementary
1374 563 214 53 reading”
1623 572 44 34 at
1703 564 84 42 end
1821 562 49 44 of
1906 575 115 34 most
2057 562 49 44 of
2140 563 73 43 the
2246 564 233 50 chapters;

490 623 220 46 “General
738 622 341 54 bibliography”
1098 638 8 27 :
1138 637 38 37 p.
1206 621 204 45 591-636.

489 694 56 53 ©
580 696 105 51 July
719 695 67 51 22,
824 695 128 50 1926;
991 694 63 42 2c.
1091 694 86 42 and
1212 693 78 43 aff.
1329 692 118 52 Aug.
1487 691 48 51 7;
1574 691 44 42 A
1654 690 190 52 901393;
1885 691 162 51 Henry
2085 690 114 43 Holt
2235 691 88 42 and
2357 705 67 28 co.

570 751 269 54 (26-14456)

490 868 264 66 Brewer,
790 866 168 58 John
988 863 234 70 Marks,
1255 865 189 58 1877-

566 956 158 58 Case
768 955 239 59 studies
1050 953 66 62 in
1158 952 395 59 educational
1596 954 123 57 and
1762 951 353 58 vocational
2162 951 322 73 guidance,

487 1029 1995 77 by John M. Brewer … Mabelle B. Blake … Ella L.
486 1106 1995 75 Bresnehen … [and others] Boston, New York [etc.] Ginn
486 1188 123 57 and
635 1205 308 55 company
973 1216 13 43 [
987 1195 21 22 c
1012 1186 165 72 1926]

554 1276 129 54 xxiv,
716 1277 81 44 243
831 1292 40 37 p.
930 1276 55 44 20
991 1278 47 18 cm
1043 1310 10 9 .

558 1344 358 54 Bibliography:
943 1360 41 39 p.
1010 1344 207 45 221-237.

491 1417 53 53 ©
568 1420 115 51 June
708 1420 37 49 9,
775 1418 129 51 1926;
930 1418 63 43 2c.
1021 1418 87 42 and
1134 1418 78 42 aff.
1240 1417 105 52 July
1370 1418 50 41 31;
1477 1417 44 41 A
1548 1415 188 53 901345;
1767 1415 116 45 Ginn
1910 1418 87 42 and
2023 1431 64 29 co.
570 1475 269 55 (26-14400)

489 1575 362 74 Broughall,
883 1574 200 59 Helen
1112 1574 76 58 K.

566 1665 1848 74 Barbara Winthrop at camp, by Helen K. Broughall …
491 1744 360 58 illustrated
890 1744 84 72 by
1015 1743 330 58 Elizabeth
1389 1743 71 57 R.
1504 1740 413 75 Withington.
2001 1742 259 72 Boston,
2302 1743 68 57 L.
2419 1742 64 61 C.

489 1822 171 74 Page
691 1822 48 57 &
769 1841 305 53 company
1115 1820 502 73 (incorporated)
1660 1851 12 43 [
1675 1828 18 22 c
1697 1822 164 71 1926]

558 1913 951 56 5 p. l ., 339 p. front., plates. 19½c m .
557 1984 152 47 “First
743 1984 278 53 impression,
1054 1984 119 53 July,
1211 1983 145 45 1926.”

492 2052 53 54 ©
576 2055 119 52 Aug.
726 2054 37 50 3,
799 2053 128 51 1926;
961 2053 63 43 2c.
1058 2054 89 42 and
1177 2053 78 42 aff.
1290 2052 120 52 Aug.
1444 2051 49 53 6;
1528 2052 44 42 A
1605 2051 190 52 897691;
1833 2052 48 42 L.
1920 2050 47 45 C.
2004 2053 124 51 Page
2163 2052 37 44 &
2232 2067 78 36 co.,
2346 2052 82 42 inc.

569 2111 270 54 (26-14348)

490 2210 278 74 Bruffey,
813 2211 239 73 George
1093 2210 94 68 A.,
1234 2212 190 56 1842-

569 2290 380 72 Eighty-one
985 2308 187 52 years
1210 2288 64 57 in
1313 2288 105 57 the
1452 2288 196 71 West,
1685 2288 84 72 by
1806 2287 242 72 George
2086 2287 75 56 A.
2199 2287 285 72 Bruffey.

490 2369 208 70 Butte,
737 2368 215 70 Mont.,
993 2368 128 56 The
1157 2367 191 57 Butte
1383 2366 201 57 miner
1622 2385 321 52 company,
1982 2366 298 73 printers,
2320 2367 164 56 1925.

560 2443 1293 56 4 p. l ., [11]–152 p. incl. front. (port.) illus. 20 cm .
491 2500 53 54 ©
578 2502 120 52 Sept.
735 2503 33 49 1,
803 2501 129 53 1925;
965 2502 64 42 2c.
1061 2502 106 51 July
1197 2502 38 51 6,
1269 2501 129 51 1926;
1432 2501 79 44 aff.
1542 2501 117 52 Aug.
1696 2500 72 52 17;
1803 2501 44 42 A
1878 2499 190 52 901517;
2105 2499 50 45 G.
2189 2501 56 42 A.
2281 2500 204 53 Bruffey,

563 2560 148 51 Butte,
743 2560 148 43 Mont.

495 2658 313 70 Caldwell,
842 2657 137 62 Otis
1011 2658 297 70 William,
1344 2661 190 57 1869-

567 2750 178 73 Open
783 2752 186 58 doors
1012 2754 62 56 to
1119 2750 255 72 science,
1414 2750 152 59 with
1607 2748 438 75 experiments,
2086 2753 83 68 by
2210 2749 137 61 Otis
2388 2751 96 58 W.

493 2827 1990 70 Caldwell … and W. H. D. Meier … Boston, New York
493 2909 146 69 [etc.]
670 2905 164 60 Ginn
863 2908 124 57 and
1016 2923 305 54 company
1353 2936 13 41 [
1366 2912 20 22 c
1390 2905 164 72 1926]

560 2984 61 50 xi,
649 2983 82 46 416
752 2997 40 38 p.
855 2981 83 45 col.
967 2985 153 48 front.,
1148 2982 133 52 illus.,
1309 2980 84 48 col.
1421 2981 158 52 plates,
1606 2982 167 51 diagrs.
1838 2983 49 43 19½c
1940 2985 27 17 m
1975 3020 8 9 .

492 3036 53 53 ©
574 3038 108 52 July
714 3039 34 50 1,
784 3038 128 50 1926;
944 3038 63 42 2c.
1039 3038 88 42 and
1156 3035 77 45 aff.
1265 3039 120 50 Aug.
1415 3039 50 50 6;
1499 3037 44 42 A
1575 3036 186 53 897684;
1799 3037 53 44 O.
1886 3038 75 43 W.
1997 3036 233 53 Caldwell,
2262 3038 223 51 Yonkers,

562 3093 1637 55 N. Y., and W. H. D . Meier, Framingham, Mass. (26-14578)
494 3192 399 75 Callaghan’s
932 3194 357 58 Wisconsin
1332 3195 236 71 digest;
1611 3214 31 37 a
1687 3195 300 70 complete
2029 3195 206 72 digest
2277 3195 67 56 of
570 3196 1890 147 decisions
827 3286 68 55 of
920 3286 104 56 the
1053 3285 303 72 Supreme
1385 3288 176 54 court
1589 3287 67 55 of
1681 3286 357 57 Wisconsin
2066 3289 179 55 down
2271 3291 63 53 to
2365 3290 121 55 and

566 3363 321 73 including
930 3364 245 56 volume
1222 3365 108 56 186
1375 3363 375 73 Wisconsin,
1799 3365 286 72 together
2130 3366 152 56 with
571 3366 1888 133 decisions
786 3442 68 56 of
897 3442 104 56 the
1045 3442 245 57 federal
1335 3445 211 54 courts
1591 3443 264 72 passing
1895 3462 167 52 upon
2106 3446 266 55 matters
2420 3444 67 57 of

566 3520 359 57 Wisconsin
973 3520 135 72 law,
1161 3521 304 70 compiled
1518 3522 120 55 and
1689 3521 207 57 edited
1945 3522 84 72 by
2076 3521 277 58 William
2404 3523 79 55 H.

570 3598 241 71 Mason,
849 3598 152 56 with
1037 3598 102 57 the
1181 3599 402 70 cooperation
1624 3600 66 55 of
1728 3600 103 56 the
1870 3598 224 74 Digest
2135 3600 349 58 committee

571 3676 66 56 of
663 3676 103 56 the
792 3664 358 69 Wisconsin
1180 3679 162 54 state
1369 3678 113 55 bar
1512 3678 395 56 association,
1972 3697 58 38 v.
2063 3680 50 55 3.
567 3678 1921 147 [Election-Intent]
874 3752 290 74 Chicago,
1202 3754 343 73 Callaghan
1583 3758 121 55 and
1739 3775 321 53 company,
2097 3757 165 56 1926.

614 3817 639 66 1 p. l., 2011-3098 p. 26 cm .
492 3885 52 53 ©
574 3888 119 51 Aug.
729 3887 62 51 16,
824 3887 129 51 1926;
986 3887 63 43 2c.
1082 3888 119 53 Aug.
1235 3890 72 50 19;
1342 3890 83 41 aff..
1451 3890 119 51 Aug.
1607 3890 71 51 18;
1713 3891 44 41 A
1788 3890 187 52 897864;
2012 3888 248 54 Callaghan
2295 3892 36 43 &
2363 3907 64 28 co.
