2542 4285
1383 3957 110 60 578

513 450 79 43 223
626 465 38 37 p.
728 451 52 42 19
784 452 46 17 cm
837 485 8 8 .
916 451 88 52 (Le
1038 450 112 43 livre
1182 449 224 51 national;
1443 466 182 28 romans
1660 450 253 53 populaires
1947 454 51 40 n°
2032 450 105 53 511)

516 519 187 52 Sequel:
738 519 149 53 Après
921 520 179 52 l’orage.

444 587 1927 57 © Dec. 17, 1925; 1c. Feb. 3, 1926; A—Foreign 29981; Jules Tallandier.
523 645 267 55 (26-11285)

447 758 407 72 [Bronshteǐn,
900 760 128 57 Lev
1066 759 408 75 Davidovich]
1518 763 187 56 1880-

513 847 289 60 Whither
852 848 269 59 Russia?
1214 850 299 58 Towards
1567 849 356 73 capitalism
1976 869 71 38 or
2099 849 329 61 socialism.

438 924 99 72 By
563 927 170 57 Leon
764 927 274 73 Trotsky
1068 928 231 72 [pseud.
1303 957 15 43 ]
1388 929 152 57 New
1568 928 190 71 York,
1788 927 461 59 International
438 930 1967 148 publishers,
714 1004 166 58 1926.

513 1092 355 54 150 p. 19½ cm .
445 1161 53 54 ©
532 1165 110 51 Apr.
677 1165 65 52 30,
780 1166 106 42 1926
900 1180 9 37 ;
943 1166 65 43 2c.
1043 1167 86 42 and
1163 1166 78 44 aff.
1278 1168 111 51 May
1427 1169 18 41 1
1463 1183 9 37 ;
1509 1168 43 42 A
1587 1167 163 47 891233
1767 1183 9 36 ;
1816 1167 324 44 International
2176 1166 250 54 publishers

513 1235 76 38 co.,
620 1221 82 44 inc.
771 1221 267 54 (26-11200)

445 1333 241 72 Brown,
725 1333 179 59 Rollo
943 1334 257 70 Walter,
1242 1339 189 56 1880-

519 1423 1912 74 Dean Briggs, by Rollo Walter Brown … New York
445 1502 121 56 and
601 1501 276 73 London,
914 1502 257 72 Harper
1204 1504 47 57 &
1284 1505 308 71 brothers,
1632 1507 164 55 1926.

514 1591 64 45 xii
599 1608 57 37 p.,
681 1595 18 41 1
744 1628 23 17 l.,
791 1595 78 42 331
895 1609 39 37 p.
996 1595 152 53 front.,
1172 1595 156 52 plates,
1350 1603 153 46 ports.,
1526 1596 171 44 facsim.
1757 1597 150 43 24½cm.

442 1662 54 52 ©
525 1666 110 50 May
666 1666 63 49 14,
761 1665 128 52 1926;
920 1667 64 42 2c.
1016 1667 111 51 May
1160 1668 73 50 11;
1265 1668 77 41 aff.
1375 1669 111 50 May
1518 1666 74 52 17;
1625 1668 42 41 A
1697 1666 188 53 890795;
1918 1668 184 52 Harper
2130 1669 37 42 &
2195 1669 122 42 bros.

522 1720 267 54 (26-11231)

443 1835 239 72 Brulat,
724 1836 174 73 Paul,
941 1838 355 56 1866-1925.

586 1925 1846 72 … Ne forçons pas notre destin. Paris, V. Rasmussen
444 2032 13 44 [
461 2012 18 21 c
481 2005 163 72 1926]

516 2091 1096 66 157, [1] p., 1 l. 19 ½ cm . (“Échantillons”)
443 2176 1816 55 © Feb. 15, 1926; 1c. Apr. 28; A— Foreign 30802; Vald. Rasmussen.
521 2234 267 55 (26-11290)

445 2347 211 73 Cabot,
698 2349 169 57 John
903 2350 227 57 Moors.

523 2439 127 58 The
681 2440 195 58 racial
905 2440 241 58 conflict
1172 2441 65 57 in
1265 2441 480 73 Transylvania,
1773 2442 84 71 by
1883 2441 168 58 John
2080 2441 83 57 M.
2198 2440 228 63 Cabot;

446 2537 36 37 a
528 2519 348 58 discussion
921 2520 67 57 of
1032 2520 103 57 the
1181 2518 350 74 conflicting
1577 2519 213 58 claims
1836 2520 70 58 of
1947 2520 312 58 Rumania
2305 2520 123 58 and

445 2595 310 74 Hungary
799 2600 64 55 to
911 2598 480 71 Transylvania,
1437 2598 104 57 the
1586 2598 225 73 Banat,
1859 2598 124 58 and
2027 2598 103 58 the
2177 2601 251 55 eastern

448 2676 232 59 section
706 2676 67 57 of
796 2676 104 57 the
924 2674 374 74 Hungarian
1323 2673 192 75 plain.
1594 2675 257 74 Boston,
1877 2675 212 75 Mass.,
2118 2676 130 58 The
443 2676 1962 134 Beacon
581 2772 199 56 press,
810 2754 135 73 inc.,
975 2755 165 57 1926.

512 2845 74 54 vii,
618 2846 84 44 206
728 2863 42 37 p.
831 2847 108 44 fold.
972 2862 115 38 map.
1146 2848 52 43 23½
1234 2849 47 18 cm
1287 2883 9 9 .

517 2918 138 44 “This
685 2933 127 38 essay
841 2933 95 28 was
967 2918 242 52 originally
1238 2917 180 44 written
1450 2932 47 29 as
1526 2932 28 29 a
1582 2917 140 46 thesis
1755 2916 72 45 for
1855 2932 27 29 a
1910 2918 164 51 degree
2103 2917 121 64 with,
445 2914 1960 106 distinction
575 2984 46 35 at
655 2975 228 52 Harvard,
918 2975 88 43 and
1041 2990 101 29 won
1176 2975 74 42 the
1288 2973 150 54 Philip
1472 2974 261 44 Washburn
1768 2973 136 55 prize,
1941 2975 117 43 1923.
2121 2972 203 55 Entirely
445 2988 1960 95 revised,
618 3031 241 52 rewritten,
897 3032 85 43 and
1017 3031 232 53 improved
1282 3029 110 46 with
1428 3031 204 44 material
1665 3031 215 52 gathered
1916 3033 45 43 in
1997 3029 233 51 Rumania,
2268 3030 32 43 it
2335 3045 92 29 was

446 3090 106 43 used
578 3098 45 35 at
649 3088 182 44 Oxford
856 3104 48 28 as
929 3089 74 43 the
1027 3088 137 44 thesis
1191 3089 204 50 required
1420 3088 74 44 for
1518 3089 75 45 the
1616 3088 160 53 degree
1798 3088 52 44 of
1873 3088 211 44 bachelor
2106 3087 51 45 of
2181 3087 245 44 literature.

450 3145 197 54 Slightly
680 3146 172 44 revised
884 3146 133 52 again
1046 3146 87 42 and
1164 3145 197 52 brought
1391 3160 58 38 up
1478 3155 45 35 to
1554 3145 118 52 date,
1702 3145 33 44 it
1765 3147 38 43 is
1834 3160 103 29 now
1967 3143 460 55 published.”—Pref.

516 3203 323 52 Bibliography
856 3218 8 29 :
891 3218 40 37 p.
958 3202 204 46 201-206.

443 3269 53 54 ©
527 3272 109 51 Apr.
668 3272 65 51 30,
767 3271 130 52 1926;
928 3272 64 43 2c.
1026 3272 87 42 and
1143 3271 78 43 aff.
1254 3273 112 50 May
1397 3269 49 54 7;
1480 3271 43 42 A
1556 3268 162 46 890657
1734 3285 9 38 ;
1777 3271 41 52 J.
1850 3272 65 41 M.
1949 3269 159 54 Cabot,
2143 3268 285 54 Cambridge,

513 3329 139 42 Mass.
722 3328 269 53 (26-10939)

446 3440 365 73 Castellane,
847 3440 176 72 Boni,
1055 3440 278 73 marquis
1367 3441 92 71 de,
1493 3443 188 56 1867-

588 3530 1840 74 … Wie ich Amerika entdeckte; erinnerungen. Berlin,
443 3609 234 74 Verlag
703 3611 107 58 für
836 3607 455 73 kulturpolitik,
1320 3610 165 57 1926.

514 3701 461 52 255, [1] p. 24 ½ cm .
517 3772 124 44 “Aus
679 3773 102 43 dem
819 3771 340 45 französischen
1193 3789 90 28 von
1323 3772 107 47 Else
1468 3772 189 45 baronin
1693 3770 327 46 Werkmann.”

443 3835 1982 58 © Feb. 2, 1926; 1c. Mar. 24; A —Foreign 30787 ; Verlag für kulturpolitik.
521 3896 267 59 (26-11329)
