2542 4285
1347 3933 107 56 776

420 325 213 72 Ward,
680 325 240 59 Gilbert
965 325 253 74 Oakley,
1266 330 187 56 1880-

503 418 130 60 The
656 416 305 74 practical
983 436 112 42 use
1121 420 68 58 of
1211 418 190 60 books
1430 419 123 58 and
1576 417 292 60 libraries;
1926 438 79 38 an
2033 420 379 73 elementary

422 495 1989 74 manual, by Gilbert O. Ward … 4th ed., rev. and enl.
422 572 257 71 Boston,
711 572 212 70 Mass.,
957 572 131 59 The
1120 573 71 56 F.
1223 573 95 58 W.
1353 573 218 57 Faxon
1604 591 321 55 company,
1959 576 165 56 1926.

495 648 1910 56 5 p. l ., 139 p. illus. 22 cm . (Half-title: Useful reference series, no. 32)
423 702 52 53 ©
500 704 105 52 July
633 705 34 49 1,
698 703 127 51 1926;
852 704 64 42 2c.
944 704 85 42 and
1055 704 78 42 aff.
1160 704 106 52 July
1291 704 23 41 6;
1368 704 43 41 A
1437 702 187 50 901055;
1655 704 48 43 F.
1730 705 73 44 W.
1831 704 160 45 Faxon
2018 721 64 28 co.
501 760 267 54 (26-13403)

416 846 302 70 Webster,
762 846 261 71 Hutton,
1068 848 189 56 1875-

421 935 1964 231 Readings in early European history, by Hutton Webster … Boston, New York [etc.] D. C. Heath and company [ c 1926]
486 1173 78 51 xii,
598 1171 79 45 532
710 1187 39 37 p.
810 1171 53 44 20½
897 1174 47 16 cm
951 1207 9 8 .

492 1230 314 51 Incorporates
836 1227 74 43 the
938 1226 227 53 pertinent
1191 1226 209 52 chapters
1429 1226 119 45 from
1578 1227 72 43 the
1677 1227 197 43 author’s
1904 1229 226 51 Readings
2161 1230 42 42 in
2232 1230 174 42 ancient

420 1286 174 52 history
623 1285 89 43 and
743 1282 230 53 Readings
1007 1284 43 41 in
1081 1280 217 46 medieval
1331 1284 86 41 and
1447 1283 185 43 modern
1663 1282 188 45 history.
1912 1283 58 46 cf.
2004 1284 123 45 Pref.

419 1339 52 53 ©
505 1342 110 50 May
643 1338 64 49 22,
743 1339 128 51 1926;
902 1338 65 43 2c.
1002 1339 110 51 May
1140 1338 77 50 28;
1251 1338 78 43 aff.
1364 1338 111 52 May
1505 1336 78 52 27;
1620 1337 41 42 A
1692 1337 188 53 891561;
1916 1339 55 43 D.
2006 1338 48 45 C.
2086 1339 156 45 Heath
2272 1341 38 43 &
2341 1355 64 29 co.

497 1395 268 56 (26-13477)

412 1482 210 71 Wells,
668 1480 272 58 Herbert
982 1480 257 72 George,
1288 1482 188 56 1866-

549 1567 1859 75 … La m á quina explor adora del tiempo, traducción de
410 1645 1432 72 J. d‘ Albroi. Barcelona, B. Bauz á [ c 1926]
483 1724 90 51 157,
604 1741 53 31 [1]
686 1738 41 38 p.
787 1723 51 44 19½c
890 1724 30 17 m
925 1757 9 8 .
999 1722 119 54 (His
1146 1720 152 45 Obras
1326 1720 266 53 completas.
1651 1722 82 53 [6])

481 1777 466 47 “Colecci ó n ideal.”
415 1834 1795 57 © Mar. 1, 1926; 1c. May 24; A—Foreign 31025; Bartolomé Bauz á .
494 1893 266 56 (26-13427)

408 1980 329 68 Williams,
784 1979 214 57 James
1044 1977 233 73 Henry,
1326 1979 189 57 1843-

407 2066 1976 151 The music of the mountains, by James Henry Williams … Colorado Springs, Col. [ c 1926]
478 2220 1467 58 2 p. l ., 7-261 p., 2 l. front. (port.) illus., plates. 20 ½ cm .
481 2280 171 52 Poetry
679 2277 91 47 and
798 2291 150 40 prose.

412 2337 53 54 ©
494 2340 114 50 June
641 2336 60 52 17,
735 2336 129 52 1926;
896 2336 64 42 2c.
993 2336 86 43 and
1108 2335 78 43 aff.
1217 2334 106 53 July
1355 2336 48 50 3;
1439 2335 42 42 A
1514 2333 163 45 897327;
1735 2336 39 51 J.
1808 2337 60 42 H.
1902 2336 243 53 Williams,
2178 2336 224 47 Colorado

484 2395 202 52 Springs,
721 2393 96 44 Col.
888 2391 269 54 (26-13424)

406 2479 327 68 Williams,
774 2476 251 59 Leewin
1060 2477 52 56 B
1428 2494 194 57 comp.

484 2570 289 70 Pungent
813 2566 432 73 paragraphs;
1291 2589 36 38 a
1368 2566 331 58 handbook
1742 2568 68 57 of
1854 2567 337 60 humorous
404 2568 1975 151 illustrations,
717 2645 108 58 wit
852 2646 123 59 and
998 2646 224 56 humor
1248 2643 103 58 for
1377 2644 310 71 debaters,
1713 2645 324 72 lecturers,
2065 2646 340 72 ministers,

405 2723 420 59 after-dinner
858 2722 317 72 speakers,
1209 2722 124 57 and
1364 2721 103 57 for
1498 2723 254 70 general
1784 2724 281 71 reading,
2100 2724 303 73 compiled

403 2798 1998 76 by Leewin B. Williams … Washington, D. C., L. B.
402 2878 312 59 Williams
747 2877 123 57 and
901 2895 131 53 son,
1065 2877 166 57 1926.

473 2952 467 55 vii, 309 p. 20 ½ cm .
407 3010 53 54 ©
485 3011 105 53 July
612 3012 39 51 2,
683 3010 127 52 1926;
837 3010 65 43 2c.
929 3011 87 42 and
1043 3011 78 43 aff.
1149 3010 106 53 July
1284 3009 23 44 7;
1363 3011 41 41 A
1432 3009 189 53 897336;
1654 3012 47 43 L.
1733 3013 49 41 B.
1810 3012 242 53 Williams,
2081 3014 316 53 Washington.

486 3068 268 54 (26-13423)

402 3152 329 71 Williams,
779 3151 261 72 Stanley
1085 3152 285 69 Thomas,
1418 3155 190 58 1888-

546 3241 1853 76 … The American spirit in letters, by Stanley Thomas
405 3320 323 58 Williams.
802 3321 153 58 New
983 3320 244 71 Haven,
1260 3321 158 58 Yale
1448 3320 355 74 university
1833 3341 214 53 press;
2083 3328 149 68 [etc.,
2268 3328 130 70 etc.]

401 3398 164 58 1926.

471 3473 1926 58 3 p. l ., 329 p. col. front. (port.) illus. 26 cm . (The pageant of America,
404 3530 103 48 [vol.
595 3531 40 53 XI])

471 3585 217 55 “Liberty
715 3586 90 45 bell
837 3585 215 46 edition.”

471 3640 127 47 “The
632 3642 167 55 liberty
832 3643 91 44 bell
958 3642 172 46 edition
1164 3644 55 44 of
1255 3642 113 47 ‘The
1403 3654 201 45 pageant
1637 3645 55 45 of
1726 3646 247 53 America’,
2011 3647 75 45 the
2122 3648 101 45 first
2257 3657 49 37 to
2343 3650 55 45 be

399 3697 194 55 printed,
628 3698 38 46 is
700 3698 178 45 limited
913 3706 49 43 to
996 3699 122 53 1,500
1151 3700 299 54 impressions
1486 3716 60 30 on
1582 3716 141 40 paper
1758 3704 242 54 expressly
2035 3706 133 44 made
2205 3705 80 45 for
2320 3705 75 46 the

398 3754 172 45 work.”
631 3752 116 46 This
779 3770 118 40 copy
925 3763 83 37 not
1039 3756 268 45 numbered.

399 3810 57 53 ©
485 3813 114 51 June
626 3813 66 51 22,
726 3814 128 51 1926;
887 3814 62 43 2c.
982 3815 87 42 and
1099 3815 78 43 aff.
1209 3816 114 51 June
1352 3816 78 51 24;
1466 3816 42 42 A
1541 3816 162 44 897233;
1763 3818 115 43 Yale
1909 3818 117 43 univ.
2061 3834 135 38 press.

483 3869 268 54 (26-12988)
