2542 4285
1124 3982 147 55 1351

214 374 235 69 Foster,
492 370 308 72 Reginald
840 368 280 58 Francis.

283 463 298 72 Anthony
615 460 347 71 Ravenhill,
1001 460 188 60 crime
1226 460 340 72 merchant,
1604 461 82 71 by
1721 461 71 56 R.
1835 460 70 56 F.
1947 460 242 57 Foster.

208 542 274 72 London,
563 540 244 59 Jarrolds
843 538 240 60 limited
1120 539 179 71 [1926]

276 630 627 53 4 p. l., 11-279 p. 18 ½ cm .
209 699 53 54 ©
293 701 59 42 1c.
384 698 120 53 Sept.
531 698 67 52 20,
629 696 128 52 1926;
789 698 44 41 A
861 697 58 42 ad
948 696 75 43 int.
1053 694 108 47 8537;
1218 696 130 51 pubd.
1377 695 106 52 July
1509 696 77 50 23;
1619 696 53 42 R.
1705 694 50 44 F.
1785 694 175 53 Foster,
1991 695 199 44 London.

286 754 265 56 (26-21005)

208 855 324 70 Gardiner,
578 855 225 56 Alfred
850 855 254 70 George,
1157 856 187 55 1865-

285 944 1911 72 Portraits and portents, by A. G. Gardiner … New
208 1026 171 56 York
409 1026 124 56 and
560 1025 276 70 London,
869 1023 253 71 Harper
1155 1023 46 55 &
1232 1022 308 70 brothers,
1574 1024 162 55 1926.

276 1113 1035 55 vi p., 3 l., 306 p. front., ports. 21 ½ cm .
278 1185 147 44 “First
460 1185 205 44 edition.”

207 1256 53 54 ©
292 1258 117 42 Nov.
445 1256 63 52 15,
541 1257 128 51 1926;
701 1257 64 42 2c.
800 1257 117 43 Nov.
955 1256 72 51 13;
1062 1255 77 44 aff.
1173 1255 118 44 Nov.
1328 1253 74 54 17;
1435 1256 44 41 A
1510 1253 190 54 950985;
1734 1255 187 52 Harper
1950 1255 38 44 &
2018 1256 117 43 bros.

282 1313 268 55 (26-20927)

209 1412 279 72 Garrick,
528 1412 221 72 David,
791 1414 356 57 1717-1779.

282 1504 201 60 Three
519 1505 178 73 plays
736 1506 83 72 by
854 1502 208 62 David
1102 1503 281 73 Garrick,
1422 1504 255 72 printed
1713 1504 169 57 from
1917 1503 276 58 hitherto

203 1581 412 75 unpublished
648 1601 146 43 mss.
831 1582 150 58 with
1013 1579 456 62 introductions
1507 1584 122 57 and
1661 1583 179 57 notes
1875 1582 83 72 by
204 1581 1964 138 Elizabeth

372 1657 1640 76 P. Stein, PH. D. New York, W. E. Rudge, 1926.
275 1746 1472 56 xii, 151 p., 1 l. incl. front. (port.) pl., facsims. 24½ cm .
276 1821 154 44 “Four
462 1821 205 44 hundred
698 1822 87 43 and
817 1820 152 51 ninety
1000 1819 151 52 copies
1183 1818 181 52 printed
1398 1825 47 38 at
1477 1820 73 45 the
1583 1820 203 52 printing
1817 1822 141 43 house
1993 1822 49 43 of
206 1821 1965 103 William

348 1877 164 47 Edwin
546 1878 177 49 Rudge,
757 1877 85 43 Mt.
880 1877 201 50 Vernon,
1115 1877 117 44 New
1265 1876 146 51 York,
1446 1876 109 52 fifty
1586 1878 50 44 of
1667 1876 148 45 which
1849 1892 75 31 are
1959 1894 59 29 on
205 1877 1965 104 handmade
362 1933 179 52 paper.”

276 2000 618 50 CONTENTS.—Harlequin’s
937 2001 219 44 invasion.
1172 2026 57 7 —
1243 2000 100 47 The
1380 2001 183 52 jubilee.
1581 2028 56 6 —
1651 2002 99 47 The
1790 2004 198 52 meeting
2027 2006 52 43 of
2121 2007 74 44 the

203 2073 244 37 company;
478 2074 65 33 or,
574 2057 182 52 Bayes’s
786 2065 71 37 art
886 2059 51 44 of
965 2058 165 49 acting.

205 2112 53 54 ©
291 2113 105 44 Feb.
427 2113 66 51 26,
528 2112 127 51 1926;
686 2113 65 42 2c.
783 2112 118 42 Nov.
937 2112 73 50 10;
1045 2110 78 44 aff.
1156 2112 118 42 Nov.
1308 2112 49 51 9;
1392 2113 44 41 A
1468 2112 188 53 957062;
1692 2113 236 47 Elizabeth
1964 2116 51 42 P.
2051 2114 141 54 Stein,

278 2171 114 43 New
423 2171 140 42 York.
632 2169 269 53 (26-20914)

208 2268 274 73 Gautier,
524 2268 353 73 Théophile,
918 2271 356 56 1811-1872.

207 2358 1967 139 … A romantic in Spain <Un voyage en Espagne> translated
403 2439 165 57 from
599 2438 102 57 the
733 2437 244 58 French
1006 2436 150 59 with
1189 2456 79 38 an
1297 2438 424 59 introduction
1749 2441 84 71 by
1864 2439 333 61 Catherine

207 2517 221 58 Alison
477 2515 283 72 Phillips.
863 2515 151 57 New
1060 2515 174 58 York
1282 2515 49 59 &
1377 2516 277 72 London,
1704 2517 74 57 A.
1831 2518 74 57 A.
1955 2517 240 73 Knopf,

208 2596 162 56 1926.

278 2670 1913 56 xvii, 324 p., 1 l. front., plates. 21 cm . (Half-title: Blue jade library)
206 2727 53 54 ©
294 2729 118 52 Sept.
447 2728 63 52 17,
543 2729 127 49 1926;
704 2729 62 42 2c.
802 2728 118 43 Nov.
954 2727 74 53 15;
1062 2728 77 43 aff.
1176 2728 118 52 Sept.
1326 2729 78 52 22;
1437 2730 44 41 A
1511 2728 188 53 958005;
1733 2729 168 44 Alfred
1931 2729 57 44 A.
2020 2729 174 54 Knopf,

277 2788 81 42 inc.
427 2786 267 55 (26-20924)

209 2884 426 69 Granvilliers,
678 2885 161 58 Jean
876 2884 93 71 de,
1008 2886 214 72 pseud.

348 2978 1847 74 … La belle endormeuse, roman. Paris, J. Tallandier
206 3088 13 43 [
220 3065 19 22 c
243 3058 164 72 1926]

274 3134 483 52 252 p., 2 l. 18½ cm .
203 3188 1791 53 © Sept. 3, 1926; 1c. Oct. 20; A—Foreign 32028; Jules Tallandier.
283 3246 268 55 (26-21109)

209 3348 186 72 Gray,
437 3346 280 60 William
758 3348 192 57 Beall.

280 3440 1911 74 Plumbing … prepared especially for the instruction
205 3521 123 58 and
357 3517 280 72 training
665 3520 68 57 of
764 3518 284 61 students
1081 3521 67 59 of
1176 3521 103 58 the
1312 3519 332 59 American
1679 3520 225 71 school,
1934 3522 81 72 by
203 3518 1967 137 William

397 3595 1796 78 Beall Gray … and Charles B. Ball … Chicago,
205 3672 810 75 American school [ c 1926]
275 3756 24 43 3
329 3762 61 41 pt.
450 3750 132 51 illus.,
613 3751 167 51 diagrs.
838 3753 51 44 21
898 3755 47 19 cm
953 3789 8 8 .

278 3809 152 50 Paged
462 3807 330 52 continuously.

209 3861 52 54 ©
295 3863 118 44 Nov.
450 3864 61 50 11,
548 3862 127 51 1926;
711 3863 64 42 2c.
809 3862 85 44 and
928 3863 78 42 aff.
1040 3863 118 43 Nov.
1196 3862 73 52 15;
1305 3864 44 41 A
1382 3862 189 55 950942;
1606 3866 244 43 American
1885 3865 167 45 school.

287 3919 267 56 (26-20863)
