2609 4293
1368 3963 107 55 142

513 413 139 56 ican
700 414 205 70 digest
955 415 249 69 system,
1290 434 55 36 v.
1395 417 49 53 1.
1493 414 748 59 Abandonment-Banks.
2332 416 89 58 St.

515 491 175 70 Paul,
723 490 181 58 West
932 491 362 72 publishing
1326 511 105 53 co.,
1465 494 163 54 1925.

504 566 58 51 iii,
605 565 118 53 1372,
761 565 49 45 53
849 581 39 38 p.
947 568 56 42 26
1009 570 47 17 cm
1062 601 8 8 .

506 625 214 45 Lettered
743 640 61 31 on
829 639 160 31 cover:
1019 625 103 51 Key
1148 627 190 44 number
1365 633 180 44 system.

435 675 52 53 ©
522 678 119 43 Nov.
674 679 37 50 2,
748 677 101 45 1925
868 694 8 36 ;
907 680 65 42 2c.
1007 680 98 50 Jan.
1141 679 60 50 14,
1240 679 128 52 1926;
1403 680 78 42 aff.
1515 681 99 51 Jan.
1651 681 73 50 13;
1761 681 43 41 A
1835 679 188 53 875862;
2059 682 130 43 West
2222 682 100 51 pub.
2358 696 64 28 co.

514 734 240 54 (26-2470)

437 817 303 74 Sprague,
779 817 341 58 Elizabeth.

511 908 161 57 How
706 912 64 54 to
807 909 223 72 design
1063 908 290 73 greeting
1390 910 201 70 cards,
1627 910 84 71 by
1748 909 328 59 Elizabeth
2112 913 123 56 and
435 910 1966 132 Curtiss

585 984 303 73 Sprague.
961 986 276 73 Pelham,
1271 986 73 57 N.
1378 986 93 72 Y.,
1503 986 350 73 Bridgman
1885 1018 12 43 [
1900 994 19 23 c
1922 988 164 72 1926]

503 1061 969 53 2 p. l., 7-62 p. illus., diagrs. 22½ cm .
432 1115 54 53 ©
517 1118 98 51 Jan.
646 1118 68 50 28,
752 1117 127 52 1925;
915 1119 63 41 2c.
1012 1119 87 43 and
1128 1120 79 41 a:ff.
1240 1119 100 51 Jan.
1374 1119 77 51 30;
1487 1119 43 42 A
1564 1116 188 54 879435;
1792 1119 248 52 Bridgman
2074 1118 262 53 publishers.

513 1173 240 55 (26-4260)

435 1274 361 73 Stevenson,
837 1275 220 73 Henry
1093 1275 74 58 V.

510 1364 129 58 The
673 1365 303 72 phantom
1006 1366 191 73 lover,
1230 1367 83 71 by
1343 1366 223 72 Henry
1596 1365 76 58 V.
1709 1365 364 59 Stevenson.
2149 1365 270 74 Chicago

437 1444 202 73 [ c 1926]
508 1523 26 43 4
556 1537 40 38 p.
622 1521 40 53 1,
690 1523 141 46 [3]-32
853 1538 53 38 p,
931 1524 25 42 2
999 1559 8 8 l.
1069 1522 137 46 front.
1264 1524 52 43 23½
1353 1526 15 17 cm
1407 1559 7 7 .

511 1578 139 45 “This
677 1579 99 44 first
803 1580 167 43 edition
994 1579 52 44 of
1075 1579 105 45 1000
1208 1580 163 52 copies,
1398 1579 109 45 with
1533 1594 134 30 cover
1693 1578 157 54 design
1876 1580 59 53 by
1965 1579 145 44 Leslie
2140 1578 174 45 Powell
2340 1582 87 42 and

441 1636 290 53 frontispiece
759 1637 57 52 by
840 1636 116 52 Jack
979 1635 124 53 Fisk,
1128 1636 81 44 has
1234 1636 111 44 been
1369 1637 116 44 done
1510 1637 59 52 by
1594 1636 74 45 the
1692 1636 119 43 hand
1837 1636 51 45 of
1912 1637 58 43 A.
1995 1637 58 43 D.
2080 1636 273 54 Weinthrop
2380 1638 45 41 in

442 1691 1983 55 Chicago, and finished on the VI day of February, MCMXXVI. Number 831.”
506 1750 179 44 Poems.

430 1803 52 53 ©
513 1804 108 45 Feb.
649 1806 36 50 6,
718 1805 128 52 1926;
877 1806 64 43 2c.
971 1807 87 42 and
1086 1806 78 43 aff.
1196 1805 105 44 Feb.
1334 1805 74 52 10;
1441 1805 43 42 A
1514 1805 188 52 883232;
1735 1806 61 42 H.
1824 1805 58 44 V.
1916 1804 262 54 Stevenson,
2210 1804 212 54 Chicago.

508 1860 242 55 (26-4013)

432 1944 239 75 Storey,
709 1945 344 74 Moorfield,
1091 1948 189 57 1845-

507 2036 130 59 The
670 2040 295 71 conquest
1001 2037 69 59 of
1101 2037 104 59 the
1240 2035 393 75 Philippines
1667 2037 83 73 by
1781 2036 105 60 the
1918 2036 236 60 United
2188 2036 231 74 States,

429 2116 359 71 1898-1925,
819 2117 83 71 by
933 2115 330 59 Moorfield
1296 2116 229 72 Storey
1556 2116 123 58 and
1712 2115 265 58 Marcial
2007 2116 70 56 P.
2111 2115 308 58 Lichauco

497 2193 1717 75 … New York, London, G. P. Putnam’s sons, 1926.
496 2273 62 51 xi,
585 2271 82 45 274
691 2288 40 38 p.
791 2274 53 42 22
851 2275 46 17 cm
904 2308 9 9 .

500 2328 327 48 “References”
853 2338 46 35 at
923 2331 84 42 end
1030 2329 51 45 of
1105 2329 108 45 each
1237 2329 195 52 chapter.

429 2384 52 53 ©
512 2385 105 44 Feb.
650 2384 37 52 5,
720 2385 129 53 1926;
882 2386 63 42 2c.
976 2385 107 44 Feb.
1116 2386 49 51 9;
1199 2386 77 42 aff.
1311 2385 106 44 Feb.
1453 2386 72 51 11;
1561 2385 43 42 A
1637 2383 189 53 879547;
1863 2386 65 42 M.
1965 2384 161 53 Storey
2158 2385 37 43 &
2227 2384 195 43 Marcial

500 2443 51 42 P.
592 2441 237 52 Lichauco,
872 2442 182 43 Boston.
1124 2440 242 55 (26-4070)

431 2525 217 57 Texas.
724 2527 302 71 Supreme
1063 2531 189 52 court.

507 2615 1912 75 The Texas reports. Cases adjudged … from May,
429 2698 164 70 1924,
625 2699 63 53 to
709 2697 183 70 June,
914 2698 164 54 1925.
1148 2697 321 70 Reported
1486 2696 82 71 by
1586 2695 74 55 A.
1683 2695 71 56 E.
1775 2694 367 58 Wilkinson,
2215 2714 55 35 v.
2292 2695 126 54 114.

431 2773 264 73 [Austin,
726 2775 164 72 Tex.]
925 2774 128 56 The
1086 2777 161 54 state
1281 2774 66 57 of
1376 2774 223 72 Texas,
1632 2774 164 55 1926.

492 2866 81 35 xx,
611 2849 81 44 687
729 2864 38 38 p.
833 2850 53 43 23½
922 2853 47 17 cm
975 2885 9 9 .

426 2904 52 53 ©
510 2906 109 43 Dec.
649 2907 67 51 30,
751 2905 128 53 1925;
911 2907 63 42 2c.
1007 2908 98 51 Jan.
1134 2907 39 51 4,
1208 2907 129 52 1926;
1371 2907 78 42 aff.
1480 2907 100 51 Jan.
1610 2906 77 51 28;
1722 2906 43 42 A
1795 2905 189 52 879420;
2018 2903 165 44 Alfred
2216 2903 39 47 E.
495 2902 1902 112 Wilkinson,
700 2963 179 51 Austin,
910 2962 115 43 Tex.

427 3045 238 73 Tilden,
701 3046 186 58 Ethel
917 3045 251 60 Arnold

503 3138 192 72 Quest
733 3142 123 56 and
892 3141 386 68 acceptance,
1315 3142 126 56 and
1476 3138 178 59 other
1690 3155 235 56 poems,
1961 3140 82 69 by
2080 3136 184 58 Ethel
423 3137 1970 139 Arnold

599 3214 1329 77 Tilden … [New York] H. Vinal, 1925.
491 3295 477 52 4 p. l., 48 p. 21 cm
495 3355 177 42 Poems.

425 3404 52 53 ©
503 3407 98 51 Jan.
627 3406 65 48 28,
724 3406 129 51 1926;
881 3406 63 42 2c.
970 3405 105 44 Feb.
1107 3407 73 51 11;
1205 3406 82 43 aff.
1313 3405 107 44 Feb.
1448 3407 49 50 9;
1527 3406 43 42 A
1595 3405 187 52 883266;
1814 3405 179 43 Harold
2020 3405 218 47 Linwood
2266 3403 150 43 Vinal.

503 3462 242 54 (26-4191)

425 3546 282 72 Tortora,
744 3545 282 58 Michele.

568 3634 1841 74 … Sua santità Pio XI e la santa sede. New York, Pei
423 3714 120 74 tipi
572 3718 99 57 del
703 3713 461 74 “Carroccio”,
1197 3716 164 56 1925.

492 3792 272 53 cover-title,
792 3795 53 45 92
871 3807 55 39 p.,
958 3797 19 43 1
1024 3831 9 8 l.
1093 3793 155 51 front.,
1273 3793 156 52 plates,
1459 3801 115 43 port.
1633 3792 56 44 22½
1722 3795 48 18 cm
1776 3830 8 7 .

424 3847 52 53 ©
514 3850 107 42 Dec.
657 3849 64 50 30,
763 3846 129 53 1925;
928 3848 64 42 2c.
1029 3849 97 50 Jan.
1167 3849 62 51 12,
1266 3849 128 50 1926;
1433 3848 79 42 aff.
1548 3848 98 51 Jan.
1681 3847 78 51 26;
1797 3847 43 42 A
1877 3846 186 51 883066;
2102 3847 66 42 M.
2203 3845 212 51 Tortora,

495 3905 244 52 Brooklyn.
810 3904 240 54 (26-3803)
