2542 4285
1095 4069 147 57 1503

148 436 258 66 Wilcox,
442 435 167 57 John
644 432 62 57 C.

225 526 193 57 Vocal
455 524 182 72 guide
675 523 103 55 for
817 540 154 52 song
1010 521 121 55 and
1171 519 239 71 speech,
1447 519 81 69 by
1566 516 165 58 John
1773 515 64 58 C.
1874 516 258 57 Wilcox.

149 596 1384 78 Denver, Col., The Wilcox studios [ c 1926]
218 679 63 49 60,
315 680 38 52 [4]
399 693 38 36 p.
498 677 113 43 illus.
639 675 125 54 (incl.
795 673 167 54 music)
1032 673 48 43 18½cm.

148 735 52 53 ©
229 737 118 41 Mar.
380 733 60 51 15,
474 732 127 52 1926;
631 733 63 42 2c.
722 731 113 52 Apr.
865 729 48 53 5;
945 730 77 43 aff.
1052 729 111 51 Apr.
1192 729 50 51 3;
1273 728 42 42 A
1346 727 186 52 883890;
1564 727 39 52 J.
1635 725 47 45 C.
1713 727 200 52 Wilcox,
1942 727 194 42 Denver.

150 847 277 72 Willing,
465 845 302 58 Matthew
802 844 59 57 H
1176 844 186 56 1885-

227 940 190 57 Valid
461 936 320 73 diagnosis
824 936 65 56 in
931 935 152 72 high
1129 934 208 58 school
1381 932 427 74 composition,
1854 933 81 72 by
152 933 1967 143 Matthew

355 1011 1785 76 H. Willing … New York city, Teachers college,
155 1094 319 60 Columbia
511 1093 368 71 university,
919 1093 165 56 1926.

221 1173 61 43 vii
315 1188 54 38 p.,
406 1174 17 41 1
479 1206 24 17 l.,
536 1171 51 43 64
618 1184 39 38 p.
694 1170 97 43 incl.
827 1169 157 45 tables.
1044 1169 150 43 23½cm.
1264 1166 253 54 (Teachers
1553 1167 184 53 college,
1773 1167 236 44 Columbia
151 1167 1968 115 university.

397 1228 337 44 Contributions
770 1234 46 37 to
853 1226 248 52 education,
1137 1240 70 31 no.
1244 1225 106 52 230)

224 1286 244 44 Published
495 1285 99 44 also
623 1300 48 28 as
702 1283 138 45 thesis
880 1285 106 53 (PH.
1048 1284 35 53 D.)
1124 1282 236 45 Columbia
1393 1281 262 53 university,
1691 1281 116 45 1926.

225 1343 214 45 Contains
476 1341 339 45 “References”.

154 1399 52 53 ©
244 1401 117 43 Nov.
398 1400 39 52 4,
475 1399 127 52 1926;
641 1400 63 42 2c.
743 1399 117 43 Nov.
897 1399 76 51 22;
1013 1398 78 43 aff.
1130 1398 111 42 Dec.
1277 1401 50 48 8;
1367 1398 43 41 A
1448 1396 188 52 957498;
1678 1397 187 49 Lincoln
1903 1398 155 43 school
2097 1397 49 44 of

223 1456 225 45 Teachers
479 1457 184 51 college,
695 1455 234 44 Columbia
960 1455 133 51 univ.,
1124 1454 118 44 New
1272 1455 140 42 York.
1482 1452 268 56 (26-24531)

154 1541 253 69 Wundt,
450 1542 165 68 Max,
660 1543 190 57 1879-

155 1630 1967 137 Deutsche w eltanschauung; grundzüge völkischen denkens.
425 1708 139 57 Von
618 1709 150 55 Max
820 1708 255 59 Wundt.
1179 1708 326 71 München,
1562 1708 60 59 J.
1680 1708 69 56 F.
1808 1708 338 71 Lehmann,

158 1788 164 57 1926.

233 1862 77 47 197
337 1879 40 38 p.
436 1865 53 44 23
497 1867 47 18 cm
550 1899 9 9 .

158 1919 1991 56 © Sept. 15, 1926; 1c. Oct. 19; A—Foreign 32046; J. F. Lehmanns verlag.
235 1977 269 55 (26-23894)

159 2062 291 72 Wunsch,
494 2061 282 58 William
815 2060 311 73 Frederic,
1170 2064 189 57 1882-

237 2152 102 56 An
384 2152 229 57 outline
660 2152 68 56 of
771 2152 407 57 New-church
1223 2150 307 74 teaching,
1574 2151 151 58 with
1770 2152 380 58 illustrative

164 2229 1987 73 standard passages, by William F. Wunsch … New York,
163 2308 130 57 The
328 2307 405 58 New-church
765 2326 182 53 press
986 2336 13 43 [
1001 2316 20 22 c
1023 2308 164 73 1926]

233 2385 63 52 xi,
321 2385 83 44 260
432 2399 39 39 p.
531 2386 49 43 21
590 2388 47 18 cm
644 2420 8 9 .

237 2442 254 46 “Standard
532 2457 213 38 passages
792 2442 121 45 from
954 2442 75 44 the
1073 2440 273 54 theological
1388 2442 153 45 works
1586 2442 49 44 of
1680 2442 217 47 Emanuel
165 2443 1968 110 Swedenborg”:
366 2516 41 38 p.
445 2497 201 48 153-258.

161 2555 55 54 ©
246 2557 119 44 Nov.
394 2557 39 51 8,
467 2556 127 52 1926;
622 2556 66 44 2c.
718 2556 87 44 and
834 2556 78 44 aff.
944 2557 108 42 Dec.
1082 2556 50 52 6;
1164 2556 42 42 A
1238 2555 190 53 957443;
1462 2555 308 45 New-church
1800 2558 141 42 board
1971 2558 50 43 of
232 2559 1904 106 publication,

463 2614 116 43 New
613 2613 142 44 York.
828 2612 268 55 (26-24281)

164 2696 240 75 Young,
454 2696 255 59 Charles
754 2697 205 74 Louis,
1008 2701 189 57 1868-

313 2789 1845 73 … Wallpaper and wallpaper hanging, by Charles L.
167 2866 1992 75 Young … New York & London, The Century co. [ c 1926|
238 2944 91 52 xiv,
373 2946 79 44 293
496 2960 38 38 p.
594 2945 132 52 illus.,
766 2946 155 52 plates.
982 2947 53 41 22½cm.
1199 2944 125 55 (The
1367 2944 201 55 Century
1607 2946 255 46 vocational
1905 2946 152 52 series,
2098 2948 51 42 ed

168 3003 60 52 by
259 3000 48 47 C.
338 3003 56 42 A.
430 3001 217 54 Prosser)
768 2999 126 57 $5.00

242 3057 353 55 “Bibliography
636 3074 58 30 on
736 3058 75 45 the
855 3059 259 44 decoration
1158 3059 53 42 of
1253 3058 163 45 houses
1460 3060 86 43 and
1590 3059 73 45 the
1703 3058 203 54 hanging
1947 3060 51 43 of
170 3059 1973 110 wallpaper”:
391 3130 41 39 p.
461 3116 203 45 284-289.

166 3171 54 53 ©
250 3173 117 44 Nov.
403 3173 63 52 16,
498 3173 129 52 1926;
655 3173 64 43 2c.
750 3173 87 43 and
866 3173 77 44 aff.
976 3172 119 44 Nov.
1128 3174 76 51 18;
1236 3173 44 43 A
1310 3170 188 54 957129;
1534 3171 197 54 Century
1763 3188 63 28 co.

246 3229 270 55 (26-21466)

170 3313 240 73 Young,
446 3314 139 58 Nell
618 3315 58 58 J.

250 3404 174 59 Good
451 3405 264 72 English
739 3407 65 55 in
833 3407 304 72 speaking
1162 3408 124 57 and
1309 3407 270 72 writing.
1650 3407 274 58 Seventh
1951 3410 210 71 grade.

172 3483 1993 73 By Nell J. Young … and Frederick W. Memmott … New
171 3560 191 70 York,
391 3561 73 55 D.
495 3560 317 71 Appleton
843 3563 123 57 and
996 3581 305 53 company
1333 3565 180 74 [1926]

347 3672 10 17 xxx,
387 3635 80 45 372
497 3651 38 38 p.
597 3637 50 44 19
654 3640 46 18 cm
707 3673 7 8 .

172 3691 52 53 ©
247 3694 111 52 Apr.
388 3694 31 50 1,
449 3693 127 52 1926;
601 3695 63 42 2c.
690 3695 86 43 and
800 3695 78 43 aff.
903 3696 111 51 Apr.
1040 3695 50 52 6;
1117 3695 44 43 A
1185 3696 189 53 883894;
1402 3697 56 44 D.
1485 3698 225 52 Appleton
1736 3698 86 43 and
1848 3713 66 28 co.

177 3775 311 75 Younger,
527 3780 276 57 Edward
839 3779 279 59 Francis.

253 3864 208 58 Yazoo
520 3864 222 73 Valley
799 3886 200 52 verse,
1057 3870 81 70 by
1197 3869 277 60 Edward
1533 3873 263 58 Francis
1855 3874 312 73 Younger.

182 3941 288 71 Chicago,
505 3942 126 58 The
670 3942 467 62 Contributors’
1170 3947 189 65 guild,
1396 3951 165 57 1926.
