2542 4285
1045 4008 109 56 559

112 377 200 68 Shaw,
351 377 74 56 A.
464 378 112 71 W.,
615 392 319 56 company.

254 467 1832 73 … Shaw’s standard new century business dictionary
112 544 1971 72 of the English language … Rev., enl. and corrected to
113 624 159 71 date,
298 622 146 56 1926
472 623 90 56 ed.
646 621 287 73 Chicago,
957 620 152 58 New
1130 620 173 58 York
1329 625 145 69 [etc.]
1500 621 75 57 A.
1599 621 94 58 W.
1723 622 186 58 Shaw
106 642 1957 129 company
306 729 13 43 [
321 706 18 23 c
343 699 162 74 1926]

180 776 718 54 1 p. l., 437 p. illus. 19½ cm .
177 834 65 44 At
263 834 113 44 head
399 833 51 45 of
474 834 95 43 title
586 848 9 29 :
621 832 93 45 For
735 833 138 49 office,
895 833 120 44 bank
1037 849 53 28 or
1114 834 183 52 library.

109 887 53 54 ©
192 890 110 51 May
335 889 60 51 12,
429 888 128 52 1926;
585 889 65 42 2c.
679 889 113 52 May
823 888 74 53 14;
928 889 79 43 aff.
1038 889 115 52 May
1180 887 74 54 15;
1285 889 45 42 A
1359 888 189 53 891437;
1580 889 56 43 A.
1665 890 76 44 W.
1775 888 136 48 Shaw
1939 905 66 28 co.
186 944 268 54 (26-10830)

110 1043 319 71 Sherman,
469 1042 278 60 William
784 1041 326 58 Roderick.

184 1134 128 55 The
344 1132 360 71 diplomatic
731 1134 123 55 and
883 1131 390 60 commercial
1301 1133 299 56 relations
1632 1133 67 57 of
1727 1134 103 56 the
1857 1134 235 57 United

105 1209 1962 149 States and Chile, 1820-1914 [by] William Roderick Sherman … Boston, R. G. Badger [ c 1926]
175 1366 83 43 224
296 1380 39 37 p.
394 1366 53 41 22
454 1367 47 17 cm
506 1400 9 8 .

178 1421 349 52 Bibliography:
559 1435 40 37 p.
631 1421 203 43 219-224.

106 1477 54 53 ©
187 1479 111 51 May
323 1479 38 50 4,
392 1476 126 53 1926;
547 1478 65 43 2c.
641 1478 111 51 May
782 1476 74 53 15;
886 1477 79 44 aff.
993 1478 113 51 May
1134 1478 73 50 13;
1239 1477 45 42 A
1310 1477 189 52 891423;
1531 1477 197 44 Richard
1757 1477 52 45 G.
1841 1479 191 52 Badger.

185 1533 268 55 (26-10795)

108 1631 238 72 Smyth,
386 1630 281 58 William
704 1630 248 70 Woods,
996 1633 187 55 1843-

183 1720 1906 74 Part I . The problem of the tribes of Israel alleged to
104 1799 159 56 have
309 1798 154 57 been
510 1798 138 56 lost.
735 1798 158 56 Part
988 1843 11 10 II.
1042 1798 60 55 A
1149 1798 279 70 problem
1476 1798 106 56 for
1628 1799 103 57 the
1781 1799 190 57 house
2023 1801 67 56 of

108 1874 1983 72 Judah. By William Woods Smyth … with a foreword by
106 1951 1984 74 the Rev. James Mountain … New York, P. R. Reynolds,
106 2030 164 56 1926.

176 2105 52 44 79
266 2120 38 37 p.
363 2105 55 42 22
424 2108 15 17 cm
476 2139 9 8 .

107 2159 53 54 ©
191 2161 111 52 Apr.
336 2161 66 51 22,
440 2160 105 43 1926
559 2175 9 36 ;
604 2160 64 43 2c.
701 2161 87 43 and
822 2161 79 43 aff.
938 2161 111 52 May
1087 2161 73 52 12;
1197 2161 45 42 A
1276 2160 189 53 890726;
1502 2162 75 43 W.
1613 2162 74 43 W.
1727 2161 173 53 Smyth,
175 2162 1893 106 Maidstone,
351 2217 135 51 Kent,
524 2216 219 55 England.
813 2215 268 55 (26-10812)

172 2315 1915 76 … South eastern reporter digest. [West Virginia ed.]
181 2392 330 72 Including
545 2411 177 38 cases
756 2394 297 69 reported
1085 2392 69 56 in
1185 2392 152 57 vols.
1378 2394 185 55 1-125
1604 2392 199 58 South
1841 2396 250 55 eastern

182 2470 1907 71 reporter, 1-97 West Virginia reports ; and also … state
183 2547 1906 72 reports … together with an index-digest of vols. 1 -82
180 2624 291 73 Virginia
517 2626 119 56 and
680 2624 413 72 preliminary
1136 2625 294 56 volumes,
1514 2644 56 36 v.
1619 2626 48 54 2.
1710 2623 211 59 Banks
1968 2627 122 55 and

180 2701 711 73 banking-Coservants.
971 2701 230 58 Edited
1238 2703 82 71 by
1357 2702 103 57 the
1502 2702 290 57 editorial
1832 2701 153 58 staff
2024 2702 66 56 of

180 2779 103 56 the
320 2779 332 57 American
689 2778 208 73 digest
933 2782 248 68 system.
1263 2779 88 57 St.
1391 2779 178 72 Paul,
1602 2779 179 57 West
180 2779 1885 150 publishing
316 2876 105 51 co.,
453 2858 162 55 1926.

175 2933 58 50 iii,
268 2931 256 53 1373-2925,
555 2930 134 46 55-95
718 2947 41 37 p.
818 2933 55 43 26
878 2936 15 17 cm
931 2968 9 8 .

176 2988 208 44 Lettered
413 3004 56 28 on
498 3003 158 29 cover:
689 2988 101 53 Key
818 2988 188 43 number
1033 2994 181 47 system.

102 3042 57 54 ©
183 3045 98 52 Jan.
307 3044 64 51 28,
403 3044 129 52 1926;
557 3045 64 42 2c.
648 3046 111 51 May
785 3046 50 51 8;
863 3045 79 43 aff.
969 3045 112 52 May
1107 3044 48 52 7;
1186 3045 43 41 A
1257 3044 188 53 891318;
1475 3045 145 44 West.
1646 3044 101 53 pub.
1773 3060 66 28 co.
1899 3049 106 38 3787

108 3142 270 72 Stidger,
412 3142 280 60 William
723 3143 82 56 Le
838 3142 153 73 Roy,
1028 3144 188 57 1886-

179 3232 298 72 Building
513 3252 276 38 sermons
824 3233 151 56 with
1012 3233 362 70 symphonic
1408 3232 255 72 themes,
1699 3233 83 70 by
1814 3232 275 57 William

104 3309 65 56 L.
209 3310 273 72 Stidger,
556 3358 9 10 D.
643 3357 9 10 D.
736 3311 150 56 New
920 3310 190 71 York,
1146 3310 240 72 George
1421 3310 78 56 H.
1538 3310 213 56 Doran
1789 3329 260 51 company

106 3389 199 71 [c1926]

173 3464 80 45 273
291 3480 42 38 p.
396 3466 49 44 19½
496 3467 29 17 m
533 3501 7 8 .

104 3520 54 54 ©
185 3523 111 51 May
326 3522 59 47 14,
417 3522 128 51 1926;
569 3522 66 45 2c.
661 3524 112 51 May
802 3523 74 51 18;
904 3522 78 44 aff.
1012 3523 111 51 May
1151 3522 73 52 19;
1254 3522 43 43 A
1324 3521 188 52 890832;
1545 3520 175 54 George
1746 3521 63 43 H.
1837 3521 159 44 Doran
2021 3536 65 29 co.

184 3577 268 55 (26-10870)

107 3661 246 73 Taylor,
395 3661 228 58 Merlin
659 3663 231 56 Moore.

187 3753 129 57 The
357 3752 184 57 heart
578 3754 67 56 of
684 3754 178 56 black
900 3754 238 71 Papua,
1181 3754 82 70 by
1304 3752 228 57 Merlin
1574 3752 213 57 Moore
1832 3752 249 70 Taylor.

108 3828 151 59 New
280 3830 188 72 York,
495 3830 69 57 R.
594 3830 81 57 M.
702 3830 294 59 McBride
1020 3831 46 56 &
1092 3849 319 53 company,
1439 3830 164 57 1926.

175 3908 1009 54 viii p., 1 l. , 266 p. front., plates. 21 cm .
