2542 4285
0 0 0 0 764
457 370 249 69 Carver,
747 370 256 73 George,
1044 390 89 39 ed.

536 474 128 57 The
701 473 282 59 Catholic
1011 475 306 57 tradition
1347 476 66 55 in
1446 475 263 71 English
1741 476 346 71 literature,
2123 476 208 57 edited
2361 475 82 72 by

463 550 1980 75 George Carver … Garden City, N. Y., Doubleday, Page
457 630 48 56 &
538 648 319 56 company,
894 630 164 57 1926.

527 736 62 28 xv
620 737 53 36 p.,
709 723 17 41 1
781 755 22 17 l.,
835 719 82 45 467
947 736 38 36 p.
1046 723 48 41 21
1106 723 46 17 cm
1159 758 9 9 .

461 787 52 53 ©
540 791 114 50 June
684 788 61 52 17,
778 789 128 52 1926;
937 789 62 42 2c.
1028 790 87 42 and
1142 790 78 42 aff.
1250 791 115 50 June
1392 789 76 51 30;
1499 790 42 41 A
1571 787 189 53 891965;
1793 789 278 52 Doubleday,
2105 790 126 51 Page
2258 789 37 43 &
2324 804 67 27 co.

539 845 268 54 (26-13320)

458 945 278 72 Caspari,
777 944 256 59 Charles
1071 944 289 68 Edward,
1401 946 189 57 1875-

537 1050 58 57 A
626 1051 260 58 treatise
918 1070 78 39 on
1027 1051 343 72 pharmacy
1398 1050 105 58 for
1536 1051 285 59 students
1855 1052 124 57 and
2008 1051 441 72 pharmacists,

461 1128 1988 73 by Charles Caspari, jr. … 7th ed., thoroughly rev. by
463 1206 1961 152 E. F. Kelly … illustrated with 263 engravings. Philadelphia and New York, Lea & Febiger, 1926.
528 1394 45 36 X,
610 1377 160 45 17-663
802 1393 41 37 p.
905 1377 129 51 illus.,
1067 1377 166 54 diagrs.
1294 1379 53 42 24½
1382 1381 46 17 cm
1436 1414 6 7 .

459 1445 55 54 ©
540 1447 105 52 July
673 1449 33 48 1,
738 1447 128 51 1926;
892 1448 65 41 2c.
986 1447 105 52 July
1115 1447 24 43 3;
1192 1447 76 42 aff.
1298 1447 105 52 July
1429 1447 49 51 8;
1507 1447 42 41 A
1577 1446 188 52 901089;
1795 1446 91 43 Lea
1914 1447 37 43 &
1977 1445 205 54 Febiger.
540 1502 269 56 (26-13455)

460 1601 343 74 Coleridge,
847 1603 254 58 Samuel
1141 1601 247 74 Taylor,
1432 1603 355 58 1772-1834.

537 1706 128 58 The
691 1704 247 61 ancient
961 1704 297 72 mariner,
1279 1707 84 69 by
1389 1704 252 59 Samuel
1667 1704 233 72 Taylor
1932 1703 348 73 Coleridge,
2305 1703 151 59 with

459 1803 35 37 a
523 1782 323 59 collection
874 1784 69 57 of
969 1782 516 73 supplementary
1511 1801 215 54 poems
1755 1781 69 58 of
1850 1782 104 59 the
1985 1801 125 52 sea,
2141 1782 207 60 edited
2374 1784 83 70 by

459 1859 1997 73 Elias Lieberman … Chicago, New York, Lyons and
462 1936 334 59 Carnahan
829 1967 13 43 [
845 1946 18 22 c
867 1938 165 72 1926]

532 2026 1668 55 118 p. incl. pl. 18 cm . (Lettered on cover: Stratford classics)
531 2096 196 44 “Poems
757 2096 54 45 of
839 2096 77 44 the
945 2097 103 44 sea”
1066 2112 9 29 :
1106 2112 40 39 p.
1178 2098 210 47 [61]-118.

465 2166 52 54 ©
548 2169 109 52 Apr.
691 2168 66 51 30,
794 2167 128 52 1926;
954 2169 63 43 2c.
1051 2171 114 50 June
1204 2170 72 50 14;
1310 2169 78 43 aff.
1420 2169 107 53 July
1560 2169 49 51 6;
1643 2169 43 42 A
1721 2169 188 52 897348;
1947 2170 150 52 Lyons
2131 2171 37 43 &
2203 2168 252 47 Carnahan.

537 2223 65 55 [©
632 2240 98 29 new
757 2233 182 44 matter]
1010 2225 269 54 (26-13450)

463 2322 322 58 Columbia
832 2323 365 74 university.
1305 2326 304 56 Teachers
1658 2326 247 72 college.
2001 2324 456 60 International

540 2403 306 61 institute.

541 2509 59 57 A
648 2526 229 56 survey
920 2511 69 58 of
1031 2511 104 57 the
1180 2509 210 72 public
1434 2507 392 62 educational
1874 2513 234 70 system
2154 2512 67 58 of
2264 2512 195 59 Porto

522 2586 112 73 Rico,
673 2588 182 58 made
892 2590 200 57 under
1131 2588 106 60 the
1277 2585 307 62 direction
1624 2590 68 57 of
1730 2589 105 60 the
1872 2586 462 60 International
468 2590 1968 133 institute
715 2667 69 57 of
815 2664 309 59 Teachers
1157 2666 249 72 college,
1442 2664 321 61 Columbia
1793 2663 383 75 university;
465 2667 1972 134 authorized
638 2745 84 70 by
759 2742 106 60 the
903 2741 374 74 University
1316 2744 68 58 of
1424 2744 195 57 Porto
1659 2742 170 59 Eico.
1912 2744 151 57 New
2102 2742 175 58 York
2316 2744 144 70 city,

468 2820 308 60 Teachers
808 2821 249 72 college,
1092 2818 323 62 Columbia
1445 2818 370 76 university,
1848 2823 165 56 1926.

536 2928 44 34 X,
611 2910 81 47 453
725 2925 40 38 p.
828 2910 140 46 front.
996 2910 155 53 (map)
1189 2912 142 46 tables
1357 2911 128 53 (part
1517 2910 138 54 fold.)
1695 2911 170 53 diagrs.
1895 2911 127 54 (part
2056 2910 189 54 double)
2311 2912 53 44 23½cm

475 2968 287 52 (Half-title:
792 2967 184 48 Studies
999 2968 49 46 of
1070 2968 76 46 the
1169 2968 331 45 International
1522 2968 205 47 institute
1748 2970 52 46 of
1820 2968 227 47 Teachers
2070 2969 185 52 college,
468 2968 1975 103 Columbia
569 3024 263 52 university,
861 3039 73 30 no.
966 3026 50 45 8)

468 3077 53 53 ©
556 3081 115 50 June
706 3078 67 52 26,
813 3079 129 51 1926;
982 3079 63 42 2c.
1082 3080 115 50 June
1235 3079 77 51 30;
1350 3079 79 43 aff.
1465 3079 106 52 July
1610 3080 48 51 2;
1698 3080 44 42 A
1779 3079 189 53 901015;
2010 3079 226 45 Teachers
2273 3081 184 52 college,

539 3133 235 46 Columbia
803 3136 260 52 university.
1133 3135 271 53 (26-13399)

465 3234 284 72 Courths,
785 3237 174 56 Frau
995 3234 270 75 Hedwig
1307 3235 301 73 (Mahler)
1656 3238 188 57 1867-

542 3325 391 71 Feenhände,
982 3344 221 39 roman
1249 3344 122 39 von
1417 3326 81 57 H.
1552 3325 563 59 Courths-Mahler.
2205 3327 257 72 Leipzig

463 3404 128 58 und
624 3402 189 71 Bern,
849 3403 71 57 F.
1015 3403 298 58 Rothbarth
1350 3433 13 43 [
1366 3412 18 22 c
1387 3404 166 73 1925]

534 3480 83 44 222
646 3492 41 39 p.
749 3477 53 45 18
807 3481 47 19 cm
860 3514 9 9 .

469 3534 1990 57 © Nov. 17, 1925; 1c. June 7, 1926; A—Foreign 31135; Friedrich Rothbarth.
547 3592 268 54 (26-13212)

470 3692 89 57 De
597 3693 309 72 Casseres,
944 3693 332 72 Benjamin.

548 3784 217 57 James
812 3783 275 59 Gibbons
1134 3785 314 72 Huneker,
1495 3788 83 70 by
1623 3786 333 73 Benjamin
2001 3788 91 56 De
2143 3786 314 59 Casseres.

471 3860 149 59 New
653 3861 190 74 York,
881 3862 60 57 J.
978 3863 264 57 Lawren
1279 3895 13 43 [
1293 3871 20 21 c
1317 3865 163 73 1925]
