2609 4293
0 0 0 0 107
205 427 80 43 293
309 427 147 42 numb.
499 461 8 8 l.
534 426 101 43 incl.
659 425 130 51 illus.,
813 425 157 47 tables,
993 425 166 51 diagrs.
1218 424 55 44 20
1279 427 16 17 cm
1331 459 9 7 .

137 481 52 54 ©
218 485 118 51 Aug.
370 484 61 49 11,
465 481 129 52 1925;
627 483 63 42 2c.
723 483 85 42 and
839 483 78 41 aff.
951 483 118 41 Nov.
1101 482 78 50 30;
1213 482 44 41 A
1291 478 161 45 879245;
1516 479 158 44 Pierce
1708 480 250 52 petroleum
1986 493 133 38 corp.,

205 541 115 42 New
355 540 140 42 York.
565 536 241 55 (26-3156)

136 607 297 73 Pinkney,
472 608 275 57 Edward
834 612 153 64 Coote,
1027 608 355 56 1802-1828.

193 689 129 57 The
345 687 110 57 life
480 689 123 56 and
623 687 203 58 works
855 688 66 55 of
948 687 270 56 Edward
1248 685 188 58 Coote
1461 683 283 73 Pinkney;
1802 704 35 38 a
1860 684 260 58 memoir

135 766 121 56 and
298 764 299 70 complete
640 766 130 55 text
815 764 67 55 of
921 762 96 59 his
1058 781 214 53 poems
1315 764 123 56 and
1478 761 267 72 literary
1784 780 206 53 prose,
134 759 1963 154 including

449 840 181 57 much
697 858 191 39 never
957 840 217 58 before
1240 839 349 72 published,
1660 837 313 75 prepared
2040 839 82 72 by

132 916 1967 137 Thomas Ollive Mabbott, PH. D. and Prank Lester Pleadwell …
449 996 150 55 New
627 994 189 71 York,
849 995 127 57 The
1006 993 360 58 Macmillan
1397 1012 321 54 company,
1749 994 165 59 1926.

199 1069 1398 54 xvi p., 2 l., 233 p. front. (port.) pl., facsims. 22½cm.
202 1128 354 50 Bibliography:
582 1140 41 38 p.
651 1127 204 44 219-223.

129 1179 56 54 ©
209 1183 99 50 Jan.
333 1182 67 50 26,
431 1181 103 43 1926;
586 1182 65 41 2c.
678 1182 85 42 and
790 1181 78 42 aff.
893 1180 99 52 Jan.
1016 1179 55 44 27;
1125 1180 44 43 A
1196 1178 162 46 883053;
1414 1179 54 43 T.
1496 1181 56 43 O.
1581 1180 223 53 Mabbott,
1834 1181 119 43 New
1980 1180 141 44 York.

209 1237 241 54 (26-3018)

132 1304 225 72 Plyler,
392 1306 58 57 A
760 1306 96 58 W.

209 1382 129 58 The
368 1383 151 57 Iron
547 1382 157 58 duke
735 1382 66 57 of
829 1382 104 57 the
962 1381 345 58 Methodist
1336 1381 353 72 itinerancy;
1751 1401 80 39 an
1861 1384 258 56 account

132 1460 67 58 of
229 1460 102 58 the
363 1460 110 60 life
509 1461 123 57 and
661 1459 211 59 labors
905 1460 68 57 of
1004 1459 328 59 Reverend
1364 1459 169 60 John
1568 1459 216 60 Tillett
1818 1459 68 60 of
1917 1459 204 60 North

129 1536 1967 152 Carolina, by A. W. Plyler … Nashville, Tenn., Cokesbury
323 1634 200 55 press,
561 1616 166 57 1925.

199 1694 764 53 216 p. front. (port.) 19½ cm .
130 1749 52 54 ©
213 1753 117 41 Mar.
360 1751 65 50 30,
459 1749 128 52 1925;
616 1751 65 42 2c.
713 1750 86 43 and
827 1750 77 42 aff.
936 1750 98 52 Jan.
1069 1750 61 50 11,
1165 1749 129 52 1926;
1326 1749 44 43 A
1399 1749 188 52 879444;
1622 1749 166 44 Lamar
1817 1749 88 44 and
1937 1749 185 52 Barton,

200 1806 250 44 Nashville.
521 1806 240 54 (26-3366)

132 1878 289 70 Poynter,
461 1876 187 73 Mary
682 1875 291 71 Augusta
1011 1875 224 57 Mason
1279 1873 401 75 (Dickinson)
1730 1875 165 74 lady.

206 1956 207 72 Along
457 1957 103 56 the
606 1954 277 74 winding
928 1957 172 64 road,
1148 1956 83 71 by
1275 1955 188 72 Mary
1514 1955 284 72 Augusta
1845 1955 277 72 Poynter

139 2031 1985 75 (Lady Poynter) … New York, Chicago [etc.] Fleming
197 2158 9 9 H.
240 2111 215 58 Revell
485 2129 305 54 company
821 2140 12 43 [
834 2118 18 21 c
857 2111 164 71 1925]

200 2189 573 51 1 p. l., 5-98 p. 19½c m .
199 2247 176 43 Poems.

129 2297 53 53 ©
212 2299 99 52 Jan.
340 2299 66 49 23,
444 2298 128 52 1926;
604 2299 64 42 2c.
701 2298 88 43 and
816 2298 79 42 aff.
927 2299 101 51 Jan.
1060 2297 77 52 30;
1171 2298 43 42 A
1247 2297 190 52 883101;
1471 2296 209 55 Fleming
1714 2299 62 43 H.
1810 2298 158 45 Revell
1999 2314 66 28 co.

206 2354 241 55 (26-3017)

130 2426 361 56 Protestant
535 2423 339 73 Episcopal
915 2423 233 57 church
1190 2423 68 57 in
1298 2423 104 58 the
1446 2423 75 58 U.
1570 2424 62 59 S.
1676 2423 76 58 A.
1835 2427 131 56 Book
2058 2426 64 72 of

206 2522 278 37 common
514 2520 245 54 prayer.

206 2583 128 56 The
398 2581 275 57 revision
735 2581 68 57 of
864 2582 102 57 the
1028 2580 175 58 Book
1265 2581 68 57 of
1395 2598 279 41 common
1734 2600 253 55 prayer,
2051 2600 69 41 as

129 2662 302 56 amended
468 2660 165 71 1919,
674 2659 166 72 1922,
879 2657 123 61 and
1039 2659 147 55 1925
1226 2660 123 58 and
1388 2676 69 40 as
1495 2661 317 70 proposed
1847 2661 106 58 for
127 2661 1970 135 further

305 2738 394 57 amendment
734 2738 83 69 by
855 2737 102 57 the
998 2736 269 59 General
1303 2739 370 56 convention
1709 2739 68 57 of
1813 2737 167 71 1925,
2017 2740 103 57 for

128 2814 380 58 ratification
544 2814 65 56 in
651 2814 166 71 1928,
856 2814 215 58 issued
1108 2814 199 58 under
1346 2811 325 76 authority
1710 2817 124 57 and
1872 2818 84 69 by
129 2835 1966 114 resolution

413 2893 68 57 of
528 2891 268 59 General
844 2890 386 59 convention.
1312 2889 386 69 Milwaukee,
1747 2893 372 59 Morehouse

128 2966 360 74 publishing
517 2987 106 53 co.,
652 2969 166 55 1925.

196 3046 91 51 xiv,
315 3046 95 51 248,
443 3045 41 48 [2]
528 3059 41 36 p.
627 3045 57 45 20
689 3047 47 18 cm
741 3081 10 10 .

127 3098 53 53 ©
208 3101 98 51 Jan.
336 3098 67 53 25,
434 3100 129 51 1926;
592 3100 65 41 2c.
688 3099 86 43 and
801 3099 78 43 aff.
909 3100 99 51 Jan.
1037 3099 78 51 30;
1147 3099 43 42 A
1219 3097 190 54 879449;
1440 3100 49 43 L.
1521 3101 66 41 M.
1618 3101 246 53 Robinson,
1894 3117 49 28 as
197 3107 1901 92 custodian

329 3156 49 43 of
406 3155 76 43 the
511 3156 215 42 standard
756 3169 164 38 prayer
950 3156 132 50 book,
1116 3155 324 53 Philadelphia.
1510 3156 242 55 (26-3146)

128 3224 394 74 Reischauer,
559 3225 253 73 August
848 3225 175 73 Karl,
1063 3227 190 58 1879-

206 3303 129 57 The
370 3304 141 57 task
542 3302 64 57 in
638 3304 244 70 Japan;
918 3323 37 37 a
988 3304 189 71 study
1206 3304 67 56 in
1305 3305 262 57 modern
1597 3303 384 74 missionary
129 3307 1966 146 imperatives,

512 3380 1605 76 by August Karl Reischauer … New York,
131 3457 269 74 Chicago
433 3460 145 71 [etc.]
608 3458 288 73 Fleming
923 3459 79 57 H.
1033 3459 216 57 Revell
1278 3478 306 55 company
1613 3490 13 44 [
1628 3468 20 23 c
1650 3461 164 75 1926]

202 3539 78 42 231
321 3552 39 38 p.
424 3539 48 42 19½cm.

128 3591 53 54 ©
211 3594 98 51 Jan.
340 3594 65 49 23,
442 3593 129 52 1926;
604 3593 64 43 2c.
701 3595 86 42 and
819 3593 77 44 aff.
927 3594 99 52 Jan.
1058 3594 78 51 30;
1170 3593 44 43 A
1246 3592 190 54 883095;
1473 3593 207 54 Fleming
1712 3595 61 43 H.
1809 3595 158 44 Revell
1999 3610 65 29 co.

206 3649 241 54 (26-3289)

129 3717 232 72 Revell,
397 3717 216 59 Nellie.

206 3795 128 60 The
377 3797 202 72 funny
620 3797 131 60 side
793 3802 137 69 out;
975 3799 187 72 after,
1204 3800 217 58 before
1464 3799 122 58 and
1627 3800 230 73 during
1899 3800 219 59 dinner

130 3873 245 72 stories,
421 3875 151 58 with
623 3874 318 75 apologies
990 3881 63 54 to
1101 3878 286 58 whoever
1434 3877 141 58 first
1624 3879 131 58 told
1804 3879 185 71 them,
2038 3881 82 70 by
