2542 4285
1259 4024 152 58 1374

446 505 123 44 “The
604 505 206 45 material
844 522 57 31 on
936 506 148 44 which
1118 505 88 47 this
1240 507 122 44 book
1396 507 37 45 is
1467 507 137 45 based
1636 523 93 29 was
1765 508 219 54 gathered
2020 508 234 54 primarily
2289 510 72 44 for

375 561 73 45 the
487 563 181 53 writing
706 562 51 45 of
793 578 26 29 a
858 564 204 44 doctoral
1098 563 292 45 dissertation
1427 573 46 36 at
1512 563 141 45 Clark
1688 563 264 55 university,
1991 580 119 38 upon
2148 566 147 45 which
2336 581 24 29 a

372 620 166 52 degree
568 634 93 29 was
694 620 193 52 granted
924 621 44 42 in
1005 618 331 46 1925.”—Pref.

443 675 350 56 Bibliography:
827 691 40 39 p.
898 677 205 44 323-339.

366 745 55 54 ©
447 748 117 43 Nov.
589 746 36 53 6,
656 747 129 51 1926;
813 747 64 42 2c.
906 748 118 42 Nov.
1051 747 49 52 9;
1127 747 78 43 aff.
1232 747 119 43 Nov.
1376 747 50 52 8;
1455 747 43 43 A
1525 746 187 54 957014;
1746 747 44 47 S.
1820 749 65 42 M.
1916 747 159 54 Smith,
2104 748 252 53 Hamilton,

437 805 59 43 N.
529 805 54 42 Y.
652 803 270 55 (26-21477)

435 904 1926 72 … The South western reporter, v. 282, 283. Permanent
444 982 1915 74 ed. … With key-number annotations … May 26-July
444 1062 88 71 14,
563 1062 164 55 1926.
814 1060 89 57 St.
934 1060 177 72 Paul,
1141 1060 180 58 West
1350 1060 361 72 publishing
1742 1080 106 53 co.,
1881 1062 164 55 1926.

433 1152 26 42 2
491 1167 40 27 v.
592 1151 53 43 26½
680 1154 46 17 cm
733 1186 8 8 .
811 1151 245 53 (National
1092 1158 204 44 reporter
1330 1149 356 53 system—State
1721 1149 165 54 series)

364 1237 39 28 v.
428 1223 95 50 282,
547 1221 54 53 ©
625 1223 119 51 Aug.
773 1222 64 52 16,
867 1221 128 53 1926;
1025 1237 41 28 v.
1093 1221 95 53 283,
1214 1220 54 53 ©
1296 1220 120 54 Sept.
1447 1222 75 52 14;
1550 1221 63 43 2c.
1643 1219 107 45 each
1780 1221 108 44 Dec.
1915 1221 51 52 4;
1994 1221 104 44 affs.
2127 1220 120 45 Nov.
2272 1221 79 52 29;

433 1279 44 43 A
506 1279 175 53 958216,
710 1278 189 53 958221;
930 1280 132 44 West
1094 1280 99 51 pub.
1224 1294 66 28 co.

364 1378 233 72 Spicer,
641 1377 283 59 William
964 1377 323 73 Ambrose,
1333 1381 189 57 1866-

436 1471 291 59 Miracles
764 1473 68 58 of
861 1473 259 57 modern
1151 1469 314 73 missions,
1498 1472 301 73 gathered
1833 1474 107 54 out
1974 1472 68 57 of
2075 1472 104 58 the
362 1471 1967 136 mission

541 1547 1812 74 records, by William A. Spicer … Takoma Park,
357 1626 434 74 Washington,
836 1626 72 57 D.
956 1626 85 72 C.,
1088 1627 200 58 South
1328 1626 196 72 Bend,
1566 1627 136 56 Ind.
1749 1631 145 68 [etc.]
1938 1627 252 59 Review
2231 1629 120 56 and

358 1701 1250 76 herald publishing association [ c 1926]
431 1793 1285 54 1 p. l., 7-319 p. front., illus. (incl. ports.) 21 cm .
357 1864 55 53 ©
436 1865 117 43 Nov.
582 1863 62 52 18,
670 1862 105 44 1926
790 1876 9 38 ;
824 1863 64 42 2c.
913 1862 119 43 Nov.
1056 1861 76 52 22;
1161 1861 78 43 aff.
1266 1862 118 43 Nov.
1410 1861 78 53 23;
1513 1861 43 42 A
1580 1860 189 54 957183;
1797 1862 185 45 Review
2006 1864 38 44 &
2065 1862 160 46 herald
2250 1864 100 53 pub.

428 1937 116 29 assn.
613 1918 269 57 (26-21509)

359 2022 406 73 Stephenson,
809 2018 243 61 Gilbert
1091 2018 286 73 Thomas,
1422 2022 189 57 1884-

435 2112 228 73 Living
702 2114 220 71 trusts,
963 2108 321 73 including
1320 2108 113 59 life
1473 2109 331 59 insurance
1845 2114 221 67 trusts,
2107 2112 82 71 by
358 2112 1972 138 Gilbert

535 2187 1820 73 Thomas Stephenson … New York, F. S. Crofts &
359 2289 107 52 co.,
498 2270 164 56 1926.

494 2395 10 18 xv,
534 2360 77 44 431
645 2373 40 39 p.
745 2358 50 43 21½
833 2359 47 18 cm
887 2393 8 7 .

354 2430 53 54 ©
438 2432 117 42 Nov.
590 2429 60 51 16,
685 2428 130 52 1926;
845 2428 65 43 2c.
940 2428 88 42 and
1056 2427 78 43 aff.
1167 2427 119 43 Nov.
1317 2425 77 52 20;
1430 2426 44 43 A
1506 2424 190 55 957148;
1729 2425 50 46 F.
1814 2424 45 48 S.
1893 2425 158 46 Crofts
2083 2427 38 45 &
2150 2442 80 37 co.,
2261 2430 84 44 inc.

431 2486 269 56 (26-21320)

354 2588 217 56 Texas.
655 2587 202 73 Laws,
902 2589 287 67 statutes,
1236 2589 111 53 etc.

427 2678 316 58 Vernon’s
780 2678 344 56 annotated
1156 2677 198 56 Penal
1388 2677 148 56 code
1573 2677 66 56 of
1675 2677 103 57 the
1818 2680 162 54 state
2018 2679 68 55 of
2123 2679 222 70 Texas,

352 2758 276 57 revision
655 2757 68 56 of
751 2757 165 70 1925,
943 2754 325 73 including
1294 2755 81 56 all
1402 2755 151 57 laws
1585 2756 66 55 of
1678 2755 257 72 general
1962 2755 386 72 application

348 2836 233 72 passed
621 2835 84 71 by
746 2834 104 57 the
897 2833 256 73 regular
1195 2833 244 57 session
1481 2833 68 57 of
1592 2833 104 56 the
1743 2834 143 56 39th
1929 2833 414 74 Legislature,

347 2913 153 58 with
524 2912 328 58 historical
874 2914 200 69 notes,
1102 2913 178 55 notes
1311 2911 67 56 of
1406 2911 307 57 decisions
1744 2911 126 57 and
1895 2912 355 57 references
2280 2916 63 53 to

348 2989 1971 138 forms, v . 3. Offenses against reputation to Miscellaneous
346 3065 1972 155 offenses … Kansas City, Mo., Vernon law book company, 1926.
414 3236 95 52 xiii,
543 3236 83 44 370
655 3250 41 38 p.
754 3235 56 44 26
815 3238 45 17 cm
868 3270 8 8 .

418 3294 209 44 Lettered
660 3308 59 29 on
752 3308 158 28 cover:
949 3292 225 45 Vernon’s
1209 3294 244 43 annotated
1486 3292 205 45 criminal
1725 3299 189 38 statutes
1945 3293 53 45 of
2030 3293 77 45 the
2140 3300 117 39 state
2289 3294 52 46 of

0 0 0 0 Texas.
343 3407 56 53 ©
432 3408 119 53 Sept.
580 3408 40 51 2,
653 3407 129 52 1926;
812 3407 63 44 2c.
907 3407 108 45 Dec.
1044 3408 50 52 2;
1126 3408 78 43 aff.
1237 3408 118 44 Nov.
1385 3408 78 52 29;
1496 3408 43 43 A
1569 3407 188 54 958210;
1789 3409 191 44 Vernon
2007 3408 88 46 law
2121 3409 122 45 book
2269 3424 67 30 co.

347 3522 262 74 Thayer,
647 3521 282 61 William
962 3523 251 69 Roscoe,
1253 3526 357 57 1859-1923.

426 3613 128 58 The
615 3613 219 58 letters
897 3616 69 55 of
1024 3613 278 59 William
1363 3615 239 58 Roscoe
1664 3616 267 71 Thayer,
1995 3615 207 59 edited
2260 3616 81 73 by

349 3690 1990 77 Charles Downer Hazen … Boston and New York,
344 3768 340 74 Houghton
715 3768 217 59 Mifflin
964 3789 322 53 company,
1317 3771 165 57 1926.

414 3848 62 44 vii
509 3862 54 38 p.,
595 3849 26 42 2
682 3881 8 15 l.,
723 3848 78 43 441
835 3862 39 38 p.
950 3846 152 54 front.,
1135 3848 130 50 illus.,
1296 3846 155 56 plates,
1483 3855 140 47 ports.
1681 3849 53 44 23
1741 3850 47 19 cm
1795 3883 8 9 .

339 3901 56 54 ©
426 3904 118 43 Nov.
577 3904 63 52 12,
673 3904 106 43 1926
794 3919 8 36 ;
833 3905 64 42 2c.
930 3904 118 44 Nov.
1084 3906 73 51 18;
1191 3905 79 44 aff.
1303 3906 119 42 Nov.
1459 3905 75 52 17;
1568 3905 44 43 A
1643 3904 189 53 957123;
1868 3903 128 48 Eliza
2028 3906 74 44 W.
2136 3903 197 56 Thayer,

411 3960 119 46 New
569 3962 142 45 York.
780 3961 271 56 (26-21339)
