2542 4285
1346 3949 147 57 1558

428 338 208 61 Miller,
663 336 318 63 Benjamin
1009 336 230 61 LeRoy.

556 410 1861 71 … Allentown quadrangle; mineral resources, by Benjamin
425 494 209 66 LeRoy
682 492 210 51 Miller.
978 489 313 53 Published
1342 489 61 51 in
1450 488 365 68 cooperation
1864 488 139 52 with
2053 488 97 52 the
2197 488 218 53 United

428 564 1988 72 States Geological survey … [Harrisburg, Pa., State printer,
428 648 150 64 1926]

495 726 85 41 195
623 738 42 36 p.
725 726 143 46 illus.,
914 725 169 45 tables,
1125 734 125 37 map,
1295 723 154 47 diagr.
1508 723 56 40 23½cm.
1723 722 385 49 (Pennsylvania
2154 723 263 47 geological

426 793 189 37 survey,
644 783 170 39 fourth
844 781 164 40 series.
1066 779 335 48 Topographic
1432 780 95 39 and
1557 779 211 48 geologic
1800 780 128 39 atlas
1961 778 52 40 of
2043 779 375 49 Pennsylvania,

424 851 75 29 no.
526 838 110 48 206)

496 895 180 39 Folded
703 904 136 37 maps
866 893 50 38 in
943 892 171 48 pocket
1139 903 61 28 on
1222 891 137 40 front
1386 901 154 29 cover.

427 945 54 54 ©
511 952 126 47 Sept.
664 951 69 46 24,
761 949 115 40 1926;
930 949 67 39 2c.
1025 949 117 39 Nov.
1169 949 23 37 1;
1252 947 82 40 aff.
1363 949 112 38 Dec.
1502 947 26 38 2;
1586 947 41 38 A
1652 947 175 40 957392;
1885 948 56 39 R.
1969 948 54 39 Y.
2055 947 184 48 Stuart,
497 958 1904 97 secretary,

658 1007 321 47 Department
1017 1004 52 39 of
1103 1004 181 39 forests
1323 1004 95 38 and
1459 1005 191 40 waters,
1689 1003 79 39 for
1808 1004 83 39 the
1928 1005 399 39 commonwealth
2367 1005 52 39 of

496 1062 372 48 Pennsylvania,
899 1060 315 47 Harrisburg,
1245 1060 83 39 Pa.

426 1158 144 51 New
597 1156 161 52 York
798 1153 217 69 (State)
1099 1154 184 65 Laws,
1311 1158 257 61 statutes,
1597 1159 98 45 etc.

496 1233 407 57 Gilbert-Bliss
937 1232 135 51 civil
1106 1230 249 68 practice
1388 1229 64 53 of
1486 1230 96 51 the
1617 1234 143 47 state
1797 1230 64 52 of
1897 1231 139 52 New
2074 1231 179 67 York,
425 1249 1969 132 containing

686 1312 96 51 the
821 1309 154 54 Civil
1012 1307 249 69 practice
1300 1312 107 62 act,
1444 1307 97 52 the
1581 1306 358 69 Surrogate’s
1977 1313 161 47 court
2177 1315 107 60 act,
2322 1310 96 51 the

425 1390 218 54 Justice
676 1392 161 48 court
872 1391 89 47 act
995 1386 114 51 and
1143 1385 78 51 all
1257 1385 162 51 other
1454 1384 247 67 practice
1738 1389 116 48 acts
1892 1385 112 52 and
2039 1386 96 51 the
2171 1387 149 52 rules
2356 1386 64 53 of

426 1468 134 52 civil
594 1464 248 70 practice
876 1464 117 51 and
1027 1463 162 51 other
1224 1467 162 47 court
1420 1463 168 65 rules,
1624 1462 140 51 with
1802 1463 388 54 amendments
2228 1468 58 47 to
2324 1465 95 51 the

425 1546 144 51 close
596 1543 64 52 of
687 1543 96 51 the
809 1541 359 68 Legislature
1198 1539 63 52 of
1292 1542 150 63 1926,
1474 1541 308 51 annotated
1814 1540 141 51 with
1984 1545 161 47 notes
2176 1540 64 53 of
426 1541 1968 134 judicial

561 1617 1796 68 decisions to June 1, 1926 … edited by Frank B. Gilbert …
425 1692 1995 71 Austin B. Griffin and John T. Fitzpatrick … with complete
425 1769 1995 71 indexes prepared by Alden I. Rosbrook … v. 6-8 … New
427 1852 178 67 York,
636 1851 206 65 Baker,
871 1848 250 55 Voorhis
1150 1850 46 49 &
1226 1866 309 50 company;
1568 1849 341 68 Northport,
1939 1850 69 51 N.
2043 1850 91 67 Y.,
2167 1851 253 52 Edward

428 1930 328 65 Thompson
792 1945 309 49 company;
1142 1926 139 52 New
1319 1926 164 52 York
1521 1927 113 51 and
1669 1926 250 69 Albany,
1955 1927 280 53 Matthew
425 1930 1971 128 Bender
549 2008 45 49 &
618 2020 298 52 company,
943 2003 419 68 incorporated,
1392 2006 150 50 1926.

493 2088 28 39 3
545 2099 42 28 v.
645 2086 58 40 26
705 2088 45 20 cm
755 2118 8 8 .

773 2153 107 28 CONTENTS.—v.
921 2140 42 41 6.
1003 2140 125 41 Civil
1169 2141 214 47 practice
1423 2143 92 38 act.
1585 2142 119 39 Part
1745 2141 39 48 5,
1831 2141 301 48 §§981-1469.
425 2144 1979 95 Praticular
546 2199 68 48 [!]
661 2198 188 39 actions
892 2198 96 38 and
1030 2197 328 47 proceedings.
1374 2219 61 5 —
1450 2209 45 28 v.
1540 2197 41 40 7.
1626 2197 125 41 Civil
1794 2198 213 47 practice
2053 2201 92 38 act.
2217 2201 120 39 Part
2381 2201 39 47 6,

429 2255 330 48 §§1470-1578.
822 2254 155 47 Costs,
1011 2254 383 39 disbursements
1430 2254 95 38 and
1557 2254 130 47 fees;
1725 2254 172 48 saving
1931 2256 216 47 clauses;
2185 2258 239 46 repeal.—

426 2323 43 29 v.
497 2311 41 41 8.
564 2311 125 40 Civil
715 2310 214 48 practice
954 2312 79 37 act
1058 2311 248 46 complete.

425 2363 53 53 ©
507 2369 111 39 Dec.
646 2367 69 47 10,
744 2366 115 40 1926;
916 2366 68 40 2c.
1013 2367 119 38 each
1162 2367 95 38 and
1288 2365 81 41 aff.
1400 2367 112 39 Dec.
1544 2367 53 38 11;
1657 2366 42 39 A
1727 2367 174 40 958312;
1963 2369 237 40 Matthew
2230 2371 190 39 Bender

497 2424 36 40 &
568 2435 81 36 co.,
688 2423 107 48 inc.,
830 2423 174 47 Baker,
1042 2422 207 40 Voorhis
1286 2422 35 39 &
1357 2433 66 29 co.

425 2518 141 63 Noe,
600 2518 233 62 Cotton,
867 2520 171 49 1864-

498 2597 112 67 Tip
651 2595 163 56 Sams
849 2596 64 52 of
948 2595 325 68 Kentucky,
1309 2596 114 52 and
1457 2596 163 52 other
1654 2615 193 49 poems
1882 2598 113 52 and
2031 2598 228 53 dramas
2304 2598 108 67 [by]

429 2673 1983 71 Cotton Noe … Lexington, Ky., The Canterbury club [ c 1926]
498 2755 771 50 ix p., 1 l., 13-270 p., 1 l. 17½cm.
426 2807 54 54 ©
512 2815 110 39 Dec.
656 2812 70 48 15,
761 2812 141 47 1926;
939 2812 68 40 2c.
1042 2813 112 38 Dec.
1190 2812 82 46 20;
1310 2811 82 40 aff.
1429 2813 111 38 Dec.
1574 2812 82 48 30;
1693 2812 42 39 A
1768 2812 200 48 957907;
2009 2814 165 39 James
2209 2814 212 41 Thomas

497 2870 174 40 Cotton
702 2870 113 46 Noe,
848 2868 284 47 Lexington,
1166 2868 92 46 Ky.
1328 2867 222 48 (27-968)

423 2962 233 65 Nyvall,
684 2962 211 63 David,
928 2965 169 49 1863-

494 3039 1889 72 Via dolorosa (sm ä rtev ä gen) eller fariseernas skugga p. å
424 3120 138 53 Jesu
594 3122 129 65 väg,
757 3137 71 33 av
858 3118 72 52 D.
964 3118 230 68 Nyvall.
1269 3118 421 68 [Minneapolis,
1779 3118 272 54 Veckoblad
2084 3119 336 70 publishing

424 3216 97 49 co.,
547 3197 269 68 printers,
844 3201 18 22 c
867 3199 151 64 1926]

497 3279 86 41 452
610 3290 44 38 p.
712 3278 58 40 22½cm.

426 3331 52 53 ©
505 3338 112 38 Dec.
644 3335 40 47 9,
711 3335 115 40 1926;
881 3335 67 40 2c.
974 3336 112 38 Dec.
1114 3335 54 39 13;
1226 3334 81 41 aff.
1337 3336 111 39 Dec.
1477 3335 56 38 16;
1589 3335 41 39 A
1656 3335 175 42 958380;
1888 3338 57 38 D.
1973 3337 189 47 Nyvall,
2193 3335 226 49 Chicago.

505 3391 251 49 (27-1021)

423 3486 188 62 Owre,
640 3484 231 64 Alfred,
903 3485 170 53 1870-

424 3562 1967 148 Rrunes or pancakes [by] Alfred Owre … Minneapolis, University
665 3640 66 54 of
758 3640 324 54 Minnesota
1114 3659 175 50 press,
1321 3644 150 50 1926.

492 3724 800 50 3 p. l., 124 p. tables. 17½ cm .
495 3782 347 48 Bibliography:
903 3793 43 37 p.
979 3781 249 50 [123]-124.

425 3831 53 53 ©
510 3836 118 48 Aug.
662 3837 39 46 1,
735 3837 115 40 1926;
911 3837 68 39 2c.
1013 3838 95 38 and
1143 3836 83 41 aff.
1260 3838 111 38 Dec.
1406 3836 56 40 27;
1523 3837 42 38 A
1597 3836 171 41 957813;
1834 3836 281 48 University
2151 3837 52 40 of
497 3836 1904 104 Minnesota,
656 3893 338 48 Minneapolis.
1064 3892 222 49 (27-911)
