2542 4285
0 0 0 0 222
268 331 287 73 Sinclair,
592 334 314 56 Bertrand
937 332 296 74 William,
1273 339 188 57 1878-

345 421 171 60 Wild
548 422 194 74 West,
780 426 83 70 by
895 424 318 61 Bertrand
1248 425 95 60 W.
1384 426 283 62 Sinclair.
1747 430 257 71 Boston,
2043 429 210 74 Little,

269 502 247 69 Brown,
545 503 122 57 and
696 520 321 56 company,
1047 504 164 56 1926.

337 590 640 52 4 p. l., [3]-288 p. 19½cm.
266 653 52 55 ©
351 658 118 42 Mar.
503 657 62 52 12,
598 656 128 53 1926;
759 658 63 42 2c.
854 658 87 44 and
970 659 78 44 aff.
1081 661 117 42 Mar.
1236 658 72 54 15;
1344 661 44 42 A
1417 659 167 48 879838;
1642 663 49 44 B.
1725 665 73 42 W.
1836 662 204 53 Sinclair,
2076 663 175 45 Pender

336 713 200 52 Harbor,
574 713 172 43 British
785 713 250 54 Columbia,
1077 714 193 45 Canada.
1340 716 241 54 (26-6144)

265 810 221 72 Smith,
532 812 227 56 Ernest
800 812 289 58 Bramah.

343 902 131 57 The
516 903 185 57 crime
748 906 70 54 at
858 904 103 58 the
1004 904 195 57 house
1244 905 66 55 in
1358 903 231 60 Culver
1634 909 210 69 street,
1891 907 83 70 by
2017 907 237 59 Ernest

261 978 278 58 Bramah
574 982 216 70 [pseud.]

354 1074 59 40 (In
443 1071 112 41 New
584 1072 255 51 magazine,
873 1073 121 51 Feb.,
1030 1072 127 52 1926)

262 1135 1984 60 © 1c. Mar. 18, 1926; A ad int. 7866; pubd. Jan. 21; E. B. Smith, London.
263 1250 207 72 Stone,
511 1251 214 74 Ellery
759 1252 303 72 Wheeler,
1103 1255 188 56 1894-

340 1341 319 59 Elements
691 1343 69 57 of
789 1342 177 59 radio
1000 1343 536 73 communication,
1566 1344 81 72 by
1675 1343 219 74 Ellery
1922 1344 96 59 W.
2055 1345 191 60 Stone

421 1419 1824 77 … 220 illustrations—56 plates. 3d ed., rev. and enl.
259 1496 153 59 New
431 1497 191 74 York,
646 1498 74 57 D.
746 1497 143 58 Van
913 1498 325 59 Nostrand
1261 1517 322 55 company,
1612 1500 162 57 1926.

328 1590 59 51 ix,
411 1590 79 44 433
515 1606 39 37 p.
580 1589 70 44 incl.
706 1589 151 54 front.,
881 1589 131 56 illus.,
1036 1590 165 53 diagrs.
1262 1589 54 45 20
1322 1592 47 17 cm
1375 1625 9 10 .
1499 1589 124 56 $2.50

330 1658 150 44 “First
512 1660 232 52 published
782 1658 273 55 September,
1092 1661 118 51 1919,
1244 1675 48 29 as
1327 1658 242 47 ‘Elements
1603 1661 51 44 of
1687 1661 444 53 radiotelegraphy’.”

328 1714 350 55 Bibliography:
691 1710 52 59 p.
769 1716 205 46 413-419.

257 1781 53 55 ©
337 1785 99 52 Jan.
462 1784 68 53 20,
560 1785 129 52 1926;
716 1786 65 42 2c.
811 1784 104 44 Feb.
950 1784 74 54 16;
1055 1786 78 42 aff.
1163 1784 105 45 Feb.
1301 1784 73 53 15;
1405 1787 45 42 A
1477 1785 187 53 883300;
1698 1786 56 45 D.
1784 1787 103 43 Van
1918 1787 234 44 Nostrand
2181 1802 64 31 co.

336 1840 240 55 (26-4686)

260 1939 341 73 Stutsman,
644 1941 178 58 Jesse
865 1939 191 75 Orila,
1100 1943 189 58 1871-

339 2028 237 74 Curing
607 2031 103 56 the
746 2030 316 73 criminal;
1099 2051 36 38 a
1167 2032 261 57 treatise
1463 2050 80 39 on
1576 2032 102 58 the
1710 2032 378 73 philosophy
2124 2034 122 57 and

261 2107 308 71 practices
613 2109 68 57 of
721 2109 262 58 modern
1025 2109 413 58 correctional
1475 2110 307 73 methods,
1822 2110 86 72 by
1948 2110 185 58 Jesse
2177 2109 68 60 O.

262 2184 1981 79 Stutsman … New York, The Macmillan company, 1926.
327 2279 78 43 viii
428 2293 54 37 p.,
504 2280 24 41 2
570 2312 23 16 l.,
615 2279 81 43 419
720 2293 39 37 p.
819 2278 145 54 diagr.
1023 2279 54 45 20½cm.

333 2348 325 52 Bibliography
674 2362 9 28 :
711 2363 39 37 p.
774 2347 206 47 393-409.

255 2414 53 54 ©
334 2417 117 42 Mar.
477 2417 37 51 9,
545 2415 127 53 1926;
700 2418 65 42 2c.
791 2418 88 42 and
904 2417 77 44 aff.
1010 2419 118 42 Mar.
1159 2417 74 53 10;
1260 2418 45 42 A
1330 2415 189 55 879814;
1550 2417 265 45 Macmillan
1843 2434 64 28 co.

333 2471 240 55 (26-6340)

255 2570 398 74 Sutherland,
686 2573 183 58 Joan.

337 2660 352 74 Challenge,
729 2663 84 71 by
854 2663 167 59 Joan
1066 2661 398 59 Sutherland.
1547 2662 152 59 New
1737 2662 191 72 York,
1970 2663 277 72 London,

255 2738 256 74 Harper
537 2739 48 57 &
611 2740 312 70 brothers,
952 2739 166 58 1926.

323 2829 459 52 4 p. l., 421 p. 19½cm.
253 2893 52 54 ©
334 2897 117 43 Mar.
485 2897 60 49 11,
577 2895 130 52 1926;
734 2897 63 43 2c.
828 2897 118 42 Mar.
978 2897 74 51 10;
1084 2897 79 42 aff.
1194 2898 117 42 Mar.
1344 2898 74 51 13;
1448 2897 45 42 A
1519 2896 188 53 883620;
1737 2898 40 52 J.
1809 2896 285 54 Sutherland,
321 2896 1899 104 London.
490 2952 241 54 (26-6143)

253 3049 218 58 Texas.
549 3052 204 73 Laws,
790 3054 287 70 statutes,
1119 3055 109 53 etc.

326 3139 314 59 Vernon’s
678 3141 342 58 annotated
1053 3141 198 57 Penal
1284 3141 147 57 code
1470 3142 69 56 of
1573 3140 101 59 the
1715 3143 163 56 state
1916 3140 69 59 of
2022 3143 222 73 Texas,

252 3218 274 59 revision
570 3219 68 57 of
678 3219 167 73 1925,
889 3217 319 74 including
1250 3218 84 58 all
1372 3218 152 58 laws
1568 3218 68 59 of
1678 3219 255 72 general
250 3216 1970 141 application

421 3297 232 70 passed
690 3297 84 71 by
811 3297 105 57 the
957 3297 253 72 regular
1255 3296 241 58 session
1534 3297 69 58 of
1641 3298 104 59 the
1785 3296 147 58 39th
252 3293 1969 156 Legislature,

445 3375 151 57 with
627 3374 327 57 historical
989 3379 199 66 notes,
1223 3378 180 53 notes
1438 3374 70 57 of
1542 3372 308 60 decisions
1891 3375 122 57 and
254 3371 1968 143 references

460 3449 1783 76 to forms … V. 1. General provisions, Offenses and
249 3529 433 73 punishments
717 3534 62 53 to
816 3529 289 60 Offenses
1140 3530 250 72 against
1425 3528 208 74 public
1664 3529 209 72 policy
1908 3529 123 57 and
252 3544 1964 138 economy.

476 3608 255 56 Kansas
761 3605 161 75 City,
950 3608 143 72 Mo.,
1120 3607 254 57 Vernon
1401 3608 121 56 law
1545 3607 157 58 book
1730 3625 322 53 company,
2073 3608 165 57 1925.

316 3682 115 55 xxii,
461 3682 77 45 523
568 3698 39 39 p.
666 3683 54 44 26
726 3686 48 18 cm
779 3718 10 10 .

322 3739 210 45 Lettered
562 3755 59 29 on
653 3754 160 30 cover:
849 3739 226 46 Vernon’s
1108 3739 242 45 annotated
1383 3738 205 46 criminal
1624 3744 187 39 statutes
1847 3738 52 45 of
1932 3738 75 47 the
2044 3745 115 38 state
2193 3736 51 47 of

0 0 0 0 Texas.
248 3849 54 55 ©
334 3853 109 45 Dec.
472 3853 69 52 22,
573 3850 104 46 1925;
734 3852 64 43 2c.
833 3854 118 42 Mar.
990 3854 61 51 11,
1088 3852 128 53 1926;
1252 3852 77 43 aff.
1363 3854 118 41 Mar.
1519 3851 74 54 10;
1629 3853 44 43 A
1705 3850 188 53 883561;
1929 3851 190 43 Vernon
2150 3851 87 44 law

320 3908 121 45 book
468 3924 68 28 co.
604 3907 240 55 (26-6266)
