2542 4285
1029 3960 147 56 1117

82 357 225 72 Drury,
348 352 279 61 William
666 350 195 59 Price.

155 436 1838 77 Tales of our ancestors … by Lt.-Col. W. P. Drury …
80 525 273 70 London,
383 522 60 61 J.
474 521 81 58 M.
584 521 164 59 Dent
774 521 48 57 &
850 536 164 54 sons,
1042 518 128 70 ltd.,
1202 518 164 56 1926.

148 604 27 40 2
231 636 9 8 v.
300 599 86 45 col.
414 602 177 49 fronts.,
617 597 132 51 illus.,
777 596 158 52 plates.
997 596 51 43 18
1053 598 46 18 cm
1105 631 10 9 .

151 645 1694 60 “Twelve stories … originally told, under the aegis of the Board
1876 646 50 45 of
80 646 1960 118 education,
280 722 45 36 to
362 712 73 44 the
472 709 197 47 children
705 709 52 46 of
791 709 75 45 the
904 709 247 48 secondary
1187 706 180 45 schools
1404 705 51 45 of
1492 702 260 52 Plymouth,
1787 700 167 52 during
1989 700 74 47 the

82 782 195 32 summer
308 769 52 43 of
394 766 145 46 1922.”

153 821 125 48 “List
309 824 51 43 of
387 819 222 54 principal
639 820 152 44 works
822 817 289 46 consulted”:
1143 828 42 38 p.
1216 817 49 43 ix
1296 815 52 45 of
1376 813 107 47 each
1513 811 191 47 volume.

483 878 70 40 CONTENTS.—1st
578 887 85 29 ser.
693 873 138 43 From
860 869 234 49 Elizabeth
1123 879 46 37 to
1197 870 152 52 James
1433 883 8 27 II:
1474 867 149 53 Ruffs,
1649 866 152 46 blades
1829 866 87 44 and

85 862 1954 124 periwigs.—2d
347 945 82 30 ser.
457 930 139 48 From
620 934 136 41 Anne
781 938 46 36 to
853 930 75 47 the
951 938 178 41 present
1152 931 111 47 day:
1294 927 207 47 Powder,
1524 926 183 50 patches
1735 924 87 45 and
1849 924 216 46 muskets.

83 976 1985 65 © 1c. each Apr. 8, 1926; A ad int. 8183; pubd. Mar. 12; J. M. Dent & sons,
155 1043 76 45 ltd.
299 1040 269 58 (26-17452)

89 1142 293 69 Eddison,
425 1140 145 58 Eric
608 1138 262 72 Rucker,
910 1140 188 57 1882-

161 1237 129 56 The
329 1251 193 41 worm
564 1231 387 72 Ouroboros;
995 1252 38 38 a
1073 1248 287 41 romance
1398 1229 85 72 by
1521 1228 73 56 E.
1637 1228 72 58 R.
1754 1224 314 72 Eddison;

82 1312 358 60 illustrated
487 1311 82 72 by
617 1308 195 60 Keith
862 1308 390 59 Henderson.
1335 1307 152 57 New
1535 1305 187 73 York,
1775 1306 74 58 A.
1902 1305 48 57 &
2004 1302 65 63 C.

83 1390 178 71 Boni,
291 1389 166 60 1926.

158 1460 1406 57 xiii, [1] p., 2 l., 445 p. front., plates. 20½ cm . $3.00
157 1521 415 51 “Bibliographical
600 1529 103 37 note
729 1536 59 29 on
816 1520 76 44 the
918 1518 208 46 verses”:
1154 1532 41 36 p.
1223 1518 205 46 444-445.

89 1575 54 56 ©
177 1578 111 51 May
324 1574 60 54 15,
422 1574 126 53 1926;
583 1576 64 41 2c.
681 1575 118 51 Aug.
832 1572 78 54 26;
947 1574 79 43 aff.
1061 1572 101 44 Oct.
1196 1571 77 52 24;
1310 1571 44 43 A
1387 1569 188 54 957003;
1613 1570 163 46 Albert
1810 1572 38 43 &
1884 1569 188 47 Charles

160 1634 129 51 Boni,
323 1634 82 42 inc.
474 1630 267 55 (26-26719)

92 1731 186 72 Eliot,
330 1730 254 73 George,
635 1730 237 72 pseud.,
920 1728 40 57 i.
1013 1748 48 38 e.
1116 1726 252 58 Marian
1418 1728 227 68 Evans,
1699 1727 377 73 afterwards

169 1809 201 72 Cross,
408 1809 354 58 1819-1880.

170 1897 481 72 Middlemarch;
703 1918 37 37 a
793 1898 187 71 study
1028 1898 69 57 of
1143 1896 349 73 provincial
1539 1895 112 60 life
1700 1896 84 73 by
1833 1894 241 76 George

95 1973 1912 78 Eliot, with an introduction by Wanda Fraiken Neff …
94 2057 151 58 New
270 2056 190 70 York,
493 2055 128 58 The
651 2052 355 61 Macmillan
1038 2072 323 55 company,
1392 2054 165 57 1926.

164 2127 1821 61 xviii p., 1 l., 821 p. incl. front. 18½cm. (The modern readers’ series)
94 2188 52 54 ©
174 2190 120 52 Sept.
321 2190 65 50 28,
417 2188 106 45 1926;
572 2189 63 42 2c.
663 2189 86 42 and
774 2188 77 43 aff.
883 2186 121 55 Sept.
1028 2187 79 52 29;
1136 2186 44 43 A
1205 2184 188 55 950247;
1424 2185 265 45 Macmillan

1716 2202 65 28 co.
1845 2185 67 54 [©
163 2186 1894 114 introduction]
428 2244 267 56 (26-26547)

98 2345 305 76 England,
440 2346 176 58 Jane.

173 2438 135 57 Red
335 2435 195 74 earth,
557 2436 83 70 by
666 2436 161 57 Jane
857 2434 308 74 England.
1249 2435 276 73 London,
1555 2434 151 59 New
1735 2436 170 56 York
1954 2439 129 71 [etc.]

100 2513 238 62 Cassell
369 2515 123 55 and
524 2532 320 52 company,
874 2514 110 57 ltd.
1020 2513 181 74 [1926]

169 2589 708 56 4 p. l., 3-329, [1] p. 19½ cm .
98 2642 1983 62 © 1c. June 24, 1926; A ad int. 8293; pubd. Apr. 29; George H. Doran co.,
169 2708 116 42 New
321 2706 142 44 York.
532 2703 269 56 (26-17293)

101 2805 197 58 Faris.
342 2806 170 58 John
553 2804 325 71 Thomson,
925 2807 188 56 1871-

181 2897 116 58 Old
325 2895 297 59 churches
652 2897 122 56 and
801 2895 276 73 meeting
1103 2894 228 60 houses
1360 2896 64 56 in
1455 2897 124 57 and
1611 2897 240 58 around
105 2894 1958 153 Philadelphia,

408 2969 1681 79 by John T. Faris … with frontispiece in color
105 3054 122 57 and
265 3054 69 55 73
373 3051 367 58 doubletone
777 3050 438 59 illustrations.
1294 3050 436 72 Philadelphia
1770 3052 121 58 and
105 3050 1959 152 London,
276 3130 58 56 J.
367 3128 71 56 B.
470 3127 362 73 Lippincott
864 3147 323 55 company,
1222 3129 164 59 1926.

173 3207 27 41 2
222 3221 40 37 p.
287 3205 40 52 L,
353 3205 152 51 iii-xv,
592 3239 10 17 [1],
625 3205 95 52 260,
791 3231 12 29 [1]
828 3220 41 39 p.
930 3206 81 43 col.
1041 3205 150 51 front.,
1224 3207 17 42 1
1273 3204 131 55 illus.,
1429 3206 157 53 plates.
1643 3205 55 44 22½
1731 3207 46 19 cm
1784 3239 8 9 .

174 3262 151 44 “First
354 3260 208 46 edition.”

105 3316 54 56 ©
191 3321 115 50 June
340 3320 36 51 4,
417 3319 104 44 1926;
581 3320 64 43 2c.
680 3321 87 42 and
802 3321 78 43 aff.
917 3319 101 45 Oct.
1058 3321 74 51 13;
1171 3320 44 43 A
1250 3318 188 56 950430;
1477 3321 40 52 J.
1555 3321 51 44 B.
1643 3319 256 55 Lippincott
1935 3336 65 29 co.

183 3375 268 56 (26-27491)

107 3475 363 74 Flemming,
505 3478 150 57 Mrs.
692 3476 200 58 Cecile
926 3477 320 58 Woodard
1287 3476 267 73 (White)
1600 3479 187 58 1889-

182 3567 59 56 A
272 3567 272 58 detailed
575 3568 277 71 analysis
885 3568 68 58 of
983 3568 423 58 achievement
1438 3568 64 56 in
1535 3569 102 57 the
1669 3568 151 74 high
1856 3569 235 71 school;

107 3644 423 73 comparative
565 3643 395 74 significance
995 3646 70 57 of
1096 3645 242 59 certain
1367 3647 252 72 mental,
1653 3647 287 72 physical
1973 3650 122 56 and

109 3722 326 59 character
469 3723 186 58 traits
694 3724 102 56 for
838 3742 261 54 success,
1136 3725 84 70 by
1259 3721 199 61 Cecile
1497 3723 210 60 White
1747 3724 349 75 Flemming

112 3796 1964 155 … New York city, Teachers college, Columbia university, 1925.
