2542 4285
1012 3955 150 56 1009

73 374 82 56 Le
196 373 129 70 Gal,
424 369 222 57 Étienne.

216 448 1842 83 … Nos grands savants; ce qne tont Fran ç ais doit en
70 528 1986 83 conna î tre, par Étienne Le Gal et Lucien Klotz; préface
72 605 1636 75 de M. É mile Picard … Paris, Delagrave, 1926.
141 683 1659 60 vi, 281 p. 19 cm . (Biblioth è que des chercheurs et des curieux)
142 739 1204 60 “Principaux ouvrages consult é s” : p. [280]-281.
74 791 1872 63 © June 1, 1926; 1c. July 28; A —Foreign 31630; Librairie Delagrave.
153 856 269 58 (26-16010)

73 942 211 73 Leigh,
332 941 187 72 Ruth,
569 942 188 57 1895-

153 1035 109 55 101
295 1051 137 39 new
458 1050 171 52 ways
663 1031 105 56 for
796 1046 238 40 women
1064 1030 65 56 to
1161 1027 179 57 make
1372 1044 243 56 money,
1646 1025 153 59 with
78 1025 1958 145 practical

196 1109 396 75 suggestions
616 1109 105 57 for
747 1108 222 70 selling
992 1107 124 57 and
1139 1104 409 73 advertising,
1565 1104 82 73 by
1669 1104 170 57 Ruth
1863 1103 198 73 Leigh

144 1183 1395 78 … New York, Simon and Schuster [ c 1926]
143 1268 94 50 viii,
266 1267 92 49 296,
391 1265 65 48 [15]
502 1281 42 35 p.
574 1265 100 43 incl.
709 1264 155 43 forms.
929 1263 48 44 19½
1013 1264 46 18 cm
1065 1296 8 8 .

78 1313 1986 63 © Aug. 20, 1926; 1c. Aug. 27; 1c. Sept. 15; aff. Sept. 10; A 950000; Simon
148 1381 37 43 &
224 1378 227 52 Schuster,
488 1377 79 43 inc.
637 1374 269 56 (26-15826)

79 1465 232 57 Lesson
337 1465 426 68 commentary
786 1460 107 57 for
921 1459 258 73 Sunday
1206 1459 257 71 schools,
1495 1459 163 57 1927.
1727 1458 232 58 Edited
1985 1459 84 70 by

160 1534 1903 77 Charles P. Wiles, d. d., William L. Hunton, D. D., D.
156 1613 1887 140 Burt Smith, D. D. Philadelphia, Pa., The United Lutheran
340 1693 383 74 publication
757 1693 193 56 house
990 1693 180 73 [1926]

148 1768 826 56 316 p. fronts., illus., pl. 23 cm .
149 1829 126 44 Two.
290 1829 51 43 of
367 1829 75 43 the
470 1827 312 51 frontispieces
811 1841 75 28 are
913 1839 125 40 maps
1068 1825 87 43 and
1181 1840 83 29 one
1291 1840 26 28 a
1345 1825 205 52 portrait.

78 1886 57 53 ©
165 1888 100 43 Oct.
296 1887 40 50 8,
370 1886 128 51 1926;
530 1885 64 43 2c.
628 1885 101 43 Oct.
765 1882 74 52 15;
874 1884 77 42 aff.
986 1882 100 44 Oct.
1121 1883 74 51 14;
1229 1883 44 42 A
1305 1880 189 54 949545;
1533 1882 150 44 Board
1715 1882 49 44 of
1795 1881 273 54 publication

150 1945 50 43 of
230 1944 74 43 the
334 1942 170 46 United
534 1941 228 48 Lutheran
793 1940 167 44 church
990 1939 44 44 in
1064 1939 228 53 America,
1325 1937 326 55 Philadelphia.

80 2029 180 69 Love,
303 2028 183 72 John,
529 2030 188 56 1857-

154 2119 61 56 A
261 2118 110 59 list
421 2119 70 57 of
538 2135 173 40 cases
763 2113 260 63 decided
1070 2116 83 70 by
1201 2115 105 57 the
1360 2113 305 74 Supreme
1717 2120 179 53 court
1949 2116 123 57 and

83 2194 228 59 Courts
351 2192 69 60 of
456 2193 225 73 appeal
720 2192 68 59 of
825 2191 320 74 Missouri,
1186 2192 351 72 overruled,
1577 2191 333 73 criticized,
82 2193 1965 149 distinguished

477 2291 68 37 or
581 2269 310 59 modified.
968 2269 325 74 Prepared
1327 2271 84 71 by
1447 2269 168 59 John
1651 2270 186 72 Love,
82 2270 1966 137 references

298 2352 64 53 to
398 2348 105 58 the
543 2347 216 58 official
798 2351 250 69 reports
1089 2347 124 57 and
1253 2346 472 61 Southwestern
1764 2352 309 69 reporter.

84 2425 90 58 St.
200 2423 211 74 Louis,
438 2425 142 70 Mo.,
608 2425 60 57 J.
695 2425 168 60 Love
893 2426 48 56 &
965 2445 87 40 co.
1086 2454 14 44 [
1101 2433 19 22 c
1123 2425 165 73 1926]

153 2499 641 55 3 p. l., [5]-170 p. 23½ cm .
153 2557 123 53 Kept
308 2571 59 39 up
401 2565 46 37 to
481 2555 105 46 date
621 2557 59 53 by
714 2555 312 55 supplements
1062 2555 157 46 issued
1255 2555 338 58 semiannually
1628 2573 53 29 or
1716 2558 232 55 annually,
2014 2576 62 30 cf.

86 2612 128 45 Pref.

83 2667 56 54 ©
168 2670 108 52 July
301 2670 69 51 24,
403 2669 107 44 1926;
563 2670 65 43 2c.
659 2670 107 53 July
794 2670 81 52 28;
906 2669 79 46 aff.
1017 2670 120 53 Aug.
1171 2671 74 52 18;
1278 2672 45 42 A
1354 2671 189 54 901521;
1578 2673 40 52 J.
1651 2672 136 53 Love,
1823 2671 64 48 St.
1923 2671 150 46 Louis.

162 2725 272 58 (26-15749)

85 2810 228 71 Lovell,
361 2812 213 75 Philip
615 2814 84 57 M.

166 2888 1839 80 The health of the child, by Dr. Philip M. Lovell …
85 2967 123 60 Los
236 2967 290 76 Angeles,
557 2969 130 59 The
717 2966 469 63 Times-mirror
1212 2990 200 58 press,
1442 2972 166 59 1926.

261 3047 359 54 xii, 348 p. 20½ cm .
88 3100 53 54 ©
176 3102 120 52 Sept.
334 3105 35 49 1,
405 3102 129 52 1926;
564 3103 66 43 2c.
661 3103 90 43 and
782 3104 78 44 aff.
896 3101 122 56 Sept.
1054 3104 75 52 13;
1160 3105 44 42 A
1237 3105 190 52 901991;
1464 3106 51 43 P.
1551 3105 66 44 M.
1651 3105 171 53 Lovell,
1855 3106 89 44 Los
157 3107 1898 105 Angeles.

365 3158 269 57 (26-15773)

86 3244 230 74 Lykke,
354 3245 196 60 Anne.

210 3321 1870 85 … Cowboy-Kitty. Med illustrationer og omslagstegning
86 3400 1848 80 af J. N ø rretranders. K ø benhavn, C. Erichsen, 1925.
160 3479 79 47 156
267 3496 40 35 p.
369 3479 150 50 front.,
546 3483 157 49 plates.
767 3483 49 44 19½
850 3485 47 18 cm
904 3519 8 8 .

91 3529 1987 65 © Sept. 15, 1925; 1c. Nov. 19; A—Foreign 29846; A. Lykke, Copenhagen.
170 3590 270 57 (26-16099)

88 3676 191 74 Lyon,
324 3677 289 59 Leverett
657 3678 266 69 Samuel,
971 3682 190 57 1885-

169 3753 260 74 Making
470 3777 36 38 a
545 3753 227 74 living;
816 3757 105 56 the
963 3755 350 59 individual
1356 3757 65 56 in
1467 3756 252 75 society,
1765 3779 81 39 an
92 3759 1963 129 introduction

382 3834 64 56 to
484 3832 342 75 vocations,
864 3831 309 75 business,
1213 3834 207 72 civics,
1461 3836 123 57 and
1621 3836 104 58 the
1767 3837 315 74 problems
