2542 4285
0 0 0 0 352
471 400 1993 77 13. éd. rev. et cor. par A. Latarjet … Paris, G. Doin &
469 500 31 37 c
503 481 33 28 ie
540 526 12 25 ,
588 480 164 56 1926.

535 554 1926 58 2 p. l., 814 p. 21 cm . ( Half-title : … Nouvelle bibliothèque de l’étudiant
467 630 54 28 en
556 612 251 53 médecine)

537 672 63 42 At
627 671 114 43 head
767 669 51 44 of
844 668 122 45 title:
998 670 49 42 L.
1078 668 174 44 Testut.

536 729 63 44 At
628 727 116 43 head
773 726 50 44 of
854 724 137 46 series
1022 725 100 43 title
1139 740 9 29 :
1182 724 251 45 Collection
1461 724 175 47 Testut.

462 778 1883 61 © Jan. 20, 1926; 1c. Mar. 22; A—Foreign 30418; Gaston Doin & co.
541 837 243 55 (26-8676)

468 902 208 72 Train,
715 901 246 57 Arthur
1002 902 263 71 Cheney,
1308 902 188 57 1875-

542 976 1912 80 The blind goddess, by Arthur Train … New York,
463 1057 64 59 C.
563 1058 355 59 Scribner’s
952 1074 163 53 sons,
1149 1057 164 56 1926.

531 1135 601 54 5 p. l., 3-338 p. 19½cm.
458 1191 55 53 ©
547 1190 106 45 Feb.
688 1191 65 49 26,
791 1190 109 44 1926;
959 1191 64 43 2c.
1061 1189 120 43 Mar.
1219 1189 74 51 10;
1332 1188 78 43 aff.
1447 1188 113 53 Apr.
1594 1190 49 50 9;
1681 1190 44 42 A
1740 1190 191 52 890248;
1972 1191 192 45 Charles
2203 1191 254 49 Scribner’s

530 1261 121 30 sons.
720 1245 243 54 (26-8194)

462 1311 185 69 Wait,
687 1309 298 61 William.

532 1386 233 61 Wait’s
797 1383 276 76 practice
1108 1388 64 55 at
1204 1385 137 70 law,
1373 1385 67 56 in
1475 1382 211 76 equity
1722 1387 122 56 and
1879 1385 66 57 in
1978 1389 348 72 particular
458 1408 1976 119 actions

660 1465 123 58 and
817 1461 412 76 proceedings
1265 1461 66 59 in
1368 1462 83 57 all
1488 1463 106 59 the
1631 1467 211 53 courts
1882 1463 69 58 of
1988 1466 221 58 record
2248 1467 68 57 of
2351 1470 105 57 the

457 1546 162 55 state
653 1542 70 57 of
753 1542 154 57 New
934 1540 176 58 York
1139 1539 154 59 with
1325 1538 414 74 appropriate
1772 1540 220 59 forms.
2066 1543 79 60 3d
2181 1545 112 71 ed.,
2327 1565 127 38 rev.

456 1623 121 56 and
608 1618 268 70 entirely
905 1617 323 58 rewritten
1258 1620 63 55 to
1353 1616 284 61 conform
1666 1617 150 58 with
1848 1619 104 58 the
1988 1618 162 59 Civil
2181 1624 276 69 practice

456 1691 1997 77 act and allied statutes, by Oscar Leroy Warren … v. 6.
454 1775 151 57 New
632 1772 191 71 York,
852 1771 226 76 Baker,
1107 1771 275 58 Voorhis
1413 1772 49 57 &
1489 1790 107 54 co.,
1628 1773 164 57 1926.

523 1848 97 50 xix,
651 1849 84 44 934
763 1863 40 37 p.
864 1848 53 43 23½cm.

454 1904 54 54 ©
533 1905 118 42 Mar.
680 1903 63 53 15,
771 1904 131 50 1926;
928 1906 65 43 2c.
1020 1902 92 44 and
1137 1903 79 44 aff.
1244 1904 119 43 Mar.
1395 1904 75 51 19;
1498 1902 44 43 A
1558 1903 191 53 883811;
1778 1906 73 43 W.
1878 1904 129 45 Wait
2033 1905 91 45 and
2154 1906 133 46 Isaac
2312 1910 55 43 V.
2396 1912 57 43 A.

526 1959 139 53 Wait,
698 1958 246 53 Peekskill,
978 1960 58 44 N.
1067 1960 57 42 Y.

458 2024 234 72 Walsh,
734 2023 303 59 Matthew
1076 2022 182 71 John,
1301 2025 189 57 1872-

534 2102 316 71 Teaching
900 2119 72 39 as
1022 2122 38 37 a
1107 2100 393 71 profession;
1551 2100 85 58 its
1688 2101 227 58 ethical
1964 2106 358 73 standards,
2373 2108 81 71 by

454 2176 2000 74 Matthew J. Walsh … New York, H. Holt and company
455 2259 201 73 [c1926]

525 2336 61 52 ix,
615 2334 81 45 387
728 2349 38 39 p.
832 2335 145 45 19½cm.

527 2391 291 45 “Additional
844 2388 281 47 references”
1150 2398 46 39 at
1220 2391 85 43 end
1331 2389 49 44 of
1406 2398 118 37 most
1547 2389 52 46 of
1621 2389 75 46 the
1720 2390 221 53 chapters.

450 2447 55 53 ©
534 2448 119 43 Mar.
682 2448 66 49 20,
779 2447 108 44 1926;
941 2448 65 43 2c.
1037 2444 91 45 and
1158 2445 78 45 aff.
1267 2446 114 52 Apr.
1415 2446 19 42 1;
1493 2444 44 43 A
1554 2443 164 47 883835;
1778 2445 166 55 Henry
1975 2447 117 45 Holt
2120 2448 39 45 &
2189 2463 67 30 co.

532 2504 242 53 (26-8092)

456 2566 388 68 Whitehead,
884 2565 250 59 Wilbur
1173 2564 305 68 Cherrier,
1521 2566 188 58 1866-

530 2645 270 58 Auction
825 2643 220 74 bridge
1074 2662 336 54 summary,
1438 2643 104 57 the
1570 2642 343 73 principles
1940 2645 66 57 of
2035 2645 261 75 bidding
2323 2649 120 57 and

451 2724 151 72 play
649 2724 106 56 for
804 2720 335 75 beginners
1190 2722 125 57 and
1364 2722 319 58 advanced
1737 2723 287 57 students
2077 2724 68 56 of
2195 2725 247 58 auction

450 2802 239 72 bridge,
723 2802 84 70 by
839 2799 251 59 Wilbur
1127 2797 64 60 C.
1228 2797 406 73 Whitehead;
1672 2798 262 59 codified
1971 2800 121 58 and
2131 2802 311 74 arranged

451 2881 84 71 by
581 2878 69 60 G.
702 2879 359 57 Fortescue.
1152 2877 149 57 Rev.
1355 2876 93 58 ed.
1537 2875 152 58 New
1736 2876 191 72 York,
1976 2877 342 61 Frederick
2365 2880 75 57 A.

453 2957 221 59 Stokes
702 2975 323 54 company,
1054 2956 165 56 1926.

518 3036 62 52 ix,
608 3036 54 44 60
688 3051 42 37 p.
793 3035 50 44 16
849 3038 47 17 cm
902 3070 9 9 .

445 3089 57 54 ©
530 3091 112 52 Apr.
675 3089 37 52 5,
743 3090 131 51 1926;
906 3093 64 42 2c.
1001 3087 91 46 and
1122 3088 80 45 aff.
1233 3088 114 52 Apr.
1380 3086 49 52 7;
1462 3087 44 42 A
1522 3085 191 54 890208;
1747 3085 254 46 Frederick
2031 3089 59 43 A.
2123 3087 169 48 Stokes
2323 3105 67 29 co.

527 3145 242 55 (26-8277)

451 3210 212 71 Wiles,
700 3209 207 71 Ralph
940 3209 96 58 W.

528 3288 128 57 The
680 3288 123 57 law
828 3286 70 59 of
923 3285 270 72 destiny,
1220 3286 84 70 by
1329 3284 208 71 Ralph
1561 3282 94 60 W.
1684 3283 215 59 Wiles.
1981 3283 459 75 Philadelphia,

446 3367 320 56 Dorrance
797 3365 124 57 and
953 3381 306 54 company
1291 3392 13 43 [
1305 3370 20 23 c
1328 3362 164 73 1926]

512 3443 354 54 277 p. 19 ½ cm .
448 3498 51 53 ©
527 3499 114 52 Apr.
672 3499 34 49 1,
738 3497 107 45 1926;
900 3498 65 42 2c.
995 3497 115 52 Apr.
1141 3496 49 51 3;
1224 3493 79 46 aff.
1334 3493 114 54 Apr.
1480 3493 49 53 5;
1562 3494 44 44 A
1621 3494 190 53 890206;
1846 3494 242 44 Dorrance
2118 3494 39 44 &
2188 3508 79 37 co.,
2299 3493 88 46 inc.

527 3554 241 54 (26-8192)

449 3617 327 69 Williams,
819 3614 348 61 Valentine.

523 3696 127 55 The
679 3691 286 60 Atlantic
989 3691 197 60 bride.

520 3773 80 51 (In
633 3773 186 41 London
852 3770 256 53 magazine,
1144 3772 132 51 Mar.,
1312 3769 129 53 1926)

443 3816 1997 69 © 1c. Apr. 12, 1926; A ad int. 8005; pubd. Feb. 15; V. Williams, London.
