2542 4285
0 0 0 0 1497
161 439 199 71 Allen,
409 440 264 71 Hervey,
719 442 187 56 1889-

238 519 261 70 Israfel;
528 520 102 58 the
657 518 112 59 life
799 523 121 55 and
949 520 179 58 times
1158 521 67 57 of
1251 519 217 71 Edgar
1497 517 186 59 Allan
1711 517 143 71 Poe,
1883 518 82 70 by
160 516 1965 140 Hervey

325 596 1821 73 Allen … New York, George H. Doran company,
162 677 163 56 1926.

230 769 26 41 2
289 784 28 26 v
390 765 172 49 fronts.,
597 763 154 52 plates,
786 775 154 40 ports.,
976 765 199 44 facsims.
1233 766 54 42 24½cm

235 821 152 51 Paged
421 821 332 51 continuously.

164 874 52 53 ©
256 877 107 41 Dec.
402 876 37 50 6,
481 875 127 51 1926;
649 876 63 42 2c.
752 875 107 43 each
900 876 105 41 Dec.
1050 872 73 53 17;
1167 874 76 42 aff.
1286 876 106 40 Dec.
1438 875 72 48 14;
1552 874 42 41 A
1634 872 188 52 957730;
1868 873 177 53 George
2087 875 60 41 H.

234 934 155 41 Doran
428 948 62 27 co.
565 930 268 56 (26-24523)

163 1031 305 68 Aumund,
510 1030 314 57 Heinrich.

241 1121 196 56 Hebe-
466 1122 126 55 und
618 1121 485 71 förderanlagen;
1167 1120 98 57 ein
1293 1120 296 56 lehrbuch
1617 1120 109 55 für
1755 1120 395 57 studierende

162 1197 1965 135 und ingenieure, von dr.-ing. e. h. H. Aumund … 2., vermehrte
434 1275 134 57 aufl.
640 1278 49 53 2.
721 1277 96 55 bd.
851 1275 394 72 Anordnung
1272 1277 126 55 und
1473 1277 373 70 verwendung
1878 1275 110 56 für
164 1295 1964 114 sonderzwecke.

597 1352 234 74 Berlin,
867 1354 57 56 J.
963 1352 323 73 Springer,
1321 1354 163 55 1926.

231 1429 125 52 xviii,
387 1430 79 44 480
497 1445 38 37 p.
597 1429 129 51 illus.,
758 1429 167 53 diagrs.
983 1430 55 43 28
1045 1432 45 18 cm
1097 1465 8 7 .

162 1482 1694 57 © Aug. 21, 1926; 1c . Dec. 3; A —Foreign 32666; Julius Springer.
165 1583 204 69 Clark,
409 1588 150 55 Mrs.
602 1586 136 56 Eva
777 1586 259 56 Turner.

237 1675 374 74 Axiophilus;
671 1697 86 52 or,
791 1678 242 59 Oxford
1061 1678 155 59 alias
1248 1678 447 73 Shakespeare,
1722 1680 82 71 by
1831 1679 139 57 Eva
162 1681 1968 131 Turner

304 1753 203 61 Clark.
589 1754 151 58 New
767 1755 189 71 York,
988 1756 129 59 The
1146 1753 503 63 Knickerbocker
1678 1776 201 53 press.
1910 1758 164 55 1926.

266 1832 547 47 x. 37 p. illus. 21 ½c m .
163 1885 53 53 ©
248 1889 109 41 Dec.
390 1888 62 49 13,
485 1887 127 50 1926;
642 1887 63 43 2c.
737 1888 86 42 and
853 1887 76 42 aff.
962 1889 108 41 Dec.
1106 1887 72 52 18;
1212 1887 42 42 A
1285 1885 188 55 958416;
1507 1887 51 47 E.
1590 1887 52 44 T.
1677 1888 153 52 Clark,
1862 1889 117 44 New
2010 1889 143 44 York.

243 1942 269 54 (26-24517)

168 2038 323 60 Columbia
522 2040 365 73 university.
958 2044 226 57 School
1220 2043 67 72 of
1320 2043 295 59 business.

241 2133 462 60 Scandinavian
742 2133 274 75 banking
1053 2138 181 70 laws;
1279 2157 35 37 a
1354 2135 377 61 translation
1773 2142 68 55 of
1878 2141 103 57 the
2022 2145 132 54 acts

162 2214 124 58 and
312 2210 384 75 regulations
724 2212 346 73 governing
1095 2215 102 59 the
1228 2218 237 56 central
1491 2215 213 60 banks.
1788 2216 150 60 New
1965 2217 190 72 York,

162 2291 153 58 Pub.
349 2291 103 58 for
485 2291 100 57 the
622 2292 224 59 School
878 2293 67 57 of
976 2292 304 64 business,
1318 2292 321 60 Columbia
1671 2294 369 75 university,
2078 2297 78 72 by

165 2368 322 61 Columbia
518 2368 353 67 university
902 2389 199 53 press,
1137 2372 164 56 1926.

237 2450 84 65 122.
339 2464 41 35 p.
440 2453 24 42 3
494 2449 112 45 fold.
635 2449 89 46 tab.
783 2449 55 44 26
844 2451 47 18 cm
896 2484 9 9 .

233 2505 113 47 This
376 2507 179 44 volume
586 2504 37 44 is
656 2506 73 45 the
761 2505 98 45 first
892 2507 52 43 of
974 2523 24 28 a
1031 2506 136 45 series
1198 2505 148 45 which
1376 2506 94 44 will
1501 2509 53 43 be
1584 2507 147 45 edited
1762 2510 60 49 by
1851 2510 222 45 members
2106 2512 52 43 of

163 2564 75 43 the
269 2562 109 46 staff
407 2564 50 44 of
485 2563 74 45 the
590 2560 169 47 School
787 2563 52 45 of
869 2560 220 50 business,
1124 2562 239 45 Columbia
1393 2561 261 53 university.
1715 2564 100 46 The
1845 2574 184 42 present
164 2567 1969 98 volume

165 2617 1970 105 has been prepared under the direction of B. H. Beckhart. cf. Foreword.
494 2756 66 19 CONTENTS.—
562 2728 403 46 Nationalbanken
1007 2730 45 44 in
1095 2727 331 54 Kjøbenhavn;
1469 2733 269 45 translation
1779 2735 59 51 by
1882 2736 49 43 P.
164 2737 1971 101 Glindemann.—Norges

581 2787 144 50 bank;
757 2786 270 46 translation
1056 2785 60 52 by
1145 2787 115 45 Miss
1294 2786 229 48 Granville
1553 2787 52 47 E.
1636 2791 192 44 Meixell
1857 2796 87 43 and
1971 2794 185 46 verified

164 2834 1941 63 by the Norges bank. —Sveriges riksbank; translation by Miss Granville E
167 2896 1689 56 Meixell and verified by the Sveriges riksbank and by H. Melin.
167 2954 53 54 ©
249 2955 120 53 Sept.
396 2955 36 47 4,
465 2954 127 51 1926;
622 2955 63 42 2c.
719 2952 118 52 Sept.
870 2952 73 51 10;
974 2953 77 42 aff.
1084 2951 120 53 Sept.
1234 2953 49 51 8;
1315 2954 42 41 A
1387 2953 188 54 901970;
1610 2956 233 46 Columbia
1872 2960 118 44 univ.
2020 2977 138 36 press.

245 3005 268 61 (26-24543)

170 3109 252 73 Cowles,
459 3110 292 59 Clarence
785 3109 67 57 E.

171 3199 1968 139 Key to Elements of bookkeeping. 2d unit. By Clarence E . Cowles …
809 3277 1349 85 and Warren L. Starkey … New York,
171 3354 1524 79 Chicago, Charles E. Merrill company [c 1926]
236 3434 53 43 84
320 3447 38 37 p.
419 3433 115 42 illus.
561 3431 194 54 (forms)
822 3431 27 42 21½
910 3434 46 18 cm
964 3466 8 8 .

168 3489 53 53 ©
257 3489 105 53 July
396 3490 65 49 29,
501 3489 104 42 1926;
666 3490 63 41 2c.
766 3489 109 42 Dec.
914 3488 74 51 16;
1028 3488 78 43 aff.
1145 3489 107 42 Dec.
1294 3487 73 53 17;
1406 3490 44 42 A
1486 3490 187 54 957720;
1715 3494 187 46 Charles
1942 3498 50 46 E.
240 3501 1898 88 Merrill
339 3562 66 28 co.

172 3644 263 76 [Davies,
490 3644 242 74 Ernest]
784 3645 188 56 1873-

245 3739 130 58 The
433 3734 321 71 mermaid,
816 3736 83 70 by
960 3733 212 60 Oliver
1232 3733 237 60 Martin
1548 3741 215 70 [pseud.]
1885 3747 213 60 [London]

167 3818 207 57 Faber
403 3816 47 57 &
478 3814 223 73 Gwyer
750 3814 165 72 [1926]

240 3896 81 44 287
353 3911 41 32 p.
459 3894 49 44 19
515 3897 45 17 cm
566 3928 9 9 .
692 3891 82 51 7/6

167 3949 56 53 ©
280 3965 35 27 1c.
347 3950 114 51 June
490 3951 40 48 8,
561 3948 128 50 1926;
723 3947 43 41 A
797 3946 55 43 ad
885 3946 74 43 int.
993 3944 130 53 8252;
1159 3947 130 51 pubd.
1321 3947 111 52 Apr.
1468 3949 75 53 13;
1577 3948 52 49 E.
1662 3953 181 54 Davies,
1877 3956 199 48 London.

249 4004 268 56 (26-24287)
