2542 4285
1295 3990 149 55 1542

395 364 189 63 Mead,
621 365 243 54 Marcia.

468 442 1913 70 Homes of character, by Marcia Mead … in collaboration
399 521 140 52 with
576 521 209 53 Daniel
823 523 65 51 P.
931 523 282 67 Higgins;
1257 523 140 52 with
1438 524 247 68 original
1725 525 253 53 sketches
2018 525 75 69 by
2133 526 140 55 Otto
2312 527 67 52 R.

399 598 220 69 Eggers
661 600 112 51 and
815 600 411 67 photographs.
1301 600 138 52 New
1482 601 179 68 York,
1702 602 191 68 Dodd,
1934 603 172 53 Mead
2148 604 46 51 &
397 621 1960 123 company,
605 679 149 50 1926.

471 770 1259 50 xix p., 1 l., 235 p. front., illus., plates. 22 cm .
470 841 375 49 Bibliography:
876 852 44 38 p.
951 841 218 41 217-231.

393 906 53 53 ©
472 912 111 39 Dec.
610 912 68 47 11,
706 911 142 47 1926;
877 911 67 40 2c.
974 912 112 39 Dec.
1112 912 82 47 22;
1226 911 82 41 aff.
1337 913 112 39 Dec.
1477 912 83 47 31;
1588 912 43 39 A
1655 911 200 50 958531;
1885 913 153 48 Dodd,
2068 915 143 39 Mead
2237 915 37 40 &
2298 926 84 38 co.,

463 966 90 41 inc.
623 967 222 48 (27-699)

389 1062 221 61 Meyer,
645 1061 222 53 Harold
902 1061 298 63 Diedrich,
1240 1065 171 49 1892-
1552 1062 82 54 ed.

523 1139 1859 71 … The new parent-teacher handbook for North Carolina,
392 1217 187 53 edited
616 1217 77 68 by
727 1216 228 52 Harold
990 1217 71 51 D.
1100 1217 213 67 Meyer,
1349 1217 140 51 with
1526 1218 96 52 the
1655 1219 364 67 cooperation
2055 1219 65 53 of
2154 1219 228 55 officials

391 1294 65 54 of
491 1296 95 51 the
627 1293 161 56 State
825 1294 457 67 parent-teacher
1319 1294 353 53 association.
1750 1294 220 70 Chapel
2005 1296 148 68 Hill,
2190 1298 71 53 N.
2300 1297 82 68 C.,

389 1370 1492 70 The University of North Carolina press [ c 1926]
464 1455 83 40 141
589 1466 44 37 p.
706 1454 56 41 23
764 1456 46 22 cm
814 1485 10 10 .
893 1453 199 50 ([North
1136 1453 245 42 Carolina.
1442 1453 296 51 University]
1801 1454 283 50 University
2127 1456 255 41 extension

394 1511 224 42 division.
678 1510 283 48 University
986 1510 53 41 of
1063 1511 157 40 North
1248 1510 230 41 Carolina
1504 1510 255 42 extension
1784 1512 220 49 bulletin,
2031 1513 93 41 vol.
2200 1544 9 17 VI,
2227 1524 77 31 no.
2320 1513 52 49 7)

465 1569 132 40 First
636 1569 97 40 and
770 1569 176 39 second
985 1567 211 41 editions
1233 1567 257 49 published
1529 1567 116 41 1922
1683 1569 153 40 under
1875 1569 138 41 title:
2051 1570 102 40 The
395 1572 1986 95 parent-teacher

630 1625 309 48 association,
981 1635 29 30 a
1051 1624 258 41 handbook
1349 1624 80 40 for
1469 1625 158 40 North
1666 1624 257 49 Carolina;
1967 1626 114 49 this,
2122 1627 83 40 the
2247 1626 133 42 third

393 1682 184 41 edition
604 1683 90 39 has
721 1682 121 40 been
868 1681 286 48 completely
1182 1680 190 40 revised
1398 1681 97 40 and
1523 1681 210 48 brought
1760 1692 65 38 up
1854 1685 50 38 to
1933 1683 127 40 date.
2120 1682 62 49 cf.
2213 1683 167 41 Letter

392 1740 52 40 of
473 1738 319 43 transmittal.

462 1809 234 42 Contains
725 1806 365 43 “References”.

387 1873 56 54 ©
474 1880 112 39 Dec.
619 1879 39 47 1,
694 1878 142 47 1926;
872 1877 68 41 2c.
976 1877 96 39 and
1108 1876 82 40 aff.
1227 1877 113 39 Dec.
1377 1876 82 47 17;
1498 1876 41 38 A
1573 1876 199 48 957698;
1814 1876 283 48 University
2135 1877 53 40 of
2223 1878 158 39 North

458 1935 230 41 Carolina
723 1944 150 38 press.
944 1932 281 49 (26-27294)

385 2029 209 62 Miller,
627 2030 139 51 Mrs.
802 2025 326 56 Madeleine
1162 2027 266 63 Sweeny.

383 2103 1974 149 … New Testament women and problems of to-day, by Madeleine Sweeny
846 2182 197 53 Miller
1093 2181 166 70 (Mrs.
1301 2182 56 54 J.
1398 2182 158 53 Lane
1596 2181 222 70 Miller)
1873 2181 288 55 foreword
2201 2183 78 68 by
2322 2182 57 55 S.

382 2259 2000 70 Parkes Cadman … A group of discussion studies for young
382 2336 1974 133 women of to-day … Approved by the Committee on curriculum of
642 2418 97 51 the
780 2417 195 52 Board
1015 2415 65 53 of
1121 2414 303 54 education
1463 2415 66 53 of
1569 2416 96 53 the
1706 2415 319 54 Methodist
2067 2415 309 69 Episcopal

381 2492 1826 69 church. New York, The Methodist book concern [ c 1926]
453 2589 85 40 173
563 2599 44 38 p.
668 2588 151 40 front.
882 2588 56 40 19
940 2590 16 21 cm
989 2620 10 9 .
1071 2587 223 49 (Studies
1320 2587 52 40 in
1400 2587 252 41 Christian
1675 2587 178 49 living)

455 2657 344 48 “Suggestions
825 2657 80 39 for
929 2656 313 41 bookshelf”:
1270 2668 45 37 p.
1343 2656 217 42 171-172.

383 2721 53 53 ©
466 2727 101 40 Oct.
595 2728 40 46 4,
666 2727 141 48 1926;
840 2727 68 40 2c.
938 2728 95 38 and
1064 2726 82 41 aff.
1177 2728 113 39 Dec.
1318 2727 84 48 30;
1435 2727 41 38 A
1505 2725 199 50 957857;
1738 2729 62 39 M.
1834 2727 45 41 S.
1910 2728 174 48 Miller,
2116 2729 261 47 Brooklyn.

462 2782 221 49 (27-669)

380 2879 267 63 Morgan,
684 2876 250 66 Angela.

456 2956 187 56 Silver
698 2957 232 67 clothes,
984 2956 74 68 by
1116 2956 224 69 Angela
1397 2957 261 68 Morgan.
1752 2958 140 53 New
1947 2958 181 68 York,
2183 2959 191 68 Dodd,

382 3035 171 54 Mead
580 3036 113 52 and
721 3053 298 50 company,
1051 3036 150 50 1926.

456 3130 84 49 xii,
570 3130 86 41 160
684 3140 44 38 p.
790 3129 57 41 19½
878 3131 45 23 cm
928 3161 10 10 .

457 3189 185 40 Poems.

380 3239 53 53 ©
459 3245 111 40 Dec.
596 3245 69 46 16,
692 3244 141 47 1926;
860 3243 68 40 2c.
955 3245 112 38 Dec.
1094 3243 83 48 22;
1208 3242 82 41 aff.
1319 3244 112 39 Dec.
1459 3243 83 47 31;
1571 3243 41 38 A
1639 3242 200 48 958530;
1871 3243 156 48 Dodd,
2056 3243 143 39 Mead
2227 3243 36 40 &
2290 3252 82 39 co.,

449 3300 91 41 inc.
609 3299 223 49 (27-659)

379 3394 321 63 Mumford,
730 3394 210 53 Lewis.

449 3473 120 52 The
603 3473 207 68 golden
847 3473 140 67 day;
1028 3491 31 33 a
1096 3472 171 68 study
1303 3472 60 52 in
1398 3471 307 53 American
1741 3471 329 68 experience
2108 3472 113 52 and
377 3472 1970 130 culture

547 3550 108 68 [by]
696 3550 186 52 Lewis
919 3549 318 52 Mumford.
1313 3550 139 51 New
1490 3549 180 67 York,
1710 3549 149 52 Boni
1899 3549 113 52 and
2051 3548 321 69 Liveright,

379 3629 149 50 1926.

447 3706 27 41 6
497 3717 44 38 p.
586 3738 22 17 l.,
633 3707 173 40 11-283
831 3717 44 38 p.
933 3707 56 40 21
993 3709 45 22 cm
1042 3739 10 10 .

450 3763 145 40 “This
628 3763 124 40 book
787 3765 180 38 rounds
1002 3766 85 37 out
1124 3766 82 38 the
1241 3765 146 46 study
1423 3764 53 40 of
1510 3764 258 41 American
1803 3764 89 40 life
1928 3765 157 47 begun
2120 3764 52 39 in
2210 3764 160 41 Sticks

377 3820 96 39 and
501 3818 407 42 stones.”—Note.

378 3869 53 53 ©
456 3876 117 40 Nov.
599 3875 69 48 20,
696 3876 141 47 1926;
865 3876 68 40 2c.
960 3877 118 39 Nov.
1104 3876 83 48 26;
1218 3876 82 40 aff.
1327 3877 119 40 Nov.
1474 3877 83 48 24;
1588 3878 41 38 A
1656 3876 200 49 957225;
1888 3876 123 40 Boni
2041 3878 36 39 &
2104 3876 265 50 Liveright,

447 3930 91 42 inc.
607 3932 281 48 (26-22676)
