2542 4285
1299 4006 150 57 1418

374 376 355 73 Beardsley,
774 377 216 57 Frank
1031 375 332 73 Grenville,
1409 380 188 56 1870-

448 464 127 57 The
611 464 287 57 miracles
942 465 67 56 of
1045 465 210 69 Jesus,
1291 464 82 70 by
1411 463 215 57 Frank
1664 463 315 59 Grenville
2020 465 347 71 Beardsley

442 540 1518 74 … New York, American tract society [ c 1926]
441 619 361 53 124 p. 19½ cm .
370 674 56 53 ©
457 676 106 43 Dec.
595 677 36 48 3,
668 676 103 43 1926;
829 677 63 42 2c.
923 677 87 42 and
1038 675 79 44 aff.
1150 675 110 43 Dec.
1292 676 25 42 4;
1375 675 44 43 A
1449 673 164 46 958239;
1671 675 244 43 American
1947 683 118 36 tract
2098 677 181 50 society.

451 732 268 55 (26-22866)

373 819 333 73 Bengtson,
749 821 51 56 B
1113 820 71 58 E.

452 909 131 57 Pen
636 908 275 72 pictures
966 909 69 57 of
1085 909 309 71 pioneers,
1450 908 429 73 biographical
1932 908 299 73 sketches,
2288 910 78 72 by

371 987 69 57 B.
491 987 71 56 E.
608 988 338 72 Bengtson.
1032 1008 55 36 v.
1138 991 49 53 1.
1274 987 338 72 Holdrege,
1659 987 172 71 Neb.,
1879 987 130 57 The
2056 988 308 71 Progress

373 1065 285 72 printing
692 1084 321 53 company,
1050 1066 164 56 1926.

440 1140 641 55 2 p. l., 59 p. ports. 23½cm.
373 1197 53 53 ©
453 1199 99 44 Oct.
578 1199 67 51 22,
671 1199 128 52 1926;
826 1199 64 43 2c.
917 1200 86 42 and
1029 1200 78 42 aff.
1134 1199 120 43 Nov.
1282 1198 22 43 5;
1359 1199 43 41 A
1428 1197 165 44 949977;
1648 1199 49 42 B.
1727 1198 50 46 E.
1808 1199 244 51 Bengtson,
2079 1198 144 52 Funk,
2252 1199 115 44 Neb.

452 1255 267 55 (26-22674)

376 1341 203 71 Bevis,
623 1341 279 59 Howard
940 1341 67 59 L.

456 1432 127 57 The
630 1431 156 59 Ohio
828 1432 118 57 law
986 1434 278 70 quizzer;
1305 1432 320 71 questions
1667 1433 125 57 and
1830 1451 275 41 answers
2149 1452 78 38 on

2266 1433 105 57 the
376 1510 345 71 important
754 1511 163 71 legal
954 1511 293 71 subjects,
1284 1508 301 74 designed
1619 1509 335 72 especially
1987 1508 103 60 for
2123 1509 105 59 the

2260 1530 111 38 use
379 1588 67 57 of
482 1589 119 56 law
641 1589 285 58 students
965 1589 63 55 in
1067 1589 228 56 review
1332 1588 189 70 work,
1561 1589 122 56 and
1718 1589 66 56 in
1819 1588 412 71 preparation
2269 1590 103 56 for

376 1665 1973 148 their final examination, by Howard L. Bevis … Cincinnati,
565 1743 127 57 The
726 1744 95 57 W.
859 1743 78 56 H.
975 1743 333 58 Anderson
1344 1760 322 54 company,
1702 1742 164 57 1926.

448 1819 79 46 783
556 1835 39 39 p.
653 1821 54 44 23½
743 1823 47 18 cm
797 1856 7 7 .

449 1876 162 49 “Sixth
642 1876 206 45 edition.”

449 1935 210 44 Lettered
685 1950 57 30 on
771 1949 136 29 cover:
963 1934 148 44 Bevis’
1145 1933 122 46 Ohio
1291 1934 89 44 law
1409 1932 194 54 quizzer.

451 1988 1924 56 Previously issued under title: The complete law quizzer … Compiled
378 2050 87 43 and
493 2048 145 44 edited
667 2050 60 51 by
756 2046 158 55 Edgar
946 2048 52 43 B.
1030 2047 222 45 Kinkead.

375 2103 52 54 ©
458 2106 117 42 Nov.
606 2106 66 50 23,
707 2105 129 52 1926;
869 2105 62 43 2c.
963 2105 87 43 and
1079 2105 77 43 aff.
1189 2105 118 42 Nov.
1339 2104 76 52 26;
1451 2104 44 43 A
1525 2102 188 54 957256;
1746 2105 75 43 W.
1853 2105 61 42 H.
1948 2104 239 43 Anderson
2219 2118 64 28 co.

454 2162 266 55 (26-22678)

377 2247 204 74 Bojer,
626 2248 225 73 Johan,
896 2252 188 56 1872-

519 2340 1852 74 … Les émigrants, roman traduit du norvégien par P.-
375 2421 69 59 G.
476 2421 90 56 La
602 2418 318 62 Chesnais.
1004 2420 207 72 Paris,
1247 2419 501 73 Calmann-Lévy
1781 2447 14 43 [
1798 2429 17 20 c
1819 2421 164 71 1926]

445 2499 624 50 3 p. l., 361, [1] p. 19 cm .
447 2554 262 48 “Huitième
741 2556 212 44 edition.”

373 2608 1745 55 © Apr. 14, 1926; 1c. May 22; A—Foreign 32044; Calmann-Lévy.
455 2667 267 54 (26-22690)

378 2754 185 71 Bone,
601 2754 230 58 James.

522 2843 1852 73 … The perambulator in Edinburgh … with pictures
378 2920 1918 75 by E. S. Lumsden … New York, A. A. Knopf, 1926.
450 2996 1033 57 7 p. l., 3-181 p., 1 l. front., plates. 25½cm.
451 3058 184 45 “Under
670 3057 77 44 the
781 3056 97 45 title
915 3055 282 55 ‘Edinburgh
1232 3056 224 44 revisited’
1494 3057 75 43 the
1607 3056 118 44 main
1761 3066 101 44 part
1897 3057 52 45 of
1985 3057 88 44 this
2110 3058 121 43 book
2266 3057 108 46 with

380 3114 300 45 illustrations
710 3116 58 51 by
799 3114 189 44 another
1020 3113 145 51 artist,
1195 3128 94 29 was
1320 3112 234 53 published
1584 3114 44 43 in
1661 3114 101 43 1911
1797 3114 44 44 in
1873 3113 419 45 London.”—Pref.

375 3170 54 53 ©
457 3172 116 43 Nov.
598 3172 67 49 26,
696 3171 129 52 1926;
854 3171 64 44 2c.
946 3171 109 42 Dec.
1083 3171 49 51 2;
1161 3171 77 42 aff.
1269 3170 118 43 Nov.
1415 3170 77 52 30;
1523 3170 42 42 A
1591 3169 187 54 958226;
1810 3170 167 44 Alfred
2003 3171 56 43 A.
2089 3171 173 52 Knopf,
2291 3174 81 42 inc.

455 3226 267 57 (26-22872)

378 3313 348 73 Boughton,
763 3315 151 56 Mrs.
953 3313 257 57 Martha
1242 3311 329 59 Elizabeth
1614 3312 298 73 (Arnold)

458 3392 303 71 Mystery,
808 3392 124 56 and
976 3392 179 58 other
1201 3410 235 53 poems,
1478 3392 39 57 by
1606 3392 254 57 Martha
1902 3392 74 57 A.
2024 3393 348 72 Boughton.

380 3469 152 58 New
558 3468 189 75 York,
781 3468 77 57 H.
892 3468 209 71 Vinal,
1133 3470 164 56 1926.

451 3545 585 55 5 p. l., 37, [1] p. 21 cm .
453 3602 138 46 “This
627 3605 121 43 book
780 3604 81 43 has
895 3604 110 44 been
1043 3603 215 54 designed
1293 3605 59 51 by
1389 3605 173 43 Robert
1600 3603 43 47 S.
1679 3604 212 54 Josephy,
1927 3604 89 47 and
2049 3604 87 45 five
2169 3603 206 46 hundred

381 3662 88 43 and
501 3661 280 52 twenty-five
814 3660 148 52 copies
994 3661 114 43 have
1139 3662 112 42 been
1287 3660 178 53 printed
1496 3662 143 45 under
1667 3661 69 44 his
1769 3661 279 53 supervision
2080 3668 47 37 at
2159 3661 75 44 the
2267 3661 109 53 shop

381 3718 51 44 of
463 3718 205 52 Douglas
701 3717 49 45 C.
785 3716 295 55 McMurtrie,
1111 3717 98 54 inc.,
1243 3716 45 45 in
1325 3717 276 53 September,
1640 3716 145 47 1926.”

455 3774 133 47 Some
619 3774 52 43 of
701 3775 75 43 the
810 3789 152 38 poems
998 3774 255 53 “reprinted
1289 3774 122 43 from
1442 3789 26 29 a
1501 3774 212 52 previous
1744 3773 192 53 volume,
1972 3773 100 49 The
2106 3784 128 42 quest
2267 3773 51 46 of
2350 3789 23 29 a

382 3831 95 44 soul
505 3832 88 44 and
620 3830 131 46 other
776 3830 174 45 verse”.

379 3887 52 53 ©
467 3888 99 44 Oct.
604 3889 32 50 1,
674 3888 107 43 1926;
834 3888 65 43 2c.
933 3888 110 42 Dec.
1075 3889 50 50 4;
1162 3888 78 43 aff.
1274 3888 119 43 Nov.
1426 3888 77 52 30;
1537 3887 45 43 A
1615 3886 189 54 957483;
1841 3888 181 43 Harold
2055 3887 150 44 Vinal.

458 3944 268 56 (26-22534)
