<alto xmlns="http://www.loc.gov/standards/alto/ns-v3#" xmlns:xlink="http://www.w3.org/1999/xlink" xmlns:xsi="http://www.w3.org/2001/XMLSchema-instance" xsi:schemaLocation="http://www.loc.gov/standards/alto/ns-v3# http://www.loc.gov/alto/v3/alto-3-0.xsd"><Description>
<MeasurementUnit>pixel</MeasurementUnit>
<sourceImageInformation>
<fileName>1926_v23_Part001.pdf</fileName>
</sourceImageInformation>
<OCRProcessing ID="IdOcr">
<ocrProcessingStep>
<processingDateTime>2019-04-10</processingDateTime>
<processingSoftware>
<softwareCreator>ABBYY</softwareCreator>
<softwareName>ABBYY Recognition Server</softwareName>
<softwareVersion>4.0</softwareVersion>
</processingSoftware>
</ocrProcessingStep>
</OCRProcessing>
</Description>
<Styles>
<ParagraphStyle ID="StyleId-FFFFFFFF-FFFF-FFFF-FFFF-FFFFFFFFFFFF-" ALIGN="Left" LEFT="0." RIGHT="0." FIRSTLINE="0."/>
<ParagraphStyle ID="StyleId-22C3EA86-D171-42E2-A7D2-9A866F7D91F9-" ALIGN="Left" LEFT="0." RIGHT="0." FIRSTLINE="0." LINESPACE="8.300000191"/>
<ParagraphStyle ID="StyleId-E3FA4CC6-F5E5-41CA-B4C4-90085BF71B6C-" ALIGN="Block" LEFT="0." RIGHT="0." FIRSTLINE="-14." LINESPACE="8.050000191"/>
<ParagraphStyle ID="StyleId-41118DB3-028A-4115-95B3-BB512DD0EDAE-" ALIGN="Left" LEFT="0." RIGHT="0." FIRSTLINE="-13." LINESPACE="13.30000019"/>
<ParagraphStyle ID="StyleId-A2FB4C2B-BF87-45AD-9689-33B0118FBFC1-" ALIGN="Block" LEFT="0." RIGHT="0." FIRSTLINE="-14." LINESPACE="11.06999969"/>
<ParagraphStyle ID="StyleId-BBBA7B5D-FE2B-4BC7-AC7D-F142900C21B8-" ALIGN="Block" LEFT="0." RIGHT="0." FIRSTLINE="0." LINESPACE="8.899999619"/>
<ParagraphStyle ID="StyleId-3CEA3EEE-4341-4E33-9EF0-A9438AB90A9B-" ALIGN="Center" LEFT="0." RIGHT="0." FIRSTLINE="0." LINESPACE="12.19999981"/>
<ParagraphStyle ID="StyleId-817955BE-3120-4B53-BBD3-920BAE733BFF-" ALIGN="Left" LEFT="0." RIGHT="0." FIRSTLINE="0." LINESPACE="12.19999981"/>
<ParagraphStyle ID="StyleId-456A266C-F799-486A-ACB1-75B61E9815AB-" ALIGN="Left" LEFT="0." RIGHT="0." FIRSTLINE="-13." LINESPACE="8.18999958"/>
<ParagraphStyle ID="StyleId-6A1E9ED6-E5EA-4E31-BD5A-88089B8D7134-" ALIGN="Right" LEFT="0." RIGHT="0." FIRSTLINE="0." LINESPACE="7.699999809"/>
<ParagraphStyle ID="StyleId-C11ABF73-04BC-4F6E-B7E4-01FCA3A26756-" ALIGN="Left" LEFT="0." RIGHT="0." FIRSTLINE="-13." LINESPACE="12.19999981"/>
<ParagraphStyle ID="StyleId-662CF6CF-DB5F-40BE-AD24-E877ED82DD6F-" ALIGN="Block" LEFT="0." RIGHT="0." FIRSTLINE="-14." LINESPACE="11.06999969"/>
<ParagraphStyle ID="StyleId-9361006B-74B5-41BD-BFD3-03318AD64910-" ALIGN="Left" LEFT="0." RIGHT="0." FIRSTLINE="0." LINESPACE="8.899999619"/>
</Styles>
<Layout>
<Page ID="Page734" PHYSICAL_IMG_NR="734" HEIGHT="4285" WIDTH="2542">
<TopMargin HEIGHT="364" WIDTH="2542" VPOS="0" HPOS="0">
</TopMargin>
<LeftMargin HEIGHT="3692" WIDTH="402" VPOS="364" HPOS="0">
</LeftMargin>
<RightMargin HEIGHT="3692" WIDTH="124" VPOS="364" HPOS="2418">
</RightMargin>
<BottomMargin HEIGHT="229" WIDTH="2542" VPOS="4056" HPOS="0">
</BottomMargin>
<PrintSpace HEIGHT="3692" WIDTH="2016" VPOS="364" HPOS="402">
<TextBlock ID="Page734_Block1" HEIGHT="450" WIDTH="2004" VPOS="364" HPOS="408" LANG="en-US" CS="1" STYLEREFS="StyleId-A144FD99-1625-4CBB-B4BA-6C12912C7E79-">
<TextLine HEIGHT="0" WIDTH="0" VPOS="0" HPOS="0" CS="1">
<String CS="1" CONTENT="734"/>
</TextLine>
<TextLine HEIGHT="73" WIDTH="1979" VPOS="464" HPOS="421">
<String CONTENT="terms," HEIGHT="67" WIDTH="210" VPOS="469" HPOS="421"/>
<SP HEIGHT="69" WIDTH="50" VPOS="467" HPOS="632"/>
<String CONTENT="1925." HEIGHT="55" WIDTH="164" VPOS="467" HPOS="683"/>
<SP HEIGHT="35" WIDTH="85" VPOS="485" HPOS="848"/>
<String CONTENT="v." HEIGHT="36" WIDTH="57" VPOS="485" HPOS="934"/>
<SP HEIGHT="55" WIDTH="51" VPOS="466" HPOS="992"/>
<String CONTENT="34." HEIGHT="55" WIDTH="87" VPOS="466" HPOS="1044"/>
<SP HEIGHT="58" WIDTH="93" VPOS="465" HPOS="1132"/>
<String CONTENT="Stevens" HEIGHT="58" WIDTH="262" VPOS="465" HPOS="1226"/>
<SP HEIGHT="37" WIDTH="52" VPOS="485" HPOS="1489"/>
<String CONTENT="and" HEIGHT="55" WIDTH="121" VPOS="467" HPOS="1542"/>
<SP HEIGHT="59" WIDTH="51" VPOS="464" HPOS="1664"/>
<String CONTENT="Graham," HEIGHT="73" WIDTH="292" VPOS="464" HPOS="1716"/>
<SP HEIGHT="52" WIDTH="52" VPOS="485" HPOS="2009"/>
<String CONTENT="reporters." HEIGHT="68" WIDTH="338" VPOS="469" HPOS="2062"/>
</TextLine>
<TextLine HEIGHT="75" WIDTH="1355" VPOS="542" HPOS="419">
<String CONTENT="Atlanta," HEIGHT="71" WIDTH="279" VPOS="543" HPOS="419"/>
<SP HEIGHT="71" WIDTH="38" VPOS="543" HPOS="699"/>
<String CONTENT="The" HEIGHT="56" WIDTH="128" VPOS="543" HPOS="738"/>
<SP HEIGHT="56" WIDTH="30" VPOS="543" HPOS="867"/>
<String CONTENT="Harrison" HEIGHT="57" WIDTH="317" VPOS="542" HPOS="898"/>
<SP HEIGHT="37" WIDTH="35" VPOS="562" HPOS="1216"/>
<String CONTENT="company," HEIGHT="56" WIDTH="319" VPOS="561" HPOS="1252"/>
<SP HEIGHT="72" WIDTH="38" VPOS="545" HPOS="1572"/>
<String CONTENT="1926." HEIGHT="55" WIDTH="163" VPOS="544" HPOS="1611"/>
</TextLine>
<TextLine HEIGHT="55" WIDTH="460" VPOS="629" HPOS="488">
<String CONTENT="lvii," HEIGHT="51" WIDTH="90" VPOS="632" HPOS="488"/>
<SP HEIGHT="51" WIDTH="30" VPOS="632" HPOS="579"/>
<String CONTENT="959" HEIGHT="46" WIDTH="83" VPOS="629" HPOS="610"/>
<SP HEIGHT="51" WIDTH="30" VPOS="633" HPOS="694"/>
<String CONTENT="p." HEIGHT="38" WIDTH="39" VPOS="646" HPOS="725"/>
<SP HEIGHT="42" WIDTH="60" VPOS="632" HPOS="765"/>
<String CONTENT="23" HEIGHT="43" WIDTH="53" VPOS="632" HPOS="826"/>
<String STYLE="superscript" CONTENT="cm" HEIGHT="17" WIDTH="48" VPOS="634" HPOS="886"/>
<String CONTENT="." HEIGHT="9" WIDTH="9" VPOS="666" HPOS="939"/>
</TextLine>
<TextLine HEIGHT="56" WIDTH="1983" VPOS="700" HPOS="419" STYLEREFS="StyleId-B8493B5F-FB52-4001-AB4B-B80D24014B51-" CS="1">
<String CONTENT="&#169;" HEIGHT="52" WIDTH="54" VPOS="700" HPOS="419"/>
<SP HEIGHT="53" WIDTH="24" VPOS="700" HPOS="474"/>
<String CONTENT="July" HEIGHT="52" WIDTH="104" VPOS="702" HPOS="499"/>
<SP HEIGHT="52" WIDTH="26" VPOS="702" HPOS="604"/>
<String CONTENT="20," HEIGHT="51" WIDTH="66" VPOS="702" HPOS="631"/>
<SP HEIGHT="50" WIDTH="30" VPOS="703" HPOS="698"/>
<String CS="1" CONTENT="1926;" HEIGHT="42" WIDTH="103" VPOS="702" HPOS="729"/>
<SP HEIGHT="52" WIDTH="28" VPOS="702" HPOS="857"/>
<String CONTENT="2c." HEIGHT="43" WIDTH="62" VPOS="702" HPOS="886"/>
<SP HEIGHT="27" WIDTH="26" VPOS="717" HPOS="949"/>
<String CONTENT="and" HEIGHT="41" WIDTH="88" VPOS="704" HPOS="976"/>
<SP HEIGHT="41" WIDTH="21" VPOS="704" HPOS="1065"/>
<String CONTENT="aff." HEIGHT="42" WIDTH="78" VPOS="703" HPOS="1087"/>
<SP HEIGHT="51" WIDTH="28" VPOS="703" HPOS="1166"/>
<String CONTENT="July" HEIGHT="51" WIDTH="105" VPOS="703" HPOS="1195"/>
<SP HEIGHT="51" WIDTH="24" VPOS="703" HPOS="1301"/>
<String CONTENT="24;" HEIGHT="51" WIDTH="77" VPOS="703" HPOS="1326"/>
<SP HEIGHT="52" WIDTH="28" VPOS="702" HPOS="1404"/>
<!-- cceid 02169214-6E1B-1014-9B7B-CA07F191E62B --><String CONTENT="A" HEIGHT="42" WIDTH="45" VPOS="702" HPOS="1433"/>
<SP HEIGHT="43" WIDTH="25" VPOS="702" HPOS="1479"/>
<String CONTENT="901238;" HEIGHT="52" WIDTH="188" VPOS="702" HPOS="1505"/>
<SP HEIGHT="53" WIDTH="34" VPOS="701" HPOS="1694"/>
<String CONTENT="State" HEIGHT="47" WIDTH="126" VPOS="701" HPOS="1729"/>
<SP HEIGHT="28" WIDTH="25" VPOS="717" HPOS="1856"/>
<String CONTENT="of" HEIGHT="43" WIDTH="49" VPOS="702" HPOS="1882"/>
<SP HEIGHT="45" WIDTH="30" VPOS="701" HPOS="1932"/>
<String CONTENT="Georgia," HEIGHT="55" WIDTH="209" VPOS="701" HPOS="1963"/>
<SP HEIGHT="52" WIDTH="26" VPOS="703" HPOS="2173"/>
<String CONTENT="Atlanta." HEIGHT="42" WIDTH="202" VPOS="703" HPOS="2200"/>
</TextLine>
</TextBlock>
<TextBlock ID="Page734_Block2" HEIGHT="3142" WIDTH="2016" VPOS="846" HPOS="402" CS="1" STYLEREFS="StyleId-B8493B5F-FB52-4001-AB4B-B80D24014B51-">
<TextLine HEIGHT="73" WIDTH="875" VPOS="856" HPOS="419" STYLEREFS="StyleId-F14746A7-50F3-4C41-8143-FA783DFA7846-" LANG="en-US">
<String CONTENT="Gignoux," HEIGHT="73" WIDTH="304" VPOS="856" HPOS="419"/>
<SP HEIGHT="71" WIDTH="39" VPOS="858" HPOS="724"/>
<String CONTENT="Maurice," HEIGHT="69" WIDTH="297" VPOS="857" HPOS="764"/>
<SP HEIGHT="64" WIDTH="43" VPOS="862" HPOS="1062"/>
<String CONTENT="1881-" HEIGHT="55" WIDTH="188" VPOS="861" HPOS="1106"/>
</TextLine>
<TextLine HEIGHT="73" WIDTH="1845" VPOS="948" HPOS="495" STYLEREFS="StyleId-A144FD99-1625-4CBB-B4BA-6C12912C7E79-" LANG="en-US" CS="1">
<String LANG="fr" CONTENT="G&#233;ologie" HEIGHT="73" WIDTH="290" VPOS="948" HPOS="495"/>
<SP HEIGHT="36" WIDTH="61" VPOS="969" HPOS="786"/>
<String CONTENT="stratigraphique," HEIGHT="73" WIDTH="557" VPOS="948" HPOS="848"/>
<SP HEIGHT="53" WIDTH="59" VPOS="967" HPOS="1406"/>
<String CONTENT="par" HEIGHT="53" WIDTH="118" VPOS="967" HPOS="1466"/>
<SP HEIGHT="56" WIDTH="59" VPOS="949" HPOS="1585"/>
<String CONTENT="Maurice" HEIGHT="57" WIDTH="280" VPOS="948" HPOS="1645"/>
<SP HEIGHT="58" WIDTH="60" VPOS="948" HPOS="1926"/>
<String CONTENT="Gignoux" HEIGHT="73" WIDTH="288" VPOS="948" HPOS="1987"/>
<SP HEIGHT="38" WIDTH="64" VPOS="968" HPOS="2276"/>
<String CS="1" CONTENT="&#8230;"/>
</TextLine>
<TextLine HEIGHT="73" WIDTH="1586" VPOS="1025" HPOS="416" STYLEREFS="StyleId-A144FD99-1625-4CBB-B4BA-6C12912C7E79-" LANG="en-US">
<String LANG="fr" CONTENT="Avec" HEIGHT="58" WIDTH="170" VPOS="1026" HPOS="416"/>
<SP HEIGHT="54" WIDTH="31" VPOS="1029" HPOS="587"/>
<String CONTENT="124" HEIGHT="55" WIDTH="109" VPOS="1028" HPOS="619"/>
<SP HEIGHT="56" WIDTH="32" VPOS="1026" HPOS="729"/>
<String CONTENT="figures," HEIGHT="72" WIDTH="250" VPOS="1026" HPOS="762"/>
<SP HEIGHT="59" WIDTH="75" VPOS="1026" HPOS="1013"/>
<String CONTENT="Paris," HEIGHT="71" WIDTH="205" VPOS="1025" HPOS="1089"/>
<SP HEIGHT="70" WIDTH="33" VPOS="1026" HPOS="1295"/>
<String CONTENT="Masson" HEIGHT="57" WIDTH="258" VPOS="1026" HPOS="1329"/>
<SP HEIGHT="36" WIDTH="34" VPOS="1047" HPOS="1588"/>
<String LANG="fr" CONTENT="et" HEIGHT="54" WIDTH="59" VPOS="1029" HPOS="1623"/>
<SP HEIGHT="54" WIDTH="33" VPOS="1029" HPOS="1683"/>
<String CONTENT="c" HEIGHT="37" WIDTH="30" VPOS="1046" HPOS="1717"/>
<String STYLE="superscript" CONTENT="ie" HEIGHT="29" WIDTH="33" VPOS="1026" HPOS="1751"/>
<String CONTENT="," HEIGHT="25" WIDTH="12" VPOS="1073" HPOS="1788"/>
<SP HEIGHT="69" WIDTH="35" VPOS="1029" HPOS="1801"/>
<String CONTENT="1926." HEIGHT="57" WIDTH="165" VPOS="1026" HPOS="1837"/>
</TextLine>
<TextLine HEIGHT="55" WIDTH="961" VPOS="1115" HPOS="485" LANG="en-US" CS="1">
<String CONTENT="vi," HEIGHT="51" WIDTH="59" VPOS="1118" HPOS="485"/>
<SP/>
<String CONTENT="588" HEIGHT="44" WIDTH="81" VPOS="1117" HPOS="573"/>
<SP HEIGHT="52" WIDTH="28" VPOS="1118" HPOS="655"/>
<String CONTENT="p." HEIGHT="37" WIDTH="37" VPOS="1133" HPOS="684"/>
<SP HEIGHT="42" WIDTH="58" VPOS="1118" HPOS="722"/>
<String CONTENT="illus." HEIGHT="42" WIDTH="113" VPOS="1118" HPOS="781"/>
<SP HEIGHT="54" WIDTH="26" VPOS="1116" HPOS="895"/>
<String CONTENT="(incl." HEIGHT="54" WIDTH="125" VPOS="1116" HPOS="922"/>
<SP HEIGHT="27" WIDTH="29" VPOS="1132" HPOS="1048"/>
<String CONTENT="maps)" HEIGHT="52" WIDTH="152" VPOS="1117" HPOS="1078"/>
<SP HEIGHT="51" WIDTH="64" VPOS="1117" HPOS="1231"/>
<String CS="1" CONTENT="25&#189;" HEIGHT="44" WIDTH="51" VPOS="1115" HPOS="1296"/>
<String STYLE="superscript" CONTENT="cm" HEIGHT="17" WIDTH="47" VPOS="1119" HPOS="1384"/>
<String CONTENT="." HEIGHT="8" WIDTH="9" VPOS="1152" HPOS="1437"/>
</TextLine>
<TextLine HEIGHT="112" WIDTH="1647" VPOS="1173" HPOS="419" LANG="en-US" CS="1">
<String CONTENT="&#169;" HEIGHT="53" WIDTH="52" VPOS="1173" HPOS="419"/>
<SP HEIGHT="53" WIDTH="24" VPOS="1173" HPOS="472"/>
<String CONTENT="Mar." HEIGHT="41" WIDTH="116" VPOS="1176" HPOS="497"/>
<SP HEIGHT="41" WIDTH="30" VPOS="1176" HPOS="614"/>
<String CONTENT="1," HEIGHT="46" WIDTH="33" VPOS="1176" HPOS="645"/>
<SP HEIGHT="46" WIDTH="29" VPOS="1176" HPOS="679"/>
<String CONTENT="1926;" HEIGHT="52" WIDTH="128" VPOS="1174" HPOS="709"/>
<SP/>
<String CS="1" CONTENT="1c."/>
<SP/>
<String CONTENT="June" HEIGHT="51" WIDTH="115" VPOS="1176" HPOS="958"/>
<SP HEIGHT="43" WIDTH="22" VPOS="1174" HPOS="1074"/>
<String CONTENT="21;" HEIGHT="51" WIDTH="77" VPOS="1174" HPOS="1097"/>
<SP HEIGHT="51" WIDTH="29" VPOS="1174" HPOS="1175"/>
<!-- cceid 0216E417-6E1B-1014-9B7B-CA07F191E62B --><String CONTENT="A&#8212;Foreign" HEIGHT="52" WIDTH="301" VPOS="1173" HPOS="1205"/>
<SP HEIGHT="41" WIDTH="24" VPOS="1175" HPOS="1507"/>
<String CONTENT="31207;" HEIGHT="52" WIDTH="159" VPOS="1173" HPOS="1532"/>
<SP HEIGHT="51" WIDTH="30" VPOS="1174" HPOS="1692"/>
<String CONTENT="Masson" HEIGHT="43" WIDTH="188" VPOS="1174" HPOS="1723"/>
<SP HEIGHT="43" WIDTH="25" VPOS="1174" HPOS="1912"/>
<String CONTENT="&amp;" HEIGHT="43" WIDTH="37" VPOS="1174" HPOS="1938"/>
<SP HEIGHT="43" WIDTH="24" VPOS="1174" HPOS="1976"/>
<String CONTENT="co." HEIGHT="29" WIDTH="65" VPOS="1188" HPOS="2001"/>
<SP/>
<String CONTENT="(26-13799)" HEIGHT="55" WIDTH="268" VPOS="1230" HPOS="498"/>
</TextLine>
<TextLine HEIGHT="73" WIDTH="530" VPOS="1329" HPOS="415" STYLEREFS="StyleId-F14746A7-50F3-4C41-8143-FA783DFA7846-" LANG="en-US">
<String CONTENT="Griffith," HEIGHT="69" WIDTH="259" VPOS="1329" HPOS="415"/>
<SP HEIGHT="68" WIDTH="38" VPOS="1330" HPOS="675"/>
<String CONTENT="Peggy." HEIGHT="72" WIDTH="231" VPOS="1330" HPOS="714"/>
</TextLine>
<TextLine HEIGHT="72" WIDTH="1913" VPOS="1418" HPOS="493" STYLEREFS="StyleId-A144FD99-1625-4CBB-B4BA-6C12912C7E79-" LANG="en-US">
<String CONTENT="The" HEIGHT="58" WIDTH="128" VPOS="1421" HPOS="493"/>
<SP HEIGHT="39" WIDTH="46" VPOS="1440" HPOS="622"/>
<String CONTENT="new" HEIGHT="38" WIDTH="138" VPOS="1440" HPOS="669"/>
<SP HEIGHT="57" WIDTH="42" VPOS="1420" HPOS="808"/>
<String CONTENT="Klondike;" HEIGHT="71" WIDTH="347" VPOS="1419" HPOS="851"/>
<SP HEIGHT="52" WIDTH="52" VPOS="1438" HPOS="1199"/>
<String CONTENT="a" HEIGHT="38" WIDTH="35" VPOS="1438" HPOS="1252"/>
<SP HEIGHT="38" WIDTH="51" VPOS="1438" HPOS="1288"/>
<String CONTENT="story" HEIGHT="68" WIDTH="177" VPOS="1422" HPOS="1340"/>
<SP HEIGHT="53" WIDTH="49" VPOS="1437" HPOS="1518"/>
<String CONTENT="of" HEIGHT="57" WIDTH="68" VPOS="1419" HPOS="1568"/>
<SP HEIGHT="57" WIDTH="50" VPOS="1419" HPOS="1637"/>
<String CONTENT="a" HEIGHT="37" WIDTH="36" VPOS="1438" HPOS="1688"/>
<SP HEIGHT="38" WIDTH="53" VPOS="1437" HPOS="1725"/>
<String CONTENT="southern" HEIGHT="58" WIDTH="300" VPOS="1418" HPOS="1779"/>
<SP HEIGHT="57" WIDTH="47" VPOS="1419" HPOS="2080"/>
<String CONTENT="baseball" HEIGHT="58" WIDTH="278" VPOS="1418" HPOS="2128"/>
</TextLine>
<TextLine HEIGHT="75" WIDTH="1994" VPOS="1495" HPOS="414" STYLEREFS="StyleId-A144FD99-1625-4CBB-B4BA-6C12912C7E79-" LANG="en-US">
<String CONTENT="training" HEIGHT="72" WIDTH="279" VPOS="1497" HPOS="414"/>
<SP HEIGHT="53" WIDTH="48" VPOS="1516" HPOS="694"/>
<String CONTENT="camp," HEIGHT="55" WIDTH="196" VPOS="1515" HPOS="743"/>
<SP HEIGHT="71" WIDTH="47" VPOS="1499" HPOS="940"/>
<String CONTENT="based" HEIGHT="56" WIDTH="194" VPOS="1499" HPOS="988"/>
<SP HEIGHT="56" WIDTH="50" VPOS="1499" HPOS="1183"/>
<String CONTENT="on" HEIGHT="39" WIDTH="79" VPOS="1515" HPOS="1234"/>
<SP HEIGHT="54" WIDTH="47" VPOS="1500" HPOS="1314"/>
<String CONTENT="the" HEIGHT="58" WIDTH="106" VPOS="1496" HPOS="1362"/>
<SP HEIGHT="37" WIDTH="46" VPOS="1516" HPOS="1469"/>
<String CONTENT="motion" HEIGHT="58" WIDTH="238" VPOS="1495" HPOS="1516"/>
<SP HEIGHT="53" WIDTH="47" VPOS="1515" HPOS="1755"/>
<String CONTENT="picture" HEIGHT="73" WIDTH="245" VPOS="1495" HPOS="1803"/>
<SP HEIGHT="38" WIDTH="51" VPOS="1515" HPOS="2049"/>
<String CONTENT="story" HEIGHT="69" WIDTH="177" VPOS="1499" HPOS="2101"/>
<SP HEIGHT="71" WIDTH="44" VPOS="1497" HPOS="2279"/>
<String CONTENT="by" HEIGHT="71" WIDTH="84" VPOS="1497" HPOS="2324"/>
</TextLine>
<TextLine HEIGHT="76" WIDTH="1993" VPOS="1572" HPOS="414" STYLEREFS="StyleId-A144FD99-1625-4CBB-B4BA-6C12912C7E79-" LANG="en-US">
<String CONTENT="Peggy" HEIGHT="73" WIDTH="215" VPOS="1575" HPOS="414"/>
<SP HEIGHT="73" WIDTH="31" VPOS="1575" HPOS="630"/>
<String CONTENT="Griffith," HEIGHT="71" WIDTH="259" VPOS="1574" HPOS="662"/>
<SP HEIGHT="51" WIDTH="25" VPOS="1594" HPOS="922"/>
<String CONTENT="with" HEIGHT="58" WIDTH="153" VPOS="1573" HPOS="948"/>
<SP HEIGHT="56" WIDTH="26" VPOS="1574" HPOS="1102"/>
<String CONTENT="illustrations" HEIGHT="62" WIDTH="422" VPOS="1572" HPOS="1129"/>
<SP HEIGHT="52" WIDTH="30" VPOS="1594" HPOS="1552"/>
<String CONTENT="produced" HEIGHT="72" WIDTH="318" VPOS="1574" HPOS="1583"/>
<SP HEIGHT="57" WIDTH="30" VPOS="1576" HPOS="1902"/>
<String CONTENT="and" HEIGHT="57" WIDTH="123" VPOS="1573" HPOS="1933"/>
<SP HEIGHT="58" WIDTH="29" VPOS="1572" HPOS="2057"/>
<String CONTENT="filmed" HEIGHT="59" WIDTH="208" VPOS="1572" HPOS="2087"/>
<SP HEIGHT="59" WIDTH="28" VPOS="1574" HPOS="2296"/>
<String CONTENT="by" HEIGHT="68" WIDTH="82" VPOS="1577" HPOS="2325"/>
</TextLine>
<TextLine HEIGHT="150" WIDTH="1991" VPOS="1650" HPOS="414" STYLEREFS="StyleId-A144FD99-1625-4CBB-B4BA-6C12912C7E79-" LANG="en-US" CS="1">
<String CONTENT="Paramount" HEIGHT="57" WIDTH="386" VPOS="1652" HPOS="414"/>
<SP HEIGHT="68" WIDTH="39" VPOS="1654" HPOS="801"/>
<String CONTENT="pictures" HEIGHT="71" WIDTH="276" VPOS="1651" HPOS="841"/>
<SP HEIGHT="38" WIDTH="49" VPOS="1673" HPOS="1118"/>
<String CS="1" CONTENT="&#8230;"/>
<SP HEIGHT="56" WIDTH="86" VPOS="1651" HPOS="1232"/>
<String CONTENT="New" HEIGHT="58" WIDTH="152" VPOS="1651" HPOS="1319"/>
<SP HEIGHT="57" WIDTH="39" VPOS="1652" HPOS="1472"/>
<String CONTENT="York," HEIGHT="70" WIDTH="190" VPOS="1652" HPOS="1512"/>
<SP HEIGHT="71" WIDTH="42" VPOS="1651" HPOS="1703"/>
<String CONTENT="Jacobsen-Hodgkin-son-corporation" HEIGHT="150" WIDTH="1990" VPOS="1650" HPOS="415"/>
<SP HEIGHT="52" WIDTH="36" VPOS="1748" HPOS="959"/>
<String CONTENT="[" HEIGHT="43" WIDTH="13" VPOS="1757" HPOS="996"/>
<String STYLE="superscript" CONTENT="c" HEIGHT="22" WIDTH="19" VPOS="1736" HPOS="1012"/>
<String CONTENT="1926]" HEIGHT="72" WIDTH="165" VPOS="1728" HPOS="1034"/>
</TextLine>
<TextLine HEIGHT="55" WIDTH="1920" VPOS="1803" HPOS="486" LANG="en-US" CS="1">
<String CONTENT="1" HEIGHT="43" WIDTH="20" VPOS="1804" HPOS="486"/>
<SP/>
<String LANG="fr" CONTENT="p." HEIGHT="39" WIDTH="41" VPOS="1818" HPOS="546"/>
<SP HEIGHT="45" WIDTH="39" VPOS="1803" HPOS="588"/>
<String LANG="fr" CS="1" CONTENT="l"/>
<String CONTENT=".," HEIGHT="19" WIDTH="22" VPOS="1838" HPOS="647"/>
<SP HEIGHT="54" WIDTH="40" VPOS="1803" HPOS="670"/>
<String CONTENT="5-135" HEIGHT="46" WIDTH="135" VPOS="1803" HPOS="711"/>
<SP HEIGHT="54" WIDTH="37" VPOS="1803" HPOS="847"/>
<String CONTENT="p." HEIGHT="39" WIDTH="42" VPOS="1818" HPOS="885"/>
<SP HEIGHT="45" WIDTH="40" VPOS="1803" HPOS="928"/>
<String CONTENT="incl." HEIGHT="45" WIDTH="103" VPOS="1803" HPOS="969"/>
<SP HEIGHT="38" WIDTH="41" VPOS="1819" HPOS="1073"/>
<String CONTENT="plates." HEIGHT="54" WIDTH="159" VPOS="1803" HPOS="1115"/>
<SP HEIGHT="42" WIDTH="68" VPOS="1805" HPOS="1275"/>
<String CONTENT="20" HEIGHT="44" WIDTH="55" VPOS="1804" HPOS="1344"/>
<String STYLE="superscript" CONTENT="cm" HEIGHT="18" WIDTH="47" VPOS="1807" HPOS="1404"/>
<String CONTENT="." HEIGHT="10" WIDTH="9" VPOS="1838" HPOS="1457"/>
<SP HEIGHT="54" WIDTH="78" VPOS="1804" HPOS="1467"/>
<String CONTENT="(On" HEIGHT="54" WIDTH="100" VPOS="1804" HPOS="1546"/>
<SP HEIGHT="29" WIDTH="42" VPOS="1819" HPOS="1647"/>
<String CONTENT="cover:" HEIGHT="30" WIDTH="162" VPOS="1819" HPOS="1690"/>
<SP HEIGHT="45" WIDTH="46" VPOS="1804" HPOS="1853"/>
<String CONTENT="Popular" HEIGHT="53" WIDTH="203" VPOS="1804" HPOS="1900"/>
<SP HEIGHT="39" WIDTH="40" VPOS="1818" HPOS="2104"/>
<String CONTENT="plays" HEIGHT="53" WIDTH="127" VPOS="1805" HPOS="2145"/>
<SP HEIGHT="29" WIDTH="43" VPOS="1819" HPOS="2273"/>
<String CONTENT="and" HEIGHT="44" WIDTH="89" VPOS="1805" HPOS="2317"/>
</TextLine>
<TextLine HEIGHT="53" WIDTH="385" VPOS="1858" HPOS="414" LANG="en-US">
<String CONTENT="screen" HEIGHT="30" WIDTH="157" VPOS="1872" HPOS="414"/>
<SP HEIGHT="44" WIDTH="29" VPOS="1858" HPOS="572"/>
<String CONTENT="library)" HEIGHT="53" WIDTH="197" VPOS="1858" HPOS="602"/>
</TextLine>
<TextLine HEIGHT="113" WIDTH="1989" VPOS="1916" HPOS="415" LANG="en-US" CS="1">
<String CONTENT="&#169;" HEIGHT="53" WIDTH="54" VPOS="1916" HPOS="415"/>
<SP HEIGHT="53" WIDTH="38" VPOS="1916" HPOS="470"/>
<String CONTENT="Mar." HEIGHT="42" WIDTH="117" VPOS="1919" HPOS="509"/>
<SP HEIGHT="42" WIDTH="38" VPOS="1919" HPOS="627"/>
<String CONTENT="4," HEIGHT="49" WIDTH="37" VPOS="1919" HPOS="666"/>
<SP HEIGHT="48" WIDTH="43" VPOS="1920" HPOS="704"/>
<String CS="1" CONTENT="1926;" HEIGHT="42" WIDTH="104" VPOS="1919" HPOS="748"/>
<SP HEIGHT="51" WIDTH="38" VPOS="1918" HPOS="878"/>
<String CONTENT="2c." HEIGHT="43" WIDTH="64" VPOS="1918" HPOS="917"/>
<SP HEIGHT="28" WIDTH="39" VPOS="1933" HPOS="982"/>
<String CONTENT="and" HEIGHT="42" WIDTH="86" VPOS="1919" HPOS="1022"/>
<SP HEIGHT="42" WIDTH="38" VPOS="1919" HPOS="1109"/>
<String CONTENT="aff." HEIGHT="42" WIDTH="77" VPOS="1919" HPOS="1148"/>
<SP HEIGHT="42" WIDTH="41" VPOS="1919" HPOS="1226"/>
<String CONTENT="Mar." HEIGHT="43" WIDTH="118" VPOS="1919" HPOS="1268"/>
<SP HEIGHT="44" WIDTH="39" VPOS="1918" HPOS="1387"/>
<String CONTENT="6;" HEIGHT="52" WIDTH="47" VPOS="1918" HPOS="1427"/>
<SP HEIGHT="52" WIDTH="41" VPOS="1918" HPOS="1475"/>
<!-- cceid 02173595-6E1B-1014-9B7B-CA07F191E62B --><String CONTENT="A" HEIGHT="43" WIDTH="45" VPOS="1918" HPOS="1517"/>
<SP HEIGHT="43" WIDTH="39" VPOS="1918" HPOS="1563"/>
<String CONTENT="883610;" HEIGHT="52" WIDTH="185" VPOS="1918" HPOS="1603"/>
<SP HEIGHT="51" WIDTH="41" VPOS="1920" HPOS="1789"/>
<String CONTENT="Jacobsen-Hodgkinson-corporation." HEIGHT="108" WIDTH="1917" VPOS="1919" HPOS="487"/>
<SP HEIGHT="53" WIDTH="69" VPOS="1976" HPOS="785"/>
<String CONTENT="(26-13141)" HEIGHT="55" WIDTH="269" VPOS="1974" HPOS="855"/>
</TextLine>
<TextLine HEIGHT="73" WIDTH="975" VPOS="2073" HPOS="418" STYLEREFS="StyleId-F14746A7-50F3-4C41-8143-FA783DFA7846-" LANG="en-US">
<String CONTENT="Halban," HEIGHT="73" WIDTH="265" VPOS="2073" HPOS="418"/>
<SP HEIGHT="72" WIDTH="36" VPOS="2074" HPOS="684"/>
<String CONTENT="Josef," HEIGHT="72" WIDTH="198" VPOS="2073" HPOS="721"/>
<SP HEIGHT="67" WIDTH="36" VPOS="2078" HPOS="920"/>
<String CONTENT="1870-" HEIGHT="55" WIDTH="188" VPOS="2077" HPOS="957"/>
<SP HEIGHT="37" WIDTH="156" VPOS="2094" HPOS="1146"/>
<String CONTENT="ed." HEIGHT="56" WIDTH="90" VPOS="2076" HPOS="1303"/>
</TextLine>
<TextLine HEIGHT="72" WIDTH="1912" VPOS="2166" HPOS="491" STYLEREFS="StyleId-A144FD99-1625-4CBB-B4BA-6C12912C7E79-" CS="1">
<String LANG="fr" CONTENT="Biologie" HEIGHT="72" WIDTH="282" VPOS="2166" HPOS="491"/>
<SP HEIGHT="37" WIDTH="32" VPOS="2185" HPOS="774"/>
<String LANG="de" CONTENT="und" HEIGHT="56" WIDTH="127" VPOS="2167" HPOS="807"/>
<SP HEIGHT="70" WIDTH="28" VPOS="2167" HPOS="935"/>
<String LANG="fr" CONTENT="pathologie" HEIGHT="72" WIDTH="362" VPOS="2166" HPOS="964"/>
<SP HEIGHT="56" WIDTH="35" VPOS="2167" HPOS="1327"/>
<String LANG="fr" CONTENT="des" HEIGHT="56" WIDTH="107" VPOS="2167" HPOS="1363"/>
<SP HEIGHT="36" WIDTH="30" VPOS="2186" HPOS="1471"/>
<String LANG="fr" CS="1" CONTENT="weibes;" HEIGHT="57" WIDTH="226" VPOS="2166" HPOS="1502"/>
<SP HEIGHT="51" WIDTH="38" VPOS="2186" HPOS="1760"/>
<String LANG="de" CONTENT="ein" HEIGHT="56" WIDTH="98" VPOS="2166" HPOS="1799"/>
<SP HEIGHT="54" WIDTH="32" VPOS="2168" HPOS="1898"/>
<String LANG="de" CONTENT="handbuch" HEIGHT="56" WIDTH="328" VPOS="2168" HPOS="1931"/>
<SP HEIGHT="56" WIDTH="33" VPOS="2168" HPOS="2260"/>
<String LANG="de" CONTENT="der" HEIGHT="56" WIDTH="109" VPOS="2168" HPOS="2294"/>
</TextLine>
<TextLine HEIGHT="304" WIDTH="1970" VPOS="2243" HPOS="414" STYLEREFS="StyleId-A144FD99-1625-4CBB-B4BA-6C12912C7E79-" LANG="de" CS="1">
<String CONTENT="frauenheilkunde" HEIGHT="57" WIDTH="557" VPOS="2243" HPOS="416"/>
<SP HEIGHT="37" WIDTH="33" VPOS="2263" HPOS="974"/>
<String CONTENT="und" HEIGHT="55" WIDTH="127" VPOS="2245" HPOS="1008"/>
<SP HEIGHT="70" WIDTH="34" VPOS="2245" HPOS="1136"/>
<String CONTENT="geburtshilfe." HEIGHT="72" WIDTH="433" VPOS="2243" HPOS="1171"/>
<SP HEIGHT="57" WIDTH="70" VPOS="2243" HPOS="1605"/>
<String CONTENT="Unter" HEIGHT="57" WIDTH="203" VPOS="2243" HPOS="1676"/>
<SP HEIGHT="36" WIDTH="32" VPOS="2263" HPOS="1880"/>
<String CONTENT="mitarbeit" HEIGHT="57" WIDTH="321" VPOS="2244" HPOS="1913"/>
<SP HEIGHT="55" WIDTH="32" VPOS="2245" HPOS="2235"/>
<String CONTENT="hervorragender" HEIGHT="147" WIDTH="1970" VPOS="2245" HPOS="414"/>
<SP HEIGHT="55" WIDTH="32" VPOS="2320" HPOS="846"/>
<String CONTENT="fachm&#228;nner" HEIGHT="57" WIDTH="411" VPOS="2320" HPOS="879"/>
<SP HEIGHT="55" WIDTH="31" VPOS="2321" HPOS="1291"/>
<String CONTENT="hrsg." HEIGHT="71" WIDTH="170" VPOS="2321" HPOS="1323"/>
<SP HEIGHT="36" WIDTH="36" VPOS="2340" HPOS="1494"/>
<String CONTENT="von" HEIGHT="37" WIDTH="122" VPOS="2340" HPOS="1531"/>
<SP HEIGHT="52" WIDTH="34" VPOS="2340" HPOS="1654"/>
<String LANG="en-US" CONTENT="prof." HEIGHT="71" WIDTH="165" VPOS="2321" HPOS="1689"/>
<SP HEIGHT="57" WIDTH="42" VPOS="2322" HPOS="1855"/>
<String CONTENT="dr." HEIGHT="57" WIDTH="91" VPOS="2322" HPOS="1898"/>
<SP HEIGHT="57" WIDTH="41" VPOS="2322" HPOS="1990"/>
<String CONTENT="Josef" HEIGHT="58" WIDTH="183" VPOS="2321" HPOS="2032"/>
<SP HEIGHT="57" WIDTH="36" VPOS="2320" HPOS="2216"/>
<String CONTENT="Halban" HEIGHT="134" WIDTH="1965" VPOS="2320" HPOS="417"/>
<SP HEIGHT="39" WIDTH="46" VPOS="2417" HPOS="540"/>
<String CS="1" CONTENT="&#8230;"/>
<SP HEIGHT="38" WIDTH="43" VPOS="2418" HPOS="650"/>
<String CONTENT="und" HEIGHT="55" WIDTH="128" VPOS="2399" HPOS="694"/>
<SP HEIGHT="69" WIDTH="40" VPOS="2399" HPOS="823"/>
<String LANG="en-US" CONTENT="prof." HEIGHT="70" WIDTH="165" VPOS="2398" HPOS="864"/>
<SP HEIGHT="55" WIDTH="46" VPOS="2399" HPOS="1030"/>
<String CONTENT="dr." HEIGHT="55" WIDTH="91" VPOS="2399" HPOS="1077"/>
<SP HEIGHT="55" WIDTH="45" VPOS="2399" HPOS="1169"/>
<String CONTENT="Ludwig" HEIGHT="71" WIDTH="262" VPOS="2398" HPOS="1215"/>
<SP HEIGHT="71" WIDTH="42" VPOS="2398" HPOS="1478"/>
<String LANG="en-US" CONTENT="Seitz" HEIGHT="58" WIDTH="168" VPOS="2398" HPOS="1521"/>
<SP HEIGHT="39" WIDTH="46" VPOS="2418" HPOS="1690"/>
<String CS="1" CONTENT="&#8230;"/>
<SP/>
<String CONTENT="5." HEIGHT="54" WIDTH="49" VPOS="2401" HPOS="1888"/>
<SP HEIGHT="56" WIDTH="42" VPOS="2399" HPOS="1938"/>
<String CONTENT="bd.," HEIGHT="72" WIDTH="118" VPOS="2399" HPOS="1981"/>
<SP HEIGHT="70" WIDTH="44" VPOS="2401" HPOS="2100"/>
<String CONTENT="2." HEIGHT="54" WIDTH="50" VPOS="2401" HPOS="2145"/>
<SP HEIGHT="54" WIDTH="44" VPOS="2402" HPOS="2196"/>
<String CONTENT="t." HEIGHT="54" WIDTH="44" VPOS="2402" HPOS="2241"/>
<SP HEIGHT="13" WIDTH="49" VPOS="2445" HPOS="2286"/>
<String CS="1" CONTENT="&#8230;"/>
<SP/>
<String CONTENT="Berlin," HEIGHT="71" WIDTH="232" VPOS="2475" HPOS="416"/>
<SP HEIGHT="71" WIDTH="30" VPOS="2475" HPOS="649"/>
<String CONTENT="Wien," HEIGHT="72" WIDTH="202" VPOS="2475" HPOS="680"/>
<SP HEIGHT="71" WIDTH="31" VPOS="2476" HPOS="883"/>
<String CONTENT="Urban" HEIGHT="56" WIDTH="220" VPOS="2476" HPOS="915"/>
<SP HEIGHT="56" WIDTH="26" VPOS="2475" HPOS="1136"/>
<String CONTENT="&amp;" HEIGHT="56" WIDTH="48" VPOS="2475" HPOS="1163"/>
<SP HEIGHT="57" WIDTH="31" VPOS="2475" HPOS="1212"/>
<String CONTENT="Schwarzenberg," HEIGHT="72" WIDTH="539" VPOS="2475" HPOS="1244"/>
<SP HEIGHT="70" WIDTH="34" VPOS="2477" HPOS="1784"/>
<String CONTENT="1926." HEIGHT="56" WIDTH="164" VPOS="2477" HPOS="1819"/>
</TextLine>
<TextLine HEIGHT="57" WIDTH="1333" VPOS="2549" HPOS="483" CS="1">
<String LANG="de" CONTENT="viii," HEIGHT="51" WIDTH="91" VPOS="2551" HPOS="483"/>
<SP HEIGHT="29" WIDTH="35" VPOS="2577" HPOS="575"/>
<String LANG="de" CS="1" CONTENT="[675]" HEIGHT="54" WIDTH="93" VPOS="2549" HPOS="624"/>
<String LANG="en-US" CS="1" CONTENT="&#8211;"/>
<String LANG="de" CONTENT="1400" HEIGHT="43" WIDTH="105" VPOS="2551" HPOS="757"/>
<SP HEIGHT="52" WIDTH="32" VPOS="2551" HPOS="863"/>
<String LANG="de" CONTENT="p." HEIGHT="37" WIDTH="38" VPOS="2566" HPOS="896"/>
<SP HEIGHT="42" WIDTH="63" VPOS="2552" HPOS="935"/>
<String LANG="de" CONTENT="illus.," HEIGHT="51" WIDTH="129" VPOS="2552" HPOS="999"/>
<SP HEIGHT="36" WIDTH="32" VPOS="2567" HPOS="1129"/>
<String LANG="en-US" CONTENT="col." HEIGHT="42" WIDTH="82" VPOS="2552" HPOS="1162"/>
<SP HEIGHT="37" WIDTH="32" VPOS="2566" HPOS="1245"/>
<String LANG="en-US" CONTENT="plates," HEIGHT="50" WIDTH="155" VPOS="2553" HPOS="1278"/>
<SP HEIGHT="50" WIDTH="33" VPOS="2553" HPOS="1434"/>
<String LANG="de" CONTENT="diagrs." HEIGHT="52" WIDTH="166" VPOS="2552" HPOS="1468"/>
<SP HEIGHT="42" WIDTH="56" VPOS="2553" HPOS="1635"/>
<String LANG="de" CONTENT="27" HEIGHT="44" WIDTH="55" VPOS="2551" HPOS="1692"/>
<String STYLE="superscript" LANG="de" CONTENT="cm" HEIGHT="18" WIDTH="47" VPOS="2555" HPOS="1754"/>
<String LANG="de" CONTENT="." HEIGHT="8" WIDTH="9" VPOS="2587" HPOS="1807"/>
</TextLine>
<TextLine HEIGHT="113" WIDTH="1966" VPOS="2605" HPOS="414" LANG="de" CS="1">
<String CONTENT="&#169;" HEIGHT="54" WIDTH="54" VPOS="2605" HPOS="414"/>
<SP HEIGHT="54" WIDTH="26" VPOS="2605" HPOS="469"/>
<String LANG="en-US" CONTENT="Dec." HEIGHT="42" WIDTH="105" VPOS="2609" HPOS="496"/>
<SP HEIGHT="41" WIDTH="26" VPOS="2610" HPOS="602"/>
<String CONTENT="31," HEIGHT="50" WIDTH="64" VPOS="2610" HPOS="629"/>
<SP HEIGHT="51" WIDTH="30" VPOS="2609" HPOS="694"/>
<String CONTENT="1925;" HEIGHT="53" WIDTH="129" VPOS="2606" HPOS="725"/>
<SP/>
<String CS="1" CONTENT="1c."/>
<SP/>
<String LANG="en-US" CONTENT="July" HEIGHT="52" WIDTH="105" VPOS="2608" HPOS="972"/>
<SP HEIGHT="52" WIDTH="26" VPOS="2608" HPOS="1078"/>
<String CONTENT="7," HEIGHT="52" WIDTH="37" VPOS="2608" HPOS="1105"/>
<SP HEIGHT="50" WIDTH="29" VPOS="2610" HPOS="1143"/>
<String CONTENT="1926;" HEIGHT="52" WIDTH="129" VPOS="2608" HPOS="1173"/>
<SP HEIGHT="51" WIDTH="28" VPOS="2609" HPOS="1303"/>
<!-- cceid 02178A07-6E1B-1014-9B7B-CA07F191E62B --><String LANG="en-US" CONTENT="A" HEIGHT="42" WIDTH="44" VPOS="2609" HPOS="1332"/>
<String CONTENT="&#8212;Foreign" HEIGHT="53" WIDTH="258" VPOS="2608" HPOS="1376"/>
<SP HEIGHT="42" WIDTH="24" VPOS="2610" HPOS="1635"/>
<String CONTENT="31581;" HEIGHT="52" WIDTH="161" VPOS="2609" HPOS="1660"/>
<SP HEIGHT="51" WIDTH="30" VPOS="2610" HPOS="1822"/>
<String CONTENT="Urban" HEIGHT="43" WIDTH="161" VPOS="2610" HPOS="1853"/>
<SP HEIGHT="43" WIDTH="25" VPOS="2610" HPOS="2015"/>
<String CONTENT="&amp;" HEIGHT="43" WIDTH="37" VPOS="2610" HPOS="2041"/>
<SP HEIGHT="46" WIDTH="29" VPOS="2608" HPOS="2079"/>
<String CONTENT="Schwarzenberg." HEIGHT="110" WIDTH="1895" VPOS="2608" HPOS="485"/>
</TextLine>
<TextLine HEIGHT="73" WIDTH="1043" VPOS="2763" HPOS="414" STYLEREFS="StyleId-A144FD99-1625-4CBB-B4BA-6C12912C7E79-" LANG="de">
<String CONTENT="Hamor," HEIGHT="73" WIDTH="252" VPOS="2763" HPOS="414"/>
<SP HEIGHT="71" WIDTH="38" VPOS="2765" HPOS="667"/>
<String CONTENT="William" HEIGHT="60" WIDTH="280" VPOS="2764" HPOS="706"/>
<SP HEIGHT="58" WIDTH="35" VPOS="2764" HPOS="987"/>
<String CONTENT="Allen," HEIGHT="69" WIDTH="200" VPOS="2764" HPOS="1023"/>
<SP HEIGHT="64" WIDTH="44" VPOS="2769" HPOS="1224"/>
<String CONTENT="1887-" HEIGHT="55" WIDTH="188" VPOS="2769" HPOS="1269"/>
</TextLine>
<TextLine HEIGHT="74" WIDTH="1908" VPOS="2855" HPOS="491" STYLEREFS="StyleId-A144FD99-1625-4CBB-B4BA-6C12912C7E79-" LANG="en-US">
<String LANG="de" CONTENT="A" HEIGHT="57" WIDTH="58" VPOS="2855" HPOS="491"/>
<SP HEIGHT="59" WIDTH="31" VPOS="2855" HPOS="550"/>
<String CONTENT="series" HEIGHT="60" WIDTH="195" VPOS="2855" HPOS="582"/>
<SP HEIGHT="38" WIDTH="34" VPOS="2877" HPOS="778"/>
<String CONTENT="of" HEIGHT="57" WIDTH="66" VPOS="2857" HPOS="813"/>
<SP HEIGHT="56" WIDTH="33" VPOS="2857" HPOS="880"/>
<String CONTENT="eleven" HEIGHT="55" WIDTH="211" VPOS="2859" HPOS="914"/>
<SP HEIGHT="37" WIDTH="33" VPOS="2875" HPOS="1126"/>
<String CONTENT="radio" HEIGHT="59" WIDTH="177" VPOS="2856" HPOS="1160"/>
<SP HEIGHT="55" WIDTH="35" VPOS="2860" HPOS="1338"/>
<String CONTENT="talks" HEIGHT="58" WIDTH="163" VPOS="2857" HPOS="1374"/>
<SP HEIGHT="38" WIDTH="31" VPOS="2877" HPOS="1538"/>
<String CONTENT="on" HEIGHT="38" WIDTH="79" VPOS="2877" HPOS="1570"/>
<SP HEIGHT="59" WIDTH="33" VPOS="2857" HPOS="1650"/>
<String CONTENT="Science" HEIGHT="61" WIDTH="252" VPOS="2855" HPOS="1684"/>
<SP HEIGHT="57" WIDTH="30" VPOS="2858" HPOS="1937"/>
<String CONTENT="in" HEIGHT="57" WIDTH="66" VPOS="2858" HPOS="1968"/>
<SP HEIGHT="55" WIDTH="30" VPOS="2860" HPOS="2035"/>
<String CONTENT="the" HEIGHT="59" WIDTH="105" VPOS="2857" HPOS="2066"/>
<SP HEIGHT="58" WIDTH="29" VPOS="2858" HPOS="2172"/>
<String CONTENT="home," HEIGHT="71" WIDTH="197" VPOS="2858" HPOS="2202"/>
</TextLine>
<TextLine HEIGHT="76" WIDTH="1988" VPOS="2934" HPOS="416" STYLEREFS="StyleId-A144FD99-1625-4CBB-B4BA-6C12912C7E79-" LANG="en-US" CS="1">
<String CONTENT="by" HEIGHT="71" WIDTH="83" VPOS="2935" HPOS="416"/>
<SP HEIGHT="72" WIDTH="23" VPOS="2934" HPOS="500"/>
<String CONTENT="W." HEIGHT="58" WIDTH="94" VPOS="2934" HPOS="524"/>
<SP HEIGHT="57" WIDTH="28" VPOS="2934" HPOS="619"/>
<String CONTENT="A." HEIGHT="57" WIDTH="75" VPOS="2934" HPOS="648"/>
<SP HEIGHT="57" WIDTH="27" VPOS="2934" HPOS="724"/>
<String CONTENT="Hamor" HEIGHT="57" WIDTH="242" VPOS="2934" HPOS="752"/>
<SP HEIGHT="36" WIDTH="31" VPOS="2955" HPOS="995"/>
<String CS="1" CONTENT="&#8230;"/>
<SP HEIGHT="58" WIDTH="31" VPOS="2934" HPOS="1089"/>
<String CONTENT="E." HEIGHT="57" WIDTH="72" VPOS="2934" HPOS="1121"/>
<SP HEIGHT="56" WIDTH="31" VPOS="2935" HPOS="1194"/>
<String CS="1" CONTENT="R." HEIGHT="10" WIDTH="10" VPOS="2981" HPOS="1288"/>
<SP HEIGHT="56" WIDTH="29" VPOS="2935" HPOS="1299"/>
<String CONTENT="Harding" HEIGHT="74" WIDTH="294" VPOS="2934" HPOS="1329"/>
<SP HEIGHT="53" WIDTH="28" VPOS="2955" HPOS="1624"/>
<String CS="1" CONTENT="&#8230;"/>
<SP HEIGHT="56" WIDTH="32" VPOS="2936" HPOS="1716"/>
<String CS="1" CONTENT="R"/>
<String LANG="fr" CONTENT="." HEIGHT="10" WIDTH="10" VPOS="2983" HPOS="1811"/>
<SP HEIGHT="57" WIDTH="28" VPOS="2936" HPOS="1822"/>
<String CONTENT="E." HEIGHT="57" WIDTH="73" VPOS="2936" HPOS="1851"/>
<SP HEIGHT="58" WIDTH="26" VPOS="2935" HPOS="1925"/>
<String CONTENT="Irvin" HEIGHT="57" WIDTH="178" VPOS="2935" HPOS="1952"/>
<SP HEIGHT="39" WIDTH="31" VPOS="2954" HPOS="2131"/>
<String CS="1" CONTENT="&#8230;"/>
<SP HEIGHT="44" WIDTH="34" VPOS="2966" HPOS="2227"/>
<String CONTENT="[and" HEIGHT="73" WIDTH="142" VPOS="2937" HPOS="2262"/>
</TextLine>
<TextLine HEIGHT="74" WIDTH="905" VPOS="3012" HPOS="415" STYLEREFS="StyleId-A144FD99-1625-4CBB-B4BA-6C12912C7E79-" LANG="en-US">
<String CONTENT="others]" HEIGHT="72" WIDTH="227" VPOS="3013" HPOS="415"/>
<SP HEIGHT="44" WIDTH="72" VPOS="3042" HPOS="643"/>
<String CONTENT="[Pittsburgh]" HEIGHT="74" WIDTH="405" VPOS="3012" HPOS="716"/>
<SP HEIGHT="68" WIDTH="32" VPOS="3017" HPOS="1122"/>
<String CONTENT="1926." HEIGHT="56" WIDTH="165" VPOS="3014" HPOS="1155"/>
</TextLine>
<TextLine HEIGHT="54" WIDTH="1770" VPOS="3091" HPOS="486" LANG="en-US">
<String CONTENT="83" HEIGHT="43" WIDTH="53" VPOS="3093" HPOS="486"/>
<SP HEIGHT="52" WIDTH="25" VPOS="3093" HPOS="540"/>
<String CONTENT="p." HEIGHT="37" WIDTH="40" VPOS="3108" HPOS="566"/>
<SP HEIGHT="43" WIDTH="58" VPOS="3093" HPOS="607"/>
<String CONTENT="24" HEIGHT="43" WIDTH="54" VPOS="3093" HPOS="666"/>
<String STYLE="superscript" CONTENT="cm" HEIGHT="17" WIDTH="47" VPOS="3095" HPOS="726"/>
<String CONTENT="." HEIGHT="8" WIDTH="8" VPOS="3128" HPOS="779"/>
<SP HEIGHT="52" WIDTH="67" VPOS="3092" HPOS="788"/>
<String CONTENT="(University" HEIGHT="52" WIDTH="292" VPOS="3092" HPOS="856"/>
<SP HEIGHT="36" WIDTH="25" VPOS="3108" HPOS="1149"/>
<String CONTENT="of" HEIGHT="45" WIDTH="50" VPOS="3092" HPOS="1175"/>
<SP HEIGHT="42" WIDTH="29" VPOS="3092" HPOS="1226"/>
<String CONTENT="Pittsburgh." HEIGHT="52" WIDTH="283" VPOS="3092" HPOS="1256"/>
<SP HEIGHT="41" WIDTH="59" VPOS="3093" HPOS="1540"/>
<String CONTENT="Radio" HEIGHT="45" WIDTH="144" VPOS="3091" HPOS="1600"/>
<SP HEIGHT="37" WIDTH="28" VPOS="3108" HPOS="1745"/>
<String CONTENT="publication" HEIGHT="54" WIDTH="273" VPOS="3091" HPOS="1774"/>
<SP HEIGHT="28" WIDTH="26" VPOS="3107" HPOS="2048"/>
<String CONTENT="no." HEIGHT="30" WIDTH="72" VPOS="3107" HPOS="2075"/>
<SP HEIGHT="43" WIDTH="28" VPOS="3094" HPOS="2148"/>
<String CONTENT="23)" HEIGHT="53" WIDTH="79" VPOS="3092" HPOS="2177"/>
</TextLine>
<TextLine HEIGHT="110" WIDTH="1968" VPOS="3148" HPOS="414" LANG="en-US" CS="1">
<String CONTENT="&#8220;Broadcast" HEIGHT="44" WIDTH="277" VPOS="3149" HPOS="489"/>
<SP HEIGHT="45" WIDTH="22" VPOS="3148" HPOS="767"/>
<String CONTENT="from" HEIGHT="44" WIDTH="121" VPOS="3148" HPOS="790"/>
<SP HEIGHT="34" WIDTH="20" VPOS="3157" HPOS="912"/>
<String CONTENT="the" HEIGHT="44" WIDTH="73" VPOS="3148" HPOS="933"/>
<SP HEIGHT="44" WIDTH="25" VPOS="3148" HPOS="1007"/>
<String CONTENT="University" HEIGHT="53" WIDTH="267" VPOS="3148" HPOS="1033"/>
<SP HEIGHT="36" WIDTH="22" VPOS="3165" HPOS="1301"/>
<String CONTENT="of" HEIGHT="44" WIDTH="51" VPOS="3148" HPOS="1324"/>
<SP HEIGHT="42" WIDTH="23" VPOS="3148" HPOS="1376"/>
<String CONTENT="Pittsburgh" HEIGHT="52" WIDTH="267" VPOS="3149" HPOS="1400"/>
<SP HEIGHT="45" WIDTH="26" VPOS="3149" HPOS="1668"/>
<String CONTENT="studio" HEIGHT="44" WIDTH="149" VPOS="3150" HPOS="1695"/>
<SP HEIGHT="27" WIDTH="21" VPOS="3165" HPOS="1845"/>
<String CONTENT="of" HEIGHT="43" WIDTH="50" VPOS="3149" HPOS="1867"/>
<SP HEIGHT="43" WIDTH="23" VPOS="3148" HPOS="1918"/>
<String CONTENT="KDKA," HEIGHT="54" WIDTH="202" VPOS="3148" HPOS="1942"/>
<SP HEIGHT="53" WIDTH="24" VPOS="3149" HPOS="2145"/>
<String CONTENT="Westinghouse" HEIGHT="100" WIDTH="1968" VPOS="3149" HPOS="414"/>
<SP HEIGHT="29" WIDTH="31" VPOS="3221" HPOS="553"/>
<String CONTENT="electric" HEIGHT="45" WIDTH="179" VPOS="3205" HPOS="585"/>
<SP HEIGHT="43" WIDTH="32" VPOS="3206" HPOS="765"/>
<String CONTENT="&amp;" HEIGHT="43" WIDTH="40" VPOS="3206" HPOS="798"/>
<SP HEIGHT="43" WIDTH="27" VPOS="3206" HPOS="839"/>
<String CONTENT="manufacturing" HEIGHT="51" WIDTH="369" VPOS="3205" HPOS="867"/>
<SP HEIGHT="36" WIDTH="32" VPOS="3220" HPOS="1237"/>
<String CONTENT="company," HEIGHT="37" WIDTH="233" VPOS="3220" HPOS="1270"/>
<SP HEIGHT="49" WIDTH="35" VPOS="3206" HPOS="1504"/>
<String CONTENT="Pittsburgh," HEIGHT="51" WIDTH="280" VPOS="3205" HPOS="1540"/>
<SP HEIGHT="47" WIDTH="37" VPOS="3206" HPOS="1821"/>
<String CONTENT="Pennsylvania.&#8221;" HEIGHT="53" WIDTH="369" VPOS="3205" HPOS="1859"/>
</TextLine>
<TextLine HEIGHT="55" WIDTH="1988" VPOS="3258" HPOS="414" LANG="en-US">
<String CONTENT="&#169;" HEIGHT="54" WIDTH="54" VPOS="3258" HPOS="414"/>
<SP HEIGHT="54" WIDTH="25" VPOS="3258" HPOS="469"/>
<String CONTENT="June" HEIGHT="51" WIDTH="114" VPOS="3261" HPOS="495"/>
<SP HEIGHT="42" WIDTH="27" VPOS="3261" HPOS="610"/>
<String CONTENT="15," HEIGHT="53" WIDTH="61" VPOS="3258" HPOS="638"/>
<SP HEIGHT="50" WIDTH="32" VPOS="3261" HPOS="700"/>
<String CONTENT="1926;" HEIGHT="52" WIDTH="128" VPOS="3259" HPOS="733"/>
<SP HEIGHT="51" WIDTH="27" VPOS="3260" HPOS="862"/>
<String CONTENT="2c." HEIGHT="43" WIDTH="64" VPOS="3260" HPOS="890"/>
<SP HEIGHT="27" WIDTH="25" VPOS="3275" HPOS="955"/>
<String CONTENT="and" HEIGHT="42" WIDTH="88" VPOS="3261" HPOS="981"/>
<SP HEIGHT="42" WIDTH="27" VPOS="3261" HPOS="1070"/>
<String CONTENT="aff." HEIGHT="41" WIDTH="78" VPOS="3261" HPOS="1098"/>
<SP HEIGHT="51" WIDTH="27" VPOS="3261" HPOS="1177"/>
<String CONTENT="June" HEIGHT="51" WIDTH="116" VPOS="3261" HPOS="1205"/>
<SP HEIGHT="44" WIDTH="24" VPOS="3259" HPOS="1322"/>
<String CONTENT="24;" HEIGHT="52" WIDTH="76" VPOS="3259" HPOS="1347"/>
<SP HEIGHT="51" WIDTH="29" VPOS="3260" HPOS="1424"/>
<!-- cceid 0217ED0D-6E1B-1014-9B7B-CA07F191E62B --><String CONTENT="A" HEIGHT="42" WIDTH="44" VPOS="3260" HPOS="1454"/>
<SP HEIGHT="43" WIDTH="27" VPOS="3260" HPOS="1499"/>
<String CONTENT="897231;" HEIGHT="52" WIDTH="187" VPOS="3260" HPOS="1527"/>
<SP HEIGHT="50" WIDTH="31" VPOS="3262" HPOS="1715"/>
<String CONTENT="University" HEIGHT="53" WIDTH="267" VPOS="3260" HPOS="1747"/>
<SP HEIGHT="37" WIDTH="26" VPOS="3276" HPOS="2015"/>
<String CONTENT="of." HEIGHT="44" WIDTH="59" VPOS="3260" HPOS="2042"/>
<SP HEIGHT="41" WIDTH="17" VPOS="3262" HPOS="2102"/>
<String CONTENT="Pittsburgh," HEIGHT="52" WIDTH="282" VPOS="3259" HPOS="2120"/>
</TextLine>
<TextLine HEIGHT="55" WIDTH="617" VPOS="3316" HPOS="487" LANG="en-US">
<String CONTENT="Pittsburgh." HEIGHT="53" WIDTH="278" VPOS="3316" HPOS="487"/>
<SP HEIGHT="53" WIDTH="69" VPOS="3318" HPOS="766"/>
<String CONTENT="(26-13030)" HEIGHT="55" WIDTH="268" VPOS="3316" HPOS="836"/>
</TextLine>
<TextLine HEIGHT="72" WIDTH="1201" VPOS="3414" HPOS="412" STYLEREFS="StyleId-F14746A7-50F3-4C41-8143-FA783DFA7846-" LANG="en-US">
<String CONTENT="Harris," HEIGHT="72" WIDTH="243" VPOS="3414" HPOS="412"/>
<SP HEIGHT="70" WIDTH="46" VPOS="3416" HPOS="656"/>
<String CONTENT="John" HEIGHT="58" WIDTH="168" VPOS="3415" HPOS="703"/>
<SP HEIGHT="57" WIDTH="42" VPOS="3415" HPOS="872"/>
<String CONTENT="Howard," HEIGHT="69" WIDTH="292" VPOS="3415" HPOS="915"/>
<SP HEIGHT="64" WIDTH="48" VPOS="3420" HPOS="1208"/>
<String CONTENT="1847-1925." HEIGHT="57" WIDTH="356" VPOS="3418" HPOS="1257"/>
</TextLine>
<TextLine HEIGHT="229" WIDTH="1989" VPOS="3505" HPOS="415" STYLEREFS="StyleId-A144FD99-1625-4CBB-B4BA-6C12912C7E79-" LANG="en-US" CS="1">
<String CONTENT="Thirty" HEIGHT="72" WIDTH="227" VPOS="3506" HPOS="491"/>
<SP HEIGHT="53" WIDTH="22" VPOS="3525" HPOS="719"/>
<String CONTENT="years" HEIGHT="52" WIDTH="185" VPOS="3525" HPOS="742"/>
<SP HEIGHT="41" WIDTH="27" VPOS="3527" HPOS="928"/>
<String CONTENT="as" HEIGHT="42" WIDTH="68" VPOS="3526" HPOS="956"/>
<SP HEIGHT="52" WIDTH="26" VPOS="3526" HPOS="1025"/>
<String CONTENT="president" HEIGHT="72" WIDTH="324" VPOS="3506" HPOS="1052"/>
<SP HEIGHT="54" WIDTH="26" VPOS="3510" HPOS="1377"/>
<String CONTENT="of" HEIGHT="57" WIDTH="67" VPOS="3507" HPOS="1404"/>
<SP HEIGHT="56" WIDTH="24" VPOS="3507" HPOS="1472"/>
<String LANG="fr" CS="1" CONTENT="Bucknell," HEIGHT="72" WIDTH="313" VPOS="3507" HPOS="1497"/>
<SP HEIGHT="52" WIDTH="25" VPOS="3527" HPOS="1811"/>
<String CONTENT="with" HEIGHT="58" WIDTH="152" VPOS="3505" HPOS="1837"/>
<SP HEIGHT="57" WIDTH="23" VPOS="3507" HPOS="1990"/>
<String CONTENT="baccalaureate" HEIGHT="138" WIDTH="1965" VPOS="3506" HPOS="415"/>
<SP HEIGHT="38" WIDTH="28" VPOS="3606" HPOS="516"/>
<String CONTENT="and" HEIGHT="57" WIDTH="122" VPOS="3585" HPOS="545"/>
<SP HEIGHT="57" WIDTH="24" VPOS="3585" HPOS="668"/>
<String CONTENT="other" HEIGHT="57" WIDTH="177" VPOS="3585" HPOS="693"/>
<SP HEIGHT="37" WIDTH="28" VPOS="3604" HPOS="871"/>
<String CONTENT="addresses," HEIGHT="72" WIDTH="349" VPOS="3585" HPOS="900"/>
<SP HEIGHT="72" WIDTH="26" VPOS="3585" HPOS="1250"/>
<String CONTENT="by" HEIGHT="70" WIDTH="84" VPOS="3585" HPOS="1277"/>
<SP HEIGHT="70" WIDTH="23" VPOS="3585" HPOS="1362"/>
<String CONTENT="John" HEIGHT="57" WIDTH="168" VPOS="3585" HPOS="1386"/>
<SP HEIGHT="56" WIDTH="25" VPOS="3584" HPOS="1555"/>
<String CONTENT="Howard" HEIGHT="57" WIDTH="277" VPOS="3584" HPOS="1581"/>
<SP HEIGHT="56" WIDTH="27" VPOS="3585" HPOS="1859"/>
<String CONTENT="Harris" HEIGHT="59" WIDTH="231" VPOS="3583" HPOS="1887"/>
<SP HEIGHT="40" WIDTH="31" VPOS="3603" HPOS="2119"/>
<String CS="1" CONTENT="&#8230;"/>
<SP HEIGHT="39" WIDTH="35" VPOS="3604" HPOS="2213"/>
<String CONTENT="compiled" HEIGHT="132" WIDTH="1966" VPOS="3602" HPOS="415"/>
<SP HEIGHT="56" WIDTH="41" VPOS="3664" HPOS="584"/>
<String CONTENT="and" HEIGHT="57" WIDTH="124" VPOS="3663" HPOS="626"/>
<SP HEIGHT="57" WIDTH="39" VPOS="3663" HPOS="751"/>
<String CONTENT="arranged" HEIGHT="71" WIDTH="314" VPOS="3663" HPOS="791"/>
<SP HEIGHT="60" WIDTH="38" VPOS="3660" HPOS="1106"/>
<String CONTENT="by" HEIGHT="74" WIDTH="84" VPOS="3660" HPOS="1145"/>
<SP HEIGHT="72" WIDTH="41" VPOS="3662" HPOS="1230"/>
<String CONTENT="Mary" HEIGHT="69" WIDTH="188" VPOS="3662" HPOS="1272"/>
<SP HEIGHT="68" WIDTH="39" VPOS="3663" HPOS="1461"/>
<String CONTENT="B." HEIGHT="55" WIDTH="69" VPOS="3663" HPOS="1501"/>
<SP HEIGHT="56" WIDTH="45" VPOS="3662" HPOS="1571"/>
<String CONTENT="Harris." HEIGHT="57" WIDTH="248" VPOS="3661" HPOS="1617"/>
<SP HEIGHT="43" WIDTH="87" VPOS="3691" HPOS="1866"/>
<String CONTENT="[Washington," HEIGHT="74" WIDTH="450" VPOS="3660" HPOS="1954"/>
</TextLine>
<TextLine HEIGHT="77" WIDTH="1983" VPOS="3739" HPOS="415" STYLEREFS="StyleId-A144FD99-1625-4CBB-B4BA-6C12912C7E79-" LANG="en-US" CS="1">
<String CONTENT="D." HEIGHT="60" WIDTH="73" VPOS="3743" HPOS="415"/>
<SP HEIGHT="62" WIDTH="29" VPOS="3741" HPOS="489"/>
<String CONTENT="C.]" HEIGHT="74" WIDTH="82" VPOS="3741" HPOS="519"/>
<SP HEIGHT="74" WIDTH="25" VPOS="3741" HPOS="602"/>
<String CONTENT="Priv." HEIGHT="61" WIDTH="170" VPOS="3739" HPOS="628"/>
<SP HEIGHT="54" WIDTH="25" VPOS="3761" HPOS="799"/>
<String CONTENT="print." HEIGHT="74" WIDTH="190" VPOS="3741" HPOS="825"/>
<SP HEIGHT="44" WIDTH="28" VPOS="3772" HPOS="1016"/>
<String CONTENT="[Press" HEIGHT="75" WIDTH="208" VPOS="3741" HPOS="1045"/>
<SP HEIGHT="40" WIDTH="27" VPOS="3761" HPOS="1254"/>
<String CONTENT="of" HEIGHT="58" WIDTH="67" VPOS="3743" HPOS="1282"/>
<SP HEIGHT="60" WIDTH="21" VPOS="3740" HPOS="1350"/>
<String CONTENT="W." HEIGHT="59" WIDTH="96" VPOS="3740" HPOS="1372"/>
<SP HEIGHT="56" WIDTH="24" VPOS="3742" HPOS="1469"/>
<String CONTENT="P." HEIGHT="57" WIDTH="70" VPOS="3742" HPOS="1494"/>
<SP HEIGHT="57" WIDTH="26" VPOS="3742" HPOS="1565"/>
<String CS="1" CONTENT="Roberts" HEIGHT="60" WIDTH="208" VPOS="3741" HPOS="1652"/>
<SP HEIGHT="41" WIDTH="26" VPOS="3760" HPOS="1861"/>
<String CONTENT="company]" HEIGHT="55" WIDTH="318" VPOS="3758" HPOS="1888"/>
<SP HEIGHT="69" WIDTH="27" VPOS="3744" HPOS="2207"/>
<String CONTENT="1926." HEIGHT="59" WIDTH="163" VPOS="3739" HPOS="2235"/>
</TextLine>
<TextLine HEIGHT="56" WIDTH="1210" VPOS="3816" HPOS="484" LANG="en-US" CS="1">
<String CONTENT="2" HEIGHT="41" WIDTH="25" VPOS="3821" HPOS="484"/>
<SP/>
<String CONTENT="p." HEIGHT="38" WIDTH="38" VPOS="3834" HPOS="537"/>
<SP HEIGHT="42" WIDTH="26" VPOS="3820" HPOS="576"/>
<String CS="1" CONTENT="l.," HEIGHT="15" WIDTH="22" VPOS="3853" HPOS="621"/>
<SP HEIGHT="50" WIDTH="26" VPOS="3818" HPOS="644"/>
<String CONTENT="iii-xlii," HEIGHT="55" WIDTH="171" VPOS="3816" HPOS="671"/>
<SP HEIGHT="54" WIDTH="27" VPOS="3817" HPOS="843"/>
<String CONTENT="544," HEIGHT="52" WIDTH="93" VPOS="3817" HPOS="871"/>
<SP HEIGHT="35" WIDTH="29" VPOS="3834" HPOS="965"/>
<String CONTENT="[1]" HEIGHT="45" WIDTH="52" VPOS="3819" HPOS="995"/>
<SP HEIGHT="38" WIDTH="27" VPOS="3832" HPOS="1048"/>
<String CONTENT="p." HEIGHT="38" WIDTH="39" VPOS="3832" HPOS="1076"/>
<SP HEIGHT="42" WIDTH="55" VPOS="3817" HPOS="1116"/>
<String CONTENT="front.," HEIGHT="52" WIDTH="151" VPOS="3817" HPOS="1172"/>
<SP HEIGHT="37" WIDTH="27" VPOS="3832" HPOS="1324"/>
<String CONTENT="ports." HEIGHT="45" WIDTH="137" VPOS="3824" HPOS="1352"/>
<SP HEIGHT="46" WIDTH="55" VPOS="3819" HPOS="1490"/>
<String CS="1" CONTENT="23&#189;c" HEIGHT="42" WIDTH="52" VPOS="3818" HPOS="1546"/>
<String STYLE="superscript" CONTENT="m" HEIGHT="17" WIDTH="29" VPOS="3819" HPOS="1650"/>
<String CONTENT="." HEIGHT="8" WIDTH="9" VPOS="3851" HPOS="1685"/>
</TextLine>
<TextLine HEIGHT="57" WIDTH="1983" VPOS="3870" HPOS="416" LANG="en-US">
<String CONTENT="&#169;" HEIGHT="53" WIDTH="52" VPOS="3874" HPOS="416"/>
<SP HEIGHT="53" WIDTH="20" VPOS="3874" HPOS="469"/>
<String CONTENT="June" HEIGHT="51" WIDTH="115" VPOS="3876" HPOS="490"/>
<SP HEIGHT="42" WIDTH="22" VPOS="3877" HPOS="606"/>
<String CONTENT="15," HEIGHT="54" WIDTH="63" VPOS="3873" HPOS="629"/>
<SP HEIGHT="51" WIDTH="24" VPOS="3876" HPOS="693"/>
<String CONTENT="1926;" HEIGHT="52" WIDTH="129" VPOS="3875" HPOS="718"/>
<SP HEIGHT="52" WIDTH="23" VPOS="3875" HPOS="848"/>
<String CONTENT="2c." HEIGHT="43" WIDTH="65" VPOS="3875" HPOS="872"/>
<SP HEIGHT="28" WIDTH="22" VPOS="3890" HPOS="938"/>
<String CONTENT="and" HEIGHT="43" WIDTH="87" VPOS="3875" HPOS="961"/>
<SP HEIGHT="43" WIDTH="22" VPOS="3875" HPOS="1049"/>
<String CONTENT="aff." HEIGHT="43" WIDTH="77" VPOS="3875" HPOS="1072"/>
<SP HEIGHT="51" WIDTH="23" VPOS="3876" HPOS="1150"/>
<String CONTENT="June" HEIGHT="51" WIDTH="115" VPOS="3876" HPOS="1174"/>
<SP HEIGHT="42" WIDTH="19" VPOS="3875" HPOS="1290"/>
<String CONTENT="26;" HEIGHT="53" WIDTH="77" VPOS="3874" HPOS="1310"/>
<SP HEIGHT="53" WIDTH="26" VPOS="3874" HPOS="1388"/>
<!-- cceid 021842EC-6E1B-1014-9B7B-CA07F191E62B --><String CONTENT="A" HEIGHT="42" WIDTH="44" VPOS="3874" HPOS="1415"/>
<SP HEIGHT="42" WIDTH="22" VPOS="3874" HPOS="1460"/>
<String CONTENT="897248;" HEIGHT="53" WIDTH="187" VPOS="3872" HPOS="1483"/>
<SP HEIGHT="52" WIDTH="27" VPOS="3873" HPOS="1671"/>
<String CONTENT="Mrs." HEIGHT="43" WIDTH="112" VPOS="3873" HPOS="1699"/>
<SP HEIGHT="51" WIDTH="26" VPOS="3875" HPOS="1812"/>
<String CONTENT="John" HEIGHT="53" WIDTH="121" VPOS="3873" HPOS="1839"/>
<SP HEIGHT="42" WIDTH="23" VPOS="3874" HPOS="1961"/>
<String CONTENT="Howard" HEIGHT="43" WIDTH="207" VPOS="3873" HPOS="1985"/>
<SP HEIGHT="43" WIDTH="23" VPOS="3873" HPOS="2193"/>
<String CONTENT="Harris," HEIGHT="55" WIDTH="182" VPOS="3870" HPOS="2217"/>
</TextLine>
<TextLine HEIGHT="57" WIDTH="683" VPOS="3929" HPOS="488" LANG="en-US">
<String CONTENT="Scranton," HEIGHT="52" WIDTH="232" VPOS="3930" HPOS="488"/>
<SP HEIGHT="49" WIDTH="32" VPOS="3933" HPOS="721"/>
<String CONTENT="Pa." HEIGHT="41" WIDTH="78" VPOS="3933" HPOS="754"/>
<SP HEIGHT="54" WIDTH="68" VPOS="3932" HPOS="833"/>
<String CONTENT="(26-13058)" HEIGHT="57" WIDTH="269" VPOS="3929" HPOS="902"/>
</TextLine>
</TextBlock>
</PrintSpace>
</Page>
</Layout>
</alto>