2542 4285
1344 3946 116 58 940

393 316 92 57 De
518 316 244 71 Teresa,
797 315 247 58 Ysabel.

475 407 127 58 The
643 406 233 58 erratic
911 405 198 72 flame,
1147 408 83 69 by
1265 407 233 58 Ysabel
1534 407 93 58 De
1666 408 265 69 Teresa;
1969 408 410 72 frontispiece,

394 486 83 71 by
509 485 255 58 Simkha
794 483 442 60 Simkhovitch.
1305 484 151 58 New
1483 484 189 75 York,
1704 485 131 58 The
1864 485 333 73 Macaulay
395 503 1962 132 company

606 593 13 43 [
620 571 20 22 c
644 563 164 72 1926]

461 655 911 53 vi p., 1 l., 9-318 p. front. 19½c m .
392 721 53 53 ©
475 722 120 53 Aug.
630 723 63 50 10,
726 723 131 51 1926;
891 724 64 42 2c.
987 721 91 44 and
1108 722 79 46 aff.
1219 723 120 53 Aug.
1371 722 78 52 25;
1483 723 45 42 A
1558 722 189 52 897950;
1785 722 246 54 Macaulay
2065 737 66 29 co.

472 778 269 54 (26-15190)

396 879 198 74 Eddy,
632 879 195 58 Hilah
859 879 225 73 Violet,
1119 882 190 57 1886-

395 970 1972 146 The Lull book … compiled by Hilah Violet Eddy. Detroit,
609 1049 205 62 Mich.,
854 1049 165 57 1926.

465 1140 55 44 84
548 1156 40 38 p.
648 1140 118 44 illus.
829 1141 50 44 19
886 1142 47 18 cm
939 1174 9 9 .

390 1207 56 54 ©
474 1209 120 53 Aug.
627 1210 63 51 11,
722 1210 129 50 1926;
882 1212 64 42 2c.
976 1211 93 42 and
1098 1209 78 46 aff.
1208 1209 120 53 Aug.
1363 1210 74 51 16;
1471 1210 45 42 A
1545 1209 188 52 904579;
1770 1210 61 43 H.
1864 1209 58 44 V.
1955 1208 147 55 Eddy,
2134 1209 200 45 Detroit.

472 1265 269 55 (26-15195)

396 1364 236 73 Elwell,
674 1365 322 58 Ambrose.

473 1457 196 58 Down
698 1456 187 74 river,
913 1459 85 71 by
1024 1459 308 58 Ambrose
1363 1458 236 58 Elwell.
1678 1457 259 73 Boston,
1971 1458 212 72 Small,
395 1458 1972 137 Maynard

587 1536 48 58 &
666 1552 308 55 company
1004 1565 13 43 [
1020 1544 17 21 c
1041 1536 165 72 1926]

469 1625 60 50 ix,
555 1625 82 46 214
665 1639 41 35 p.
907 1659 9 9 19½cm.

393 1675 55 53 ©
477 1677 119 53 Aug.
625 1677 66 52 25,
723 1678 129 49 1926;
884 1678 64 42 2c.
977 1677 121 52 Aug.
1128 1678 78 51 28;
1238 1677 78 43 aff.
1346 1678 120 51 Aug.
1496 1678 77 50 27;
1605 1678 44 41 A
1676 1678 191 50 897991;
1904 1676 158 53 Small,
2094 1677 231 53 Maynard
2355 1678 39 44 &

465 1746 79 39 co.,
574 1733 85 43 inc.
729 1720 271 66 (26-15135)

399 1832 235 73 Elwell,
676 1834 262 72 Fayette
981 1833 287 71 Herbert,
1312 1836 189 57 1885-

544 1923 1847 77 … Bookkeeping and accounting; advanced course, by
401 2002 1988 78 Fayette H. Elwell … and James V. Toner … Boston,
400 2080 152 58 New
576 2080 175 58 York
780 2084 146 71 [etc.]
956 2080 165 60 Ginn
1150 2082 123 58 and
1300 2100 308 53 company
1637 2113 13 43 [
1651 2090 20 22 c
1674 2082 164 72 1926]

468 2160 58 51 ix,
553 2159 194 46 335-596
771 2175 39 37 p.
840 2161 100 43 incl.
970 2161 156 43 forms.
1187 2161 54 43 24
1248 2163 45 17 cm
1301 2197 7 7 .
1378 2160 188 52 (Elwell
1596 2161 85 43 and
1707 2159 153 45 Toner
1890 2160 164 53 series)

395 2212 55 54 ©
479 2215 120 52 June
628 2215 66 54 24,
728 2215 131 51 1926;
891 2216 64 42 2c.
988 2214 92 44 and
1113 2214 78 44 aff.
1224 2215 121 53 Aug.
1378 2216 50 50 6;
1464 2215 45 42 A
1540 2215 190 51 897687;
1767 2212 50 46 F.
1854 2215 61 43 H.
1950 2214 175 53 Elwell,
2161 2214 234 53 Madison,

467 2270 128 52 Wis.,
627 2270 91 44 and
746 2273 156 51 James
934 2271 58 44 V.
1023 2269 172 54 Toner,
1228 2271 226 52 Belmont,
1488 2271 142 44 Mass.
1699 2271 270 55 (26-15176)

402 2369 248 71 Ferber,
686 2370 197 70 Edna,
921 2372 189 59 1887-

483 2462 185 57 Show
707 2463 179 70 boat;
932 2483 36 38 a
1010 2465 184 55 novel
1234 2464 83 70 by
1361 2462 185 59 Edna
1588 2463 255 58 Ferber.
1931 2461 252 60 Garden
2229 2461 163 76 City,

403 2539 73 57 N.
506 2540 92 74 Y.,
628 2540 386 73 Donbleday,
1043 2541 172 73 Page
1243 2541 49 57 &
1317 2559 323 54 company,
1669 2542 166 57 1926.

472 2619 550 52 4 p. l., 398 p. 22½c m .
474 2673 1919 57 “Of this book: 201 copies have been printed … on rag paper … The
401 2731 147 54 copies
585 2747 77 29 are
698 2732 156 53 signed
888 2734 58 51 by
982 2732 75 46 the
1092 2732 175 51 author,
1304 2733 87 43 and
1426 2733 247 44 numbered
1766 2731 25 19 …”
1849 2732 114 45 This
2002 2747 113 39 copy
2149 2740 80 37 not
401 2747 1970 86 numbered.

399 2840 53 54 ©
483 2843 121 53 Aug.
640 2843 62 50 19,
737 2843 129 51 1926;
900 2846 64 41 2c.
998 2841 91 47 and
1120 2842 79 44 aff.
1232 2842 121 53 Aug.
1385 2842 77 52 25;
1496 2842 45 43 A
1570 2841 189 53 901578;
1795 2840 52 49 E.
1881 2840 187 56 Ferber,
2102 2843 120 46 New
2253 2842 145 45 York.

478 2898 270 54 (26-15187)

403 2996 238 71 Fisher,
676 3000 152 56 Mrs.
863 2998 321 58 Dorothea
1215 2998 273 58 Frances
1533 2996 338 74 (Canfield)
1915 3001 149 57 1879–

482 3082 134 57 Her
645 3085 172 55 son’s
846 3081 165 75 wife,
1041 3084 84 70 by
1150 3082 291 73 Dorothy
1472 3081 294 60 Canfield.
1835 3082 152 58 New
2012 3081 191 75 York,
404 3082 1967 148 Harconrt,

627 3159 203 60 Brace
860 3163 124 56 and
1014 3179 306 51 company
1352 3191 13 39 [
1367 3169 19 22 c
1389 3162 165 68 1926]

471 3240 82 45 302
585 3255 42 38 p.
686 3241 54 43 20
747 3242 47 18 cm
800 3275 8 8 .

400 3291 53 54 ©
482 3294 120 53 Aug.
631 3294 66 49 26,
730 3295 129 48 1926;
893 3296 64 43 2c.
988 3294 91 44 and
1110 3294 79 44 aff.
1220 3294 121 53 Aug.
1373 3295 77 50 31;
1485 3294 45 43 A
1561 3294 189 51 901668;
1786 3294 253 52 Harcourt,
2073 3294 146 44 Brace
2250 3294 39 44 &
2319 3308 81 39 co.,

470 3349 85 43 inc.
624 3348 270 56 (26-15178)

407 3449 199 73 Fitch,
644 3450 283 60 William
963 3450 291 72 Edward,
1293 3452 148 58 1867–

479 3542 128 57 The
640 3560 137 39 new
812 3542 222 71 pocket
1068 3541 264 58 medical
1369 3540 373 73 formulary,
1778 3540 152 58 with
1968 3560 79 37 an
2085 3540 317 73 appendix

400 3617 1977 150 … by William Edward Fitch … 4th ed.—rev. Philadelphia,
595 3696 69 57 F.
692 3696 76 56 A.
797 3695 197 58 Davis
1022 3716 324 54 company,
1374 3697 165 57 1926.

542 3771 567 52 x, 470 p. 1 illus. 17 cm .
402 3824 56 55 ©
481 3826 120 54 Aug.
635 3828 62 51 10,
729 3828 130 53 1926;
888 3831 64 42 2c.
980 3829 122 56 Aug.
1134 3829 74 54 16;
1240 3829 79 45 aff.
1347 3829 122 53 Aug.
1502 3828 75 54 17;
1609 3829 44 43 A
1681 3827 191 55 901507;
1905 3827 50 46 F.
1985 3829 58 44 A.
2074 3827 145 46 Davis
2251 3844 66 28 co.

480 3883 270 55 (26-15158)
