2542 4285
1066 4000 149 56 1187

150 388 332 73 Robinson,
523 387 241 58 Harold
800 385 279 72 McAfee,
1121 387 187 58 1881-
1465 403 191 55 comp.

204 482 142 71 Day
372 481 166 58 after
564 481 140 71 day,
735 482 224 56 second
986 477 192 61 series;
1238 499 36 39 a
1298 478 253 58 manual
1578 479 66 58 of
1672 474 320 62 devotions
2020 478 105 57 for

146 556 221 74 family
392 577 109 39 use;
561 553 302 73 compiled
890 559 122 56 and
1042 558 312 69 arranged
1379 556 83 71 by
1488 555 243 58 Harold
1759 553 99 60 Me
1865 555 71 56 A.
144 556 1956 150 Robinson,

378 654 53 41 D.
469 654 52 36 D.
601 630 455 74 Philadelphia,
1091 631 450 73 Presbyterian
1577 633 196 58 board
1811 633 66 57 of
144 632 1957 140 Christian
309 708 339 73 education,
684 710 166 57 1926.

218 790 90 50 103,
340 791 40 47 [8]
424 804 41 35 p.
527 788 49 44 18½
610 790 47 18 cm
664 823 9 9 .

215 844 146 45 Blank
385 858 138 38 pages
550 845 76 44 for
653 841 205 53 “Family
883 843 210 44 records”
1128 843 52 49 (8
1203 848 46 38 at
1275 843 124 64 end).

213 900 99 47 The
348 900 100 45 first
482 899 137 46 series
653 914 92 31 was
780 898 223 51 compiled
1035 898 61 50 by
1128 898 82 43 Dr.
1245 899 40 49 J.
1322 897 185 46 Wilbur
1544 897 231 51 Chapman
1809 898 44 45 in
1890 897 117 46 1919.
2068 898 58 51 cf.

147 959 169 43 Introd.

145 1008 54 54 ©
232 1010 99 44 Oct.
367 1009 60 51 13,
465 1008 126 51 1926;
624 1008 64 43 2c.
721 1007 100 44 Oct.
858 1005 74 53 15;
967 1005 78 44 aff.
1081 1006 101 44 Oct.
1219 1006 73 51 14;
1328 1005 47 45 A
1404 1002 189 55 954128;
1630 1006 149 43 Board
1811 1005 51 45 of
1898 1004 228 46 Christian

216 1066 233 44 education
482 1066 49 43 of
561 1065 75 44 the
671 1064 322 52 Presbyterian
1025 1063 167 43 church
1226 1064 45 41 in
1302 1062 73 44 the
1409 1064 58 43 U.
1505 1062 44 46 S.
1585 1064 69 50 A.,
1692 1063 322 53 Philadelphia.

223 1121 267 57 (26-18122)

148 1208 275 69 Roemer,
462 1208 251 73 Joseph.

227 1299 575 58 Extra-curricular
847 1297 308 60 activities
1198 1298 67 58 in
1306 1298 212 72 junior
1562 1300 123 58 and
1729 1296 208 62 senior
1975 1298 151 74 high

153 1374 1972 76 schools, by Joseph Roemer … and Charles Forrest Allen
153 1454 1951 139 … with a foreword by Elbert K. Fretwell … and an introduction
541 1532 1587 73 by Lotus D. Coffman … Boston, New York
151 1616 145 69 [etc.]
331 1612 74 58 D.
439 1610 64 61 C.
537 1611 209 57 Heath
779 1612 124 58 and
935 1629 305 53 company
1273 1641 13 43 [
1288 1618 19 23 c
1310 1611 164 72 1926]

254 1688 825 54 x p., 1 l., 333 p. diagrs. 20½cm.
217 1745 350 53 Bibliography:
608 1759 41 38 p.
690 1745 204 45 261-330.

147 1799 53 53 ©
231 1800 119 52 Sept.
375 1801 68 50 29,
475 1800 105 43 1926;
634 1800 62 42 2c.
728 1800 101 43 Oct.
863 1800 72 51 11;
968 1798 79 45 aff.
1080 1799 100 44 Oct.
1211 1799 48 52 9;
1293 1799 44 43 A
1366 1797 188 54 950451;
1588 1801 55 42 D.
1676 1798 49 46 C.
1756 1799 154 45 Heath
1940 1801 38 43 &
2007 1815 66 30 co.

225 1856 267 56 (26-18068)

148 1942 174 71 Ross,
362 1941 274 59 Edward
670 1941 334 73 Alsworth,
1043 1944 189 57 1866-
1388 1944 91 58 ed.

219 2031 317 76 Readings
566 2033 65 57 in
662 2031 153 62 civic
846 2032 332 75 sociology,
1210 2036 266 59 selected
1506 2038 123 57 and
1660 2035 208 60 edited
1893 2038 83 70 by
142 2036 1965 135 Edward

333 2111 1799 74 Alsworth Ross … and Mary Edna McCaull… (Edna
143 2187 1965 153 McCaull Bohlman) … Yonkers-on-Hudson, N. Y., Chicago,
339 2267 221 59 World
587 2267 160 58 book
773 2284 321 55 company,
1126 2268 167 57 1926.

215 2345 97 51 xxi,
340 2346 82 45 398
451 2360 40 36 p.
550 2342 171 53 diagrs.
778 2344 56 45 20
839 2346 47 19 cm
894 2380 8 8 .

146 2397 53 53 ©
233 2398 118 53 Sept.
386 2397 63 53 17,
483 2398 128 52 1926;
642 2399 64 42 2c.
740 2398 101 44 Oct.
874 2397 75 54 16;
982 2398 79 45 aff.
1094 2398 101 44 Oct.
1227 2398 50 52 9;
1310 2398 45 43 A
1387 2397 187 55 949564;
1610 2400 165 45 World
1803 2401 121 45 book
1953 2417 64 30 co.

223 2455 268 55 (26-18113)

149 2540 302 73 Schimpf,
492 2540 216 74 Henry
742 2539 298 74 William,
1080 2544 189 56 1868-

223 2618 351 58 Essentials
617 2618 68 57 of
725 2617 365 59 volumetric
1132 2618 310 73 analysis;
1485 2641 81 37 an
1605 2620 425 60 introduction
2068 2628 63 54 to

147 2695 104 60 the
286 2695 259 73 subject,
575 2697 273 70 adapted
879 2699 64 54 to
975 2695 104 59 the
1110 2697 189 57 needs
1333 2698 68 56 of
1430 2698 283 58 students
1747 2698 69 59 of
148 2699 1962 132 pharmaceutical

447 2771 366 74 chemistry;
856 2773 358 74 embracing
1252 2775 103 58 the
1400 2774 272 74 subjects
1715 2775 69 59 of
147 2776 1961 150 alkalimetry,

307 2850 384 72 acidimetry,
728 2850 445 73 precipitation
1212 2852 297 73 analysis,
1547 2853 392 74 oxidimetry,
147 2854 1962 133 indirect

302 2929 336 73 oxidation,
666 2927 367 75 iodometry,
1061 2948 190 54 assay
1272 2948 323 54 processes
1622 2932 103 57 for
1751 2932 213 72 drugs,
146 2932 1965 133 estimation

425 3008 68 56 of
532 3006 320 71 alkaloids,
895 3006 244 72 phenol,
1184 3026 242 55 sugars,
1468 3008 238 73 theory,
1751 3008 382 72 application

148 3083 1917 76 and description of indicators, by Henry W. Schimpf …
147 3161 1987 73 4th ed.—rev. and enl. by Alfred I. Cone … New York.
147 3241 61 61 J.
241 3240 206 72 Wiley
478 3239 49 60 &
556 3259 162 52 sons,
750 3239 115 58 inc.;
930 3240 277 71 London,
1243 3239 323 73 Chapman
1599 3239 48 60 &
1676 3240 168 73 Hall,
1875 3239 258 75 limited,

148 3320 163 56 1926.

217 3393 1140 56 2 p. l. , iii-xiv, 370 p. illus. 21 cm . $3.00
147 3452 53 53 ©
226 3453 120 52 Sept.
370 3453 64 51 22,
464 3453 105 43 1926;
616 3453 64 43 2c.
706 3453 85 42 and
814 3453 78 43 aff.
921 3452 100 44 Oct.
1047 3452 50 51 8;
1125 3452 44 42 A
1194 3451 164 44 949457;
1410 3452 62 43 H.
1498 3452 74 44 W.
1602 3451 218 54 Schimpf,
1846 3453 116 44 New
1987 3453 143 44 York.

225 3509 269 55 (26-17748)

149 3592 355 73 Schneider,
546 3592 211 75 Philip
798 3594 185 69 John,
1028 3597 188 55 1902-

227 3670 164 59 Code
423 3671 296 72 pleading
761 3671 290 72 (outline)
1094 3672 83 71 by
1211 3670 210 73 Philip
1458 3672 61 58 J.
1560 3671 356 73 Schneider,
2032 3721 10 12 LL.
2123 3721 12 11 B.

151 3747 371 72 Cincinnati,
554 3748 88 74 O.,
674 3750 129 56 The
834 3749 94 58 W.
961 3749 81 57 H.
1072 3749 332 58 Anderson
1435 3767 318 57 company,
1788 3751 164 58 1926.

219 3824 53 46 58
300 3839 41 40 p.
399 3827 53 43 23
459 3827 47 19 cm
512 3860 9 9 .

147 3880 54 54 ©
232 3883 101 44 Oct.
362 3886 37 46 8,
434 3882 105 44 1926;
593 3883 62 42 2c.
686 3884 86 42 and
803 3883 78 43 aff.
913 3883 101 44 Oct.
1050 3884 72 51 11;
1157 3883 44 42 A
1232 3882 187 53 953121;
1454 3884 74 45 W.
1560 3885 60 43 H.
1651 3884 245 45 Anderson
1925 3899 65 30 co.

225 3940 269 54 (26-17930)
