2542 4285
1423 4020 111 57 570

552 476 78 56 (In
660 482 167 51 Quiver
856 481 255 51 magazine,
1142 483 124 49 May,
1299 481 126 50 1926)

476 534 1982 54 © 1c. June 24, 1926; A ad int. 8288; pubd. Apr. 27; A. Buchan, Peebles,
548 592 225 46 Scotland.

478 663 222 71 Gatlin,
743 663 237 73 George
1023 665 69 55 B.

554 753 1903 75 The story of Detroit, by George B. Catlin … [Detroit]
480 834 126 57 The
632 834 249 57 Detroit
905 853 186 49 news,
1119 834 165 55 1926.

546 909 97 51 xix,
671 910 80 46 764
777 925 41 36 p.
878 909 118 45 illus.
1054 911 55 44 20½
1143 913 48 18 cm
1197 949 9 8 .

549 967 274 51 “Reprinted
853 966 123 43 from
1003 965 75 44 the
1107 966 181 45 Detroit
1315 981 138 36 news,
1481 965 44 46 in
1554 964 146 45 which
1730 966 33 45 it
1791 966 224 51 appeared
480 965 1962 102 serially.”—Foreword.

550 1079 204 46 “Second
781 1080 86 43 and
896 1077 178 46 revised
1102 1077 209 46 edition.”

476 1130 54 54 ©
562 1134 110 51 May
704 1134 62 50 13,
798 1133 128 51 1926;
957 1134 64 41 2c.
1050 1133 86 42 and
1166 1133 77 42 aff.
1276 1133 111 51 May
1416 1132 77 51 21;
1528 1132 44 42 A
1602 1130 187 53 890878;
1823 1131 205 53 Evening
2057 1147 121 28 news
2208 1147 130 36 assn.,
546 1133 1893 100 Detroit.
736 1188 270 54 (26-11005)

480 1260 366 68 Charasson,
891 1259 341 58 Henriette.

479 1350 1959 155 … Les heures du foyer; poèmes. Paris, E. Flammarion [ c 1926]
546 1509 77 45 187
651 1524 38 39 p.
754 1510 49 44 18
810 1513 46 17 cm
863 1546 8 8 .

476 1562 1904 55 © Apr. 15, 1926; 1c. Apr. 1 9; A— Foreign 30770; Ernest Flammarion.
557 1621 270 54 (26-11171)

481 1699 229 72 Cicero,
750 1701 249 56 Marcus
1038 1700 258 58 Tullius.

477 1790 1988 231 … Cicero’s essays on old age and friendship and Cicero’s Oration for Milo; the original text, a literal interlinear translation, with a brief introduction by Frederick
478 2024 274 60 Holland
787 2026 246 73 Dewey,
1112 2074 11 11 A.
1203 2073 11 11 B.
1296 2026 151 57 New
1481 2026 173 57 York
1691 2026 141 73 city,
1873 2026 405 57 Translation
473 2026 1966 150 publishing
737 2123 322 54 company,
1089 2105 115 56 inc.
1242 2134 13 43 [
1257 2112 19 22 c
1280 2105 163 72 1926]

545 2183 58 53 vi,
631 2183 79 44 186
736 2200 39 37 p.
839 2185 49 43 19½
922 2186 47 17 cm
974 2219 10 9 .
1053 2182 243 55 (Students
1326 2183 261 44 interlinear
1612 2182 318 50 translations)

478 2236 54 54 ©
562 2240 97 51 Jan.
689 2239 39 51 8,
761 2239 127 51 1926;
922 2239 62 43 2c.
1014 2240 122 42 Mar.
1166 2239 51 51 2;
1251 2239 79 43 aff.
1363 2240 117 42 Mar.
1512 2239 49 51 3;
1593 2239 43 42 A
1666 2237 189 54 890577;
1886 2238 291 43 Translation
2210 2236 257 54 publishing

550 2311 64 28 co.
678 2294 65 54 [©
777 2295 317 53 introduction]
1165 2294 269 55 (26-10278)

484 2365 416 70 Clemenceau,
937 2367 269 72 Georges
1241 2366 252 72 Eugène
1529 2365 348 73 Benjamin,
1916 2368 188 57 1841-

676 2443 430 73 Démosthène,
1152 2464 122 53 par
1318 2444 276 74 Georges
1644 2445 420 73 Clemenceau,
2114 2464 149 38 avec
2308 2444 157 59 trois

482 2542 303 53 gravures
822 2528 59 53 et
913 2543 118 38 une
1066 2527 188 54 carte.
1336 2524 205 75 Paris,
1578 2523 451 59 Plon-Nourrit
2062 2527 60 54 et
2158 2542 31 38 ci
2205 2530 18 22 e
2263 2553 12 43 [
2276 2530 20 23 c
2299 2524 164 71 1926]

548 2600 1917 55 3 p. l., 9-125 p., 1 l. plates, fold. map. 19 ½ cm . (Nobles vies—grandes
480 2673 186 28 œuvres.
731 2661 61 50 [n°
821 2657 67 54 7])

481 2712 1819 56 © Mar. 5, 1926; 1c. Apr. 19; A— Foreign 30747; Plon-Nourrit & co.
559 2771 269 54 (26-11170)

484 2840 183 71 Cook,
714 2842 128 74 (T.)
884 2843 159 71 firm,
1078 2842 373 73 publishers,
1485 2843 275 58 London.

568 2918 193 71 (1926.
847 2922 180 55 Thos.
1064 2922 168 58 Cook
1266 2920 52 58 &
1352 2920 141 72 son)

558 2996 261 57 Around
858 2997 103 57 the
1000 2997 198 57 world
1236 2997 107 57 via
1382 2998 102 58 the
1528 2997 311 58 Southern
1880 2996 445 71 Hemisphere;
2368 2997 103 57 the

484 3074 199 58 cruise
716 3075 65 56 of
813 3077 164 70 1927,
1014 3075 228 73 sailing
1271 3075 167 57 from
1469 3076 153 57 New
1649 3076 173 56 York
1854 3076 290 70 January
2176 3075 137 56 12th
2351 3076 121 56 and

484 3153 164 56 from
682 3154 123 57 Los
836 3153 273 72 Angeles
1142 3154 290 72 January
1465 3155 161 70 28th,
1660 3153 330 73 returning
2020 3156 64 55 to
2118 3154 152 56 New
2301 3153 172 57 York

484 3231 163 58 June
684 3233 136 56 2nd.
903 3232 150 56 New
1088 3232 188 72 York,
1316 3232 183 57 Thos.
1541 3230 166 60 Cook
1742 3232 47 56 &
1827 3251 129 54 son,
1992 3240 18 22 c
2013 3233 164 56 1926.

550 3308 68 51 87,
645 3311 52 51 [1]
725 3325 38 37 p.
790 3310 99 43 incl.
913 3310 153 52 plates.
1126 3312 51 42 23
1186 3314 46 17 cm
1238 3346 6 8 .

554 3368 132 51 Maps
710 3382 57 28 on
792 3367 341 53 lining-papers.

484 3423 52 53 ©
566 3426 110 51 May
708 3425 59 48 12,
800 3425 129 51 1926;
960 3426 65 41 2c.
1055 3425 85 42 and
1170 3425 78 42 aff.
1280 3425 110 51 May
1423 3424 73 51 18;
1527 3425 43 41 A
1598 3423 188 53 891469;
1816 3423 138 44 Thos.
1987 3422 128 45 Cook
2142 3424 38 43 &
2209 3439 93 27 son.

562 3481 269 54 (26-11183)

485 3551 339 71 Cornelius,
870 3551 205 58 Asher
1119 3552 195 72 Lynn,
1364 3554 189 56 1879-

557 3628 126 59 The
714 3628 119 59 law
862 3629 68 56 of
962 3629 218 57 search
1209 3631 122 57 and
1363 3627 236 61 seizure
1621 3652 11 46 ;
1661 3627 186 73 being
1878 3647 36 38 a
1944 3627 433 74 presentation
2406 3628 65 57 in

479 3705 101 59 the
615 3704 167 58 form
815 3705 69 58 of
913 3705 200 58 briefs
1145 3705 200 58 which
1377 3725 184 39 cover
1595 3706 83 58 all
1712 3705 69 58 of
1813 3707 103 59 the
1949 3705 256 58 various
2241 3706 229 72 phases

479 3781 70 57 of
574 3783 102 56 the
707 3783 241 71 subject
976 3784 288 71 together
1293 3783 150 57 with
1473 3783 318 73 pertinent
1822 3783 219 71 forms,
2070 3785 84 70 by
2182 3784 208 64 Asher
2421 3784 49 56 L

482 3855 1990 78 Cornelius … Indianapolis, The Bobbs-Merrill company
482 3964 12 46 [
498 3944 19 23 c
519 3936 163 73 1926]
