2542 4285
1088 3984 108 55 279

226 445 82 43 402
334 458 40 37 p.
435 444 116 44 illus.
639 442 25 46 17½
699 447 46 18 cm
751 479 9 9 .

157 495 1668 56 © Jan. 22, 1926; 1c. Feb. 8; A—Foreign 30138; J. F. Lehmann.
234 552 240 55 (26-7549)

156 650 283 71 Herrick,
479 651 341 57 Cheesman
853 650 224 69 Abiah,
1116 654 188 56 1866-

231 740 205 58 White
478 741 314 56 servitude
831 741 65 55 in
934 741 494 73 Pennsylvania;
1468 742 375 59 indentured
1884 745 123 57 and
154 765 1957 123 redemption
505 818 178 56 labor

151 818 1961 152 in colony and commonwealth, by Cheesman A. Herrick … Philadelphia, J. J. McVey, 1926.
221 982 60 51 ix,
309 982 82 44 330
418 997 39 37 p.
518 982 148 51 front.,
699 982 198 44 facsims.
925 984 47 52 (1
1007 983 187 53 double)
1259 983 56 45 24½
1347 986 46 18 cm
1400 1019 9 9 .

222 1038 124 44 “The
380 1038 176 52 subject
586 1045 167 37 matter
783 1039 52 44 of
864 1039 87 43 this
984 1040 122 43 book
1138 1054 92 29 was
1266 1042 233 50 presented
1534 1040 44 43 in
1613 1041 54 43 its
1703 1040 195 55 original
1934 1042 119 44 form
2087 1058 48 28 as

150 1109 25 29 a
203 1094 137 44 thesis
368 1101 46 37 at
442 1094 74 44 the
543 1094 266 52 University
837 1094 51 45 of
917 1095 334 53 Pennsylvania
1275 1096 44 43 in
1352 1096 331 45 1899.”—Pref.

219 1151 242 51 Appendix
491 1164 45 30 i:
573 1151 132 43 Laws
738 1151 218 52 affecting
985 1150 136 45 white
1153 1151 226 45 servitude
1411 1153 42 42 in
1489 1153 342 52 Pennsylvania.
1895 1154 241 52 Appendix

205 1221 10 28 II:
262 1205 238 45 Facsimile
545 1206 313 52 reproduction
902 1207 50 45 of
997 1205 312 55 “Emigration
1354 1210 158 42 record
1556 1208 120 45 from
1722 1209 137 44 Great
1905 1208 228 52 Britain”;

147 1262 194 52 original
370 1263 42 42 in
444 1262 157 45 Public
629 1264 159 43 record
815 1263 139 51 office,
987 1264 199 45 London.

219 1317 275 47 “Sources”:
526 1333 39 37 p.
596 1318 204 45 309-326.

150 1372 53 53 ©
241 1375 117 43 Mar.
400 1375 61 51 18,
502 1375 104 43 1926
620 1390 8 36 ;
666 1376 65 42 2c.
769 1376 118 42 Mar.
924 1377 76 50 24;
1040 1376 79 44 aff.
1158 1377 116 42 Mar.
1310 1375 78 53 25;
1428 1377 44 41 A
1509 1376 187 52 883764;
1738 1376 49 44 C.
1826 1378 57 41 A.
1923 1376 213 51 Herrick,

221 1430 323 52 Philadelphia.
612 1430 241 55 (26-7454)

150 1527 282 72 Herrick,
473 1528 199 59 Glenn
706 1528 433 73 Washington,
1181 1532 147 56 1870-

260 1623 207 54 Insects
517 1619 309 72 injurious
877 1623 63 55 to
992 1621 102 57 the
1141 1621 344 58 household
1535 1624 121 55 and
1707 1621 315 72 annoying
2072 1628 63 52 to

148 1695 1989 73 man, by Glenn W. Herrick … Rev. ed. New York, The
150 1772 357 59 Macmillan
535 1792 320 53 company,
885 1775 163 58 1926.

216 1849 1919 54 xvii, 478 p. illus., VIII pl. 19½cm. (Half-title: The rural science series,
148 1908 66 44 ed.
241 1909 58 50 by
325 1908 49 43 L.
401 1908 61 43 H.
489 1907 183 52 Bailey)

220 1964 217 46 Contains
470 1963 340 47 “References”.

146 2016 53 53 ©
226 2019 117 42 Mar.
372 2019 64 49 30,
468 2018 127 50 1926;
625 2019 63 41 2c.
717 2019 87 42 and
831 2018 78 44 aff.
938 2018 117 43 Mar.
1083 2018 77 51 31;
1189 2019 44 41 A
1260 2017 188 52 890108;
1481 2018 262 44 Macmillan
1773 2034 64 29 co.

224 2071 241 57 (25-7538)

148 2171 343 58 Hildreth’s
526 2173 494 57 Massachusetts
1056 2172 221 72 digest,
1350 2192 56 37 v.
1436 2174 36 54 4
1515 2172 202 71 (With
225 2174 1886 132 chronological
344 2250 351 57 references
725 2249 295 72 covering

1043 2251 102 55 the
1171 2253 150 68 past
1345 2249 344 72 thirty-five
1716 2252 217 70 years)
225 2252 1885 132 Massachusetts
609 2326 301 71 Supreme
945 2330 180 53 court
1152 2331 254 67 reports
1438 2329 277 56 volumes

223 2329 1910 147 245-251 inclusive, 1926. By Walter Alexander Ladd … Boston,
222 2482 165 55 1926.

212 2557 82 43 248
327 2572 37 37 p.
428 2557 54 43 26
488 2560 45 17 cm
541 2592 7 8 .

145 2610 52 54 ©
223 2612 105 44 Feb.
353 2613 66 52 26,
449 2612 129 53 1926;
604 2613 62 43 2c.
695 2615 118 41 Mar.
845 2614 72 51 13;
947 2614 79 42 aff.
1055 2615 120 41 Mar.
1205 2615 74 50 11;
1309 2615 44 41 A
1380 2612 187 53 879855;
1599 2613 184 54 Eugene
1810 2616 74 43 W.
1915 2614 216 45 Hildreth

213 2670 37 43 &
283 2669 180 44 Walter
497 2670 53 42 A.
588 2670 138 52 Ladd,
761 2669 183 44 Boston.
1944 2679 101 37 1911

144 2765 305 74 Hispanic
484 2765 234 74 society
751 2767 66 56 of
850 2766 308 58 America.

222 2857 245 57 Sorolla
515 2856 64 56 in
627 2857 102 56 the
784 2857 320 57 collection
1156 2857 67 57 of
1271 2858 103 57 the
1424 2858 306 71 Hispanic
1783 2860 236 72 society
2069 2860 67 58 of

139 2933 1970 152 America … New York, The Hispanic society of America, 1926.
144 3087 1964 110 5 v. fronts. (v. 1, 3) illus., plates, ports. 16½ cm . (Half-title: Hispanic
302 3152 126 37 notes
461 3146 36 43 &
527 3145 325 52 monographs;
889 3159 168 39 essays,
1090 3145 179 53 studies,
1302 3148 87 42 and
1422 3146 119 44 brief
1572 3146 290 54 biographies
1895 3147 148 45 issued
2077 3148 55 52 by

141 3202 76 44 the
246 3202 220 52 Hispanic
498 3202 167 52 society
695 3201 51 46 of
776 3201 228 44 America.
1067 3200 247 54 Catalogue
1344 3202 166 53 series)

213 3257 347 54 Bibliography:
609 3274 40 27 [v.
682 3260 26 41 4]
756 3273 37 38 p.
830 3258 200 44 104-109.

160 3328 39 29 [v.
236 3316 52 51 1],
321 3313 53 53 ©
407 3316 97 51 Jan.
539 3316 63 51 23,
643 3315 127 51 1926;
823 3330 41 28 [v.
898 3316 36 50 2,
967 3315 39 50 4,
1042 3314 52 53 5],
1131 3313 53 53 ©
1217 3316 98 51 Jan.
1350 3316 78 51 21;
1480 3332 41 26 [v.
1556 3317 54 51 3],
1645 3314 52 54 ©
1730 3318 100 51 Jan.
1866 3317 76 52 20;
1984 3333 54 37 [v.
2077 3318 51 51 1],

211 3372 64 43 2c.
309 3372 116 42 Mar.
461 3372 73 50 18;
615 3406 7 8 [v.
653 3370 111 55 2-5],
796 3372 64 42 2c.
894 3371 107 43 each
1033 3372 116 42 Mar.
1187 3372 72 51 10;
1294 3372 102 43 affs.
1432 3373 120 42 Mar.
1583 3376 50 47 8;
1667 3374 44 41 A
1743 3372 177 51 879925,
1953 3372 175 52 886560,

211 3425 381 54 886562-886564;
622 3428 221 51 Hispanic
873 3426 167 53 society
1068 3428 51 43 of
1147 3428 226 43 America.
1443 3427 241 56 (26-7575)

143 3524 238 72 Holme,
420 3525 362 58 Constance.

223 3616 1906 74 The things which belong— … by Constance Holme.
145 3693 275 72 London,
450 3693 166 60 Mills
646 3695 47 56 &
718 3694 193 72 Boon,
941 3693 241 60 limited
1213 3696 181 72 [1925]

212 3770 83 46 254
323 3786 40 37 p.
422 3772 55 43 20
482 3774 48 18 cm
536 3811 8 5 .

143 3823 1965 56 © 1c. Nov. 7, 1925; A ad int. 7825; pubd. Sept. 11; C. Holme, Kirkby
214 3882 234 51 Lonsdale,
479 3881 353 52 Westmorland,
866 3881 220 53 England.
1155 3881 241 55 (26-7207)
