2542 4285
1282 4011 151 57 1172

351 398 288 69 Graham,
682 396 210 59 David
929 397 202 69 Alma,
1177 399 188 57 1888-

423 486 326 59 Student’s
784 489 133 55 text
946 486 158 58 book
1138 505 78 38 on
1248 486 172 57 sheet
1452 486 190 57 metal
1671 486 190 71 work,
1891 486 152 58 with

351 486 1966 152 technology
497 565 67 57 of
590 565 173 57 sheet
786 565 192 56 metal
1001 563 188 74 work,
1215 564 83 71 by
1321 563 207 59 David
1552 563 76 58 A.
1654 563 277 59 Graham

349 561 1969 154 … Brooklyn, N. Y., D. A. Graham [ c 1926]
423 719 125 54 [166],
585 718 188 46 169-197
806 734 40 37 p.
904 718 166 53 diagrs.
1134 718 167 45 19×24½
1335 719 47 18 cm
1389 751 9 9 .

349 775 53 54 ©
431 778 109 43 Dec.
565 777 38 50 2,
635 774 103 46 1925;
790 777 64 42 2c.
882 776 87 43 and
992 776 81 42 aff.
1102 775 102 44 Oct.
1232 773 37 53 7,
1301 774 105 44 1926;
1461 775 45 42 A
1534 772 161 47 950381;
1754 775 57 44 D.
1839 776 57 42 A.
1927 774 213 52 Graham,
417 774 1898 111 Ridgewood,

595 833 195 54 Queens,
822 833 59 43 N.
916 833 55 43 Y.
1040 830 270 56 (26-17885)

351 933 252 71 Gröber,
640 931 317 70 Heinrich,
996 933 190 58 1880-

423 1021 410 71 Einführung
870 1020 65 58 in
977 1020 99 59 die
1117 1020 171 59 lehre
1331 1037 123 43 von
1496 1021 110 57 der
1706 1022 604 71 wärmeübertragung;

347 1099 99 59 ein
470 1099 304 58 leitfaden
800 1098 108 58 für
935 1098 100 60 die
1062 1098 237 72 praxis,
1325 1118 123 38 von
1476 1097 243 73 dr.-ing.
1748 1097 306 59 Heinrich
2086 1098 254 59 Gröber.

349 1175 119 59 Mit
506 1177 70 57 60
615 1174 554 73 textabbildungen
1206 1176 128 56 und
1372 1177 74 55 40
1488 1175 436 59 zahlentafeln.
2002 1176 237 71 Berlin,
2280 1177 60 58 J.

349 1253 325 73 Springer,
705 1253 167 59 1926.

417 1327 63 54 ix,
506 1329 83 45 200
614 1344 43 38 p.
715 1326 173 54 diagrs.
946 1328 56 44 24
1008 1331 46 17 cm
1060 1364 9 9 .

419 1383 576 50 “Literaturverzeichnis”
1013 1404 8 28 :
1048 1400 40 38 p.
1117 1385 202 45 197-198.

347 1440 1684 57 © Apr. 1, 1926; 1c. June 7; A—Foreign 31168; Julius Springer.
428 1499 269 55 (26-18704)

353 1597 178 75 Hale,
564 1600 153 57 Mrs.
750 1597 204 59 Annie
989 1597 198 75 Riley.

486 1689 198 57 "These
712 1689 214 57 cults”;
986 1708 80 41 an
1092 1688 277 73 analysis
1398 1689 68 57 of
1492 1689 104 60 the
1623 1689 225 59 foibles
1877 1690 69 59 of
1973 1690 109 58 Dr.
2112 1690 235 59 Morris

353 1765 358 59 Fishbein’s
745 1765 324 59 “Medical
1099 1766 264 58 follies”
1395 1768 125 57 and
1552 1787 80 39 an
1662 1767 367 59 indictment
2064 1769 68 58 of

353 1768 1971 133 medical
479 1844 274 72 practice
785 1844 65 56 in
883 1845 273 72 general,
1190 1844 150 57 with
1374 1865 36 37 a
1442 1845 439 71 non-partisan
1916 1846 433 72 presentation

353 1923 70 57 of
455 1922 103 58 the
594 1942 139 38 case
769 1922 104 57 for
908 1922 104 57 the
1047 1923 287 71 drugless
1372 1923 239 58 schools
1647 1923 68 58 of
1747 1923 269 74 healing,
353 1922 1970 152 comprising

498 2020 215 52 essays
753 2020 79 38 on
867 1999 438 73 homeopathy,
1343 2001 392 72 osteopathy,
1772 2001 432 72 chiropractic,
2246 2002 102 58 the

353 2078 271 59 Abrams
664 2079 270 70 method,
973 2077 387 73 vivisection,
1403 2079 284 71 physical
1725 2079 259 73 culture,
2028 2077 320 61 Christian

355 2157 254 70 science,
641 2156 264 58 medical
935 2155 322 73 publicity,
1287 2156 104 58 the
1424 2158 130 55 cost
1586 2157 67 58 of
1682 2156 511 72 hospitalization
2227 2156 123 58 and

357 2232 1992 74 state medicine. By Annie Riley Hale … New York,
354 2313 299 58 National
681 2312 214 58 health
927 2311 393 75 foundation,
1356 2312 165 57 1926.

424 2387 737 57 viii p., 1 l., 13-257 p. 20 cm .
352 2446 55 54 ©
435 2448 102 44 Oct.
561 2448 42 51 4,
633 2447 129 52 1926;
791 2447 64 43 2c.
884 2447 88 43 and
997 2447 79 43 aff.
1106 2446 101 44 Oct.
1239 2448 74 50 11;
1344 2446 45 43 A
1415 2444 190 54 950421;
1636 2446 220 44 National
1884 2444 154 46 health
2068 2444 277 46 foundation.

432 2503 270 56 (26-17898)

357 2603 166 75 Hall,
562 2604 254 60 Samuel
851 2603 261 70 Roland,
1157 2606 189 57 1876-

434 2695 259 73 Getting
738 2695 200 58 ahead
980 2695 65 56 in
1091 2694 394 73 advertising
1531 2695 123 58 and
1700 2694 252 74 selling;
1999 2714 36 39 a
2081 2694 161 59 book
2284 2694 67 59 of

359 2778 251 55 earnest
654 2774 250 57 counsel
946 2776 63 55 to
1055 2772 334 58 ambitious
1434 2791 140 38 men
1617 2774 124 57 and
1784 2792 236 39 women
2064 2771 135 61 who
2245 2791 106 40 are

359 2852 312 58 attracted
703 2854 63 55 to
801 2852 103 59 the
936 2850 146 58 field
1113 2850 68 59 of
1214 2849 421 73 promotional
1667 2850 171 59 work
1873 2869 72 39 or
1979 2850 155 71 who,
2169 2850 185 73 being

359 2928 1925 74 in it, are eager to climb higher, by S. Roland Hall …
359 3011 96 56 1st
484 3009 91 57 ed.
639 3008 152 57 New
818 3007 173 57 York
1021 3009 145 70 [etc.]
1200 3005 452 59 McGraw-Hill
1679 3006 159 58 book
1866 3024 322 55 company,
2217 3004 135 71 inc.,

359 3088 165 56 1926.

427 3162 62 53 ix,
527 3163 78 45 100
634 3178 38 39 p.
737 3164 50 44 19
793 3164 48 19 cm
846 3197 8 8 .

357 3220 53 53 ©
439 3220 118 53 Sept.
586 3221 66 51 30,
682 3220 107 44 1926;
840 3220 63 43 2c.
933 3220 102 44 Oct.
1063 3219 24 43 6;
1142 3220 78 43 aff.
1250 3219 100 44 Oct.
1378 3219 24 43 8;
1457 3219 45 42 A
1528 3217 166 45 950370;
1749 3215 347 47 McGraw-Hill
2122 3217 122 45 book
2268 3231 82 38 co.,

427 3279 82 43 inc.
578 3276 271 57 (26-17740)

360 3377 273 73 Hansen,
669 3376 188 59 Allen
896 3376 211 60 Oscar.

439 3467 373 61 Liberalism
851 3470 123 57 and
1009 3465 336 62 American
1384 3468 329 59 education
1747 3468 67 58 in
1850 3468 105 59 the
1993 3466 355 75 eighteenth

364 3544 1985 77 century, by Allen Oscar Hansen … with an introduction
363 3623 1986 76 by Edward H. Reisner … New York, The Macmillan
363 3723 322 55 company,
722 3704 166 58 1926.

431 3782 704 54 XXV p., 1 l., 317 p. 19½ cm .
435 3838 353 54 Bibliography:
830 3854 38 36 p.
907 3838 205 46 265-296.

359 3893 53 54 ©
439 3895 102 44 Oct.
570 3895 61 51 13,
662 3894 129 52 1926;
818 3894 64 44 2c.
910 3894 87 43 and
1021 3894 79 43 aff.
1129 3893 101 45 Oct.
1261 3893 74 53 14;
1363 3894 45 42 A
1435 3891 189 54 949508;
1655 3891 265 46 Macmillan
1947 3907 66 30 co.

438 3951 270 55 (26-18069)
