2542 4285
0 0 0 0 1084
421 413 334 70 Drinhaus,
792 411 178 60 Paul.

497 503 488 72 Weltprobleme
1031 501 129 57 und
1204 500 135 57 ihre
1388 502 222 68 lösung
1661 518 154 53 [von]
1866 498 160 56 Paul
2074 496 338 57 Drinhaus.

423 583 51 55 1.
506 581 138 57 aufl.
711 580 333 70 Hamburg
1074 584 146 67 [etc.]
1253 576 500 72 Advent-verlag
1785 574 181 74 [1926]

495 655 612 54 78, [2] p. illus. 22 ½c m .
426 712 54 54 ©
508 713 105 44 Feb.
647 716 32 48 1,
712 714 130 51 1926;
902 728 34 28 1c.
969 713 111 52 May
1106 713 50 51 4;
1186 712 44 42 A
1231 711 255 52 —Foreign
1516 711 161 51 30994;
1708 709 373 52 Advent-verlag,
2111 724 36 28 e.
2176 724 42 27 v.

505 770 268 55 (26-16412)

426 854 207 70 Elson,
675 855 220 73 Henry
929 853 298 74 William,
1267 857 190 56 1857-

504 931 270 71 History
815 932 68 57 of
923 932 105 57 the
1070 931 236 59 United
1351 930 213 59 States
1609 929 67 58 of
1718 928 314 72 America,
2073 930 83 70 by
2198 928 223 72 Henry

425 1006 1993 76 William Elson … New York, The Macmillan company;
427 1086 277 69 London,
734 1085 359 59 Macmillan
1120 1087 47 57 &
1194 1106 108 51 co.,
1329 1085 132 72 ltd.,
1491 1085 165 58 1926.

600 1196 8 16 xxv,
636 1162 95 53 996,
759 1161 97 46 lxvi
883 1178 41 37 p.
985 1177 143 37 maps.
1188 1162 150 44 20½cm.

501 1215 1689 56 “Published April, 1904 … Revised edition, September, 1926.”
502 1272 356 55 Bibliography:
884 1288 41 39 p.
952 1274 176 44 ix-xvii
1155 1282 47 36 at
1229 1273 103 45 end.

430 1328 55 55 ©
513 1330 119 52 Sept.
659 1331 67 52 28,
755 1331 105 43 1926;
912 1332 64 43 2c.
1004 1333 89 42 and
1117 1332 78 43 aff.
1225 1331 121 53 Sept.
1370 1332 55 43 29;
1481 1331 44 43 A
1550 1330 161 45 950243;
1767 1331 266 44 Macmillan
2061 1346 64 28 co.

511 1387 269 56 (26-16918)

433 1474 235 72 Elwell,
711 1476 263 72 Fayette
1016 1474 288 60 Herbert.

577 1554 1849 71 … Teachers’ manual to accompany Elwell and Toner’s
431 1630 1927 74 Bookkeeping and accounting, by Fayette H. Elwell …
432 1707 257 72 Boston,
726 1709 149 56 New
906 1708 175 57 York
1116 1713 146 71 [etc.]
1299 1708 163 60 Ginn
1496 1711 125 56 and
1652 1728 306 53 company
1993 1740 13 43 [
2006 1719 20 20 c
2029 1710 165 72 1926]

503 1784 91 52 viii,
626 1784 78 44 152
732 1800 40 37 p.
833 1786 52 43 19c
908 1788 29 18 m
944 1821 8 8 .
1022 1783 188 57 (Elwell
1238 1787 89 42 and
1354 1785 154 45 Toner
1538 1786 166 54 series)

435 1839 54 55 ©
518 1842 100 44 Oct.
646 1844 38 50 9,
717 1843 129 52 1926;
876 1844 65 43 2c.
971 1843 119 45 Nov.
1122 1844 47 52 1;
1201 1844 79 43 aff.
1311 1844 101 44 Oct.
1442 1844 77 52 30;
1552 1844 44 43 A
1626 1842 188 55 950735;
1848 1843 118 46 Ginn
1995 1844 89 43 and
2112 1859 65 29 co.

434 1927 265 73 Franck,
738 1928 216 73 Harry
983 1928 325 71 Alverson,
1348 1933 191 56 1881-

514 2004 160 60 East
701 2007 67 57 of
792 2007 172 58 Siam;
1022 2008 346 73 ramblings
1392 2009 66 56 in
1483 2009 104 56 the
1613 2008 118 58 five
1759 2008 305 58 divisions
2093 2009 69 56 of
2186 2009 248 56 French

437 2083 1996 75 Indo-China, by Harry A. Franck … illustrated with a
434 2161 286 58 hundred
761 2163 504 71 out-of-the-way
1302 2164 434 72 photographs
1774 2165 84 70 by
1894 2164 105 57 the
2042 2164 227 57 author
2311 2163 122 58 and

436 2239 150 56 with
633 2258 36 38 a
716 2258 146 54 map
912 2240 282 73 showing
1238 2241 100 58 his
1386 2242 240 58 travels
1672 2241 65 58 in
1785 2240 409 60 Indo-China.
2284 2242 151 56 New

437 2316 173 56 York
635 2317 47 57 &
704 2317 280 75 London,
1012 2319 131 58 The
1172 2317 280 74 Century
1478 2340 87 38 co.
1597 2348 14 44 [
1612 2327 19 23 c
1634 2320 165 72 1926]

507 2390 111 54 xvii,
651 2391 82 46 357
764 2407 41 39 p.
868 2393 158 52 front.,
1059 2395 160 53 plates,
1252 2403 156 45 ports.,
1445 2395 102 44 fold.
1594 2411 117 38 map,
1750 2395 180 45 facsim.
1991 2396 55 44 20½cm.
2257 2394 125 55 $3.50

440 2447 54 54 ©
523 2448 118 54 Sept.
669 2451 66 47 24,
766 2451 129 53 1926;
923 2452 65 43 2c.
1016 2454 89 42 and
1128 2454 79 43 aff.
1237 2453 122 53 Sept.
1385 2452 80 54 27;
1495 2454 44 43 A
1566 2452 189 55 950214;
1788 2453 199 54 Century
2015 2468 66 29 co.

520 2507 269 55 (26-16713)

441 2595 308 74 Freyhan,
791 2597 168 74 Max,
1003 2601 190 58 1881-

586 2673 1853 78 … Georg Kaisers werk. Berlin, Die Schmiede [c1926]
511 2749 725 57 3 p. l. , [9]-370, [2] p. 20 cm .
445 2805 53 54 ©
530 2807 107 45 Feb.
674 2809 63 51 13,
775 2809 129 52 1926;
966 2825 36 28 1c.
1035 2810 107 53 July
1176 2810 50 53 7;
1263 2810 304 54 A—Foreign
1601 2809 161 55 31514;
1800 2812 175 52 Verlag
2009 2811 115 44 “Die
2161 2810 276 47 Schmiede”.

523 2864 270 56 (26-16599)

444 2948 297 74 Giauque,
783 2951 269 69 Florien,
1096 2955 358 57 1843-1921.

516 3027 60 58 A
603 3032 256 57 manual
889 3032 105 58 for
1023 3028 361 76 policemen,
1418 3034 367 71 constables,
1817 3035 332 70 marshals,
2184 3031 255 61 sheriffs

442 3110 123 58 and
622 3109 180 59 other
854 3107 378 61 ministerial
1289 3109 235 61 officers
1577 3111 65 57 in
1701 3110 175 74 Ohio,
1930 3110 154 60 with
2137 3109 303 76 practical

441 3185 2000 78 instructions and forms, by Florien Giauque … 8th ed.,
442 3264 1975 139 rev. by Aaron Du Bois … Cincinnati, The W. H. Anderson
584 3361 108 53 co.,
720 3344 166 57 1926.

517 3420 546 54 2 p. l. , 279 p. 19½cm.
449 3474 54 54 ©
537 3474 120 55 Sept.
687 3476 69 51 27,
789 3475 129 52 1926;
950 3475 66 44 2c.
1047 3476 88 43 and
1165 3477 78 42 aff.
1280 3475 119 53 Sept.
1432 3476 77 53 30;
1542 3477 45 42 A
1618 3477 189 53 949308;
1842 3478 75 44 W.
1950 3478 62 43 H.
2045 3478 242 45 Anderson
2318 3493 67 30 co.

529 3533 270 55 (26-16894)

451 3617 325 74 Giddings,
818 3618 333 59 Thaddeus
1188 3618 357 75 Philander,
1587 3622 190 57 1869-

596 3696 1847 76 … Music appreciation in the schoolroom, by Thaddeus
454 3773 1994 75 P. Giddings … Will Earhart … Ralph L. Baldwin … and
453 3850 301 74 Elbridg’e
803 3852 96 58 W.
952 3852 280 74 Newton,
1282 3855 344 72 managing
1676 3855 219 57 editor.
1986 3855 258 72 Boston,
2295 3855 151 57 New

453 3928 173 65 York
659 3932 146 74 [etc.]
843 3930 164 59 Ginn
1042 3933 123 57 and
1198 3951 307 53 company
1540 3965 13 43 [
1555 3940 19 23 c
1577 3934 163 72 1926]
