2542 4285
1333 4014 147 56 1512

405 395 210 51 Texas.
688 394 166 53 Laws
860 435 12 26 ,
901 401 239 46 statutes
1145 436 12 26 ,
1188 400 99 47 etc.

477 470 277 55 Vernon’s
791 472 344 52 cumulative
1170 471 292 67 quarterly
1499 476 209 48 statute
1743 470 211 53 service
1989 469 95 53 for
2117 469 279 55 Vernon’s

409 549 308 53 annotated
751 550 245 52 Revised
1031 549 135 52 civil
1203 549 113 52 and
1353 548 262 59 criminal
1650 554 239 47 statutes
1924 546 64 54 of
2021 547 96 53 the
2153 553 145 47 state
2332 546 64 53 of

410 624 1986 70 Texas … to July 1, 1926. Kansas City, Mo., Vernon law
405 703 147 53 book
580 722 297 52 company,
906 706 149 50 1926.

476 798 69 49 iii,
571 799 85 40 653
680 810 45 37 p.
783 799 147 40 25½cm.

410 864 52 53 ©
489 868 121 48 Aug.
638 869 69 47 24,
736 868 141 48 1926;
908 868 68 41 2c.
1005 868 113 41 Dec.
1145 868 82 48 16;
1259 867 83 42 aff.
1371 869 113 40 Dec.
1512 868 83 47 15;
1628 869 40 38 A
1697 867 176 41 958357;
1930 868 194 39 Vernon
2153 868 97 38 law
2277 868 123 39 book

477 935 68 31 co.

404 1019 259 64 Waddle,
697 1019 200 55 Oliver
930 1019 80 53 M.

472 1097 122 68 Liz,
616 1116 33 34 a
673 1103 157 63 story
856 1096 64 53 of
942 1097 129 52 how
1096 1097 96 53 the
1213 1097 225 52 normal
1464 1096 197 54 Christ
1686 1114 128 35 won
1839 1097 113 52 and
1978 1096 172 54 saved
2176 1114 33 34 a
2232 1094 169 68 thief,

408 1173 1992 71 by Oliver M. Waddle … Bellevue, Pa., O. M. Waddle, c 1926.
476 1268 912 50 2 p. l. , 78 p. plates, port. 19½ cm .
405 1334 57 55 ©
491 1340 101 41 Oct.
618 1340 69 48 23,
716 1338 116 42 1926;
890 1339 67 41 2c.
987 1340 96 39 and
1111 1339 83 42 aff.
1224 1341 113 39 Dec.
1367 1339 55 40 21;
1479 1339 42 39 A
1550 1338 174 42 957755;
1783 1339 54 41 O.
1868 1340 63 39 M.
1961 1339 218 41 Waddle.

486 1394 193 51 (27-64)

405 1489 268 64 Wilkins,
707 1490 223 54 Harold
963 1491 164 62 Tom,
1163 1494 170 49 1891-

474 1568 253 54 Marvels
755 1567 66 54 of
846 1569 236 52 modern
1110 1569 321 53 mechanics
1449 1587 10 33 :
1487 1568 98 53 the
1611 1574 250 62 mastery
1889 1568 65 53 of
1980 1568 157 67 land,
2166 1586 91 34 sea
2287 1567 115 53 and

406 1645 1994 70 air. By Harold T. Wilkins … London, T. F. Unwin ltd.
412 1726 172 66 [1926]

479 1821 64 48 xi,
572 1821 173 41 13-251
775 1832 44 37 p.
881 1821 164 48 front.,
1076 1821 173 48 plates.
1310 1820 148 41 22½cm.

407 1883 1997 55 © 1c. Sept. 21, 1926; A ad int. 8550; pubd. Aug. 25; E. P. Dutton & co.,
477 1946 119 41 New
621 1945 146 41 York.
836 1944 224 49 (27-246)

409 2039 306 64 Williams,
745 2039 222 64 Joseph
996 2039 91 63 A.,
1120 2038 171 54 1879-

542 2117 1862 71 … Experiments with form perception and learning in dogs,
407 2196 1997 69 by Joseph A. Williams … Baltimore, The Williams & Wilkins
410 2293 298 51 company,
734 2282 19 20 c
758 2277 150 50 1926.

480 2370 282 48 cover-title,
809 2370 56 40 70
909 2381 43 37 p.
1026 2370 144 48 illus.,
1216 2370 180 48 diagrs.
1470 2370 58 39 26½
1559 2372 45 21 cm
1609 2402 8 8 .
1701 2368 368 50 (Comparative
2115 2371 293 48 psychology

407 2427 325 48 monographs.
805 2427 93 40 vol.
976 2459 8 16 Iv,
1012 2427 149 40 serial
1186 2438 75 29 no.
1289 2426 70 41 18.
1416 2427 280 47 November,
1727 2425 139 48 1926)

481 2496 348 41 “References”
849 2507 9 29 :
887 2508 43 37 p.
958 2496 158 41 69-70.

413 2562 52 53 ©
490 2566 118 41 Nov.
631 2565 71 50 29,
726 2566 117 41 1926;
896 2567 69 41 2c.
989 2568 96 39 and
1111 2566 83 42 aff.
1219 2568 114 40 Dec.
1358 2567 57 41 13;
1470 2567 42 40 A
1537 2567 174 41 957605;
1768 2567 242 41 Williams
2037 2568 37 40 &
2100 2567 210 42 Wilkins
2337 2578 69 30 co.

490 2622 222 49 (27-325)

407 2717 246 64 Yerkes,
686 2717 224 55 Robert
945 2720 259 62 Mearns,
1241 2719 171 54 1876-

406 2797 1975 146 … The mind of a gorilla, by Robert M. Yerkes … Worcester,
542 2875 190 69 Mass.,
768 2875 179 56 Clark
978 2876 337 69 university,
1349 2883 20 22 c
1372 2879 150 51 1926.

412 2959 1976 106 4 p. l. , [7]-193 p. plates, diagr. 23 cm . (Genetic psychology monographs, vol. II , nos. 1 and 2)
487 3073 43 41 A
554 3075 146 46 study
728 3073 54 42 of
806 3074 83 40 the
916 3074 175 48 gorilla
1122 3072 234 50 “Congo”.

489 3131 135 40 “List
653 3131 53 40 of
733 3130 327 50 publications
1093 3130 220 41 referred
1342 3132 50 39 to
1422 3130 52 41 in
1503 3129 133 42 text”
1655 3141 10 30 :
1697 3140 43 39 p.
1774 3129 250 52 [188]-189.

414 3182 53 53 ©
496 3188 113 40 Dec.
640 3188 68 47 13,
741 3187 141 48 1926;
916 3187 68 41 2c.
1016 3188 96 39 and
1143 3187 84 41 aff.
1259 3188 113 40 Dec.
1401 3187 83 48 20;
1519 3187 42 39 A
1590 3186 200 49 958425;
1827 3187 149 41 Clark
2007 3186 287 48 university.

491 3243 223 49 (27-228)

411 3337 324 63 Zwierlein,
768 3338 316 53 Frederick
1116 3338 53 53 J.

485 3416 120 52 The
635 3415 107 53 life
773 3417 114 52 and
918 3417 195 53 letters
1145 3416 64 53 of
1242 3416 220 68 Bishop
1493 3417 309 67 McQuaid,
1834 3416 272 69 prefaced
2138 3417 140 52 with
2311 3417 96 52 the

415 3493 220 68 history
668 3493 65 53 of
766 3491 263 56 Catholic
1061 3495 309 52 Rochester
1400 3493 197 54 before
1626 3495 90 52 his
1750 3495 341 68 episcopate,
2119 3495 76 68 by
415 3495 1968 128 Frederick

415 3571 1967 144 J. Zwierlein … v. 1. Roma, Desclee & compagni; Rochester,
601 3648 69 53 N.
699 3649 91 66 Y.,
816 3649 122 52 The
962 3648 115 53 Art
1103 3650 161 67 print
1289 3650 142 68 shop;
1516 3654 118 63 [etc.,
1660 3655 120 62 etc.]
1816 3653 150 50 1925.

483 3729 70 41 xii
593 3741 58 38 p.,
692 3730 25 39 1
759 3731 45 47 1.,
846 3731 87 40 368
973 3742 44 37 p.
1076 3731 164 48 front.,
1285 3732 171 47 plates,
1501 3733 162 47 ports.,
1705 3742 139 38 maps
1871 3730 137 50 (part
2048 3730 145 49 fold.)
2260 3732 58 40 23½
2349 3735 45 21 cm
2399 3764 9 9 .

424 3785 300 49 (Half-title:
762 3787 280 40 Université
1080 3789 58 38 de
1177 3787 234 41 Louvain.
1478 3788 198 40 Recueil
1715 3789 59 39 de
1812 3790 212 38 travaux
2063 3788 110 48 pub.
2212 3799 89 37 par
2337 3789 71 40 les

413 3842 237 41 membres
678 3844 83 39 des
788 3843 322 41 Conférences
1138 3842 253 42 d’histoire
1418 3845 48 39 et
1494 3845 58 39 de
1578 3844 274 48 philologie.
1909 3845 41 40 2.
1980 3844 91 41 sér.
2127 3844 42 41 6.
2195 3844 148 48 fasc.)

415 3893 53 53 ©
495 3899 126 40 June
646 3898 69 49 30,
743 3898 116 41 1925;
912 3899 68 40 2c.
1008 3901 95 39 and
1131 3899 83 42 aff.
1241 3901 123 39 Mar.
1393 3901 25 38 1;
1476 3900 42 39 A
1546 3900 173 41 879705;
1776 3901 89 40 Art
1893 3900 135 50 print
2056 3902 133 48 shop.

493 3953 252 50 (26-5584)
