2542 4285
1342 4014 147 56 1242

402 505 1932 65 © June 22, 1926; 1c. July 28; A—Foreign 31677; Librairie Gallimard.
481 572 267 56 (26-26863)

406 674 295 68 Mawson,
741 670 410 72 Christopher
1186 667 273 59 Orlando
1498 666 336 74 Sylvester,
1873 667 187 57 1870-

479 763 362 72 Style-book
874 761 103 59 for
1010 759 249 60 writers
1295 758 123 59 and
1454 757 255 72 editors,
1742 757 84 72 by
1862 755 66 60 C.
1966 755 69 59 0.
2072 754 323 73 Sylvester

403 832 1993 78 Mawson … New York, Thomas Y. Crowell company
402 947 15 45 [
418 925 19 23 c
440 919 165 72 1926]

474 1005 471 56 5 p. l., 213 p. 19 cm .
405 1077 54 56 ©
492 1079 100 44 Oct.
624 1077 65 52 25,
727 1078 128 52 1926;
888 1078 65 43 2c.
988 1078 87 42 and
1107 1077 78 43 aff.
1221 1076 101 44 Oct.
1354 1075 78 52 27;
1469 1075 44 44 A
1546 1074 188 53 949736;
1770 1073 203 44 Thomas
2007 1073 58 45 Y.
2100 1071 198 47 Crowell
2331 1086 64 30 co.

483 1136 269 55 (26-19161)

408 1235 319 73 Mencken,
763 1234 219 74 Henry
1010 1233 207 74 Louis,
1255 1236 189 56 1880-

488 1326 195 59 Notes
723 1345 79 38 on
840 1326 381 70 democracy,
1260 1324 85 71 by
1382 1323 79 57 H.
1504 1322 66 58 L.
1613 1321 314 58 Mencken.
2024 1321 150 59 New
2212 1322 190 72 York,

410 1405 73 56 A.
517 1405 74 57 A.
624 1405 223 71 Knopf
882 1433 13 44 [
897 1411 19 24 c
919 1403 164 74 1926]

476 1494 526 55 v, 212 p., 1 l. 19½ cm .
406 1566 56 56 ©
488 1569 100 44 Oct.
616 1566 67 53 20,
711 1566 131 52 1926;
869 1567 65 43 2c.
963 1565 102 46 Oct.
1092 1564 79 53 26;
1200 1565 79 43 aff.
1306 1564 103 44 Oct.
1435 1564 79 51 22;
1543 1562 45 45 A
1614 1561 191 54 950586;
1834 1561 167 45 Alfred
2028 1562 59 44 A.
2115 1562 177 54 Knopf,
2317 1562 83 44 inc.

486 1625 269 54 (26-19033)

410 1724 225 73 Miller,
674 1724 269 60 Warren
981 1720 323 76 Hastings,
1348 1723 189 57 1876-

476 1815 105 58 All
621 1813 242 60 around
903 1814 104 59 the
1050 1810 529 75 Mediterranean,
1619 1811 80 72 by
1740 1810 273 58 Warren
2053 1811 79 56 H.
2178 1810 226 58 Miller.

407 1894 151 59 New
591 1892 192 71 York,
817 1890 281 73 London,
1134 1890 73 57 D.
1246 1887 319 75 Appleton
1603 1888 123 61 and
1763 1907 324 54 company,
2127 1889 166 58 1926.

477 1978 1373 58 5 p. l., 171, [1] p. front., illus. (map) plates. 18½ cm .
408 2052 56 55 ©
499 2055 101 43 Oct.
633 2054 66 50 22,
738 2052 106 44 1926
857 2067 9 37 ;
902 2053 64 43 2c.
1003 2052 86 43 and
1125 2052 78 42 aff.
1241 2052 101 44 Oct.
1376 2050 78 53 26;
1493 2050 44 43 A
1569 2048 189 55 950649;
1798 2051 56 43 D.
1891 2050 230 54 Appleton
2155 2051 37 44 &
2227 2065 64 29 co.

488 2110 269 56 (26-19078)

413 2211 297 73 Mitchell,
754 2212 173 58 Ruth
968 2211 300 59 Comfort.

495 2300 1841 77 The wishing carpet, by Ruth Comfort Mitchell …
416 2381 151 58 New
592 2382 191 73 York,
814 2380 277 75 London,
1122 2381 74 57 D.
1228 2381 319 72 Appleton
1579 2382 124 56 and
1734 2398 321 54 company,
2087 2381 166 58 1926.

484 2469 59 50 ix,
575 2468 95 52 264,
706 2469 53 55 [1]
796 2482 38 39 p.
897 2468 51 44 19½
982 2470 48 19 cm
1035 2502 10 10 .

412 2524 54 55 ©
503 2524 101 46 Oct.
637 2527 68 51 29,
743 2526 128 51 1926;
909 2526 63 43 2c.
1009 2526 87 42 and
1131 2525 79 44 aff.
1248 2525 118 44 Nov.
1400 2526 51 51 2;
1490 2524 44 44 A
1569 2521 188 56 950745;
1797 2525 56 44 D.
1891 2525 229 53 Appleton
2157 2525 38 43 &
2227 2539 67 30 co.

491 2582 270 56 (26-19259)

416 2684 202 69 Moon,
662 2683 241 58 Parker
942 2683 286 74 Thomas,
1269 2685 190 58 1892-

487 2772 426 75 Imperialism
965 2773 124 59 and
1137 2774 198 57 world
1385 2771 267 79 politics,
1706 2775 84 71 by
1843 2773 240 58 Parker
2139 2775 272 58 Thomas

413 2848 1830 79 Moon … New York, The Macmillan company, 1926.
482 2924 1239 59 xiv p., 1 l., 583 p. maps (part double) 22½ cm .
413 2982 54 55 ©
497 2986 99 43 Oct.
622 2985 67 52 26,
719 2984 128 53 1926;
876 2986 63 43 2c.
967 2986 88 44 and
1080 2985 77 43 aff.
1187 2985 101 47 Oct.
1315 2985 79 52 27;
1421 2985 44 42 A
1493 2984 189 55 949767;
1714 2986 267 44 Macmillan
2008 3001 64 28 co.

493 3041 270 56 (26-19157)

418 3128 230 72 Moore,
687 3129 257 73 George,
983 3132 189 57 1852-

494 3218 183 60 Ulick
712 3221 125 56 and
873 3217 296 77 Soracha,
1202 3221 84 71 by
1320 3218 243 75 George
1597 3221 233 57 Moore.
1914 3221 149 58 New
2098 3221 190 73 York,
420 3223 1971 132 Issued

601 3298 105 56 for
736 3297 389 59 subscribers
1156 3299 147 71 only
1331 3298 82 72 by
1442 3297 162 59 Boni
1634 3300 125 56 and
1791 3297 346 75 Liveright,
2172 3301 165 57 1926.

487 3372 658 57 4 p. l., 235 p. pl. 23 cm .
491 3432 139 45 “This
664 3432 168 45 edition
861 3433 54 44 of
942 3430 141 48 Ulick
1112 3434 88 43 and
1234 3431 202 48 Soracha
1468 3433 36 44 is
1536 3432 176 56 strictly
1743 3431 172 48 limited
1946 3442 48 37 to
2024 3432 161 48 twelve
2214 3434 202 46 hundred

420 3491 88 43 and
537 3489 103 53 fifty
667 3490 150 52 copies
843 3490 247 44 numbered
1115 3490 88 44 and
1231 3490 197 52 signed.”
1487 3487 114 49 This
1629 3504 114 39 copy
1770 3496 80 39 not
1878 3490 262 46 numbered.

419 3545 53 54 ©
504 3548 99 43 Oct.
637 3546 63 52 15,
735 3546 128 52 1926;
896 3547 62 43 2c.
993 3546 100 44 Oct.
1125 3547 78 52 21;
1237 3547 77 43 aff.
1350 3547 101 44 Oct.
1479 3548 80 52 23;
1594 3547 43 42 A
1667 3547 189 53 949700;
1893 3548 115 43 Boni
2039 3548 38 44 &
2110 3546 246 56 Liveright.

497 3603 269 56 (26-19172)

422 3684 284 74 Morgan,
744 3685 294 61 Edmund
1070 3687 250 72 Morris,
1360 3691 190 56 1878-

498 3774 436 60 Introduction
968 3779 62 63 to
1064 3777 104 58 the
1202 3779 190 72 study
1422 3779 68 58 of
1522 3778 136 73 law,
1690 3780 84 72 by
1808 3780 294 58 Edmund
2132 3781 84 57 M.
422 3781 1975 145 Morgan

657 3849 1764 81 … Chicago, New York, Callaghan and company,
423 3930 166 58 1926.
