2609 4293
0 0 0 0 98
574 421 134 52 Maps
744 435 58 29 on
835 419 338 54 lining-papers.

576 476 151 53 “Only
758 477 86 43 five
874 476 202 44 hundred
1107 477 88 42 and
1226 476 103 52 fifty
1360 475 147 52 copies
1537 476 50 44 of
1616 476 88 44 this
1735 477 120 43 book
1881 477 113 44 have
2024 478 110 43 been
2163 476 178 56 printed
2374 476 119 46 from

506 540 103 46 type
645 535 87 42 and
765 532 78 45 the
875 541 104 45 type
1013 532 310 45 distributed.”

503 587 53 53 ©
595 589 107 43 Dec.
741 589 68 52 23,
851 588 130 52 1925;
1021 589 65 42 2c.
1126 589 98 51 Jan.
1266 587 35 52 7,
1345 587 131 53 1926;
1518 589 78 42 aff.
1638 589 98 51 Jan.
1777 587 77 54 27;
1897 589 44 42 A
1980 589 187 53 883074;
2211 589 188 45 Charles
2439 590 52 46 E.

573 644 187 45 Lauriat
795 660 66 29 co.
931 645 240 54 (26-3242)

502 727 323 74 Brisbane,
855 731 152 55 Mrs.
1041 729 325 71 Margaret
1399 728 191 57 Hunt.

578 809 224 59 Poems
849 810 97 72 [by]
1005 809 328 71 Margaret
1376 807 178 58 Hunt
1594 806 327 60 Brisbane.
2003 809 258 71 Boston,
2305 810 72 56 R.
2422 809 70 59 G.

499 887 255 73 Badger
786 917 12 42 [
800 894 18 22 c
823 887 165 71 1925]

569 964 83 46 200
682 979 40 37 p.
783 963 125 44 front.
947 963 169 52 (port.)
1182 963 52 45 21
1242 965 48 19 cm
1295 1000 10 8 .

501 1016 54 54 ©
583 1019 109 42 Dec.
720 1019 37 51 2,
790 1016 129 53 1925;
949 1019 63 42 2c.
1041 1019 99 51 Jan.
1170 1017 65 50 21,
1267 1015 129 53 1926;
1425 1017 81 42 aff.
1535 1018 99 51 Jan.
1663 1015 77 53 25;
1771 1017 44 42 A
1843 1017 189 52 883044;
2065 1017 218 44 Florence
571 1017 1902 109 Huberwald,

743 1075 118 43 New
899 1073 206 52 Orleans,
1145 1074 76 42 La.
1291 1071 241 55 (26-3015)

501 1158 258 70 Brooks,
803 1157 245 59 Fowler
1086 1155 157 73 Dell,
1288 1160 189 56 1885-

581 1235 129 58 The
743 1235 253 72 applied
1024 1234 387 72 psychology
1441 1234 67 57 of
1539 1234 280 73 reading,
1849 1234 152 58 with
2032 1235 305 58 exercises
2371 1237 121 57 and

505 1312 338 59 directions
898 1313 103 58 for
1054 1311 359 73 improving
1469 1312 183 57 silent
1710 1314 123 56 and
1889 1314 136 56 oral
2078 1313 279 73 reading,
2412 1314 82 71 by

502 1389 1985 75 Fowler D. Brooks … New York, London, D. Appleton
502 1473 124 56 and
659 1489 306 53 company
1001 1500 12 42 [
1016 1477 19 23 c
1038 1469 146 57 1926]

571 1549 109 52 xvii,
715 1549 81 44 278
830 1565 40 38 p.
933 1550 19 42 1
989 1548 129 49 illus.,
1152 1548 166 52 diagrs.
1383 1549 145 42 19½cm.

571 1605 233 47 “Selected
837 1604 279 46 references”
1134 1620 8 29 :
1178 1620 40 38 p.
1254 1602 206 46 255-264.

501 1661 54 54 ©
584 1664 99 51 Jan.
710 1664 67 49 29,
813 1663 130 52 1926;
974 1663 64 42 2c.
1069 1662 87 44 and
1186 1662 78 43 aff.
1297 1661 104 45 Feb.
1434 1662 51 52 2;
1518 1661 44 42 A
1593 1660 190 54 879461;
1820 1663 55 42 D.
1909 1661 227 54 Appleton
2168 1665 86 43 and
2287 1679 65 28 co.

580 1719 243 55 (26-3397)

504 1802 293 75 [Buchan,
833 1802 201 77 Anna]

581 1881 128 57 The
740 1900 236 53 proper
1001 1882 194 72 place,
1227 1883 84 72 by
1343 1882 66 59 O.
1443 1883 280 72 Douglas
1760 1884 247 73 [pseud.]
2080 1883 173 71 chap.
2289 1884 125 56 5-9.

574 1958 79 51 (In
687 1960 167 50 Quiver
884 1961 256 51 magazine,
1172 1962 117 51 Dec.,
1326 1961 127 50 1925)

502 2012 1989 57 © 1c. Jan. 26, 1926; A ad int. 7695; pubd. Nov. 30, 1925; A. Buchan,
571 2072 201 52 Peebles,
807 2071 228 47 Scotland.

501 2140 265 72 Burrell,
800 2144 152 57 Mrs.
990 2143 287 58 Caroline
1312 2145 272 56 Frances
1627 2142 358 74 (Benedict)
2029 2145 89 57 ed.

579 2218 129 57 The
748 2223 255 56 manual
1039 2222 105 58 for
1184 2222 325 57 character
1548 2221 311 73 training;
1901 2242 36 37 a
1977 2219 373 75 guide-book
2386 2220 105 57 for

501 2296 284 59 teachers
812 2300 122 56 and
959 2302 280 71 parents,
1263 2300 194 58 based
1482 2319 77 38 on
1586 2300 128 57 The
1741 2318 211 54 young
1974 2299 163 58 folks
2164 2301 297 68 treasury;

503 2372 291 62 Caroline
825 2376 301 60 Benedict
1158 2378 270 73 Burrell,
1459 2376 280 60 William
1772 2377 216 72 Byron
2024 2375 307 71 Forbush,
500 2375 1966 150 editors,

689 2453 226 59 Jennie
950 2455 160 59 Ellis
1143 2456 295 73 Burdick,
1475 2456 305 58 assistant
1817 2455 220 58 editor.
2113 2454 152 58 New
2300 2453 189 71 York,

499 2530 130 58 The
661 2530 374 76 University
1069 2534 252 73 society,
1356 2534 136 73 inc.,
1529 2535 164 57 1925.

565 2609 836 58 xi, 378 p. front. (port.) 20cm.
499 2664 52 54 ©
581 2668 108 43 Dec.
717 2666 35 53 5,
785 2667 129 54 1925;
943 2670 66 43 2c.
1037 2672 97 50 Jan.
1163 2670 64 53 25,
1263 2671 128 52 1926;
1422 2671 78 43 aff.
1531 2671 119 43 Mar.
1680 2671 77 51 22;
1788 2671 44 42 A
1862 2669 164 45 883047;
2082 2667 264 54 University
569 2666 1900 110 society,
691 2725 84 42 inc.
845 2726 241 54 (26-3230)

499 2792 311 60 Calderón
839 2797 74 57 de
943 2796 66 58 la
1037 2798 219 72 Barca,
1291 2799 219 72 Pedro,
1546 2800 357 58 1600-1681.

495 2874 1972 134 … Three plays, by Calderon … edited, with introduction
676 2953 1813 78 and notes, by George Tyler Northup … Boston,
495 3029 152 57 New
673 3030 173 57 York
877 3036 145 69 [etc.]
1054 3034 72 57 D.
1163 3034 62 60 C.
1258 3035 213 58 Heath
1501 3037 123 56 and
1653 3052 307 53 company
1992 3062 12 43 [
2007 3040 17 21 c
2028 3032 163 71 1926]

565 3103 1780 60 lv, 358 p. front. (port.) 19 cm . (Heath’s modern language series)
829 3199 7 8 CONTENTS.
853 3189 57 5 —
927 3163 117 45 Casa
1089 3181 83 28 con
1216 3168 80 42 dos
1341 3175 181 44 puertas
1567 3165 119 44 mala
1729 3180 45 29 es
1818 3166 55 42 de
1918 3165 210 52 guardar.
2130 3188 57 6 —
2190 3162 64 43 La
2298 3161 103 44 vida
2448 3175 46 29 es

495 3219 876 56 sue ñ o.—La cena del rey Baltasar.
496 3273 53 53 ©
568 3277 112 62 Jan.
713 3277 64 50 20,
816 3279 129 52 1926;
977 3279 66 43 2c.
1076 3282 87 42 and
1195 3282 79 43 aff.
1308 3283 99 51 Jan.
1440 3282 78 51 28;
1554 3281 44 42 A
1634 3280 188 52 879424;
1860 3280 57 41 D.
1954 3277 48 45 C.
2038 3276 155 45 Heath
2229 3277 37 44 &
2296 3291 64 28 co.
2439 3274 53 53 [©

564 3332 303 45 introduction
911 3336 87 42 and
1042 3344 142 47 notes]
1256 3337 242 54 (26-3281)

496 3400 367 60 California.
939 3407 201 73 Laws,
1178 3412 287 70 statutes,
1503 3413 110 52 etc.

572 3478 410 73 Supplement
1013 3485 64 56 to
1108 3484 105 58 the
1245 3487 182 56 codes
1461 3487 124 56 and
1616 3484 258 73 general
1904 3484 152 56 laws
2089 3481 69 57 of
2187 3480 105 57 the
2326 3481 164 56 state

491 3556 69 57 of
595 3555 354 63 California
983 3561 69 57 of
1086 3564 166 72 1923,
1290 3563 281 73 showing
1603 3562 105 58 the
1744 3561 269 88 changes
2051 3558 302 71 affecting
2385 3556 104 58 the

492 3636 183 57 codes
715 3638 125 56 and
877 3638 104 57 the
1021 3642 256 70 general
1314 3641 150 58 laws
1502 3641 85 71 by
1625 3640 105 58 the
1766 3637 398 73 Legislature
2201 3634 70 58 of
2308 3635 181 69 1925;

490 3712 133 57 also
675 3734 36 37 a
761 3715 460 75 chronological
1269 3719 166 57 table
1489 3717 280 72 showing
1818 3716 84 58 all
1951 3713 268 59 sections
2269 3712 68 58 of
2384 3711 105 58 the

492 3792 183 57 codes
722 3794 125 57 and
891 3795 85 56 all
1019 3797 132 57 acts
1198 3795 69 60 of
1310 3796 104 58 the
1459 3795 258 74 general
1759 3795 152 57 laws
1954 3793 139 57 that
2133 3791 160 57 have
2337 3789 152 58 been

489 3871 322 72 amended,
860 3874 310 76 repealed,
1221 3895 73 38 or
1339 3875 207 57 added
1592 3873 168 57 since
1805 3872 168 71 1923,
2018 3871 83 73 by
2145 3869 218 58 James
2409 3866 77 57 H.
