2542 4285
1027 3993 111 63 193

90 356 313 74 [Addison,
442 357 250 72 Joseph]
733 358 356 57 1672-1719.

163 434 127 56 The
325 433 103 58 Sir
459 434 207 71 Roger
695 434 74 57 de
804 432 303 72 Coverley
1135 452 230 52 papers
1399 433 164 58 from
1597 435 181 57 “The
86 436 1956 145 Spectator”,

298 510 206 58 edited
542 509 148 58 with
729 510 437 73 introduction,
1210 513 195 68 notes,
1447 512 122 57 and
1607 511 336 72 questions,
1986 513 81 71 by

86 587 1979 74 Mary E. Litchfield … Boston, New York [etc.] Ginn
84 666 122 57 and
234 683 304 53 company
566 694 13 42 [
581 673 18 21 c
603 665 164 72 1925]

154 740 1761 56 xxxvii, 186 p. front. (port.) 17½cm. (Standard English classics)
156 797 325 54 “Suggestions
514 799 75 43 for
617 797 229 45 students”:
904 812 41 38 p.
974 798 336 43 xxxv-xxxvii.

88 853 52 54 ©
168 856 107 42 Dec.
303 855 65 51 24,
400 853 127 53 1925;
553 854 65 43 2c.
646 854 105 44 Feb.
778 853 65 52 25,
874 854 130 51 1926;
1034 855 78 42 aff.
1139 854 106 44 Feb.
1271 855 78 52 20;
1379 856 43 42 A
1450 854 188 54 883466;
1668 856 137 52 Mary
1832 853 51 48 E.
156 854 1887 108 Litchfield,

311 912 184 43 Boston.
556 907 66 56 [©
659 911 242 52 questions]
972 907 241 56 (26-5557)

85 980 283 72 Alsberg,
405 980 147 58 Carl
583 979 217 72 Lucas,
838 982 188 57 1877-

87 1056 1953 150 … Combination in the American bread-baking industry,
244 1135 150 57 with
432 1153 164 38 some
636 1133 430 59 observations
1106 1153 79 39 on
1221 1133 103 59 the
1362 1153 277 51 mergers
1680 1135 68 57 of
1786 1137 278 71 1924-25,

86 1210 1979 76 by Carl L. Alsberg … Stanford University, Calif. [ c 1926]
184 1320 11 20 v,
234 1287 77 44 148
346 1301 39 39 p.
443 1287 56 43 22
504 1290 46 18 cm
555 1322 10 9 .
632 1286 152 54 (Food
818 1288 208 44 research
1064 1286 212 52 institute,
1317 1286 218 47 Stanford
1570 1286 260 55 university,
84 1287 1962 100 California.

231 1342 345 45 Miscellaneous
609 1342 271 53 publication
910 1357 70 29 no.
1012 1342 38 50 3,
1079 1343 212 53 January,
1328 1342 131 52 1926)

85 1398 53 54 ©
169 1399 105 44 Feb.
303 1400 67 50 23,
402 1399 107 43 1926;
559 1400 64 42 2c.
655 1400 118 42 Mar.
804 1399 50 51 2;
885 1399 79 43 aff.
997 1400 118 41 Mar.
1146 1400 49 51 3;
1229 1400 43 42 A
1303 1398 189 52 879734;
1530 1398 217 47 Stanford
1777 1399 118 43 univ.
1928 1413 138 38 press,

157 1454 222 47 Stanford
417 1454 274 54 University,
736 1454 132 45 Calif.
937 1454 242 55 (26-5900)

88 1527 127 56 The
254 1524 333 57 American
621 1545 154 51 year
808 1526 186 71 book;
1036 1545 38 37 a
1110 1526 220 56 record
1368 1525 66 56 of
1473 1528 211 54 events
1726 1526 125 57 and
164 1544 1882 131 progress,

351 1622 154 52 year
539 1605 162 55 1925.
776 1603 244 72 Editor,
1057 1603 226 57 Albert
1313 1602 301 58 Bushnell
1647 1603 183 72 Hart,
1937 1640 5 18 LL.
2037 1649 32 25 D.,

163 1680 304 57 associate
511 1680 217 71 editor,
770 1679 278 58 William
1088 1680 81 56 M.
1217 1678 318 73 Schuyler.
1616 1679 117 58 Ed.
1774 1679 152 58 with
1965 1680 103 57 the

163 1757 396 70 cooperation
604 1757 67 56 of
714 1777 38 37 a
795 1757 407 71 supervisory
1243 1757 197 57 board
1484 1756 439 73 representing
161 1776 1883 115 national

402 1835 254 57 learned
705 1834 301 58 societies.
1095 1834 150 56 New
1292 1835 189 72 York,
1534 1835 126 57 The
1710 1833 359 59 Macmillan

162 1930 320 53 company,
519 1913 163 56 1926.

150 2004 145 36 xxxv,
331 1986 107 46 1158
469 2002 41 38 p.
568 1987 166 54 diagrs.
792 1988 56 43 20½cm.

82 2042 57 54 ©
165 2043 105 45 Feb.
295 2044 68 51 23,
392 2044 105 43 1926;
547 2045 65 43 2c.
639 2045 88 43 and
751 2045 78 43 aff.
856 2043 106 45 Feb.
987 2044 54 43 24;
1096 2044 43 42 A
1167 2043 162 44 879634;
1383 2044 244 43 American
1652 2059 109 38 year
1788 2045 118 44 book
1932 2059 137 38 corp.,

157 2100 118 44 New
309 2100 141 44 York.

85 2169 297 70 Andross,
417 2172 151 56 Mrs.
602 2168 271 59 Matilda
915 2168 364 73 (Erickson)
1324 2171 189 57 1880-

166 2251 193 70 Story
391 2251 68 57 of
490 2251 102 57 the
626 2251 229 58 advent
888 2267 302 54 message,
1225 2249 314 72 prepared
1573 2251 104 56 for
1710 2250 103 59 the
1847 2250 224 71 Young

87 2328 277 71 people’s
392 2326 381 73 missionary
798 2327 327 57 volunteer
1151 2329 395 70 department
1577 2328 68 58 of
1670 2327 104 58 the
1805 2326 266 60 General

87 2405 363 58 conference
479 2407 68 57 of
578 2404 425 72 Seventh-day
1030 2400 390 75 Adventists,
1450 2405 84 71 by
1561 2402 269 60 Matilda

89 2403 1959 138 Erickson
228 2483 304 57 Andross.
600 2478 436 75 Washington,
1068 2480 72 58 D.
1177 2481 84 70 C.,
1296 2481 199 59 South
1525 2481 193 69 Bend,
1750 2481 136 58 Ind.
1924 2485 146 68 [etc.]

87 2560 250 59 Review
370 2562 123 55 and
523 2559 218 59 herald
771 2556 362 76 publishing
1166 2558 379 59 association
1580 2588 12 41 [
1594 2565 18 22 c
1616 2558 164 73 1926]

156 2636 83 46 352
261 2651 44 38 p.
332 2637 101 45 incl.
462 2636 154 50 front.,
643 2635 120 47 illus.
820 2636 124 46 20cm.

86 2690 53 54 ©
171 2693 99 51 Jan.
308 2692 61 48 11,
407 2690 105 44 1926;
568 2692 64 42 2c.
667 2691 87 43 and
785 2691 80 44 aff.
897 2691 99 51 Jan.
1032 2690 73 51 12;
1140 2690 43 42 A
1219 2688 189 53 879221;
1444 2689 184 45 Review
1659 2691 87 43 and
1777 2688 158 46 herald
1970 2689 100 53 pub.

155 2763 115 28 assn.
339 2745 241 56 (26-5711)

88 2815 301 70 Baldwin,
427 2816 270 56 Frances
735 2814 341 73 Elizabeth,
1116 2817 189 57 1899-

231 2893 1843 73 … Sumptuary legislation and personal regulation in
87 2970 1983 75 England, by Frances Elizabeth Baldwin … Baltimore,
87 3050 128 57 The
255 3050 200 57 Johns
495 3048 284 72 Hopkins
819 3068 199 54 press,
1060 3050 164 55 1926.

154 3126 75 51 vii,
259 3126 136 43 9-282
423 3140 40 37 p.
520 3125 53 43 24½cm.
738 3125 166 53 (Johns
936 3124 210 52 Hopkins
1177 3124 250 53 university
1456 3124 168 45 studies
1653 3124 47 44 in
1724 3124 232 44 historical
1986 3125 86 44 and

85 3180 972 54 political science … ser. XLIv, no. 1)
158 3237 243 44 Published
427 3237 97 44 also
553 3252 47 28 as
632 3236 137 44 thesis
808 3238 106 52 (PH.
975 3236 35 54 D.)
1049 3237 140 52 Johns
1222 3236 210 52 Hopkins
1463 3235 259 54 university,
1757 3236 119 45 1923.

155 3293 349 53 Bibliography:
540 3307 37 38 p.
609 3292 204 45 277-280.

86 3348 53 54 ©
170 3351 99 51 Jan.
300 3350 37 49 6,
373 3349 105 44 1926;
535 3350 66 43 2c.
632 3350 87 42 and
750 3349 79 43 aff.
858 3349 100 51 Jan.
989 3349 51 52 9;
1072 3349 43 42 A
1146 3348 189 52 879204;
1370 3349 142 52 Johns
1547 3348 209 53 Hopkins
1789 3364 140 38 press.

163 3404 244 56 (26-5817)

87 3474 157 73 Ball,
283 3474 183 72 John,
507 3476 354 57 1794-1884.

162 3552 523 73 Autobiography
722 3552 67 58 of
828 3551 169 59 John
1034 3551 158 72 Ball,
1237 3552 304 71 compiled
1579 3552 84 72 by
1698 3551 100 59 his
88 3551 1962 150 daughters,

268 3630 168 57 Kate
473 3629 141 57 Ball
648 3629 270 72 Powers,
957 3629 195 57 Flora
1184 3629 143 57 Ball
1361 3628 304 74 Hopkins,
1704 3629 173 71 Lucy
1913 3629 157 56 Ball.

88 3706 215 60 Grand
336 3706 258 72 Rapids,
630 3706 202 72 Mich.,
869 3707 129 56 The
1034 3706 399 58 Dean-Hicks
1472 3723 321 55 company,
1831 3706 166 56 1925.

154 3783 63 53 xi,
246 3782 94 52 230,
417 3808 11 29 [1]
461 3797 42 38 p.
560 3782 155 53 plates,
746 3789 140 45 ports.
943 3782 57 43 22½
1032 3785 48 18 cm
1085 3816 10 9 .

87 3838 55 57 ©
175 3841 119 51 Aug.
333 3838 63 53 15,
434 3836 129 54 1925;
598 3839 65 44 2c.
700 3838 104 44 Feb.
838 3838 68 51 26,
945 3837 132 52 1926;
1114 3839 78 42 aff.
1228 3836 107 48 Feb,
1371 3838 79 52 27;
1487 3838 43 48 A
1567 3837 188 52 883462;
1795 3836 139 47 Flora
1974 3837 100 44 Ball

158 3897 224 52 Hopkins,
423 3895 151 45 Grand
613 3895 182 51 Rapids,
836 3895 139 45 Mich.
1044 3892 243 55 (26-5639)
