2542 4285
1341 3976 151 57 1028

471 443 96 53 xxi,
609 443 80 45 687
729 460 39 37 p.
830 443 151 53 front.,
1024 442 113 45 illus.
1165 442 18 54 (incl.
1332 443 164 53 ports.)
1564 442 50 45 21
1624 445 46 17 cm
1675 479 8 8 .
1754 440 124 57 (The
1919 441 198 55 Century
2157 442 235 46 education

404 499 163 54 series)
689 499 121 54 $2.25

404 567 56 54 ©
492 569 121 52 Sept.
646 568 61 52 15,
742 568 128 52 1926;
902 568 63 43 2c.
1001 567 121 53 Sept.
1155 568 73 51 18;
1263 568 77 43 aff.
1376 565 119 53 Sept.
1529 566 74 53 17;
1635 568 44 42 A
1710 566 189 55 950060;
1933 566 201 55 Century
2163 582 65 30 co.

485 625 269 56 (26-16055)

405 725 326 73 Richards,
771 725 176 57 Paul.

486 814 1846 75 Cakes for bakers, by Paul Richards … 3d ed. …
408 894 289 73 Chicago,
727 894 269 56 Bakers’
1025 893 217 71 helper
1274 911 322 54 company,
1630 893 166 58 1926.

476 983 1155 56 402, [14] p. incl. front. (port.) illus. 23½ cm .
408 1043 53 53 ©
494 1044 117 52 Aug.
646 1043 61 51 13,
744 1042 130 51 1926;
904 1042 66 42 2c.
1007 1040 119 53 Sept.
1162 1041 73 52 10;
1269 1041 79 43 aff.
1382 1041 120 52 Aug.
1538 1040 74 52 16;
1647 1041 43 42 A
1723 1040 189 53 901968;
1951 1042 50 42 P.
2037 1040 236 53 Richards,
480 1039 1896 114 Toledo,

631 1100 55 44 O.
757 1098 271 55 (26-15931)

408 1199 196 74 Riley,
644 1198 283 60 William
963 1198 154 58 Bell.

489 1292 126 57 The
661 1291 179 57 Bible
886 1290 67 57 of
994 1291 104 57 the
1146 1289 320 73 expositor
1512 1291 122 56 and
1679 1290 104 57 the
1833 1289 363 73 evangelist.
2286 1288 118 60 Old

411 1371 379 56 Testament,
865 1387 57 38 v.
962 1370 51 55 3.
1052 1368 337 72 Leviticus,
1429 1367 329 72 Numbers,
1796 1368 486 72 Deuteronomy,
2321 1369 85 71 by

407 1445 1993 77 W. B. Riley … Cleveland, O., Union gospel press [1926]
476 1524 82 43 210
589 1539 39 37 p.
688 1523 57 44 20
750 1526 14 18 cm
803 1559 8 8 .

407 1579 55 54 ©
494 1582 100 44 Oct.
628 1582 61 50 18,
725 1581 130 52 1926;
885 1581 66 43 2c.
982 1581 87 43 and
1100 1581 78 42 aff.
1213 1580 101 44 Oct.
1344 1580 77 52 21;
1454 1581 44 42 A
1529 1578 190 55 949673;
1752 1581 157 44 Union
1939 1580 156 54 gospel
2125 1595 138 39 press.

408 1694 282 70 Roberts,
736 1694 281 73 Octavia,
1061 1698 190 56 1875-

485 1788 127 56 The
640 1784 278 74 perilous
944 1786 147 73 isle;
1122 1808 37 38 a
1189 1789 177 70 story
1392 1787 67 59 of
1487 1789 104 57 the
1622 1788 129 59 San
1776 1785 310 76 Domingo
2115 1785 293 78 uprising

407 1867 191 58 based
621 1882 79 40 on
727 1882 81 43 an
834 1865 103 59 old
959 1863 227 74 family
1208 1862 273 75 journal,
1504 1866 85 71 by
1613 1863 261 61 Octavia
1900 1867 288 58 Roberts.
2254 1867 152 58 New

406 1944 171 57 York
603 1946 124 57 and
751 1943 279 69 London,
1056 1941 257 72 Harper
1338 1943 49 56 &
1410 1942 310 72 brothers,
1749 1943 165 58 1926.

478 2019 830 54 5 p. l., 281 p. incl. front. 19½ cm .
412 2075 52 54 ©
498 2076 119 53 Sept.
652 2073 62 53 17,
749 2074 129 52 1926;
911 2075 64 42 2c.
1010 2074 120 52 Sept.
1165 2074 74 51 14;
1273 2074 78 42 aff.
1385 2071 122 54 Sept.
1538 2073 80 53 20;
1648 2073 46 43 A
1724 2072 190 55 950062;
1946 2075 185 53 Harper
2162 2076 39 45 &
2229 2076 118 45 bros.

492 2132 268 56 (26-16048)

410 2233 282 70 Roberts,
738 2230 295 74 Richard,
1080 2233 190 57 1874-

490 2323 128 58 The
672 2340 137 40 new
862 2340 146 39 man
1065 2322 124 57 and
1243 2320 105 58 the
1406 2319 210 60 divine
1675 2320 265 74 society;
2002 2345 37 38 a
2100 2323 189 73 study
2344 2323 65 59 in

416 2400 436 72 Christianity,
920 2418 58 39 v.
1011 2402 51 69 1,
1092 2400 84 71 by
1204 2398 278 58 Richard
1513 2400 289 57 Roberts.
1875 2402 151 57 New
2054 2402 190 74 York,
2278 2403 130 58 The

413 2478 359 59 Macmillan
805 2495 324 55 company,
1167 2477 166 57 1926.

485 2558 18 41 1
537 2570 40 29 v.
639 2555 146 44 19½cm.

484 2610 174 46 “Given
684 2626 51 28 as
760 2611 78 44 the
866 2610 305 46 Southworth
1197 2610 197 44 lectures
1422 2610 46 43 in
1495 2610 77 45 the
1596 2609 304 56 Theological
1926 2612 160 45 school
2113 2612 48 44 in
2188 2612 223 47 Harvard

415 2667 255 54 university
695 2667 46 43 in
769 2666 135 53 April
932 2667 54 44 of
1012 2666 92 44 this
1129 2667 405 52 year.”—Introd.,
1562 2684 41 27 v.
1634 2668 34 43 1.

485 2724 230 43 “Notes”:
744 2739 41 27 v.
816 2726 34 49 1,
877 2738 41 38 p.
945 2721 206 46 213-217.

415 2780 53 53 ©
497 2782 120 51 Sept.
647 2781 60 52 14,
738 2780 131 53 1926;
895 2780 63 43 2c.
986 2781 87 42 and
1099 2780 78 44 aff.
1208 2779 120 53 Sept.
1360 2778 74 54 15;
1463 2780 44 42 A
1534 2779 189 54 950026;
1754 2781 267 45 Macmillan
2047 2797 66 31 co.

495 2837 270 56 (26-15948)

415 2936 294 72 Sanford,
748 2936 228 58 Albert
1017 2936 181 73 Hart,
1243 2939 189 57 1866-

486 3031 59 56 A
578 3030 314 58 teachers’
925 3029 256 57 manual
1219 3030 490 74 accompanying
1743 3033 103 57 the
1888 3031 525 74 Sanford-Gordy

410 3107 337 59 American
776 3106 250 74 history
1056 3125 200 54 maps,
1290 3106 153 59 with
1476 3107 340 73 European
1849 3109 404 73 background
2289 3114 124 57 and

412 3184 2001 80 beginnings, by Albert H. Sanford … Wilbur F. Gordy
481 3261 1453 77 … Chicago, Ill., A. J. Nystrom & co. [c1926]
485 3344 18 41 1
536 3359 39 35 p.
637 3378 8 16 l.,
676 3344 56 49 iv,
763 3341 139 47 5-122
926 3356 41 37 p.
1026 3340 152 45 20½cm.

418 3396 53 53 ©
497 3398 119 52 Aug.
641 3397 41 50 2,
712 3395 128 54 1926;
868 3396 65 42 2c.
962 3396 119 52 Aug.
1113 3395 74 52 16;
1218 3395 80 44 aff.
1327 3395 119 53 Aug.
1472 3393 79 54 25;
1583 3395 44 42 A
1653 3394 191 55 901585;
1874 3397 57 42 A.
1960 3397 40 53 J.
2029 3397 225 54 Nystrom
2281 3400 39 44 &
2344 3414 65 30 co.

499 3452 269 57 (26-15970)

417 3552 326 73 Schofield,
782 3552 231 58 Alfred
1052 3551 249 75 Taylor,
1342 3555 148 56 1846–

422 3642 1966 155 New light on the crucifixion, by A. T. Schofield … Philadelphia,
762 3724 130 57 The
922 3723 260 73 Sunday
1210 3723 208 58 school
1443 3723 183 59 times
1653 3743 307 54 company
1989 3755 13 44 [
2003 3732 21 24 c
2026 3726 165 74 1926]

485 3803 54 44 48
566 3820 39 36 p.
669 3804 50 44 19
724 3805 48 17 cm
778 3838 8 8 .

421 3857 53 53 ©
502 3859 111 51 Apr.
646 3858 63 51 16,
742 3857 130 53 1926;
900 3858 66 43 2c.
996 3858 87 43 and
1111 3857 78 44 aff.
1223 3857 122 53 Sept.
1380 3857 74 52 14;
1486 3857 45 43 A
1561 3858 189 53 949001;
1786 3857 183 55 Sunday
2000 3858 154 46 school
2184 3858 130 46 times
2344 3874 68 30 co.

500 3913 269 49 (26-16063)
