2542 4285
1329 3983 112 56 550

404 340 297 59 National
729 343 290 56 research
1049 342 257 58 council,

480 432 459 57 International
967 433 241 56 critical
1234 433 198 56 tables
1462 433 66 56 of
1553 434 341 56 numerical
1921 435 166 71 data,
2115 435 271 75 physics,

404 509 338 72 chemistry
780 511 124 55 and
941 511 385 71 technology,
1368 512 314 70 prepared
1719 512 197 56 under
1956 512 103 56 the
2103 512 284 71 auspices

404 587 66 55 of
513 587 105 56 the
659 587 460 57 International
1163 588 292 56 research
1498 588 236 56 council
1776 590 124 55 and
1943 589 102 56 the
2093 589 297 58 National

403 665 298 69 academy
731 664 67 56 of
833 664 268 57 sciences
1136 665 84 70 by
1252 665 103 56 the
1392 665 297 56 National
1723 665 292 58 research
2049 666 238 57 council
2321 667 68 56 of

401 741 104 56 the
545 741 236 57 United
823 741 215 58 States
1078 742 65 56 of
1184 741 322 71 Amreica;
1552 743 516 58 editor-in-chief:
2113 743 274 58 Edward

397 818 1919 62 W. Washburn … associate editors: Clarence J. West …
400 895 1990 74 N. Ernest Dorsey … assistant editors: F. R. Bichowsky
468 958 1915 100 … Alfons Klemenc … 1st ed. [v. 1.] New York [etc.]
397 1050 151 57 Pub.
587 1051 106 56 for
728 1051 103 56 the
871 1051 298 56 National
1205 1052 293 55 research
1536 1052 237 56 council
1808 1053 82 69 by
1927 1052 104 56 the
2070 1051 315 59 McGraw-

396 1126 135 58 Hill
559 1128 158 56 book
752 1147 321 53 company,
1105 1128 135 74 inc.,
1279 1129 164 56 1926.

537 1238 7 17 xx,
577 1202 81 45 415
690 1219 39 37 p.
792 1205 166 52 diagrs.
1020 1205 53 43 28½
1108 1207 48 18 cm
1162 1239 9 9 .

469 1259 213 45 Contains
716 1260 364 53 bibliographies.

399 1314 52 53 ©
480 1316 110 52 Apr.
618 1317 63 51 30,
716 1317 127 51 1926;
874 1317 65 43 2c.
968 1318 87 42 and
1082 1318 78 42 aff.
1191 1318 112 51 May
1333 1317 75 52 10;
1440 1317 45 42 A
1514 1316 186 53 890683;
1734 1316 217 45 National
1978 1317 216 53 academy
2221 1316 50 45 of

468 1318 1897 107 sciences,
640 1372 317 53 Washington.
1025 1371 270 56 (26-10495)

396 1469 275 70 Newton,
713 1471 238 73 Joseph
987 1471 168 69 Fort,
1197 1473 189 57 1876-

475 1564 128 58 The
640 1564 178 56 truth
857 1562 121 57 and
1017 1565 104 57 the
1157 1561 113 60 life
1310 1565 123 56 and
1473 1564 175 56 other
1690 1580 298 53 sermons,
2026 1564 85 69 by
2145 1562 240 72 Joseph

399 1639 1988 73 Fort Newton … New York, George H. Doran company
400 1747 14 43 [
418 1725 16 21 c
437 1718 163 71 1926]

466 1794 740 52 viii p., 2 l., 13-340 p. 19½ cm .
392 1847 52 53 ©
469 1849 111 51 Apr.
610 1847 62 54 15,
702 1848 129 53 1926;
858 1850 65 42 2c.
950 1849 112 52 Apr.
1093 1849 74 52 19;
1195 1849 79 43 aff.
1301 1849 113 52 May
1443 1849 74 52 13;
1546 1849 45 42 A
1617 1847 187 54 890752;
1835 1848 181 53 George
2040 1849 62 42 H.
2129 1848 161 43 Doran
2313 1864 65 28 co.

469 1903 268 56 (26-10714)

391 2003 452 58 Northeastern
874 2007 300 69 reporter.

469 2094 460 57 Northeastern
958 2096 287 69 reporter
1278 2093 224 73 digest,
1531 2093 318 73 including
1881 2112 173 39 cases
2087 2094 298 71 reported

391 2170 1966 137 in vols. 1-140 Northeastern reporter … Ed. by the editorial
630 2249 1749 72 staff of the American digest system … v. 11.
391 2325 1966 152 Trover and conversions-Zones … St. Paul, West publishing co., 1926.
459 2482 59 51 iii,
551 2480 301 47 13565-14698
879 2496 41 38 p.
976 2481 55 44 26
1036 2484 48 18 cm
1090 2516 8 8 .

390 2536 52 53 ©
470 2538 116 43 Mar.
613 2539 36 51 3,
681 2538 128 53 1926;
837 2539 64 42 2c.
929 2538 112 52 May
1064 2538 48 52 8;
1143 2538 79 42 aff.
1251 2539 111 50 May
1387 2535 48 54 7;
1465 2537 45 42 A
1536 2536 190 53 891360;
1753 2536 135 45 West
1913 2535 101 53 pub.
2041 2550 66 30 co.

391 2643 331 72 Pailleron,
816 2643 243 57 Édouard
1094 2642 176 59 Jules
1309 2641 215 72 Henri,
1563 2642 356 58 1834-1899.

467 2731 1917 70 Le monde ou Pon s’ennuie; com é di e en trois actes, par
390 2812 296 57 Edouard
727 2811 335 71 Pailleron,
1106 2811 224 70 edited,
1371 2809 152 57 with
1561 2809 441 70 introduction,
2044 2810 196 67 notes,
391 2826 1969 121 exercises

651 2884 1732 77 and vocabulary, by Frank Otis Reed … and John
387 2963 1810 76 Brooks … New York, H. Holt and company [ c 1926]
455 3043 478 54 xii, 260 p. 17½ cm .
385 3100 56 53 ©
471 3103 110 51 May
614 3103 62 49 10,
710 3102 129 51 1926;
867 3102 66 42 2c.
963 3101 87 43 and
1078 3101 79 42 aff.
1189 3102 112 50 May
1334 3100 73 51 14;
1440 3100 45 42 A
1514 3097 188 54 890748;
1736 3099 162 52 Henry
1928 3096 118 45 Holt
2076 3097 37 44 &
2142 3111 67 29 co.

466 3157 268 55 (26-10667)

389 3258 319 70 Paterson,
744 3258 151 56 Mrs.
933 3252 223 60 Isabel.

468 3331 1906 78 The fourth queen, by Isabel Paterson … New York,
388 3416 160 58 Boni
575 3416 47 56 &
648 3413 345 74 Liveright,
1025 3416 166 56 1926.

456 3492 82 47 315
561 3509 43 39 p.
666 3495 51 44 19½
768 3496 29 18 cm
804 3533 8 8 .

388 3549 52 53 ©
468 3551 111 51 May
604 3550 38 51 3,
671 3549 129 52 1926;
829 3549 64 43 2c.
922 3550 112 51 May
1062 3546 74 55 17;
1166 3547 78 44 aff.
1273 3548 112 51 May
1414 3547 74 51 14;
1517 3547 45 42 A
1590 3543 186 54 890805;
1809 3544 114 44 Boni
1952 3545 37 43 &
2015 3542 247 53 Liveright,
2292 3542 83 44 inc.

466 3605 269 56 (26-10689)

388 3702 331 72 Petrovits,
755 3703 237 72 Joseph
1027 3701 208 58 Julius
1276 3700 274 72 Charles,
1588 3701 187 57 1886-

467 3786 127 57 The
628 3805 135 38 new
795 3785 227 57 church
1054 3786 120 55 law
1207 3803 80 39 on
1315 3783 396 71 matrimony.
1795 3782 77 58 2d
1906 3780 314 72 amplified
2255 3779 120 57 and

389 3857 1986 78 rev. ed., by the Rev. Joseph J. C. Petrovits … introduction
