2542 4285
1256 4003 149 57 1348

385 489 1921 58 4 p. l., iii, 256 p. fold. map. 19 cm . (On cover: Le roman des grandes
317 554 260 44 existences.
636 553 52 48 2)

388 608 367 50 “Bibliographie
786 606 296 47 sommaire”:
1115 621 40 35 p.
1187 603 205 46 252-254.

319 662 51 53 ©
400 664 114 51 June
546 660 61 53 15,
641 662 128 51 1926;
858 697 7 7 1c.
899 662 100 43 Oct.
1029 659 78 52 20;
1140 660 101 41 A—
1244 658 198 52 Foreign
1473 658 158 50 32018;
1668 656 337 44 Plon-Nourrit
2036 656 37 43 &
2102 670 65 28 co.

396 719 268 55 (26-21100)

324 820 251 67 Carson,
618 818 168 59 John
822 816 327 71 Renshaw,
1190 818 189 57 1887-

395 910 273 60 Electric
714 907 220 62 circuit
982 908 226 74 theory
1256 911 123 57 and
1425 909 104 57 the
1581 905 392 75 operational
2021 905 289 70 calculus,

317 966 1994 161 by John R . Carson … 1st ed. New York [etc.] McGraw-Hill
478 1067 158 59 book
664 1083 322 54 company,
1014 1063 138 74 inc.,
1181 1064 165 60 1926.

391 1141 910 55 ix, 197 p. diagrs. 23 ½ cm . $3.00
395 1201 354 51 Bibliography:
777 1215 26 36 p.
852 1199 201 45 190-193.

322 1255 52 54 ©
407 1257 118 43 Nov.
560 1256 61 50 11,
658 1254 128 51 1926;
817 1254 65 42 2c.
912 1254 88 42 and
1030 1253 78 42 aff.
1141 1251 119 44 Nov.
1295 1249 74 52 17;
1404 1250 44 42 A
1478 1247 188 54 950967;
1701 1247 349 46 McGraw-Hill
2080 1249 122 44 book
2231 1264 79 33 co.,

391 1314 82 43 inc.
542 1311 268 56 (26-20998)

328 1397 254 72 Celarié,
623 1395 344 60 Henriette.

465 1484 1852 79 … Le dragon des Hespérides. Paris, Plon-Nourrit et
320 1590 32 37 c
368 1577 19 21 ie
421 1600 13 43 [
435 1578 19 22 c
458 1570 164 72 1926]

391 1646 642 51 3 p. l., 242 p., 2 l. 19 cm .
319 1700 57 54 ©
406 1702 115 52 June
548 1699 66 52 25,
647 1700 129 51 1926;
866 1735 7 7 1c.
906 1700 101 43 Oct.
1037 1698 77 52 20;
1148 1698 102 42 A—
1252 1697 199 52 Foreign
1481 1697 159 51 32012;
1675 1696 338 43 Plon-Nourrit
2043 1697 37 43 &
2110 1711 64 29 co.

400 1758 269 54 (26-21101)

330 1842 318 74 Chappell,
690 1843 240 72 George
972 1840 303 74 Shepard,
1322 1843 189 57 1877-

400 1933 1850 76 The younger married set, by George S. Chappell …
321 2015 360 58 illustrated
714 2014 84 72 by
832 2013 236 73 Gluyas
1102 2011 331 61 Williams.
1506 2013 241 58 Boston
1783 2014 123 59 and
1942 2013 151 57 New
2128 2012 191 70 York,

323 2093 341 72 Houghton
695 2089 215 61 Mifflin
941 2108 324 54 company,
1300 2092 164 56 1926.

394 2167 901 54 3 p. l., 155 p. front., illus. 19½ cm .
326 2224 53 53 ©
415 2226 118 43 Nov.
572 2226 62 50 12,
673 2224 129 52 1926;
837 2225 65 42 2c.
939 2225 88 42 and
1061 2224 78 42 aff.
1176 2223 119 43 Nov.
1336 2220 73 54 15;
1448 2223 44 42 A
1527 2221 188 53 950936;
1757 2222 50 45 G.
1848 2221 44 47 S.
1934 2221 229 54 Chappell,
2201 2224 118 43 New

397 2284 142 43 York.
608 2281 271 55 (26-20941)

332 2366 280 75 Chorley,
657 2368 219 73 Henry
914 2366 364 74 Fothergill,
1322 2368 356 58 1808-1872.

407 2457 226 72 Thirty
658 2461 216 69 years’
898 2457 263 58 musical
1188 2457 426 58 recollections
1645 2458 113 72 [by]
1788 2456 221 74 Henry
2033 2458 71 57 F.
329 2457 1972 152 Chorley,

502 2535 208 59 edited
763 2535 151 57 with
970 2556 79 38 an
1101 2533 428 60 introduction
1578 2536 84 72 by
1713 2535 235 58 Ernest
2000 2536 315 58 Newman.

330 2614 151 58 New
512 2613 190 71 York,
736 2613 276 73 London,
1047 2613 74 57 A.
1156 2613 75 58 A.
1264 2612 243 73 Knopf,
1541 2614 164 56 1926.

541 2690 888 53 xxv, 411 p., 1 l. front. (port.) 24 ½ cm .
328 2747 53 54 ©
408 2750 101 43 Oct.
535 2750 64 50 29,
631 2749 129 51 1926;
788 2748 64 43 2c.
880 2748 118 44 Nov.
1030 2747 73 54 10;
1133 2748 78 43 aff.
1240 2748 118 43 Nov.
1388 2749 48 50 9;
1468 2747 43 43 A
1538 2746 189 54 950889;
1759 2747 166 44 Alfred
1951 2748 57 43 A.
2039 2746 170 54 Knopf,
2239 2748 82 43 inc.

414 2805 53 54 [©
507 2806 75 44 the
623 2806 316 52 introduction]
1010 2805 270 54 (26-20933)

332 2891 205 69 Coffin,
584 2891 219 73 Henry
844 2889 245 74 Sloane,
1133 2894 189 57 1877-

402 2981 1921 77 What to preach, by Henry Sloane Coffin … New York,
328 3062 243 73 George
602 3061 78 58 H.
712 3061 216 59 Doran
960 3080 307 55 company
1298 3092 13 44 [
1314 3070 17 22 c
1335 3063 164 72 1926]

402 3141 78 45 189
510 3155 40 35 p.
609 3139 151 45 20½cm.

401 3196 125 46 “The
554 3197 230 43 Warrack
814 3196 195 46 lectures
1045 3198 76 44 for
1157 3196 105 46 1926
1292 3197 45 44 in
1369 3198 119 43 New
1519 3196 184 52 college,
1739 3196 283 53 Edinburgh,
2054 3200 88 43 and
2174 3197 45 44 in
2252 3200 76 45 the

330 3254 195 49 colleges
558 3253 52 45 of
643 3254 75 43 the
751 3251 171 46 United
957 3254 98 44 free
1086 3252 171 45 church
1290 3254 52 43 of
1375 3252 217 46 Scotland
1625 3253 45 44 in
1702 3253 218 52 Glasgow
1950 3253 89 45 and
2070 3256 256 45 Aberdeen.

329 3309 151 46 These
508 3308 193 45 lectures
731 3324 119 30 were
880 3310 95 44 also
1005 3309 133 50 given
1168 3325 49 30 as
1246 3310 77 43 the
1352 3310 182 45 Russell
1563 3310 192 45 lectures
1787 3318 47 37 at
1862 3310 195 46 Auburn
2088 3310 239 55 seminary,

330 3369 88 42 and
448 3381 48 29 as
527 3366 74 44 the
637 3365 216 46 Swander
886 3365 191 46 lectures
1109 3366 45 43 in
1185 3367 75 43 the
1290 3364 299 53 Theological
1622 3367 228 52 seminary
1882 3369 54 43 of
1969 3368 76 45 the
2078 3370 249 45 Reformed

331 3423 169 44 church
528 3424 42 42 in
599 3423 74 43 the
699 3421 172 46 United
902 3422 151 46 States
1081 3430 47 37 at
1155 3423 257 49 Lancaster,
1446 3422 195 44 Penna.”

331 3474 54 53 ©
417 3476 117 43 Nov.
568 3473 63 53 15,
665 3474 129 53 1926;
826 3475 63 44 2c.
922 3476 88 42 and
1040 3475 78 43 aff.
1150 3475 118 43 Nov.
1302 3474 74 53 16;
1409 3475 44 42 A
1483 3475 189 53 950997;
1710 3476 177 54 George
1919 3479 60 42 H.
2015 3479 158 44 Doran
2204 3494 65 30 co.

411 3532 269 54 (26-21366)

338 3613 208 74 Colby,
582 3615 217 58 Frank
827 3617 231 71 Moore,
1094 3620 357 57 1865-1925.

410 3705 1917 83 The Colby essays … by Frank Moore Colby; selected
330 3783 1974 151 and edited by Clarence Day, jr. … New York and London,
504 3862 256 74 Harper
790 3865 49 57 &
868 3866 309 73 brothers,
1211 3869 165 57 1926.

402 3940 278 46 2 v. 21 cm .
