2542 4285
1048 3982 111 59 339

114 347 125 55 The
270 345 239 57 concise
539 347 317 57 Standard
882 347 353 72 dictionary
1264 349 65 56 of
1358 350 102 56 the
1481 349 263 73 English
1762 351 326 73 language,

188 423 298 72 designed
522 427 62 53 to
624 424 139 71 give
800 424 103 57 the
943 425 446 72 orthography,
1430 426 494 72 pronunciation,
1969 430 122 56 and

185 500 292 72 meaning
524 500 65 56 of
639 500 189 58 about
876 502 205 70 38,000
1128 503 205 56 words
1386 503 123 56 and
1558 503 262 70 phrases
1871 503 64 56 in
1986 504 103 57 the

189 576 219 70 speech
441 577 120 57 and
589 576 328 58 literature
947 577 68 57 of
1044 579 104 56 the
1178 577 597 73 English-speaking
1802 578 255 72 peoples;

187 654 109 55 780
337 653 290 69 pictorial
666 654 436 57 illustrations.
1186 655 324 71 Abridged
1554 655 164 57 from
1763 655 103 57 the
1911 655 179 56 Funk

187 731 60 53 &
285 729 324 72 Wagnalls
648 749 134 38 new
824 729 318 59 Standard
1183 730 350 71 dictionary
1575 731 67 57 of
1680 732 104 56 the
1826 730 260 73 English

185 806 1905 74 language by James C. Fernald … New ed., carefully
186 883 1904 72 rev. by Frank H. Vizetelly … New York and London,
183 958 180 57 Funk
398 959 47 56 &
477 961 324 71 Wagnalls
841 979 319 53 company,
1199 962 164 56 1926.

207 1045 672 55 v, [1], 583 p. illus. 16 ½ cm .
105 1100 53 53 ©
182 1101 119 45 Nov.
328 1101 36 52 5,
393 1101 129 53 1925;
550 1107 63 41 2c.
642 1101 90 44 and
761 1102 78 45 aff.
867 1103 113 52 Apr.
1008 1101 36 52 7,
1075 1103 129 51 1926;
1234 1102 44 43 A
1305 1102 190 52 883911;
1526 1099 135 46 Funk
1687 1102 38 44 &
1751 1101 243 54 Wagnalls
2023 1116 68 29 co.

183 1157 241 54 (26-8198)

108 1255 264 69 Courtis,
413 1257 220 57 Stuart
665 1256 332 73 Appleton,
1037 1259 189 57 1874-

180 1347 166 71 Why
387 1346 276 58 children
709 1348 287 70 succeed;
1040 1366 36 37 a
1121 1347 186 70 study
1352 1348 67 56 of
1462 1347 103 56 the
1608 1347 237 56 factors
106 1346 1963 151 conditioning

394 1425 104 57 the
542 1444 296 53 progress
887 1425 67 57 of
999 1424 278 57 children
1321 1424 65 56 in
1433 1424 223 71 school,
1707 1424 124 57 and
1876 1424 66 56 of
1989 1424 103 57 the

103 1503 311 70 problems
443 1503 136 56 that
604 1506 167 53 must
797 1503 73 57 be
901 1502 209 58 solved
1142 1501 216 58 before
1388 1502 103 57 the
1519 1500 446 72 relationships
103 1501 1964 137 between

336 1581 103 56 the
475 1580 238 57 factors
751 1580 123 57 and
911 1579 206 58 school
1156 1597 242 39 success
1435 1598 113 38 can
1583 1578 73 58 be
1693 1578 264 72 reliably
102 1579 1966 149 determined,

453 1653 1638 75 by Stuart Appleton Courtis … Detroit, Mich.,
104 1734 250 59 Courtis
391 1735 301 57 standard
726 1738 156 53 tests
921 1762 13 43 [
934 1741 20 21 c
958 1733 163 69 1925]

173 1809 1028 55 271 p. incl. illus., tables, diagrs. 20 ½ cm .
172 1867 162 45 Thesis
371 1869 105 53 (PH.
535 1866 368 54 D.)—University
931 1867 52 42 of
1012 1866 247 53 Michigan,
1291 1863 118 47 1925.

175 1926 126 43 “List
334 1925 51 44 of
419 1925 184 43 authors
638 1925 87 43 and
762 1923 119 45 titles
916 1931 47 36 to
999 1922 146 45 which
1183 1921 253 45 references
1471 1937 77 28 are
1584 1922 129 43 made
1748 1921 46 44 in
1831 1922 74 44 the
1939 1920 152 45 text”:

103 1997 38 37 p.
175 1980 204 46 268-271.

102 2037 53 53 ©
183 2037 100 45 Oct.
313 2037 62 53 15,
404 2036 129 52 1925;
559 2042 65 41 2c.
656 2035 119 44 Mar.
806 2036 63 50 12,
899 2036 131 50 1926;
1062 2034 78 44 aff.
1172 2034 120 45 Mar.
1325 2035 75 50 11;
1431 2034 44 43 A
1502 2034 190 52 883606;
1727 2033 46 47 S.
1802 2034 55 43 A.
1891 2033 200 54 Courtis,

170 2093 196 45 Detroit.
435 2092 241 55 (26-8091)

105 2192 293 73 Cushing,
442 2192 214 72 Harry
695 2189 220 59 Cooke.

243 2278 1847 75 … Standard wiring for electric light and power, as
100 2356 1924 75 adopted by the fire underwriters of the United States …
100 2435 1993 75 By H. C. Cushing, jr. … [32d year, 1926. 32d ed.] New
98 2515 189 70 York,
316 2514 80 56 H.
433 2514 63 58 C.
532 2512 295 73 Cushing,
858 2513 78 71 jr.
973 2513 181 72 [1926]

165 2590 84 44 464
278 2604 40 39 p.
380 2588 132 53 illus.,
542 2589 156 51 tables,
732 2587 171 55 diagrs.
965 2588 52 45 17
1023 2591 47 18 cm
1076 2624 7 7 .

168 2645 63 45 At
259 2644 118 45 head
406 2646 53 43 of
486 2645 97 44 title
600 2661 8 28 :
640 2643 98 45 The
767 2645 206 44 national
1000 2644 238 54 authority
1264 2660 59 28 on
1351 2644 180 54 wiring.

99 2700 53 54 ©
182 2701 117 44 Mar.
332 2702 60 51 18,
424 2702 107 44 1926;
583 2706 64 40 2c.
679 2701 118 45 Mar.
826 2701 78 52 25;
937 2700 78 45 aff.
1047 2701 118 44 Mar.
1196 2703 78 51 23;
1307 2701 44 43 A
1380 2702 190 52 890034;
1606 2702 58 42 H.
1699 2699 48 46 C.
1781 2699 220 55 Cushing,
2032 2700 57 53 jr.

103 2815 203 73 Daily,
344 2815 332 72 Benjamin
710 2814 296 72 William,
1043 2819 188 55 1883-

180 2905 129 56 The
357 2902 220 73 ability
623 2905 67 56 of
736 2903 149 72 high
935 2902 208 58 school
1188 2903 211 71 pupils
1448 2907 62 53 to
1562 2905 187 56 select
1797 2904 292 58 essential

101 2980 1923 74 data in solving problems, by Benjamin W. Daily …
101 3060 150 58 New
294 3060 172 57 York
513 3059 140 72 city,
702 3059 308 57 Teachers
1058 3059 249 71 college,
1356 3057 321 59 Columbia
1722 3059 368 73 university,

101 3139 163 56 1925.

169 3216 90 50 viii,
300 3216 74 43 103
408 3230 39 37 p.
484 3214 96 44 incl.
616 3214 155 44 tables.
831 3213 52 44 23½cm.
1050 3212 253 54 (Teachers
1337 3212 185 55 college,
1561 3212 234 46 Columbia
1833 3212 257 55 university.

103 3271 339 46 Contributions
474 3280 46 35 to
551 3271 250 52 education,
828 3284 72 30 no.
935 3270 102 53 190)

174 3329 244 44 Published
444 3328 95 43 also
568 3343 49 28 as
644 3327 137 44 thesis
819 3327 107 53 (PH.
984 3326 35 52 D.)
1057 3326 236 44 Columbia
1322 3325 264 54 university,
1619 3325 115 49 1926.

173 3384 349 54 Bibliography:
553 3400 39 37 p.
627 3383 90 44 103.

96 3441 55 54 ©
183 3443 102 51 Jan.
321 3442 64 50 26,
424 3441 127 49 1926;
589 3444 63 40 2c.
690 3438 119 44 Mar.
848 3438 75 52 15;
962 3438 79 45 aff.
1080 3438 119 44 Mar.
1235 3438 52 52 8;
1324 3438 43 42 A
1402 3438 190 52 879858;
1632 3436 232 47 Teachers
1903 3439 186 55 college,

171 3495 242 47 Columbia
448 3495 121 44 univ.
639 3494 242 54 (26-8087)

102 3594 242 75 D’Alès,
375 3595 336 58 Adhemar.

173 3669 1917 73 Dictionnaire apologétique de la foi catholique … 4. éd.
99 3746 1923 62 entièrement refondue sous la direction de A. d’Alès …
98 3827 153 58 fasc.
285 3827 86 57 20.
445 3824 808 61 Probabilisme-Réforme.
1327 3824 204 72 Paris,
1568 3825 67 58 G.
1670 3825 419 78 Beauchesne,

98 3905 164 59 1924.
