2542 4285
1401 3971 112 57 594

464 348 569 73 Börnstein-Bosta,
1071 350 67 57 F.

542 440 315 58 Mandana
885 439 214 60 baschi
1117 465 11 48 ;
1161 440 204 60 reisen
1394 443 126 56 und
1549 441 335 59 erlebnisse
1914 439 167 59 eines
2112 442 334 57 deutschen

464 521 203 55 arztes
705 518 66 58 in
809 518 447 73 Afghanistan,
1294 536 124 40 von
1455 520 91 56 dr.
1589 518 69 56 F.
1699 514 592 76 Börnstein-Bosta;
2331 519 115 58 mit

466 598 71 54 38
588 596 416 73 abbildungen
1052 597 129 57 und
1231 594 170 62 einer
1449 596 195 57 karte.
1744 596 234 72 Berlin,
2029 598 73 55 R.
2153 596 294 72 Hobbing

543 674 125 71 [c1925]

540 764 77 45 176
640 779 40 36 p.
741 764 150 52 front.,
918 763 157 53 plates,
1100 770 153 45 ports·,
1280 764 113 46 fold.
1419 778 115 36 map.
1592 763 54 46 24
1652 767 47 17 cm
1705 799 8 8 .

466 829 1868 55 © Oct. 8, 1925; 1c. Mar. 9, 1926; A —Foreign 30546; Reimar Hobbing.
543 886 268 57 (26-11328)

464 986 264 71 Bolitho,
766 986 295 60 William.

540 1080 169 73 Italy
773 1081 200 57 under
1039 1077 352 72 Mussolini,
1456 1081 84 69 by
1604 1075 277 62 William
1948 1076 267 58 Bolitho.
2299 1080 149 57 New

463 1158 188 73 York,
685 1156 128 61 The
845 1156 357 59 Macmillan
1233 1175 321 54 company,
1587 1157 163 56 1926.

537 1249 508 52 5 p. l., 129 p. 21 cm .
536 1319 122 46 “The
692 1328 163 36 matter
887 1317 238 47 contained
1161 1318 43 44 in
1238 1317 89 46 this
1360 1318 121 46 book
1513 1317 223 52 appeared
1769 1317 45 44 in
1851 1318 73 44 the
1958 1317 164 46 World
2156 1316 167 53 during
465 1319 1962 108 December,
696 1374 117 53 1925,
848 1393 48 28 as
932 1392 27 28 a
992 1375 137 46 series
1165 1375 52 46 of
1253 1372 182 48 articles
1467 1374 149 45 which
1650 1375 96 44 that
1780 1387 260 38 newspaper
2079 1372 212 53 specially
467 1389 1961 90 commissioned
738 1433 90 43 Mr.
858 1431 183 46 Bolitho
1068 1440 47 37 to
1144 1431 169 44 write.”

465 1498 52 54 ©
547 1501 110 51 May
685 1499 65 51 25,
786 1499 127 52 1926;
944 1500 64 42 2c.
1037 1500 86 42 and
1151 1499 78 43 aff.
1263 1499 113 52 May
1402 1497 78 53 26;
1514 1497 43 43 A
1585 1497 189 52 890944;
1808 1496 264 44 Macmillan
2104 1512 64 28 co.
543 1555 268 55 (26-11583)

462 1654 347 72 Bordeaux,
854 1655 232 71 Henry,
1131 1657 189 55 1870-

608 1742 1837 75 … Les jeux dangereux … Paris, Plon-Nourrit et ci e
467 1854 13 43 [
480 1832 21 23 c
505 1826 162 71 1926]

534 1916 697 53 3 p. l., ii, 286 p., 1 l. 19 cm .
464 1977 1866 57 © Feb. -15, 1926; 1c. Apr. 19 ; A— Foreign 30755; Plon-Nourrit & co.
542 2038 269 55 (26-11439)

463 2139 255 67 Burton,
758 2138 229 57 Ernest
1022 2136 364 59 Richmond.

595 2224 1854 76 … Employee representation, by Ernest Richmond
458 2303 1966 151 Burton … with a foreword by Henry C. Metcalf … Baltimore, The Williams & Wilkins company, 1926.
527 2470 1717 57 283 p. incl. diagr., form. 21 cm . (Human relations series. [v])
529 2540 238 48 “Selected
801 2541 346 55 bibliography”
1165 2557 9 30 :
1211 2556 40 39 p.
1286 2541 204 48 275-277.

466 2612 52 53 ©
549 2615 111 51 May
693 2613 62 51 10,
789 2614 107 43 1926
909 2629 9 36 ;
949 2615 63 42 2c.
1043 2615 86 42 and
1161 2614 76 43 aff.
1271 2616 111 50 May
1413 2614 78 52 21;
1523 2614 44 42 A
1597 2612 188 54 890879;
1821 2612 230 46 Williams
2083 2615 37 43 &
2150 2612 198 46 Wilkins
2380 2628 65 29 co.

543 2669 267 54 (26-11423)

467 2783 349 59 California
836 2785 478 72 jurisprudence
1333 2808 12 47 ;
1373 2805 38 37 a
1433 2786 298 70 complete
1758 2787 333 55 statement
2115 2784 66 58 of
2205 2785 103 57 the
2332 2786 120 55 law

541 2862 1905 151 and practice of the state of California. Editor, William M. McKinney … v. 25. Trust deeds to Waters,
541 3019 162 69 §209.
808 3016 128 59 San
1005 3017 353 72 Francisco,
1427 3016 632 72 Bancroft-Whitney
2126 3036 320 53 company,

543 3096 162 55 1926.

534 3170 58 52 iii,
626 3170 100 43 1241
757 3185 40 37 p.
856 3168 53 45 25
917 3173 46 17 cm
969 3205 8 9 .

463 3224 55 54 ©
548 3228 109 52 May
684 3227 68 52 24,
785 3227 104 43 1926
904 3241 9 38 ;
943 3227 63 43 2c.
1034 3227 86 43 and
1150 3226 78 44 aff.
1258 3227 116 52 June
1405 3227 18 42 1
1442 3242 9 37 ;
1484 3227 44 42 A
1558 3227 162 44 890983
1736 3241 9 38 ;
1779 3226 461 54 Bancroft-Whitney
2269 3243 66 30 co.

464 3338 273 75 Cippico,
767 3339 292 71 Antonio,
1096 3345 193 67 conte,
1322 3343 189 58 1877-

538 3433 185 72 Italy,
769 3434 103 58 the
920 3433 239 58 central
1202 3434 284 72 problem
1530 3435 68 57 of
1641 3434 104 59 the
1791 3433 527 74 Mediterranean,
2365 3436 84 71 by

461 3509 1983 154 Count Antonio Cippico … New Haven, Pub. for the Intitute of politics by the Yale university press ; [etc., etc.]
463 3667 164 56 1926.

533 3742 60 52 xi,
643 3744 78 44 110
764 3757 41 38 p.
864 3744 54 43 20½
953 3746 47 18 cm
1006 3778 8 7 .
1082 3742 290 54 (Half-title:
1419 3742 100 44 The
1562 3743 214 44 Institute
1818 3746 52 44 of
1909 3742 180 53 politics
2132 3743 316 52 publications,

464 3799 227 45 Williams
718 3801 185 50 college,
929 3799 370 52 Williamstown,
1327 3801 168 50 Mass.)

464 3853 52 53 ©
546 3853 111 52 Apr.
686 3854 38 49 9,
759 3854 127 54 1926;
917 3854 64 46 2c.
1014 3854 111 56 Apr,
1159 3853 74 53 15;
1267 3855 78 43 aff.
1376 3855 111 51 Apr.
1523 3854 74 52 12;
1631 3854 43 42 A
1705 3853 188 53 891044;
1927 3853 114 43 Yale
2071 3852 118 46 univ.
2220 3866 140 39 press.

542 3906 268 60 (26-11585)
