2542 4285
1020 4004 146 56 1641

105 393 258 61 Aragon,
394 391 196 51 Louis.

237 463 1510 73 … Le paysan de Paris. Paris, Gallimard [1926]
175 548 651 50 252 p., 1 l . illus. 18 ½ cm .
106 600 1926 54 © Oct. 11, 1926; 1c. Dec. 8: A— Foreign 32477: Librairie Gallimard.
181 661 250 48 (27-2606)

101 755 219 62 Banks,
352 754 138 54 Sam
519 753 52 53 J.

173 834 121 51 The
322 838 121 46 tent
473 831 218 68 speaks,
721 831 75 67 by
831 829 135 55 Sam
999 829 54 52 J.
1088 828 197 52 Banks
1329 827 123 69 (the
1485 833 131 61 poet
1646 825 65 54 of
1741 827 97 52 the
1871 826 206 67 circus)

104 910 231 66 Boston,
359 909 188 65 Mass.,
572 908 69 51 A.
669 907 268 66 Bartlett,
964 909 149 49 1926.

204 1021 8 15 v,
243 990 56 40 38
329 1000 43 37 p.
432 988 56 41 19½
519 991 43 21 cm
567 1020 10 8 .

172 1046 183 39 Poems.

104 1096 51 52 ©
182 1102 117 39 Nov.
323 1101 69 40 30.
419 1100 138 42 1926;
586 1101 67 39 2c.
679 1101 95 38 and
802 1098 81 41 aff.
912 1100 111 38 Dec.
1050 1100 53 45 2;
1131 1098 41 38 A
1198 1097 170 41 958201;
1430 1098 45 40 S.
1504 1099 43 39 J.
1578 1099 178 46 Banks,
1786 1097 303 49 Cambridge,

171 1158 145 39 Mass.
387 1154 249 51 (27-2205)

103 1249 182 53 Bible.
357 1250 70 51 N.
455 1251 61 50 T.
596 1248 250 67 Gospels.
922 1248 327 52 Selections.
1324 1247 263 68 English.

170 1328 122 52 The
342 1327 303 53 children’s
695 1325 106 54 life
851 1325 64 53 of
967 1326 167 53 Jesus
1184 1325 59 52 in
1293 1326 96 52 the
1440 1325 210 54 Bible’s
1701 1345 128 33 own
1881 1326 205 65 words,

103 1406 281 68 arranged
422 1405 75 67 by
535 1405 224 51 Arthur
796 1404 141 52 Mee.
1012 1403 259 66 London,
1308 1403 241 52 Hodder
1588 1404 112 52 and
1745 1402 342 69 Stoughton,

102 1482 220 53 limited
381 1485 150 63 [1926]

239 1595 8 16 xv,
276 1564 86 41 206
389 1575 44 37 p.
491 1565 86 39 col.
605 1563 164 46 front.,
800 1563 170 48 plates.
1029 1562 56 41 18
1087 1566 16 20 cm
1137 1593 9 10 .

102 1616 51 51 ©
187 1620 101 40 Oct.
320 1621 69 46 11,
422 1620 114 40 1926;
595 1620 41 38 A
666 1621 62 38 ad
759 1619 85 40 int.
877 1619 114 40 8668:
1053 1619 141 47 pubd.
1230 1619 118 46 Aug.
1380 1618 56 39 10:
1499 1619 181 46 George
1766 1651 7 7 H.
1808 1620 165 38 Doran
2007 1632 82 35 co.,

168 1677 118 38 New
317 1677 144 38 York.
531 1675 250 47 (27-2870)

99 1768 312 63 Birabeau,
443 1767 218 55 André.

232 1845 1858 67 … Toutes les mêmes, Monsieur! Paris, E. Flammarion
106 1957 12 34 [
123 1931 18 21 c
146 1927 152 65 1926]

169 2006 466 49 282 p., 1 l . 18 ½ cm .
172 2064 145 40 Short
337 2063 191 41 stories.

102 2115 1987 52 © Dec. 2, 1926; 1c. Dec. 17; A— Foreign 32708; Ernest Flammarion,
168 2175 202 41 éditeur.
441 2174 250 49 (27-2605)

97 2269 417 62 Blanckensee,
548 2268 212 53 Muriel
791 2269 71 52 D.

168 2346 314 69 Chrysalis,
512 2346 76 68 by
617 2346 212 52 Muriel
861 2346 71 51 D.
967 2345 397 53 Blanckensee.
1434 2346 257 67 London,
1722 2346 290 55 Williams
2044 2350 46 51 &

97 2424 254 69 Norgate,
396 2424 122 67 ltd.,
549 2427 149 49 1926.

168 2508 27 40 3
220 2518 43 37 p.
324 2538 9 17 l.,
362 2506 86 42 282
474 2517 43 38 p.
575 2506 58 41 20
634 2508 45 22 cm
684 2537 9 10 .

101 2559 1987 55 © 1c. Dec. 16, 1926; A ad int. 8849; pubd. Oct. 21; M. D. Blanckensee,
166 2620 211 39 London.
449 2619 249 48 (27-2816)

98 2714 220 63 Bragg,
345 2714 101 52 Sir
471 2712 255 54 William
755 2712 223 63 Henry,
1011 2715 171 49 1862-

170 2792 115 54 Old
323 2792 192 52 trades
552 2791 112 52 and
702 2809 124 34 new
865 2790 361 69 knowledge;
1270 2791 87 52 six
1396 2792 238 53 lectures
1672 2793 286 53 delivered
101 2794 1963 129 before
257 2888 27 33 a

322 2868 266 69 ‘juvenile
622 2867 285 69 auditory’
942 2873 59 46 at
1034 2868 97 52 the
1167 2868 185 68 Royal
1388 2869 345 66 institution,
1768 2870 320 55 Christmas

95 2946 1994 68 1925, by Sir William Bragg … London, G. Bell and sons,
99 3025 123 67 ltd.,
255 3028 148 49 1926.

169 3104 1911 52 xii, 266 p. col. front., illus. (incl. maps) XLI pl. on 21 1. (incl. port.)
100 3164 178 48 diagrs.
338 3163 56 41 19½
426 3166 44 21 cm
475 3195 9 9 .

507 3221 102 39 CONTENTS.—The
644 3220 141 39 trade
819 3219 52 40 of
906 3220 82 39 the
1023 3218 328 41 sailor.—The
1386 3221 140 39 trade
1559 3221 52 40 of
1646 3222 82 39 the
1761 3221 328 42 smith.—The

101 3280 140 39 trade
278 3277 51 42 of
365 3279 82 39 the
483 3277 368 40 weaver.—The
887 3276 141 40 trade
1064 3275 51 41 of
1153 3277 83 39 the
1272 3276 296 47 dyer.—The
1605 3279 139 40 trade
1781 3279 52 41 of
1869 3281 83 40 the
101 3283 1970 94 potter.—The
376 3335 140 40 trade
542 3333 51 41 of
618 3334 82 39 the
725 3331 168 42 miner.

100 3388 1989 53 © 1c. Dec. 29, 1926; A ad int. 8884: pubd. Nov. 4; Harper and bros.,
166 3448 117 40 New
310 3447 143 40 York.
525 3444 250 48 (27-2785)

97 3530 221 61 Bryan,
349 3528 70 52 D.
449 3527 69 52 R.

166 3605 296 53 Remedies
493 3622 71 34 on
596 3603 239 51 Florida
867 3603 185 67 realty
1083 3608 300 61 contracts,
1412 3604 75 68 by
1520 3606 71 51 D.
1626 3606 66 52 R.
1728 3608 216 67 Bryan,
1978 3609 111 52 and

100 3682 354 70 Syndicates,
489 3681 76 68 by
599 3680 148 52 Wm.
784 3680 76 51 H.
900 3679 297 53 Hawkins.
1272 3680 225 67 Miami,
1531 3683 143 66 Fla.,
1711 3684 186 68 Royal
1934 3686 156 67 palm

97 3779 157 49 press
284 3760 171 65 [1926]

192 3841 68 40 1 v.
101 3892 51 50 ©
180 3897 112 39 Dec.
320 3896 38 46 8,
385 3894 115 40 1926;
554 3894 67 39 2c.
650 3894 94 39 and
773 3892 82 41 aff.
883 3894 112 39 Dec.
1023 3893 54 38 11;
1134 3893 42 38 A
1201 3892 174 41 958322;
1433 3895 156 46 Royal
1615 3896 129 46 palm
1774 3907 149 35 press.
