2542 4285
1149 3998 145 55 1385

208 394 376 71 Luckenbill,
627 393 222 58 Daniel
887 390 225 71 David,
1155 391 187 58 1881-

281 503 265 60 Ancient
584 503 252 57 records
875 501 68 56 of
978 495 269 75 Assyria
1286 496 122 58 and
1443 490 365 75 Babylonia,
1846 493 83 70 by
1966 489 224 58 Daniel

207 565 1984 77 David Luckenbill … v. l. Historical records of Assyria
208 659 166 55 from
420 657 102 57 the
568 653 253 59 earliest
868 652 181 57 times
1097 652 62 55 to
1210 648 260 73 Sargon.
1562 644 286 72 Chicago,
1898 643 114 71 Ill.,
2062 642 128 58 The

208 733 369 72 University
610 732 66 56 of
712 729 270 74 Chicago
1018 747 181 52 press
1238 759 14 42 [
1252 735 19 21 c
1275 728 146 55 1926]

277 825 92 51 xvi,
387 821 84 46 297
493 837 38 38 p.
588 822 55 42 24½
676 824 47 17 cm
730 855 9 9 .
807 819 287 54 (Half-title:
1121 817 195 43 Ancient
1340 815 180 45 records
1548 814 154 52 [under
1723 810 74 46 the
1822 811 181 54 general
208 809 1965 124 editorship
336 883 53 45 of
416 883 41 51 J.
489 883 59 42 H.
578 879 232 47 Breasted.
873 881 66 41 1st
967 879 127 49 ser.])

209 949 53 53 ©
293 951 117 42 Nov.
445 947 36 53 5,
513 949 128 50 1926;
675 948 63 42 2c.
772 946 117 44 Nov.
919 946 78 51 23;
1031 945 78 45 aff.
1144 944 117 43 Nov.
1294 943 77 51 24;
1406 942 44 43 A
1482 940 187 53 957250;
1705 939 267 54 University
2003 939 51 44 of
278 937 1895 122 Chicago,
433 1005 212 53 Chicago.
714 1003 268 55 (26-21882)

211 1107 193 72 Lynk,
451 1103 339 59 Frederick
828 1104 85 57 M.

286 1213 129 61 The
446 1212 146 73 holy
622 1210 312 61 eucharist
965 1213 121 56 and
1121 1206 322 64 Christian
1468 1207 132 73 life,
1630 1209 84 70 by
1742 1205 339 60 Frederick
2113 1205 82 57 M.

209 1290 193 74 Lynk,
466 1341 11 11 S.
546 1339 12 12 V.
629 1337 11 11 D.
723 1289 268 73 Techny,
1020 1287 116 74 Ill.,
1167 1283 266 62 Mission
1461 1305 198 54 press,
1693 1285 60 59 S.
1781 1283 75 58 V.
1887 1284 74 57 D.
1995 1310 13 43 [
2007 1291 20 21 c
2031 1283 165 73 1926]

280 1383 52 45 77
363 1398 40 35 p.
467 1381 18 43 1
521 1380 131 50 illus.,
684 1378 155 53 plates.
898 1380 50 42 21½
987 1383 46 17 cm
1040 1415 8 8 .

280 1451 125 47 Each
428 1452 121 49 plate
572 1447 317 53 accompanied
911 1452 60 47 by
994 1448 92 44 leaf
1110 1448 110 45 with
1245 1445 272 53 descriptive
1544 1447 273 51 letterpress.

283 1508 124 45 “The
443 1515 203 37 contents
683 1507 54 44 of
774 1506 89 44 this
899 1503 116 47 little
1048 1505 121 45 book
1204 1510 245 46 represent,
1484 1503 46 45 in
1566 1504 74 44 the
1675 1502 133 53 main,
1844 1519 55 28 an
1937 1502 261 52 adaptation

211 1566 52 43 of
297 1562 301 49 ‘Eucharistie
629 1565 93 44 und
757 1560 403 52 welterneuerung’
1194 1561 58 51 by
1285 1561 75 44 the
1394 1560 108 46 Rev.
1537 1559 49 45 F.
1621 1561 151 51 Mack,
1835 1595 8 8 D.
1904 1559 39 44 D.”

213 1631 53 52 ©
302 1633 110 50 May
444 1629 64 51 25,
549 1629 106 44 1926
668 1645 8 35 ;
713 1629 63 44 2c.
813 1630 87 42 and
934 1629 76 42 aff.
1049 1626 118 46 Nov.
1203 1627 77 51 22;
1319 1628 44 42 A
1397 1625 190 54 958096;
1627 1624 183 56 Society
1842 1627 52 44 of
1927 1627 75 44 the
2037 1626 164 47 Divine

282 1687 159 53 Word,
476 1686 195 52 Techny,
707 1685 70 43 Ill.
846 1682 269 56 (26-21785)

215 1786 300 69 Maclean,
557 1784 305 59 Caroline.

289 1878 130 61 The
445 1878 375 59 adventures
850 1879 68 56 of
942 1875 300 74 Maidilie,
1266 1878 83 72 by
1378 1875 289 61 Caroline
1691 1876 315 73 Maclean;
212 1877 1965 140 illustrated

454 1958 83 71 by
569 1956 118 58 Joe
721 1954 190 74 King.
997 1954 128 59 San
1159 1952 357 74 Francisco,
1552 1954 73 57 E.
1661 1953 300 74 Maclean,
1997 1953 166 60 1926.

287 2048 78 45 110
390 2062 40 36 p.
458 2045 101 46 incl.
588 2046 85 45 col.
704 2046 153 51 front.,
885 2045 119 44 illus.
1063 2044 81 45 col.
1175 2046 156 49 plates.
1389 2045 53 46 25½
1479 2048 47 18 cm
1532 2081 9 9 .

214 2115 55 53 ©
299 2116 102 44 Oct.
428 2115 68 50 30,
527 2113 127 52 1926;
684 2113 66 43 2c.
780 2112 120 44 Nov.
928 2112 77 51 30;
1038 2111 79 45 aff.
1149 2112 119 43 Nov.
1298 2110 79 54 27;
1410 2111 44 44 A
1484 2110 188 55 958138;
1707 2111 188 55 Eugene
1924 2113 223 45 Maclean.

293 2170 268 57 (26-21778)

217 2270 249 72 Massie,
512 2270 192 69 Alice,
755 2272 188 58 1884-

294 2355 1915 84 Unresting year, by Alice Massey [!] … New York, H.
220 2440 152 58 Holt
405 2441 123 58 and
558 2457 305 55 company
899 2468 15 44 [
916 2446 20 22 c
937 2440 164 71 1926]

289 2529 529 55 v, 312, [1] p. 19½ cm .
217 2601 55 54 ©
305 2603 117 43 Nov.
455 2603 38 50 4,
531 2600 127 53 1926;
693 2601 65 43 2c.
791 2601 87 42 and
910 2600 78 43 aff.
1024 2599 118 45 Nov.
1177 2599 50 53 6;
1262 2600 44 42 A
1340 2598 190 56 950831;
1566 2601 161 53 Henry
1761 2601 118 45 Holt
1910 2601 88 44 and
2028 2616 66 29 co.

297 2658 268 56 (26-21898)

219 2757 525 73 Maxime-David,
788 2757 256 58 Jeanne.

365 2844 1843 86 … Un homme comme quelques autres, roman. Paris,
221 2928 72 57 E.
330 2928 427 58 Flammarion
792 2957 13 45 [
806 2935 20 22 c
829 2928 165 75 1926]

288 3016 487 55 279 p., 1 l. 19½ cm .
222 3082 1847 62 © Oct. 14, 1926; 1c. Nov. 1; A—Foreign 32116; Ernest Flammarion.
300 3144 268 56 (26-21659)

223 3244 189 73 Mills,
454 3246 165 57 Enos
657 3245 253 72 Abijah,
950 3247 357 58 1870-1922.

304 3337 310 58 Romance
655 3337 66 58 of
763 3338 279 73 geology,
1080 3337 84 73 by
1202 3337 171 58 Enos
1412 3336 75 59 A.
1529 3336 200 73 Mills;
1769 3338 186 74 being
229 3339 1965 134 adventures

456 3414 150 58 with
660 3415 283 72 glaciers,
1003 3414 221 72 rivers,
1283 3416 123 56 and
1458 3414 181 72 wind,
1696 3414 184 61 fossil
1933 3415 284 76 hunting,

229 3491 260 75 trailing
521 3492 246 58 ancient
803 3492 347 70 seashores,
1187 3494 124 57 and
1342 3492 321 73 following
1698 3492 274 76 mirages
2010 3494 68 58 of
2114 3494 104 59 the

230 3570 227 59 desert.
541 3569 250 60 Garden
841 3570 160 72 City,
1051 3569 73 58 N.
1176 3570 95 71 Y.,
1318 3569 383 75 Doubleday,
1749 3571 172 74 Page
1967 3572 49 57 &
230 3590 1966 130 company,
449 3648 164 58 1926.

299 3734 1225 61 xii p., 1 l., 245 p. front. (port.) plates. 21 cm .
302 3807 152 47 “First
484 3808 207 45 edition.”

229 3879 54 53 ©
312 3880 100 44 Oct.
439 3880 67 51 22,
539 3880 102 43 1926
657 3895 8 36 ;
695 3879 63 44 2c.
790 3880 86 42 and
903 3880 78 43 aff.
1012 3879 118 44 Nov.
1161 3879 76 52 22;
1269 3879 43 43 A
1342 3877 189 55 958073;
1563 3878 281 56 Doubleday,
1876 3881 124 51 Page
2028 3880 38 43 &
2093 3892 67 32 co.

309 3935 267 57 (26-21756)
