2542 4285
1305 3992 146 55 1420

425 455 61 48 xi,
515 453 82 45 456
627 468 40 35 p.
730 451 155 51 front.,
916 453 118 45 illus.
1061 450 154 50 (map)
1254 450 158 52 plates,
1441 458 138 42 ports.
1638 450 53 46 23
1698 453 46 17 cm
1753 485 8 8 .
1829 449 292 51 (Half-title:
2158 450 186 45 Indiana

355 504 1665 53 historical collections, vol. XIV … Biographical series, vol. II)
428 564 353 51 Bibliography:
814 579 41 35 p.
889 563 235 48 [381]-422.

357 618 53 53 ©
439 619 116 43 Nov.
590 617 62 52 17,
684 618 130 51 1926;
845 618 62 42 2c.
939 617 87 42 and
1053 617 79 42 aff.
1164 616 117 43 Nov.
1310 616 76 51 22;
1419 615 44 42 A
1492 615 186 52 958089;
1711 616 250 42 Historical
1993 617 168 42 bureau
2191 616 52 43 of
2274 616 75 43 the

428 676 184 43 Indiana
641 675 171 51 library
841 675 86 42 and
954 672 232 44 historical
1216 675 292 49 department.
1578 671 267 55 (26-22544)

361 757 270 71 Harlow,
673 758 196 59 Alvin
908 759 151 72 Fay,
1103 760 189 57 1875-

441 839 117 58 Old
586 838 311 71 towpaths;
962 836 103 58 the
1099 839 177 68 story
1307 836 69 58 of
1405 835 104 62 the
1539 836 336 58 American
1907 837 179 57 canal
2119 856 125 52 era,
2276 838 79 71 by

364 917 188 56 Alvin
587 917 70 60 F.
695 915 275 57 Harlow.
1054 914 150 56 New
1240 913 173 57 York
1450 915 123 56 and
1610 913 276 72 London,
1988 960 10 10 D.
2038 914 317 71 Appleton

364 996 122 56 and
518 1011 319 54 company,
870 992 166 57 1926.

432 1067 1925 58 xiii, [1] p., 1 l., 403 p. front., illus. (incl. maps) plates, port., facsims.
362 1130 53 43 22½
450 1132 46 17 cm

436 1184 350 55 Bibliography:
818 1198 39 38 p.
888 1183 203 45 391-403.

361 1242 52 54 ©
447 1245 118 42 Nov.
600 1243 66 50 30,
701 1242 129 50 1926;
865 1241 63 43 2c.
963 1241 87 42 and
1081 1241 79 42 aff.
1194 1240 107 43 Dec.
1335 1240 48 51 4;
1421 1239 43 42 A
1496 1238 187 53 958236;
1722 1239 56 42 D.
1813 1239 230 52 Appleton
2075 1240 38 43 &
2145 1255 66 27 co.

440 1300 267 55 (26-22668)

363 1388 256 69 Heuser,
662 1386 280 55 Herman
979 1383 253 72 Joseph,
1276 1384 189 56 1851-

439 1466 75 54 In
558 1465 106 55 the
706 1462 331 70 workshop
1085 1461 66 56 of
1197 1461 89 57 St.
1335 1461 259 71 Joseph,
1639 1461 82 70 by
1768 1461 151 55 Rev.
1966 1460 286 57 Herman,
2295 1461 60 57 J.

363 1537 1994 75 Heuser … New York, Cincinnati [etc.] Benziger brothers,
364 1621 166 55 1925.

431 1691 1185 54 viii, 9-236 p., 1 l. front., illus., plates. 21 cm .
436 1753 131 51 Maps
597 1766 57 28 on
684 1749 338 52 lining-papers.
1082 1748 121 44 Title
1234 1748 156 44 within
1420 1749 281 43 ornamental
1733 1748 176 45 border.

364 1807 53 53 ©
451 1809 99 44 Oct.
586 1806 61 51 15,
682 1807 128 51 1926;
843 1807 64 42 2c.
941 1806 100 44 Oct.
1073 1807 77 50 23;
1186 1806 78 43 aff.
1298 1805 117 44 Nov.
1452 1806 73 51 19;
1560 1806 43 42 A
1634 1803 190 55 957313;
1860 1806 223 53 Benziger
2111 1806 119 44 bros.
2306 1804 54 54 [©

434 1866 124 52 chap.
596 1865 53 44 30
683 1866 88 42 and
807 1865 66 51 31]

367 1949 220 73 Isabel,
631 1948 210 73 Gilles,
885 1952 189 55 1884-

445 2029 91 57 La
588 2028 360 71 statistique
997 2027 329 72 appliquée
1376 2046 122 38 aux
1548 2027 280 71 affaires,
1879 2026 35 57 à
1962 2028 245 73 Pusage
2256 2029 107 58 des

370 2108 171 56 chefs
576 2104 476 73 d’entreprises,
1087 2104 549 60 administrateurs
1672 2106 74 56 de
1783 2106 276 70 sociétés,
368 2109 1973 146 comptables,
549 2187 131 67 etc.,
709 2203 121 52 par

858 2182 1174 72 G. Isabel … Paris, Dunod, 1926.
441 2262 73 52 vii,
551 2260 77 46 115
658 2276 40 38 p.
757 2262 167 52 diagrs.
984 2259 53 46 25
1045 2263 46 18 cm
1098 2295 8 9 .

369 2316 1486 56 © Feb. 2, 1926; 1c. Aug. 16; A— Foreign 31746; Dunod.
447 2376 268 55 (26-22684)

371 2460 291 69 Jackson,
705 2458 243 59 Mattie.

452 2539 127 58 The
620 2537 203 73 rising
863 2539 123 56 and
1028 2537 234 72 setting
1300 2538 68 61 of
1406 2537 104 57 the
1550 2537 167 57 Lone
1763 2537 149 58 Star
1953 2538 295 71 republic,
2289 2538 81 72 by

374 2616 156 61 Miss
562 2616 224 58 Mattie
818 2615 293 59 Jackson.
1198 2615 147 72 [San
1375 2615 293 74 Antonio]
1701 2624 20 22 c
1724 2616 166 56 1926.

442 2695 83 45 268
555 2708 39 38 p.
656 2692 117 45 illus.
838 2694 49 43 19½cm.

372 2751 53 52 ©
459 2751 118 52 Sept.
609 2751 67 51 24,
711 2750 129 49 1926;
874 2750 64 43 2c.
970 2751 87 42 and
1089 2750 78 43 aff.
1202 2750 118 43 Nov.
1354 2749 78 53 27;
1466 2750 43 42 A
1541 2748 188 54 958134;
1767 2751 65 42 M.
1865 2750 213 52 Jackson,
2113 2748 254 51 Stockdale,

441 2808 113 45 Tex.
624 2806 269 56 (26-22675)

372 2892 384 71 Kämmerer,
799 2891 204 73 Hugo,
1048 2894 188 56 1878-

447 2970 388 74 Allergische
906 2969 281 60 diathese
1257 2973 128 57 und
1455 2972 366 73 allergische
1893 2973 476 72 erkrankungen

381 3048 549 73 (Idiosynkrasien,
994 3048 266 71 asthma,
1321 3049 328 72 heufieber,
1710 3050 388 58 nesselsucht
2155 3071 60 37 u.
2277 3050 85 71 a.)

372 3126 1998 76 von dr. Hugo Kämmerer … München, J. F. Bergmann,
376 3207 163 56 1926.

447 3281 489 54 viii, 210 p. 25 ½c m .
376 3336 1793 55 © Apr. 26, 1926; 1c. July 7; A— Foreign 31561; J. F. Bergmann.
454 3395 270 56 (26-21982)

378 3478 235 73 Kelley,
657 3479 218 73 Henry
915 3479 221 69 Smith,
1182 3483 189 55 1832-

455 3557 58 56 A
553 3558 260 57 treatise
858 3578 76 37 on
975 3559 104 56 the
1120 3558 122 56 law
1279 3559 273 72 relating
1591 3562 61 54 to
1696 3560 103 56 the
1843 3579 261 54 powers,
2149 3561 224 71 duties,

379 3633 221 73 rights,
649 3636 122 56 and
816 3635 321 58 liabilities
1186 3637 67 56 of
1301 3640 341 68 executors,
1692 3638 511 57 administrators
2252 3640 122 56 and

380 3712 372 71 guardians;
797 3733 38 36 a
874 3713 304 71 practical
1219 3714 184 70 guide
1445 3714 105 56 for
1588 3715 103 56 the
1737 3715 323 57 execution
2102 3715 68 58 of
2210 3716 168 57 their

379 3792 231 68 trusts;
659 3789 291 75 defining,
999 3791 150 71 also,
1197 3791 103 57 the
1347 3791 404 72 jurisdiction
1793 3794 123 56 and
1959 3812 245 52 powers
2254 3795 123 56 and

382 3867 204 57 duties
614 3867 68 56 of
707 3868 102 56 the
834 3869 264 70 probate
1126 3872 228 69 courts,
1383 3871 123 56 and
1533 3870 214 72 giving
1775 3871 103 57 the
1904 3872 119 56 law
2050 3873 123 55 and
2199 3890 178 53 prac-
