2609 4293
1085 3917 101 53 141

147 384 1904 72 teen to sixteen years of age [by] T. H. P. Sailer …
146 462 332 58 Teacher’s
537 462 297 70 complete
888 461 270 72 manual,
1213 461 319 72 including
1587 462 237 71 pupil’s
142 462 1955 133 assignments.
439 538 254 71 Boston,
740 537 287 73 Chicago,
1069 538 128 56 The
1238 537 266 73 Pilgrim
1540 556 182 53 press
1766 569 13 42 [
1780 546 20 22 c
1803 539 164 72 1926]

204 617 533 52 2 p. l., 113 p. 18½ cm .
145 670 52 53 ©
223 672 106 43 Feb.
357 672 39 51 9,
426 671 129 52 1926;
583 672 66 42 2c.
674 672 87 42 and
783 672 81 41 aff.
892 670 106 44 Feb.
1029 671 73 51 13;
1132 670 44 42 A
1203 668 188 55 885102;
1427 669 169 54 Sidney
1621 671 59 43 A.
1707 672 203 50 Weston,
1943 671 181 44 Boston.

221 727 238 54 (26-4288)

145 809 513 69 Saint-Gaudens,
701 809 248 71 Homer,
991 812 189 56 1880-

217 891 59 56 A
316 888 191 60 series
551 891 68 56 of
658 887 98 60 six
794 890 176 59 radio
1012 889 163 59 talks
1218 907 76 39 on
1335 888 451 59 international
1828 893 117 68 art,
139 909 1961 130 prepared
366 968 83 70 by

476 964 1582 76 Homer Saint-Gaudens … [Pittsburgh, c 1926]
208 1044 55 43 46
300 1056 42 38 p.
399 1044 55 42 24
460 1045 46 18 cm
512 1079 9 8 .
589 1042 293 52 (University
919 1043 52 46 of
1011 1041 283 53 Pittsburgh.
1355 1042 149 45 Radio
1539 1043 291 52 publication,
1871 1058 74 29 no.
1987 1046 76 50 18)

211 1098 280 46 “Broadcast
525 1101 124 42 from
681 1100 75 43 the
788 1097 268 53 University
1084 1100 51 45 of
1169 1099 271 51 Pittsburgh
1473 1099 149 46 studio
1656 1102 52 42 of
1738 1101 201 50 KDKA,
140 1102 1964 105 Westinghouse
401 1154 179 45 electric
619 1156 39 44 &
691 1153 371 54 manufacturing

1099 1169 236 38 company,
1377 1155 278 53 Pittsburgh,
1698 1158 371 51 Pennsylvania.”

210 1209 354 53 Bibliography:
595 1225 40 37 p.
667 1212 151 45 44-46.

142 1262 53 54 ©
223 1264 107 44 Feb.
366 1267 32 48 1,
434 1264 128 51 1926;
593 1265 66 42 2c.
689 1265 88 43 and
808 1265 78 42 aff.
918 1263 107 45 Feb.
1059 1264 74 52 10;
1168 1265 44 42 A
1242 1265 189 52 883231;
1464 1264 266 55 University
1761 1266 51 44 of
1846 1266 279 54 Pittsburgh,

212 1320 279 54 Pittsburgh.
560 1320 239 54 (26-4142)

143 1401 444 74 Shakespeare,
625 1402 295 74 William,
959 1405 355 56 1564-1616.

209 1480 152 57 Five
408 1481 181 70 plays
637 1481 68 56 of
753 1481 463 70 Shakespeare:
1261 1481 210 58 Julius
1523 1480 252 74 Caesar,
1823 1483 306 71 Macbeth,

140 1557 325 61 Merchant
506 1559 68 56 of
613 1558 248 73 Venice,
905 1558 89 57 As
1036 1577 123 52 you
1199 1557 121 62 like
1362 1557 69 72 it,
1472 1558 286 73 Hamlet;
1805 1559 207 59 edited
2050 1562 83 71 by

140 1634 1992 75 H. C. Schweikert … New York, Harcourt, Brace and
139 1732 304 54 company
475 1743 14 43 [
490 1723 18 21 c
513 1715 162 71 1926]

209 1789 1264 55 ix, 482 p. front. (port.) 1 illus., plates. 19½ cm .
211 1848 231 44 “Selected
472 1847 369 53 bibliography”:
873 1861 39 38 p.
944 1847 95 44 482.

139 1902 55 54 ©
226 1906 98 51 Jan.
352 1903 69 53 25,
457 1904 129 51 1926;
618 1905 64 43 2c.
715 1905 86 43 and
831 1904 79 45 aff.
943 1903 107 45 Feb.
1083 1904 50 51 9;
1167 1904 44 42 A
1245 1902 189 54 879522;
1471 1905 245 51 Harcourt,
1752 1906 144 43 Brace
1930 1907 87 42 and
2051 1921 78 38 co.,

209 1960 83 44 inc.
360 1960 240 54 (26-3903)

142 2042 307 75 Simpson,
491 2042 223 60 Mabel.

214 2124 242 72 Poems,
514 2126 84 70 by
649 2124 209 58 Mabel
917 2123 312 73 Simpson.
1314 2123 166 73 [New
1536 2124 187 73 York]
1786 2125 77 56 H.
1929 2124 199 67 Vinal,

140 2201 164 57 1925.

208 2278 490 52 5 p. l., 81 p. 21 cm .
140 2329 53 54 ©
217 2333 100 51 Jan.
340 2332 68 52 29,
437 2332 129 52 1926;
591 2333 66 43 2c.
684 2332 107 43 Feb.
820 2333 74 51 11;
921 2332 79 43 aff.
1027 2331 106 45 Feb.
1162 2332 50 52 9;
1239 2332 44 42 A
1309 2331 189 54 883265;
1528 2332 180 45 Harold
1734 2333 218 44 Linwood
1978 2334 150 44 Vinal.

219 2388 240 54 (26-4190)

143 2471 219 69 Smith,
405 2471 254 58 Charles
695 2471 342 73 Alphonso,
1077 2474 356 56 1864-1924.

216 2549 128 60 The
394 2548 560 72 Smith-McMurry
999 2549 308 73 language
1359 2548 212 73 series,
1619 2550 271 71 manual,
1936 2551 83 71 by
2067 2549 63 60 C.

139 2626 1993 76 Alphonso Smith … and Lida B. McMurry, with language
138 2705 1971 151 tests, by M. B. Trabue … Richmond, Va., Johnson publishing company [ c 1926]
208 2862 78 43 223
319 2877 40 37 p.
391 2861 100 43 incl.
523 2862 157 49 forms,
712 2860 143 53 diagr.
919 2861 48 42 18½
1003 2862 46 18 cm
1057 2896 8 8 .

139 2916 53 54 ©
222 2917 108 45 Feb.
358 2919 36 51 2,
430 2918 105 43 1926
550 2932 9 37 ;
590 2918 65 43 2c.
686 2917 106 44 Feb.
822 2918 50 52 8;
905 2918 79 42 aff.
1015 2916 107 44 Feb.
1153 2918 50 51 4;
1235 2918 44 41 A
1310 2916 189 54 879527;
1532 2917 204 53 Johnson
1763 2921 102 50 pub.
1897 2934 65 28 co.

219 2974 240 54 (26-3907)

143 3058 239 73 [Smith,
422 3058 228 56 Ernest
683 3057 290 75 Bramah]

221 3137 127 55 The
375 3138 282 69 mystery
685 3135 66 57 of
777 3135 102 57 the
907 3134 306 58 vanished
1239 3135 269 71 petition
1538 3155 222 52 crown,
1790 3136 82 72 by
1899 3136 233 57 Ernest

139 3213 278 58 Bramah
467 3214 234 74 [pseud.]

237 3295 58 40 (In
343 3292 112 41 New
503 3291 257 52 magazine,
808 3293 121 50 Jan.,
978 3291 127 51 1926)

141 3344 1990 55 © 1c. Feb. 12, 1926; A ad int. 7794; pubd. Dec. 19, 1925; E. B. Smith,
211 3403 201 44 London.

207 3484 1900 152 … South eastern reporter digest. [Virginia ed.] Including
374 3583 172 38 cases
597 3565 296 70 reported
937 3564 69 56 in
1050 3564 153 57 vols.
1254 3565 185 55 1-125
1493 3563 199 58 South
1742 3565 250 56 eastern
219 3582 1887 130 reporter

489 3641 1641 73 82*-140† Virginia reports and also … state
221 3718 1910 73 reports … together with an index-digest of vols. 1-82
220 3794 59 50 Vigrinia … edited by the editorial staff of the Amer-
