2542 4285
979 4032 151 59 1081

76 406 323 58 Alabama.
480 408 199 68 Laws,
719 410 285 65 statutes,
1047 410 108 52 etc.

156 485 127 57 The
311 485 146 57 code
487 484 66 57 of
580 484 324 71 Alabama,
933 483 273 70 adopted
1232 481 83 72 by
1340 483 101 58 act
1467 480 67 58 of
1560 480 102 58 the
1692 479 362 72 legislature

79 556 1980 76 of Alabama; approved August 17, 1923 … Prepared by
78 634 1977 75 James J. Mayfield … Atlanta, Ga., Foote & Davies co.,
75 717 296 71 printers,
408 716 163 56 1923.

143 794 25 42 4
197 808 41 28 v.
296 792 55 43 26
357 795 47 18 cm
409 827 9 9 .

75 848 53 54 ©
155 850 118 52 Aug.
307 849 61 51 17,
401 849 128 52 1924;
556 850 63 42 2c.
651 849 106 43 each
790 848 118 52 Sept.
942 848 62 52 10,
1036 847 130 52 1926;
1198 847 103 43 affs.
1335 846 121 53 Sept.
1490 846 73 53 18;
1595 846 44 43 A
1667 844 385 52 949296-949299;

144 908 121 42 Wm.
298 907 74 43 W.
405 907 224 51 Brandon,
660 921 47 28 as
739 920 226 38 governor
994 905 51 44 of
1074 904 75 45 the
1180 911 114 37 state
1328 903 51 45 of
1412 903 236 51 Alabama,
1683 902 76 45 for
1786 902 77 44 the
1892 917 81 30 use
2004 904 52 43 of

144 963 97 44 said
278 971 126 43 state,
442 964 337 52 Montgomery,
814 963 104 44 Ala.

70 1061 335 59 American
442 1066 129 53 tree
614 1061 392 59 association.

147 1152 307 70 Forestry
484 1149 297 61 almanac.
856 1149 521 60 Semicentennial
1412 1150 92 57 ed.
1578 1148 323 73 Compiled
1934 1152 124 57 and

71 1227 208 59 edited
325 1230 83 69 by
453 1228 103 58 the
603 1228 337 57 American
989 1231 132 54 tree
1174 1226 397 71 association,
1618 1225 437 74 Washington,

70 1305 72 56 D.
177 1304 64 58 C.
326 1304 471 74 [Philadelphia,
831 1306 127 57 The
990 1305 191 57 Press
1213 1303 68 59 of
1311 1304 60 59 J.
1402 1305 73 56 B.
1504 1303 364 74 Lippincott
68 1323 1964 131 company,
284 1389 18 24 c
305 1381 165 74 1926]

138 1456 98 54 xiii,
263 1458 69 52 [1],
357 1458 82 44 348
462 1473 42 38 p.
530 1456 101 46 incl.
661 1458 154 52 front.,
843 1457 133 51 illus.,
1002 1457 169 55 diagrs.
1230 1459 26 43 21½
1319 1461 47 18 cm
1372 1493 10 9 .

140 1512 169 46 “Some
334 1513 146 45 books
507 1529 59 30 on
596 1515 231 51 forestry”
844 1533 9 28 :
882 1530 41 38 p.
952 1514 205 45 326-333.

71 1568 1983 58 © July 1, 1926; 1c. Sept. 11; 1c. Aug. 16; aff. Aug. 27; A 949012; American
139 1635 96 37 tree
269 1643 131 35 assn.,
435 1627 316 53 Washington.
820 1628 269 54 (26-16668)

67 1712 245 71 Austin,
354 1713 339 58 Frederick
727 1713 265 73 Britten,
1033 1716 189 58 1885-

142 1804 128 61 The
301 1823 131 40 war
463 1808 122 71 god
613 1805 193 60 walks
840 1805 205 75 again,
1075 1807 84 72 by
1192 1807 69 56 F.
1293 1806 253 60 Britten
1578 1807 248 59 Austin.
64 1809 1965 132 Garden

219 1881 160 76 City,
413 1884 74 57 N.
520 1884 93 70 Y.,
645 1884 385 72 Doubleday,
1064 1882 171 76 Page
1268 1886 48 57 &
1349 1904 321 54 company,
1703 1888 166 56 1926.

133 1961 1805 67 5 p. l. , 274 p. 19½c m . r
394 2019 217 45 CONTENTS.—When
640 2021 75 43 the
741 2034 97 29 war
864 2020 91 48 god
981 2017 143 47 walks
1152 2020 263 48 again.—In
1443 2019 77 45 the
1548 2019 144 46 China
1723 2019 203 47 Sea.—A
63 2025 1970 101 battlepiece
267 2090 9 28 :

305 2075 75 46 old
408 2075 233 50 style.—A
666 2075 266 48 battlepiece
947 2089 10 30 :
984 2090 100 28 new
1113 2074 574 53 style.—Goliath.—They
1713 2077 103 45 who
1844 2078 209 50 laughed.

65 2126 56 54 ©
149 2127 120 53 Sept.
300 2128 60 50 10,
392 2127 105 44 1926;
546 2128 65 43 2c.
638 2128 87 43 and
750 2128 78 43 aff.
858 2127 120 52 Sept.
1004 2127 52 43 23;
1112 2128 45 43 A
1182 2127 167 43 949146;
1403 2128 282 54 Doubleday,
1714 2131 137 52 Page,
1867 2131 38 44 &
1930 2146 66 28 co.

146 2184 269 55 (26-16887)

64 2270 220 74 Ayres,
326 2271 184 74 Ruby
547 2269 290 60 Mildred.

145 2364 128 56 The
303 2364 252 70 planter
585 2363 68 57 of
682 2363 103 57 the
819 2365 151 55 tree.

140 2441 79 51 (In
245 2441 235 42 Woman’s
509 2441 191 52 weekly,
729 2442 114 51 July
872 2446 66 46 31,
971 2439 127 53 1926)

66 2495 1984 60 © 1c. Sept. 23, 1926; A ad int. 8558; pubd. July 27; Ruby Mildred Pocock,
136 2553 175 46 Corner
341 2555 156 52 Ways,
533 2555 213 51 Harrow,
780 2554 223 53 England.

143 2641 131 57 The
303 2642 252 71 planter
587 2641 67 58 of
684 2641 103 58 the
823 2644 151 55 tree.

138 2732 79 51 (In
248 2733 234 41 Woman’s
512 2733 191 52 weekly,
733 2733 119 52 Aug.
886 2738 64 47 14,
984 2732 128 53 1926)

64 2786 1987 57 © 1c. Sept. 23, 1926; A ad int. 8559; pubd. Aug. 10; Ruby Mildred Pocock,
137 2845 174 49 Corner
346 2846 159 52 Ways,
542 2846 214 52 Harrow,
794 2845 222 54 England.

142 2933 130 56 The
305 2933 251 70 planter
589 2933 68 57 of
689 2933 103 58 the
828 2935 152 56 tree.

137 3023 80 51 (In
246 3024 234 41 Woman’s
511 3024 192 52 weekly,
734 3025 119 51 Aug.
886 3028 65 47 28,
983 3023 129 53 1926)

64 3077 1986 58 © 1c. Sept. 23, 1926; A ad int. 8560; pubd. Aug. 24; Ruby Mildred Pocock,
135 3135 173 46 Corner
336 3137 157 52 Ways,
526 3138 212 52 Harrow,
769 3136 224 54 England.

62 3221 339 72 Bachelier,
445 3222 223 74 Irving
704 3222 303 74 Addison,
1053 3226 190 57 1859-

141 3310 304 74 Opinions
489 3313 68 58 of
598 3332 36 38 a
677 3312 279 59 cheerful
998 3313 271 76 Yankee,
1315 3315 83 71 by
1440 3313 222 74 Irving
1704 3315 344 59 Bachelier.

61 3388 453 73 Indianapolis,
552 3390 128 57 The
718 3389 485 59 Bobbs-Merrill
1240 3410 307 54 company
1588 3421 14 43 [
1603 3400 20 24 c
1625 3394 165 72 1926]

129 3464 685 54 4 p. l. , 3-224, [1] p. 21 cm .
63 3518 54 55 ©
149 3521 121 53 Sept.
297 3522 65 50 23,
396 3521 128 53 1926;
553 3524 64 42 2c.
650 3522 121 54 Sept.
800 3524 79 52 29;
911 3524 79 43 aff.
1023 3522 120 54 Sept.
1174 3525 77 52 30;
1283 3525 45 42 A
1357 3525 188 53 949284;
1578 3527 36 42 I.
1646 3526 248 55 Bachelier,
1927 3530 123 46 Lake

135 3579 170 50 Placid,
342 3579 59 43 N.
436 3580 56 42 Y.
560 3579 270 56 (26-16726)

64 3663 336 70 Beckwith,
438 3664 292 60 Edmund
759 3666 221 58 Ruffin.

136 3758 129 59 The
314 3754 107 76 lay
469 3759 284 58 reader’s
802 3758 272 70 manual,
1125 3757 385 78 comprising
1558 3759 336 64 directions
1947 3769 103 58 for

60 3834 337 74 rendering
425 3834 104 59 the
562 3834 269 60 services
863 3836 68 59 of
963 3835 208 60 divine
1202 3836 275 73 worship
1509 3840 340 70 permitted
1878 3848 64 55 to
1975 3847 75 59 be

59 3914 341 58 conducted
444 3913 83 72 by
571 3911 106 73 lay
724 3912 256 60 readers
1029 3911 66 57 in
1141 3913 104 59 the
1293 3913 370 65 Protestant
1708 3918 344 68 Episconal
