2542 4285
0 0 0 0 239
142 349 219 71 Smith,
396 347 278 60 William
707 348 232 72 Henry,
976 350 187 56 1887-

219 439 399 72 Modernism,
660 438 571 72 fundamentalism,
1274 439 123 57 and
1440 437 419 72 Catholicism,
1899 442 82 70 by
2019 444 101 56 the

140 514 1957 153 Rev. William Henry Smith … Milwaukee, Wis., Morehouse publishing
747 612 85 39 co.;
900 596 148 69 [etc.,
1080 596 130 68 etc.,
1242 602 17 20 c
1263 593 147 56 1926]

208 684 517 53 X, 152 p., 1 l. 19 cm .
138 751 53 53 ©
222 752 105 44 Feb.
362 751 64 52 15,
461 752 127 51 1926;
622 752 65 43 2c.
721 752 87 43 and
838 752 78 43 aff.
951 751 105 44 Feb.
1094 752 73 51 19;
1201 752 43 42 A
1278 751 163 44 883347;
1504 751 273 44 Morehouse
1808 751 100 52 pub.
1942 768 65 27 co.

218 807 240 54 (26-6676)

140 905 187 72 Snell,
369 905 305 58 Edmund.

208 993 1916 73 The Yu-Chi stone, by Edmund Snell … New York,
139 1073 127 56 The
299 1072 330 70 Macaulay
659 1089 303 53 company
994 1099 12 43 [
1009 1080 18 21 c
1030 1072 165 70 1926]

207 1162 603 52 vi p., 1 l., 9-314 p. 19½cm.
136 1218 53 53 ©
214 1219 106 44 Feb.
345 1218 66 52 25,
443 1219 105 43 1926;
597 1219 64 43 2c.
688 1219 86 42 and
801 1219 77 42 aff.
907 1219 117 42 Mar.
1055 1217 74 53 17;
1158 1218 43 42 A
1227 1217 164 45 879873;
1449 1219 241 52 Macaulay
1718 1233 64 29 co.

216 1274 241 54 (26-6475)

140 1372 233 73 Spicer,
413 1371 279 60 William
727 1371 319 70 Ambrose,
1086 1373 187 56 1866-

283 1462 1836 73 … The Gospel in all the world, the great sign that
137 1537 1967 153 Christ’s coming is near … by William A. Spicer. Washington,
401 1618 73 56 D.
507 1616 84 73 C.,
617 1618 250 56 Review
896 1618 122 56 and
1043 1617 220 57 herald
1289 1617 361 72 publishing
1678 1637 164 38 assn.
1877 1646 14 43 [
1892 1625 20 23 c
1915 1619 163 71 1926]

212 1696 77 44 128
313 1710 39 38 p.
379 1695 99 44 incl.
505 1695 151 50 front.,
682 1696 114 43 illus.
860 1696 48 43 19
915 1698 47 18 cm
967 1730 10 9 .

210 1754 65 44 At
298 1753 116 45 head
435 1751 51 45 of
506 1751 97 46 title
618 1766 9 29 :
653 1751 101 44 One
777 1752 51 43 of
851 1751 74 44 the
947 1751 291 52 outstanding
1262 1750 115 44 facts
1402 1750 51 44 of
1477 1765 83 30 our
1582 1752 98 49 day.

135 1806 53 53 ©
221 1809 118 41 Mar.
377 1805 62 52 15,
475 1806 127 51 1926;
637 1807 63 42 2c.
736 1807 86 42 and
855 1807 78 42 aff.
971 1807 118 42 Mar.
1128 1805 74 53 15;
1238 1807 43 41 A
1316 1804 163 45 887567;
1542 1805 184 45 Review
1759 1807 38 43 &
1829 1806 157 45 herald
2021 1808 99 51 pub.

204 1878 117 28 assn.
390 1862 240 54 (26-6648)

138 1960 279 73 Stryker,
456 1959 397 58 Melancthon
889 1959 308 74 Woolsey,
1237 1962 187 55 1851-

213 2052 296 71 Embers;
540 2053 223 72 hymns
795 2054 123 57 and
948 2054 177 56 other
1153 2070 199 51 verse,
1381 2052 83 72 by
1495 2051 396 60 Melancthon
139 2054 1964 149 Woolsey

273 2129 1448 73 Stryker … New York, E. D. North, 1926.
207 2208 630 52 3 p. l ., 388 p., 1 l. 23 cm .
208 2266 126 44 “One
356 2266 53 45 of
432 2281 25 29 a
481 2265 172 44 limited
674 2263 169 46 edition
868 2266 52 43 of
944 2273 91 37 two
1061 2265 206 44 hundred
1289 2263 89 46 and
1402 2264 152 53 eighty
1578 2263 150 53 copies
1753 2279 119 37 upon
1899 2264 226 46 Fabriano

135 2323 272 44 hand-made
432 2336 148 38 paper.
643 2323 43 42 It
710 2335 93 30 was
831 2321 181 52 printed
1038 2321 43 45 in
1109 2321 77 46 the
1211 2319 136 47 latter
1369 2329 104 44 part
1498 2322 53 45 of
1573 2322 207 45 nineteen
1805 2322 205 45 hundred
2036 2323 88 43 and

137 2379 278 52 twenty-five
442 2379 61 52 by
529 2379 74 44 the
635 2376 194 47 Courier
856 2392 126 38 press
1015 2379 53 44 of
1099 2376 196 53 Clinton,
1328 2379 119 43 New
1476 2377 146 52 York,
1651 2379 122 43 from
1802 2386 104 45 type
1937 2387 45 35 at
2015 2394 110 30 once

135 2435 287 52 distributed,
455 2437 90 43 and
575 2434 152 45 issued
764 2433 126 54 early
923 2434 44 45 in
1001 2436 74 44 the
1110 2434 239 53 following
1378 2434 150 53 year.”
1588 2434 113 47 This
1735 2449 115 38 copy
1882 2445 81 35 not
135 2449 1969 90 numbered.

131 2546 55 54 ©
213 2547 107 44 Feb.
347 2547 64 51 20,
443 2546 103 43 1926;
598 2546 63 42 2c.
690 2547 119 42 Mar.
837 2546 49 52 3;
913 2546 78 43 aff.
1020 2547 119 43 Mar.
1164 2546 49 51 2;
1242 2546 43 42 A
1312 2546 190 52 883693;
1533 2547 66 42 M.
1627 2547 73 43 W.
1732 2545 205 54 Stryker,
1965 2547 157 51 Rome,

205 2604 59 43 N.
300 2604 55 42 Y.
424 2601 242 55 (26-6657)

136 2702 243 70 Sutton,
422 2700 292 57 Clarence
753 2698 264 75 Wesley,
1057 2702 189 56 1870-

212 2789 1904 74 Brief business arithmetic, by C. W. Sutton … and N. J.
136 2867 1984 74 Lennes … Rev. ed. Boston, New York [etc.] Allyn and
134 2947 212 58 Bacon
373 2976 12 43 [
387 2953 20 23 c
410 2947 163 71 1926]

203 3040 40 37 v,
267 3025 95 50 298,
384 3025 25 43 6
431 3040 39 37 p.
530 3023 130 51 illus.,
684 3025 167 52 diagrs.
910 3024 49 43 21
970 3026 46 18 cm
1024 3059 9 9 .

130 3079 57 53 ©
213 3081 98 52 Jan.
339 3080 66 51 28,
436 3079 127 52 1926;
592 3080 63 42 2c.
685 3080 120 42 Mar.
837 3079 74 51 10;
942 3079 79 43 aff.
1052 3080 118 42 Mar.
1198 3079 50 52 8;
1279 3079 43 42 A
1351 3078 188 53 883596;
1571 3078 49 45 C.
1649 3080 76 44 W.
1757 3078 177 54 Sutton,
203 3079 1896 109 Cleveland,

350 3137 86 42 and
467 3136 58 42 N.
555 3136 39 52 J.
625 3135 185 50 Lennes,
843 3135 239 52 Missoula,
1111 3136 145 42 Mont.
1324 3135 243 54 (26-6341)

135 3232 334 74 Swiggers,
509 3233 176 58 Jake.

217 3324 128 57 The
377 3323 291 71 spicspan
697 3325 123 56 and
847 3342 157 52 snap
1031 3324 181 72 talks,
1240 3325 83 71 by
1349 3324 160 58 Jake
1539 3323 332 74 Swiggers.
135 3324 1961 152 Omaha,

258 3401 276 71 Burkley
557 3401 285 72 printing
867 3420 320 55 company,
1216 3402 166 56 1925.

201 3479 78 45 335
306 3494 39 38 p.
405 3480 54 43 20
464 3482 46 17 cm
517 3515 8 8 .

130 3533 57 53 ©
218 3535 105 43 Feb.
357 3533 35 50 5,
430 3534 127 52 1926;
591 3535 64 42 2c.
686 3534 105 44 Feb.
823 3535 79 51 23;
936 3535 79 44 aff.
1049 3535 118 42 Mar.
1203 3535 48 51 8;
1288 3535 43 42 A
1364 3534 189 52 883554;
1591 3535 202 53 Burkley
1824 3535 199 53 printing
2055 3550 65 29 co.

212 3590 242 54 (26-6381)

137 3687 361 71 Townsend,
542 3688 187 57 Clara
765 3687 307 72 Virginia.

212 3780 242 58 Prunes
511 3781 122 57 and
686 3778 251 74 prisms,
991 3782 83 71 by
1128 3779 288 59 Percival
1469 3780 193 73 Prim,
1720 3783 103 56 the
1879 3784 245 69 perfect

139 3857 1984 74 speaker. By Clara Virginia Townsend … by courtesy
