2542 4285
1058 4000 109 56 617

111 362 252 72 Agnew,
403 362 185 71 Mary
624 359 307 73 Virginia,
974 362 188 56 1853-

193 439 127 56 The
357 438 159 57 book
547 439 68 57 of
646 439 105 57 the
783 438 287 72 Agnews.
1144 437 217 58 James
1397 436 253 74 Agnew,
1688 438 67 57 of
114 438 1950 148 Pennsylvania,

420 562 10 10 U.
472 515 61 58 S.
570 515 94 72 A.,
700 512 98 61 bis
837 534 159 53 race,
1034 517 307 72 ancestry,
1380 516 122 56 and
1540 515 429 72 descendants,
2006 517 80 69 by

117 594 185 71 Mary
340 591 291 74 Virginia
672 591 254 74 Agnew,
968 592 66 57 in
1078 591 445 59 collaboration
1565 591 149 58 with
1755 590 331 74 Benjamin

114 666 1951 154 Sterrett Agnew and Charlotte Bell Agnew … [Philadelphia,
311 748 169 57 Priv.
512 748 188 70 print,
731 748 82 70 by
840 747 60 58 J.
932 745 72 58 E.
1039 745 293 59 Caldwell
1360 747 48 56 &
1435 765 321 54 company,
1785 754 18 22 c
1808 747 163 71 1926]

189 823 1902 56 3 p. l., xx, 587 p. incl. illus., maps, facsims. col. front., plates, ports.,
109 883 169 53 geneal.
304 882 141 44 tables
472 882 124 52 (part
624 880 134 52 fold.)
790 889 122 36 coats
936 881 51 43 of
1010 895 120 29 arms
1156 881 125 52 (part
1307 880 109 52 col.)
1483 882 48 42 31½
1570 884 46 17 cm
1623 915 8 9 .

185 939 138 44 “This
353 939 248 43 illustrated
669 936 140 45 Édition
836 939 53 42 de
916 936 104 47 luxe
1046 935 195 46 consists
1266 937 51 45 of
1343 952 83 29 one
1450 936 201 44 hundred
1681 938 84 42 and
1793 935 104 55 fifty
1924 938 162 51 copies,

110 996 51 45 of
185 996 146 44 which
356 996 87 43 this
469 995 36 44 is
530 1010 70 30 no.
627 993 92 44 34.”

184 1052 148 43 Blank
355 1066 136 38 pages
518 1051 71 44 for
614 1049 203 54 “Family
844 1046 182 48 record”
1052 1050 87 44 and
1165 1048 271 45 “Addenda”
1472 1046 241 56 (574-584)

186 1107 215 46 Contains
441 1106 149 52 Irwin,
630 1107 160 52 Bruce,
828 1106 148 52 Hoge,
1018 1105 167 52 Stuart,
1226 1106 219 52 Douglas,
1485 1105 230 53 Kennedy,
1758 1105 139 53 Scott,
1939 1104 147 53 Shaw,

114 1165 129 52 Hays
268 1166 85 42 and
381 1165 237 43 Patterson
644 1163 243 52 pedigrees.

182 1221 348 52 Bibliography:
559 1235 42 37 p.
631 1218 204 47 571-572.

115 1274 53 54 ©
196 1277 111 50 Apr.
341 1274 61 51 15,
437 1275 126 51 1926;
595 1276 64 41 2c.
689 1275 114 51 June
832 1273 49 53 7;
913 1275 78 42 aff.
1022 1275 114 51 June
1167 1272 48 54 5;
1248 1274 43 42 A
1322 1273 187 53 897037;
1546 1275 64 41 M.
1640 1274 57 43 V.
1729 1274 188 53 Agnew,
184 1273 1885 110 Alexandria,
382 1332 84 43 Va.
536 1330 267 55 (26-11836)

111 1416 335 58 American
483 1415 284 58 institute
810 1416 67 57 of
917 1414 349 59 architects.
1350 1416 363 59 Committee
1757 1437 79 37 on
190 1418 1879 134 education.

192 1574 129 58 The
356 1571 391 74 significance
782 1573 67 57 of
880 1575 103 57 the
1015 1571 121 60 fine
1170 1571 152 74 arts,
1355 1573 141 71 pub.
1531 1572 197 58 under
1762 1574 102 57 the
112 1570 1959 139 direction
281 1652 67 56 of
382 1653 103 55 the
524 1648 361 60 Committee
924 1668 78 39 on
1037 1648 326 58 education
1399 1651 68 55 of
1501 1650 103 56 the
1638 1648 333 58 American
114 1650 1955 134 institute
358 1725 68 57 of
450 1724 349 58 architects.
863 1724 256 72 Boston,
1147 1724 211 72 Mass.,
1386 1723 306 58 Marshall
1718 1725 194 58 Jones
112 1744 1958 134 company
314 1833 13 44 [
328 1813 20 21 c
351 1805 164 71 1926]

184 1877 1590 56 3 p. l., [ix]-xxix, 483 p. 128 pl. on 65 l. (incl. front.) 22½ cm .
187 1939 326 50 Bibliography
537 1946 45 36 at
608 1939 84 44 end
717 1938 52 44 of
794 1938 108 44 each
929 1939 198 48 chapter.

113 1991 54 54 ©
198 1995 117 41 Mar.
344 1992 65 51 26,
444 1991 127 52 1926;
601 1992 64 42 2c.
694 1992 114 51 June
843 1991 46 51 1;
921 1991 78 43 aff.
1030 1992 113 51 June
1171 1990 50 52 2;
1253 1990 43 42 A
1328 1989 189 52 891616;
1552 1989 222 44 Marshall
1805 1992 137 51 Jones
1973 2007 65 27 co.

193 2047 268 56 (26-11798)

118 2122 127 56 The
311 2118 376 58 Americana
750 2119 246 71 annual,
1065 2139 78 36 an
1211 2119 437 71 encyclopedia
1713 2120 67 56 of
1846 2123 251 54 current

193 2196 1903 73 events, 1926. Editor, A. H. McDannald … assistant
192 2273 1880 150 editor, J. B. McDonnell … New York, Chicago, Americana corporation, 1926.
184 2426 1260 54 4 p. l., 852 p. plates, ports., maps, tables. 26 cm .
112 2484 57 53 ©
195 2487 114 51 June
338 2486 35 49 1,
403 2484 129 52 1926;
559 2485 63 42 2c.
651 2486 86 41 and
763 2484 77 43 aff.
867 2486 114 51 June
1009 2484 75 51 14;
1113 2484 43 42 A
1184 2482 190 53 891757;
1403 2484 271 44 Americana
1701 2499 121 38 corp.

112 2554 341 72 Andersen,
491 2554 174 57 Hans
705 2552 334 73 Christian,
1078 2556 356 56 1805-1875.

192 2632 388 59 Andersen’s
616 2630 175 73 fairy
825 2632 178 71 tales,
1039 2632 82 72 by
1158 2631 179 59 Hans
1378 2631 320 60 Christian
1734 2633 360 72 Andersen;

118 2710 1978 73 edited by Laura Frazee … illustrated by Frederick
117 2788 406 59 Richardson.
611 2787 455 74 Philadelphia,
1117 2786 270 74 Chicago
1438 2790 147 72 [etc.]
1635 2789 129 58 The
1812 2790 167 58 John
2030 2790 64 60 C.

112 2866 293 59 Winston
434 2884 304 53 company
769 2896 12 43 [
783 2873 19 23 c
805 2866 164 72 1926]

186 2945 92 53 viii,
306 2945 84 45 276
413 2959 41 39 p.
510 2946 84 44 col.
624 2946 151 51 front.,
806 2945 130 51 illus.,
963 2943 85 45 col.
1076 2946 157 51 plates.
1286 2945 51 43 21
1347 2947 47 18 cm
1401 2978 9 9 .
1470 2943 113 50 [The
1610 2945 215 47 Winston
1850 2949 250 51 clear-type

117 3001 189 55 popular
334 3002 197 51 classics]

118 3057 52 53 ©
198 3059 110 51 May
338 3058 61 50 12,
429 3056 128 52 1926;
585 3056 64 42 2c.
679 3057 110 50 May
814 3055 78 52 28;
921 3055 80 44 aff.
1030 3056 110 51 May
1165 3054 80 52 27;
1276 3055 43 42 A
1347 3054 188 52 891567;
1567 3057 117 52 John
1715 3057 47 44 C.
1791 3057 213 45 Winston
2033 3074 64 28 co.

190 3112 66 56 [©
295 3112 311 51 introduction,
645 3111 170 53 editing
850 3113 85 42 and
973 3110 310 54 illustrations]
1353 3112 270 54 (26-11775)

117 3180 1961 140 … Eventyr og historier, i udvalg ved Vilhelm Andersen
256 3258 1845 77 med 162 tegninger af Louis Moe … København, C.
115 3341 337 56 Erichsens
484 3338 393 71 børneblade,
913 3338 165 56 1926.

184 3413 955 55 2 V. illus. incl. front. (port.) 21 cm .
185 3476 64 43 At
277 3475 114 42 head
420 3473 51 43 of
497 3472 122 44 title:
651 3471 61 43 H.
744 3469 48 46 C.
823 3470 254 44 Andersen.

186 3530 204 53 “Oplag:
425 3528 149 51 80,000
609 3526 167 54 ekspl.”

446 3611 105 18 CONTENTS.—1.
578 3585 72 42 bd.
680 3583 314 52 Eventyr.—2.
1023 3584 73 42 bd.
1127 3581 246 46 Historier.

118 3638 1980 61 © Jan. 1, 1926; 1c. each Jan. 6; A—Foreign 30778; Chr. Erichsens forlag.
193 3700 65 56 [©
290 3699 309 51 illustrations]
669 3695 268 55 (26-11663)

117 3771 236 73 Bailey,
393 3769 167 58 John
598 3767 191 69 Cann,
830 3769 190 56 1864-

191 3849 172 58 Walt
391 3845 338 70 Whitman,
758 3844 84 71 by
870 3844 168 58 John
1069 3843 237 73 Bailey.
1378 3845 151 58 New
1557 3846 188 74 York,
1779 3850 130 60 The
116 3852 1965 134 Macmillan

364 3941 320 55 company,
718 3923 165 57 1926.
