2542 4285
1282 3969 147 55 1502

368 351 225 72 Soyka,
629 351 160 67 Otto,
826 353 187 56 1882-

510 436 1845 84 … Überwinder; noveilen. Stuttgart, J. Engelhorns
364 524 225 70 nachf.,
626 524 164 56 1926.

436 601 89 51 138,
570 601 40 53 [2]
644 614 38 37 p.
747 599 51 44 18
802 602 47 18 cm
856 635 9 9 .

365 654 1906 54 © June 6, 1926; 1c . Dec. 3; A —Foreign 32667; J. Engelhorns nachf.
367 768 247 74 Spivey,
661 769 267 57 Thomas
974 769 271 72 Sawyer,
1292 771 188 56 1856-

446 860 128 57 The
612 861 124 56 last
776 859 68 57 of
882 860 103 56 the
1027 859 244 72 gnostic
1308 863 300 68 masters;
1648 879 36 38 a
1721 860 199 70 novel,
1960 860 85 71 by
2085 860 269 57 Thomas

369 934 1986 76 Sawyer Spivey … Beverly Hills, Calif., T. S. Spivey
406 1017 162 72 [c1926]

436 1090 877 56 4 p. l. , 11-588 p. 19½cm. $2.50
365 1149 52 53 ©
449 1152 105 42 Dec.
588 1152 63 48 10,
686 1150 127 51 1926;
844 1150 64 42 2c.
943 1150 105 42 Dec.
1079 1150 76 50 22;
1189 1149 77 43 aff.
1300 1150 106 42 Dec.
1443 1149 73 52 18;
1549 1150 43 41 A
1622 1147 188 54 958464;
1842 1148 55 44 T.
1931 1147 46 47 S.
2011 1146 177 56 Spivey.

442 1205 268 56 (26-24559)

366 1305 319 68 Thomsen,
731 1303 268 58 Thomas
1041 1303 335 70 Christian,
1420 1306 187 56 1882-

440 1397 127 58 The
616 1395 276 73 practice
944 1399 67 56 of
1060 1396 405 72 lubrication;
1517 1418 80 38 an
1646 1395 403 75 engineering
2098 1396 259 60 treatise

362 1496 80 38 on
465 1478 102 58 the
594 1475 223 73 origin,
842 1476 225 58 nature
1093 1478 123 57 and
1241 1474 237 75 testing
1501 1477 67 57 of
1594 1475 363 73 lubricants,
1984 1476 164 58 their
362 1477 1973 149 selection,

552 1552 1802 76 application and use, by T. C. Thomsen … 2d ed.
365 1632 152 56 New
542 1632 171 55 York
746 1635 147 70 [etc.]
928 1631 451 57 McGraw-Hill
1411 1631 157 55 book
1600 1649 319 52 company,
1953 1630 135 71 inc.,
2124 1632 164 55 1926.

431 1713 96 48 xiii,
557 1712 80 45 616
667 1726 41 34 p.
769 1710 133 50 illus.,
934 1712 167 48 diagrs.
1161 1710 52 44 23½cm.
1426 1708 125 51 $6.00

363 1764 52 53 ©
441 1766 107 42 Dec.
574 1766 36 49 9,
641 1764 127 50 1926;
795 1765 63 41 2c.
887 1765 105 41 Dec.
1024 1764 73 51 13;
1124 1764 77 42 aff.
1231 1763 108 42 Dec.
1370 1763 72 51 14;
1473 1763 40 41 A
1541 1761 161 44 957751;
1760 1762 346 44 McGraw-Hill
2133 1763 121 43 book
2279 1778 79 38 co.,

433 1824 81 42 inc.
579 1820 269 55 (26-24539)

364 1905 211 73 Tripp,
624 1906 139 72 Guy
807 1906 317 67 Eastman,
1176 1907 188 56 1865-

437 1996 272 60 Electric
742 1997 433 71 development
1211 2016 70 39 as
1316 2018 79 37 an
1430 1998 105 59 aid
1567 2002 63 54 to
1666 1997 401 74 agriculture,
2103 2000 81 71 by
2220 1998 138 72 Guy

361 2072 1994 77 E. Tripp … New York, The Knickerbocker press (G. P.
361 2157 331 57 Putnam’s
728 2153 175 73 sons)
947 2156 164 55 1926.

431 2235 74 48 vii,
538 2234 50 45 78
618 2249 39 35 p.
720 2234 154 49 front.,
907 2233 118 45 illus.
1052 2234 178 49 (maos)
1269 2235 157 46 plates.
1492 2233 143 45 19½cm.

363 2287 52 53 ©
450 2289 116 43 Nov.
600 2288 67 52 26,
704 2288 128 49 1926;
869 2288 63 42 2c.
969 2288 106 42 Dec.
1115 2287 73 51 14;
1225 2286 78 43 aff.
1339 2286 109 44 Dec.
1484 2287 50 51 9;
1569 2286 44 43 A
1646 2284 189 55 958337;
1875 2286 50 45 G.
1961 2286 52 48 E.
2048 2286 157 55 Tripp,
2241 2288 117 44 New

432 2346 141 42 York.
641 2342 269 57 (26-24538)

366 2430 255 67 Turner,
662 2428 244 59 Walter
941 2428 230 71 James,
1214 2430 188 56 1889-
1560 2430 90 57 ed.

438 2520 194 60 Great
665 2537 234 55 names,
936 2520 186 73 being
1159 2539 80 37 an
1275 2520 342 74 anthology
1652 2522 69 59 of
1757 2519 266 75 English
2059 2523 47 56 &
359 2523 1975 134 American

527 2599 330 59 literature
890 2600 167 57 from
1092 2598 280 60 Chaucer
1404 2603 63 56 to
1503 2598 262 62 Francis
1800 2602 377 71 Thompson,
2208 2600 151 57 with

360 2676 457 59 introductions
869 2678 83 71 by
1002 2677 257 58 various
1311 2677 203 57 hands
1567 2678 46 57 &
1665 2677 317 73 drawings
2035 2681 81 69 by
2170 2678 59 60 J.
2284 2679 69 57 F.

359 2757 321 58 Horrabin
724 2757 169 58 after
938 2753 269 74 original
1249 2755 342 72 portraits;
1636 2757 105 58 the
1784 2755 196 60 whole
2027 2757 206 59 edited
2276 2758 83 69 by

359 2835 241 59 Walter
644 2835 60 60 J.
752 2833 244 59 Turner
1040 2834 104 57 for
1191 2834 102 58 the
1338 2834 329 57 Nonesuch
1711 2853 181 52 press
1938 2835 47 57 &
2026 2835 148 58 here
2217 2835 142 60 first

359 2912 328 74 published
724 2914 84 71 by
848 2911 232 74 special
1121 2913 459 67 arrangement.
1663 2910 151 60 New
1853 2913 190 71 York,
2083 2914 69 57 L.
359 2913 1976 153 MacVeagh,

628 2991 131 59 The
789 2988 147 60 Dial
962 3010 202 53 press,
1197 2991 166 56 1926.

431 3073 60 47 xi,
524 3071 82 44 282
641 3085 38 35 p.
741 3067 118 48 illus.
887 3068 191 52 (ports.)
1144 3069 55 45 26
1204 3070 47 19 cm
1258 3104 8 9 .

362 3123 53 53 ©
446 3126 106 42 Dec.
584 3123 36 49 5,
656 3124 128 51 1926;
816 3124 63 42 2c.
912 3124 108 42 Dec.
1056 3120 73 53 15;
1164 3122 78 42 aff.
1274 3122 97 51 Jan.
1409 3122 60 50 12,
1505 3120 128 52 1927;
1667 3122 43 41 A
1742 3120 162 45 957642;
1966 3122 107 43 Dial
2104 3138 139 37 press,
2275 3124 81 43 inc.

441 3181 269 55 (26-23916)

362 3264 141 58 Van
534 3264 185 68 Loon,
760 3262 287 58 Hendrik
1081 3260 266 73 Willem,
1386 3265 188 56 1882-

435 3356 128 57 The
607 3359 175 67 story
822 3355 68 57 of
930 3354 316 68 mankind,
1288 3356 83 69 by
1410 3354 285 58 Hendrik
1733 3355 142 57 Van
1914 3355 189 58 Loon.
2190 3355 166 72 [New

364 3434 185 73 York]
581 3433 161 57 Boni
775 3434 122 56 and
926 3430 327 73 Liveright
1288 3461 12 43 [
1302 3440 21 22 c
1325 3434 163 69 1926]

435 3508 1920 56 3 p. l. , ix-xxviii p, 2 l., 3-505 p. col. front., illus. (incl. maps) plates
373 3569 126 53 (part
530 3567 108 54 col.)
705 3568 55 44 24
765 3570 16 19 cm
819 3603 9 9 .

435 3625 265 45 Illustrated
729 3633 95 45 t.-p.

436 3682 379 53 “Thirty-second
844 3680 217 54 printing,
1094 3681 133 52 Nov,
1262 3680 145 45 1926.”

436 3739 210 45 Lettered
679 3754 57 29 on
771 3754 132 29 cover
920 3753 10 29 :
968 3737 229 54 Enlarged
1230 3737 230 54 Newbery
1491 3738 144 43 medal
1669 3737 181 45 edition.

437 3796 101 44 “An
567 3796 233 44 historical
833 3795 186 53 reading
1050 3794 76 45 list
1159 3794 75 44 for
1262 3794 255 46 children”:
1549 3809 40 37 p.
1620 3794 202 48 491-499.

363 3852 51 52 ©
445 3854 107 42 Dec.
586 3853 62 46 10,
681 3852 128 52 1926;
842 3853 63 42 2c.
938 3852 106 43 Dec.
1074 3853 77 50 21;
1185 3852 77 43 aff.
1295 3852 106 42 Dec.
1438 3852 73 51 11;
1543 3852 43 41 A
1617 3849 187 54 958434;
1840 3851 114 43 Boni
1985 3851 37 44 &
2053 3848 245 53 Liveright.

442 3908 267 55 (26-24507)
