2542 4285
1317 3972 150 57 1510

397 351 157 63 May,
590 349 211 64 Ralph,
844 352 170 50 1882-

469 427 181 69 Early
686 428 373 53 Portsmouth
1095 427 240 68 history,
1371 426 76 69 by
1484 425 194 68 Ralph
1714 426 155 68 May.
1945 426 233 65 Boston,
2218 423 61 54 C.
2319 423 67 52 E.

400 506 337 68 Goodspeed
765 508 47 51 &
841 524 99 49 co.,
973 507 150 50 1926.

472 599 1086 52 5 p. l. , [13]-285 p. front., plates. 24 cm .
474 669 376 42 “References”:
886 680 44 38 p.
966 667 247 51 [271]-285.

397 732 56 54 ©
477 739 112 39 Dec.
612 737 41 48 4,
680 737 142 47 1926;
851 737 67 40 2c.
944 737 112 38 Dec.
1083 735 54 48 9;
1164 735 84 40 aff.
1274 736 113 39 Dec.
1414 734 52 48 8;
1494 735 43 38 A
1560 734 200 48 958274;
1789 735 56 40 R.
1872 736 127 46 May,
2027 735 197 39 Boston.

478 793 194 49 (27-47)

396 888 217 62 Moore,
647 886 155 55 John
834 886 230 63 Milton,
1102 886 171 53 1871-

466 966 220 69 Things
721 965 127 53 that
880 969 210 48 matter
1122 969 167 61 most,
1321 961 77 71 by
1433 962 156 55 John
1624 963 80 52 M.
1738 963 217 67 Moore,
2027 1006 9 9 D.
2113 1006 9 9 D.
395 962 1971 150 Philadelphia,

668 1040 1176 69 Boston [etc.] The Judson press [ c 1926]
469 1135 559 51 5 p. l. , 121 p. 19½cm.
467 1207 268 40 Addresses
759 1206 182 48 spoken
962 1206 130 39 from
1116 1206 82 40 the
1220 1205 159 49 pulpit
1402 1205 53 40 of
1477 1206 83 39 the
1586 1205 167 47 Marcy
1778 1215 185 30 avenue
1989 1204 198 48 Baptist
2211 1205 181 39 church

396 1264 52 39 of
473 1263 247 47 Brooklyn.
797 1263 63 48 cf.
888 1262 131 41 Pref.

399 1326 53 55 ©
479 1334 112 39 Dec.
619 1333 69 47 14,
717 1331 141 48 1926;
888 1331 68 41 2c.
986 1333 112 38 Dec.
1126 1331 83 47 22;
1242 1331 82 41 aff.
1355 1332 111 39 Dec.
1497 1331 83 47 23;
1613 1331 41 39 A
1681 1331 201 48 957768;
1915 1332 189 39 Judson
2131 1338 150 41 press.

478 1388 193 50 (27-66)

398 1483 264 62 Munroe,
691 1481 170 63 Kirk,
895 1484 172 50 1860-

470 1560 73 51 In
574 1560 97 52 the
703 1560 164 52 heart
900 1558 65 53 of
995 1560 96 51 the
1127 1560 378 68 Everglades;
1543 1559 170 68 being
1745 1560 96 51 the
1875 1565 157 63 story
2066 1559 65 53 of
2164 1560 97 52 the
402 1560 1965 129 adventures

697 1636 65 52 of
793 1637 177 51 Allan
1002 1638 242 50 Lawton
1277 1637 61 50 in
1369 1637 98 51 the
1501 1637 157 67 early
1690 1637 431 68 homesteading
2155 1637 140 67 days
2328 1636 65 53 of

401 1715 238 52 Florida
677 1715 113 51 and
825 1714 164 52 when
1024 1714 96 52 the
1161 1712 283 55 Seminole
1480 1714 241 52 Indians
1756 1714 116 52 had
1907 1732 74 35 no
2017 1714 151 69 legal
2205 1714 186 69 rights

400 1793 127 52 that
552 1792 97 53 the
676 1792 172 52 white
875 1810 134 33 man
1036 1809 116 34 was
1177 1791 192 52 bound
1397 1796 59 47 to
1486 1797 234 62 respect,
1747 1791 77 69 by
1850 1791 154 53 Kirk
2029 1792 239 53 Monroe
2334 1791 51 68 [!]

463 1869 1929 69 … illustrated by H. Burgess and P. L. Martin. Boston, Mass.,
396 1948 90 54 W.
514 1948 71 52 A.
611 1947 194 54 Wilde
833 1965 281 50 company
1146 1980 12 33 [
1163 1953 18 21 c
1186 1949 151 65 1926]

466 2042 1113 49 3 p. l. , 5-164 p. col. front., plates. 19 cm .
401 2095 51 52 ©
483 2099 128 48 Sept.
636 2098 69 48 15,
732 2098 116 40 1926;
903 2098 68 41 2c.
998 2099 96 39 and
1121 2097 82 41 aff.
1230 2099 119 40 Nov.
1376 2098 57 39 22;
1486 2098 43 39 A
1557 2098 173 41 957187;
1789 2100 71 39 W.
1889 2098 55 40 A.
1973 2098 159 41 Wilde
2158 2109 69 32 co.

478 2154 281 49 (26-21117)

397 2250 269 62 Nadaud,
704 2248 237 64 Marcel,
982 2252 171 49 1889-

529 2327 1862 70 … L’armée du crime; La coco; L’espionnage d’après-guerre.
396 2407 185 67 Paris,
613 2404 572 70 Georges-Anquetil,
1219 2408 150 50 1926.

468 2490 86 41 263
582 2501 45 38 p.
689 2489 130 41 illus.
881 2488 58 42 19
940 2491 45 22 cm
989 2521 10 9 .

469 2547 66 40 At
558 2548 125 39 head
707 2546 53 41 of
783 2546 110 40 title
910 2557 9 29 :
946 2546 185 39 Marcel
1155 2545 210 40 Nadaud
1391 2546 49 39 et
1464 2543 165 42 André
1653 2545 144 48 Fage.

398 2596 1827 55 © Jan. 5, 1926; 1c. Mar. 9; A—Foreign 31324; Georges Anquetil.
478 2657 223 50 (27-258)

396 2753 246 61 Namur,
676 2752 170 52 Irene
880 2751 168 54 Case.

465 2829 446 69 Bio-chemistry
939 2829 61 52 in
1028 2829 74 53 its
1132 2828 356 69 application
1518 2835 59 47 to
1606 2829 214 53 human
1848 2829 218 69 beings,
2098 2831 143 52 class
395 2836 1974 125 outline

535 2906 1859 71 by Irene Case Namur … [Albany, C. F. Williams & son,
394 2986 127 66 inc.,
548 2991 19 22 c
571 2987 152 64 1926]

468 3065 68 49 59,
568 3066 84 50 [11]
682 3076 44 38 p.
788 3065 130 42 Ulus.
980 3065 147 42 29½cm.

469 3123 119 40 Part
613 3122 53 40 of
690 3132 148 39 pages
864 3123 149 39 blank
1037 3123 81 39 for
1144 3123 234 40 “Lecture
1404 3122 183 42 notes”.

398 3172 55 54 ©
478 3178 101 42 Oct.
605 3178 40 48 5,
670 3178 117 40 1926;
839 3178 68 41 2c.
933 3180 112 39 Dec.
1072 3179 53 39 11;
1185 3178 82 41 aff.
1295 3180 113 39 Dec.
1436 3179 26 39 6;
1515 3179 42 39 A
1583 3179 174 40 957594;
1815 3181 37 40 I.
1882 3180 49 40 C.
1959 3181 200 48 Namur,
2188 3181 205 48 Albany.

478 3234 194 49 (27-65)

397 3328 439 54 Northeastern
868 3331 289 61 reporter.

532 3407 1860 70 … Temporary North eastern digest of volumes 141-150
400 3485 186 52 North
620 3490 220 47 eastern
874 3491 274 62 reporter,
1182 3486 140 51 with
1355 3486 250 53 Indiana
1636 3492 210 47 statute
1880 3488 364 53 annotations
2279 3488 113 53 and

401 3563 248 52 Indiana
683 3563 153 52 table
873 3562 64 53 of
971 3582 166 34 cases.
1216 3563 266 67 [Indiana
1520 3565 103 65 ed.]
1699 3566 92 67 By
1822 3565 98 53 the
1956 3566 266 52 editorial
2258 3565 135 54 staff

401 3640 1992 73 of the American digest system … St. Paul, West publishing
399 3736 296 51 company,
725 3721 150 50 1926.

468 3799 778 50 2 p. l. , 102, iii, 489 p. 24½cm.
399 3850 55 54 ©
481 3857 114 47 May
620 3856 70 49 26,
718 3856 116 41 1926;
888 3857 68 40 2c.
986 3858 112 39 Dec.
1127 3858 56 39 16;
1242 3857 82 41 aff.
1353 3859 113 40 Dec.
1496 3858 56 40 15;
1610 3859 41 38 A
1679 3858 175 41 957678;
1911 3860 135 40 West
2074 3859 109 49 pub.
2213 3870 68 30 co.
