2542 4285
1117 3982 149 57 1359

181 439 1986 76 E. Theiss … illustrated by Frank T. Merrill. Boston,
181 525 95 61 W.
305 526 75 56 A.
408 522 205 60 Wilde
640 539 305 54 company
1012 520 165 71 [c1926]

256 597 778 56 1 p. l., 5-322 p. front. 19 cm .
184 655 54 54 ©
267 657 119 51 Sept.
419 655 60 49 15,
512 653 127 52 1926;
670 653 63 43 2c.
762 653 86 42 and
877 652 77 43 aff.
986 651 119 43 Nov.
1132 651 79 50 22;
1242 651 43 41 A
1313 648 189 53 957188;
1532 650 74 43 W.
1637 650 57 42 A.
1725 648 154 45 Wilde
1908 663 65 29 co.

262 711 295 57 (26-21298)

190 800 386 72 [Thompson,
613 798 168 56 John
812 795 289 72 Baptiste
1133 794 76 57 de
1240 791 292 77 Macklot]
1567 794 189 58 1872-

265 870 1842 78 Sport in field and forest, by Ozark Ripley [pseud.] …
188 955 149 57 New
369 953 187 71 York,
595 952 275 69 London,
904 950 74 56 D.
1018 950 319 70 Appleton
1373 950 124 56 and
1533 966 320 53 company,
1894 949 164 56 1926.

257 1025 1067 59 5 p. l., 179, [1] p. front., plates. 19½cm.
183 1086 56 54 ©
268 1088 118 43 Nov.
420 1088 62 49 12,
514 1085 128 52 1926;
673 1086 63 43 2c.
767 1085 86 42 and
883 1084 79 43 aff.
993 1083 119 43 Nov.
1147 1081 74 52 17;
1255 1083 43 41 A
1329 1079 190 55 950993;
1554 1083 56 42 D.
1641 1081 227 53 Appleton
1900 1082 38 44 &
1966 1097 65 28 co.

264 1143 270 56 (26-21126)

269 1230 196 57 Three
498 1228 347 59 Christmas
876 1245 142 39 eves;
1080 1246 38 37 a
1146 1228 177 69 story
1350 1226 105 56 for
1486 1225 275 58 children;
1824 1225 348 60 translated

188 1308 167 57 from
399 1307 103 56 the
551 1305 286 59 German.
933 1302 170 58 Rock
1151 1302 234 71 Island,
1436 1302 115 71 Ill.,
1602 1302 373 73 Augustana
2021 1303 155 59 book

189 1404 260 39 concern
519 1384 162 72 [c1926]

262 1457 675 59 130 p. front., pl. 17½ cm .
187 1519 54 54 ©
268 1521 101 43 Oct.
399 1521 35 49 1,
465 1518 127 52 1926;
620 1518 63 42 2c.
714 1517 101 44 Oct.
845 1515 48 53 5;
923 1517 78 42 aff.
1031 1516 101 44 Oct.
1161 1514 49 52 7;
1242 1516 43 41 A
1312 1515 188 52 949422;
1530 1516 270 51 Augustana
1825 1514 120 45 book
1972 1530 203 29 concern.

266 1576 269 56 (26-21012)

188 1662 73 57 U.
309 1662 60 57 S.
452 1662 300 70 Supreme
800 1664 191 52 court.

268 1738 190 59 Cases
504 1737 318 72 adjudged
861 1737 22 55 in
967 1737 105 57 the
1119 1736 301 71 Supreme
1465 1739 179 54 court
1686 1736 68 56 of
1795 1736 103 57 the
1943 1736 239 58 United

191 1818 229 58 States.
512 1815 232 59 Official
793 1814 235 58 edition
1077 1813 261 72 reprint.
1433 1812 379 75 Containing
1859 1814 199 58 briefs
2113 1816 67 56 of

189 1896 249 57 counsel
472 1894 237 71 (points
737 1895 123 56 and
887 1892 428 72 authorities),
1347 1895 366 55 statements
1743 1893 67 56 of
1838 1913 190 52 cases,
2058 1895 124 56 and

192 1974 221 72 syllabi
450 1973 67 57 of
546 1973 103 56 the
685 1992 173 37 cases
894 1972 84 71 by
1008 1971 103 57 the
1148 1970 219 58 official
1398 1973 305 70 reporter.
1777 1971 295 58 Volumes
2110 1975 70 55 77

189 2056 63 53 to
298 2054 71 55 86
423 2050 357 71 (inclusive)
832 2050 276 57 Wallace
1156 2051 202 54 10-19.
1446 2050 598 72 Photographically

190 2073 1966 129 reproduced
530 2129 165 56 from
722 2129 102 57 the
853 2128 233 58 Official
1113 2128 234 57 edition
1373 2128 150 57 with
1549 2129 103 56 the
1682 2128 217 57 official
190 2129 1966 137 pagination

365 2209 67 56 of
475 2207 148 57 each
662 2207 243 56 volume
949 2208 203 56 under
1191 2206 102 57 the
1340 2206 294 58 editorial
1677 2208 395 70 supervision
2116 2210 67 56 of

189 2283 1992 76 William Edward Baldwin … Cleveland, New York, The
190 2364 286 57 Baldwin
511 2365 120 55 law
664 2362 159 58 book
862 2381 321 54 company,
1225 2364 166 56 1926.

262 2440 483 45 10 v. in l. 26½c m .
189 2497 56 54 ©
276 2499 118 43 Nov.
423 2498 67 51 22,
522 2497 106 43 1926;
682 2497 64 43 2c.
779 2497 118 44 Nov.
928 2495 78 53 27;
1039 2498 78 42 aff.
1151 2498 117 43 Nov.
1298 2498 79 52 29;
1411 2498 43 42 A
1484 2497 189 53 957295;
1708 2499 206 44 Baldwin
1946 2500 88 44 law
2063 2500 121 45 book

261 2571 81 37 co.,
380 2556 82 43 inc.

195 2639 140 57 Van
372 2638 281 69 Schaick,
695 2638 185 73 John,
920 2640 189 58 1873-

274 2715 295 74 Cruising
597 2735 170 39 cross
804 2720 292 68 country;
1131 2736 86 52 or,
1252 2717 130 59 The
1411 2717 409 75 journeyings
1854 2720 67 57 of
1952 2739 80 40 an
195 2721 1967 144 editor,

363 2793 1822 76 by John van Schaick, jr. (Johannes) … Boston
196 2874 124 56 and
359 2871 286 74 Chicago,
684 2872 426 58 Universalist
1146 2872 364 74 publishing
1542 2872 210 73 house,
1794 2876 166 56 1926.

265 2947 986 56 3 p. l., [ix]-xiv p., 1 l., 552 p. 19½c m .
191 3005 56 54 ©
281 3008 117 42 Nov.
435 3007 61 50 16,
534 3006 128 52 1926;
694 3007 64 42 2c.
794 3007 118 43 Nov.
944 3006 78 52 22;
1058 3007 79 44 aff.
1171 3007 120 43 Nov.
1330 3008 74 52 19;
1442 3008 43 42 A
1520 3005 188 55 958066;
1743 3007 306 45 Universalist
2083 3009 100 52 pub.

263 3064 151 44 house.
483 3063 269 54 (26-21132)

195 3148 181 72 Wall,
411 3148 222 59 Annie.

341 3227 1843 76 … Människor jag mötte. Oslo, H. Aschehoug & co.
204 3306 124 71 (W.
364 3305 331 72 Nygaard)
743 3336 13 43 [
756 3314 20 22 c
780 3307 164 75 1926]

262 3380 831 58 2 p. l., 195, [1] p. ports. 23 cm .
264 3441 65 43 At
364 3440 114 44 head
512 3440 53 44 of
599 3440 122 45 title:
759 3441 150 44 Annie
944 3440 138 45 Wall.

197 3495 1845 59 © Oct. 2, 1926; 1c. Oct. 30; A—Foreign 32109; H. Aschehoug & co.
199 3573 235 71 Walsh,
477 3575 210 57 James
728 3576 254 73 Joseph,
1026 3579 188 57 1865-

278 3651 1844 77 The world’s debt to the Irish, by James J. Walsh …
201 3729 256 70 Boston,
495 3730 211 69 Mass.,
748 3730 128 58 The
916 3730 328 64 Stratford
1282 3751 321 55 company,
1642 3735 164 60 1926.

270 3807 635 53 3 p. l., vi, 432 p. 19½cm.
198 3861 54 54 ©
282 3864 117 43 Nov.
430 3865 38 50 9,
503 3863 128 52 1926;
663 3864 64 43 2c.
761 3865 118 42 Nov.
914 3866 73 51 11;
1021 3866 79 44 aff.
1133 3866 118 43 Nov.
1289 3867 73 52 12;
1398 3868 43 42 A
1473 3866 188 55 950930;
1700 3868 233 46 Stratford
1966 3885 80 37 co.,
269 3872 1896 92 publishers.

513 3920 269 46 (26-20903)
