2609 4293
1414 3986 111 57 102

475 469 167 57 tions
686 489 75 37 en
804 470 283 56 couleurs
1133 471 73 56 de
1252 470 289 56 Madame
1590 468 256 59 Camille
1891 470 341 58 Hanotaux
2276 474 60 54 et
2381 472 82 56 M.

475 547 275 70 Lauras;
791 546 420 57 illustrations
1256 566 73 37 en
1372 547 140 56 noir
1555 548 73 55 de
1676 546 255 58 Gabriel
1970 547 340 58 Hanotaux
2350 548 114 57 fils.

475 624 204 71 Paris,
733 623 239 58 Société
1023 625 73 56 de
1145 623 314 57 l’histoire
1506 624 347 70 nationale;
1907 625 452 58 Plon-Nourrit
2407 630 59 53 et

475 700 106 57 cie.
617 702 181 73 [1925]

543 775 1827 55 4 p. l., [3]-591, [1] p. illus. (incl. ports.) col. plates, maps, plans. 29½cm.
472 830 53 55 ©
555 834 107 42 Dec.
696 835 34 51 1,
764 832 128 54 1925;
981 868 7 8 1c.
1018 833 105 43 Feb.
1153 834 39 51 3,
1223 833 129 52 1926;
1385 833 103 42 A—
1490 832 197 54 Foreign
1717 833 135 44 30007;
1913 834 334 43 Plon-Nourrit
2279 835 36 43 &
2346 850 64 28 co.

474 946 201 70 Janis,
715 946 186 72 Elsie,
941 949 188 56 1890-

554 1022 277 60 Counter
866 1028 303 68 currents,
1208 1025 84 70 by
1329 1024 172 57 Elsie
1539 1024 183 58 Janis
1764 1027 122 56 and
1926 1026 387 71 Marguerite
474 1026 1968 146 Aspinwall.

823 1102 152 57 New
1011 1102 172 56 York
1223 1103 123 56 and
1385 1102 277 73 London,
1705 1102 69 59 G.
1815 1103 69 56 P.
1928 1104 332 57 Putnam’s
2303 1123 163 53 sons,

474 1180 164 55 1926.

540 1256 58 49 iv,
629 1254 82 44 350
741 1270 38 37 p.
844 1256 48 42 19½cm.

471 1308 53 54 ©
554 1312 98 51 Jan.
680 1312 67 51 22,
777 1312 129 52 1926;
933 1312 65 43 2c.
1027 1312 99 51 Jan.
1154 1312 78 51 29;
1263 1312 78 42 aff.
1372 1311 106 44 Feb.
1508 1313 50 52 2;
1591 1312 43 43 A
1661 1312 189 52 879472;
1883 1310 51 50 E.
1963 1313 125 53 Janis
2118 1314 37 43 &
2185 1311 282 55 Marguerite

541 1368 265 52 Aspinwall,
841 1368 116 43 New
989 1368 142 43 York.
1201 1368 242 53 (26-3001)

473 1463 262 76 Jeffery,
773 1465 244 61 Walter
1053 1466 234 74 Henry,
1327 1469 189 57 1874-

547 1554 173 73 Deep
745 1556 138 58 well
909 1555 257 73 drilling;
1225 1557 103 56 the
1355 1556 342 72 principles
1724 1557 125 57 and
1876 1557 306 71 practices
2214 1557 68 58 of
2309 1558 155 71 deep

473 1634 137 57 well
646 1633 257 72 drilling
939 1634 124 57 and
1100 1653 35 37 a
1170 1634 170 58 hand
1375 1634 159 57 book
1570 1634 67 57 of
1670 1634 210 57 useful
1914 1634 414 58 information
2363 1634 106 58 for

472 1710 1992 74 the well driller, by Walter H. Jeffery … Houston, Tex.,
474 1788 128 57 The
634 1788 151 59 Gulf
808 1788 363 74 publishing
1198 1808 322 53 company,
1547 1797 19 22 c
1570 1790 165 56 1925.

542 1867 80 44 662
649 1883 40 38 p.
717 1867 103 44 incl.
852 1867 128 50 illus.,
1011 1868 96 44 fold.
1150 1868 142 52 plates.
1336 1867 142 44 tables
1508 1869 43 52 (1
1588 1868 136 51 fold.)
1761 1868 167 52 diagrs.
1956 1867 126 53 (part
2113 1867 134 50 fold.)
2315 1868 150 43 23½cm.

471 1921 52 54 ©
553 1924 109 43 Dec.
691 1924 66 51 29,
792 1922 129 53 1925;
950 1924 63 42 2c.
1043 1924 98 51 Jan.
1170 1924 68 52 29,
1272 1924 129 52 1926;
1435 1924 78 43 aff.
1544 1925 99 51 Jan.
1673 1924 78 53 27;
1786 1925 43 42 A
1860 1924 188 53 883085;
2080 1926 74 43 W.
2185 1925 62 43 H.
2279 1925 189 52 Jeffery,

540 1979 188 53 Toledo,
763 1980 54 44 O.
888 1980 242 53 (26-2913)

471 2064 366 72 Jorgensen,
879 2064 168 58 Emil
1085 2063 228 69 Oliver,
1357 2067 190 57 1889-

605 2155 128 57 False
763 2155 331 57 education
1118 2155 67 56 in
1213 2174 114 38 our
1356 2156 262 71 colleges
1648 2156 124 57 and
1798 2154 403 59 universities;
2265 2175 80 37 an
469 2175 1980 129 expose

659 2233 68 57 of
760 2233 176 60 Prof.
975 2232 278 59 Richard
1289 2234 67 55 T.
1396 2233 126 71 Ely
1555 2234 123 56 and
1710 2231 98 60 his
1850 2235 40 27 “
1902 2233 299 59 Institute
2238 2232 104 58 for
472 2252 1972 116 research

727 2311 67 56 in
828 2311 150 56 land
1020 2310 341 58 economics
1402 2311 125 57 and
1562 2310 211 72 public
1810 2310 340 73 utilities”,
2192 2311 280 72 showing

467 2389 138 57 how
634 2410 38 37 a
698 2389 295 72 gigantic,
1022 2388 403 58 nation-wide
1458 2388 259 72 scheme,
1746 2389 236 62 backed
2010 2390 83 71 by
2122 2388 231 73 special
469 2388 1978 150 interests,

748 2467 374 72 engineered
1145 2467 82 70 by
1250 2466 175 58 Prof.
1456 2465 277 60 Richard
1759 2467 67 56 T.
1856 2466 125 72 Ely
2006 2467 123 57 and
470 2485 1976 133 masquerading

687 2545 201 57 under
915 2545 102 57 the
1047 2543 176 73 guise
1253 2544 67 57 of
1350 2543 402 58 “research”
1777 2544 114 58 has
1920 2545 156 57 been
2104 2546 94 56 set
2226 2563 79 39 on
2334 2545 136 57 foot

467 2621 66 59 in
581 2642 114 38 our
743 2622 392 59 educational
1180 2621 395 59 institutions
1621 2627 64 55 to
1733 2622 142 58 lead
1920 2622 105 58 the
2070 2622 241 72 people,
2356 2624 110 56 not

468 2702 275 57 towards
794 2701 103 58 the
947 2701 170 73 right
1168 2701 271 57 solution
1490 2701 68 57 of
1607 2719 115 40 our
1774 2699 311 59 economic
2132 2700 333 72 problems,

468 2776 1975 154 but away from it, by Emil Oliver Jorgensen … Chicago,
681 2857 513 57 Manufacturers
1237 2857 124 57 and
1397 2856 358 58 merchants
1796 2856 245 58 federal
2081 2859 108 54 tax
2226 2855 239 73 league,

467 2938 165 55 1925.

536 3031 47 35 x,
615 3014 84 43 206
729 3028 41 37 p.
831 3012 130 52 illus.,
995 3012 166 52 diagrs.
1220 3013 53 43 23½cm.

550 3071 125 44 “The
713 3069 121 45 main
871 3076 204 37 contents
1113 3068 50 45 of
1199 3070 89 43 this
1326 3069 122 44 book
1483 3069 99 44 first
1620 3070 221 51 appeared
1882 3070 43 42 in
1965 3085 25 27 a
2029 3069 135 43 series
2202 3067 51 45 of
2289 3066 179 46 articles

475 3128 181 44 written
692 3128 60 52 by
786 3126 74 44 the
895 3126 162 44 author
1093 3126 73 44 for
1200 3126 75 44 the
1309 3125 204 53 monthly
1550 3125 197 44 Bulletin
1783 3125 50 44 of
1866 3125 75 44 the
1977 3123 369 45 Manufacturers
2383 3127 85 42 and

475 3184 256 44 merchants
767 3183 171 44 federal
970 3190 80 36 tax
1083 3183 168 52 league,
1285 3182 247 53 beginning
1565 3181 118 54 July,
1725 3181 118 54 1924,
1877 3183 87 43 and
1997 3182 162 51 ending
2196 3181 274 50 November,

477 3241 147 46 1925.”

542 3298 298 51 Advertising
871 3303 188 37 matter:
1093 3312 39 37 p.
1169 3294 200 46 195-201.

469 3351 52 54 ©
551 3355 98 51 Jan.
684 3352 34 53 5,
756 3353 129 52 1926;
918 3354 63 42 2c.
1014 3354 98 51 Jan.
1147 3351 47 54 7;
1230 3352 78 43 aff.
1340 3353 99 51 Jan.
1470 3351 78 53 27;
1582 3352 43 42 A
1657 3351 190 52 883079;
1883 3348 52 50 E.
1971 3351 54 44 O.
2057 3352 265 51 Jorgensen,
539 3349 1904 115 Chicago.
734 3410 242 54 (26-3180)

470 3494 308 71 Kearney,
818 3492 275 59 Patrick.

544 3588 61 56 A
630 3590 206 56 man’s
863 3605 177 53 man;
1072 3606 36 37 a
1137 3584 258 73 comedy
1423 3586 66 58 of
1516 3584 112 60 life
1656 3586 200 57 under
1884 3586 104 56 the
2019 3584 159 55 “L”
2206 3585 84 71 by
469 3585 1970 136 Patrick

633 3661 1762 75 Kearney, with an introduction by Philip Moeller …
468 3740 152 59 New
648 3739 191 73 York,
870 3741 384 58 Brentano’s
1290 3769 12 43 [
1303 3747 19 21 c
1327 3739 164 73 1925]

571 3818 555 52 x p., 2 l., 134 p. 20 cm .
468 3870 53 54 ©
560 3873 108 43 Dec.
702 3873 68 50 28,
807 3871 102 44 1925;
972 3873 64 42 2c.
1072 3872 90 43 and
1194 3872 79 43 aff.
1307 3871 97 52 Jan.
1440 3872 39 51 9,
1517 3871 129 52 1926;
1686 3871 43 42 A
1767 3870 188 53 879417;
1997 3872 49 41 P.
2084 3871 225 52 Kearney,
2348 3871 117 43 New

538 3929 143 43 York.
750 3928 241 55 (26-3020)
