<alto xmlns="http://www.loc.gov/standards/alto/ns-v3#" xmlns:xlink="http://www.w3.org/1999/xlink" xmlns:xsi="http://www.w3.org/2001/XMLSchema-instance" xsi:schemaLocation="http://www.loc.gov/standards/alto/ns-v3# http://www.loc.gov/alto/v3/alto-3-0.xsd"><Description>
<MeasurementUnit>pixel</MeasurementUnit>
<sourceImageInformation>
<fileName>1926_v23_Part001.pdf</fileName>
</sourceImageInformation>
<OCRProcessing ID="IdOcr">
<ocrProcessingStep>
<processingDateTime>2019-04-10</processingDateTime>
<processingSoftware>
<softwareCreator>ABBYY</softwareCreator>
<softwareName>ABBYY Recognition Server</softwareName>
<softwareVersion>4.0</softwareVersion>
</processingSoftware>
</ocrProcessingStep>
</OCRProcessing>
</Description>
<Styles>
<ParagraphStyle ID="StyleId-FFFFFFFF-FFFF-FFFF-FFFF-FFFFFFFFFFFF-" ALIGN="Left" LEFT="0." RIGHT="0." FIRSTLINE="0."/>
<ParagraphStyle ID="StyleId-22C3EA86-D171-42E2-A7D2-9A866F7D91F9-" ALIGN="Left" LEFT="0." RIGHT="0." FIRSTLINE="0." LINESPACE="8.300000191"/>
<ParagraphStyle ID="StyleId-E3FA4CC6-F5E5-41CA-B4C4-90085BF71B6C-" ALIGN="Block" LEFT="0." RIGHT="0." FIRSTLINE="-14." LINESPACE="8.050000191"/>
<ParagraphStyle ID="StyleId-41118DB3-028A-4115-95B3-BB512DD0EDAE-" ALIGN="Left" LEFT="0." RIGHT="0." FIRSTLINE="-13." LINESPACE="13.30000019"/>
<ParagraphStyle ID="StyleId-A2FB4C2B-BF87-45AD-9689-33B0118FBFC1-" ALIGN="Block" LEFT="0." RIGHT="0." FIRSTLINE="-14." LINESPACE="11.06999969"/>
<ParagraphStyle ID="StyleId-BBBA7B5D-FE2B-4BC7-AC7D-F142900C21B8-" ALIGN="Block" LEFT="0." RIGHT="0." FIRSTLINE="0." LINESPACE="8.899999619"/>
<ParagraphStyle ID="StyleId-3CEA3EEE-4341-4E33-9EF0-A9438AB90A9B-" ALIGN="Center" LEFT="0." RIGHT="0." FIRSTLINE="0." LINESPACE="12.19999981"/>
<ParagraphStyle ID="StyleId-817955BE-3120-4B53-BBD3-920BAE733BFF-" ALIGN="Left" LEFT="0." RIGHT="0." FIRSTLINE="0." LINESPACE="12.19999981"/>
<ParagraphStyle ID="StyleId-456A266C-F799-486A-ACB1-75B61E9815AB-" ALIGN="Left" LEFT="0." RIGHT="0." FIRSTLINE="-13." LINESPACE="8.18999958"/>
<ParagraphStyle ID="StyleId-6A1E9ED6-E5EA-4E31-BD5A-88089B8D7134-" ALIGN="Right" LEFT="0." RIGHT="0." FIRSTLINE="0." LINESPACE="7.699999809"/>
<ParagraphStyle ID="StyleId-C11ABF73-04BC-4F6E-B7E4-01FCA3A26756-" ALIGN="Left" LEFT="0." RIGHT="0." FIRSTLINE="-13." LINESPACE="12.19999981"/>
<ParagraphStyle ID="StyleId-662CF6CF-DB5F-40BE-AD24-E877ED82DD6F-" ALIGN="Block" LEFT="0." RIGHT="0." FIRSTLINE="-14." LINESPACE="11.06999969"/>
<ParagraphStyle ID="StyleId-9361006B-74B5-41BD-BFD3-03318AD64910-" ALIGN="Left" LEFT="0." RIGHT="0." FIRSTLINE="0." LINESPACE="8.899999619"/>
</Styles>
<Layout>
<Page ID="Page944" PHYSICAL_IMG_NR="944" HEIGHT="4285" WIDTH="2542">
<TopMargin HEIGHT="352" WIDTH="2542" VPOS="0" HPOS="0">
</TopMargin>
<LeftMargin HEIGHT="3678" WIDTH="346" VPOS="352" HPOS="0">
</LeftMargin>
<RightMargin HEIGHT="3678" WIDTH="152" VPOS="352" HPOS="2390">
</RightMargin>
<BottomMargin HEIGHT="255" WIDTH="2542" VPOS="4030" HPOS="0">
</BottomMargin>
<PrintSpace HEIGHT="3678" WIDTH="2044" VPOS="352" HPOS="346">
<TextBlock ID="Page944_Block1" HEIGHT="76" WIDTH="134" VPOS="3954" HPOS="1322" LANG="en-US" STYLEREFS="StyleId-9684CDBB-BD69-4F5A-9362-74F9626E7D96-">
<TextLine HEIGHT="57" WIDTH="114" VPOS="3964" HPOS="1332">
<String CONTENT="944" HEIGHT="57" WIDTH="114" VPOS="3964" HPOS="1332"/>
</TextLine>
</TextBlock>
<TextBlock ID="Page944_Block2" HEIGHT="3610" WIDTH="2044" VPOS="352" HPOS="346" LANG="en-US" CS="1" STYLEREFS="StyleId-BFF9052C-2C7B-4709-BCF8-D2896B83C655-">
<Shape>
<Polygon POINTS="2380,352 2390,352 2390,3962 346,3962 346,354 2380,354 2380,352"/>
</Shape>
<TextLine HEIGHT="78" WIDTH="818" VPOS="363" HPOS="357" STYLEREFS="StyleId-6BAB9533-F7CD-43F3-817F-F9CF5BEEB381-">
<String CONTENT="Knight," HEIGHT="73" WIDTH="259" VPOS="368" HPOS="357"/>
<SP HEIGHT="73" WIDTH="31" VPOS="368" HPOS="617"/>
<String CONTENT="Charles" HEIGHT="59" WIDTH="258" VPOS="366" HPOS="649"/>
<SP HEIGHT="57" WIDTH="27" VPOS="365" HPOS="908"/>
<String CONTENT="Kelley." HEIGHT="75" WIDTH="239" VPOS="363" HPOS="936"/>
</TextLine>
<TextLine HEIGHT="76" WIDTH="1715" VPOS="448" HPOS="431" STYLEREFS="StyleId-C45BBFA9-3ED2-4BBD-82ED-B180835EFBA8-" CS="1">
<String CONTENT="Advanced" HEIGHT="57" WIDTH="341" VPOS="458" HPOS="431"/>
<SP HEIGHT="59" WIDTH="24" VPOS="456" HPOS="773"/>
<String CONTENT="life" HEIGHT="60" WIDTH="113" VPOS="454" HPOS="798"/>
<SP HEIGHT="57" WIDTH="25" VPOS="457" HPOS="912"/>
<String CONTENT="insurance," HEIGHT="67" WIDTH="350" VPOS="457" HPOS="938"/>
<SP HEIGHT="51" WIDTH="26" VPOS="473" HPOS="1289"/>
<String CONTENT="with" HEIGHT="58" WIDTH="153" VPOS="452" HPOS="1316"/>
<SP HEIGHT="57" WIDTH="23" VPOS="451" HPOS="1470"/>
<String CONTENT="illustrations" HEIGHT="60" WIDTH="419" VPOS="449" HPOS="1494"/>
<SP HEIGHT="41" WIDTH="30" VPOS="468" HPOS="1914"/>
<String CONTENT="of" HEIGHT="61" WIDTH="68" VPOS="448" HPOS="1945"/>
<SP HEIGHT="60" WIDTH="26" VPOS="448" HPOS="2014"/>
<String CONTENT="the" HEIGHT="59" WIDTH="105" VPOS="449" HPOS="2041"/>
</TextLine>
<TextLine HEIGHT="159" WIDTH="1985" VPOS="448" HPOS="358" STYLEREFS="StyleId-C45BBFA9-3ED2-4BBD-82ED-B180835EFBA8-" CS="1">
<String CONTENT="principles" HEIGHT="159" WIDTH="1961" VPOS="448" HPOS="358"/>
<SP HEIGHT="38" WIDTH="38" VPOS="554" HPOS="550"/>
<String CONTENT="and" HEIGHT="59" WIDTH="123" VPOS="533" HPOS="589"/>
<SP HEIGHT="72" WIDTH="34" VPOS="533" HPOS="713"/>
<String CONTENT="practices" HEIGHT="75" WIDTH="308" VPOS="530" HPOS="748"/>
<SP HEIGHT="38" WIDTH="38" VPOS="550" HPOS="1057"/>
<String CONTENT="of" HEIGHT="58" WIDTH="68" VPOS="530" HPOS="1096"/>
<SP HEIGHT="57" WIDTH="34" VPOS="530" HPOS="1165"/>
<String CONTENT="actuarial" HEIGHT="59" WIDTH="308" VPOS="529" HPOS="1200"/>
<SP HEIGHT="56" WIDTH="37" VPOS="530" HPOS="1509"/>
<String CONTENT="science," HEIGHT="71" WIDTH="254" VPOS="527" HPOS="1547"/>
<SP HEIGHT="70" WIDTH="34" VPOS="528" HPOS="1802"/>
<String CONTENT="by" HEIGHT="70" WIDTH="84" VPOS="528" HPOS="1837"/>
<SP HEIGHT="73" WIDTH="39" VPOS="525" HPOS="1922"/>
<String CONTENT="Charles" HEIGHT="61" WIDTH="258" VPOS="525" HPOS="1962"/>
<SP HEIGHT="61" WIDTH="40" VPOS="525" HPOS="2221"/>
<String CONTENT="K." HEIGHT="56" WIDTH="81" VPOS="525" HPOS="2262"/>
</TextLine>
<TextLine HEIGHT="80" WIDTH="1986" VPOS="602" HPOS="360" STYLEREFS="StyleId-C45BBFA9-3ED2-4BBD-82ED-B180835EFBA8-" CS="1">
<String CONTENT="Knight" HEIGHT="72" WIDTH="242" VPOS="610" HPOS="360"/>
<SP HEIGHT="53" WIDTH="46" VPOS="614" HPOS="603"/>
<String CS="1" CONTENT="&#8230;"/>
<SP HEIGHT="56" WIDTH="83" VPOS="610" HPOS="714"/>
<String CONTENT="New" HEIGHT="56" WIDTH="152" VPOS="610" HPOS="798"/>
<SP HEIGHT="56" WIDTH="36" VPOS="609" HPOS="951"/>
<String CONTENT="York," HEIGHT="69" WIDTH="192" VPOS="609" HPOS="988"/>
<SP HEIGHT="71" WIDTH="42" VPOS="607" HPOS="1181"/>
<String CONTENT="J." HEIGHT="58" WIDTH="60" VPOS="607" HPOS="1224"/>
<SP HEIGHT="57" WIDTH="39" VPOS="607" HPOS="1285"/>
<String CONTENT="Wiley" HEIGHT="71" WIDTH="209" VPOS="606" HPOS="1325"/>
<SP HEIGHT="73" WIDTH="39" VPOS="604" HPOS="1535"/>
<String CONTENT="&amp;" HEIGHT="59" WIDTH="48" VPOS="604" HPOS="1575"/>
<SP HEIGHT="59" WIDTH="41" VPOS="604" HPOS="1624"/>
<String CONTENT="sons," HEIGHT="52" WIDTH="164" VPOS="623" HPOS="1666"/>
<SP HEIGHT="72" WIDTH="40" VPOS="603" HPOS="1831"/>
<String CONTENT="inc.;" HEIGHT="71" WIDTH="150" VPOS="603" HPOS="1872"/>
<SP HEIGHT="70" WIDTH="41" VPOS="604" HPOS="2023"/>
<String CONTENT="London," HEIGHT="71" WIDTH="281" VPOS="602" HPOS="2065"/>
</TextLine>
<TextLine HEIGHT="76" WIDTH="1079" VPOS="684" HPOS="361" STYLEREFS="StyleId-C45BBFA9-3ED2-4BBD-82ED-B180835EFBA8-">
<String CONTENT="Chapman" HEIGHT="71" WIDTH="323" VPOS="688" HPOS="361"/>
<SP HEIGHT="57" WIDTH="27" VPOS="687" HPOS="685"/>
<String CONTENT="&amp;" HEIGHT="57" WIDTH="48" VPOS="687" HPOS="713"/>
<SP HEIGHT="57" WIDTH="23" VPOS="687" HPOS="762"/>
<String CONTENT="Hall," HEIGHT="72" WIDTH="169" VPOS="685" HPOS="786"/>
<SP HEIGHT="71" WIDTH="25" VPOS="686" HPOS="956"/>
<String CONTENT="limited," HEIGHT="76" WIDTH="260" VPOS="684" HPOS="982"/>
<SP HEIGHT="73" WIDTH="30" VPOS="687" HPOS="1243"/>
<String CONTENT="1926." HEIGHT="56" WIDTH="166" VPOS="685" HPOS="1274"/>
</TextLine>
<TextLine HEIGHT="55" WIDTH="757" VPOS="771" HPOS="428" CS="1">
<String CONTENT="xi," HEIGHT="52" WIDTH="61" VPOS="773" HPOS="428"/>
<SP HEIGHT="51" WIDTH="24" VPOS="774" HPOS="490"/>
<String CONTENT="426" HEIGHT="44" WIDTH="87" VPOS="774" HPOS="515"/>
<SP HEIGHT="52" WIDTH="18" VPOS="774" HPOS="603"/>
<String CONTENT="p." HEIGHT="37" WIDTH="41" VPOS="789" HPOS="622"/>
<SP HEIGHT="43" WIDTH="27" VPOS="773" HPOS="664"/>
<String CONTENT="incl." HEIGHT="44" WIDTH="102" VPOS="772" HPOS="692"/>
<SP HEIGHT="35" WIDTH="25" VPOS="781" HPOS="795"/>
<String CONTENT="tables." HEIGHT="45" WIDTH="159" VPOS="771" HPOS="821"/>
<SP HEIGHT="41" WIDTH="53" VPOS="775" HPOS="981"/>
<String CS="1" CONTENT="23&#189;" HEIGHT="43" WIDTH="53" VPOS="773" HPOS="1035"/>
<String STYLE="superscript" CONTENT="cm" HEIGHT="17" WIDTH="46" VPOS="774" HPOS="1124"/>
<String CONTENT="." HEIGHT="9" WIDTH="9" VPOS="806" HPOS="1176"/>
</TextLine>
<TextLine HEIGHT="117" WIDTH="1972" VPOS="836" HPOS="356" CS="1">
<String CONTENT="&#169;" HEIGHT="54" WIDTH="52" VPOS="841" HPOS="356"/>
<SP HEIGHT="54" WIDTH="29" VPOS="841" HPOS="409"/>
<String CONTENT="Aug." HEIGHT="53" WIDTH="120" VPOS="843" HPOS="439"/>
<SP HEIGHT="45" WIDTH="30" VPOS="842" HPOS="560"/>
<String CONTENT="5," HEIGHT="52" WIDTH="37" VPOS="842" HPOS="591"/>
<SP HEIGHT="51" WIDTH="31" VPOS="843" HPOS="629"/>
<String CONTENT="1926;" HEIGHT="50" WIDTH="130" VPOS="843" HPOS="661"/>
<SP HEIGHT="49" WIDTH="32" VPOS="844" HPOS="792"/>
<String CONTENT="2c." HEIGHT="41" WIDTH="64" VPOS="844" HPOS="825"/>
<SP HEIGHT="27" WIDTH="33" VPOS="858" HPOS="890"/>
<String CONTENT="and" HEIGHT="45" WIDTH="88" VPOS="840" HPOS="924"/>
<SP HEIGHT="44" WIDTH="29" VPOS="840" HPOS="1013"/>
<String CONTENT="aff." HEIGHT="44" WIDTH="79" VPOS="840" HPOS="1043"/>
<SP HEIGHT="44" WIDTH="29" VPOS="840" HPOS="1123"/>
<String CONTENT="Aug." HEIGHT="53" WIDTH="120" VPOS="840" HPOS="1153"/>
<SP HEIGHT="42" WIDTH="31" VPOS="843" HPOS="1274"/>
<String CONTENT="23;" HEIGHT="50" WIDTH="77" VPOS="842" HPOS="1306"/>
<SP HEIGHT="53" WIDTH="33" VPOS="839" HPOS="1384"/>
<!-- cceid 03AA1BB1-6E1B-1014-9B7B-CA07F191E62B --><String CONTENT="A" HEIGHT="42" WIDTH="44" VPOS="839" HPOS="1418"/>
<SP HEIGHT="44" WIDTH="28" VPOS="839" HPOS="1463"/>
<String CONTENT="897910;" HEIGHT="53" WIDTH="189" VPOS="838" HPOS="1492"/>
<SP HEIGHT="54" WIDTH="35" VPOS="837" HPOS="1682"/>
<String CONTENT="C." HEIGHT="45" WIDTH="48" VPOS="837" HPOS="1718"/>
<SP HEIGHT="44" WIDTH="32" VPOS="838" HPOS="1767"/>
<String CONTENT="K." HEIGHT="44" WIDTH="58" VPOS="838" HPOS="1800"/>
<SP HEIGHT="44" WIDTH="32" VPOS="838" HPOS="1859"/>
<String CONTENT="Knight," HEIGHT="53" WIDTH="191" VPOS="837" HPOS="1892"/>
<SP HEIGHT="51" WIDTH="33" VPOS="838" HPOS="2084"/>
<String CONTENT="Philadelphia." HEIGHT="116" WIDTH="1902" VPOS="836" HPOS="426"/>
<SP HEIGHT="53" WIDTH="67" VPOS="900" HPOS="546"/>
<String CONTENT="(26-15038)" HEIGHT="55" WIDTH="270" VPOS="898" HPOS="614"/>
</TextLine>
<TextLine HEIGHT="76" WIDTH="742" VPOS="995" HPOS="362" STYLEREFS="StyleId-6BAB9533-F7CD-43F3-817F-F9CF5BEEB381-" CS="1">
<String CONTENT="Knox," HEIGHT="70" WIDTH="201" VPOS="1001" HPOS="362"/>
<SP HEIGHT="71" WIDTH="37" VPOS="1000" HPOS="564"/>
<String CONTENT="James" HEIGHT="57" WIDTH="213" VPOS="1000" HPOS="602"/>
<SP HEIGHT="59" WIDTH="35" VPOS="997" HPOS="816"/>
<String CS="1" CONTENT="Samuel." HEIGHT="61" WIDTH="252" VPOS="995" HPOS="852"/>
</TextLine>
<TextLine HEIGHT="76" WIDTH="1913" VPOS="1084" HPOS="442" STYLEREFS="StyleId-C45BBFA9-3ED2-4BBD-82ED-B180835EFBA8-">
<String CONTENT="Salesmanship" HEIGHT="71" WIDTH="471" VPOS="1089" HPOS="442"/>
<SP HEIGHT="52" WIDTH="41" VPOS="1108" HPOS="914"/>
<String CONTENT="and" HEIGHT="57" WIDTH="123" VPOS="1090" HPOS="956"/>
<SP HEIGHT="59" WIDTH="37" VPOS="1088" HPOS="1080"/>
<String CONTENT="business" HEIGHT="60" WIDTH="288" VPOS="1086" HPOS="1118"/>
<SP HEIGHT="40" WIDTH="42" VPOS="1105" HPOS="1407"/>
<String CONTENT="efficiency" HEIGHT="71" WIDTH="306" VPOS="1085" HPOS="1450"/>
<SP HEIGHT="72" WIDTH="46" VPOS="1084" HPOS="1757"/>
<String CONTENT="(School" HEIGHT="71" WIDTH="257" VPOS="1084" HPOS="1804"/>
<SP HEIGHT="60" WIDTH="37" VPOS="1084" HPOS="2062"/>
<String CONTENT="ed.)" HEIGHT="74" WIDTH="124" VPOS="1084" HPOS="2100"/>
<SP HEIGHT="72" WIDTH="46" VPOS="1086" HPOS="2225"/>
<String CONTENT="by" HEIGHT="70" WIDTH="83" VPOS="1086" HPOS="2272"/>
</TextLine>
<TextLine HEIGHT="72" WIDTH="1989" VPOS="1163" HPOS="365" STYLEREFS="StyleId-C45BBFA9-3ED2-4BBD-82ED-B180835EFBA8-" CS="1">
<String CONTENT="James" HEIGHT="57" WIDTH="215" VPOS="1169" HPOS="365"/>
<SP HEIGHT="59" WIDTH="40" VPOS="1166" HPOS="581"/>
<String CONTENT="Samuel" HEIGHT="59" WIDTH="252" VPOS="1166" HPOS="622"/>
<SP HEIGHT="56" WIDTH="37" VPOS="1166" HPOS="875"/>
<String CONTENT="Knox" HEIGHT="55" WIDTH="190" VPOS="1167" HPOS="913"/>
<SP HEIGHT="36" WIDTH="41" VPOS="1185" HPOS="1104"/>
<String CS="1" CONTENT="&#8230;"/>
<SP HEIGHT="56" WIDTH="82" VPOS="1165" HPOS="1210"/>
<String CONTENT="New" HEIGHT="56" WIDTH="150" VPOS="1165" HPOS="1293"/>
<SP HEIGHT="57" WIDTH="36" VPOS="1164" HPOS="1444"/>
<String CONTENT="York," HEIGHT="70" WIDTH="190" VPOS="1164" HPOS="1481"/>
<SP HEIGHT="71" WIDTH="44" VPOS="1163" HPOS="1672"/>
<String CONTENT="Chicago" HEIGHT="71" WIDTH="269" VPOS="1163" HPOS="1717"/>
<SP HEIGHT="52" WIDTH="45" VPOS="1182" HPOS="1987"/>
<String CONTENT="[etc.]" HEIGHT="69" WIDTH="147" VPOS="1166" HPOS="2033"/>
<SP HEIGHT="71" WIDTH="43" VPOS="1164" HPOS="2181"/>
<String CONTENT="The" HEIGHT="57" WIDTH="129" VPOS="1163" HPOS="2225"/>
</TextLine>
<TextLine HEIGHT="76" WIDTH="1180" VPOS="1241" HPOS="367" STYLEREFS="StyleId-C45BBFA9-3ED2-4BBD-82ED-B180835EFBA8-">
<String CONTENT="Gregg" HEIGHT="72" WIDTH="208" VPOS="1245" HPOS="367"/>
<SP HEIGHT="52" WIDTH="29" VPOS="1264" HPOS="576"/>
<String CONTENT="publishing" HEIGHT="74" WIDTH="362" VPOS="1242" HPOS="606"/>
<SP HEIGHT="53" WIDTH="32" VPOS="1262" HPOS="969"/>
<String CONTENT="company" HEIGHT="53" WIDTH="307" VPOS="1261" HPOS="1002"/>
<SP HEIGHT="53" WIDTH="34" VPOS="1261" HPOS="1310"/>
<String CONTENT="[" HEIGHT="43" WIDTH="13" VPOS="1271" HPOS="1345"/>
<String STYLE="superscript" CONTENT="c" HEIGHT="23" WIDTH="18" VPOS="1249" HPOS="1360"/>
<String CONTENT="1926]" HEIGHT="73" WIDTH="165" VPOS="1241" HPOS="1382"/>
</TextLine>
<TextLine HEIGHT="54" WIDTH="780" VPOS="1331" HPOS="435" CS="1">
<String CONTENT="378" HEIGHT="45" WIDTH="82" VPOS="1332" HPOS="435"/>
<SP HEIGHT="51" WIDTH="25" VPOS="1334" HPOS="518"/>
<String CONTENT="p." HEIGHT="37" WIDTH="38" VPOS="1348" HPOS="544"/>
<SP HEIGHT="43" WIDTH="27" VPOS="1333" HPOS="583"/>
<String CONTENT="incl." HEIGHT="44" WIDTH="102" VPOS="1331" HPOS="611"/>
<SP HEIGHT="37" WIDTH="25" VPOS="1348" HPOS="714"/>
<String CS="1" CONTENT="pl.," HEIGHT="17" WIDTH="9" VPOS="1366" HPOS="802"/>
<SP HEIGHT="50" WIDTH="28" VPOS="1333" HPOS="812"/>
<String CONTENT="diagrs." HEIGHT="53" WIDTH="169" VPOS="1331" HPOS="841"/>
<SP HEIGHT="41" WIDTH="53" VPOS="1333" HPOS="1011"/>
<String CS="1" CONTENT="20&#189;" HEIGHT="44" WIDTH="55" VPOS="1331" HPOS="1065"/>
<String STYLE="superscript" CONTENT="cm" HEIGHT="18" WIDTH="46" VPOS="1333" HPOS="1154"/>
<String CONTENT="." HEIGHT="8" WIDTH="8" VPOS="1366" HPOS="1207"/>
</TextLine>
<TextLine HEIGHT="55" WIDTH="989" VPOS="1400" HPOS="437">
<String CONTENT="&#8220;Suggestive" HEIGHT="53" WIDTH="305" VPOS="1402" HPOS="437"/>
<SP HEIGHT="28" WIDTH="24" VPOS="1418" HPOS="743"/>
<String CONTENT="reading" HEIGHT="54" WIDTH="195" VPOS="1400" HPOS="768"/>
<SP HEIGHT="53" WIDTH="25" VPOS="1401" HPOS="964"/>
<String CONTENT="list&#8221;:" HEIGHT="44" WIDTH="128" VPOS="1401" HPOS="990"/>
<SP HEIGHT="38" WIDTH="30" VPOS="1416" HPOS="1119"/>
<String CONTENT="p." HEIGHT="37" WIDTH="40" VPOS="1417" HPOS="1150"/>
<SP HEIGHT="42" WIDTH="29" VPOS="1402" HPOS="1191"/>
<String CONTENT="357-358." HEIGHT="47" WIDTH="205" VPOS="1400" HPOS="1221"/>
</TextLine>
<TextLine HEIGHT="57" WIDTH="1997" VPOS="1468" HPOS="362">
<String CONTENT="&#169;" HEIGHT="54" WIDTH="55" VPOS="1470" HPOS="362"/>
<SP HEIGHT="55" WIDTH="21" VPOS="1470" HPOS="418"/>
<String CONTENT="June" HEIGHT="52" WIDTH="119" VPOS="1473" HPOS="440"/>
<SP HEIGHT="43" WIDTH="25" VPOS="1473" HPOS="560"/>
<String CONTENT="1," HEIGHT="51" WIDTH="34" VPOS="1473" HPOS="586"/>
<SP HEIGHT="52" WIDTH="25" VPOS="1472" HPOS="621"/>
<String CONTENT="1926;" HEIGHT="51" WIDTH="130" VPOS="1472" HPOS="647"/>
<SP HEIGHT="51" WIDTH="25" VPOS="1472" HPOS="778"/>
<String CONTENT="2c." HEIGHT="42" WIDTH="63" VPOS="1472" HPOS="804"/>
<SP HEIGHT="52" WIDTH="22" VPOS="1473" HPOS="868"/>
<String CONTENT="July" HEIGHT="54" WIDTH="109" VPOS="1471" HPOS="891"/>
<SP HEIGHT="51" WIDTH="22" VPOS="1473" HPOS="1001"/>
<String CONTENT="27;" HEIGHT="53" WIDTH="78" VPOS="1470" HPOS="1024"/>
<SP HEIGHT="37" WIDTH="28" VPOS="1486" HPOS="1103"/>
<String CONTENT="aff." HEIGHT="47" WIDTH="79" VPOS="1469" HPOS="1132"/>
<SP HEIGHT="53" WIDTH="23" VPOS="1471" HPOS="1212"/>
<String CONTENT="July" HEIGHT="54" WIDTH="111" VPOS="1471" HPOS="1236"/>
<SP HEIGHT="54" WIDTH="20" VPOS="1471" HPOS="1348"/>
<String CONTENT="26;" HEIGHT="51" WIDTH="77" VPOS="1471" HPOS="1369"/>
<SP HEIGHT="53" WIDTH="28" VPOS="1469" HPOS="1447"/>
<!-- cceid 03AA5D39-6E1B-1014-9B7B-CA07F191E62B --><String CONTENT="A" HEIGHT="43" WIDTH="45" VPOS="1469" HPOS="1476"/>
<SP HEIGHT="45" WIDTH="22" VPOS="1469" HPOS="1522"/>
<String CONTENT="897956;" HEIGHT="52" WIDTH="189" VPOS="1469" HPOS="1545"/>
<SP HEIGHT="53" WIDTH="26" VPOS="1470" HPOS="1735"/>
<String CONTENT="J." HEIGHT="53" WIDTH="40" VPOS="1470" HPOS="1762"/>
<SP HEIGHT="47" WIDTH="28" VPOS="1469" HPOS="1803"/>
<String CONTENT="S." HEIGHT="47" WIDTH="45" VPOS="1469" HPOS="1832"/>
<SP HEIGHT="43" WIDTH="25" VPOS="1470" HPOS="1878"/>
<String CONTENT="Knox," HEIGHT="53" WIDTH="156" VPOS="1470" HPOS="1904"/>
<SP HEIGHT="55" WIDTH="28" VPOS="1468" HPOS="2061"/>
<String CONTENT="Oak" HEIGHT="45" WIDTH="105" VPOS="1468" HPOS="2090"/>
<SP HEIGHT="43" WIDTH="25" VPOS="1470" HPOS="2196"/>
<String CONTENT="Park," HEIGHT="47" WIDTH="137" VPOS="1469" HPOS="2222"/>
</TextLine>
<TextLine HEIGHT="54" WIDTH="408" VPOS="1528" HPOS="434">
<String CONTENT="Ill." HEIGHT="44" WIDTH="69" VPOS="1529" HPOS="434"/>
<SP HEIGHT="53" WIDTH="67" VPOS="1529" HPOS="504"/>
<String CONTENT="(26-15165)" HEIGHT="54" WIDTH="270" VPOS="1528" HPOS="572"/>
</TextLine>
<TextLine HEIGHT="77" WIDTH="621" VPOS="1626" HPOS="370" STYLEREFS="StyleId-6BAB9533-F7CD-43F3-817F-F9CF5BEEB381-">
<String CONTENT="[Le" HEIGHT="72" WIDTH="101" VPOS="1629" HPOS="370"/>
<SP HEIGHT="58" WIDTH="32" VPOS="1628" HPOS="472"/>
<String CONTENT="Grand," HEIGHT="73" WIDTH="229" VPOS="1627" HPOS="505"/>
<SP HEIGHT="72" WIDTH="40" VPOS="1628" HPOS="735"/>
<String CONTENT="Henri]" HEIGHT="77" WIDTH="215" VPOS="1626" HPOS="776"/>
</TextLine>
<TextLine HEIGHT="157" WIDTH="1966" VPOS="1716" HPOS="371" STYLEREFS="StyleId-C45BBFA9-3ED2-4BBD-82ED-B180835EFBA8-" CS="1">
<String CS="1" CONTENT="&#8230;"/>
<SP HEIGHT="58" WIDTH="38" VPOS="1720" HPOS="506"/>
<String CONTENT="L&#8217;homme" HEIGHT="58" WIDTH="324" VPOS="1719" HPOS="545"/>
<SP HEIGHT="53" WIDTH="31" VPOS="1737" HPOS="870"/>
<String CONTENT="qui" HEIGHT="72" WIDTH="106" VPOS="1718" HPOS="902"/>
<SP HEIGHT="56" WIDTH="32" VPOS="1718" HPOS="1009"/>
<String CONTENT="ne" HEIGHT="38" WIDTH="78" VPOS="1737" HPOS="1042"/>
<SP HEIGHT="39" WIDTH="33" VPOS="1736" HPOS="1121"/>
<String CONTENT="meurt" HEIGHT="54" WIDTH="205" VPOS="1720" HPOS="1155"/>
<SP HEIGHT="69" WIDTH="34" VPOS="1720" HPOS="1361"/>
<String CONTENT="pas," HEIGHT="53" WIDTH="135" VPOS="1736" HPOS="1396"/>
<SP HEIGHT="52" WIDTH="39" VPOS="1737" HPOS="1532"/>
<String LANG="la" CONTENT="conte" HEIGHT="55" WIDTH="175" VPOS="1720" HPOS="1572"/>
<SP HEIGHT="57" WIDTH="33" VPOS="1718" HPOS="1748"/>
<String CONTENT="fantaisiste." HEIGHT="60" WIDTH="381" VPOS="1716" HPOS="1782"/>
<SP HEIGHT="57" WIDTH="80" VPOS="1718" HPOS="2164"/>
<String CONTENT="Paris," HEIGHT="155" WIDTH="1966" VPOS="1718" HPOS="371"/>
</TextLine>
<TextLine HEIGHT="73" WIDTH="1150" VPOS="1795" HPOS="565" STYLEREFS="StyleId-C45BBFA9-3ED2-4BBD-82ED-B180835EFBA8-" CS="1">
<String CS="1" CONTENT="&#201;ditions" HEIGHT="60" WIDTH="232" VPOS="1796" HPOS="565"/>
<SP HEIGHT="57" WIDTH="27" VPOS="1797" HPOS="798"/>
<String CONTENT="de" HEIGHT="57" WIDTH="75" VPOS="1797" HPOS="826"/>
<SP HEIGHT="56" WIDTH="27" VPOS="1797" HPOS="902"/>
<String CONTENT="La" HEIGHT="56" WIDTH="91" VPOS="1797" HPOS="930"/>
<SP HEIGHT="38" WIDTH="27" VPOS="1815" HPOS="1022"/>
<String CONTENT="vraie" HEIGHT="58" WIDTH="178" VPOS="1796" HPOS="1050"/>
<SP HEIGHT="58" WIDTH="27" VPOS="1795" HPOS="1229"/>
<String CONTENT="France" HEIGHT="58" WIDTH="243" VPOS="1795" HPOS="1257"/>
<SP HEIGHT="53" WIDTH="30" VPOS="1815" HPOS="1501"/>
<String CONTENT="[" HEIGHT="43" WIDTH="13" VPOS="1825" HPOS="1532"/>
<String STYLE="superscript" CONTENT="c" HEIGHT="22" WIDTH="22" VPOS="1804" HPOS="1545"/>
<String CS="1" CONTENT="1926]" HEIGHT="57" WIDTH="147" VPOS="1796" HPOS="1568"/>
</TextLine>
<TextLine HEIGHT="65" WIDTH="1861" VPOS="1885" HPOS="438" CS="1">
<String CONTENT="256" HEIGHT="45" WIDTH="84" VPOS="1896" HPOS="438"/>
<SP HEIGHT="53" WIDTH="18" VPOS="1896" HPOS="523"/>
<String CONTENT="p." HEIGHT="37" WIDTH="39" VPOS="1913" HPOS="549"/>
<SP HEIGHT="44" WIDTH="59" VPOS="1897" HPOS="589"/>
<String CONTENT="19" HEIGHT="44" WIDTH="53" VPOS="1896" HPOS="649"/>
<String STYLE="superscript" CONTENT="cm" HEIGHT="17" WIDTH="46" VPOS="1899" HPOS="708"/>
<String CONTENT="." HEIGHT="7" WIDTH="9" VPOS="1932" HPOS="760"/>
<SP HEIGHT="53" WIDTH="64" VPOS="1897" HPOS="770"/>
<String CONTENT="(On" HEIGHT="53" WIDTH="102" VPOS="1897" HPOS="835"/>
<SP HEIGHT="29" WIDTH="27" VPOS="1912" HPOS="938"/>
<String CONTENT="cover:" HEIGHT="30" WIDTH="158" VPOS="1912" HPOS="966"/>
<SP HEIGHT="56" WIDTH="32" VPOS="1885" HPOS="1125"/>
<String CS="1" CONTENT="&#201;ditions" HEIGHT="44" WIDTH="165" VPOS="1894" HPOS="1201"/>
<SP HEIGHT="42" WIDTH="27" VPOS="1896" HPOS="1367"/>
<String CONTENT="de" HEIGHT="42" WIDTH="54" VPOS="1896" HPOS="1395"/>
<SP HEIGHT="43" WIDTH="26" VPOS="1895" HPOS="1450"/>
<String CONTENT="La" HEIGHT="43" WIDTH="68" VPOS="1895" HPOS="1477"/>
<SP HEIGHT="28" WIDTH="23" VPOS="1910" HPOS="1546"/>
<String CONTENT="vraie" HEIGHT="43" WIDTH="126" VPOS="1895" HPOS="1570"/>
<SP HEIGHT="44" WIDTH="26" VPOS="1894" HPOS="1697"/>
<String CONTENT="France." HEIGHT="45" WIDTH="187" VPOS="1894" HPOS="1724"/>
<SP HEIGHT="47" WIDTH="56" VPOS="1894" HPOS="1912"/>
<String CONTENT="S" HEIGHT="47" WIDTH="32" VPOS="1894" HPOS="1969"/>
<String STYLE="superscript" CS="1" CONTENT="ie" HEIGHT="18" WIDTH="17" VPOS="1897" HPOS="2025"/>
<SP HEIGHT="44" WIDTH="28" VPOS="1897" HPOS="2043"/>
<String CONTENT="c," HEIGHT="40" WIDTH="40" VPOS="1909" HPOS="2072"/>
<SP HEIGHT="39" WIDTH="26" VPOS="1910" HPOS="2113"/>
<String CONTENT="n&#176;" HEIGHT="42" WIDTH="50" VPOS="1897" HPOS="2140"/>
<SP HEIGHT="42" WIDTH="28" VPOS="1897" HPOS="2191"/>
<String CONTENT="33)" HEIGHT="55" WIDTH="79" VPOS="1895" HPOS="2220"/>
</TextLine>
<TextLine HEIGHT="56" WIDTH="1363" VPOS="1969" HPOS="442" CS="1">
<String CONTENT="Author&#8217;s" HEIGHT="44" WIDTH="218" VPOS="1973" HPOS="442"/>
<SP HEIGHT="37" WIDTH="32" VPOS="1988" HPOS="661"/>
<String CONTENT="pseud.," HEIGHT="51" WIDTH="166" VPOS="1974" HPOS="694"/>
<SP HEIGHT="52" WIDTH="33" VPOS="1971" HPOS="861"/>
<String CONTENT="Gabriel" HEIGHT="45" WIDTH="182" VPOS="1971" HPOS="895"/>
<SP HEIGHT="43" WIDTH="31" VPOS="1972" HPOS="1078"/>
<String CS="1" CONTENT="Mauri&#233;re," HEIGHT="54" WIDTH="245" VPOS="1969" HPOS="1110"/>
<SP HEIGHT="37" WIDTH="33" VPOS="1986" HPOS="1356"/>
<String CONTENT="at" HEIGHT="36" WIDTH="45" VPOS="1979" HPOS="1390"/>
<SP HEIGHT="43" WIDTH="30" VPOS="1971" HPOS="1436"/>
<String CONTENT="head" HEIGHT="44" WIDTH="114" VPOS="1971" HPOS="1467"/>
<SP HEIGHT="42" WIDTH="32" VPOS="1973" HPOS="1582"/>
<String CONTENT="of" HEIGHT="44" WIDTH="50" VPOS="1971" HPOS="1615"/>
<SP HEIGHT="43" WIDTH="26" VPOS="1971" HPOS="1666"/>
<String CONTENT="title." HEIGHT="46" WIDTH="112" VPOS="1969" HPOS="1693"/>
</TextLine>
<TextLine HEIGHT="58" WIDTH="1693" VPOS="2025" HPOS="370" CS="1">
<String CONTENT="&#169;" HEIGHT="54" WIDTH="52" VPOS="2028" HPOS="370"/>
<SP HEIGHT="55" WIDTH="26" VPOS="2028" HPOS="423"/>
<String CONTENT="June" HEIGHT="52" WIDTH="119" VPOS="2031" HPOS="450"/>
<SP HEIGHT="43" WIDTH="23" VPOS="2030" HPOS="570"/>
<String CONTENT="8," HEIGHT="51" WIDTH="40" VPOS="2030" HPOS="594"/>
<SP HEIGHT="51" WIDTH="27" VPOS="2030" HPOS="635"/>
<String CONTENT="1926;" HEIGHT="49" WIDTH="129" VPOS="2030" HPOS="663"/>
<SP HEIGHT="50" WIDTH="33" VPOS="2029" HPOS="793"/>
<String CS="1" CONTENT="1c."/>
<SP/>
<String CONTENT="Aug." HEIGHT="52" WIDTH="122" VPOS="2029" HPOS="917"/>
<SP HEIGHT="42" WIDTH="28" VPOS="2029" HPOS="1040"/>
<String CONTENT="16;" HEIGHT="50" WIDTH="74" VPOS="2029" HPOS="1069"/>
<SP HEIGHT="52" WIDTH="28" VPOS="2027" HPOS="1144"/>
<!-- cceid 03AAA082-6E1B-1014-9B7B-CA07F191E62B --><String CONTENT="A&#8212;Foreign" HEIGHT="55" WIDTH="305" VPOS="2025" HPOS="1173"/>
<SP HEIGHT="42" WIDTH="26" VPOS="2029" HPOS="1479"/>
<String CONTENT="31743;" HEIGHT="53" WIDTH="160" VPOS="2026" HPOS="1506"/>
<SP HEIGHT="51" WIDTH="29" VPOS="2028" HPOS="1667"/>
<String CONTENT="Dunod," HEIGHT="54" WIDTH="186" VPOS="2026" HPOS="1697"/>
<SP HEIGHT="52" WIDTH="31" VPOS="2028" HPOS="1884"/>
<String CONTENT="Paris." HEIGHT="43" WIDTH="147" VPOS="2028" HPOS="1916"/>
</TextLine>
<TextLine HEIGHT="54" WIDTH="269" VPOS="2086" HPOS="449">
<String CONTENT="(26-15801)" HEIGHT="54" WIDTH="269" VPOS="2086" HPOS="449"/>
</TextLine>
<TextLine HEIGHT="75" WIDTH="1404" VPOS="2182" HPOS="373" STYLEREFS="StyleId-6BAB9533-F7CD-43F3-817F-F9CF5BEEB381-">
<String CONTENT="Leland," HEIGHT="68" WIDTH="252" VPOS="2185" HPOS="373"/>
<SP HEIGHT="68" WIDTH="38" VPOS="2185" HPOS="626"/>
<String CONTENT="Waldo" HEIGHT="62" WIDTH="226" VPOS="2182" HPOS="665"/>
<SP HEIGHT="59" WIDTH="37" VPOS="2184" HPOS="892"/>
<String CONTENT="Gifford," HEIGHT="72" WIDTH="266" VPOS="2182" HPOS="930"/>
<SP HEIGHT="67" WIDTH="39" VPOS="2187" HPOS="1197"/>
<String CONTENT="1879-" HEIGHT="56" WIDTH="190" VPOS="2186" HPOS="1237"/>
<SP HEIGHT="39" WIDTH="156" VPOS="2202" HPOS="1428"/>
<String CONTENT="comp." HEIGHT="55" WIDTH="192" VPOS="2202" HPOS="1585"/>
</TextLine>
<TextLine HEIGHT="61" WIDTH="1918" VPOS="2273" HPOS="450" STYLEREFS="StyleId-C45BBFA9-3ED2-4BBD-82ED-B180835EFBA8-">
<String CONTENT="Introduction" HEIGHT="58" WIDTH="438" VPOS="2275" HPOS="450"/>
<SP HEIGHT="53" WIDTH="40" VPOS="2278" HPOS="889"/>
<String CONTENT="to" HEIGHT="53" WIDTH="64" VPOS="2278" HPOS="930"/>
<SP HEIGHT="55" WIDTH="39" VPOS="2278" HPOS="995"/>
<String CONTENT="the" HEIGHT="59" WIDTH="104" VPOS="2274" HPOS="1035"/>
<SP HEIGHT="59" WIDTH="40" VPOS="2274" HPOS="1140"/>
<String CONTENT="American" HEIGHT="58" WIDTH="337" VPOS="2273" HPOS="1181"/>
<SP HEIGHT="39" WIDTH="41" VPOS="2292" HPOS="1519"/>
<String CONTENT="official" HEIGHT="58" WIDTH="217" VPOS="2273" HPOS="1561"/>
<SP HEIGHT="57" WIDTH="43" VPOS="2274" HPOS="1779"/>
<String CONTENT="sources" HEIGHT="41" WIDTH="250" VPOS="2293" HPOS="1823"/>
<SP HEIGHT="61" WIDTH="43" VPOS="2273" HPOS="2074"/>
<String CONTENT="for" HEIGHT="59" WIDTH="103" VPOS="2273" HPOS="2118"/>
<SP HEIGHT="55" WIDTH="40" VPOS="2278" HPOS="2222"/>
<String CONTENT="the" HEIGHT="57" WIDTH="105" VPOS="2276" HPOS="2263"/>
</TextLine>
<TextLine HEIGHT="75" WIDTH="1992" VPOS="2350" HPOS="378" STYLEREFS="StyleId-C45BBFA9-3ED2-4BBD-82ED-B180835EFBA8-">
<String CONTENT="economic" HEIGHT="60" WIDTH="307" VPOS="2352" HPOS="378"/>
<SP HEIGHT="40" WIDTH="37" VPOS="2371" HPOS="686"/>
<String CONTENT="and" HEIGHT="57" WIDTH="123" VPOS="2354" HPOS="724"/>
<SP HEIGHT="57" WIDTH="37" VPOS="2354" HPOS="848"/>
<String CONTENT="social" HEIGHT="58" WIDTH="192" VPOS="2351" HPOS="886"/>
<SP HEIGHT="55" WIDTH="32" VPOS="2352" HPOS="1079"/>
<String CONTENT="history" HEIGHT="73" WIDTH="249" VPOS="2351" HPOS="1112"/>
<SP HEIGHT="53" WIDTH="35" VPOS="2371" HPOS="1362"/>
<String CONTENT="of" HEIGHT="57" WIDTH="69" VPOS="2351" HPOS="1398"/>
<SP HEIGHT="58" WIDTH="32" VPOS="2351" HPOS="1468"/>
<String CONTENT="the" HEIGHT="57" WIDTH="104" VPOS="2353" HPOS="1501"/>
<SP HEIGHT="38" WIDTH="33" VPOS="2372" HPOS="1606"/>
<String CONTENT="world" HEIGHT="60" WIDTH="199" VPOS="2350" HPOS="1640"/>
<SP HEIGHT="57" WIDTH="32" VPOS="2352" HPOS="1840"/>
<String CONTENT="war," HEIGHT="53" WIDTH="151" VPOS="2370" HPOS="1873"/>
<SP HEIGHT="52" WIDTH="38" VPOS="2371" HPOS="2025"/>
<String CONTENT="compiled" HEIGHT="73" WIDTH="306" VPOS="2352" HPOS="2064"/>
</TextLine>
<TextLine HEIGHT="74" WIDTH="1994" VPOS="2429" HPOS="377" STYLEREFS="StyleId-C45BBFA9-3ED2-4BBD-82ED-B180835EFBA8-">
<String CONTENT="by" HEIGHT="70" WIDTH="82" VPOS="2433" HPOS="377"/>
<SP HEIGHT="72" WIDTH="42" VPOS="2431" HPOS="460"/>
<String CONTENT="Waldo" HEIGHT="59" WIDTH="225" VPOS="2430" HPOS="503"/>
<SP HEIGHT="59" WIDTH="49" VPOS="2429" HPOS="729"/>
<String CONTENT="G." HEIGHT="59" WIDTH="68" VPOS="2429" HPOS="779"/>
<SP HEIGHT="56" WIDTH="45" VPOS="2430" HPOS="848"/>
<String CONTENT="Leland" HEIGHT="59" WIDTH="239" VPOS="2429" HPOS="894"/>
<SP HEIGHT="57" WIDTH="47" VPOS="2431" HPOS="1134"/>
<String CONTENT="and" HEIGHT="57" WIDTH="124" VPOS="2429" HPOS="1182"/>
<SP HEIGHT="57" WIDTH="46" VPOS="2429" HPOS="1307"/>
<String CONTENT="Newton" HEIGHT="56" WIDTH="263" VPOS="2430" HPOS="1354"/>
<SP HEIGHT="56" WIDTH="45" VPOS="2431" HPOS="1618"/>
<String CONTENT="D." HEIGHT="56" WIDTH="72" VPOS="2431" HPOS="1664"/>
<SP HEIGHT="57" WIDTH="52" VPOS="2430" HPOS="1737"/>
<String CONTENT="Mereness." HEIGHT="59" WIDTH="340" VPOS="2430" HPOS="1790"/>
<SP HEIGHT="55" WIDTH="87" VPOS="2432" HPOS="2131"/>
<String CONTENT="New" HEIGHT="56" WIDTH="152" VPOS="2432" HPOS="2219"/>
</TextLine>
<TextLine HEIGHT="74" WIDTH="1835" VPOS="2505" HPOS="377" STYLEREFS="StyleId-C45BBFA9-3ED2-4BBD-82ED-B180835EFBA8-" CS="1">
<String CONTENT="Haven," HEIGHT="70" WIDTH="243" VPOS="2509" HPOS="377"/>
<SP HEIGHT="70" WIDTH="34" VPOS="2509" HPOS="621"/>
<String CONTENT="Yale" HEIGHT="59" WIDTH="156" VPOS="2507" HPOS="656"/>
<SP HEIGHT="39" WIDTH="34" VPOS="2527" HPOS="813"/>
<String CONTENT="university" HEIGHT="72" WIDTH="357" VPOS="2505" HPOS="848"/>
<SP HEIGHT="54" WIDTH="32" VPOS="2525" HPOS="1206"/>
<String CONTENT="press;" HEIGHT="54" WIDTH="214" VPOS="2525" HPOS="1239"/>
<SP HEIGHT="71" WIDTH="38" VPOS="2507" HPOS="1454"/>
<String CONTENT="London," HEIGHT="71" WIDTH="277" VPOS="2507" HPOS="1493"/>
<SP HEIGHT="71" WIDTH="35" VPOS="2507" HPOS="1771"/>
<String CONTENT="H." HEIGHT="57" WIDTH="81" VPOS="2507" HPOS="1807"/>
<SP HEIGHT="56" WIDTH="39" VPOS="2508" HPOS="1889"/>
<String CONTENT="Milford," HEIGHT="71" WIDTH="283" VPOS="2506" HPOS="1929"/>
</TextLine>
<TextLine HEIGHT="150" WIDTH="1969" VPOS="2507" HPOS="379" STYLEREFS="StyleId-C45BBFA9-3ED2-4BBD-82ED-B180835EFBA8-" CS="1">
<String CONTENT="Oxford" HEIGHT="139" WIDTH="1969" VPOS="2507" HPOS="379"/>
<SP HEIGHT="57" WIDTH="24" VPOS="2589" HPOS="527"/>
<String CONTENT="university" HEIGHT="74" WIDTH="356" VPOS="2583" HPOS="552"/>
<SP HEIGHT="54" WIDTH="26" VPOS="2603" HPOS="909"/>
<String CONTENT="press," HEIGHT="54" WIDTH="201" VPOS="2602" HPOS="936"/>
<SP HEIGHT="68" WIDTH="30" VPOS="2587" HPOS="1138"/>
<String CONTENT="1926." HEIGHT="57" WIDTH="166" VPOS="2585" HPOS="1169"/>
</TextLine>
<TextLine HEIGHT="57" WIDTH="1923" VPOS="2673" HPOS="449">
<String CONTENT="xlvii," HEIGHT="52" WIDTH="126" VPOS="2675" HPOS="449"/>
<SP HEIGHT="53" WIDTH="34" VPOS="2674" HPOS="576"/>
<String CONTENT="532," HEIGHT="54" WIDTH="93" VPOS="2674" HPOS="611"/>
<SP HEIGHT="53" WIDTH="37" VPOS="2675" HPOS="705"/>
<String CONTENT="18" HEIGHT="45" WIDTH="50" VPOS="2674" HPOS="743"/>
<SP HEIGHT="53" WIDTH="33" VPOS="2674" HPOS="794"/>
<String CONTENT="p." HEIGHT="37" WIDTH="41" VPOS="2690" HPOS="828"/>
<SP HEIGHT="41" WIDTH="63" VPOS="2677" HPOS="870"/>
<String CONTENT="25" HEIGHT="45" WIDTH="53" VPOS="2674" HPOS="934"/>
<String STYLE="superscript" CONTENT="cm" HEIGHT="18" WIDTH="46" VPOS="2676" HPOS="995"/>
<String CONTENT="." HEIGHT="8" WIDTH="8" VPOS="2709" HPOS="1048"/>
<SP HEIGHT="30" WIDTH="67" VPOS="2691" HPOS="1057"/>
<String CONTENT="[Carnegie" HEIGHT="54" WIDTH="244" VPOS="2673" HPOS="1125"/>
<SP HEIGHT="27" WIDTH="36" VPOS="2691" HPOS="1370"/>
<String CONTENT="endowment" HEIGHT="45" WIDTH="294" VPOS="2674" HPOS="1407"/>
<SP HEIGHT="44" WIDTH="36" VPOS="2675" HPOS="1702"/>
<String CONTENT="for" HEIGHT="44" WIDTH="78" VPOS="2675" HPOS="1739"/>
<SP HEIGHT="45" WIDTH="36" VPOS="2674" HPOS="1818"/>
<String CONTENT="international" HEIGHT="46" WIDTH="329" VPOS="2674" HPOS="1855"/>
<SP HEIGHT="54" WIDTH="36" VPOS="2676" HPOS="2185"/>
<String CONTENT="peace." HEIGHT="39" WIDTH="150" VPOS="2691" HPOS="2222"/>
</TextLine>
<TextLine HEIGHT="58" WIDTH="1994" VPOS="2729" HPOS="380">
<String CONTENT="Division" HEIGHT="46" WIDTH="217" VPOS="2730" HPOS="380"/>
<SP HEIGHT="29" WIDTH="32" VPOS="2746" HPOS="598"/>
<String CONTENT="of" HEIGHT="44" WIDTH="53" VPOS="2731" HPOS="631"/>
<SP HEIGHT="43" WIDTH="32" VPOS="2731" HPOS="685"/>
<String CONTENT="economics" HEIGHT="45" WIDTH="262" VPOS="2729" HPOS="718"/>
<SP HEIGHT="30" WIDTH="33" VPOS="2745" HPOS="981"/>
<String CONTENT="and" HEIGHT="46" WIDTH="91" VPOS="2729" HPOS="1015"/>
<SP HEIGHT="45" WIDTH="32" VPOS="2729" HPOS="1107"/>
<String CONTENT="history." HEIGHT="54" WIDTH="191" VPOS="2730" HPOS="1140"/>
<SP HEIGHT="46" WIDTH="64" VPOS="2731" HPOS="1332"/>
<String CONTENT="Economic" HEIGHT="47" WIDTH="253" VPOS="2730" HPOS="1397"/>
<SP HEIGHT="29" WIDTH="31" VPOS="2747" HPOS="1651"/>
<String CONTENT="and" HEIGHT="45" WIDTH="91" VPOS="2731" HPOS="1683"/>
<SP HEIGHT="45" WIDTH="37" VPOS="2731" HPOS="1775"/>
<String CONTENT="social" HEIGHT="45" WIDTH="141" VPOS="2731" HPOS="1813"/>
<SP HEIGHT="43" WIDTH="35" VPOS="2732" HPOS="1955"/>
<String CONTENT="history" HEIGHT="55" WIDTH="179" VPOS="2732" HPOS="1991"/>
<SP HEIGHT="39" WIDTH="35" VPOS="2748" HPOS="2171"/>
<String CONTENT="of" HEIGHT="44" WIDTH="54" VPOS="2733" HPOS="2207"/>
<SP HEIGHT="45" WIDTH="33" VPOS="2733" HPOS="2262"/>
<String CONTENT="the" HEIGHT="44" WIDTH="78" VPOS="2734" HPOS="2296"/>
</TextLine>
<TextLine HEIGHT="47" WIDTH="780" VPOS="2786" HPOS="380">
<String CONTENT="world" HEIGHT="44" WIDTH="147" VPOS="2787" HPOS="380"/>
<SP HEIGHT="45" WIDTH="25" VPOS="2787" HPOS="528"/>
<String CONTENT="war." HEIGHT="30" WIDTH="111" VPOS="2802" HPOS="554"/>
<SP HEIGHT="44" WIDTH="57" VPOS="2787" HPOS="666"/>
<String CONTENT="American" HEIGHT="44" WIDTH="252" VPOS="2786" HPOS="724"/>
<SP HEIGHT="30" WIDTH="28" VPOS="2802" HPOS="977"/>
<String CONTENT="series]" HEIGHT="47" WIDTH="154" VPOS="2786" HPOS="1006"/>
</TextLine>
<TextLine HEIGHT="54" WIDTH="624" VPOS="2855" HPOS="452">
<String CONTENT="Contains" HEIGHT="45" WIDTH="224" VPOS="2855" HPOS="452"/>
<SP HEIGHT="43" WIDTH="24" VPOS="2857" HPOS="677"/>
<String CONTENT="bibliographies." HEIGHT="54" WIDTH="374" VPOS="2855" HPOS="702"/>
</TextLine>
<TextLine HEIGHT="102" WIDTH="1978" VPOS="2926" HPOS="377" STYLEREFS="StyleId-8D5840B8-02D3-4990-B1B0-E0348F1CC896-" CS="1">
<String CONTENT="&#169;" HEIGHT="54" WIDTH="55" VPOS="2926" HPOS="377"/>
<SP HEIGHT="54" WIDTH="31" VPOS="2926" HPOS="433"/>
<String CONTENT="Aug." HEIGHT="53" WIDTH="120" VPOS="2928" HPOS="465"/>
<SP HEIGHT="42" WIDTH="33" VPOS="2930" HPOS="586"/>
<String CONTENT="6," HEIGHT="51" WIDTH="38" VPOS="2930" HPOS="620"/>
<SP HEIGHT="52" WIDTH="35" VPOS="2929" HPOS="659"/>
<String CONTENT="1926;" HEIGHT="50" WIDTH="129" VPOS="2929" HPOS="695"/>
<SP HEIGHT="49" WIDTH="34" VPOS="2930" HPOS="825"/>
<String CONTENT="2c." HEIGHT="42" WIDTH="64" VPOS="2930" HPOS="860"/>
<SP HEIGHT="44" WIDTH="33" VPOS="2928" HPOS="925"/>
<String CONTENT="Aug." HEIGHT="53" WIDTH="120" VPOS="2928" HPOS="959"/>
<SP HEIGHT="43" WIDTH="36" VPOS="2929" HPOS="1080"/>
<String CONTENT="13;" HEIGHT="51" WIDTH="74" VPOS="2929" HPOS="1117"/>
<SP HEIGHT="36" WIDTH="37" VPOS="2944" HPOS="1192"/>
<String CONTENT="aff." HEIGHT="44" WIDTH="79" VPOS="2928" HPOS="1230"/>
<SP HEIGHT="43" WIDTH="34" VPOS="2929" HPOS="1310"/>
<String CONTENT="Aug." HEIGHT="53" WIDTH="122" VPOS="2929" HPOS="1345"/>
<SP HEIGHT="41" WIDTH="36" VPOS="2931" HPOS="1468"/>
<String CONTENT="10;" HEIGHT="52" WIDTH="75" VPOS="2930" HPOS="1505"/>
<SP HEIGHT="52" WIDTH="35" VPOS="2930" HPOS="1581"/>
<!-- cceid 03AAE3FA-6E1B-1014-9B7B-CA07F191E62B --><String CONTENT="A" HEIGHT="43" WIDTH="44" VPOS="2930" HPOS="1617"/>
<SP HEIGHT="45" WIDTH="32" VPOS="2930" HPOS="1662"/>
<String CONTENT="901589;" HEIGHT="53" WIDTH="190" VPOS="2930" HPOS="1695"/>
<SP HEIGHT="52" WIDTH="38" VPOS="2931" HPOS="1886"/>
<String CONTENT="Carnegie" HEIGHT="54" WIDTH="228" VPOS="2931" HPOS="1925"/>
<SP HEIGHT="28" WIDTH="35" VPOS="2948" HPOS="2154"/>
<String CONTENT="endowment" HEIGHT="97" WIDTH="1908" VPOS="2931" HPOS="447"/>
</TextLine>
<TextLine HEIGHT="57" WIDTH="1315" VPOS="2984" HPOS="605" STYLEREFS="StyleId-8D5840B8-02D3-4990-B1B0-E0348F1CC896-" CS="1">
<String CONTENT="for" HEIGHT="44" WIDTH="76" VPOS="2985" HPOS="605"/>
<SP HEIGHT="45" WIDTH="29" VPOS="2984" HPOS="682"/>
<String CONTENT="international" HEIGHT="45" WIDTH="331" VPOS="2984" HPOS="712"/>
<SP HEIGHT="52" WIDTH="29" VPOS="2985" HPOS="1044"/>
<String CONTENT="peace," HEIGHT="38" WIDTH="147" VPOS="2999" HPOS="1074"/>
<SP HEIGHT="50" WIDTH="32" VPOS="2986" HPOS="1222"/>
<String CONTENT="Washington." HEIGHT="54" WIDTH="327" VPOS="2985" HPOS="1255"/>
<SP HEIGHT="54" WIDTH="67" VPOS="2986" HPOS="1583"/>
<String CS="1" CONTENT="(26-15170)" HEIGHT="55" WIDTH="269" VPOS="2986" HPOS="1651"/>
</TextLine>
<TextLine HEIGHT="78" WIDTH="1454" VPOS="3083" HPOS="383" STYLEREFS="StyleId-6BAB9533-F7CD-43F3-817F-F9CF5BEEB381-">
<String CONTENT="Levinger," HEIGHT="74" WIDTH="322" VPOS="3083" HPOS="383"/>
<SP HEIGHT="67" WIDTH="35" VPOS="3087" HPOS="706"/>
<String CONTENT="Mrs." HEIGHT="56" WIDTH="153" VPOS="3087" HPOS="742"/>
<SP HEIGHT="56" WIDTH="36" VPOS="3086" HPOS="896"/>
<String CONTENT="Elma" HEIGHT="58" WIDTH="183" VPOS="3084" HPOS="933"/>
<SP HEIGHT="58" WIDTH="35" VPOS="3084" HPOS="1117"/>
<String CONTENT="C" HEIGHT="57" WIDTH="43" VPOS="3084" HPOS="1153"/>
<SP HEIGHT="74" WIDTH="323" VPOS="3084" HPOS="1197"/>
<String CONTENT="(Ehrlich)" HEIGHT="75" WIDTH="316" VPOS="3086" HPOS="1521"/>
</TextLine>
<TextLine HEIGHT="76" WIDTH="1910" VPOS="3177" HPOS="464" STYLEREFS="StyleId-C45BBFA9-3ED2-4BBD-82ED-B180835EFBA8-" CS="1">
<String CONTENT="Tales" HEIGHT="57" WIDTH="183" VPOS="3177" HPOS="464"/>
<SP HEIGHT="38" WIDTH="27" VPOS="3197" HPOS="648"/>
<String CONTENT="old" HEIGHT="57" WIDTH="103" VPOS="3178" HPOS="676"/>
<SP HEIGHT="57" WIDTH="24" VPOS="3178" HPOS="780"/>
<String CONTENT="and" HEIGHT="56" WIDTH="123" VPOS="3179" HPOS="805"/>
<SP HEIGHT="56" WIDTH="22" VPOS="3179" HPOS="929"/>
<String CONTENT="new," HEIGHT="54" WIDTH="153" VPOS="3197" HPOS="952"/>
<SP HEIGHT="72" WIDTH="23" VPOS="3179" HPOS="1106"/>
<String CONTENT="by" HEIGHT="71" WIDTH="83" VPOS="3179" HPOS="1130"/>
<SP HEIGHT="72" WIDTH="23" VPOS="3178" HPOS="1214"/>
<String CONTENT="Elma" HEIGHT="59" WIDTH="182" VPOS="3178" HPOS="1238"/>
<SP HEIGHT="59" WIDTH="26" VPOS="3178" HPOS="1421"/>
<String CONTENT="Ehrlich" HEIGHT="59" WIDTH="258" VPOS="3178" HPOS="1448"/>
<SP HEIGHT="56" WIDTH="22" VPOS="3180" HPOS="1707"/>
<String CONTENT="Levinger" HEIGHT="75" WIDTH="312" VPOS="3178" HPOS="1730"/>
<SP HEIGHT="37" WIDTH="31" VPOS="3201" HPOS="2043"/>
<String CS="1" CONTENT="&#8230;"/>
<SP HEIGHT="57" WIDTH="83" VPOS="3181" HPOS="2139"/>
<String CONTENT="New" HEIGHT="58" WIDTH="151" VPOS="3181" HPOS="2223"/>
</TextLine>
<TextLine HEIGHT="78" WIDTH="1506" VPOS="3253" HPOS="388" STYLEREFS="StyleId-C45BBFA9-3ED2-4BBD-82ED-B180835EFBA8-">
<String CONTENT="York," HEIGHT="73" WIDTH="186" VPOS="3253" HPOS="388"/>
<SP HEIGHT="72" WIDTH="24" VPOS="3254" HPOS="575"/>
<String CONTENT="Bloch" HEIGHT="57" WIDTH="194" VPOS="3254" HPOS="600"/>
<SP HEIGHT="70" WIDTH="23" VPOS="3256" HPOS="795"/>
<String CONTENT="publishing" HEIGHT="73" WIDTH="366" VPOS="3255" HPOS="819"/>
<SP HEIGHT="52" WIDTH="26" VPOS="3276" HPOS="1186"/>
<String CONTENT="company," HEIGHT="55" WIDTH="322" VPOS="3275" HPOS="1213"/>
<SP HEIGHT="71" WIDTH="25" VPOS="3259" HPOS="1536"/>
<String CONTENT="inc.," HEIGHT="72" WIDTH="136" VPOS="3259" HPOS="1562"/>
<SP HEIGHT="70" WIDTH="29" VPOS="3261" HPOS="1699"/>
<String CONTENT="1926." HEIGHT="56" WIDTH="165" VPOS="3260" HPOS="1729"/>
</TextLine>
<TextLine HEIGHT="54" WIDTH="331" VPOS="3332" HPOS="453">
<String CONTENT="247" HEIGHT="45" WIDTH="81" VPOS="3332" HPOS="453"/>
<SP HEIGHT="54" WIDTH="25" VPOS="3332" HPOS="535"/>
<String CONTENT="p." HEIGHT="37" WIDTH="43" VPOS="3349" HPOS="561"/>
<SP HEIGHT="42" WIDTH="62" VPOS="3335" HPOS="605"/>
<String CONTENT="19" HEIGHT="43" WIDTH="49" VPOS="3335" HPOS="668"/>
<String STYLE="superscript" CONTENT="cm" HEIGHT="17" WIDTH="47" VPOS="3336" HPOS="723"/>
<String CONTENT="." HEIGHT="8" WIDTH="8" VPOS="3370" HPOS="776"/>
</TextLine>
<TextLine HEIGHT="59" WIDTH="1833" VPOS="3384" HPOS="382">
<String CONTENT="&#169;" HEIGHT="54" WIDTH="55" VPOS="3384" HPOS="382"/>
<SP HEIGHT="54" WIDTH="25" VPOS="3384" HPOS="438"/>
<String CONTENT="Aug." HEIGHT="53" WIDTH="119" VPOS="3387" HPOS="464"/>
<SP HEIGHT="42" WIDTH="26" VPOS="3389" HPOS="584"/>
<String CONTENT="9," HEIGHT="49" WIDTH="38" VPOS="3389" HPOS="611"/>
<SP HEIGHT="50" WIDTH="29" VPOS="3388" HPOS="650"/>
<String CONTENT="1926;" HEIGHT="51" WIDTH="129" VPOS="3388" HPOS="680"/>
<SP HEIGHT="49" WIDTH="29" VPOS="3390" HPOS="810"/>
<String CONTENT="2c." HEIGHT="41" WIDTH="63" VPOS="3390" HPOS="840"/>
<SP HEIGHT="27" WIDTH="29" VPOS="3404" HPOS="904"/>
<String CONTENT="and" HEIGHT="45" WIDTH="89" VPOS="3386" HPOS="934"/>
<SP HEIGHT="47" WIDTH="27" VPOS="3386" HPOS="1024"/>
<String CONTENT="aff." HEIGHT="46" WIDTH="78" VPOS="3387" HPOS="1052"/>
<SP HEIGHT="43" WIDTH="28" VPOS="3388" HPOS="1131"/>
<String CONTENT="Aug." HEIGHT="53" WIDTH="121" VPOS="3388" HPOS="1160"/>
<SP HEIGHT="42" WIDTH="29" VPOS="3391" HPOS="1282"/>
<String CONTENT="30;" HEIGHT="52" WIDTH="76" VPOS="3389" HPOS="1312"/>
<SP HEIGHT="53" WIDTH="28" VPOS="3388" HPOS="1389"/>
<!-- cceid 03AB2778-6E1B-1014-9B7B-CA07F191E62B --><String CONTENT="A" HEIGHT="43" WIDTH="45" VPOS="3388" HPOS="1418"/>
<SP HEIGHT="46" WIDTH="25" VPOS="3388" HPOS="1464"/>
<String CONTENT="901660;" HEIGHT="52" WIDTH="188" VPOS="3390" HPOS="1490"/>
<SP HEIGHT="52" WIDTH="32" VPOS="3390" HPOS="1679"/>
<String CONTENT="Bloch" HEIGHT="43" WIDTH="144" VPOS="3390" HPOS="1712"/>
<SP HEIGHT="53" WIDTH="27" VPOS="3390" HPOS="1857"/>
<String CONTENT="pub." HEIGHT="52" WIDTH="103" VPOS="3391" HPOS="1885"/>
<SP HEIGHT="28" WIDTH="30" VPOS="3406" HPOS="1989"/>
<String CONTENT="co.," HEIGHT="38" WIDTH="80" VPOS="3405" HPOS="2020"/>
<SP HEIGHT="52" WIDTH="27" VPOS="3391" HPOS="2101"/>
<String CONTENT="inc." HEIGHT="43" WIDTH="86" VPOS="3391" HPOS="2129"/>
</TextLine>
<TextLine HEIGHT="54" WIDTH="269" VPOS="3442" HPOS="464">
<String CONTENT="(26-15183)" HEIGHT="54" WIDTH="269" VPOS="3442" HPOS="464"/>
</TextLine>
<TextLine HEIGHT="75" WIDTH="1075" VPOS="3542" HPOS="387" STYLEREFS="StyleId-C45BBFA9-3ED2-4BBD-82ED-B180835EFBA8-">
<String CONTENT="Lincoln," HEIGHT="70" WIDTH="274" VPOS="3542" HPOS="387"/>
<SP HEIGHT="68" WIDTH="39" VPOS="3544" HPOS="662"/>
<String CONTENT="Joseph" HEIGHT="73" WIDTH="238" VPOS="3544" HPOS="702"/>
<SP HEIGHT="57" WIDTH="36" VPOS="3544" HPOS="941"/>
<String CONTENT="Crosby," HEIGHT="72" WIDTH="253" VPOS="3544" HPOS="978"/>
<SP HEIGHT="68" WIDTH="40" VPOS="3546" HPOS="1232"/>
<String CONTENT="1870-" HEIGHT="58" WIDTH="189" VPOS="3546" HPOS="1273"/>
</TextLine>
<TextLine HEIGHT="78" WIDTH="1913" VPOS="3636" HPOS="467" STYLEREFS="StyleId-C45BBFA9-3ED2-4BBD-82ED-B180835EFBA8-" CS="1">
<String CONTENT="The" HEIGHT="57" WIDTH="128" VPOS="3637" HPOS="467"/>
<SP HEIGHT="57" WIDTH="36" VPOS="3638" HPOS="596"/>
<String CONTENT="big" HEIGHT="72" WIDTH="108" VPOS="3636" HPOS="633"/>
<SP HEIGHT="52" WIDTH="33" VPOS="3656" HPOS="742"/>
<String CONTENT="mogul," HEIGHT="73" WIDTH="228" VPOS="3636" HPOS="776"/>
<SP HEIGHT="69" WIDTH="37" VPOS="3639" HPOS="1005"/>
<String CONTENT="by" HEIGHT="71" WIDTH="83" VPOS="3639" HPOS="1043"/>
<SP HEIGHT="70" WIDTH="36" VPOS="3640" HPOS="1127"/>
<String CONTENT="Joseph" HEIGHT="71" WIDTH="240" VPOS="3640" HPOS="1164"/>
<SP HEIGHT="60" WIDTH="41" VPOS="3638" HPOS="1405"/>
<String CONTENT="C." HEIGHT="60" WIDTH="63" VPOS="3638" HPOS="1447"/>
<SP HEIGHT="55" WIDTH="38" VPOS="3641" HPOS="1511"/>
<String CONTENT="Lincoln" HEIGHT="61" WIDTH="257" VPOS="3638" HPOS="1550"/>
<SP HEIGHT="38" WIDTH="44" VPOS="3661" HPOS="1808"/>
<String CS="1" CONTENT="&#8230;"/>
<SP HEIGHT="57" WIDTH="83" VPOS="3642" HPOS="1917"/>
<String CONTENT="New" HEIGHT="57" WIDTH="151" VPOS="3642" HPOS="2001"/>
<SP HEIGHT="57" WIDTH="36" VPOS="3643" HPOS="2153"/>
<String CONTENT="York," HEIGHT="71" WIDTH="190" VPOS="3643" HPOS="2190"/>
</TextLine>
<TextLine HEIGHT="77" WIDTH="1423" VPOS="3712" HPOS="388" STYLEREFS="StyleId-C45BBFA9-3ED2-4BBD-82ED-B180835EFBA8-" CS="1">
<String CONTENT="London," HEIGHT="72" WIDTH="278" VPOS="3713" HPOS="388"/>
<SP HEIGHT="72" WIDTH="25" VPOS="3713" HPOS="667"/>
<String CS="1" CONTENT="D." HEIGHT="10" WIDTH="11" VPOS="3759" HPOS="756"/>
<SP HEIGHT="57" WIDTH="27" VPOS="3712" HPOS="768"/>
<String CONTENT="Appleton" HEIGHT="73" WIDTH="320" VPOS="3712" HPOS="796"/>
<SP HEIGHT="39" WIDTH="26" VPOS="3733" HPOS="1117"/>
<String CONTENT="and" HEIGHT="57" WIDTH="124" VPOS="3718" HPOS="1144"/>
<SP HEIGHT="57" WIDTH="26" VPOS="3718" HPOS="1269"/>
<String CS="1" CONTENT="company," HEIGHT="55" WIDTH="321" VPOS="3734" HPOS="1296"/>
<SP HEIGHT="69" WIDTH="28" VPOS="3720" HPOS="1618"/>
<String CONTENT="1926." HEIGHT="57" WIDTH="164" VPOS="3718" HPOS="1647"/>
</TextLine>
<TextLine HEIGHT="50" WIDTH="512" VPOS="3792" HPOS="461" CS="1">
<String LANG="en-US" CONTENT="3" HEIGHT="42" WIDTH="24" VPOS="3795" HPOS="461"/>
<SP HEIGHT="47" WIDTH="23" VPOS="3795" HPOS="486"/>
<String LANG="la" CONTENT="p." HEIGHT="36" WIDTH="40" VPOS="3806" HPOS="510"/>
<SP/>
<String LANG="la" CS="1" CONTENT="l.,"/>
<SP/>
<String LANG="en-US" CONTENT="386" HEIGHT="43" WIDTH="83" VPOS="3794" HPOS="645"/>
<SP HEIGHT="48" WIDTH="21" VPOS="3794" HPOS="729"/>
<String LANG="en-US" CONTENT="p." HEIGHT="37" WIDTH="40" VPOS="3805" HPOS="751"/>
<SP HEIGHT="41" WIDTH="57" VPOS="3793" HPOS="792"/>
<String LANG="en-US" CONTENT="20" HEIGHT="43" WIDTH="58" VPOS="3792" HPOS="850"/>
<String STYLE="superscript" LANG="en-US" CONTENT="cm" HEIGHT="17" WIDTH="46" VPOS="3796" HPOS="913"/>
<String LANG="en-US" CONTENT="." HEIGHT="8" WIDTH="8" VPOS="3828" HPOS="965"/>
</TextLine>
<TextLine HEIGHT="63" WIDTH="1882" VPOS="3840" HPOS="388">
<String CONTENT="&#169;" HEIGHT="54" WIDTH="55" VPOS="3840" HPOS="388"/>
<SP HEIGHT="54" WIDTH="26" VPOS="3840" HPOS="444"/>
<String CONTENT="Aug." HEIGHT="52" WIDTH="120" VPOS="3844" HPOS="471"/>
<SP HEIGHT="43" WIDTH="28" VPOS="3845" HPOS="592"/>
<String CONTENT="27," HEIGHT="52" WIDTH="66" VPOS="3843" HPOS="621"/>
<SP HEIGHT="47" WIDTH="32" VPOS="3848" HPOS="688"/>
<String CONTENT="1926;" HEIGHT="51" WIDTH="128" VPOS="3845" HPOS="721"/>
<SP HEIGHT="49" WIDTH="33" VPOS="3847" HPOS="850"/>
<String CONTENT="2c." HEIGHT="41" WIDTH="64" VPOS="3847" HPOS="884"/>
<SP HEIGHT="28" WIDTH="32" VPOS="3863" HPOS="949"/>
<String CONTENT="and" HEIGHT="44" WIDTH="91" VPOS="3847" HPOS="982"/>
<SP HEIGHT="43" WIDTH="29" VPOS="3847" HPOS="1074"/>
<String CONTENT="aff." HEIGHT="45" WIDTH="77" VPOS="3845" HPOS="1104"/>
<SP HEIGHT="42" WIDTH="32" VPOS="3847" HPOS="1182"/>
<String CONTENT="Aug." HEIGHT="52" WIDTH="120" VPOS="3847" HPOS="1215"/>
<SP HEIGHT="42" WIDTH="32" VPOS="3849" HPOS="1336"/>
<String CONTENT="30;" HEIGHT="52" WIDTH="77" VPOS="3847" HPOS="1369"/>
<SP HEIGHT="52" WIDTH="31" VPOS="3847" HPOS="1447"/>
<!-- cceid 03AB69C3-6E1B-1014-9B7B-CA07F191E62B --><String CONTENT="A" HEIGHT="43" WIDTH="45" VPOS="3847" HPOS="1479"/>
<SP HEIGHT="45" WIDTH="28" VPOS="3847" HPOS="1525"/>
<String CONTENT="901645;" HEIGHT="52" WIDTH="188" VPOS="3848" HPOS="1554"/>
<SP HEIGHT="51" WIDTH="35" VPOS="3849" HPOS="1743"/>
<String CONTENT="D." HEIGHT="43" WIDTH="56" VPOS="3849" HPOS="1779"/>
<SP HEIGHT="43" WIDTH="31" VPOS="3849" HPOS="1836"/>
<String CONTENT="Appleton" HEIGHT="54" WIDTH="234" VPOS="3849" HPOS="1868"/>
<SP HEIGHT="44" WIDTH="30" VPOS="3851" HPOS="2103"/>
<String CONTENT="&amp;" HEIGHT="44" WIDTH="39" VPOS="3851" HPOS="2134"/>
<SP HEIGHT="44" WIDTH="29" VPOS="3851" HPOS="2174"/>
<String CONTENT="co." HEIGHT="29" WIDTH="66" VPOS="3865" HPOS="2204"/>
</TextLine>
<TextLine HEIGHT="54" WIDTH="268" VPOS="3900" HPOS="467">
<String CONTENT="(26-15134)" HEIGHT="54" WIDTH="268" VPOS="3900" HPOS="467"/>
</TextLine>
</TextBlock>
</PrintSpace>
</Page>
</Layout>
</alto>