2542 4285
1335 3974 113 57 528

383 345 371 69 Thorndike,
799 345 272 57 Edward
1111 345 138 56 Lee.

458 437 126 55 The
621 436 353 56 Thorndike
1012 435 193 57 series
1240 436 67 55 of
1338 435 214 71 junior
1579 436 151 71 high
1763 436 207 57 school
379 438 1965 132 mathematics.

551 512 174 58 Book
752 514 192 70 three,
975 514 193 70 grade
1196 513 161 56 nine.
1426 512 98 71 By
1554 513 277 57 Edward
1857 514 121 55 Lee
2011 514 353 57 Thorndike

447 589 1915 76 … Chicago, New York, Rand McNally & company [1926]
513 680 808 52 xv, 310 p. illus., diagrs. 19½ cm .
381 748 52 53 ©
466 750 109 51 Apr.
608 750 65 50 26,
712 750 128 51 1926;
876 750 64 42 2c.
975 750 86 42 and
1090 749 80 43 aff.
1206 749 111 51 Apr.
1351 749 78 51 29;
1465 749 43 41 A
1542 746 187 54 890558;
1769 747 51 47 E.
1855 749 48 41 L.
1939 748 276 53 Thorndike,
2250 750 116 43 New

449 806 140 43 York.

384 903 279 70 Toombs,
701 902 341 57 Frederick
1076 903 54 56 R
1443 904 189 56 1879-
1788 903 90 58 ed.

524 991 1845 71 … How to wrestle, edited by Frederick R. Toombs;
379 1087 184 53 poses
596 1070 83 71 by
710 1069 543 72 Hackenschmidt,
1291 1071 152 55 Tom
1478 1069 281 72 Jenkins,
1797 1069 240 72 George
2072 1070 295 58 Bothner.

380 1147 151 57 New
567 1148 188 70 York,
796 1146 335 58 American
1173 1151 210 67 sports
1421 1147 362 72 publishing
1824 1166 320 53 company,
2185 1156 17 22 c
2206 1150 162 55 1926.

459 1237 78 44 159
571 1252 37 37 p.
647 1237 99 43 incl.
783 1237 150 52 front.,
970 1237 129 53 illus.,
1132 1245 140 46 ports.
1341 1237 48 44 17
1398 1240 45 17 cm
1450 1272 9 9 .
1532 1238 245 53 (Spalding
1814 1238 105 44 “red
1954 1239 158 43 cover”
2151 1239 136 44 series
2320 1240 51 43 of

382 1295 180 44 athletic
583 1295 277 50 handbooks,
882 1310 70 28 no.
975 1294 51 44 65
1046 1295 65 53 R)

453 1365 73 44 On
547 1380 157 28 cover:
742 1364 253 54 Spalding’s
1018 1365 182 44 athletic
1222 1365 183 53 library,
1427 1381 70 28 no.
1521 1364 51 44 65
1591 1366 52 42 R.

382 1421 1966 111 “Wrestling, catch-as-catch-can style, by E. Hitchcock … and R. F. Nelligan”, with special t.-p.: p. [137]-159.
382 1548 53 54 ©
467 1551 110 51 Apr.
612 1551 63 50 30,
713 1551 129 51 1926;
877 1551 63 42 2c.
976 1551 85 42 and
1093 1551 77 42 aff.
1209 1551 109 51 May
1352 1551 50 51 4;
1438 1551 43 41 A
1516 1550 186 52 891261;
1740 1551 154 42 Amer.
1930 1558 147 44 sports
2112 1552 99 51 pub.
2249 1567 63 27 co.

460 1604 268 56 (26-10366)

382 1702 346 72 Underhill,
770 1703 255 58 Charles
1065 1702 326 74 Reginald,
1432 1706 189 56 1874-

460 1794 457 58 Power-factor
943 1798 258 67 wastes;
1234 1815 37 37 a
1300 1794 303 72 practical
1628 1795 158 57 book
1814 1795 104 57 for
386 1794 1962 150 manufacturing
547 1871 369 71 executives,

971 1872 179 71 plant
1207 1872 325 73 engineers
1588 1874 122 56 and
1763 1873 406 57 electricians.
2271 1873 97 72 By

388 1949 1812 74 Charles R. Underhill … 1st ed. New York [etc.]
383 1950 1963 137 McGraw-Hill
758 2028 158 58 book
945 2047 321 55 company,
1298 2028 136 73 inc.,
1468 2029 166 56 1926.

451 2121 95 52 xiii,
573 2121 81 43 326
678 2136 39 38 p.
743 2120 101 44 incl.
873 2121 149 51 front.,
1050 2120 130 53 illus.,
1206 2121 157 52 tables,
1388 2122 166 51 diagrs.
1615 2120 50 43 23½
1702 2124 46 17 cm
1754 2156 8 8 .
1879 2119 122 52 $3.50

385 2189 52 53 ©
469 2191 116 42 Mar.
616 2191 64 50 24,
717 2191 128 50 1926;
878 2191 65 44 2c.
974 2191 86 42 and
1091 2191 77 42 aff.
1202 2191 119 42 Mar.
1352 2189 78 54 27;
1465 2188 43 44 A
1541 2189 187 53 883797;
1766 2189 347 45 McGraw-Hill
2141 2189 120 44 book
2293 2205 78 36 co.,

455 2247 81 43 inc.
605 2247 270 54 (26-10342)

386 2345 273 72 Vachell,
700 2346 243 56 Horace
981 2345 331 72 Annesley.

461 2438 59 56 A
552 2457 241 37 woman
828 2437 65 56 in
931 2437 172 57 exile.
1191 2438 88 71 [34
1314 2437 413 74 instalments]

459 2530 79 51 (In
570 2530 184 41 London
786 2529 211 51 Evening
1031 2528 251 51 standard)

383 2596 1990 54 © 1c. each May 18, 1926; A ad int. 8182; pubd. Mar. 22-Apr. 30; H. A.
456 2654 202 52 Vachell,
692 2654 273 53 Lyndhurst,
999 2655 164 51 Hants,
1199 2652 220 53 England.

387 2753 212 70 Webb,
640 2752 226 58 Edwin
901 2752 295 71 Douglas,
1239 2755 189 56 1873-

465 2847 319 57 Elements
832 2847 67 57 of
943 2844 274 74 practice
1261 2843 64 59 in
1367 2847 104 56 the
1515 2846 150 56 New
1707 2845 172 56 York
1926 2849 207 53 courts
2179 2847 197 56 under

389 2925 102 56 the
532 2922 161 59 Civil
727 2924 273 70 practice
1041 2929 98 53 act
1176 2923 123 58 and
1336 2922 102 58 the
1476 2923 166 56 rules
1682 2923 67 58 of
1788 2918 143 60 civil
1967 2921 292 71 practice,
2295 2922 82 71 by

389 2999 1987 72 Edwin D . Webb … Albany, N. Y., and New York city,
390 3079 82 57 M.
506 3080 249 57 Bender
786 3079 48 56 &
869 3097 304 53 company
1206 3078 459 71 incorporated,
1701 3077 164 55 1926.

462 3171 125 50 xlvii,
619 3171 81 44 549
726 3183 40 37 p.
825 3170 54 43 24
886 3171 47 17 cm
939 3204 8 8 .

464 3241 142 42 Much
643 3241 52 43 of
732 3240 74 43 the
846 3246 97 38 text
982 3240 51 42 of
1072 3238 176 51 George
1287 3240 56 41 A.
1386 3236 194 44 Miller’s
1621 3235 317 46 Introduction
1978 3246 44 35 to
2063 3234 198 53 practice
2297 3237 81 43 has

393 3299 108 43 been
530 3294 329 52 incorporated.

387 3349 55 54 ©
474 3350 105 44 Feb.
611 3349 68 53 27,
717 3350 127 50 1926;
879 3349 63 42 2c.
978 3349 118 41 Mar.
1129 3348 48 51 3;
1210 3346 82 43 aff.
1327 3347 119 44 Mar.
1485 3348 44 50 1;
1568 3347 43 41 A
1645 3344 188 54 883507;
1870 3345 223 44 Matthew
2129 3345 176 43 Bender
2340 3346 38 43 &

458 3423 81 36 co.,
574 3406 81 43 inc.
726 3405 267 54 (26-10248)

394 3503 193 74 [Weil,
624 3502 233 76 Victor]
896 3504 355 57 1870-1926,

470 3596 228 72 Nimby
729 3594 225 74 Pimby
987 3598 123 56 and
1141 3596 103 58 the
1277 3600 143 67 pots
1456 3596 67 56 of
1555 3592 161 75 gold,
1748 3595 83 70 by
1863 3592 228 60 Unohu
2145 3593 211 71 [pseud.]

397 3673 303 75 [Chicago]
731 3674 165 55 1926.

465 3750 62 49 xi,
558 3750 76 46 172
661 3765 41 37 p.
766 3752 51 43 19½
868 3753 29 17 cm
903 3785 8 8 .

468 3808 174 46 Stories
669 3807 87 44 and
780 3821 169 33 poems.

392 3860 52 53 ©
473 3863 117 41 Mar.
617 3861 67 49 29,
712 3860 107 43 1926
832 3875 9 37 ;
866 3861 66 42 2c.
960 3860 86 43 and
1073 3859 77 43 aff.
1178 3860 111 51 Apr.
1319 3857 47 53 5;
1398 3859 43 41 A
1468 3856 188 54 890544;
1686 3856 187 46 Marion
1900 3856 234 50 Goldman,
2164 3853 211 54 Chicago.

472 3916 267 57 (26-10323)
