2542 4285
0 0 0 0 756
394 348 255 70 Norton,
694 350 170 57 John
903 350 209 72 Foote,
1155 352 189 56 1885-

469 439 397 72 Laboratory
910 438 266 58 outlines
1221 438 67 57 in
1327 438 426 73 bacteriology
1798 440 123 57 and
1964 439 422 73 immunology

398 516 1986 74 [by] John F. Norton … and I. S. Falk … Chicago, Ill.,
396 592 1358 70 The University of Chicago press [ c 1926]
464 668 92 53 viii,
588 670 81 44 114
694 684 40 38 p.
794 671 56 42 22½
883 672 46 17 cm
934 704 10 9 .

397 724 56 53 ©
478 727 114 51 June
623 728 34 49 1,
689 726 128 52 1926;
846 727 63 41 2c.
937 728 114 50 June
1077 726 76 52 30;
1185 727 79 42 aff.
1291 727 107 52 July
1425 728 50 50 3;
1507 727 44 42 A
1579 726 188 53 897308;
1799 727 264 54 University
2093 728 49 44 of
2172 728 211 53 Chicago,

470 781 209 54 Chicago.
749 782 270 54 (26-13271)

396 882 352 72 O’Donnell,
790 882 249 57 Donald
1079 882 252 73 Joseph,
1376 884 190 57 1856-

473 971 1913 76 Pioneer days … The lost maiden … Selected poems
462 1048 1926 74 … copyright … by Donald J. O’Donnell, author and
394 1127 338 72 publisher.
807 1126 289 72 Chicago,
1127 1127 117 72 Ill.,
1274 1134 19 23 c
1295 1127 166 57 1926.

463 1203 56 44 96
544 1218 40 38 p.
643 1202 56 44 20
704 1205 47 18 cm
756 1237 10 9 .

398 1258 54 54 ©
480 1261 120 44 Mar.
626 1261 60 49 13,
717 1260 129 52 1926;
871 1261 64 42 2c.
962 1261 87 43 and
1076 1261 78 42 aff.
1183 1261 118 42 Mar.
1333 1259 74 53 17;
1437 1261 44 42 A
1508 1261 187 53 897206;
1725 1262 56 43 D.
1809 1262 39 53 J.
1878 1262 269 53 O’Donnell,
2175 1261 212 57 Chicago.

478 1317 268 54 (26-13218)

395 1415 192 71 Patri,
629 1416 259 73 Angelo,
929 1418 190 57 1876-

470 1506 191 59 What
682 1507 160 58 have
864 1525 125 54 you
1013 1510 108 68 got
1144 1510 64 54 to
1237 1506 177 72 give?
1480 1506 99 72 By
1602 1507 244 72 Angelo
1874 1507 197 59 Patri.
2141 1508 248 59 Garden

399 1583 160 73 City,
587 1584 74 56 N.
690 1584 94 71 Y.,
812 1583 386 72 Doubleday,
1228 1584 170 71 Page
1429 1585 47 57 &
1505 1603 321 54 company,
1860 1586 165 57 1926.

465 1659 50 44 ix
542 1675 54 37 p.,
627 1661 19 41 1
695 1694 22 18 l.,
749 1661 78 43 193
852 1675 42 37 p.
949 1661 56 44 20
1010 1663 15 16 cm
1062 1694 9 8 .

399 1715 53 54 ©
483 1719 115 50 June
632 1718 64 51 11,
730 1717 128 51 1926;
891 1717 64 43 2c.
988 1717 87 43 and
1107 1717 79 44 aff.
1217 1718 115 52 June
1365 1717 78 53 30;
1478 1718 44 42 A
1555 1718 189 52 891964;
1781 1719 279 53 Doubleday,
2097 1720 124 52 Page
2256 1721 37 43 &
2323 1735 67 29 co.

478 1773 269 55 (26-13217)

397 1874 158 68 Pelz,
592 1873 218 58 Victor
844 1874 78 57 H.

541 1962 1852 74 … Selling at retail, prepared in the Extension division
399 2040 1992 76 of the University of Wisconsin, by V. H. Pelz … 1st ed.
399 2120 148 57 New
585 2119 174 57 York
800 2123 147 69 [etc.]
992 2118 453 59 McGraw-Hill
1483 2120 160 57 book
1681 2138 324 54 company,
2048 2120 134 70 inc.,
2227 2122 164 57 1926.

467 2194 92 53 viii,
593 2196 81 44 327
706 2211 41 38 p.
811 2194 119 45 illus.
991 2196 54 45 23½c
1098 2197 29 17 m
1134 2229 8 9 .
1213 2194 337 56 (Commercial
1587 2195 242 45 education
1869 2197 169 54 series)
2159 2196 126 56 $2.50

470 2251 356 53 Bibliography:
858 2266 40 38 p.
929 2251 204 45 315-319.

402 2308 52 53 ©
479 2311 115 50 June
620 2310 65 50 30,
713 2309 129 53 1926;
869 2310 63 42 2c.
961 2310 87 42 and
1072 2309 79 43 aff.
1177 2309 107 53 July
1310 2309 51 52 2;
1390 2309 44 42 A
1461 2309 188 53 891996;
1681 2310 346 45 McGraw-Hill
2054 2311 120 44 book
2199 2327 78 38 co.,
2307 2312 85 44 inc.

480 2364 268 57 (26-13279)

403 2451 479 73 Pennsylvania.
960 2452 303 73 Supreme
1305 2456 190 53 court.

480 2543 467 72 Pennsylvania
990 2546 161 54 state
1194 2546 267 68 reports,
1542 2563 55 36 v.
1644 2546 127 70 285,
1816 2543 357 73 containing
2219 2563 173 39 cases

405 2620 1987 73 decided … January term, 1926. Reported by Albert B.
402 2699 292 72 Weimer,
731 2701 160 54 state
926 2702 305 67 reporter.
1303 2697 457 74 Philadelphia,
1798 2698 145 60 Geo.
1980 2700 67 56 T.
2082 2699 173 58 Bisel
2288 2719 105 55 co.,

403 2778 164 55 1926.

470 2851 129 54 xxiii,
632 2853 80 43 683
743 2867 40 37 p.
843 2852 53 44 23
904 2855 46 17 cm
957 2886 9 9 .

404 2908 52 53 ©
486 2910 105 52 July
624 2910 60 49 14,
721 2909 129 52 1926;
881 2910 63 41 2c.
975 2908 107 53 July
1109 2908 79 52 26;
1221 2909 78 43 aff.
1329 2908 106 53 July
1463 2909 79 52 24;
1574 2909 45 42 A
1648 2908 190 54 901256;
1875 2909 141 53 Clyde
2048 2910 49 43 L.
2129 2909 140 53 King,
475 2925 1898 93 secretary
656 2966 50 43 of
739 2966 75 46 the
846 2965 386 52 commonwealth,
1268 2965 75 44 for
1375 2966 76 42 the
1485 2973 116 36 state
1631 2966 51 44 of
1717 2967 345 52 Pennsylvania,
2096 2967 299 53 Harrisburg,

476 3024 79 42 Pa.

406 3107 357 74 Philippine
798 3107 265 57 Islands.
1139 3109 201 72 Laws,
1378 3113 285 69 statutes,
1702 3113 109 52 etc.

485 3200 130 56 The
637 3219 135 36 new
799 3201 343 55 annotated
1169 3197 165 59 Code
1364 3199 66 56 of
1458 3199 145 57 civil
1628 3202 343 68 procedure
2002 3200 69 55 of
2097 3200 102 57 the
405 3199 1969 149 Philippine
657 3277 248 57 Islands
955 3276 131 71 (act
1116 3276 143 72 190)
1308 3296 67 37 as
1418 3277 303 57 amended
1754 3296 85 52 up
1878 3281 64 53 to
1982 3277 103 57 the
2127 3278 161 56 close
2329 3277 67 57 of

406 3355 106 56 the
551 3355 227 57 second
819 3354 240 56 session
1099 3353 67 57 of
1207 3353 104 57 the
1355 3353 184 58 Sixth
1578 3353 358 73 Philippine
1980 3354 413 73 Legislature,

406 3430 1986 151 March, 1924, with annotations by F. C. Fisher … embracing decisions published in the Philippine reports, vols.
409 3588 177 68 1-43;
623 3587 124 55 and
781 3586 107 56 the
922 3585 235 58 Official
1189 3589 242 68 gazette
1467 3589 63 53 to
1568 3586 155 72 July
1755 3587 90 72 31,
1883 3588 166 69 1924,
2088 3587 123 57 and
2244 3585 154 59 with

408 3663 316 71 appendix
769 3662 363 73 containing
1178 3662 317 72 judiciary
1542 3666 115 69 act,
1710 3664 171 57 rules
1928 3664 68 56 of
2045 3667 180 54 court
2273 3665 124 58 and

409 3741 179 55 other
619 3743 266 53 statutes
920 3739 299 72 affecting
1253 3740 144 57 civil
1426 3743 363 68 procedure.
1862 3743 80 55 3d
1973 3742 90 56 ed.
2138 3741 257 74 Manila,

408 3817 68 55 P.
519 3817 68 72 I.,
628 3817 360 72 Rochester,
1028 3817 74 56 N.
1142 3817 94 72 Y.,
1279 3818 127 56 The
1448 3818 294 71 Lawyers
1785 3818 420 71 co-operative
407 3819 1963 147 publishing
676 3913 305 53 company
1022 3926 13 42 [
1037 3902 18 21 c
1059 3896 163 73 1925]
