2542 4285
1359 3929 112 63 254

441 316 328 72 Rockwell,
809 318 339 59 Frederick
1184 321 181 72 Frye,
1406 326 189 56 1884-

520 409 261 59 Around
807 411 103 58 the
935 431 153 52 year
1115 411 65 59 in
1207 414 103 59 the
1337 414 268 73 garden;
1635 437 36 37 a
1700 416 364 61 seasonable
2092 419 184 72 guide
2305 423 122 58 and

444 485 309 61 reminder
795 487 107 56 for
937 490 173 56 work
1147 488 150 61 with
1336 492 373 72 vegetables,
1749 493 213 73 fruits,
2004 497 123 56 and
2166 495 259 74 flowers,

444 564 1983 78 and under glass, by Frederick Frye Rockwell … New
443 641 1980 80 ed. Illustrated with photographs by the author and E. R.
441 717 257 58 Rollins.
781 719 152 57 New
971 721 192 71 York,
1207 720 132 61 The
1379 721 359 59 Macmillan
1778 743 323 54 company,
2142 728 166 57 1926.

507 793 1443 58 xx p., 1 l., 350 p. front., illus., 31 pl. on 16 l. 19½ cm .
436 848 53 53 ©
517 850 116 43 Mar.
664 849 61 51 16,
756 850 129 52 1926;
910 852 66 42 2c.
1002 852 86 43 and
1115 853 78 43 aff.
1222 853 119 43 Mar.
1374 851 74 53 17;
1478 854 44 41 A
1550 853 187 54 879874;
1769 853 264 47 Macmillan
2062 872 64 28 co.

515 904 239 56 (26-6806)

437 1004 261 73 Savage,
734 1006 344 71 Raymond.

512 1094 268 73 Allenby
820 1095 68 58 of
927 1095 477 75 Armageddon;
1446 1117 36 37 a
1524 1099 219 56 record
1784 1099 68 58 of
1891 1099 105 57 the
2039 1118 214 40 career
2297 1101 121 58 and

434 1173 361 72 campaigns
836 1174 68 57 of
941 1173 494 60 Field-Marshal
1470 1174 305 59 Viscount
1813 1175 286 74 Allenby,
2136 1178 84 70 by
436 1176 1960 137 Raymond

664 1250 266 74 Savage,
972 1252 151 57 with
1166 1273 35 37 a
1242 1251 257 73 preface
1540 1253 85 71 by
1665 1253 209 59 David
1912 1254 204 72 Lloyd
2157 1254 260 76 George.

432 1328 448 74 Indianapolis,
911 1330 129 56 The
1067 1327 483 63 Bobbs-Merrill
1578 1348 306 55 company
1912 1361 14 44 [
1927 1339 19 23 c
1949 1333 148 57 1926]

501 1406 78 46 353
603 1422 40 39 p.
669 1406 99 47 incl.
794 1407 125 44 front.
992 1407 153 53 plates,
1171 1414 152 48 ports.,
1350 1406 107 46 fold.
1483 1422 115 39 map.
1656 1409 54 43 22½
1744 1411 46 18 cm
1797 1443 8 9 .

430 1462 53 53 ©
515 1463 106 44 Feb.
658 1464 63 50 18,
757 1463 129 53 1926;
918 1464 65 43 2c.
1017 1465 118 42 Mar.
1173 1465 73 51 12;
1280 1466 78 41 aff.
1394 1465 118 42 Mar.
1550 1465 74 52 11;
1660 1466 44 42 A
1738 1463 187 54 883605;
1963 1465 358 45 Bobbs-Merrill
2352 1481 66 30 co.

509 1518 240 57 (26-6714)

431 1618 191 72 Scott,
657 1617 168 60 Will.

507 1707 128 59 The
672 1707 179 59 black
893 1710 223 69 stamp,
1157 1708 82 70 by
1275 1706 150 59 Will
1466 1706 190 59 Scott.
1759 1707 456 75 Philadelphia,
429 1708 1970 140 Macrae
568 1785 205 60 Smith

805 1804 306 53 company
1146 1815 12 44 [
1159 1794 19 21 c
1183 1785 164 73 1926]

497 1864 81 43 312
612 1879 41 37 p.
716 1863 53 45 19
771 1865 48 18 cm
825 1898 10 9 .

426 1919 54 53 ©
509 1920 106 44 Feb.
647 1918 60 52 15,
741 1919 129 53 1926;
898 1920 65 43 2c.
992 1921 121 43 Mar.
1144 1918 74 53 17;
1248 1918 82 45 aff.
1361 1918 106 45 Feb.
1501 1919 73 52 18;
1606 1920 43 42 A
1676 1918 190 54 879923;
1900 1922 186 44 Macrae
2118 1919 147 48 Smith
2293 1936 65 29 co.

505 1975 240 56 (26-6737)

427 2059 253 68 Silvers,
722 2058 153 59 Earl
914 2059 186 72 Reed,
1141 2060 189 59 1891-

496 2150 128 58 The
660 2148 186 74 spirit
880 2149 68 59 of
982 2150 238 71 Menlo;
1257 2170 35 37 a
1327 2152 177 68 story
1539 2149 68 58 of
1639 2150 102 57 the
1776 2151 181 57 heart
1993 2151 68 58 of
2095 2171 37 37 a
2165 2152 138 73 boy,
2338 2154 82 69 by

426 2225 1989 77 Earl Reed Silvers … New York, London, D. Appleton
425 2308 120 56 and
579 2324 321 54 company,
936 2307 165 57 1926.

489 2381 935 59 viii p., 2 l., 3-258 p. front. 19½ cm .
423 2440 53 53 ©
508 2442 118 42 Mar.
662 2441 64 53 19,
760 2441 129 51 1926;
923 2441 65 43 2c.
1020 2441 86 43 and
1139 2440 79 44 aff.
1251 2440 119 44 Mar.
1402 2440 78 52 22;
1516 2441 44 42 A
1595 2437 187 55 879959;
1820 2441 57 44 D.
1911 2441 228 53 Appleton
2171 2442 87 43 and
2290 2456 67 29 co.

501 2497 240 56 (26-6738)

420 2580 307 73 Simonds,
763 2583 151 56 Mrs.
950 2581 188 72 Mary
1171 2580 186 59 Ethel
1399 2581 301 73 (Sanger)

499 2675 191 56 From
725 2675 103 57 the
865 2691 148 55 rays
1049 2675 68 58 of
1149 2675 104 57 the
1290 2670 296 76 rainbow,
1619 2692 180 39 verse
1833 2675 83 71 by
1949 2674 187 72 Mary
2171 2675 242 72 Sanger

425 2752 307 61 Simonds.
816 2752 151 57 New
1021 2751 190 70 York,
1269 2751 277 71 London,
1602 2751 68 60 G.
1728 2751 69 56 P.
1857 2752 332 57 Putnam’s
2248 2769 163 54 sons,

423 2830 163 57 1926.

489 2906 447 54 viii, 55 p. 19½ cm .
418 2962 54 53 ©
508 2964 118 42 Mar.
665 2962 35 50 5,
738 2962 132 51 1926;
908 2962 64 42 2c.
1008 2963 87 42 and
1130 2961 80 43 aff.
1248 2961 121 44 Mar.
1408 2961 75 52 12;
1523 2962 45 42 A
1604 2959 188 55 879827;
1832 2962 68 44 M.
1940 2960 46 48 S.
2027 2959 224 54 Simonds,
2290 2961 118 45 New

486 3020 143 42 York.
698 3015 242 58 (26-6859)

485 3098 1925 78 … The Southwestern reporter. v. 274, 275. Permanent
494 3175 1915 79 ed. … with key-number annotations. September 16-
492 3256 353 59 November
889 3258 88 71 25,
1028 3257 163 56 1925.
1298 3256 89 58 St.
1438 3257 176 72 Paul,
1661 3256 179 58 West
1887 3255 361 72 publishing
2298 3274 105 53 co.,

492 3336 164 69 1925,
693 3334 165 57 1926.

481 3411 29 42 2
537 3426 39 27 v.
635 3409 55 44 26
697 3412 47 19 cm
750 3446 8 7 .
827 3410 245 53 (National
1104 3414 205 48 reporter
1340 3407 356 54 system—State
1728 3406 164 55 series)

414 3484 40 26 v.
483 3465 95 52 274,
603 3463 55 54 ©
685 3466 110 45 Dec.
822 3467 41 51 2,
894 3465 132 53 1925;
1054 3482 44 28 v.
1124 3464 95 53 275,
1245 3463 55 55 ©
1326 3466 101 52 Jan.
1455 3467 40 50 9,
1527 3464 131 52 1926;
1688 3465 65 43 2c.
1784 3463 108 46 each
1921 3464 88 43 and
2037 3464 105 43 affs.
2173 3464 119 41 Mar.
2324 3463 76 52 11;

482 3523 44 42 A
550 3520 180 55 883569,
755 3521 189 53 883578;
974 3523 132 43 West
1131 3523 101 51 pub.
1259 3535 65 31 co.

415 3603 256 75 Sparks,
711 3603 297 62 William.

493 3698 128 58 The
650 3698 255 72 Apache
932 3697 150 72 Kid,
1112 3718 36 37 a
1174 3700 152 58 bear
1351 3697 174 74 fight,
1553 3700 122 56 and
1705 3699 179 58 other
1909 3700 140 55 true
2081 3694 225 61 stories
2336 3695 67 59 of

414 3776 104 59 the
551 3777 101 57 old
682 3774 197 68 West,
910 3778 83 70 by
1020 3773 278 62 William
1334 3776 256 70 Sparks.
1661 3775 125 59 Los
1818 3773 291 75 Angeles,
2147 3771 253 59 Skelton

413 3850 361 67 publishing
800 3872 320 45 company,
1150 3854 167 58 1926.
