2542 4285
1026 3966 147 57 1221

90 401 322 74 Stephens,
456 400 228 69 James,
727 397 188 60 1882-

163 502 311 62 Collected
508 519 213 54 poems
758 498 68 59 of
863 499 215 57 James
1119 498 325 73 Stephens.
1523 496 149 58 New
1708 496 191 60 York,
1939 498 128 56 The

85 578 355 61 Macmillan
466 595 321 55 company,
816 576 164 58 1926.

154 665 631 59 3 p. l., xiv, 268 p. 21 cm .
86 738 53 54 ©
167 740 99 43 Oct.
298 738 63 51 15,
389 737 128 52 1926;
545 738 62 42 2c.
633 736 87 44 and
745 735 77 45 aff.
853 737 100 43 Oct.
985 735 74 52 16;
1088 736 44 42 A
1158 734 188 54 949590;
1377 733 264 45 Macmillan
1667 748 65 30 co.

165 794 267 58 (26-18496)

93 895 204 67 Stone,
336 893 284 68 Stewart,
658 893 354 60 1854-1895.

168 1000 129 58 The
343 1019 186 39 seven
573 997 232 74 capital
851 999 160 71 sins;
1058 998 266 59 outlines
1370 998 103 57 for
1518 997 426 72 instructions,
1988 998 83 71 by

92 1071 1793 77 the Rev. Stewart Stone … with foreword by William
91 1071 1958 157 Walter Webb … Milwaukee, Morehouse publishing
1767 1172 119 54 co.;
94 1150 1952 160 London,
261 1233 73 58 A.
365 1234 71 56 R.
468 1233 322 72 Mowbray
819 1232 49 56 &
895 1251 85 39 co.
1015 1263 14 44 [
1030 1239 20 23 c
1053 1232 164 75 1926]

157 1322 61 55 xi,
253 1324 53 47 56
339 1340 40 37 p.
442 1324 50 45 19
498 1326 47 18 cm
550 1359 9 9 .

89 1392 54 54 ©
180 1392 117 54 Sept.
330 1393 66 51 30,
431 1392 128 52 1926;
595 1392 62 43 2c.
692 1392 86 44 and
811 1392 78 43 aff.
925 1393 101 43 Oct.
1058 1392 51 52 4;
1145 1392 44 42 A
1222 1389 190 56 949657;
1448 1392 279 46 Morehouse
1759 1393 101 53 pub.
1897 1408 64 29 co.

169 1449 268 57 (26-18646)

97 1550 319 73 Strachey,
453 1549 167 58 John
652 1549 89 59 St.
777 1549 139 69 Loe,
989 1551 152 57 1860-

164 1652 334 60 American
531 1652 371 72 soundings;
936 1653 187 72 being
1156 1653 276 73 castings
1469 1656 67 57 of
1569 1656 103 57 the
1703 1655 143 57 lead
1880 1654 62 58 in
1976 1657 105 57 the

90 1732 439 58 shore-waters
561 1732 68 58 of
658 1728 312 73 America,
1006 1730 208 72 social,
1245 1730 268 74 literary
1544 1731 122 59 and
90 1728 1965 155 philosophical,

237 1806 1842 78 by J. St. Loe Strachey … New York, D. Appleton
90 1885 123 59 and
238 1903 321 57 company,
588 1885 166 58 1926.

161 1971 1241 62 xiii, [1] p., 1 l., 255, [1] p. front. (port.) 21 cm .
96 2044 53 55 ©
183 2046 102 45 Oct.
323 2045 61 53 15,
423 2048 128 52 1926;
587 2049 63 43 2c.
684 2049 87 44 and
805 2050 77 43 aff.
919 2050 100 43 Oct.
1060 2051 74 51 19;
1171 2051 44 42 A
1249 2046 190 57 949597;
1477 2052 57 43 D.
1571 2051 226 54 Appleton
1832 2054 37 43 &
1904 2067 64 29 co.

172 2102 271 57 (26-18693)

98 2202 368 71 Sweatman,
510 2205 342 59 Constance
891 2206 287 59 Travers.

176 2306 226 75 Young
441 2309 147 74 folk,
633 2311 101 58 old
774 2310 162 72 folk;
979 2331 36 39 a
1052 2314 184 57 novel
1277 2314 68 57 of
1384 2314 104 58 the
1528 2333 282 57 younger
1850 2319 111 70 set,
2002 2316 83 72 by

101 2383 1963 159 Constance Travers Sweatman … New York, W. Morrow and company, inc., 1926.
168 2554 561 55 3 p. l., 304 p. 19½ cm .
94 2621 59 54 ©
185 2625 101 44 Oct.
321 2625 64 52 16,
421 2626 128 51 1926;
580 2627 65 44 2c.
673 2628 91 44 and
795 2629 79 44 aff.
910 2631 102 43 Oct.
1043 2631 79 52 20;
1155 2632 45 42 A
1233 2631 191 54 950529;
1456 2633 209 45 William
1695 2634 208 46 Morrow
1936 2636 39 43 &
2006 2650 80 37 co.,

168 2681 82 44 inc.
319 2682 268 56 (26-18163)

104 2779 246 76 Taylor,
388 2784 147 58 Carl
569 2784 351 73 Cleveland,
959 2791 189 58 1884-

181 2885 199 59 Rural
408 2888 343 73 sociology;
785 2910 39 38 a
853 2894 188 71 study
1070 2894 69 57 of
1167 2896 177 58 rural
1370 2898 333 70 problems,
1735 2900 82 68 by
1848 2898 147 60 Carl
2025 2900 48 60 C

107 2962 1984 85 Taylor … New York and London, Harper & brothers,
104 3043 163 57 1926.

174 3131 1911 69 6 p. l., 3-509 p. 22 cm . (Lettered on cover: Harper’s social science series)
181 3201 232 47 “Selected
441 3204 230 45 collateral
700 3222 158 31 source
885 3211 256 44 materials”
1170 3221 45 35 at
1241 3213 86 45 end
1354 3215 53 43 of
1434 3216 107 42 each
1570 3216 195 54 chapter.

104 3271 53 54 ©
190 3274 100 45 Oct.
322 3273 64 53 25,
422 3277 128 53 1926;
582 3278 63 43 2c.
678 3280 100 44 Oct.
814 3281 74 52 19;
920 3282 78 42 aff.
1032 3283 102 45 Oct.
1164 3282 79 54 27;
1276 3285 44 43 A
1352 3284 190 54 949711;
1578 3287 185 53 Harper
1793 3289 37 43 &
1860 3290 118 43 bros.

182 3331 269 56 (26-19029)

110 3429 211 75 Terry,
360 3432 160 59 Paul
553 3435 435 76 Washington.

179 3522 573 66 Extra-curricular
782 3530 309 63 activities
1120 3535 64 57 in
1213 3535 103 59 the
1341 3535 212 72 junior
1579 3537 149 75 high
1760 3540 224 73 school,
2012 3542 82 70 by

103 3600 1990 87 Paul W. Terry … Baltimore, Warwick and York, inc.,
105 3680 163 56 1926.

179 3772 77 43 122
286 3787 42 36 p.
391 3773 50 45 19½
475 3775 47 19 cm
527 3808 9 10 .

109 3835 53 54 ©
191 3838 117 52 June
341 3839 62 52 12,
436 3841 128 52 1926;
596 3842 63 44 2c.
694 3843 118 55 Aug.
848 3846 75 52 19;
957 3847 77 43 aff.
1070 3849 100 43 Oct.
1206 3849 74 54 16;
1314 3851 45 44 A
1391 3851 189 57 949550;
1613 3857 236 47 Warwick
1882 3861 37 43 &
1951 3861 143 52 York,

252 3930 8 9 inc.
330 3896 268 56 (26-18301)
