2542 4285
1335 4022 151 56 1404

400 403 316 67 Cameron,
763 401 180 58 Ellen
984 401 268 59 Gordon.

472 495 272 71 Rhymes
780 496 124 57 and
937 492 176 75 lines,
1147 495 84 72 by
1266 492 181 60 Ellen
1485 494 254 60 Gordon
1776 493 321 60 Cameron.

396 491 1966 155 Philadelphia, Dorrance and company [ c 1926]
467 654 55 44 48
550 666 41 35 p.
650 651 54 43 20
711 653 47 17 cm
763 685 9 9 .
841 649 288 52 (Half-title:
1167 648 360 52 Contemporary
1558 659 125 42 poets
1716 650 50 44 of
1796 651 247 48 Dorrance,
2076 649 78 46 37)

401 704 52 53 ©
482 706 117 42 Nov.
633 706 35 50 1,
698 704 128 52 1926;
855 705 64 42 2c.
950 704 118 43 Nov.
1102 702 73 53 15;
1206 704 78 43 aff.
1315 703 119 43 Nov.
1467 702 74 53 17;
1572 703 43 42 A
1643 701 166 46 950977;
1865 704 235 42 Dorrance
2130 704 37 43 &
2195 718 78 36 co.,
2305 704 81 43 inc.

479 762 266 54 (26-22216)

403 846 164 72 Cerf,
606 847 223 72 Barry,
867 846 190 58 1881-

476 925 267 57 Anatole
777 925 260 71 France,
1072 924 103 56 the
1209 923 447 73 degeneration
1687 923 67 57 of
1787 943 40 37 a
1856 927 183 68 great

2072 923 206 71 artist,
2310 924 81 70 by
402 1003 209 71 Barry
648 1001 169 59 Cerf.
894 1001 152 57 New
1081 1000 189 74 York,
1310 1001 68 56 L.
1419 1001 380 72 MacVeagh,
1839 1001 130 57 The
2007 1001 147 56 Dial
2191 1019 199 54 press,

403 1082 163 56 1926.

468 1158 64 51 xi,
561 1157 78 45 303
672 1171 39 39 p.
770 1156 55 45 24c
848 1159 30 19 m
883 1192 11 10 .

474 1215 70 43 “A
575 1213 337 53 chronological
944 1213 75 44 list
1051 1214 52 44 of
1133 1213 75 44 the
1243 1214 151 44 works
1428 1213 50 44 of
1511 1213 194 44 Anatole
1739 1212 201 46 France”:
2002 1228 40 38 p.
2077 1212 204 45 301-303.

402 1270 53 54 ©
481 1273 116 42 Nov.
619 1272 66 50 20,
716 1271 128 52 1926;
870 1271 65 43 2c.
960 1272 88 43 and
1071 1272 79 43 aff.
1178 1271 118 43 Nov.
1320 1269 56 45 27;
1428 1271 43 42 A
1498 1269 188 53 957280;
1715 1269 107 45 Dial
1848 1284 141 39 press,
2015 1270 82 44 inc.

483 1328 266 56 (26-22428)

406 1417 318 71 Compton,
765 1415 246 58 Arthur
1049 1414 208 75 Holly,
1301 1418 190 57 1892-

474 1493 237 72 X-rays
736 1494 123 60 and
882 1496 305 59 electrons;
1246 1514 79 39 an
1349 1494 232 60 outline
1606 1497 67 57 of
1697 1499 209 55 recent
1927 1493 207 74 X-ray
2155 1499 241 67 theory,

401 1573 1997 75 by Arthur H. Compton … New York, D. Van Nostrand
402 1670 323 55 company,
757 1653 166 55 1926.

538 1765 8 15 xv,
577 1731 80 44 403
690 1744 41 36 p.
791 1727 132 52 illus.,
957 1728 168 51 diagrs.
1184 1730 53 43 23½cm.
1450 1728 124 51 $6.00

404 1785 1973 110 “This book has grown from lectures on X-rays … given at the University
527 1845 51 43 of
615 1841 254 46 California
903 1841 89 46 and
1028 1841 75 44 the
1140 1840 268 52 University
1443 1843 52 43 of
1529 1840 434 51 Chicago.”—Pref.

405 1896 54 53 ©
484 1898 117 43 Nov.
628 1897 61 51 12,
719 1895 129 52 1926;
875 1896 63 42 2c.
965 1896 118 43 Nov.
1109 1896 54 42 29;
1215 1896 78 42 aff.
1322 1895 118 43 Nov.
1468 1895 75 52 30;
1573 1895 43 42 A
1640 1894 188 54 958152;
1859 1896 55 43 D.
1943 1896 104 43 Van
2073 1897 235 44 Nostrand
2333 1912 64 29 co.

486 1954 267 55 (26-22362)

409 2038 344 72 Comstock,
794 2039 187 73 Mary
1017 2038 232 73 Edgar.

484 2118 358 72 Flickering
905 2117 398 73 candlelight,
1369 2118 83 71 by
1516 2118 187 71 Mary
1766 2118 222 72 Edgar
2054 2117 345 59 Comstock.

406 2196 456 71 Philadelphia,
901 2195 320 57 Dorrance
1263 2197 123 55 and
1424 2214 304 53 company
1769 2227 13 43 [
1782 2203 20 23 c
1806 2196 164 75 1926]

477 2264 1826 64 72, [1] p. 20 cm . (Half-title: Contemporary poets of D orrance, 43)
409 2329 53 53 ©
495 2331 118 44 Nov.
643 2331 68 51 22,
745 2331 128 51 1926;
907 2331 63 42 2c.
1004 2331 107 42 Dec.
1145 2331 48 51 3;
1229 2331 77 43 aff.
1342 2331 108 42 Dec.
1480 2331 51 51 2;
1568 2331 43 42 A
1643 2330 189 53 957361;
1869 2332 236 43 Dorrance
2138 2332 37 43 &
2205 2347 80 36 co.,
2318 2332 82 43 inc.

488 2388 267 54 (26-22424)

412 2471 330 74 Copeland,
788 2472 258 58 Charles
1088 2473 364 71 Townsend,
1495 2476 189 56 1860-
1840 2475 91 58 ed.

487 2552 127 56 The
650 2550 319 73 Copeland
1003 2553 224 56 reader;
1294 2571 79 38 an
1406 2553 339 72 anthology
1778 2553 68 57 of
1879 2552 267 74 English
2179 2557 224 69 poetry

410 2631 122 56 and
577 2648 207 54 prose,
830 2631 225 56 chosen
1103 2631 123 57 and
1274 2631 208 57 edited
1526 2630 151 58 with
1726 2651 79 36 an
1849 2631 430 58 introduction
2322 2632 80 72 by

413 2706 1989 76 Charles Townsend Copeland … New York, London, C.
413 2784 293 59 Scribner
721 2789 46 54 ’s
802 2804 163 54 sons,
999 2787 166 56 1926.

477 2862 920 54 3 p. l., v-xxxix p., 1 l., 1687 p. 24½cm.
412 2918 53 54 ©
490 2921 117 42 Nov.
631 2920 67 48 29,
725 2920 128 51 1926;
881 2920 64 43 2c.
972 2921 109 44 Dec.
1110 2922 13 41 1;
1186 2921 77 43 aff.
1291 2922 107 42 Dec.
1425 2922 50 52 2;
1504 2922 43 42 A
1574 2921 188 54 958175;
1794 2922 185 44 Charles
2010 2922 247 47 Scribner’s
2288 2938 116 30 sons.

491 2976 267 56 (26-22430)

417 3062 211 72 Corra,
664 3062 230 57 Bruno.

554 3139 1832 81 … Gli amori internazionali. Milano, Sonzogno [ c 1926]
478 3219 82 45 272
592 3234 42 35 p.
697 3220 50 44 18½cm.

486 3274 189 47 Stories.

483 3334 138 44 Press
654 3333 171 45 notices;
887 3348 41 35 p.
959 3333 209 46 267-272.

414 3386 1794 57 © Aug. 1, 1926; 1c. Sept. 2; A—Foreign 31779; B. Corra, Milano.
493 3443 269 55 (26-21107)

413 3528 291 74 Daggett,
746 3531 154 57 Mrs.
945 3530 208 59 Mabel
1202 3533 274 73 (Potter)

493 3607 200 59 Marie
730 3609 67 57 of
832 3610 381 71 Roumania;
1247 3611 105 59 the
1385 3611 285 59 intimate
1710 3618 178 68 story
1921 3616 69 56 of
2023 3617 102 57 the
2160 3616 251 59 radiant

416 3686 1995 82 queen, by Mabel Potter Daggett … New York, George
417 3762 78 62 H.
526 3763 214 58 Doran
770 3783 305 55 company
1105 3795 13 43 [
1121 3774 19 21 c
1142 3768 164 69 1926]

486 3840 80 45 297
594 3856 40 38 p.
696 3842 149 51 front.,
882 3843 152 53 plates,
1068 3851 139 47 ports.
1266 3846 50 42 21
1326 3846 48 19 cm
1380 3880 9 9 .

418 3895 52 54 ©
496 3898 118 47 Nov.
636 3899 68 51 26,
730 3899 105 44 1926;
885 3900 64 43 2c.
976 3900 118 44 Nov.
1120 3901 75 52 30;
1225 3903 78 42 aff.
1330 3902 117 44 Nov.
1474 3903 76 52 29;
1581 3904 42 42 A
1648 3903 188 53 958154;
1867 3904 176 54 George
2069 3906 61 45 H.
2160 3907 156 43 Doran
2343 3921 64 29 co.

497 3954 267 58 (26-22232)
