2542 4285
1021 3961 110 57 963

63 346 187 72 Mills,
287 343 215 58 Frank
535 340 245 73 Moody,
817 341 190 56 1831-

143 435 128 60 The
307 432 249 71 notings
596 430 68 59 of
700 449 39 38 a
769 424 502 74 nonogenarian;
1310 442 36 39 a
1386 423 187 71 stndy
1610 421 63 57 in
1708 419 339 74 longevity,

63 498 1961 161 by Frank Moody Mills … Boston, The Christopher publishing house [ c 1926]
133 664 80 51 xii,
239 663 82 44 216
350 676 40 39 p.
449 661 155 50 front.,
632 664 142 49 ports.
830 658 51 44 21
890 659 48 18 cm
944 693 9 8 .

65 720 55 53 ©
149 721 118 52 Aug.
303 720 59 50 14,
398 718 129 51 1926;
558 718 65 43 2c.
653 716 87 43 and
770 716 78 42 aff.
878 715 119 51 Aug.
1027 713 78 52 28;
1138 713 43 42 A
1212 711 188 54 901616;
1437 709 295 52 Christopher
1763 708 101 54 pub.
1895 708 154 44 house.

145 775 267 57 (26-15286)

71 876 129 56 The
224 873 270 58 Mineral
513 872 323 71 industry;
862 871 84 56 its
975 866 325 74 statistics,
1326 867 371 72 technology
1721 867 124 57 and
1871 866 179 56 trade

146 943 1903 81 during 1925 … Edited by G. A. Roush … associate
147 1021 1906 80 editor, Allison Butts … v. 34, supplementing volumes
168 1098 1888 78 I to XXXIII. New York, London, McGraw-Hill book
147 1200 319 55 company,
497 1182 135 72 inc.,
665 1182 166 56 1926.

137 1259 125 53 xviii,
293 1258 94 52 906,
419 1259 25 43 8
473 1273 38 38 p.
571 1272 116 37 map,
719 1257 158 53 tables,
909 1256 167 53 diagrs.
1135 1254 57 45 24
1196 1258 48 18 cm
1249 1290 10 9 .

70 1316 53 53 ©
152 1316 120 54 Sept.
298 1315 69 54 25,
398 1316 127 51 1926;
551 1316 64 42 2c.
647 1312 119 57 Sept.
792 1314 78 51 28;
899 1314 80 42 aff.
1011 1312 121 53 Sept.
1159 1312 79 53 29;
1268 1311 45 44 A
1343 1311 188 52 950236;
1562 1308 346 47 McGraw-Hill
1936 1309 121 45 book

139 1389 82 37 co.,
260 1373 84 45 inc.

70 1458 315 59 Montana.
467 1459 301 72 Supreme
813 1461 190 54 court.

70 1544 1961 154 Reports of cases argued and determined … from November 30,
463 1628 162 69 1925,
651 1630 62 52 to
741 1626 220 56 March
984 1627 88 69 16,
1101 1626 164 54 1926.
1333 1623 234 58 Official
1592 1626 216 68 report.
1888 1642 57 37 v.
1968 1624 88 55 75.

76 1704 127 58 San
233 1703 353 73 Francisco,
618 1701 633 74 Bancroft-Whitney
1280 1720 321 53 company,
1634 1700 166 58 1926.

138 1778 165 55 xxxiii,
333 1778 81 45 709
444 1794 39 38 p.
541 1779 51 45 23
601 1782 47 17 cm
652 1814 10 9 .

73 1835 53 54 ©
162 1836 119 54 Sept.
316 1837 68 51 28,
420 1837 128 52 1926;
581 1837 65 42 2c.
680 1835 87 44 and
798 1836 80 43 aff.
913 1836 101 44 Oct.
1049 1835 49 52 6;
1135 1836 45 42 A
1213 1832 190 57 950364;
1442 1833 463 56 Bancroft-Whitney
1937 1849 66 30 co.

73 1952 330 73 Montross,
442 1951 196 74 Lynn.

150 2042 371 73 Fraternity
567 2062 146 53 row,
760 2043 82 72 by
887 2042 181 73 Lynn
1117 2044 124 56 and
1286 2041 149 60 Lois
1483 2041 337 59 Montross.
1909 2042 153 58 New

75 2121 187 74 York,
293 2119 243 74 George
560 2121 79 57 H.
667 2120 218 58 Doran
910 2138 305 54 company
1243 2151 13 44 [
1258 2127 20 25 c
1281 2121 165 73 1926]

138 2188 753 66 viii p., 2 l., 13-308 p. 19½ cm .
76 2253 52 53 ©
151 2254 119 54 Aug.
294 2253 65 51 27,
390 2255 129 52 1926;
543 2256 64 43 2c.
631 2255 121 52 Aug.
776 2254 77 52 31;
880 2254 78 43 aff.
983 2255 119 52 Aug.
1128 2252 77 54 30;
1233 2253 45 45 A
1302 2251 191 56 901675;
1524 2253 175 54 George
1725 2254 63 43 H.
1813 2254 159 44 Doran
1997 2268 66 29 co.

151 2310 271 56 (26-15179)

74 2397 307 73 Moresby,
416 2396 206 59 Louis.

150 2487 129 61 The
325 2488 181 75 glory
550 2492 67 57 of
661 2489 246 74 Egypt;
955 2513 35 37 a
1035 2506 307 59 romance,
1386 2493 83 70 by
1512 2487 192 61 Louis
1751 2490 313 73 Moresby.

73 2564 1614 81 New York, George H. Doran company [ c 1926]
148 2646 81 43 280
254 2659 41 38 p.
358 2646 51 46 19½
443 2648 47 18 cm
496 2683 8 8 .

78 2699 52 53 ©
154 2699 118 53 Aug.
297 2699 65 51 27,
391 2700 128 52 1926;
544 2701 62 43 2c.
631 2700 119 53 Aug.
777 2700 77 52 31;
881 2701 78 42 aff.
985 2701 120 53 Aug.
1132 2701 76 51 30;
1235 2700 44 44 A
1304 2699 190 54 901677;
1524 2700 179 54 George
1727 2701 62 44 H.
1815 2701 157 44 Doran
1999 2715 65 29 co.

156 2755 268 57 (26-15276)

78 2841 462 76 Northampton
572 2842 246 75 County
845 2841 328 60 historical
1201 2844 126 58 and
1354 2841 430 76 genealogical
1814 2843 251 74 society.

154 2932 130 59 The
338 2932 420 60 Scotch-Irish
811 2932 69 59 of
931 2932 465 74 Northampton
1452 2933 262 74 County,
76 2935 1968 133 Pennsylvania.
363 3011 152 57 Pub.
553 3012 83 71 by

669 3011 102 58 the
807 3010 465 74 Northampton
1309 3012 247 73 County
1588 3011 326 61 historical
1947 3014 123 57 and

79 3085 1991 79 genealogical society … [Easton, Pa., J. S. Correll,
76 3165 261 76 printer]
373 3168 164 56 1926.

149 3239 1922 62 4 p. l., 594 p. front. (port.) plates, maps, facsims., coat of arms. 23½ cm .
82 3302 84 47 [Its
195 3301 318 55 Publications,
543 3300 86 46 vol.
680 3318 11 30 I]

152 3356 216 47 Contains
412 3358 74 45 the
527 3356 299 55 unpublished
866 3358 301 54 manuscripts
1210 3358 91 45 and
1345 3375 27 28 a
1417 3359 173 53 reprint
1629 3359 52 44 of
1720 3357 76 47 the
1840 3357 233 53 published

82 3415 211 54 writings
335 3416 52 43 of
430 3416 82 43 Dr.
557 3415 121 53 John
725 3413 317 57 Cunningham
1092 3414 153 55 Clyde,
1290 3416 210 53 together
1542 3415 111 45 with
1702 3415 129 46 other
1879 3414 193 55 original

81 3472 259 45 documents
374 3473 87 45 and
495 3473 180 43 records.
749 3472 58 53 cf.
845 3473 172 44 Introd.

83 3527 53 54 ©
163 3529 112 53 May
299 3528 66 52 25,
395 3529 129 51 1926;
550 3529 65 43 2c.
642 3529 87 43 and
755 3529 79 45 aff.
861 3530 119 52 Aug.
1008 3529 77 52 30;
1114 3530 44 42 A
1185 3528 188 53 901661;
1406 3529 339 52 Northampton
1773 3527 178 56 County

152 3528 1896 102 historical
345 3586 88 43 and
461 3585 308 53 genealogical
803 3586 182 53 society,
1021 3585 276 54 Bethlehem,
1332 3587 79 43 Pa.
1480 3584 269 56 (26-15380)

84 3668 209 72 Paine,
327 3669 207 74 Ralph
565 3669 333 77 Delahaye,
935 3672 357 59 1871-1925.

158 3760 424 75 Midshipman
632 3761 342 76 Wickham,
1025 3768 84 68 by
1157 3762 208 75 Ralph
1411 3764 74 57 D.
1537 3763 212 59 Paine.
1833 3766 238 56 Boston

83 3843 122 56 and
239 3840 154 59 New
424 3841 189 71 York,
649 3840 344 74 Houghton
1029 3839 214 59 Mifflin
1280 3860 321 55 company,
1641 3843 163 57 1926.
