2542 4285
1327 3997 113 55 898

395 339 374 68 McFeeters,
804 340 215 56 James
1052 338 238 72 Calvin,
1324 341 189 57 1848-

474 416 292 57 America
804 417 64 55 in
907 416 102 57 the
1052 415 243 73 coming
1336 415 213 69 crisis;
1591 435 79 38 an
1709 418 227 70 appeal
1974 422 63 53 to
2080 417 316 59 Christian

397 496 270 69 patriots
710 498 62 53 to
814 494 170 72 align
1024 513 115 37 our
1177 498 265 67 country
1477 493 152 57 with
1665 494 190 58 Jesus
1896 495 103 57 for
2036 496 113 57 her
2191 496 205 72 safety

398 570 1999 74 in the next war, by J. C. McFeeters … Boston, The
401 649 411 72 Christopher
843 649 363 73 publishing
1237 650 191 56 house
1468 678 13 44 [
1481 659 19 20 c
1504 650 164 74 1926]

465 728 483 53 viii, 122 p. 19½ cm .
468 784 172 45 “Third
672 783 212 46 edition.”

391 840 53 53 ©
474 840 107 54 July
610 841 66 51 20,
712 841 129 51 1926;
875 843 63 41 2c.
970 840 91 44 and
1093 839 78 44 aff.
1203 838 109 55 July
1343 839 77 51 27;
1456 840 43 42 A
1530 839 189 51 901275;
1756 838 304 54 Christopher
2092 840 103 53 pub.
2229 841 158 43 house.

470 897 269 54 (26-14209)

391 968 315 72 McNeish,
741 967 235 59 Robert
1007 968 78 57 H.

468 1047 128 56 The
632 1044 377 58 automobile
1045 1045 112 56 fire
1197 1047 348 69 apparatus
1584 1047 315 68 operator,
1935 1043 152 58 with
388 1044 1974 136 instructions

589 1142 78 37 on
701 1122 84 58 all
814 1125 267 54 matters
1113 1121 364 73 pertaining
1508 1126 64 55 to
1609 1121 443 71 construction,
2087 1141 140 40 care
2266 1124 120 56 and

389 1199 328 73 operation
770 1200 68 56 of
887 1199 262 57 modern
1200 1198 113 58 fire
1368 1202 349 68 apparatus
1771 1198 169 58 from
1994 1221 36 38 a
2084 1200 303 71 practical

391 1275 1994 73 source, by Robert H. McNeish … Los Angeles, The
389 1352 468 60 Times-mirror
886 1372 199 53 press,
1118 1354 167 57 1926.

461 1429 952 55 11 p. l., 795 p. illus., diagrs. 23½ cm .
459 1486 215 47 Lettered
705 1500 57 29 on
793 1500 162 29 cover:
989 1484 180 47 Second
1198 1484 188 46 edition.

385 1542 57 53 ©
477 1542 119 45 Mar.
634 1543 62 52 19,
734 1543 129 49 1926;
900 1544 64 40 2c.
1002 1541 90 44 and
1128 1541 78 44 aff.
1243 1543 121 42 Mar.
1398 1541 78 52 25;
1514 1542 43 42 A
1593 1542 189 51 883765;
1823 1542 53 44 R.
1915 1543 60 43 H.
2014 1543 243 53 McNeish,
2296 1546 90 45 Los

457 1597 217 53 Angeles.
744 1597 270 54 (26-14201)

388 1669 421 72 McSpadden,
846 1669 239 72 Joseph
1114 1667 274 72 Walker,
1424 1672 189 55 1874-

468 1744 275 73 Illinois;
787 1768 36 36 a
863 1747 306 58 romantic
1230 1751 179 67 story
1467 1747 104 57 for
1630 1765 210 55 young
1898 1749 241 75 people,
2199 1751 83 70 by
2322 1749 60 59 J.

391 1825 253 59 Walker
678 1824 420 73 McSpadden,
1132 1825 362 58 illustrated
1525 1826 81 72 by
1639 1824 279 60 Howard
1951 1826 67 58 L.
2053 1827 329 74 Hastings.

391 1904 151 57 New
564 1903 190 72 York,
780 1904 60 57 J,
868 1903 78 57 H.
979 1903 190 59 Sears
1197 1903 48 56 &
1269 1922 323 54 company,
1620 1904 114 57 inc.
1768 1934 12 43 [
1784 1911 17 21 c
1806 1904 147 58 1926]

467 1983 78 44 128
583 1998 41 37 p.
665 1982 102 44 incl.
809 1982 128 51 illus.,
976 1982 158 52 plates,
1203 1982 83 43 col.
1328 1982 138 44 front.
1533 1984 51 41 21
1592 1985 46 17 cm
1645 2018 9 8 .
1725 1984 256 45 [Romantic
2019 1983 162 45 stories
2221 1984 50 46 of
2310 1984 75 45 the

389 2047 153 41 states]

458 2097 134 52 Maps
623 2112 59 28 on
713 2095 340 53 lining-papers.

387 2149 53 53 ©
463 2150 109 53 July
598 2149 62 52 15,
690 2151 129 51 1926;
847 2152 65 41 2c.
937 2149 108 54 July
1073 2151 74 50 19;
1174 2149 78 43 aff.
1279 2149 109 53 July
1412 2150 77 50 24;
1520 2149 43 42 A
1588 2150 188 50 901283;
1805 2151 40 52 J.
1876 2151 60 41 H.
1965 2149 137 47 Sears
2131 2151 37 44 &
2193 2165 80 39 co.,
2301 2151 86 45 inc.

465 2206 270 55 (26-14092)

388 2279 230 71 Meyer,
654 2278 245 57 Harold
929 2276 316 74 Diedrich,
1284 2280 187 56 1892-

467 2358 59 55 A
564 2355 332 58 handbook
937 2356 67 56 of
1047 2354 554 59 extra-curricular
1642 2354 310 60 activities
1996 2355 65 57 in
2105 2357 105 58 the
2249 2356 146 74 high

393 2435 236 70 school;
668 2433 336 72 especially
1035 2434 275 70 adapted
1341 2436 64 54 to
1439 2434 103 56 the
1575 2434 188 57 needs
1799 2434 68 56 of
1899 2435 103 56 the
2039 2435 180 56 small
2250 2434 145 73 high

393 2510 2003 75 school, by Harold H. Meyer … New York, A. S. Barnes
391 2592 124 57 and
545 2609 320 53 company,
899 2589 164 57 1926.

458 2668 92 54 xiv,
578 2668 82 45 402
688 2683 39 38 p.
786 2668 128 52 illus.,
945 2667 169 53 diagrs.
1173 2667 55 43 24
1236 2669 46 17 cm

462 2726 212 44 Contains
708 2723 367 54 bibliographies.

382 2780 56 54 ©
464 2781 108 54 July
601 2782 61 49 12,
695 2782 128 50 1926;
855 2782 64 41 2c.
948 2780 91 45 and
1068 2779 78 46 aff.
1173 2779 108 54 July
1309 2780 77 51 23;
1418 2780 43 42 A
1489 2778 190 53 897545;
1712 2780 56 42 A.
1803 2778 43 46 S.
1879 2780 176 43 Barnes
2085 2779 37 44 &
2151 2794 66 29 co.

463 2837 270 55 (26-14214)

386 2907 324 73 Michigan
745 2906 414 74 agricultural
1198 2906 248 73 college,
1484 2906 297 74 Lansing.
1857 2909 165 72 Dept.
2081 2908 67 73 of

464 2909 1894 151 bacteriology,
756 2985 262 74 hygiene
1047 2987 123 57 and
1196 2985 359 73 pathology.

461 3065 397 72 Laboratory
891 3065 254 56 manual
1177 3064 66 56 in
1277 3064 257 72 general
1566 3064 464 72 microbiology,
2067 3064 313 71 prepared

385 3144 82 71 by
496 3144 102 56 the
629 3143 369 70 laboratory
1030 3141 67 59 of
1127 3142 429 71 bacteriology
1589 3143 123 56 and
1743 3141 285 73 hygiene,
2063 3139 314 75 Michigan

387 3225 163 53 state
587 3220 246 72 college.
911 3221 78 57 3d
1028 3221 90 56 ed.
1196 3219 151 57 New
1381 3219 189 73 York,
1609 3220 59 58 J.
1703 3219 209 72 Wiley
1945 3219 49 56 &
2029 3237 164 55 sons,
2231 3219 147 70 inc.;

385 3299 276 71 London,
694 3297 324 73 Chapman
1044 3298 48 56 &
1117 3297 168 69 Hall,
1313 3297 260 72 limited,
1603 3298 164 56 1926.

454 3376 125 51 xxvi,
616 3375 82 46 472
733 3392 41 37 p.
840 3377 129 50 illus.,
1009 3376 93 45 fold.
1218 3410 7 15 pl.,
1265 3374 108 46 fold.
1411 3373 89 46 tab.
1566 3375 53 44 20
1626 3377 45 18 cm
1678 3412 8 8 .
1760 3374 288 53 (Half-title:
2087 3373 99 46 The
2222 3374 153 54 Wiley

383 3432 221 46 technical
638 3432 136 45 series
808 3433 74 44 for
911 3432 256 45 vocational
1198 3433 90 43 and
1319 3432 236 44 industrial
1588 3432 203 52 schools)
1914 3429 124 54 $3.50

457 3489 214 46 Contains
714 3488 368 53 bibliographies.

382 3542 54 54 ©
463 3544 107 53 July
601 3543 62 52 17,
695 3544 130 50 1926;
856 3545 63 41 2c.
948 3542 91 46 and
1069 3542 78 46 aff.
1176 3543 108 53 July
1311 3544 79 50 29;
1421 3542 43 42 A
1492 3541 189 53 901294;
1714 3542 149 44 Ward
1894 3540 193 54 Giltner,
2119 3540 113 47 East
454 3542 1907 110 Lansing,
603 3598 142 45 Mich.
814 3598 271 55 (26-14252)

385 3668 206 58 Miner
620 3668 365 74 publishing
1014 3685 105 56 co.,
1152 3671 307 72 Macomb,
1492 3670 94 56 Ill.

464 3747 268 58 General
762 3747 356 74 chemistry,
1148 3748 104 57 the
1283 3746 206 59 Miner
1520 3748 212 73 series,
1762 3746 162 73 joint
1954 3746 291 72 authors;
2274 3747 104 57 for

386 3823 1989 75 college and university students … Macomb, Ill., The
383 3902 205 58 Miner
633 3903 363 73 publishing
1042 3922 87 39 co.
1177 3932 14 45 [
1192 3910 19 22 c
1214 3903 166 72 1926]
