2542 4285
1246 4024 149 55 1386

345 404 186 69 Mills,
568 406 132 58 Joe.

418 497 1915 75 A mountain boyhood, by Joe Mills … illustrated by
342 577 170 57 Enos
545 576 72 58 B.
657 576 344 60 Comstock.
1083 578 153 58 New
1266 577 189 72 York,
1491 578 60 60 J.
1588 577 77 57 H.
1705 577 190 59 Sears
1929 577 47 57 &
2011 595 319 55 company,

340 653 112 60 inc.
492 684 12 44 [
505 662 20 22 c
529 655 164 72 1926]

411 746 1007 51 7 p. l., 286 p. incl. front., plates. 20 cm .
343 798 53 53 ©
422 801 118 42 Nov.
565 800 41 51 2,
636 800 103 43 1926
756 815 9 36 ;
793 801 64 43 2c.
886 800 119 43 Nov.
1032 801 51 50 4;
1115 800 78 43 aff.
1224 801 118 42 Nov.
1372 799 49 53 5;
1452 800 44 42 A
1524 799 190 53 949957;
1744 801 40 52 J.
1815 801 61 43 H.
1909 799 134 46 Sears
2073 800 38 44 &
2139 816 80 36 co.,
2248 800 82 44 inc.

419 855 269 56 (26-21871)

341 955 246 70 Morris,
635 955 207 74 Nephi
886 955 246 59 Lowell.

414 1050 378 72 Prophecies
839 1050 68 58 of
949 1050 242 71 Joseph
1236 1049 204 59 Smith
1483 1052 124 56 and
1647 1050 164 59 their
1854 1048 351 73 fulfilment,
2250 1049 83 72 by

343 1127 204 73 Nephi
599 1127 230 58 Lowell
882 1125 251 59 Morris.
1221 1127 137 59 Salt
1412 1127 166 58 Lake
1634 1126 161 73 City,
1849 1127 263 58 Deseret
2164 1127 163 58 book

336 1224 321 54 company,
690 1205 166 57 1926.

406 1283 95 50 xiii,
537 1284 67 50 [1],
636 1284 81 45 329
744 1298 40 35 p.
845 1284 119 43 illus.
990 1281 126 52 (incl.
1150 1283 225 51 facsims.)
1442 1292 114 41 port.
1621 1285 48 43 19½
1703 1286 46 17 cm
1755 1317 9 9 .

338 1336 53 54 ©
419 1339 116 51 June
566 1338 60 49 11,
661 1337 129 51 1926;
820 1337 65 42 2c.
917 1338 117 41 Nov.
1070 1336 73 53 16;
1175 1336 77 44 aff.
1285 1336 119 44 Nov.
1440 1335 150 53 15; A
1619 1335 190 53 957101;
1840 1336 59 43 N.
1933 1337 47 42 L.
2014 1337 187 51 Morris,
2232 1336 98 46 Salt

409 1396 121 43 Lake
568 1394 115 53 City.
753 1392 270 56 (26-21779)

338 1493 299 59 National
670 1493 364 58 conference
1072 1510 80 41 on
1183 1492 449 58 international
1667 1491 311 75 problems
2015 1494 125 57 and

414 1491 1897 152 relations,
626 1571 332 73 Briarcliff
984 1573 245 73 Manor,
1260 1572 77 56 N.
1374 1572 92 73 Y.,
1500 1573 165 56 1926.

480 1650 1851 73 … International problems and relations; a series of
335 1731 330 58 addresses
721 1729 125 58 and
895 1746 232 55 papers
1180 1729 338 72 presented
1568 1734 65 53 at
1685 1729 105 58 the
1842 1726 298 61 National
333 1748 1975 119 conference

613 1824 79 41 on
720 1805 451 60 international
1200 1804 314 75 problems
1547 1807 122 59 and
1699 1805 319 72 relations,
2048 1806 146 59 held
333 1826 1973 118 under

475 1886 103 58 the
610 1883 285 74 auspices
928 1885 69 58 of
1026 1884 104 60 the
1166 1881 307 75 Carnegie
1505 1883 384 59 endowment
1920 1886 105 57 for
333 1882 1973 140 international

558 1981 189 55 peace
778 1961 152 60 with
962 1962 108 60 the
1101 1961 403 73 cooperation
1535 1963 69 58 of
1634 1963 103 58 the
1771 1962 320 73 Academy
2125 1962 68 59 of
333 1981 1971 121 political
580 2040 237 60 science

867 2038 66 59 in
985 2040 103 59 the
1142 2038 128 74 city
1321 2041 68 57 of
1439 2039 150 58 New
1639 2039 191 72 York,
1885 2042 65 55 at
2000 2037 329 62 Briarcliff

333 2119 228 74 Lodge,
616 2118 152 75 May
819 2118 205 72 10-14,
1080 2118 167 72 1926,
1303 2116 208 61 edited
1562 2119 83 71 by
1695 2118 217 58 James
1968 2119 356 72 Thompson

334 2196 312 73 Shotwell,
688 2197 254 59 Samuel
978 2191 276 64 McCune
1292 2193 282 74 Lindsay
1612 2198 124 56 and
1774 2196 241 59 Parker
2057 2195 270 61 Thomas

331 2276 205 59 Moon.
621 2275 169 73 [New
812 2273 188 70 York]
1030 2274 131 57 The
1187 2270 320 74 Academy
1534 2274 69 58 of
1624 2269 281 76 political
1931 2273 254 72 science,
331 2274 1971 139 Columbia
589 2350 370 75 university,
991 2351 166 60 1926.

401 2430 144 51 xxvii,
582 2428 79 45 500
696 2443 38 38 p.
801 2428 143 53 diagr.
1007 2427 57 42 22
1069 2430 47 17 cm
1122 2462 8 8 .
1200 2425 332 55 (Proceedings
1568 2426 53 44 of
1656 2426 75 44 the
1769 2426 233 53 Academy
2040 2426 52 45 of
2128 2426 200 54 political

332 2489 171 43 science
529 2489 42 42 in
598 2487 75 42 the
700 2486 91 52 city
816 2484 52 44 of
895 2486 117 41 New
1037 2484 142 43 York.
1235 2483 87 44 vol.
1429 2517 9 18 XII,
1466 2498 72 29 no.
1569 2484 48 53 1)

660 2543 675 46 CONTENTS.—Preface—Disarmament
1369 2546 86 43 and
1492 2543 387 52 security—Raw
1913 2544 230 45 materials
2177 2547 45 42 in
330 2561 1976 89 relation

514 2612 48 36 to
602 2601 323 44 international
965 2615 135 37 peace
1140 2603 87 43 and
1270 2599 231 46 economic
1539 2598 432 54 prosperity.—The
2013 2601 92 45 Far
2147 2602 182 46 East.—

329 2661 99 45 The
463 2659 242 45 Danubian
740 2660 87 43 and
862 2657 177 44 Balkan
1075 2656 465 47 states.—Economic
1575 2656 301 52 adjustments
1913 2661 85 43 and
2036 2659 75 46 the
2147 2657 178 47 French

330 2714 504 49 debt.—International
888 2713 229 51 problems
1171 2714 52 43 of
1278 2711 777 48 Latin-America.—International
329 2731 1972 88 cooperation

462 2773 76 45 for
574 2772 75 45 the
686 2771 281 64 promotion,
987 2772 52 45 of
1076 2767 152 53 public
1262 2767 152 48 health
1451 2772 88 43 and
1575 2770 138 46 social
1748 2771 442 53 welfare.—Special
329 2781 1974 95 topics.

407 2827 308 46 —America’s
746 2837 104 41 part
880 2827 45 45 in
956 2826 323 46 international
1311 2826 305 51 cooperation.

329 2882 53 54 ©
406 2884 120 52 Aug.
555 2882 64 53 17,
646 2882 129 51 1926;
804 2882 63 42 2c.
894 2881 118 43 Nov.
1039 2880 77 52 24;
1146 2880 78 43 aff.
1254 2881 118 42 Nov.
1397 2880 79 51 23;
1505 2881 44 42 A
1574 2879 189 54 957230;
1791 2882 236 54 Academy
2051 2883 52 45 of
2126 2883 198 54 political

400 2941 182 44 science.
652 2937 270 56 (26-27586)

330 3040 323 69 Neihardt,
692 3039 169 58 John
894 3037 368 70 Gneisenau,
1303 3041 189 56 1881-

405 3130 1918 77 Collected poems of John G. Neihardt … New York,
327 3212 128 59 The
487 3208 358 60 Macmillan
875 3227 323 55 company,
1229 3210 166 58 1926.

393 3288 709 51 2 v. front. (port.) 24½ cm .
397 3347 98 44 “Of
543 3345 89 46 this
679 3344 172 46 edition
900 3346 52 43 of
997 3343 217 46 collected
1262 3359 158 34 poems
1468 3344 88 44 five
1603 3345 203 47 hundred
1857 3347 149 51 copies
2052 3348 114 46 have
2212 3349 109 45 been

325 3403 192 50 printed,
546 3403 108 45 each
684 3402 159 50 signed
870 3404 60 48 by
958 3402 75 46 the
1062 3399 208 47 author.”

327 3455 53 54 ©
411 3458 117 43 Nov.
556 3457 68 50 23,
654 3455 129 52 1926;
813 3456 65 42 2c.
909 3454 108 44 each
1045 3456 86 42 and
1161 3455 79 43 aff.
1272 3456 118 42 Nov.
1420 3455 78 51 24;
1531 3455 44 42 A
1606 3454 190 54 957241;
1829 3456 264 45 Macmillan
2125 3475 65 27 co.
2267 3457 55 54 [©

395 3530 99 28 new
526 3515 86 42 and
645 3512 174 44 revised
851 3511 220 53 material]
1143 3511 270 54 (26-21770)

394 3612 1926 71 … The North eastern reporter, v. 151. Permanent ed.
471 3690 1848 76 … with key-number annotations. April 6-June 22,
404 3770 163 55 1926.
654 3768 89 58 St.
778 3767 178 73 Paul,
987 3769 179 56 West
1196 3768 363 73 publishing
1593 3789 103 53 co.,
1733 3772 165 55 1926.

393 3846 95 50 xiii,
523 3846 107 43 1012
659 3860 39 37 p.
758 3846 52 42 26
818 3849 47 17 cm
870 3881 9 8 .
948 3845 243 54 (National
1226 3854 205 43 reporter
1463 3845 356 53 system—State
1854 3846 162 55 series)

326 3900 53 54 ©
410 3903 117 52 Aug.
559 3903 64 45 26.
660 3903 129 52 1926;
819 3903 65 43 2c.
917 3904 108 42 Dec.
1055 3903 52 52 2;
1140 3904 78 42 aff.
1251 3904 117 43 Nov.
1400 3904 79 51 29;
1515 3904 42 42 A
1589 3903 189 54 958187;
1811 3906 135 44 West
1976 3906 100 52 pub.
2110 3921 65 29 co.
