2542 4285
1227 3949 110 57 206

307 318 189 73 Read,
533 319 152 73 Opie
721 319 302 74 Percival,
1062 324 187 56 1852-

444 410 1847 85 "Come on Buck”, by Opie Read … Chicago, The
306 489 372 57 Blackhawk
703 507 199 54 press,
932 489 136 71 inc.,
1098 492 165 59 1926.

374 566 511 52 2 p. l., 316 p. 19 cm .
305 618 53 53 ©
387 621 118 42 Mar.
541 622 31 48 1,
606 620 128 52 1926;
763 621 64 42 2c.
861 621 117 42 Mar.
1009 621 48 51 8;
1091 622 78 43 aff.
1201 623 118 42 Mar.
1352 623 48 51 6;
1432 624 44 41 A
1505 623 186 53 883528;
1728 625 277 45 Blackhawk
2033 641 140 37 press,
2206 628 82 42 inc.

383 675 240 56 (26-5826)

303 760 219 73 Reeve,
561 760 280 59 William
878 760 225 59 David.

380 851 60 56 A
477 851 352 71 diagnostic
866 851 186 71 study
1090 851 67 57 of
1195 852 103 57 the
1336 853 291 72 teaching
1662 854 312 70 problems
2013 855 65 56 in
2115 856 173 73 high-

305 927 1982 79 school mathematics, by William David Reeve … Boston,
304 1003 1446 77 New York [etc.] Ginn and company [ c 1926]
368 1095 41 36 v,
442 1079 77 44 117
547 1096 38 37 p.
617 1080 99 44 incl.
746 1080 128 50 illus.,
905 1080 156 53 tables,
1091 1080 182 53 diagrs.,
1303 1081 134 45 form.
1495 1082 50 43 21
1555 1085 48 18 cm
1608 1117 10 9 .

371 1136 348 53 Bibliography:
753 1150 38 38 p.
828 1135 204 45 114-117.

300 1190 53 53 ©
384 1193 99 51 Jan.
513 1194 65 50 29,
614 1192 128 51 1926;
775 1193 65 43 2c.
871 1192 105 44 Feb.
1011 1193 74 52 18;
1119 1194 77 42 aff.
1228 1191 107 46 Feb.
1372 1193 74 52 17;
1482 1194 43 42 A
1558 1193 187 53 879607;
1780 1196 73 43 W.
1888 1196 56 43 D.
1978 1196 161 50 Reeve,
2172 1197 115 44 New

370 1250 142 43 York.
580 1248 242 55 (26-5634)

299 1332 293 73 Robbins,
633 1334 237 72 Joseph
905 1333 59 58 H
1278 1336 189 58 1873-

377 1421 136 59 God
548 1423 124 56 and
709 1422 332 73 evolution,
1078 1423 84 71 by
1197 1423 61 58 J.
1296 1422 79 61 H.
1415 1423 307 72 Robbins;
1762 1426 326 70 expanded
2123 1427 165 58 from

298 1503 118 54 two
448 1519 278 38 sermons
754 1500 311 71 preached
1090 1500 65 56 in
1183 1502 105 56 the
1317 1501 176 57 First
1522 1501 254 72 Baptist
1806 1503 246 70 church,
2078 1504 211 58 White

298 1577 1923 76 Plains, N. Y., December 13, 1925, January 3, 1926 …
298 1655 1766 72 Franklin, N. H. Printed by Towne & Robie, c 1926.
367 1732 53 44 63
448 1747 39 38 p.
546 1732 53 44 20
607 1735 46 17 cm
659 1766 9 9 .

298 1787 53 53 ©
389 1788 105 45 Feb.
529 1788 67 52 27,
634 1788 129 53 1926;
801 1790 64 41 2c.
904 1789 87 43 and
1026 1790 78 42 aff.
1142 1790 120 43 Mar.
1299 1790 49 51 2;
1389 1790 43 42 A
1470 1789 187 54 886208;
1697 1792 41 51 J.
1775 1792 62 42 H.
1877 1791 214 52 Robbins,
2131 1792 155 45 White

367 1844 169 53 Plains,
575 1846 58 43 N.
673 1847 54 41 Y.
797 1844 244 55 (26-5917)

298 1928 318 74 [Sailland,
659 1929 280 58 Maurice
982 1930 302 74 Edmond]
1331 1933 188 57 1873-

441 2021 1842 72 … La France gastronomique; guide des merveilles
296 2099 331 57 culinaires
665 2102 62 53 et
757 2100 107 56 des
899 2099 232 57 bonnes
1170 2100 304 71 auberges
1509 2099 367 70 françaises.
1953 2101 85 55 Le
2076 2100 208 57 Maine

297 2180 61 53 et
383 2177 55 57 le
470 2177 251 56 Perche.
791 2176 204 71 Paris,
1029 2177 68 56 F.
1131 2177 209 73 Rouff,
1375 2178 164 55 1925.

358 2250 904 57 2 p. l., [7]-105, [2] p. illus. 16 cm .
362 2309 65 44 At
456 2309 112 44 head
597 2309 49 44 of
675 2309 122 43 title:
833 2309 270 53 Curnonsky
1131 2310 37 43 &
1197 2309 174 44 Marcel
1402 2310 154 43 Rouff.

291 2363 1740 56 © Dec. 10, 1925; 1c. Mar. 3, 1926; A—Foreign 30331; F. Rouff.
294 2449 212 71 Small,
547 2449 256 58 Charles
839 2451 86 72 P.,
963 2452 90 58 ed.

438 2539 1842 74 … The eye, ear, nose and throat, ed. by Charles P.
296 2618 1919 72 Small … Albert H. Andrews … George E. Shambaugh …
294 2695 288 73 Chicago,
618 2697 126 56 The
775 2696 171 57 Year
975 2697 158 56 book
1160 2696 357 71 publishers
1553 2697 178 73 [1925]

288 2770 1971 111 496 p. col. fronts., illus., plates (part double) diagrs. 19 cm . (The practical medicine series …: v. 3 … Series 1925)
288 2883 56 53 ©
380 2886 108 43 Dec.
524 2886 63 50 21,
627 2885 130 53 1925;
794 2887 63 42 2c.
892 2887 87 42 and
1012 2887 78 43 aff.
1128 2886 118 43 Mar.
1287 2886 63 51 19,
1388 2885 129 52 1926;
1554 2885 44 43 A
1634 2883 187 54 879899;
1859 2886 123 42 Year
2017 2886 119 43 book
357 2887 1901 99 publishers.

291 3025 222 72 Smith,
555 3027 213 57 James
811 3026 262 71 Thorne,
1116 3028 189 57 1893-

370 3120 281 70 Topper:
693 3139 81 38 an
813 3117 387 74 improbable
1243 3119 362 73 adventure,
1645 3120 84 72 by
1767 3119 248 59 Thorne
2060 3116 201 62 Smith

291 3198 150 57 New
468 3198 187 71 York,
686 3198 71 56 R.
791 3198 81 57 M.
904 3198 295 58 McBride
1227 3198 48 57 &
1302 3215 323 54 company,
1653 3198 166 56 1926.

360 3274 539 53 5 p. l., 292 p. 19½c m .
287 3328 53 53 ©
374 3329 104 44 Feb.
512 3330 64 51 20,
614 3328 129 52 1926;
778 3330 63 42 2c.
876 3328 105 45 Feb.
1015 3329 78 52 27;
1129 3330 79 43 aff.
1242 3328 106 45 Feb.
1381 3328 76 53 26;
1494 3329 43 42 A
1573 3328 188 53 879717;
1799 3330 39 51 J.
1872 3328 53 43 T.
1964 3327 159 52 Smith,
2161 3328 116 43 New

358 3387 143 42 York.
570 3385 242 54 (26-5828)

290 3469 158 58 Sons
483 3469 65 57 of
578 3468 104 58 the
714 3469 367 70 revolution,
1113 3471 151 56 New
1300 3470 187 56 York.

434 3558 1841 60 … Year book of the Sons of the revolution in the state
290 3637 67 57 of
380 3638 153 56 New
554 3637 189 72 York,
774 3637 362 72 containing
1158 3639 107 55 the
1287 3655 213 38 names
1529 3637 67 55 of
1624 3636 82 56 all
1730 3636 306 56 members
2067 3654 78 37 on
2172 3634 104 58 the

288 3716 117 56 roll
436 3734 79 37 on
548 3713 268 59 October
847 3716 50 71 1,
933 3716 148 55 1924;
1144 3714 151 56 with
1328 3714 168 56 their
1526 3715 319 55 ancestors
1881 3713 122 56 and
287 3711 1964 152 revolutionary

581 3792 252 59 service.
919 3793 167 71 [New
1123 3792 187 72 York]
1360 3790 158 58 Sons
1564 3791 66 57 of
1670 3790 104 59 the
1818 3788 351 60 revolution
2210 3789 65 58 in

286 3870 103 58 the
425 3872 161 56 state
623 3869 67 58 of
722 3869 150 57 New
905 3869 189 73 York,
1131 3870 164 56 1925.
