2542 4285
1014 4030 148 61 1567

89 428 128 53 Van
244 428 193 63 Slyke,
466 428 225 54 Donald
718 430 241 61 Dexter,
990 432 169 49 1883-

219 517 1854 71 … Factors affecting the distribution of electrolytes, water,
88 599 113 51 and
238 616 159 50 gases
433 597 60 52 in
529 597 96 52 the
661 597 214 52 animal
909 595 180 69 body;
1129 596 239 52 lectures
1407 594 285 54 delivered
1730 600 60 47 at
1825 595 249 68 Rutgers

89 674 317 68 university
447 675 181 52 under
670 673 96 54 the
808 673 219 53 Luther
1068 672 190 53 Laflin
1301 672 252 68 Kellogg
1596 671 360 61 foundation,
1999 672 76 67 by

88 749 1985 70 Donald D. Yan Slyke … Philadelphia and London, J. B.
88 830 336 68 Lippincott
456 847 278 50 company
770 861 13 34 [
788 834 18 22 c
811 830 134 50 1926
949 861 14 33 ]

158 927 80 47 vii,
275 927 55 39 62
366 938 43 36 p.
469 924 178 49 diagrs.
705 925 56 38 21
765 926 44 22 cm
814 956 9 8 .
892 923 352 48 (Monographs
1280 934 61 29 on
1376 922 352 49 experimental
1763 922 214 49 biology)

159 1010 375 48 Bibliography:
568 1020 43 37 p.
644 1008 157 41 60-62.

90 1088 53 53 ©
169 1093 102 41 Oct.
299 1092 38 47 8,
364 1092 140 40 1926;
532 1092 66 39 2c.
626 1091 96 39 and
750 1090 82 41 aff.
859 1091 112 40 Dec.
999 1090 26 39 8;
1079 1091 42 37 A
1148 1089 175 40 957509;
1379 1091 44 39 J.
1454 1091 54 39 B.
1538 1090 276 48 Lippincott
1844 1102 67 30 co.

170 1148 221 49 (27-996)

148 1259 197 47 Verney,
374 1243 64 52 F.
469 1242 67 52 E.

157 1331 1923 71 H. R. H., by F. E. Verney … New York, George H. Doran
88 1430 280 50 company
400 1444 13 34 [
417 1417 19 22 c
441 1413 150 64 1926]

159 1506 87 40 288
271 1517 44 36 p.
376 1505 163 48 front.,
566 1506 170 47 plates,
766 1507 149 46 ports.
977 1505 56 39 21
1037 1507 44 22 cm
1085 1537 9 9 .

91 1584 53 53 ©
172 1589 101 41 Oct.
300 1589 69 47 29,
398 1589 115 40 1926;
566 1589 68 40 2c.
660 1590 118 39 Nov.
805 1590 26 39 6;
886 1589 82 41 aff.
994 1590 118 40 Nov.
1139 1590 27 38 2;
1220 1589 44 39 A
1288 1588 173 41 950825;
1519 1590 181 47 George
1729 1591 60 39 H.
1818 1592 166 38 Doran
2012 1602 68 30 co.

170 1645 221 47 (27-665)

92 1738 238 63 Virkus,
359 1738 315 54 Frederick
701 1739 55 52 A
1065 1741 82 51 ed.

164 1830 122 53 The
337 1830 275 69 abridged
666 1831 397 67 compendium
1114 1829 64 53 of
1230 1829 307 54 American
1590 1833 312 68 genealogy;
1985 1834 95 51 the

94 1909 275 52 standard
417 1909 385 68 genealogical
849 1908 399 68 encyclopedia
1297 1908 63 53 of
1406 1910 96 51 the
1549 1909 123 53 first
1721 1909 248 54 families
2017 1910 63 53 of

94 1986 282 65 America,
409 1986 187 52 edited
627 1986 76 68 by
732 1986 311 52 Frederick
1071 1985 68 53 A.
1173 1986 231 53 Virkus.
1472 2006 48 33 v.
1554 1990 46 49 2.
1668 1986 269 71 Chicago,
1967 1989 113 67 Ill.,

94 2065 65 51 F.
188 2063 70 53 A.
288 2064 215 53 Virkus
533 2066 43 49 &
604 2082 297 50 company,
934 2067 149 49 1926.

162 2158 97 48 628,
290 2158 53 49 [9]
372 2169 43 37 p.
475 2158 127 40 illus.
631 2158 134 48 (incl.
791 2159 174 48 ports.)
1033 2159 57 40 26
1092 2161 45 21 cm
1141 2191 8 8 .

93 2236 53 53 ©
172 2242 112 40 Dec.
313 2241 69 47 24,
411 2241 139 47 1926;
581 2241 68 40 2c.
679 2242 95 39 and
803 2241 82 41 aff.
913 2243 113 39 Dec.
1056 2242 81 47 27;
1170 2242 41 39 A
1239 2241 200 49 958498;
1470 2243 52 40 F.
1552 2243 54 41 A.
1634 2243 194 48 Virkus,
1859 2244 224 42 Chicago.

98 2349 272 67 [Walshe,
402 2350 280 67 Douglas]
721 2354 170 48 1880-

163 2440 121 53 The
318 2459 133 34 man
485 2439 64 54 of
584 2440 102 54 her
721 2441 205 68 choice,
963 2441 75 69 by
1072 2442 262 53 William
1368 2443 217 69 Ashley
1627 2444 231 68 [pseud.]
91 2446 1967 140 London,
248 2519 241 53 Hodder
516 2521 111 51 and
658 2518 343 70 Stoughton,
1026 2520 224 53 limited
1284 2524 171 64 [1926]

165 2615 88 42 312
281 2626 45 38 p.
385 2614 56 42 19
443 2617 45 22 cm
491 2647 10 10 .

91 2694 1993 57 © 1c. Oct. 29, 1926; A ad int. 8666; pubd. Sept. 3; D. Walshe, Sutton,
163 2757 236 48 England.
469 2757 251 48 (27-1345)

92 2851 441 62 Wassermann,
565 2851 198 63 Jacob,
799 2850 172 55 1873-

161 2943 293 67 Wedlock,
502 2942 75 70 by
626 2942 180 54 Jacob
856 2943 432 68 Wassermann;
1344 2945 316 53 translated
1712 2945 77 69 by
1839 2947 248 68 Ludwig

91 3020 317 53 Lewisohn.
483 3020 139 53 New
651 3021 180 66 York,
860 3021 150 52 Boni
1041 3024 46 50 &
1116 3022 321 69 Liveright,
1469 3025 150 50 1926.

161 3114 88 40 344
275 3125 44 37 p.
407 3113 27 41 19½cm.

95 3178 53 53 ©
173 3184 118 40 Nov.
318 3183 69 48 20,
416 3183 140 48 1926;
586 3184 67 40 2c.
683 3185 118 40 Nov.
828 3185 83 43 26;
941 3185 82 40 aff.
1051 3186 118 40 Nov.
1197 3186 81 47 24;
1308 3186 42 39 A
1377 3185 200 49 957228;
1608 3188 123 39 Boni
1758 3189 36 39 &
1822 3188 263 50 Liveright,

163 3239 92 41 inc.
324 3240 280 48 (26-21300)

96 3333 194 62 Wells,
319 3333 154 53 John
506 3334 224 63 Edwin,
762 3335 173 53 1875-

165 3424 185 53 Third
386 3425 359 67 supplement
779 3432 59 47 to
874 3427 57 51 A
967 3428 233 51 manual
1237 3427 64 53 of
1335 3428 97 53 the
1469 3429 262 70 writings
1769 3431 60 52 in
1865 3433 225 53 Middle

95 3502 264 68 English,
387 3504 335 66 1050-1400;
753 3504 291 53 additions
1072 3505 113 53 and
1210 3505 418 55 modifications
1654 3513 59 47 to
1740 3509 168 68 June,
1937 3514 152 64 1926,

94 3580 1995 72 by John Edwin Wells … New Haven, Conn., The Connecticut
97 3657 269 68 academy
413 3657 64 52 of
523 3664 116 46 arts
687 3660 113 51 and
849 3659 258 68 sciences,
1157 3661 146 53 Yale
1352 3662 318 70 university
1720 3682 174 50 press,
1945 3666 143 52 salés

97 3739 187 63 agent,
312 3737 149 49 1926.

165 3827 729 50 2 p. l., [1161]-1247 p. 23 cm .
97 3905 53 53 ©
179 3911 113 40 Dec.
322 3911 69 48 29,
425 3912 139 48 1926;
598 3913 68 40 2c.
698 3915 96 38 and
826 3915 83 40 aff.
940 3916 112 40 Dec.
1084 3916 56 41 30;
1201 3918 40 38 A
1272 3918 199 49 957901;
1508 3920 315 42 Connecticut
1857 3923 232 48 academy

168 3966 52 42 of
246 3969 106 40 arts
378 3967 36 44 &
441 3968 224 43 sciences.
