2542 4285
1057 4019 147 56 1331

163 411 208 72 Black,
414 413 166 57 John
619 411 260 68 Donald,
925 413 186 57 1883-

236 501 430 58 Introduction
726 504 61 54 to
850 501 371 70 production
1282 501 357 69 economics,
1702 501 80 71 by
1840 500 168 59 John
2066 502 73 56 D.

159 577 1758 73 Black … New York, H. Holt and company [ c 1926]
225 671 91 51 xvi,
349 669 77 45 975
461 684 37 37 p.
559 669 113 43 illus.
700 667 176 54 (maps)
916 666 169 54 diagrs.
1144 668 54 41 22½
1233 669 46 17 cm
1286 703 8 8 .

229 735 1910 54 “This book has been developed … in connection with the first course in
157 796 249 44 economics
443 796 42 42 in
524 795 71 44 the
637 794 163 46 School
835 795 51 43 of
920 793 207 45 business
1166 793 85 43 and
1288 792 44 44 in
1367 793 75 44 the
1479 790 181 55 College
1696 792 50 44 of
1782 791 273 54 agriculture
2091 791 51 46 of

157 853 72 43 the
265 852 266 52 University
563 851 52 45 of
650 849 482 45 Minnesota.”—Pref.

227 907 327 54 “Suggestions
586 908 73 43 for
694 907 176 43 further
902 904 213 54 reading”
1146 914 45 35 at
1222 905 83 44 end
1336 904 51 45 of
1418 912 116 36 most
1568 904 48 44 of
1646 904 73 45 the
1751 905 223 52 chapters.

152 978 55 54 ©
242 980 100 44 Oct.
374 978 65 52 25,
478 978 126 52 1926;
640 979 64 42 2c.
737 979 86 42 and
857 977 78 43 aff.
971 977 118 43 Nov.
1127 977 74 51 10;
1237 975 44 42 A
1317 974 189 53 950882;
1543 975 161 52 Henry
1738 974 115 44 Holt
1888 975 37 44 &
1959 990 64 29 co.

230 1034 266 57 (26-20658)

156 1135 310 71 Bonnard,
503 1134 174 71 Abel,
718 1137 188 56 1883-

228 1224 194 84 Éloge
463 1236 72 57 de
574 1234 404 73 l’ignorance,
1019 1252 119 53 par
1174 1232 157 58 Abel
1371 1232 315 58 Bonnard.
1766 1232 205 70 Paris,
149 1233 1965 138 Hachette
381 1311 181 74 [1926]

219 1400 665 53 59, [1] p., 1 l. 17 × 13½cm .
150 1466 1843 57 © June 15, 1926; 1c. Sept. 7; A—Foreign 31809; Librairie Hachette.
226 1525 266 57 (26-20887)

150 1629 230 66 Bruun,
419 1626 266 57 Laurids
721 1624 352 68 Valdemar,
1116 1628 189 55 1864-

223 1718 141 56 Van
392 1718 269 56 Zantens
694 1720 257 67 eventyr;
1014 1716 228 56 fortalt
1273 1716 66 56 af
1372 1716 268 57 Laurids
1672 1717 235 56 Bruun.
146 1716 1921 151 Kjøbenhavn,

485 1795 363 72 Gyldendal,
886 1793 274 58 Nordisk
1192 1793 228 73 forlag,
1457 1795 165 56 1926.

217 1885 75 44 147
324 1901 39 36 p.
421 1886 55 43 20
482 1888 46 18 cm
535 1920 9 9 .

216 1943 202 52 “Oplag:
456 1942 106 44 1500
596 1942 342 52 eksemplarer.”

146 1997 1987 56 © Oct. 23, 1926; 1c. Nov. 15; A—Foreign 32178; Gyldendalske boghandel,
217 2057 205 45 Nordisk
458 2056 161 53 forlag.

150 2157 355 67 Buchanan,
545 2156 269 58 Herbert
853 2154 201 71 Earle,
1097 2159 188 56 1881-

225 2247 1909 73 Plane trigonometry, by Herbert E. Buchanan … and
148 2325 1987 74 Pauline Sperry … Richmond, Va., Johnson publishing
149 2422 305 53 company
485 2404 201 74 [c1926]

218 2479 1914 56 xi p., 1 l., 116, 112 p. incl. tables, diagrs. 24 cm . (Half-title: Johnson’s
149 2537 310 44 mathematics
488 2537 148 53 series,
662 2539 141 43 under
830 2538 75 44 the
934 2537 248 54 editorship
1207 2537 55 46 of
1292 2538 48 44 L.
1369 2538 75 45 W.
1476 2537 240 55 Dowling)

217 2594 1865 55 “Logarithmic and trigonometric tables, edited by Herbert E. Buchanan …
147 2655 87 42 and
263 2653 186 42 Pauline
480 2651 193 54 Sperry”
702 2653 80 43 has
812 2653 166 52 special
1005 2660 95 46 t.-p.
1137 2652 106 56 (112
1272 2667 39 38 p.
1339 2660 46 37 at
1413 2653 111 52 end)

143 2706 52 55 ©
226 2710 117 43 Nov.
376 2708 37 54 5,
446 2710 127 52 1926;
603 2711 66 42 2c.
699 2711 86 42 and
813 2710 79 45 aff.
924 2711 118 43 Nov.
1071 2711 50 52 8;
1154 2711 44 42 A
1228 2710 190 53 957011;
1449 2711 202 53 Johnson
1683 2710 100 53 pub.
1814 2726 66 29 co.

219 2764 268 57 (26-20752)

148 2863 221 72 Gatlin,
412 2866 266 59 Warren
717 2866 347 73 Benjamin,
1109 2871 189 57 1881-

219 2957 127 60 The
395 2956 177 61 labor
619 2959 279 72 problem
948 2959 65 58 in
1063 2962 103 58 the
1214 2960 236 60 United
1501 2961 210 60 States
1763 2963 123 57 and
1937 2962 190 58 Great

140 3035 1960 152 Britain, by Warren B. Catlin … New York and London, Harper
590 3115 47 58 &
663 3116 308 72 brothers,
1002 3116 165 58 1926.

245 3227 9 14 x,
283 3192 81 47 659
392 3207 41 36 p.
492 3191 144 53 diagr.
694 3194 56 43 22
756 3197 47 18 cm
808 3231 10 10 .

211 3249 384 50 Bibliographical
630 3250 268 45 foot-notes.

141 3301 52 53 ©
225 3303 117 43 Nov.
375 3301 63 53 15,
474 3303 128 51 1926;
635 3304 63 42 2c.
732 3303 117 44 Nov.
886 3303 74 53 10;
994 3304 79 44 aff.
1105 3304 118 43 Nov.
1262 3303 73 52 17;
1369 3305 42 41 A
1445 3303 188 53 950972;
1668 3306 184 52 Harper
1884 3306 37 44 &
1953 3306 118 44 bros.

218 3359 267 55 (26-20876)

143 3458 451 72 Chamberlain,
635 3460 211 57 James
886 3460 319 69 Franklin,
1248 3464 187 55 1869-

220 3550 197 58 South
442 3551 289 57 America;
794 3573 33 36 a
858 3554 513 70 supplementary
1397 3555 379 73 geography,
1801 3556 84 71 by
1911 3557 216 57 James

139 3627 1964 136 Franklin Chamberlain … and Arthur Henry Chamberlain
370 3706 1569 76 … New York, The Macmillan company, 1926.
211 3782 60 52 ix,
307 3783 80 43 203
426 3797 38 37 p.
533 3783 151 51 front.,
722 3783 130 51 illus.,
890 3799 137 37 maps.
1100 3785 49 42 19
1156 3788 46 16 cm
1209 3820 7 8 .
1286 3786 266 53 (Half-title:
1615 3786 96 45 The
1752 3788 250 45 continents
2041 3792 87 42 and

137 3839 118 43 their
283 3839 181 53 people)

140 3894 52 55 ©
220 3897 101 44 Oct.
346 3896 66 52 26,
444 3898 126 51 1926;
599 3898 62 43 2c.
689 3899 86 43 and
802 3899 78 43 aff.
910 3900 99 43 Oct.
1037 3899 78 52 27;
1145 3900 44 42 A
1216 3900 187 53 949770;
1434 3901 263 45 Macmillan
1725 3918 65 29 co.

217 3952 268 56 (26-20775)
