2542 4285
1436 3974 112 56 390'

477 368 167 71 Fish,
684 368 272 58 Herbert
995 367 170 74 Clay.

552 459 57 57 A
633 458 168 59 brief
826 459 246 72 history
1099 460 68 56 of
1193 460 201 56 North
1422 459 264 71 Dakota,
1713 460 84 71 by
1823 460 277 56 Herbert
2129 458 156 73 Clay
2310 458 154 58 Fish

543 535 1675 74 … and R. M. Black … New York, Cincinnati [etc.]
479 536 1962 136 American
638 615 159 57 book
824 632 304 53 company
1157 644 12 42 [
1170 623 19 21 c
1194 614 163 73 1926]

545 721 43 33 x,
617 706 93 52 243,
739 704 208 44 xi-xxvii
979 720 39 38 p.
1079 704 129 51 illus.,
1237 704 162 44 double
1430 718 115 38 map.
1609 706 48 43 19
1664 707 15 17 cm
1717 740 8 9 .

548 774 163 47 “Some
740 775 172 53 helpful
943 775 195 48 books,”:
1171 790 39 38 p.
1320 791 10 35 XV;
1366 775 326 44 “References”
1725 782 47 38 at
1804 776 82 44 end
1917 775 51 45 of
1999 783 117 36 most
2147 775 50 44 of
2229 774 74 44 the
476 773 1970 103 chapters.

473 901 55 54 ©
559 904 110 51 Apr.
708 904 60 46 13,
808 903 128 51 1926;
971 903 62 42 2c.
1068 903 85 42 and
1187 903 77 42 aff.
1297 903 111 51 Apr.
1447 903 73 51 16;
1554 903 43 41 A
1632 903 187 51 890364;
1855 902 246 43 American
2133 902 119 44 book
2285 917 64 27 co.

553 958 242 55 (26-8762)

477 1059 318 69 Freeman,
834 1057 278 59 Richard
1146 1056 247 58 Austin.

554 1150 126 56 The
712 1149 331 71 D’Arblay
1070 1152 283 67 mystery.
1443 1149 174 70 chap.
1652 1150 125 54 1-6.
1864 1152 86 69 [11
1983 1148 412 75 instalments]

568 1244 59 38 (In
661 1240 334 42 Westminster
1031 1239 207 51 gazette)

474 1306 1990 55 © 1c. each May 13, 1926; A ad int. 8173; pubd. Mar. 19, 20, 22-27, 29-31;
547 1367 53 42 R.
642 1367 56 42 A.
739 1365 233 50 Freeman,
1014 1364 199 43 London.

660 1449 1343 75 The D’Arblay mystery. [Chap. 6 (contd.)]-12. [12 instalments]
569 1546 59 38 (In
662 1542 334 42 Westminster
1032 1541 207 51 gazette)

477 1609 1989 55 © 1c. each May 26, 1926; A ad int. 8217; pubd. Apr. 1, 3, 5-10, 12-15;
547 1669 53 41 R.
634 1669 57 40 A.
726 1666 234 50 Freeman,
994 1666 201 43 London.

483 1751 201 71 Gates,
722 1749 336 60 Granville.

559 1843 127 57 The
713 1842 379 56 mechanism
1124 1843 122 56 and
1263 1841 294 72 meaning
1575 1842 66 56 of
1658 1841 143 71 life;
1835 1842 280 72 showing
2127 1842 138 57 how
2284 1844 187 57 death

483 1921 52 56 is
562 1920 387 70 humanity’s
980 1918 187 58 crime
1197 1918 252 73 against
1473 1918 102 58 the
1604 1919 365 72 individual,
2000 1921 123 56 and
2150 1920 324 74 involving

483 1997 312 57 evolution
841 1998 123 56 and
1007 1997 102 56 the
1156 1996 394 57 immaculate
1597 1997 379 72 conception,
2023 1998 82 71 by
2152 1998 318 58 Granville

483 2075 208 72 Gates,
829 2120 10 10 PH.
925 2120 31 24 B.,
996 2074 151 56 with
1191 2074 102 57 the
1337 2073 447 58 collaboration
1828 2075 67 57 of
1937 2075 180 57 Anne
2157 2075 312 58 Williams

483 2153 208 57 Gates.
775 2152 152 57 New
955 2151 188 72 York,
1178 2152 68 55 F.
1281 2151 78 57 H.
1394 2151 357 72 Hitchcock,
1787 2153 164 56 1925.

549 2243 24 43 3
603 2257 39 38 p.
670 2240 39 55 1,
740 2240 108 45 5-59
874 2256 41 38 p.
978 2241 146 45 19½cm.

480 2311 52 53 ©
566 2313 107 42 Dec.
706 2312 65 50 28,
811 2310 130 53 1925;
975 2311 63 42 2c.
1074 2312 86 42 and
1193 2311 79 42 aff.
1308 2311 111 51 Apr.
1456 2311 39 50 8,
1534 2311 128 51 1926;
1700 2312 43 41 A
1781 2312 187 51 883928;
2009 2311 50 44 G.
2096 2312 137 44 Gates
2269 2312 39 44 &
2342 2313 129 43 Anne

548 2368 227 44 Williams
811 2368 147 49 Gates,
992 2366 244 53 Brooklyn.
1306 2366 242 54 (26-8748)

481 2451 169 72 Gide,
685 2451 214 59 Andre
935 2450 159 57 Paul
1128 2449 366 73 Guillaume,
1534 2453 186 55 1869-

623 2540 1327 74 … Isabelle. Berlin, I. M. Spaeth, 1926.
551 2618 552 54 164, [1] p. 19 × 11 cm .
550 2689 64 42 At
643 2688 113 43 head
786 2688 51 42 of
865 2687 121 43 title:
1020 2688 129 42 André
1204 2687 127 44 Gide.

552 2759 104 41 “Ins
689 2756 212 44 deutsche
966 2757 242 51 übertragen
1240 2771 88 28 von
1362 2755 125 43 Fritz
1523 2756 223 43 Donath.”

482 2825 1990 58 © Dec. 9, 1925; 1c. Mar. 9, 1926; A—Foreign 30513; J. M. Spaeth, verlag.
559 2881 241 56 (26-9217)

486 2966 231 70 Griffin,
752 2966 330 57 Lawrence
1119 2966 335 71 Edmonds,
1493 2969 187 56 1874-

547 3060 59 56 A
631 3058 184 74 guide
841 3060 103 57 for
970 3058 102 59 the
1101 3057 338 59 dissection
1466 3061 68 57 of
1559 3060 102 57 the
1691 3059 242 73 dogfish
1970 3061 17 71 (
1998 3061 271 73 Squalus

491 3085 1960 122 acanthias,
700 3136 272 72 Squalus
999 3134 237 73 sucklii,
1265 3157 70 38 or
1360 3136 309 59 Mustelus
1697 3136 199 73 canis)
1933 3141 82 71 by
2042 3141 332 59 Lawrence
2402 3143 70 55 E.

489 3213 1375 74 Griffin … 4th ed. Portland, Or., 1925.
555 3293 270 50 cover-title,
858 3291 52 43 32
941 3306 40 36 p.
1040 3290 53 46 25
1101 3293 47 17 cm
1154 3328 9 8 .

484 3346 53 53 ©
571 3348 108 43 Dec.
714 3347 66 48 31,
820 3344 127 52 1925;
981 3346 65 42 2c.
1081 3345 111 51 Apr.
1230 3343 36 53 5,
1304 3345 128 52 1926;
1469 3346 78 42 aff.
1584 3346 111 51 Apr.
1733 3347 48 52 3;
1818 3348 43 41 A
1896 3346 189 54 889561;
2125 3350 48 42 L.
2211 3349 52 47 E.
2302 3350 172 53 Griffin,

554 3402 233 53 Portland,
832 3402 80 44 Or.
981 3400 242 54 (26-8717)

489 3487 216 72 Grove,
748 3485 260 58 Harriet
1045 3486 188 72 Pyne.

566 3575 1905 73 The courage of Ann, by Harriet Pyne Grove … New
494 3654 183 69 York,
700 3653 77 56 A.
800 3654 68 55 L.
894 3652 164 58 Burt
1083 3672 305 52 company
1414 3683 13 42 [
1429 3661 20 24 c
1452 3654 164 72 1926]

558 3730 77 43 241
662 3744 41 38 p.
766 3729 142 43 front.
971 3729 146 43 19½cm.
1212 3732 101 42 (Her
1339 3732 107 41 Ann
1477 3730 206 54 Sterling
1709 3733 167 51 series)

484 3784 54 53 ©
562 3787 111 50 Apr.
699 3787 36 48 9,
766 3787 128 51 1926;
921 3787 64 43 2c.
1009 3788 86 42 and
1120 3788 77 42 aff.
1226 3788 110 51 Apr.
1368 3789 72 50 14;
1470 3789 43 41 A
1539 3790 188 52 890339;
1755 3792 56 41 A.
1841 3792 48 42 L.
1918 3792 112 43 Burt
2057 3806 64 29 co.

562 3842 242 54 (26-8616)
