2542 4285
1064 3964 110 54 469

139 433 1983 75 dices by Barry Mohun … [Washington, D. C., Press of
139 515 69 55 B.
248 513 60 58 S.
343 513 254 71 Adams,
633 521 18 21 c
655 513 162 70 1926]

207 603 111 52 xxii,
349 602 81 43 226
459 617 38 37 p.
529 601 98 44 incl.
661 601 155 44 forms.
876 602 52 41 22½
963 602 46 18 cm
1016 635 8 9 .

132 671 55 53 ©
217 674 110 51 Apr.
355 672 66 50 26,
457 671 126 51 1926;
617 672 64 41 2c.
713 671 85 42 and
830 672 78 41 aff.
940 672 111 50 Apr.
1085 669 77 52 27;
1198 672 43 40 A
1273 671 187 52 891204;
1497 672 49 42 B.
1582 672 186 52 Mohun,
1802 673 316 51 Washington.

212 727 239 55 (26-9660)

134 826 384 70 Moorhouse,
564 824 270 57 Herbert
875 825 253 71 Joseph.

211 918 127 54 The
386 916 220 71 golden
655 916 237 70 scarab,
940 916 81 70 by
1069 915 273 57 Herbert
1390 916 286 71 Hopkins
1726 917 393 57 Moorhouse.

134 994 172 70 chap.
342 995 34 54 8
416 992 401 72 (contd.)-13.

204 1070 79 45 (In
317 1071 236 40 McLean’s
588 1070 263 50 magazine)

131 1122 1986 57 © 1c. Apr. 12, 1926; A ad int. 8049; pubd. Feb. 15; Herbert Hopkins
202 1179 288 53 Moorhouse,
524 1180 255 52 Winnipeg,
818 1179 194 44 Canada.
1929 1187 108 38 3194

314 1279 412 70 The golden scarab, by Herbert Hopkins Moorhouse. chap. 14-17.
203 1369 79 51 (In
313 1371 235 40 McLean’s
578 1369 265 53 magazine)

127 1423 1971 109 © 1c. Apr. 27, 1926; A ad int. 8098; pubd. Mar. 1; Herbert Hopkins Moorhouse, Winnipeg, Canada.
134 1578 278 73 Mueller,
450 1579 230 57 Alfred
716 1579 155 71 Don,
915 1580 188 56 1893-

133 1669 1959 135 … Progressive trends in rural education; an interpretative discussion
748 1746 65 57 of
849 1765 166 38 some
1050 1746 67 57 of
1150 1746 103 56 the
1285 1747 138 56 best
1455 1746 354 59 tendencies
1843 1748 66 56 in
1944 1749 173 57 rural

134 1823 1981 75 education, by A. H. Mueller … New York and London,
129 1902 128 58 The
288 1900 277 72 Century
594 1921 84 37 co.
715 1931 12 42 [
730 1909 18 22 c
753 1903 163 71 1926]

202 1980 145 51 xxxii,
381 1980 79 43 363
491 1996 38 37 p.
590 1980 116 43 illus.
733 1979 163 53 (maps,
928 1979 151 53 plans)
1121 1979 180 52 diagrs.,
1332 1979 97 44 fold
1460 1980 132 44 form.
1651 1981 50 42 21
1710 1982 46 17 cm
1765 2015 9 9 .
1842 1980 125 54 (The
130 1981 1962 109 Century
260 2038 233 43 education
523 2036 163 52 series)
809 2034 123 52 $2.00

202 2092 232 46 “Selected
461 2092 278 44 references”:
791 2108 39 37 p.
858 2091 258 43 xxv-xxxii;
1174 2091 325 44 “References”
1525 2101 45 35 at
1596 2094 82 42 end
1704 2093 51 44 of
1781 2093 107 44 each
1916 2094 197 53 chapter.

126 2146 55 54 ©
212 2150 111 50 Apr.
357 2148 38 52 9,
430 2148 127 52 1926;
591 2148 64 42 2c.
688 2147 111 52 Apr.
838 2149 72 49 14;
945 2148 79 42 aff.
1059 2147 110 52 Apr.
1208 2148 73 50 13;
1318 2148 43 41 A
1394 2148 188 50 891008;
1622 2148 197 54 Century
1853 2165 64 27 co.

206 2203 240 56 (26-9618)

129 2303 298 70 Neuman,
472 2302 166 57 Fred
680 2301 144 72 Gus,
870 2303 187 56 1893-

211 2396 129 57 The
382 2398 175 69 story
597 2397 67 55 of
702 2392 177 59 Irvin
922 2395 59 57 S.
1029 2393 198 72 Cobb;
1269 2414 36 37 a
1349 2395 210 57 sketch
1602 2397 66 56 of
1705 2395 98 59 his
1843 2393 111 60 life
1997 2400 122 55 and

134 2472 1985 73 achievements, by Fred G. Neuman … Paducah, Ky.,
132 2552 223 71 Young
383 2548 284 75 printing
696 2567 321 53 company,
1049 2549 164 56 1926.

200 2625 1205 55 4 p. l., 13-80 p. front. (port.) 1 illus. 23½ cm .
200 2687 74 42 An
304 2685 211 51 enlarged
544 2682 167 46 edition
741 2685 52 44 of
821 2682 75 48 the
925 2684 202 44 author’s
1158 2682 126 45 Irvin
1316 2683 45 47 S.
1393 2683 142 51 Cobb,
1564 2683 239 48 published
1834 2684 117 45 1924.

125 2739 53 53 ©
206 2742 110 50 Apr.
344 2740 65 50 23,
444 2739 105 42 1926;
602 2739 64 43 2c.
697 2739 86 42 and
812 2739 77 42 aff.
919 2740 112 50 Apr.
1058 2738 80 51 26;
1171 2739 43 40 A
1244 2737 188 52 890481;
1466 2737 49 44 F.
1592 2773 8 8 G.
1634 2739 223 51 Neuman,
1889 2739 228 51 Paducah,

196 2797 88 51 Ky.
353 2795 239 54 (26-9641)

126 2892 1988 227 New York digest, all New York cases reported from October 3, 1922, to September 7, 1925 … Ed. by the editorial staff of the American digest system, v. 14. St.
202 3127 176 71 Paul,
416 3126 181 57 West
630 3125 364 71 publishing
1031 3144 106 53 co.,
1181 3126 165 55 1926.

194 3203 57 50 iii,
288 3203 104 42 1242
420 3216 39 39 p.
518 3201 54 43 26
577 3204 46 18 cm
630 3236 10 10 .

123 3257 54 53 ©
204 3259 106 43 Feb.
343 3259 62 51 13,
436 3258 125 51 1926;
590 3258 63 43 2c.
681 3258 112 51 May
817 3258 49 50 8;
895 3257 78 42 aff.
1005 3258 111 51 May
1143 3255 23 44 7;
1222 3257 43 41 A
1291 3257 189 51 891329;
1511 3257 130 43 West
1669 3257 101 51 pub.
1799 3272 64 27 co.

126 3355 302 69 Prentice,
471 3355 257 58 Charles
765 3353 353 70 Frederick,
1160 3356 189 57 1854-

205 3447 330 72 Legalized
576 3449 356 69 optometry
972 3448 122 55 and
1135 3446 103 57 the
1277 3445 293 58 memoirs
1613 3446 67 57 of
1716 3446 84 57 its
1843 3446 269 57 founder

133 3522 1978 77 [by] Charles F. Prentice … Seattle, Wash., Casperin
127 3603 289 58 Fletcher
438 3621 182 53 press
650 3632 12 42 [
665 3610 18 22 c
687 3603 163 71 1926]

194 3682 647 53 416 p. pl., ports. 19 ½ cm .
202 3738 268 44 “Memorial
508 3737 181 52 edition,
727 3738 171 42 limited
938 3745 45 36 to
1021 3736 81 44 200
1142 3736 147 53 copies
1331 3735 73 44 for
1442 3734 292 45 distribution
1774 3750 164 38 among
1977 3736 135 43 select

127 3794 316 45 subscribers.”

125 3848 52 54 ©
216 3852 110 50 Apr.
368 3849 61 51 10,
471 3849 128 50 1926;
637 3849 62 42 2c.
740 3850 110 51 Apr.
887 3847 77 53 27;
1005 3849 78 42 aff.
1124 3850 111 49 Apr.
1272 3848 78 50 26;
1392 3847 44 42 A
1475 3847 187 51 890499;
1707 3846 48 45 C.
1796 3846 48 44 F.
1888 3847 223 52 Prentice,

198 3906 181 42 Seattle.
453 3904 240 44 (26-9788)
