2542 4285
0 0 0 0 784
429 317 289 70 Howard,
763 318 256 58 Charles
1060 318 76 57 H.

509 409 253 75 Design,
790 412 82 71 by
902 410 259 60 Charles
1190 412 76 56 H.
1296 410 293 59 Howard.
1672 411 276 73 Pelham,
1977 412 72 57 N.
2078 414 93 72 Y.,
432 414 1966 134 Bridgman
607 486 353 75 publishers
998 518 14 43 [
1012 497 20 21 c
1035 488 148 58 1926]

508 569 18 42 1
553 580 40 37 p.
639 601 23 15 l.,
690 564 104 46 5-61
824 580 40 36 p.
924 564 118 45 illus.
1101 566 51 42 21½
1190 568 46 17 cm
1243 602 9 8 .

434 618 52 53 ©
514 620 97 51 Jan.
644 617 59 49 15,
740 619 126 51 1926;
896 619 66 42 2c.
993 620 114 51 June
1136 620 48 51 8;
1218 620 76 42 aff.
1328 621 113 50 June
1471 620 77 51 26;
1581 621 44 41 A
1655 620 188 53 901063;
1878 620 249 53 Bridgman
2156 622 262 52 publishers.

512 674 268 55 (26-13531)

430 774 412 72 Huntington,
888 773 352 70 Ellsworth,
1287 777 186 56 1876-

509 865 1916 75 Business geography, by Ellsworth Huntington … and
433 942 1993 73 Frank E. Williams … with the coöperation of Robert
434 1020 1991 75 M. Brown … Lenox E. Chase … 2d ed., rewritten, total
432 1098 186 70 issue,
668 1101 449 68 twenty-seven
1164 1098 327 57 thousand.
1582 1098 149 57 New
1776 1099 189 72 York,
2014 1099 61 58 J.
2125 1099 208 73 Wiley
2380 1099 48 58 &

436 1196 162 52 sons,
639 1176 114 57 inc.;
831 1176 276 69 London,
1151 1175 324 71 Chapman
1514 1175 48 58 &
1602 1175 164 72 Hall,
1808 1176 258 62 limited,
2108 1178 164 61 1926.

505 1253 88 50 xvi,
628 1254 80 43 616
741 1269 37 37 p.
815 1253 98 43 incl.
950 1254 153 51 front.,
1137 1253 112 43 illus.
1295 1253 178 53 (maps)
1514 1254 154 45 tables,
1703 1254 166 51 diagrs.
1931 1254 53 42 23½
2020 1256 46 17 cm
2074 1290 7 8 .

433 1309 53 53 ©
525 1311 113 51 June
681 1312 33 49 1,
759 1311 125 50 1926;
926 1311 63 41 2c.
1030 1310 86 42 and
1157 1311 78 41 aff.
1306 1325 83 27 June
1434 1310 72 51 16;
1552 1309 42 43 A
1634 1308 189 53 897410;
1866 1309 51 47 E.
1961 1310 302 52 Huntington,
2307 1311 116 43 New

504 1368 174 43 Haven.
748 1365 268 55 (26-13527)

430 1466 196 68 Hurd,
672 1466 213 73 Harry
925 1464 265 59 Elmore.

511 1554 362 63 Mountains
913 1557 48 57 &
997 1556 338 73 molehills;
1381 1576 215 52 essays
1637 1561 123 56 and
1799 1576 212 55 poems
2057 1559 111 72 [by]
2212 1558 217 70 Harry

434 1638 253 57 Elmore
714 1637 201 56 Hurd.
997 1637 256 70 Boston,
1284 1637 71 54 R.
1386 1636 69 58 G.
1483 1637 252 70 Badger
1767 1667 12 42 [
1782 1645 18 21 c
1803 1637 165 71 1926]

505 1711 638 55 2 p. l ., [3]-163 p. 20½c m .
766 1769 166 46 CONTENTS.—The
965 1772 98 44 lure
1094 1771 53 44 of
1181 1770 73 44 the
1286 1768 157 45 White
1481 1767 381 46 Mountains.—A
1901 1768 149 44 forest
2083 1766 345 47 reservation.—

434 1830 42 41 A
500 1828 156 43 flower
678 1825 446 52 garden.—Flowers
1147 1824 159 52 picked
1328 1825 45 43 in
1395 1826 322 44 “Possessions
1741 1826 50 45 of
1815 1842 24 28 a
1864 1826 84 51 sky
1968 1824 256 53 pilot”.—A
435 1826 1975 103 zoological
552 1884 407 52 garden.—Beasts
993 1884 88 43 and
1112 1882 124 45 birds
1269 1883 218 50 captured
1518 1884 45 43 in
1599 1882 323 46 “Possessions
1956 1883 52 43 of
2042 1898 24 28 a
2103 1883 83 51 sky
2220 1881 210 52 pilot”.—

436 1942 43 42 A
506 1941 112 50 strip
645 1941 51 42 of
720 1939 330 44 seashore.—A
1079 1940 128 44 small
1237 1948 122 34 town
1397 1937 217 53 (perhaps
1643 1938 433 52 Goshen—perhaps
2110 1940 229 47 Sunapee)

434 1993 52 53 ©
518 1996 114 51 June
664 1994 63 46 30,
765 1993 127 51 1926;
926 1993 64 43 2c.
1023 1992 105 52 July
1165 1993 72 50 12;
1274 1993 76 42 aff.
1385 1993 106 52 July
1524 1993 49 51 9;
1611 1993 42 42 A
1687 1992 188 53 897402;
1913 1991 198 46 Richard
2148 1992 50 45 G.
2234 1994 190 51 Badger.

513 2049 268 56 (26-13539)

433 2150 227 71 Imans,
696 2149 232 58 Pierre.

514 2242 128 55 The
670 2260 139 36 wax
839 2241 236 57 models
1109 2241 122 56 and
1264 2242 102 54 art
1395 2241 409 71 mannequins
1840 2241 67 57 of
1940 2242 219 56 Pierre
2195 2242 228 57 Imans.

438 2318 201 76 [Girls]

503 2396 65 51 39,
603 2397 52 52 [1]
692 2409 39 37 p.
793 2394 114 43 illus.
969 2395 50 43 31
1030 2397 46 18 cm
1083 2429 8 8 .

506 2452 71 44 On
610 2466 134 28 cover
760 2467 7 27 :
808 2452 156 42 Pierre
999 2450 164 44 Imans’
1197 2467 104 28 wax
1334 2451 183 53 figures.

435 2506 1851 55 © 1c. Aug. 26, 1926; A ad int. 8474; pubd. July 1; P. Imans, Paris.
431 2622 168 58 John
629 2621 175 58 Fritz
834 2621 223 58 medal.
1128 2624 212 57 Board
1376 2623 67 72 of
1475 2624 229 57 award.

512 2715 443 59 Presentation
989 2716 66 59 of
1088 2715 105 59 the
1226 2714 173 60 John
1429 2714 177 59 Fritz
1640 2715 147 74 gold
1816 2716 207 58 medal
2055 2720 63 55 to
2153 2715 275 61 Edward

435 2792 176 59 Dean
632 2792 240 59 Adams
895 2795 82 69 by
1000 2793 102 58 the
1126 2792 170 58 John
1318 2790 177 60 Fritz
1515 2792 207 59 medal
1742 2793 199 59 board
1966 2796 67 57 of
2056 2792 213 60 award
435 2812 1969 131 representing
785 2871 105 58 the
921 2868 337 59 American
1292 2868 236 74 society
1560 2872 68 57 of
1657 2867 146 62 civil
1833 2868 347 75 engineers,
434 2870 1970 135 American
626 2945 289 60 institute
975 2948 66 57 of
1094 2945 240 73 mining
1390 2947 123 59 and
1569 2945 459 75 metallurgical
2084 2946 344 73 engineers.

433 3023 335 61 American
805 3023 236 74 society
1074 3027 67 57 of
1173 3023 381 60 mechanical
1592 3025 342 73 engineers,
1971 3023 330 60 American
437 3024 1964 137 institute
711 3104 68 57 of
837 3102 309 59 electrical
1205 3100 345 74 engineers,
1608 3102 219 57 March
1884 3103 89 68 30,
2032 3102 165 57 1926.
2279 3102 150 56 New

434 3180 189 72 York,
654 3178 171 58 Priv.
859 3176 211 76 print.,
1105 3178 165 58 1926.

510 3253 1494 55 12 p. l ., [21]–101, [1] p. front. (port.) pl., facsim. 24 cm .
436 3309 53 54 ©
513 3312 113 51 June
649 3311 65 50 21,
744 3311 104 43 1926;
898 3311 64 42 2c.
986 3311 115 52 June
1123 3309 54 44 23;
1230 3311 76 42 aff.
1332 3311 114 52 June
1471 3311 53 42 24;
1576 3311 42 42 A
1642 3309 164 46 897353;
1861 3310 199 47 Edward
2087 3312 127 43 Dean
2241 3312 186 43 Adams,

505 3367 117 45 New
660 3368 143 44 York.
872 3365 269 56 (26-13542)

429 3453 206 69 Jones,
680 3451 210 60 David
928 3452 207 73 Louis,
1180 3456 189 56 1891-

511 3544 208 57 Diesel
776 3543 273 72 engines,
1104 3543 240 57 marine
1366 3579 78 5 —
1465 3543 365 58 locomotive
1851 3579 78 7 —
1953 3543 383 73 stationary;
2396 3562 36 38 a

436 3621 301 72 practical
780 3621 261 58 treatise
1087 3641 77 37 on
1210 3622 103 57 the
1358 3620 323 77 principle,
1728 3622 441 73 construction,
434 3640 1972 117 operation
591 3701 124 56 and
735 3700 430 57 maintenance
1193 3701 68 55 of
1282 3701 104 56 the
1409 3700 214 57 Diesel
1644 3700 84 57 oil
1756 3699 238 74 engine,
2017 3700 150 58 both
2189 3699 240 57 marine

436 3779 122 56 and
597 3777 356 72 stationary
990 3782 200 67 types,
1228 3777 150 57 with
1419 3797 35 37 a
1493 3778 378 71 descriptive
1911 3778 257 70 chapter
2211 3796 76 38 on
2326 3777 103 57 the

434 3857 188 59 latest
651 3857 465 70 developments
1142 3856 63 56 in
1233 3855 210 59 Diesel
1469 3856 399 57 locomotives
1897 3857 122 56 and
2045 3855 209 57 Diesel
2283 3855 147 56 elec-
