2542 4285
1024 3971 148 56 1011

109 370 150 56 New
292 365 172 57 York
534 361 206 72 (State)
830 359 201 70 Laws,
1064 360 285 70 statutes,
1385 361 110 51 etc.

298 457 1791 76 … Penal law and the Code of criminal procedure of
110 553 102 56 the
253 552 160 54 state
452 546 67 56 of
554 544 150 57 New
739 540 188 72 York,
969 538 150 57 with
1157 538 83 56 all
1279 537 425 57 amendments
1742 537 231 69 passed
2009 535 83 71 by

110 629 101 56 the
243 623 390 74 Legislature
664 624 62 53 to
758 620 102 55 the
893 618 118 57 end
1041 616 67 56 of
1136 616 103 56 the
1272 614 251 72 regular
1557 613 238 58 session
1826 613 67 57 of
1924 613 165 57 1926.

110 688 1979 86 18th ed., by John T. Fitzpatrick … Albany, N. Y.,
109 783 82 56 M.
223 781 249 57 Bender
499 778 47 55 &
577 793 321 53 company,
927 771 461 71 incorporated,
1421 771 166 55 1926.

181 860 975 64 1 p. l., v-xlvii p., 1 l., [1205] p. 23 cm .
176 944 65 42 At
270 942 114 42 head
413 938 50 45 of
493 937 120 44 title:
649 934 211 45 Bender’s
893 933 180 44 edition.

175 999 198 44 Various
405 995 201 53 pagings.

108 1069 53 54 ©
189 1070 120 52 Aug.
338 1069 68 50 21,
438 1066 107 43 1926;
594 1066 65 42 2c.
690 1064 120 51 Aug.
840 1063 78 51 24;
950 1062 79 42 aff.
1065 1059 120 53 Sept.
1215 1061 50 51 3;
1298 1060 45 42 A
1374 1058 187 52 901808;
1596 1058 221 45 Matthew
1847 1058 179 44 Bender
2055 1059 38 43 &

176 1141 79 38 co.,
298 1127 82 41 inc.
448 1120 270 58 (26-15753)

107 1240 264 71 Nugent,
414 1235 376 60 Rosamund.

190 1334 1904 79 The rose-lit street, by Rosamund Nugent … New York,
109 1424 75 56 D.
211 1421 318 74 Appleton
553 1419 125 58 and
702 1434 323 54 company,
1053 1416 162 55 1926.

177 1511 635 57 3 p. l., 333, [1] p. 19½c m .
109 1585 52 54 ©
198 1585 120 53 Sept.
358 1584 62 51 10,
458 1581 127 54 1926;
621 1581 64 42 2c.
721 1580 87 42 and
841 1579 78 42 aff.
959 1577 121 52 Sept.
1121 1575 73 53 15;
1232 1575 44 44 A
1313 1575 189 52 950003;
1542 1576 57 44 D.
1634 1575 229 53 Appleton
1899 1575 39 44 &
1971 1590 64 29 co.

185 1639 269 58 (26-15735)

108 1754 278 69 O’Brien,
427 1752 158 58 Paul
620 1752 202 70 Peter,
862 1751 189 57 1885-

183 1860 258 58 Manual
473 1856 68 58 of
574 1854 245 61 federal
854 1852 314 73 appellate
1205 1850 376 73 procedure;
1621 1874 35 37 a
1693 1850 242 60 concise
1972 1853 124 57 and

100 1935 303 76 practical
425 1931 279 73 treatise,
730 1930 357 75 annotated,
1116 1950 78 37 on
1219 1928 84 58 all
1326 1927 410 74 proceedings
1759 1947 339 55 necessary

104 2018 63 55 to
199 2015 142 57 take
372 2012 125 61 and
526 2009 244 74 perfect
803 2007 277 74 appeals,
1113 2005 177 59 writs
1325 2006 69 57 of
1427 2024 193 59 error,
1654 2004 300 74 petitions
1991 2006 104 58 for

105 2091 228 60 review
386 2089 64 57 in
507 2088 411 72 bankruptcy,
975 2083 301 74 petitions
1336 2087 63 54 to
1460 2082 229 61 review
1749 2083 219 59 orders
2028 2085 69 57 of

106 2167 269 60 Federal
403 2169 180 57 trade
616 2161 415 76 commission,
1063 2161 346 61 Interstate
1443 2179 338 42 commerce
106 2161 1963 157 commission,

299 2243 268 60 Federal
606 2260 251 40 reserve
895 2240 216 72 board,
1152 2237 308 60 decisions
1503 2239 68 57 of
1610 2238 266 60 District
1918 2244 177 55 court

102 2325 65 57 in
210 2322 244 59 awards
498 2320 67 58 of
604 2316 397 74 arbitration,
1044 2317 124 57 and
1210 2315 246 60 federal
1497 2322 110 54 tax
1648 2317 228 72 appeal
1919 2336 174 42 cases

105 2391 1990 81 and appeals in admiralty cases … By Paul P. O’Brien
172 2469 1923 82 … [San Francisco, The Filmer brothers electrotype
104 2573 322 55 company,
457 2562 18 22 c
478 2552 164 73 1926]

210 2645 56 53 xiv,
293 2644 79 44 315
401 2659 39 37 p.
499 2644 51 43 23
559 2645 46 19 cm
612 2677 8 9 .

176 2713 276 57 “Appendix
495 2714 64 54 (p.
594 2713 217 53 203-292)
889 2711 135 47 Rules
1060 2712 53 44 of
1147 2712 77 44 the
1258 2711 175 46 United
1471 2711 153 47 States
1662 2711 177 46 Circuit
1875 2720 133 38 court
2043 2714 53 44 of

106 2771 185 54 appeals
329 2771 76 43 for
441 2770 77 44 the
552 2769 149 46 Ninth
737 2769 175 44 circuit.
978 2768 199 44 Revised
1215 2768 122 45 rules
1378 2769 77 43 for
1492 2768 79 44 the
1609 2769 223 54 Supreme
1871 2776 134 38 court
2043 2769 54 45 of

105 2828 79 44 the
216 2826 175 46 United
428 2825 166 54 States,
629 2825 149 44 under
815 2831 74 38 act
922 2825 55 45 of
1013 2824 240 55 February
1289 2826 64 50 13,
1392 2825 118 52 1925,
1550 2840 49 30 as
1635 2825 227 44 amended
1899 2826 119 54 June
2058 2826 37 53 7,

107 2884 116 45 1926.
285 2881 349 55 Requirements
666 2881 262 53 respecting
957 2881 219 53 petitions
1212 2881 76 44 for
1320 2881 128 45 writs
1481 2882 53 45 of
1568 2882 240 45 certiorari
1840 2883 149 44 under
2017 2882 80 45 the

105 2949 72 36 act
217 2940 53 43 of
313 2937 238 55 February
592 2940 62 50 13,
699 2938 118 45 1925.
886 2936 352 56 Jurisdictional
1281 2944 74 37 act
1395 2938 54 43 of
1491 2936 240 58 February
1773 2940 62 50 13,
1883 2937 117 55 1925,
2045 2954 50 31 as

106 2994 224 45 amended
369 2993 134 55 April
540 2997 36 49 3,
620 2994 117 45 1926.
801 2993 210 47 Sections
1050 2995 56 43 24
1144 2996 91 42 and
1272 2994 54 46 25
1367 2995 53 43 of
1462 2995 76 44 the
1581 2994 296 57 Bankruptcy
1917 3002 84 44 act,
2044 3011 50 30 as

105 3050 225 46 amended
360 3050 112 55 May
498 3051 64 52 28,
594 3050 117 54 1926,
740 3048 213 47 effective
981 3050 186 53 August
1195 3050 65 50 28,
1293 3051 146 44 1926.”

104 3121 56 54 ©
189 3122 107 54 July
327 3124 36 50 1,
397 3122 106 44 1926;
553 3122 65 45 2c.
650 3123 86 42 and
765 3123 86 42 aff:
879 3121 121 55 Sept.
1036 3123 47 51 1;
1115 3122 45 42 A
1191 3121 189 55 901702;
1415 3124 50 42 P.
1499 3124 49 42 P.
1581 3122 210 54 O’Brien,
1825 3123 92 46 San
174 3122 1898 103 Francisco.

375 3178 268 56 (26-15755)

106 3278 157 59 Ohio
300 3283 159 54 state
498 3279 363 74 university,
904 3280 352 60 Columbus.
1338 3283 182 71 Dept,
1564 3281 67 72 of
1667 3280 270 74 physics.

180 3384 394 73 Laboratory
604 3386 254 56 manual
888 3385 68 59 of
986 3386 253 72 physics
1273 3386 105 58 for
1408 3390 133 53 arts
1577 3387 303 58 students.
1943 3387 151 59 Rev.

106 3464 91 56 ed.
280 3463 98 72 By
409 3463 75 56 D.
517 3464 74 56 A.
627 3463 365 72 Woodbury
1024 3464 125 57 and
1182 3463 64 59 C.
1280 3465 97 56 W.
1410 3463 237 72 Jarvis,
1680 3463 417 72 Department

106 3541 66 57 of
211 3540 269 74 physics,
526 3540 152 64 Ohio
724 3545 160 54 state
925 3540 370 75 university.
1381 3540 350 76 Columbus,
1777 3542 89 72 O.,
1908 3543 73 58 R.
2023 3542 70 59 G.

104 3618 236 62 Adams
372 3618 49 59 &
452 3638 103 54 co.,
591 3620 164 57 1926.

175 3708 1026 58 248 p. incl. illus., tables, diagrs. 23½ cm .
176 3781 171 45 “Third
379 3780 207 45 edition.”

107 3851 54 54 ©
199 3852 120 54 Sept.
354 3851 37 51 7,
430 3851 129 53 1926;
594 3851 65 44 2c.
692 3853 86 42 and
813 3853 78 43 aff.
930 3851 121 53 Sept.
1090 3853 73 50 11;
1199 3852 44 42 A
1278 3852 189 52 901931;
1508 3853 52 42 R.
1599 3851 49 47 G.
1687 3853 172 44 Adams
1896 3855 39 44 &
1967 3868 68 30 co.

186 3909 269 53 (26-15783)
