2542 4285
0 0 0 0 1042
395 369 184 72 Page,
626 367 281 60 William
950 366 285 69 Herbert,
1282 368 190 57 1868-
1629 367 89 57 ed.

469 461 128 57 The
636 457 154 62 Ohio
827 458 283 59 uniform
1146 462 162 69 acts;
1344 458 352 72 negotiable
1733 461 430 66 instruments,
2204 456 179 73 sales,

389 540 362 58 warehouse
782 535 288 75 receipts,
1101 536 187 61 taken
1317 538 167 57 from
1513 537 105 59 the
1648 535 272 59 Revised
1949 541 281 67 compact
390 534 1971 143 edition
552 618 68 57 of
649 617 104 58 the
784 615 270 60 General
1085 617 148 57 code
1266 616 67 58 of
1365 613 176 72 Ohio,
1573 612 206 61 edited
1807 616 84 69 by
1917 614 160 58 Wm.
2110 614 275 58 Herbert

390 688 1997 80 Page … Printed for the John Marshall school of law of
393 773 352 69 Cleveland,
798 770 175 72 Ohio,
1025 770 357 57 1926-1927.
1469 767 369 73 Cincinnati,
1948 815 30 27 O.,
2032 768 353 73 Cleveland,

450 896 30 27 O.,
508 853 129 57 The
659 850 97 58 W.
784 850 79 56 H.
892 849 333 57 Anderson
1255 864 305 55 company
1587 877 13 42 [
1599 855 21 20 c
1624 847 163 72 1926]

464 937 717 57 1 p. l. , p. 2970-3140. 25½c m .
462 1008 298 48 Interleaved.

396 1078 54 53 ©
484 1078 120 52 Sept.
638 1077 61 50 10,
736 1076 129 52 1926;
898 1076 65 42 2c.
994 1075 87 42 and
1112 1074 78 43 aff.
1225 1073 120 52 Sept.
1381 1073 74 51 13;
1491 1073 45 42 A
1567 1072 188 53 901990;
1789 1074 76 43 W.
1897 1074 63 42 H.
1993 1074 241 44 Anderson
2265 1090 64 28 co·.

475 1134 268 57 (26-16208)

393 1235 206 71 Paret,
643 1232 218 60 Jahial
902 1230 271 75 Parmly,
1220 1233 190 57 1870-

472 1322 354 61 Mechanics
866 1321 69 59 of
972 1323 104 56 the
1114 1341 179 53 game
1333 1320 69 58 of
1438 1322 165 55 lawn
1640 1320 226 73 tennis,
1905 1323 85 70 by
2028 1322 60 58 J.
2131 1322 260 74 Parmly

395 1403 223 69 Paret;
676 1400 362 58 illustrated
1097 1401 168 56 from
1326 1398 430 73 slow-moving
1812 1399 239 59 motion
2110 1399 278 73 pictures

393 1479 180 58 made
607 1479 84 71 by
722 1477 105 57 the
864 1476 236 60 United
1138 1476 212 59 States
1386 1478 162 55 lawn
1583 1476 206 61 tennis
1828 1477 399 72 association,
2268 1479 123 57 and

394 1553 1998 75 many other action pictures of experts in play … New
393 1634 190 70 York,
612 1631 337 58 American
978 1632 163 56 lawn
1170 1631 225 71 tennis,
1427 1631 136 71 inc.,
1595 1633 165 57 1926.

464 1707 1927 56 xii p., 1 l. , 269 p. incl. illus., plates, diagrs. front. (2 port.) 23½ cm .
403 1762 127 54 (The
557 1764 120 45 lawn
705 1762 153 49 tennis
886 1763 186 53 library,
1100 1764 91 42 vol.
1264 1764 17 52 II)

393 1820 57 54 ©
475 1822 119 52 Aug.
616 1821 69 52 27,
714 1821 129 53 1926;
867 1822 67 42 2c.
960 1822 87 42 and
1071 1822 78 43 aff.
1179 1820 120 54 Sept.
1325 1821 51 42 21
1394 1835 9 38 ;
1432 1821 46 43 A
1504 1821 189 54 949106;
1720 1822 41 54 J.
1790 1823 51 43 P.
1869 1823 140 44 Paret
2035 1824 88 43 and
2152 1822 45 48 S.
2223 1822 167 47 Wallis

468 1878 260 53 Merrihew,
768 1879 117 43 New
921 1879 143 44 York.
1134 1877 270 56 (26-16237)

394 1978 186 72 Park,
619 1978 264 58 Francis
921 1979 70 57 E.

473 2069 169 73 Grey
684 2069 232 73 Sprite,
961 2070 105 59 the
1109 2069 191 58 silver
1338 2070 241 73 knight,
1619 2070 99 59 his
1761 2072 379 60 adventures
2184 2073 66 57 in
2290 2074 105 58 the

395 2149 119 74 old,
549 2149 103 61 old
680 2149 223 72 forest,
934 2149 84 71 by
1048 2148 265 58 Francis
1347 2148 73 57 E.
1454 2149 200 71 Park;
1687 2148 361 60 illustrated
2077 2150 83 74 by
395 2150 1975 135 Elisabeth
582 2226 71 57 B.
698 2227 289 58 Warren.
1072 2226 258 72 Boston,
1374 2226 298 74 Lothrop,
1716 2227 124 59 Lee
1882 2226 49 61 &
1975 2228 289 73 Shepard
2306 2248 86 40 co.

397 2334 14 44 [
414 2315 17 20 c
434 2307 164 71 1926]

465 2384 80 43 222
576 2397 40 38 p.
676 2383 81 44 col.
790 2383 151 52 front.,
972 2382 85 44 col.
1089 2381 155 55 plates.
1308 2383 147 44 19½cm.

395 2439 56 54 ©
489 2440 119 53 Sept.
648 2439 61 53 15,
748 2440 130 52 1926;
911 2441 66 42 2c.
1015 2439 120 53 Sept.
1169 2440 78 52 23;
1284 2441 78 42 aff.
1402 2440 120 53 Sept.
1554 2440 79 53 22;
1669 2441 45 42 A
1749 2440 190 54 950152;
1977 2441 214 53 Lothrop,
2228 2442 92 44 Lee
2355 2443 38 44 &

470 2498 203 53 Shepard
704 2513 65 29 co.
839 2496 270 56 (26-16254)

393 2597 254 69 Parker,
696 2598 247 58 Arthur
991 2597 278 70 Caswell,
1320 2600 190 57 1881-

475 2689 259 72 Skunny
770 2688 256 72 Wundy
1063 2689 124 57 and
1227 2688 180 58 other
1442 2687 229 59 Indian
1708 2690 178 73 tales,
1923 2689 84 72 by
2042 2689 246 58 Arthur
2327 2688 64 61 C.

394 2767 240 58 Parker
669 2766 300 66 <Gawaso
1003 2766 323 66 Wanneh>
1357 2767 361 58 illustrated
1748 2767 84 71 by
1860 2766 151 60 Will
2045 2766 349 60 Crawford.

394 2845 151 58 New
572 2845 189 72 York,
796 2843 243 74 George
1070 2844 79 57 H.
1182 2844 218 57 Doran
1431 2863 306 54 company
1769 2873 13 44 [
1784 2854 18 21 c
1806 2846 164 72 1926]

466 2921 1622 56 xi p., 1 l. , 15-262 p. incl. col. front., illus., col. plates. 23½ cm .
394 2979 57 54 ©
483 2980 121 53 Sept.
639 2980 63 51 17,
734 2980 129 52 1926;
894 2981 63 43 2c.
988 2981 87 42 and
1105 2981 78 42 aff.
1218 2980 122 52 Sept.
1368 2980 78 52 20;
1479 2981 45 42 A
1553 2980 188 53 949110;
1778 2979 178 54 George
1986 2980 62 43 H.
2079 2981 158 43 Doran
2268 2994 65 30 co.

476 3036 269 57 (26-16115)

395 3139 227 72 Pogue,
664 3138 241 57 Barton
941 3138 176 58 Rees.

470 3231 312 58 Fortunes
825 3228 65 58 in
934 3228 376 75 friendship,
1352 3232 84 71 by
1474 3232 243 58 Barton
1760 3232 162 57 Rees
1965 3231 233 71 Pogue,
2239 3229 151 58 with

392 3307 275 69 pictures
697 3310 84 66 by
807 3306 151 60 Will
984 3307 273 59 Vawter.
1341 3308 271 68 Upland,
1641 3307 157 69 Ind.,
1829 3307 129 57 The
1988 3308 215 68 Pogue
391 3327 1976 133 company
594 3387 201 74 [-1926]

467 3463 902 54 157 p., 1 l. incl. front., illus. 20 cm .
465 3522 177 43 Poems.

399 3573 53 54 ©
479 3575 120 52 Sept.
625 3576 40 50 4,
693 3574 106 44 1926
813 3589 9 38 ;
850 3575 64 42 2c.
939 3575 90 43 and
1053 3574 79 43 aff.
1163 3573 121 53 Sept.
1309 3574 55 42 20
1379 3588 9 38 ;
1417 3574 45 42 A
1488 3572 162 45 950093
1667 3589 9 37 ;
1708 3575 49 42 B.
1787 3575 53 42 R.
1871 3576 170 51 Pogue,
2069 3574 197 52 Upland,
2293 3574 96 45 Ind.

477 3631 270 56 (26-16111)

396 3731 239 74 Poling,
682 3732 227 58 Daniel
946 3731 245 72 Alfred,
1238 3734 190 57 1884-

470 3823 1919 75 John of Oregon, by Dan Poling … New York, George
392 3902 80 57 H.
501 3903 215 57 Doran
746 3921 307 55 company
1084 3904 201 72 [c1926]
