2542 4285
1066 4031 146 56 1325

153 462 97 55 ert
279 457 80 55 M.
394 455 346 71 McCurdy;
771 453 151 58 with
952 454 397 72 paragraphs
1386 472 79 38 on
1497 451 440 60 classification
1970 452 166 58 from

153 532 189 59 Stone
368 533 47 56 &
441 532 245 60 Cram’s
713 531 387 58 “American
1126 529 320 60 animals”
1472 549 69 39 as
1566 528 345 72 indicated;
153 529 1983 152 forty-eight

367 607 416 59 illustrations
832 609 64 55 in
943 607 119 58 full
1111 608 185 60 color.
1388 606 268 74 [Garden
1707 605 161 73 City,
1918 607 74 57 N.
2043 608 55 56 Y.]

153 686 148 58 Pub.
335 686 80 71 by
446 685 381 71 Doubleday,
862 685 168 71 Page
1063 684 48 59 &
1141 702 303 55 company
1475 683 105 58 for
1612 683 233 60 Nelson
151 684 1960 149 Doubleday,
319 762 135 74 inc.,
486 762 164 58 1926.

221 834 1909 56 xiii p., 1 l., 299 p. col. front., col. plates. 23 ½ cm . (The nature library)
151 893 56 53 ©
238 894 104 44 Feb.
373 895 65 51 26,
475 895 102 43 1926;
635 895 62 43 2c.
730 896 87 42 and
847 894 78 44 aff.
958 895 100 44 Oct.
1089 895 56 42 22;
1202 895 43 42 A
1275 893 162 45 950563;
1500 893 49 47 E.
1582 893 54 44 T.
1672 893 149 52 Seton,
1857 893 281 54 Greenwich,

225 950 139 45 Conn.
427 949 66 55 [©
527 966 98 29 new
660 959 163 36 matter
857 953 87 42 and
978 966 98 29 new
1112 952 309 52 illustrations]
1492 950 268 54 (26-18703)

158 1049 443 74 Shakespeare,
645 1050 293 70 William,
983 1054 355 57 1564-1616.

232 1140 429 73 Shakespeare;
727 1142 103 57 the
868 1142 298 71 complete
1204 1142 306 57 dramatic
1545 1143 121 57 and
1700 1141 206 72 poetic
1936 1141 203 59 works

154 1217 69 58 of
266 1218 276 58 William
592 1220 460 71 Shakespeare;
1105 1223 253 68 general
1407 1217 441 72 introduction,
154 1218 1963 150 biography,

339 1301 122 57 and
501 1317 78 37 an
614 1295 424 59 introduction
1074 1301 64 54 to
1180 1297 148 57 each
1366 1297 166 71 play,
1569 1297 83 72 by
1687 1296 341 58 Frederick
2063 1297 75 57 D.

153 1373 1986 74 Losey … with glossary and self-pronouncing index to
155 1451 374 59 characters.
623 1451 437 73 Philadelphia
1119 1452 124 58 and
1303 1450 288 74 Chicago,
1654 1451 128 58 The
1846 1451 168 59 John
2075 1450 64 60 C.

152 1529 290 58 Winston
475 1548 302 54 company
812 1562 13 43 [
827 1540 18 21 c
849 1529 163 74 1926]

223 1605 1290 55 2 p. l., iii-xvi, 1332 p. front. (col. port.) 20½ cm .
149 1662 57 53 ©
233 1665 119 51 Aug.
381 1665 38 49 9,
452 1664 126 51 1926;
611 1665 64 41 2c.
707 1664 117 42 Nov.
854 1665 48 50 8;
936 1664 78 42 aff.
1044 1664 119 42 Nov.
1197 1664 73 50 13;
1302 1663 43 41 A
1374 1661 189 53 957078;
1596 1662 118 52 John
1748 1661 46 44 C.
1826 1661 217 44 Winston
2073 1676 63 29 co.

230 1719 267 56 (26-20545)

156 1819 286 70 Shubert,
480 1819 198 58 Ethel.

224 1911 1914 76 American etiquette, by Ethel Shubert … good manners
148 1993 105 57 for
298 1991 84 59 all
425 1990 239 74 people,
713 1990 334 74 especially
1091 1992 106 57 for
1240 1991 176 60 those
1465 1991 187 57 “who
1699 1989 181 61 dwell
1921 1990 218 58 within

147 2071 105 58 the
275 2072 199 58 broad
499 2087 146 42 zone
674 2070 68 59 of
766 2070 104 59 the
896 2071 342 71 average”.
1320 2064 457 76 Philadelphia,
1805 2069 131 59 The
1964 2069 173 57 Penn

148 2146 360 75 publishing
539 2165 321 56 company,
893 2148 166 59 1926.

216 2226 83 45 224
327 2241 41 36 p.
432 2227 51 43 16
487 2229 46 17 cm
540 2260 8 9 .

147 2279 54 53 ©
228 2281 117 43 Nov.
375 2282 35 50 1,
440 2280 103 43 1926;
591 2281 65 41 2c.
682 2281 87 42 and
793 2280 78 43 aff.
899 2279 118 44 Nov.
1048 2280 73 50 11;
1149 2279 44 43 A
1219 2278 163 45 957033;
1441 2280 125 42 Penn
1594 2280 98 52 pub.
1720 2295 64 28 co.
226 2336 269 56 (26-20529)

154 2435 307 74 Simpson,
502 2436 223 58 Albert
764 2435 349 73 Benjamin,
1160 2437 354 57 1844-1919.

225 2526 1844 77 The challenge of missions, by Rev. A. B. Simpson …
147 2605 151 61 New
325 2605 191 74 York,
548 2606 73 57 N.
654 2607 92 73 Y.,
781 2608 129 56 The
946 2604 320 62 Christian
1299 2606 258 60 alliance
1589 2606 359 75 publishing
144 2627 1970 131 company
348 2714 13 44 [
363 2694 19 21 c
385 2686 164 72 1926]

217 2764 55 45 68
301 2779 40 35 p.
405 2764 49 44 18
460 2765 16 19 cm
513 2798 10 9 .

149 2816 53 54 ©
231 2818 118 44 Nov.
382 2819 32 50 1,
449 2816 104 45 1926;
606 2818 63 42 2c.
700 2817 118 43 Nov.
849 2816 48 52 6;
928 2816 78 43 aff.
1037 2816 118 43 Nov.
1186 2816 49 52 4;
1265 2816 44 43 A
1338 2815 188 54 956085;
1562 2816 227 45 Christian
1820 2817 186 45 alliance
2037 2820 99 50 pub.

216 2890 66 29 co.
351 2873 267 56 (26-20258)

154 2973 255 73 Sitwell,
448 2973 238 72 Osbert,
725 2975 189 57 1892-

219 3062 1921 74 Before the bombardment, by Osbert Sitwell … New
150 3141 190 71 York,
378 3141 239 72 George
654 3140 80 60 H.
774 3142 216 57 Doran
1028 3159 304 54 company
1372 3170 13 43 [
1387 3148 19 23 c
1408 3142 164 71 1926]

222 3220 48 42 ix
297 3234 56 39 p.,
387 3221 17 41 1
441 3218 41 52 l,
516 3219 160 44 13-344
705 3233 39 38 p.
803 3218 55 45 20
864 3220 48 19 cm
917 3253 11 10 .

148 3275 53 54 ©
232 3277 100 44 Oct.
363 3276 65 50 29,
461 3276 128 51 1926;
618 3276 63 43 2c.
713 3276 117 43 Nov.
862 3275 48 52 6;
941 3275 78 43 aff.
1053 3276 117 42 Nov.
1199 3276 49 51 2;
1283 3275 43 42 A
1357 3273 188 53 950828;
1580 3276 178 52 George
1789 3277 60 42 H.
1883 3277 158 43 Doran
2072 3291 65 29 co.

226 3331 269 58 (26-20315)

151 3431 251 73 Society
434 3432 67 56 of
532 3431 364 72 Mayflower
927 3431 428 71 descendants,
1390 3432 262 58 Illinois.

229 3522 252 72 Society
517 3522 66 56 of
617 3522 363 72 Mayflower
1014 3524 411 57 descendants
1462 3522 67 57 in
1563 3525 102 56 the
1707 3527 161 54 state
1906 3525 67 56 of
147 3525 1966 133 Illinois.

393 3599 1677 63 Publication number four. Memorial edition …
152 3678 287 72 Chicago,
478 3678 126 56 The
641 3679 304 57 Lakeside
980 3698 201 52 press,
1221 3679 328 72 Privately
1582 3680 271 73 printed,
1894 3683 166 54 1925.

216 3753 1923 59 xxii, 562 p. incl. mounted col. front. illus., plates, ports., maps (part
148 3812 186 53 double)
375 3811 195 44 facsims.
598 3814 124 51 (part
753 3812 135 54 fold.)
929 3812 155 52 tables,
1119 3813 166 53 diagrs.
1312 3814 126 51 (part
1470 3815 98 49 col.,
1601 3822 99 44 part
1732 3814 187 49 double)
1988 3816 55 43 24½
2076 3818 47 17 cm
2129 3852 9 8 .

149 3867 53 54 ©
238 3869 118 43 Nov.
392 3870 38 50 3,
471 3868 127 52 1926;
636 3869 63 43 2c.
736 3871 89 42 and
860 3870 78 42 aff.
977 3870 118 43 Nov.
1131 3870 76 52 20;
1248 3871 43 42 A
1328 3869 189 54 957178;
1562 3871 179 54 Society
1777 3872 53 44 of
1867 3873 272 52 Mayflower

218 3928 292 42 descendants
540 3927 42 42 in
611 3926 73 44 the
714 3934 115 36 state
858 3926 52 45 of
937 3926 188 53 Illinois,
1156 3926 212 55 Chicago.
