2542 4285
1381 4057 111 57 956

494 508 665 54 4 p. l., 257 p., 1 l. 19 cm .
495 568 64 42 At
582 568 115 45 head
721 568 53 45 of
796 567 124 47 title:
947 567 210 53 Virginie
1181 568 408 43 Demont-Breton.

427 620 1794 55 © Apr. 1, 1926; 1c. June 25; A—Foreign 31410; Plon-Nourrit & co.
506 678 269 56 (26-15817)

427 762 169 72 Duff,
633 762 361 59 Alexander
1025 763 277 72 Wilmer,
1342 766 189 56 1864-
1687 764 91 57 ed.

504 841 264 72 Physics
817 842 106 57 for
973 843 285 57 students
1310 843 67 57 of
1427 842 234 57 science
1709 842 50 56 &
1805 839 432 75 engineering:
428 840 1962 138 Mechanics

713 921 123 57 and
873 922 199 56 sound
1112 921 110 72 [by]
1261 921 76 57 A.
1374 920 264 58 Wilmer
1671 918 155 58 Duff
1871 916 262 75 (editor)
2216 919 199 58 Wave

427 997 237 59 motion
721 999 123 57 and
899 999 147 57 heat
1108 999 111 71 [by]
1279 998 73 57 E.
1412 997 288 58 Percival
1756 996 220 59 Lewis.
2073 997 168 57 Heat
2301 997 111 73 [by]

431 1074 258 60 Charles
725 1077 72 56 E.
835 1075 415 59 Mendenhall.
1327 1073 369 75 Electricity
1730 1077 124 56 and
1886 1074 377 74 magnetism
2302 1075 112 72 [by]

428 1153 224 59 Albert
682 1155 69 56 P.
788 1152 272 60 Carman
1094 1157 123 56 and
1251 1154 63 59 C.
1351 1156 68 55 T.
1453 1154 237 72 Knipp.
1764 1154 106 57 6th
1900 1172 127 38 rev.
2062 1154 111 74 ed.,
2207 1154 111 56 630
429 1153 1964 138 illustrations.

885 1231 459 74 Philadelphia,
1371 1233 69 57 P.
1467 1232 391 58 Blakiston’s
1887 1251 111 41 son
2024 1231 48 57 &
2097 1251 86 38 co.
2214 1260 13 44 [
2228 1239 19 22 c
2251 1232 164 72 1926]

495 1311 90 52 xiv,
613 1309 80 46 713
722 1327 40 37 p.
823 1311 129 52 illus.,
979 1311 164 53 diagrs.
1204 1312 27 42 21½
1293 1315 47 17 cm
1345 1347 9 8 .

499 1367 219 45 Previous
746 1366 188 46 editions
958 1367 116 47 have
1097 1368 123 44 title:
1246 1368 43 42 A
1314 1366 243 46 text-book
1581 1367 52 45 of
1654 1365 193 54 physics.

499 1423 214 45 Contains
748 1423 342 47 “References”.

428 1477 56 53 ©
518 1477 119 53 Sept.
671 1479 35 51 1,
740 1478 128 52 1926;
902 1478 65 44 2c.
1000 1480 86 42 and
1117 1479 78 42 aff.
1231 1477 121 53 Sept.
1384 1478 50 52 2;
1470 1478 43 42 A
1546 1477 188 52 901730;
1774 1478 50 42 P.
1859 1476 274 44 Blakiston’s
2170 1491 82 29 son
2283 1476 39 44 &
2352 1490 67 29 co.

509 1534 269 56 (26-15352)

429 1620 232 71 Durell,
706 1619 257 59 Charles
1002 1620 368 58 Pendexter.

504 1699 222 70 Lights
761 1699 90 58 off
887 1701 213 69 shore;
1138 1719 88 50 or,
1266 1700 148 59 Sam
1450 1698 124 61 and
1608 1701 103 57 the
1747 1698 259 58 outlaws
2043 1699 68 57 of
2144 1699 104 58 the
2326 1716 97 51 bay,

428 1775 1995 75 by Charles Pendexter Durell … illustrated by Harold
427 1856 349 58 Anderson.
883 1853 402 74 Springfield,
1351 1855 213 71 Mass.,
1632 1854 228 58 Milton
1922 1854 279 71 Bradley
428 1871 1974 134 company,
643 1932 166 59 1925.

500 2009 919 54 2 p. l., 285 p. front., plates. 20 cm .
433 2063 53 54 ©
517 2065 117 44 Nov.
667 2066 63 51 10,
762 2063 129 53 1925;
921 2065 63 43 2c.
1013 2066 120 52 Aug.
1163 2065 65 53 30,
1260 2064 130 53 1926;
1422 2065 79 43 aff.
1530 2065 119 52 Aug.
1676 2063 77 53 26;
1786 2065 43 41 A
1857 2062 190 54 901684;
2081 2063 167 44 Milton
502 2063 1901 113 Bradley
608 2138 65 28 co.
742 2121 270 55 (26-15277)

434 2205 183 70 Eliot,
671 2207 256 72 George,
977 2208 237 72 pseud.,
1266 2206 37 58 i.
1360 2226 45 38 e.
1462 2205 249 58 Marian
1763 2207 229 68 Evans,
2050 2206 376 72 afterwards

511 2284 203 69 Cross,
754 2287 359 57 1819-1880.

574 2363 1853 74 … Silas Marner, by George Eliot; edited for school
429 2440 1998 74 use by S. R. Hadsell … and Geo. C. Wells … Oklahoma
434 2518 162 75 City,
622 2519 260 59 Harlow
908 2517 364 76 publishing
1300 2536 322 55 company,
1649 2519 165 57 1926.

504 2595 1925 54 3 p. l., xxix p., 1 l., 289 p. front. (port.) illus., diagr. 17 cm . (The
434 2655 215 44 Western
680 2655 139 44 series
851 2655 52 44 of
930 2653 191 52 English
1151 2655 87 43 and
1266 2654 246 44 American
1538 2652 209 53 classics)

436 2707 53 54 ©
521 2710 118 51 Aug.
677 2710 60 49 13,
774 2707 129 52 1926;
935 2708 65 43 2c.
1037 2709 118 51 Aug.
1189 2709 77 51 23;
1303 2709 79 42 aff.
1419 2707 120 53 Sept.
1578 2708 73 52 13;
1689 2708 43 42 A
1768 2706 188 54 897954;
1995 2707 194 45 Harlow
2225 2707 100 53 pub.
2360 2723 67 29 co.

508 2764 65 55 [©
610 2781 101 28 new
747 2774 180 45 matter]
997 2764 270 55 (26-15273)

434 2851 235 71 Elwell,
711 2852 262 71 Fayette
1015 2851 287 73 Herbert,
1346 2853 190 57 1885-

577 2927 1852 74 … Bookkeeping and accounting; intermediate course,
432 3006 1999 72 by Fayette H. Elwell … and James V. Toner … Boston,
434 3084 153 58 New
610 3083 174 57 York
815 3087 147 68 [etc.]
998 3080 162 61 Ginn
1191 3083 123 57 and
1342 3102 307 54 company
1680 3114 13 42 [
1693 3093 21 22 c
1717 3085 164 72 1926]

507 3157 1859 57 ix p., 1 l., 205-463 p. incl. forms. 24 cm . (Elwell and Toner series)
438 3214 53 54 ©
523 3218 115 50 June
668 3215 68 54 25,
770 3216 131 53 1926;
936 3218 63 42 2c.
1034 3218 87 43 and
1154 3218 77 42 aff.
1266 3218 118 52 Aug.
1419 3217 48 53 6;
1506 3218 43 42 A
1583 3218 188 52 897686;
1807 3217 51 44 F.
1895 3219 62 43 H.
1992 3217 175 52 Elwell,
2204 3217 226 55 Madison,

507 3275 129 50 Wis.,
671 3275 87 42 and
793 3275 150 51 James
980 3275 58 42 V.
1074 3274 164 52 Toner,
1276 3275 223 51 Belmont,
1538 3277 140 42 Mass.
1747 3274 271 55 (26-15299)

436 3359 135 71 Ely,
609 3358 279 59 Richard
926 3359 338 71 Theodore,
1306 3363 190 56 1854-

512 3435 409 73 Elementary
961 3436 341 73 principles
1350 3437 68 58 of
1459 3438 364 69 economics,
1867 3438 289 72 together
2199 3438 153 58 with
2395 3459 37 38 a

439 3512 1924 76 short sketch of economic history, by Richard T. Ely …
436 3590 123 58 and
581 3589 103 58 the
708 3591 126 56 late
861 3590 241 74 George
1126 3594 141 70 Ray
1286 3592 268 58 Wicker.
1637 3595 107 56 4th
1769 3593 113 70 ed.,
1906 3613 148 52 rev.,
2075 3594 84 71 by
2182 3593 251 59 Samuel

436 3666 1972 134 J. Brandenburg … in collaboration with the senior author.
665 3745 153 58 New
843 3744 191 73 York,
1064 3748 129 57 The
1224 3746 361 58 Macmillan
1616 3767 323 54 company,
1971 3749 165 57 1926.

508 3820 96 52 xiii,
635 3819 80 45 534
743 3836 38 37 p.
812 3822 100 44 incl.
942 3822 158 52 forms,
1133 3825 166 52 diagrs.
1362 3825 52 44 19½
1448 3827 47 18 cm
1500 3860 9 9 .

509 3874 316 49 “Literature”
853 3885 47 37 at
925 3878 89 44 end
1039 3880 54 43 of
1118 3888 123 36 most
1266 3881 55 43 of
1345 3880 78 44 the
1450 3882 236 51 chapters;
1719 3881 356 54 Bibliography:
2103 3898 41 37 p.
2172 3882 204 45 510-521.

439 3930 53 54 ©
519 3933 118 53 Aug.
664 3935 65 48 31,
761 3935 129 53 1926;
917 3937 64 43 2c.
1008 3937 87 46 and
1119 3938 80 46 aff.
1230 3937 120 54 Sept.
1382 3940 45 51 1;
1458 3939 43 42 A
1527 3939 188 53 901691;
1745 3939 269 46 Macmillan
2038 3956 68 29 co.

519 3990 269 61 (26-15303)
