2542 4285
1390 3941 111 59 810

441 319 220 73 Ayres,
696 318 181 58 Atlee
913 320 68 56 B.

524 408 286 59 Mexican
849 409 445 71 architecture;
1337 407 316 73 domestic,
1695 407 142 58 civil
1875 407 46 57 &
1962 407 472 70 ecclesiastical;

447 488 432 73 photographs
910 488 49 56 &
986 491 132 54 text
1146 487 81 72 by
1257 487 183 57 Atlee
1466 486 70 56 B.
1569 486 225 73 Ayres,
1826 486 147 57 four
2000 485 286 58 hundred
2316 485 121 58 and

447 565 359 73 twenty-six
850 564 440 59 illustrations.
1376 564 151 57 New
1571 563 190 73 York,
1806 562 98 58 W.
1951 563 302 71 Helburn,
2301 563 136 72 inc.,

447 645 162 57 1926.

520 720 1117 56 5 p. l., 150 pl. on 75 l. front. 41½ × 33 cm .
448 776 52 54 ©
527 779 114 52 June
666 778 65 51 30,
760 777 128 50 1926;
918 777 64 43 2c.
1007 777 105 51 July
1143 777 72 51 19;
1242 776 79 43 aff.
1348 776 106 52 July
1483 774 73 52 17;
1586 775 42 41 A
1654 774 190 51 901163;
1875 773 207 44 William
2107 774 221 50 Helburn,
2358 773 81 43 inc.

528 834 268 56 (26-13863)

447 935 263 72 Benson,
749 933 246 58 Arthur
1033 931 425 74 Christopher.

522 1026 178 57 Basil
732 1025 339 72 Netherby.

521 1104 78 51 (In
637 1103 250 51 Sovereign
923 1103 258 52 magazine,
1216 1103 133 50 Aug.,
1388 1102 127 51 1926)

449 1154 1994 57 © 1c. Sept. 4, 1926; A ad int. 8502; pubd. July 13; Percy Lubbock, Emmets,
520 1218 77 42 Ide
634 1216 112 52 Hill,
784 1216 272 51 Sevenoaks,
1092 1215 221 53 England,
1349 1215 87 43 and
1473 1214 197 46 Edward
1707 1214 211 43 Frederic
1957 1217 190 49 Benson,
2186 1214 200 44 London.

449 1330 210 69 Black,
703 1330 245 57 Arthur
989 1330 381 72 Davenport,
1416 1350 192 53 comp.

525 1423 198 57 Index
763 1423 67 57 of
865 1422 103 57 the
1005 1422 347 71 periodical
1391 1422 211 56 dental
1625 1415 343 63 literature
2009 1421 330 71 published
2379 1423 66 55 in

448 1501 102 56 the
578 1500 267 72 English
872 1501 309 71 language
1208 1499 323 73 including
1557 1498 347 73 fifty-three
1932 1499 417 71 publications
2378 1500 67 55 in

449 1578 310 72 England,
801 1577 255 58 Canada
1096 1579 124 56 and
1256 1577 103 58 the
1397 1576 237 58 United
1673 1577 230 72 States,
1942 1577 108 56 for
2082 1576 118 58 five
2238 1596 205 54 years,

450 1657 356 55 1886-1890.
879 1654 58 55 A
968 1655 313 57 classified
1315 1654 245 72 subject
1588 1655 187 56 index
1810 1674 77 36 on
1921 1656 102 55 the
2058 1655 150 70 plan
2241 1655 67 56 of
2340 1655 103 55 the

447 1732 229 71 Dewey
728 1732 264 58 decimal
1042 1731 460 58 classification.
1594 1732 101 55 An
1747 1731 419 72 alphabetical
2219 1732 229 58 author

448 1810 217 70 index;
707 1829 34 37 a
781 1810 110 56 list
927 1810 68 56 of
1032 1810 213 57 dental
1281 1810 191 56 books
1513 1809 308 58 reviewed
1861 1810 231 72 during
2129 1810 103 57 the
2276 1829 167 38 same

448 1886 1974 136 period. Comp, by Arthur D. Black … Pub. by the Dental
568 1965 1876 71 index bureau … under the auspices of the American
450 2042 1681 76 association of dental colleges … [Buffalo] 1926.
517 2120 72 51 lvi,
627 2120 93 51 316,
756 2120 63 48 24,
862 2117 219 56 [317]-521
1123 2134 38 37 p.
1224 2119 196 44 facsims.
1481 2118 54 44 26½
1569 2122 48 18 cm
1622 2155 8 8 .

448 2175 53 53 ©
531 2178 105 51 July
663 2175 67 54 27,
764 2176 127 52 1926;
921 2177 63 42 2c.
1015 2178 120 51 Aug.
1166 2177 49 51 2;
1248 2177 78 42 aff.
1357 2177 105 52 July
1493 2177 77 51 30;
1605 2178 41 41 A
1676 2176 189 53 901355;
1900 2178 165 43 Dental
2097 2178 133 44 index
2260 2179 185 52 bureau,

521 2234 196 43 Buffalo.

446 2319 395 74 Blackledge,
877 2318 219 60 Celize.

521 2411 1920 76 Who knows, a romance by Celize Blackledge … [Mt.
445 2489 270 72 Vernon,
752 2489 87 75 O.,
874 2490 130 57 The
1038 2489 522 73 Manufacturing
1591 2489 278 72 printers
1905 2510 106 53 co.,
2045 2499 19 22 c
2067 2492 146 56 1926]

517 2568 74 43 198
627 2581 38 38 p.
703 2567 100 45 incl.
838 2566 136 45 front.
1002 2566 167 54 (port.)
1238 2566 55 44 20½c
1344 2569 30 18 m
1380 2602 9 9 .

515 2624 52 43 In
595 2638 142 30 verse.

449 2678 52 54 ©
529 2681 113 52 June
673 2681 61 49 18,
766 2680 129 51 1926;
926 2681 62 42 2c.
1016 2680 106 51 July
1150 2680 78 51 20;
1260 2680 78 42 aff.
1368 2680 105 52 July
1499 2680 79 51 21;
1612 2680 42 42 A
1683 2680 189 52 901208;
1905 2680 48 44 C.
1986 2681 288 53 Blackledge,
519 2681 1905 107 Fredericktown,

816 2737 54 44 O.
941 2737 270 54 (26-13924)

444 2824 261 71 Boyton,
745 2821 159 59 Neil.

524 2913 291 73 Mangled
857 2913 227 72 hands;
1121 2933 39 38 a
1193 2917 178 69 story
1404 2915 66 56 of
1505 2914 102 58 the
1643 2914 153 58 New
1828 2915 173 57 York
2032 2920 298 69 martyrs,
2369 2917 78 72 by

447 2991 1870 75 Neil Boyton … with an epilogue by Ignatius W. Cox, S. J.
446 3070 150 57 New
627 3070 191 75 York,
854 3069 355 59 Cincinnati
1246 3074 146 74 [etc.]
1427 3069 309 75 Benziger
1765 3072 309 72 brothers,
2109 3075 163 55 1926.

521 3149 77 44 192
621 3163 40 38 p.
722 3148 140 44 front.
924 3149 51 44 19
982 3152 46 18 cm
1035 3184 8 8 .

448 3204 54 54 ©
531 3207 106 52 July
667 3210 38 47 8,
740 3207 128 51 1926;
901 3207 64 42 2c.
996 3207 105 52 July
1136 3206 72 52 12;
1244 3207 79 43 aff.
1355 3207 106 52 July
1491 3206 79 53 27;
1604 3208 41 41 A
1679 3206 188 53 901264;
1904 3208 221 52 Benziger
2157 3208 119 44 bros.

529 3263 270 55 (26-13992)

446 3350 189 68 Brun,
666 3349 292 58 Annette.

445 3441 1972 151 … Lenes bryllup; fortælling for unge piger. Kjøbenhavn,
659 3518 368 73 Gyldendal,
1059 3518 277 58 Nordisk
1366 3519 227 74 forlag,
1628 3521 163 56 1925.

519 3593 77 46 150
622 3610 40 38 p.
722 3595 54 44 20
783 3598 46 18 cm
835 3630 9 9 .

516 3652 203 54 “Oplag:
754 3652 134 44 10000
917 3651 348 54 eksemplarer.”

518 3710 227 42 Preceded
788 3709 58 52 by
890 3709 143 43 Lenes
1078 3710 156 42 bedste
1279 3709 264 51 kammerat,
1591 3712 119 46 Lene
1753 3710 147 45 bliver
1945 3710 201 54 skinsyg,
2191 3711 85 43 and
2325 3711 119 44 Lene

446 3765 144 52 rejser
618 3764 51 44 til
699 3764 222 53 England.

450 3820 1994 57 © Oct. 17, 1925; 1c. Nov. 21; A—Foreign 29800; Gyldendalske boghandel,
522 3879 203 44 Nordisk
763 3878 162 54 forlag.
996 3878 269 54 (26-14065)
