2542 4285
1404 3999 112 55 564

467 383 254 72 Hersey,
765 381 243 58 Harold
1046 379 324 70 Brainerd,
1415 383 187 57 1893-

545 473 265 72 Singing
843 471 296 58 Rawhide
1160 495 12 48 ;
1209 493 35 36 a
1277 471 159 57 book
1471 472 66 57 of
1572 474 266 54 western
1872 472 263 72 ballads,
2168 473 83 71 by
469 473 1952 135 Harold
615 550 264 73 Hersey,
926 550 151 56 with
1122 549 418 58 illustrations
1588 550 83 71 by
1715 549 196 72 Jerry
1957 549 256 58 Delano.
2296 550 148 58 New

466 627 1355 73 York, George H. Doran company [ c 1926]
536 723 46 37 X,
609 708 68 49 [2],
708 707 171 51 13-189,
908 708 52 46 [1]
991 721 37 37 p.
1058 706 101 44 incl.
1187 705 149 49 front.,
1362 705 129 52 illus.,
1517 705 155 52 plates.
1733 707 48 41 21
1793 707 46 17 cm
1845 741 8 8 .

466 760 52 53 ©
545 763 110 51 May
682 763 64 50 14,
774 762 105 43 1926
894 777 8 36 ;
928 762 66 42 2c.
1023 762 110 50 May
1162 761 73 51 18;
1264 761 78 42 aff.
1371 761 110 51 May
1511 762 49 42 19
1576 775 9 37 ;
1615 761 42 41 A
1684 760 188 51 890820;
1903 760 176 52 George
2108 761 59 42 H.
2198 762 158 42 Doran
2381 776 65 28 co.

544 818 268 54 (26-11046)

465 915 310 74 Leeming,
816 913 333 72 Benjamin
1189 912 423 74 Christopher.

543 1005 440 73 Imagination,
1036 1005 233 57 mind’s
1326 1002 319 60 dominant
1697 1023 229 53 power,
1981 1006 82 71 by
2115 1005 335 73 Benjamin

470 1083 409 71 Christopher
911 1082 312 73 Leeming.
1307 1082 151 58 New
1487 1082 190 74 York,
1712 1083 127 57 The
1872 1083 83 57 M.
1987 1084 79 56 H.
2103 1083 345 60 Schroeder

461 1180 319 53 company,
816 1162 165 56 1926.

535 1240 61 51 xi,
623 1240 81 44 288
731 1254 40 38 p.
832 1240 167 52 diagrs.
1058 1241 50 42 21
1118 1242 47 17 cm
1171 1276 8 9 .

535 1297 350 52 Bibliography:
917 1311 41 38 p.
989 1294 205 47 279-280.

465 1350 52 54 ©
546 1353 111 51 May
688 1351 60 51 15,
782 1352 129 52 1926;
939 1351 64 43 2c.
1034 1353 86 42 and
1149 1351 77 43 aff.
1258 1352 111 51 May
1401 1352 73 52 18;
1506 1352 43 41 A
1578 1350 188 53 891451;
1800 1353 65 42 M.
1897 1352 61 43 H.
1991 1350 253 48 Schroeder
2272 1367 66 30 co.

543 1407 268 55 (26-10950)

464 1492 296 74 Lowsley,
803 1492 252 59 Oswald
1092 1492 309 74 Swinney,
1441 1495 189 57 1884-

534 1583 56 56 A
630 1582 317 58 text-book
989 1585 67 55 of
1096 1583 280 73 urology,
1419 1583 83 71 by
1547 1583 248 58 Oswald
1839 1581 293 73 Swinney
2169 1583 285 72 Lowsley

531 1659 1921 71 … and Thomas Joseph Kirwin … illustrated with 233
467 1737 375 73 engravings
879 1739 122 56 and
1036 1739 71 55 13
1144 1738 220 70 plates.
1448 1737 436 72 Philadelphia
1921 1738 124 56 and
2079 1737 151 58 New
2264 1737 189 72 York,

462 1815 127 59 Lea
624 1815 48 58 &
705 1815 287 72 Febiger,
1029 1816 164 55 1926.

532 1892 124 51 xviii,
695 1891 193 49 [17]–699
924 1908 40 37 p.
1025 1892 127 51 illus.,
1188 1893 82 44 col.
1308 1891 153 54 plates.
1521 1892 53 44 24½
1609 1895 45 17 cm
1660 1927 9 9 .

535 1950 325 52 Bibliography
893 1958 45 37 at
972 1951 84 42 end
1088 1950 50 43 of
1172 1950 108 44 each
1316 1949 196 52 chapter.

462 2005 56 54 ©
545 2009 111 51 May
688 2008 60 51 14,
783 2008 128 51 1926;
940 2007 65 43 2c.
1038 2008 111 51 May
1181 2005 74 54 15;
1287 2007 78 44 aff.
1398 2008 111 51 May
1542 2005 74 53 17;
1648 2007 43 41 A
1722 2005 188 54 890812;
1944 2007 89 43 Lea
2065 2008 39 43 &
2133 2006 204 54 Febiger.

543 2063 267 55 (26-10968)

463 2148 347 72 MacLeish,
852 2147 363 71 Archibald,
1259 2150 187 56 1892-

544 2240 407 72 Nobodaddy,
1004 2261 35 36 a
1092 2241 150 69 play
1292 2240 82 71 by
1425 2238 343 59 Archibald
1821 2238 347 59 MacLeish.
462 2240 1962 150 Cambridge
714 2318 225 73 [Mass.]
970 2318 277 57 Dunster
1273 2318 211 71 house,
1515 2319 164 55 1926.

533 2395 64 51 67,
631 2399 53 46 [1]
747 2435 7 6 p.
815 2398 52 43 23½
902 2400 47 17 cm
956 2436 7 6 .

537 2454 94 43 “Of
657 2454 87 44 this
772 2454 132 51 book,
932 2454 73 43 the
1033 2453 100 44 first
1161 2453 167 44 edition
1355 2453 51 45 of
1432 2453 296 53 Nobodaddy,
1758 2454 124 44 there
1909 2454 114 44 have
2049 2455 110 42 been
2187 2455 176 52 printed
2390 2454 58 53 by

465 2511 75 43 the
573 2511 184 52 Pynson
787 2510 192 53 printers
1011 2510 51 44 of
1090 2511 116 42 New
1238 2510 130 44 York
1398 2525 132 29 seven
1559 2510 201 44 hundred
1789 2512 87 42 and
1906 2510 104 53 fifty
2041 2511 147 52 copies
2221 2526 58 28 on
465 2510 1961 104 handmade
620 2582 147 38 paper,
794 2566 51 46 of
868 2565 147 45 which
1042 2566 105 54 fifty
1172 2566 113 44 have
1313 2568 109 42 been
1448 2568 129 43 made
1603 2582 56 29 on
1686 2566 125 53 large
1838 2582 140 37 paper
2005 2569 86 42 and
2117 2569 244 42 numbered
2389 2569 59 51 by

462 2623 158 45 hand.”
679 2623 112 44 This
819 2639 113 37 copy
958 2622 236 54 “printer’s
1220 2638 113 37 copy
1359 2638 71 29 no.
1458 2623 64 45 4”.

462 2677 56 54 ©
545 2680 109 51 Apr.
687 2677 63 53 15,
781 2678 129 53 1926;
939 2679 63 43 2c.
1032 2680 86 42 and
1147 2679 77 43 aff.
1256 2680 111 51 May
1398 2678 74 52 19;
1504 2678 44 43 A
1577 2677 187 54 890856;
1796 2680 201 43 Dunster
2023 2680 152 43 house.
543 2735 268 53 (26-11044)

463 2821 186 71 Mayo
681 2817 199 74 clinic,
912 2821 358 68 Rochester,
1301 2819 195 57 Minn.

544 2910 309 58 Collected
901 2929 232 52 papers
1187 2910 67 56 of
1305 2910 103 57 the
1461 2910 187 71 Mayo
1701 2910 181 57 clinic
1932 2912 122 56 and
2105 2911 103 57 the
2263 2911 185 73 Mayo

464 2988 389 71 foundation,
888 2989 91 55 ed.
1014 2988 83 71 by
1128 2985 151 60 Mrs.
1316 2987 82 57 M.
1433 2988 79 55 H.
1548 2987 267 73 Mellish,
1848 2987 78 56 H.
1962 2988 244 57 Burton
2238 2989 210 72 Logie,

524 3064 1859 74 M . D ., and Charlotte E. Eigen Mann, B. A. V. 17, 1925 …
464 3143 439 71 Philadelphia
958 3143 122 56 and
1137 3142 277 72 London,
1469 3142 97 58 W.
1624 3143 69 56 B.
1752 3142 319 58 Saunders
2128 3161 320 53 company,

465 3222 162 55 1926.

533 3296 106 51 xvii,
669 3295 107 44 1078
800 3310 38 37 p.
901 3295 129 52 illus.,
1058 3294 81 45 col.
1230 3330 7 16 pl.,
1266 3296 154 50 tables,
1451 3297 164 51 diagrs.
1673 3295 57 43 24½
1763 3298 46 17 cm
1816 3331 8 7 .

464 3350 52 54 ©
545 3354 111 51 May
687 3353 62 51 14,
781 3352 105 43 1926
900 3367 10 37 ;
938 3352 63 43 2c.
1034 3353 110 51 May
1170 3352 79 52 20;
1278 3352 81 42 aff.
1388 3353 111 51 May
1525 3352 80 52 21;
1637 3351 42 43 A
1709 3351 189 53 890871;
1930 3353 74 43 W.
2039 3354 49 41 B.
2124 3351 226 48 Saunders
2382 3368 65 30 co.

466 3494 130 55 The
623 3492 558 73 merry-go-round.,
1263 3512 56 37 v.
1352 3493 52 70 3,
1435 3512 97 37 no.
1567 3494 50 72 7,
1651 3493 151 70 May
1833 3495 50 70 1,
1919 3494 164 55 1926.

463 3567 1963 111 © 1c. June 28, 1926; A ad int. 8302; pubd. May 1; Basil Blackwell, Oxford, England.
466 3710 389 72 [Messenger,
896 3709 53 59 R
1260 3709 402 74 W]

543 3799 195 70 Patty
777 3797 256 59 Cannon
1075 3798 401 59 administers
1517 3798 255 73 justice;
1816 3818 89 52 or,
1946 3800 116 57 Joe
2104 3799 346 58 Johnson’s

466 3876 124 56 last
618 3875 391 73 kidnapping
1041 3876 262 71 exploit;
1339 3896 35 38 a
1406 3878 123 56 tale
1564 3877 66 60 of
1660 3877 103 57 the
1796 3876 410 58 Del-Mar-Va
2237 3876 212 71 penin-
