2542 4285
0 0 0 0 226
342 348 218 72 Ayres,
594 348 211 58 Rollin
838 349 77 57 H.

423 442 129 57 The
593 460 288 40 measure
923 441 68 57 of
1032 461 37 37 a
1111 443 211 72 youth,
1362 444 84 71 by
1486 441 206 60 Rollin
1732 444 80 57 H.
1857 444 239 72 Ayres;
345 445 1960 132 introduction

633 518 1698 75 by Charles L. Mead … New York, Cincinnati,
346 596 933 72 The Abingdon press [ c 1926]
417 686 355 53 155 p. 17½ cm .
340 754 54 53 ©
419 755 106 43 Feb.
549 756 65 49 23,
646 754 129 52 1926;
802 755 63 42 2c.
893 756 87 42 and
1003 755 78 42 aff.
1109 755 119 43 Mar.
1259 755 73 51 10;
1364 755 43 42 A
1434 753 161 45 879791;
1653 757 52 42 R.
1736 758 61 41 H.
1824 757 162 51 Ayres,
2016 756 183 53 Pueblo,
2231 756 95 45 Col.

421 810 240 55 (26-6677)

343 908 284 73 Barclay,
666 908 197 59 Wade
904 907 346 73 Crawford,
1292 911 189 56 1874-

421 999 449 73 Organization
908 1001 123 56 and
1069 999 509 58 administration
1619 1000 65 56 of
1723 1000 104 56 the
1868 999 173 58 adult
341 1001 1965 147 department,

577 1075 1752 73 by Wade Crawford Barclay; a textbook in the
345 1154 319 58 Standard
710 1173 217 38 course
971 1154 65 56 in
1084 1154 250 57 teacher
1383 1154 297 73 training,
1729 1155 278 57 outlined
2055 1156 119 56 and
340 1175 1965 128 approved

618 1232 82 71 by
739 1232 107 56 the
883 1231 460 57 International
1385 1232 238 57 council
1663 1233 67 56 of
1772 1232 298 72 religious
341 1234 1962 147 education,

533 1309 481 71 Specialization
1056 1309 213 57 series.
1351 1309 165 74 [New
1552 1309 188 74 York]
1781 1309 266 59 Printed
2084 1310 103 58 for
2226 1311 102 58 the

342 1387 278 57 Teacher
659 1386 282 72 training
982 1386 364 73 publishing
1390 1386 376 59 association
1811 1388 83 71 by
1937 1389 104 57 the
2089 1387 236 59 Caxton

338 1483 181 52 press
554 1496 14 42 [
570 1472 19 22 c
593 1465 163 73 1926]

413 1553 77 45 179
520 1569 38 38 p.
619 1552 51 44 17
678 1556 47 17 cm
730 1587 10 9 .

338 1622 53 54 ©
419 1623 106 44 Feb.
557 1624 33 49 1,
622 1624 129 52 1926;
779 1624 65 42 2c.
873 1624 86 42 and
985 1624 77 42 aff.
1094 1624 118 42 Mar.
1245 1624 73 52 10;
1347 1624 44 42 A
1421 1623 189 53 879784;
1639 1626 74 43 W.
1745 1624 48 45 C.
1823 1625 205 53 Barclay,
2060 1623 266 46 Cincinnati.

417 1678 241 55 (26-6453)

340 1775 225 73 Belloc,
604 1776 261 73 Hilaire,
903 1780 190 56 1870-

415 1868 1912 74 A history of England, by Hilaire Belloc … v. 1. Pagan
339 1946 306 72 England.
722 1945 282 58 Catholic
1037 1946 322 72 England:
1396 1948 49 54 1.
1524 1947 127 55 The
1686 1945 156 58 dark
1878 1966 166 53 ages,
2120 1994 11 11 B.
2210 1993 11 10 C.
2257 1948 71 55 55

336 2023 1990 74 to A. D . 1066. New York & London, G. P. Putnam’s sons,
337 2103 164 55 1925.

404 2191 96 51 xiii,
530 2190 76 43 421
641 2205 38 37 p.
741 2190 125 44 front.
905 2191 166 53 (port.)
1111 2205 140 37 maps,
1281 2190 169 54 geneal.
1484 2190 156 44 tables.
1699 2190 55 43 22½
1787 2192 46 18 cm
1840 2224 8 8 .

335 2258 53 54 ©
418 2259 120 52 Sept.
568 2261 62 50 11,
660 2260 130 53 1925;
820 2261 64 43 2c.
911 2261 87 42 and
1021 2261 81 42 aff.
1133 2261 118 42 Mar.
1283 2259 64 53 17,
1378 2259 130 53 1926;
1540 2260 44 42 A
1611 2258 187 54 879879;
1832 2261 61 42 H.
1925 2259 168 53 Belloc,
2123 2259 201 50 London.

416 2316 240 54 (26-6531)

337 2415 251 71 Bethea,
620 2415 178 58 Jack.

415 2504 1908 73 The deep seam, by Jack Bethea … Boston and New
335 2583 190 74 York,
550 2582 340 73 Houghton
916 2582 215 57 Mifflin
1156 2601 322 56 company,
1506 2584 164 55 1926.

405 2675 625 52 4 p. l., [3]-314 p. 19½ cm .
334 2742 53 54 ©
419 2743 105 45 Feb.
561 2744 61 51 12,
659 2744 128 52 1926;
821 2745 63 42 2c.
919 2746 86 42 and
1038 2745 80 44 aff.
1151 2743 107 44 Feb.
1294 2742 73 53 15;
1403 2744 44 42 A
1481 2743 187 53 883690;
1703 2744 39 52 J.
1781 2743 181 51 Bethea,
1999 2742 324 53 Birmingham,

404 2801 102 43 Ala.
574 2800 242 54 (26-6638)

335 2897 359 74 Blakeman,
736 2898 267 60 Wilbert
1045 2899 64 58 C.

412 2989 296 59 Outlooks
752 3008 78 39 on
873 2989 167 71 God;
1086 3008 89 52 or,
1217 2989 60 55 A
1316 2989 194 56 house
1553 2989 67 57 of
1660 3007 189 52 many
1890 2987 313 76 windows,
2246 2988 81 72 by

331 3067 267 59 Wilbert
644 3066 64 59 C.
751 3067 358 57 Blakeman.
1192 3067 152 56 New
1384 3066 192 71 York,
1620 3065 371 74 Cincinnati,
2035 3066 130 58 The
330 3066 1973 152 Abingdon

593 3163 181 54 press
812 3147 199 71 [c1926]

406 3234 358 54 155 p. 17½ cm .
333 3291 53 54 ©
417 3292 105 44 Feb.
555 3294 32 50 1,
622 3292 128 52 1926;
780 3293 64 43 2c.
875 3294 86 42 and
991 3293 77 43 aff.
1104 3292 119 43 Mar.
1257 3292 73 51 10;
1364 3292 47 42 A
1439 3290 189 53 879786;
1661 3292 74 43 W.
1771 3290 48 45 C.
1854 3291 260 51 Blakeman,
402 3290 1901 112 Brooklyn.

559 3348 240 54 (26-6525)

333 3447 324 72 Boreham,
696 3446 216 57 Frank
947 3445 297 72 William,
1285 3448 189 57 1871-

408 3538 59 56 A
493 3539 222 70 faggot
744 3538 67 56 of
840 3537 247 57 torches;
1148 3539 166 55 texts
1344 3536 138 57 that
1510 3536 180 57 made
1719 3535 266 70 history,
2014 3535 83 71 by
2125 3535 70 56 F.
2229 3535 94 57 W.

330 3615 327 58 Boreham.
740 3615 151 57 New
932 3614 192 72 York,
1171 3613 373 72 Cincinnati,
1591 3614 128 57 The
1763 3612 336 73 Abingdon
2143 3630 180 54 press

333 3722 14 44 [
349 3704 17 20 c
370 3695 164 70 1926]

400 3769 362 54 268 p. 19½ cm .
330 3826 54 53 ©
415 3829 118 42 Mar.
568 3828 32 50 1,
638 3826 129 53 1926;
800 3828 63 42 2c.
896 3828 87 42 and
1014 3827 78 43 aff.
1127 3828 118 41 Mar.
1282 3825 73 51 10;
1391 3825 44 42 A
1467 3823 188 54 879792;
1689 3823 50 45 F.
1775 3825 74 43 W.
1884 3823 236 49 Boreham,
400 3823 1899 113 Armadale,

548 3883 221 51 Victoria,
805 3883 249 43 Australia.
1123 3881 242 55 (26-6523)
