2542 4285
1295 4038 146 55 1366

353 425 129 56 The
512 422 265 58 Federal
804 425 303 68 reporter.
1179 421 240 57 Second
1449 420 210 57 series.
1730 419 191 59 Cases
1953 420 236 72 argued
2217 420 125 57 and

429 500 385 58 determined
852 499 66 56 in
956 500 104 56 the
1103 498 240 58 Circuit
1381 501 208 54 courts
1632 498 65 57 of
1739 497 257 72 appeals
2039 498 122 57 and
428 496 1886 139 District

608 579 209 55 courts
852 577 66 57 of
952 578 103 56 the
1087 576 237 57 United
1359 576 212 57 States
1606 577 123 56 and
1763 575 103 57 the
1904 573 198 59 Court
2134 575 66 56 of
426 593 1889 134 appeals

650 656 66 55 of
764 656 103 56 the
916 654 270 57 District
1233 654 66 56 of
1351 652 338 73 Columbia,
1739 653 151 56 with
1936 653 408 71 key-number

430 734 417 56 annotations,
922 751 56 37 v.
1017 734 69 53 11
1134 731 135 71 (2d)
1343 730 410 72 April-June,
1792 732 164 55 1926.
2037 729 89 58 St.
2165 729 176 73 Paul,

427 811 177 57 West
635 809 362 72 publishing
1030 827 105 53 co.,
1172 810 163 56 1926.

423 885 1055 54 xxviii, 1093 p. incl. front. (map) 26 cm .
355 943 52 53 ©
435 946 117 51 Aug.
586 946 64 51 19,
682 944 128 51 1926;
841 944 65 42 2c.
938 944 107 43 Dec.
1073 943 51 52 2;
1155 943 78 43 aff.
1266 943 118 43 Nov.
1413 942 79 52 29;
1524 943 44 42 A
1597 940 188 54 958176;
1817 943 133 44 West
1979 941 100 54 pub.
2111 956 65 29 co.

355 1057 288 73 Fernald,
683 1058 257 58 Charles
975 1058 234 73 Henry.

439 1147 1910 74 Salesmanship, by Charles H. Fernald … New York,
359 1226 482 69 Prentice-Hall,
879 1226 135 73 inc.,
1053 1227 164 56 1926.

430 1305 93 52 xiii,
554 1303 81 45 478
667 1319 38 37 p.
739 1304 101 44 incl.
873 1303 128 51 illus.,
1033 1303 159 45 forms.
1250 1304 151 43 23½cm.

355 1360 55 54 ©
443 1362 100 43 Oct.
579 1360 62 52 15,
676 1360 128 52 1926;
837 1361 63 43 2c.
934 1361 87 43 and
1051 1361 78 43 aff.
1164 1361 119 43 Nov.
1313 1360 79 52 20;
1427 1361 44 42 A
1502 1358 189 54 957172;
1729 1358 360 54 Prentice-Hall,
2123 1359 82 45 inc.

435 1419 267 55 (26-21338)

358 1520 214 71 Ferry,
610 1518 209 58 David
852 1517 298 60 William.

439 1607 1848 73 Back to the home, by Rev. David William Ferry …
363 1686 150 57 New
542 1686 188 73 York,
768 1685 242 72 George
1043 1685 78 56 H.
1156 1685 216 58 Doran
1407 1704 304 52 company
1746 1714 13 43 [
1763 1693 18 22 c
1784 1685 164 73 1926]

432 1761 735 57 ix p., 3 l., 17-142 p. 19½c m .
361 1819 52 54 ©
437 1822 116 42 Nov.
584 1819 60 49 15,
675 1820 128 52 1926;
830 1821 63 42 2c.
920 1821 118 42 Nov.
1062 1820 79 52 22;
1168 1821 77 43 aff.
1272 1820 118 44 Nov.
1420 1820 74 52 16;
1522 1820 44 42 A
1591 1819 188 54 958070;
1811 1819 177 54 George
2014 1821 62 42 H.
2104 1820 157 43 Doran
2287 1834 65 30 co.

438 1877 268 56 (26-21336)

362 1976 194 73 Field,
600 1977 231 58 Rachel
873 1977 256 73 Lyman,
1175 1979 189 57 1894-

436 2069 190 57 Taxis
692 2070 123 58 and
880 2068 348 61 toadstools;
1325 2090 215 40 verses
1607 2071 123 58 and
1796 2068 414 74 decorations,
2274 2071 81 72 by

359 2149 233 58 Rachel
633 2145 197 62 Field.
915 2147 253 61 Garden
1211 2147 162 75 City,
1415 2149 74 57 N.
1532 2149 93 73 Y.,
1667 2149 387 74 Doubleday,
2097 2149 171 73 Page
2309 2148 47 58 &

360 2245 105 54 co.,
496 2226 164 58 1926.

431 2303 1757 54 xii p., 1 l., 129 p. incl. illus., plates, col. front., col. plates. 20 ½ cm .
364 2357 53 53 ©
449 2359 99 43 Oct.
574 2359 78 49 22,.
674 2358 107 43 1926;
832 2359 63 42 2c.
926 2360 86 42 and
1040 2359 78 43 aff.
1150 2359 117 43 Nov.
1297 2359 78 51 22;
1406 2360 43 41 A
1478 2358 189 53 958078;
1701 2360 279 52 Doubleday,
2012 2360 127 52 Page
2166 2361 38 43 &
2233 2375 66 29 co.

443 2415 269 55 (26-21358)

365 2514 272 74 Fischer,
682 2515 337 72 Hermann,
1064 2518 189 57 1867-

439 2608 140 57 Life
616 2609 68 58 of
714 2609 245 58 Arnold
993 2607 295 74 Janssen,
1322 2610 270 59 founder
1628 2612 66 56 of
1727 2612 105 58 the
1867 2611 252 74 Society
2154 2612 67 59 of
2255 2613 104 57 the

364 2686 206 60 divine
610 2689 174 56 word
825 2688 123 58 and
988 2688 68 58 of
1096 2687 104 58 the
1240 2684 383 77 missionary
1663 2688 445 74 congregation
2148 2691 68 58 of
2255 2691 104 57 the

366 2763 1755 77 Servants of the Holy Ghost, by Herman Fischer, S. V. D.,
364 2842 353 60 translated
773 2844 167 58 from
997 2843 104 58 the
1161 2842 274 60 German
1488 2844 84 71 by
1627 2843 340 61 Frederick
2021 2846 84 58 M.
2164 2847 195 73 Lynk,

582 2918 1563 77 S. V. D. Techny, Ill., Mission press, S. V. D., 1925.
435 2997 1291 52 vi p., 2 l., [3]-520 p. front., plates, ports. 21½cm.
369 3052 52 54 ©
461 3053 118 52 Sept.
621 3053 62 51 10,
723 3051 129 52 1925;
890 3053 64 42 2c.
993 3053 85 42 and
1115 3052 78 43 aff.
1233 3052 118 44 Nov.
1389 3052 66 52 22,
1496 3053 130 52 1926;
1664 3054 44 42 A
1746 3053 190 54 958097;
1979 3054 182 56 Society
2197 3058 52 43 of
2285 3058 75 46 the

440 3110 163 44 Divine
640 3110 161 52 Word,
839 3109 200 53 Techny,
1076 3109 69 44 Ill.
1215 3109 270 54 (26-21360)

369 3208 284 58 Fleuron.
701 3209 226 71 Svend,
974 3211 189 56 1874-

369 3299 1931 147 … Sigurd Torleifsons heste; roman fra Island. København,
711 3376 365 74 Gyldendal,
1117 3377 276 58 Nordisk
1430 3378 227 75 forlag,
1700 3381 163 56 1926.

438 3454 620 55 214, [1] p. illus. 21 cm .
441 3512 64 43 At
535 3512 114 43 head
679 3511 50 43 of
761 3511 97 43 title:
923 3510 150 47 Svend
1106 3510 209 46 Fleuron.

442 3568 177 53 “Oplag:
684 3566 111 46 4000
830 3568 344 54 eksemplarer.”

372 3623 1992 63 © Sept. 25, 1926; 1c. Nov. 15; A— Foreign 32172; Gyldendalske boghandel,
444 3683 205 43 Nordisk
686 3682 163 53 forlag.

373 3781 272 74 Frappa,
686 3783 162 58 Jean
885 3783 165 73 José,
1094 3786 186 57 1882-

520 3873 1844 82 … A Paris, sous l’œil des métèques! roman. Paris,
375 3950 72 57 E.
484 3950 426 59 Flammarion
948 3983 13 44 [
963 3961 19 22 c
985 3955 164 73 1926]
