2542 4285
1382 3952 114 57 398

452 319 319 74 Sherman,
810 323 220 58 Stuart
1063 324 198 71 Pratt,
1300 328 189 56 1881-

526 409 259 59 Critical
811 413 334 70 woodcuts,
1172 414 84 71 by
1285 415 220 57 Stuart
1539 414 335 74 Sherman;
1903 419 357 58 illustrated
2287 421 148 57 with

448 489 305 68 portraits
801 491 315 71 engraved
1159 511 77 37 on
1279 493 177 57 wood
1497 494 82 71 by
1621 493 317 58 Bertrand
1980 496 212 73 Zadig.
2287 498 147 56 New

447 565 188 71 York,
668 566 277 72 London,
980 564 64 61 C.
1082 567 353 60 Scribner’s
1472 590 162 52 sons,
1670 572 164 58 1926.

517 654 1183 58 xiv p., 2 l., 3-348 p. incl. ports. front. 21 cm .
519 725 124 45 “The
674 741 151 37 essays
855 725 47 44 in
930 726 91 45 this
1050 727 182 44 volume
1261 743 119 29 were
1410 729 60 43 all
1501 729 175 53 printed
1707 730 46 44 in
1786 731 193 51 ‘Books’,
2010 732 76 44 the
2116 732 189 54 literary
447 746 1968 91 supplement

669 783 50 43 of
748 782 73 44 the
854 781 175 47 Herald
1055 784 194 51 tribune,
1280 785 43 43 in
1359 786 103 43 1924
1493 786 86 45 and
1615 785 375 47 1925.”—Introd.

445 850 52 54 ©
531 853 117 42 Mar.
685 854 61 49 12,
784 853 128 51 1926;
947 854 64 44 2c.
1046 855 110 50 Apr.
1195 853 73 53 15;
1305 855 78 44 aff.
1417 856 112 52 Apr.
1566 857 49 51 9;
1651 858 45 40 A
1731 855 188 54 891025;
1959 857 188 46 Charles
2184 858 249 47 Scribner’s

513 924 116 28 sons.
699 908 241 55 (26-8769)

448 1006 366 70 Silverman,
848 1008 374 70 Alexander,
1262 1012 190 56 1881-

522 1098 58 57 A
613 1098 193 58 series
841 1100 68 55 of
941 1117 187 40 seven
1161 1100 177 57 radio
1369 1100 164 57 talks
1566 1120 77 38 on
1677 1101 338 72 chemistry
2050 1103 122 58 and
2203 1104 230 57 human

444 1194 300 53 progress
790 1175 179 71 (with
1009 1178 185 56 select
1232 1177 520 73 bibliographies)
1798 1179 84 72 by
1917 1179 358 59 Alexander

444 1178 1991 154 Silverman … Charles G. King … Kendall S. Tesh … [and
446 1330 226 74 others]
758 1330 508 74 Bibliographies
1314 1332 315 72 prepared
1672 1333 67 55 in
1788 1332 447 61 collaboration
2282 1335 148 57 with

444 1407 104 57 the
583 1408 154 56 staff
773 1409 67 55 of
874 1409 102 56 the
1017 1409 397 72 Technology
1447 1410 396 71 department
1881 1411 66 56 of
1983 1411 103 57 the
2127 1411 304 74 Carnegie

443 1484 1553 78 library of Pittsburgh … [Pittsburgh, c 1926]
513 1560 52 45 57
598 1575 39 38 p.
697 1561 53 44 24
757 1564 46 18 cm
810 1596 8 8 .
887 1561 292 55 (University
1212 1563 51 44 of
1299 1562 281 55 Pittsburgh.
1643 1564 146 44 Radio
1823 1563 275 53 publication
2129 1579 71 29 no.
2234 1565 79 53 21)

514 1618 276 43 “Broadcast
818 1618 118 43 from
962 1617 73 46 the
1060 1619 267 52 University
1353 1619 51 44 of
1431 1618 267 54 Pittsburgh
1724 1620 147 44 studio
1895 1621 50 43 of
1969 1620 202 52 KDKA,

441 1618 1970 102 Westinghouse
610 1674 179 43 electric
819 1676 37 42 &
884 1674 371 52 manufacturing
1284 1689 233 38 company,
1549 1675 280 53 Pittsburgh,
1864 1675 371 54 Pennsylvania.”

514 1728 175 46 “Select
723 1729 341 55 bibliography”
1097 1739 45 35 at
1174 1733 84 42 end
1289 1732 50 43 of
1372 1731 108 46 each
1515 1731 109 44 talk.

439 1784 53 54 ©
522 1786 117 43 Mar.
668 1788 67 50 31,
765 1787 128 51 1926;
921 1787 65 43 2c.
1015 1789 88 42 and
1130 1789 79 41 aff.
1239 1789 110 50 Apr.
1383 1788 72 52 10;
1487 1789 43 41 A
1558 1788 188 52 889843;
1779 1788 263 53 University
2070 1788 51 45 of
2151 1786 280 56 Pittsburgh,

508 1841 281 54 Pittsburgh.
857 1842 243 56 (26-8889)

442 1941 326 73 Simmons,
811 1942 169 57 John
1021 1942 152 57 Bell.

518 2032 402 72 Callaghan’s
970 2032 356 59 Wisconsin
1379 2034 222 72 digest,
1652 2034 295 72 covering
1996 2036 99 55 181

441 2031 1967 140 Wisconsin—186
765 2110 357 58 Wisconsin
1166 2113 124 55 and
1332 2113 107 54 195
1484 2111 491 72 Northwestern,
2017 2112 68 55 P.
2133 2114 299 54 721—205

439 2187 491 72 Northwestern,
965 2188 67 57 P.
1068 2190 126 54 624.
1270 2191 146 54 1926
1454 2188 409 72 supplement,
1900 2188 363 73 continuing
437 2185 1973 154 Callaghan’s

773 2264 248 59 revised
1067 2266 456 70 supplemental
1568 2266 220 72 digest.
1872 2267 115 56 Ed.
2033 2267 82 70 by
438 2262 1970 140 publishers’

613 2342 293 57 editorial
952 2342 169 58 staff.
1210 2343 291 72 Chicago,
1547 2340 345 61 Callaghan
1938 2344 125 56 and
2109 2361 323 56 company,

437 2421 165 54 1926.

503 2495 81 43 263
616 2510 38 37 p.
713 2496 55 42 26
774 2499 47 17 cm
827 2531 8 7 .

437 2549 52 54 ©
520 2552 116 42 Mar.
664 2550 66 52 27,
765 2552 127 52 1926;
923 2552 66 44 2c.
1021 2553 87 42 and
1137 2554 78 41 aff.
1246 2554 111 50 Apr.
1391 2554 45 50 1;
1469 2552 44 43 A
1545 2550 186 55 883845;
1767 2552 251 53 Callaghan
2048 2554 37 42 &
2115 2568 64 29 co.

440 2648 221 74 Smith,
704 2649 271 69 Clifford
1012 2649 310 75 Peabody,
1364 2653 188 58 1869-

514 2741 90 58 La
637 2742 234 57 science
905 2740 373 74 chrétienne,
1343 2741 248 74 évangile
1624 2743 81 57 du
1736 2761 295 53 royaume
2073 2740 354 77 (Christian

441 2819 266 58 science:
739 2820 104 57 the
877 2822 218 71 gospel
1126 2821 66 56 of
1224 2820 104 57 the
1358 2819 324 74 kingdom)
1725 2821 362 57 conference
2119 2821 157 58 faite
2308 2840 120 53 par

445 2895 1695 77 (a lecture delivered by) le juge Clifford P. Smith …
438 2896 1968 153 Boston,
620 2976 217 73 Mass.,
893 2977 130 57 The
1083 2977 318 57 Christian
1461 2975 238 62 science
1754 2977 361 71 publishing
2172 2977 254 72 society,

433 3061 19 24 c
455 3055 163 56 1926.

501 3133 65 51 24,
592 3133 110 43 2-24
729 3149 39 36 p.
858 3130 22 45 15½
917 3134 46 18 cm
970 3167 8 10 .

508 3188 190 54 English
721 3190 88 42 and
832 3188 178 45 French
1033 3205 57 28 on
1116 3189 204 52 opposite
1346 3204 149 38 pages,
1521 3189 244 44 numbered
1792 3191 43 42 in
1862 3190 234 51 duplicate.

433 3243 54 54 ©
516 3246 111 50 Apr.
661 3246 31 46 1,
730 3245 127 51 1926;
887 3244 65 44 2c.
984 3246 89 43 and
1101 3245 78 44 aff.
1211 3247 110 50 Apr.
1356 3244 47 53 5;
1437 3246 43 41 A
1513 3245 186 53 889813;
1736 3245 230 44 Christian
1999 3244 173 46 science
2203 3245 99 52 pub.
2337 3261 87 28 soc.

511 3301 241 54 (26-8840)

439 3401 208 70 Speer,
687 3398 233 58 Robert
956 3398 238 73 Elliott,
1236 3401 189 58 1867-

580 3488 1845 76 … The unfinished task of foreign missions, by Robert
437 3567 74 58 E.
551 3567 215 73 Speer.
849 3568 151 58 New
1036 3568 191 74 York,
1269 3566 269 74 Chicago
1580 3570 145 72 [etc.]
1764 3569 288 71 Fleming
2089 3568 78 57 H.
2208 3567 215 58 Revell

436 3665 306 53 company
772 3676 12 43 [
786 3654 20 22 c
809 3647 164 71 1926]

505 3723 76 45 351
627 3740 40 38 p.
727 3726 48 42 21
786 3727 46 17 cm
840 3760 8 8 .
917 3724 176 54 (James
1141 3724 169 53 Sprunt
1352 3723 204 55 lectures,
1601 3724 115 45 1926.
1777 3725 155 43 Union
1977 3721 268 56 theological
429 3719 1969 117 seminary,
582 3781 267 51 Richmond,
878 3781 236 54 Virginia)

431 3832 1934 60 © Feb. 6, 1926; 2c. and aff. Apr. 14; A 890330; Fleming H. Revell co. (26-8839)
