2542 4285
1082 4044 148 57 1521

168 419 318 63 Arundale,
519 418 225 63 George
773 417 59 54 S.

233 497 277 67 Nirvana,
535 497 76 68 by
639 494 221 70 George
889 492 57 57 S.
974 494 314 53 Arundale.
1354 492 271 69 Chicago,
1652 492 122 53 The
163 492 1966 136 Theosophical

274 593 158 50 press
464 606 14 36 [
482 580 18 22 c
504 576 151 64 1926]

237 652 950 52 7 p. l ., 192 p. front., diagr. 19½cm.
165 705 56 55 ©
245 713 113 40 Dec.
384 710 69 49 15,
481 710 114 41 1926;
651 710 68 40 2c.
749 710 95 40 and
872 709 82 41 aff.
982 710 113 40 Dec.
1125 709 56 40 27;
1238 708 43 39 A
1307 708 174 42 957807;
1538 707 257 41 American
1822 708 333 48 theosophical

236 777 109 38 soc.,
381 766 223 48 Chicago.
673 766 222 48 (27-436)

165 860 256 63 Ballard,
453 861 286 52 Emerson
771 860 344 63 Etheridge,
1151 862 171 49 1865-
1463 860 83 52 ed.

238 938 249 53 Indiana
538 937 314 54 references
903 939 113 51 and
1069 937 379 52 annotations.
1538 935 375 69 Supplement
1964 954 89 35 no.
2107 940 46 63 5,

167 1011 1962 149 August, 1926 … Edited by Emerson E. Ballard … Crawfordsville,
517 1093 1347 68 Ind., National annotating company [ c 1926]
234 1173 86 42 105
342 1186 44 38 p.
444 1175 58 40 25
503 1177 45 22 cm
552 1206 9 10 .

163 1225 56 55 ©
246 1231 121 48 Aug.
396 1230 69 49 18,
496 1230 115 42 1926;
669 1231 69 41 2c.
769 1232 96 39 and
895 1231 82 41 aff.
1006 1232 114 40 Dec.
1150 1231 57 40 27;
1265 1230 42 40 A
1337 1229 175 42 958500;
1572 1231 54 40 E.
1658 1231 55 40 E.
1744 1230 218 47 Ballard,
233 1230 1907 106 Crawfordsville,

539 1288 104 41 Ind.

162 1382 244 63 Barber,
438 1382 203 64 Harry
674 1382 61 55 C.

299 1459 1854 71 … Everyday algebra for the ninth school year, by Harry C.
163 1537 1967 147 Barber … Boston, New York [etc.] Houghton Mifflin company [ c 1926]
231 1697 85 49 xii,
348 1698 89 40 414
466 1707 45 39 p.
568 1698 144 47 illus.,
746 1698 181 48 diagrs.
986 1697 146 42 19½cm.
1202 1697 199 48 (Junior
1434 1697 118 49 high
1586 1698 162 40 school
1779 1697 368 49 mathematics)

162 1748 57 55 ©
250 1754 114 41 Dec.
398 1754 70 48 21,
505 1753 115 42 1926;
683 1754 67 41 2c.
786 1756 112 39 Dec.
934 1755 57 40 27;
1058 1754 82 41 aff.
1178 1755 113 39 Dec.
1325 1754 57 40 23;
1447 1754 43 39 A
1523 1753 173 42 957823;
1763 1754 63 41 H.
1864 1753 51 42 C.
1953 1754 201 49 Barber,

232 1810 136 41 West
396 1811 217 47 Newton,
645 1812 148 39 Mass.
856 1805 67 55 [©
953 1810 212 41 revision
1196 1812 96 39 and
1323 1810 236 49 addition]
1632 1810 221 49 (27-322)

161 1904 267 63 Bramer,
465 1904 155 54 John
657 1904 214 65 Philip.

231 1983 56 53 A
316 1983 232 54 treatise
580 1984 203 69 giving
811 1985 98 52 the
938 1983 240 69 history,
1211 1983 398 70 organization
1641 1984 114 53 and
163 1983 1966 132 administration

326 2061 1830 71 of parole, by John Philip Bramer … New York city
166 2142 140 67 [The
339 2141 207 69 Irving
580 2160 174 50 press,
788 2147 18 22 c
812 2143 151 65 1926]

231 2223 70 49 99,
331 2222 56 52 [5]
413 2234 46 38 p.
485 2223 110 41 incl.
620 2224 170 40 forms.
852 2222 147 43 18½cm.

233 2279 310 42 Cover-title:
570 2280 189 41 Parole.

234 2335 71 41 “A
326 2336 339 48 bibliography
689 2335 53 41 of
766 2335 194 49 parole”
979 2346 10 30 :
1018 2347 45 37 p.
1091 2335 159 42 91-93.

162 2387 56 54 ©
249 2393 120 41 Nov.
401 2392 71 49 29,
507 2392 115 41 1926;
684 2393 69 40 2c.
787 2393 96 40 and
917 2392 82 41 aff.
1032 2393 114 41 Dec.
1181 2393 55 39 11;
1301 2392 42 40 A
1377 2392 175 42 958346;
1616 2394 43 40 J.
1695 2394 51 40 P.
1783 2395 220 47 Bramer,
2038 2394 119 42 New

231 2449 146 41 York.
446 2448 222 50 (27-305)

160 2529 273 65 Bringer,
469 2529 319 65 Rodolphe,
826 2528 172 56 1871-

294 2607 1802 72 … Un joli jeune homme, roman. Paris, A. Michel [1926]
231 2693 89 41 256
347 2704 44 38 p.
453 2691 117 43 19cm.

160 2741 59 55 ©
244 2747 121 49 Aug.
396 2748 40 47 1,
465 2746 115 42 1926;
667 2758 38 30 1c.
740 2746 128 49 Sept.
900 2746 56 41 27;
1013 2747 103 39 A—
1117 2746 209 48 Foreign
1355 2746 145 41 31932;
1560 2747 144 41 Albin
1737 2748 191 43 Michel.

241 2803 223 49 (27-293)

160 2884 337 64 Browning,
533 2884 241 62 Robert,
813 2886 326 51 1812-1889.

232 2962 122 54 The
380 2962 134 69 pied
540 2962 166 68 piper
731 2961 66 53 of
821 2961 292 68 Hamelin,
1139 2961 77 69 by
1243 2963 216 52 Robert
1488 2963 317 71 Browning;
1863 2965 143 54 with
2033 2968 122 53 The

162 3041 141 70 king
345 3040 65 54 of
449 3042 97 52 the
588 3040 224 55 Golden
854 3040 195 67 River,
1092 3040 77 69 by
1211 3040 156 54 John
1411 3040 252 68 Ruskin;
1709 3042 327 56 illustrated
2078 3045 77 69 by

162 3121 248 52 Frances
436 3119 325 69 Brundage.
824 3118 221 68 Akron,
1072 3117 86 69 O.,
1187 3118 139 53 New
1354 3118 179 68 York,
1562 3119 121 54 The
1712 3118 273 58 Saalfield
159 3123 1971 145 publishing

409 3216 280 50 company
730 3231 14 34 [
747 3204 18 22 c
771 3199 152 66 1926]

237 3280 114 51 [169]
393 3291 45 38 p.
499 3281 87 40 col.
627 3280 165 46 front.,
834 3279 131 41 illus.
1027 3279 118 40 21cm.
1218 3278 301 49 (Half-title:
1561 3279 90 42 Old
1693 3281 118 40 trail
1854 3281 176 49 series)

161 3331 57 55 ©
243 3338 126 40 June
396 3337 70 47 23,
496 3335 115 41 1926;
668 3336 67 40 2c.
762 3337 113 39 Dec.
904 3334 57 41 29;
1016 3334 85 42 aff.
1129 3335 113 40 Dec.
1271 3334 57 41 30;
1384 3335 43 39 A
1454 3334 174 42 957888;
1689 3335 230 44 Saalfield
1949 3341 109 46 pub.
2087 3353 69 30 co.

241 3392 223 50 (27-314)

160 3475 217 61 Burns,
415 3472 241 63 Robert,
699 3470 325 56 1759-1796.

293 3548 1863 73 … The complete writings of Robert Burns … [Boston and
162 3631 140 53 New
330 3629 181 67 York,
538 3628 318 68 Houghton
885 3626 205 53 Mifflin
1118 3645 297 50 company,
1446 3631 151 64 1926]

232 3710 28 42 5
284 3723 44 29 V.
386 3711 176 39 fronts,
589 3710 68 48 (v.
682 3709 54 40 1:
766 3707 149 50 port.)
951 3708 172 49 plates,
1148 3708 120 41 fold,
1293 3708 219 42 facsims.
1569 3710 117 42 23™.

235 3768 254 43 Half-title;
543 3767 120 41 each
686 3767 192 40 volume
903 3767 90 39 has
1019 3766 105 39 also
1149 3765 181 48 special
1355 3767 100 48 t.-p.

236 3828 66 40 At
325 3826 126 41 head
477 3824 54 42 of
553 3823 238 41 half-title
809 3834 9 29 :
847 3822 156 48 Large
1029 3832 150 38 paper
1206 3821 199 42 edition.

238 3882 147 41 “This
422 3880 184 43 edition
642 3879 44 41 is
722 3878 190 41 limited
949 3880 50 39 to
1037 3888 146 30 seven
1218 3878 222 40 hundred
1478 3880 97 39 and
1611 3880 113 50 fifty
1758 3885 161 49 copies
1955 3889 82 41 for
2072 3893 83 41 the

163 3940 181 43 United
378 3938 163 43 States
574 3937 52 41 of
657 3934 225 42 America
915 3935 96 39 and
1045 3936 96 38 two
1173 3933 223 41 hundred
1428 3935 96 40 and
1555 3935 113 50 fifty
1700 3940 160 49 copies
1891 3944 80 41 for
2005 3947 150 44 Great

162 3995 240 43 Britain.”
