2542 4285
1098 4028 148 57 1515

345 471 308 69 The stolen son. chap. 6-7.
265 552 87 51 (In
375 551 201 43 London
602 549 201 52 Sunday
830 549 231 51 express)

179 602 1968 112 © 1c. Dec. 20, 1926; A ad int. 8 861; pubd. Oct. 24; W. Deeping, Weybridge,
464 666 191 46 Surrey,
690 664 238 47 England.

179 745 260 62 Dennys.
468 744 232 62 Mayne.

248 820 121 53 The
395 821 221 68 dragon
638 825 147 63 gate.

262 899 87 46 (In
373 898 273 53 Sovereign
674 897 276 53 magazine,
979 897 125 43 Nov.,
1149 897 144 47 1926)

179 952 53 54 ©
288 969 39 30 1c.
354 959 112 39 Dec.
495 957 68 48 15,
590 956 115 41 1926;
760 957 41 38 A
828 957 62 39 ad
919 956 87 40 int.
1035 955 115 41 8847;
1207 955 143 48 pubd.
1381 955 103 40 Oct.
1513 953 56 40 20;
1630 952 131 49 Sybil
1792 953 252 46 Turnbull,
2075 953 91 41 Sea

248 1013 148 49 View,
427 1014 242 47 Prospect,
700 1012 258 40 Bermuda.

176 1093 210 63 Dillon,
421 1093 155 54 John
608 1093 56 53 A
972 1092 171 54 1872-

246 1172 151 53 Doc:
440 1170 165 68 facts,
647 1169 183 55 fables
873 1171 114 52 and
1030 1168 205 55 foibles
1299 1170 94 69 [by]
1438 1169 158 55 John
1634 1169 72 53 A.
1747 1169 219 67 Dillon,
2064 1210 10 10 M.
2154 1210 10 10 D.

178 1247 903 71 Boston, R. G. Badger [ c 1926]
250 1333 86 41 168
366 1344 45 37 p.
473 1332 146 41 19½cm.

249 1389 717 41 Lettered on cover : ℞ Doc ℞
249 1447 120 39 Part
393 1446 53 40 of
470 1445 82 40 the
577 1446 221 39 contents
823 1444 53 41 of
899 1444 100 40 this
1023 1444 124 40 book
1171 1444 90 39 has
1287 1443 245 48 appeared
1556 1442 52 40 in
1634 1442 81 40 the
1739 1442 197 40 Kansas
1960 1442 203 40 medical

175 1502 209 48 journal,
413 1501 153 40 under
593 1502 82 39 the
700 1511 111 30 nom
839 1501 58 40 de
922 1501 162 47 plume
1111 1500 53 40 of
1190 1499 182 48 Renige
1398 1499 118 40 Ade.
1578 1498 62 49 cf.
1665 1498 133 42 Pref.

177 1552 54 53 ©
253 1557 119 41 Nov.
394 1557 69 47 24,
488 1556 114 40 1926;
654 1556 68 40 2c.
746 1557 114 39 Dec.
883 1556 56 38 21;
994 1554 83 42 aff.
1101 1556 113 39 Dec.
1238 1553 57 41 18;
1344 1554 44 40 A
1413 1553 174 42 958439;
1640 1553 215 41 Richard
1883 1553 54 42 G.
1960 1554 207 47 Badger.

259 1612 222 49 (27-242)

177 1693 257 62 Duryea,
469 1690 153 54 John
656 1691 249 63 Burton,
944 1694 171 49 1864-

244 1770 187 55 When
471 1775 60 48 to
570 1775 128 62 stop
738 1767 245 70 talking,
1022 1769 114 52 and
1177 1768 164 53 other
1382 1787 187 50 essays
1610 1786 73 35 on
1723 1768 105 54 life
1869 1768 299 53 insurance

176 1847 439 68 salesmanship;
657 1864 151 35 some
846 1846 263 53 intimate
1149 1845 197 54 advice
1385 1852 60 47 to
1484 1845 107 54 life
1628 1846 425 67 underwriters,
2091 1846 77 69 by

176 1923 1991 70 J. B. Duryea … Cincinnati, Chicago [etc.] The National
176 2000 1870 64 underwriter co.; Indianapolis, The Rough notes co. [ c 1926]
249 2043 419 94 3p.l., 212p. 19cm.
175 2136 58 54 ©
266 2144 113 38 Dec.
413 2142 70 47 21,
518 2140 115 40 1926;
697 2140 68 40 2c.
800 2140 96 39 and
932 2138 82 42 aff.
1051 2140 113 39 Dec.
1199 2139 57 39 27;
1322 2139 43 39 A
1399 2138 175 41 958496;
1641 2140 44 40 J.
1722 2140 56 40 B.
1816 2141 212 47 Duryea,
2071 2141 97 40 San

249 2197 274 41 Francisco.
591 2195 224 50 (27-252)

176 2276 272 64 Erskine,
485 2276 289 65 Marjory.

249 2355 230 54 Mother
529 2355 339 68 Philippine
915 2355 316 66 Duchesne,
1278 2354 76 69 by
1400 2354 264 69 Marjory
1714 2355 264 69 Erskine,
2027 2357 142 52 with

180 2433 1988 69 an introduction by Most Reverend John J. Glennon … New
180 2512 164 53 York
377 2517 137 63 [etc.]
545 2512 345 68 Longmans,
918 2510 188 54 Green
1134 2511 114 52 and
1279 2528 98 50 co.,
1407 2514 150 49 1926.

253 2590 1109 52 xiii, 400 p. front. (port.) plates. 24cm.
176 2644 55 54 ©
257 2653 113 39 Dec.
395 2651 69 47 10,
491 2650 141 47 1926;
660 2649 68 40 2c.
756 2650 97 39 and
878 2649 81 40 aff.
987 2650 113 39 Dec.
1126 2649 83 47 23;
1238 2649 41 39 A
1305 2648 201 48 957775;
1536 2650 287 48 Longmans,
1854 2650 156 40 Green
2037 2651 37 40 &
2100 2661 69 31 co.

258 2706 222 49 (27-271)

179 2787 121 52 The
334 2786 245 53 Federal
615 2793 271 61 reporter.
960 2784 219 56 Second
1214 2786 185 52 series.
1473 2785 168 55 Cases
1677 2789 215 67 argued
1927 2788 113 52 and
247 2788 1897 129 determined

551 2864 61 52 in
636 2864 98 53 the
761 2863 218 54 Circuit
1008 2869 187 47 courts
1223 2863 64 53 of
1312 2864 234 68 appeals
1574 2866 112 52 and
1710 2865 247 53 District
1981 2871 189 48 courts

251 2941 65 54 of
346 2942 97 53 the
475 2942 218 54 United
730 2941 188 55 States
954 2942 113 52 and
1102 2942 96 52 the
1235 2941 180 54 Court
1447 2941 65 54 of
1546 2942 233 69 appeals
1812 2942 65 54 of
1909 2943 97 53 the
250 2944 1896 129 District

424 3019 1746 69 of Columbia, with key-number annotations … v. 12
263 3097 127 70 (2d)
475 3096 434 70 June-August,
950 3100 149 49 1926.
1176 3096 84 56 St.
1299 3099 167 67 Paul,
1503 3099 160 53 West
1698 3098 338 71 publishing
2073 3118 98 51 co.,

251 3179 150 49 1926.

248 3255 1040 50 xxvii, 1089 p. incl. front. (map) 26 cm .
181 3307 55 54 ©
261 3313 102 42 Oct.
388 3314 40 46 1,
456 3312 114 41 1926;
625 3314 67 39 2c.
721 3314 112 40 Dec.
860 3313 56 40 16;
972 3313 83 41 aff.
1084 3314 112 40 Dec.
1224 3314 57 38 15;
1337 3314 42 39 A
1407 3313 173 41 957676;
1639 3316 135 39 West
1800 3315 110 48 pub.
1939 3326 70 31 co.

178 3386 297 62 Ferreres,
513 3386 154 53 Juan
705 3386 299 53 Bautista.

181 3464 1962 147 Instituciones can ó nicas con arreglo al Código de P í o x promulgado
486 3561 105 49 por
624 3542 310 53 Benedicto
968 3561 76 33 xv
1075 3561 38 50 y
1146 3561 31 33 a
1210 3543 85 52 las
1331 3542 444 69 prescripciones
1811 3544 80 56 de„
1913 3543 56 53 la
183 3543 1962 146 disciplina

390 3621 266 67 española
699 3638 38 51 y
780 3621 69 52 de
890 3621 53 52 la
993 3620 267 53 América
1303 3620 201 68 latina,
1548 3640 106 49 por
1696 3623 50 52 el
1789 3622 67 53 P.
1900 3621 159 55 Juan
2100 3623 68 52 B.

183 3699 282 66 Ferreres,
525 3741 10 9 S.
600 3741 9 9 J.
684 3702 49 49 4.
762 3699 104 67 ed.,
894 3716 109 35 cor.
1033 3717 37 50 y
1099 3716 147 35 aum.
1286 3698 196 69 (desde
1509 3700 49 51 el
1588 3702 105 50 13.°
1721 3700 54 52 al
1807 3702 105 50 16.°
1938 3699 221 69 millar)

245 3775 1029 69 … Barcelona, E. Subirana, 1926.
257 3857 770 49 2 v. front. (facsim.) 22cm.
181 3908 55 55 ©
271 3914 101 43 Oct.
407 3917 39 46 1,
484 3914 140 43 1926;
691 3926 39 29 1c.
765 3915 120 40 each
921 3915 119 41 Nov.
1078 3914 82 48 29;
1199 3915 102 39 A—
1302 3914 209 49 Foreign
1547 3915 157 48 32304,
1742 3914 172 49 32305;
1956 3915 215 47 Eugenio

255 3970 257 43 Subirana.
580 3970 223 51 (27-274)
