<alto xmlns="http://www.loc.gov/standards/alto/ns-v3#" xmlns:xlink="http://www.w3.org/1999/xlink" xmlns:xsi="http://www.w3.org/2001/XMLSchema-instance" xsi:schemaLocation="http://www.loc.gov/standards/alto/ns-v3# http://www.loc.gov/alto/v3/alto-3-0.xsd"><Description>
<MeasurementUnit>pixel</MeasurementUnit>
<sourceImageInformation>
<fileName>1926_v23_Part001.pdf</fileName>
</sourceImageInformation>
<OCRProcessing ID="IdOcr">
<ocrProcessingStep>
<processingDateTime>2019-04-10</processingDateTime>
<processingSoftware>
<softwareCreator>ABBYY</softwareCreator>
<softwareName>ABBYY Recognition Server</softwareName>
<softwareVersion>4.0</softwareVersion>
</processingSoftware>
</ocrProcessingStep>
</OCRProcessing>
</Description>
<Styles>
<ParagraphStyle ID="StyleId-FFFFFFFF-FFFF-FFFF-FFFF-FFFFFFFFFFFF-" ALIGN="Left" LEFT="0." RIGHT="0." FIRSTLINE="0."/>
<ParagraphStyle ID="StyleId-22C3EA86-D171-42E2-A7D2-9A866F7D91F9-" ALIGN="Left" LEFT="0." RIGHT="0." FIRSTLINE="0." LINESPACE="8.300000191"/>
<ParagraphStyle ID="StyleId-E3FA4CC6-F5E5-41CA-B4C4-90085BF71B6C-" ALIGN="Block" LEFT="0." RIGHT="0." FIRSTLINE="-14." LINESPACE="8.050000191"/>
<ParagraphStyle ID="StyleId-41118DB3-028A-4115-95B3-BB512DD0EDAE-" ALIGN="Left" LEFT="0." RIGHT="0." FIRSTLINE="-13." LINESPACE="13.30000019"/>
<ParagraphStyle ID="StyleId-A2FB4C2B-BF87-45AD-9689-33B0118FBFC1-" ALIGN="Block" LEFT="0." RIGHT="0." FIRSTLINE="-14." LINESPACE="11.06999969"/>
<ParagraphStyle ID="StyleId-BBBA7B5D-FE2B-4BC7-AC7D-F142900C21B8-" ALIGN="Block" LEFT="0." RIGHT="0." FIRSTLINE="0." LINESPACE="8.899999619"/>
<ParagraphStyle ID="StyleId-3CEA3EEE-4341-4E33-9EF0-A9438AB90A9B-" ALIGN="Center" LEFT="0." RIGHT="0." FIRSTLINE="0." LINESPACE="12.19999981"/>
<ParagraphStyle ID="StyleId-817955BE-3120-4B53-BBD3-920BAE733BFF-" ALIGN="Left" LEFT="0." RIGHT="0." FIRSTLINE="0." LINESPACE="12.19999981"/>
<ParagraphStyle ID="StyleId-456A266C-F799-486A-ACB1-75B61E9815AB-" ALIGN="Left" LEFT="0." RIGHT="0." FIRSTLINE="-13." LINESPACE="8.18999958"/>
<ParagraphStyle ID="StyleId-6A1E9ED6-E5EA-4E31-BD5A-88089B8D7134-" ALIGN="Right" LEFT="0." RIGHT="0." FIRSTLINE="0." LINESPACE="7.699999809"/>
<ParagraphStyle ID="StyleId-C11ABF73-04BC-4F6E-B7E4-01FCA3A26756-" ALIGN="Left" LEFT="0." RIGHT="0." FIRSTLINE="-13." LINESPACE="12.19999981"/>
<ParagraphStyle ID="StyleId-662CF6CF-DB5F-40BE-AD24-E877ED82DD6F-" ALIGN="Block" LEFT="0." RIGHT="0." FIRSTLINE="-14." LINESPACE="11.06999969"/>
<ParagraphStyle ID="StyleId-9361006B-74B5-41BD-BFD3-03318AD64910-" ALIGN="Left" LEFT="0." RIGHT="0." FIRSTLINE="0." LINESPACE="8.899999619"/>
</Styles>
<Layout>
<Page ID="Page1466" PHYSICAL_IMG_NR="1466" HEIGHT="4285" WIDTH="2542">
<TopMargin HEIGHT="350" WIDTH="2542" VPOS="0" HPOS="0">
</TopMargin>
<LeftMargin HEIGHT="3583" WIDTH="364" VPOS="350" HPOS="0">
</LeftMargin>
<RightMargin HEIGHT="3583" WIDTH="154" VPOS="350" HPOS="2388">
</RightMargin>
<BottomMargin HEIGHT="352" WIDTH="2542" VPOS="3933" HPOS="0">
<TextBlock ID="Page1466_Block1" HEIGHT="135" WIDTH="288" VPOS="3960" HPOS="1230" LANG="en-US" STYLEREFS="StyleId-DDC1C7A2-08B9-44C8-8100-44631CAA90D2-">
<TextLine HEIGHT="56" WIDTH="149" VPOS="3983" HPOS="1300">
<String CONTENT="1466" HEIGHT="56" WIDTH="149" VPOS="3983" HPOS="1300"/>
</TextLine>
</TextBlock>
</BottomMargin>
<PrintSpace HEIGHT="3583" WIDTH="2024" VPOS="350" HPOS="364">
<TextBlock ID="Page1466_Block2" HEIGHT="3583" WIDTH="2024" VPOS="350" HPOS="364" LANG="en-US" CS="1" STYLEREFS="StyleId-B9079F20-3DAC-44A5-BA22-8812C2C01913-">
<TextLine HEIGHT="72" WIDTH="1989" VPOS="448" HPOS="383" STYLEREFS="StyleId-780764F3-2E8C-43B1-9707-3822B9BA73DD-">
<String CONTENT="farmers" HEIGHT="57" WIDTH="271" VPOS="451" HPOS="383"/>
<SP HEIGHT="40" WIDTH="33" VPOS="468" HPOS="655"/>
<String CONTENT="of" HEIGHT="57" WIDTH="68" VPOS="450" HPOS="689"/>
<SP HEIGHT="57" WIDTH="32" VPOS="450" HPOS="758"/>
<String CONTENT="the" HEIGHT="56" WIDTH="104" VPOS="451" HPOS="791"/>
<SP HEIGHT="59" WIDTH="31" VPOS="449" HPOS="896"/>
<String CONTENT="United" HEIGHT="59" WIDTH="236" VPOS="449" HPOS="928"/>
<SP HEIGHT="58" WIDTH="37" VPOS="449" HPOS="1165"/>
<String CONTENT="States" HEIGHT="60" WIDTH="210" VPOS="449" HPOS="1203"/>
<SP HEIGHT="57" WIDTH="35" VPOS="452" HPOS="1414"/>
<String CONTENT="to" HEIGHT="58" WIDTH="63" VPOS="452" HPOS="1450"/>
<SP HEIGHT="62" WIDTH="33" VPOS="448" HPOS="1514"/>
<String CONTENT="improve" HEIGHT="72" WIDTH="281" VPOS="448" HPOS="1548"/>
<SP HEIGHT="53" WIDTH="33" VPOS="453" HPOS="1830"/>
<String CONTENT="their" HEIGHT="58" WIDTH="163" VPOS="448" HPOS="1864"/>
<SP HEIGHT="38" WIDTH="35" VPOS="468" HPOS="2028"/>
<String CONTENT="economic" HEIGHT="58" WIDTH="308" VPOS="448" HPOS="2064"/>
</TextLine>
<TextLine HEIGHT="73" WIDTH="1984" VPOS="526" HPOS="385" STYLEREFS="StyleId-780764F3-2E8C-43B1-9707-3822B9BA73DD-" CS="1">
<String CONTENT="and" HEIGHT="57" WIDTH="121" VPOS="529" HPOS="385"/>
<SP HEIGHT="57" WIDTH="38" VPOS="529" HPOS="507"/>
<String CONTENT="social" HEIGHT="58" WIDTH="191" VPOS="528" HPOS="546"/>
<SP HEIGHT="57" WIDTH="37" VPOS="528" HPOS="738"/>
<String CONTENT="status," HEIGHT="67" WIDTH="222" VPOS="531" HPOS="776"/>
<SP HEIGHT="69" WIDTH="35" VPOS="529" HPOS="999"/>
<String CONTENT="by" HEIGHT="70" WIDTH="84" VPOS="529" HPOS="1035"/>
<SP HEIGHT="73" WIDTH="34" VPOS="526" HPOS="1120"/>
<String CONTENT="W." HEIGHT="58" WIDTH="95" VPOS="526" HPOS="1155"/>
<SP HEIGHT="56" WIDTH="40" VPOS="527" HPOS="1251"/>
<String CONTENT="B." HEIGHT="56" WIDTH="70" VPOS="527" HPOS="1292"/>
<SP HEIGHT="56" WIDTH="42" VPOS="527" HPOS="1363"/>
<String CONTENT="Bizzell" HEIGHT="57" WIDTH="230" VPOS="527" HPOS="1406"/>
<SP HEIGHT="57" WIDTH="42" VPOS="527" HPOS="1637"/>
<String CS="1" CONTENT="&#8230;"/>
<SP HEIGHT="57" WIDTH="78" VPOS="526" HPOS="1742"/>
<String CONTENT="New" HEIGHT="57" WIDTH="150" VPOS="526" HPOS="1821"/>
<SP/>
<String CONTENT="York," HEIGHT="69" WIDTH="191" VPOS="526" HPOS="2008"/>
<SP HEIGHT="68" WIDTH="40" VPOS="527" HPOS="2200"/>
<String CONTENT="The" HEIGHT="56" WIDTH="128" VPOS="526" HPOS="2241"/>
</TextLine>
<TextLine HEIGHT="72" WIDTH="907" VPOS="605" HPOS="385" STYLEREFS="StyleId-780764F3-2E8C-43B1-9707-3822B9BA73DD-">
<String CONTENT="Macmillan" HEIGHT="58" WIDTH="356" VPOS="605" HPOS="385"/>
<SP HEIGHT="37" WIDTH="27" VPOS="625" HPOS="742"/>
<String CONTENT="company," HEIGHT="53" WIDTH="324" VPOS="624" HPOS="770"/>
<SP HEIGHT="67" WIDTH="31" VPOS="608" HPOS="1095"/>
<String CONTENT="1926." HEIGHT="56" WIDTH="165" VPOS="605" HPOS="1127"/>
</TextLine>
<TextLine HEIGHT="55" WIDTH="599" VPOS="683" HPOS="485" CS="1">
<String CS="1" CONTENT="x"/>
<SP HEIGHT="38" WIDTH="27" VPOS="698" HPOS="485"/>
<String CONTENT="p.," HEIGHT="38" WIDTH="53" VPOS="698" HPOS="513"/>
<SP HEIGHT="50" WIDTH="29" VPOS="685" HPOS="567"/>
<String CONTENT="2" HEIGHT="41" WIDTH="26" VPOS="685" HPOS="597"/>
<SP HEIGHT="42" WIDTH="27" VPOS="684" HPOS="624"/>
<String CS="1" CONTENT="l.,"/>
<SP HEIGHT="47" WIDTH="29" VPOS="686" HPOS="693"/>
<String CONTENT="269" HEIGHT="43" WIDTH="82" VPOS="684" HPOS="723"/>
<SP HEIGHT="54" WIDTH="26" VPOS="684" HPOS="806"/>
<String CONTENT="p." HEIGHT="39" WIDTH="41" VPOS="699" HPOS="833"/>
<SP HEIGHT="43" WIDTH="62" VPOS="683" HPOS="875"/>
<String CS="1" CONTENT="19&#189;cm." HEIGHT="44" WIDTH="146" VPOS="683" HPOS="938"/>
</TextLine>
<TextLine HEIGHT="55" WIDTH="1644" VPOS="737" HPOS="382">
<String CONTENT="&#169;" HEIGHT="53" WIDTH="52" VPOS="739" HPOS="382"/>
<SP HEIGHT="53" WIDTH="24" VPOS="739" HPOS="435"/>
<String CONTENT="Dec." HEIGHT="42" WIDTH="105" VPOS="742" HPOS="460"/>
<SP HEIGHT="41" WIDTH="28" VPOS="742" HPOS="566"/>
<String CONTENT="14," HEIGHT="48" WIDTH="60" VPOS="742" HPOS="595"/>
<SP HEIGHT="49" WIDTH="28" VPOS="741" HPOS="656"/>
<String CONTENT="1926;" HEIGHT="50" WIDTH="128" VPOS="741" HPOS="685"/>
<SP HEIGHT="50" WIDTH="25" VPOS="741" HPOS="814"/>
<String CONTENT="2c." HEIGHT="41" WIDTH="62" VPOS="741" HPOS="840"/>
<SP HEIGHT="27" WIDTH="25" VPOS="755" HPOS="903"/>
<String CONTENT="and" HEIGHT="41" WIDTH="85" VPOS="741" HPOS="929"/>
<SP HEIGHT="41" WIDTH="22" VPOS="741" HPOS="1015"/>
<String CONTENT="aff." HEIGHT="43" WIDTH="78" VPOS="739" HPOS="1038"/>
<SP HEIGHT="41" WIDTH="13" VPOS="740" HPOS="1132"/>
<String CONTENT="Dec." HEIGHT="42" WIDTH="105" VPOS="740" HPOS="1146"/>
<SP HEIGHT="40" WIDTH="30" VPOS="741" HPOS="1252"/>
<String CONTENT="15;" HEIGHT="53" WIDTH="73" VPOS="737" HPOS="1283"/>
<SP HEIGHT="51" WIDTH="27" VPOS="739" HPOS="1357"/>
<!-- cceid 05EFB8F6-6E1B-1014-9B7B-CA07F191E62B --><String CONTENT="A" HEIGHT="42" WIDTH="43" VPOS="739" HPOS="1385"/>
<SP HEIGHT="43" WIDTH="23" VPOS="739" HPOS="1429"/>
<String CONTENT="957669;" HEIGHT="52" WIDTH="188" VPOS="737" HPOS="1453"/>
<SP HEIGHT="50" WIDTH="28" VPOS="739" HPOS="1642"/>
<String CONTENT="Macmillan" HEIGHT="44" WIDTH="265" VPOS="737" HPOS="1671"/>
<SP HEIGHT="28" WIDTH="23" VPOS="752" HPOS="1937"/>
<String CONTENT="co." HEIGHT="28" WIDTH="65" VPOS="752" HPOS="1961"/>
</TextLine>
<TextLine HEIGHT="54" WIDTH="267" VPOS="796" HPOS="461">
<String CONTENT="(26-24178)" HEIGHT="54" WIDTH="267" VPOS="796" HPOS="461"/>
</TextLine>
<TextLine HEIGHT="73" WIDTH="1282" VPOS="880" HPOS="383" STYLEREFS="StyleId-780764F3-2E8C-43B1-9707-3822B9BA73DD-">
<String LANG="en-US" CONTENT="Blankenship," HEIGHT="72" WIDTH="443" VPOS="881" HPOS="383"/>
<SP HEIGHT="71" WIDTH="37" VPOS="881" HPOS="827"/>
<String LANG="en-US" CONTENT="Albert" HEIGHT="58" WIDTH="222" VPOS="880" HPOS="865"/>
<SP HEIGHT="58" WIDTH="35" VPOS="881" HPOS="1088"/>
<String LANG="la" CONTENT="Silvanus," HEIGHT="71" WIDTH="312" VPOS="880" HPOS="1124"/>
<SP HEIGHT="67" WIDTH="40" VPOS="884" HPOS="1437"/>
<String LANG="en-US" CONTENT="1880-" HEIGHT="56" WIDTH="187" VPOS="883" HPOS="1478"/>
</TextLine>
<TextLine HEIGHT="74" WIDTH="1677" VPOS="973" HPOS="457" STYLEREFS="StyleId-780764F3-2E8C-43B1-9707-3822B9BA73DD-" CS="1">
<String CONTENT="The" HEIGHT="59" WIDTH="129" VPOS="975" HPOS="457"/>
<SP HEIGHT="39" WIDTH="25" VPOS="995" HPOS="587"/>
<String CONTENT="accessibility" HEIGHT="74" WIDTH="417" VPOS="973" HPOS="613"/>
<SP HEIGHT="52" WIDTH="26" VPOS="995" HPOS="1031"/>
<String CONTENT="of" HEIGHT="56" WIDTH="67" VPOS="977" HPOS="1058"/>
<SP HEIGHT="56" WIDTH="25" VPOS="977" HPOS="1126"/>
<String CONTENT="rural" HEIGHT="58" WIDTH="175" VPOS="975" HPOS="1152"/>
<SP HEIGHT="57" WIDTH="26" VPOS="975" HPOS="1328"/>
<String CONTENT="schoolhouses" HEIGHT="58" WIDTH="434" VPOS="974" HPOS="1355"/>
<SP HEIGHT="58" WIDTH="24" VPOS="973" HPOS="1790"/>
<String CONTENT="in" HEIGHT="56" WIDTH="66" VPOS="973" HPOS="1815"/>
<SP HEIGHT="55" WIDTH="27" VPOS="975" HPOS="1882"/>
<String CONTENT="Texas," HEIGHT="67" WIDTH="224" VPOS="975" HPOS="1910"/>
</TextLine>
<TextLine HEIGHT="153" WIDTH="1995" VPOS="972" HPOS="379" STYLEREFS="StyleId-780764F3-2E8C-43B1-9707-3822B9BA73DD-" CS="1">
<String CONTENT="by" HEIGHT="69" WIDTH="82" VPOS="974" HPOS="2161"/>
<SP HEIGHT="70" WIDTH="29" VPOS="973" HPOS="2244"/>
<String CONTENT="Albert" HEIGHT="139" WIDTH="1973" VPOS="972" HPOS="379"/>
<SP HEIGHT="58" WIDTH="27" VPOS="1054" HPOS="518"/>
<String CONTENT="S." HEIGHT="58" WIDTH="61" VPOS="1054" HPOS="546"/>
<SP HEIGHT="56" WIDTH="24" VPOS="1053" HPOS="608"/>
<String CONTENT="Blankenship" HEIGHT="73" WIDTH="427" VPOS="1052" HPOS="633"/>
<SP HEIGHT="53" WIDTH="31" VPOS="1072" HPOS="1061"/>
<String CS="1" CONTENT="&#8230;"/>
<SP HEIGHT="56" WIDTH="86" VPOS="1054" HPOS="1155"/>
<String CONTENT="New" HEIGHT="56" WIDTH="151" VPOS="1054" HPOS="1242"/>
<SP HEIGHT="56" WIDTH="22" VPOS="1053" HPOS="1394"/>
<String CONTENT="York" HEIGHT="56" WIDTH="174" VPOS="1052" HPOS="1417"/>
<SP HEIGHT="57" WIDTH="22" VPOS="1052" HPOS="1592"/>
<String CONTENT="city," HEIGHT="72" WIDTH="144" VPOS="1051" HPOS="1615"/>
<SP HEIGHT="69" WIDTH="26" VPOS="1053" HPOS="1760"/>
<String CONTENT="Teachers" HEIGHT="57" WIDTH="309" VPOS="1052" HPOS="1787"/>
<SP HEIGHT="38" WIDTH="28" VPOS="1070" HPOS="2097"/>
<String CONTENT="college," HEIGHT="71" WIDTH="248" VPOS="1051" HPOS="2126"/>
</TextLine>
<TextLine HEIGHT="75" WIDTH="917" VPOS="1128" HPOS="382" STYLEREFS="StyleId-780764F3-2E8C-43B1-9707-3822B9BA73DD-">
<String CONTENT="Columbia" HEIGHT="61" WIDTH="322" VPOS="1129" HPOS="382"/>
<SP HEIGHT="38" WIDTH="27" VPOS="1150" HPOS="705"/>
<String CONTENT="university," HEIGHT="75" WIDTH="371" VPOS="1128" HPOS="733"/>
<SP HEIGHT="70" WIDTH="30" VPOS="1133" HPOS="1105"/>
<String CONTENT="1926." HEIGHT="58" WIDTH="163" VPOS="1131" HPOS="1136"/>
</TextLine>
<TextLine HEIGHT="54" WIDTH="1925" VPOS="1206" HPOS="450" CS="1">
<String CONTENT="3" HEIGHT="42" WIDTH="22" VPOS="1213" HPOS="450"/>
<SP/>
<String CONTENT="p." HEIGHT="35" WIDTH="40" VPOS="1225" HPOS="503"/>
<SP HEIGHT="42" WIDTH="29" VPOS="1213" HPOS="544"/>
<String CS="1" CONTENT="l.,"/>
<SP HEIGHT="48" WIDTH="27" VPOS="1212" HPOS="616"/>
<String CONTENT="62" HEIGHT="43" WIDTH="53" VPOS="1211" HPOS="644"/>
<SP HEIGHT="47" WIDTH="27" VPOS="1211" HPOS="698"/>
<String CONTENT="p." HEIGHT="33" WIDTH="39" VPOS="1225" HPOS="726"/>
<SP HEIGHT="44" WIDTH="59" VPOS="1208" HPOS="766"/>
<String CONTENT="illus." HEIGHT="44" WIDTH="117" VPOS="1208" HPOS="826"/>
<SP HEIGHT="51" WIDTH="26" VPOS="1208" HPOS="944"/>
<String CONTENT="(maps)" HEIGHT="51" WIDTH="178" VPOS="1208" HPOS="971"/>
<SP HEIGHT="50" WIDTH="37" VPOS="1209" HPOS="1150"/>
<String CONTENT="diagrs." HEIGHT="50" WIDTH="169" VPOS="1209" HPOS="1188"/>
<SP HEIGHT="42" WIDTH="57" VPOS="1208" HPOS="1358"/>
<String CS="1" CONTENT="23&#189;c" HEIGHT="44" WIDTH="52" VPOS="1206" HPOS="1416"/>
<String STYLE="superscript" CONTENT="m" HEIGHT="16" WIDTH="27" VPOS="1211" HPOS="1524"/>
<String CONTENT="." HEIGHT="8" WIDTH="8" VPOS="1241" HPOS="1558"/>
<SP HEIGHT="50" WIDTH="68" VPOS="1208" HPOS="1567"/>
<String CONTENT="(Teachers" HEIGHT="52" WIDTH="252" VPOS="1206" HPOS="1636"/>
<SP HEIGHT="29" WIDTH="28" VPOS="1223" HPOS="1889"/>
<String CONTENT="college," HEIGHT="52" WIDTH="185" VPOS="1206" HPOS="1918"/>
<SP HEIGHT="49" WIDTH="30" VPOS="1208" HPOS="2104"/>
<String CONTENT="Columbia" HEIGHT="46" WIDTH="240" VPOS="1206" HPOS="2135"/>
</TextLine>
<TextLine HEIGHT="54" WIDTH="1267" VPOS="1262" HPOS="381">
<String CONTENT="university." HEIGHT="49" WIDTH="260" VPOS="1267" HPOS="381"/>
<SP HEIGHT="44" WIDTH="60" VPOS="1264" HPOS="642"/>
<String CONTENT="Contributions" HEIGHT="45" WIDTH="343" VPOS="1264" HPOS="703"/>
<SP HEIGHT="35" WIDTH="28" VPOS="1274" HPOS="1047"/>
<String CONTENT="to" HEIGHT="36" WIDTH="47" VPOS="1274" HPOS="1076"/>
<SP HEIGHT="29" WIDTH="29" VPOS="1282" HPOS="1124"/>
<String CONTENT="education," HEIGHT="51" WIDTH="254" VPOS="1262" HPOS="1154"/>
<SP HEIGHT="32" WIDTH="30" VPOS="1281" HPOS="1409"/>
<String CONTENT="no." HEIGHT="31" WIDTH="73" VPOS="1277" HPOS="1440"/>
<SP HEIGHT="43" WIDTH="27" VPOS="1265" HPOS="1514"/>
<String CONTENT="229)" HEIGHT="51" WIDTH="106" VPOS="1263" HPOS="1542"/>
</TextLine>
<TextLine HEIGHT="53" WIDTH="1590" VPOS="1318" HPOS="452" CS="1">
<String CONTENT="Published" HEIGHT="48" WIDTH="243" VPOS="1319" HPOS="452"/>
<SP HEIGHT="41" WIDTH="29" VPOS="1326" HPOS="696"/>
<String CONTENT="also" HEIGHT="45" WIDTH="97" VPOS="1323" HPOS="726"/>
<SP HEIGHT="30" WIDTH="30" VPOS="1338" HPOS="824"/>
<String CONTENT="as" HEIGHT="29" WIDTH="47" VPOS="1338" HPOS="855"/>
<SP HEIGHT="36" WIDTH="30" VPOS="1331" HPOS="903"/>
<String CONTENT="thesis" HEIGHT="46" WIDTH="138" VPOS="1320" HPOS="934"/>
<SP HEIGHT="50" WIDTH="38" VPOS="1320" HPOS="1073"/>
<String CS="1" CONTENT="(PH." HEIGHT="50" WIDTH="106" VPOS="1320" HPOS="1112"/>
<SP HEIGHT="27" WIDTH="30" VPOS="1336" HPOS="1219"/>
<String CS="1" CONTENT="D.)" HEIGHT="48" WIDTH="34" VPOS="1322" HPOS="1281"/>
<SP HEIGHT="50" WIDTH="39" VPOS="1320" HPOS="1316"/>
<String CONTENT="Columbia" HEIGHT="45" WIDTH="241" VPOS="1319" HPOS="1356"/>
<SP HEIGHT="28" WIDTH="30" VPOS="1334" HPOS="1598"/>
<String CONTENT="university," HEIGHT="53" WIDTH="261" VPOS="1318" HPOS="1629"/>
<SP HEIGHT="49" WIDTH="34" VPOS="1320" HPOS="1891"/>
<String CONTENT="1926." HEIGHT="44" WIDTH="116" VPOS="1320" HPOS="1926"/>
</TextLine>
<TextLine HEIGHT="104" WIDTH="1973" VPOS="1372" HPOS="381" CS="1">
<String CONTENT="&#169;" HEIGHT="53" WIDTH="52" VPOS="1375" HPOS="381"/>
<SP HEIGHT="53" WIDTH="27" VPOS="1375" HPOS="434"/>
<String CONTENT="Oct." HEIGHT="43" WIDTH="97" VPOS="1377" HPOS="462"/>
<SP HEIGHT="43" WIDTH="24" VPOS="1379" HPOS="560"/>
<String CONTENT="8," HEIGHT="48" WIDTH="38" VPOS="1379" HPOS="585"/>
<SP HEIGHT="49" WIDTH="27" VPOS="1378" HPOS="624"/>
<String CONTENT="1926;" HEIGHT="51" WIDTH="128" VPOS="1375" HPOS="652"/>
<SP HEIGHT="50" WIDTH="24" VPOS="1376" HPOS="781"/>
<String CONTENT="2c." HEIGHT="42" WIDTH="64" VPOS="1376" HPOS="806"/>
<SP HEIGHT="42" WIDTH="26" VPOS="1375" HPOS="871"/>
<String CONTENT="Nov." HEIGHT="43" WIDTH="117" VPOS="1375" HPOS="898"/>
<SP HEIGHT="43" WIDTH="17" VPOS="1375" HPOS="1016"/>
<String CONTENT="22;" HEIGHT="50" WIDTH="76" VPOS="1375" HPOS="1034"/>
<SP HEIGHT="36" WIDTH="26" VPOS="1389" HPOS="1111"/>
<String CONTENT="aff." HEIGHT="42" WIDTH="77" VPOS="1374" HPOS="1138"/>
<SP HEIGHT="41" WIDTH="27" VPOS="1375" HPOS="1216"/>
<String CONTENT="Dec." HEIGHT="42" WIDTH="106" VPOS="1375" HPOS="1244"/>
<SP HEIGHT="43" WIDTH="18" VPOS="1373" HPOS="1351"/>
<String CONTENT="8;" HEIGHT="52" WIDTH="48" VPOS="1373" HPOS="1370"/>
<SP HEIGHT="52" WIDTH="28" VPOS="1373" HPOS="1419"/>
<!-- cceid 05EFD149-6E1B-1014-9B7B-CA07F191E62B --><String CONTENT="A" HEIGHT="42" WIDTH="43" VPOS="1373" HPOS="1448"/>
<SP HEIGHT="43" WIDTH="23" VPOS="1373" HPOS="1492"/>
<String CONTENT="957499;" HEIGHT="53" WIDTH="188" VPOS="1372" HPOS="1516"/>
<SP HEIGHT="53" WIDTH="26" VPOS="1372" HPOS="1705"/>
<String CONTENT="Teachers" HEIGHT="44" WIDTH="228" VPOS="1372" HPOS="1732"/>
<SP HEIGHT="27" WIDTH="24" VPOS="1389" HPOS="1961"/>
<String LANG="fr" CONTENT="college," HEIGHT="53" WIDTH="187" VPOS="1373" HPOS="1986"/>
<SP HEIGHT="52" WIDTH="18" VPOS="1373" HPOS="2174"/>
<String CONTENT="Columbia" HEIGHT="103" WIDTH="1903" VPOS="1373" HPOS="451"/>
</TextLine>
<TextLine HEIGHT="56" WIDTH="456" VPOS="1430" HPOS="540" CS="1">
<String LANG="la" CS="1" CONTENT="univ." HEIGHT="28" WIDTH="116" VPOS="1448" HPOS="540"/>
<SP/>
<String LANG="en-US" CONTENT="(26-23878)" HEIGHT="56" WIDTH="269" VPOS="1430" HPOS="727"/>
</TextLine>
<TextLine HEIGHT="73" WIDTH="526" VPOS="1517" HPOS="383" STYLEREFS="StyleId-3F42512A-24BB-438E-A516-B30B5860EAFB-">
<String CONTENT="Brazil," HEIGHT="70" WIDTH="224" VPOS="1517" HPOS="383"/>
<SP HEIGHT="70" WIDTH="36" VPOS="1517" HPOS="608"/>
<String CONTENT="Angela." HEIGHT="73" WIDTH="264" VPOS="1517" HPOS="645"/>
</TextLine>
<TextLine HEIGHT="72" WIDTH="1916" VPOS="1607" HPOS="459" STYLEREFS="StyleId-780764F3-2E8C-43B1-9707-3822B9BA73DD-" CS="1">
<String CONTENT="Joan&#8217;s" HEIGHT="57" WIDTH="227" VPOS="1610" HPOS="459"/>
<SP HEIGHT="56" WIDTH="35" VPOS="1610" HPOS="687"/>
<String CONTENT="best" HEIGHT="56" WIDTH="137" VPOS="1610" HPOS="723"/>
<SP HEIGHT="54" WIDTH="38" VPOS="1612" HPOS="861"/>
<String CONTENT="chum," HEIGHT="68" WIDTH="196" VPOS="1609" HPOS="900"/>
<SP HEIGHT="68" WIDTH="35" VPOS="1609" HPOS="1097"/>
<String CONTENT="by" HEIGHT="70" WIDTH="83" VPOS="1609" HPOS="1133"/>
<SP HEIGHT="71" WIDTH="36" VPOS="1608" HPOS="1217"/>
<String CONTENT="Angela" HEIGHT="71" WIDTH="243" VPOS="1608" HPOS="1254"/>
<SP HEIGHT="56" WIDTH="37" VPOS="1609" HPOS="1498"/>
<String CONTENT="Brazil" HEIGHT="55" WIDTH="214" VPOS="1609" HPOS="1536"/>
<SP HEIGHT="56" WIDTH="41" VPOS="1609" HPOS="1751"/>
<String CS="1" CONTENT="&#8230;"/>
<SP HEIGHT="57" WIDTH="41" VPOS="1607" HPOS="1856"/>
<String CONTENT="illustrated" HEIGHT="58" WIDTH="357" VPOS="1607" HPOS="1898"/>
<SP HEIGHT="56" WIDTH="37" VPOS="1610" HPOS="2256"/>
<String CONTENT="by" HEIGHT="68" WIDTH="81" VPOS="1610" HPOS="2294"/>
</TextLine>
<TextLine HEIGHT="74" WIDTH="1994" VPOS="1684" HPOS="381" STYLEREFS="StyleId-780764F3-2E8C-43B1-9707-3822B9BA73DD-">
<String CONTENT="W." HEIGHT="57" WIDTH="95" VPOS="1687" HPOS="381"/>
<SP HEIGHT="57" WIDTH="30" VPOS="1686" HPOS="477"/>
<String CONTENT="E." HEIGHT="57" WIDTH="72" VPOS="1686" HPOS="508"/>
<SP HEIGHT="58" WIDTH="25" VPOS="1686" HPOS="581"/>
<String CONTENT="Wightman." HEIGHT="72" WIDTH="382" VPOS="1686" HPOS="607"/>
<SP HEIGHT="56" WIDTH="82" VPOS="1685" HPOS="990"/>
<String CONTENT="London" HEIGHT="57" WIDTH="259" VPOS="1685" HPOS="1073"/>
<SP HEIGHT="52" WIDTH="31" VPOS="1704" HPOS="1333"/>
<String CONTENT="[etc.]" HEIGHT="69" WIDTH="146" VPOS="1688" HPOS="1365"/>
<SP HEIGHT="72" WIDTH="27" VPOS="1685" HPOS="1512"/>
<String CONTENT="Blackie" HEIGHT="58" WIDTH="253" VPOS="1684" HPOS="1540"/>
<SP HEIGHT="38" WIDTH="30" VPOS="1705" HPOS="1794"/>
<String CONTENT="and" HEIGHT="57" WIDTH="122" VPOS="1686" HPOS="1825"/>
<SP HEIGHT="57" WIDTH="28" VPOS="1686" HPOS="1948"/>
<String CONTENT="son," HEIGHT="52" WIDTH="130" VPOS="1704" HPOS="1977"/>
<SP HEIGHT="69" WIDTH="26" VPOS="1687" HPOS="2108"/>
<String CONTENT="limited" HEIGHT="58" WIDTH="240" VPOS="1685" HPOS="2135"/>
</TextLine>
<TextLine HEIGHT="71" WIDTH="179" VPOS="1766" HPOS="385" STYLEREFS="StyleId-780764F3-2E8C-43B1-9707-3822B9BA73DD-">
<String CONTENT="[1926]" HEIGHT="71" WIDTH="179" VPOS="1766" HPOS="385"/>
</TextLine>
<TextLine HEIGHT="56" WIDTH="762" VPOS="1840" HPOS="453" CS="1">
<String CONTENT="320" HEIGHT="44" WIDTH="81" VPOS="1842" HPOS="453"/>
<SP HEIGHT="54" WIDTH="28" VPOS="1842" HPOS="535"/>
<String CONTENT="p." HEIGHT="38" WIDTH="40" VPOS="1858" HPOS="564"/>
<SP HEIGHT="42" WIDTH="59" VPOS="1842" HPOS="605"/>
<String CONTENT="front.," HEIGHT="48" WIDTH="151" VPOS="1842" HPOS="665"/>
<SP HEIGHT="38" WIDTH="32" VPOS="1856" HPOS="817"/>
<String CONTENT="plates." HEIGHT="54" WIDTH="156" VPOS="1840" HPOS="850"/>
<SP HEIGHT="42" WIDTH="62" VPOS="1841" HPOS="1007"/>
<String LANG="fr" CONTENT="19" HEIGHT="45" WIDTH="49" VPOS="1841" HPOS="1070"/>
<String CS="1" CONTENT="&#189;"/>
<String STYLE="superscript" LANG="fr" CS="1" CONTENT="cm" HEIGHT="18" WIDTH="16" VPOS="1843" HPOS="1154"/>
<String LANG="fr" CONTENT="." HEIGHT="8" WIDTH="8" VPOS="1875" HPOS="1207"/>
</TextLine>
<TextLine HEIGHT="56" WIDTH="1996" VPOS="1896" HPOS="381" CS="1">
<String CONTENT="&#169;" HEIGHT="53" WIDTH="52" VPOS="1898" HPOS="381"/>
<SP/>
<String CS="1" CONTENT="1c."/>
<SP/>
<String CONTENT="Sept." HEIGHT="53" WIDTH="121" VPOS="1899" HPOS="547"/>
<SP HEIGHT="45" WIDTH="22" VPOS="1900" HPOS="669"/>
<String CONTENT="27," HEIGHT="51" WIDTH="68" VPOS="1899" HPOS="692"/>
<SP HEIGHT="50" WIDTH="25" VPOS="1900" HPOS="761"/>
<String CONTENT="1926;" HEIGHT="53" WIDTH="130" VPOS="1898" HPOS="787"/>
<SP HEIGHT="52" WIDTH="25" VPOS="1899" HPOS="918"/>
<!-- cceid 05EFE6F9-6E1B-1014-9B7B-CA07F191E62B --><String CONTENT="A" HEIGHT="42" WIDTH="43" VPOS="1899" HPOS="944"/>
<SP HEIGHT="43" WIDTH="25" VPOS="1899" HPOS="988"/>
<String CONTENT="ad" HEIGHT="43" WIDTH="55" VPOS="1899" HPOS="1014"/>
<SP HEIGHT="43" WIDTH="25" VPOS="1899" HPOS="1070"/>
<String CONTENT="int." HEIGHT="43" WIDTH="77" VPOS="1899" HPOS="1096"/>
<SP HEIGHT="44" WIDTH="22" VPOS="1898" HPOS="1174"/>
<String CONTENT="8658;" HEIGHT="54" WIDTH="134" VPOS="1896" HPOS="1197"/>
<SP HEIGHT="37" WIDTH="26" VPOS="1913" HPOS="1332"/>
<String CONTENT="pubd." HEIGHT="52" WIDTH="131" VPOS="1898" HPOS="1359"/>
<SP HEIGHT="46" WIDTH="30" VPOS="1897" HPOS="1491"/>
<String CONTENT="Sept." HEIGHT="52" WIDTH="118" VPOS="1897" HPOS="1522"/>
<SP HEIGHT="44" WIDTH="19" VPOS="1899" HPOS="1651"/>
<String CS="1" CONTENT="1;" HEIGHT="42" WIDTH="18" VPOS="1899" HPOS="1671"/>
<SP HEIGHT="52" WIDTH="29" VPOS="1897" HPOS="1718"/>
<String CONTENT="Frederick" HEIGHT="44" WIDTH="246" VPOS="1897" HPOS="1748"/>
<SP HEIGHT="42" WIDTH="25" VPOS="1898" HPOS="1995"/>
<String CONTENT="A." HEIGHT="42" WIDTH="55" VPOS="1898" HPOS="2021"/>
<SP HEIGHT="46" WIDTH="30" VPOS="1897" HPOS="2077"/>
<String CONTENT="Stokes" HEIGHT="46" WIDTH="161" VPOS="1897" HPOS="2108"/>
<SP HEIGHT="27" WIDTH="26" VPOS="1914" HPOS="2270"/>
<String CONTENT="co.," HEIGHT="36" WIDTH="80" VPOS="1913" HPOS="2297"/>
</TextLine>
<TextLine HEIGHT="55" WIDTH="614" VPOS="1954" HPOS="452">
<String CONTENT="New" HEIGHT="46" WIDTH="116" VPOS="1957" HPOS="452"/>
<SP HEIGHT="46" WIDTH="17" VPOS="1957" HPOS="569"/>
<String CONTENT="York" HEIGHT="42" WIDTH="130" VPOS="1957" HPOS="587"/>
<SP HEIGHT="52" WIDTH="70" VPOS="1957" HPOS="728"/>
<String CONTENT="(26-24562)" HEIGHT="55" WIDTH="267" VPOS="1954" HPOS="799"/>
</TextLine>
<TextLine HEIGHT="72" WIDTH="669" VPOS="2040" HPOS="381" STYLEREFS="StyleId-780764F3-2E8C-43B1-9707-3822B9BA73DD-">
<String CONTENT="Brown," HEIGHT="71" WIDTH="243" VPOS="2041" HPOS="381"/>
<SP HEIGHT="71" WIDTH="39" VPOS="2041" HPOS="625"/>
<String CONTENT="Clement" HEIGHT="58" WIDTH="279" VPOS="2040" HPOS="665"/>
<SP HEIGHT="57" WIDTH="30" VPOS="2041" HPOS="945"/>
<String CONTENT="D." HEIGHT="57" WIDTH="74" VPOS="2041" HPOS="976"/>
</TextLine>
<TextLine HEIGHT="73" WIDTH="1913" VPOS="2131" HPOS="461" STYLEREFS="StyleId-780764F3-2E8C-43B1-9707-3822B9BA73DD-">
<String CONTENT="The" HEIGHT="57" WIDTH="128" VPOS="2131" HPOS="461"/>
<SP HEIGHT="53" WIDTH="40" VPOS="2135" HPOS="590"/>
<String CONTENT="three" HEIGHT="58" WIDTH="174" VPOS="2131" HPOS="631"/>
<SP HEIGHT="58" WIDTH="40" VPOS="2131" HPOS="806"/>
<String CONTENT="EEE&#8217;s;" HEIGHT="71" WIDTH="269" VPOS="2131" HPOS="847"/>
<SP HEIGHT="49" WIDTH="43" VPOS="2153" HPOS="1117"/>
<String CONTENT="a" HEIGHT="36" WIDTH="35" VPOS="2153" HPOS="1161"/>
<SP HEIGHT="54" WIDTH="39" VPOS="2135" HPOS="1197"/>
<String CONTENT="treatise" HEIGHT="57" WIDTH="260" VPOS="2131" HPOS="1237"/>
<SP HEIGHT="39" WIDTH="41" VPOS="2149" HPOS="1498"/>
<String CONTENT="of" HEIGHT="56" WIDTH="68" VPOS="2132" HPOS="1540"/>
<SP HEIGHT="55" WIDTH="35" VPOS="2132" HPOS="1609"/>
<String CONTENT="new" HEIGHT="38" WIDTH="134" VPOS="2150" HPOS="1645"/>
<SP HEIGHT="52" WIDTH="41" VPOS="2136" HPOS="1780"/>
<String CONTENT="thought," HEIGHT="73" WIDTH="285" VPOS="2131" HPOS="1822"/>
<SP HEIGHT="68" WIDTH="40" VPOS="2133" HPOS="2108"/>
<String CONTENT="by" HEIGHT="70" WIDTH="82" VPOS="2133" HPOS="2149"/>
<SP HEIGHT="67" WIDTH="38" VPOS="2136" HPOS="2232"/>
<String CONTENT="the" HEIGHT="56" WIDTH="103" VPOS="2132" HPOS="2271"/>
</TextLine>
<TextLine HEIGHT="152" WIDTH="1969" VPOS="2208" HPOS="381" STYLEREFS="StyleId-780764F3-2E8C-43B1-9707-3822B9BA73DD-" CS="1">
<String CONTENT="Bev." HEIGHT="56" WIDTH="152" VPOS="2210" HPOS="381"/>
<SP HEIGHT="59" WIDTH="27" VPOS="2208" HPOS="534"/>
<String CONTENT="Clement" HEIGHT="59" WIDTH="279" VPOS="2208" HPOS="562"/>
<SP HEIGHT="57" WIDTH="25" VPOS="2209" HPOS="842"/>
<String CONTENT="D." HEIGHT="57" WIDTH="73" VPOS="2209" HPOS="868"/>
<SP HEIGHT="57" WIDTH="28" VPOS="2209" HPOS="942"/>
<String CONTENT="Brown," HEIGHT="72" WIDTH="247" VPOS="2209" HPOS="971"/>
<SP HEIGHT="53" WIDTH="29" VPOS="2228" HPOS="1219"/>
<String CS="1" CONTENT="M." HEIGHT="10" WIDTH="10" VPOS="2257" HPOS="1308"/>
<SP HEIGHT="38" WIDTH="27" VPOS="2229" HPOS="1319"/>
<String CS="1" CONTENT="A." HEIGHT="10" WIDTH="11" VPOS="2255" HPOS="1388"/>
<SP HEIGHT="57" WIDTH="81" VPOS="2208" HPOS="1400"/>
<String CONTENT="Boston," HEIGHT="72" WIDTH="257" VPOS="2208" HPOS="1482"/>
<SP HEIGHT="70" WIDTH="28" VPOS="2210" HPOS="1740"/>
<String CONTENT="Mass.," HEIGHT="72" WIDTH="211" VPOS="2210" HPOS="1769"/>
<SP HEIGHT="72" WIDTH="30" VPOS="2210" HPOS="1981"/>
<String CONTENT="The" HEIGHT="57" WIDTH="130" VPOS="2210" HPOS="2012"/>
<SP HEIGHT="58" WIDTH="29" VPOS="2210" HPOS="2143"/>
<String CONTENT="Stratford" HEIGHT="135" WIDTH="1969" VPOS="2210" HPOS="381"/>
<SP HEIGHT="57" WIDTH="27" VPOS="2288" HPOS="528"/>
<String CONTENT="company," HEIGHT="54" WIDTH="321" VPOS="2306" HPOS="556"/>
<SP HEIGHT="70" WIDTH="35" VPOS="2290" HPOS="878"/>
<String CONTENT="1926." HEIGHT="56" WIDTH="163" VPOS="2288" HPOS="914"/>
</TextLine>
<TextLine HEIGHT="53" WIDTH="518" VPOS="2365" HPOS="451" CS="1">
<String CONTENT="4" HEIGHT="41" WIDTH="27" VPOS="2367" HPOS="451"/>
<SP/>
<String CONTENT="p." HEIGHT="38" WIDTH="38" VPOS="2380" HPOS="504"/>
<SP HEIGHT="42" WIDTH="29" VPOS="2367" HPOS="543"/>
<String CS="1" CONTENT="l.,"/>
<SP HEIGHT="50" WIDTH="27" VPOS="2366" HPOS="612"/>
<String CONTENT="60" HEIGHT="43" WIDTH="53" VPOS="2366" HPOS="640"/>
<SP HEIGHT="52" WIDTH="25" VPOS="2366" HPOS="694"/>
<String CONTENT="p." HEIGHT="38" WIDTH="39" VPOS="2380" HPOS="720"/>
<SP HEIGHT="47" WIDTH="62" VPOS="2365" HPOS="760"/>
<String CS="1" CONTENT="&#189;"/>
<String STYLE="superscript" CONTENT="cm" HEIGHT="17" WIDTH="48" VPOS="2368" HPOS="907"/>
<String CONTENT="." HEIGHT="8" WIDTH="8" VPOS="2400" HPOS="961"/>
</TextLine>
<TextLine HEIGHT="54" WIDTH="1942" VPOS="2421" HPOS="380">
<String CONTENT="&#169;" HEIGHT="53" WIDTH="52" VPOS="2421" HPOS="380"/>
<SP HEIGHT="53" WIDTH="28" VPOS="2421" HPOS="433"/>
<String CONTENT="Dec." HEIGHT="43" WIDTH="105" VPOS="2423" HPOS="462"/>
<SP HEIGHT="43" WIDTH="29" VPOS="2423" HPOS="568"/>
<String CONTENT="8," HEIGHT="50" WIDTH="38" VPOS="2423" HPOS="598"/>
<SP HEIGHT="49" WIDTH="29" VPOS="2424" HPOS="637"/>
<String CONTENT="1926;" HEIGHT="52" WIDTH="128" VPOS="2422" HPOS="667"/>
<SP HEIGHT="51" WIDTH="29" VPOS="2423" HPOS="796"/>
<String CONTENT="2c." HEIGHT="42" WIDTH="63" VPOS="2423" HPOS="826"/>
<SP HEIGHT="27" WIDTH="28" VPOS="2438" HPOS="890"/>
<String CONTENT="and" HEIGHT="43" WIDTH="86" VPOS="2423" HPOS="919"/>
<SP HEIGHT="43" WIDTH="26" VPOS="2423" HPOS="1006"/>
<String CONTENT="aff." HEIGHT="42" WIDTH="78" VPOS="2423" HPOS="1033"/>
<SP HEIGHT="42" WIDTH="28" VPOS="2423" HPOS="1112"/>
<String CONTENT="Dec." HEIGHT="43" WIDTH="106" VPOS="2423" HPOS="1141"/>
<SP HEIGHT="41" WIDTH="33" VPOS="2424" HPOS="1248"/>
<String CONTENT="13;" HEIGHT="51" WIDTH="73" VPOS="2423" HPOS="1282"/>
<SP HEIGHT="52" WIDTH="31" VPOS="2422" HPOS="1356"/>
<!-- cceid 05EFFD7F-6E1B-1014-9B7B-CA07F191E62B --><String CONTENT="A" HEIGHT="42" WIDTH="43" VPOS="2422" HPOS="1388"/>
<SP HEIGHT="44" WIDTH="26" VPOS="2422" HPOS="1432"/>
<String CONTENT="957578;" HEIGHT="53" WIDTH="188" VPOS="2421" HPOS="1459"/>
<SP HEIGHT="53" WIDTH="34" VPOS="2421" HPOS="1648"/>
<String CONTENT="Stratford" HEIGHT="47" WIDTH="234" VPOS="2421" HPOS="1683"/>
<SP HEIGHT="43" WIDTH="27" VPOS="2423" HPOS="1918"/>
<String CONTENT="co.," HEIGHT="37" WIDTH="78" VPOS="2437" HPOS="1946"/>
<SP HEIGHT="38" WIDTH="29" VPOS="2437" HPOS="2025"/>
<String CONTENT="publishers." HEIGHT="53" WIDTH="267" VPOS="2422" HPOS="2055"/>
</TextLine>
<TextLine HEIGHT="54" WIDTH="268" VPOS="2480" HPOS="459">
<String CONTENT="(26-23897)" HEIGHT="54" WIDTH="268" VPOS="2480" HPOS="459"/>
</TextLine>
<TextLine HEIGHT="74" WIDTH="624" VPOS="2563" HPOS="383" STYLEREFS="StyleId-780764F3-2E8C-43B1-9707-3822B9BA73DD-">
<String CONTENT="Chandler," HEIGHT="74" WIDTH="327" VPOS="2563" HPOS="383"/>
<SP HEIGHT="72" WIDTH="38" VPOS="2565" HPOS="711"/>
<String CONTENT="George." HEIGHT="71" WIDTH="257" VPOS="2565" HPOS="750"/>
</TextLine>
<TextLine HEIGHT="75" WIDTH="1885" VPOS="2657" HPOS="491" STYLEREFS="StyleId-780764F3-2E8C-43B1-9707-3822B9BA73DD-" CS="1">
<String CS="1" CONTENT="Iowa" HEIGHT="39" WIDTH="130" VPOS="2674" HPOS="491"/>
<SP HEIGHT="38" WIDTH="32" VPOS="2676" HPOS="622"/>
<String CONTENT="and" HEIGHT="57" WIDTH="122" VPOS="2658" HPOS="655"/>
<SP HEIGHT="57" WIDTH="29" VPOS="2658" HPOS="778"/>
<String CONTENT="the" HEIGHT="58" WIDTH="103" VPOS="2657" HPOS="808"/>
<SP HEIGHT="38" WIDTH="29" VPOS="2677" HPOS="912"/>
<String CONTENT="nation," HEIGHT="73" WIDTH="236" VPOS="2657" HPOS="942"/>
<SP HEIGHT="70" WIDTH="29" VPOS="2660" HPOS="1179"/>
<String CONTENT="by" HEIGHT="71" WIDTH="83" VPOS="2660" HPOS="1209"/>
<SP HEIGHT="73" WIDTH="30" VPOS="2658" HPOS="1293"/>
<String CONTENT="George" HEIGHT="74" WIDTH="241" VPOS="2658" HPOS="1324"/>
<SP HEIGHT="59" WIDTH="34" VPOS="2659" HPOS="1566"/>
<String CONTENT="Chandler" HEIGHT="59" WIDTH="311" VPOS="2659" HPOS="1601"/>
<SP HEIGHT="37" WIDTH="37" VPOS="2680" HPOS="1913"/>
<String CONTENT="&#8230;" HEIGHT="9" WIDTH="8" VPOS="2708" HPOS="1951"/>
<SP HEIGHT="9" WIDTH="15" VPOS="2708" HPOS="1960"/>
<String CONTENT="and" HEIGHT="56" WIDTH="123" VPOS="2662" HPOS="2052"/>
<SP HEIGHT="57" WIDTH="31" VPOS="2661" HPOS="2176"/>
<String CONTENT="John" HEIGHT="56" WIDTH="168" VPOS="2661" HPOS="2208"/>
</TextLine>
<TextLine HEIGHT="76" WIDTH="1920" VPOS="2734" HPOS="377" STYLEREFS="StyleId-780764F3-2E8C-43B1-9707-3822B9BA73DD-" CS="1">
<String CONTENT="L." HEIGHT="56" WIDTH="66" VPOS="2736" HPOS="377"/>
<SP HEIGHT="61" WIDTH="47" VPOS="2735" HPOS="444"/>
<String CONTENT="Cherny" HEIGHT="73" WIDTH="249" VPOS="2735" HPOS="492"/>
<SP HEIGHT="51" WIDTH="44" VPOS="2757" HPOS="742"/>
<String CS="1" CONTENT="&#8230;"/>
<SP HEIGHT="59" WIDTH="88" VPOS="2735" HPOS="848"/>
<String CONTENT="Chicago," HEIGHT="75" WIDTH="291" VPOS="2734" HPOS="937"/>
<SP HEIGHT="71" WIDTH="41" VPOS="2737" HPOS="1229"/>
<String CONTENT="A." HEIGHT="56" WIDTH="74" VPOS="2737" HPOS="1271"/>
<SP HEIGHT="56" WIDTH="44" VPOS="2738" HPOS="1346"/>
<String CONTENT="Flanagan" HEIGHT="73" WIDTH="328" VPOS="2736" HPOS="1391"/>
<SP HEIGHT="38" WIDTH="42" VPOS="2757" HPOS="1720"/>
<String CONTENT="company," HEIGHT="55" WIDTH="323" VPOS="2755" HPOS="1763"/>
<SP HEIGHT="68" WIDTH="44" VPOS="2740" HPOS="2087"/>
<String CONTENT="1926." HEIGHT="62" WIDTH="165" VPOS="2735" HPOS="2132"/>
</TextLine>
<TextLine HEIGHT="53" WIDTH="1269" VPOS="2814" HPOS="448" CS="1">
<String CONTENT="3" HEIGHT="42" WIDTH="22" VPOS="2816" HPOS="448"/>
<SP HEIGHT="48" WIDTH="26" VPOS="2816" HPOS="471"/>
<String LANG="fr" CONTENT="p." HEIGHT="35" WIDTH="40" VPOS="2829" HPOS="498"/>
<SP HEIGHT="43" WIDTH="24" VPOS="2814" HPOS="539"/>
<String CS="1" CONTENT="l.,"/>
<SP HEIGHT="48" WIDTH="27" VPOS="2816" HPOS="607"/>
<String CONTENT="365" HEIGHT="44" WIDTH="77" VPOS="2815" HPOS="635"/>
<SP HEIGHT="49" WIDTH="26" VPOS="2815" HPOS="713"/>
<String CONTENT="p." HEIGHT="34" WIDTH="38" VPOS="2830" HPOS="740"/>
<SP HEIGHT="42" WIDTH="63" VPOS="2815" HPOS="779"/>
<String CONTENT="front.," HEIGHT="50" WIDTH="155" VPOS="2815" HPOS="843"/>
<SP HEIGHT="49" WIDTH="25" VPOS="2816" HPOS="999"/>
<String CONTENT="illus.," HEIGHT="50" WIDTH="132" VPOS="2815" HPOS="1025"/>
<SP HEIGHT="36" WIDTH="26" VPOS="2830" HPOS="1158"/>
<String CONTENT="plates," HEIGHT="51" WIDTH="156" VPOS="2815" HPOS="1185"/>
<SP HEIGHT="48" WIDTH="28" VPOS="2818" HPOS="1342"/>
<String CONTENT="diagrs." HEIGHT="50" WIDTH="166" VPOS="2817" HPOS="1371"/>
<SP HEIGHT="41" WIDTH="62" VPOS="2818" HPOS="1538"/>
<String CS="1" CONTENT="19c" HEIGHT="43" WIDTH="48" VPOS="2818" HPOS="1601"/>
<String STYLE="superscript" CONTENT="m" HEIGHT="16" WIDTH="30" VPOS="2820" HPOS="1672"/>
<String CONTENT="." HEIGHT="8" WIDTH="9" VPOS="2851" HPOS="1708"/>
</TextLine>
<TextLine HEIGHT="59" WIDTH="1997" VPOS="2866" HPOS="380" CS="1">
<String CONTENT="&#169;" HEIGHT="53" WIDTH="52" VPOS="2866" HPOS="380"/>
<SP HEIGHT="53" WIDTH="29" VPOS="2866" HPOS="433"/>
<String CONTENT="Dec." HEIGHT="42" WIDTH="107" VPOS="2869" HPOS="463"/>
<SP HEIGHT="42" WIDTH="29" VPOS="2869" HPOS="571"/>
<String CONTENT="9," HEIGHT="50" WIDTH="38" VPOS="2869" HPOS="601"/>
<SP HEIGHT="49" WIDTH="32" VPOS="2870" HPOS="640"/>
<String CONTENT="1926;" HEIGHT="51" WIDTH="128" VPOS="2868" HPOS="673"/>
<SP HEIGHT="50" WIDTH="30" VPOS="2869" HPOS="802"/>
<String CONTENT="2c." HEIGHT="42" WIDTH="64" VPOS="2869" HPOS="833"/>
<SP HEIGHT="27" WIDTH="29" VPOS="2884" HPOS="898"/>
<String CONTENT="and" HEIGHT="42" WIDTH="86" VPOS="2870" HPOS="928"/>
<SP HEIGHT="42" WIDTH="28" VPOS="2870" HPOS="1015"/>
<String CONTENT="aff." HEIGHT="42" WIDTH="77" VPOS="2870" HPOS="1044"/>
<SP HEIGHT="42" WIDTH="32" VPOS="2870" HPOS="1122"/>
<String CONTENT="Dec." HEIGHT="41" WIDTH="108" VPOS="2870" HPOS="1155"/>
<SP HEIGHT="41" WIDTH="32" VPOS="2870" HPOS="1264"/>
<String CONTENT="13;" HEIGHT="50" WIDTH="74" VPOS="2870" HPOS="1297"/>
<SP HEIGHT="50" WIDTH="31" VPOS="2870" HPOS="1372"/>
<!-- cceid 05F0147C-6E1B-1014-9B7B-CA07F191E62B --><String CONTENT="A" HEIGHT="41" WIDTH="44" VPOS="2870" HPOS="1404"/>
<SP HEIGHT="42" WIDTH="29" VPOS="2870" HPOS="1449"/>
<String CONTENT="957622;" HEIGHT="54" WIDTH="186" VPOS="2868" HPOS="1479"/>
<SP HEIGHT="51" WIDTH="34" VPOS="2871" HPOS="1666"/>
<String CONTENT="A." HEIGHT="41" WIDTH="55" VPOS="2871" HPOS="1701"/>
<SP HEIGHT="43" WIDTH="31" VPOS="2869" HPOS="1757"/>
<String CONTENT="Flanagan" HEIGHT="53" WIDTH="233" VPOS="2869" HPOS="1789"/>
<SP HEIGHT="28" WIDTH="29" VPOS="2885" HPOS="2023"/>
<String CONTENT="co." HEIGHT="28" WIDTH="66" VPOS="2886" HPOS="2053"/>
<SP HEIGHT="28" WIDTH="60" VPOS="2897" HPOS="2120"/>
<String CS="1" CONTENT="[&#169;" HEIGHT="53" WIDTH="52" VPOS="2870" HPOS="2194"/>
<SP HEIGHT="53" WIDTH="29" VPOS="2870" HPOS="2247"/>
<String CONTENT="new" HEIGHT="29" WIDTH="100" VPOS="2886" HPOS="2277"/>
</TextLine>
<TextLine HEIGHT="54" WIDTH="517" VPOS="2925" HPOS="449">
<String CONTENT="matter]" HEIGHT="46" WIDTH="177" VPOS="2932" HPOS="449"/>
<SP HEIGHT="52" WIDTH="70" VPOS="2927" HPOS="627"/>
<String CONTENT="(26-23662)" HEIGHT="54" WIDTH="268" VPOS="2925" HPOS="698"/>
</TextLine>
<TextLine HEIGHT="72" WIDTH="1242" VPOS="3008" HPOS="382" STYLEREFS="StyleId-780764F3-2E8C-43B1-9707-3822B9BA73DD-">
<String CONTENT="Christman," HEIGHT="72" WIDTH="374" VPOS="3008" HPOS="382"/>
<SP HEIGHT="70" WIDTH="38" VPOS="3010" HPOS="757"/>
<String CONTENT="William" HEIGHT="59" WIDTH="281" VPOS="3008" HPOS="796"/>
<SP HEIGHT="58" WIDTH="34" VPOS="3011" HPOS="1078"/>
<String CONTENT="Weaver," HEIGHT="69" WIDTH="282" VPOS="3011" HPOS="1113"/>
<SP HEIGHT="65" WIDTH="38" VPOS="3015" HPOS="1396"/>
<String CONTENT="1865-" HEIGHT="55" WIDTH="189" VPOS="3015" HPOS="1435"/>
</TextLine>
<TextLine HEIGHT="77" WIDTH="1921" VPOS="3100" HPOS="455" STYLEREFS="StyleId-780764F3-2E8C-43B1-9707-3822B9BA73DD-">
<String LANG="en-US" CONTENT="Songs" HEIGHT="73" WIDTH="202" VPOS="3100" HPOS="455"/>
<SP HEIGHT="39" WIDTH="36" VPOS="3121" HPOS="658"/>
<String LANG="en-US" CONTENT="of" HEIGHT="58" WIDTH="69" VPOS="3102" HPOS="695"/>
<SP HEIGHT="57" WIDTH="31" VPOS="3102" HPOS="765"/>
<String LANG="en-US" CONTENT="the" HEIGHT="59" WIDTH="106" VPOS="3102" HPOS="797"/>
<SP HEIGHT="60" WIDTH="31" VPOS="3101" HPOS="904"/>
<String LANG="de" CONTENT="Helderhills," HEIGHT="74" WIDTH="403" VPOS="3101" HPOS="936"/>
<SP HEIGHT="70" WIDTH="37" VPOS="3105" HPOS="1340"/>
<String LANG="en-US" CONTENT="by" HEIGHT="72" WIDTH="81" VPOS="3105" HPOS="1378"/>
<SP HEIGHT="71" WIDTH="32" VPOS="3106" HPOS="1460"/>
<String LANG="fr" CONTENT="W." HEIGHT="57" WIDTH="96" VPOS="3106" HPOS="1493"/>
<SP HEIGHT="57" WIDTH="37" VPOS="3106" HPOS="1590"/>
<String LANG="en-US" CONTENT="W." HEIGHT="57" WIDTH="94" VPOS="3106" HPOS="1628"/>
<SP HEIGHT="58" WIDTH="40" VPOS="3106" HPOS="1723"/>
<String LANG="en-US" CONTENT="Christman." HEIGHT="59" WIDTH="377" VPOS="3105" HPOS="1764"/>
<SP HEIGHT="55" WIDTH="82" VPOS="3107" HPOS="2142"/>
<String LANG="en-US" CONTENT="New" HEIGHT="56" WIDTH="151" VPOS="3107" HPOS="2225"/>
</TextLine>
<TextLine HEIGHT="78" WIDTH="735" VPOS="3174" HPOS="375" STYLEREFS="StyleId-780764F3-2E8C-43B1-9707-3822B9BA73DD-">
<String CONTENT="York," HEIGHT="76" WIDTH="189" VPOS="3174" HPOS="375"/>
<SP HEIGHT="71" WIDTH="30" VPOS="3179" HPOS="565"/>
<String CONTENT="H." HEIGHT="58" WIDTH="79" VPOS="3179" HPOS="596"/>
<SP HEIGHT="58" WIDTH="27" VPOS="3178" HPOS="676"/>
<String CONTENT="Vinal," HEIGHT="74" WIDTH="207" VPOS="3178" HPOS="704"/>
<SP HEIGHT="70" WIDTH="31" VPOS="3182" HPOS="912"/>
<String CONTENT="1926." HEIGHT="59" WIDTH="166" VPOS="3182" HPOS="944"/>
</TextLine>
<TextLine HEIGHT="50" WIDTH="614" VPOS="3258" HPOS="447" CS="1">
<String LANG="en-US" CONTENT="6" HEIGHT="44" WIDTH="24" VPOS="3258" HPOS="447"/>
<SP HEIGHT="49" WIDTH="25" VPOS="3258" HPOS="472"/>
<String LANG="en-US" CONTENT="p." HEIGHT="34" WIDTH="41" VPOS="3273" HPOS="498"/>
<SP HEIGHT="43" WIDTH="27" VPOS="3258" HPOS="540"/>
<String LANG="en-US" CS="1" CONTENT="l.," HEIGHT="14" WIDTH="8" VPOS="3294" HPOS="600"/>
<SP HEIGHT="46" WIDTH="24" VPOS="3262" HPOS="609"/>
<String LANG="en-US" CONTENT="49" HEIGHT="44" WIDTH="54" VPOS="3260" HPOS="634"/>
<SP HEIGHT="48" WIDTH="25" VPOS="3260" HPOS="689"/>
<String LANG="fr" CS="1" CONTENT="p.,"/>
<SP/>
<String LANG="fr" CS="1" CONTENT="1"/>
<SP/>
<String LANG="fr" CS="1" CONTENT="l."/>
<SP HEIGHT="41" WIDTH="58" VPOS="3261" HPOS="879"/>
<String LANG="en-US" CONTENT="21" HEIGHT="42" WIDTH="51" VPOS="3261" HPOS="938"/>
<String STYLE="superscript" LANG="en-US" CONTENT="cm" HEIGHT="18" WIDTH="47" VPOS="3262" HPOS="1000"/>
<String LANG="en-US" CONTENT="." HEIGHT="8" WIDTH="9" VPOS="3296" HPOS="1052"/>
</TextLine>
<TextLine HEIGHT="59" WIDTH="1927" VPOS="3310" HPOS="448" CS="1">
<String CONTENT="&#8220;This" HEIGHT="46" WIDTH="137" VPOS="3314" HPOS="448"/>
<SP HEIGHT="43" WIDTH="23" VPOS="3317" HPOS="586"/>
<String CONTENT="book" HEIGHT="44" WIDTH="125" VPOS="3316" HPOS="610"/>
<SP HEIGHT="41" WIDTH="22" VPOS="3316" HPOS="736"/>
<String CONTENT="has" HEIGHT="44" WIDTH="82" VPOS="3316" HPOS="759"/>
<SP HEIGHT="43" WIDTH="24" VPOS="3317" HPOS="842"/>
<String CONTENT="been" HEIGHT="44" WIDTH="109" VPOS="3317" HPOS="867"/>
<SP HEIGHT="42" WIDTH="24" VPOS="3316" HPOS="977"/>
<String CONTENT="designed" HEIGHT="48" WIDTH="219" VPOS="3316" HPOS="1002"/>
<SP HEIGHT="43" WIDTH="23" VPOS="3318" HPOS="1222"/>
<String CONTENT="by" HEIGHT="49" WIDTH="56" VPOS="3318" HPOS="1246"/>
<SP HEIGHT="48" WIDTH="27" VPOS="3319" HPOS="1303"/>
<String CONTENT="Robert" HEIGHT="43" WIDTH="172" VPOS="3319" HPOS="1331"/>
<SP HEIGHT="46" WIDTH="28" VPOS="3316" HPOS="1504"/>
<String CONTENT="S." HEIGHT="46" WIDTH="43" VPOS="3316" HPOS="1533"/>
<SP HEIGHT="58" WIDTH="26" VPOS="3310" HPOS="1577"/>
<String CS="1" CONTENT="Josephy," HEIGHT="38" WIDTH="183" VPOS="3331" HPOS="1634"/>
<SP HEIGHT="34" WIDTH="25" VPOS="3334" HPOS="1818"/>
<String CONTENT="and" HEIGHT="43" WIDTH="86" VPOS="3320" HPOS="1844"/>
<SP HEIGHT="43" WIDTH="24" VPOS="3320" HPOS="1931"/>
<String CONTENT="six" HEIGHT="42" WIDTH="71" VPOS="3320" HPOS="1956"/>
<SP HEIGHT="41" WIDTH="23" VPOS="3320" HPOS="2028"/>
<String CONTENT="hundred" HEIGHT="44" WIDTH="208" VPOS="3320" HPOS="2052"/>
<SP HEIGHT="43" WIDTH="25" VPOS="3321" HPOS="2261"/>
<String CONTENT="and" HEIGHT="42" WIDTH="88" VPOS="3322" HPOS="2287"/>
</TextLine>
<TextLine HEIGHT="56" WIDTH="1971" VPOS="3371" HPOS="377" CS="1">
<String CONTENT="twenty-five" HEIGHT="50" WIDTH="280" VPOS="3371" HPOS="377"/>
<SP HEIGHT="30" WIDTH="32" VPOS="3386" HPOS="658"/>
<String CONTENT="copies" HEIGHT="49" WIDTH="150" VPOS="3371" HPOS="691"/>
<SP HEIGHT="42" WIDTH="34" VPOS="3373" HPOS="842"/>
<String CONTENT="have" HEIGHT="43" WIDTH="116" VPOS="3373" HPOS="877"/>
<SP HEIGHT="34" WIDTH="21" VPOS="3388" HPOS="994"/>
<String CONTENT="been" HEIGHT="42" WIDTH="109" VPOS="3375" HPOS="1025"/>
<SP HEIGHT="37" WIDTH="34" VPOS="3384" HPOS="1135"/>
<String CS="1" CONTENT="printed" HEIGHT="48" WIDTH="177" VPOS="3373" HPOS="1170"/>
<SP HEIGHT="43" WIDTH="34" VPOS="3375" HPOS="1348"/>
<String CONTENT="under" HEIGHT="44" WIDTH="144" VPOS="3375" HPOS="1383"/>
<SP HEIGHT="41" WIDTH="32" VPOS="3376" HPOS="1528"/>
<String CONTENT="his" HEIGHT="45" WIDTH="68" VPOS="3374" HPOS="1561"/>
<SP HEIGHT="29" WIDTH="35" VPOS="3390" HPOS="1630"/>
<String CONTENT="supervision" HEIGHT="51" WIDTH="282" VPOS="3374" HPOS="1666"/>
<SP HEIGHT="30" WIDTH="35" VPOS="3390" HPOS="1949"/>
<String CONTENT="at" HEIGHT="36" WIDTH="45" VPOS="3384" HPOS="1985"/>
<SP HEIGHT="36" WIDTH="32" VPOS="3384" HPOS="2031"/>
<String CONTENT="the" HEIGHT="44" WIDTH="74" VPOS="3376" HPOS="2064"/>
<SP HEIGHT="30" WIDTH="34" VPOS="3391" HPOS="2139"/>
<String CONTENT="shop" HEIGHT="49" WIDTH="110" VPOS="3378" HPOS="2174"/>
<SP HEIGHT="36" WIDTH="35" VPOS="3391" HPOS="2285"/>
<String CS="1" CONTENT="of" HEIGHT="28" WIDTH="27" VPOS="3394" HPOS="2321"/>
</TextLine>
<TextLine HEIGHT="51" WIDTH="1294" VPOS="3427" HPOS="377">
<String CONTENT="Douglas" HEIGHT="48" WIDTH="205" VPOS="3428" HPOS="377"/>
<SP HEIGHT="44" WIDTH="31" VPOS="3427" HPOS="583"/>
<String CONTENT="C." HEIGHT="44" WIDTH="47" VPOS="3427" HPOS="615"/>
<SP HEIGHT="42" WIDTH="29" VPOS="3429" HPOS="663"/>
<String CONTENT="McMurtrie," HEIGHT="49" WIDTH="294" VPOS="3428" HPOS="693"/>
<SP HEIGHT="48" WIDTH="28" VPOS="3429" HPOS="988"/>
<String CONTENT="inc.," HEIGHT="48" WIDTH="98" VPOS="3429" HPOS="1017"/>
<SP HEIGHT="47" WIDTH="26" VPOS="3430" HPOS="1116"/>
<String CONTENT="in" HEIGHT="43" WIDTH="45" VPOS="3430" HPOS="1143"/>
<SP HEIGHT="46" WIDTH="29" VPOS="3428" HPOS="1189"/>
<String CONTENT="September," HEIGHT="50" WIDTH="274" VPOS="3428" HPOS="1219"/>
<SP HEIGHT="48" WIDTH="31" VPOS="3430" HPOS="1494"/>
<String CONTENT="1926.&#8221;" HEIGHT="45" WIDTH="145" VPOS="3430" HPOS="1526"/>
</TextLine>
<TextLine HEIGHT="57" WIDTH="1752" VPOS="3479" HPOS="376">
<String CONTENT="&#169;" HEIGHT="53" WIDTH="56" VPOS="3479" HPOS="376"/>
<SP HEIGHT="53" WIDTH="27" VPOS="3479" HPOS="433"/>
<String CONTENT="Oct." HEIGHT="43" WIDTH="99" VPOS="3481" HPOS="461"/>
<SP HEIGHT="8" WIDTH="24" VPOS="3516" HPOS="561"/>
<String CONTENT="1," HEIGHT="45" WIDTH="33" VPOS="3482" HPOS="590"/>
<SP HEIGHT="44" WIDTH="30" VPOS="3483" HPOS="624"/>
<String CONTENT="1926;" HEIGHT="51" WIDTH="129" VPOS="3482" HPOS="655"/>
<SP HEIGHT="50" WIDTH="28" VPOS="3483" HPOS="785"/>
<String CONTENT="2c." HEIGHT="41" WIDTH="63" VPOS="3483" HPOS="814"/>
<SP HEIGHT="44" WIDTH="27" VPOS="3483" HPOS="878"/>
<String CONTENT="Dec." HEIGHT="44" WIDTH="107" VPOS="3483" HPOS="906"/>
<SP HEIGHT="40" WIDTH="27" VPOS="3484" HPOS="1014"/>
<String CONTENT="4;" HEIGHT="50" WIDTH="48" VPOS="3484" HPOS="1042"/>
<SP HEIGHT="37" WIDTH="29" VPOS="3497" HPOS="1091"/>
<String CONTENT="aff." HEIGHT="42" WIDTH="78" VPOS="3483" HPOS="1121"/>
<SP HEIGHT="42" WIDTH="27" VPOS="3483" HPOS="1200"/>
<String CONTENT="Nov." HEIGHT="43" WIDTH="118" VPOS="3483" HPOS="1228"/>
<SP HEIGHT="42" WIDTH="27" VPOS="3484" HPOS="1347"/>
<String CONTENT="30:" HEIGHT="44" WIDTH="75" VPOS="3483" HPOS="1375"/>
<SP HEIGHT="44" WIDTH="29" VPOS="3483" HPOS="1451"/>
<!-- cceid 05F02967-6E1B-1014-9B7B-CA07F191E62B --><String CONTENT="A" HEIGHT="42" WIDTH="43" VPOS="3483" HPOS="1481"/>
<SP HEIGHT="44" WIDTH="27" VPOS="3483" HPOS="1525"/>
<String CONTENT="957472;" HEIGHT="54" WIDTH="187" VPOS="3482" HPOS="1553"/>
<SP HEIGHT="51" WIDTH="30" VPOS="3485" HPOS="1741"/>
<String CONTENT="Harold" HEIGHT="44" WIDTH="180" VPOS="3485" HPOS="1772"/>
<SP HEIGHT="44" WIDTH="24" VPOS="3485" HPOS="1953"/>
<String CONTENT="Vinal." HEIGHT="44" WIDTH="150" VPOS="3485" HPOS="1978"/>
</TextLine>
<TextLine HEIGHT="55" WIDTH="267" VPOS="3537" HPOS="458">
<String CONTENT="(26-23920)" HEIGHT="55" WIDTH="267" VPOS="3537" HPOS="458"/>
</TextLine>
<TextLine HEIGHT="77" WIDTH="1199" VPOS="3606" HPOS="381" STYLEREFS="StyleId-780764F3-2E8C-43B1-9707-3822B9BA73DD-">
<String CONTENT="Clauss," HEIGHT="75" WIDTH="235" VPOS="3606" HPOS="381"/>
<SP HEIGHT="72" WIDTH="44" VPOS="3609" HPOS="617"/>
<String CONTENT="Ludwig" HEIGHT="74" WIDTH="266" VPOS="3609" HPOS="662"/>
<SP HEIGHT="72" WIDTH="38" VPOS="3611" HPOS="929"/>
<String CONTENT="Ferdinand," HEIGHT="72" WIDTH="378" VPOS="3610" HPOS="968"/>
<SP HEIGHT="67" WIDTH="44" VPOS="3615" HPOS="1347"/>
<String CONTENT="1892-" HEIGHT="56" WIDTH="188" VPOS="3615" HPOS="1392"/>
</TextLine>
<TextLine HEIGHT="83" WIDTH="1853" VPOS="3697" HPOS="518" STYLEREFS="StyleId-780764F3-2E8C-43B1-9707-3822B9BA73DD-" CS="1">
<String LANG="en-US" CS="1" CONTENT="Rasse" HEIGHT="38" WIDTH="138" VPOS="3714" HPOS="518"/>
<SP HEIGHT="37" WIDTH="45" VPOS="3715" HPOS="657"/>
<String LANG="de" CONTENT="und" HEIGHT="57" WIDTH="127" VPOS="3697" HPOS="703"/>
<SP HEIGHT="58" WIDTH="47" VPOS="3697" HPOS="831"/>
<String LANG="en-US" CONTENT="seele;" HEIGHT="71" WIDTH="191" VPOS="3699" HPOS="879"/>
<SP HEIGHT="48" WIDTH="50" VPOS="3722" HPOS="1071"/>
<String LANG="de" CONTENT="eine" HEIGHT="56" WIDTH="133" VPOS="3702" HPOS="1122"/>
<SP HEIGHT="37" WIDTH="50" VPOS="3721" HPOS="1256"/>
<String LANG="en-US" CS="1" CONTENT="einf&#252;hrung" HEIGHT="76" WIDTH="383" VPOS="3701" HPOS="1307"/>
<SP HEIGHT="74" WIDTH="41" VPOS="3703" HPOS="1691"/>
<String LANG="en-US" CONTENT="in" HEIGHT="59" WIDTH="66" VPOS="3703" HPOS="1733"/>
<SP HEIGHT="57" WIDTH="45" VPOS="3706" HPOS="1800"/>
<String LANG="en-US" CONTENT="die" HEIGHT="59" WIDTH="101" VPOS="3705" HPOS="1846"/>
<SP HEIGHT="52" WIDTH="44" VPOS="3726" HPOS="1948"/>
<String LANG="fr" CS="1" CONTENT="gegenwart," HEIGHT="70" WIDTH="378" VPOS="3710" HPOS="1993"/>
</TextLine>
<TextLine HEIGHT="82" WIDTH="1991" VPOS="3775" HPOS="380" STYLEREFS="StyleId-780764F3-2E8C-43B1-9707-3822B9BA73DD-">
<String CONTENT="von" HEIGHT="42" WIDTH="122" VPOS="3787" HPOS="380"/>
<SP HEIGHT="55" WIDTH="45" VPOS="3775" HPOS="503"/>
<String CONTENT="dr." HEIGHT="55" WIDTH="91" VPOS="3775" HPOS="549"/>
<SP HEIGHT="55" WIDTH="50" VPOS="3775" HPOS="641"/>
<String CONTENT="Ludw." HEIGHT="57" WIDTH="210" VPOS="3775" HPOS="692"/>
<SP HEIGHT="55" WIDTH="50" VPOS="3777" HPOS="903"/>
<String CONTENT="Ferd." HEIGHT="58" WIDTH="184" VPOS="3777" HPOS="954"/>
<SP HEIGHT="59" WIDTH="52" VPOS="3778" HPOS="1139"/>
<String CONTENT="Clauss;" HEIGHT="73" WIDTH="252" VPOS="3778" HPOS="1192"/>
<SP HEIGHT="50" WIDTH="49" VPOS="3801" HPOS="1445"/>
<String LANG="de" CONTENT="mit" HEIGHT="57" WIDTH="114" VPOS="3782" HPOS="1495"/>
<SP HEIGHT="54" WIDTH="47" VPOS="3785" HPOS="1610"/>
<String CONTENT="155" HEIGHT="54" WIDTH="109" VPOS="3785" HPOS="1658"/>
<SP HEIGHT="55" WIDTH="50" VPOS="3785" HPOS="1768"/>
<String CONTENT="abbildungen" HEIGHT="74" WIDTH="417" VPOS="3783" HPOS="1819"/>
<SP HEIGHT="57" WIDTH="50" VPOS="3784" HPOS="2237"/>
<String CONTENT="im" HEIGHT="57" WIDTH="83" VPOS="3784" HPOS="2288"/>
</TextLine>
<TextLine HEIGHT="79" WIDTH="1804" VPOS="3853" HPOS="380" STYLEREFS="StyleId-780764F3-2E8C-43B1-9707-3822B9BA73DD-">
<String LANG="en-US" CONTENT="text" HEIGHT="56" WIDTH="134" VPOS="3853" HPOS="380"/>
<SP HEIGHT="55" WIDTH="29" VPOS="3854" HPOS="515"/>
<String LANG="de" CONTENT="und" HEIGHT="56" WIDTH="126" VPOS="3853" HPOS="545"/>
<SP HEIGHT="57" WIDTH="32" VPOS="3853" HPOS="672"/>
<String LANG="en-US" CONTENT="8" HEIGHT="55" WIDTH="33" VPOS="3855" HPOS="705"/>
<SP HEIGHT="56" WIDTH="33" VPOS="3855" HPOS="739"/>
<String LANG="de" CONTENT="tafeln." HEIGHT="57" WIDTH="217" VPOS="3854" HPOS="773"/>
<SP HEIGHT="55" WIDTH="84" VPOS="3857" HPOS="991"/>
<String LANG="de" CONTENT="M&#252;nchen," HEIGHT="74" WIDTH="326" VPOS="3857" HPOS="1076"/>
<SP HEIGHT="71" WIDTH="36" VPOS="3860" HPOS="1403"/>
<String LANG="fr" CONTENT="J." HEIGHT="57" WIDTH="59" VPOS="3860" HPOS="1440"/>
<SP HEIGHT="56" WIDTH="38" VPOS="3860" HPOS="1500"/>
<String LANG="fr" CONTENT="F." HEIGHT="57" WIDTH="70" VPOS="3860" HPOS="1539"/>
<SP HEIGHT="56" WIDTH="34" VPOS="3861" HPOS="1610"/>
<String LANG="de" CONTENT="Lehmann," HEIGHT="71" WIDTH="337" VPOS="3861" HPOS="1645"/>
<SP HEIGHT="64" WIDTH="35" VPOS="3868" HPOS="1983"/>
<String LANG="fr" CONTENT="1926." HEIGHT="59" WIDTH="165" VPOS="3864" HPOS="2019"/>
</TextLine>
</TextBlock>
</PrintSpace>
</Page>
</Layout>
</alto>