2609 4293
1421 3982 113 57 112

470 329 273 72 Walker,
783 329 233 58 Robert
1056 329 257 73 Sparks,
1353 332 188 57 1878-

545 422 254 56 Anchor
829 440 232 53 poems,
1093 423 84 71 by
1205 422 237 58 Robert
1476 420 238 72 Sparks
1744 421 272 59 Walker.
2088 424 149 56 New
2268 424 190 69 York,

472 496 1755 77 Chicago [etc.] Fleming H. Revell company [ c 1925]
538 575 331 51 96 p . 19 ½ cm .
469 626 53 53 ©
553 629 99 51 Jan.
680 629 68 50 23,
785 627 129 53 1926;
947 628 65 43 2c.
1043 629 87 42 and
1158 629 79 42 aff.
1269 628 99 52 Jan.
1400 627 77 52 30;
1510 627 45 43 A
1587 627 187 54 883103;
1811 628 207 54 Fleming
2050 630 60 43 H.
2146 630 157 44 Revell
2338 646 64 28 co.

548 684 241 54 (26-3021)

469 779 294 74 Wallace,
799 780 233 74 Edgar.

548 860 131 57 The
711 858 351 60 Christmas
1095 876 136 55 cup.

542 937 81 51 (In
653 938 219 41 Windsor
905 937 256 51 magazine,
1198 938 118 50 Dec.,
1352 937 127 52 1925)

470 990 1971 103 © 1c. Jan. 23, 1926; A ad int. 7690; pubd. Nov. 27, 1925; E. Wallace, London.
469 1145 213 71 Webb,
723 1145 244 60 Walter
1003 1144 253 74 Loring,
1297 1147 192 57 1863-

547 1235 305 58 Railroad
878 1234 443 73 construction,
1352 1235 223 71 theory
1603 1236 124 56 and
1751 1234 275 72 practice;
2088 1255 35 37 a
2151 1236 316 57 text-book

471 1313 106 57 for
609 1313 103 57 the
745 1332 109 38 use
890 1313 67 57 of
994 1314 286 56 students
1313 1313 65 55 in
1413 1313 263 72 colleges
1713 1314 125 56 and
1870 1313 305 57 technical
2208 1314 259 72 schools,

471 1391 125 57 and
618 1410 39 37 a
674 1390 356 57 hand-book
1050 1390 108 57 for
1178 1391 103 57 the
1306 1410 110 38 use
1443 1391 68 57 of
1535 1390 325 73 engineers
1884 1391 65 56 in
1971 1390 144 59 field
2138 1392 123 57 and
2286 1392 181 62 office,

471 1468 1998 75 by Walter Loring Webb … 8th ed., rev., total issue,
471 1548 290 59 nineteen
804 1547 331 58 thousand.
1235 1547 153 58 New
1428 1548 191 72 York,
1666 1549 60 57 J.
1770 1548 207 72 Wiley
2019 1548 47 57 &
2111 1567 164 54 sons,
2318 1549 117 57 inc.;

472 1628 150 71 [etc.,
656 1627 129 71 etc.]
820 1626 166 57 1926.

539 1703 28 42 2
588 1717 41 39 p.
672 1736 22 19 l.,
719 1701 189 55 iii-xvii,
933 1701 80 45 849
1038 1717 40 38 p.
1102 1701 102 46 incl.
1229 1703 131 52 illus.,
1385 1701 159 56 tables,
1568 1703 166 54 diagrs.
1795 1703 141 54 plates
1963 1703 128 55 (part
2114 1703 137 54 fold.)
2321 1703 50 45 17½cm.

467 1758 127 55 $5.00

471 1816 53 53 ©
551 1818 99 51 Jan.
678 1817 67 51 23,
777 1817 107 43 1926;
936 1817 65 43 2c.
1032 1817 87 44 and
1148 1818 78 43 aff.
1257 1817 102 53 Jan.
1388 1818 78 52 28;
1498 1816 45 43 A
1571 1815 162 46 879413;
1791 1818 75 44 W.
1899 1817 49 43 L.
1978 1816 160 54 Webb,
2170 1817 295 50 Lansdowne.

542 1874 79 43 Pa.
691 1872 242 57 (26-3153)

471 1970 302 75 Wheeler,
812 1970 285 61 William
1132 1969 329 76 Reginald.

548 2060 265 60 Modern
845 2062 295 58 missions
1176 2062 65 57 in
1279 2059 172 61 Chile
1488 2063 125 57 and
1644 2062 231 72 Brazil,
1908 2063 85 72 by
2022 2063 97 58 W.
2156 2062 309 74 Reginald

472 2140 307 73 Wheeler,
828 2141 236 57 Robert
1113 2140 288 59 Gardner
1450 2139 366 74 McGregor,
1867 2140 212 58 Maria
2123 2140 344 58 McIlvaine

472 2217 316 74 Gillmore,
817 2218 145 56 Ann
993 2219 351 57 Townsend
1369 2217 178 76 Reid,
1572 2219 309 57 members
1910 2218 68 59 of
2006 2239 36 37 a
2071 2217 395 60 commission

474 2296 343 72 appointed
849 2299 64 55 to
946 2296 151 57 visit
1132 2295 173 59 Chile
1341 2297 125 57 and
1495 2295 215 58 Brazil
1740 2296 85 73 by
1855 2296 103 58 the
1991 2296 216 58 Board
2239 2296 68 58 of
474 2296 1971 151 foreign

644 2374 295 58 missions
971 2374 67 58 of
1067 2374 103 58 the
1202 2373 454 72 Presbyterian
1686 2374 229 57 church
1941 2374 66 57 in
2034 2374 105 59 the
2167 2374 78 59 U.
2279 2374 61 58 S.
2370 2374 96 72 A.,

472 2451 1996 73 and Robert E. Speer … Philadelphia, The Westminster
471 2548 201 55 press,
706 2530 166 57 1926.

544 2609 126 52 xviii,
698 2610 81 43 434
804 2623 40 39 p.
905 2607 153 55 front.,
1086 2609 157 54 plates,
1268 2615 157 59 ports.,
1452 2622 126 39 maps
1605 2608 126 53 (part
1761 2607 135 55 fold.)
1967 2609 49 44 19
2023 2610 47 17 cm
2076 2646 9 10 .

548 2666 70 44 “A
644 2666 120 45 brief
790 2666 186 53 reading
1003 2666 76 44 list
1107 2682 58 29 on
1193 2665 129 46 Chile
1347 2667 89 43 and
1466 2665 180 44 Brazil”
1664 2681 9 29 :
1703 2681 38 38 p.
1772 2667 204 43 431-434.

473 2721 53 53 ©
551 2723 98 52 Jan.
679 2721 63 53 15,
768 2722 130 53 1926;
924 2723 65 42 2c.
1015 2723 86 43 and
1124 2723 78 43 aff.
1228 2723 99 52 Jan.
1353 2721 78 54 27;
1461 2722 45 43 A
1530 2721 190 53 883058;
1749 2723 76 44 W.
1852 2723 53 43 R.
1931 2722 224 51 Wheeler,
2184 2722 118 44 New
2326 2722 143 43 York.

551 2778 242 55 (26-3290)

473 2875 228 74 White,
742 2877 141 73 Ray
919 2875 315 74 Bridwell,
1276 2879 190 56 1892-

551 2969 129 58 The
718 2970 224 71 legend
977 2971 69 57 of
1077 2968 366 60 Manitousa
1478 2968 122 59 and
1640 2970 178 58 other
1852 2988 234 53 poems,
2122 2968 187 58 Hank
2347 2970 122 57 and

474 3043 1998 76 other sketches, by Ray B. White … frontispiece by Paul
475 3124 228 72 Gregg,
746 3142 122 54 pen
912 3122 316 74 drawings
1272 3125 83 71 by
1392 3124 328 59 Branford
1764 3123 241 61 Clarke.
2087 3125 150 56 New
2278 3123 192 72 York,

476 3198 270 76 Chicago
782 3200 145 74 [etc.]
962 3198 290 77 Fleming
1281 3201 78 58 H.
1392 3202 219 58 Revell
1641 3219 307 56 company
1981 3231 12 44 [
1994 3209 18 21 c
2018 3202 161 72 1925]

543 3278 1044 53 3 p. l ., 5-91 p. col. front., illus. 19½cm.
470 3330 56 54 ©
557 3334 99 51 Jan.
685 3334 69 50 23,
788 3333 130 52 1926;
950 3333 64 43 2c.
1046 3334 87 43 and
1165 3334 79 43 aff.
1276 3334 99 52 Jan.
1409 3334 77 52 30;
1522 3333 44 43 A
1598 3332 190 54 883097;
1821 3332 208 55 Fleming
2062 3334 61 43 H.
2158 3333 160 44 Revell
2348 3348 65 28 co.

553 3388 242 56 (26-3023)

473 3486 227 73 Willis,
745 3487 219 73 Henry
1004 3487 256 73 Parker,
1305 3490 190 57 1874-

551 3576 270 58 Federal
852 3595 251 39 reserve
1135 3576 276 73 banking
1442 3576 294 73 practice,
1767 3579 84 70 by
1882 3577 79 56 H.
1995 3576 243 59 Parker
2265 3577 208 60 Willis

544 3653 1930 73 … and William H. Steiner … Students’ ed. New York,
475 3733 278 70 London,
781 3734 74 57 D.
887 3732 321 71 Appleton
1237 3733 124 57 and
1391 3751 321 53 company,
1745 3734 165 56 1926.

544 3810 97 54 xix,
680 3810 104 45 1016
815 3826 40 37 p.
887 3809 102 46 incl.
1025 3809 114 46 illus.
1167 3810 177 54 (maps)
1388 3810 144 46 forms.
1607 3810 96 45 fold.
1751 3811 141 52 diagr.
1953 3811 52 43 23
2013 3814 46 18 cm
2067 3847 8 8 .

476 3865 53 54 ©
559 3868 100 51 Jan.
689 3867 66 50 29,
794 3868 129 52 1926;
954 3869 65 42 2c.
1053 3868 86 43 and
1172 3869 78 43 aff.
1283 3867 108 45 Feb.
1422 3868 50 52 2;
1510 3867 44 43 A
1588 3866 190 55 879469;
1815 3869 57 43 D.
1908 3868 227 53 Appleton
2169 3869 37 43 &
2238 3883 64 28 co.

555 3922 243 56 (26-3178)
