2542 4285
1276 4006 149 57 1376

356 396 477 72 Westermarck,
880 395 259 59 Edward
1178 394 375 73 Alexander,
1600 397 189 57 1862-

431 487 60 57 A
521 487 174 57 short
725 487 248 71 history
1002 488 67 57 of
1099 486 337 73 marriage,
1466 486 84 72 by
1579 485 276 59 Edward
1883 484 465 60 Westermarck

423 562 1583 75 … New York, The Macmillan company, 1926.
424 669 94 51 xiii,
549 669 81 45 327
661 685 38 37 p.
758 669 54 43 22½
847 672 47 17 cm
900 704 9 8 .

428 724 1919 54 “Based on the fifth edition of my History of human marriage … but
356 781 1198 55 not … an abridged edition of it.”—Foreword.
350 839 56 54 ©
431 841 100 44 Oct.
557 841 67 51 26,
652 840 129 52 1926;
807 840 64 43 2c.
898 840 85 42 and
1010 840 78 42 aff.
1117 839 101 44 Oct.
1244 837 79 53 27;
1351 839 44 42 A
1420 836 190 54 958014;
1638 837 267 45 Macmillan
1927 853 64 29 co.

433 897 269 55 (26-21119)

353 983 330 71 Wetmore,
720 982 375 69 Alexander,
1139 984 188 57 1886-

433 1071 1848 76 The migrations of birds, by Alexander Wetmore …
360 1151 391 74 Cambridge,
786 1151 301 57 Harvard
1118 1149 355 72 university
1503 1169 198 52 press,
1738 1151 165 56 1926.

426 1229 90 52 viii,
547 1228 81 46 217
655 1244 41 38 p.
757 1229 153 51 front.,
1000 1262 9 17 pl.,
1041 1242 139 39 maps.
1237 1227 57 44 20
1299 1229 47 19 cm
1352 1261 10 9 .

429 1281 1921 57 “The observations … presented in the following pages were delivered
358 1344 44 45 in
433 1344 72 45 six
533 1346 190 42 lectures
755 1342 159 46 before
946 1342 75 44 the
1052 1342 171 45 Lowell
1252 1340 204 46 institute
1485 1342 44 43 in
1561 1341 173 44 Boston
1763 1355 60 31 on
1853 1341 202 45 October
2083 1341 55 44 26
2167 1343 86 42 and
2283 1341 66 53 28,

356 1402 87 44 and
473 1400 262 46 November
764 1401 37 50 2,
831 1399 39 53 4,
906 1398 49 44 16
984 1399 89 44 and
1103 1398 63 53 18,
1199 1396 332 48 1925.”—Pref.

354 1457 52 53 ©
441 1460 116 42 Nov.
590 1457 37 51 8,
664 1457 130 51 1926;
826 1457 64 42 2c.
924 1456 118 43 Nov.
1080 1456 74 50 12;
1188 1455 78 43 aff.
1301 1456 119 43 Nov.
1454 1455 78 51 22;
1567 1454 45 43 A
1644 1453 189 52 958085;
1871 1454 237 44 President
2141 1455 87 43 and
424 1454 1899 105 fellows

562 1514 53 44 of
646 1515 216 42 Harvard
894 1513 183 53 college,
1114 1512 287 53 Cambridge,
1437 1512 141 43 Mass.
1647 1511 244 54 (26-21345
1900 1512 17 53 )

353 1599 279 70 Whalen,
672 1597 283 62 William
991 1598 280 60 Wilfrid.

429 1689 1915 76 The girl from Mine Run, by Will W. Whalen … St.
351 1769 209 72 Louis,
594 1766 122 63 Mo.
754 1771 124 57 and
910 1769 281 71 London,
1226 1769 71 59 B.
1333 1767 249 59 Herder
1615 1769 158 57 book
1807 1785 107 55 co.,
1950 1768 166 58 1926.

420 1846 520 53 2 p. l., 329 p. 19 cm .
427 1904 186 52 Sequel:
651 1902 236 49 “Strike!”

350 1958 56 54 ©
435 1961 116 42 Nov.
580 1959 67 50 22,
677 1958 105 43 1926
797 1973 9 36 ;
836 1958 63 42 2c.
929 1959 86 42 and
1043 1957 78 43 aff.
1152 1958 119 41 Nov.
1299 1956 77 52 24;
1409 1956 44 42 A
1481 1953 188 55 957244;
1703 1956 50 43 B.
1784 1958 186 42 Herder
1995 1957 121 44 book
2141 1973 64 29 co.

431 2016 268 54 (26-21463)

353 2099 327 70 Williams,
726 2099 273 58 Blanche
1043 2098 236 72 Colton,
1326 2101 189 57 1879-

435 2191 313 73 Studying
777 2191 105 58 the
912 2191 177 57 short
1121 2192 195 70 story,
1346 2192 84 70 by
1458 2190 276 59 Blanche
1767 2190 223 60 Colton
2020 2192 330 59 Williams.

355 2269 252 60 Garden
644 2268 162 74 City,
842 2269 74 57 N.
952 2269 96 70 Y.,
1082 2269 387 72 Doubleday,
1507 2269 168 72 Page
1709 2268 50 59 &
1791 2288 85 39 co.
1916 2299 14 43 [
1932 2277 19 22 c
1954 2271 163 72 1926]

423 2349 59 51 vi,
513 2350 52 42 42
598 2364 39 37 p.
698 2354 138 46 ports.
899 2348 50 44 19½
1000 2349 30 17 cm
1036 2382 9 8 .

427 2404 354 54 Bibliography:
812 2420 40 37 p.
880 2404 150 44 40-42.

352 2461 55 54 ©
437 2463 100 44 Oct.
562 2463 69 51 22,
662 2462 105 43 1926
783 2476 9 37 ;
822 2462 63 43 2c.
914 2462 86 42 and
1030 2461 77 43 aff.
1140 2462 118 42 Nov.
1288 2461 76 52 22;
1397 2461 44 42 A
1470 2459 188 54 958075;
1692 2461 281 53 Doubleday,
2005 2463 125 52 Page
2160 2464 38 43 &
2225 2477 66 29 co.

429 2519 269 55 (26-21494)

353 2603 328 73 Williams,
724 2605 279 58 Howard
1041 2603 188 72 King.

435 2696 182 59 Stars
650 2696 67 58 of
747 2696 103 58 the
881 2694 309 75 morning,
1219 2697 85 70 by
1333 2696 278 58 Howard
1642 2695 176 74 King
1847 2695 332 76 Williams,
2211 2718 51 39 d.
2297 2716 52 41 d.

357 2774 151 58 New
536 2774 189 74 York,
762 2773 242 73 George
1039 2774 78 60 H.
1152 2774 215 56 Doran
1398 2792 308 54 company
1742 2803 14 44 [
1758 2782 20 22 c
1780 2774 164 74 1926]

427 2849 861 56 ix p., 2 l., 15-200 p., 1 l. 19½ cm .
683 2906 1556 55 CONTENTS.—Jesus.—Dante.—Wycliffe.—Huss.—Savonarola.—William
2279 2910 75 46 the

358 2965 154 46 Silent.
528 2991 56 8 —
603 2965 321 54 Shakespeare.
942 2990 56 8 —
1014 2964 1124 55 Milton.—Williams.—Wesley.—Carey.—The
2178 2980 177 40 unsung

356 3029 131 38 stars.

353 3079 52 53 ©
431 3081 118 42 Nov.
577 3079 62 52 15,
667 3080 128 51 1926;
823 3080 63 42 2c.
913 3080 120 43 Nov.
1062 3080 74 51 18;
1162 3080 80 43 aff.
1269 3080 118 42 Nov.
1418 3078 73 53 16;
1520 3080 42 41 A
1588 3077 189 54 957126;
1806 3079 178 53 George
2009 3080 61 43 H.
2098 3081 158 42 Doran
2281 3094 67 30 co.

433 3137 268 54 (26-21340)

354 3221 256 70 Wilson,
659 3222 138 73 Guy
837 3222 300 73 Mitchell,
1184 3225 191 57 1876-

500 3313 1852 74 … What arithmetic shall we teach ? By Guy Mitchell
355 3391 1998 74 Wilson … Boston, New York [etc.] Houghton Mifflin
358 3488 305 53 company
696 3500 13 43 [
712 3478 19 22 c
733 3471 164 72 1926]

356 3546 1976 112 vii, [1] p., 1 l., 148, [1] p. diagrs. 18 cm . (Riverside educational monographs,
568 3604 66 45 ed.
665 3605 60 52 by
756 3604 61 44 H.
855 3604 235 54 Suzzallo)

427 3659 102 46 The
569 3670 182 44 present
792 3661 180 44 volume
1011 3660 199 46 includes
1254 3660 77 45 the
1373 3661 209 45 essential
1624 3662 104 44 data
1773 3661 51 45 of
1867 3660 72 45 “A
1982 3676 164 39 survey
2186 3661 53 45 of
2278 3661 76 45 the

359 3718 139 45 social
536 3720 86 42 and
661 3718 203 44 business
902 3733 138 38 usage
1078 3718 52 45 of
1168 3717 283 45 arithmetic”
1491 3718 211 53 together
1736 3716 112 46 with
1890 3730 232 42 summary
2160 3718 104 44 data
2303 3717 52 47 of

357 3773 130 45 other
520 3774 250 45 curricular
805 3775 167 44 studies
1008 3776 44 43 in
1087 3774 270 45 arithmetic,
1417 3774 59 53 cf.
1514 3773 124 45 Pref.

428 3830 232 47 “Selected
692 3829 371 55 bibliography”:
1093 3846 41 39 p.
1169 3829 208 48 147—[149]

355 3886 52 53 ©
434 3888 115 43 Nov.
582 3888 62 51 12,
674 3888 105 43 1926
794 3902 9 37 ;
831 3889 63 42 2c.
924 3889 116 42 Nov.
1073 3888 76 52 19;
1179 3889 77 42 aff.
1286 3889 119 42 Nov.
1438 3888 72 52 16;
1542 3888 42 42 A
1612 3886 189 54 958050;
1833 3888 50 44 G.
1915 3889 64 42 M.
2009 3887 194 52 Wilson,
425 3888 1898 101 Boston.
583 3944 270 55 (26-21346)
