2542 4285
1048 3927 107 54 691

106 325 389 71 Mühlestsin,
540 325 192 70 Hans,
776 327 186 55 1887-

255 412 1831 75 … Russland und die psychomachie Europas, versuch
111 497 152 57 über
305 496 115 56 den
500 491 488 74 zusammenhang
1031 494 109 57 der
1186 488 334 74 religiösen
1560 493 126 56 und
1729 492 110 57 der

113 486 1949 145 politischen
328 569 326 59 Weltkrise.
736 567 325 71 München,
1098 568 63 60 C.
1196 568 78 59 H.
1311 566 183 72 Beck,
1528 565 164 58 1925.

179 679 44 33 X,
250 662 81 44 240
359 676 40 34 p.
457 661 54 42 22½
545 663 46 17 cm
596 695 9 9 .

439 765 7 7 CONTENTS.
449 727 437 46 —Bolschewismus
924 729 90 43 und
1051 726 261 45 chiliasmus
1351 727 42 43 in
1432 726 398 44 Russland.—Das
1869 728 108 43 ende
2012 727 79 43 der

111 790 114 46 weit,
251 789 108 43 oder
380 788 78 42 das
479 786 111 43 ende
611 786 75 45 des
710 782 624 51 Christentums?—Religion
1356 785 91 42 und
1470 781 161 52 politik
1653 783 43 42 in
1718 783 374 49 Westeuropa.—

112 844 102 44 Von
241 842 301 52 glaubensauf
545 855 119 36 gang
692 840 59 43 im
780 838 690 52 glaubensniedergang.—Zwei
1501 838 206 46 exkurse.

110 903 1979 57 © Feb. 9, 1925; 1c. Apr. 14, 1926; A —Foreign 30917; C. H. Beck’sche
177 964 538 52 Verlagsbuchhandlung.
785 961 267 55 (26-12662)

112 1064 131 55 The
281 1061 296 57 National
614 1061 371 71 cyclopaedia
1023 1060 65 57 of
1126 1060 335 56 American
1498 1060 367 72 biography,
1905 1060 188 72 being

186 1141 102 55 the
323 1140 245 68 history
605 1138 66 56 of
709 1139 102 55 the
850 1137 238 57 United
1126 1137 210 57 States
1379 1156 67 37 as
1486 1137 359 57 illustrated
1881 1137 68 59 in
1986 1138 102 56 the

186 1217 157 56 lives
383 1216 67 56 of
490 1216 102 55 the
632 1215 319 71 founders,
994 1214 295 70 builders,
1335 1215 123 56 and
1499 1214 332 57 defenders
1878 1214 69 57 of
1987 1216 102 55 the

188 1293 293 71 republic,
511 1293 121 56 and
660 1292 67 55 of
753 1292 102 56 the
882 1310 140 36 men
1052 1292 121 55 and
1201 1310 239 37 women
1466 1291 135 56 who
1632 1310 105 37 are
1769 1291 191 73 doing
1987 1292 104 57 the

186 1370 170 56 work
383 1370 121 55 and
529 1368 320 71 moulding
874 1369 102 55 the
1004 1368 268 71 thought
1296 1368 66 56 of
1388 1369 103 55 the
1518 1371 258 68 present
1801 1368 167 74 time,
1999 1370 90 56 ed.

185 1447 83 70 by
294 1445 459 72 distinguished
779 1445 429 71 biographers,
1240 1445 267 57 selected
1533 1445 165 57 from
1729 1445 150 57 each
1910 1447 179 71 state,

186 1540 125 39 rev.
365 1523 123 56 and
539 1523 320 70 approved
909 1523 83 70 by
1041 1523 102 55 the
1194 1526 167 53 most
1410 1522 268 57 eminent
1727 1522 363 74 historians,

189 1599 293 72 scholars,
516 1600 119 56 and
667 1602 338 53 statesmen
1037 1599 67 56 of
1134 1600 102 55 the
1268 1600 137 69 day.
1474 1618 55 37 v.
1563 1601 87 54 19.
1721 1600 150 56 New
1901 1600 190 73 York,

185 1677 215 55 James
435 1677 66 54 T.
537 1675 207 57 White
780 1676 47 54 &
859 1693 319 53 company,
1214 1678 164 54 1926.

181 1763 836 54 1 p. l., 463, [4] p. ports. 28 cm .
109 1818 53 54 ©
192 1821 112 51 May
332 1817 61 54 15,
427 1820 126 51 1926;
585 1820 64 43 2c.
680 1821 86 43 and
795 1821 78 42 aff.
902 1821 118 51 June
1053 1818 72 53 15;
1157 1820 43 42 A
1230 1819 189 54 897137;
1451 1822 151 51 James
1630 1820 54 45 T.
1714 1822 157 44 White
1903 1823 37 43 &
1970 1838 65 28 co.

103 1933 340 64 Neumann,
487 1932 241 71 Alfred,
774 1936 187 55 1895-

183 2024 214 74 König
427 2024 231 74 Haber,
694 2025 338 73 erzählung
1062 2046 122 38 von
1216 2027 229 59 Alfred
1477 2028 342 56 Neumann.
107 2030 1962 145 Stuttgart,

297 2101 59 62 J.
388 2101 393 74 Engelhorns
811 2104 225 71 nachf.,
1067 2104 165 57 1926.

182 2181 89 50 139,
307 2185 51 45 [1]
392 2195 40 32 p.
523 2181 22 43 17½
579 2182 46 17 cm
632 2215 8 8 .
722 2181 283 51 [Engelhorns
1038 2180 266 53 allgemeine
1338 2181 440 45 roman-bibliothek.
1837 2184 71 44 bd.
1942 2184 80 45 992]

106 2232 1928 58 © Mar. 13, 1926; 1c. May 4; A—Foreign 30989; J. Engelhorns nachf.
188 2289 268 56 (26-12570)

108 2388 152 58 New
290 2388 173 57 York
533 2389 206 71 (State)
830 2392 200 68 Laws,
1065 2396 285 69 statutes,
1387 2397 108 52 etc.

188 2466 285 72 Banking
510 2468 119 55 law
664 2467 67 57 of
768 2467 152 57 New
956 2469 201 70 York;
1198 2470 257 70 chapter
1497 2472 34 53 2
1569 2471 66 55 of
1674 2471 103 56 the
110 2470 1957 130 Consolidated

329 2544 149 56 laws
516 2546 120 55 and
673 2545 261 70 chapter
1006 2547 89 71 369,
1130 2546 149 57 laws
1320 2547 66 56 of
1422 2549 164 54 1914.
1666 2547 424 75 Supplement,

110 2621 238 56 1924-6.
451 2621 465 72 Amendments,
981 2626 196 68 notes,
1244 2625 398 56 annotations
1711 2627 122 55 and
111 2627 1960 127 references.

375 2698 1716 77 By Amasa J. Parker, jr. … Albany,N. Y., State
106 2774 287 70 printing
426 2775 46 56 &
508 2776 361 73 publishing
903 2797 104 52 co.,
1049 2779 164 55 1926.

174 2849 56 44 47
263 2865 38 37 p.
360 2851 53 43 23
421 2854 46 17 cm
474 2887 7 7 .

109 2903 53 54 ©
191 2907 115 51 June
339 2905 62 54 15,
436 2908 126 51 1926;
593 2908 63 43 2c.
688 2909 86 43 and
806 2910 77 42 aff.
916 2910 106 52 July
1051 2910 49 52 2;
1135 2911 43 42 A
1209 2911 191 53 891991;
1438 2910 128 48 State
1595 2913 198 53 printing
1825 2915 38 43 &
1893 2914 99 53 pub.
2026 2930 66 29 co.

104 3060 153 74 Ogg,
303 3062 291 58 Frederic
636 3063 246 70 Austin,
931 3068 187 57 1878-

185 3152 332 60 Economic
545 3153 431 74 development
1003 3159 68 58 of
1098 3160 257 56 modern
1385 3160 273 71 Europe,
1686 3162 84 71 by
1796 3159 299 61 Frederic

110 3229 1984 80 Austin Ogg … with supplementary chapters by Walter
108 3307 1958 150 Rice Sharp … Rev. ed. New York, The Macmillan company, 1926.
178 3463 709 51 xvi p., 2 l., 3-861 p. 22½ cm .
182 3518 229 45 “Selected
443 3519 277 46 references”
747 3529 46 36 at
819 3523 83 43 end
929 3523 53 43 of
1010 3523 108 43 each
1145 3523 197 49 chapter.

108 3568 54 53 ©
186 3571 115 51 June
325 3570 39 51 8,
396 3572 127 51 1926;
551 3573 63 42 2c.
640 3574 86 42 and
753 3574 78 43 aff.
856 3575 116 51 June
999 3575 49 51 9;
1079 3576 42 41 A
1148 3576 188 52 891692;
1369 3576 263 44 Macmillan
1658 3593 65 29 co.

188 3626 268 56 (26-12654)

112 3724 270 73 Organic
414 3729 353 70 syntheses;
802 3749 80 36 an
913 3731 229 56 annual
1171 3732 382 70 publication
1584 3734 66 56 of
1684 3736 408 71 satisfactory

186 3805 1838 76 methods for the preparation of organic chemicals …
