2609 4293
1486 4024 74 55 84

518 365 206 73 Clark,
762 366 239 73 George
1038 367 239 74 Hardy,
1315 371 190 57 1860-

592 470 59 57 A
688 474 236 68 system
957 472 102 57 for
1094 473 104 58 the
1234 492 142 40 care
1413 475 123 56 and
1571 473 281 73 training
1886 476 68 57 of
1990 476 294 74 children,
2319 480 84 71 by
2438 480 69 59 G.

516 547 1993 81 Hardy Clark, M. D. 6th ed., rev. Long Beach, Calif.,
517 627 262 59 Seaside
806 628 287 72 printing
1121 647 107 50 co.,
1257 628 167 60 1926.

584 721 342 54 41 p. 23 ½ cm .
518 791 53 54 ©
601 794 98 51 Jan.
733 793 33 52 1,
800 791 129 51 1926;
958 791 65 42 2c.
1054 789 88 43 and
1172 789 79 43 aff.
1279 790 99 51 Jan.
1414 789 75 51 11;
1520 789 46 42 A
1596 787 189 54 875819;
1822 789 51 45 G.
1906 792 62 42 H.
2001 791 150 54 Clark,
2185 794 129 54 Long
2346 795 161 53 Beach,

590 849 135 46 Calif.
793 846 241 57 (26-2702)

521 976 186 73 Cobb,
736 978 152 56 Mrs.
921 973 235 59 Bertha
1185 972 343 74 Browning
1565 972 298 74 (Barnes)
1903 977 189 56 1867-

595 1063 1916 77 Dan’s boy, by Bertha B. and Ernest Cobb … pictures
518 1146 84 72 by
642 1146 68 56 L.
756 1145 60 58 J.
860 1143 365 72 Bridgman.
1310 1142 262 56 Newton
1615 1140 223 73 Upper
1882 1142 192 74 Falls,
2121 1143 212 75 Mass.,
2382 1146 129 58 The

518 1223 156 57 Arlo
709 1220 364 75 publishing
1105 1236 306 54 company
1446 1249 14 43 [
1461 1226 19 22 c
1484 1219 147 57 1926]

587 1307 961 58 4 p. l., 272 p. front., plates. 17½ cm .
519 1381 55 54 ©
600 1384 102 51 Jan.
735 1383 34 50 1,
804 1380 128 52 1926;
963 1381 66 42 2c.
1058 1381 98 51 Jan.
1193 1379 73 51 12;
1297 1378 78 43 aff.
1408 1379 99 51 Jan.
1541 1376 74 54 15;
1647 1377 45 43 A
1722 1376 188 55 883059;
1943 1378 167 47 Ernest
2142 1379 137 54 Cobb,
2314 1381 198 45 Newton

590 1440 161 52 Upper
788 1437 138 54 Falls,
966 1438 141 42 Mass.
1177 1433 241 56 (26-2815)

523 1551 251 73 Collins,
816 1550 256 60 Charles
1110 1547 296 73 Wallace,
1447 1550 188 57 1879-

597 1657 129 56 The
756 1655 236 58 branch
1020 1653 277 72 banking
1325 1652 306 73 question,
1662 1653 84 71 by
1778 1651 260 60 Charles
2069 1654 275 59 Wallace
519 1654 1969 139 Collins

738 1731 1540 75 … New York, The Macmillan company, 1926.
594 1824 634 57 xi p., 1 l., 182 p. 19½ cm .
521 1892 53 54 ©
598 1895 99 51 Jan.
722 1893 68 51 26,
819 1892 128 51 1926;
975 1892 65 43 2c.
1065 1891 87 43 and
1176 1890 78 44 aff.
1281 1891 98 51 Jan.
1407 1889 54 44 27;
1512 1889 44 43 A
1584 1888 165 45 883057;
1803 1889 265 44 Macmillan
2094 1904 67 30 co.
599 1949 243 55 (26-2618)

525 2064 263 69 Connor,
822 2062 331 58 Jeannette
1186 2058 300 73 Thurber,
1521 2062 90 58 ed.
1646 2063 123 58 and
1802 2066 73 53 tr.

600 2166 283 60 Colonial
925 2168 254 59 records
1226 2166 69 57 of
1341 2165 277 72 Spanish
1661 2166 291 73 Florida;
1997 2167 217 58 letters
2260 2169 122 56 and
519 2186 1974 131 reports

729 2244 1788 73 of governors and secular persons … translated and
524 2324 208 57 edited
768 2324 84 70 by
885 2323 336 58 Jeannette
1263 2323 284 56 Thurber
1589 2322 249 58 Connor.
1931 2343 57 36 v.
2030 2326 51 54 1.
2158 2325 357 57 1570-1577.

521 2401 261 72 Deland,
820 2401 127 57 The
982 2401 264 57 Florida
1278 2403 161 55 state
1473 2400 327 57 historical
1838 2401 251 73 society,
2126 2403 166 56 1925.

590 2492 162 49 xxxiv,
785 2489 93 53 367,
914 2491 53 53 [1]
1004 2504 38 37 p.
1105 2490 151 52 front.,
1291 2489 173 44 facsim.
1527 2488 52 44 25½
1616 2492 46 17 cm
1670 2523 9 9 .
1747 2489 189 53 (Added
1969 2497 26 37 t.
2001 2497 85 46 -p.:
2127 2489 307 46 Publications
2467 2490 50 46 of

521 2548 76 43 the
626 2546 185 45 Florida
839 2554 115 36 state
979 2546 232 44 historical
1240 2546 182 52 society,
1450 2561 71 29 no.
1552 2544 37 54 5,
1617 2545 88 44 vol.
1762 2546 18 54 I)

593 2616 177 45 “Three
807 2615 204 46 hundred
1045 2617 86 44 and
1168 2616 281 53 twenty-five
1486 2614 150 55 copies
1672 2615 51 46 of
1759 2616 89 46 this
1884 2616 122 45 book
2041 2616 112 44 have
2188 2616 113 44 been
2340 2614 177 55 printed

523 2674 73 45 for
626 2675 76 43 the
733 2674 186 44 Florida
948 2681 116 37 state
1093 2673 234 47 historical
1358 2674 170 53 society
1559 2674 59 53 by
1646 2674 77 45 the
1753 2674 115 44 Yale
1898 2673 251 54 university
2182 2674 169 52 press.”

522 2742 53 54 ©
607 2745 99 51 Jan.
743 2745 60 50 16,
840 2744 130 52 1926;
1003 2745 63 42 2c.
1099 2745 99 51 Jan.
1230 2742 78 54 25;
1343 2745 79 42 aff.
1455 2745 100 51 Jan.
1586 2744 78 52 22;
1700 2743 44 43 A
1777 2743 189 53 883034;
2002 2745 40 51 J.
2076 2742 54 46 T.
2168 2742 192 52 Connor,
2398 2743 117 44 New

591 2802 143 43 York.
804 2801 241 54 (26-2609)

523 2913 256 73 Cooper,
818 2913 213 58 James
1068 2913 344 70 Fenimore,
1451 2915 357 57 1789-1851.

599 3016 130 58 The
774 3016 386 74 Pathfinder,
1205 3018 85 72 by
1331 3018 61 58 J.
1438 3017 332 57 Fenimore
1819 3015 274 73 Cooper;
2139 3014 208 60 edited
2391 3016 123 56 and

518 3093 1973 137 abridged by Bussell A. Sharp … New York, The Macmillan
764 3192 322 56 company,
1117 3175 166 56 1926.

592 3262 1922 58 3 p. l., ix-xv p., 2 l., 449 p. incl. front., plates. 19 cm . (The modern
522 3322 194 45 readers’
745 3323 165 53 series)

515 3388 1978 116 © Jan. 26, 1926; 2c. and aff. Jan. 27; A 883056; Macmillan co. [ © introduction] (26-2543)
520 3560 203 72 Cross,
764 3563 211 58 Ethan
1009 3562 203 73 Allen,
1250 3566 191 58 1875-

597 3666 130 57 The
756 3666 163 59 little
947 3667 161 58 book
1138 3668 67 58 of
1235 3667 269 74 English
1535 3665 432 73 composition,
1996 3665 83 72 by
2106 3663 75 58 E.
2213 3662 75 58 A.
2323 3661 189 61 Cross

586 3743 1579 76 … Boston, Little, Brown, and company, 1926.
587 3835 448 55 ix, 175 p. 18 ½cm .
517 3903 53 54 ©
600 3906 99 51 Jan.
734 3906 61 51 16,
833 3906 129 52 1926;
995 3908 66 42 2c.
1092 3909 87 46 and
1209 3909 83 44 aff.
1324 3911 100 51 Jan.
1456 3906 78 53 25;
1569 3907 46 42 A
1648 3906 187 51 883026;
1873 3905 149 51 Little,
2060 3904 180 51 Brown,
2273 3902 88 44 and
586 3916 1909 99 company.
784 3962 243 55 (26-2571)
