2542 4285
1004 3982 148 58 1079

93 365 283 69 Travers,
416 366 149 56 Mrs.
605 362 215 58 Libbie
860 361 227 58 Miller.

167 456 327 58 Sectarian
543 454 296 71 shackles,
888 456 83 70 by
1018 452 216 60 Libbie
1284 450 209 60 Miller
1542 453 289 56 Travers.
1923 452 149 57 New

87 532 187 72 York,
310 534 127 57 The
471 531 355 58 Macmillan
859 548 320 54 company,
1214 531 165 55 1926.

163 609 360 53 149 p. 19 ½ cm .
92 663 54 53 ©
174 664 118 52 Sept.
319 665 64 48 21,
413 664 128 51 1926;
567 664 64 42 2c.
659 663 85 42 and
771 662 78 43 aff.
880 660 119 53 Sept.
1024 661 79 52 22;
1130 661 45 42 A
1201 659 188 54 950142;
1421 660 265 43 Macmillan
1713 675 64 29 co.

172 720 267 55 (26-16613)

95 791 407 71 Turkington,
541 791 196 57 Grace
768 788 194 59 Alice.

172 881 395 72 Community
610 882 186 56 civics
840 882 102 56 for
989 882 151 55 New
1181 881 174 56 York
1399 883 180 69 state,
1625 881 82 71 by
1752 880 197 58 Grace
1997 880 74 57 A.

94 957 1978 74 Turkington, A. M., and James Sullivan, PH. D. Boston,
92 1037 150 56 New
270 1037 172 56 York
475 1039 143 70 [etc.]
655 1036 164 58 Ginn
851 1037 122 55 and
1007 1054 304 52 company
1347 1037 180 73 [1926]

225 1148 9 17 xv,
270 1114 66 52 [1],
373 1112 89 49 542,
499 1114 126 44 ixxvi
657 1127 39 37 p.
757 1113 115 43 illus.
931 1112 55 44 20
992 1115 45 17 cm
1044 1147 9 8 .

93 1168 53 54 ©
181 1171 100 44 Oct.
316 1171 65 50 20,
420 1170 104 43 1926;
582 1170 64 43 2c.
683 1170 119 43 Nov.
838 1169 49 53 3;
926 1170 79 43 aff.
1041 1169 118 43 Nov.
1198 1170 46 51 1;
1280 1169 45 42 A
1360 1169 189 52 949932;
1590 1168 50 45 G.
1677 1169 57 43 A.
1770 1166 302 56 Turkington,

163 1228 183 51 Boston,
376 1228 86 42 and
489 1228 150 52 James
670 1226 215 54 Sullivan,
916 1226 194 53 Albany.

87 1297 73 57 U.
198 1298 60 57 S.
331 1299 205 57 Naval
570 1299 315 71 academy,
918 1297 365 72 Annapolis.

166 1387 199 57 Radio
400 1388 251 56 manual
685 1387 102 57 for
822 1387 102 57 the
960 1387 376 57 instruction
1371 1387 66 59 of
1470 1387 434 72 midshipmen,
88 1406 1965 129 prepared

317 1465 106 57 for
453 1466 101 56 the
586 1465 75 58 U.
700 1466 61 58 S.
796 1465 205 57 Naval
1034 1466 314 71 academy,
1380 1465 414 71 Department
1829 1466 65 56 of
88 1467 1965 133 electrical

293 1541 402 74 engineering
715 1543 122 57 and
857 1543 272 71 physics.
1206 1545 145 55 1926
1376 1544 89 56 ed.
1544 1543 337 72 [Menasha,
1901 1544 176 72 Wis.,

90 1620 240 71 George
368 1620 207 57 Banta
608 1619 363 73 publishing
1007 1639 320 53 company,
1364 1629 18 22 c
1386 1623 163 70 1926]

161 1696 108 53 [150]
294 1711 40 38 p.
393 1696 130 50 illus.,
546 1697 165 53 diagrs.
770 1696 151 45 27½cm.

160 1752 124 47 Each
307 1753 185 53 chapter
510 1754 78 43 has
612 1762 204 44 separate
840 1756 179 51 paging.

160 1810 138 44 “This
325 1811 183 43 manual
535 1825 91 29 was
655 1812 216 50 prepared
898 1811 58 53 by
988 1810 179 45 Comdr.
1198 1810 51 45 G.
1282 1810 43 46 S.
1358 1810 168 54 Bryan,
1555 1811 184 44 Comdr.
1769 1813 54 41 R.
1854 1811 49 43 F.
89 1811 1966 108 Frellsen,

202 1868 86 43 and
312 1868 68 43 Lt.
406 1867 179 45 Comdr.
612 1866 43 47 S.
682 1867 436 45 Cochran.”—Pref.

90 1923 54 54 ©
176 1924 120 54 Sept.
329 1924 63 52 15,
425 1924 128 53 1926;
583 1925 65 42 2c.
683 1923 122 53 Sept.
834 1923 78 53 25;
945 1925 78 43 aff.
1056 1924 121 54 Sept.
1208 1925 77 52 24;
1318 1925 45 42 A
1394 1924 189 53 950182;
1616 1925 58 44 U.
1709 1924 45 47 S.
1783 1925 133 43 naval
158 1924 1894 109 institute,
298 1982 261 52 Annapolis.
629 1981 268 55 (26-16642)

88 2053 140 57 Van
260 2053 224 70 Doren,
524 2054 147 58 Carl
706 2053 265 72 Clinton,
1010 2057 188 56 1885-

166 2143 129 58 The
320 2142 181 58 ninth
529 2161 190 53 wave,
749 2145 82 70 by
863 2143 147 59 Carl
1038 2144 142 57 Van
1212 2145 227 57 Doren.
1510 2144 151 57 New
1689 2144 193 75 York,
87 2144 1963 146 Harcourt,

309 2219 201 59 Brace
538 2222 123 58 and
688 2239 306 53 company
1024 2250 13 43 [
1040 2229 18 22 c
1061 2221 165 73 1926]

156 2295 361 53 226 p. 19½ cm .
85 2349 58 54 ©
170 2351 120 53 Sept.
322 2352 62 52 16,
415 2352 128 52 1926;
571 2353 63 44 2c.
660 2354 87 43 and
773 2355 78 43 aff.
883 2353 121 54 Sept.
1032 2354 78 53 28;
1140 2355 45 42 A
1211 2355 188 52 949229;
1429 2355 245 52 Harcourt,
1707 2355 146 44 Brace
1878 2357 87 43 and
1993 2370 82 39 co.,

159 2409 83 43 inc.
311 2408 268 56 (26-16536)

86 2479 140 59 Van
260 2480 225 74 Doren,
519 2484 151 56 Mrs.
708 2483 286 74 Dorothy
1035 2483 276 74 (Graffe)

164 2569 359 74 Strangers,
548 2575 83 69 by
655 2573 289 74 Dorothy
968 2575 142 57 Van
1137 2575 230 57 Doren.
1435 2575 152 58 New
1612 2576 191 71 York,
1835 2575 241 72 George

84 2646 80 58 H.
192 2648 218 59 Doran
435 2669 306 54 company
768 2680 14 44 [
785 2660 18 22 c
806 2652 164 72 1926]

155 2723 81 45 275
267 2738 40 38 p.
366 2725 56 43 20
427 2729 47 17 cm
479 2760 9 8 .

86 2778 55 53 ©
175 2779 119 54 Sept.
321 2782 68 50 24,
423 2782 104 43 1926;
582 2784 65 44 2c.
681 2783 118 54 Sept.
830 2782 78 56 28;
940 2786 78 43 aff.
1053 2785 119 53 Sept.
1202 2784 79 55 25;
1315 2788 45 42 A
1390 2787 189 53 949259;
1614 2787 178 53 George
1821 2788 62 43 H.
1916 2788 159 44 Doran

158 2853 64 28 co.
292 2838 267 56 (26-16534)

86 2906 260 76 Varner,
382 2910 282 60 William
698 2913 71 58 R.

162 2998 395 75 Laboratory
584 3003 252 58 manual
866 3004 107 57 for
1001 3006 380 58 automotive
1415 3007 359 73 electricity,
1805 3009 83 71 by
1915 3009 159 58 Wm.

85 3074 1991 85 R. Varner … and Fred C. Smith … Especially designed
86 3157 61 53 to
202 3173 378 56 accompany
629 3160 103 56 the
783 3163 134 56 text
969 3161 456 60 “Automotive
1478 3164 422 57 construction
1955 3166 122 57 and

87 3233 380 69 operation”,
517 3237 83 71 by
627 3237 253 73 Wright
914 3241 123 55 and
1071 3240 221 58 Smith.
1375 3241 152 57 New
1556 3241 188 73 York,
1779 3242 57 58 J.
1871 3243 206 72 Wiley

86 3309 47 56 &
165 3329 161 55 sons,
356 3312 116 57 inc.;
537 3314 276 74 London,
849 3315 324 73 Chapman
1203 3319 47 56 &
1279 3318 166 72 Hall,
1477 3319 257 72 limited,
1769 3322 163 55 1926.

156 3389 61 54 ix,
246 3391 78 45 199
346 3407 39 37 p.
447 3392 128 54 illus.,
599 3395 166 52 diagrs.
825 3397 52 43 23½cm.
1039 3396 166 54 [Wiley
1231 3398 127 44 trade
1385 3397 150 48 series]
1652 3397 124 53 $2.00

156 3445 67 53 “J.
248 3446 48 44 C.
320 3445 201 55 Wright,
544 3449 182 44 editor.”

157 3501 213 45 Contains
396 3503 139 45 blank
556 3519 136 39 pages
718 3506 73 44 for
813 3507 212 45 “Notes”.

86 3556 55 54 ©
170 3558 119 54 Sept.
321 3561 61 50 10,
415 3561 104 43 1926;
569 3563 64 43 2c.
660 3564 87 43 and
770 3565 81 42 aff.
884 3564 119 53 Sept.
1036 3564 74 54 15;
1140 3566 45 42 A
1211 3565 189 53 950020;
1428 3567 75 44 W.
1534 3567 53 43 R.
1616 3567 190 53 Varner,
1839 3567 232 54 Portland,

160 3616 92 53 Or.,
284 3618 87 43 and
400 3618 118 44 Fred
550 3618 48 45 C.
632 3619 163 54 Smith,
827 3621 116 44 New
973 3623 141 42 York.
1184 3623 270 54 (26-16643)

86 3686 279 71 Warren,
408 3689 186 58 Louis
632 3691 249 60 Austin.

164 3777 319 59 Lincoln’s
537 3784 345 70 parentage
938 3784 47 56 &
1038 3783 361 73 childhood;
1457 3805 35 37 a
1544 3785 248 73 history
1847 3787 69 58 of
1970 3789 102 59 the

86 3852 333 74 Kentucky
451 3856 292 60 Lincolns
782 3861 347 71 supported
1163 3862 83 72 by
1282 3866 446 72 documentary
1765 3865 308 73 evidence,
