2542 4285
1426 3996 111 56 664

494 374 442 73 Schenectady,
968 375 73 56 N.
1074 374 72 58 Y.
1220 374 307 58 Chamber
1556 374 67 57 of
1652 387 353 44 commerce.

572 466 426 71 Schenectady
1033 468 121 55 and
1184 466 104 56 the
1320 465 194 58 Great
1545 468 267 54 western
1843 468 303 70 gateway,
2179 471 145 67 past
2356 468 122 57 and

493 546 273 68 present,
794 544 331 70 published
1152 545 199 56 under
1378 543 103 57 the
1509 541 284 73 auspices
1825 544 66 57 of
1918 544 103 56 the
2053 544 422 71 Schenectady

496 622 287 57 chamber
813 622 69 56 of
910 641 335 38 commerce
1278 641 68 37 as
1379 641 36 37 a
1441 621 325 57 memorial
1797 620 67 59 of
1893 622 103 56 the
2028 622 351 57 dedication
2412 623 67 57 of

491 700 102 57 the
629 699 194 58 Great
855 704 268 53 western
1156 703 286 68 gateway
1474 697 237 74 bridge,
1748 703 64 53 at
1847 698 444 73 Schenectady,
2329 699 151 58 New

491 777 190 73 York,
738 779 165 56 June
962 777 283 57 eleventh
1299 779 64 55 to
1417 777 380 70 nineteenth,
1851 777 290 57 nineteen
2194 777 286 58 hundred

490 856 373 72 twenty-six.
949 856 444 71 Schenectady,
1428 855 165 56 1926.

556 933 933 54 4 p. l., 65, [3] p. front., illus. 24 cm .
557 992 125 43 “List
712 992 51 44 of
791 990 193 46 books”:
1017 1007 38 36 p.
1092 990 66 47 [66]

488 1045 55 53 ©
578 1048 114 50 June
727 1046 35 51 7,
801 1047 128 51 1926;
965 1047 65 43 2c.
1067 1046 87 43 and
1188 1046 77 42 aff.
1302 1046 118 51 June
1455 1046 74 51 11;
1566 1046 45 42 A
1643 1043 189 53 891725;
1871 1043 225 46 Chamber
2130 1044 52 45 of
2216 1059 262 39 commerce,

563 1103 321 52 Schenectady,
924 1103 59 43 N.
1023 1103 55 42 Y.
1148 1101 269 55 (26-12263)

486 1187 407 72 Schweriner,
940 1187 268 56 Thomas
1247 1187 84 56 M.

561 1277 128 57 The
752 1275 375 59 eucharistic
1189 1275 431 70 renaissance;
1686 1296 89 50 or,
1841 1275 129 57 The
2033 1274 447 59 international

485 1352 1929 73 eucharistic congresses, by Thomas M. Schwertner …
482 1432 150 58 New
661 1433 190 70 York,
887 1432 128 57 The
1049 1430 360 61 Macmillan
1441 1449 321 55 company,
1798 1431 165 56 1926.

550 1506 701 55 xiii p., 1 l., 368 p. 19½ cm .
553 1564 201 44 “Works
786 1563 293 44 consulted”:
1112 1579 40 37 p.
1188 1562 204 45 367-368.

485 1620 57 53 ©
566 1623 115 51 June
708 1622 34 49 8,
775 1621 128 52 1926;
931 1622 63 42 2c.
1020 1622 86 42 and
1131 1622 78 42 aff.
1236 1621 115 51 June
1378 1621 49 51 9;
1459 1621 43 42 A
1530 1621 187 51 891690;
1750 1620 266 44 Macmillan
2043 1637 66 28 co.

566 1676 269 55 (26-12315)

489 1762 277 71 Siwertz,
810 1761 265 74 Sigfrid,
1120 1765 188 55 1882-

489 1840 1967 136 … Seelambs—die geldjager, roman, aus dem schwedischen
716 1920 383 70 übertragen
1144 1938 121 37 von
1311 1919 59 56 J.
1421 1917 368 58 Sandmeier
1835 1936 57 37 u.
1944 1917 60 58 S.
2053 1918 422 72 Angermann.

483 1996 264 74 Lübeck,
837 2044 8 9 O.
883 1995 541 73 Quitzow-verlag,
1460 1997 163 55 1925.

556 2080 27 41 2
638 2113 7 7 v.
711 2078 47 42 19
766 2079 46 17 cm
820 2114 7 7 .

488 2126 1990 57 © Sept. 22, 1925; 1c. Mar. 9, 1926; A —Foreign 30509 ; Otto Quitzow
555 2188 171 53 verlag,
768 2189 283 51 komm.-ges.
1121 2187 242 54 (26-9216)

483 2273 263 72 Spargo,
787 2272 184 69 John,
1018 2274 189 56 1876-

560 2350 129 57 The
741 2352 246 69 potters
1043 2352 126 56 and
1217 2347 307 73 potteries
1581 2347 67 57 of
1700 2346 420 73 Bennington,
2173 2349 84 69 by
2311 2347 169 58 John

480 2420 1975 157 Spargo … Boston, Houghton Mifflin company and Antiques incorporated, 1926.
550 2578 1846 55 xv, 270 p., 1 l. illus., XLIV pl. (part col., incl. fronts., ports.) 28½ cm .
551 2634 142 47 “This
723 2635 169 54 special
922 2635 176 45 limited
1128 2635 174 45 edition
1332 2635 197 45 consists
1558 2636 53 44 of
1641 2635 125 53 eight
1797 2634 214 45 hundred
2042 2637 253 43 numbered
2327 2635 152 53 copies

482 2690 182 55 printed
707 2692 91 44 and
843 2691 157 45 bound
1045 2700 46 37 at
1134 2692 77 45 the
1258 2690 246 46 Riverside
1548 2706 143 39 press,
1740 2690 290 56 Cambridge,
2076 2691 57 45 U.
2184 2691 45 46 S.
2276 2693 57 42 A.
2411 2682 69 55 Öf

483 2748 138 53 these,
652 2764 137 29 seven
820 2747 214 45 hundred
1064 2750 92 43 and
1183 2748 110 54 fifty
1322 2763 78 29 are
1431 2748 182 44 offered
1645 2748 78 44 for
1753 2748 106 44 sale.
1919 2747 116 45 This
2065 2748 37 44 is
2134 2748 194 45 number
2360 2749 120 45 799.”

481 2805 56 53 ©
561 2808 117 51 June
705 2808 62 49 11,
798 2807 127 51 1926;
953 2807 64 42 2c.
1044 2808 87 42 and
1155 2808 79 42 aff.
1260 2808 114 51 June
1402 2808 73 50 14;
1503 2807 45 42 A
1574 2806 188 53 891742;
1791 2808 235 51 Antiques,
2056 2807 82 44 inc.

563 2862 270 55 (26-12329)

483 2946 273 73 Vögtlin,
797 2947 212 73 Adolf,
1051 2951 190 55 1861-

560 3025 307 73 Simujah,
898 3026 98 57 die
1026 3026 392 73 königsfrau,
1454 3024 99 59 ein
1584 3026 361 72 idyllischer
1975 3045 219 39 roman
2224 3047 112 38 aus

480 3028 1978 133 Sumatra
713 3124 123 37 von
863 3104 198 57 Adolf
1088 3104 279 72 Vögtlin,
1393 3104 115 57 mit
1538 3106 69 55 26
1639 3103 433 73 abbildungen.
2155 3104 171 57 Bern
2353 3104 128 57 und

481 3181 274 74 Leipzig,
796 3182 72 55 E.
910 3181 264 57 Bircher
1217 3183 181 71 [1924]

551 3259 810 53 2 p. l., 3-232 p. illus. 22½ cm .
482 3314 56 54 ©
567 3317 108 43 Dec.
706 3318 35 49 1,
774 3317 128 51 1924;
962 3331 35 28 1c.
1028 3317 113 51 May
1168 3317 36 50 3,
1237 3315 130 53 1926;
1398 3314 303 54 A—Foreign,
1726 3316 160 52 30823;
1920 3314 138 48 Ernst
2091 3315 186 44 Bircher
2307 3317 169 51 verlag.

563 3373 269 54 (26-12044)

481 3457 276 72 Wiborg,
804 3458 217 56 Frank
1060 3458 264 70 Bestow,
1369 3460 188 56 1855-

561 3537 296 73 Printing
880 3536 136 72 ink;
1045 3556 36 38 a
1104 3535 249 74 history
1374 3538 148 57 with
1551 3556 36 37 a
1612 3536 260 61 treatise
1901 3558 78 38 on
2002 3537 259 58 modern
487 3536 1965 138 methods

645 3615 1764 72 of manufacture and use, by Prank B. Wiborg …
487 3694 150 56 New
666 3693 172 56 York
871 3696 122 56 and
1027 3693 279 66 London,
1340 3692 254 71 Harper
1626 3692 47 57 &
1704 3693 310 69 brothers,
2049 3691 164 57 1926.

555 3787 78 31 xx,
659 3771 80 44 299
766 3785 39 35 p.
868 3770 153 46 front.,
1046 3769 157 49 plates,
1234 3770 111 44 fold,
1375 3770 141 50 diagr.
1576 3770 54 43 22½
1665 3773 47 17 cm
1718 3806 8 9 .

556 3826 354 49 Bibliography:
940 3842 40 34 p.
1007 3826 207 45 253-275.

483 3879 55 53 ©
563 3882 111 51 May
704 3881 62 51 14,
796 3880 128 52 1926;
951 3880 66 43 2c.
1046 3881 112 52 May
1186 3881 74 51 11;
1290 3880 78 43 aff.
1398 3880 112 43 May
1537 3879 77 53 27;
1644 3880 45 42 A
1716 3877 189 56 891595;
1937 3880 186 55 Harper
2149 3880 37 46 &
2213 3880 120 44 bros.

562 3937 269 55 (26-12004)
