2542 4285
1027 4055 149 57 1093

90 415 361 73 Schnitzler,
493 413 257 69 Arthur,
796 413 188 57 1862-

228 483 1841 77 … “None but the brave”; translated from the German
90 575 81 69 by
206 571 275 59 Richard
514 570 66 56 L.
620 567 230 60 Simon.
926 566 153 57 New
1110 563 189 74 York,
1341 562 213 59 Simon
1592 562 122 57 and
1751 558 315 74 Schuster,

90 652 162 56 1926.

156 725 554 54 3 p. l., 3-74 p. 19 cm .
91 769 1978 67 © Sept 10, 1926; 1c. Sept. 9; 1c. Sept. 17; aff. Sept. 14; A 949252; Simon
158 841 88 42 and
279 837 229 53 Schuster,
538 837 81 42 inc.
687 833 270 56 (26-16706)

89 903 1232 77 Scott, Sir Walter, b art., 1771-1832.
234 975 1840 82 … The lady of the lake, by Sir Walter Scott; edited
92 1052 1984 81 for school use by Grace E. Jencke … Oklahoma City,
91 1140 259 58 Harlow
376 1136 360 75 publishing
762 1153 324 56 company,
1116 1133 166 58 1926.

160 1204 1917 64 2 p. l., xxiv, [2], 212 p. front. (port.) illus. (incl. map) 17 cm . (The
94 1279 196 38 western
316 1271 141 44 series
480 1270 53 43 of
559 1267 195 55 English
780 1266 92 48 and
894 1267 250 44 American
1171 1264 212 54 classics)

94 1328 53 53 ©
181 1327 120 53 Sept.
338 1329 61 49 18,
434 1326 128 53 1926;
594 1327 65 42 2c.
696 1325 122 53 Sept.
849 1323 78 54 27;
962 1325 78 42 aff.
1078 1324 120 51 Sept.
1229 1323 79 52 24;
1344 1322 45 43 A
1421 1319 189 54 949250;
1647 1320 194 45 Harlow
1873 1319 100 53 pub.
2009 1334 65 29 co.

179 1384 53 53 [©
262 1384 313 53 introduction,
603 1390 140 46 notes,
773 1381 208 55 glossary
1011 1381 87 43 and
1128 1378 218 47 teacher’s
1375 1378 141 54 helps]

173 1440 267 58 (26-16722)

97 1541 388 70 Seidemann,
529 1541 217 72 Henry
783 1540 66 56 P.

172 1619 259 59 Manual
456 1619 68 57 of
544 1617 284 58 machine
854 1616 373 71 accounting
1247 1615 108 58 for
1378 1616 198 56 states
1602 1615 125 56 and
1751 1613 162 58 local

97 1632 1987 135 governments … By Henry P. Seidemann, C . P. A., and Oscar
98 1775 67 56 F.
203 1773 315 74 Goddard,
591 1819 11 11 C.
678 1819 10 10 P.
765 1818 11 12 A.
863 1772 183 73 [c1926]

164 1849 197 46 Various
390 1850 202 52 pagings.
651 1847 165 47 charts.
875 1846 173 46 22×37
1054 1850 47 18 cm
1107 1882 9 9 .

98 1907 53 53 ©
188 1906 120 54 Sept.
342 1907 67 52 29,
448 1906 128 53 1926;
612 1907 63 42 2c.
712 1906 86 44 and
833 1906 78 43 aff.
947 1905 119 43 Nov.
1102 1904 49 52 4;
1191 1904 43 44 A
1269 1902 189 54 950792;
1497 1903 61 43 H.
1599 1904 49 42 P.
1690 1900 269 47 Seidemann
1995 1903 87 43 and

169 1965 145 44 Oscar
345 1964 49 43 F.
429 1963 225 52 Goddard,
688 1963 247 45 Honolulu.

97 2035 444 74 Shakespeare,
586 2032 295 72 William,
928 2035 355 58 1564-1616.

173 2112 492 73 Shakespeare’s
695 2111 271 59 Twelfth
989 2111 209 71 night;
1227 2128 91 54 or,
1341 2110 196 57 What
1558 2128 125 53 you
1707 2107 145 74 will,
1880 2108 208 58 edited

97 2186 1989 76 by Edwin Van B. Knickerbocker … Chicago, Lyons and
100 2266 336 60 Carnahan
467 2296 13 43 [
482 2275 19 23 c
504 2267 164 72 1926]

171 2344 90 50 191,
296 2342 52 48 [4]
383 2358 40 38 p.
455 2344 71 43 incl.
592 2342 157 51 front.,
782 2342 118 45 illus.
963 2342 50 44 18
1021 2344 46 18 cm
1073 2377 9 8 .
1145 2339 115 50 [The
1296 2340 244 48 Stratford
1574 2338 200 49 classics]

169 2397 347 55 “Shakespeare
543 2399 166 52 songs”
734 2395 114 47 with
874 2397 148 45 music
1056 2398 52 52 (4
1131 2413 41 38 p.
1199 2404 47 38 at
1274 2397 114 50 end)

101 2455 53 53 ©
181 2455 119 54 Aug.
334 2457 63 50 18,
429 2456 127 52 1926;
586 2456 64 43 2c.
683 2454 119 54 Sept.
837 2456 74 52 10;
943 2456 77 42 aff.
1054 2455 121 52 Sept.
1205 2453 50 54 7;
1288 2455 44 43 A
1363 2455 188 52 901890;
1583 2458 151 49 Lyons
1765 2455 37 44 &
1833 2454 250 45 Carnahan,

185 2511 55 54 [©
274 2519 126 41 notes
437 2514 87 43 and
560 2512 206 47 editorial
802 2520 179 46 matter]
1052 2511 270 56 (26-16725)

102 2584 340 74 Shepherd,
481 2584 282 60 William
799 2584 249 72 Robert,
1091 2587 189 57 1871-

178 2662 129 60 The
334 2666 177 68 story
536 2661 68 59 of
627 2662 152 57 New
800 2662 424 71 Amsterdam,
1249 2664 84 69 by
1354 2660 280 59 William
1660 2662 72 56 R.
1763 2661 327 73 Shepherd

170 2737 1525 78 … New York & London, A. A. Knopf, 1926.
170 2810 1920 62 xiv, 208 p., 1 l. front., plates (1 fold.) port., maps (part fold.) facsims.
102 2873 26 42 21½
190 2874 47 18 cm
241 2907 10 8 .

173 2922 1919 61 “Reprinted with certain changes from the … Yearbook for 1917 of the
106 2981 207 47 Holland
340 2984 174 52 society
540 2982 53 45 of
623 2983 118 46 New
769 2983 174 45 York.”

103 3038 56 53 ©
190 3038 120 55 Sept.
342 3039 61 53 17,
439 3040 105 43 1926;
596 3041 66 42 2c.
697 3039 120 55 Sept.
847 3041 78 52 30;
957 3042 79 43 aff.
1071 3041 119 52 Sept.
1222 3041 77 54 22;
1333 3042 44 42 A
1408 3042 189 52 949291;
1630 3039 167 48 Alfred
1827 3042 56 43 A.
1917 3041 171 55 Knopf,

174 3097 83 45 inc.
324 3096 270 56 (26-16917)

109 3168 219 71 Smith,
372 3168 206 58 David
617 3169 273 73 Eugene.

251 3244 1843 81 … Teachers’ key to the Smith-Burdge arithmetics, by
107 3320 1918 83 David Eugene Smith … and Howard Griffith Burdge …
110 3400 254 75 Boston,
394 3402 151 56 New
568 3402 173 57 York
772 3406 146 73 [etc.]
951 3402 163 59 Ginn
1144 3404 124 56 and
1297 3422 306 53 company
1634 3433 12 43 [
1648 3411 19 22 c
1670 3403 163 77 1926]

177 3478 60 51 iii,
270 3476 79 46 265
386 3492 39 38 p.
485 3478 164 53 diagrs.
720 3480 49 43 19
777 3482 46 19 cm
829 3515 9 9 .
908 3478 490 54 (Wentworth-Smith
1435 3478 331 46 mathematical
1806 3481 166 54 series)

111 3534 53 53 ©
191 3535 101 44 Oct.
326 3536 33 50 1,
390 3535 130 52 1926;
547 3536 64 43 2c.
641 3536 118 44 Nov.
791 3537 48 52 1;
872 3538 79 42 aff.
982 3537 101 44 Oct.
1113 3538 76 51 30;
1221 3538 44 42 A
1294 3535 189 55 950736;
1517 3536 117 46 Ginn
1663 3537 87 45 and
1776 3551 66 30 co.

112 3604 226 70 Smuts,
383 3606 127 57 Jan
552 3605 375 74 Christiaan,
974 3611 189 57 1870-

181 3682 248 60 Holism
457 3688 122 56 and
608 3684 330 73 evolution,
968 3689 82 71 by
1082 3686 268 60 General
1381 3690 103 57 the
1513 3687 193 72 Right
1733 3687 362 61 Honorable

107 3763 58 59 J.
202 3762 63 60 C.
302 3763 230 58 Smuts.
614 3763 150 57 New
795 3764 190 70 York,
1020 3766 129 57 The
1181 3762 357 61 Macmillan
1572 3782 320 56 company,
1927 3767 165 56 1926.

175 3841 61 45 vii
265 3855 53 37 p.,
346 3842 29 41 2
432 3876 8 15 l.,
469 3841 81 44 362
577 3856 41 35 p.
676 3841 55 42 22½
765 3843 47 20 cm
818 3877 8 8 .

113 3892 53 53 ©
194 3892 119 55 Sept.
339 3895 67 51 28,
437 3894 128 52 1926;
592 3894 63 43 2c.
682 3896 87 44 and
794 3896 78 42 aff.
903 3894 120 52 Sept.
1050 3895 79 52 29;
1159 3895 44 42 A
1227 3893 189 55 950241;
1445 3896 38 52 J.
1516 3895 48 45 C.
1596 3895 164 56 Smuts,
1791 3895 304 55 Doornkloof,

184 3951 142 54 Irene,
353 3966 111 31 near
492 3951 220 53 Pretoria,
746 3951 143 47 South
915 3952 177 44 Africa.
1160 3952 271 52 (26-16900)
