2542 4285
0 0 0 0 436
339 332 206 73 Clark,
582 334 169 57 John
785 333 295 72 Maurice,
1120 336 188 57 1884-

415 423 1842 72 Social control of business, by John Maurice Clark …
337 501 288 73 Chicago,
658 502 116 70 Ill.,
812 502 127 56 The
974 501 373 71 University
1380 502 68 57 of
1484 500 269 74 Chicago
1788 520 180 52 press
2008 531 14 42 [
2025 511 18 21 c
2045 503 163 71 1926]

404 579 127 53 xviii,
572 579 79 43 483
695 593 39 37 p.
795 578 165 53 diagrs.
1020 579 50 41 21½
1109 581 47 17 cm
1162 611 8 8 .
1240 578 290 53 (Half-title:
1579 579 237 43 Materials
1864 578 75 44 for
1981 579 78 43 the
2101 581 131 52 study
2277 577 51 47 of

333 635 227 53 business)

407 692 301 43 “References
740 691 75 43 for
845 691 179 44 further
1058 690 212 52 reading”
1302 698 47 37 at
1379 693 83 42 end
1493 692 51 44 of
1574 691 108 44 each
1713 692 197 51 chapter.

329 747 52 53 ©
407 749 111 51 Apr.
545 749 38 51 9,
612 748 128 51 1926;
768 748 63 42 2c.
856 748 112 52 Apr.
992 749 78 51 21;
1101 749 78 42 aff.
1207 748 112 52 Apr.
1344 749 77 51 22;
1451 748 42 42 A
1520 749 188 51 891104;
1738 748 267 53 University
2031 749 50 44 of
2107 748 214 55 Chicago,

419 805 210 52 Chicago.
699 804 241 54 (26-9242)

338 901 283 70 Corbino,
659 902 350 73 Epicarmo.

482 992 1843 76 … Economia dei trasporti marittimi. Città di Castello,
340 1075 132 58 Soc.
510 1094 94 38 an.
641 1072 371 73 tipografica
1048 1073 380 58 “Leonardo
1465 1072 81 58 da
1577 1071 256 71 Vinci”,
1868 1073 165 56 1926.

408 1148 1409 54 4 p. l. , xi-xiv p., 1 l., 379 p. incl. tables, diagrs. 25½c m .
333 1201 1991 57 © Jan. 11, 1926; 1c. Jan. 27; A—Foreign 30471; E. Corbino, Napoli, Italy.
408 1260 267 55 (26-10078)

338 1359 337 69 Cornelius,
717 1358 257 58 Charles
1011 1358 281 71 Sumner,
1330 1361 188 56 1857-

413 1451 269 71 History
709 1450 65 58 of
800 1451 104 56 the
936 1449 326 59 Cornelius
1288 1449 225 72 family
1539 1450 65 55 in
1631 1449 293 58 America;
1979 1450 345 71 historical,

337 1527 438 75 genealogical,
821 1527 464 73 biographical;
1333 1527 361 72 containing
1738 1547 36 38 a
1815 1527 249 72 history
2110 1528 68 58 of
2220 1529 104 58 the

336 1627 180 38 name
556 1607 167 56 from
764 1607 110 55 212
955 1645 19 18 B.,
1048 1653 10 10 C.
1102 1607 124 56 and
1265 1625 36 37 a
1342 1606 300 70 complete
1683 1605 423 73 genealogical
2147 1607 177 57 chart

336 1684 167 58 from
539 1685 147 55 1639
723 1687 64 54 to
823 1684 167 71 1926,
1026 1682 151 57 with
1213 1681 289 59 affiliated
1538 1682 274 61 families
1847 1683 66 56 in
1949 1682 197 59 direct
2181 1684 142 57 line.

336 1763 153 57 Also
518 1762 174 58 short
723 1761 224 58 stories
978 1762 124 57 and
1127 1760 433 73 biographical
1589 1760 278 58 sketches
1898 1763 124 56 and
337 1761 1963 138 illustrations.

607 1839 323 72 Compiled
975 1840 84 70 by
1108 1838 259 60 Charles
1418 1838 60 58 S.
1533 1837 344 74 Cornelius,
1926 1839 273 57 assisted
2243 1840 83 71 by

335 1915 1870 73 E. Frances Cornelius … Grand Rapids, Mich., 1926.
408 1997 107 48 [288]
544 2012 40 37 p.
644 1996 116 44 illus.
789 1995 127 53 (incl.
942 1995 164 53 ports.)
1143 1995 81 44 col.
1254 2001 101 37 coat
1383 1995 52 44 of
1459 2010 134 28 arms.
1651 1996 54 42 26
1711 1997 46 17 cm
1764 2031 9 8 .

403 2055 196 43 Various
629 2053 204 53 pagings.

332 2109 52 53 ©
419 2110 113 52 Apr.
570 2108 64 52 17,
672 2108 130 52 1926;
837 2107 65 44 2c.
941 2108 113 51 Apr.
1089 2107 78 51 22;
1208 2106 78 45 aff.
1325 2107 111 52 Apr.
1478 2108 74 51 19;
1591 2107 43 42 A
1670 2106 189 53 891125;
1901 2107 48 45 C.
1991 2106 45 48 S.
2077 2107 250 54 Cornelius,

418 2166 151 44 Grand
598 2165 182 52 Rapids,
814 2163 139 44 Mich.
1023 2162 242 55 (26-9254)

337 2249 203 72 Cross,
573 2248 187 58 Ruth.

413 2338 1912 73 The unknown goddess; a novel, by Ruth Cross … New
333 2418 173 58 York
531 2420 122 56 and
676 2417 277 73 London,
980 2417 259 71 Harper
1260 2416 48 57 &
1332 2416 309 74 brothers,
1668 2417 165 57 1926.

401 2496 544 55 4 p. l. , 370 p. 19½c m .
329 2552 55 53 ©
414 2553 111 52 Apr.
558 2553 64 50 23,
659 2551 105 44 1926;
820 2552 64 42 2c.
916 2551 112 53 Apr.
1056 2551 51 42 21;
1170 2551 78 43 aff.
1279 2551 112 51 Apr.
1422 2550 56 43 26;
1536 2551 44 42 A
1612 2551 166 43 890486;
1838 2552 183 51 Harper
2053 2552 37 44 &
2123 2552 118 43 bros.

422 2608 240 56 (26-9262)

334 2693 211 69 Davis,
582 2692 283 60 William
898 2691 248 70 Morris,
1187 2694 190 56 1850-

411 2783 264 57 Nimrod
715 2782 68 58 of
825 2782 103 58 the
975 2801 136 52 sea;
1158 2801 89 51 or,
1292 2782 129 57 The
1465 2781 335 58 American
1841 2782 364 71 whaleman,
2246 2783 84 71 by

331 2862 279 58 William
657 2860 83 57 M.
790 2859 216 72 Davis,
1051 2860 152 57 with
1250 2880 80 37 an
1376 2859 425 58 introduction
1850 2860 123 58 and
2019 2863 177 55 notes
2246 2862 83 71 by

333 2936 1993 75 John R. Spears … Boston, Charles E. Lauriat co., 1926.
403 3017 95 51 xix,
530 3017 167 47 [3]-406
726 3032 41 38 p.
798 3016 99 43 incl.
928 3016 153 51 front.,
1113 3015 128 53 illus.,
1271 3014 153 53 plates.
1485 3016 53 41 22½
1573 3017 48 18 cm
1626 3050 8 9 .

403 3074 124 44 First
562 3073 232 53 published
834 3071 118 45 1874.

328 3130 55 53 ©
410 3132 110 51 Apr.
551 3132 61 50 12,
642 3130 129 52 1926;
798 3130 65 43 2c.
890 3130 89 44 and
1004 3130 93 50 aff.,
1124 3129 113 52 Apr.
1266 3130 74 51 13;
1369 3129 44 42 A
1442 3129 188 52 891007;
1663 3128 186 45 Charles
1879 3129 52 47 E.
1961 3130 187 43 Lauriat
2174 3145 65 29 co.

424 3186 240 56 (26-9246)

331 3271 298 73 Deeping,
662 3270 317 60 Warwick
1005 3270 38 58 i.
1079 3291 45 36 e.
1155 3272 238 72 George
1425 3270 330 59 Warwick.

406 3363 361 71 Doomsday.
868 3363 174 71 chap.
1090 3363 72 55 10
1216 3360 387 74 (contd.)-12
1658 3362 262 73 (contd.)
2015 3365 48 72 [5
328 3363 1974 152 instalments]

324 3514 1995 55 © 1c. each May 5, 1926; A ad int. 8132; pubd. Mar. 6, 8-11; W. Deeping,
414 3573 294 52 Weybridge,
748 3571 182 54 Surrey,
967 3572 222 53 England.

519 3657 1614 78 Doomsday. chap. 12 (contd.)-14 (contd.) [5 instalments]
431 3749 57 41 (In
514 3749 184 41 London
728 3749 139 51 Daily
897 3748 214 53 express)

328 3802 1993 56 © 1c. each May 7, 1926; A ad int. 8138; pubd. Mar. 12, 13, 15-17; W.
413 3860 215 52 Deeping,
664 3860 292 54 Weybridge,
997 3860 181 53 Surrey,
1214 3859 221 54 England.
