2609 4293
1469 3991 73 55 26

589 437 274 53 Practically
901 455 27 28 a
968 438 282 52 supplement
1289 450 48 35 to
1375 440 75 45 the
1488 439 202 45 author’s
1732 440 185 44 Income
1954 448 79 36 tax
2076 441 261 52 procedure,
2384 443 114 45 1926.

512 493 58 50 cf.
598 495 325 51 Introductory
944 496 198 50 chapter.

584 550 218 46 Contents
831 552 95 44 also
955 565 60 30 on
1042 549 342 54 lining-papers.

513 615 53 53 ©
592 618 98 51 Jan.
718 618 38 50 4,
788 617 107 43 1926;
944 618 64 43 2c.
1035 619 98 51 Jan.
1163 617 48 52 7;
1237 618 80 42 aff.
1345 619 100 51 Jan.
1474 618 49 51 6;
1553 617 44 42 A
1625 616 188 53 875784;
1845 618 53 43 R.
1930 619 61 42 H.
2021 619 331 54 Montgomery,
2384 621 119 44 New

583 674 141 43 York.
793 672 242 55 (26-1477)

514 770 258 74 Morley,
807 771 214 59 Ward.

590 859 1848 78 Toasts, roasts and funny stories, by Ward Morley …
511 941 256 72 Boston,
799 940 244 58 Walter
1074 940 78 56 H.
1188 939 208 57 Baker
1429 956 322 54 company,
1784 940 167 56 1926.

583 1030 80 45 109
694 1045 40 39 p.
821 1031 28 44 19
853 1032 48 18 cm
907 1065 9 9 .

512 1085 53 53 ©
597 1088 99 51 Jan.
731 1086 35 52 5,
805 1087 129 52 1926;
969 1087 64 42 2c.
1068 1087 87 42 and
1191 1086 77 43 aff.
1302 1087 98 51 Jan.
1437 1086 49 50 8;
1522 1084 45 43 A
1603 1083 188 54 875797;
1829 1085 181 45 Walter
2042 1088 59 43 H.
2141 1088 150 44 Baker
2324 1103 66 29 co.

590 1143 241 54 (26-1208)

512 1241 359 73 Moynihan,
903 1242 109 59 Sir
1040 1240 302 73 Berkeley
1372 1240 238 72 George
1641 1239 291 71 Andrew,
1966 1244 187 56 1865-

586 1329 1846 75 Abdominal operations … by Sir Berkeley Moynihan …
508 1407 1966 153 4th ed., rev. … Philadelphia and London, W. B. Saunders company, 1926.
578 1568 26 42 2
631 1583 41 28 V.
733 1566 131 50 illus.,
891 1567 81 45 col.
1003 1566 153 53 plates,
1186 1566 166 52 diagrs.
1412 1565 54 43 24½cm.

508 1621 55 53 ©
588 1625 99 51 Jan.
711 1624 38 50 4,
781 1622 105 45 1926;
936 1623 65 42 2c.
1029 1622 107 43 each
1159 1623 100 51 Jan.
1286 1622 48 51 9;
1366 1622 78 42 aff.
1472 1623 99 51 Jan.
1602 1620 73 53 15;
1706 1621 43 43 A
1778 1620 189 55 875844;
1995 1624 75 43 W.
2099 1623 50 43 B.
2181 1622 227 47 Saunders
2435 1638 66 29 co.

587 1678 242 55 (26-1532)

512 1776 281 71 O’Brien,
834 1777 170 58 John
1037 1775 314 73 Anthony,
1394 1778 189 56 1893-

653 1865 1853 74 … Reading; its psychology and pedagogy; a summary
508 1945 67 56 of
625 1944 450 71 experimental
1126 1942 237 59 studies
1413 1943 65 56 in
1529 1941 277 74 reading,
1860 1944 82 71 by
1989 1944 171 58 John
2207 1944 300 72 Anthony

510 2020 1992 75 O’Brien … New York & London, The Century co. [ c 1926]
576 2098 1922 55 xxviii, 308 p. fold. pl., diagrs. 20½ cm . (The Century education series)
505 2157 123 53 $2.00

578 2212 331 46 “References”
938 2220 46 36 at
1012 2214 83 42 end
1122 2211 52 47 of
1199 2211 109 45 each
1336 2211 199 53 chapter.

507 2270 53 53 ©
584 2273 99 51 Jan.
708 2271 37 51 6,
775 2270 128 51 1926;
930 2270 65 42 2c.
1020 2270 98 51 Jan.
1147 2272 50 48 8;
1225 2269 78 43 aff.
1330 2270 98 51 Jan.
1461 2270 44 41 11;
1565 2269 44 42 A
1635 2267 190 55 875805;
1856 2268 200 55 Century
2082 2286 64 28 co.

585 2326 241 56 (26-1277)

509 2424 254 71 Parker,
801 2425 170 57 John
1006 2424 191 71 Scott,
1238 2425 91 57 ed.

587 2517 128 55 The
748 2514 402 72 corporation
1179 2514 283 71 manual;
1496 2517 318 69 statutory
1843 2515 357 71 provisions
2232 2516 273 73 relating

507 2598 65 53 to
605 2593 103 58 the
745 2591 449 74 organization,
1232 2591 354 73 regulation
1623 2594 124 55 and
1781 2592 285 57 taxation
2101 2592 67 57 of
2202 2593 299 58 domestic

507 2672 286 56 business
835 2669 452 72 corporations,
1332 2671 123 55 and
1495 2673 63 53 to
1601 2670 103 57 the
1748 2670 359 72 admission,
2149 2671 354 72 regulation

509 2750 124 56 and
660 2748 285 57 taxation
972 2747 69 56 of
1065 2746 252 72 foreign
1343 2746 287 57 business
1662 2747 452 72 corporations,
2142 2747 67 56 in
2236 2748 104 57 the
509 2767 1970 115 several

671 2828 214 67 states,
915 2823 354 57 territories
1303 2825 123 55 and
1458 2823 282 58 districts
1772 2824 66 57 of
1867 2826 103 55 the
2002 2824 233 58 United
2270 2824 230 67 States,

509 2903 315 71 arranged
873 2902 201 55 under
1124 2920 37 36 a
1209 2900 278 57 uniform
1539 2900 458 74 classification,
2050 2903 101 56 the
2205 2902 297 57 Uniform

510 2980 172 57 stock
710 2978 281 58 transfer
1024 2981 116 69 act,
1170 2978 149 56 laws
1351 2978 359 71 regulating
1735 2978 382 57 investment
2146 2979 355 71 companies

509 3059 123 55 and
666 3057 102 56 the
808 3055 126 57 sale
972 3055 68 55 of
1074 3057 329 69 corporate
1445 3055 204 57 stocks
1689 3058 124 55 and
1851 3055 322 58 securities
2213 3058 123 55 and
509 3056 1969 134 federal
671 3134 123 55 and
824 3134 161 55 state

1016 3131 330 57 anti-trust
1372 3132 150 56 laws
1552 3132 152 57 with
1733 3132 200 58 forms
1964 3133 122 57 and
2111 3133 389 72 precedents,

509 3212 91 57 ed.
633 3212 81 70 by
744 3210 169 58 John
948 3208 59 58 S.
1041 3208 258 72 Parker,
1333 3208 274 59 assisted
1634 3210 84 72 by
1747 3210 59 58 J.
1842 3210 70 55 B.
1945 3210 71 56 R.
2054 3209 220 73 Smith,
2309 3210 123 58 and
2466 3230 37 37 a

507 3290 199 55 board
732 3287 67 57 of
825 3286 353 58 associated
1204 3286 234 57 editors
1465 3286 65 56 in
1555 3287 103 56 the
1687 3288 244 56 several
1956 3290 213 55 states.
2237 3288 143 57 27th
2408 3288 91 57 ed.

506 3366 151 56 New
687 3365 190 70 York,
911 3364 236 57 United
1183 3363 211 57 States
1432 3364 401 70 corporation
1869 3383 319 54 company,
2226 3366 164 56 1926.

573 3440 657 53 xv p., 1 l., 2381 p. 26 cm .
503 3496 56 53 ©
589 3499 97 51 Jan.
719 3498 36 51 2,
791 3497 129 51 1926;
951 3497 64 42 2c.
1045 3497 98 51 Jan.
1178 3494 48 52 5;
1258 3495 78 43 aff.
1367 3496 99 51 Jan.
1498 3495 49 51 6;
1578 3496 44 42 A
1653 3494 189 54 875738;
1878 3496 300 53 Corporation
2210 3495 178 44 manual
2420 3511 81 35 co.,

576 3555 115 43 New
725 3554 141 43 York.

507 3652 238 72 Pedler,
781 3651 341 73 Margaret.

585 3745 422 55 Tomorrow’s
1035 3742 228 72 tangle,
1349 3742 156 70 chap
1535 3743 72 54 10
1635 3742 403 71 (contd.)-12.
2112 3741 386 59 Conclusion.

577 3821 82 52 (In
688 3822 96 41 Red
814 3821 257 51 magazine,
1103 3820 113 43 Nov.
1248 3825 38 47 6,
1319 3819 128 51 1925)

506 3872 1993 57 © 1c. Dec. 30, 1925; A ad int. 7744; pubd. Nov. 9, 1925; M. Pedler, Baron’s
575 3935 151 43 Wood
763 3934 123 51 Bow,
924 3934 173 50 Devon,
1134 3931 222 54 England.
