2542 4285
0 0 0 0 757
139 438 56 49 ix,
228 436 81 43 489
340 450 39 38 p.
439 434 55 43 20½c
544 437 27 17 m
579 468 7 8 .

128 491 52 54 ©
207 492 105 52 July
342 492 33 50 1,
408 489 128 51 1925;
564 490 64 42 2c.
656 489 104 53 July
790 488 37 52 7,
860 488 128 52 1926;
1021 488 77 42 aff.
1129 485 107 54 July
1261 488 50 50 2;
1342 486 44 43 A
1415 485 188 52 897344;
1634 484 51 46 F.
1717 483 49 46 C.
1797 484 172 53 Fisher,
195 486 1887 106 Manila.
367 547 267 51 (26-13398)

124 632 384 72 Pittsburgh.
581 629 380 73 University.
1031 631 255 56 Bureau
1318 627 66 73 of
1417 626 279 60 business
1728 628 303 57 research.

265 716 1845 63 … Residence construction and other factors which
122 800 155 58 have
309 798 386 59 determined
722 802 140 54 rent
889 796 192 58 levels
1111 795 66 57 in
1207 794 390 72 Pittsburgh,
1628 794 481 71 Pennsylvania,

122 877 82 70 by
234 876 102 58 the
371 875 253 57 Bureau
657 874 68 57 of
756 873 287 59 business
1080 872 308 71 research,
1425 872 240 72 Joseph
1700 872 83 56 M.
1824 870 287 73 Gillman,

123 950 1191 75 director … Pittsburgh, Pa., 1926.
191 1024 1922 58 47 p. incl. tables., diagrs. 24 cm . (Publication no. 3 of the School of
125 1083 206 46 business
365 1081 385 55 administration,
786 1081 271 55 University
1093 1083 54 42 of
1182 1081 299 54 Pittsburgh)

195 1139 64 44 At
287 1138 119 46 head
435 1140 54 43 of
519 1138 122 46 title:
674 1137 273 57 University
974 1140 54 42 of
1062 1138 273 54 Pittsburgh
1367 1137 175 46 studies
1574 1137 47 44 in
1651 1137 213 46 business
125 1136 1967 103 administration.

128 1251 54 53 ©
214 1253 111 52 May
360 1252 61 52 17,
455 1253 128 51 1926;
614 1254 64 42 2c.
708 1253 87 43 and
825 1254 76 42 aff.
933 1251 105 54 July
1074 1252 45 52 1;
1153 1253 44 42 A
1229 1251 190 53 899709;
1453 1252 264 53 University
1747 1252 51 44 of
1831 1252 281 54 Pittsburgh,

201 1309 278 53 Pittsburgh.
548 1309 267 54 (26-13362)

125 1379 198 70 Pratt,
361 1379 256 58 Charles
651 1380 78 58 H.

207 1471 375 58 Earthwork
611 1472 297 72 volumes,
939 1472 66 57 in
1037 1469 174 60 cubic
1238 1472 195 72 yards
1464 1490 115 54 per
1609 1472 199 58 linear
1839 1471 139 59 foot
2008 1472 104 58 for

133 1548 1983 154 two, three and five level sections … copyright … by Charles H. Pratt … Denver, Colo., The Welch-Haffner
130 1704 285 72 printing
448 1724 105 51 co.,
589 1710 19 24 c
611 1705 166 57 1926.

196 1781 685 54 48 p. diagr. 21 ½ x30½cm.
202 1838 292 45 Cover-title:
529 1837 273 47 Earthwork
828 1838 156 45 tables.

131 1892 56 54 ©
213 1895 114 51 June
355 1894 61 50 18,
445 1893 127 52 1926;
599 1894 63 43 2c.
688 1894 87 43 and
800 1894 78 42 aff.
906 1894 114 52 June
1042 1890 80 55 25;
1151 1892 44 43 A
1221 1891 188 54 900106;
1440 1890 49 47 C.
1517 1894 61 43 H.
1608 1893 142 51 Pratt,
1780 1892 211 53 Boulder,
2023 1892 95 45 Col.

214 1948 268 56 (26-13255)

128 2019 219 73 Quear,
393 2020 255 58 Charles
689 2019 207 73 Lorin,
939 2022 191 57 1890-

212 2111 1841 74 School and home gardens, by Charles L. Quear …
145 2190 265 73 Lincoln,
469 2188 266 75 Chicago
795 2193 146 70 [etc.]
997 2192 129 57 The
1178 2188 373 75 University
1601 2188 363 75 publishing
2014 2209 106 54 co.,

136 2269 164 57 1926.

205 2344 895 53 viii, 248 p. incl. front., illus. 20 cm .
136 2397 53 54 ©
215 2400 116 51 June
355 2398 66 51 25,
451 2399 127 51 1926;
606 2400 64 42 2c.
696 2400 85 42 and
807 2400 78 43 aff.
912 2399 106 53 July
1048 2400 17 42 1;
1125 2399 43 43 A
1196 2397 187 55 897274;
1413 2398 264 55 University
1703 2400 101 53 pub.
1833 2414 64 30 co.

215 2455 268 55 (26-13298)

133 2526 197 69 Rand,
373 2526 211 58 James
626 2527 59 57 H
994 2527 79 73 jr.

214 2618 316 73 Assuring
553 2617 287 60 business
867 2617 223 73 profits;
1152 2638 86 54 or,
1266 2618 161 58 How
1450 2623 63 55 to
1543 2638 117 38 run
1687 2637 124 54 any
1833 2617 287 61 business

140 2715 78 38 on
254 2716 36 38 a
324 2696 285 58 business
644 2697 189 72 basis,
869 2698 84 71 by
986 2697 216 58 James
1237 2696 80 57 H.
1354 2697 201 74 Rand,
1590 2695 79 75 jr.
1746 2696 153 59 New
1930 2697 192 73 York,

136 2774 70 57 B.
239 2773 62 60 C.
331 2774 237 59 Forbes
595 2774 362 73 publishing
984 2793 306 54 company
1318 2804 13 44 [
1333 2781 19 24 c
1355 2776 164 74 1926]

206 2851 993 54 xv p., 1 l., 245 p. incl. forms. 19½cm.
138 2906 55 53 ©
221 2909 110 51 May
362 2908 60 50 10,
456 2908 127 51 1926;
612 2909 64 42 2c.
702 2909 115 52 June
848 2909 74 51 12;
951 2909 81 43 aff.
1059 2908 105 53 July
1192 2908 50 53 2;
1273 2908 44 43 A
1345 2908 188 53 901003;
1566 2909 50 43 B.
1647 2907 49 46 C.
1726 2908 172 45 Forbes
1929 2908 99 53 pub.
2059 2923 65 30 co.

219 2964 269 54 (26-13308)

136 3032 241 76 Ridley,
414 3035 140 70 Nat,
589 3036 78 72 jr.

287 3125 1838 77 … Guilty or not guilty? or, Nat Ridley’s great race
143 3204 1958 153 track case, by Nat Ridley, jr. … Garden City, N. Y., Garden City publishing co., inc., 1926.
217 3365 17 41 1
265 3377 39 37 p.
364 3398 9 16 l.,
400 3362 82 43 216
508 3378 39 36 p.
611 3364 49 43 19
667 3366 46 17 cm
720 3396 7 8 .
797 3363 116 50 (His
939 3364 95 44 Nat
1062 3363 163 53 Ridley
1251 3364 248 51 series—1)

214 3419 64 42 At
302 3418 116 44 head
444 3418 53 45 of
524 3418 120 45 title:
675 3420 96 44 Nat
800 3419 163 51 Ridley
990 3421 217 43 detective
1236 3421 173 43 stories.

145 3472 52 54 ©
228 3475 97 51 Jan.
361 3474 59 50 14,
456 3473 127 53 1926;
613 3474 65 43 2c.
709 3475 86 43 and
825 3475 78 42 aff.
938 3475 117 44 Mar.
1086 3476 51 51 8;
1171 3475 44 42 A
1247 3473 162 46 879913;
1470 3474 179 45 Garden
1681 3473 103 54 City
1816 3475 101 52 pub.
1950 3490 66 29 co.

224 3529 269 55 (26-12838)

141 3600 176 69 Rose,
358 3601 170 58 John
566 3601 234 69 Carter,
844 3604 189 56 1861-

211 3688 417 60 Jurisdiction
672 3692 124 57 and
838 3692 344 71 procedure
1229 3692 68 57 of
1341 3693 103 58 the
1488 3692 244 58 federal
1776 3695 228 70 courts,
2050 3694 83 71 by

143 3766 1990 79 John C. Rose … 3d ed. Albany, N. Y., M. Bender &
143 3862 321 54 company,
498 3844 459 74 incorporated,
993 3848 165 56 1926.
