2542 4285
1284 3957 109 56 962

341 332 320 72 Mackaye,
701 331 246 57 Arthur
984 330 253 73 Loring.

419 410 127 57 The
585 410 169 56 slave
789 408 247 72 prince;
1074 427 35 37 a
1145 409 125 57 tale
1306 409 68 56 of
1412 407 243 58 ancient
1694 408 227 58 Greece
1961 413 124 57 and
2120 408 68 58 of
2226 409 102 57 the

343 488 168 72 siege
542 488 67 56 of
640 488 186 71 Troy,
858 487 84 70 by
970 486 244 56 Arthur
1245 485 238 72 Loring
1511 486 319 73 Mackaye,
1860 484 361 60 illustrated
2250 486 83 71 by

341 566 214 56 Frank
584 566 66 56 T.
683 564 260 58 Merrill.
1026 564 257 71 Boston,
1313 562 66 57 L.
1417 562 64 60 C.
1512 563 171 72 Page
1713 562 49 58 &
1791 581 305 54 company
2128 594 13 43 [
2143 573 20 21 c
2165 565 164 71 1926]

411 640 1026 55 xii p., 1 l., 316 p. front., plates. 20 cm .
343 698 52 54 ©
419 701 119 52 Aug.
561 699 67 51 26,
657 699 128 51 1926;
812 699 63 43 2c.
905 696 118 54 Sept.
1054 700 45 49 1;
1125 698 78 42 aff.
1229 697 119 53 Aug.
1376 697 76 52 30;
1480 697 45 42 A
1550 695 188 54 901732;
1768 696 49 44 L.
1847 695 49 45 C.
1923 697 124 53 Page
2074 697 38 44 &
2137 711 79 37 co.,
2245 697 83 43 inc.

421 754 269 57 (26-15373)

339 841 389 71 McMurtrie,
764 839 278 73 Douglas
1081 839 346 59 Crawford.

416 919 380 72 Alphabets;
840 937 35 37 a
919 917 252 57 manual
1217 916 67 57 of
1322 917 191 56 letter
1555 915 238 72 design,
1834 915 152 58 with
2029 916 301 72 complete

341 994 326 73 alphabets
714 994 68 57 of
825 995 220 58 varied
1093 994 192 70 styles
1333 993 68 57 of
1446 993 313 75 lettering,
1805 994 86 71 by
1935 993 279 72 Douglas
2265 993 64 57 C.

341 1070 1989 72 McMurtrie … Pelham, N. Y., Bridgman publishers
358 1149 186 72 [ c 1926]
408 1224 56 44 64
487 1239 42 38 p.
587 1225 53 42 22½
675 1226 47 17 cm
728 1259 9 8 .

342 1280 53 53 ©
421 1282 120 52 Aug.
571 1283 35 49 1,
636 1280 128 54 1926;
794 1282 63 42 2c.
884 1282 121 52 Aug.
1036 1282 73 52 16;
1139 1282 79 42 aff.
1247 1281 119 53 Aug.
1392 1282 79 52 27;
1500 1282 45 42 A
1571 1280 189 55 897988;
1791 1281 247 54 Bridgman
2066 1281 264 54 publishers.

421 1337 269 56 (26-15289)

338 1424 263 73 McNeil,
640 1425 275 71 Everett,
956 1428 189 55 1862-

415 1502 225 60 Daniel
669 1504 101 57 Du
801 1505 195 71 Luth;
1031 1523 89 51 or,
1151 1502 443 75 Adventuring
1626 1526 77 38 on
1734 1506 105 58 the
1874 1505 194 60 Great
2098 1506 234 71 Lakes;

338 1580 186 74 being
549 1583 103 56 the
679 1582 125 57 tale
831 1581 134 60 told
989 1583 82 71 by
1096 1601 212 54 young
1333 1582 161 57 Paul
1520 1583 224 71 Douay
1770 1585 67 57 of
1863 1585 102 56 the
1992 1586 147 70 long
337 1583 1974 148 journey

490 1660 76 57 he
597 1661 182 56 made
812 1659 66 57 in
913 1658 228 58 Indian
1174 1677 223 39 canoes
1431 1661 68 55 in
1530 1661 104 55 the
1669 1678 306 54 company
2008 1662 68 57 of
2108 1661 227 58 Daniel

340 1736 347 74 Greysolon
730 1736 100 57 Du
873 1736 184 72 Luth,
1102 1738 168 57 from
1314 1735 314 60 Montreal
1671 1738 274 72 through
1988 1739 103 58 the
2140 1739 194 59 Great

339 1814 200 57 Lakes
575 1814 63 55 to
675 1813 167 59 Lake
882 1813 322 71 Superior,
1241 1812 66 58 in
1340 1816 183 70 quest
1557 1815 67 56 of
1656 1814 99 58 his
1793 1815 188 59 sister
2020 1817 201 58 stolen
2253 1819 83 69 by

339 1890 1997 76 the Indians when a babe … as set down in English by
339 1970 264 59 Everett
646 1966 262 61 McNeil.
990 1969 153 58 New
1184 1968 191 70 York,
1420 1969 73 57 E.
1539 1969 68 55 P.
1654 1970 243 58 Dutton
1937 1971 48 58 &
2031 1988 305 50 company

342 2079 13 41 [
356 2055 20 22 c
378 2048 165 72 1926]

410 2121 1010 55 xii p., 2 l., 389 p. front., plates. 20 cm .
412 2182 134 50 Maps
575 2198 58 29 on
661 2180 340 52 lining-papers.

343 2234 52 53 ©
418 2236 120 52 Aug.
561 2235 65 50 20,
656 2234 129 53 1926;
811 2235 64 43 2c.
903 2233 119 53 Sept.
1046 2235 50 51 2;
1121 2235 79 42 aff.
1225 2234 120 52 Aug.
1372 2234 78 51 31;
1477 2234 45 42 A
1547 2232 188 56 901728;
1764 2234 52 48 E.
1845 2236 51 43 P.
1923 2236 177 45 Dutton
2124 2237 38 44 &
2185 2252 67 29 co.

420 2291 269 56 (26-15269)

340 2375 263 72 Malone,
639 2378 254 57 Dumas.

399 2456 128 57 The
554 2456 207 71 public
787 2456 112 60 life
928 2456 67 57 of
1022 2456 270 56 Thomas
1324 2455 260 74 Cooper,
1613 2458 358 72 1783-1839,
1999 2459 84 71 by
2098 2458 237 58 Dumas

341 2533 1993 75 Malone … New Haven, Yale university press; London,
341 2612 78 57 H.
460 2611 280 74 Milford,
779 2611 245 59 Oxford
1059 2611 357 72 university
1447 2630 200 53 press,
1686 2613 166 60 1926.

476 2724 8 17 xv,
519 2691 81 43 432
630 2705 39 37 p.
731 2688 152 54 front.,
917 2696 115 46 port.
1092 2690 52 43 23
1152 2691 46 16 cm
1205 2724 9 8 .
1283 2688 289 55 (Half-title:
1610 2689 115 44 Yale
1760 2689 232 45 historical
2025 2689 310 54 publications.

342 2748 280 52 Miscellany,
746 2746 18 54 XVI)

413 2803 137 44 “This
585 2819 130 37 essay
746 2819 94 28 was
875 2803 214 44 awarded
1122 2803 76 45 the
1231 2803 120 52 John
1386 2802 211 45 Addison
1634 2804 166 44 Porter
1834 2803 138 54 prize,
2007 2804 115 45 Yale
342 2803 1974 111 university,
475 2860 143 46 1923.”

413 2917 412 53 “Bibliographical
856 2916 159 45 note”:
1048 2931 40 38 p.
1122 2916 236 47 [402]-416.

343 2973 52 54 ©
420 2976 121 52 Aug.
563 2974 68 50 27,
661 2974 129 53 1926;
817 2974 64 43 2c.
910 2973 122 53 Sept.
1062 2976 45 50 1;
1136 2974 79 43 aff.
1242 2973 118 53 Aug.
1387 2973 78 53 27;
1494 2974 45 42 A
1561 2973 188 54 901734;
1778 2975 116 44 Yale
1918 2974 250 54 university
2192 2988 140 40 press.

421 3032 269 55 (26-15381)

341 3116 238 69 Mason,
629 3116 299 73 Gregory,
978 3119 189 56 1889-

422 3193 1913 75 Green gold of Yucatan, by Gregory Mason … New
342 3271 189 74 York,
564 3271 265 59 Duffield
862 3272 125 57 and
1021 3291 323 53 company,
1381 3274 165 56 1926.

410 3350 24 42 3
465 3363 27 38 p.
566 3382 10 19 l.,
605 3346 80 47 325
715 3363 41 38 p.
818 3348 51 45 19
875 3351 48 19 cm
928 3383 9 9 .

343 3404 1822 54 © Sept. 2, 1926; 2c. Sept. 7; aff. Sept. 4; A 901758; Duffield & co.
423 3462 270 55 (26-15397)

343 3547 272 72 Millard,
658 3547 342 59 Frederick
1038 3550 229 71 Payne,
1310 3552 189 56 1878-

420 3626 1915 73 No older at night, by Dr. F. P. Millard … Boston,
345 3704 130 57 The
517 3704 413 71 Christopher
963 3704 362 73 publishing
1359 3704 195 58 house
1593 3734 13 43 [
1606 3715 21 21 c
1630 3706 163 72 1926]

413 3779 691 56 4 p. l., [11 ]-178 p. 20½c m .
344 3837 54 54 ©
429 3840 118 52 Aug.
583 3840 60 49 14,
680 3839 128 53 1926;
840 3841 64 42 2c.
937 3841 86 42 and
1054 3840 77 43 aff.
1162 3840 120 52 Aug.
1314 3840 78 51 28;
1426 3840 45 42 A
1499 3837 189 55 901615;
1723 3837 299 55 Christopher
2050 3838 100 53 pub.
2181 3838 152 44 house.

424 3894 268 57 (26-15248)
