2542 4285
1307 3988 114 56 484

378 354 271 70 Hansen,
700 353 189 58 Louis
937 354 75 57 A.

450 445 1909 75 Keeping well, by Louis A. Hansen … Nashville, Tenn.,
373 523 280 70 Atlanta,
686 523 108 58 Ga.
830 526 146 71 [etc.]
1012 522 312 59 Southern
1356 523 358 73 publishing
1746 525 377 57 association
2157 554 14 44 [
2171 534 19 20 c
2195 527 162 70 1925]

448 614 77 43 128
551 628 40 38 p.
621 613 100 44 incl.
753 614 148 50 front.,
935 613 113 44 illus.
1111 614 49 42 19½
1196 617 15 16 cm
1249 648 7 7 .
1320 613 114 47 [The
1465 615 124 53 Busy
1617 615 138 44 man’s
1785 616 184 53 library]

372 681 52 54 ©
455 685 97 51 Jan.
584 684 35 52 8,
655 684 127 52 1926;
815 685 64 42 2c.
910 685 86 42 and
1028 685 78 42 aff.
1138 683 104 44 Feb.
1279 686 46 49 1;
1357 685 43 41 A
1431 683 188 54 879618;
1655 683 224 47 Southern
1912 687 100 51 pub.
2043 701 115 28 assn.

451 740 267 54 (26-10022)

376 838 227 72 Hayes,
650 839 117 57 Ina
810 839 83 57 M.

454 925 263 59 Modern
741 925 305 73 practical
1072 925 371 74 arithmetic,
1472 929 84 71 by
1580 929 118 56 Ina
1723 930 83 55 M.
1837 929 233 72 Hayes,
2103 929 256 59 Charles

373 1006 1985 75 S. Gibson, George R. Bodley, Bruce M. Watson … Upper
371 1085 244 71 grades.
693 1084 256 70 Boston,
988 1084 152 56 New
1175 1084 174 55 York
1387 1089 146 68 [etc.]
1636 1131 10 10 D.
1689 1083 64 59 C.
1791 1085 212 56 Heath
2043 1086 123 57 and
370 1105 1964 128 company
572 1191 12 43 [
584 1169 21 21 c
609 1161 163 73 1926]

439 1251 79 52 xii,
546 1250 81 44 460
656 1264 39 39 p.
755 1249 115 44 illus.
930 1250 52 44 19
988 1253 47 17 cm
1041 1286 9 8 .

370 1319 53 53 ©
455 1322 109 51 May
596 1321 60 50 14,
693 1321 106 43 1926
812 1336 10 37 ;
853 1322 64 42 2c.
951 1322 111 52 May
1091 1320 77 53 28;
1202 1322 78 42 aff.
1314 1322 111 52 May
1454 1321 77 52 27;
1567 1321 44 43 A
1639 1320 187 54 891560;
1863 1323 54 42 D.
1952 1321 49 45 C.
2034 1323 156 43 Heath
2224 1324 38 43 &
2291 1339 65 27 co.

449 1376 240 55 (26-9999)

373 1475 301 74 Hillegas,
713 1473 153 60 Milo
905 1476 318 72 Burdette,
1265 1479 188 56 1872-

455 1564 314 74 Teaching
818 1566 263 57 number
1130 1566 499 70 fundamentals;
1682 1571 63 52 to
1800 1586 380 54 accompany
2232 1569 127 56 The

375 1643 244 57 Horace
680 1644 194 56 Mann
933 1645 511 70 supplementary
1505 1644 372 74 arithmetic,
1936 1646 83 71 by
2078 1646 151 57 Milo
2289 1647 69 54 B.

373 1721 1987 74 Hillegas … Philadelphia, Chicago [etc.] J. B. Lippincott
372 1817 305 53 company
709 1828 14 44 [
725 1807 17 22 c
746 1801 164 71 1925]

440 1888 726 55 3 p. l., 98 p. l illus. 19½ cm .
365 1960 56 54 ©
452 1963 100 43 Oct.
578 1963 65 50 23,
678 1960 128 54 1925;
835 1963 64 42 2c.
930 1963 86 42 and
1045 1963 79 42 aff.
1153 1963 112 51 Apr.
1300 1960 61 53 15,
1395 1962 128 53 1926;
1557 1964 43 41 A
1630 1963 187 52 891022;
1850 1963 41 52 J.
1923 1963 49 44 B.
2005 1964 255 52 Lippincott
2289 1979 66 29 co.

447 2018 240 55 (26-9848)

374 2119 128 56 The
537 2117 264 73 History
833 2119 67 56 of
934 2118 104 57 the
1075 2116 320 59 Christian
1433 2119 232 57 science
1700 2123 368 68 movement,
2106 2120 82 71 by

450 2138 1883 127 contemporary
855 2194 276 71 authors,
1172 2194 252 58 written
1462 2196 105 56 for
1608 2196 122 56 and
1772 2196 205 57 edited
2020 2201 64 52 at
2125 2197 103 56 the

444 2216 1892 130 request
668 2274 66 56 of
778 2274 187 71 Mary
1002 2274 274 56 Beecher
1320 2273 345 72 Longyear.
1753 2304 70 43 [v.
1906 2305 13 42 1]
2004 2273 353 75 Brookline,

444 2352 210 71 Mass.,
688 2351 129 56 The
848 2351 152 57 Zion
1034 2350 290 58 research
1355 2351 390 73 foundation,
1783 2353 164 55 1926.

436 2426 986 53 xx p., 1 l., 444 p. front., port. 21 cm .
443 2482 102 45 Vol.
572 2485 34 49 1,
631 2484 58 51 by
714 2484 73 43 W.
812 2483 48 43 L.
884 2483 216 53 Johnson.

441 2539 334 45 “Authorities”
795 2554 8 28 :
835 2555 42 28 v.
904 2539 33 52 1,
960 2554 40 39 p.
1027 2540 236 53 [431]-444.

368 2596 52 54 ©
450 2598 103 43 Feb.
586 2598 62 50 12,
680 2597 128 52 1926;
837 2598 65 42 2c.
931 2598 86 42 and
1045 2599 79 42 aff.
1155 2598 110 51 Apr.
1295 2597 77 51 30;
1403 2598 43 41 A
1476 2595 186 54 890579;
1697 2597 111 43 Zion
1838 2597 206 43 research
2077 2598 278 45 foundation.

446 2653 267 55 (26-10094)

372 2751 314 74 Holliday,
728 2752 163 73 Carl,
932 2754 189 58 1879-

450 2845 118 59 Old
599 2845 287 57 “Prof.”
916 2843 291 74 Hickson,
1240 2848 123 56 and
1394 2846 177 58 other
1602 2864 231 54 poems,
1866 2848 83 70 by
1982 2845 148 59 Carl
372 2846 1958 149 Holliday

588 2922 1012 73 … New York, T. Seltzer, 1926.
443 3000 330 52 64 p. 19½ cm .
364 3052 55 54 ©
449 3056 109 51 May
587 3055 40 46 3,
659 3054 105 43 1926
778 3069 9 37 ;
817 3054 63 42 2c.
915 3055 110 51 May
1054 3054 47 51 3;
1136 3054 77 42 aff.
1244 3055 112 51 May
1386 3054 50 51 4;
1469 3054 43 41 A
1543 3051 186 54 891250;
1763 3052 199 44 Thomas
1996 3052 187 52 Seltzer,
2216 3054 82 42 inc.

445 3108 268 56 (26-10083)

369 3209 321 72 Hubbard,
728 3208 232 71 Elbert,
997 3210 356 56 1856-1915.

446 3301 58 56 A
525 3318 284 53 message
833 3302 63 54 to
920 3299 245 70 Garcia,
1187 3299 85 71 by
1292 3298 223 57 Elbert
1534 3299 336 70 Hubbard;
1896 3298 185 72 being
2106 3318 34 37 a
370 3298 1961 137 faithful

500 3376 444 72 reproduction
977 3378 67 55 of
1077 3376 98 58 his
1211 3375 270 73 original
1513 3376 407 72 manuscript,
1957 3376 158 57 done
2147 3376 131 56 into
2320 3395 31 37 a

368 3452 1963 152 portfolio by the Royorofters at their shops … East Aurora, 1926.
440 3607 885 54 5 p. l., facsims.: 21 l. port. 32 cm .
368 3662 1984 103 “Of this edition … there have been made only four hundred and ninety-five
493 3720 256 54 portfolios.
820 3718 124 48 Each
987 3718 215 53 portfolio
1246 3719 34 43 is
1322 3719 242 44 numbered
1606 3720 85 42 and
1734 3718 198 53 signed.”
2002 3717 114 45 This
2158 3731 113 39 copy
2314 3717 36 44 is

367 3776 175 45 neither
569 3776 243 44 numbered
839 3790 84 29 nor
950 3775 169 53 signed.

364 3831 55 54 ©
456 3833 111 52 Apr.
607 3835 33 49 1,
683 3833 127 50 1926;
848 3833 66 42 2c.
952 3833 110 51 Apr.
1103 3833 49 50 2;
1192 3833 78 41 aff.
1310 3832 110 52 Apr.
1458 3831 78 51 23;
1577 3832 43 41 A
1659 3829 187 53 890576;
1889 3829 313 53 Roycrofters,
2240 3825 113 48 East

441 3886 1061 40 Aurora, N. Y. [© foreword] (26-9937)
