<alto xmlns="http://www.loc.gov/standards/alto/ns-v3#" xmlns:xlink="http://www.w3.org/1999/xlink" xmlns:xsi="http://www.w3.org/2001/XMLSchema-instance" xsi:schemaLocation="http://www.loc.gov/standards/alto/ns-v3# http://www.loc.gov/alto/v3/alto-3-0.xsd"><Description>
<MeasurementUnit>pixel</MeasurementUnit>
<sourceImageInformation>
<fileName>1926_v23_Part001.pdf</fileName>
</sourceImageInformation>
<OCRProcessing ID="IdOcr">
<ocrProcessingStep>
<processingDateTime>2019-04-10</processingDateTime>
<processingSoftware>
<softwareCreator>ABBYY</softwareCreator>
<softwareName>ABBYY Recognition Server</softwareName>
<softwareVersion>4.0</softwareVersion>
</processingSoftware>
</ocrProcessingStep>
</OCRProcessing>
</Description>
<Styles>
<ParagraphStyle ID="StyleId-FFFFFFFF-FFFF-FFFF-FFFF-FFFFFFFFFFFF-" ALIGN="Left" LEFT="0." RIGHT="0." FIRSTLINE="0."/>
<ParagraphStyle ID="StyleId-22C3EA86-D171-42E2-A7D2-9A866F7D91F9-" ALIGN="Left" LEFT="0." RIGHT="0." FIRSTLINE="0." LINESPACE="8.300000191"/>
<ParagraphStyle ID="StyleId-E3FA4CC6-F5E5-41CA-B4C4-90085BF71B6C-" ALIGN="Block" LEFT="0." RIGHT="0." FIRSTLINE="-14." LINESPACE="8.050000191"/>
<ParagraphStyle ID="StyleId-41118DB3-028A-4115-95B3-BB512DD0EDAE-" ALIGN="Left" LEFT="0." RIGHT="0." FIRSTLINE="-13." LINESPACE="13.30000019"/>
<ParagraphStyle ID="StyleId-A2FB4C2B-BF87-45AD-9689-33B0118FBFC1-" ALIGN="Block" LEFT="0." RIGHT="0." FIRSTLINE="-14." LINESPACE="11.06999969"/>
<ParagraphStyle ID="StyleId-BBBA7B5D-FE2B-4BC7-AC7D-F142900C21B8-" ALIGN="Block" LEFT="0." RIGHT="0." FIRSTLINE="0." LINESPACE="8.899999619"/>
<ParagraphStyle ID="StyleId-3CEA3EEE-4341-4E33-9EF0-A9438AB90A9B-" ALIGN="Center" LEFT="0." RIGHT="0." FIRSTLINE="0." LINESPACE="12.19999981"/>
<ParagraphStyle ID="StyleId-817955BE-3120-4B53-BBD3-920BAE733BFF-" ALIGN="Left" LEFT="0." RIGHT="0." FIRSTLINE="0." LINESPACE="12.19999981"/>
<ParagraphStyle ID="StyleId-456A266C-F799-486A-ACB1-75B61E9815AB-" ALIGN="Left" LEFT="0." RIGHT="0." FIRSTLINE="-13." LINESPACE="8.18999958"/>
<ParagraphStyle ID="StyleId-6A1E9ED6-E5EA-4E31-BD5A-88089B8D7134-" ALIGN="Right" LEFT="0." RIGHT="0." FIRSTLINE="0." LINESPACE="7.699999809"/>
<ParagraphStyle ID="StyleId-C11ABF73-04BC-4F6E-B7E4-01FCA3A26756-" ALIGN="Left" LEFT="0." RIGHT="0." FIRSTLINE="-13." LINESPACE="12.19999981"/>
<ParagraphStyle ID="StyleId-662CF6CF-DB5F-40BE-AD24-E877ED82DD6F-" ALIGN="Block" LEFT="0." RIGHT="0." FIRSTLINE="-14." LINESPACE="11.06999969"/>
<ParagraphStyle ID="StyleId-9361006B-74B5-41BD-BFD3-03318AD64910-" ALIGN="Left" LEFT="0." RIGHT="0." FIRSTLINE="0." LINESPACE="8.899999619"/>
</Styles>
<Layout>
<Page ID="Page179" PHYSICAL_IMG_NR="179" HEIGHT="4285" WIDTH="2542">
<TopMargin HEIGHT="348" WIDTH="2542" VPOS="0" HPOS="0">
</TopMargin>
<LeftMargin HEIGHT="3712" WIDTH="64" VPOS="348" HPOS="0">
</LeftMargin>
<RightMargin HEIGHT="3712" WIDTH="412" VPOS="348" HPOS="2130">
</RightMargin>
<BottomMargin HEIGHT="225" WIDTH="2542" VPOS="4060" HPOS="0">
</BottomMargin>
<PrintSpace HEIGHT="3712" WIDTH="2066" VPOS="348" HPOS="64">
<TextBlock ID="Page179_Block1" HEIGHT="54" WIDTH="132" VPOS="4006" HPOS="1006" LANG="en-US" CS="1" STYLEREFS="StyleId-61D2004D-97D5-404F-BF5E-A069E5566709-">
<TextLine HEIGHT="0" WIDTH="0" VPOS="0" HPOS="0" CS="1">
<String CS="1" CONTENT="179"/>
</TextLine>
</TextBlock>
<TextBlock ID="Page179_Block2" HEIGHT="3658" WIDTH="2066" VPOS="348" HPOS="64" LANG="en-US" CS="1" STYLEREFS="StyleId-79029C43-ECAF-41A3-9680-4E4AA15E5D86-">
<Shape>
<Polygon POINTS="64,348 2130,348 2130,3926 608,3926 608,3928 606,3928 606,4006 64,4006 64,348"/>
</Shape>
<TextLine HEIGHT="73" WIDTH="597" VPOS="359" HPOS="94" STYLEREFS="StyleId-7D9775B8-C46C-4C36-904A-FAA18E3B2405-">
<String CONTENT="Camovale," HEIGHT="72" WIDTH="358" VPOS="360" HPOS="94"/>
<SP HEIGHT="72" WIDTH="35" VPOS="360" HPOS="453"/>
<String CONTENT="Luigi." HEIGHT="73" WIDTH="202" VPOS="359" HPOS="489"/>
</TextLine>
<TextLine HEIGHT="136" WIDTH="1954" VPOS="452" HPOS="91" STYLEREFS="StyleId-E554E694-1ADD-4628-9DDF-3C87DABD8E76-" CS="1">
<String CONTENT="II" HEIGHT="56" WIDTH="57" VPOS="455" HPOS="168"/>
<SP HEIGHT="55" WIDTH="31" VPOS="456" HPOS="226"/>
<String CONTENT="supremo" HEIGHT="52" WIDTH="287" VPOS="471" HPOS="258"/>
<SP HEIGHT="58" WIDTH="30" VPOS="454" HPOS="546"/>
<String LANG="de" CONTENT="ideale" HEIGHT="59" WIDTH="199" VPOS="452" HPOS="577"/>
<SP HEIGHT="38" WIDTH="31" VPOS="473" HPOS="777"/>
<String CONTENT="umano" HEIGHT="39" WIDTH="226" VPOS="471" HPOS="809"/>
<SP HEIGHT="38" WIDTH="33" VPOS="473" HPOS="1036"/>
<String CONTENT="raggiunto" HEIGHT="72" WIDTH="332" VPOS="453" HPOS="1070"/>
<SP HEIGHT="52" WIDTH="37" VPOS="475" HPOS="1403"/>
<String CONTENT="[per]" HEIGHT="54" WIDTH="144" VPOS="473" HPOS="1441"/>
<SP HEIGHT="71" WIDTH="33" VPOS="455" HPOS="1586"/>
<String CONTENT="Luigi" HEIGHT="74" WIDTH="184" VPOS="453" HPOS="1620"/>
<SP HEIGHT="60" WIDTH="35" VPOS="454" HPOS="1805"/>
<String CONTENT="Carnovale." HEIGHT="133" WIDTH="1954" VPOS="455" HPOS="91"/>
</TextLine>
<TextLine HEIGHT="74" WIDTH="482" VPOS="528" HPOS="331" STYLEREFS="StyleId-E554E694-1ADD-4628-9DDF-3C87DABD8E76-">
<String CONTENT="Chicago," HEIGHT="74" WIDTH="285" VPOS="528" HPOS="331"/>
<SP HEIGHT="70" WIDTH="31" VPOS="532" HPOS="617"/>
<String CONTENT="1926." HEIGHT="56" WIDTH="164" VPOS="531" HPOS="649"/>
</TextLine>
<TextLine HEIGHT="52" WIDTH="653" VPOS="607" HPOS="163" CS="1">
<String CONTENT="1" HEIGHT="41" WIDTH="18" VPOS="611" HPOS="163"/>
<SP/>
<String CS="1" CONTENT="p."/>
<SP/>
<String CS="1" CONTENT="l.,"/>
<SP/>
<String CONTENT="5-157," HEIGHT="52" WIDTH="148" VPOS="607" HPOS="340"/>
<SP HEIGHT="35" WIDTH="28" VPOS="624" HPOS="489"/>
<String CS="1" CONTENT="[1]"/>
<SP HEIGHT="48" WIDTH="24" VPOS="610" HPOS="570"/>
<String CONTENT="p." HEIGHT="38" WIDTH="41" VPOS="620" HPOS="595"/>
<SP HEIGHT="41" WIDTH="61" VPOS="609" HPOS="637"/>
<String CONTENT="19" HEIGHT="44" WIDTH="51" VPOS="608" HPOS="699"/>
<String STYLE="superscript" CONTENT="cm" HEIGHT="19" WIDTH="48" VPOS="610" HPOS="754"/>
<String CONTENT="." HEIGHT="9" WIDTH="9" VPOS="643" HPOS="807"/>
</TextLine>
<TextLine HEIGHT="53" WIDTH="650" VPOS="662" HPOS="159">
<String CONTENT="Author&#8217;s" HEIGHT="46" WIDTH="220" VPOS="663" HPOS="159"/>
<SP HEIGHT="38" WIDTH="26" VPOS="677" HPOS="380"/>
<String CONTENT="portrait" HEIGHT="53" WIDTH="195" VPOS="662" HPOS="407"/>
<SP HEIGHT="35" WIDTH="25" VPOS="673" HPOS="603"/>
<String CONTENT="on" HEIGHT="30" WIDTH="58" VPOS="678" HPOS="629"/>
<SP HEIGHT="36" WIDTH="25" VPOS="672" HPOS="688"/>
<String CONTENT="t.-p." HEIGHT="43" WIDTH="95" VPOS="672" HPOS="714"/>
</TextLine>
<TextLine HEIGHT="56" WIDTH="1923" VPOS="715" HPOS="88">
<String CONTENT="&#169;" HEIGHT="54" WIDTH="53" VPOS="715" HPOS="88"/>
<SP HEIGHT="54" WIDTH="27" VPOS="715" HPOS="142"/>
<String CONTENT="Feb." HEIGHT="43" WIDTH="107" VPOS="718" HPOS="170"/>
<SP HEIGHT="42" WIDTH="28" VPOS="718" HPOS="278"/>
<String CONTENT="24," HEIGHT="49" WIDTH="65" VPOS="718" HPOS="307"/>
<SP HEIGHT="47" WIDTH="34" VPOS="720" HPOS="373"/>
<String CONTENT="1926;" HEIGHT="52" WIDTH="128" VPOS="717" HPOS="408"/>
<SP HEIGHT="51" WIDTH="28" VPOS="718" HPOS="537"/>
<String CONTENT="2c." HEIGHT="43" WIDTH="64" VPOS="718" HPOS="566"/>
<SP HEIGHT="29" WIDTH="28" VPOS="732" HPOS="631"/>
<String CONTENT="and" HEIGHT="42" WIDTH="86" VPOS="719" HPOS="660"/>
<SP HEIGHT="42" WIDTH="30" VPOS="719" HPOS="747"/>
<String CONTENT="aff." HEIGHT="43" WIDTH="78" VPOS="718" HPOS="778"/>
<SP HEIGHT="43" WIDTH="31" VPOS="718" HPOS="857"/>
<String CONTENT="Mar." HEIGHT="43" WIDTH="118" VPOS="718" HPOS="889"/>
<SP HEIGHT="41" WIDTH="34" VPOS="719" HPOS="1008"/>
<String CONTENT="1;" HEIGHT="51" WIDTH="45" VPOS="719" HPOS="1043"/>
<SP HEIGHT="53" WIDTH="33" VPOS="717" HPOS="1089"/>
<!-- cceid FBFC1825-6E1A-1014-9B7B-CA07F191E62B --><String CONTENT="A" HEIGHT="43" WIDTH="45" VPOS="717" HPOS="1123"/>
<SP HEIGHT="44" WIDTH="28" VPOS="717" HPOS="1169"/>
<String CONTENT="879722;" HEIGHT="54" WIDTH="188" VPOS="716" HPOS="1198"/>
<SP HEIGHT="51" WIDTH="33" VPOS="719" HPOS="1387"/>
<String CONTENT="L." HEIGHT="43" WIDTH="49" VPOS="719" HPOS="1421"/>
<SP HEIGHT="46" WIDTH="32" VPOS="716" HPOS="1471"/>
<String CONTENT="Carnovale," HEIGHT="53" WIDTH="262" VPOS="716" HPOS="1504"/>
<SP HEIGHT="51" WIDTH="31" VPOS="718" HPOS="1767"/>
<String CONTENT="Chicago." HEIGHT="53" WIDTH="212" VPOS="718" HPOS="1799"/>
</TextLine>
<TextLine HEIGHT="55" WIDTH="241" VPOS="772" HPOS="165">
<String CONTENT="(26-5571)" HEIGHT="55" WIDTH="241" VPOS="772" HPOS="165"/>
</TextLine>
<TextLine HEIGHT="70" WIDTH="871" VPOS="870" HPOS="90" STYLEREFS="StyleId-7D9775B8-C46C-4C36-904A-FAA18E3B2405-">
<String CONTENT="Chafee," HEIGHT="70" WIDTH="246" VPOS="870" HPOS="90"/>
<SP HEIGHT="69" WIDTH="35" VPOS="871" HPOS="337"/>
<String CONTENT="Zechariah," HEIGHT="70" WIDTH="361" VPOS="870" HPOS="373"/>
<SP HEIGHT="65" WIDTH="37" VPOS="875" HPOS="735"/>
<String CONTENT="1885-" HEIGHT="56" WIDTH="188" VPOS="874" HPOS="773"/>
</TextLine>
<TextLine HEIGHT="75" WIDTH="1899" VPOS="961" HPOS="169" STYLEREFS="StyleId-E554E694-1ADD-4628-9DDF-3C87DABD8E76-">
<String CONTENT="Cases" HEIGHT="59" WIDTH="191" VPOS="961" HPOS="169"/>
<SP HEIGHT="39" WIDTH="39" VPOS="982" HPOS="361"/>
<String CONTENT="on" HEIGHT="38" WIDTH="78" VPOS="983" HPOS="401"/>
<SP HEIGHT="38" WIDTH="42" VPOS="983" HPOS="480"/>
<String CONTENT="equitable" HEIGHT="74" WIDTH="306" VPOS="961" HPOS="523"/>
<SP HEIGHT="39" WIDTH="40" VPOS="983" HPOS="830"/>
<String CONTENT="relief" HEIGHT="59" WIDTH="185" VPOS="962" HPOS="871"/>
<SP HEIGHT="56" WIDTH="39" VPOS="965" HPOS="1057"/>
<String CONTENT="against" HEIGHT="74" WIDTH="249" VPOS="962" HPOS="1097"/>
<SP HEIGHT="55" WIDTH="38" VPOS="966" HPOS="1347"/>
<String CONTENT="torts," HEIGHT="70" WIDTH="182" VPOS="965" HPOS="1386"/>
<SP HEIGHT="69" WIDTH="38" VPOS="966" HPOS="1569"/>
<String CONTENT="by" HEIGHT="70" WIDTH="82" VPOS="966" HPOS="1608"/>
<SP HEIGHT="73" WIDTH="37" VPOS="963" HPOS="1691"/>
<String CONTENT="Zechariah" HEIGHT="59" WIDTH="339" VPOS="963" HPOS="1729"/>
</TextLine>
<TextLine HEIGHT="73" WIDTH="1525" VPOS="1040" HPOS="92" STYLEREFS="StyleId-E554E694-1ADD-4628-9DDF-3C87DABD8E76-" CS="1">
<String CONTENT="Chafee," HEIGHT="70" WIDTH="252" VPOS="1041" HPOS="92"/>
<SP HEIGHT="71" WIDTH="24" VPOS="1041" HPOS="345"/>
<String CONTENT="jr." HEIGHT="71" WIDTH="78" VPOS="1041" HPOS="370"/>
<SP HEIGHT="13" WIDTH="33" VPOS="1087" HPOS="449"/>
<String CS="1" CONTENT="&#8230;"/>
<SP HEIGHT="59" WIDTH="72" VPOS="1040" HPOS="546"/>
<String CONTENT="Cambridge," HEIGHT="73" WIDTH="390" VPOS="1040" HPOS="619"/>
<SP HEIGHT="69" WIDTH="30" VPOS="1042" HPOS="1010"/>
<String CONTENT="The" HEIGHT="59" WIDTH="129" VPOS="1041" HPOS="1041"/>
<SP HEIGHT="38" WIDTH="30" VPOS="1062" HPOS="1171"/>
<String CONTENT="editor," HEIGHT="63" WIDTH="220" VPOS="1040" HPOS="1202"/>
<SP HEIGHT="59" WIDTH="29" VPOS="1044" HPOS="1423"/>
<String CONTENT="1924." HEIGHT="56" WIDTH="164" VPOS="1042" HPOS="1453"/>
</TextLine>
<TextLine HEIGHT="52" WIDTH="631" VPOS="1117" HPOS="161" CS="1">
<String CONTENT="1" HEIGHT="43" WIDTH="19" VPOS="1119" HPOS="161"/>
<SP/>
<String CS="1" CONTENT="p."/>
<SP/>
<String CS="1" CONTENT="l.,"/>
<SP/>
<String CONTENT="viii," HEIGHT="51" WIDTH="94" VPOS="1117" HPOS="344"/>
<SP HEIGHT="51" WIDTH="26" VPOS="1117" HPOS="439"/>
<String CONTENT="522" HEIGHT="45" WIDTH="81" VPOS="1117" HPOS="466"/>
<SP HEIGHT="52" WIDTH="21" VPOS="1117" HPOS="548"/>
<String CONTENT="p." HEIGHT="38" WIDTH="42" VPOS="1131" HPOS="570"/>
<SP HEIGHT="44" WIDTH="56" VPOS="1118" HPOS="613"/>
<String CONTENT="24" HEIGHT="44" WIDTH="56" VPOS="1118" HPOS="670"/>
<String STYLE="superscript" CONTENT="cm" HEIGHT="18" WIDTH="47" VPOS="1120" HPOS="730"/>
<String CONTENT="." HEIGHT="9" WIDTH="9" VPOS="1152" HPOS="783"/>
</TextLine>
<TextLine HEIGHT="55" WIDTH="1982" VPOS="1170" HPOS="85">
<String CONTENT="&#169;" HEIGHT="53" WIDTH="53" VPOS="1170" HPOS="85"/>
<SP HEIGHT="53" WIDTH="28" VPOS="1170" HPOS="139"/>
<String CONTENT="Sept." HEIGHT="53" WIDTH="119" VPOS="1171" HPOS="168"/>
<SP HEIGHT="43" WIDTH="26" VPOS="1172" HPOS="288"/>
<String CONTENT="27," HEIGHT="54" WIDTH="68" VPOS="1170" HPOS="315"/>
<SP HEIGHT="51" WIDTH="31" VPOS="1173" HPOS="384"/>
<String CONTENT="1924;" HEIGHT="51" WIDTH="129" VPOS="1172" HPOS="416"/>
<SP HEIGHT="51" WIDTH="24" VPOS="1172" HPOS="546"/>
<String CONTENT="2c." HEIGHT="42" WIDTH="65" VPOS="1172" HPOS="571"/>
<SP HEIGHT="43" WIDTH="27" VPOS="1171" HPOS="637"/>
<String CONTENT="Feb." HEIGHT="44" WIDTH="105" VPOS="1171" HPOS="665"/>
<SP HEIGHT="43" WIDTH="25" VPOS="1171" HPOS="771"/>
<String CONTENT="20," HEIGHT="52" WIDTH="66" VPOS="1171" HPOS="797"/>
<SP HEIGHT="51" WIDTH="30" VPOS="1172" HPOS="864"/>
<String CONTENT="1926;" HEIGHT="52" WIDTH="129" VPOS="1171" HPOS="895"/>
<SP HEIGHT="38" WIDTH="30" VPOS="1185" HPOS="1025"/>
<String CONTENT="aff." HEIGHT="43" WIDTH="78" VPOS="1171" HPOS="1056"/>
<SP HEIGHT="44" WIDTH="30" VPOS="1170" HPOS="1135"/>
<String CONTENT="Feb." HEIGHT="45" WIDTH="107" VPOS="1170" HPOS="1166"/>
<SP HEIGHT="41" WIDTH="29" VPOS="1173" HPOS="1274"/>
<String CONTENT="16;" HEIGHT="52" WIDTH="74" VPOS="1171" HPOS="1304"/>
<SP HEIGHT="52" WIDTH="29" VPOS="1171" HPOS="1379"/>
<!-- cceid FBFC9FEC-6E1A-1014-9B7B-CA07F191E62B --><String CONTENT="A" HEIGHT="43" WIDTH="45" VPOS="1171" HPOS="1409"/>
<SP HEIGHT="44" WIDTH="28" VPOS="1171" HPOS="1455"/>
<String CONTENT="883412;" HEIGHT="52" WIDTH="187" VPOS="1172" HPOS="1484"/>
<SP HEIGHT="51" WIDTH="29" VPOS="1173" HPOS="1672"/>
<String CONTENT="Z." HEIGHT="42" WIDTH="47" VPOS="1173" HPOS="1702"/>
<SP HEIGHT="46" WIDTH="30" VPOS="1170" HPOS="1750"/>
<String CONTENT="Chafee," HEIGHT="54" WIDTH="185" VPOS="1170" HPOS="1781"/>
<SP HEIGHT="53" WIDTH="25" VPOS="1172" HPOS="1967"/>
<String CONTENT="jr.," HEIGHT="53" WIDTH="74" VPOS="1172" HPOS="1993"/>
</TextLine>
<TextLine HEIGHT="57" WIDTH="771" VPOS="1224" HPOS="155">
<String CONTENT="Cambridge," HEIGHT="54" WIDTH="287" VPOS="1226" HPOS="155"/>
<SP HEIGHT="52" WIDTH="33" VPOS="1228" HPOS="443"/>
<String CONTENT="Mass." HEIGHT="43" WIDTH="139" VPOS="1228" HPOS="477"/>
<SP HEIGHT="53" WIDTH="67" VPOS="1228" HPOS="617"/>
<String CONTENT="(26-5457)" HEIGHT="57" WIDTH="241" VPOS="1224" HPOS="685"/>
</TextLine>
<TextLine HEIGHT="75" WIDTH="1630" VPOS="1324" HPOS="86" STYLEREFS="StyleId-7D9775B8-C46C-4C36-904A-FAA18E3B2405-">
<String CONTENT="Cheshire," HEIGHT="73" WIDTH="311" VPOS="1325" HPOS="86"/>
<SP HEIGHT="72" WIDTH="37" VPOS="1326" HPOS="398"/>
<String CONTENT="Conn." HEIGHT="57" WIDTH="188" VPOS="1326" HPOS="436"/>
<SP HEIGHT="57" WIDTH="72" VPOS="1326" HPOS="625"/>
<String CONTENT="First" HEIGHT="58" WIDTH="175" VPOS="1325" HPOS="698"/>
<SP HEIGHT="58" WIDTH="35" VPOS="1325" HPOS="874"/>
<String CONTENT="Congregational" HEIGHT="75" WIDTH="527" VPOS="1324" HPOS="910"/>
<SP HEIGHT="57" WIDTH="30" VPOS="1325" HPOS="1438"/>
<String CONTENT="church." HEIGHT="59" WIDTH="247" VPOS="1325" HPOS="1469"/>
</TextLine>
<TextLine HEIGHT="151" WIDTH="1956" VPOS="1415" HPOS="84" STYLEREFS="StyleId-E554E694-1ADD-4628-9DDF-3C87DABD8E76-" CS="1">
<String CONTENT="Exercises" HEIGHT="58" WIDTH="329" VPOS="1416" HPOS="161"/>
<SP HEIGHT="38" WIDTH="37" VPOS="1436" HPOS="491"/>
<String CONTENT="commemorative" HEIGHT="59" WIDTH="537" VPOS="1415" HPOS="529"/>
<SP HEIGHT="38" WIDTH="38" VPOS="1436" HPOS="1067"/>
<String CONTENT="of" HEIGHT="58" WIDTH="69" VPOS="1416" HPOS="1106"/>
<SP HEIGHT="57" WIDTH="32" VPOS="1416" HPOS="1176"/>
<String CONTENT="the" HEIGHT="57" WIDTH="102" VPOS="1416" HPOS="1209"/>
<SP HEIGHT="55" WIDTH="36" VPOS="1418" HPOS="1312"/>
<String CONTENT="two-hundredth" HEIGHT="58" WIDTH="506" VPOS="1416" HPOS="1349"/>
<SP HEIGHT="58" WIDTH="35" VPOS="1417" HPOS="1856"/>
<String CONTENT="anniversary" HEIGHT="149" WIDTH="1956" VPOS="1417" HPOS="84"/>
</TextLine>
<TextLine HEIGHT="74" WIDTH="1663" VPOS="1493" HPOS="400" STYLEREFS="StyleId-E554E694-1ADD-4628-9DDF-3C87DABD8E76-">
<String CONTENT="of" HEIGHT="58" WIDTH="67" VPOS="1494" HPOS="400"/>
<SP HEIGHT="58" WIDTH="49" VPOS="1494" HPOS="468"/>
<String CONTENT="the" HEIGHT="58" WIDTH="101" VPOS="1494" HPOS="518"/>
<SP HEIGHT="58" WIDTH="49" VPOS="1494" HPOS="620"/>
<String CONTENT="founding" HEIGHT="73" WIDTH="311" VPOS="1493" HPOS="670"/>
<SP HEIGHT="53" WIDTH="48" VPOS="1513" HPOS="982"/>
<String CONTENT="of" HEIGHT="58" WIDTH="69" VPOS="1493" HPOS="1031"/>
<SP HEIGHT="58" WIDTH="47" VPOS="1493" HPOS="1101"/>
<String CONTENT="the" HEIGHT="58" WIDTH="104" VPOS="1493" HPOS="1149"/>
<SP HEIGHT="57" WIDTH="50" VPOS="1494" HPOS="1254"/>
<String CONTENT="First" HEIGHT="58" WIDTH="177" VPOS="1494" HPOS="1305"/>
<SP HEIGHT="60" WIDTH="54" VPOS="1493" HPOS="1483"/>
<String CONTENT="Congregational" HEIGHT="74" WIDTH="525" VPOS="1493" HPOS="1538"/>
</TextLine>
<TextLine HEIGHT="75" WIDTH="1976" VPOS="1570" HPOS="86" STYLEREFS="StyleId-E554E694-1ADD-4628-9DDF-3C87DABD8E76-">
<String CONTENT="church" HEIGHT="59" WIDTH="228" VPOS="1571" HPOS="86"/>
<SP HEIGHT="57" WIDTH="36" VPOS="1571" HPOS="315"/>
<String CONTENT="in" HEIGHT="57" WIDTH="65" VPOS="1571" HPOS="352"/>
<SP HEIGHT="60" WIDTH="45" VPOS="1570" HPOS="418"/>
<String CONTENT="Cheshire," HEIGHT="74" WIDTH="313" VPOS="1570" HPOS="464"/>
<SP HEIGHT="74" WIDTH="46" VPOS="1570" HPOS="778"/>
<String CONTENT="Connecticut," HEIGHT="75" WIDTH="420" VPOS="1570" HPOS="825"/>
<SP HEIGHT="71" WIDTH="43" VPOS="1574" HPOS="1246"/>
<String CONTENT="1724-1924." HEIGHT="57" WIDTH="354" VPOS="1572" HPOS="1290"/>
<SP HEIGHT="57" WIDTH="80" VPOS="1572" HPOS="1645"/>
<String CONTENT="Hartford," HEIGHT="69" WIDTH="336" VPOS="1571" HPOS="1726"/>
</TextLine>
<TextLine HEIGHT="73" WIDTH="735" VPOS="1648" HPOS="85" STYLEREFS="StyleId-E554E694-1ADD-4628-9DDF-3C87DABD8E76-">
<String CONTENT="The" HEIGHT="57" WIDTH="128" VPOS="1650" HPOS="85"/>
<SP HEIGHT="59" WIDTH="27" VPOS="1648" HPOS="214"/>
<String CONTENT="Committee," HEIGHT="73" WIDTH="384" VPOS="1648" HPOS="242"/>
<SP HEIGHT="70" WIDTH="26" VPOS="1651" HPOS="627"/>
<String CONTENT="1925." HEIGHT="56" WIDTH="166" VPOS="1650" HPOS="654"/>
</TextLine>
<TextLine HEIGHT="54" WIDTH="726" VPOS="1726" HPOS="153" CS="1">
<String CONTENT="74" HEIGHT="46" WIDTH="55" VPOS="1726" HPOS="153"/>
<SP HEIGHT="53" WIDTH="19" VPOS="1727" HPOS="209"/>
<String CONTENT="p.," HEIGHT="39" WIDTH="54" VPOS="1741" HPOS="229"/>
<SP HEIGHT="51" WIDTH="24" VPOS="1728" HPOS="284"/>
<String CONTENT="1" HEIGHT="43" WIDTH="19" VPOS="1728" HPOS="309"/>
<SP HEIGHT="44" WIDTH="22" VPOS="1727" HPOS="329"/>
<String CS="1" CONTENT="l." HEIGHT="8" WIDTH="8" VPOS="1763" HPOS="371"/>
<SP HEIGHT="45" WIDTH="59" VPOS="1726" HPOS="380"/>
<String CONTENT="front.," HEIGHT="53" WIDTH="149" VPOS="1726" HPOS="440"/>
<SP/>
<String CS="1" CONTENT="pl."/>
<SP HEIGHT="45" WIDTH="56" VPOS="1728" HPOS="671"/>
<String CS="1" CONTENT="23&#189;" HEIGHT="44" WIDTH="53" VPOS="1727" HPOS="728"/>
<String STYLE="superscript" CONTENT="cm" HEIGHT="18" WIDTH="48" VPOS="1730" HPOS="817"/>
<String CONTENT="." HEIGHT="8" WIDTH="9" VPOS="1762" HPOS="870"/>
</TextLine>
<TextLine HEIGHT="57" WIDTH="1907" VPOS="1780" HPOS="156">
<String CONTENT="&#8220;Five" HEIGHT="46" WIDTH="136" VPOS="1783" HPOS="156"/>
<SP HEIGHT="46" WIDTH="25" VPOS="1783" HPOS="293"/>
<String CONTENT="hundred" HEIGHT="45" WIDTH="202" VPOS="1783" HPOS="319"/>
<SP HEIGHT="44" WIDTH="24" VPOS="1784" HPOS="522"/>
<String CONTENT="copies" HEIGHT="54" WIDTH="151" VPOS="1782" HPOS="547"/>
<SP HEIGHT="39" WIDTH="26" VPOS="1797" HPOS="699"/>
<String CONTENT="printed" HEIGHT="52" WIDTH="175" VPOS="1784" HPOS="726"/>
<SP HEIGHT="43" WIDTH="27" VPOS="1784" HPOS="902"/>
<String CONTENT="under" HEIGHT="44" WIDTH="140" VPOS="1783" HPOS="930"/>
<SP HEIGHT="43" WIDTH="24" VPOS="1784" HPOS="1071"/>
<String CONTENT="direction" HEIGHT="45" WIDTH="220" VPOS="1782" HPOS="1096"/>
<SP HEIGHT="30" WIDTH="24" VPOS="1797" HPOS="1317"/>
<String CONTENT="of" HEIGHT="45" WIDTH="54" VPOS="1782" HPOS="1342"/>
<SP HEIGHT="45" WIDTH="23" VPOS="1782" HPOS="1397"/>
<String CONTENT="the" HEIGHT="45" WIDTH="73" VPOS="1782" HPOS="1421"/>
<SP HEIGHT="45" WIDTH="25" VPOS="1782" HPOS="1495"/>
<String CONTENT="Yale" HEIGHT="44" WIDTH="116" VPOS="1782" HPOS="1521"/>
<SP HEIGHT="29" WIDTH="23" VPOS="1797" HPOS="1638"/>
<String CONTENT="university" HEIGHT="56" WIDTH="248" VPOS="1780" HPOS="1662"/>
<SP HEIGHT="39" WIDTH="25" VPOS="1798" HPOS="1911"/>
<String CONTENT="press" HEIGHT="39" WIDTH="126" VPOS="1798" HPOS="1937"/>
</TextLine>
<TextLine HEIGHT="53" WIDTH="505" VPOS="1837" HPOS="83">
<String CONTENT="in" HEIGHT="43" WIDTH="44" VPOS="1842" HPOS="83"/>
<SP HEIGHT="43" WIDTH="21" VPOS="1841" HPOS="128"/>
<String CONTENT="December," HEIGHT="50" WIDTH="265" VPOS="1840" HPOS="150"/>
<SP HEIGHT="48" WIDTH="26" VPOS="1842" HPOS="416"/>
<String CONTENT="1925.&#8221;" HEIGHT="47" WIDTH="145" VPOS="1837" HPOS="443"/>
</TextLine>
<TextLine HEIGHT="56" WIDTH="1749" VPOS="1892" HPOS="81" CS="1">
<String CONTENT="&#169;" HEIGHT="54" WIDTH="53" VPOS="1894" HPOS="81"/>
<SP HEIGHT="54" WIDTH="27" VPOS="1894" HPOS="135"/>
<String CONTENT="Feb." HEIGHT="44" WIDTH="106" VPOS="1895" HPOS="163"/>
<SP HEIGHT="41" WIDTH="34" VPOS="1897" HPOS="270"/>
<String CONTENT="12," HEIGHT="50" WIDTH="60" VPOS="1895" HPOS="305"/>
<SP HEIGHT="48" WIDTH="36" VPOS="1897" HPOS="366"/>
<String CONTENT="1926;" HEIGHT="51" WIDTH="128" VPOS="1895" HPOS="403"/>
<SP HEIGHT="51" WIDTH="28" VPOS="1895" HPOS="532"/>
<String CONTENT="2c." HEIGHT="43" WIDTH="66" VPOS="1895" HPOS="561"/>
<SP HEIGHT="44" WIDTH="30" VPOS="1894" HPOS="628"/>
<String CONTENT="Feb." HEIGHT="45" WIDTH="105" VPOS="1894" HPOS="659"/>
<SP HEIGHT="43" WIDTH="30" VPOS="1895" HPOS="765"/>
<String CONTENT="20;" HEIGHT="51" WIDTH="79" VPOS="1894" HPOS="796"/>
<SP HEIGHT="36" WIDTH="31" VPOS="1909" HPOS="876"/>
<String CONTENT="aff." HEIGHT="42" WIDTH="78" VPOS="1895" HPOS="908"/>
<SP HEIGHT="44" WIDTH="31" VPOS="1893" HPOS="987"/>
<String CONTENT="Feb." HEIGHT="45" WIDTH="106" VPOS="1893" HPOS="1019"/>
<SP HEIGHT="42" WIDTH="37" VPOS="1896" HPOS="1126"/>
<String CONTENT="18;" HEIGHT="51" WIDTH="73" VPOS="1895" HPOS="1164"/>
<SP HEIGHT="52" WIDTH="33" VPOS="1894" HPOS="1238"/>
<!-- cceid FBFD26FF-6E1A-1014-9B7B-CA07F191E62B --><String CONTENT="A" HEIGHT="43" WIDTH="45" VPOS="1894" HPOS="1272"/>
<SP HEIGHT="43" WIDTH="28" VPOS="1894" HPOS="1318"/>
<String CONTENT="879721;" HEIGHT="55" WIDTH="190" VPOS="1892" HPOS="1347"/>
<SP HEIGHT="54" WIDTH="34" VPOS="1893" HPOS="1538"/>
<String CONTENT="George" HEIGHT="54" WIDTH="175" VPOS="1893" HPOS="1573"/>
<SP HEIGHT="46" WIDTH="32" VPOS="1893" HPOS="1749"/>
<String CONTENT="C." HEIGHT="46" WIDTH="48" VPOS="1893" HPOS="1782"/>
</TextLine>
<TextLine HEIGHT="112" WIDTH="1894" VPOS="1893" HPOS="150" CS="1">
<String CONTENT="F." HEIGHT="44" WIDTH="50" VPOS="1894" HPOS="1865"/>
<SP HEIGHT="44" WIDTH="32" VPOS="1896" HPOS="1916"/>
<String CONTENT="Williams," HEIGHT="112" WIDTH="1894" VPOS="1893" HPOS="150"/>
<SP HEIGHT="53" WIDTH="40" VPOS="1952" HPOS="292"/>
<String CONTENT="Hartford," HEIGHT="50" WIDTH="240" VPOS="1951" HPOS="333"/>
<SP HEIGHT="52" WIDTH="41" VPOS="1949" HPOS="574"/>
<String CONTENT="Conn." HEIGHT="46" WIDTH="139" VPOS="1949" HPOS="616"/>
<SP HEIGHT="53" WIDTH="67" VPOS="1951" HPOS="756"/>
<String CONTENT="(26-5498)" HEIGHT="56" WIDTH="242" VPOS="1948" HPOS="824"/>
</TextLine>
<TextLine HEIGHT="72" WIDTH="758" VPOS="2049" HPOS="83" STYLEREFS="StyleId-7D9775B8-C46C-4C36-904A-FAA18E3B2405-">
<String CONTENT="Chester," HEIGHT="71" WIDTH="272" VPOS="2050" HPOS="83"/>
<SP HEIGHT="71" WIDTH="36" VPOS="2050" HPOS="356"/>
<String CONTENT="Alden," HEIGHT="72" WIDTH="219" VPOS="2049" HPOS="393"/>
<SP HEIGHT="69" WIDTH="38" VPOS="2052" HPOS="613"/>
<String CONTENT="1848-" HEIGHT="57" WIDTH="189" VPOS="2050" HPOS="652"/>
</TextLine>
<TextLine HEIGHT="74" WIDTH="1904" VPOS="2139" HPOS="163" STYLEREFS="StyleId-E554E694-1ADD-4628-9DDF-3C87DABD8E76-">
<String CONTENT="Courts" HEIGHT="61" WIDTH="226" VPOS="2141" HPOS="163"/>
<SP HEIGHT="40" WIDTH="26" VPOS="2162" HPOS="390"/>
<String CONTENT="and" HEIGHT="61" WIDTH="123" VPOS="2141" HPOS="417"/>
<SP HEIGHT="59" WIDTH="22" VPOS="2141" HPOS="541"/>
<String CONTENT="lawyers" HEIGHT="68" WIDTH="266" VPOS="2145" HPOS="564"/>
<SP HEIGHT="42" WIDTH="25" VPOS="2158" HPOS="831"/>
<String CONTENT="of" HEIGHT="57" WIDTH="69" VPOS="2143" HPOS="857"/>
<SP HEIGHT="58" WIDTH="22" VPOS="2141" HPOS="927"/>
<String CONTENT="New" HEIGHT="57" WIDTH="150" VPOS="2141" HPOS="950"/>
<SP HEIGHT="57" WIDTH="23" VPOS="2141" HPOS="1101"/>
<String CONTENT="York;" HEIGHT="73" WIDTH="203" VPOS="2140" HPOS="1125"/>
<SP HEIGHT="54" WIDTH="27" VPOS="2159" HPOS="1329"/>
<String CONTENT="a" HEIGHT="37" WIDTH="37" VPOS="2159" HPOS="1357"/>
<SP HEIGHT="56" WIDTH="22" VPOS="2142" HPOS="1395"/>
<String CONTENT="history," HEIGHT="74" WIDTH="263" VPOS="2139" HPOS="1418"/>
<SP HEIGHT="66" WIDTH="27" VPOS="2143" HPOS="1682"/>
<String CONTENT="1609-1925," HEIGHT="70" WIDTH="357" VPOS="2143" HPOS="1710"/>
</TextLine>
<TextLine HEIGHT="141" WIDTH="1963" VPOS="2216" HPOS="82" STYLEREFS="StyleId-E554E694-1ADD-4628-9DDF-3C87DABD8E76-" CS="1">
<String CONTENT="by" HEIGHT="71" WIDTH="83" VPOS="2222" HPOS="82"/>
<SP HEIGHT="72" WIDTH="23" VPOS="2221" HPOS="166"/>
<String CONTENT="Alden" HEIGHT="58" WIDTH="204" VPOS="2220" HPOS="190"/>
<SP HEIGHT="59" WIDTH="30" VPOS="2219" HPOS="395"/>
<String CONTENT="Chester" HEIGHT="59" WIDTH="258" VPOS="2219" HPOS="426"/>
<SP HEIGHT="37" WIDTH="30" VPOS="2239" HPOS="685"/>
<String CS="1" CONTENT="&#8230;"/>
<SP HEIGHT="60" WIDTH="30" VPOS="2216" HPOS="779"/>
<String CONTENT="in" HEIGHT="60" WIDTH="65" VPOS="2216" HPOS="810"/>
<SP HEIGHT="38" WIDTH="26" VPOS="2239" HPOS="876"/>
<String CONTENT="collaboration" HEIGHT="60" WIDTH="448" VPOS="2217" HPOS="903"/>
<SP HEIGHT="38" WIDTH="23" VPOS="2238" HPOS="1352"/>
<String CONTENT="with" HEIGHT="59" WIDTH="152" VPOS="2217" HPOS="1376"/>
<SP HEIGHT="57" WIDTH="25" VPOS="2219" HPOS="1529"/>
<String CONTENT="E." HEIGHT="58" WIDTH="74" VPOS="2219" HPOS="1555"/>
<SP HEIGHT="57" WIDTH="23" VPOS="2220" HPOS="1630"/>
<String CONTENT="Melvin" HEIGHT="58" WIDTH="236" VPOS="2219" HPOS="1654"/>
<SP HEIGHT="57" WIDTH="24" VPOS="2220" HPOS="1891"/>
<String CONTENT="Williams" HEIGHT="138" WIDTH="1963" VPOS="2219" HPOS="82"/>
<SP HEIGHT="38" WIDTH="50" VPOS="2318" HPOS="265"/>
<String CS="1" CONTENT="&#8230;"/>
</TextLine>
<TextLine HEIGHT="153" WIDTH="1959" VPOS="2294" HPOS="82" STYLEREFS="StyleId-E554E694-1ADD-4628-9DDF-3C87DABD8E76-" CS="1">
<String CONTENT="New" HEIGHT="58" WIDTH="151" VPOS="2297" HPOS="468"/>
<SP HEIGHT="59" WIDTH="39" VPOS="2296" HPOS="620"/>
<String CONTENT="York" HEIGHT="58" WIDTH="173" VPOS="2295" HPOS="660"/>
<SP HEIGHT="59" WIDTH="46" VPOS="2295" HPOS="834"/>
<String CONTENT="and" HEIGHT="59" WIDTH="124" VPOS="2296" HPOS="881"/>
<SP HEIGHT="60" WIDTH="45" VPOS="2295" HPOS="1006"/>
<String CONTENT="Chicago," HEIGHT="74" WIDTH="290" VPOS="2294" HPOS="1052"/>
<SP HEIGHT="70" WIDTH="45" VPOS="2297" HPOS="1343"/>
<String CONTENT="The" HEIGHT="59" WIDTH="128" VPOS="2296" HPOS="1389"/>
<SP HEIGHT="59" WIDTH="45" VPOS="2296" HPOS="1518"/>
<String CONTENT="American" HEIGHT="61" WIDTH="335" VPOS="2294" HPOS="1564"/>
<SP HEIGHT="56" WIDTH="42" VPOS="2299" HPOS="1900"/>
<String CONTENT="historical" HEIGHT="137" WIDTH="1959" VPOS="2298" HPOS="82"/>
<SP HEIGHT="57" WIDTH="31" VPOS="2377" HPOS="305"/>
<String CONTENT="society," HEIGHT="74" WIDTH="251" VPOS="2373" HPOS="337"/>
<SP HEIGHT="73" WIDTH="28" VPOS="2374" HPOS="589"/>
<String CONTENT="inc.," HEIGHT="71" WIDTH="136" VPOS="2374" HPOS="618"/>
<SP HEIGHT="71" WIDTH="33" VPOS="2374" HPOS="755"/>
<String CONTENT="1925." HEIGHT="59" WIDTH="166" VPOS="2372" HPOS="789"/>
</TextLine>
<TextLine HEIGHT="53" WIDTH="887" VPOS="2450" HPOS="150" CS="1">
<String CONTENT="3" HEIGHT="42" WIDTH="25" VPOS="2455" HPOS="150"/>
<SP HEIGHT="42" WIDTH="25" VPOS="2455" HPOS="176"/>
<String CONTENT="V." HEIGHT="29" WIDTH="42" VPOS="2470" HPOS="202"/>
<SP HEIGHT="48" WIDTH="56" VPOS="2451" HPOS="245"/>
<String CONTENT="fronts.," HEIGHT="49" WIDTH="174" VPOS="2451" HPOS="302"/>
<SP HEIGHT="39" WIDTH="26" VPOS="2464" HPOS="477"/>
<String CONTENT="plates," HEIGHT="53" WIDTH="157" VPOS="2450" HPOS="504"/>
<SP HEIGHT="38" WIDTH="24" VPOS="2465" HPOS="662"/>
<String CONTENT="ports." HEIGHT="44" WIDTH="141" VPOS="2459" HPOS="687"/>
<SP HEIGHT="45" WIDTH="55" VPOS="2450" HPOS="829"/>
<String CS="1" CONTENT="23&#189;" HEIGHT="45" WIDTH="55" VPOS="2450" HPOS="885"/>
<String STYLE="superscript" CONTENT="cm" HEIGHT="19" WIDTH="48" VPOS="2453" HPOS="973"/>
<String CONTENT="." HEIGHT="9" WIDTH="10" VPOS="2486" HPOS="1027"/>
</TextLine>
<TextLine HEIGHT="56" WIDTH="515" VPOS="2505" HPOS="153">
<String CONTENT="Paged" HEIGHT="50" WIDTH="155" VPOS="2511" HPOS="153"/>
<SP HEIGHT="44" WIDTH="23" VPOS="2511" HPOS="309"/>
<String CONTENT="continuously." HEIGHT="54" WIDTH="335" VPOS="2505" HPOS="333"/>
</TextLine>
<TextLine HEIGHT="57" WIDTH="1986" VPOS="2559" HPOS="79">
<String CONTENT="&#169;" HEIGHT="54" WIDTH="52" VPOS="2562" HPOS="79"/>
<SP HEIGHT="54" WIDTH="27" VPOS="2562" HPOS="132"/>
<String CONTENT="Mar." HEIGHT="43" WIDTH="118" VPOS="2564" HPOS="160"/>
<SP HEIGHT="43" WIDTH="27" VPOS="2564" HPOS="279"/>
<String CONTENT="3," HEIGHT="50" WIDTH="36" VPOS="2564" HPOS="307"/>
<SP HEIGHT="50" WIDTH="33" VPOS="2564" HPOS="344"/>
<String CONTENT="1926" HEIGHT="43" WIDTH="104" VPOS="2562" HPOS="378"/>
<SP HEIGHT="51" WIDTH="13" VPOS="2562" HPOS="483"/>
<String CONTENT=";" HEIGHT="37" WIDTH="9" VPOS="2576" HPOS="497"/>
<SP HEIGHT="51" WIDTH="29" VPOS="2562" HPOS="507"/>
<String CONTENT="2c." HEIGHT="43" WIDTH="62" VPOS="2562" HPOS="537"/>
<SP HEIGHT="28" WIDTH="27" VPOS="2577" HPOS="600"/>
<String CONTENT="each" HEIGHT="45" WIDTH="108" VPOS="2560" HPOS="628"/>
<SP HEIGHT="43" WIDTH="23" VPOS="2560" HPOS="737"/>
<String CONTENT="and" HEIGHT="44" WIDTH="90" VPOS="2560" HPOS="761"/>
<SP HEIGHT="44" WIDTH="24" VPOS="2560" HPOS="852"/>
<String CONTENT="aff." HEIGHT="43" WIDTH="79" VPOS="2560" HPOS="877"/>
<SP HEIGHT="43" WIDTH="29" VPOS="2560" HPOS="957"/>
<String CONTENT="Mar." HEIGHT="43" WIDTH="118" VPOS="2560" HPOS="987"/>
<SP HEIGHT="43" WIDTH="28" VPOS="2560" HPOS="1106"/>
<String CONTENT="4;" HEIGHT="52" WIDTH="50" VPOS="2560" HPOS="1135"/>
<SP HEIGHT="52" WIDTH="31" VPOS="2560" HPOS="1186"/>
<!-- cceid FBFDB198-6E1A-1014-9B7B-CA07F191E62B --><String CONTENT="A" HEIGHT="43" WIDTH="45" VPOS="2560" HPOS="1218"/>
<SP HEIGHT="44" WIDTH="27" VPOS="2560" HPOS="1264"/>
<String CONTENT="883503;" HEIGHT="54" WIDTH="189" VPOS="2559" HPOS="1292"/>
<SP HEIGHT="53" WIDTH="28" VPOS="2560" HPOS="1482"/>
<String CONTENT="Amer." HEIGHT="45" WIDTH="156" VPOS="2560" HPOS="1511"/>
<SP HEIGHT="44" WIDTH="30" VPOS="2560" HPOS="1668"/>
<String CONTENT="historical" HEIGHT="45" WIDTH="232" VPOS="2560" HPOS="1699"/>
<SP HEIGHT="46" WIDTH="28" VPOS="2560" HPOS="1932"/>
<String CONTENT="soc.," HEIGHT="36" WIDTH="104" VPOS="2576" HPOS="1961"/>
</TextLine>
<TextLine HEIGHT="56" WIDTH="394" VPOS="2617" HPOS="147">
<String CONTENT="inc." HEIGHT="45" WIDTH="84" VPOS="2619" HPOS="147"/>
<SP HEIGHT="53" WIDTH="66" VPOS="2620" HPOS="232"/>
<String CONTENT="(26-5461)" HEIGHT="56" WIDTH="242" VPOS="2617" HPOS="299"/>
</TextLine>
<TextLine HEIGHT="156" WIDTH="1961" VPOS="2712" HPOS="81" STYLEREFS="StyleId-7D9775B8-C46C-4C36-904A-FAA18E3B2405-" CS="1">
<String CONTENT="Como," HEIGHT="69" WIDTH="204" VPOS="2719" HPOS="81"/>
<SP HEIGHT="72" WIDTH="46" VPOS="2716" HPOS="286"/>
<String CONTENT="Italy." HEIGHT="75" WIDTH="184" VPOS="2714" HPOS="333"/>
<SP HEIGHT="59" WIDTH="84" VPOS="2714" HPOS="518"/>
<String CONTENT="La" HEIGHT="58" WIDTH="89" VPOS="2714" HPOS="603"/>
<SP HEIGHT="58" WIDTH="46" VPOS="2714" HPOS="693"/>
<String CONTENT="Visitazione" HEIGHT="60" WIDTH="383" VPOS="2712" HPOS="740"/>
<SP HEIGHT="58" WIDTH="46" VPOS="2714" HPOS="1124"/>
<String CONTENT="di" HEIGHT="60" WIDTH="66" VPOS="2712" HPOS="1171"/>
<SP HEIGHT="59" WIDTH="46" VPOS="2712" HPOS="1238"/>
<String CONTENT="Santa" HEIGHT="58" WIDTH="201" VPOS="2713" HPOS="1285"/>
<SP HEIGHT="58" WIDTH="40" VPOS="2713" HPOS="1487"/>
<String CONTENT="Maria" HEIGHT="60" WIDTH="208" VPOS="2712" HPOS="1528"/>
<SP HEIGHT="73" WIDTH="52" VPOS="2714" HPOS="1737"/>
<String CONTENT="(Monastery)" HEIGHT="154" WIDTH="1887" VPOS="2714" HPOS="155"/>
</TextLine>
<TextLine HEIGHT="75" WIDTH="1904" VPOS="2880" HPOS="158" STYLEREFS="StyleId-E554E694-1ADD-4628-9DDF-3C87DABD8E76-">
<String LANG="en-US" CONTENT="Sister" HEIGHT="59" WIDTH="205" VPOS="2885" HPOS="158"/>
<SP HEIGHT="58" WIDTH="48" VPOS="2883" HPOS="364"/>
<String LANG="de" CONTENT="Benigna" HEIGHT="73" WIDTH="286" VPOS="2882" HPOS="413"/>
<SP HEIGHT="59" WIDTH="50" VPOS="2881" HPOS="700"/>
<String LANG="la" CONTENT="Consolata" HEIGHT="59" WIDTH="340" VPOS="2881" HPOS="751"/>
<SP HEIGHT="58" WIDTH="49" VPOS="2880" HPOS="1092"/>
<String LANG="en-US" CONTENT="Ferrero," HEIGHT="74" WIDTH="290" VPOS="2880" HPOS="1142"/>
<SP HEIGHT="54" WIDTH="52" VPOS="2900" HPOS="1433"/>
<String LANG="en-US" CONTENT="religious" HEIGHT="74" WIDTH="298" VPOS="2880" HPOS="1486"/>
<SP HEIGHT="39" WIDTH="53" VPOS="2900" HPOS="1785"/>
<String LANG="en-US" CONTENT="of" HEIGHT="58" WIDTH="71" VPOS="2881" HPOS="1839"/>
<SP HEIGHT="59" WIDTH="46" VPOS="2881" HPOS="1911"/>
<String LANG="en-US" CONTENT="the" HEIGHT="59" WIDTH="104" VPOS="2882" HPOS="1958"/>
</TextLine>
<TextLine HEIGHT="140" WIDTH="1966" VPOS="2958" HPOS="78" STYLEREFS="StyleId-E554E694-1ADD-4628-9DDF-3C87DABD8E76-" CS="1">
<String CONTENT="Visitation" HEIGHT="58" WIDTH="343" VPOS="2962" HPOS="78"/>
<SP HEIGHT="38" WIDTH="40" VPOS="2980" HPOS="422"/>
<String CONTENT="of" HEIGHT="58" WIDTH="68" VPOS="2960" HPOS="463"/>
<SP HEIGHT="59" WIDTH="37" VPOS="2959" HPOS="532"/>
<String CONTENT="Como," HEIGHT="73" WIDTH="207" VPOS="2959" HPOS="570"/>
<SP HEIGHT="72" WIDTH="40" VPOS="2960" HPOS="778"/>
<String CONTENT="Italy," HEIGHT="72" WIDTH="186" VPOS="2959" HPOS="819"/>
<SP HEIGHT="71" WIDTH="40" VPOS="2960" HPOS="1006"/>
<String CONTENT="1885-1916;" HEIGHT="70" WIDTH="371" VPOS="2959" HPOS="1047"/>
<SP HEIGHT="51" WIDTH="41" VPOS="2978" HPOS="1419"/>
<String CONTENT="or," HEIGHT="54" WIDTH="90" VPOS="2977" HPOS="1461"/>
<SP HEIGHT="71" WIDTH="43" VPOS="2960" HPOS="1552"/>
<String CONTENT="&#8220;The" HEIGHT="59" WIDTH="183" VPOS="2958" HPOS="1596"/>
<SP HEIGHT="57" WIDTH="40" VPOS="2960" HPOS="1780"/>
<String CONTENT="tendernesses" HEIGHT="138" WIDTH="1966" VPOS="2960" HPOS="78"/>
<SP HEIGHT="38" WIDTH="31" VPOS="3059" HPOS="292"/>
<String CONTENT="of" HEIGHT="59" WIDTH="68" VPOS="3038" HPOS="324"/>
</TextLine>
<TextLine HEIGHT="74" WIDTH="1643" VPOS="3035" HPOS="421" STYLEREFS="StyleId-E554E694-1ADD-4628-9DDF-3C87DABD8E76-">
<String CONTENT="the" HEIGHT="58" WIDTH="103" VPOS="3038" HPOS="421"/>
<SP HEIGHT="57" WIDTH="29" VPOS="3039" HPOS="525"/>
<String CONTENT="love" HEIGHT="56" WIDTH="135" VPOS="3039" HPOS="555"/>
<SP HEIGHT="38" WIDTH="32" VPOS="3056" HPOS="691"/>
<String CONTENT="of" HEIGHT="57" WIDTH="68" VPOS="3037" HPOS="724"/>
<SP HEIGHT="58" WIDTH="27" VPOS="3037" HPOS="793"/>
<String CONTENT="Jesus" HEIGHT="58" WIDTH="191" VPOS="3037" HPOS="821"/>
<SP HEIGHT="58" WIDTH="29" VPOS="3035" HPOS="1013"/>
<String CONTENT="for" HEIGHT="58" WIDTH="109" VPOS="3035" HPOS="1043"/>
<SP HEIGHT="39" WIDTH="28" VPOS="3054" HPOS="1153"/>
<String CONTENT="a" HEIGHT="38" WIDTH="35" VPOS="3055" HPOS="1182"/>
<SP HEIGHT="57" WIDTH="30" VPOS="3036" HPOS="1218"/>
<String CONTENT="little" HEIGHT="59" WIDTH="161" VPOS="3035" HPOS="1249"/>
<SP HEIGHT="40" WIDTH="34" VPOS="3055" HPOS="1411"/>
<String CONTENT="soul&#8221;," HEIGHT="72" WIDTH="207" VPOS="3037" HPOS="1446"/>
<SP HEIGHT="72" WIDTH="29" VPOS="3037" HPOS="1654"/>
<String CONTENT="translation" HEIGHT="58" WIDTH="380" VPOS="3036" HPOS="1684"/>
</TextLine>
<TextLine HEIGHT="77" WIDTH="1986" VPOS="3112" HPOS="79" STYLEREFS="StyleId-E554E694-1ADD-4628-9DDF-3C87DABD8E76-">
<String LANG="la" CONTENT="M." HEIGHT="58" WIDTH="83" VPOS="3116" HPOS="79"/>
<SP HEIGHT="60" WIDTH="57" VPOS="3115" HPOS="163"/>
<String CONTENT="S." HEIGHT="60" WIDTH="60" VPOS="3115" HPOS="221"/>
<SP HEIGHT="57" WIDTH="55" VPOS="3116" HPOS="282"/>
<String CONTENT="Pine" HEIGHT="57" WIDTH="155" VPOS="3115" HPOS="338"/>
<SP HEIGHT="56" WIDTH="57" VPOS="3133" HPOS="494"/>
<String CONTENT="[pseud.]" HEIGHT="74" WIDTH="249" VPOS="3115" HPOS="552"/>
<SP HEIGHT="76" WIDTH="54" VPOS="3113" HPOS="802"/>
<String CONTENT="from" HEIGHT="57" WIDTH="168" VPOS="3113" HPOS="857"/>
<SP HEIGHT="55" WIDTH="52" VPOS="3116" HPOS="1026"/>
<String CONTENT="the" HEIGHT="59" WIDTH="105" VPOS="3112" HPOS="1079"/>
<SP HEIGHT="39" WIDTH="53" VPOS="3131" HPOS="1185"/>
<String CONTENT="community" HEIGHT="73" WIDTH="381" VPOS="3112" HPOS="1239"/>
<SP HEIGHT="53" WIDTH="51" VPOS="3132" HPOS="1621"/>
<String CONTENT="circular" HEIGHT="58" WIDTH="269" VPOS="3113" HPOS="1673"/>
<SP HEIGHT="39" WIDTH="54" VPOS="3132" HPOS="1943"/>
<String CONTENT="of" HEIGHT="58" WIDTH="67" VPOS="3113" HPOS="1998"/>
</TextLine>
<TextLine HEIGHT="75" WIDTH="1982" VPOS="3190" HPOS="81" STYLEREFS="StyleId-E554E694-1ADD-4628-9DDF-3C87DABD8E76-">
<String CONTENT="Como." HEIGHT="60" WIDTH="206" VPOS="3193" HPOS="81"/>
<SP HEIGHT="59" WIDTH="82" VPOS="3192" HPOS="288"/>
<String CONTENT="Chicago," HEIGHT="73" WIDTH="286" VPOS="3192" HPOS="371"/>
<SP HEIGHT="72" WIDTH="40" VPOS="3192" HPOS="658"/>
<String CONTENT="Ill.," HEIGHT="72" WIDTH="116" VPOS="3191" HPOS="699"/>
<SP HEIGHT="72" WIDTH="37" VPOS="3191" HPOS="816"/>
<String CONTENT="John" HEIGHT="58" WIDTH="169" VPOS="3191" HPOS="854"/>
<SP HEIGHT="56" WIDTH="36" VPOS="3191" HPOS="1024"/>
<String CONTENT="P." HEIGHT="56" WIDTH="70" VPOS="3191" HPOS="1061"/>
<SP HEIGHT="57" WIDTH="39" VPOS="3190" HPOS="1132"/>
<String LANG="de" CONTENT="Daleiden" HEIGHT="58" WIDTH="304" VPOS="3190" HPOS="1172"/>
<SP HEIGHT="39" WIDTH="38" VPOS="3209" HPOS="1477"/>
<String CONTENT="company" HEIGHT="55" WIDTH="306" VPOS="3208" HPOS="1516"/>
<SP HEIGHT="55" WIDTH="38" VPOS="3209" HPOS="1823"/>
<String CONTENT="[" HEIGHT="42" WIDTH="13" VPOS="3222" HPOS="1862"/>
<String STYLE="superscript" CONTENT="c" HEIGHT="22" WIDTH="20" VPOS="3199" HPOS="1876"/>
<String CONTENT="1925]" HEIGHT="72" WIDTH="163" VPOS="3191" HPOS="1900"/>
</TextLine>
<TextLine HEIGHT="58" WIDTH="1430" VPOS="3265" HPOS="144" CS="1">
<String CONTENT="208" HEIGHT="45" WIDTH="82" VPOS="3270" HPOS="144"/>
<SP HEIGHT="52" WIDTH="24" VPOS="3271" HPOS="227"/>
<String CONTENT="p." HEIGHT="39" WIDTH="40" VPOS="3284" HPOS="252"/>
<SP HEIGHT="45" WIDTH="27" VPOS="3268" HPOS="293"/>
<String CONTENT="incl." HEIGHT="45" WIDTH="101" VPOS="3268" HPOS="321"/>
<SP HEIGHT="43" WIDTH="29" VPOS="3268" HPOS="423"/>
<String CS="1" CONTENT="front." HEIGHT="45" WIDTH="124" VPOS="3268" HPOS="453"/>
<SP HEIGHT="38" WIDTH="59" VPOS="3282" HPOS="590"/>
<String CONTENT="plates," HEIGHT="53" WIDTH="155" VPOS="3267" HPOS="650"/>
<SP HEIGHT="39" WIDTH="27" VPOS="3281" HPOS="806"/>
<String CONTENT="port.," HEIGHT="47" WIDTH="127" VPOS="3273" HPOS="834"/>
<SP HEIGHT="45" WIDTH="31" VPOS="3267" HPOS="962"/>
<String CONTENT="double" HEIGHT="44" WIDTH="165" VPOS="3266" HPOS="994"/>
<SP HEIGHT="43" WIDTH="28" VPOS="3266" HPOS="1160"/>
<String CONTENT="facsim." HEIGHT="45" WIDTH="174" VPOS="3265" HPOS="1189"/>
<SP HEIGHT="44" WIDTH="57" VPOS="3265" HPOS="1364"/>
<String CONTENT="20$" HEIGHT="49" WIDTH="81" VPOS="3265" HPOS="1422"/>
<String STYLE="superscript" CONTENT="cm" HEIGHT="18" WIDTH="47" VPOS="3269" HPOS="1510"/>
<String CONTENT="." HEIGHT="11" WIDTH="11" VPOS="3302" HPOS="1563"/>
</TextLine>
<TextLine HEIGHT="54" WIDTH="913" VPOS="3318" HPOS="147" CS="1">
<String CONTENT="&#8220;Tenth" HEIGHT="45" WIDTH="174" VPOS="3325" HPOS="147"/>
<SP HEIGHT="44" WIDTH="31" VPOS="3325" HPOS="322"/>
<String CONTENT="edition" HEIGHT="45" WIDTH="165" VPOS="3324" HPOS="354"/>
<SP HEIGHT="30" WIDTH="30" VPOS="3339" HPOS="520"/>
<String CS="1" CONTENT="&#8230;"/>
<SP HEIGHT="45" WIDTH="64" VPOS="3324" HPOS="600"/>
<String CONTENT="October," HEIGHT="48" WIDTH="213" VPOS="3324" HPOS="665"/>
<SP HEIGHT="49" WIDTH="34" VPOS="3323" HPOS="879"/>
<String CONTENT="1925.&#8221;" HEIGHT="48" WIDTH="146" VPOS="3318" HPOS="914"/>
</TextLine>
<TextLine HEIGHT="60" WIDTH="1987" VPOS="3375" HPOS="77">
<String CONTENT="&#169;" HEIGHT="55" WIDTH="53" VPOS="3380" HPOS="77"/>
<SP HEIGHT="55" WIDTH="27" VPOS="3380" HPOS="131"/>
<String CONTENT="Oct." HEIGHT="45" WIDTH="101" VPOS="3381" HPOS="159"/>
<SP HEIGHT="42" WIDTH="31" VPOS="3383" HPOS="261"/>
<String CONTENT="10," HEIGHT="51" WIDTH="60" VPOS="3381" HPOS="293"/>
<SP HEIGHT="50" WIDTH="32" VPOS="3382" HPOS="354"/>
<String CONTENT="1925;" HEIGHT="54" WIDTH="129" VPOS="3378" HPOS="387"/>
<SP HEIGHT="52" WIDTH="27" VPOS="3380" HPOS="517"/>
<String CONTENT="2c." HEIGHT="43" WIDTH="63" VPOS="3380" HPOS="545"/>
<SP HEIGHT="52" WIDTH="26" VPOS="3380" HPOS="609"/>
<String CONTENT="Jan." HEIGHT="52" WIDTH="98" VPOS="3380" HPOS="636"/>
<SP HEIGHT="43" WIDTH="28" VPOS="3379" HPOS="735"/>
<String CONTENT="9," HEIGHT="51" WIDTH="40" VPOS="3379" HPOS="764"/>
<SP HEIGHT="50" WIDTH="28" VPOS="3380" HPOS="805"/>
<String CONTENT="1926;" HEIGHT="53" WIDTH="129" VPOS="3377" HPOS="834"/>
<SP HEIGHT="37" WIDTH="29" VPOS="3393" HPOS="964"/>
<String CONTENT="aff." HEIGHT="43" WIDTH="78" VPOS="3378" HPOS="994"/>
<SP HEIGHT="44" WIDTH="30" VPOS="3376" HPOS="1073"/>
<String CONTENT="Feb." HEIGHT="46" WIDTH="108" VPOS="3376" HPOS="1104"/>
<SP HEIGHT="46" WIDTH="28" VPOS="3375" HPOS="1213"/>
<String CONTENT="5;" HEIGHT="54" WIDTH="48" VPOS="3375" HPOS="1242"/>
<SP HEIGHT="52" WIDTH="29" VPOS="3377" HPOS="1291"/>
<!-- cceid FBFE38C3-6E1A-1014-9B7B-CA07F191E62B --><String CONTENT="A" HEIGHT="43" WIDTH="45" VPOS="3377" HPOS="1321"/>
<SP HEIGHT="44" WIDTH="26" VPOS="3377" HPOS="1367"/>
<String CONTENT="883351;" HEIGHT="54" WIDTH="190" VPOS="3375" HPOS="1394"/>
<SP HEIGHT="53" WIDTH="26" VPOS="3378" HPOS="1585"/>
<String CONTENT="John" HEIGHT="54" WIDTH="119" VPOS="3377" HPOS="1612"/>
<SP HEIGHT="42" WIDTH="27" VPOS="3379" HPOS="1732"/>
<String CONTENT="P." HEIGHT="42" WIDTH="50" VPOS="3379" HPOS="1760"/>
<SP HEIGHT="43" WIDTH="31" VPOS="3378" HPOS="1811"/>
<String LANG="de" CONTENT="Daleiden" HEIGHT="45" WIDTH="221" VPOS="3376" HPOS="1843"/>
</TextLine>
<TextLine HEIGHT="57" WIDTH="377" VPOS="3435" HPOS="145">
<String CONTENT="co." HEIGHT="29" WIDTH="67" VPOS="3453" HPOS="145"/>
<SP HEIGHT="54" WIDTH="66" VPOS="3438" HPOS="213"/>
<String CONTENT="(26-5378)" HEIGHT="57" WIDTH="242" VPOS="3435" HPOS="280"/>
</TextLine>
<TextLine HEIGHT="73" WIDTH="1118" VPOS="3515" HPOS="80" STYLEREFS="StyleId-7D9775B8-C46C-4C36-904A-FAA18E3B2405-">
<String CONTENT="Continental" HEIGHT="59" WIDTH="397" VPOS="3520" HPOS="80"/>
<SP HEIGHT="57" WIDTH="33" VPOS="3520" HPOS="478"/>
<String CONTENT="motors" HEIGHT="54" WIDTH="232" VPOS="3522" HPOS="512"/>
<SP HEIGHT="42" WIDTH="37" VPOS="3533" HPOS="745"/>
<String CONTENT="corporation." HEIGHT="73" WIDTH="415" VPOS="3515" HPOS="783"/>
</TextLine>
<TextLine HEIGHT="78" WIDTH="1904" VPOS="3605" HPOS="153" STYLEREFS="StyleId-E554E694-1ADD-4628-9DDF-3C87DABD8E76-">
<String CONTENT="Bus" HEIGHT="59" WIDTH="131" VPOS="3611" HPOS="153"/>
<SP HEIGHT="55" WIDTH="25" VPOS="3628" HPOS="285"/>
<String CONTENT="power;" HEIGHT="55" WIDTH="240" VPOS="3628" HPOS="311"/>
<SP HEIGHT="52" WIDTH="28" VPOS="3628" HPOS="552"/>
<String CONTENT="an" HEIGHT="39" WIDTH="79" VPOS="3627" HPOS="581"/>
<SP HEIGHT="39" WIDTH="25" VPOS="3627" HPOS="661"/>
<String CONTENT="analysis" HEIGHT="72" WIDTH="278" VPOS="3607" HPOS="687"/>
<SP HEIGHT="39" WIDTH="26" VPOS="3626" HPOS="966"/>
<String CONTENT="of" HEIGHT="59" WIDTH="68" VPOS="3606" HPOS="993"/>
<SP HEIGHT="58" WIDTH="22" VPOS="3606" HPOS="1062"/>
<String CONTENT="the" HEIGHT="58" WIDTH="105" VPOS="3606" HPOS="1085"/>
<SP HEIGHT="39" WIDTH="23" VPOS="3625" HPOS="1191"/>
<String CONTENT="main" HEIGHT="57" WIDTH="171" VPOS="3606" HPOS="1215"/>
<SP HEIGHT="57" WIDTH="24" VPOS="3606" HPOS="1387"/>
<String CONTENT="factors" HEIGHT="59" WIDTH="239" VPOS="3606" HPOS="1412"/>
<SP HEIGHT="58" WIDTH="24" VPOS="3607" HPOS="1652"/>
<String CONTENT="involved" HEIGHT="59" WIDTH="290" VPOS="3606" HPOS="1677"/>
<SP HEIGHT="60" WIDTH="25" VPOS="3605" HPOS="1968"/>
<String CONTENT="in" HEIGHT="58" WIDTH="63" VPOS="3605" HPOS="1994"/>
</TextLine>
<TextLine HEIGHT="80" WIDTH="1980" VPOS="3683" HPOS="79" STYLEREFS="StyleId-E554E694-1ADD-4628-9DDF-3C87DABD8E76-">
<String CONTENT="gasoline" HEIGHT="74" WIDTH="277" VPOS="3689" HPOS="79"/>
<SP HEIGHT="54" WIDTH="42" VPOS="3706" HPOS="357"/>
<String CONTENT="power" HEIGHT="55" WIDTH="211" VPOS="3705" HPOS="400"/>
<SP HEIGHT="56" WIDTH="43" VPOS="3686" HPOS="612"/>
<String CONTENT="for" HEIGHT="57" WIDTH="105" VPOS="3686" HPOS="656"/>
<SP HEIGHT="38" WIDTH="39" VPOS="3704" HPOS="762"/>
<String CONTENT="motor" HEIGHT="54" WIDTH="205" VPOS="3689" HPOS="802"/>
<SP HEIGHT="58" WIDTH="40" VPOS="3684" HPOS="1008"/>
<String CONTENT="buses," HEIGHT="73" WIDTH="205" VPOS="3684" HPOS="1049"/>
<SP HEIGHT="74" WIDTH="42" VPOS="3683" HPOS="1255"/>
<String CONTENT="illustrated" HEIGHT="60" WIDTH="359" VPOS="3683" HPOS="1298"/>
<SP HEIGHT="59" WIDTH="41" VPOS="3684" HPOS="1658"/>
<String CONTENT="by" HEIGHT="73" WIDTH="85" VPOS="3684" HPOS="1700"/>
<SP HEIGHT="53" WIDTH="41" VPOS="3704" HPOS="1786"/>
<String CONTENT="charts," HEIGHT="73" WIDTH="231" VPOS="3684" HPOS="1828"/>
</TextLine>
<TextLine HEIGHT="154" WIDTH="1960" VPOS="3762" HPOS="77" STYLEREFS="StyleId-E554E694-1ADD-4628-9DDF-3C87DABD8E76-" CS="1">
<String CONTENT="views" HEIGHT="59" WIDTH="188" VPOS="3766" HPOS="78"/>
<SP HEIGHT="38" WIDTH="44" VPOS="3786" HPOS="267"/>
<String CONTENT="of" HEIGHT="58" WIDTH="68" VPOS="3766" HPOS="312"/>
<SP HEIGHT="57" WIDTH="37" VPOS="3766" HPOS="381"/>
<String CONTENT="motor" HEIGHT="56" WIDTH="206" VPOS="3766" HPOS="419"/>
<SP HEIGHT="57" WIDTH="41" VPOS="3764" HPOS="626"/>
<String CONTENT="details," HEIGHT="72" WIDTH="244" VPOS="3762" HPOS="668"/>
<SP HEIGHT="72" WIDTH="42" VPOS="3762" HPOS="913"/>
<String CONTENT="factory" HEIGHT="71" WIDTH="254" VPOS="3762" HPOS="956"/>
<SP HEIGHT="54" WIDTH="38" VPOS="3779" HPOS="1211"/>
<String CONTENT="processes" HEIGHT="54" WIDTH="327" VPOS="3779" HPOS="1250"/>
<SP HEIGHT="39" WIDTH="43" VPOS="3781" HPOS="1578"/>
<String CONTENT="and" HEIGHT="59" WIDTH="123" VPOS="3762" HPOS="1622"/>
<SP HEIGHT="59" WIDTH="41" VPOS="3762" HPOS="1746"/>
<String CONTENT="cost" HEIGHT="56" WIDTH="135" VPOS="3764" HPOS="1788"/>
<SP HEIGHT="56" WIDTH="41" VPOS="3764" HPOS="1924"/>
<String CONTENT="accounting" HEIGHT="135" WIDTH="1960" VPOS="3781" HPOS="77"/>
</TextLine>
<TextLine HEIGHT="159" WIDTH="1962" VPOS="3836" HPOS="76" STYLEREFS="StyleId-E554E694-1ADD-4628-9DDF-3C87DABD8E76-" CS="1">
<String CONTENT="forms." HEIGHT="57" WIDTH="218" VPOS="3843" HPOS="402"/>
<SP HEIGHT="59" WIDTH="69" VPOS="3840" HPOS="621"/>
<String CONTENT="Detroit," HEIGHT="73" WIDTH="266" VPOS="3839" HPOS="691"/>
<SP HEIGHT="73" WIDTH="32" VPOS="3839" HPOS="958"/>
<String CONTENT="Mich.," HEIGHT="74" WIDTH="206" VPOS="3838" HPOS="991"/>
<SP HEIGHT="76" WIDTH="33" VPOS="3836" HPOS="1198"/>
<String CONTENT="Continental" HEIGHT="61" WIDTH="400" VPOS="3836" HPOS="1232"/>
<SP HEIGHT="57" WIDTH="26" VPOS="3839" HPOS="1633"/>
<String CONTENT="motors" HEIGHT="56" WIDTH="239" VPOS="3842" HPOS="1660"/>
<SP HEIGHT="40" WIDTH="31" VPOS="3858" HPOS="1900"/>
<String CONTENT="corporation" HEIGHT="138" WIDTH="1962" VPOS="3857" HPOS="76"/>
<SP HEIGHT="55" WIDTH="28" VPOS="3940" HPOS="367"/>
<String CS="1" CONTENT="[c1925]" HEIGHT="74" WIDTH="200" VPOS="3921" HPOS="396"/>
</TextLine>
</TextBlock>
</PrintSpace>
</Page>
</Layout>
</alto>