2542 4285
1286 4033 148 55 1346

346 481 310 57 lustrated
695 480 85 72 by
818 481 68 58 P.
929 480 66 58 L.
1042 478 255 59 Martin.
1377 479 258 71 Boston,
1677 478 95 59 W.
1817 479 75 56 A.
1934 477 206 59 Wilde
347 496 1965 135 company
548 588 11 43 [
560 565 20 22 c
584 559 164 71 1926]

418 637 76 44 311
530 651 39 35 p.
631 635 135 45 front.
830 635 50 46 19
886 639 47 17 cm
939 672 8 8 .

350 688 53 54 ©
436 688 119 53 Sept.
590 689 60 47 15,
687 690 128 51 1926;
847 690 64 42 2c.
942 691 87 41 and
1060 689 78 43 aff.
1170 689 118 43 Nov.
1319 689 77 51 22;
1430 689 44 42 A
1505 686 188 49 957191;
1726 690 75 42 W.
1833 689 56 42 A.
1924 688 152 44 Wilde
2106 704 65 27 co.

429 746 268 55 (26-21297)

355 819 171 67 Bate,
566 818 233 58 Robert
838 818 275 58 Shelton.

429 896 59 56 A
514 896 188 57 Latin
730 915 335 53 grammar,
1099 895 219 71 simple
1352 896 122 56 and
1505 895 318 71 complete,
1855 896 316 70 arranged
2196 895 147 56 with

352 974 228 57 middle
621 974 187 57 index
847 974 121 56 and
1009 994 34 36 a
1086 974 290 70 synopsis
1415 971 338 74 providing
1793 993 36 36 a
1868 972 120 57 full
2029 991 316 52 summary

354 1052 67 56 of
449 1051 103 58 the
583 1071 318 53 grammar
931 1052 104 56 for
1065 1071 110 37 use
1202 1050 66 57 in
1295 1051 102 57 the
1430 1050 345 57 correction
1803 1051 68 56 of
1897 1048 253 58 written
2178 1049 167 57 work

355 1126 1970 152 and for revision, by R. S. Bate, M. A. London [etc.] Hachette,
603 1208 164 56 1926.

426 1282 902 55 iii, 14, 14, [2], 14, 15 p., 1 l. 21 cm .
353 1338 1993 56 © 1c. Sept. 7, 1926; A ad int. 8504; pubd. July 14; Frank Lister, Bromley,
422 1399 220 53 England.
713 1398 268 54 (26-21018)

358 1470 360 69 Benedicks,
761 1470 146 58 Carl
941 1470 162 58 Axel
1137 1469 284 69 Fredrik,
1461 1472 186 57 1875-

428 1549 525 74 Metallographic
995 1550 380 71 researches,
1420 1550 195 59 based
1657 1570 77 38 on
1780 1569 37 38 a
1861 1567 217 40 course
2123 1548 67 59 of
352 1548 1971 139 lectures

574 1627 317 59 delivered
939 1628 67 57 in
1055 1629 105 57 the
1205 1625 236 61 United
1493 1627 211 59 States
1754 1627 66 56 in
1869 1627 148 56 1925
2065 1627 84 69 by
2202 1625 144 59 Carl

351 1700 1995 76 Benedicks … 1st ed. New York [etc.] McGraw-Hill book
353 1801 322 56 company,
706 1782 136 62 inc..
875 1784 165 60 1926.

422 1863 63 47 xi,
513 1861 80 47 307
622 1877 41 36 p.
720 1862 132 48 illus.,
879 1861 171 50 diagrs.
1107 1862 53 44 23½
1196 1864 47 18 cm
1250 1896 8 8 .
1372 1860 125 49 $4.00

425 1918 368 51 “Bibliographic
821 1918 283 45 references”
1132 1928 45 35 at
1204 1919 86 43 end
1319 1919 52 42 of
1396 1918 108 45 each
1531 1916 197 50 chapter.

356 1958 1994 67 © Nov. 11, 1 926; 2c. and aff. Nov. 17; A 950968; McGraw-Hill book co.,
424 2031 81 43 inc.
574 2028 270 55 (26-20997)

361 2101 149 56 Best
560 2101 336 58 American
953 2101 244 71 stories,
1254 2102 357 70 1919-1924,
1664 2100 152 57 with
1869 2119 39 38 a
1959 2099 256 72 preface
2269 2099 79 72 by

429 2178 1897 153 Blanche Colton Williams … Garden City, N. Y., Doubleday,
702 2259 171 73 Page
903 2258 48 58 &
981 2276 322 55 company;
1336 2259 165 56 1926.

426 2338 280 45 2 v. 19 cm .
357 2391 53 53 ©
440 2393 100 43 Oct.
568 2392 68 51 22,
669 2392 104 43 1926;
828 2392 65 42 2c.
925 2392 108 42 each
1062 2392 87 42 and
1179 2391 78 43 aff.
1289 2391 118 42 Nov.
1438 2390 77 51 22;
1548 2390 44 42 A
1623 2388 188 54 958072;
1846 2389 281 54 Doubleday,
2159 2390 126 53 Page
2315 2391 38 43 &

426 2465 64 28 co.
559 2447 270 56 (26-21115)

361 2518 194 59 Bible.
635 2520 66 59 O.
743 2521 67 56 T.
893 2519 362 59 Selections.
1339 2518 283 75 English.

434 2598 129 61 The
600 2597 178 61 Bible
819 2601 178 71 story
1035 2601 104 57 for
1179 2599 239 60 Jewish
1454 2618 212 55 young
1705 2598 185 72 folks,
1927 2599 422 59 introduction

356 2675 1997 77 by Solomon B. Freehof … New York, The University
358 2755 970 75 society, incorporated [ c 1926]
427 2833 1617 53 3 p. l., v-vi, [2], 312, xvi p. col. front., illus., col. pl. 24 cm .
432 2891 123 45 “The
581 2892 132 45 Bible
736 2899 99 38 text
860 2891 112 45 used
998 2890 44 45 in
1068 2891 89 45 this
1183 2892 182 44 volume
1391 2892 38 44 is
1456 2892 131 44 taken
1617 2892 123 43 from
1765 2892 75 45 the
1867 2891 246 46 American
2139 2895 215 43 standard

356 2948 170 46 edition
553 2950 53 44 of
633 2949 75 44 the
736 2947 175 46 revised
944 2947 169 45 Bible.”

428 3004 157 47 “Bible
614 3005 161 45 stories
805 3006 74 43 for
908 3004 115 45 little
1053 3003 149 46 folks”:
1260 3018 41 36 p.
1335 3003 119 44 1-34.

357 3057 55 54 ©
445 3058 120 52 Sept.
595 3058 66 52 20,
695 3057 106 44 1926;
854 3058 64 43 2c.
951 3058 100 43 Oct.
1083 3057 54 43 26;
1192 3058 78 42 aff.
1304 3058 101 43 Oct.
1435 3058 55 43 30;
1546 3058 44 42 A
1619 3056 163 46 950845;
1842 3059 265 54 University
2138 3075 101 37 soc.,
2272 3060 82 44 inc.

436 3116 269 54 (26-20994)

360 3173 179 74 Bing,
585 3174 163 58 Just.

361 3253 1973 136 … Litteraturens indre udvikling i det nittende aarhundrede.
647 3330 1639 76 [Kj ø benhavn] Gyldendal, Nordisk forlag, 1926.
430 3407 1927 56 4 p. l., 237 p. illus. (incl. ports.) 25 cm . (Added t.-p.: Det nittende
357 3466 313 43 aarhundrede
706 3465 188 44 skildret
927 3465 50 43 af
1007 3466 213 43 nordiske
1252 3465 432 54 videnskabsmænd,
1720 3467 224 53 redigeret
1977 3467 50 44 af
2060 3469 128 52 Aage
2224 3468 133 45 Friis.

0 0 0 0 XXVII)
429 3581 65 42 At
526 3580 113 43 head
672 3579 52 45 of
758 3579 124 44 title:
920 3581 104 51 Just
1060 3580 129 53 Bing.

359 3635 1998 59 © Oct. 20, 1926; 1c. Nov. 15; A—Foreign 32181; Gyldendalske boghandel,
433 3694 204 44 Nordisk
669 3694 165 53 forlag.

361 3751 373 72 Blanchard,
773 3752 168 74 Amy
979 3753 158 71 Ella,
1178 3756 358 57 1856-1926.

435 3831 166 60 June
625 3831 278 73 Duncan,
928 3852 37 38 a
990 3838 195 68 story,
1209 3835 84 73 by
1313 3835 167 74 Amy
1504 3835 74 58 E.
1600 3836 376 74 Blanchard,
2000 3836 359 61 illustrated

359 3910 82 72 by
473 3910 159 60 Avis
668 3908 275 59 Tulloch.
1027 3911 257 72 Boston,
1321 3913 98 57 W.
1455 3913 76 57 A.
1568 3912 207 60 Wilde
1810 3934 305 54 company
2154 3945 13 43 [
2167 3923 20 21 c
2191 3917 147 55 1926]
