2542 4285
1097 3968 109 56 881

141 339 305 72 Lanslots,
484 339 138 57 Don
655 336 389 73 Ildephonse,
1081 337 190 65 1859-

219 429 127 57 The
371 426 319 73 primitive
719 424 258 72 church;
1006 444 88 54 or,
1123 424 127 57 The
1277 423 228 58 church
1531 423 64 57 in
1620 423 102 58 the
1750 423 155 71 days
1934 423 65 57 of
2026 423 102 58 the

142 500 1987 77 apostles, by D. I. Lanslots, O. S. B., with a preface by the
142 578 1986 75 Rt. Rev. F. C. Kelley … St. Louis, Mo. and London, B.
141 661 247 57 Herder
417 659 159 59 book
606 677 106 55 co.,
745 659 166 58 1926.

279 735 352 55 x, 295 p. 19½c m .
145 794 53 53 ©
227 795 105 52 July
361 795 66 49 21,
461 794 127 50 1926;
620 793 63 43 2c.
715 793 106 52 July
849 791 77 53 24;
959 792 79 42 aff.
1070 791 105 52 July
1204 791 77 50 23;
1315 791 42 41 A
1388 789 190 51 897549;
1614 790 49 42 B.
1696 790 181 43 Herder
1909 789 122 44 book
2061 804 65 29 co.

225 851 267 54 (26-14016)

142 950 178 72 Laut,
353 949 210 73 Agnes
600 947 336 69 Christina,
972 950 189 56 1871-

223 1039 128 57 The
376 1039 215 57 blazed
617 1038 149 58 trail
794 1037 65 59 of
886 1037 103 58 the
1018 1037 103 57 old
1147 1036 290 73 frontier,
1463 1036 186 73 being
1676 1037 102 57 the
1805 1038 102 71 log
1938 1038 65 56 of
2030 1038 102 58 the

145 1116 221 72 Upper
397 1116 300 57 Missouri
729 1114 326 59 historical
1089 1114 356 72 expedition
1479 1115 197 57 under
1709 1115 101 56 the
1849 1116 285 70 auspices

147 1195 66 56 of
248 1195 102 57 the
386 1212 341 55 governors
764 1193 47 57 &
842 1193 328 57 historical
1206 1192 412 58 associations
1656 1192 65 59 of
1760 1193 374 72 Minnesota,

145 1273 204 56 North
374 1273 123 56 and
524 1272 199 58 South
745 1271 250 57 Dakota
1018 1271 125 56 and
1166 1270 301 57 Montana
1495 1270 102 57 for
1625 1272 164 70 1925,
1816 1271 82 72 by
1921 1271 213 72 Agnes

141 1349 61 59 C.
227 1351 180 71 Laut,
427 1349 150 57 with
597 1368 189 52 many
805 1349 420 56 illustrations
1248 1349 167 55 from
1437 1347 315 73 drawings
1773 1349 82 71 by
1877 1347 260 59 Charles

146 1428 82 56 M.
273 1427 265 57 Russell.
638 1427 149 56 New
828 1427 192 71 York,
1064 1428 71 55 R.
1182 1426 81 56 M.
1311 1425 295 57 McBride
1651 1427 120 56 and
1816 1445 320 53 company,

147 1509 163 55 1926.

251 1584 43 51 xii,
317 1582 79 44 271
422 1597 39 39 p.
489 1582 98 43 incl.
615 1581 150 53 front.,
791 1581 115 44 illus.
966 1582 158 51 plates,
1150 1589 152 44 ports.,
1327 1596 126 37 maps
1480 1583 46 50 (1
1558 1581 132 52 fold.)
1722 1581 194 44 facsims.
1977 1582 120 43 25cm.

147 1641 53 52 ©
226 1641 107 52 July
358 1644 37 46 8,
428 1640 128 51 1926;
583 1640 63 42 2c.
675 1640 105 51 July
811 1638 72 52 15;
914 1640 77 41 aff.
1020 1638 107 52 July
1158 1639 73 50 12;
1261 1639 42 40 A
1333 1638 187 51 897479;
1554 1640 170 41 Robert
1754 1640 64 40 M.
1850 1639 220 43 McBride
2098 1641 37 41 &

216 1714 64 28 co.
350 1695 267 56 (26-14027)

145 1795 291 73 Lazarus,
468 1795 260 58 Arthur.

226 1884 1908 72 Department store organization … v. 1. Organization
151 1964 66 56 of
246 1963 164 57 chief
441 1962 315 57 executive
787 1963 123 55 and
936 1961 430 57 merchandise
1397 1961 301 57 function.
1767 1962 100 72 By
1894 1963 247 56 Arthur

149 2039 1987 73 Lazarus … 1st ed. New York, Dry goods economist
153 2149 12 43 [
168 2126 18 22 c
190 2120 163 70 1926]

218 2195 58 50 ix,
317 2195 77 42 194
429 2208 40 37 p.
529 2193 181 52 diagrs.,
746 2193 156 44 forms.
967 2193 51 43 21
1029 2195 46 18 cm
1082 2228 8 8 .

149 2250 54 53 ©
229 2251 106 53 July
365 2251 62 52 10,
458 2251 125 51 1926;
612 2251 63 42 2c.
702 2251 107 52 July
830 2251 80 52 23;
939 2251 78 43 aff.
1045 2250 106 53 July
1177 2250 78 53 27;
1285 2251 44 42 A
1357 2249 187 54 901265;
1575 2250 183 45 Textile
1783 2253 100 52 pub.
1912 2267 79 37 co.,
2022 2253 117 46 New

219 2309 142 43 York.
430 2306 268 55 (26-14165)

149 2406 245 72 League
422 2406 68 57 of
514 2405 335 58 American
874 2423 121 56 pen
1019 2422 239 42 women
1284 2407 67 57 of
1378 2407 153 58 New
1557 2407 188 58 York.

227 2497 361 73 Anthology
652 2498 67 56 of
780 2499 260 57 modern
1103 2500 244 71 poetry,
1410 2500 82 71 by
1552 2501 307 57 members
1923 2501 67 57 of
2035 2502 103 57 the

150 2576 248 72 League
450 2577 67 56 of
563 2576 336 58 American
945 2596 123 52 pen
1113 2595 237 40 women
1400 2578 65 57 of
1514 2577 150 58 New
1710 2578 189 58 York.
1990 2578 150 59 New

149 2653 187 73 York,
367 2654 491 73 Hogan-Paulus
892 2654 401 73 corporation
1327 2685 13 44 [
1341 2663 19 21 c
1364 2657 164 71 1926]

223 2732 516 54 144 p. 25½ × 22½ cm .
152 2786 52 54 ©
230 2789 105 52 July
358 2789 65 51 20,
455 2789 128 51 1926;
611 2789 63 43 2c.
702 2789 86 43 and
815 2789 78 43 aff.
920 2790 105 51 July
1051 2789 77 52 22;
1158 2791 42 41 A
1228 2790 189 51 901231;
1448 2790 363 52 Hogan-Paulus
1840 2789 299 55 corporation.

230 2845 269 54 (26-14148)

149 2944 353 72 Loughran,
543 2945 168 58 John
750 2945 67 58 T.

232 3033 333 71 Summary
599 3036 337 56 statement
966 3035 67 58 of
1065 3036 103 57 the
1202 3036 151 57 New
1383 3037 173 57 York
1585 3038 118 56 law
1736 3038 64 58 of
1836 3038 308 72 evidence,

153 3110 80 71 by
254 3111 167 57 John
444 3112 68 56 T.
535 3112 367 72 Loughran;
928 3115 313 70 prepared
1265 3114 104 57 for
1392 3134 109 38 use
1526 3115 65 57 in
1615 3117 359 56 connection
1995 3117 148 57 with

154 3187 102 59 the
293 3189 151 56 New
476 3190 171 56 York
680 3192 117 56 bar
830 3191 422 58 examination
1288 3193 228 57 review
1552 3212 216 38 course
1806 3195 338 57 conducted

154 3268 80 69 by
256 3268 168 57 John
448 3269 67 55 T.
542 3268 356 73 Loughran,
922 3269 169 58 John
1114 3270 74 56 A.
1217 3267 212 76 Blake,
1453 3271 247 59 Walter
1721 3272 69 56 B.
1817 3273 325 72 Kennedy.

157 3346 167 71 [New
352 3345 187 74 York]
573 3354 18 23 c
594 3348 165 57 1926.

222 3424 269 50 cover-title,
513 3424 53 43 29
591 3439 37 37 p.
688 3425 52 43 23
749 3428 46 18 cm
803 3460 8 9 .

156 3479 1988 58 © June 3, 1926; 2c. June 10; aff. June 8; A 891719; J. T. Loughran, New
226 3539 140 43 York.
437 3538 267 54 (26-14029)

154 3636 396 73 [McAllister,
589 3637 254 77 Alister]
885 3643 189 57 1877-

235 3728 254 59 Colonel
525 3728 223 60 Gore’s
787 3733 225 56 second
1047 3752 161 52 case,
1240 3733 83 72 by
1356 3733 182 71 Lynn
1569 3733 204 57 Brock
1818 3732 327 75 (Anthony

157 3805 1988 79 Wharton) [pseuds.] … London [etc.] W. Collins sons &
156 3903 109 54 co.,
299 3885 108 58 ltd.
448 3887 179 72 [1926]
