2542 4285
1051 3958 108 55 765

168 426 54 42 62
248 439 40 37 p.
346 424 148 43 24½cm.

172 481 175 51 “James
380 479 198 44 Gibbons
604 480 241 50 Huneker;
875 495 26 27 a
929 478 313 53 bibliography
1270 479 59 51 by
1355 478 167 53 Joseph
1552 479 216 48 Lawren”
1786 494 9 29 :
1827 494 38 37 p.
1899 479 178 53 [41]-62.

103 535 52 53 ©
188 537 110 50 Apr.
334 534 65 53 25,
438 535 126 51 1926;
600 536 62 42 2c.
699 537 85 42 and
819 536 78 42 aff.
932 536 118 51 Aug.
1089 536 74 51 19;
1201 536 43 41 A
1280 534 187 53 901529;
1507 536 50 42 B.
1593 537 69 40 De
1700 534 226 53 Casseres,
1963 537 115 42 New

171 593 140 43 York.
380 590 239 55 (26-6385)

96 689 393 73 Dieseldorff,
534 690 50 57 E
896 690 67 57 P.

103 779 1977 151 Kunst und religion der Mayavölker im alten und heutigen Mittelamerika, von E. P. Dieseldorff … mit 239
105 937 415 71 abbildungen
578 935 86 56 im
722 938 135 55 text
914 936 128 57 und
1103 936 111 57 auf
1275 936 71 56 53
1405 936 219 58 tafeln.
1722 934 234 76 Berlin,
2017 937 62 58 J.

104 1013 321 73 Springer,
464 1014 163 57 1926.

169 1094 27 41 2
224 1107 39 38 p.
310 1127 22 16 l.,
362 1090 52 45 45
446 1108 54 36 p.,
533 1092 18 42 1
601 1126 7 7 l.
669 1092 129 50 illus.,
831 1089 51 46 53
911 1091 58 52 pl.
1028 1089 52 46 25½
1118 1095 46 17 cm
1169 1126 9 8 .

168 1148 283 52 Descriptive
479 1148 258 50 letterpress
766 1163 56 28 on
851 1161 155 30 versos
1035 1148 151 52 facing
1214 1147 74 45 the
1316 1147 155 53 plates.

168 1204 406 45 “Sonderabdruck
606 1219 78 28 aus
720 1203 262 44 Zeitschrift
1018 1203 78 43 für
1127 1203 268 53 ethnologie.
1460 1201 117 47 1925.
1637 1204 118 45 Heft
1792 1201 118 49 1/2.”

99 1256 1687 114 © Mar. 1, 1926; 1c. May 4; A —Foreign 30965; Julius Springer. (26-13329)
96 1400 82 57 Di
216 1400 224 67 Stasio,
484 1398 300 59 Marcian.

176 1490 399 73 Supremacy,
607 1487 381 73 prosperity,
1023 1508 263 52 success,
1314 1491 84 69 by
1428 1488 282 59 Marcian
1742 1492 80 56 Di
1855 1490 228 58 Stasio.

97 1567 258 70 Boston,
401 1567 152 56 New
592 1566 190 73 York,
831 1564 387 74 Supremacy
1260 1565 363 75 publishing
1665 1587 87 38 co.
1806 1597 12 43 [
1821 1576 18 23 c
1843 1568 164 72 1926]

167 1643 25 42 3
222 1656 41 37 p.
314 1676 22 13 l.,
369 1641 133 45 5-101
534 1656 40 38 p.
635 1641 117 43 illus.
812 1642 55 45 20
872 1646 47 18 cm
924 1676 10 9 .

102 1697 53 53 ©
180 1699 107 51 July
311 1699 36 48 3,
379 1698 127 52 1926;
535 1699 63 42 2c.
625 1699 86 42 and
738 1699 78 42 aff.
844 1699 105 52 July
977 1699 48 51 6;
1056 1700 43 41 A
1128 1698 187 52 901056;
1348 1700 64 43 M.
1443 1700 59 42 Di
1534 1699 161 52 Stasio,
1727 1702 184 49 Revere,
1944 1702 139 42 Mass.

181 1754 267 55 (26-13372)

102 1840 400 71 Drummond,
541 1838 193 59 Alvin
770 1839 75 58 A.

176 1932 107 55 Dr.
327 1931 449 57 Drummond’s
819 1931 512 70 da-fun-mental;
1378 1952 34 36 a
1456 1933 262 56 treatiee
1767 1935 49 70 [!]
1863 1953 75 37 on
1985 1934 103 56 the

104 2028 222 38 reason
368 2009 123 57 and
533 2027 181 38 cause
759 2009 66 55 of
869 2008 250 58 entities
1161 2009 64 55 in
1271 2010 270 71 general,
1589 2010 120 57 and
1755 2010 334 72 especially

102 2086 102 57 the
254 2086 371 57 foundation
677 2088 174 55 stone
902 2086 68 57 of
1017 2090 407 68 government
1475 2088 120 56 and
1647 2087 310 73 theology,
2007 2089 78 69 by

104 2163 187 56 Alvin
323 2164 74 55 A.
433 2163 404 72 Drummond,
914 2210 10 10 D.
1002 2211 9 9 D.
1083 2210 9 9 S.
1168 2163 417 73 Huntington,
1621 2164 92 56 W.
1750 2164 136 65 Va.,
1923 2166 162 55 1926.

170 2240 1008 52 X, 200 p., 1 l. incl. port., diagrs. 20 cm .
104 2294 1963 112 © June 10, 1926; 2c. and aff. June 11; A 891727; A. A. Drummond, Huntington, W. Va. (26-13677)
100 2438 99 56 Du
236 2437 237 68 Hamel,
515 2438 251 58 Samuel
802 2438 42 58 S
1160 2439 90 58 ed.

180 2527 242 62 Illinois
477 2529 208 58 school
734 2530 150 58 laws
938 2547 69 42 as
1060 2531 199 59 found
1310 2532 64 56 in
1425 2531 104 58 the
1583 2533 316 70 statutory
104 2551 1961 127 provisions,
387 2608 103 57 the
517 2605 305 62 decisions
850 2609 68 57 of
941 2608 106 59 the
1075 2607 303 71 Supreme
1405 2612 176 55 court
1609 2611 121 56 and
1755 2607 335 73 Appellate

105 2687 228 69 courts,
360 2686 101 58 the
490 2682 284 74 opinions
803 2686 68 58 of
894 2686 103 57 the
1025 2686 292 71 attorney
1342 2687 272 71 general,
1638 2688 83 70 by
1749 2685 247 60 Samuel
2029 2685 60 59 S.

104 2761 1961 151 Du Hamel … Springfield, Ill. [Illinois state journal company, printers] 1926.
177 2917 82 44 712
285 2932 42 35 p.
356 2918 100 44 incl.
486 2915 156 47 tables.
702 2917 53 43 23
763 2919 47 18 cm
817 2953 7 7 .

107 2969 1984 54 © July 7, 1926; 2c. and aff. July 9; A 897367; S. S. Du Hamel, Springfield,
176 3027 68 44 Ill.
315 3027 266 54 (26-13496)

114 3113 321 71 Edwards,
478 3113 352 68 Frederick,
875 3115 186 56 1863-

187 3202 269 59 Sonnets
500 3203 65 57 of
605 3204 187 57 north
834 3205 123 56 and
1000 3204 182 57 south
1227 3205 110 72 [by]
1383 3202 339 59 Frederick
1762 3204 322 58 Edwards.

106 3280 1020 74 Boston, B. G. Badger [ c 1926]
175 3359 642 52 6 p. l ., 11-140 p. 20 cm
109 3412 52 54 ©
199 3416 114 50 June
350 3415 39 49 9,
430 3414 126 51 1926;
595 3415 62 41 2c.
696 3415 113 50 June
850 3415 72 50 18;
964 3415 77 42 aff.
1080 3416 114 50 June
1236 3414 72 47 16;
1351 3415 42 42 A
1433 3415 187 51 891848;
1660 3414 49 44 F.
1749 3415 236 51 Edwards,
2027 3413 63 47 St.

178 3471 153 51 Johns,
372 3470 191 44 Canada.
633 3470 269 55 (26-13566)

105 3554 265 67 Estrich,
416 3553 206 59 Willis
665 3554 236 73 Albert,
946 3559 188 56 1880-

110 3645 1959 307 The law of instalment sales of goods, including conditional sales with statutes and forms. By Willis A. Estrich … Rochester, N. Y., The Lawyers co-operative publishiug company, 1926.
