2542 4285
1066 3968 110 56 475

215 437 150 44 “First
393 437 210 52 printing,
634 440 118 43 Mar.
788 440 60 48 10,
882 438 128 48 1926;
1042 441 165 42 second
1237 437 215 53 printing,
1483 440 118 44 Mar.
1635 441 60 49 16,
1729 440 144 44 1926.”

138 490 52 53 ©
221 493 116 41 Mar.
373 493 61 49 13,
468 492 102 42 1926;
624 492 64 43 2c.
719 492 110 51 Apr.
856 493 51 41 21;
966 493 78 42 aff.
1076 493 112 51 May
1219 494 17 41 1;
1297 493 44 42 A
1370 493 163 43 890602;
1592 493 239 52 Macaulay
1860 508 65 28 co.

216 547 240 55 (26-9827)

144 630 241 69 Cowan,
422 629 183 59 Sada.

219 721 1898 76 Pomp, and other plays, by Sada Cowan … New York,
137 798 381 60 Brentano’s
549 828 13 43 [
563 806 20 23 c
586 800 163 72 1926]

208 874 547 55 5 p. l., 3-211 p. 20 cm .
540 933 66 43 CONTENTS.—As
637 933 21 42 I
688 934 247 43 remember
961 933 213 53 you.—In
1202 934 73 44 the
1301 934 358 52 morgue.—The
1685 934 89 43 ball
1802 935 88 42 and
1919 934 197 44 chain.—

140 988 417 53 Pomp.—Sintram
599 990 50 44 of
695 989 272 52 Skagerrak.
971 989 154 44 —The
1167 989 655 45 cat.—Collaboration.—The
1866 998 114 36 state
138 991 1959 99 forbids.

135 1098 52 53 ©
217 1100 110 51 Apr.
357 1101 64 49 23,
456 1101 127 51 1926;
614 1101 65 43 2c.
708 1101 86 42 and
823 1101 79 44 aff.
932 1101 111 51 Apr.
1074 1101 77 51 29;
1184 1101 44 42 A
1259 1100 189 52 891208;
1484 1099 44 48 S.
1560 1100 180 53 Cowan,
1773 1102 118 43 New
1922 1100 141 44 York.

212 1155 241 54 (26-9704)

139 1238 179 70 Crile,
356 1240 235 72 George
628 1239 433 74 Washington,
1100 1243 188 56 1864-

215 1331 129 57 The
379 1331 245 71 bipolar
658 1331 222 76 theory
916 1330 67 59 of
1017 1331 198 72 living
1247 1350 344 53 processes,
1627 1333 82 71 by
1747 1331 238 73 George
2020 1332 96 57 W.

141 1406 196 73 Crile;
370 1409 205 57 edited
600 1410 83 70 by
710 1409 164 71 Amy
904 1409 69 56 F.
1005 1409 317 57 Rowland.
1394 1409 150 57 New
1572 1409 189 71 York,
1793 1409 129 57 The
134 1409 1961 133 Macmillan
376 1505 320 53 company,
726 1487 163 56 1926.

270 1599 8 16 xv,
303 1563 78 44 405
406 1579 39 37 p.
498 1564 127 50 illus.,
652 1565 81 43 col.
759 1565 143 51 plates
930 1565 45 51 (1
1004 1564 134 52 fold.)
1170 1565 167 51 diagrs.
1391 1566 53 41 22½
1478 1567 47 17 cm
1533 1601 8 8 .

204 1620 324 53 Bibliography:
582 1637 38 36 p.
648 1620 203 44 365-387.

131 1673 52 52 ©
211 1676 109 50 Apr.
348 1674 67 52 20,
446 1675 128 52 1926;
602 1676 65 41 2c.
695 1676 86 42 and
807 1675 80 43 aff.
912 1676 112 51 Apr.
1050 1675 51 42 21;
1159 1676 44 41 A
1230 1675 189 52 890432;
1450 1675 265 44 Macmillan
1742 1690 66 29 co.

209 1730 242 54 (26-9801)

133 1813 325 74 Dillinger,
496 1814 169 58 John
700 1814 65 57 L.

204 1902 327 74 Changing
574 1922 146 38 corn
763 1904 235 71 prices;
1045 1923 88 51 or,
1179 1903 329 57 Financial
1550 1904 313 71 problems
1909 1905 66 57 of
2017 1905 104 56 the

133 2001 146 37 corn
318 1982 126 57 belt
488 1981 110 72 [by]
641 1982 168 57 John
848 1982 67 55 L.
959 1981 326 70 Dillinger.
1372 1981 141 72 [Des
1558 1982 259 70 Moines,
1863 1981 258 58 Success

132 2059 409 71 composition
574 2060 120 57 and
728 2059 286 72 printing
1045 2079 106 51 co.,
1181 2069 19 20 c
1205 2060 163 70 1926]

203 2137 77 43 132
314 2151 38 38 p.
413 2137 142 51 diagr.
615 2137 52 42 24
675 2139 47 17 cm
729 2173 7 7 .

130 2191 52 53 ©
209 2193 111 53 Apr.
346 2194 65 50 22,
442 2194 104 43 1926;
598 2194 64 43 2c.
689 2194 86 43 and
800 2193 80 43 aff.
906 2194 112 51 Apr.
1042 2192 80 53 24;
1152 2193 44 42 A
1221 2192 190 53 891158;
1439 2193 40 52 J.
1508 2193 48 42 L.
1586 2192 239 53 Dillinger,
1854 2193 169 51 Avoca,
2080 2208 38 29 Ia.

207 2249 241 54 (26-9729)

130 2333 183 68 Ford,
353 2333 187 57 Celia.

211 2425 176 59 First
427 2426 185 57 Latin
652 2426 175 69 book,
869 2422 150 61 with
1061 2425 238 72 primer
1342 2426 66 57 of
1449 2426 242 55 Roman
1730 2424 264 73 history,
2038 2428 82 69 by

137 2500 1979 75 Celia Ford … with drawings by L. J. Bridgman and E. R.
136 2582 201 58 Stock.
421 2582 149 56 New
603 2581 188 69 York,
826 2580 78 57 H.
941 2580 153 59 Holt
1130 2579 122 56 and
1287 2597 305 55 company
1626 2610 13 42 [
1642 2588 17 21 c
1663 2581 165 70 1926]

237 2656 1295 53 x, 480, liii p. incl. illus., pl., front. (map.) 19 ½ cm .
127 2711 54 53 ©
207 2713 112 52 Apr.
351 2714 63 49 13,
447 2712 127 52 1926;
605 2713 65 44 2c.
698 2713 113 52 Apr.
838 2712 77 52 22;
947 2713 79 43 aff.
1055 2713 111 51 Apr.
1196 2713 78 50 23;
1305 2712 44 42 A
1378 2710 162 45 890455;
1650 2726 110 37 Henry
1790 2710 117 44 Holt
1936 2711 86 43 and
2051 2725 64 29 co.

205 2768 242 55 (26-9841)

128 2852 275 71 Fowkes,
444 2851 177 58 Ellen
654 2851 209 58 Maud.

204 2945 224 55 Looms
466 2943 67 56 of
570 2943 264 71 destiny,
917 2945 88 68 pt.
1045 2945 50 69 2,
1135 2942 173 71 chap.
1348 2943 88 55 26.
1523 2939 405 76 [Conclusion]

199 3022 81 50 (In
315 3022 294 41 Manchester
646 3020 108 52 City
789 3021 149 50 news)

128 3072 1989 55 © 1c. May 3, 1926; A ad int. 8105; pubd. Mar. 6; E. M. Fowkes, Seymour
199 3132 159 51 Grove,
406 3131 304 52 Manchester,
756 3129 221 54 England.

127 3214 351 73 Francisco,
518 3215 223 57 Albert
776 3215 69 56 B.

209 3302 336 70 Masonry?
595 3302 122 56 and
765 3301 177 56 other
990 3301 350 70 addresses,
1387 3301 84 70 by
1514 3298 75 56 A.
1638 3298 72 56 B.
1760 3296 355 58 Francisco,

135 3379 322 72 [Houston,
487 3380 164 66 Tex.,
680 3378 227 67 Hogan
934 3376 285 73 printing
1246 3396 104 50 co.,
1375 3385 21 21 c
1400 3376 164 71 1926]

208 3455 686 52 110 p. illus., port. 18½cm .
128 3508 52 53 ©
216 3511 119 42 Mar.
372 3511 60 50 12,
473 3510 127 50 1926;
635 3510 65 42 2c.
736 3510 87 42 and
856 3509 79 43 aff.
970 3509 110 51 Apr.
1114 3507 78 55 26;
1231 3507 44 43 A
1312 3506 187 53 890488;
1536 3507 57 42 A.
1632 3507 51 43 B.
1717 3505 255 51 Francisco,
196 3503 1896 115 Beilage,
353 3566 115 44 Tex.
537 3564 240 55 (26-9774)

130 3649 225 72 Giblin,
396 3651 211 57 James
645 3649 281 58 Vincent.

210 3729 1907 72 The World court myth, by James V. Giblin … and
129 3806 1965 154 Arthur L. Brown … Boston, Wright and Potter printing company, 1926.
