2542 4285
1299 4026 146 57 1456

385 501 1968 154 Morris Palmer Tilley … New York, The Macmillan company;
615 582 275 72 London,
922 579 357 60 Macmillan
1311 582 47 56 &
1388 599 320 54 company,
1738 577 259 75 limited,
2032 582 163 56 1926.

455 689 45 34 X,
544 673 75 43 461
667 687 40 35 p.
766 673 53 42 23½
855 674 46 17 cm
909 707 7 7 .
986 669 287 53 (Half-title:
1336 670 266 53 University
1659 672 52 44 of
1769 670 237 53 Michigan
2065 671 311 52 publications.

387 733 246 47 Language
663 733 85 41 and
777 728 245 50 literature,
1050 729 88 44 vol.
1166 730 62 47 n)

388 797 51 53 ©
475 799 114 42 Nov.
628 798 58 50 16,
723 798 128 49 1926;
885 797 63 42 2c.
983 797 117 42 Nov.
1130 795 79 52 20;
1244 797 77 42 aff.
1356 797 106 42 Dec.
1497 798 48 46 9;
1582 797 43 41 A
1658 795 187 53 958269;
1883 796 183 53 Eugene
2104 796 139 46 Stock

460 798 1895 109 McCartney,
699 855 104 41 Ann
834 855 166 41 Arbor.
1071 853 269 54 (26-23391)

390 955 255 72 Tucker,
692 956 239 70 George
976 955 149 67 Fox,
1174 956 187 56 1852-

459 1049 60 57 A
553 1048 253 57 manual
846 1045 271 73 relating
1154 1051 62 55 to
1256 1047 103 57 the
1400 1046 341 58 formation
1783 1047 122 59 and
1941 1050 437 69 management

385 1127 68 57 of
514 1124 361 60 mercantile
944 1124 122 59 and
1130 1121 513 75 manufacturing
1711 1124 451 72 corporations,
2227 1123 151 58 with

384 1207 232 67 forms;
644 1227 36 36 a
704 1201 159 61 book
888 1205 67 56 of
979 1202 496 58 Massachusetts
1499 1202 137 70 law,
1662 1203 82 70 by
1770 1201 241 73 George
2038 1203 69 55 F.
2138 1203 239 58 Tucker

452 1278 1924 74 … 3d ed., rev. St. Paul, West publishing company, 1926.
454 1362 74 48 vii,
560 1360 82 46 714
674 1375 39 35 p.
774 1360 149 44 23½cm.

382 1415 56 53 ©
470 1415 120 51 Sept.
622 1417 38 49 9,
694 1414 128 51 1926;
854 1414 63 41 2c.
949 1414 107 41 Dec.
1092 1412 72 50 10;
1197 1412 78 42 aff.
1308 1412 107 41 Dec.
1446 1412 49 50 9;
1529 1411 42 41 A
1602 1409 187 53 958310;
1822 1413 133 45 West
1985 1413 99 50 pub.
2116 1427 66 28 co.

464 1471 267 56 (26-23423)

385 1573 72 56 U.
499 1572 58 57 S.
635 1573 200 67 Laws,
873 1575 286 69 statutes,
1196 1573 109 52 etc.

386 1659 1970 152 … Supplement [1919-1926] Barnes’ federal code cumulated,
603 1738 359 71 containing
995 1738 82 55 all
1108 1737 245 56 federal
1387 1740 266 53 statutes
1688 1736 66 56 of
1787 1737 255 70 general
2077 1738 121 56 and
385 1737 1970 137 public
487 1819 223 54 nature
740 1816 256 56 enacted
1023 1815 228 71 during
1279 1815 103 55 the
1407 1833 187 51 years
1627 1816 164 70 1919,
1820 1816 164 69 1920,
2016 1815 165 70 1921,
2213 1817 163 70 1922,

387 1897 163 70 1923,
583 1896 163 69 1924,
778 1895 145 55 1925
955 1895 122 55 and
1108 1893 164 70 1926,
1302 1892 151 56 with
1481 1892 117 55 full
1629 1893 197 56 tables
1858 1892 65 56 of
1956 1895 267 54 statutes
2257 1895 122 56 and

386 1992 170 37 cross
595 1972 353 56 references
988 1990 81 37 on
1104 1971 101 56 the
1246 1989 166 37 same
1449 1970 148 70 plan
1635 1990 68 36 as
1743 1971 101 55 the
1883 1970 270 72 original
2190 1972 185 56 work.

385 2048 1973 137 Ed. by Merrill Moores … Indianapolis, The Bobbs-Merrill
519 2145 305 52 company
860 2157 11 42 [
876 2134 17 22 c
897 2128 147 55 1926]

450 2205 155 51 cxxix,
640 2204 106 43 1390
771 2218 40 37 p.
870 2203 53 44 23
931 2205 47 18 cm
984 2239 8 8 .

383 2260 51 54 ©
468 2263 105 42 Dec.
605 2262 39 50 2,
680 2261 128 51 1926;
842 2261 62 42 2c.
940 2261 106 42 Dec.
1083 2261 72 50 14;
1192 2260 78 42 aff.
1305 2261 107 41 Dec.

1446 2261 49 50 9;
1534 2260 41 42 A
1609 2259 186 52 958342;
1833 2260 357 44 Bobbs-Merrill
2225 2277 64 28 co.

383 2378 260 67 Venner,
682 2377 293 56 Norman.

461 2470 126 55 The
625 2469 137 70 Gay
796 2468 321 56 tradition.
1206 2468 389 72 [Instalment
1631 2469 48 72 2]

483 2547 52 40 (In
570 2548 143 39 Home
743 2547 108 41 chat
882 2545 268 53 magazine)

382 2601 1854 53 © 1c. Dec. 4, 1926; A ad int. 8801; pubd. Oct. 9; N. Venner, London.
380 2716 227 70 White,
654 2717 275 58 Edward
969 2717 239 73 Albert,
1255 2720 188 57 1872-

460 2808 350 71 Principles
839 2808 67 58 of
932 2808 206 58 flower
1165 2812 460 69 arrangement,
1655 2809 81 71 by
1763 2807 278 60 Edward
2067 2809 74 56 A.
2170 2808 208 59 White

451 2886 1926 73 … New York, A. T. De La Mare company, inc., 1926.
453 2962 79 46 225
563 2979 39 38 p.
663 2966 83 42 col.
780 2964 151 53 front.,
962 2963 129 51 illus.,
1126 2963 82 46 col.
1244 2963 155 54 plates.
1458 2965 150 44 21½cm.

454 3021 205 47 “Second
695 3022 178 49 edition,
914 3020 175 45 revised
1125 3022 87 43 and
1246 3020 253 55 enlarged.”

380 3078 52 53 ©
460 3080 98 43 Oct.
585 3079 67 51 28,
683 3078 127 52 1926;
838 3079 64 42 2c.
934 3079 117 42 Nov.
1078 3080 49 49 4;
1158 3078 77 43 aff.
1264 3080 109 42 Dec.
1402 3079 48 51 6;
1482 3079 44 42 A
1552 3077 187 53 957520;
1772 3079 56 44 A.
1856 3078 54 44 T.
1940 3080 71 41 De
2041 3080 63 42 La
2136 3080 130 43 Mare
2294 3093 78 38 co.,

451 3137 81 42 inc.
601 3136 270 54 (26-23198)

380 3234 268 74 Wright,
692 3235 169 57 John
902 3235 238 69 Calvin,
1183 3238 188 56 1876-

456 3327 127 58 The
642 3325 510 61 administration
1212 3329 67 57 of
1333 3329 353 58 vocational
1743 3329 327 59 education
2128 3330 66 56 of
2249 3329 123 57 less

378 3405 1992 75 than college grade, by J. C. Wright … and Charles R.
375 3484 1972 151 Allen … New York, J. Wiley & sons, inc.; London, Chapman & Hall, limited, 1926.
447 3639 1925 54 3 p. l., v-xiv, 436 p. col. front., forms (1 double) diagrs. 21 cm . $3.00
449 3696 284 50 Companion
762 3697 181 45 volume
971 3705 48 38 to
1051 3698 74 44 the
1156 3696 202 45 authors’
1391 3696 98 45 The
1522 3697 285 53 supervision
1839 3699 51 44 of
1922 3696 254 46 vocational
380 3699 1970 99 education

501 3753 50 44 of
578 3755 85 43 less
692 3754 109 43 than
826 3753 173 51 college
1026 3754 153 49 grade,
1241 3753 61 52 cf.
1331 3754 223 46 Authors’
1581 3757 113 48 pref.

448 3807 231 46 “Selected
713 3808 366 52 supplementary
1112 3809 261 51 readings”:
1410 3825 41 35 p.
1485 3811 203 45 414-423.

376 3860 55 53 ©
467 3862 116 43 Nov.
616 3862 67 52 26,
720 3862 128 52 1926;
884 3863 63 42 2c.
985 3864 107 42 Dec.
1131 3864 44 50 1;
1213 3865 78 41 aff.
1328 3864 118 43 Nov.
1481 3864 76 52 30;
1595 3864 43 42 A
1673 3862 187 53 957338;
1899 3865 38 55 J.
1977 3863 48 48 C.
2061 3865 188 52 Wright
2284 3866 86 45 and

446 3918 186 47 Charles
659 3921 51 44 R.
737 3920 148 52 Allen,
910 3920 317 54 Washington.
1296 3921 270 54 (26-23219)
