2542 4285
1333 4018 149 55 1214

475 487 538 52 4 p. l., 337 p. 19½ cm .
409 540 52 54 ©
493 542 118 51 Sept.
639 542 67 50 24,
738 541 129 52 1926;
895 542 65 43 2c.
990 541 86 43 and
1103 541 78 42 aff.
1213 541 101 43 Oct.
1343 539 77 52 22;
1453 539 44 43 A
1524 539 188 52 949692;
1743 537 279 53 Doubleday,
2053 538 124 52 Page
2206 536 38 45 &
2273 550 66 29 co.

487 598 268 55 (26-18390)

410 698 238 73 Murry,
686 699 169 57 John
888 696 366 73 Middleton,
1294 698 187 57 1889-

487 788 207 72 Jesus,
738 805 145 39 man
926 787 67 57 of
1032 787 239 72 genius,
1312 787 83 71 by
1434 786 60 59 J.
1539 786 349 58 Middleton
1929 786 241 71 Murry.
2253 784 150 58 New

409 865 172 57 York
612 866 124 56 and
765 865 276 72 London,
1074 864 256 71 Harper
1361 862 50 60 &
1439 863 307 74 brothers,
1779 864 166 56 1926.

479 942 96 53 xiii,
608 941 79 46 373
722 957 38 38 p.
820 943 56 42 22½
926 944 29 18 cm
962 976 9 9 .

410 998 53 53 ©
493 1001 98 43 Oct.
623 999 35 51 7,
690 999 128 52 1926;
849 999 64 44 2c.
945 1000 101 43 Oct.
1078 999 74 52 18;
1183 998 77 44 aff.
1291 999 100 43 Oct.
1420 998 78 52 22;
1529 997 44 43 A
1602 996 188 53 949686;
1821 997 40 53 J.
1892 997 66 43 M.
1989 996 181 52 Murry,
2198 994 200 45 London.

487 1056 269 55 (26-18479)

412 1155 240 70 Namm,
691 1154 333 74 Benjamin
1057 1156 78 57 H.

482 1246 416 75 Advertising
937 1249 104 59 the
1083 1247 186 60 retail
1310 1252 188 67 store,
1539 1250 84 71 by
1659 1245 336 74 Benjamin
2035 1247 79 57 H.
2159 1246 242 70 Namm,

407 1328 149 57 with
586 1345 36 38 a
651 1326 314 60 foreword
994 1327 83 72 by
1107 1326 246 58 Arthur
1379 1324 326 60 Brisbane.
1789 1327 78 58 2d
1899 1327 112 70 ed.,
2043 1343 126 40 rev.
2253 1324 150 58 New

408 1403 188 74 York,
629 1402 314 61 Scientific
972 1405 158 57 book
1162 1402 418 73 corporation,
1614 1404 165 56 1926.

479 1481 107 53 xvii,
617 1484 81 45 238
729 1497 39 36 p.
829 1481 134 52 illus.,
994 1481 167 47 double
1193 1481 141 51 diagr.
1394 1481 54 43 22½
1483 1484 46 18 cm
1536 1517 8 9 .

412 1535 52 54 ©
496 1538 99 43 Oct.
631 1538 63 50 19,
728 1536 129 52 1926;
889 1537 63 42 2c.
986 1537 87 42 and
1101 1535 78 44 aff.
1214 1537 101 43 Oct.
1346 1535 79 53 20;
1458 1535 44 43 A
1534 1533 187 54 950528;
1758 1533 229 48 Scientific
2017 1533 122 45 book
2167 1547 122 39 corp.

489 1594 268 54 (26-18273)

413 1693 426 73 Nattkemper,
877 1692 288 58 Leonard
1200 1692 69 59 G.

490 1784 230 58 Junior
763 1784 222 72 speech
1027 1785 188 70 book;
1262 1805 36 38 a
1338 1784 318 58 text-book
1697 1785 68 56 of
1807 1783 223 73 speech
2075 1782 331 59 education

414 1864 104 58 for
549 1863 214 72 junior
798 1865 124 56 and
956 1862 208 60 senior
1198 1863 150 73 high
1383 1864 261 71 schools,
1675 1864 84 71 by
1792 1863 290 58 Leonard
2118 1861 69 60 G.
412 1862 1967 152 Nattkemper

694 1936 1710 78 and William V. McCay … San Francisco, Calif.,
411 2020 175 58 Harr
617 2020 278 72 Wagner
928 2020 364 73 publishing
1327 2038 305 54 company
1670 2050 13 44 [
1685 2027 19 23 c
1707 2021 164 72 1926]

482 2099 89 53 168,
609 2101 52 46 [2]
700 2114 41 38 p.
802 2101 53 42 24
862 2101 45 17 cm
915 2134 8 8 .

411 2152 52 54 ©
497 2155 118 52 Sept.
651 2156 34 50 1,
718 2154 128 51 1926;
878 2155 63 42 2c.
976 2154 120 53 Sept.
1126 2155 78 51 29;
1237 2155 77 43 aff.
1349 2152 119 55 Sept.
1497 2155 79 52 28;
1610 2154 43 43 A
1684 2153 189 52 949263;
1908 2154 128 43 Harr
2065 2154 207 52 Wagner
2301 2151 104 54 pub.

480 2228 65 28 co.
614 2211 269 56 (26-18639)

414 2310 151 58 New
598 2310 174 58 York
842 2312 208 72 (State)
1141 2313 200 73 Laws,
1377 2316 285 70 statutes,
1697 2316 110 54 etc.

486 2401 436 63 Gilbert-Bliss
965 2402 144 61 civil
1147 2406 274 72 practice
1464 2408 68 57 of
1569 2407 104 58 the
1716 2409 163 56 state
1919 2407 68 58 of
2025 2404 151 59 New
2214 2404 191 73 York,

408 2478 361 77 containing
807 2482 103 58 the
956 2482 162 60 Civil
1156 2483 274 72 practice
1471 2486 118 68 act,
1629 2484 103 59 the
1777 2483 408 73 Surrogate’s
2229 2486 174 55 court

408 2562 117 69 act,
559 2559 105 59 the
697 2558 245 62 Justice
976 2561 178 58 court
1188 2566 100 54 act
1322 2561 122 58 and
1479 2562 82 58 all
1595 2562 178 58 other
1807 2561 274 73 practice
2116 2565 132 55 acts
2283 2562 119 58 and

409 2639 102 58 the
558 2639 165 58 rules
775 2639 68 58 of
888 2637 144 59 civil
1076 2637 275 74 practice
1399 2640 124 59 and
1572 2641 179 57 other
1798 2644 177 55 court
2022 2640 187 72 rules,
2256 2639 150 58 with

409 2717 426 59 amendments
864 2720 63 55 to
955 2718 104 57 the
1088 2718 162 57 close
1279 2718 67 58 of
1372 2718 104 58 the
1502 2716 397 73 Legislature
1928 2719 68 58 of
2023 2719 166 70 1926,
409 2735 1971 119 annotated

616 2792 1722 74 with notes of judicial decisions to June 1, 1926 …
410 2869 1995 76 edited by Frank B. Gilbert … Austin B. Griffin and John
410 2948 1971 137 T. Fitzpatrick … with complete indexes prepared by Alden
408 3026 1972 140 I. Rosbrook … v. 4, 5. New York, Baker, Voorhis
529 3108 47 57 &
597 3123 335 55 company;
958 3104 369 73 Northport,
1352 3106 72 56 N.
1448 3106 93 69 Y.,
1567 3106 274 59 Edward
1865 3105 359 74 Thompson
412 3126 1969 130 company;
649 3187 149 70 [etc.,
834 3186 129 72 etc.]
1002 3183 164 56 1926.

479 3263 26 42 2
537 3276 40 29 v.
636 3260 55 44 26
697 3263 46 18 cm
750 3296 7 8 .

413 3317 53 53 ©
495 3319 99 44 Oct.
620 3318 66 51 26,
717 3317 129 52 1926;
875 3317 63 43 2c.
968 3316 108 44 each
1104 3317 100 43 Oct.
1232 3316 76 51 30;
1339 3317 79 42 aff.
1448 3318 100 43 Oct.
1576 3316 77 53 27;
1682 3317 44 43 A
1752 3317 190 54 949890;
1973 3318 225 45 Matthew
2228 3319 178 45 Bender

482 3377 37 42 &
549 3391 80 37 co.,
663 3375 96 52 inc.,
794 3375 163 51 Baker,
990 3374 201 44 Voorhis
1226 3374 37 43 &
1294 3389 67 28 co.
1430 3373 269 55 (26-18271)

415 3459 338 74 Nusbaum,
790 3462 152 56 Mrs.
978 3458 239 59 Aileen.

495 3552 129 57 The
666 3571 185 40 seven
892 3551 175 59 cities
1108 3553 68 57 of
1218 3551 236 74 Cibola,
1493 3554 83 70 by
1614 3553 220 58 Aileen
1874 3554 340 77 Nusbaum,
2252 3554 147 60 with

415 3630 276 72 pictures
720 3631 82 71 by
830 3630 327 73 Margaret
1189 3628 264 61 Finnan.
1523 3631 151 58 New
1701 3632 190 74 York,
1920 3633 279 72 London,
2229 3633 69 60 G.
2332 3635 68 57 P.

415 3709 332 58 Putnam’s
787 3729 164 52 sons,
988 3710 165 56 1926.

483 3786 1267 54 xi, 167 p. incl. illus., 6 double col. plates. 21 cm .
483 3841 121 48 Title
644 3844 161 43 within
845 3843 279 45 ornamental
1167 3844 175 44 border.

413 3896 52 54 ©
495 3899 99 43 Oct.
626 3897 63 52 15,
717 3898 129 51 1926;
872 3899 66 42 2c.
968 3899 100 43 Oct.
1100 3900 74 51 18;
1203 3900 77 42 aff.
1309 3899 100 44 Oct.
1440 3900 75 52 16;
1545 3900 42 42 A
1616 3898 188 54 949575;
1835 3901 55 43 A.
1920 3901 251 52 Nusbaum,
2200 3903 202 51 Mancos,

487 3954 93 46 Col.
650 3955 270 55 (26-18641)
