2542 4285
968 4019 150 56 1069

29 426 202 70 Ficke,
271 423 245 58 Arthur
551 421 295 71 Davison,
889 424 187 56 1883-

105 514 281 59 Selected
410 531 231 53 poems,
665 511 153 58 with
843 533 36 38 a
904 510 253 75 preface
1190 528 77 40 on
1292 511 103 56 the
1421 511 224 56 nature
1673 507 67 58 of
1765 511 243 69 poetry,

27 594 79 68 by
134 591 244 57 Arthur
411 589 278 57 Davison
722 588 204 56 Ficke.
1000 587 151 57 New
1180 587 191 70 York,
1407 585 237 73 George
1679 584 81 58 H.
1795 586 215 56 Doran

27 686 303 53 company
359 696 14 42 [
374 675 19 22 c
397 666 163 72 1926]

97 755 48 43 xi
173 770 54 38 p.,
259 757 17 40 1
325 789 23 18 l.,
380 755 156 43 13-241
569 769 40 37 p.
668 756 49 40 21
729 756 46 18 cm
781 790 8 7 .

31 824 53 54 ©
117 825 118 51 Sept.
270 824 62 52 10,
365 825 128 50 1926;
524 825 64 42 2c.
622 824 119 52 Sept.
770 824 76 51 23;
879 824 78 42 aff.
992 823 119 52 Sept.
1138 822 79 52 20;
1250 823 44 42 A
1324 821 189 53 949137;
1550 821 176 54 George
1758 822 62 43 H.
1854 822 160 44 Doran

98 898 66 28 co.
233 881 269 55 (26-16414)

29 980 236 69 Fisher,
308 980 235 72 Irving,
584 983 190 56 1867-

104 1068 1911 74 Prohibition at its worst, by Irving Fisher … New
28 1149 187 71 York,
249 1148 129 58 The
407 1148 356 58 Macmillan
793 1166 320 53 company,
1146 1148 165 56 1926.

100 1237 1217 57 7 p. l., 255 p. illus. (facsims.) diagrs. 19½ cm .
101 1310 126 44 “List
259 1309 50 46 of
340 1310 199 51 authors,
573 1308 132 49 titles,
742 1310 87 43 and
863 1307 278 54 publishers”
1160 1323 8 28 :
1208 1323 38 38 p.
1281 1308 204 43 241-244.

34 1379 52 53 ©
115 1381 120 52 Sept.
260 1381 64 50 28,
356 1381 128 51 1926;
513 1381 63 41 2c.
603 1380 86 42 and
716 1380 78 42 aff.
825 1379 118 52 Sept.
970 1379 78 51 29;
1076 1379 44 42 A
1147 1376 187 54 950260;
1364 1376 266 46 Macmillan
1654 1392 65 30 co.

111 1436 268 56 (26-16581)

32 1536 310 73 Folkmar,
383 1537 234 57 Elnora
656 1534 388 70 Cuddeback,
1088 1537 189 56 1863-

111 1626 127 56 The
265 1645 218 37 cancer
509 1626 318 70 situation;
854 1625 322 57 editorials
1201 1627 124 56 and
1350 1625 291 59 editorial
1664 1629 355 69 comments,

34 1701 1964 138 by Elnora C. Folkmar … Washington, D. C., The Medical
156 1801 200 52 press,
387 1781 135 72 inc.,
556 1775 164 64 1926.

103 1859 53 44 72
178 1874 38 37 p.
281 1861 48 42 19½
365 1862 47 17 cm
418 1894 8 9 .

104 1916 325 53 Bibliography
445 1931 9 28 :
488 1930 38 38 p.
551 1915 148 44 70-71.

38 1972 52 53 ©
122 1973 121 52 Sept.
277 1972 62 52 15,
371 1974 128 51 1926;
529 1975 62 41 2c.
621 1974 86 42 and
735 1974 77 42 aff.
846 1973 120 52 Sept.
993 1971 78 53 25;
1102 1973 44 42 A
1176 1971 189 53 951381;
1400 1971 198 45 Medical
1627 1986 136 39 press,
1797 1972 82 44 inc.

115 2029 269 55 (26-16515)

35 2129 229 73 Friese,
308 2130 169 58 John
516 2129 228 73 Frank,
788 2132 189 57 1894-

181 2218 1773 76 … Exploring the manual arts, by John F. Friese …
36 2297 152 58 New
213 2297 172 56 York
413 2298 47 56 &
486 2297 276 72 London,
796 2298 129 57 The
959 2296 280 72 Century
1268 2317 87 38 co.
1390 2325 13 45 [
1405 2305 19 22 c
1428 2297 165 73 1926]

105 2372 48 43 xi
195 2387 54 38 p.,
289 2375 28 40 2
373 2407 22 17 l.,
435 2373 138 43 3-412
611 2388 41 37 p.
712 2374 53 43 20½
800 2376 46 17 cm
853 2408 8 8 .
931 2371 125 55 (The
1100 2372 207 56 Century
1346 2373 263 45 vocational
1654 2373 157 53 series,
1854 2372 68 46 ed.
1967 2374 59 53 by

39 2428 48 46 C.
116 2429 57 42 A.
206 2429 221 51 Prosser)
548 2427 123 54 $2.25

108 2483 222 45 Contains
360 2483 352 47 “References”.

40 2539 53 53 ©
124 2541 118 51 Sept.
269 2543 64 47 23,
366 2542 103 42 1926;
521 2542 65 42 2c.
613 2543 87 43 and
727 2543 78 42 aff.
836 2543 120 51 Sept.
982 2541 53 45 25;
1088 2543 44 42 A
1159 2543 166 45 949187;
1380 2542 203 55 Century
1606 2558 65 30 co.

120 2597 268 55 (26-16628)

39 2697 323 71 Garesché,
405 2698 272 58 Edward
719 2699 279 73 Francis,
1044 2703 187 57 1876-

115 2788 336 61 Sodalities
485 2790 101 59 for
618 2811 222 38 nurses;
909 2813 37 37 a
979 2792 193 61 series
1208 2795 67 57 of
1306 2792 407 61 instructions
1750 2814 78 37 on
1863 2794 164 60 their

36 2871 242 67 nature,
317 2867 165 59 their
519 2867 448 76 organization,
1008 2873 124 58 and
1170 2873 104 58 the
1310 2873 287 59 methods
1636 2874 67 57 of
36 2875 1967 144 conducting

176 2946 164 58 their
372 2945 165 60 chief
570 2945 329 60 activities.
970 2947 99 72 By
1101 2950 149 57 Rev.
1285 2949 278 60 Edward
1593 2951 70 56 F.
1699 2950 327 73 Garesché,

71 3024 1958 80 S. J . Milwaukee, Wis., The Bruce publishing company
41 3132 13 45 [
56 3111 19 21 c
78 3103 164 73 1926]

112 3178 77 45 152
225 3195 40 37 p.
329 3181 50 44 19
385 3182 47 17 cm
437 3215 9 9 .

112 3234 348 55 Bibliography:
501 3253 39 36 p.
582 3236 232 47 [149]-152.

47 3290 52 53 ©
136 3292 118 51 Sept.
293 3292 62 51 11,
392 3291 128 51 1926;
555 3292 63 42 2c.
652 3293 87 42 and
772 3292 78 43 aff.
889 3292 121 52 Sept.
1042 3291 79 54 25;
1158 3294 43 41 A
1236 3293 189 53 949180;
1464 3294 52 47 E.
1553 3293 50 45 F.
1640 3295 242 52 Garesché,
115 3297 1893 95 Milwaukee.
380 3347 267 55 (26-16605)

44 3447 179 72 Grey,
270 3447 185 71 Zane,
502 3451 187 56 1872-

123 3538 183 56 Tales
338 3537 68 57 of
435 3538 101 56 the
568 3539 277 70 angler’s
880 3540 339 70 Eldorado,
1253 3541 152 58 New
1434 3540 290 72 Zealand,
1754 3542 81 73 by
1868 3542 164 60 Zane

49 3612 180 73 Grey,
254 3614 148 60 with
431 3635 147 37 over
607 3617 109 55 100
742 3616 419 58 illustrations
1189 3616 169 59 from
1383 3618 432 73 photographs
1846 3620 186 58 taken

46 3690 81 70 by
162 3692 102 56 the
305 3691 226 57 author
567 3693 123 56 and
728 3692 169 58 from
932 3693 316 72 drawings
1286 3695 83 71 by
1407 3696 214 57 Frank
1658 3698 74 57 E.
1773 3697 259 59 Phares.

49 3768 150 57 New
223 3768 173 56 York
426 3772 122 56 and
575 3769 278 69 London,
882 3771 255 71 Harper
1168 3771 47 58 &
1241 3774 312 71 brothers,
1585 3775 164 57 1926.

117 3842 79 43 viii
222 3858 54 38 p.,
305 3844 19 41 1
371 3879 21 16 l.,
417 3844 81 43 228
520 3859 39 37 p.
623 3844 155 53 front.,
806 3846 131 52 illus.,
964 3847 157 52 plates,
1148 3855 142 45 ports.
1350 3849 54 44 27
1410 3851 47 18 cm
1463 3884 9 8 .

122 3899 112 44 Part
262 3900 54 43 of
343 3900 77 44 the
448 3899 144 53 plates
624 3902 328 53 accompanied
982 3903 57 53 by
1069 3902 149 55 guard
1250 3905 150 46 sheets
1431 3904 111 46 with
1575 3907 273 54 descriptive
1880 3908 156 46 letter-

48 3968 141 38 press.
