2542 4285
1327 3968 147 59 1538

482 448 27 38 6
534 458 43 37 p.
625 477 23 17 l.,
679 446 159 49 [3]-39,
866 448 70 46 37,
964 447 70 47 49,
1066 446 68 48 53,
1163 447 69 46 17,
1262 447 59 39 37
1347 457 44 36 p.
1453 446 170 48 plates,
1653 447 163 46 ports.,
1846 456 126 37 map,
2000 443 190 41 facsim.
2252 444 56 41 23½
2340 447 45 21 cm
2389 476 10 10 .

482 503 132 40 First
642 502 183 41 edition
851 503 256 48 published
1135 503 153 39 under
1316 502 136 40 title:
1482 503 41 37 A
1549 502 272 39 hand-book
1850 501 52 40 of
1931 501 83 40 the

2040 500 221 41 church’s
408 501 1974 97 mission
537 560 48 38 to
607 559 84 39 the
714 559 217 40 Indians.

481 614 349 49 Bibliography
847 625 9 29 :
880 625 43 37 p.
950 614 176 50 [13]-16
1148 615 53 39 at
1223 615 106 39 end.

407 665 55 53 ©
493 671 112 40 Dec.
635 671 69 48 10,
736 670 140 48 1926;
909 671 68 39 2c.
1009 671 112 39 Dec.
1154 670 81 48 14;
1270 670 82 40 aff.
1384 672 112 38 Dec.
1528 670 81 47 23;
1640 669 42 39 A
1712 670 199 47 957771;
1949 669 193 41 Church
2173 669 227 41 missions

478 727 109 47 pub.
616 737 69 30 co.
754 727 222 47 (27-586)

412 820 192 63 Clark,
638 821 158 53 Eliot
829 821 249 62 Candee,
1115 824 171 49 1883-

481 898 57 55 J.
588 899 239 53 Francis
876 899 276 65 Murphy,
1199 899 76 65 by
1326 899 160 52 Eliot
1537 898 190 54 Clark.
1820 898 140 53 New
2009 898 181 66 York,
2237 899 159 52 Priv.

412 976 193 68 print.,
637 980 151 50 1926.

486 1057 1910 51 63 p., 1 l. front. (port.) plates. 26 cm . [The American artists series]
487 1117 133 40 Each
651 1117 132 48 plate
814 1115 341 49 accompanied
1186 1116 61 47 by
1277 1115 156 48 guard
1462 1115 137 40 sheet
1630 1114 120 41 with
1779 1114 294 49 descriptive
2099 1116 299 46 letterpress.

486 1173 141 40 “Two
668 1173 222 40 hundred
932 1173 97 39 and
1070 1171 112 48 fifty
1222 1171 160 48 copies
1425 1171 52 41 of
1517 1170 100 41 this
1656 1171 126 41 book
1821 1183 62 29 on
1921 1172 164 40 Dutch
2125 1173 276 40 handmade

413 1240 149 38 paper
596 1229 243 49 privately
874 1228 196 49 printed
1106 1229 62 47 by
1206 1227 228 41 Frederic
1470 1227 249 41 Fairchild
1759 1227 279 41 Sherman.”

486 1287 376 48 Bibliography:
895 1296 45 39 p.
972 1284 71 43 62.

410 1338 53 53 ©
499 1344 112 40 Dec.
645 1342 70 48 20,
754 1342 141 48 1926;
932 1342 68 40 2c.
1037 1342 95 39 and
1170 1340 82 41 aff.
1290 1342 113 39 Dec.
1440 1340 82 47 27;
1564 1340 41 38 A
1640 1339 201 48 957804;
1883 1340 230 40 Frederic
2151 1340 249 41 Fairchild

483 1399 248 48 Sherman,
767 1400 119 39 New
921 1398 145 40 York.
1136 1397 222 48 (27-696)

411 1493 326 62 Crawford,
765 1493 259 52 Thomas
1051 1490 261 65 Dwight.

481 1571 362 54 Cumulative
874 1570 295 53 Arkansas
1204 1569 201 69 digest.
1476 1568 58 52 A
1567 1568 184 69 digest
1785 1567 64 54 of
1884 1569 78 51 all
1994 1569 98 52 the
2126 1569 277 53 decisions

408 1648 66 52 of
501 1648 95 52 the
627 1647 276 67 Supreme
932 1653 161 46 court
1123 1646 65 53 of
1216 1646 296 52 Arkansas
1541 1646 265 66 reported
1838 1646 62 50 in
1929 1647 253 51 volumes
2214 1649 98 48 160
2342 1651 60 47 to

411 1725 100 53 170
552 1724 65 53 of
655 1724 296 53 Arkansas
992 1729 224 62 reports
1258 1724 113 52 and
1413 1723 62 52 in
1516 1724 251 51 volumes
1808 1724 101 50 253
1952 1727 59 48 to
2054 1726 100 49 283
2199 1722 65 53 of
2305 1724 98 52 the

410 1801 426 55 Southwestern
866 1806 272 63 reporter.
1207 1802 91 67 By
1329 1802 65 51 T.
1425 1802 73 51 D.
1533 1799 321 56 Crawford.
1929 1799 82 55 St.
2043 1800 193 67 Louis,
2269 1801 134 68 Mo.,

408 1880 247 52 Thomas
681 1880 110 51 law
816 1879 149 52 book
988 1897 299 50 company,
1317 1881 150 50 1926.

478 1961 25 38 1
528 1971 43 37 p.
616 1990 23 17 l.,
665 1959 85 42 703
775 1971 44 37 p.
877 1959 59 41 26
938 1962 44 21 cm
987 1992 9 9 .

406 2010 57 54 ©
487 2017 112 39 Dec.
626 2016 69 47 22,
723 2016 141 47 1926;
894 2015 67 41 2c.
991 2017 97 39 and
1114 2015 83 41 aff.
1225 2017 113 39 Dec.
1368 2016 82 47 27;
1480 2016 42 39 A
1549 2015 200 48 957837;
1781 2017 53 39 T.
1865 2017 57 39 D.
1953 2015 270 48 Crawford,
2253 2017 151 41 Little

479 2072 147 48 Rock,
657 2073 117 40 Ark.

408 2167 209 63 Curry,
649 2166 212 54 Albert
892 2166 209 63 Bruce,
1138 2165 172 55 1887-

475 2246 167 53 Jesus
674 2246 112 52 and
821 2244 112 54 His
968 2263 191 50 cause;
1198 2264 31 33 a
1260 2244 150 53 book
1440 2245 174 68 study
1646 2243 65 54 of
1743 2246 97 51 the
1874 2244 213 69 Gospel
2121 2246 77 68 by
2231 2246 173 52 Mark

406 2324 361 67 approached
802 2321 154 54 from
986 2323 97 52 the
1116 2322 257 68 problem
1406 2322 329 68 viewpoint,
1770 2323 282 68 arranged
2089 2322 94 53 for
2218 2342 184 50 group

406 2398 1997 72 discussion [by] A. Bruce Curry, jr. … (Rev.) New York,
403 2477 363 53 Association
788 2495 175 50 press,
991 2480 151 50 1926.

478 2568 111 37 xxv,
622 2559 85 39 149
739 2569 43 37 p.
845 2558 128 40 illus.
1003 2557 160 49 (map)
1234 2558 56 40 18½
1322 2560 45 21 cm
1371 2590 9 9 .
1447 2558 125 50 [Life
1603 2560 214 47 problem
1849 2559 138 41 Bible
2021 2559 201 50 studies]

480 2615 129 40 “The
639 2614 175 48 Gospel
844 2614 52 40 of
926 2616 142 38 Mark
1098 2615 129 39 from
1258 2615 114 39 ‘The
1402 2615 118 40 New
1549 2616 295 47 Testament,
1877 2626 29 29 a
1938 2626 108 30 new
2077 2617 325 49 translation’,

405 2671 62 46 by
491 2671 165 40 James
681 2669 226 42 Moffatt”
926 2681 9 30 :
962 2682 43 37 p.
1035 2670 249 50 [117]-149.

478 2727 376 48 Bibliography:
881 2738 43 37 p.
950 2726 221 42 xiii-xiv.

407 2778 53 53 ©
486 2784 112 40 Dec.
622 2783 70 48 21,
720 2783 141 48 1926;
890 2783 68 41 2c.
985 2784 96 39 and
1106 2783 83 41 aff.
1217 2785 113 39 Dec.
1355 2784 84 47 31;
1467 2784 42 38 A
1535 2783 199 49 958538;
1766 2785 208 40 General
1999 2786 152 40 board
2177 2786 52 40 of
2255 2788 54 38 Y.
2339 2789 62 39 M.

478 2839 50 41 C.
562 2838 110 50 A.’s,
708 2841 118 38 New
861 2840 146 40 York.
1078 2839 222 48 (27-675)

406 2919 290 63 Dearden,
728 2918 241 64 Harold,
1005 2923 171 49 1882-

477 2997 476 69 Understanding
979 2999 310 66 ourselves;
1320 2999 97 52 the
1442 2998 112 53 fine
1582 3004 89 47 art
1698 2998 65 53 of
1789 2999 329 69 happiness,
2145 3001 77 69 by

407 3002 1971 144 Harold Dearden … New York, Boni & Liveright, 1926.
476 3155 99 47 viii,
602 3155 85 40 369
711 3166 43 37 p.
815 3155 142 48 illus.,
986 3155 180 49 diagrs.
1224 3156 56 39 21
1283 3158 45 22 cm
1333 3189 8 8 .

406 3205 53 53 ©
490 3211 101 40 Oct.
618 3211 69 47 15,
716 3211 141 48 1926;
887 3212 69 40 2c.
984 3213 119 39 Nov.
1130 3212 83 47 26;
1245 3212 82 41 aff.
1356 3214 117 39 Nov.
1503 3214 82 48 17;
1616 3214 41 39 A
1684 3214 201 48 957219;
1917 3215 125 39 Boni
2071 3216 36 39 &
2136 3216 266 49 Liveright,

477 3266 90 41 inc.
638 3267 281 48 (26-21734)

409 3346 93 53 Du
542 3346 222 53 Plessis
805 3348 70 52 de
919 3348 329 63 Grenédan,
1291 3349 148 53 Jean
1482 3350 219 63 Joseph
1744 3351 171 53 Anne
1956 3352 188 53 Marie
2186 3352 214 65 Julien,

479 3427 324 51 1892-1923.

539 3502 1860 75 … Les grands dirigeables dans la paix et dans la guerre,
412 3584 57 61 [t.
506 3581 50 65 2]
599 3580 151 53 Leur
787 3581 315 68 technique.
1181 3584 246 52 CEuvres
1467 3585 303 67 completes
1809 3585 133 68 pub.
1985 3604 106 49 par
2130 3587 52 51 le
2222 3591 181 49 comte

405 3657 1463 72 J. Du Plessis … Paris, Librairie Plon [ c 1926]
475 3737 641 50 2 p. l ., 217 p., 1 l. 21 cm .
474 3792 64 41 At
564 3794 125 40 head
720 3795 52 39 of
800 3795 135 40 title:
968 3797 124 39 Jean
1120 3799 78 38 Du
1229 3798 195 49 Plessis,
1454 3801 342 39 commandant
1825 3801 64 39 du
1919 3800 315 41 “Dixmude”.

406 3841 52 57 ©
487 3848 101 48 Oct,
617 3849 41 49 5,
687 3851 140 51 1926;
891 3863 24 29 1c.
958 3853 113 45 Dec,
1101 3853 82 51 23;
1216 3854 312 49 A—Foreign
1558 3856 169 48 32742;
1763 3857 344 41 Plon-Nourrit
2138 3858 37 40 &
2203 3858 86 40 cie.
