2542 4285
1002 3946 110 58 415

71 339 309 72 Stévenin,
420 338 211 71 Henri,
671 341 188 55 1880-

211 425 1622 74 … La coqueluche. Paris, E. Flammarion, 1926.
135 501 1491 56 213 p. 18½ cm . (Bibliothèque des connaissances m é dicales)
64 559 1898 55 © Mar. 11, 1926; 1c. Mar. 23; A—Foreign 30468; Ernest Flammarion.
142 616 240 56 (26-9429)

70 686 396 59 Sunderland
498 685 215 71 Lewis,
749 685 242 59 Walter
1023 683 326 75 Reginald,
1388 688 188 55 1861-

146 764 326 70 Cubwood,
505 765 82 70 by
617 764 95 57 W.
750 764 72 55 R.
863 763 397 57 Sunderland
1293 763 231 70 Lewis;
1558 763 149 57 with
1745 784 80 36 an
69 765 1955 134 introduction

342 842 84 70 by
447 841 245 57 Walter
712 839 92 58 De
831 840 93 56 La
948 840 194 56 Mare.
1209 841 152 56 New
1383 839 190 73 York,
1601 840 73 57 A.
1705 841 46 56 &
1780 841 64 58 C.
1869 841 181 74 Boni,

66 920 164 55 1926.

133 993 664 53 viii p., 1 l., 342 p. 19½ cm .
63 1049 52 53 ©
150 1052 118 42 Mar.
306 1052 32 48 1,
377 1050 129 51 1926;
541 1050 62 42 2c.
641 1051 118 41 Mar.
798 1050 73 50 18;
907 1049 78 43 aff.
1021 1050 118 41 Mar.
1178 1047 73 53 17;
1288 1049 44 42 A
1367 1047 189 53 879890;
1592 1049 160 43 Albert
1790 1051 36 42 &
1863 1049 186 44 Charles

134 1107 126 51 Boni,
294 1106 82 43 inc.
445 1106 239 53 (26-8882)

70 1174 283 72 Ticknor,
395 1173 301 73 Caroline,
735 1176 189 55 1866-
1081 1175 89 57 ed.

145 1253 237 58 Classic
412 1252 297 72 Concord,
742 1271 69 38 as
840 1252 344 71 portrayed
1203 1252 81 71 by
1302 1251 327 71 Emerson,
1647 1251 405 75 Hawthorne,

70 1330 286 57 Thoreau
422 1331 123 56 and
608 1330 102 56 the
777 1329 265 72 Alcotts,
1111 1328 224 72 edited,
1403 1329 151 56 with
1622 1328 428 72 biographical

67 1408 297 70 sketches,
397 1407 83 71 by
513 1406 286 58 Caroline
833 1405 297 71 Ticknor;
1163 1406 361 57 illustrated
1553 1405 152 58 with
1737 1407 315 72 drawings

66 1484 81 71 by
175 1484 151 71 May
352 1484 227 57 Alcott.
646 1483 239 57 Boston
914 1484 125 57 and
1066 1483 153 56 New
1244 1482 189 72 York,
1466 1482 342 72 Houghton
1839 1483 214 57 Mifflin

66 1577 320 56 company,
422 1562 163 56 1926.

134 1635 1288 56 ix, [1] p., 2 l., 3-271, [1] p. front., plates. 24½ cm .
136 1692 136 44 “This
314 1692 165 44 edition
519 1690 189 47 consists
749 1692 50 44 of
835 1706 86 30 one
959 1691 223 44 thousand
1222 1691 87 43 and
1348 1690 105 53 fifty
1493 1689 148 53 copies
1684 1691 52 44 of
1780 1690 147 45 which
1969 1706 84 30 one

64 1748 219 44 thousand
312 1764 77 29 are
422 1748 74 44 for
526 1747 131 45 sale.”

57 1803 57 53 ©
145 1805 111 51 Apr.
291 1804 63 50 16,
385 1805 107 43 1926
505 1820 9 36 ;
545 1805 64 42 2c.
640 1805 87 43 and
756 1805 78 42 aff.
865 1804 111 52 Apr.
1012 1805 74 50 19;
1119 1803 44 42 A
1196 1803 187 50 890383;
1420 1801 252 53 Houghton
1706 1803 164 43 Mifflin
1902 1819 65 28 co.

140 1859 240 56 (26-8876)

68 1927 279 74 Tingley,
376 1931 152 56 Mrs.
560 1928 342 58 Katherine
932 1929 57 56 A
1310 1926 363 73 (Westcott)
1714 1929 190 56 1852-

143 2007 130 57 The
310 2008 153 71 gods
504 2008 203 71 await,
744 2009 83 70 by
861 2007 349 58 Katherine
1250 2004 281 73 Tingley.
1613 2003 189 59 Point
1838 2006 211 69 Loma,

70 2084 204 71 Calif.,
305 2085 323 57 Woman’s
659 2085 450 57 international
1139 2080 430 75 theosophical
1594 2082 220 73 league
1848 2113 14 44 [
1863 2091 19 22 c
1886 2086 163 72 1926]

134 2162 1047 54 x p., 2 l., 3-186 p. front., plates. 17½ cm .
135 2218 308 54 Frontispiece
468 2221 85 42 and
579 2219 141 53 plates
748 2220 315 51 accompanied
1090 2221 58 51 by
1173 2219 146 44 leaves
1345 2218 111 44 with
1482 2218 267 52 descriptive
1774 2219 273 52 letterpress.

402 2276 246 53 CONTENTS.—Dogma
686 2291 157 29 versus
883 2276 74 43 the
993 2278 89 50 god
1118 2276 46 43 in
1203 2275 292 44 man.—War
1530 2289 158 29 versus
1726 2274 324 54 patriotism.—

65 2331 93 45 For
180 2332 73 44 the
278 2333 322 44 downtrodden
625 2334 88 42 and
737 2332 346 46 outcast.—The
1110 2331 267 54 philosophy
1402 2332 51 44 of
1476 2339 171 37 nature.

61 2385 55 54 ©
144 2387 111 52 Apr.
291 2389 35 50 1,
360 2388 128 51 1926;
519 2388 63 43 2c.
615 2390 87 42 and
732 2389 78 42 aff.
844 2388 111 52 Apr.
990 2389 73 50 14;
1097 2389 44 42 A
1173 2387 189 53 890336;
1394 2387 59 44 K.
1486 2386 209 55 Tingley,
1729 2387 136 46 Point
1899 2388 154 53 Loma,

134 2443 133 44 Calif.
337 2442 238 55 (26-8945)

68 2512 255 73 Turner,
365 2512 173 59 Clair
572 2513 294 75 Elsmere,
905 2517 189 57 1890-

209 2591 1847 74 … Cleanliness and health, by C. E. Turner … and
66 2667 1988 78 Georgie B. Collins … Boston, New York [etc.] D. C.
61 2744 210 59 Heath
305 2746 123 57 and
462 2766 303 52 company
801 2777 14 43 [
815 2757 19 20 c
839 2749 164 71 1926]

131 2822 90 51 viii,
253 2823 82 44 236
365 2838 38 38 p.
464 2823 115 44 illus.
642 2825 52 43 19
699 2827 46 17 cm
752 2860 8 7 .
829 2824 212 54 (Malden
1076 2825 152 44 health
1262 2826 136 44 series.
1476 2827 98 49 [II])

62 2877 54 54 ©
145 2880 116 43 Mar.
290 2878 68 53 25,
391 2880 128 52 1926;
545 2882 65 42 2c.
643 2883 117 41 Mar.
790 2882 76 51 29;
899 2882 78 43 aff.
1008 2882 118 43 Mar.
1157 2882 77 52 27;
1267 2884 43 41 A
1340 2884 190 51 883809;
1565 2885 56 41 D.
1655 2883 46 44 C.
1735 2884 153 43 Heath
1921 2885 36 42 &
1987 2900 64 28 co.

140 2935 242 55 (26-8904)

66 3005 141 57 Van
238 3005 194 72 Dyke,
471 3005 170 59 John
675 3006 274 72 Charles,
988 3010 188 56 1856-

142 3083 127 57 The
316 3084 341 70 meadows;
704 3084 281 58 familiar
1032 3085 236 59 studies
1317 3087 68 56 of
1431 3086 104 58 the
1581 3086 472 72 commonplace,

62 3160 1992 75 by John C. Van Dyke … New York, C. Scribner’s sons,
62 3238 164 57 1926.

134 3314 898 55 ix p., 2 l., 3-245 p. front. 19½cm.
136 3371 168 54 Essays
333 3387 58 29 on
418 3372 75 43 the
521 3373 178 43 natural
727 3372 176 54 history
930 3374 50 43 of
1007 3373 75 44 the
1110 3373 146 54 valley
1284 3373 51 46 of
1361 3373 76 45 the
1463 3373 188 43 Raritan
1681 3373 154 44 River.

63 3427 52 53 ©
149 3428 105 44 Feb.
286 3428 69 52 26,
392 3428 129 52 1926;
555 3430 64 42 2c.
655 3431 119 42 Mar.
813 3431 73 52 10;
923 3430 77 43 aff.
1034 3431 112 51 Apr.
1182 3433 49 49 9;
1269 3432 43 41 A
1349 3431 188 52 890246;
1578 3430 185 45 Charles
1803 3430 247 47 Scribner’s

132 3499 115 29 sons.
317 3485 240 54 (26-8908)

66 3552 293 74 Verkuyl,
398 3554 224 58 Gerrit.

144 3632 290 73 “Things
472 3637 163 54 most
673 3635 212 70 surely
919 3634 367 70 believed”;
1325 3655 35 36 a
1400 3635 189 71 study
1623 3635 64 56 in
1729 3634 321 58 Christian

70 3709 1911 74 essentials for growing workers, by Gerrit Verkuyl …
68 3786 151 58 New
263 3786 190 77 York,
505 3786 268 75 Chicago
824 3791 145 71 [etc.]
1020 3789 288 73 Fleming
1354 3788 79 57 H.
1483 3789 216 63 Revell
1747 3808 303 54 company

70 3894 12 46 [
83 3872 21 23 c
107 3866 163 72 1926]
