2542 4285
1024 3951 106 55 799

85 341 208 70 Groat,
329 339 238 72 George
601 338 286 70 Gorham,
925 341 148 56 1871–

162 431 102 56 An
309 430 422 57 introduction
779 432 63 55 to
893 429 101 56 the
1046 429 186 70 study
1281 429 66 57 of
1395 429 334 72 organized
1773 430 178 57 labor
1997 431 64 55 in

87 505 1977 74 America, by George Gorham Groat … 2d ed., rev. and
87 585 112 57 enl.
267 586 152 56 New
443 583 187 73 York,
661 584 128 56 The
817 583 359 57 Macmillan
1204 602 322 53 company,
1558 584 163 57 1926.

154 662 107 51 xvii,
304 660 83 47 532
424 679 39 35 p.
523 662 167 52 diagrs.
748 661 54 44 20½
854 664 29 17 cm
888 696 9 9 .

157 717 325 54 “Suggestions
516 718 72 44 for
621 717 179 43 further
831 716 262 52 readings”:
1128 734 39 35 p.
1201 716 215 45 xvi-xvii.

85 773 52 52 ©
161 774 105 51 July
290 772 64 51 20,
386 773 128 51 1926;
540 773 62 43 2c.
631 773 85 42 and
742 772 77 42 aff.
847 771 106 54 July
978 772 78 51 21;
1085 773 42 40 A
1154 769 163 45 897527
1334 786 8 37 ;
1373 771 263 44 Macmillan
1663 787 65 28 co.

164 827 267 57 (26-13855)

83 928 372 69 Halbmeier,
494 928 161 57 Carl.

162 1020 393 70 Senefelder;
592 1020 104 56 the
730 1018 248 71 history
1014 1018 67 57 of
1114 1018 422 72 lithography,
1572 1018 83 72 by
1692 1017 149 59 Carl
81 1018 1959 137 Halbmeier.

377 1098 151 56 [New
553 1096 187 73 York]
776 1094 367 60 Senefelder
1158 1093 363 74 publishing
1537 1113 304 54 company
1861 1097 200 71 [c1926]

148 1177 82 43 216
266 1191 41 37 p.
367 1175 116 45 illus.
542 1176 56 43 22½c
647 1177 29 17 m
683 1211 9 8 .

149 1231 297 51 Advertising
480 1237 187 38 matter:
702 1246 40 33 p.
778 1229 200 45 188-213.

83 1285 52 54 ©
163 1288 105 51 July
301 1285 61 51 15,
395 1285 128 52 1926;
552 1286 66 42 2c.
647 1284 107 53 July
785 1284 74 52 19;
891 1284 78 43 aff.
1002 1284 105 52 July
1137 1284 77 51 20;
1247 1284 43 41 A
1322 1283 189 52 901181;
1546 1282 49 45 C.
1628 1284 278 50 Halbmeier,
152 1283 1892 112 Elmhurst,

329 1344 59 42 N.
425 1343 54 42 Y.
548 1341 267 54 (26-13862)

83 1440 338 70 Hamilton,
458 1439 219 57 Albert
715 1438 289 72 Edward,
1045 1441 188 55 1887-

162 1530 534 72 Sportsmanship,
728 1549 34 36 a
789 1529 219 71 bridge
1037 1529 67 56 of
1129 1528 502 72 understanding
1657 1529 277 56 between
1963 1530 102 56 the

81 1609 248 57 nations
365 1607 66 56 of
460 1608 101 56 the
592 1607 212 71 world,
837 1607 83 70 by
948 1605 74 57 A.
1057 1605 72 56 E.
1165 1605 343 71 Hamilton,
1540 1605 152 57 with
1724 1625 35 37 a
1791 1608 174 55 word
2000 1607 66 56 of

79 1684 426 57 introduction
545 1684 83 70 by
668 1683 109 55 Dr.
825 1682 169 57 John
1034 1682 79 56 H.
1163 1681 238 73 Finley.
1491 1683 168 73 [New
1699 1682 187 73 York]
1936 1683 128 57 The

83 1760 516 73 Sportsmanship
635 1760 422 56 brotherhood
1096 1790 12 42 [
1110 1767 19 21 c
1133 1760 163 71 1926]

148 1838 54 43 96
228 1853 39 36 p.
326 1845 137 43 ports.
527 1836 50 44 19
599 1839 30 17 cm
635 1871 9 8 .

81 1893 52 54 ©
167 1895 110 51 Apr.
315 1895 60 49 10,
412 1894 127 50 1926;
573 1893 64 43 2c.
669 1893 86 43 and
788 1893 77 42 aff.
899 1893 110 51 Apr.
1043 1892 77 50 24;
1154 1893 44 42 A
1231 1892 188 52 891169;
1460 1891 369 54 Sportsmanship
150 1894 1895 102 brotherhood.

352 1950 266 54 (26-13608)

78 2037 242 71 Harris,
364 2035 255 58 Charles
661 2033 263 69 Kassell,
971 2037 148 57 1864–

150 2121 192 57 After
376 2121 103 58 the
514 2118 142 72 hall,
695 2117 176 70 forty
904 2136 188 52 years
1132 2117 67 57 of
1235 2117 277 72 melody;
1554 2137 79 37 an
75 2118 1968 152 autobiography,

253 2198 82 70 by
372 2196 259 59 Charles
668 2197 79 59 K.
785 2195 250 57 Harris.
1112 2196 150 56 New
1298 2196 190 69 York,
1527 2197 539 62 Frank-Maurice,

75 2278 134 68 inc.,
236 2274 164 58 1926.

141 2348 1647 56 4 p. l., 376 p. front., illus. (music) pl., ports., facsim. 24½c m .
80 2407 52 54 ©
164 2410 110 50 May
307 2410 32 47 1,
371 2408 127 50 1926;
528 2407 61 43 2c.
622 2408 84 42 and
734 2408 78 42 aff.
840 2407 114 52 June
985 2407 74 50 14;
1093 2407 42 42 A
1163 2405 190 54 891750;
1386 2406 395 55 Frank-Maurice,
1815 2409 82 43 inc.

159 2462 269 57 (26-13715)

73 2550 212 71 Hines,
328 2549 243 58 Harlan
610 2550 318 67 Cameron,
971 2552 188 57 1887-

157 2641 274 73 Finding
469 2643 102 56 the
610 2642 171 72 right
819 2641 290 73 teaching
1146 2641 293 74 position,
1480 2644 83 71 by
1601 2642 245 58 Harlan
83 2643 1957 135 Cameron

272 2718 1792 75 Hines … New York, Chicago [etc.] C. Scribner’s
81 2818 143 39 sons
265 2829 11 43 [
279 2807 20 22 c
303 2800 162 69 1926]

144 2877 724 53 vi p., 2 l., 3-200 p. 19½ cm .
81 2930 52 54 ©
171 2933 109 52 May
316 2933 62 50 12,
419 2932 126 49 1926;
581 2933 62 42 2c.
679 2932 104 52 July
820 2932 48 49 8;
906 2932 77 42 aff.
1023 2933 110 51 May
1167 2932 76 51 27;
1284 2934 38 40 A
1362 2932 187 49 897360;
1590 2932 186 44 Charles
1815 2932 248 46 Scribner’s

150 3005 115 28 sons.
336 2989 266 53 (26-13636)

222 3073 1844 73 … Histoires parisiennes, mots et anecdotes, recueillies
79 3171 117 53 par
224 3171 84 37 un
337 3151 306 57 Parisien.
727 3151 204 68 Paris,
964 3152 120 57 Les
1173 3151 232 58 Éditions
1440 3153 75 56 de
1547 3152 260 71 France,
1839 3159 20 23 c
1862 3152 166 57 1926.

147 3227 1159 54 3 p. l., 262 p., 1 l. 19 cm . (Le livre joyeux)
81 3282 1873 62 © Mar. 19, 1926; 1c. Apr. 19; A—Foreign 30724; Éditions de France.
160 3347 267 55 (26-13922)

80 3431 358 68 Hitchcock,
484 3431 338 58 Frederick
860 3430 182 72 Hills,
1087 3435 147 56 1867–

157 3525 159 57 How
348 3529 64 53 to
444 3522 171 61 build
648 3546 35 37 a
717 3528 162 68 good
909 3524 158 58 book
1100 3525 168 57 from
1301 3544 158 51 your
1491 3521 408 73 manuscript,
83 3542 1962 132 containing

350 3601 393 72 suggestions
769 3604 68 57 of
856 3601 184 60 value
1062 3602 106 57 for
1193 3603 259 57 authors
1480 3603 123 57 and
1628 3603 210 55 others
1862 3599 207 58 whose

79 3679 203 58 works
311 3699 107 38 are
446 3679 194 70 ready
666 3680 103 56 for
795 3677 285 74 printing
1108 3698 71 40 or
1205 3677 67 58 in
1300 3696 218 41 course
1546 3678 68 56 of
1639 3676 430 74 preparation,

82 3752 1986 76 by Frederick H. Hitchcock … New York, The Special
81 3832 158 57 book
274 3834 393 70 department
704 3836 67 56 of
801 3833 419 57 Braunworth
1254 3833 47 56 &
1334 3849 304 54 company
1673 3860 14 43 [
1687 3838 19 23 c
1713 3831 161 73 1925]
