2542 4285
1040 3997 149 57 1199

208 469 48 45 ix
281 485 56 38 p.,
366 472 19 42 1
432 505 22 18 l.,
482 471 83 44 414
588 485 41 39 p.
689 469 83 45 col.
802 470 156 53 plates.
1017 470 55 44 24½cm.

141 526 53 53 ©
225 527 119 52 Sept.
370 528 65 49 24,
466 527 104 44 1926;
623 527 64 43 2c.
717 527 100 43 Oct.
845 528 78 51 21;
953 527 78 44 aff.
1061 528 100 43 Oct.
1194 527 74 53 15;
1298 528 44 43 A
1371 528 187 51 949660;
1591 529 193 52 Minton,
1816 530 142 43 Balch
1988 531 38 44 &
2053 546 65 30 co.

212 581 65 56 [©
315 583 307 53 illustrations]
693 582 267 55 (26-18509)

143 653 287 72 Dickson,
466 657 149 55 Mrs.
651 654 385 73 Marguerite
1074 654 353 59 Stockman.

216 730 1839 75 American history for grammar schools. Rev. ed. …
140 808 96 72 By
261 807 385 73 Marguerite
678 808 334 59 Stockman
1036 809 288 58 Dickson.
1407 810 151 57 New
1582 810 189 73 York,
1800 812 130 59 The
138 810 1962 135 Macmillan
380 903 321 55 company,
736 886 166 57 1926.

206 959 1415 59 xviii, 655, li p. col. front. (port.) illus., maps 19 cm .
210 1018 200 54 “Things
436 1027 46 36 to
510 1019 131 44 read”
669 1026 47 37 at
742 1020 83 43 end
851 1019 50 44 of
927 1024 118 39 most
1071 1020 52 46 of
1145 1019 76 45 the
1249 1019 220 54 chapters.

135 1075 53 53 ©
214 1077 99 43 Oct.
345 1076 60 50 19,
437 1076 126 51 1926;
592 1076 64 42 2c.
684 1076 85 43 and
796 1076 77 43 aff.
903 1076 101 45 Oct.
1028 1076 80 52 20;
1136 1077 45 42 A
1206 1075 189 54 950554;
1426 1076 263 45 Macmillan
1715 1092 65 30 co.

212 1130 268 58 (26-18310)

137 1203 227 73 Dyche,
406 1203 168 58 John
609 1202 373 70 Alexander,
1026 1205 188 58 1867-

211 1279 391 60 Bolshevism
634 1280 66 56 in
731 1278 336 61 American
1102 1280 177 58 labor
1311 1281 223 58 unions;
1604 1303 35 38 a
1673 1282 141 73 plea
1847 1284 107 58 for
137 1301 1962 118 constructive

466 1356 328 74 unionism,
826 1358 83 72 by
938 1358 170 59 John
1137 1358 75 57 A.
1244 1358 243 72 Dyche;
1520 1359 150 59 with
1700 1380 80 37 an
135 1357 1963 139 introduction

135 1433 1962 156 by Julius Henry Cohen … New York, Boni & Liveright, 1926.
204 1587 999 57 4 p. l., vii-xiv p., 1 l., 19-224 p. 19 cm .
132 1646 53 52 ©
211 1647 105 52 July
343 1646 65 52 26,
440 1648 127 49 1926;
595 1648 64 42 2c.
689 1648 101 42 Oct.
822 1648 75 50 19;
926 1647 79 44 aff.
1036 1647 100 45 Oct.
1168 1646 48 53 5;
1246 1648 44 42 A
1319 1647 189 52 949610;
1541 1646 114 46 Boni
1686 1649 38 43 &
1753 1647 250 54 Liveright,
2034 1649 82 43 inc.

210 1701 268 58 (26-18305)

136 1775 197 72 Eddy,
370 1776 237 71 George
642 1773 352 70 Sherwood,
1034 1777 188 57 1871-

201 1853 151 58 New
396 1852 349 72 challenges
791 1855 64 54 to
900 1850 195 72 faith;
1139 1852 167 59 what
1351 1852 160 59 shall
1553 1853 33 58 I
1628 1853 235 60 believe
1907 1854 66 58 in
2013 1856 104 58 the

133 1930 157 73 light
332 1932 69 60 of
443 1929 383 73 psychology
867 1931 123 57 and
1032 1930 103 57 the
1178 1948 135 39 new
1358 1931 253 75 science,
1655 1931 81 73 by
1782 1931 336 60 Sherwood

134 2009 198 71 Eddy.
415 2008 151 57 New
592 2007 189 73 York,
815 2006 242 74 George
1085 2007 78 58 H.
1194 2009 218 57 Doran
1441 2025 303 55 company
1774 2036 14 45 [
1790 2018 18 22 c
1811 2010 165 74 1926]

200 2085 78 45 viii
307 2102 56 40 p.,
392 2087 26 43 2
467 2120 24 17 l.,
523 2083 161 46 13-256
712 2099 40 38 p.
815 2085 50 43 19½
899 2087 15 17 cm
951 2117 10 10 .

203 2141 349 55 Bibliography:
586 2156 40 39 p.
657 2140 206 45 237-242.

128 2184 1985 71 © Oct. 15, 1 926; 2c. Oct. 21; aff. Oct. 20; A 949641; George H. Doran co.
206 2255 269 58 (26-18730)

133 2330 130 57 The
301 2324 476 77 Encyclopædia
811 2325 353 61 britannica;
1236 2346 39 39 a
1311 2326 355 75 dictionary
1701 2328 68 59 of
1809 2331 152 73 arts,
203 2327 1887 151 sciences,

434 2403 327 59 literature
800 2407 49 57 &
884 2403 256 73 general
1176 2402 429 61 information.
1684 2406 144 57 13th
1868 2406 112 72 ed.,
199 2405 1892 151 being

334 2480 278 59 volumes
645 2500 114 39 one
791 2484 62 54 to
888 2478 433 75 twenty-eight
1353 2483 69 57 of
1452 2482 105 59 the
1589 2481 189 60 latest
1812 2484 304 60 standard

202 2559 235 60 edition
481 2558 150 59 with
679 2559 104 58 the
830 2558 175 61 three
1052 2576 138 41 new
1234 2558 279 59 volumes
1562 2559 296 73 covering
1905 2566 210 55 recent

197 2634 1892 156 years and the index volume … London, The Encyclopædia
429 2711 352 61 britannica
811 2730 323 56 company,
1167 2713 143 73 ltd.;
1344 2715 152 59 New
1526 2715 191 72 York,
1752 2717 129 59 The
191 2713 1902 153 Encyclopædia
512 2788 371 74 britannica,
911 2788 116 61 inc.
1061 2819 13 45 [
1077 2798 18 24 c
1098 2791 166 74 1926]

191 2868 55 44 32
295 2882 42 29 V.
397 2865 132 53 illus.,
580 2865 146 54 plates
753 2867 127 53 (part
932 2866 112 54 col.)
1104 2874 156 46 ports.,
1314 2882 131 40 maps
1470 2870 129 54 (part
1651 2867 194 56 double)
1909 2870 204 47 facsims.

129 2924 48 53 (1
204 2922 111 53 col.)
348 2922 184 53 diagrs.,
556 2929 128 39 coats
710 2923 55 43 of
790 2936 124 30 arms
939 2923 129 53 (part
1093 2923 111 53 col.)
1271 2924 54 45 30
1331 2927 47 19 cm
1383 2960 9 9 .

193 2978 129 45 Vols.
358 2979 107 45 1-28
495 2978 152 45 edited
678 2980 58 53 by
768 2978 144 54 Hugh
947 2977 267 56 Chisholm;
1246 2996 44 28 v.
1323 2982 138 45 29-32
1492 2980 151 47 edited
1674 2981 61 56 by
1765 2983 40 54 J.
1839 2983 50 47 L.
1925 2983 188 46 Garvin.

126 3035 53 53 ©
217 3035 120 53 Sept.
378 3037 34 51 1,
450 3035 127 53 1926;
615 3036 64 43 2c.
716 3036 108 43 each
863 3036 120 54 Sept.
1020 3038 50 52 3;
1110 3038 78 43 aff.
1227 3039 101 43 Oct.
1366 3041 50 50 8;
1456 3039 44 43 A
1538 3036 189 56 950578;
1768 3040 344 54 Encyclopædia

195 3093 261 52 britannica,
495 3094 81 43 inc.
645 3093 270 55 (26-18400)

128 3164 292 69 Erdman,
463 3164 254 58 Charles
752 3165 383 74 Rosenbury,
1175 3169 190 57 1866-

205 3242 130 58 The
366 3241 185 73 spirit
579 3244 66 58 of
677 3242 213 59 Christ;
952 3244 358 60 devotional
1339 3246 237 60 studies
1604 3245 67 57 in
1698 3248 104 59 the
1829 3248 281 60 doctrine

127 3320 1982 83 of the Holy Spirit, by Charles R. Erdman … New York,
126 3397 243 75 George
399 3398 79 58 H.
511 3398 213 59 Doran
759 3419 303 54 company
1095 3431 12 43 [
1110 3408 19 23 c
1132 3402 165 73 1926]

196 3479 78 44 119
310 3494 40 37 p.
414 3479 50 44 19½
498 3481 13 18 cm
548 3516 9 9 .

124 3531 52 53 ©
205 3533 100 43 Oct.
336 3530 62 53 15,
428 3532 128 53 1926;
586 3533 63 43 2c.
680 3533 102 43 Oct.
808 3533 79 52 21;
918 3533 79 45 aff.
1028 3535 102 44 Oct.
1158 3533 77 53 20;
1266 3534 44 43 A
1338 3533 189 55 949645;
1559 3534 176 56 George
1764 3538 62 43 H.
1857 3538 157 44 Doran
2042 3554 65 29 co.

201 3587 269 58 (26-18645)

125 3659 207 71 Ernst,
375 3659 263 73 Clayton
675 3661 167 67 Holt,
883 3663 188 59 1886-

197 3737 1843 78 The secret of Coffin Cove, by Clayton Holt Ernst …
120 3817 239 58 Boston
389 3820 122 57 and
539 3818 150 59 New
714 3817 189 75 York,
935 3817 340 74 Houghton
1305 3818 214 63 Mifflin
1547 3840 320 57 company,
1897 3827 165 57 1926.

190 3896 948 54 5 p. l., 177 p. front., plates. 19½ cm .
