<alto xmlns="http://www.loc.gov/standards/alto/ns-v3#" xmlns:xlink="http://www.w3.org/1999/xlink" xmlns:xsi="http://www.w3.org/2001/XMLSchema-instance" xsi:schemaLocation="http://www.loc.gov/standards/alto/ns-v3# http://www.loc.gov/alto/v3/alto-3-0.xsd"><Description>
<MeasurementUnit>pixel</MeasurementUnit>
<sourceImageInformation>
<fileName>1926_v23_Part001.pdf</fileName>
</sourceImageInformation>
<OCRProcessing ID="IdOcr">
<ocrProcessingStep>
<processingDateTime>2019-04-10</processingDateTime>
<processingSoftware>
<softwareCreator>ABBYY</softwareCreator>
<softwareName>ABBYY Recognition Server</softwareName>
<softwareVersion>4.0</softwareVersion>
</processingSoftware>
</ocrProcessingStep>
</OCRProcessing>
</Description>
<Styles>
<ParagraphStyle ID="StyleId-FFFFFFFF-FFFF-FFFF-FFFF-FFFFFFFFFFFF-" ALIGN="Left" LEFT="0." RIGHT="0." FIRSTLINE="0."/>
<ParagraphStyle ID="StyleId-22C3EA86-D171-42E2-A7D2-9A866F7D91F9-" ALIGN="Left" LEFT="0." RIGHT="0." FIRSTLINE="0." LINESPACE="8.300000191"/>
<ParagraphStyle ID="StyleId-E3FA4CC6-F5E5-41CA-B4C4-90085BF71B6C-" ALIGN="Block" LEFT="0." RIGHT="0." FIRSTLINE="-14." LINESPACE="8.050000191"/>
<ParagraphStyle ID="StyleId-41118DB3-028A-4115-95B3-BB512DD0EDAE-" ALIGN="Left" LEFT="0." RIGHT="0." FIRSTLINE="-13." LINESPACE="13.30000019"/>
<ParagraphStyle ID="StyleId-A2FB4C2B-BF87-45AD-9689-33B0118FBFC1-" ALIGN="Block" LEFT="0." RIGHT="0." FIRSTLINE="-14." LINESPACE="11.06999969"/>
<ParagraphStyle ID="StyleId-BBBA7B5D-FE2B-4BC7-AC7D-F142900C21B8-" ALIGN="Block" LEFT="0." RIGHT="0." FIRSTLINE="0." LINESPACE="8.899999619"/>
<ParagraphStyle ID="StyleId-3CEA3EEE-4341-4E33-9EF0-A9438AB90A9B-" ALIGN="Center" LEFT="0." RIGHT="0." FIRSTLINE="0." LINESPACE="12.19999981"/>
<ParagraphStyle ID="StyleId-817955BE-3120-4B53-BBD3-920BAE733BFF-" ALIGN="Left" LEFT="0." RIGHT="0." FIRSTLINE="0." LINESPACE="12.19999981"/>
<ParagraphStyle ID="StyleId-456A266C-F799-486A-ACB1-75B61E9815AB-" ALIGN="Left" LEFT="0." RIGHT="0." FIRSTLINE="-13." LINESPACE="8.18999958"/>
<ParagraphStyle ID="StyleId-6A1E9ED6-E5EA-4E31-BD5A-88089B8D7134-" ALIGN="Right" LEFT="0." RIGHT="0." FIRSTLINE="0." LINESPACE="7.699999809"/>
<ParagraphStyle ID="StyleId-C11ABF73-04BC-4F6E-B7E4-01FCA3A26756-" ALIGN="Left" LEFT="0." RIGHT="0." FIRSTLINE="-13." LINESPACE="12.19999981"/>
<ParagraphStyle ID="StyleId-662CF6CF-DB5F-40BE-AD24-E877ED82DD6F-" ALIGN="Block" LEFT="0." RIGHT="0." FIRSTLINE="-14." LINESPACE="11.06999969"/>
<ParagraphStyle ID="StyleId-9361006B-74B5-41BD-BFD3-03318AD64910-" ALIGN="Left" LEFT="0." RIGHT="0." FIRSTLINE="0." LINESPACE="8.899999619"/>
</Styles>
<Layout>
<Page ID="Page1412" PHYSICAL_IMG_NR="1412" HEIGHT="4285" WIDTH="2542">
<TopMargin HEIGHT="372" WIDTH="2542" VPOS="0" HPOS="0">
</TopMargin>
<LeftMargin HEIGHT="3708" WIDTH="336" VPOS="372" HPOS="0">
</LeftMargin>
<RightMargin HEIGHT="3708" WIDTH="182" VPOS="372" HPOS="2360">
</RightMargin>
<BottomMargin HEIGHT="205" WIDTH="2542" VPOS="4080" HPOS="0">
</BottomMargin>
<PrintSpace HEIGHT="3708" WIDTH="2024" VPOS="372" HPOS="336">
<TextBlock ID="Page1412_Block1" HEIGHT="74" WIDTH="166" VPOS="4006" HPOS="1258" LANG="en-US" STYLEREFS="StyleId-04B5CE44-3393-4E67-9CAD-79E248E6527C-">
<TextLine HEIGHT="54" WIDTH="147" VPOS="4017" HPOS="1267">
<String CONTENT="1412" HEIGHT="54" WIDTH="147" VPOS="4017" HPOS="1267"/>
</TextLine>
</TextBlock>
<TextBlock ID="Page1412_Block2" HEIGHT="3642" WIDTH="2024" VPOS="372" HPOS="336" LANG="en-US" CS="1" STYLEREFS="StyleId-4127EEE8-BECC-4722-8A71-B7AD748F26FF-">
<TextLine HEIGHT="74" WIDTH="1030" VPOS="382" HPOS="360" STYLEREFS="StyleId-0FA3BF73-DF65-4631-8873-C0173F28614A-">
<String CONTENT="Phelps," HEIGHT="74" WIDTH="245" VPOS="382" HPOS="360"/>
<SP HEIGHT="70" WIDTH="40" VPOS="384" HPOS="606"/>
<String CONTENT="William" HEIGHT="60" WIDTH="282" VPOS="383" HPOS="647"/>
<SP HEIGHT="58" WIDTH="36" VPOS="383" HPOS="930"/>
<String CONTENT="Lyon," HEIGHT="73" WIDTH="191" VPOS="383" HPOS="967"/>
<SP HEIGHT="69" WIDTH="40" VPOS="385" HPOS="1159"/>
<String CONTENT="1865-" HEIGHT="57" WIDTH="190" VPOS="385" HPOS="1200"/>
</TextLine>
<TextLine HEIGHT="72" WIDTH="1912" VPOS="474" HPOS="433" STYLEREFS="StyleId-1E0C51C2-1EAA-44D4-95ED-B08CCA01E8CC-">
<String CONTENT="Adventures" HEIGHT="57" WIDTH="398" VPOS="475" HPOS="433"/>
<SP HEIGHT="37" WIDTH="38" VPOS="494" HPOS="832"/>
<String CONTENT="and" HEIGHT="56" WIDTH="122" VPOS="476" HPOS="871"/>
<SP HEIGHT="56" WIDTH="33" VPOS="476" HPOS="994"/>
<String CONTENT="confessions," HEIGHT="72" WIDTH="408" VPOS="474" HPOS="1028"/>
<SP HEIGHT="71" WIDTH="35" VPOS="475" HPOS="1437"/>
<String CONTENT="by" HEIGHT="71" WIDTH="81" VPOS="475" HPOS="1473"/>
<SP HEIGHT="71" WIDTH="31" VPOS="475" HPOS="1555"/>
<String CONTENT="William" HEIGHT="58" WIDTH="278" VPOS="474" HPOS="1587"/>
<SP HEIGHT="56" WIDTH="36" VPOS="475" HPOS="1866"/>
<String CONTENT="Lyon" HEIGHT="71" WIDTH="175" VPOS="475" HPOS="1903"/>
<SP HEIGHT="54" WIDTH="35" VPOS="476" HPOS="2079"/>
<String CONTENT="Phelps" HEIGHT="71" WIDTH="230" VPOS="475" HPOS="2115"/>
</TextLine>
<TextLine HEIGHT="73" WIDTH="1326" VPOS="551" HPOS="424" STYLEREFS="StyleId-1E0C51C2-1EAA-44D4-95ED-B08CCA01E8CC-" CS="1">
<String CS="1" CONTENT="&#8230;"/>
<SP HEIGHT="58" WIDTH="73" VPOS="553" HPOS="424"/>
<String CONTENT="New" HEIGHT="56" WIDTH="149" VPOS="553" HPOS="498"/>
<SP HEIGHT="56" WIDTH="27" VPOS="552" HPOS="648"/>
<String CONTENT="York," HEIGHT="71" WIDTH="189" VPOS="552" HPOS="676"/>
<SP HEIGHT="72" WIDTH="33" VPOS="551" HPOS="866"/>
<String CONTENT="C." HEIGHT="59" WIDTH="64" VPOS="551" HPOS="900"/>
<SP HEIGHT="59" WIDTH="34" VPOS="551" HPOS="965"/>
<String CONTENT="Scribner&#8217;s" HEIGHT="59" WIDTH="354" VPOS="551" HPOS="1000"/>
<SP HEIGHT="37" WIDTH="34" VPOS="571" HPOS="1355"/>
<String CONTENT="sons," HEIGHT="54" WIDTH="163" VPOS="570" HPOS="1390"/>
<SP HEIGHT="70" WIDTH="32" VPOS="554" HPOS="1554"/>
<String CONTENT="1926." HEIGHT="56" WIDTH="163" VPOS="553" HPOS="1587"/>
</TextLine>
<TextLine HEIGHT="54" WIDTH="737" VPOS="628" HPOS="426" CS="1">
<String CONTENT="6" HEIGHT="43" WIDTH="25" VPOS="629" HPOS="426"/>
<SP HEIGHT="51" WIDTH="27" VPOS="629" HPOS="452"/>
<String LANG="fr" CONTENT="p." HEIGHT="38" WIDTH="38" VPOS="642" HPOS="480"/>
<SP HEIGHT="43" WIDTH="29" VPOS="629" HPOS="519"/>
<String CS="1" CONTENT="l.,"/>
<SP HEIGHT="52" WIDTH="27" VPOS="629" HPOS="591"/>
<String CONTENT="3-206" HEIGHT="44" WIDTH="138" VPOS="628" HPOS="619"/>
<SP HEIGHT="54" WIDTH="25" VPOS="628" HPOS="758"/>
<String CONTENT="p." HEIGHT="38" WIDTH="40" VPOS="644" HPOS="784"/>
<SP HEIGHT="44" WIDTH="57" VPOS="629" HPOS="825"/>
<String CONTENT="diagrs." HEIGHT="54" WIDTH="167" VPOS="628" HPOS="883"/>
<SP HEIGHT="43" WIDTH="61" VPOS="629" HPOS="1051"/>
<String CS="1" CONTENT="19&#189;cm." HEIGHT="44" WIDTH="50" VPOS="628" HPOS="1113"/>
</TextLine>
<TextLine HEIGHT="111" WIDTH="1967" VPOS="685" HPOS="355" CS="1">
<String CS="1" CONTENT="CONTENTS.&#8212;Adventure.&#8212;Salvation.&#8212;Sin.&#8212;Death.&#8212;Life.&#8212;Truth.&#8212;Women.&#8212;Interlude.&#8212;Triangle.&#8212;Judgment.&#8212;Etiquette.&#8212;Science." HEIGHT="111" WIDTH="1967" VPOS="685" HPOS="355"/>
</TextLine>
<TextLine HEIGHT="54" WIDTH="1987" VPOS="798" HPOS="358">
<String CONTENT="&#169;" HEIGHT="53" WIDTH="52" VPOS="798" HPOS="358"/>
<SP HEIGHT="53" WIDTH="33" VPOS="798" HPOS="411"/>
<String CONTENT="Oct." HEIGHT="44" WIDTH="100" VPOS="801" HPOS="445"/>
<SP HEIGHT="43" WIDTH="33" VPOS="801" HPOS="546"/>
<String CONTENT="29," HEIGHT="51" WIDTH="65" VPOS="801" HPOS="580"/>
<SP HEIGHT="51" WIDTH="36" VPOS="801" HPOS="646"/>
<String CONTENT="1926;" HEIGHT="52" WIDTH="128" VPOS="800" HPOS="683"/>
<SP HEIGHT="51" WIDTH="32" VPOS="801" HPOS="812"/>
<String CONTENT="2c." HEIGHT="43" WIDTH="66" VPOS="801" HPOS="845"/>
<SP HEIGHT="43" WIDTH="35" VPOS="801" HPOS="912"/>
<String CONTENT="Dec." HEIGHT="42" WIDTH="108" VPOS="801" HPOS="948"/>
<SP HEIGHT="43" WIDTH="34" VPOS="800" HPOS="1057"/>
<String CONTENT="3;" HEIGHT="52" WIDTH="48" VPOS="800" HPOS="1092"/>
<SP HEIGHT="37" WIDTH="36" VPOS="815" HPOS="1141"/>
<String CONTENT="aff." HEIGHT="43" WIDTH="78" VPOS="801" HPOS="1178"/>
<SP HEIGHT="43" WIDTH="35" VPOS="801" HPOS="1257"/>
<String CONTENT="Nov." HEIGHT="43" WIDTH="118" VPOS="801" HPOS="1293"/>
<SP HEIGHT="43" WIDTH="33" VPOS="800" HPOS="1412"/>
<String CONTENT="27;" HEIGHT="53" WIDTH="78" VPOS="799" HPOS="1446"/>
<SP HEIGHT="51" WIDTH="35" VPOS="801" HPOS="1525"/>
<!-- cceid 05CFDB31-6E1B-1014-9B7B-CA07F191E62B --><String CONTENT="A" HEIGHT="42" WIDTH="44" VPOS="801" HPOS="1561"/>
<SP HEIGHT="43" WIDTH="31" VPOS="801" HPOS="1606"/>
<String CONTENT="957385;" HEIGHT="53" WIDTH="189" VPOS="799" HPOS="1638"/>
<SP HEIGHT="53" WIDTH="38" VPOS="799" HPOS="1828"/>
<String CONTENT="Charles" HEIGHT="45" WIDTH="187" VPOS="799" HPOS="1867"/>
<SP HEIGHT="46" WIDTH="40" VPOS="800" HPOS="2055"/>
<String CONTENT="Scribner&#8217;s" HEIGHT="46" WIDTH="249" VPOS="800" HPOS="2096"/>
</TextLine>
<TextLine HEIGHT="55" WIDTH="453" VPOS="857" HPOS="427">
<String CONTENT="sons." HEIGHT="29" WIDTH="117" VPOS="872" HPOS="427"/>
<SP HEIGHT="53" WIDTH="66" VPOS="859" HPOS="545"/>
<String CONTENT="(26-22423)" HEIGHT="55" WIDTH="268" VPOS="857" HPOS="612"/>
</TextLine>
<TextLine HEIGHT="74" WIDTH="965" VPOS="956" HPOS="357" STYLEREFS="StyleId-1E0C51C2-1EAA-44D4-95ED-B08CCA01E8CC-">
<String CONTENT="Plehn," HEIGHT="73" WIDTH="212" VPOS="956" HPOS="357"/>
<SP HEIGHT="72" WIDTH="36" VPOS="957" HPOS="570"/>
<String CONTENT="Carl" HEIGHT="58" WIDTH="147" VPOS="957" HPOS="607"/>
<SP HEIGHT="59" WIDTH="34" VPOS="956" HPOS="755"/>
<String CONTENT="Copping," HEIGHT="74" WIDTH="301" VPOS="956" HPOS="790"/>
<SP HEIGHT="65" WIDTH="40" VPOS="960" HPOS="1092"/>
<String CONTENT="1867-" HEIGHT="56" WIDTH="189" VPOS="960" HPOS="1133"/>
</TextLine>
<TextLine HEIGHT="77" WIDTH="1915" VPOS="1046" HPOS="429" STYLEREFS="StyleId-1E0C51C2-1EAA-44D4-95ED-B08CCA01E8CC-" CS="1">
<String CONTENT="Introduction" HEIGHT="62" WIDTH="437" VPOS="1046" HPOS="429"/>
<SP HEIGHT="55" WIDTH="21" VPOS="1054" HPOS="867"/>
<String CONTENT="to" HEIGHT="55" WIDTH="63" VPOS="1054" HPOS="889"/>
<SP HEIGHT="53" WIDTH="25" VPOS="1069" HPOS="953"/>
<String CONTENT="public" HEIGHT="75" WIDTH="211" VPOS="1047" HPOS="979"/>
<SP HEIGHT="60" WIDTH="21" VPOS="1049" HPOS="1191"/>
<String CONTENT="finance," HEIGHT="74" WIDTH="258" VPOS="1049" HPOS="1213"/>
<SP HEIGHT="72" WIDTH="24" VPOS="1051" HPOS="1472"/>
<String CONTENT="by" HEIGHT="72" WIDTH="83" VPOS="1051" HPOS="1497"/>
<SP HEIGHT="73" WIDTH="26" VPOS="1050" HPOS="1581"/>
<String CONTENT="Carl" HEIGHT="61" WIDTH="147" VPOS="1049" HPOS="1608"/>
<SP HEIGHT="60" WIDTH="28" VPOS="1049" HPOS="1756"/>
<String CONTENT="C." HEIGHT="59" WIDTH="65" VPOS="1050" HPOS="1785"/>
<SP HEIGHT="57" WIDTH="27" VPOS="1050" HPOS="1851"/>
<String CONTENT="Plehn" HEIGHT="58" WIDTH="198" VPOS="1049" HPOS="1879"/>
<SP HEIGHT="40" WIDTH="29" VPOS="1068" HPOS="2078"/>
<String CS="1" CONTENT="&#8230;"/>
<SP HEIGHT="57" WIDTH="70" VPOS="1050" HPOS="2171"/>
<String CONTENT="5th" HEIGHT="57" WIDTH="102" VPOS="1050" HPOS="2242"/>
</TextLine>
<TextLine HEIGHT="76" WIDTH="1667" VPOS="1125" HPOS="355" STYLEREFS="StyleId-1E0C51C2-1EAA-44D4-95ED-B08CCA01E8CC-">
<String CONTENT="ed." HEIGHT="57" WIDTH="90" VPOS="1130" HPOS="355"/>
<SP HEIGHT="58" WIDTH="81" VPOS="1126" HPOS="446"/>
<String CONTENT="New" HEIGHT="59" WIDTH="151" VPOS="1126" HPOS="528"/>
<SP HEIGHT="58" WIDTH="31" VPOS="1127" HPOS="680"/>
<String CONTENT="York," HEIGHT="73" WIDTH="191" VPOS="1127" HPOS="712"/>
<SP HEIGHT="71" WIDTH="33" VPOS="1129" HPOS="904"/>
<String CONTENT="The" HEIGHT="59" WIDTH="130" VPOS="1128" HPOS="938"/>
<SP HEIGHT="59" WIDTH="34" VPOS="1128" HPOS="1069"/>
<String CONTENT="Macmillan" HEIGHT="61" WIDTH="359" VPOS="1125" HPOS="1104"/>
<SP HEIGHT="40" WIDTH="34" VPOS="1147" HPOS="1464"/>
<String CONTENT="company," HEIGHT="56" WIDTH="320" VPOS="1145" HPOS="1499"/>
<SP HEIGHT="72" WIDTH="35" VPOS="1129" HPOS="1820"/>
<String CONTENT="1926." HEIGHT="57" WIDTH="166" VPOS="1128" HPOS="1856"/>
</TextLine>
<TextLine HEIGHT="66" WIDTH="710" VPOS="1205" HPOS="423" CS="1">
<String CONTENT="xix," HEIGHT="49" WIDTH="95" VPOS="1207" HPOS="423"/>
<SP HEIGHT="46" WIDTH="27" VPOS="1210" HPOS="519"/>
<String CONTENT="451" HEIGHT="45" WIDTH="80" VPOS="1207" HPOS="547"/>
<SP HEIGHT="61" WIDTH="20" VPOS="1210" HPOS="628"/>
<String CONTENT="p." HEIGHT="51" WIDTH="47" VPOS="1220" HPOS="649"/>
<SP HEIGHT="43" WIDTH="58" VPOS="1207" HPOS="697"/>
<String CONTENT="diagrs." HEIGHT="52" WIDTH="167" VPOS="1205" HPOS="756"/>
<SP HEIGHT="42" WIDTH="57" VPOS="1206" HPOS="924"/>
<String CS="1" CONTENT="20&#189;c" HEIGHT="45" WIDTH="54" VPOS="1206" HPOS="982"/>
<String STYLE="superscript" CONTENT="m" HEIGHT="17" WIDTH="29" VPOS="1209" HPOS="1089"/>
<String CONTENT="." HEIGHT="8" WIDTH="8" VPOS="1242" HPOS="1125"/>
</TextLine>
<TextLine HEIGHT="55" WIDTH="1920" VPOS="1261" HPOS="425">
<String CONTENT="&#8220;Brief" HEIGHT="45" WIDTH="158" VPOS="1263" HPOS="425"/>
<SP HEIGHT="43" WIDTH="31" VPOS="1264" HPOS="584"/>
<String CONTENT="bibliography" HEIGHT="52" WIDTH="317" VPOS="1261" HPOS="616"/>
<SP HEIGHT="49" WIDTH="34" VPOS="1264" HPOS="934"/>
<String CONTENT="for" HEIGHT="42" WIDTH="74" VPOS="1264" HPOS="969"/>
<SP HEIGHT="28" WIDTH="32" VPOS="1278" HPOS="1044"/>
<String CONTENT="supplementary" HEIGHT="52" WIDTH="366" VPOS="1262" HPOS="1077"/>
<SP HEIGHT="37" WIDTH="34" VPOS="1277" HPOS="1444"/>
<String CONTENT="reading" HEIGHT="52" WIDTH="185" VPOS="1262" HPOS="1479"/>
<SP HEIGHT="37" WIDTH="33" VPOS="1277" HPOS="1665"/>
<String CONTENT="or" HEIGHT="29" WIDTH="53" VPOS="1279" HPOS="1699"/>
<SP HEIGHT="43" WIDTH="33" VPOS="1264" HPOS="1753"/>
<String CONTENT="for" HEIGHT="44" WIDTH="76" VPOS="1264" HPOS="1787"/>
<SP HEIGHT="30" WIDTH="31" VPOS="1278" HPOS="1864"/>
<String CONTENT="a" HEIGHT="29" WIDTH="26" VPOS="1279" HPOS="1896"/>
<SP HEIGHT="30" WIDTH="33" VPOS="1278" HPOS="1923"/>
<String CONTENT="small" HEIGHT="44" WIDTH="131" VPOS="1264" HPOS="1957"/>
<SP HEIGHT="43" WIDTH="31" VPOS="1265" HPOS="2089"/>
<String CONTENT="library&#8221;:" HEIGHT="53" WIDTH="224" VPOS="1263" HPOS="2121"/>
</TextLine>
<TextLine HEIGHT="49" WIDTH="272" VPOS="1320" HPOS="353">
<String CONTENT="p." HEIGHT="34" WIDTH="39" VPOS="1335" HPOS="353"/>
<SP HEIGHT="42" WIDTH="26" VPOS="1323" HPOS="393"/>
<String CONTENT="439-442." HEIGHT="45" WIDTH="205" VPOS="1320" HPOS="420"/>
</TextLine>
<TextLine HEIGHT="55" WIDTH="1640" VPOS="1371" HPOS="354" CS="1">
<String CONTENT="&#169;" HEIGHT="53" WIDTH="52" VPOS="1373" HPOS="354"/>
<SP HEIGHT="53" WIDTH="25" VPOS="1373" HPOS="407"/>
<String CONTENT="Nov." HEIGHT="43" WIDTH="117" VPOS="1375" HPOS="433"/>
<SP HEIGHT="42" WIDTH="24" VPOS="1375" HPOS="551"/>
<String CONTENT="30," HEIGHT="51" WIDTH="67" VPOS="1374" HPOS="576"/>
<SP HEIGHT="50" WIDTH="28" VPOS="1375" HPOS="644"/>
<String CONTENT="1926;" HEIGHT="52" WIDTH="128" VPOS="1373" HPOS="673"/>
<SP HEIGHT="51" WIDTH="24" VPOS="1374" HPOS="802"/>
<String CONTENT="2c." HEIGHT="42" WIDTH="65" VPOS="1374" HPOS="827"/>
<SP HEIGHT="27" WIDTH="24" VPOS="1388" HPOS="893"/>
<String CONTENT="and" HEIGHT="42" WIDTH="86" VPOS="1374" HPOS="918"/>
<SP HEIGHT="42" WIDTH="23" VPOS="1374" HPOS="1005"/>
<String CONTENT="aff." HEIGHT="42" WIDTH="77" VPOS="1374" HPOS="1029"/>
<SP HEIGHT="42" WIDTH="27" VPOS="1374" HPOS="1107"/>
<String CONTENT="Dec." HEIGHT="42" WIDTH="108" VPOS="1374" HPOS="1135"/>
<SP HEIGHT="41" WIDTH="29" VPOS="1374" HPOS="1244"/>
<String CS="1" CONTENT="1;" HEIGHT="41" WIDTH="18" VPOS="1374" HPOS="1274"/>
<SP HEIGHT="51" WIDTH="27" VPOS="1373" HPOS="1320"/>
<!-- cceid 05CFF3FE-6E1B-1014-9B7B-CA07F191E62B --><String CONTENT="A" HEIGHT="42" WIDTH="44" VPOS="1373" HPOS="1348"/>
<SP HEIGHT="43" WIDTH="23" VPOS="1373" HPOS="1393"/>
<String CS="1" CONTENT="958193;" HEIGHT="45" WIDTH="164" VPOS="1371" HPOS="1417"/>
<SP HEIGHT="52" WIDTH="29" VPOS="1373" HPOS="1608"/>
<String CONTENT="Macmillan" HEIGHT="43" WIDTH="266" VPOS="1373" HPOS="1638"/>
<SP HEIGHT="29" WIDTH="23" VPOS="1388" HPOS="1905"/>
<String CONTENT="co." HEIGHT="29" WIDTH="65" VPOS="1388" HPOS="1929"/>
</TextLine>
<TextLine HEIGHT="57" WIDTH="267" VPOS="1429" HPOS="434">
<String CONTENT="(26-22225)" HEIGHT="57" WIDTH="267" VPOS="1429" HPOS="434"/>
</TextLine>
<TextLine HEIGHT="72" WIDTH="875" VPOS="1516" HPOS="355" STYLEREFS="StyleId-0FA3BF73-DF65-4631-8873-C0173F28614A-">
<String CONTENT="Powell," HEIGHT="69" WIDTH="244" VPOS="1516" HPOS="355"/>
<SP HEIGHT="69" WIDTH="39" VPOS="1516" HPOS="600"/>
<String CONTENT="Leona" HEIGHT="58" WIDTH="210" VPOS="1516" HPOS="640"/>
<SP HEIGHT="56" WIDTH="35" VPOS="1517" HPOS="851"/>
<String CONTENT="Margaret." HEIGHT="71" WIDTH="343" VPOS="1517" HPOS="887"/>
</TextLine>
<TextLine HEIGHT="74" WIDTH="1919" VPOS="1607" HPOS="429" STYLEREFS="StyleId-1E0C51C2-1EAA-44D4-95ED-B08CCA01E8CC-">
<String CONTENT="The" HEIGHT="59" WIDTH="129" VPOS="1610" HPOS="429"/>
<SP HEIGHT="58" WIDTH="36" VPOS="1611" HPOS="559"/>
<String CONTENT="history" HEIGHT="73" WIDTH="249" VPOS="1608" HPOS="596"/>
<SP HEIGHT="52" WIDTH="35" VPOS="1629" HPOS="846"/>
<String CONTENT="of" HEIGHT="58" WIDTH="69" VPOS="1610" HPOS="882"/>
<SP HEIGHT="58" WIDTH="35" VPOS="1610" HPOS="952"/>
<String CONTENT="the" HEIGHT="58" WIDTH="104" VPOS="1610" HPOS="988"/>
<SP HEIGHT="59" WIDTH="37" VPOS="1608" HPOS="1093"/>
<String CONTENT="United" HEIGHT="60" WIDTH="236" VPOS="1607" HPOS="1131"/>
<SP HEIGHT="59" WIDTH="36" VPOS="1609" HPOS="1368"/>
<String CONTENT="typothetae" HEIGHT="71" WIDTH="364" VPOS="1610" HPOS="1405"/>
<SP HEIGHT="39" WIDTH="39" VPOS="1628" HPOS="1770"/>
<String CONTENT="of" HEIGHT="57" WIDTH="69" VPOS="1610" HPOS="1810"/>
<SP HEIGHT="57" WIDTH="36" VPOS="1610" HPOS="1880"/>
<String CONTENT="America," HEIGHT="71" WIDTH="310" VPOS="1609" HPOS="1917"/>
<SP HEIGHT="69" WIDTH="37" VPOS="1611" HPOS="2228"/>
<String CONTENT="by" HEIGHT="70" WIDTH="82" VPOS="1611" HPOS="2266"/>
</TextLine>
<TextLine HEIGHT="76" WIDTH="1994" VPOS="1684" HPOS="353" STYLEREFS="StyleId-1E0C51C2-1EAA-44D4-95ED-B08CCA01E8CC-" CS="1">
<String CONTENT="Leona" HEIGHT="59" WIDTH="207" VPOS="1688" HPOS="353"/>
<SP HEIGHT="60" WIDTH="28" VPOS="1687" HPOS="561"/>
<String CONTENT="M." HEIGHT="57" WIDTH="83" VPOS="1687" HPOS="590"/>
<SP HEIGHT="57" WIDTH="27" VPOS="1686" HPOS="674"/>
<String CONTENT="Powell," HEIGHT="74" WIDTH="250" VPOS="1684" HPOS="702"/>
<SP HEIGHT="55" WIDTH="27" VPOS="1703" HPOS="953"/>
<String CS="1" CONTENT="PH." HEIGHT="10" WIDTH="10" VPOS="1730" HPOS="1077"/>
<SP HEIGHT="35" WIDTH="30" VPOS="1706" HPOS="1088"/>
<String CS="1" CONTENT="D." HEIGHT="9" WIDTH="10" VPOS="1731" HPOS="1160"/>
<SP HEIGHT="59" WIDTH="84" VPOS="1685" HPOS="1171"/>
<String CONTENT="Chicago," HEIGHT="73" WIDTH="289" VPOS="1685" HPOS="1256"/>
<SP HEIGHT="71" WIDTH="29" VPOS="1687" HPOS="1546"/>
<String CONTENT="Ill.," HEIGHT="73" WIDTH="115" VPOS="1685" HPOS="1576"/>
<SP HEIGHT="70" WIDTH="30" VPOS="1688" HPOS="1692"/>
<String CONTENT="The" HEIGHT="58" WIDTH="130" VPOS="1688" HPOS="1723"/>
<SP HEIGHT="60" WIDTH="25" VPOS="1686" HPOS="1854"/>
<String CONTENT="University" HEIGHT="75" WIDTH="372" VPOS="1685" HPOS="1880"/>
<SP HEIGHT="53" WIDTH="27" VPOS="1707" HPOS="2253"/>
<String CONTENT="of" HEIGHT="57" WIDTH="66" VPOS="1689" HPOS="2281"/>
</TextLine>
<TextLine HEIGHT="74" WIDTH="719" VPOS="1764" HPOS="353" STYLEREFS="StyleId-1E0C51C2-1EAA-44D4-95ED-B08CCA01E8CC-" CS="1">
<String CONTENT="Chicago" HEIGHT="74" WIDTH="269" VPOS="1764" HPOS="353"/>
<SP HEIGHT="54" WIDTH="29" VPOS="1783" HPOS="623"/>
<String CONTENT="press" HEIGHT="54" WIDTH="182" VPOS="1783" HPOS="653"/>
<SP HEIGHT="65" WIDTH="33" VPOS="1772" HPOS="836"/>
<String CS="1" CONTENT="[c1926]" HEIGHT="73" WIDTH="165" VPOS="1764" HPOS="907"/>
</TextLine>
<TextLine HEIGHT="51" WIDTH="420" VPOS="1843" HPOS="419" CS="1">
<String CONTENT="xi," HEIGHT="51" WIDTH="62" VPOS="1843" HPOS="419"/>
<SP/>
<String CONTENT="219" HEIGHT="45" WIDTH="84" VPOS="1844" HPOS="507"/>
<SP HEIGHT="47" WIDTH="24" VPOS="1846" HPOS="592"/>
<String CONTENT="p." HEIGHT="35" WIDTH="40" VPOS="1858" HPOS="617"/>
<SP HEIGHT="42" WIDTH="57" VPOS="1844" HPOS="658"/>
<String CONTENT="21" HEIGHT="43" WIDTH="51" VPOS="1844" HPOS="716"/>
<String STYLE="superscript" CONTENT="cm" HEIGHT="18" WIDTH="47" VPOS="1845" HPOS="778"/>
<String CONTENT="." HEIGHT="8" WIDTH="8" VPOS="1878" HPOS="831"/>
</TextLine>
<TextLine HEIGHT="51" WIDTH="724" VPOS="1898" HPOS="421" CS="1">
<String CONTENT="&#8220;Sources" HEIGHT="48" WIDTH="224" VPOS="1898" HPOS="421"/>
<SP HEIGHT="32" WIDTH="27" VPOS="1914" HPOS="646"/>
<String CS="1" CONTENT="used&#8221;:" HEIGHT="45" WIDTH="138" VPOS="1898" HPOS="674"/>
<SP HEIGHT="35" WIDTH="28" VPOS="1914" HPOS="840"/>
<String CONTENT="p." HEIGHT="35" WIDTH="41" VPOS="1914" HPOS="869"/>
<SP HEIGHT="43" WIDTH="30" VPOS="1900" HPOS="911"/>
<String CONTENT="189-191." HEIGHT="46" WIDTH="203" VPOS="1898" HPOS="942"/>
</TextLine>
<TextLine HEIGHT="59" WIDTH="1991" VPOS="1951" HPOS="354">
<String CONTENT="&#169;" HEIGHT="53" WIDTH="52" VPOS="1953" HPOS="354"/>
<SP HEIGHT="53" WIDTH="33" VPOS="1953" HPOS="407"/>
<String CONTENT="Nov." HEIGHT="43" WIDTH="117" VPOS="1955" HPOS="441"/>
<SP HEIGHT="41" WIDTH="39" VPOS="1956" HPOS="559"/>
<String CONTENT="16," HEIGHT="51" WIDTH="62" VPOS="1954" HPOS="599"/>
<SP HEIGHT="50" WIDTH="35" VPOS="1955" HPOS="662"/>
<String CONTENT="1926;" HEIGHT="51" WIDTH="129" VPOS="1953" HPOS="698"/>
<SP HEIGHT="50" WIDTH="35" VPOS="1954" HPOS="828"/>
<String CONTENT="2c." HEIGHT="42" WIDTH="63" VPOS="1954" HPOS="864"/>
<SP HEIGHT="28" WIDTH="36" VPOS="1968" HPOS="928"/>
<String CONTENT="and" HEIGHT="43" WIDTH="87" VPOS="1953" HPOS="965"/>
<SP HEIGHT="43" WIDTH="33" VPOS="1953" HPOS="1053"/>
<String CONTENT="aff." HEIGHT="42" WIDTH="77" VPOS="1954" HPOS="1087"/>
<SP HEIGHT="42" WIDTH="36" VPOS="1954" HPOS="1165"/>
<String CONTENT="Dec." HEIGHT="41" WIDTH="109" VPOS="1954" HPOS="1202"/>
<SP HEIGHT="42" WIDTH="37" VPOS="1953" HPOS="1312"/>
<String CONTENT="4;" HEIGHT="52" WIDTH="47" VPOS="1953" HPOS="1350"/>
<SP HEIGHT="52" WIDTH="37" VPOS="1953" HPOS="1398"/>
<!-- cceid 05D00DAE-6E1B-1014-9B7B-CA07F191E62B --><String CONTENT="A" HEIGHT="41" WIDTH="43" VPOS="1953" HPOS="1436"/>
<SP HEIGHT="43" WIDTH="34" VPOS="1953" HPOS="1480"/>
<String CONTENT="957428;" HEIGHT="54" WIDTH="188" VPOS="1951" HPOS="1515"/>
<SP HEIGHT="50" WIDTH="36" VPOS="1955" HPOS="1704"/>
<String CONTENT="University" HEIGHT="53" WIDTH="266" VPOS="1954" HPOS="1741"/>
<SP HEIGHT="37" WIDTH="33" VPOS="1970" HPOS="2008"/>
<String CONTENT="of" HEIGHT="45" WIDTH="51" VPOS="1954" HPOS="2042"/>
<SP HEIGHT="46" WIDTH="36" VPOS="1954" HPOS="2094"/>
<String CONTENT="Chicago," HEIGHT="56" WIDTH="214" VPOS="1954" HPOS="2131"/>
</TextLine>
<TextLine HEIGHT="54" WIDTH="550" VPOS="2010" HPOS="424">
<String CONTENT="Chicago." HEIGHT="52" WIDTH="211" VPOS="2012" HPOS="424"/>
<SP HEIGHT="53" WIDTH="68" VPOS="2011" HPOS="636"/>
<String CONTENT="(26-22399)" HEIGHT="54" WIDTH="269" VPOS="2010" HPOS="705"/>
</TextLine>
<TextLine HEIGHT="74" WIDTH="716" VPOS="2096" HPOS="352" STYLEREFS="StyleId-0FA3BF73-DF65-4631-8873-C0173F28614A-">
<String CONTENT="Pumpelly," HEIGHT="74" WIDTH="342" VPOS="2096" HPOS="352"/>
<SP HEIGHT="70" WIDTH="37" VPOS="2096" HPOS="695"/>
<String CONTENT="Laurence." HEIGHT="58" WIDTH="335" VPOS="2096" HPOS="733"/>
</TextLine>
<TextLine HEIGHT="75" WIDTH="1919" VPOS="2188" HPOS="427" STYLEREFS="StyleId-1E0C51C2-1EAA-44D4-95ED-B08CCA01E8CC-">
<String CONTENT="A" HEIGHT="56" WIDTH="58" VPOS="2190" HPOS="427"/>
<SP HEIGHT="56" WIDTH="28" VPOS="2190" HPOS="486"/>
<String CONTENT="French" HEIGHT="57" WIDTH="245" VPOS="2189" HPOS="515"/>
<SP HEIGHT="56" WIDTH="28" VPOS="2189" HPOS="761"/>
<String CONTENT="reader" HEIGHT="56" WIDTH="223" VPOS="2190" HPOS="790"/>
<SP HEIGHT="56" WIDTH="27" VPOS="2189" HPOS="1014"/>
<String CONTENT="for" HEIGHT="56" WIDTH="103" VPOS="2189" HPOS="1042"/>
<SP HEIGHT="57" WIDTH="27" VPOS="2189" HPOS="1146"/>
<String CONTENT="beginners," HEIGHT="73" WIDTH="352" VPOS="2188" HPOS="1174"/>
<SP HEIGHT="70" WIDTH="29" VPOS="2190" HPOS="1527"/>
<String CONTENT="by" HEIGHT="71" WIDTH="81" VPOS="2190" HPOS="1557"/>
<SP HEIGHT="72" WIDTH="27" VPOS="2189" HPOS="1639"/>
<String CONTENT="Laurence" HEIGHT="59" WIDTH="320" VPOS="2189" HPOS="1667"/>
<SP HEIGHT="57" WIDTH="29" VPOS="2191" HPOS="1988"/>
<String CONTENT="Pumpelly" HEIGHT="72" WIDTH="328" VPOS="2191" HPOS="2018"/>
</TextLine>
<TextLine HEIGHT="73" WIDTH="1135" VPOS="2266" HPOS="419" STYLEREFS="StyleId-1E0C51C2-1EAA-44D4-95ED-B08CCA01E8CC-" CS="1">
<String CS="1" CONTENT="&#8230;"/>
<SP HEIGHT="58" WIDTH="72" VPOS="2268" HPOS="419"/>
<String CONTENT="New" HEIGHT="56" WIDTH="150" VPOS="2268" HPOS="492"/>
<SP HEIGHT="57" WIDTH="27" VPOS="2267" HPOS="643"/>
<String CONTENT="York," HEIGHT="72" WIDTH="190" VPOS="2267" HPOS="671"/>
<SP HEIGHT="72" WIDTH="31" VPOS="2267" HPOS="862"/>
<String CONTENT="A." HEIGHT="56" WIDTH="75" VPOS="2267" HPOS="894"/>
<SP HEIGHT="56" WIDTH="33" VPOS="2267" HPOS="970"/>
<String CONTENT="A." HEIGHT="56" WIDTH="74" VPOS="2267" HPOS="1004"/>
<SP HEIGHT="56" WIDTH="32" VPOS="2267" HPOS="1079"/>
<String CONTENT="Knopf," HEIGHT="72" WIDTH="242" VPOS="2266" HPOS="1112"/>
<SP HEIGHT="69" WIDTH="33" VPOS="2268" HPOS="1355"/>
<String CONTENT="1926." HEIGHT="57" WIDTH="165" VPOS="2267" HPOS="1389"/>
</TextLine>
<TextLine HEIGHT="57" WIDTH="1727" VPOS="2343" HPOS="419" CS="1">
<String CONTENT="xiii," HEIGHT="53" WIDTH="96" VPOS="2344" HPOS="419"/>
<SP HEIGHT="52" WIDTH="30" VPOS="2345" HPOS="516"/>
<String CONTENT="136" HEIGHT="44" WIDTH="77" VPOS="2345" HPOS="547"/>
<SP HEIGHT="50" WIDTH="28" VPOS="2346" HPOS="625"/>
<String CONTENT="p." HEIGHT="37" WIDTH="39" VPOS="2359" HPOS="654"/>
<SP HEIGHT="43" WIDTH="59" VPOS="2344" HPOS="694"/>
<String CONTENT="front.," HEIGHT="52" WIDTH="152" VPOS="2344" HPOS="754"/>
<SP HEIGHT="38" WIDTH="31" VPOS="2358" HPOS="907"/>
<String CONTENT="plates," HEIGHT="52" WIDTH="156" VPOS="2344" HPOS="939"/>
<SP HEIGHT="37" WIDTH="29" VPOS="2359" HPOS="1096"/>
<String CONTENT="map." HEIGHT="39" WIDTH="114" VPOS="2358" HPOS="1126"/>
<SP HEIGHT="43" WIDTH="62" VPOS="2344" HPOS="1241"/>
<String CS="1" CONTENT="19&#189;" HEIGHT="43" WIDTH="50" VPOS="2343" HPOS="1304"/>
<String STYLE="superscript" CONTENT="cm" HEIGHT="17" WIDTH="47" VPOS="2347" HPOS="1389"/>
<String CONTENT="." HEIGHT="9" WIDTH="9" VPOS="2377" HPOS="1442"/>
<SP HEIGHT="31" WIDTH="61" VPOS="2366" HPOS="1452"/>
<String CONTENT="[Borzoi" HEIGHT="53" WIDTH="180" VPOS="2344" HPOS="1514"/>
<SP HEIGHT="44" WIDTH="30" VPOS="2344" HPOS="1695"/>
<String CONTENT="texts" HEIGHT="38" WIDTH="121" VPOS="2351" HPOS="1726"/>
<SP HEIGHT="44" WIDTH="30" VPOS="2345" HPOS="1848"/>
<String CONTENT="in" HEIGHT="44" WIDTH="44" VPOS="2345" HPOS="1879"/>
<SP HEIGHT="45" WIDTH="29" VPOS="2344" HPOS="1924"/>
<String CONTENT="French]" HEIGHT="56" WIDTH="192" VPOS="2344" HPOS="1954"/>
</TextLine>
<TextLine HEIGHT="56" WIDTH="1992" VPOS="2401" HPOS="353">
<String CONTENT="&#169;" HEIGHT="53" WIDTH="52" VPOS="2401" HPOS="353"/>
<SP HEIGHT="53" WIDTH="30" VPOS="2401" HPOS="406"/>
<String CONTENT="Nov." HEIGHT="42" WIDTH="117" VPOS="2404" HPOS="437"/>
<SP HEIGHT="42" WIDTH="33" VPOS="2403" HPOS="555"/>
<String CONTENT="17," HEIGHT="53" WIDTH="63" VPOS="2401" HPOS="589"/>
<SP HEIGHT="51" WIDTH="34" VPOS="2403" HPOS="653"/>
<String CONTENT="1926;" HEIGHT="51" WIDTH="128" VPOS="2401" HPOS="688"/>
<SP HEIGHT="50" WIDTH="30" VPOS="2402" HPOS="817"/>
<String CONTENT="2c." HEIGHT="42" WIDTH="64" VPOS="2402" HPOS="848"/>
<SP HEIGHT="42" WIDTH="33" VPOS="2402" HPOS="913"/>
<String CONTENT="Nov." HEIGHT="43" WIDTH="118" VPOS="2402" HPOS="947"/>
<SP HEIGHT="42" WIDTH="28" VPOS="2402" HPOS="1066"/>
<String CONTENT="22;" HEIGHT="51" WIDTH="78" VPOS="2402" HPOS="1095"/>
<SP HEIGHT="37" WIDTH="31" VPOS="2416" HPOS="1174"/>
<String CONTENT="aff." HEIGHT="42" WIDTH="78" VPOS="2402" HPOS="1206"/>
<SP HEIGHT="42" WIDTH="32" VPOS="2402" HPOS="1285"/>
<String CONTENT="Nov." HEIGHT="43" WIDTH="118" VPOS="2402" HPOS="1318"/>
<SP HEIGHT="42" WIDTH="35" VPOS="2403" HPOS="1437"/>
<String CONTENT="18;" HEIGHT="50" WIDTH="73" VPOS="2403" HPOS="1473"/>
<SP HEIGHT="51" WIDTH="34" VPOS="2402" HPOS="1547"/>
<!-- cceid 05D02799-6E1B-1014-9B7B-CA07F191E62B --><String CONTENT="A" HEIGHT="42" WIDTH="44" VPOS="2402" HPOS="1582"/>
<SP HEIGHT="43" WIDTH="29" VPOS="2402" HPOS="1627"/>
<String CONTENT="958079;" HEIGHT="53" WIDTH="190" VPOS="2401" HPOS="1657"/>
<SP HEIGHT="52" WIDTH="32" VPOS="2402" HPOS="1848"/>
<String CONTENT="Alfred" HEIGHT="45" WIDTH="168" VPOS="2402" HPOS="1881"/>
<SP HEIGHT="44" WIDTH="30" VPOS="2403" HPOS="2050"/>
<String CONTENT="A." HEIGHT="43" WIDTH="57" VPOS="2404" HPOS="2081"/>
<SP HEIGHT="43" WIDTH="33" VPOS="2404" HPOS="2139"/>
<String CONTENT="Knopf," HEIGHT="53" WIDTH="172" VPOS="2404" HPOS="2173"/>
</TextLine>
<TextLine HEIGHT="53" WIDTH="420" VPOS="2460" HPOS="421">
<String CONTENT="inc." HEIGHT="44" WIDTH="84" VPOS="2460" HPOS="421"/>
<SP HEIGHT="53" WIDTH="66" VPOS="2460" HPOS="506"/>
<String CONTENT="(26-22422)" HEIGHT="53" WIDTH="268" VPOS="2460" HPOS="573"/>
</TextLine>
<TextLine HEIGHT="73" WIDTH="565" VPOS="2543" HPOS="349" STYLEREFS="StyleId-0FA3BF73-DF65-4631-8873-C0173F28614A-">
<String CONTENT="Retner," HEIGHT="72" WIDTH="247" VPOS="2544" HPOS="349"/>
<SP HEIGHT="72" WIDTH="41" VPOS="2544" HPOS="597"/>
<String CONTENT="Beth" HEIGHT="58" WIDTH="163" VPOS="2544" HPOS="639"/>
<SP HEIGHT="59" WIDTH="34" VPOS="2543" HPOS="803"/>
<String CONTENT="A." HEIGHT="59" WIDTH="76" VPOS="2543" HPOS="838"/>
</TextLine>
<TextLine HEIGHT="75" WIDTH="1920" VPOS="2635" HPOS="429" STYLEREFS="StyleId-1E0C51C2-1EAA-44D4-95ED-B08CCA01E8CC-">
<String CONTENT="Little" HEIGHT="58" WIDTH="190" VPOS="2635" HPOS="429"/>
<SP HEIGHT="59" WIDTH="43" VPOS="2635" HPOS="620"/>
<String CONTENT="Girl" HEIGHT="59" WIDTH="137" VPOS="2635" HPOS="664"/>
<SP HEIGHT="57" WIDTH="40" VPOS="2635" HPOS="802"/>
<String CONTENT="Blue," HEIGHT="71" WIDTH="177" VPOS="2635" HPOS="843"/>
<SP HEIGHT="70" WIDTH="41" VPOS="2636" HPOS="1021"/>
<String CONTENT="by" HEIGHT="71" WIDTH="82" VPOS="2636" HPOS="1063"/>
<SP HEIGHT="72" WIDTH="40" VPOS="2635" HPOS="1146"/>
<String CONTENT="Beth" HEIGHT="57" WIDTH="164" VPOS="2635" HPOS="1187"/>
<SP HEIGHT="56" WIDTH="44" VPOS="2635" HPOS="1352"/>
<String CONTENT="A." HEIGHT="57" WIDTH="73" VPOS="2635" HPOS="1397"/>
<SP HEIGHT="57" WIDTH="44" VPOS="2636" HPOS="1471"/>
<String CONTENT="Retner," HEIGHT="71" WIDTH="252" VPOS="2636" HPOS="1516"/>
<SP HEIGHT="72" WIDTH="46" VPOS="2635" HPOS="1769"/>
<String CONTENT="frontispiece" HEIGHT="74" WIDTH="408" VPOS="2635" HPOS="1816"/>
<SP HEIGHT="58" WIDTH="42" VPOS="2638" HPOS="2225"/>
<String CONTENT="by" HEIGHT="72" WIDTH="81" VPOS="2638" HPOS="2268"/>
</TextLine>
<TextLine HEIGHT="152" WIDTH="1975" VPOS="2712" HPOS="351" STYLEREFS="StyleId-1E0C51C2-1EAA-44D4-95ED-B08CCA01E8CC-" CS="1">
<String CONTENT="Maud" HEIGHT="58" WIDTH="192" VPOS="2714" HPOS="354"/>
<SP HEIGHT="57" WIDTH="33" VPOS="2715" HPOS="547"/>
<String CONTENT="and" HEIGHT="56" WIDTH="124" VPOS="2715" HPOS="581"/>
<SP HEIGHT="57" WIDTH="32" VPOS="2714" HPOS="706"/>
<String CONTENT="Miska" HEIGHT="60" WIDTH="205" VPOS="2712" HPOS="739"/>
<SP HEIGHT="59" WIDTH="33" VPOS="2713" HPOS="945"/>
<String CONTENT="Petersham." HEIGHT="58" WIDTH="388" VPOS="2713" HPOS="979"/>
<SP HEIGHT="59" WIDTH="83" VPOS="2713" HPOS="1368"/>
<String CONTENT="Garden" HEIGHT="59" WIDTH="251" VPOS="2713" HPOS="1452"/>
<SP HEIGHT="59" WIDTH="37" VPOS="2715" HPOS="1704"/>
<String CONTENT="City," HEIGHT="71" WIDTH="163" VPOS="2715" HPOS="1742"/>
<SP HEIGHT="72" WIDTH="34" VPOS="2714" HPOS="1906"/>
<String LANG="fr" CONTENT="N." HEIGHT="59" WIDTH="73" VPOS="2714" HPOS="1941"/>
<SP HEIGHT="58" WIDTH="39" VPOS="2715" HPOS="2015"/>
<String CONTENT="Y.," HEIGHT="73" WIDTH="93" VPOS="2715" HPOS="2055"/>
<SP HEIGHT="73" WIDTH="35" VPOS="2715" HPOS="2149"/>
<String CONTENT="Doubleday," HEIGHT="149" WIDTH="1975" VPOS="2715" HPOS="351"/>
<SP HEIGHT="72" WIDTH="28" VPOS="2792" HPOS="594"/>
<String CONTENT="Page" HEIGHT="72" WIDTH="172" VPOS="2792" HPOS="623"/>
<SP HEIGHT="59" WIDTH="30" VPOS="2791" HPOS="796"/>
<String CONTENT="&amp;" HEIGHT="59" WIDTH="49" VPOS="2791" HPOS="827"/>
<SP HEIGHT="59" WIDTH="28" VPOS="2791" HPOS="877"/>
<String CONTENT="company," HEIGHT="53" WIDTH="322" VPOS="2810" HPOS="906"/>
<SP HEIGHT="65" WIDTH="30" VPOS="2797" HPOS="1229"/>
<String CONTENT="1926." HEIGHT="58" WIDTH="166" VPOS="2792" HPOS="1260"/>
</TextLine>
<TextLine HEIGHT="55" WIDTH="828" VPOS="2868" HPOS="422" CS="1">
<String CONTENT="5" HEIGHT="46" WIDTH="23" VPOS="2868" HPOS="422"/>
<SP/>
<String LANG="fr" CONTENT="p." HEIGHT="38" WIDTH="40" VPOS="2885" HPOS="473"/>
<SP HEIGHT="42" WIDTH="27" VPOS="2872" HPOS="514"/>
<String CS="1" CONTENT="l.,"/>
<SP HEIGHT="49" WIDTH="27" VPOS="2872" HPOS="581"/>
<String CONTENT="289" HEIGHT="45" WIDTH="83" VPOS="2870" HPOS="609"/>
<SP HEIGHT="50" WIDTH="24" VPOS="2872" HPOS="693"/>
<String CONTENT="p." HEIGHT="38" WIDTH="39" VPOS="2884" HPOS="718"/>
<SP HEIGHT="28" WIDTH="60" VPOS="2885" HPOS="758"/>
<String CONTENT="col." HEIGHT="43" WIDTH="82" VPOS="2870" HPOS="819"/>
<SP HEIGHT="43" WIDTH="27" VPOS="2870" HPOS="902"/>
<String CONTENT="front." HEIGHT="43" WIDTH="138" VPOS="2870" HPOS="930"/>
<SP HEIGHT="43" WIDTH="57" VPOS="2870" HPOS="1069"/>
<String CS="1" CONTENT="20" HEIGHT="43" WIDTH="26" VPOS="2870" HPOS="1127"/>
<String STYLE="superscript" CS="1" CONTENT="cm" HEIGHT="18" WIDTH="16" VPOS="2871" HPOS="1188"/>
<String CONTENT="." HEIGHT="9" WIDTH="9" VPOS="2903" HPOS="1241"/>
</TextLine>
<TextLine HEIGHT="54" WIDTH="1910" VPOS="2925" HPOS="350" CS="1">
<String CONTENT="&#169;" HEIGHT="53" WIDTH="52" VPOS="2926" HPOS="350"/>
<SP HEIGHT="53" WIDTH="30" VPOS="2926" HPOS="403"/>
<String CONTENT="Oct." HEIGHT="44" WIDTH="100" VPOS="2928" HPOS="434"/>
<SP HEIGHT="43" WIDTH="25" VPOS="2928" HPOS="535"/>
<String CONTENT="29," HEIGHT="50" WIDTH="67" VPOS="2928" HPOS="561"/>
<SP HEIGHT="50" WIDTH="32" VPOS="2928" HPOS="629"/>
<String CS="1" CONTENT="1926;" HEIGHT="43" WIDTH="105" VPOS="2927" HPOS="662"/>
<SP HEIGHT="51" WIDTH="30" VPOS="2927" HPOS="792"/>
<String CONTENT="2c." HEIGHT="42" WIDTH="63" VPOS="2927" HPOS="823"/>
<SP HEIGHT="27" WIDTH="28" VPOS="2942" HPOS="887"/>
<String CONTENT="and" HEIGHT="43" WIDTH="87" VPOS="2927" HPOS="916"/>
<SP HEIGHT="43" WIDTH="26" VPOS="2927" HPOS="1004"/>
<String CONTENT="aff." HEIGHT="42" WIDTH="78" VPOS="2928" HPOS="1031"/>
<SP HEIGHT="42" WIDTH="33" VPOS="2927" HPOS="1110"/>
<String CONTENT="Dec." HEIGHT="42" WIDTH="108" VPOS="2927" HPOS="1144"/>
<SP HEIGHT="42" WIDTH="28" VPOS="2927" HPOS="1253"/>
<String CS="1" CONTENT="4;" HEIGHT="42" WIDTH="25" VPOS="2927" HPOS="1282"/>
<SP HEIGHT="52" WIDTH="30" VPOS="2926" HPOS="1331"/>
<!-- cceid 05D04BAE-6E1B-1014-9B7B-CA07F191E62B --><String CONTENT="A" HEIGHT="43" WIDTH="44" VPOS="2926" HPOS="1362"/>
<SP HEIGHT="44" WIDTH="27" VPOS="2926" HPOS="1407"/>
<String CS="1" CONTENT="957437;" HEIGHT="45" WIDTH="165" VPOS="2925" HPOS="1435"/>
<SP HEIGHT="51" WIDTH="33" VPOS="2928" HPOS="1625"/>
<String CONTENT="Doubleday," HEIGHT="52" WIDTH="278" VPOS="2927" HPOS="1659"/>
<SP HEIGHT="50" WIDTH="33" VPOS="2928" HPOS="1938"/>
<String CONTENT="Page" HEIGHT="51" WIDTH="126" VPOS="2928" HPOS="1972"/>
<SP HEIGHT="43" WIDTH="28" VPOS="2928" HPOS="2099"/>
<String CONTENT="&amp;" HEIGHT="43" WIDTH="37" VPOS="2928" HPOS="2128"/>
<SP HEIGHT="43" WIDTH="29" VPOS="2928" HPOS="2166"/>
<String CONTENT="co." HEIGHT="30" WIDTH="64" VPOS="2941" HPOS="2196"/>
</TextLine>
<TextLine HEIGHT="55" WIDTH="268" VPOS="2984" HPOS="429">
<String CONTENT="(26-22064)" HEIGHT="55" WIDTH="268" VPOS="2984" HPOS="429"/>
</TextLine>
<TextLine HEIGHT="76" WIDTH="735" VPOS="3067" HPOS="349" STYLEREFS="StyleId-0FA3BF73-DF65-4631-8873-C0173F28614A-">
<String CONTENT="Rittenberg," HEIGHT="75" WIDTH="385" VPOS="3068" HPOS="349"/>
<SP HEIGHT="72" WIDTH="42" VPOS="3068" HPOS="735"/>
<String CONTENT="Caroline." HEIGHT="60" WIDTH="306" VPOS="3067" HPOS="778"/>
</TextLine>
<TextLine HEIGHT="73" WIDTH="1515" VPOS="3161" HPOS="492" STYLEREFS="StyleId-1E0C51C2-1EAA-44D4-95ED-B08CCA01E8CC-" CS="1">
<String CS="1" CONTENT="&#8230;"/>
<SP HEIGHT="58" WIDTH="42" VPOS="3162" HPOS="492"/>
<String CONTENT="Motor" HEIGHT="59" WIDTH="208" VPOS="3162" HPOS="535"/>
<SP HEIGHT="58" WIDTH="35" VPOS="3161" HPOS="744"/>
<String CONTENT="West." HEIGHT="59" WIDTH="197" VPOS="3161" HPOS="780"/>
<SP HEIGHT="57" WIDTH="79" VPOS="3162" HPOS="978"/>
<String CONTENT="New" HEIGHT="57" WIDTH="153" VPOS="3162" HPOS="1058"/>
<SP HEIGHT="58" WIDTH="34" VPOS="3161" HPOS="1212"/>
<String CONTENT="York," HEIGHT="71" WIDTH="190" VPOS="3161" HPOS="1247"/>
<SP HEIGHT="70" WIDTH="36" VPOS="3162" HPOS="1438"/>
<String CONTENT="H." HEIGHT="60" WIDTH="79" VPOS="3162" HPOS="1475"/>
<SP HEIGHT="60" WIDTH="38" VPOS="3162" HPOS="1555"/>
<String CONTENT="Vinal," HEIGHT="73" WIDTH="207" VPOS="3161" HPOS="1594"/>
<SP HEIGHT="70" WIDTH="40" VPOS="3164" HPOS="1802"/>
<String CONTENT="1926." HEIGHT="56" WIDTH="164" VPOS="3163" HPOS="1843"/>
</TextLine>
<TextLine HEIGHT="51" WIDTH="1169" VPOS="3240" HPOS="418" CS="1">
<String CONTENT="6" HEIGHT="44" WIDTH="25" VPOS="3241" HPOS="418"/>
<SP/>
<String LANG="fr" CONTENT="p." HEIGHT="34" WIDTH="41" VPOS="3256" HPOS="468"/>
<SP HEIGHT="43" WIDTH="25" VPOS="3243" HPOS="510"/>
<String CS="1" CONTENT="l.,"/>
<SP HEIGHT="50" WIDTH="26" VPOS="3240" HPOS="579"/>
<String CONTENT="120" HEIGHT="45" WIDTH="80" VPOS="3240" HPOS="606"/>
<SP HEIGHT="47" WIDTH="22" VPOS="3242" HPOS="687"/>
<String CONTENT="p." HEIGHT="34" WIDTH="41" VPOS="3255" HPOS="710"/>
<SP HEIGHT="42" WIDTH="60" VPOS="3240" HPOS="752"/>
<String CONTENT="front.," HEIGHT="50" WIDTH="155" VPOS="3240" HPOS="813"/>
<SP HEIGHT="35" WIDTH="22" VPOS="3256" HPOS="969"/>
<String CONTENT="plates," HEIGHT="49" WIDTH="159" VPOS="3242" HPOS="992"/>
<SP HEIGHT="50" WIDTH="25" VPOS="3240" HPOS="1152"/>
<String CS="1" CONTENT="fold."/>
<SP HEIGHT="36" WIDTH="28" VPOS="3250" HPOS="1290"/>
<String CONTENT="tables." HEIGHT="46" WIDTH="155" VPOS="3240" HPOS="1319"/>
<SP HEIGHT="43" WIDTH="62" VPOS="3240" HPOS="1475"/>
<String CS="1" CONTENT="18&#189;cm." HEIGHT="45" WIDTH="49" VPOS="3240" HPOS="1538"/>
</TextLine>
<TextLine HEIGHT="55" WIDTH="1795" VPOS="3292" HPOS="350" CS="1">
<String CONTENT="&#169;" HEIGHT="53" WIDTH="52" VPOS="3294" HPOS="350"/>
<SP HEIGHT="53" WIDTH="29" VPOS="3294" HPOS="403"/>
<String CONTENT="Oct." HEIGHT="43" WIDTH="102" VPOS="3296" HPOS="433"/>
<SP HEIGHT="41" WIDTH="31" VPOS="3296" HPOS="536"/>
<String CONTENT="1," HEIGHT="49" WIDTH="34" VPOS="3296" HPOS="568"/>
<SP HEIGHT="49" WIDTH="32" VPOS="3296" HPOS="603"/>
<String CONTENT="1926;" HEIGHT="52" WIDTH="129" VPOS="3294" HPOS="636"/>
<SP HEIGHT="51" WIDTH="29" VPOS="3295" HPOS="766"/>
<String CS="1" CONTENT="2c." HEIGHT="41" WIDTH="65" VPOS="3295" HPOS="796"/>
<SP HEIGHT="41" WIDTH="29" VPOS="3295" HPOS="862"/>
<String CONTENT="Dec." HEIGHT="42" WIDTH="109" VPOS="3295" HPOS="892"/>
<SP HEIGHT="42" WIDTH="30" VPOS="3295" HPOS="1002"/>
<String CONTENT="4;" HEIGHT="51" WIDTH="49" VPOS="3295" HPOS="1033"/>
<SP HEIGHT="37" WIDTH="30" VPOS="3309" HPOS="1083"/>
<String CONTENT="aff." HEIGHT="41" WIDTH="79" VPOS="3296" HPOS="1114"/>
<SP HEIGHT="42" WIDTH="30" VPOS="3295" HPOS="1194"/>
<String CONTENT="Nov." HEIGHT="42" WIDTH="119" VPOS="3295" HPOS="1225"/>
<SP HEIGHT="42" WIDTH="28" VPOS="3295" HPOS="1345"/>
<String CONTENT="30;" HEIGHT="51" WIDTH="77" VPOS="3294" HPOS="1374"/>
<SP HEIGHT="51" WIDTH="32" VPOS="3294" HPOS="1452"/>
<!-- cceid 05D0667D-6E1B-1014-9B7B-CA07F191E62B --><String CONTENT="A" HEIGHT="42" WIDTH="44" VPOS="3294" HPOS="1485"/>
<SP HEIGHT="43" WIDTH="29" VPOS="3294" HPOS="1530"/>
<String CONTENT="957469;" HEIGHT="54" WIDTH="188" VPOS="3292" HPOS="1560"/>
<SP HEIGHT="51" WIDTH="33" VPOS="3295" HPOS="1749"/>
<String CONTENT="Harold" HEIGHT="45" WIDTH="181" VPOS="3293" HPOS="1783"/>
<SP HEIGHT="44" WIDTH="29" VPOS="3294" HPOS="1965"/>
<String CONTENT="Vinal." HEIGHT="44" WIDTH="150" VPOS="3294" HPOS="1995"/>
</TextLine>
<TextLine HEIGHT="57" WIDTH="268" VPOS="3350" HPOS="429">
<String CONTENT="(26-22547)" HEIGHT="57" WIDTH="268" VPOS="3350" HPOS="429"/>
</TextLine>
<TextLine HEIGHT="74" WIDTH="1117" VPOS="3436" HPOS="349" STYLEREFS="StyleId-1E0C51C2-1EAA-44D4-95ED-B08CCA01E8CC-">
<String CONTENT="Robins," HEIGHT="69" WIDTH="251" VPOS="3436" HPOS="349"/>
<SP HEIGHT="68" WIDTH="38" VPOS="3437" HPOS="601"/>
<String CONTENT="Helen" HEIGHT="59" WIDTH="202" VPOS="3436" HPOS="640"/>
<SP HEIGHT="58" WIDTH="34" VPOS="3437" HPOS="843"/>
<String CONTENT="Josephine," HEIGHT="74" WIDTH="359" VPOS="3436" HPOS="878"/>
<SP HEIGHT="68" WIDTH="37" VPOS="3441" HPOS="1238"/>
<String CONTENT="1871-" HEIGHT="57" WIDTH="190" VPOS="3440" HPOS="1276"/>
</TextLine>
<TextLine HEIGHT="76" WIDTH="1921" VPOS="3527" HPOS="422" STYLEREFS="StyleId-1E0C51C2-1EAA-44D4-95ED-B08CCA01E8CC-">
<String CONTENT="An" HEIGHT="58" WIDTH="102" VPOS="3529" HPOS="422"/>
<SP HEIGHT="58" WIDTH="37" VPOS="3529" HPOS="525"/>
<String CONTENT="introduction" HEIGHT="60" WIDTH="427" VPOS="3527" HPOS="563"/>
<SP HEIGHT="56" WIDTH="37" VPOS="3532" HPOS="991"/>
<String CONTENT="to" HEIGHT="56" WIDTH="66" VPOS="3532" HPOS="1029"/>
<SP HEIGHT="55" WIDTH="38" VPOS="3534" HPOS="1096"/>
<String CONTENT="the" HEIGHT="59" WIDTH="104" VPOS="3530" HPOS="1135"/>
<SP HEIGHT="39" WIDTH="42" VPOS="3549" HPOS="1240"/>
<String CONTENT="study" HEIGHT="73" WIDTH="187" VPOS="3530" HPOS="1283"/>
<SP HEIGHT="53" WIDTH="39" VPOS="3550" HPOS="1471"/>
<String CONTENT="of" HEIGHT="59" WIDTH="69" VPOS="3532" HPOS="1511"/>
<SP HEIGHT="57" WIDTH="39" VPOS="3532" HPOS="1581"/>
<String CONTENT="rhetoric;" HEIGHT="75" WIDTH="303" VPOS="3527" HPOS="1621"/>
<SP HEIGHT="52" WIDTH="40" VPOS="3550" HPOS="1925"/>
<String CONTENT="a" HEIGHT="39" WIDTH="37" VPOS="3550" HPOS="1966"/>
<SP HEIGHT="40" WIDTH="42" VPOS="3549" HPOS="2004"/>
<String CONTENT="study" HEIGHT="70" WIDTH="187" VPOS="3531" HPOS="2047"/>
<SP HEIGHT="52" WIDTH="40" VPOS="3549" HPOS="2235"/>
<String CONTENT="of" HEIGHT="58" WIDTH="67" VPOS="3530" HPOS="2276"/>
</TextLine>
<TextLine HEIGHT="138" WIDTH="1973" VPOS="3607" HPOS="345" STYLEREFS="StyleId-1E0C51C2-1EAA-44D4-95ED-B08CCA01E8CC-" CS="1">
<String CONTENT="words," HEIGHT="71" WIDTH="223" VPOS="3608" HPOS="346"/>
<SP HEIGHT="51" WIDTH="34" VPOS="3628" HPOS="570"/>
<String CONTENT="and" HEIGHT="59" WIDTH="125" VPOS="3608" HPOS="605"/>
<SP HEIGHT="58" WIDTH="33" VPOS="3608" HPOS="731"/>
<String CONTENT="sentences" HEIGHT="57" WIDTH="320" VPOS="3610" HPOS="765"/>
<SP HEIGHT="39" WIDTH="34" VPOS="3628" HPOS="1086"/>
<String CONTENT="and" HEIGHT="57" WIDTH="124" VPOS="3610" HPOS="1121"/>
<SP HEIGHT="70" WIDTH="28" VPOS="3610" HPOS="1246"/>
<String CONTENT="paragraphs," HEIGHT="75" WIDTH="421" VPOS="3607" HPOS="1275"/>
<SP HEIGHT="71" WIDTH="33" VPOS="3609" HPOS="1697"/>
<String CONTENT="by" HEIGHT="71" WIDTH="84" VPOS="3609" HPOS="1731"/>
<SP HEIGHT="72" WIDTH="31" VPOS="3608" HPOS="1816"/>
<String CONTENT="Helen" HEIGHT="59" WIDTH="202" VPOS="3608" HPOS="1848"/>
<SP HEIGHT="58" WIDTH="32" VPOS="3609" HPOS="2051"/>
<String CONTENT="J." HEIGHT="58" WIDTH="61" VPOS="3609" HPOS="2084"/>
<SP HEIGHT="56" WIDTH="36" VPOS="3610" HPOS="2146"/>
<String CONTENT="Robins" HEIGHT="136" WIDTH="1973" VPOS="3609" HPOS="345"/>
<SP HEIGHT="40" WIDTH="48" VPOS="3705" HPOS="444"/>
<String CS="1" CONTENT="&#8230;"/>
<SP HEIGHT="39" WIDTH="48" VPOS="3703" HPOS="555"/>
<String CONTENT="and" HEIGHT="57" WIDTH="124" VPOS="3687" HPOS="604"/>
</TextLine>
<TextLine HEIGHT="74" WIDTH="1571" VPOS="3684" HPOS="768" STYLEREFS="StyleId-1E0C51C2-1EAA-44D4-95ED-B08CCA01E8CC-" CS="1">
<String CONTENT="Agnes" HEIGHT="73" WIDTH="215" VPOS="3685" HPOS="768"/>
<SP HEIGHT="60" WIDTH="40" VPOS="3685" HPOS="984"/>
<String CONTENT="F." HEIGHT="62" WIDTH="71" VPOS="3685" HPOS="1025"/>
<SP HEIGHT="62" WIDTH="42" VPOS="3685" HPOS="1097"/>
<String CONTENT="Perkins" HEIGHT="62" WIDTH="267" VPOS="3684" HPOS="1140"/>
<SP HEIGHT="39" WIDTH="46" VPOS="3707" HPOS="1408"/>
<String CS="1" CONTENT="&#8230;"/>
<SP HEIGHT="57" WIDTH="87" VPOS="3688" HPOS="1517"/>
<String CONTENT="3d" HEIGHT="58" WIDTH="77" VPOS="3688" HPOS="1605"/>
<SP HEIGHT="58" WIDTH="41" VPOS="3688" HPOS="1683"/>
<String CONTENT="ed.," HEIGHT="71" WIDTH="112" VPOS="3687" HPOS="1725"/>
<SP HEIGHT="52" WIDTH="43" VPOS="3706" HPOS="1838"/>
<String CONTENT="rev." HEIGHT="39" WIDTH="126" VPOS="3705" HPOS="1882"/>
<SP HEIGHT="37" WIDTH="46" VPOS="3707" HPOS="2009"/>
<String CONTENT="and" HEIGHT="57" WIDTH="124" VPOS="3688" HPOS="2056"/>
<SP HEIGHT="57" WIDTH="43" VPOS="3688" HPOS="2181"/>
<String CONTENT="enl." HEIGHT="59" WIDTH="114" VPOS="3687" HPOS="2225"/>
</TextLine>
<TextLine HEIGHT="74" WIDTH="1459" VPOS="3762" HPOS="347" STYLEREFS="StyleId-1E0C51C2-1EAA-44D4-95ED-B08CCA01E8CC-">
<String CONTENT="New" HEIGHT="57" WIDTH="151" VPOS="3765" HPOS="347"/>
<SP HEIGHT="58" WIDTH="22" VPOS="3763" HPOS="499"/>
<String CONTENT="York," HEIGHT="72" WIDTH="191" VPOS="3762" HPOS="522"/>
<SP HEIGHT="70" WIDTH="28" VPOS="3764" HPOS="714"/>
<String CONTENT="The" HEIGHT="60" WIDTH="130" VPOS="3764" HPOS="743"/>
<SP HEIGHT="62" WIDTH="25" VPOS="3762" HPOS="874"/>
<String CONTENT="Macmillan" HEIGHT="60" WIDTH="359" VPOS="3762" HPOS="900"/>
<SP HEIGHT="40" WIDTH="28" VPOS="3782" HPOS="1260"/>
<String CONTENT="company," HEIGHT="54" WIDTH="322" VPOS="3782" HPOS="1289"/>
<SP HEIGHT="71" WIDTH="28" VPOS="3765" HPOS="1612"/>
<String CONTENT="1926." HEIGHT="56" WIDTH="165" VPOS="3765" HPOS="1641"/>
</TextLine>
<TextLine HEIGHT="53" WIDTH="477" VPOS="3839" HPOS="414" CS="1">
<String CONTENT="xii," HEIGHT="53" WIDTH="81" VPOS="3839" HPOS="414"/>
<SP/>
<String CONTENT="357" HEIGHT="46" WIDTH="80" VPOS="3841" HPOS="526"/>
<SP HEIGHT="50" WIDTH="32" VPOS="3842" HPOS="607"/>
<String CONTENT="p." HEIGHT="35" WIDTH="41" VPOS="3857" HPOS="640"/>
<SP HEIGHT="43" WIDTH="61" VPOS="3842" HPOS="682"/>
<String CS="1" CONTENT="19&#189;" HEIGHT="44" WIDTH="51" VPOS="3842" HPOS="744"/>
<String STYLE="superscript" CONTENT="cm" HEIGHT="19" WIDTH="48" VPOS="3844" HPOS="827"/>
<String CONTENT="." HEIGHT="8" WIDTH="8" VPOS="3878" HPOS="883"/>
</TextLine>
<TextLine HEIGHT="54" WIDTH="1641" VPOS="3894" HPOS="347" CS="1">
<String CONTENT="&#169;" HEIGHT="53" WIDTH="52" VPOS="3894" HPOS="347"/>
<SP HEIGHT="53" WIDTH="26" VPOS="3894" HPOS="400"/>
<String CONTENT="Nov." HEIGHT="43" WIDTH="117" VPOS="3896" HPOS="427"/>
<SP HEIGHT="43" WIDTH="24" VPOS="3896" HPOS="545"/>
<String CONTENT="30," HEIGHT="50" WIDTH="66" VPOS="3896" HPOS="570"/>
<SP HEIGHT="49" WIDTH="27" VPOS="3897" HPOS="637"/>
<String CONTENT="1926;" HEIGHT="53" WIDTH="128" VPOS="3895" HPOS="665"/>
<SP HEIGHT="53" WIDTH="24" VPOS="3895" HPOS="794"/>
<String CONTENT="2c." HEIGHT="43" WIDTH="67" VPOS="3895" HPOS="819"/>
<SP HEIGHT="27" WIDTH="24" VPOS="3911" HPOS="887"/>
<String CONTENT="and" HEIGHT="42" WIDTH="86" VPOS="3896" HPOS="912"/>
<SP HEIGHT="42" WIDTH="25" VPOS="3896" HPOS="999"/>
<String CONTENT="aff." HEIGHT="42" WIDTH="78" VPOS="3896" HPOS="1025"/>
<SP HEIGHT="42" WIDTH="25" VPOS="3896" HPOS="1104"/>
<String CONTENT="Dec." HEIGHT="43" WIDTH="108" VPOS="3896" HPOS="1130"/>
<SP HEIGHT="41" WIDTH="28" VPOS="3898" HPOS="1239"/>
<String CS="1" CONTENT="1;" HEIGHT="40" WIDTH="16" VPOS="3898" HPOS="1268"/>
<SP HEIGHT="51" WIDTH="27" VPOS="3897" HPOS="1314"/>
<!-- cceid 05D07F26-6E1B-1014-9B7B-CA07F191E62B --><String CONTENT="A" HEIGHT="42" WIDTH="44" VPOS="3897" HPOS="1342"/>
<SP HEIGHT="43" WIDTH="23" VPOS="3896" HPOS="1387"/>
<String CONTENT="958195;" HEIGHT="53" WIDTH="190" VPOS="3894" HPOS="1411"/>
<SP HEIGHT="50" WIDTH="30" VPOS="3897" HPOS="1602"/>
<String CONTENT="Macmillan" HEIGHT="44" WIDTH="265" VPOS="3895" HPOS="1633"/>
<SP HEIGHT="28" WIDTH="23" VPOS="3912" HPOS="1899"/>
<String CONTENT="co." HEIGHT="28" WIDTH="65" VPOS="3912" HPOS="1923"/>
</TextLine>
<TextLine HEIGHT="56" WIDTH="267" VPOS="3951" HPOS="428">
<String CONTENT="(26-22215)" HEIGHT="56" WIDTH="267" VPOS="3951" HPOS="428"/>
</TextLine>
</TextBlock>
</PrintSpace>
</Page>
</Layout>
</alto>