2542 4285
1126 3955 109 55 901

160 437 184 72 tions,
392 434 147 58 with
589 430 416 73 descriptions
1057 429 68 58 of
1170 427 331 58 medicinal
1552 427 380 69 substances,
1983 427 163 55 their

161 511 371 74 properties,
566 528 164 51 uses,
769 508 122 56 and
926 508 202 69 doses,
1165 508 122 56 and
1325 505 148 56 such
1511 505 177 55 other
1723 502 422 73 professional

163 589 234 58 service
426 587 64 56 in
517 583 361 62 connection
905 583 152 58 with
1086 580 378 73 community
1488 579 213 58 health
1731 598 68 39 as
1830 582 103 56 the
159 581 1965 142 pharmacist

405 681 143 53 may
572 664 75 56 be
673 662 197 57 called
894 679 168 53 upon
1089 663 61 53 to
1181 659 245 69 render,
1453 658 296 59 intended
1777 656 102 57 for
1908 657 103 57 the
2037 677 111 38 use

163 742 68 57 of
256 738 416 76 pharmacists
704 741 123 56 and
856 736 360 74 physicians
1248 738 122 56 and
1402 758 67 37 as
1502 754 38 37 a
1567 734 294 57 textbook
1888 734 103 56 for
165 737 1959 150 students;

435 834 148 39 over
638 813 169 72 eight
864 814 284 56 hundred
1201 812 439 57 illustrations.
1738 812 103 56 7th
1902 811 111 57 ed.
2069 813 80 68 by

163 888 1959 154 E. Fullerton Cook … and Charles H. La Wall … Philadelphia
451 970 120 56 and
606 969 277 71 London,
923 967 60 57 J.
1019 967 71 56 B.
1127 966 364 73 Lippincott
1528 983 305 54 company
1872 994 12 43 [
1888 974 18 22 c
1910 966 164 71 1926]

232 1046 128 51 xxiv,
386 1045 110 44 2090
519 1059 39 38 p.
586 1044 101 42 incl.
716 1043 132 53 illus.,
875 1043 158 50 tables,
1066 1043 162 42 forms.
1288 1043 54 43 24
1348 1046 46 17 cm
1400 1078 7 7 .

163 1098 55 55 ©
246 1102 110 53 July
386 1100 62 50 15,
484 1101 128 50 1926;
643 1102 63 40 2c.
739 1099 90 45 and
861 1098 78 46 aff.
971 1099 108 53 July
1109 1099 77 51 26;
1220 1098 43 42 A
1296 1098 188 51 901271;
1518 1099 41 52 J.
1594 1098 48 43 B.
1678 1097 263 53 Lippincott
1975 1112 64 29 co.

244 1156 270 54 (26-14136)

170 1225 264 73 Riddell,
473 1225 314 58 Florence.

242 1303 248 57 Kismet
516 1303 63 55 in
605 1303 243 70 Kenya,
930 1302 175 71 chap.
1136 1303 125 55 1-4.

264 1384 59 40 (In
353 1383 144 40 Home
522 1381 254 51 magazine,
803 1382 132 50 Aug.,
963 1381 126 50 1926)

167 1435 53 54 ©
274 1452 34 28 1c.
338 1436 121 52 Sept.
487 1439 64 47 22,
581 1437 129 50 1926;
739 1436 44 41 A
809 1435 58 44 ad
894 1436 80 43 int.
1001 1434 133 52 8544;
1163 1434 135 53 pubd.
1327 1435 108 53 July
1462 1435 76 50 26;
1568 1433 49 44 F.
1647 1433 197 53 Riddell,
1875 1435 281 53 Inglehome,

238 1491 248 54 Highgate,
515 1490 226 54 England.

171 1561 333 69 Robinson,
535 1562 359 56 Alexander
928 1561 333 69 Cochrane,
1297 1564 188 56 1864-

172 1639 1961 136 … Creating and conserving estates; cooperation between
402 1716 111 58 life
546 1717 332 57 insurance
915 1718 122 56 and
1071 1720 167 53 trust
1275 1717 371 71 companies,
1682 1718 83 71 by
1799 1717 359 58 Alexander

176 1794 1980 74 C. Robinson and Edward A. Woods … New York, F. S.
174 1872 215 59 Crofts
436 1872 48 57 &
531 1892 106 53 co.,
686 1874 165 55 1926.

241 1966 73 36 xv,
348 1949 81 46 276
462 1963 59 41 p.
564 1950 129 51 illus.,
727 1949 167 54 diagrs.
958 1950 50 44 19½
1042 1952 45 17 cm
1095 1986 9 8 .
1203 1947 123 55 (The
1361 1948 325 46 International
1719 1950 80 44 life
1831 1950 323 44 underwriters

176 2008 194 53 library)

247 2064 273 52 “Approved
545 2064 58 51 by
631 2063 215 44 National
872 2063 270 43 association
1167 2064 50 42 of
1245 2060 79 45 life
1347 2061 335 51 underwriters,
1713 2061 102 48 Life
1842 2061 320 46 underwriters

177 2119 272 46 association
474 2120 50 45 of
553 2119 193 52 Canada,
776 2118 250 46 Executive
1052 2119 256 43 committee
1335 2118 141 45 Trust
1502 2133 219 39 company
1747 2119 205 50 division,
174 2119 1966 102 American
287 2176 194 45 bankers
514 2174 312 46 association.”

245 2232 328 45 “References”
590 2248 9 28 :
629 2247 39 38 p.
701 2230 247 53 [241]-245;
981 2231 291 52 Bibliography
1322 2247 9 27 :
1362 2247 40 37 p.
1431 2231 203 45 259-260.

170 2286 57 53 ©
252 2288 109 52 July
385 2288 65 51 21,
482 2288 104 43 1926
601 2301 8 36 ;
641 2289 63 41 2c.
733 2286 90 43 and
852 2286 77 44 aff.
958 2287 108 52 July
1094 2286 77 51 27;
1202 2286 44 42 A
1274 2287 189 50 901269;
1496 2284 49 45 F.
1577 2286 45 46 S.
1653 2284 164 46 Crofts
1847 2288 37 43 &
1913 2301 78 33 co.,
2026 2287 83 43 inc.

251 2342 269 55 (26-14267)

179 2413 381 72 Scholefield,
599 2413 234 58 Robert
868 2413 61 58 S.

251 2491 274 72 Seventy
572 2510 185 52 years
811 2510 116 52 ago
978 2491 234 70 to-day.
1316 2491 289 58 Bernard
1658 2490 186 59 Shaw
1895 2495 122 56 and
2068 2492 97 59 his

173 2569 365 72 birthplace.

273 2648 59 40 (In
358 2648 184 40 London
568 2647 140 51 Daily
733 2647 150 51 news)

176 2700 1994 56 © 1c. Sept. 22, 1926; A ad int. 8545; pubd. July 26; R. S. Scholefield,
246 2756 112 46 East
385 2755 343 54 Twickenham,
760 2756 277 52 Middlesex,
1069 2756 226 53 England.

182 2827 312 69 Schouler,
534 2828 230 57 James.

256 2904 424 72 Supplement,
711 2905 165 70 1926,
910 2904 299 58 Schouler
1240 2924 79 38 on
1346 2904 177 75 wills,
1555 2910 324 54 executors
1912 2908 123 56 and
176 2908 1969 131 administrators.

702 2982 103 57 6th
847 2984 89 55 ed.
1018 2982 330 73 Including
1390 2983 83 56 all
1512 2983 307 60 decisions
1861 2984 167 57 from
2066 2986 103 57 the

177 3058 382 72 publication
593 3058 69 57 of
692 3060 104 56 the
833 3059 166 57 sixth
1034 3059 235 58 edition
1302 3060 64 56 in
1401 3062 147 56 1923
1582 3064 62 55 to
1681 3062 163 70 date,
1879 3064 82 69 by
179 3062 1968 130 Samuel

178 3134 1966 150 W. Eager … Albany, N. Y., Matthew Bender & company,
392 3212 460 75 incorporated,
886 3215 166 57 1926.

250 3287 77 52 lix,
356 3287 79 45 505
461 3302 41 38 p.
561 3290 56 43 24
622 3292 47 16 cm
675 3325 8 8 .

181 3342 52 53 ©
261 3344 120 53 Aug.
410 3345 65 50 30,
509 3345 128 51 1926;
669 3347 64 41 2c.
764 3345 90 45 and
884 3346 79 43 aff.
994 3346 120 54 Aug.
1146 3348 77 50 31;
1256 3348 44 42 A
1330 3349 188 51 901686;
1554 3349 223 45 Matthew
1809 3350 183 43 Bender
2024 3351 37 43 &
2092 3366 80 38 co.,

328 3435 7 7 inc.

184 3470 253 71 Seltzer,
475 3471 254 57 Charles
761 3472 221 70 Alden,
1019 3476 187 57 1875-

258 3546 129 59 The
419 3548 353 70 gentleman
805 3549 168 58 from
1002 3550 293 73 Virginia
1332 3554 111 71 [by]
1483 3552 258 61 Charles
1775 3554 205 57 Alden
182 3556 1966 125 Seltzer.

383 3624 248 58 Garden
673 3625 161 73 City,
876 3627 74 58 N.
990 3628 93 71 Y.,
1123 3629 386 73 Doubleday,
1551 3631 168 72 Page
1763 3632 46 56 &
1851 3652 322 54 company,

182 3700 165 57 1926.

252 3775 549 55 3 p. l., 300 p. 19½ cm .
183 3829 55 55 ©
263 3834 110 52 July
395 3834 65 50 23,
491 3835 127 50 1926;
648 3838 62 41 2c.
739 3836 90 43 and
857 3836 79 44 aff.
963 3838 121 53 Aug.
1114 3838 48 53 7;
1191 3840 44 42 A
1260 3840 189 51 897712;
1481 3839 48 45 C.
1558 3841 55 43 A.
1644 3841 189 52 Seltzer,
1864 3844 153 43 North
256 3844 1899 97 Olmstead,

436 3889 52 44 O.
558 3890 269 56 (26-14383)
