2542 4285
1093 3956 108 57 675

143 355 188 68 Nash,
369 355 151 71 Roy.

222 444 128 58 The
380 444 293 69 conquest
704 440 68 57 of
799 438 230 74 Brazil,
1061 440 83 69 by
1172 438 138 70 Roy
1342 437 191 71 Nash,
1566 435 150 58 with
1748 435 168 71 eight
1947 454 181 52 maps

145 523 122 56 and
313 523 472 68 seventy-seven
830 516 438 57 illustrations.
1355 514 151 57 New
1551 513 189 71 York,
1789 512 340 70 Harcourt,

143 598 199 57 Brace
378 596 121 57 and
535 612 302 54 company
875 622 13 44 [
891 601 18 22 c
913 593 163 72 1926]

213 685 94 52 xvi,
334 685 83 44 438
446 699 41 37 p.
546 683 156 52 front.,
731 682 158 54 plates,
920 695 143 39 maps.
1122 683 52 44 22½
1210 683 47 18 cm
1262 715 10 10 .

215 755 184 43 “About
429 753 144 44 books
606 768 58 27 on
697 751 206 44 Brazil”:
938 766 40 39 p.
1010 751 204 44 399-401.

148 824 54 53 ©
233 827 114 51 June
382 825 62 50 10,
480 823 126 51 1926;
639 824 63 42 2c.
736 823 86 42 and
853 823 78 42 aff.
964 823 114 51 June
1116 819 73 54 15;
1223 822 44 41 A
1299 819 188 53 897143;
1524 821 244 50 Harcourt,
1805 822 142 41 Brace
1981 820 37 43 &
2050 834 79 37 co.,

220 882 80 42 inc.
370 880 266 54 (26-12472)

143 981 246 67 Nelson,
433 978 254 59 Charles
727 977 217 58 Emile.

225 1074 176 56 Let’s
433 1073 108 74 go!
625 1071 128 72 [By]
789 1069 63 60 C.
887 1070 72 57 E.
992 1068 248 59 Nelson.
1327 1069 269 72 [Kansas
1633 1067 159 73 City,
1826 1067 143 73 Mo.,
2003 1068 130 57 The

150 1149 289 73 Register
473 1147 358 74 publishing
864 1165 320 53 company,
1217 1154 20 21 c
1240 1147 166 70 1926]

219 1238 695 51 3 p. l., 60 p. port. 23½ cm .
219 1295 121 44 Title
367 1295 121 44 from
513 1308 149 29 cover.

223 1351 174 43 Poems.

151 1402 52 54 ©
229 1405 111 51 May
361 1402 67 51 25,
459 1401 126 52 1926;
612 1401 64 43 2c.
705 1401 87 42 and
816 1401 78 42 aff.
920 1401 114 51 June
1060 1400 49 51 3;
1140 1399 44 42 A
1209 1398 189 53 897131;
1430 1397 49 45 C.
1508 1397 52 48 E.
1589 1398 187 53 Nelson,
1804 1399 180 44 Kansas
2016 1398 117 54 City,

221 1461 93 43 Mo.
383 1456 268 57 (26-12375)

150 1558 188 72 Nock,
377 1557 222 57 Albert
637 1556 141 72 Jay.

227 1649 339 68 Jefferson,
600 1649 81 68 by
711 1648 222 55 Albert
967 1648 126 69 Jay
1127 1647 187 55 Nock.
1388 1647 151 55 New
1571 1647 188 71 York,
1795 1648 338 71 Harcourt,

148 1725 922 71 Brace and company [ c 1926]
221 1800 1437 54 5 p. l., 3-340 p. 2 port. (incl. front.) 2 facsim. 21½ cm .
151 1858 53 53 ©
227 1860 117 52 June
371 1857 61 52 17,
465 1858 104 43 1926
582 1872 9 38 ;
619 1858 64 42 2c.
711 1858 86 43 and
822 1858 78 43 aff.
926 1857 105 53 July
1057 1858 50 51 2;
1137 1857 44 42 A
1208 1857 190 52 891994;
1430 1858 246 52 Harcourt,
1706 1858 143 43 Brace
1876 1858 39 45 &
1942 1873 80 37 co.,
2051 1858 84 43 inc.

147 1972 337 67 Northend,
529 1972 186 72 Mary
757 1971 268 71 Harrod,
1072 1974 188 56 1850-

227 2061 282 58 Historic
558 2061 325 72 doorways
938 2062 66 56 of
1059 2061 117 58 Old
1230 2060 224 76 Salem,
1509 2062 83 72 by
1642 2062 188 72 Mary
1882 2062 255 59 Harrod

150 2140 342 73 Northend,
535 2139 357 58 illustrated
936 2138 166 58 from
1145 2139 432 72 photographs
1620 2140 83 72 by
1745 2140 102 57 the
1894 2141 243 56 author.

148 2219 239 56 Boston
422 2218 123 56 and
577 2217 150 57 New
760 2217 189 71 York,
985 2216 340 72 Houghton
1363 2215 214 58 Mifflin
1613 2236 322 53 company,
1971 2219 165 56 1926.

221 2311 71 30 xv.
328 2296 54 44 96
413 2310 38 38 p.
513 2295 149 48 front.,
699 2295 153 52 plates.
911 2295 49 41 21½
1002 2297 45 16 cm
1054 2329 8 8 .

149 2350 55 54 ©
232 2353 114 51 June
380 2353 60 51 11,
475 2352 104 43 1926
593 2366 8 36 ;
631 2352 65 42 2c.
725 2352 87 42 and
840 2351 78 42 aff.
947 2352 114 51 June
1095 2350 73 52 14;
1202 2350 43 43 A
1272 2350 190 53 891741;
1494 2352 66 41 M.
1590 2352 60 43 H.
1684 2352 251 50 Northend,
1972 2351 164 53 Salem,

223 2410 139 42 Mass.
431 2408 267 54 (26-12443)

145 2509 222 72 Noyes,
405 2506 281 60 William
720 2506 237 71 Albert,
999 2509 188 57 1857-

231 2598 270 73 Organic
530 2597 337 72 chemistry
895 2598 104 58 for
1031 2597 103 57 the
1164 2598 383 74 laboratory,
1578 2600 82 69 by
1687 2599 96 56 W.
1817 2599 74 57 A.
1925 2600 210 71 Noyes

220 2675 1917 75 … 5th ed., rev. Easton, Pa., The Chemical publishing
150 2776 118 50 co.;
303 2759 148 69 [etc.,
484 2759 129 68 etc.]
649 2755 165 57 1926.

218 2832 931 54 4 p. l., vii-xiii, 329 p. illus. 23½ cm .
220 2890 213 45 Contains
463 2889 320 44 “Literature”.

153 2944 52 53 ©
232 2946 113 52 June
370 2947 39 48 8,
441 2944 127 52 1926;
596 2945 64 42 2c.
688 2945 87 43 and
799 2945 78 42 aff.
904 2945 114 52 June
1050 2943 73 53 10;
1154 2944 44 42 A
1227 2943 188 53 897087;
1449 2942 196 49 Edward
1674 2945 136 52 Hart,
1840 2944 187 52 Easton,
2058 2946 79 43 Pa.

230 3000 269 55 (26-12351)

149 3098 345 70 O’Connell,
540 3098 282 73 Raphael
862 3099 73 57 V.

228 3189 131 58 Our
410 3190 194 71 Lady,
657 3190 336 56 mediatrix
1046 3190 68 56 of
1167 3189 84 57 all
1303 3208 238 54 graces,
1594 3190 81 73 by
1729 3191 283 71 Raphael
2067 3191 72 57 V.

153 3266 356 72 O’Connell,
575 3318 11 11 S.
660 3313 11 11 J.
753 3267 361 71 Baltimore,
1149 3267 146 72 Md.,
1328 3267 169 58 John
1529 3267 277 73 Murphy
1838 3287 304 54 company

153 3375 12 44 [
166 3355 20 20 c
191 3347 162 73 1926]

226 3422 352 55 121 p. 19½ cm .
155 3478 52 54 ©
240 3482 115 51 June.
389 3481 63 50 12,
488 3480 127 51 1926;
649 3481 64 43 2c.
748 3481 86 42 and
867 3480 77 43 aff.
979 3480 115 52 June
1131 3480 73 51 14;
1240 3479 43 43 A
1315 3479 189 52 891776;
1540 3481 118 52 John
1693 3481 201 52 Murphy
1927 3495 67 29 co.

233 3536 268 54 (26-12511)

151 3633 276 72 Orleans,
471 3635 194 58 Jacob
709 3633 265 70 Samuel,
1020 3637 187 56 1899-

150 3723 1990 151 A study of the nature of difficulty, by Jacob S. Orleans … New York city, Teachers college, Columbia
149 3877 370 73 university,
553 3878 165 57 1926.
