<alto xmlns="http://www.loc.gov/standards/alto/ns-v3#" xmlns:xlink="http://www.w3.org/1999/xlink" xmlns:xsi="http://www.w3.org/2001/XMLSchema-instance" xsi:schemaLocation="http://www.loc.gov/standards/alto/ns-v3# http://www.loc.gov/alto/v3/alto-3-0.xsd"><Description>
<MeasurementUnit>pixel</MeasurementUnit>
<sourceImageInformation>
<fileName>1926_v23_Part001.pdf</fileName>
</sourceImageInformation>
<OCRProcessing ID="IdOcr">
<ocrProcessingStep>
<processingDateTime>2019-04-10</processingDateTime>
<processingSoftware>
<softwareCreator>ABBYY</softwareCreator>
<softwareName>ABBYY Recognition Server</softwareName>
<softwareVersion>4.0</softwareVersion>
</processingSoftware>
</ocrProcessingStep>
</OCRProcessing>
</Description>
<Styles>
<ParagraphStyle ID="StyleId-FFFFFFFF-FFFF-FFFF-FFFF-FFFFFFFFFFFF-" ALIGN="Left" LEFT="0." RIGHT="0." FIRSTLINE="0."/>
<ParagraphStyle ID="StyleId-22C3EA86-D171-42E2-A7D2-9A866F7D91F9-" ALIGN="Left" LEFT="0." RIGHT="0." FIRSTLINE="0." LINESPACE="8.300000191"/>
<ParagraphStyle ID="StyleId-E3FA4CC6-F5E5-41CA-B4C4-90085BF71B6C-" ALIGN="Block" LEFT="0." RIGHT="0." FIRSTLINE="-14." LINESPACE="8.050000191"/>
<ParagraphStyle ID="StyleId-41118DB3-028A-4115-95B3-BB512DD0EDAE-" ALIGN="Left" LEFT="0." RIGHT="0." FIRSTLINE="-13." LINESPACE="13.30000019"/>
<ParagraphStyle ID="StyleId-A2FB4C2B-BF87-45AD-9689-33B0118FBFC1-" ALIGN="Block" LEFT="0." RIGHT="0." FIRSTLINE="-14." LINESPACE="11.06999969"/>
<ParagraphStyle ID="StyleId-BBBA7B5D-FE2B-4BC7-AC7D-F142900C21B8-" ALIGN="Block" LEFT="0." RIGHT="0." FIRSTLINE="0." LINESPACE="8.899999619"/>
<ParagraphStyle ID="StyleId-3CEA3EEE-4341-4E33-9EF0-A9438AB90A9B-" ALIGN="Center" LEFT="0." RIGHT="0." FIRSTLINE="0." LINESPACE="12.19999981"/>
<ParagraphStyle ID="StyleId-817955BE-3120-4B53-BBD3-920BAE733BFF-" ALIGN="Left" LEFT="0." RIGHT="0." FIRSTLINE="0." LINESPACE="12.19999981"/>
<ParagraphStyle ID="StyleId-456A266C-F799-486A-ACB1-75B61E9815AB-" ALIGN="Left" LEFT="0." RIGHT="0." FIRSTLINE="-13." LINESPACE="8.18999958"/>
<ParagraphStyle ID="StyleId-6A1E9ED6-E5EA-4E31-BD5A-88089B8D7134-" ALIGN="Right" LEFT="0." RIGHT="0." FIRSTLINE="0." LINESPACE="7.699999809"/>
<ParagraphStyle ID="StyleId-C11ABF73-04BC-4F6E-B7E4-01FCA3A26756-" ALIGN="Left" LEFT="0." RIGHT="0." FIRSTLINE="-13." LINESPACE="12.19999981"/>
<ParagraphStyle ID="StyleId-662CF6CF-DB5F-40BE-AD24-E877ED82DD6F-" ALIGN="Block" LEFT="0." RIGHT="0." FIRSTLINE="-14." LINESPACE="11.06999969"/>
<ParagraphStyle ID="StyleId-9361006B-74B5-41BD-BFD3-03318AD64910-" ALIGN="Left" LEFT="0." RIGHT="0." FIRSTLINE="0." LINESPACE="8.899999619"/>
</Styles>
<Layout>
<Page ID="Page1043" PHYSICAL_IMG_NR="1043" HEIGHT="4285" WIDTH="2542">
<TopMargin HEIGHT="368" WIDTH="2542" VPOS="0" HPOS="0">
</TopMargin>
<LeftMargin HEIGHT="3595" WIDTH="58" VPOS="368" HPOS="0">
</LeftMargin>
<RightMargin HEIGHT="3595" WIDTH="468" VPOS="368" HPOS="2074">
</RightMargin>
<BottomMargin HEIGHT="322" WIDTH="2542" VPOS="3963" HPOS="0">
<TextBlock ID="Page1043_Block1" HEIGHT="95" WIDTH="317" VPOS="3976" HPOS="968" LANG="en-US" STYLEREFS="StyleId-E9D4E4B1-A3B3-4148-9C67-4892F4E54390-">
<TextLine HEIGHT="58" WIDTH="150" VPOS="4005" HPOS="990">
<String CONTENT="1043" HEIGHT="58" WIDTH="150" VPOS="4005" HPOS="990"/>
</TextLine>
</TextBlock>
<GraphicalElement ID="Page1043_Block2" HEIGHT="187" WIDTH="16" VPOS="3963" HPOS="2508"/>
<GraphicalElement ID="Page1043_Block3" HEIGHT="181" WIDTH="20" VPOS="3963" HPOS="2522"/>
</BottomMargin>
<PrintSpace HEIGHT="3595" WIDTH="2016" VPOS="368" HPOS="58">
<TextBlock ID="Page1043_Block4" HEIGHT="3595" WIDTH="2016" VPOS="368" HPOS="58" LANG="en-US" CS="1" STYLEREFS="StyleId-F5A487CD-C9E7-463E-B4C3-4A74F545331C-">
<TextLine HEIGHT="51" WIDTH="359" VPOS="474" HPOS="140" STYLEREFS="StyleId-89C7666B-9CD9-4869-8BD1-CEDFCA9ABE10-" CS="1">
<String CONTENT="274" HEIGHT="47" WIDTH="82" VPOS="474" HPOS="140"/>
<SP HEIGHT="46" WIDTH="27" VPOS="479" HPOS="223"/>
<String CONTENT="p." HEIGHT="35" WIDTH="41" VPOS="490" HPOS="251"/>
<SP HEIGHT="42" WIDTH="61" VPOS="475" HPOS="293"/>
<String CS="1" CONTENT="19&#189;cm." HEIGHT="44" WIDTH="144" VPOS="475" HPOS="355"/>
</TextLine>
<TextLine HEIGHT="58" WIDTH="1984" VPOS="522" HPOS="77">
<String CONTENT="&#169;" HEIGHT="53" WIDTH="53" VPOS="527" HPOS="77"/>
<SP HEIGHT="53" WIDTH="30" VPOS="527" HPOS="131"/>
<String CONTENT="Sept." HEIGHT="51" WIDTH="118" VPOS="529" HPOS="162"/>
<SP HEIGHT="42" WIDTH="33" VPOS="529" HPOS="281"/>
<String CONTENT="17," HEIGHT="51" WIDTH="61" VPOS="527" HPOS="315"/>
<SP HEIGHT="50" WIDTH="33" VPOS="528" HPOS="377"/>
<String CONTENT="1926;" HEIGHT="51" WIDTH="129" VPOS="527" HPOS="411"/>
<SP HEIGHT="51" WIDTH="28" VPOS="527" HPOS="541"/>
<String CONTENT="2c." HEIGHT="42" WIDTH="64" VPOS="527" HPOS="570"/>
<SP HEIGHT="45" WIDTH="31" VPOS="526" HPOS="635"/>
<String CONTENT="Sept." HEIGHT="52" WIDTH="120" VPOS="526" HPOS="667"/>
<SP HEIGHT="42" WIDTH="28" VPOS="526" HPOS="788"/>
<String CONTENT="22;" HEIGHT="51" WIDTH="78" VPOS="526" HPOS="817"/>
<SP HEIGHT="38" WIDTH="29" VPOS="539" HPOS="896"/>
<String CONTENT="aff." HEIGHT="43" WIDTH="78" VPOS="525" HPOS="926"/>
<SP HEIGHT="47" WIDTH="34" VPOS="523" HPOS="1005"/>
<String CONTENT="Sept." HEIGHT="53" WIDTH="119" VPOS="523" HPOS="1040"/>
<SP HEIGHT="43" WIDTH="29" VPOS="524" HPOS="1160"/>
<String CONTENT="20;" HEIGHT="52" WIDTH="76" VPOS="524" HPOS="1190"/>
<SP HEIGHT="51" WIDTH="32" VPOS="525" HPOS="1267"/>
<!-- cceid 0448AEF8-6E1B-1014-9B7B-CA07F191E62B --><String CONTENT="A" HEIGHT="41" WIDTH="44" VPOS="525" HPOS="1300"/>
<SP HEIGHT="43" WIDTH="29" VPOS="525" HPOS="1345"/>
<String CONTENT="950119;" HEIGHT="54" WIDTH="190" VPOS="522" HPOS="1375"/>
<SP HEIGHT="53" WIDTH="32" VPOS="523" HPOS="1566"/>
<String CONTENT="George" HEIGHT="53" WIDTH="176" VPOS="523" HPOS="1599"/>
<SP HEIGHT="43" WIDTH="28" VPOS="524" HPOS="1776"/>
<String CONTENT="H." HEIGHT="43" WIDTH="63" VPOS="524" HPOS="1805"/>
<SP HEIGHT="42" WIDTH="32" VPOS="524" HPOS="1869"/>
<String CONTENT="Doran" HEIGHT="43" WIDTH="159" VPOS="524" HPOS="1902"/>
</TextLine>
<TextLine HEIGHT="56" WIDTH="400" VPOS="583" HPOS="146">
<String CONTENT="co." HEIGHT="28" WIDTH="64" VPOS="601" HPOS="146"/>
<SP HEIGHT="53" WIDTH="67" VPOS="586" HPOS="211"/>
<String CONTENT="(26-16203)" HEIGHT="56" WIDTH="267" VPOS="583" HPOS="279"/>
</TextLine>
<TextLine HEIGHT="74" WIDTH="934" VPOS="683" HPOS="73" STYLEREFS="StyleId-89C7666B-9CD9-4869-8BD1-CEDFCA9ABE10-">
<String CONTENT="Remington," HEIGHT="72" WIDTH="389" VPOS="685" HPOS="73"/>
<SP HEIGHT="73" WIDTH="49" VPOS="684" HPOS="463"/>
<String CONTENT="Harold," HEIGHT="72" WIDTH="256" VPOS="683" HPOS="513"/>
<SP HEIGHT="69" WIDTH="47" VPOS="686" HPOS="770"/>
<String CONTENT="1865-" HEIGHT="56" WIDTH="189" VPOS="686" HPOS="818"/>
</TextLine>
<TextLine HEIGHT="74" WIDTH="1912" VPOS="773" HPOS="147" STYLEREFS="StyleId-F09B1BC8-EAE7-49AB-88C0-364FD9E6D26E-">
<String CONTENT="A" HEIGHT="57" WIDTH="60" VPOS="779" HPOS="147"/>
<SP HEIGHT="57" WIDTH="26" VPOS="779" HPOS="208"/>
<String CONTENT="treatise" HEIGHT="61" WIDTH="259" VPOS="775" HPOS="235"/>
<SP HEIGHT="40" WIDTH="30" VPOS="794" HPOS="495"/>
<String CONTENT="on" HEIGHT="39" WIDTH="77" VPOS="795" HPOS="526"/>
<SP HEIGHT="55" WIDTH="28" VPOS="780" HPOS="604"/>
<String CONTENT="the" HEIGHT="59" WIDTH="104" VPOS="777" HPOS="633"/>
<SP HEIGHT="38" WIDTH="32" VPOS="798" HPOS="738"/>
<String CONTENT="elements" HEIGHT="56" WIDTH="294" VPOS="779" HPOS="771"/>
<SP HEIGHT="39" WIDTH="33" VPOS="797" HPOS="1066"/>
<String CONTENT="of" HEIGHT="58" WIDTH="68" VPOS="778" HPOS="1100"/>
<SP HEIGHT="56" WIDTH="27" VPOS="778" HPOS="1169"/>
<String CONTENT="bankruptcy" HEIGHT="72" WIDTH="395" VPOS="775" HPOS="1197"/>
<SP HEIGHT="71" WIDTH="25" VPOS="776" HPOS="1593"/>
<String CONTENT="law." HEIGHT="55" WIDTH="135" VPOS="776" HPOS="1619"/>
<SP HEIGHT="56" WIDTH="82" VPOS="775" HPOS="1755"/>
<String CONTENT="3d" HEIGHT="58" WIDTH="77" VPOS="773" HPOS="1838"/>
<SP HEIGHT="57" WIDTH="31" VPOS="773" HPOS="1916"/>
<String CONTENT="ed.," HEIGHT="72" WIDTH="111" VPOS="774" HPOS="1948"/>
</TextLine>
<TextLine HEIGHT="74" WIDTH="1920" VPOS="852" HPOS="71" STYLEREFS="StyleId-F09B1BC8-EAE7-49AB-88C0-364FD9E6D26E-" CS="1">
<String CONTENT="for" HEIGHT="57" WIDTH="105" VPOS="859" HPOS="71"/>
<SP HEIGHT="53" WIDTH="34" VPOS="862" HPOS="177"/>
<String CONTENT="the" HEIGHT="58" WIDTH="104" VPOS="857" HPOS="212"/>
<SP HEIGHT="39" WIDTH="36" VPOS="875" HPOS="317"/>
<String CONTENT="use" HEIGHT="39" WIDTH="109" VPOS="874" HPOS="354"/>
<SP HEIGHT="38" WIDTH="39" VPOS="874" HPOS="464"/>
<String CONTENT="of" HEIGHT="56" WIDTH="67" VPOS="856" HPOS="504"/>
<SP HEIGHT="56" WIDTH="35" VPOS="856" HPOS="572"/>
<String CONTENT="law" HEIGHT="56" WIDTH="120" VPOS="857" HPOS="608"/>
<SP HEIGHT="38" WIDTH="37" VPOS="875" HPOS="729"/>
<String CONTENT="students." HEIGHT="56" WIDTH="303" VPOS="857" HPOS="767"/>
<SP HEIGHT="56" WIDTH="80" VPOS="854" HPOS="1071"/>
<String CONTENT="By" HEIGHT="72" WIDTH="99" VPOS="854" HPOS="1152"/>
<SP HEIGHT="73" WIDTH="34" VPOS="853" HPOS="1252"/>
<String CONTENT="Harold" HEIGHT="59" WIDTH="247" VPOS="853" HPOS="1287"/>
<SP HEIGHT="58" WIDTH="35" VPOS="854" HPOS="1535"/>
<String CONTENT="Bemington" HEIGHT="72" WIDTH="376" VPOS="852" HPOS="1571"/>
<SP HEIGHT="38" WIDTH="43" VPOS="871" HPOS="1948"/>
<String CS="1" CONTENT="&#8230;"/>
</TextLine>
<TextLine HEIGHT="75" WIDTH="1684" VPOS="929" HPOS="74" STYLEREFS="StyleId-F09B1BC8-EAE7-49AB-88C0-364FD9E6D26E-">
<String CONTENT="Charlottesville," HEIGHT="72" WIDTH="522" VPOS="931" HPOS="74"/>
<SP HEIGHT="72" WIDTH="31" VPOS="931" HPOS="597"/>
<String LANG="fr" CONTENT="Va.," HEIGHT="73" WIDTH="136" VPOS="931" HPOS="629"/>
<SP HEIGHT="74" WIDTH="35" VPOS="930" HPOS="766"/>
<String CONTENT="The" HEIGHT="61" WIDTH="130" VPOS="929" HPOS="802"/>
<SP HEIGHT="59" WIDTH="34" VPOS="931" HPOS="933"/>
<String CONTENT="Michie" HEIGHT="58" WIDTH="227" VPOS="929" HPOS="968"/>
<SP HEIGHT="39" WIDTH="36" VPOS="950" HPOS="1196"/>
<String CONTENT="company," HEIGHT="55" WIDTH="322" VPOS="947" HPOS="1233"/>
<SP HEIGHT="68" WIDTH="37" VPOS="932" HPOS="1556"/>
<String CONTENT="1926." HEIGHT="56" WIDTH="164" VPOS="931" HPOS="1594"/>
</TextLine>
<TextLine HEIGHT="56" WIDTH="716" VPOS="1020" HPOS="138" CS="1">
<String CONTENT="2" HEIGHT="42" WIDTH="27" VPOS="1026" HPOS="138"/>
<SP HEIGHT="50" WIDTH="21" VPOS="1026" HPOS="166"/>
<String CS="1" CONTENT="p."/>
<SP/>
<String CS="1" CONTENT="l.," HEIGHT="17" WIDTH="9" VPOS="1059" HPOS="289"/>
<SP HEIGHT="34" WIDTH="29" VPOS="1042" HPOS="299"/>
<String CS="1" CONTENT="[iii]-xi," HEIGHT="52" WIDTH="172" VPOS="1022" HPOS="329"/>
<SP HEIGHT="51" WIDTH="26" VPOS="1023" HPOS="502"/>
<String CONTENT="545" HEIGHT="48" WIDTH="76" VPOS="1020" HPOS="529"/>
<SP HEIGHT="53" WIDTH="24" VPOS="1020" HPOS="606"/>
<String CONTENT="p." HEIGHT="36" WIDTH="42" VPOS="1037" HPOS="631"/>
<SP HEIGHT="42" WIDTH="57" VPOS="1022" HPOS="674"/>
<String CONTENT="23" HEIGHT="42" WIDTH="53" VPOS="1022" HPOS="732"/>
<String STYLE="superscript" CONTENT="cm" HEIGHT="17" WIDTH="46" VPOS="1025" HPOS="793"/>
<String CONTENT="." HEIGHT="7" WIDTH="8" VPOS="1058" HPOS="846"/>
</TextLine>
<TextLine HEIGHT="54" WIDTH="735" VPOS="1076" HPOS="141">
<String CONTENT="&#8220;Errata&#8221;" HEIGHT="48" WIDTH="221" VPOS="1079" HPOS="141"/>
<SP HEIGHT="46" WIDTH="15" VPOS="1079" HPOS="363"/>
<String CONTENT=":" HEIGHT="28" WIDTH="10" VPOS="1097" HPOS="379"/>
<SP HEIGHT="44" WIDTH="28" VPOS="1081" HPOS="390"/>
<String CONTENT="First" HEIGHT="44" WIDTH="124" VPOS="1080" HPOS="419"/>
<SP HEIGHT="41" WIDTH="23" VPOS="1089" HPOS="544"/>
<String CONTENT="prelim," HEIGHT="52" WIDTH="173" VPOS="1078" HPOS="568"/>
<SP HEIGHT="42" WIDTH="26" VPOS="1080" HPOS="742"/>
<String CONTENT="leaf." HEIGHT="46" WIDTH="107" VPOS="1076" HPOS="769"/>
</TextLine>
<TextLine HEIGHT="60" WIDTH="1985" VPOS="1127" HPOS="76">
<String CONTENT="&#169;" HEIGHT="53" WIDTH="53" VPOS="1134" HPOS="76"/>
<SP HEIGHT="53" WIDTH="36" VPOS="1134" HPOS="130"/>
<String CONTENT="Sept." HEIGHT="51" WIDTH="119" VPOS="1135" HPOS="167"/>
<SP HEIGHT="42" WIDTH="39" VPOS="1136" HPOS="287"/>
<String CONTENT="14," HEIGHT="50" WIDTH="62" VPOS="1135" HPOS="327"/>
<SP HEIGHT="50" WIDTH="37" VPOS="1135" HPOS="390"/>
<String CONTENT="1926;" HEIGHT="51" WIDTH="127" VPOS="1133" HPOS="428"/>
<SP HEIGHT="51" WIDTH="37" VPOS="1133" HPOS="556"/>
<String CONTENT="2c." HEIGHT="42" WIDTH="63" VPOS="1133" HPOS="594"/>
<SP HEIGHT="28" WIDTH="33" VPOS="1147" HPOS="658"/>
<String CONTENT="and" HEIGHT="41" WIDTH="87" VPOS="1133" HPOS="692"/>
<SP HEIGHT="41" WIDTH="33" VPOS="1133" HPOS="780"/>
<String CONTENT="aff." HEIGHT="43" WIDTH="78" VPOS="1131" HPOS="814"/>
<SP HEIGHT="47" WIDTH="39" VPOS="1129" HPOS="893"/>
<String CONTENT="Sept." HEIGHT="54" WIDTH="122" VPOS="1129" HPOS="933"/>
<SP HEIGHT="42" WIDTH="38" VPOS="1131" HPOS="1056"/>
<String CONTENT="17;" HEIGHT="54" WIDTH="74" VPOS="1128" HPOS="1095"/>
<SP HEIGHT="53" WIDTH="35" VPOS="1129" HPOS="1170"/>
<!-- cceid 0448F0ED-6E1B-1014-9B7B-CA07F191E62B --><String CONTENT="A" HEIGHT="43" WIDTH="45" VPOS="1129" HPOS="1206"/>
<SP HEIGHT="44" WIDTH="35" VPOS="1129" HPOS="1252"/>
<String CONTENT="950039;" HEIGHT="54" WIDTH="188" VPOS="1127" HPOS="1288"/>
<SP HEIGHT="51" WIDTH="38" VPOS="1130" HPOS="1477"/>
<String CONTENT="H." HEIGHT="44" WIDTH="63" VPOS="1130" HPOS="1516"/>
<SP HEIGHT="44" WIDTH="36" VPOS="1130" HPOS="1580"/>
<String CONTENT="Remington," HEIGHT="54" WIDTH="286" VPOS="1129" HPOS="1617"/>
<SP HEIGHT="51" WIDTH="35" VPOS="1130" HPOS="1904"/>
<String CONTENT="New" HEIGHT="44" WIDTH="121" VPOS="1130" HPOS="1940"/>
</TextLine>
<TextLine HEIGHT="56" WIDTH="480" VPOS="1189" HPOS="145">
<String CONTENT="York." HEIGHT="44" WIDTH="144" VPOS="1192" HPOS="145"/>
<SP HEIGHT="53" WIDTH="66" VPOS="1192" HPOS="290"/>
<String CONTENT="(26-16211)" HEIGHT="56" WIDTH="268" VPOS="1189" HPOS="357"/>
</TextLine>
<TextLine HEIGHT="71" WIDTH="498" VPOS="1289" HPOS="72" STYLEREFS="StyleId-89C7666B-9CD9-4869-8BD1-CEDFCA9ABE10-">
<String CONTENT="Rice," HEIGHT="69" WIDTH="164" VPOS="1291" HPOS="72"/>
<SP HEIGHT="69" WIDTH="41" VPOS="1291" HPOS="237"/>
<String CONTENT="Rebecca." HEIGHT="59" WIDTH="291" VPOS="1289" HPOS="279"/>
</TextLine>
<TextLine HEIGHT="76" WIDTH="1912" VPOS="1377" HPOS="147" STYLEREFS="StyleId-F09B1BC8-EAE7-49AB-88C0-364FD9E6D26E-" CS="1">
<String CONTENT="The" HEIGHT="56" WIDTH="129" VPOS="1383" HPOS="147"/>
<SP HEIGHT="56" WIDTH="32" VPOS="1384" HPOS="277"/>
<String CONTENT="Brown" HEIGHT="56" WIDTH="229" VPOS="1384" HPOS="310"/>
<SP HEIGHT="39" WIDTH="32" VPOS="1400" HPOS="540"/>
<String CONTENT="castle," HEIGHT="72" WIDTH="210" VPOS="1381" HPOS="573"/>
<SP HEIGHT="70" WIDTH="31" VPOS="1383" HPOS="784"/>
<String CONTENT="by" HEIGHT="70" WIDTH="83" VPOS="1383" HPOS="816"/>
<SP HEIGHT="72" WIDTH="30" VPOS="1381" HPOS="900"/>
<String CONTENT="Rebecca" HEIGHT="58" WIDTH="275" VPOS="1381" HPOS="931"/>
<SP HEIGHT="56" WIDTH="33" VPOS="1381" HPOS="1207"/>
<String CS="1" CONTENT="Rice;" HEIGHT="60" WIDTH="149" VPOS="1377" HPOS="1241"/>
<SP HEIGHT="72" WIDTH="33" VPOS="1380" HPOS="1422"/>
<String CONTENT="illustrated" HEIGHT="58" WIDTH="360" VPOS="1380" HPOS="1456"/>
<SP HEIGHT="58" WIDTH="31" VPOS="1380" HPOS="1817"/>
<String CONTENT="by" HEIGHT="72" WIDTH="83" VPOS="1380" HPOS="1849"/>
<SP HEIGHT="73" WIDTH="27" VPOS="1379" HPOS="1933"/>
<String CONTENT="W." HEIGHT="58" WIDTH="98" VPOS="1379" HPOS="1961"/>
</TextLine>
<TextLine HEIGHT="74" WIDTH="1951" VPOS="1457" HPOS="69" STYLEREFS="StyleId-F09B1BC8-EAE7-49AB-88C0-364FD9E6D26E-" CS="1">
<String CONTENT="F." HEIGHT="57" WIDTH="70" VPOS="1462" HPOS="69"/>
<SP HEIGHT="59" WIDTH="34" VPOS="1461" HPOS="140"/>
<String LANG="de" CONTENT="Stecher." HEIGHT="60" WIDTH="273" VPOS="1461" HPOS="175"/>
<SP HEIGHT="57" WIDTH="78" VPOS="1460" HPOS="449"/>
<String CONTENT="Boston," HEIGHT="68" WIDTH="256" VPOS="1460" HPOS="528"/>
<SP HEIGHT="70" WIDTH="28" VPOS="1458" HPOS="785"/>
<String CONTENT="Lothrop," HEIGHT="71" WIDTH="301" VPOS="1458" HPOS="814"/>
<SP HEIGHT="69" WIDTH="29" VPOS="1459" HPOS="1116"/>
<String CONTENT="Lee" HEIGHT="57" WIDTH="122" VPOS="1459" HPOS="1146"/>
<SP HEIGHT="57" WIDTH="27" VPOS="1458" HPOS="1269"/>
<String CONTENT="&amp;" HEIGHT="56" WIDTH="48" VPOS="1458" HPOS="1297"/>
<SP HEIGHT="58" WIDTH="30" VPOS="1458" HPOS="1346"/>
<String CONTENT="Shepard" HEIGHT="73" WIDTH="288" VPOS="1457" HPOS="1377"/>
<SP HEIGHT="59" WIDTH="30" VPOS="1457" HPOS="1666"/>
<String CONTENT="co." HEIGHT="39" WIDTH="84" VPOS="1477" HPOS="1697"/>
<SP HEIGHT="65" WIDTH="35" VPOS="1466" HPOS="1782"/>
<String CS="1" CONTENT="[c1926]" HEIGHT="72" WIDTH="165" VPOS="1459" HPOS="1855"/>
</TextLine>
<TextLine HEIGHT="55" WIDTH="758" VPOS="1535" HPOS="138" CS="1">
<String CONTENT="277" HEIGHT="45" WIDTH="82" VPOS="1540" HPOS="138"/>
<SP HEIGHT="50" WIDTH="28" VPOS="1540" HPOS="221"/>
<String CONTENT="p." HEIGHT="35" WIDTH="40" VPOS="1555" HPOS="250"/>
<SP HEIGHT="46" WIDTH="59" VPOS="1537" HPOS="291"/>
<String CONTENT="front.," HEIGHT="51" WIDTH="151" VPOS="1537" HPOS="351"/>
<SP HEIGHT="35" WIDTH="28" VPOS="1553" HPOS="503"/>
<String CONTENT="plates." HEIGHT="52" WIDTH="154" VPOS="1536" HPOS="532"/>
<SP HEIGHT="42" WIDTH="57" VPOS="1537" HPOS="687"/>
<String CS="1" CONTENT="20&#189;" HEIGHT="44" WIDTH="55" VPOS="1535" HPOS="745"/>
<String STYLE="superscript" CONTENT="cm" HEIGHT="17" WIDTH="45" VPOS="1538" HPOS="835"/>
<String CONTENT="." HEIGHT="7" WIDTH="8" VPOS="1571" HPOS="888"/>
</TextLine>
<TextLine HEIGHT="60" WIDTH="1990" VPOS="1586" HPOS="73">
<String CONTENT="&#169;" HEIGHT="54" WIDTH="56" VPOS="1592" HPOS="73"/>
<SP HEIGHT="54" WIDTH="35" VPOS="1592" HPOS="130"/>
<String CONTENT="Sept." HEIGHT="52" WIDTH="120" VPOS="1594" HPOS="166"/>
<SP HEIGHT="43" WIDTH="37" VPOS="1594" HPOS="287"/>
<String CONTENT="15," HEIGHT="52" WIDTH="62" VPOS="1592" HPOS="325"/>
<SP HEIGHT="50" WIDTH="37" VPOS="1594" HPOS="388"/>
<String CONTENT="1926;" HEIGHT="51" WIDTH="126" VPOS="1592" HPOS="426"/>
<SP HEIGHT="52" WIDTH="33" VPOS="1591" HPOS="553"/>
<String CONTENT="2c." HEIGHT="42" WIDTH="63" VPOS="1591" HPOS="587"/>
<SP HEIGHT="47" WIDTH="36" VPOS="1589" HPOS="651"/>
<String CONTENT="Sept." HEIGHT="53" WIDTH="119" VPOS="1589" HPOS="688"/>
<SP HEIGHT="44" WIDTH="31" VPOS="1589" HPOS="808"/>
<String CONTENT="23;" HEIGHT="52" WIDTH="79" VPOS="1589" HPOS="840"/>
<SP HEIGHT="37" WIDTH="35" VPOS="1604" HPOS="920"/>
<String CONTENT="aff." HEIGHT="42" WIDTH="78" VPOS="1589" HPOS="956"/>
<SP HEIGHT="45" WIDTH="37" VPOS="1588" HPOS="1035"/>
<String CONTENT="Sept." HEIGHT="53" WIDTH="120" VPOS="1588" HPOS="1073"/>
<SP HEIGHT="43" WIDTH="33" VPOS="1588" HPOS="1194"/>
<String CONTENT="22;" HEIGHT="52" WIDTH="78" VPOS="1588" HPOS="1228"/>
<SP HEIGHT="53" WIDTH="34" VPOS="1587" HPOS="1307"/>
<!-- cceid 04492DDD-6E1B-1014-9B7B-CA07F191E62B --><String CONTENT="A" HEIGHT="44" WIDTH="46" VPOS="1587" HPOS="1342"/>
<SP HEIGHT="45" WIDTH="32" VPOS="1587" HPOS="1389"/>
<String CONTENT="950151;" HEIGHT="55" WIDTH="189" VPOS="1586" HPOS="1422"/>
<SP HEIGHT="53" WIDTH="36" VPOS="1588" HPOS="1612"/>
<String CONTENT="Lothrop," HEIGHT="54" WIDTH="214" VPOS="1588" HPOS="1649"/>
<SP HEIGHT="53" WIDTH="34" VPOS="1589" HPOS="1864"/>
<String CONTENT="Lee" HEIGHT="44" WIDTH="91" VPOS="1589" HPOS="1899"/>
<SP HEIGHT="44" WIDTH="31" VPOS="1590" HPOS="1991"/>
<String CONTENT="&amp;" HEIGHT="44" WIDTH="40" VPOS="1590" HPOS="2023"/>
</TextLine>
<TextLine HEIGHT="55" WIDTH="641" VPOS="1647" HPOS="148">
<String CONTENT="Shepard" HEIGHT="51" WIDTH="203" VPOS="1651" HPOS="148"/>
<SP HEIGHT="41" WIDTH="34" VPOS="1651" HPOS="352"/>
<String CONTENT="co." HEIGHT="28" WIDTH="65" VPOS="1664" HPOS="387"/>
<SP HEIGHT="52" WIDTH="67" VPOS="1649" HPOS="453"/>
<String CONTENT="(26-16206)" HEIGHT="54" WIDTH="268" VPOS="1647" HPOS="521"/>
</TextLine>
<TextLine HEIGHT="75" WIDTH="986" VPOS="1746" HPOS="72" STYLEREFS="StyleId-F09B1BC8-EAE7-49AB-88C0-364FD9E6D26E-">
<String CONTENT="Root," HEIGHT="71" WIDTH="175" VPOS="1750" HPOS="72"/>
<SP HEIGHT="72" WIDTH="39" VPOS="1749" HPOS="248"/>
<String CONTENT="Harvey" HEIGHT="71" WIDTH="257" VPOS="1749" HPOS="288"/>
<SP HEIGHT="72" WIDTH="31" VPOS="1748" HPOS="546"/>
<String CONTENT="Woods," HEIGHT="72" WIDTH="249" VPOS="1746" HPOS="578"/>
<SP HEIGHT="68" WIDTH="40" VPOS="1750" HPOS="828"/>
<String CONTENT="1876-" HEIGHT="57" WIDTH="189" VPOS="1748" HPOS="869"/>
</TextLine>
<TextLine HEIGHT="74" WIDTH="1912" VPOS="1835" HPOS="150" STYLEREFS="StyleId-F09B1BC8-EAE7-49AB-88C0-364FD9E6D26E-" CS="1">
<String CONTENT="The" HEIGHT="57" WIDTH="130" VPOS="1839" HPOS="150"/>
<SP HEIGHT="56" WIDTH="21" VPOS="1840" HPOS="281"/>
<String CONTENT="boys&#8217;" HEIGHT="71" WIDTH="169" VPOS="1838" HPOS="303"/>
<SP HEIGHT="55" WIDTH="24" VPOS="1838" HPOS="473"/>
<String CONTENT="life" HEIGHT="58" WIDTH="111" VPOS="1836" HPOS="498"/>
<SP HEIGHT="38" WIDTH="27" VPOS="1856" HPOS="610"/>
<String CONTENT="of" HEIGHT="58" WIDTH="68" VPOS="1835" HPOS="638"/>
<SP HEIGHT="57" WIDTH="24" VPOS="1835" HPOS="707"/>
<String CONTENT="Barnum," HEIGHT="71" WIDTH="299" VPOS="1836" HPOS="732"/>
<SP HEIGHT="69" WIDTH="24" VPOS="1838" HPOS="1032"/>
<String CONTENT="by" HEIGHT="70" WIDTH="84" VPOS="1838" HPOS="1057"/>
<SP HEIGHT="73" WIDTH="21" VPOS="1835" HPOS="1142"/>
<String CONTENT="Harvey" HEIGHT="72" WIDTH="265" VPOS="1835" HPOS="1164"/>
<SP HEIGHT="72" WIDTH="21" VPOS="1835" HPOS="1430"/>
<String CONTENT="W." HEIGHT="57" WIDTH="97" VPOS="1835" HPOS="1452"/>
<SP HEIGHT="56" WIDTH="27" VPOS="1836" HPOS="1550"/>
<String CONTENT="Root" HEIGHT="57" WIDTH="164" VPOS="1836" HPOS="1578"/>
<SP HEIGHT="55" WIDTH="32" VPOS="1838" HPOS="1743"/>
<String CS="1" CONTENT="&#8230;"/>
<SP HEIGHT="57" WIDTH="70" VPOS="1836" HPOS="1840"/>
<String CONTENT="New" HEIGHT="56" WIDTH="151" VPOS="1836" HPOS="1911"/>
</TextLine>
<TextLine HEIGHT="73" WIDTH="1541" VPOS="1912" HPOS="71" STYLEREFS="StyleId-F09B1BC8-EAE7-49AB-88C0-364FD9E6D26E-" CS="1">
<String CONTENT="York" HEIGHT="57" WIDTH="172" VPOS="1917" HPOS="71"/>
<SP HEIGHT="55" WIDTH="25" VPOS="1917" HPOS="244"/>
<String CONTENT="and" HEIGHT="57" WIDTH="124" VPOS="1915" HPOS="270"/>
<SP HEIGHT="57" WIDTH="23" VPOS="1915" HPOS="395"/>
<String CONTENT="London," HEIGHT="69" WIDTH="280" VPOS="1915" HPOS="419"/>
<SP HEIGHT="71" WIDTH="25" VPOS="1913" HPOS="700"/>
<String CONTENT="Harper" HEIGHT="72" WIDTH="258" VPOS="1913" HPOS="726"/>
<SP HEIGHT="58" WIDTH="26" VPOS="1912" HPOS="985"/>
<String CONTENT="&amp;" HEIGHT="58" WIDTH="49" VPOS="1912" HPOS="1012"/>
<SP HEIGHT="58" WIDTH="23" VPOS="1912" HPOS="1062"/>
<String CONTENT="brothers" HEIGHT="58" WIDTH="291" VPOS="1912" HPOS="1086"/>
<SP HEIGHT="64" WIDTH="30" VPOS="1920" HPOS="1378"/>
<String CS="1" CONTENT="[c1926]" HEIGHT="72" WIDTH="166" VPOS="1913" HPOS="1446"/>
</TextLine>
<TextLine HEIGHT="57" WIDTH="1922" VPOS="1988" HPOS="141" CS="1">
<String CONTENT="5" HEIGHT="46" WIDTH="24" VPOS="1991" HPOS="141"/>
<SP HEIGHT="54" WIDTH="28" VPOS="1991" HPOS="166"/>
<String CONTENT="p." HEIGHT="39" WIDTH="41" VPOS="2006" HPOS="195"/>
<SP HEIGHT="44" WIDTH="32" VPOS="1991" HPOS="237"/>
<String CS="1" CONTENT="l.," HEIGHT="17" WIDTH="9" VPOS="2025" HPOS="300"/>
<SP HEIGHT="50" WIDTH="29" VPOS="1992" HPOS="310"/>
<String CONTENT="242" HEIGHT="43" WIDTH="81" VPOS="1992" HPOS="340"/>
<SP HEIGHT="50" WIDTH="29" VPOS="1993" HPOS="422"/>
<String CONTENT="p." HEIGHT="37" WIDTH="41" VPOS="2006" HPOS="452"/>
<SP HEIGHT="43" WIDTH="61" VPOS="1990" HPOS="494"/>
<String CONTENT="front.," HEIGHT="51" WIDTH="157" VPOS="1990" HPOS="556"/>
<SP HEIGHT="39" WIDTH="31" VPOS="2004" HPOS="714"/>
<String CONTENT="plates," HEIGHT="54" WIDTH="159" VPOS="1989" HPOS="746"/>
<SP HEIGHT="39" WIDTH="30" VPOS="2003" HPOS="906"/>
<String CONTENT="ports." HEIGHT="46" WIDTH="142" VPOS="1996" HPOS="937"/>
<SP HEIGHT="41" WIDTH="63" VPOS="1991" HPOS="1080"/>
<String CS="1" CONTENT="19&#189;" HEIGHT="42" WIDTH="49" VPOS="1991" HPOS="1144"/>
<String STYLE="superscript" CONTENT="cm" HEIGHT="18" WIDTH="46" VPOS="1991" HPOS="1230"/>
<String CONTENT="." HEIGHT="10" WIDTH="10" VPOS="2023" HPOS="1281"/>
<SP HEIGHT="31" WIDTH="64" VPOS="2005" HPOS="1292"/>
<String CONTENT="[Biographies" HEIGHT="54" WIDTH="320" VPOS="1988" HPOS="1357"/>
<SP HEIGHT="43" WIDTH="34" VPOS="1989" HPOS="1678"/>
<String CONTENT="for" HEIGHT="44" WIDTH="78" VPOS="1989" HPOS="1713"/>
<SP HEIGHT="45" WIDTH="31" VPOS="1989" HPOS="1792"/>
<String CONTENT="boys" HEIGHT="53" WIDTH="113" VPOS="1989" HPOS="1824"/>
<SP HEIGHT="29" WIDTH="31" VPOS="2005" HPOS="1938"/>
<String CONTENT="and" HEIGHT="44" WIDTH="93" VPOS="1991" HPOS="1970"/>
</TextLine>
<TextLine HEIGHT="54" WIDTH="127" VPOS="2046" HPOS="73">
<String CONTENT="girls]" HEIGHT="54" WIDTH="127" VPOS="2046" HPOS="73"/>
</TextLine>
<TextLine HEIGHT="57" WIDTH="1932" VPOS="2100" HPOS="73">
<String CONTENT="&#169;" HEIGHT="54" WIDTH="55" VPOS="2103" HPOS="73"/>
<SP HEIGHT="54" WIDTH="31" VPOS="2103" HPOS="129"/>
<String CONTENT="Sept." HEIGHT="51" WIDTH="121" VPOS="2106" HPOS="161"/>
<SP HEIGHT="41" WIDTH="31" VPOS="2106" HPOS="283"/>
<String CONTENT="10," HEIGHT="50" WIDTH="61" VPOS="2104" HPOS="315"/>
<SP HEIGHT="49" WIDTH="34" VPOS="2105" HPOS="377"/>
<String CONTENT="1926;" HEIGHT="52" WIDTH="128" VPOS="2103" HPOS="412"/>
<SP HEIGHT="51" WIDTH="28" VPOS="2104" HPOS="541"/>
<String CONTENT="2c." HEIGHT="43" WIDTH="65" VPOS="2104" HPOS="570"/>
<SP HEIGHT="47" WIDTH="31" VPOS="2101" HPOS="636"/>
<String CONTENT="Sept." HEIGHT="54" WIDTH="121" VPOS="2101" HPOS="668"/>
<SP HEIGHT="42" WIDTH="33" VPOS="2104" HPOS="790"/>
<String CONTENT="15;" HEIGHT="55" WIDTH="75" VPOS="2100" HPOS="824"/>
<SP HEIGHT="38" WIDTH="30" VPOS="2117" HPOS="900"/>
<String CONTENT="aff." HEIGHT="42" WIDTH="79" VPOS="2103" HPOS="931"/>
<SP HEIGHT="48" WIDTH="32" VPOS="2101" HPOS="1011"/>
<String CONTENT="Sept." HEIGHT="54" WIDTH="120" VPOS="2101" HPOS="1044"/>
<SP HEIGHT="44" WIDTH="28" VPOS="2102" HPOS="1165"/>
<String CONTENT="20;" HEIGHT="53" WIDTH="79" VPOS="2102" HPOS="1194"/>
<SP HEIGHT="53" WIDTH="31" VPOS="2102" HPOS="1274"/>
<!-- cceid 044966FD-6E1B-1014-9B7B-CA07F191E62B --><String CONTENT="A" HEIGHT="43" WIDTH="45" VPOS="2102" HPOS="1306"/>
<SP HEIGHT="45" WIDTH="27" VPOS="2102" HPOS="1352"/>
<String CONTENT="950070;" HEIGHT="55" WIDTH="189" VPOS="2101" HPOS="1380"/>
<SP HEIGHT="52" WIDTH="31" VPOS="2104" HPOS="1570"/>
<String CONTENT="Harper" HEIGHT="53" WIDTH="184" VPOS="2104" HPOS="1602"/>
<SP HEIGHT="44" WIDTH="28" VPOS="2104" HPOS="1787"/>
<String CONTENT="&amp;" HEIGHT="44" WIDTH="38" VPOS="2104" HPOS="1816"/>
<SP HEIGHT="44" WIDTH="30" VPOS="2104" HPOS="1855"/>
<String CONTENT="bros." HEIGHT="44" WIDTH="119" VPOS="2104" HPOS="1886"/>
</TextLine>
<TextLine HEIGHT="56" WIDTH="267" VPOS="2161" HPOS="153">
<String CONTENT="(26-16240)" HEIGHT="56" WIDTH="267" VPOS="2161" HPOS="153"/>
</TextLine>
<TextLine HEIGHT="71" WIDTH="893" VPOS="2262" HPOS="70" STYLEREFS="StyleId-89C7666B-9CD9-4869-8BD1-CEDFCA9ABE10-">
<String CONTENT="Ruskin," HEIGHT="71" WIDTH="259" VPOS="2262" HPOS="70"/>
<SP HEIGHT="70" WIDTH="43" VPOS="2263" HPOS="330"/>
<String CONTENT="John," HEIGHT="68" WIDTH="182" VPOS="2262" HPOS="374"/>
<SP HEIGHT="65" WIDTH="48" VPOS="2265" HPOS="557"/>
<String CONTENT="1819-1900." HEIGHT="57" WIDTH="357" VPOS="2263" HPOS="606"/>
</TextLine>
<TextLine HEIGHT="75" WIDTH="1914" VPOS="2349" HPOS="149" STYLEREFS="StyleId-F09B1BC8-EAE7-49AB-88C0-364FD9E6D26E-">
<String CONTENT="The" HEIGHT="59" WIDTH="128" VPOS="2352" HPOS="149"/>
<SP HEIGHT="58" WIDTH="31" VPOS="2353" HPOS="278"/>
<String CONTENT="king" HEIGHT="74" WIDTH="150" VPOS="2350" HPOS="310"/>
<SP HEIGHT="53" WIDTH="36" VPOS="2371" HPOS="461"/>
<String CONTENT="of" HEIGHT="58" WIDTH="67" VPOS="2351" HPOS="498"/>
<SP HEIGHT="58" WIDTH="32" VPOS="2351" HPOS="566"/>
<String CONTENT="the" HEIGHT="58" WIDTH="104" VPOS="2352" HPOS="599"/>
<SP HEIGHT="53" WIDTH="35" VPOS="2371" HPOS="704"/>
<String CONTENT="golden" HEIGHT="73" WIDTH="226" VPOS="2351" HPOS="740"/>
<SP HEIGHT="39" WIDTH="34" VPOS="2370" HPOS="967"/>
<String CONTENT="river;" HEIGHT="72" WIDTH="202" VPOS="2349" HPOS="1002"/>
<SP HEIGHT="50" WIDTH="37" VPOS="2371" HPOS="1205"/>
<String CONTENT="or," HEIGHT="51" WIDTH="89" VPOS="2371" HPOS="1243"/>
<SP HEIGHT="69" WIDTH="37" VPOS="2353" HPOS="1333"/>
<String CONTENT="The" HEIGHT="57" WIDTH="129" VPOS="2352" HPOS="1371"/>
<SP HEIGHT="56" WIDTH="35" VPOS="2354" HPOS="1501"/>
<String CONTENT="black" HEIGHT="58" WIDTH="179" VPOS="2352" HPOS="1537"/>
<SP HEIGHT="60" WIDTH="32" VPOS="2352" HPOS="1717"/>
<String CONTENT="brothers," HEIGHT="72" WIDTH="313" VPOS="2352" HPOS="1750"/>
</TextLine>
<TextLine HEIGHT="75" WIDTH="1993" VPOS="2428" HPOS="69" STYLEREFS="StyleId-F09B1BC8-EAE7-49AB-88C0-364FD9E6D26E-" CS="1">
<String CONTENT="by" HEIGHT="70" WIDTH="83" VPOS="2432" HPOS="69"/>
<SP HEIGHT="72" WIDTH="24" VPOS="2430" HPOS="153"/>
<String CONTENT="John" HEIGHT="58" WIDTH="168" VPOS="2429" HPOS="178"/>
<SP HEIGHT="56" WIDTH="27" VPOS="2431" HPOS="347"/>
<String CONTENT="Ruskin" HEIGHT="59" WIDTH="241" VPOS="2428" HPOS="375"/>
<SP HEIGHT="39" WIDTH="32" VPOS="2447" HPOS="617"/>
<String CS="1" CONTENT="&#8230;"/>
<SP HEIGHT="57" WIDTH="70" VPOS="2429" HPOS="714"/>
<String CONTENT="New" HEIGHT="57" WIDTH="151" VPOS="2429" HPOS="785"/>
<SP HEIGHT="57" WIDTH="25" VPOS="2429" HPOS="937"/>
<String CONTENT="York," HEIGHT="71" WIDTH="192" VPOS="2429" HPOS="963"/>
<SP HEIGHT="69" WIDTH="30" VPOS="2431" HPOS="1156"/>
<String CONTENT="The" HEIGHT="58" WIDTH="130" VPOS="2429" HPOS="1187"/>
<SP HEIGHT="58" WIDTH="30" VPOS="2429" HPOS="1318"/>
<String CONTENT="Macmillan" HEIGHT="59" WIDTH="359" VPOS="2428" HPOS="1349"/>
<SP HEIGHT="41" WIDTH="28" VPOS="2448" HPOS="1709"/>
<String CONTENT="company," HEIGHT="54" WIDTH="324" VPOS="2449" HPOS="1738"/>
</TextLine>
<TextLine HEIGHT="57" WIDTH="166" VPOS="2508" HPOS="70" STYLEREFS="StyleId-F09B1BC8-EAE7-49AB-88C0-364FD9E6D26E-">
<String CONTENT="1926." HEIGHT="57" WIDTH="166" VPOS="2508" HPOS="70"/>
</TextLine>
<TextLine HEIGHT="56" WIDTH="1921" VPOS="2582" HPOS="139" CS="1">
<String CONTENT="4" HEIGHT="44" WIDTH="29" VPOS="2584" HPOS="139"/>
<SP HEIGHT="52" WIDTH="23" VPOS="2584" HPOS="169"/>
<String CS="1" CONTENT="p."/>
<SP/>
<String CS="1" CONTENT="l.," HEIGHT="17" WIDTH="9" VPOS="2618" HPOS="297"/>
<SP HEIGHT="51" WIDTH="30" VPOS="2584" HPOS="307"/>
<String CONTENT="3-120" HEIGHT="44" WIDTH="138" VPOS="2583" HPOS="338"/>
<SP HEIGHT="53" WIDTH="27" VPOS="2583" HPOS="477"/>
<String CONTENT="p." HEIGHT="39" WIDTH="41" VPOS="2597" HPOS="505"/>
<SP HEIGHT="44" WIDTH="31" VPOS="2582" HPOS="547"/>
<String CONTENT="incl." HEIGHT="44" WIDTH="103" VPOS="2582" HPOS="579"/>
<SP HEIGHT="44" WIDTH="30" VPOS="2582" HPOS="683"/>
<String CONTENT="illus.," HEIGHT="52" WIDTH="133" VPOS="2582" HPOS="714"/>
<SP HEIGHT="39" WIDTH="30" VPOS="2597" HPOS="848"/>
<String CONTENT="plates," HEIGHT="53" WIDTH="160" VPOS="2583" HPOS="879"/>
<SP HEIGHT="44" WIDTH="61" VPOS="2583" HPOS="1040"/>
<String CONTENT="front." HEIGHT="43" WIDTH="143" VPOS="2583" HPOS="1102"/>
<SP HEIGHT="41" WIDTH="62" VPOS="2585" HPOS="1246"/>
<String CS="1" CONTENT="16&#189;cm." HEIGHT="43" WIDTH="146" VPOS="2584" HPOS="1309"/>
<SP HEIGHT="55" WIDTH="68" VPOS="2583" HPOS="1456"/>
<String CS="1" CONTENT="(Lettered" HEIGHT="46" WIDTH="220" VPOS="2584" HPOS="1548"/>
<SP HEIGHT="44" WIDTH="33" VPOS="2585" HPOS="1769"/>
<String CONTENT="on" HEIGHT="29" WIDTH="58" VPOS="2600" HPOS="1803"/>
<SP HEIGHT="29" WIDTH="34" VPOS="2600" HPOS="1862"/>
<String CONTENT="cover:" HEIGHT="31" WIDTH="163" VPOS="2600" HPOS="1897"/>
</TextLine>
<TextLine HEIGHT="54" WIDTH="467" VPOS="2637" HPOS="72">
<String CONTENT="The" HEIGHT="46" WIDTH="99" VPOS="2638" HPOS="72"/>
<SP HEIGHT="45" WIDTH="26" VPOS="2639" HPOS="172"/>
<String CONTENT="little" HEIGHT="46" WIDTH="114" VPOS="2638" HPOS="199"/>
<SP HEIGHT="44" WIDTH="26" VPOS="2640" HPOS="314"/>
<String CONTENT="library)" HEIGHT="54" WIDTH="198" VPOS="2637" HPOS="341"/>
</TextLine>
<TextLine HEIGHT="57" WIDTH="1918" VPOS="2693" HPOS="144">
<String CONTENT="&#8220;Written" HEIGHT="44" WIDTH="231" VPOS="2695" HPOS="144"/>
<SP HEIGHT="43" WIDTH="38" VPOS="2696" HPOS="376"/>
<String CONTENT="in" HEIGHT="43" WIDTH="45" VPOS="2696" HPOS="415"/>
<SP HEIGHT="45" WIDTH="41" VPOS="2696" HPOS="461"/>
<String CONTENT="Scotland" HEIGHT="47" WIDTH="221" VPOS="2694" HPOS="503"/>
<SP HEIGHT="44" WIDTH="37" VPOS="2694" HPOS="725"/>
<String CONTENT="when" HEIGHT="43" WIDTH="135" VPOS="2695" HPOS="763"/>
<SP HEIGHT="45" WIDTH="41" VPOS="2693" HPOS="899"/>
<String CONTENT="Ruskin" HEIGHT="45" WIDTH="181" VPOS="2693" HPOS="941"/>
<SP HEIGHT="30" WIDTH="39" VPOS="2709" HPOS="1123"/>
<String CONTENT="was" HEIGHT="29" WIDTH="98" VPOS="2710" HPOS="1163"/>
<SP HEIGHT="38" WIDTH="38" VPOS="2701" HPOS="1262"/>
<String CONTENT="twenty-two" HEIGHT="46" WIDTH="291" VPOS="2701" HPOS="1301"/>
<SP HEIGHT="38" WIDTH="38" VPOS="2711" HPOS="1593"/>
<String CONTENT="years" HEIGHT="37" WIDTH="133" VPOS="2712" HPOS="1632"/>
<SP HEIGHT="30" WIDTH="41" VPOS="2710" HPOS="1766"/>
<String CONTENT="old," HEIGHT="54" WIDTH="91" VPOS="2696" HPOS="1808"/>
<SP HEIGHT="51" WIDTH="43" VPOS="2699" HPOS="1900"/>
<String CONTENT="1841." HEIGHT="44" WIDTH="118" VPOS="2697" HPOS="1944"/>
</TextLine>
<TextLine HEIGHT="58" WIDTH="1990" VPOS="2750" HPOS="74">
<String CONTENT="Reissued" HEIGHT="45" WIDTH="226" VPOS="2750" HPOS="74"/>
<SP HEIGHT="44" WIDTH="39" VPOS="2750" HPOS="301"/>
<String CONTENT="in" HEIGHT="43" WIDTH="45" VPOS="2751" HPOS="341"/>
<SP HEIGHT="37" WIDTH="40" VPOS="2759" HPOS="387"/>
<String CONTENT="the" HEIGHT="44" WIDTH="77" VPOS="2752" HPOS="428"/>
<SP HEIGHT="47" WIDTH="40" VPOS="2752" HPOS="506"/>
<String CONTENT="Little" HEIGHT="49" WIDTH="139" VPOS="2750" HPOS="547"/>
<SP HEIGHT="44" WIDTH="41" VPOS="2751" HPOS="687"/>
<String CONTENT="library," HEIGHT="54" WIDTH="185" VPOS="2750" HPOS="729"/>
<SP HEIGHT="50" WIDTH="46" VPOS="2753" HPOS="915"/>
<String CONTENT="1926," HEIGHT="52" WIDTH="118" VPOS="2751" HPOS="962"/>
<SP HEIGHT="35" WIDTH="40" VPOS="2768" HPOS="1081"/>
<String CONTENT="with" HEIGHT="45" WIDTH="113" VPOS="2751" HPOS="1122"/>
<SP HEIGHT="42" WIDTH="40" VPOS="2752" HPOS="1236"/>
<String CONTENT="new" HEIGHT="31" WIDTH="103" VPOS="2766" HPOS="1277"/>
<SP HEIGHT="39" WIDTH="42" VPOS="2766" HPOS="1381"/>
<String CONTENT="pictures" HEIGHT="55" WIDTH="202" VPOS="2750" HPOS="1424"/>
<SP HEIGHT="43" WIDTH="40" VPOS="2754" HPOS="1627"/>
<String CONTENT="by" HEIGHT="53" WIDTH="59" VPOS="2754" HPOS="1668"/>
<SP HEIGHT="54" WIDTH="43" VPOS="2753" HPOS="1728"/>
<String CONTENT="Mary" HEIGHT="55" WIDTH="137" VPOS="2753" HPOS="1772"/>
<SP HEIGHT="54" WIDTH="44" VPOS="2754" HPOS="1910"/>
<String CONTENT="Lott" HEIGHT="46" WIDTH="109" VPOS="2754" HPOS="1955"/>
</TextLine>
<TextLine HEIGHT="45" WIDTH="239" VPOS="2807" HPOS="75">
<String CONTENT="Seaman.&#8221;" HEIGHT="45" WIDTH="239" VPOS="2807" HPOS="75"/>
</TextLine>
<TextLine HEIGHT="59" WIDTH="1988" VPOS="2862" HPOS="73">
<String CONTENT="&#169;" HEIGHT="53" WIDTH="53" VPOS="2863" HPOS="73"/>
<SP HEIGHT="53" WIDTH="41" VPOS="2863" HPOS="127"/>
<String CONTENT="Sept." HEIGHT="52" WIDTH="120" VPOS="2865" HPOS="169"/>
<SP HEIGHT="42" WIDTH="36" VPOS="2865" HPOS="290"/>
<String CONTENT="21," HEIGHT="51" WIDTH="67" VPOS="2865" HPOS="327"/>
<SP HEIGHT="50" WIDTH="43" VPOS="2866" HPOS="395"/>
<String CONTENT="1926;" HEIGHT="53" WIDTH="128" VPOS="2863" HPOS="439"/>
<SP HEIGHT="51" WIDTH="40" VPOS="2865" HPOS="568"/>
<String CONTENT="2c." HEIGHT="42" WIDTH="63" VPOS="2865" HPOS="609"/>
<SP HEIGHT="27" WIDTH="39" VPOS="2880" HPOS="673"/>
<String CONTENT="and" HEIGHT="43" WIDTH="87" VPOS="2865" HPOS="713"/>
<SP HEIGHT="43" WIDTH="38" VPOS="2865" HPOS="801"/>
<String CONTENT="aff." HEIGHT="44" WIDTH="79" VPOS="2864" HPOS="840"/>
<SP HEIGHT="45" WIDTH="40" VPOS="2864" HPOS="920"/>
<String CONTENT="Sept." HEIGHT="53" WIDTH="120" VPOS="2864" HPOS="961"/>
<SP HEIGHT="43" WIDTH="37" VPOS="2865" HPOS="1082"/>
<String CONTENT="22;" HEIGHT="52" WIDTH="79" VPOS="2865" HPOS="1120"/>
<SP HEIGHT="52" WIDTH="39" VPOS="2865" HPOS="1200"/>
<!-- cceid 0449A451-6E1B-1014-9B7B-CA07F191E62B --><String CONTENT="A" HEIGHT="43" WIDTH="45" VPOS="2865" HPOS="1240"/>
<SP HEIGHT="47" WIDTH="37" VPOS="2862" HPOS="1286"/>
<String CONTENT="950131;" HEIGHT="57" WIDTH="191" VPOS="2862" HPOS="1324"/>
<SP HEIGHT="52" WIDTH="43" VPOS="2867" HPOS="1516"/>
<String CONTENT="Macmillan" HEIGHT="44" WIDTH="264" VPOS="2866" HPOS="1560"/>
<SP HEIGHT="29" WIDTH="37" VPOS="2882" HPOS="1825"/>
<String CONTENT="co." HEIGHT="29" WIDTH="66" VPOS="2882" HPOS="1863"/>
<SP HEIGHT="31" WIDTH="62" VPOS="2890" HPOS="1930"/>
<String CONTENT="[&#169;" HEIGHT="56" WIDTH="68" VPOS="2865" HPOS="1993"/>
</TextLine>
<TextLine HEIGHT="56" WIDTH="652" VPOS="2920" HPOS="143">
<String CONTENT="illustrations]" HEIGHT="54" WIDTH="312" VPOS="2921" HPOS="143"/>
<SP HEIGHT="53" WIDTH="69" VPOS="2923" HPOS="456"/>
<String CONTENT="(26-16145)" HEIGHT="56" WIDTH="269" VPOS="2920" HPOS="526"/>
</TextLine>
<TextLine HEIGHT="73" WIDTH="497" VPOS="3020" HPOS="71" STYLEREFS="StyleId-89C7666B-9CD9-4869-8BD1-CEDFCA9ABE10-">
<String LANG="de" CONTENT="Scher," HEIGHT="73" WIDTH="208" VPOS="3020" HPOS="71"/>
<SP HEIGHT="71" WIDTH="37" VPOS="3022" HPOS="280"/>
<String LANG="en-US" CONTENT="Bertha." HEIGHT="59" WIDTH="250" VPOS="3020" HPOS="318"/>
</TextLine>
<TextLine HEIGHT="149" WIDTH="1970" VPOS="3113" HPOS="67" STYLEREFS="StyleId-F09B1BC8-EAE7-49AB-88C0-364FD9E6D26E-" CS="1">
<String CONTENT="The" HEIGHT="61" WIDTH="130" VPOS="3113" HPOS="145"/>
<SP HEIGHT="59" WIDTH="41" VPOS="3115" HPOS="276"/>
<String CONTENT="torch" HEIGHT="57" WIDTH="177" VPOS="3115" HPOS="318"/>
<SP HEIGHT="56" WIDTH="41" VPOS="3115" HPOS="496"/>
<String CONTENT="of" HEIGHT="57" WIDTH="68" VPOS="3115" HPOS="538"/>
<SP HEIGHT="57" WIDTH="36" VPOS="3115" HPOS="607"/>
<String CONTENT="life," HEIGHT="74" WIDTH="132" VPOS="3114" HPOS="644"/>
<SP HEIGHT="71" WIDTH="40" VPOS="3117" HPOS="777"/>
<String CONTENT="by" HEIGHT="70" WIDTH="83" VPOS="3117" HPOS="818"/>
<SP HEIGHT="73" WIDTH="40" VPOS="3114" HPOS="902"/>
<String CONTENT="Dr." HEIGHT="57" WIDTH="109" VPOS="3114" HPOS="943"/>
<SP HEIGHT="57" WIDTH="43" VPOS="3116" HPOS="1053"/>
<String CONTENT="Bertha" HEIGHT="58" WIDTH="240" VPOS="3116" HPOS="1097"/>
<SP HEIGHT="59" WIDTH="42" VPOS="3117" HPOS="1338"/>
<String LANG="de" CONTENT="Scher" HEIGHT="60" WIDTH="193" VPOS="3116" HPOS="1381"/>
<SP HEIGHT="38" WIDTH="46" VPOS="3137" HPOS="1575"/>
<String CS="1" CONTENT="&#8230;"/>
<SP HEIGHT="57" WIDTH="84" VPOS="3118" HPOS="1684"/>
<String CONTENT="Los" HEIGHT="56" WIDTH="123" VPOS="3118" HPOS="1769"/>
<SP HEIGHT="57" WIDTH="42" VPOS="3117" HPOS="1893"/>
<String CONTENT="Angeles," HEIGHT="145" WIDTH="1970" VPOS="3117" HPOS="67"/>
<SP HEIGHT="72" WIDTH="31" VPOS="3190" HPOS="253"/>
<String CONTENT="Calif.," HEIGHT="73" WIDTH="204" VPOS="3189" HPOS="285"/>
<SP HEIGHT="70" WIDTH="29" VPOS="3192" HPOS="490"/>
<String CONTENT="Gem" HEIGHT="59" WIDTH="151" VPOS="3192" HPOS="520"/>
<SP HEIGHT="52" WIDTH="27" VPOS="3210" HPOS="672"/>
<String CONTENT="publishing" HEIGHT="72" WIDTH="362" VPOS="3190" HPOS="700"/>
<SP HEIGHT="50" WIDTH="24" VPOS="3212" HPOS="1063"/>
<String CONTENT="company" HEIGHT="51" WIDTH="307" VPOS="3211" HPOS="1088"/>
<SP HEIGHT="60" WIDTH="29" VPOS="3202" HPOS="1396"/>
<String CS="1" CONTENT="[c1926]" HEIGHT="68" WIDTH="164" VPOS="3194" HPOS="1462"/>
</TextLine>
<TextLine HEIGHT="53" WIDTH="766" VPOS="3268" HPOS="141" CS="1">
<String CONTENT="125" HEIGHT="45" WIDTH="73" VPOS="3268" HPOS="141"/>
<SP HEIGHT="53" WIDTH="31" VPOS="3268" HPOS="215"/>
<String CONTENT="p." HEIGHT="36" WIDTH="42" VPOS="3285" HPOS="247"/>
<SP HEIGHT="44" WIDTH="61" VPOS="3269" HPOS="290"/>
<String CS="1" CONTENT="front." HEIGHT="47" WIDTH="130" VPOS="3269" HPOS="352"/>
<SP HEIGHT="52" WIDTH="25" VPOS="3269" HPOS="495"/>
<String CONTENT="(port.)" HEIGHT="53" WIDTH="169" VPOS="3268" HPOS="521"/>
<SP HEIGHT="53" WIDTH="63" VPOS="3268" HPOS="691"/>
<String CS="1" CONTENT="20&#189;cm." HEIGHT="46" WIDTH="152" VPOS="3271" HPOS="755"/>
</TextLine>
<TextLine HEIGHT="58" WIDTH="1990" VPOS="3322" HPOS="70">
<String CONTENT="&#169;" HEIGHT="54" WIDTH="57" VPOS="3322" HPOS="70"/>
<SP HEIGHT="54" WIDTH="31" VPOS="3322" HPOS="128"/>
<String CONTENT="Sept." HEIGHT="52" WIDTH="119" VPOS="3324" HPOS="160"/>
<SP HEIGHT="42" WIDTH="33" VPOS="3325" HPOS="280"/>
<String CONTENT="17," HEIGHT="51" WIDTH="63" VPOS="3323" HPOS="314"/>
<SP HEIGHT="49" WIDTH="30" VPOS="3325" HPOS="378"/>
<String CONTENT="1926;" HEIGHT="52" WIDTH="129" VPOS="3324" HPOS="409"/>
<SP HEIGHT="52" WIDTH="28" VPOS="3324" HPOS="539"/>
<String CONTENT="2c." HEIGHT="43" WIDTH="64" VPOS="3324" HPOS="568"/>
<SP HEIGHT="27" WIDTH="30" VPOS="3340" HPOS="633"/>
<String CONTENT="and" HEIGHT="42" WIDTH="87" VPOS="3325" HPOS="664"/>
<SP HEIGHT="42" WIDTH="28" VPOS="3325" HPOS="752"/>
<String CONTENT="aff." HEIGHT="42" WIDTH="79" VPOS="3325" HPOS="781"/>
<SP HEIGHT="47" WIDTH="32" VPOS="3323" HPOS="861"/>
<String CONTENT="Sept." HEIGHT="54" WIDTH="120" VPOS="3323" HPOS="894"/>
<SP HEIGHT="43" WIDTH="28" VPOS="3324" HPOS="1015"/>
<String CONTENT="22;" HEIGHT="53" WIDTH="79" VPOS="3324" HPOS="1044"/>
<SP HEIGHT="53" WIDTH="29" VPOS="3324" HPOS="1124"/>
<!-- cceid 0449DC90-6E1B-1014-9B7B-CA07F191E62B --><String CONTENT="A" HEIGHT="43" WIDTH="45" VPOS="3324" HPOS="1154"/>
<SP HEIGHT="44" WIDTH="29" VPOS="3324" HPOS="1200"/>
<String CONTENT="950098;" HEIGHT="54" WIDTH="189" VPOS="3323" HPOS="1230"/>
<SP HEIGHT="51" WIDTH="33" VPOS="3326" HPOS="1420"/>
<String CONTENT="B." HEIGHT="42" WIDTH="50" VPOS="3326" HPOS="1454"/>
<SP HEIGHT="47" WIDTH="31" VPOS="3324" HPOS="1505"/>
<String LANG="de" CONTENT="Scher," HEIGHT="54" WIDTH="154" VPOS="3324" HPOS="1537"/>
<SP HEIGHT="53" WIDTH="31" VPOS="3325" HPOS="1692"/>
<String CONTENT="Los" HEIGHT="45" WIDTH="90" VPOS="3325" HPOS="1724"/>
<SP HEIGHT="44" WIDTH="29" VPOS="3326" HPOS="1815"/>
<String CONTENT="Angeles." HEIGHT="54" WIDTH="215" VPOS="3326" HPOS="1845"/>
</TextLine>
<TextLine HEIGHT="54" WIDTH="268" VPOS="3381" HPOS="154">
<String CONTENT="(26-16201)" HEIGHT="54" WIDTH="268" VPOS="3381" HPOS="154"/>
</TextLine>
<TextLine HEIGHT="78" WIDTH="1928" VPOS="3479" HPOS="74" STYLEREFS="StyleId-89C7666B-9CD9-4869-8BD1-CEDFCA9ABE10-" CS="1">
<String CONTENT="Shipman," HEIGHT="74" WIDTH="320" VPOS="3479" HPOS="74"/>
<SP HEIGHT="72" WIDTH="51" VPOS="3480" HPOS="395"/>
<String CONTENT="Alice" HEIGHT="57" WIDTH="174" VPOS="3480" HPOS="447"/>
<SP HEIGHT="58" WIDTH="49" VPOS="3481" HPOS="622"/>
<String CONTENT="Jack" HEIGHT="58" WIDTH="162" VPOS="3481" HPOS="672"/>
<SP HEIGHT="74" WIDTH="55" VPOS="3481" HPOS="835"/>
<String CONTENT="(Dolan)" HEIGHT="74" WIDTH="261" VPOS="3481" HPOS="891"/>
<SP HEIGHT="71" WIDTH="58" VPOS="3482" HPOS="1153"/>
<String CONTENT="&#8220;Mrs." HEIGHT="57" WIDTH="189" VPOS="3483" HPOS="1212"/>
<SP HEIGHT="58" WIDTH="54" VPOS="3482" HPOS="1402"/>
<String LANG="fr" CONTENT="O." HEIGHT="58" WIDTH="66" VPOS="3482" HPOS="1457"/>
<SP HEIGHT="57" WIDTH="51" VPOS="3483" HPOS="1524"/>
<String CONTENT="L." HEIGHT="57" WIDTH="67" VPOS="3483" HPOS="1576"/>
<SP HEIGHT="58" WIDTH="52" VPOS="3484" HPOS="1644"/>
<String CS="1" CONTENT="Shipman,&#8221;" HEIGHT="73" WIDTH="305" VPOS="3484" HPOS="1697"/>
</TextLine>
<TextLine HEIGHT="56" WIDTH="188" VPOS="3561" HPOS="149" STYLEREFS="StyleId-89C7666B-9CD9-4869-8BD1-CEDFCA9ABE10-">
<String CONTENT="1889-" HEIGHT="56" WIDTH="188" VPOS="3561" HPOS="149"/>
</TextLine>
<TextLine HEIGHT="157" WIDTH="1992" VPOS="3647" HPOS="73" STYLEREFS="StyleId-F09B1BC8-EAE7-49AB-88C0-364FD9E6D26E-" CS="1">
<String CONTENT="Taming" HEIGHT="74" WIDTH="266" VPOS="3647" HPOS="149"/>
<SP HEIGHT="68" WIDTH="30" VPOS="3653" HPOS="416"/>
<String CONTENT="the" HEIGHT="57" WIDTH="103" VPOS="3649" HPOS="447"/>
<SP HEIGHT="57" WIDTH="32" VPOS="3649" HPOS="551"/>
<String CONTENT="Big" HEIGHT="73" WIDTH="123" VPOS="3649" HPOS="584"/>
<SP HEIGHT="72" WIDTH="30" VPOS="3650" HPOS="708"/>
<String CONTENT="Bend;" HEIGHT="71" WIDTH="210" VPOS="3650" HPOS="739"/>
<SP HEIGHT="48" WIDTH="34" VPOS="3673" HPOS="950"/>
<String CONTENT="a" HEIGHT="37" WIDTH="35" VPOS="3674" HPOS="985"/>
<SP HEIGHT="60" WIDTH="31" VPOS="3651" HPOS="1021"/>
<String CONTENT="history" HEIGHT="72" WIDTH="249" VPOS="3650" HPOS="1053"/>
<SP HEIGHT="52" WIDTH="32" VPOS="3670" HPOS="1303"/>
<String CONTENT="of" HEIGHT="56" WIDTH="68" VPOS="3652" HPOS="1336"/>
<SP HEIGHT="56" WIDTH="32" VPOS="3652" HPOS="1405"/>
<String CONTENT="the" HEIGHT="58" WIDTH="104" VPOS="3651" HPOS="1438"/>
<SP HEIGHT="37" WIDTH="36" VPOS="3672" HPOS="1543"/>
<String CONTENT="extreme" HEIGHT="55" WIDTH="271" VPOS="3656" HPOS="1580"/>
<SP HEIGHT="38" WIDTH="32" VPOS="3673" HPOS="1852"/>
<String CONTENT="western" HEIGHT="124" WIDTH="1966" VPOS="3659" HPOS="73"/>
<SP HEIGHT="53" WIDTH="37" VPOS="3745" HPOS="185"/>
<String CONTENT="portion" HEIGHT="71" WIDTH="256" VPOS="3727" HPOS="223"/>
<SP HEIGHT="38" WIDTH="41" VPOS="3746" HPOS="480"/>
<String CONTENT="of" HEIGHT="57" WIDTH="65" VPOS="3727" HPOS="522"/>
<SP HEIGHT="57" WIDTH="42" VPOS="3727" HPOS="588"/>
<String CONTENT="Texas" HEIGHT="56" WIDTH="203" VPOS="3729" HPOS="631"/>
<SP HEIGHT="57" WIDTH="44" VPOS="3728" HPOS="835"/>
<String CONTENT="from" HEIGHT="57" WIDTH="167" VPOS="3728" HPOS="880"/>
<SP HEIGHT="56" WIDTH="41" VPOS="3728" HPOS="1048"/>
<String CONTENT="Fort" HEIGHT="58" WIDTH="157" VPOS="3728" HPOS="1090"/>
<SP HEIGHT="60" WIDTH="45" VPOS="3727" HPOS="1248"/>
<String CONTENT="Clark" HEIGHT="60" WIDTH="189" VPOS="3727" HPOS="1294"/>
<SP HEIGHT="59" WIDTH="38" VPOS="3728" HPOS="1484"/>
<String CONTENT="to" HEIGHT="58" WIDTH="64" VPOS="3732" HPOS="1523"/>
<SP HEIGHT="60" WIDTH="44" VPOS="3730" HPOS="1588"/>
<String CONTENT="El" HEIGHT="56" WIDTH="79" VPOS="3730" HPOS="1633"/>
<SP HEIGHT="57" WIDTH="39" VPOS="3731" HPOS="1713"/>
<String CONTENT="Paso," HEIGHT="73" WIDTH="185" VPOS="3731" HPOS="1753"/>
<SP HEIGHT="71" WIDTH="42" VPOS="3733" HPOS="1939"/>
<String CONTENT="by" HEIGHT="71" WIDTH="83" VPOS="3733" HPOS="1982"/>
</TextLine>
<TextLine HEIGHT="78" WIDTH="1991" VPOS="3803" HPOS="73" STYLEREFS="StyleId-F09B1BC8-EAE7-49AB-88C0-364FD9E6D26E-">
<String CONTENT="Mrs." HEIGHT="58" WIDTH="151" VPOS="3804" HPOS="73"/>
<SP HEIGHT="58" WIDTH="51" VPOS="3804" HPOS="225"/>
<String LANG="fr" CONTENT="O." HEIGHT="58" WIDTH="68" VPOS="3804" HPOS="277"/>
<SP HEIGHT="58" WIDTH="46" VPOS="3804" HPOS="346"/>
<String CONTENT="L." HEIGHT="57" WIDTH="68" VPOS="3804" HPOS="393"/>
<SP HEIGHT="59" WIDTH="52" VPOS="3803" HPOS="462"/>
<String CONTENT="Shipman." HEIGHT="72" WIDTH="318" VPOS="3803" HPOS="515"/>
<SP HEIGHT="42" WIDTH="105" VPOS="3835" HPOS="834"/>
<String CONTENT="[Austin," HEIGHT="72" WIDTH="266" VPOS="3805" HPOS="940"/>
<SP HEIGHT="69" WIDTH="50" VPOS="3807" HPOS="1207"/>
<String CONTENT="Tex.," HEIGHT="71" WIDTH="167" VPOS="3807" HPOS="1258"/>
<SP HEIGHT="70" WIDTH="51" VPOS="3808" HPOS="1426"/>
<String CONTENT="Printed" HEIGHT="61" WIDTH="265" VPOS="3806" HPOS="1478"/>
<SP HEIGHT="59" WIDTH="46" VPOS="3808" HPOS="1744"/>
<String CONTENT="by" HEIGHT="73" WIDTH="84" VPOS="3808" HPOS="1791"/>
<SP HEIGHT="73" WIDTH="46" VPOS="3808" HPOS="1876"/>
<String CONTENT="Von" HEIGHT="60" WIDTH="141" VPOS="3808" HPOS="1923"/>
</TextLine>
<TextLine HEIGHT="77" WIDTH="985" VPOS="3882" HPOS="69" STYLEREFS="StyleId-F09B1BC8-EAE7-49AB-88C0-364FD9E6D26E-">
<String CONTENT="Boeckmann-Jones" HEIGHT="59" WIDTH="615" VPOS="3882" HPOS="69"/>
<SP HEIGHT="38" WIDTH="39" VPOS="3903" HPOS="685"/>
<String CONTENT="co.," HEIGHT="52" WIDTH="105" VPOS="3903" HPOS="725"/>
<SP HEIGHT="62" WIDTH="36" VPOS="3893" HPOS="831"/>
<String STYLE="superscript" CONTENT="c" HEIGHT="20" WIDTH="18" VPOS="3893" HPOS="868"/>
<String CONTENT="1926]" HEIGHT="76" WIDTH="164" VPOS="3883" HPOS="890"/>
</TextLine>
</TextBlock>
</PrintSpace>
</Page>
</Layout>
</alto>