2542 4285
962 3996 148 59 1035

50 372 335 70 Burnham,
424 370 278 60 William
738 370 232 72 Henry,
1011 371 188 57 1855-

129 448 192 59 Great
363 447 281 60 teachers
689 449 124 56 and
854 445 234 58 mental
1128 444 243 70 health;
1419 464 36 37 a
1500 444 187 72 study
1732 443 68 58 of
1846 461 185 40 seven

50 520 1983 75 educational hygienists, by William H. Burnham … New
48 601 189 70 York,
273 600 277 75 London,
591 602 74 55 D.
704 600 320 72 Appleton
1061 602 123 57 and
1222 617 306 55 company
1567 627 14 43 [
1583 605 19 24 c
1605 598 164 73 1926]

117 687 482 55 xiii, 351 p. 19½ m .
120 758 355 54 Bibliography:
505 774 40 38 p.
574 758 204 46 310-315.

385 814 891 53 CONTENTS.—Introduction.—Socrates.—Jesus
1310 829 49 29 as
1392 814 185 44 teacher
1609 811 101 66 and.
1732 811 305 56 hygienist.—

49 868 156 55 Roger
234 870 169 50 Bacon,
436 871 188 52 pioneer
655 871 46 43 in
735 870 175 45 science
941 872 91 43 and
1064 870 170 44 mental
1266 868 523 55 hygiene.—Vittorino,
1821 868 78 45 the
1931 869 104 44 first

47 927 195 43 modern
281 925 736 53 schoolmaster.—Trotzendorf,
1057 926 190 54 pioneer
1286 926 47 43 in
1372 925 141 45 social
49 924 1962 109 pedagogy—Comenius,
219 981 77 45 the
347 981 156 54 prince
556 983 54 43 of
663 982 371 45 schoolmasters.
1052 1009 56 6 —
1123 981 100 45 The
1279 981 273 45 theoretical
1606 980 315 46 contribution
1979 981 53 43 of

49 1035 374 46 Comenius.—G.
461 1038 189 55 Stanley
682 1039 113 44 Hall
829 1056 49 29 as
914 1039 186 44 teacher
1135 1038 92 45 and
1260 1037 358 54 hygienist.—G.
1658 1038 190 55 Stanley
1882 1036 151 46 Hall’s

47 1093 171 43 mental
246 1093 218 53 regimen.
481 1120 57 5 —
553 1095 199 46 Lessons
784 1094 125 44 from
939 1094 77 46 the
1044 1103 132 46 great
1203 1095 224 44 teachers.
1443 1121 57 5 —
1516 1095 289 53 Democracy
1834 1093 92 45 and
1955 1094 78 45 the

46 1148 221 46 teacher’s
294 1149 486 46 ideal.—Conclusion.

48 1203 54 54 ©
136 1206 119 53 Sept.
291 1205 62 53 17,
388 1207 129 52 1926;
548 1207 66 44 2c.
647 1209 87 42 and
767 1209 78 43 aff.
884 1207 122 53 Sept.
1036 1209 80 52 21;
1152 1208 45 43 A
1229 1208 188 53 949102;
1455 1209 57 43 D.
1545 1207 229 54 Appleton
1806 1209 38 44 &
1876 1222 67 30 co.

127 1262 267 56 (26-16232)

45 1362 222 73 Byrne,
315 1364 258 57 Patrick
615 1365 289 72 Edward,
952 1368 189 57 1869-

125 1451 277 59 Soldiers
450 1454 68 57 of
558 1454 104 57 the
706 1453 226 72 plains,
976 1454 84 72 by
1102 1455 70 55 P.
1217 1453 73 56 E.
1335 1454 230 71 Byrne.
1647 1454 152 57 New
1844 1453 189 73 York,

44 1529 262 74 Minton,
334 1530 197 58 Balch
559 1532 50 56 &
638 1550 321 53 company,
991 1532 166 57 1926.

112 1606 62 55 xi,
208 1608 81 44 260
318 1623 40 38 p.
417 1610 50 41 21½
505 1610 46 18 cm
557 1644 8 8 .

47 1662 52 53 ©
123 1665 119 51 Aug.
267 1666 64 50 20,
364 1665 127 51 1926;
520 1666 61 42 2c.
610 1667 118 51 Aug.
755 1666 78 52 25;
862 1666 78 42 aff.
968 1667 119 51 Aug.
1111 1666 80 51 28;
1219 1666 45 42 A
1290 1665 189 52 901599;
1509 1666 194 52 Minton,
1731 1665 139 43 Balch
1900 1666 38 43 &
1963 1679 68 31 co.

126 1720 268 55 (26-16114)

45 1820 226 70 Cabell,
318 1822 211 58 James
572 1823 265 70 Branch,
880 1825 189 57 1879-

118 1911 128 57 The
267 1911 197 58 music
486 1911 168 58 from
675 1912 230 60 behind
928 1913 104 58 the
1054 1932 215 52 moon;
1295 1932 80 38 an
1400 1912 285 73 epitome,
1709 1914 83 70 by
1816 1912 216 58 James

42 1987 252 59 Branch
350 1988 229 73 Cabell,
631 1989 151 59 with
836 1990 171 72 eight
1059 1991 178 57 wood
1294 1990 379 72 engravings
1726 1991 84 71 by
1860 1991 174 57 Leon

41 2064 1987 77 Underwood … New York, The John Day company, 1926.
113 2139 1156 59 5 p. l., 3-54 p., 1 l. incl. front., plates. 28 cm .
115 2195 154 53 “This,
298 2198 75 43 the
399 2198 102 44 first
528 2198 122 44 book
676 2199 243 53 published
948 2201 59 53 by
1033 2200 78 44 the
1140 2200 124 54 John
1292 2201 105 53 Day
1423 2213 238 40 company,
1692 2200 341 55 incorporated,

43 2251 38 45 is
113 2251 156 45 issued
302 2253 46 44 in
381 2268 59 29 an
474 2254 173 45 edition
680 2254 178 45 limited
892 2264 48 36 to
973 2256 129 44 three
1136 2255 234 46 thousand
1404 2255 166 55 copies,
1605 2255 184 55 printed
1821 2259 60 52 by
42 2257 1971 94 William
179 2308 167 47 Edwin
375 2308 164 55 Rudge
569 2326 61 28 on
660 2310 204 45 Vidalon
893 2311 123 45 vélin
1046 2327 154 39 paper,
1232 2313 125 43 from
1388 2312 198 45 handset
1616 2312 269 45 Garamond
1914 2323 119 45 type,

41 2363 92 45 and
158 2364 77 45 the
262 2373 104 46 type
394 2364 314 46 distributed.”

43 2419 55 54 ©
130 2422 119 52 Sept.
279 2424 36 47 3,
349 2424 130 52 1926;
510 2425 63 42 2c.
602 2425 90 43 and
722 2426 78 42 aff.
836 2424 120 54 Sept.
986 2426 78 52 23;
1099 2427 45 43 A
1174 2427 190 52 949130;
1398 2427 42 54 J.
1473 2428 51 44 B.
1558 2426 168 54 Cabell,
1761 2427 269 46 Richmond.

124 2478 268 56 (26-16524)

43 2580 334 73 Campbell,
425 2582 254 58 Charles
722 2583 237 73 Macfie,
1005 2586 190 58 1876-

114 2669 1848 80 Delusion and belief, by Charles Macfie Campbell …
42 2749 391 75 Cambridge,
458 2750 300 62 Harvard
783 2752 309 59 university
1159 2773 201 53 press,
1389 2755 166 57 1926.

108 2829 677 52 4 p. l., 3-78, [1] p. 19½ cm .
40 2880 57 54 ©
130 2882 119 53 Sept.
280 2883 40 52 4,
354 2883 104 44 1926
474 2898 8 36 ;
516 2884 62 43 2c.
614 2882 119 54 Sept.
769 2885 74 51 13;
878 2885 80 44 aff.
992 2884 120 52 Sept.
1149 2886 74 51 11;
1256 2884 45 43 A
1330 2884 190 54 901942;
1555 2886 239 45 President
1824 2888 88 43 and
113 2887 1896 96 fellows
255 2940 51 44 of
337 2941 215 43 Harvard
581 2940 184 53 college,
800 2940 289 54 Cambridge,
1121 2942 142 44 Mass.
1331 2941 269 57 (26-16158)

44 3039 336 73 Campbell,
411 3042 150 57 Mrs.
599 3040 320 59 Harriette
961 3041 304 74 (Russell)
1309 3044 189 58 1883-

119 3130 1916 74 Patsy’s brother, by Harriette R. Campbell … New
41 3207 173 58 York
241 3210 123 56 and
392 3209 276 71 London,
699 3210 257 71 Harper
983 3209 50 59 &
1059 3211 290 57 brothers
1384 3239 14 44 [
1398 3220 19 21 c
1421 3212 165 73 1926]

113 3284 1003 57 5 p. l., 3-344 p. front., plates. 19 ½ cm .
41 3341 56 53 ©
132 3343 118 52 Sept.
286 3341 63 52 17,
382 3344 129 52 1926;
541 3344 65 44 2c.
642 3344 119 53 Sept.
795 3345 74 52 16;
902 3345 78 43 aff.
1016 3345 119 53 Sept.
1165 3344 77 53 20;
1276 3345 44 42 A
1351 3344 163 45 950067
1530 3360 9 37 ;
1574 3346 183 51 Harper
1787 3346 38 44 &
1854 3346 121 45 bros.

123 3400 268 55 (26-16268)

46 3499 262 70 Cankar,
350 3500 175 73 Ivan,
565 3504 358 57 1876-1918.

118 3590 311 71 Yerney’s
457 3590 246 73 justice,
731 3593 85 70 by
842 3592 160 56 Ivan
1034 3592 279 70 Cankar;
1345 3591 354 60 translated
1729 3591 168 59 from
1927 3593 104 58 the

44 3665 338 59 Slovenian
442 3666 378 73 (Yugoslav)
881 3670 82 71 by
1015 3668 192 60 Louis
1261 3668 283 58 Adamic.
1637 3669 152 59 New
1839 3669 192 73 York,

45 3742 343 73 Vanguard
413 3763 200 53 press,
643 3746 165 58 1926.

112 3835 41 32 v,
186 3820 75 44 101
292 3834 41 38 p.
395 3821 53 44 18½
481 3823 47 18 cm
533 3856 10 9 .

46 3874 52 54 ©
133 3877 120 52 Sept.
286 3877 67 51 24,
388 3878 104 42 1926
507 3892 9 37 ;
547 3878 65 43 2c.
644 3880 86 42 and
758 3880 79 42 aff.
875 3878 120 53 Sept.
1027 3878 54 44 27
1096 3894 10 37 ;
1139 3880 44 42 A
1215 3879 162 45 950223
1393 3895 10 38 ;
1438 3880 252 53 Vanguard
1720 3895 137 39 press,
1893 3881 83 45 inc.

124 3933 267 55 (26-16538)
