2542 4285
1059 4016 146 57 1461

151 390 349 73 Lobingier,
538 393 149 56 Mrs.
731 389 326 59 Elizabeth
1094 390 215 59 Erwin
1357 389 265 76 (Miller)

224 471 267 58 Hebrew
531 472 177 57 home
751 468 140 73 life;
938 491 35 37 a
1018 469 336 60 children’s
1399 471 240 70 reader,
1680 471 82 72 by
1806 469 326 60 Elizabeth

147 546 205 62 Miller
389 546 351 74 Lobingier.
828 546 286 74 Chicago,
1153 547 114 72 Ill.,
1309 547 129 60 The
1475 546 369 73 University
1884 550 67 57 of
147 542 1959 162 Chicago
322 645 181 53 press
538 656 11 42 [
553 633 17 21 c
574 625 163 73 1926]

215 701 91 53 viii,
346 706 64 47 81,
454 705 51 45 [1]
545 718 40 36 p.
648 704 154 49 front.,
844 703 116 44 illus.
988 703 126 52 (part
1154 703 107 50 col.)
1332 704 49 43 19½
1415 707 46 16 cm
1468 737 9 11 .
1545 702 289 53 (Half-title:
1878 705 99 45 The
146 700 1964 110 University

360 756 1774 58 of Chicago publications in religious education … Constructive
147 815 192 50 studies)

147 867 54 53 ©
234 868 116 45 Nov.
390 869 61 51 16,
491 868 103 43 1926
609 883 9 36 ;
654 867 64 45 2c.
756 869 86 42 and
875 869 77 41 aff.
991 869 108 43 Dec.
1135 869 50 50 4;
1223 868 44 42 A
1302 866 187 54 957429;
1530 868 264 54 University
1829 868 51 46 of
1917 870 215 54 Chicago,

218 925 212 53 Chicago.
498 924 268 56 (26-23666)

219 1011 269 58 Hebrew
518 1012 177 60 home
729 1010 143 73 life;
910 1032 35 37 a
977 1011 392 74 third-grade
1407 1031 215 41 course
1659 1016 67 55 of
1763 1014 187 73 study
147 1008 1961 145 suitable
323 1091 103 57 for

465 1089 284 73 primary
790 1091 430 71 departments
1265 1093 66 56 of
1374 1091 227 57 church
1643 1092 257 73 schools,
145 1089 1965 156 weekday
305 1167 238 58 schools

580 1168 66 58 of
686 1166 282 73 religion,
1008 1166 121 58 and
1167 1168 226 58 church
1430 1166 287 62 vacation
1756 1171 258 72 schools,
2051 1171 83 72 by

144 1242 1963 159 Elizabeth Miller Lobingier … Teacher’s manual. Chicago,
351 1322 116 73 Ill.,
506 1323 129 58 The
669 1319 371 75 University
1076 1324 68 58 of
1183 1320 270 75 Chicago
1488 1342 180 53 press
1744 1325 165 73 [c1926]

212 1397 1923 59 xii, 1 44, [1 ] p. front., illus. 19½cm. (Half-title: The University of
146 1453 1834 60 Chicago publications in religious education … Constructive studies)
213 1513 233 50 “Reading
481 1512 339 53 suggestions”:
855 1527 39 36 p.
935 1512 199 46 137-139.

144 1566 52 53 ©
232 1568 117 44 Nov.
388 1568 61 51 16,
489 1567 126 50 1926;
653 1566 62 44 2c.
752 1567 87 42 and
872 1566 78 42 aff.
989 1567 106 42 Dec.
1132 1566 49 51 4;
1221 1565 43 43 A
1299 1565 189 55 957430;
1528 1568 267 54 University
1829 1570 51 44 of
1919 1570 212 56 Chicago,

218 1624 209 53 Chicago.
497 1621 267 58 (26-23665)

145 1706 375 70 McCulloch,
558 1708 42 57 J
915 1707 76 56 H.

224 1786 127 58 The
393 1805 141 38 men
574 1786 67 57 of
681 1784 337 74 Kildonan,
1061 1807 35 38 a
1140 1805 286 40 romance
1469 1787 68 58 of
1578 1789 101 59 the
1725 1789 245 61 Selkirk
145 1791 1962 149 settlers,

346 1865 82 71 by
459 1865 58 57 J.
551 1864 76 56 H.
665 1861 374 60 McCulloch.
1124 1864 150 57 New
1304 1864 190 72 York,
1529 1865 241 74 George
1805 1868 78 57 H.
1916 1869 214 57 Doran

146 1960 303 54 company
486 1972 12 43 [
501 1951 19 21 c
522 1942 162 71 1926]

215 2016 844 57 xii p., 1 l., 15-276, [1] p. 19½cm.
143 2075 54 53 ©
225 2077 109 44 Dec.
363 2075 37 53 7,
433 2076 127 52 1926;
591 2075 64 44 2c.
684 2077 109 43 Dec.
827 2076 73 51 16;
932 2077 77 41 aff.
1040 2076 108 44 Dec.
1181 2077 72 51 14;
1286 2077 43 42 A
1359 2076 189 54 957686;
1582 2078 176 54 George
1788 2080 61 43 H.
1881 2080 158 45 Doran
2067 2096 66 30 co.

222 2132 268 57 (26-23685)

143 2206 318 67 Mathews,
495 2207 150 55 Mrs.
679 2205 273 56 Blanche
992 2203 327 75 (Dingley)
1352 2209 199 57 1873-

219 2282 340 57 Harmonic
594 2303 109 37 ear
730 2283 284 72 training
1044 2284 122 57 and
1199 2283 240 73 theory,
1474 2289 63 52 to
1569 2287 151 56 hear
1755 2288 122 58 and
145 2286 1963 148 understand;

406 2381 37 36 a
485 2360 364 72 systematic
891 2380 215 39 course
1151 2362 65 56 in
1257 2363 208 57 lesson
1510 2364 183 73 form,
1738 2366 81 71 by
1859 2366 273 59 Blanche

142 2437 617 74 Dingley-Mathews.
832 2437 371 72 Cincinnati,
1234 2440 87 72 0.,
1352 2441 127 57 The
1507 2442 168 57 John
1705 2441 245 59 Church
141 2460 1968 131 company,
358 2515 165 56 1925.

211 2593 18 42 1
268 2605 42 31 v.

142 2647 53 53 ©
223 2649 97 53 Jan.
351 2647 38 54 5,
421 2648 127 53 1926;
580 2649 63 42 2c.
673 2650 87 42 and
790 2651 77 41 aff.
898 2651 98 51 Jan.
1027 2650 51 52 8;
1100 2650 54 50 .A
1184 2649 189 54 875782;
1405 2652 118 54 John
1555 2653 179 45 Church
1764 2671 65 29 co.

143 2718 247 73 Moody,
425 2718 142 58 Dan
752 2720 80 58 W
1144 2724 187 57 1853-

219 2797 129 58 The
376 2796 112 58 life
515 2798 66 58 of
609 2819 35 37 a
671 2817 202 52 rover,
902 2799 356 73 1865-1926,
1285 2802 84 71 by
1395 2801 73 58 D.
1498 2803 95 59 W.
1625 2804 246 74 Moody,
1904 2808 226 57 author

144 2875 122 60 and
291 2875 339 71 publisher,
657 2876 219 57 known
903 2877 63 56 in
994 2877 177 73 early
1192 2882 270 55 western
1487 2881 112 57 life
1627 2902 66 37 as
1722 2882 139 57 Dan
1879 2885 251 72 Moody,

141 2951 1284 79 the Indian scout … [Chicago, c 1926]
213 3027 1016 59 2 p. l., 116 p. illus., fold. map. 22½cm.
141 3086 53 53 ©
222 3087 116 46 Nov.
368 3086 36 53 5,
437 3088 128 52 1926;
593 3089 63 42 2c.
686 3089 85 44 and
799 3090 78 42 aff.
907 3090 118 43 Nov.
1059 3088 74 54 15;
1162 3091 44 42 A
1233 3090 189 54 950944;
1454 3092 55 44 D.
1539 3094 74 43 W.
1644 3095 185 52 Moody,
1863 3094 211 55 Chicago.

218 3143 268 57 (26-23689)

142 3215 150 58 New
324 3215 173 58 York
538 3215 234 75 (State)
865 3218 193 58 Court
1094 3219 66 71 of
1193 3221 274 72 appeals.

143 3293 1966 139 Reports of cases decided … from and including decisions of
457 3370 368 73 September
861 3374 89 71 30,
992 3375 165 72 1924,
1198 3379 63 53 to
1304 3378 123 55 and
1464 3376 318 76 including
1822 3380 307 61 decisions

142 3448 66 57 of
249 3447 151 72 May
442 3450 88 70 25,
575 3450 165 73 1926,
781 3450 152 57 with
973 3454 198 70 notes,
1215 3454 354 59 references
1616 3459 122 56 and
1779 3458 204 59 index.
2068 3462 59 57 J.

141 3525 260 58 Newton
431 3526 202 71 Fiero,
667 3529 161 56 state
860 3531 304 69 reporter,
1232 3549 55 37 v.
1321 3533 278 57 239-242.
1669 3535 267 74 Albany,
1966 3539 58 56 J.
2058 3538 69 57 B.

140 3602 176 61 Lyon
346 3621 320 55 company,
702 3606 165 72 1925,
902 3607 164 56 1926.

206 3680 27 41 4
263 3693 42 31 v.
362 3679 150 44 23½cm.

140 3752 39 27 v.
206 3735 96 53 239,
325 3734 57 53 ©
406 3737 116 51 June
550 3737 61 51 13,
644 3736 129 54 1925;
800 3755 40 26 v.
868 3740 93 49 240,
986 3737 58 55 ©
1069 3741 121 45 Nov.
1222 3741 73 53 16;
1325 3760 40 27 v.
1394 3744 94 53 241,
1515 3743 54 54 ©
1600 3747 111 52 May
1738 3748 38 51 3,
1809 3747 130 53 1926;
1967 3765 41 29 v.
2034 3751 93 52 242,

206 3789 56 55 ©
290 3793 107 53 July
425 3793 77 52 29;
534 3794 63 43 2c.
630 3794 108 45 each
767 3797 119 44 Nov.
914 3797 79 52 22;
1028 3798 101 45 affs.
1163 3800 108 43 Dec.
1310 3802 73 51 11;
1416 3801 43 43 A
1492 3800 385 58 957574-957577;
1913 3806 217 47 Florence

212 3847 50 49 E.
295 3850 42 45 S.
365 3850 176 53 Knapp,
570 3859 226 46 secretary
824 3854 50 43 of
900 3854 75 45 the
1003 3861 117 40 state
1147 3857 51 44 of
1226 3858 117 44 New
1370 3859 143 53 York,
1544 3860 43 43 in
1615 3868 116 40 trust
1761 3862 74 44 for
1860 3862 76 46 the
1964 3864 166 46 benefit

209 3906 52 43 of
295 3907 74 44 the
405 3909 155 51 people
595 3908 52 44 of
683 3909 74 45 the
795 3918 127 46 state,
960 3913 194 53 Albany.
