2542 4285
1352 3985 108 54 862

412 373 315 69 Emerson,
760 368 209 74 Ralph
998 368 243 69 Waldo,
1278 370 355 58 1803-1882.

550 457 1842 73 … Selections from the prose works of Ralph Waldo
408 539 324 68 Emerson,
781 535 208 59 edited
1034 534 149 58 with
1231 533 423 60 introduction
1703 535 123 57 and
1869 538 180 53 notes
2095 535 83 71 by
2224 534 169 58 Bliss

406 610 1962 154 Perry … Boston, New York [etc.] Houghton Mifflin company [ c 1926]
476 767 57 50 iv,
561 767 84 44 380
669 782 39 37 p.
768 766 50 44 18
825 769 46 17 cm
878 801 8 9 .
953 765 269 55 (Riverside
1250 765 174 53 college
1454 765 211 53 classics)

409 823 52 53 ©
496 826 117 50 Aug.
646 826 39 48 9,
721 824 129 51 1926;
885 824 64 42 2c.
985 824 86 42 and
1104 825 77 41 aff.
1217 824 119 51 Aug.
1376 824 72 49 16;
1485 824 43 41 A
1563 823 188 52 897832;
1788 823 249 52 Houghton
2074 823 163 43 Mifflin
2274 839 63 28 co.

486 881 268 55 (26-14734)

412 954 128 56 The
568 953 265 56 Federal
861 957 304 66 reporter.
1236 952 240 57 Second
1505 953 208 56 series.
1787 952 190 58 Cases
2009 955 235 70 argued
2275 955 122 55 and

488 1030 387 58 determined
912 1031 63 55 in
1015 1031 102 56 the
1160 1029 240 58 Circuit
1437 1034 207 53 courts
1687 1030 66 56 of
1794 1032 257 68 appeals
2094 1032 119 56 and
486 1031 1884 134 District

682 1112 209 53 courts
942 1108 66 56 of
1057 1109 101 55 the
1208 1107 234 57 United
1496 1107 210 57 States
1756 1109 123 56 and
1927 1108 103 57 the
2085 1107 197 58 Court
2329 1109 67 56 of

488 1186 256 71 appeals
783 1185 66 56 of
883 1186 102 56 the
1021 1185 267 56 District
1328 1185 65 56 of
1433 1184 337 73 Columbia,
1809 1186 150 55 with
1993 1186 406 71 key-number

489 1263 415 57 annotations,
975 1282 55 36 v.
1063 1264 32 54 9
1136 1261 135 71 (2d),
1333 1263 70 55 10
1444 1262 134 71 (2d)
1633 1262 572 72 February-April,
2231 1266 164 54 1926.

490 1341 87 58 St.
613 1340 175 71 Paul,
818 1340 178 56 West
1027 1339 364 71 publishing
1421 1359 104 52 co.,
1561 1341 164 55 1926.

476 1419 26 41 2
530 1433 39 27 v.
631 1417 158 43 fronts,
818 1416 176 53 (maps)
1061 1417 55 42 26
1122 1419 45 17 cm
1175 1451 9 8 .

410 1489 39 28 v.
485 1476 35 50 9,
555 1472 52 53 ©
640 1475 111 51 May
789 1475 60 48 11,
888 1472 128 51 1926;
1053 1489 42 28 v.
1132 1475 59 48 10,
1226 1471 53 54 ©
1313 1474 114 51 June
1466 1472 72 52 15;
1574 1474 61 42 2c.
1671 1474 107 43 each
1813 1475 118 51 Aug.
1967 1477 50 49 9;
2054 1476 102 42 affs.
2192 1476 117 52 Aug.
2346 1475 49 53 5;

479 1533 43 41 A
551 1529 177 53 897758,
757 1528 190 54 897759;
980 1531 132 43 West
1142 1531 98 50 pub.
1271 1546 63 27 co.

412 1603 396 67 Hambrecht,
842 1603 240 71 George
1112 1601 228 73 Philip,
1374 1605 146 55 1871–

483 1689 322 60 Abraham
836 1689 277 71 Lincoln,
1145 1688 97 58 his
1280 1688 187 73 spirit
1498 1690 187 70 lives;
1722 1710 78 39 an
1835 1692 450 72 appreciation,
2317 1695 82 70 by

410 1766 1989 78 George P. Hambrecht … Stoughton, Wis., Printed at the
407 1845 370 58 Vocational
808 1845 208 57 school
1046 1874 13 43 [
1062 1853 18 22 c
1084 1846 165 71 1926]

478 1920 835 54 4 p. l., 16 p. illus., port. 24 cm .
480 1975 140 46 “This
661 1976 174 44 edition
877 1978 36 42 is
954 1976 175 45 limited
1171 1986 45 35 to
1259 1979 82 43 300
1380 1978 166 53 copies,
1590 1980 254 43 numbered
1885 1980 90 43 and
2020 1980 162 54 signed
2225 1984 56 50 by
2323 1983 76 43 the

409 2033 167 52 writer,
604 2034 52 42 of
682 2032 151 47 which
858 2033 91 44 this
978 2034 37 42 is
1042 2048 72 29 no.
1143 2034 283 53 copyright.”

410 2089 52 53 ©
494 2091 117 52 Aug.
646 2092 38 49 4,
721 2091 126 49 1926;
885 2092 63 42 2c.
980 2092 119 51 Aug.
1137 2093 72 50 12;
1246 2093 77 43 aff.
1359 2094 118 51 Aug.
1516 2094 72 50 13;
1625 2095 42 41 A
1702 2094 187 51 897821;
1930 2094 49 45 G.
2018 2096 48 42 P.
2102 2095 295 52 Hambrecht,

482 2149 223 51 Madison,
740 2148 114 44 Wis.
924 2148 269 54 (26-14772)

413 2218 264 69 Harker,
707 2222 151 55 Mrs.
890 2219 203 57 Lizzie
1124 2220 202 70 Allen,
1360 2224 147 57 1863–

484 2308 193 58 Hilda
709 2309 209 74 Ware,
951 2312 82 70 by
1062 2311 68 56 L.
1164 2311 183 56 Allen
1380 2312 268 57 Harker.
1724 2314 150 57 New
1906 2315 191 69 York,
2132 2316 77 55 H.
2245 2316 153 57 Holt

409 2386 122 57 and
561 2405 306 54 company
901 2388 181 72 [1926]

479 2462 81 44 320
588 2478 39 37 p.
692 2464 145 43 19½cm.

410 2516 52 53 ©
492 2520 116 52 Aug.
646 2520 60 49 16,
744 2521 128 51 1926;
903 2522 64 43 2c.
999 2523 85 42 and
1114 2523 77 41 aff.
1224 2523 117 52 Aug.
1379 2525 71 49 18;
1488 2525 40 41 A
1560 2523 187 52 897845;
1784 2527 132 41 Henry
1979 2526 116 43 Holt
2129 2528 36 42 &
2196 2543 64 27 co.

489 2576 268 54 (26-14679)

413 2647 423 71 Heidenstam,
872 2651 239 55 Verner
1140 2667 138 55 von,
1317 2656 187 55 1859-

553 2738 1821 78 … Der heiligen Birgitta p ilgerfahrt; einzige berech
412 2814 153 74 tigte
637 2817 374 73 übersetzung
1042 2838 111 39 aus
1184 2820 138 56 dem
1352 2821 472 73 schwedischen,
1854 2842 121 38 von
2009 2824 122 57 Ilse
411 2825 1968 126 Meyer-Lüne.

683 2892 326 74 München,
1044 2897 73 55 A.
1155 2898 273 72 Langen,
1466 2900 163 56 1925.

485 2970 73 46 185
589 2987 55 38 p.,
677 2975 17 41 1
747 3008 6 7 l.
819 2974 50 43 19
874 2975 45 17 cm
927 3008 7 8 .

411 3027 1874 61 © Nov. 17, 1925; 1c. Feb. 2, 1926; A —Foreign 30391; Albert Langen.
489 3085 269 55 (26-14855)

413 3156 289 69 Hichens,
745 3158 233 58 Robert
1020 3160 273 72 Smythe.

492 3235 126 57 The
653 3236 311 58 memoirs,
1052 3238 208 72 [chap.]
1303 3240 164 55 9-10.

485 3313 78 49 (In
597 3314 332 42 Hutchinson’s
963 3317 255 50 magazine,
1251 3317 131 51 Aug.,
1417 3319 126 50 1926)

413 3366 1988 61 © 1c. Sept. 4, 1926; A ad int. 8503; pubd. July 13; R. S. Hichens, Tour
482 3428 54 41 de
572 3426 134 51 Peilz,
747 3426 308 46 Switzerland.

415 3495 1024 75 Holmes, Harry Nicholls, 1879 –
486 3575 395 73 Laboratory
910 3579 253 56 manual
1194 3582 67 56 of
1293 3580 252 72 general
1578 3581 353 73 chemistry,
1964 3587 82 69 by
2077 3585 216 72 Harry
2327 3587 72 56 N.

411 3653 1966 148 Holmes … Rev. ed. New York, The Macmillan company, 1926.
515 3807 1435 56 x p., 1 l., [2] p., 3-132 numb. l., 135-141 p. illus. 22½ cm .
411 3858 54 53 ©
491 3862 118 51 Aug.
641 3863 58 49 10,
730 3862 127 51 1926;
887 3864 62 41 2c.
977 3865 85 42 and
1089 3865 76 42 aff.
1193 3866 117 51 Aug.
1341 3868 73 48 11;
1445 3867 42 41 A
1514 3866 188 52 897793;
1734 3869 264 42 Macmillan
2025 3885 64 28 co.

492 3916 268 56 (26-14747)
