2542 4285
1258 3991 149 57 1110

402 344 1914 76 … South eastern reporter digest. [West Virginia ed.]
410 421 1909 76 Including cases reported in vols. 1-125 South eastern
412 501 1907 73 reporter, 1-97 West Virginia reports and also … state
412 578 1907 74 reports … together with an index-digest of vols. 1-82
411 658 293 73 Virginia
741 660 124 55 and
901 657 414 71 preliminary
1351 657 296 56 volumes,
1726 675 56 36 v.
1826 657 50 55 5.
1919 653 400 75 Exceptions,

411 736 126 57 Bill
573 735 413 72 of-Hunting.
1063 735 231 57 Edited
1330 735 83 70 by
1450 734 102 56 the
1593 733 290 57 editorial
1924 732 153 57 staff
2113 733 66 56 of
2217 733 103 57 the

410 810 1915 74 American digest system … St. Paul, West publishing
412 910 105 52 co.,
550 891 164 57 1926.

404 968 59 52 iii,
497 965 258 54 5455-6705,
789 966 190 44 181-236
1008 981 41 38 p.
1106 966 58 43 26
1168 969 48 17 cm
1222 1000 9 9 .

403 1026 211 43 Lettered
645 1039 57 29 on
735 1039 160 28 cover:
932 1024 103 52 Key
1067 1022 189 45 number
1288 1029 180 46 system.

335 1080 52 54 ©
411 1083 106 52 July
543 1082 60 51 19,
632 1081 128 53 1926;
784 1082 63 43 2c.
874 1082 101 43 Oct.
998 1080 78 54 25;
1103 1082 79 42 aff.
1209 1081 100 43 Oct.
1332 1081 80 51 23;
1438 1081 45 42 A
1508 1078 188 53 950617;
1723 1080 133 44 West
1881 1080 99 52 pub.
2007 1095 64 28 co.

336 1168 411 73 Swinnerton,
788 1168 216 57 Frank
1037 1167 260 70 Arthur,
1341 1169 189 57 1884-

407 1262 287 59 Summer
752 1265 214 69 storm,
1022 1262 83 72 by
1159 1260 218 58 Frank
1433 1257 412 63 Swinnerton.
1926 1260 153 56 New
2132 1260 192 73 York,

329 1339 242 73 George
600 1339 79 58 H.
712 1338 216 57 Doran
957 1357 306 54 company
1294 1369 13 43 [
1308 1346 19 22 c
1331 1339 165 72 1926]

397 1416 695 55 vi p., 1 l. , 9-341 p. 19½ cm .
333 1472 54 54 ©
416 1474 101 43 Oct.
548 1474 35 50 1,
614 1471 129 53 1926;
770 1473 65 42 2c.
866 1472 101 43 Oct.
996 1470 48 52 5;
1075 1471 79 43 aff.
1184 1471 101 43 Oct.
1313 1470 50 51 2;
1395 1468 45 43 A
1468 1467 190 55 950351;
1689 1469 176 54 George
1894 1471 62 42 H.
1988 1471 156 44 Doran
2175 1486 64 28 co.

415 1530 267 55 (26-17244)

335 1616 407 72 Tarkington,
784 1615 218 68 Booth,
1046 1617 189 56 1869-

409 1706 226 59 Strack
667 1704 328 59 selections
1026 1703 168 58 from
1223 1704 208 57 Booth
1464 1702 390 73 Tarkington
1868 1704 47 58 ’s
1950 1704 244 74 stories,
332 1726 1969 129 arranged

593 1786 84 69 by
699 1780 209 59 Lilian
934 1781 259 60 Holmes
1226 1781 241 59 Strack.
1536 1781 259 72 Boston,
1821 1782 245 58 Walter
2094 1783 80 61 H.
329 1784 1972 133 Baker
470 1878 321 54 company,
823 1860 166 58 1926.

405 1937 79 44 138
515 1951 39 39 p.
618 1938 52 44 19
675 1939 47 18 cm
727 1971 10 9 .

335 1992 52 54 ©
423 1993 121 54 Sept.
576 1994 61 51 14,
672 1993 129 52 1926;
834 1995 64 42 2c.
931 1995 89 42 and
1049 1994 78 44 aff.
1162 1992 120 53 Sept.
1318 1993 73 53 16;
1425 1993 45 43 A
1501 1992 188 54 949066;
1726 1993 50 44 B.
1809 1994 301 54 Tarkington,
403 1996 1899 109 Indianapolis.

626 2051 271 54 (26-17112)

335 2137 224 72 Thorp,
602 2136 275 60 Willard
919 2137 192 73 Long,
1160 2139 189 57 1899-

406 2221 302 59 Business
738 2223 252 56 annals:
1019 2221 239 59 United
1287 2220 232 72 States,
1549 2221 310 75 England,
1889 2222 263 73 France,
331 2222 1976 152 Germany,
576 2299 283 72 Austria,
899 2299 251 71 Russia,
1191 2299 278 74 Sweden,
1507 2299 440 73 Netherlands,
1985 2300 188 73 Italy,
333 2301 1974 149 Argentina,
641 2376 231 71 Brazil,
913 2377 275 71 Canada,
1227 2377 199 59 South
1460 2376 245 73 Africa,
1741 2377 347 74 Australia,
2127 2378 203 71 India,

333 2454 1971 152 Japan, China, by Willard Long Thorp … with an introductory
623 2535 261 70 chapter
908 2535 84 71 by
1016 2534 255 71 Wesley
1299 2532 64 60 C.
1393 2533 280 59 Mitchell…
1799 2536 125 56 and
1950 2554 35 38 a
2015 2535 315 62 foreword

331 2611 1973 152 by Edwin F. Gay … New York, National bureau of economic research, inc., 1926.
403 2769 81 44 380
517 2784 39 38 p.
590 2768 98 44 incl.
724 2767 156 52 tables,
915 2768 169 53 diagrs.
1143 2768 51 43 23½
1231 2769 47 18 cm
1284 2801 10 10 .
1363 2765 289 56 (Half-title:
1692 2765 310 48 Publications
2035 2766 52 47 of
2123 2768 74 45 the
333 2768 1975 103 National

505 2826 170 44 bureau
707 2825 49 44 of
787 2825 228 44 economic
1046 2823 223 45 research,
1328 2838 71 29 no.
1432 2823 51 55 8)

405 2884 215 43 Business
644 2881 155 46 annals
824 2883 58 52 by
907 2880 199 46 Willard
1132 2881 130 53 Long
1288 2879 160 55 Thorp
1472 2881 190 45 assisted
1687 2883 60 52 by
1771 2880 285 55 Hildegarde
2080 2880 52 47 E.
2160 2880 158 55 Thorp

333 2939 60 54 cf.
423 2956 40 37 p.
497 2939 107 48 [101]

404 2995 351 55 Bibliography:
790 3012 39 37 p.
862 2994 204 45 360-380.

335 3052 53 54 ©
422 3053 122 53 Sept.
574 3053 38 51 7,
645 3052 129 52 1926;
806 3053 64 42 2c.
901 3051 87 44 and
1016 3052 80 43 aff.
1131 3050 121 53 Sept.
1286 3051 77 53 30;
1397 3051 43 43 A
1472 3051 187 53 949282;
1695 3051 218 44 National
1944 3052 168 44 bureau
2144 3051 50 45 of

404 3066 1900 89 economic
584 3110 222 52 research,
841 3110 81 43 inc.
993 3107 270 56 (26-17152)

336 3197 73 57 U.
448 3197 61 58 S.
581 3198 305 72 Supreme
922 3201 190 52 court.

417 3287 189 59 Cases
651 3288 318 72 adjudged
1010 3288 65 56 in
1116 3288 108 57 the
1268 3286 301 73 Supreme
1616 3290 179 55 court
1836 3289 66 56 of
1946 3289 104 56 the
2092 3288 237 58 United

338 3367 229 58 States.
660 3365 234 58 Official
944 3366 235 57 edition
1229 3366 262 71 reprint.
1583 3364 381 74 Containing
2008 3366 201 57 briefs
2260 3366 68 57 of

337 3445 249 56 counsel
622 3443 238 71 (points
889 3445 123 56 and
1040 3444 431 72 authorities),
1502 3445 366 56 statements
1898 3444 69 57 of
1992 3464 191 51 cases,
2206 3446 123 56 and

341 3522 220 71 syllabi
590 3522 67 56 of
686 3522 102 56 the
820 3541 173 38 cases
1022 3523 83 70 by
1132 3522 104 56 the
1268 3521 219 57 official
1514 3524 305 69 reporter.
1889 3521 296 58 Volumes
2219 3523 108 56 106

336 3603 64 53 to
451 3601 107 55 123
619 3598 358 72 (inclusive)
1074 3598 601 73 Photographically
1724 3601 390 70 reproduced
2160 3601 170 56 from

337 3677 106 57 the
488 3677 233 58 Official
765 3677 237 57 edition
1041 3678 153 56 with
1237 3678 103 56 the
1389 3677 219 57 official
1648 3678 374 72 pagination
2066 3679 67 56 of
2180 3678 150 57 each

336 3756 243 56 volume
620 3756 202 56 under
860 3755 103 57 the
1007 3755 292 57 editorial
1342 3756 395 71 supervision
1780 3757 66 56 of
1885 3756 278 57 William
336 3755 1971 135 Edward

553 3832 288 58 Baldwin
889 3881 10 10 .…
1041 3832 353 73 Cleveland,
1440 3833 153 57 New
1634 3834 189 72 York,
1871 3834 127 57 The
2042 3832 285 58 Baldwin

336 3909 120 58 law
484 3909 159 59 book
673 3930 321 53 company,
1028 3912 166 56 1926.
