2542 4285
1340 3998 109 55 892

397 360 257 69 Curtiss,
687 360 209 59 David
924 361 344 72 Raymond,
1301 365 188 56 1878-

472 451 295 73 Analytic
814 450 316 60 functions
1181 454 67 56 of
1296 473 35 37 a
1378 453 278 67 complex
1700 453 298 72 variable,
2047 455 82 71 by
2174 455 206 57 David

395 528 1711 76 Raymond Curtiss … Chicago, Ill., Pub. for the
394 531 1963 133 Mathematical
685 605 377 60 association
1103 608 67 57 of
1209 608 292 57 America
1538 608 83 70 by
1658 609 104 57 the
1803 608 175 72 Open
2018 613 176 53 court

392 609 1965 147 publishing company [ c 1926]
466 761 59 51 ix,
563 760 76 46 173
672 778 39 37 p.
773 761 166 54 diagrs.
1004 764 49 44 19½
1087 767 47 17 cm
1141 800 8 8 .
1219 762 288 54 (Half-title:
1546 763 97 43 The
1680 763 142 45 Carus
1857 763 333 46 mathematical
393 779 1967 91 monographs)

464 875 328 45 “References”
819 883 47 37 at
895 877 83 43 end
1008 877 50 43 of
1085 883 120 37 most
1234 876 52 46 of
1313 885 17 35 the
1417 875 220 51 chapters.

392 926 54 54 ©
477 929 112 52 Apr.
624 928 62 52 15,
719 929 129 50 1926;
882 931 64 41 2c.
979 929 109 55 July
1116 930 76 49 20;
1226 929 78 43 aff.
1336 929 108 54 July
1476 931 74 50 19;
1586 930 45 42 A
1659 930 189 51 901341;
1884 929 350 45 Mathematical
2266 945 106 29 assn.

463 984 53 43 of
544 984 230 53 America,
805 984 217 53 Chicago.
1092 984 270 55 (26-14253)

394 1084 319 74 Devanny,
748 1085 178 59 Jean.

475 1176 127 57 The
636 1177 259 57 butcher
930 1177 173 71 shop,
1138 1177 81 71 by
1252 1177 163 58 Jean
1448 1177 319 71 Devanny.
1844 1177 152 58 New
2029 1177 189 73 York,
2255 1178 128 57 The

394 1253 885 71 Macaulay company [ c 1926]
462 1331 361 54 315 p. 19½ cm .
393 1385 53 54 ©
471 1387 109 53 July
605 1387 64 51 28,
701 1388 106 43 1926
821 1402 11 37 ;
861 1390 63 41 2c.
955 1386 90 45 and
1073 1386 79 44 aff.
1181 1388 110 53 July
1316 1389 77 50 30;
1424 1388 43 42 A
1494 1387 189 52 897589;
1716 1387 247 54 Macaulay
1990 1403 66 28 co.

472 1443 270 54 (26-14105)

395 1543 306 72 Duboscq,
735 1543 231 74 André,
1005 1546 189 57 1876-

543 1632 1843 76 … La Chine en face des puissances, par André Duboscq
406 1711 178 73 (avec
610 1731 120 38 une
762 1711 200 72 carte)
1052 1713 206 72 Paris,
1286 1712 372 74 Delagrave,
1690 1714 165 56 1926.

470 1790 88 50 127,
596 1793 52 46 [1]
682 1807 42 37 p.
785 1791 115 44 illus.
927 1791 153 53 (map)
1151 1794 49 42 19
1207 1795 47 17 cm
1261 1828 9 9 .
1339 1792 338 50 (Bibliothèque
1709 1791 235 46 d’histoire
1979 1801 41 36 et
2052 1793 53 44 de
2138 1790 240 56 politique)

392 1843 1887 56 © June 11, 1926; 1c. July 28; A—Foreign 31629; Librairie Delagrave.
472 1901 270 55 (26-15239)

395 2002 201 70 Dunn,
630 2002 276 60 Edward
935 2003 232 72 James,
1200 2005 187 56 1873-

473 2094 307 59 Personal
812 2093 306 73 efficiency
1149 2095 64 56 in
1246 2095 316 57 fraternal
1596 2094 474 74 salesmanship,
2103 2096 82 71 by
2218 2095 72 56 E.
2324 2095 61 59 J.

396 2171 1972 75 Dunn … Rochester, N. Y., The Fraternal monitor [ c 1926]
463 2249 82 46 272
572 2266 29 38 p.
679 2251 49 44 18
735 2254 47 17 cm

394 2303 53 54 ©
472 2305 108 54 July
604 2305 66 52 24,
702 2305 130 51 1926;
862 2308 64 41 2c.
955 2305 110 53 July
1091 2305 77 51 28;
1200 2304 79 46 aff.
1308 2304 106 54 July
1442 2304 77 52 27;
1552 2305 43 42 A
1621 2304 188 52 901287;
1845 2303 244 45 Fraternal
2118 2305 216 43 monitor.

474 2361 269 54 (26-14268)

396 2460 322 74 Eagleton,
751 2459 194 61 Wells
979 2460 284 74 Phillips,
1301 2463 189 57 1865-

477 2551 359 60 Cavernous
866 2553 171 58 sinus
1066 2552 584 72 thrombophlebitis
1681 2553 121 57 and
1829 2551 187 59 allied
2042 2551 197 74 septic
2266 2552 124 59 and

399 2631 335 58 traumatic
768 2631 231 59 lesions
1035 2632 67 56 of
1136 2631 103 58 the
1273 2632 180 57 basal
1486 2650 235 39 venous
1762 2629 275 72 sinuses;
2074 2652 36 37 a
2147 2629 242 59 clinical

401 2708 1918 75 study of blood stream infection, by Wells P. Eagleton …
399 2788 151 56 New
572 2788 190 72 York,
795 2788 129 57 The
953 2787 360 58 Macmillan
1340 2805 324 53 company,
1694 2788 165 56 1926.

467 2866 131 53 xxiii,
627 2867 77 44 196
730 2881 41 38 p.
830 2865 129 47 illus.,
987 2866 156 52 plates,
1171 2867 166 51 diagrs.
1373 2866 126 52 (part
1525 2866 134 52 fold.)
1723 2865 54 45 20½
1812 2869 15 17 cm
1866 2903 7 6 .

464 2923 221 45 “General
718 2921 369 54 bibliography”:
1123 2938 41 35 p.
1201 2921 202 46 172-185.

392 2976 56 54 ©
475 2978 107 53 July
607 2979 65 50 20,
704 2978 130 50 1926;
864 2980 63 40 2c.
958 2976 90 44 and
1076 2976 78 45 aff.
1184 2976 108 54 July
1320 2977 77 50 21;
1428 2976 45 42 A
1500 2975 189 53 897528;
1723 2976 269 43 Macmillan
2023 2991 65 28 co.

474 3035 269 53 (26-14161)

395 3136 252 68 Easton,
680 3134 264 58 Donald.

468 3224 61 57 A
563 3222 304 74 practical
905 3222 187 72 guide
1131 3223 104 57 for
1273 3220 290 74 teaching
1599 3220 313 59 healthful
1949 3220 200 74 living
2185 3222 63 57 in
2288 3222 104 58 the

392 3299 2000 73 lower elementary grades [by] Donald Easton … Boston,
393 3380 72 56 R.
501 3379 66 58 G.
599 3378 253 72 Badger
886 3406 14 44 [
900 3385 21 23 c
924 3378 165 72 1926]

463 3455 28 44 4
516 3469 53 38 p.,
597 3456 18 41 1
664 3489 23 18 l.,
711 3454 139 44 9-130
875 3468 40 39 p.
970 3453 133 51 illus.,
1193 3487 10 17 pl.,
1232 3452 145 54 diagr.
1432 3451 56 46 20
1494 3456 45 17 cm
1546 3488 9 9 .

465 3508 301 45 “Additional
793 3523 187 30 sources
1009 3510 53 43 of
1092 3508 221 46 stories”:
1342 3524 40 38 p.
1412 3510 202 47 122-123.

393 3566 56 53 ©
475 3565 108 56 July
614 3567 61 49 16,
709 3567 106 43 1926
830 3581 9 36 ;
872 3569 63 41 2c.
966 3566 109 53 July
1105 3567 77 50 30;
1217 3566 76 43 aff.
1324 3566 109 53 July
1462 3566 77 51 28;
1573 3566 45 42 A
1646 3567 190 51 901312;
1871 3564 205 46 Richard
2108 3564 53 46 G.
2194 3565 198 55 Badger.

475 3621 269 56 (26-14205)

398 3704 229 73 Edgar,
659 3704 297 59 Madalen
985 3706 51 59 G
1350 3725 194 55 comp.

469 3796 61 57 A
562 3798 297 69 treasury
897 3795 68 58 of
999 3815 182 38 verse
1218 3795 104 58 for
1362 3796 210 58 school
1610 3797 122 57 and
1768 3797 199 70 home,
2009 3796 267 58 selected
2310 3798 83 69 by

394 3873 82 56 M.
516 3873 65 58 G.
616 3873 218 71 Edgar
868 3874 123 57 and
1024 3872 150 60 Eric
1209 3873 317 73 Chilman;
1560 3873 360 60 illustrated
1951 3874 84 73 by
2067 3874 221 57 Honor
2326 3874 65 59 C.
