2542 4285
1105 4002 148 56 1361

189 376 199 72 Allen,
431 377 235 71 Joseph
704 374 371 72 Alexander,
1121 377 187 55 1886-

268 467 248 71 Theory
555 467 122 56 and
716 465 272 71 practice
1031 465 68 56 of
1140 464 111 56 fox
1290 462 319 73 ranching,
1647 463 82 70 by
1769 462 60 58 J.
1872 461 74 56 A.
1991 462 177 57 Allen

256 538 1915 71 … and W. Chester S. McLure … Charlottetown, Can.,
188 622 190 57 Irwin
413 621 282 71 printing
731 638 320 53 company,
1089 619 256 71 limited,
1386 618 163 56 1926.

322 746 8 17 xv,
368 714 69 50 [1],
468 712 80 46 248
578 726 39 37 p.
677 709 126 53 illus.,
836 708 154 54 plates.
1048 710 52 43 23
1109 711 15 17 cm
1161 742 9 9 .

183 775 1965 115 © 1c. July 24, 1926; A ad int. 8367; pubd. July 12; J. A. Allen, Charlottetown,
537 838 160 42 Prince
734 836 197 46 Edward
968 836 166 51 Island,
1172 834 194 45 Canada.
1435 832 268 55 (26-21125)

253 930 1916 78 … Around the world with Kipling … Garden City, N. Y.,
259 1017 382 73 Doubleday,
673 1017 170 73 Page
871 1016 49 57 &
950 1033 321 55 company,
1302 1015 165 56 1926.

254 1103 1739 56 5 p. l., 3-121 p. front. (port.) plates, fold, map, facsim. 20 ½ cm .
253 1178 65 45 At
342 1179 113 45 head
478 1178 53 46 of
552 1177 123 46 title:
701 1178 99 44 The
828 1176 250 52 Mandalay
1101 1177 167 45 edition
1293 1178 51 45 of
1370 1178 72 43 the
1467 1176 153 44 works
1645 1176 53 45 of
1725 1174 219 53 Rudyard
1970 1174 201 53 Kipling.

255 1247 515 45 CONTENTS.—Around
802 1248 74 45 the
907 1244 144 48 world
1083 1247 108 45 with
1225 1244 451 54 Kipling.—Kipling
1708 1254 46 37 at
1786 1247 147 50 home,
1965 1247 58 50 by
2057 1247 33 42 I.
2126 1246 43 47 S.

186 1304 196 46 Cobb.—
385 1301 219 54 Rudyard
633 1302 202 53 Kipling,
863 1320 27 28 a
916 1302 310 53 biographical
1256 1303 170 50 sketch,
1454 1304 58 50 by
1538 1302 144 46 Anice
1712 1304 50 42 P.
1795 1303 249 52 Cooper.—
182 1304 1969 107 Rudyard

333 1359 224 52 Kipling’s
594 1358 126 52 place
756 1361 47 44 in
839 1359 246 51 literature,
1122 1361 59 50 by
1218 1361 53 42 R.
1308 1361 62 44 Le
1408 1358 303 46 Gallienne.—
1713 1359 220 52 Rudyard
1969 1359 201 52 Kipling,

182 1420 58 48 by
284 1418 74 43 W.
405 1417 48 44 L.
499 1414 236 53 Phelps.—
738 1415 215 52 Rudyard
997 1414 190 53 Kipling
1228 1432 49 28 as
1323 1431 25 29 a
1393 1415 282 45 Frenchman
1720 1431 96 29 sees
1860 1415 107 53 him,
2010 1419 60 49 by
2113 1418 57 43 A.

185 1472 434 47 Chevrillon.—The
650 1472 190 52 Kipling
868 1473 150 45 index.

184 1525 53 54 ©
264 1528 114 52 June
411 1526 63 53 15,
507 1527 127 51 1926;
665 1527 64 42 2c.
759 1527 88 43 and
875 1526 78 43 aff.
984 1525 119 44 Nov.
1138 1527 46 51 1;
1219 1527 44 41 A
1293 1525 188 52 949868;
1516 1526 278 53 Doubleday,
1827 1528 124 52 Page
1982 1528 37 43 &
2049 1541 64 30 co.

262 1583 268 55 (26-21498)

183 1682 245 73 Atkins,
470 1683 159 58 Paul
665 1682 249 74 Moody.

263 1773 1912 73 Factory management, by Paul M. Atkins … New
186 1851 189 72 York,
408 1851 484 70 Prentice-Hall,
924 1851 136 72 inc.,
1096 1852 164 56 1926.

258 1929 94 53 xiii,
382 1929 81 45 386
489 1946 39 38 p.
558 1929 98 44 incl.
685 1929 130 51 illus.,
843 1929 184 53 diagrs.,
1058 1928 157 45 forms.
1274 1929 150 44 23½cm.

259 1985 297 46 “References
588 1986 75 44 for
694 1986 244 45 additional
975 1984 213 55 reading”
1221 1994 45 36 at
1300 1986 84 44 end
1415 1986 52 44 of
1498 1986 109 44 each
1639 1985 200 54 chapter.

184 2042 53 54 ©
270 2043 100 44 Oct.
407 2042 60 53 15,
503 2043 127 52 1926;
663 2043 64 43 2c.
759 2043 88 44 and
877 2044 78 43 aff.
988 2043 117 44 Nov.
1139 2042 77 53 20;
1252 2042 43 43 A
1327 2041 190 54 957167;
1554 2044 357 51 Prentice-Hall,
1948 2044 81 42 inc.

261 2098 268 57 (26-21467)

187 2200 373 74 Augustana
591 2200 214 74 synod.

260 2293 129 60 The
433 2294 253 72 hymnal
730 2295 124 59 and
896 2295 187 59 order
1127 2295 67 57 of
1239 2293 255 73 service,
1539 2292 361 63 authorized
1943 2295 84 74 by
2069 2296 103 58 the

182 2369 404 75 Evangelical
629 2371 320 58 Lutheran
992 2371 375 74 Augustana
1413 2373 213 72 synod.
1712 2370 323 77 Abridged
2081 2375 89 57 ed.

184 2447 1693 78 Rock Island, Ill , Augustana book concern [1926]
252 2527 78 46 751
362 2542 41 37 p.
466 2528 48 44 13½c
567 2530 29 18 m
602 2564 9 9 .

183 2580 53 54 ©
265 2582 117 43 Mar.
411 2583 65 50 31,
507 2582 126 51 1926;
662 2582 63 43 2c.
756 2582 100 44 Oct.
882 2579 77 54 25;
990 2582 77 43 aff.
1099 2581 101 44 Oct.
1229 2581 76 52 26;
1335 2583 44 41 A
1407 2581 159 44 950651;
1626 2584 267 51 Augustana
1922 2585 118 43 book
253 2600 1897 83 concern.
439 2638 267 54 (26-20995)

184 2738 211 72 Balch,
440 2737 280 60 William
762 2739 274 57 Monroe.

266 2829 127 60 The
429 2832 162 54 state
623 2830 124 58 and
782 2829 101 57 the
918 2828 312 73 kingdom,
1263 2829 82 72 by
1379 2829 277 59 William
1690 2831 258 59 Monroe
1983 2832 193 59 Balch

255 2904 1842 78 … New York, Cincinnati, The Abingdon press [ c 1926]
258 2984 52 45 63
342 2999 39 39 p.
444 2982 50 46 17½
528 2986 46 19 cm
580 3019 10 10 .

185 3039 53 54 ©
263 3043 119 52 Aug.
413 3044 33 49 1,
478 3040 105 44 1926;
631 3041 65 44 2c.
722 3042 88 43 and
831 3042 80 43 aff.
942 3041 100 45 Oct.
1070 3043 48 50 4;
1150 3043 44 41 A
1221 3041 187 52 950302;
1438 3043 74 43 W.
1543 3043 65 43 M.
1638 3042 154 53 Balch,
1822 3043 205 45 Baldwin
2057 3044 117 53 City,

254 3099 116 43 Kan.
440 3098 268 54 (26-21319)

188 3198 324 73 Barreyre,
551 3198 177 59 Jean.

266 3289 127 57 The
420 3288 172 59 blind
619 3289 159 71 ship,
804 3290 83 71 by
914 3290 163 57 Jean
1106 3290 335 69 Barreyre.
1517 3290 150 57 New
1692 3291 189 73 York,
1913 3293 66 56 L.
187 3295 1968 144 MacVeagh,

458 3367 127 57 The
615 3367 144 56 Dial
788 3385 200 53 press,
1022 3368 164 55 1926.

256 3443 81 46 285
369 3459 39 39 p.
469 3445 53 44 19
526 3446 46 18 cm
578 3479 9 8 .

186 3499 53 54 ©
272 3501 118 44 Nov.
425 3501 61 51 12,
523 3500 126 52 1926;
683 3501 63 43 2c.
780 3501 118 44 Nov.
933 3500 75 53 17;
1044 3501 78 43 aff.
1158 3501 118 44 Nov.
1312 3502 73 50 19;
1421 3503 44 41 A
1497 3500 189 54 957150;
1723 3502 104 45 Dial
1863 3519 135 37 press,
2035 3506 82 43 inc.

264 3557 268 55 (26-21491)

187 3658 282 71 Bennett,
506 3657 257 58 Arnold.

262 3750 206 57 Learn
502 3749 137 57 how
674 3752 63 55 to
776 3753 116 54 eat.

260 3828 80 50 (In
373 3829 182 40 London
593 3829 191 50 Sunday
819 3828 241 52 pictorial)

187 3881 1931 58 © 1c. Oct. 28, 1926; A ad int. 8740; pubd. Aug. 29; A. Bennett, London.
