2542 4285
1320 3968 108 55 902

445 332 1898 151 … South eastern reporter digest. [Georgia ed.] Including
583 430 174 39 cases
789 411 298 71 reported
1114 409 64 56 in
1206 410 155 56 vols.
1394 410 185 57 1-125
1614 409 197 58 South
1845 413 249 53 eastern
450 413 1893 150 reporter,

580 488 299 59 77*-159*
931 487 270 71 Georgia
1244 488 270 70 reports,
1560 486 181 56 1-33*
1792 486 269 71 Georgia
2109 487 256 71 appeals

444 563 1922 73 and also … state reports … together with an index-
449 644 204 71 digest
689 642 67 58 of
787 643 155 56 vols.
978 643 148 56 1-78
1164 642 271 71 Georgia
1470 642 123 56 and
1625 641 412 72 preliminary
2070 640 296 59 volumes.

448 716 1898 139 V. 3, 4 … Edited by the editorial staff of the American
603 795 1765 74 digest system … St. Paul, West publishing co.,
450 876 164 56 1926.

441 954 25 41 2
528 985 8 8 v.
595 951 54 43 26
656 953 46 17 cm
708 986 8 8 .

443 1007 215 47 Lettered
689 1022 59 30 on
778 1021 162 29 cover:
972 1007 102 53 Key
1101 1008 192 42 number
1325 1014 183 45 system.

711 1090 110 17 CONTENTS.—v.
848 1069 37 37 3.
914 1061 295 55 Costs-Days
1238 1062 52 43 of
1320 1078 251 39 grace.—v.
1599 1071 37 35 4.
1666 1064 131 44 Dead
1826 1062 489 54 bodies-Exceptions.

372 1137 40 26 V.
448 1121 36 50 3,
520 1117 51 54 ©
606 1119 112 53 Apr.
757 1120 62 50 12,
856 1119 130 50 1926;
1024 1135 39 27 v.
1099 1121 39 50 4,
1171 1117 55 54 ©
1262 1119 113 53 May
1408 1120 77 46 28;
1524 1121 63 41 2c.
1625 1120 109 42 each
1769 1119 121 53 Aug.
1929 1119 48 51 7;
2018 1119 103 44 affs.
2161 1119 119 53 Aug.
2319 1119 48 53 5;

442 1175 44 43 A
513 1174 177 51 897718,
720 1174 189 52 897723;
944 1175 133 44 West
1105 1175 102 53 pub.
1239 1190 66 28 co.

376 1246 326 73 Spalding,
735 1246 343 57 Frederick
1105 1247 286 70 Putnam,
1425 1248 356 56 1857-1923.

449 1322 1922 74 Masonry structures, by Frederick P. Spalding … 2d
372 1400 1998 73 ed. rev. and enl. by A. Lincoln Hyde … and Major Ernest
371 1477 1976 149 F. Robinson … New York, J. Wiley & sons, inc.; London,
545 1554 325 73 Chapman
898 1557 48 56 &
972 1555 169 72 Hall,
1170 1555 259 73 limited,
1462 1556 164 60 1926.

441 1630 93 52 xiv,
561 1630 82 46 586
668 1646 40 37 p.
767 1631 156 50 front.,
952 1631 133 50 illus.,
1114 1631 170 52 diagrs.
1341 1633 54 45 23½
1430 1635 45 17 cm
1483 1668 8 8 .
1606 1632 123 51 $5.00

371 1685 54 53 ©
452 1687 109 52 July
588 1688 65 50 21,
689 1687 129 51 1926;
851 1688 63 42 2c.
945 1688 91 42 and
1068 1687 78 45 aff.
1178 1687 110 54 July
1315 1690 78 49 29;
1427 1688 44 42 A
1501 1689 188 50 901296;
1726 1687 159 47 Estate
1917 1688 53 42 of
2002 1687 154 44 Annie
2189 1687 183 46 Wilbur

445 1741 223 57 Spalding
701 1745 91 42 and
824 1743 56 43 A.
914 1743 192 47 Lincoln
1142 1742 150 55 Hyde,
1327 1743 255 53 Columbia,
1618 1745 96 43 Mo.
1783 1744 270 54 (26-14200)

377 1814 192 73 Stein,
603 1814 282 74 Ludwig,
923 1819 188 55 1859-

377 1892 1967 137 Evolution and optimism, by Dr. Ludwig Stein … preface
519 1972 81 71 by
634 1971 295 59 Nicholas
968 1972 265 73 Murray
1267 1972 238 57 Butler.
1584 1972 151 58 New
1769 1971 191 75 York,
2000 1973 67 58 T.
2111 1972 257 74 Seltzer,

376 2051 166 56 1926.

446 2127 62 51 xi,
537 2129 77 44 241
649 2144 42 37 p.
748 2130 51 43 21
809 2131 47 18 cm
863 2166 9 9 .

447 2182 124 47 “The
612 2185 206 53 chapters
859 2185 150 44 which
1050 2185 131 45 make
1221 2200 58 38 up
1320 2186 88 44 this
1450 2185 119 45 book
1610 2200 116 29 were
1766 2184 243 54 originally
2049 2184 226 45 delivered
2316 2200 50 29 as

380 2241 189 45 lectures
607 2243 45 42 in
689 2242 172 44 several
898 2241 245 45 American
1181 2241 328 45 universities.”

369 2295 56 52 ©
456 2295 103 46 Feb.
586 2297 40 53 8,
658 2297 106 44 1926
779 2312 9 36 ;
820 2300 64 41 2c.
912 2296 110 54 July
1049 2299 78 49 29;
1160 2296 78 44 aff.
1270 2297 120 52 June
1422 2296 75 51 15;
1530 2297 41 42 A
1602 2297 188 49 901319;
1825 2294 208 46 Thomas
2066 2295 189 52 Seltzer,
2286 2296 87 44 inc.

449 2353 269 53 (26-14279)

375 2423 286 69 Stewart,
699 2423 213 59 James
946 2422 427 74 Livingstone.

455 2501 263 59 Chinese
754 2504 240 55 culture
1028 2504 124 56 and
1186 2500 449 74 Christianity;
1671 2523 36 37 a
1742 2502 230 58 review
2005 2502 67 58 of
2108 2501 260 60 China’s

376 2579 298 73 religions
712 2582 124 56 and
872 2580 242 58 related
1151 2582 268 71 systems
1453 2581 169 56 from
1657 2581 104 57 the
1800 2579 324 60 Christian
375 2581 1970 151 standpoint,

376 2657 1966 151 by James Livingstone Stewart … New York, Chicago
562 2739 144 69 [etc.]
741 2736 288 73 Fleming
1057 2736 77 57 H.
1168 2736 217 58 Revell
1415 2754 303 53 company
1752 2766 12 44 [
1768 2743 17 21 c
1791 2736 163 72 1926]

443 2814 81 45 316
554 2829 41 37 p.
656 2813 116 46 illus.
833 2817 51 42 21
893 2817 47 18 cm
946 2850 9 9 .

449 2870 352 54 Bibliography:
836 2887 39 37 p.
909 2871 205 45 309-311.

371 2923 55 54 ©
449 2926 119 52 June
595 2926 66 49 26,
693 2926 129 51 1926;
853 2928 63 41 2c.
946 2924 90 45 and
1064 2925 78 45 aff.
1173 2926 120 52 Aug.
1324 2925 48 51 5;
1403 2924 44 43 A
1475 2924 188 51 897657;
1695 2923 214 56 Fleming
1941 2925 59 42 H.
2032 2923 161 45 Revell
2223 2940 65 27 co.

450 2981 269 54 (26-14278)

375 3052 304 70 Sullivan,
712 3053 69 57 M
1066 3054 71 56 E.

453 3131 60 57 A
547 3131 252 57 manual
838 3135 63 54 to
945 3150 380 51 accompany
1366 3129 284 59 Sullivan
1689 3132 120 56 and
1852 3128 189 60 Cox’s
2087 3130 293 57 “Beacon

377 3212 144 70 gate
552 3212 63 54 to
649 3208 334 74 reading”,
1015 3209 84 71 by
1128 3209 81 56 M.
1244 3208 72 57 E.
1356 3208 301 70 Sullivan,
1691 3208 263 60 Philena
1988 3207 234 58 Morris
2258 3206 123 60 Cox

378 3288 124 56 and
556 3286 161 60 Sara
773 3286 335 59 Catherine
1161 3286 226 72 Athey.
1482 3286 259 68 Boston,
1794 3286 150 57 New
1995 3284 175 58 York
2225 3288 146 70 [etc.]

378 3366 888 71 Ginn and company [ c 1 926]
447 3443 55 45 vi,
536 3443 75 44 168
641 3458 38 37 p.
741 3443 129 51 illus.,
898 3443 168 52 diagrs.
1126 3443 50 44 19
1182 3445 46 17 cm
1236 3477 7 7 .

374 3498 52 54 ©
455 3499 112 54 May
595 3500 65 51 28,
693 3500 129 51 1926;
854 3502 63 41 2c.
949 3499 121 53 Aug.
1100 3503 49 47 2;
1182 3497 78 46 aff.
1291 3499 108 53 July
1429 3499 77 50 31;
1540 3498 44 43 A
1611 3498 189 51 901337;
1836 3495 122 46 Ginn
1990 3496 89 45 and
2111 3511 66 29 co.

450 3556 269 53 (26-14216)

379 3613 219 57 Texas.
675 3615 202 72 Laws,
917 3618 286 68 statutes,
1246 3618 110 51 etc.

447 3690 316 60 Vernon’s
799 3691 343 56 annotated
1176 3690 273 60 Revised
1484 3689 143 58 civil
1664 3690 268 57 statutes
1968 3690 68 56 of
2069 3688 103 57 the
2210 3690 162 56 state

374 3767 68 57 of
478 3769 222 69 Texas,
734 3766 277 58 revision
1047 3767 68 58 of
1151 3768 166 71 1925,
1351 3766 318 73 including
1707 3767 82 57 all
1824 3767 152 59 laws
2015 3765 67 58 of
2119 3765 254 72 general

374 3844 384 73 application
805 3845 232 71 passed
1083 3848 83 69 by
1212 3845 104 59 the
1365 3846 254 71 regular
1670 3844 240 59 session
1960 3843 68 58 of
2074 3845 104 57 the
2229 3844 141 58 39th
