2542 4285
1012 4022 147 55 1551

89 474 243 68 English
368 471 341 55 translation
744 471 219 53 revised
1000 472 114 52 and
1149 472 302 66 corrected,
1488 471 140 53 with
1662 477 158 48 notes
1856 477 100 48 etc.
1991 471 75 68 by

87 552 247 51 Thomas
364 548 63 57 C.
455 550 237 52 Russell.
767 547 350 63 Annotated,
1140 549 98 52 the
1266 548 189 55 Count
1479 549 295 53 Rezanov:
1800 549 96 53 the

87 547 1955 137 Russian
242 627 304 54 American
579 644 296 50 company,
907 626 95 54 the
1034 626 386 53 Krusenstern
1455 625 345 70 expedition,
1830 627 97 53 the
87 629 1957 133 settlements

376 705 60 53 in
463 704 385 53 Alaska—the
874 705 166 53 Doña
1074 703 355 68 Concepción
1457 704 276 69 Argüello
1753 723 11 33 :
1792 705 102 52 her
89 702 1956 152 family,
226 784 101 52 her

365 782 278 53 romantic
684 783 112 51 and
837 780 252 70 pathetic
1129 780 369 69 history—El
1537 781 260 53 Presidio
1839 783 69 52 de
1953 781 112 56 San

89 860 321 68 Francisco,
467 860 95 52 the
615 859 255 67 historic,
926 857 203 70 tragic,
1185 859 112 52 and
1356 858 251 68 alluring
1660 865 131 62 spot
1844 860 76 68 by
1975 860 95 52 the

88 933 1983 72 Golden Gate … San Francisco, Calif., The Private press of
88 1015 64 53 T.
183 1015 61 54 C.
275 1015 242 67 Russell,
546 1017 149 50 1926.

161 1093 1910 54 4 p. l., ix-xii, 104 p., 1 l. incl. facsim. front. (port.) plates. 26 cm .
92 1154 114 49 [The
234 1153 194 42 Russell
458 1153 272 41 California
759 1153 227 49 reprints]

164 1211 145 40 “This
339 1210 124 42 book
489 1210 43 40 is
560 1222 88 28 one
679 1210 51 40 of
762 1221 63 29 an
855 1208 185 43 edition
1071 1209 51 40 of
1151 1211 96 38 two
1277 1210 221 39 hundred
1528 1209 36 40 &
1593 1208 131 48 sixty
1766 1208 134 49 (260)
89 1216 1966 95 numbered
265 1269 95 38 and

390 1267 167 48 signed
588 1266 159 49 copies
841 1266 24 17 …”
928 1265 118 42 This
1077 1276 118 38 copy
1226 1266 43 40 is
1300 1276 76 31 no.
1405 1265 71 41 45.
1542 1264 202 50 Signed:
1779 1266 210 40 Thomas
2022 1266 49 41 C.

89 1324 207 41 Russell.

86 1375 57 53 ©
168 1383 111 38 Dec.
307 1380 72 49 23,
407 1380 139 42 1926;
576 1380 67 40 2c.
672 1381 95 38 and
798 1379 81 40 aff.
908 1380 112 40 Dec.
1047 1379 83 47 30;
1161 1380 41 38 A
1229 1378 199 47 957908;
1462 1379 208 40 Thomas
1702 1379 49 40 C.
1782 1380 207 38 Russell.

165 1436 222 49 (27-683)

88 1515 353 63 Simmonds,
472 1515 225 54 Walter
726 1515 274 63 Edward,
1031 1518 172 50 1884-

154 1593 121 53 The
320 1592 274 68 complete
635 1593 267 69 bulldog;
950 1611 31 35 a
1025 1594 277 66 complete
1342 1593 148 53 book
1533 1593 64 54 of
1639 1593 278 69 guidance
1962 1593 113 52 and

85 1670 411 54 authoritative
537 1669 377 52 information
957 1669 313 69 regarding
1309 1670 96 52 the
1445 1670 255 68 bulldog,
1738 1671 77 67 by
1853 1671 223 53 Walter

84 1748 68 52 E.
191 1746 343 57 Simmonds.
610 1745 269 70 Chicago,
917 1746 161 69 Judy
1114 1746 336 70 publishing
1486 1765 295 51 company,
1821 1750 150 49 1926.

158 1833 69 46 70,
263 1832 54 49 [1]
349 1841 44 40 p.
455 1831 128 40 illus.
646 1830 56 41 19½
734 1833 44 21 cm
783 1863 8 8 .

87 1880 56 54 ©
167 1887 118 40 Nov.
311 1886 69 47 24,
406 1886 139 46 1926;
574 1886 67 39 2c.
667 1886 118 39 Nov.
810 1885 82 47 30;
924 1883 81 42 aff.
1033 1886 113 39 Dec.
1169 1885 55 47 4;
1253 1886 41 38 A
1322 1884 200 48 958238;
1554 1885 129 47 Judy
1710 1887 107 46 pub.
1845 1897 68 29 co.

168 1942 222 49 (27-807)

90 2020 192 64 Spyri,
319 2021 158 53 Frau
512 2020 273 54 Johanna
828 2020 323 67 (Heusser)
1197 2021 327 54 1827-1901.

154 2096 1924 74 Cornelii, her childhood, by Johanna Spyri … translated by
86 2175 258 55 Clement
407 2177 90 54 W.
567 2175 267 69 Coumbe,
899 2176 327 54 illustrated
1292 2177 75 69 by
1435 2178 246 53 Frances
1752 2179 326 69 Brundage.

84 2253 220 68 Akron,
356 2252 87 64 O.,
493 2254 138 53 New
682 2252 179 70 York,
911 2254 123 53 The
1087 2252 272 56 Saalfield
1412 2254 336 70 publishing
1799 2274 280 52 company

91 2364 13 34 [
109 2337 17 21 c
132 2332 134 51 1926
269 2363 13 34 ]

157 2410 87 41 250
272 2422 43 37 p.
343 2410 110 41 incl.
481 2411 163 48 front.,
674 2412 129 41 illus.
866 2412 56 41 18½
954 2413 44 24 cm
1003 2444 10 9 .
1085 2413 301 49 (Half-title:
1414 2415 158 48 Every
1604 2414 170 41 child’s
1801 2415 212 48 library)

158 2468 115 39 Also
297 2467 273 41 translated
596 2469 155 39 under
774 2469 109 40 title
901 2479 8 29 :
940 2469 226 41 Cornelii.

89 2517 54 54 ©
168 2523 102 41 Oct.
297 2524 68 45 11,
394 2524 139 47 1926;
561 2524 68 40 2c.
654 2526 112 38 Dec.
792 2525 83 46 29;
906 2524 82 42 aff.
1015 2528 112 38 Dec.
1152 2526 83 47 30;
1264 2527 41 38 A
1330 2527 200 47 957892;
1564 2527 228 41 Saalfield
1820 2530 109 46 pub.
1956 2540 68 30 co.

168 2579 222 49 (27-823)

157 2659 1925 76 Moni, the goat boy, by Johanna Spyri … translated by
88 2735 260 55 Clement
408 2737 90 54 W.
565 2736 278 69 Coumbe;
910 2739 326 54 illustrated
1298 2741 76 69 by
1439 2742 247 54 Frances
1753 2744 327 69 Brundage.

86 2812 219 69 Akron,
356 2813 87 69 O.,
493 2815 138 53 New
682 2814 180 70 York,
914 2817 122 53 The
1090 2816 273 56 Saalfield
1415 2818 335 71 publishing
1802 2839 241 50 company

92 2922 14 34 [
111 2895 18 22 c
134 2892 134 51 1926
272 2920 13 37 ]

159 2969 70 49 90,
263 2971 56 49 [1]
352 2982 42 38 p.
426 2971 112 43 incl.
567 2975 88 40 col.
684 2974 165 49 front.,
880 2975 129 41 illus.
1068 2976 58 41 20
1128 2980 44 20 cm
1176 3008 10 9 .
1249 2978 144 49 [John
1424 2978 262 48 Newberry
1719 2980 164 48 series]

88 3020 57 54 ©
172 3027 127 40 June
325 3027 70 48 23,
422 3029 139 48 1926;
592 3029 68 41 2c.
688 3032 112 39 Dec.
828 3032 83 47 29;
944 3031 82 42 aff.
1056 3034 112 39 Dec.
1196 3034 82 47 30;
1311 3035 41 38 A
1381 3035 200 47 957894;
1618 3035 229 41 Saalfield
1875 3038 109 46 pub.
2013 3049 69 30 co.

170 3082 222 51 (27-824)

90 3161 312 65 Starbuck,
437 3165 221 54 Robert
691 3167 190 64 Macy,
920 3172 170 51 1844-

159 3240 356 55 Mechanical
543 3243 262 71 drawing
833 3246 94 54 for
953 3247 317 69 plumbers;
1301 3267 32 35 a
1361 3250 234 70 concise,
1624 3253 461 67 comprehensive

91 3319 115 52 and
231 3320 277 68 practical
536 3323 232 54 treatise
794 3342 72 35 on
893 3324 98 55 the
1017 3325 222 69 subject
1263 3327 66 53 of
1354 3329 349 53 mechanical
1731 3331 264 69 drawing
2023 3332 55 51 in

91 3396 75 54 its
196 3397 228 55 various
455 3400 236 52 modern
720 3402 382 68 applications
1133 3409 59 48 to
1223 3404 97 54 the
1349 3406 158 52 work
1537 3407 64 53 of
1632 3409 76 52 all
1739 3409 126 52 who
1898 3428 95 34 are
2022 3410 60 51 in

90 3478 1970 131 any way connected with the plumbing trade, by R. M. Starbuck … 4th
562 3556 102 67 ed.,
705 3575 114 34 rev.
863 3559 114 53 and
1018 3558 125 65 enl.,
1184 3561 335 70 containing
1562 3565 98 51 183
1703 3564 382 55 illustrations

92 3630 199 53 drawn
323 3631 303 70 especially
658 3632 95 54 for
782 3634 115 54 this
930 3634 173 54 work.
1171 3637 139 54 New
1342 3638 179 69 York,
1555 3640 121 54 The
1706 3642 257 53 Norman
1997 3644 85 53 W.

92 3708 226 69 Henley
349 3708 335 71 publishing
715 3730 98 49 co.,
848 3715 151 51 1926.

167 3792 85 40 132
295 3804 43 36 p.
401 3793 128 41 illus.
557 3793 134 48 (incl.
737 3794 165 48 plans)
973 3797 56 40 23½
1062 3799 44 21 cm
1110 3829 10 9 .
1193 3798 251 49 (Lettered
1490 3812 60 29 on
1594 3811 163 31 cover:
1803 3802 281 43 Starbuck’s

93 3858 104 29 new
228 3849 249 49 plumbing
505 3850 209 49 library)

94 3897 56 53 ©
170 3905 113 39 Dec.
304 3903 72 49 30,
398 3905 142 47 1926;
564 3905 69 40 2c.
658 3907 96 39 and
778 3906 83 40 aff.
884 3907 114 42 Dec.
1020 3908 85 47 31;
1132 3909 42 39 A
1195 3909 203 49 958542;
1424 3912 216 41 Norman
1664 3915 72 40 W.
1761 3915 156 40 Henley
1973 3918 113 45 pub.

163 3969 69 32 co.
301 3959 223 50 (27-711)
