2542 4285
1009 3966 110 57 699

94 345 326 69 Bouteron,
460 342 249 70 Marcel,
748 345 189 57 1877-

171 434 318 72 Bedouck;
518 453 94 53 ou,
639 435 85 58 Le
750 431 294 63 talisman
1071 436 74 57 de
1170 432 242 73 Balzac,
1440 451 119 55 par
1586 434 235 58 Marcel
91 433 1955 133 Bouteron.

303 507 1412 72 Paris, Se vend à la Cité des livres, 1925.
163 598 1248 53 22 p., 1 l. 14½ cm . (Half-title: Balzaciana. 1.)
92 664 1975 56 © Dec. 28, 1925; 1c. Mar. 16, 1926; A—Foreign 30403; M. Bouteron, Paris.
171 722 266 56 (26-12868)

88 820 359 72 Bradshaw,
492 820 294 58 Cathrine
824 821 76 58 A.

163 909 565 59 Americanization
754 910 465 72 questionnaire
1245 910 359 73 containing
1624 911 102 58 the
1750 911 320 72 questions

87 988 245 71 usually
358 988 189 57 asked
574 990 68 55 of
669 988 193 57 aliens
895 987 301 73 applying
1222 988 104 56 for
1352 987 364 72 citizenship
1743 1007 329 55 papers,—

87 1065 284 73 together
399 1065 149 57 with
577 1065 164 58 their
772 1085 293 51 answers,
1098 1066 123 56 and
1252 1065 179 57 other
1457 1066 284 57 valuable
88 1067 1957 133 information

258 1144 105 55 for
400 1144 175 56 those
614 1142 344 58 interested
994 1142 65 56 in
1099 1141 569 59 Americanization
1705 1143 189 57 work.
1973 1143 98 72 By

85 1218 1986 74 Cathrine A. Bradshaw … and Ignus O. Hornstein … New
86 1298 170 57 York
286 1298 89 58 ed.
444 1298 150 57 New
622 1296 187 73 York,
839 1297 196 57 Noble
1066 1299 123 56 and
1216 1296 196 58 Noble
1445 1326 14 43 [
1460 1307 19 20 c
1483 1297 162 74 1926]

154 1405 45 37 X,
243 1389 79 43 162
362 1403 38 38 p.
463 1389 50 44 19½
546 1390 47 18 cm
599 1422 8 8 .

156 1457 143 44 “New
329 1457 132 44 York
489 1465 114 35 state
631 1455 328 53 supplement”:
992 1471 38 38 p.
1066 1455 233 47 [113]—162.

87 1527 51 53 ©
168 1529 116 51 June
314 1526 37 51 7,
388 1527 129 52 1926;
547 1527 65 43 2c.
644 1528 115 51 June
794 1524 73 53 15;
901 1526 77 42 aff.
1011 1527 114 51 June
1159 1526 73 50 19;
1266 1524 45 43 A
1341 1524 190 54 897179;
1567 1525 149 44 Noble
1748 1526 37 44 &
1818 1526 161 44 Noble.

163 1583 267 56 (26-12727)

81 1681 314 73 Brinkley,
442 1681 219 58 Stuart
701 1680 248 59 Robert.

157 1771 349 72 Principles
548 1772 68 56 of
653 1771 254 72 general
946 1770 356 72 chemistry,
1341 1771 82 71 by
1466 1769 221 60 Stuart
1728 1771 73 56 R.
1841 1770 224 58 Brinkley

79 1847 1736 74 … New York, The Macmillan company, 1926.
147 1923 1486 55 x p., 1 l., 477 p. front., illus., pl., ports., diagrs. 22½ cm .
150 1980 409 54 “Supplementary
591 1980 241 54 readings”
866 1990 45 35 at
943 1980 87 44 end
1064 1981 53 43 of
1150 1981 111 43 each
1294 1981 200 53 chapter.

147 2035 169 46 Tables
348 2052 59 28 on
440 2036 346 54 lining-papers.

79 2092 56 54 ©
163 2094 110 52 May
295 2092 68 53 25,
395 2094 129 53 1926;
548 2095 64 43 2c.
641 2095 86 43 and
753 2095 78 42 aff.
861 2095 110 43 May
997 2093 77 53 26;
1102 2094 43 43 A
1174 2094 188 53 897204;
1394 2094 267 44 Macmillan
1688 2112 64 27 co.

160 2150 267 55 (26-12823)

79 2249 397 74 Burckmyer,
521 2248 320 59 Cornelius
880 2249 51 57 L
1242 2252 356 58 1822-1877.

156 2342 129 56 The
321 2341 384 72 Burckmyer
741 2343 237 72 letters,
1017 2340 236 75 March,
1291 2341 372 72 1863-June,
1704 2343 163 57 1865.
79 2341 1955 151 Columbia,

360 2420 60 58 S.
454 2419 83 73 C.,
566 2420 128 57 The
726 2420 177 58 State
932 2438 320 55 company,
1284 2420 164 57 1926.

143 2499 83 44 476
256 2514 42 37 p.
356 2501 54 42 24
417 2501 46 17 cm
469 2536 9 9 .

147 2556 177 44 Letters
348 2555 261 53 exchanged
632 2555 58 53 by
717 2555 49 46 C.
795 2555 48 43 L.
869 2555 86 43 and
985 2555 47 45 C.
1061 2555 53 45 R.
1144 2554 290 54 Burckmyer.

147 2612 244 44 Published
426 2612 146 53 partly
607 2613 188 43 because
829 2611 52 44 of
917 2611 74 43 the
1028 2610 231 46 economic
1294 2612 105 43 data
1433 2611 147 44 which
1616 2612 103 52 they
1756 2611 177 45 contain
1970 2612 85 44 and

78 2667 147 55 partly
258 2670 187 43 because
477 2668 51 44 of
559 2668 116 44 their
705 2668 122 44 vivid
861 2668 171 53 picture
1064 2668 52 45 of
1146 2667 81 45 life
1259 2668 43 43 in
1339 2667 269 46 Charleston
1639 2669 88 44 and
1760 2668 43 43 in
1837 2668 73 45 the
1944 2668 112 46 little

79 2725 303 63 Confederate.
412 2724 161 53 colony
609 2726 44 42 in
689 2723 193 54 Europe,
918 2724 109 44 with
1064 2725 56 44 its
1154 2724 242 53 testimony
1432 2732 46 37 to
1516 2724 74 45 the
1625 2725 173 44 intense
1833 2724 139 46 belief
2005 2724 52 45 of

80 2781 75 43 the
192 2780 143 46 South
370 2778 45 45 in
450 2780 75 43 the
562 2779 336 53 righteousness
935 2779 50 44 of
1020 2778 57 45 its
1115 2793 142 31 cause,
1326 2778 62 54 cf.
1428 2780 140 50 Pref.,
1605 2779 183 54 signed:
1829 2780 235 46 Charlotte

77 2839 51 44 R.
162 2838 205 45 Holmes.

77 2892 54 53 ©
165 2895 114 51 June
318 2895 60 49 14,
418 2892 127 52 1926;
582 2893 64 43 2c.
682 2893 87 43 and
804 2893 77 43 aff.
917 2893 114 52 June
1071 2893 74 52 18;
1182 2893 44 42 A
1262 2892 189 54 891831;
1494 2891 232 46 Charlotte
1762 2894 53 43 R.
1854 2894 205 51 Holmes,

149 2950 281 52 Charleston,
467 2948 43 47 S.
547 2947 48 46 C.
664 2949 268 54 (26-12772)

73 3048 304 69 Burkard,
425 3048 279 59 William
750 3047 238 70 Edwin,
1038 3051 189 57 1890-

216 3139 1775 72 … Health habits by practice, by William E. Burkard …
73 3215 1769 74 Raymond L. Chambers … Frederick W. Maroney …
96 3294 286 57 Illustrated
416 3294 82 71 by
534 3293 171 58 Vera
744 3294 191 58 Stone
975 3295 296 56 Norman.
1353 3293 286 74 Chicago,
1680 3293 152 58 New
1867 3291 192 77 York,

73 3370 205 72 Lyons
315 3371 122 57 and
474 3370 334 59 Carnahan
845 3403 14 44 [
860 3379 20 22 c
882 3372 164 71 1925]

72 3447 1964 110 1 p. l., 429 p. illus., col. pl. 19½ cm . (Health—happiness—success series, book 1)
77 3558 51 53 ©
159 3561 99 43 Oct.
293 3562 63 50 13,
387 3558 129 53 1925;
546 3561 63 42 2c.
639 3562 115 51 June
785 3562 61 50 14,
879 3560 130 53 1926;
1038 3561 78 43 aff.
1147 3562 114 51 June
1294 3562 73 50 12;
1400 3561 44 42 A
1473 3559 188 53 897119;
1695 3560 149 52 Lyons
1877 3560 37 44 &
144 3557 1892 103 Carnahan.
372 3616 267 54 (26-12706)

71 3715 220 73 Busch,
332 3716 235 57 Bonnie
604 3716 379 60 Melbourne.

152 3808 210 73 Eager
387 3808 193 73 vines,
608 3809 81 72 by
713 3808 239 58 Bonnie
978 3808 223 58 Busch.
1270 3808 151 57 New
1446 3807 188 72 York,
1661 3808 96 58 W.
1787 3808 59 59 J.
1875 3806 178 62 Watt

75 3884 47 58 &
156 3905 86 39 co.
283 3916 13 43 [
297 3893 20 23 c
320 3887 163 73 1926]
