2542 4285
1402 3991 109 54 816

442 357 281 73 Hartley,
764 358 300 71 Dorothy.

522 449 143 57 Life
707 451 122 56 and
869 450 169 56 work
1079 450 67 57 of
1188 450 103 56 the
1330 450 222 70 people
1594 450 65 57 of
1698 449 323 73 England;
2065 470 38 38 a
2135 448 295 74 pictorial

445 527 1988 74 record from contemporary sources … by Dorothy Hartley
516 604 1917 74 … & Margaret M. Elliot … [v. 3, 4] New York, London,
448 682 68 57 G.
548 683 68 55 P.
649 683 329 56 Putnam’s
1014 701 162 53 sons,
1211 682 165 57 1926.

513 760 26 40 2
564 773 40 28 v.
666 759 174 51 fronts.,
870 760 155 50 plates.
1081 759 55 42 22½
1169 762 46 17 cm
1223 793 7 9 .

519 814 392 46 CONTENTS.—[v.
942 823 22 35 3]
1012 814 99 44 The
1142 815 208 44 fifteenth
1379 821 318 46 century.—[v.
1728 823 38 40 4]
1799 815 98 43 The
1927 814 227 46 sixteenth
2182 823 199 45 century.

447 870 52 54 ©
530 873 105 51 July
668 873 61 50 14,
767 872 105 43 1926;
927 873 64 42 2c.
1024 872 110 44 each
1164 873 86 42 and
1283 873 77 42 aff.
1393 873 106 51 July
1535 872 72 52 16;
1642 873 44 42 A
1717 871 178 53 897454,
1927 872 189 53 897455;
2151 874 56 42 D.
2243 874 194 52 Hartley

517 930 85 42 and
631 930 235 51 Margaret
895 931 63 42 M.
985 929 153 52 Elliot,
1166 929 117 43 New
1308 930 142 42 York.
1520 929 270 54 (26-13706)

445 1014 217 69 Hawk,
701 1014 275 60 Edward
1008 1015 137 57 Lee.

524 1106 160 57 How
713 1111 62 54 to
809 1107 334 73 approach,
1180 1107 290 58 convince
1503 1109 122 56 and
1657 1107 160 58 close
1849 1126 160 54 your
2041 1111 326 69 prospect;
2403 1128 35 38 a

451 1184 297 58 scientific
793 1187 189 71 study
1024 1186 67 57 of
1134 1185 233 57 human
1408 1189 226 54 nature
1680 1206 68 37 as
1790 1186 51 57 it
1887 1189 207 55 enters
2138 1185 131 59 into
2316 1188 119 56 and

450 1262 223 59 affects
707 1263 104 57 the
847 1264 128 57 sale
1008 1282 272 53 process.
1353 1263 154 58 Also
1541 1263 102 57 the
1680 1265 371 57 salesman’s
2087 1265 148 57 code
2268 1266 62 56 to
2364 1264 74 58 be

447 1343 154 56 used
632 1342 68 56 in
731 1339 256 74 making
1021 1361 35 37 a
1087 1343 473 56 memorandum
1596 1342 65 57 of
1695 1342 103 57 the
1834 1340 503 59 characteristics
2373 1343 68 57 of

449 1418 1990 73 any individual. By Edward Lee Hawk … Hamilton, O.,
450 1497 128 58 The
608 1496 387 72 Republican
1024 1497 362 71 publishing
1414 1515 305 54 company
1751 1527 12 43 [
1765 1504 18 22 c
1788 1498 163 71 1926]

518 1570 978 59 2 p. l., 7-192 p. illus., port. 17½ cm .
518 1633 264 45 Half-title:
815 1632 99 44 The
946 1631 258 45 salesman’s
1237 1632 178 43 manual
1451 1633 88 43 and
1570 1633 119 43 code.

452 1685 52 54 ©
536 1688 104 51 July
676 1687 62 50 10,
774 1686 127 51 1926;
935 1687 63 42 2c.
1032 1687 86 42 and
1149 1687 78 42 aff.
1262 1686 105 52 July
1404 1684 73 53 15;
1514 1686 42 41 A
1591 1685 187 52 901125;
1816 1685 50 46 E.
1902 1687 48 42 L.
1986 1687 165 49 Hawk,
2190 1684 253 45 Cleveland.

529 1742 270 56 (26-13857)

449 1830 384 70 Henderson,
870 1828 263 58 Francis
1167 1829 72 58 R.

453 1920 1963 139 Rubber, its production and marketing, by F . R. Henderson.
784 2001 151 55 New
980 2000 172 57 York
1199 2000 143 72 city,
1390 1999 391 74 Henderson,
1829 2000 186 56 Helm
2062 1999 48 57 &
2155 2019 107 53 co.,
2307 1999 136 71 inc.,

451 2088 18 22 c
473 2080 163 56 1926.

523 2155 1381 56 2 p. l., 7-44, [2] p. incl. illus., pl., maps, diagrs. 24 cm .
453 2212 54 53 ©
536 2215 113 51 June
676 2214 69 47 23,
780 2213 128 51 1926;
941 2213 63 42 2c.
1035 2213 86 42 and
1151 2213 78 42 aff.
1261 2213 114 51 June
1403 2212 79 50 24;
1518 2212 42 41 A
1592 2210 188 53 897515;
1815 2212 282 49 Henderson,
2132 2212 138 42 Helm
2302 2212 36 43 &
2368 2226 77 35 co.,

525 2272 81 42 inc.
675 2270 270 54 (26-13996)

452 2359 236 71 Hovey,
723 2356 135 59 Otis
892 2355 176 71 Ellis,
1100 2358 190 57 1864-

457 2446 1969 140 Movable bridges, by Otis Ellis Hovey … v. 1. Superstructure.
874 2528 153 56 New
1070 2526 190 71 York,
1308 2526 60 57 J.
1413 2526 209 71 Wiley
1666 2525 47 56 &
1763 2544 163 53 sons,
1974 2526 148 69 inc.;
2172 2525 277 72 London,

458 2605 322 72 Chapman
814 2605 46 55 &
892 2605 167 71 Hall,
1094 2604 259 72 limited,
1391 2604 164 56 1926.

599 2680 1302 54 xv, 352 p. front., illus., fold. plates, diagrs. 23½ cm .
525 2740 351 53 Bibliography:
918 2756 39 27 v.
1002 2743 33 47 1,
1078 2755 39 36 p.
1160 2737 149 47 33-35.

457 2795 52 54 ©
540 2797 110 51 May
678 2796 67 50 28,
779 2795 128 49 1926;
940 2795 64 42 2c.
1037 2795 104 52 July
1176 2794 72 47 16;
1283 2794 78 42 aff.
1393 2794 115 52 June
1539 2793 75 51 30;
1649 2794 42 41 A
1724 2793 189 51 897483;
1949 2793 54 43 O.
2037 2792 51 47 E.
2122 2794 177 48 Hovey,
2334 2793 116 43 New

526 2854 141 43 York.
736 2851 270 55 (26-13895)

454 2941 229 67 James,
730 2940 220 71 Henry
990 2937 248 71 Duvall,
1285 2940 188 56 1874-

537 3028 385 59 Controllers
956 3028 107 57 for
1092 3026 247 60 electric
1371 3031 268 67 motors;
1675 3046 36 38 a
1743 3027 262 58 treatise
2040 3047 77 38 on
2149 3029 103 56 the
460 3028 1967 137 modern

608 3107 342 58 industrial
991 3106 352 70 controller,
1387 3106 288 70 together
1713 3105 152 57 with
1905 3105 237 72 typical
458 3106 1966 137 applications

660 3183 1789 73 to the industries, by Henry Duvall James … 2d
463 3263 544 71 ed.—completely
1058 3282 127 38 rev.
1239 3264 123 56 and
1414 3262 135 72 enl.,
1602 3264 110 54 444
1760 3262 440 58 illustrations.
2304 3262 148 57 New

458 3343 188 66 York,
678 3343 74 56 D.
785 3342 142 57 Van
959 3341 324 57 Nostrand
1316 3358 320 55 company,
1670 3341 166 57 1926.

528 3421 57 51 vi,
615 3419 92 50 508,
738 3419 80 44 508
835 3419 96 51 a-b,
961 3417 192 46 509-522
1183 3434 40 38 p.
1282 3418 131 51 illus.,
1442 3419 167 52 diagrs.
1646 3419 46 53 (1
1727 3417 135 51 fold.)
1928 3418 52 43 23½
2017 3422 45 16 cm
2070 3453 7 7 .
2192 3416 125 51 $5.00

460 3477 52 54 ©
540 3480 113 51 June
679 3478 67 51 23,
776 3477 128 51 1926;
934 3477 63 42 2c.
1057 3478 76 51 July
1165 3476 72 52 16;
1269 3476 78 43 aff.
1376 3476 105 52 July
1512 3476 74 52 17;
1618 3477 41 41 A
1687 3474 189 52 901161;
1908 3476 55 42 D.
1993 3475 102 43 Van
2124 3475 235 43 Nostrand
2387 3489 64 28 co.

539 3535 268 55 (26-13841)

457 3621 299 70 Johnson,
791 3620 215 58 Abner
1037 3620 226 57 Morse.

537 3713 197 58 Rural
770 3713 207 72 rimes,
1013 3714 82 70 by
1128 3712 216 57 Abner
1377 3711 211 57 Morse
1625 3711 315 69 Johnson;
1978 3709 359 58 illustrated
2371 3709 82 71 by

460 3792 102 56 the
606 3792 243 56 author.
930 3790 386 74 Milwaukee,
1361 3790 129 56 The
1532 3789 321 57 Advocate
1894 3786 363 73 publishing
460 3805 1967 139 company,
678 3870 165 57 1926.
