2542 4285
1353 3987 113 56 544

411 358 343 73 Tennyson,
782 359 231 58 Alfred
1040 360 344 73 Tennyson,
1454 367 58 51 1st
1542 364 210 67 baron,
1782 364 355 56 1809-1892.

484 450 196 71 Idylls
726 450 66 56 of
835 450 103 56 the
980 450 165 72 king,
1189 451 83 71 by
1311 450 246 70 Alfred,
1599 451 139 58 lord
1782 453 363 71 Tennyson;
2190 455 205 56 edited

405 527 1989 73 with an introduction by Elizabeth Nitchie … New York,
408 605 128 58 The
570 605 358 56 Macmillan
962 625 321 52 company,
1319 607 165 55 1926.

477 682 1772 54 xvi p., 1 l., 288 p. incl. front. 19 cm . (The modern readers’ series)
405 737 166 54 ©May
604 741 62 49 11,
699 739 128 52 1926;
860 740 63 42 2c.
955 741 87 42 and
1071 741 77 41 aff.
1181 741 112 50 May
1326 740 73 52 12;
1434 740 44 42 A
1507 739 188 53 890723;
1730 741 266 43 Macmillan
2028 757 64 28 co.
2167 740 52 53 [©
474 741 1894 99 introduction
686 797 87 42 and
804 803 140 45 notes]
1017 794 269 55 (26-10510)

407 895 327 68 Thurston,
779 896 229 56 Ernest
1047 895 264 70 Temple,
1356 898 188 56 1879-

484 984 118 56 Mr.
639 984 295 72 Bottleby
970 985 148 56 does
1155 985 367 73 something,
1560 987 79 69 by
1676 986 71 55 E.
1787 986 253 70 Temple
2079 988 312 56 Thurston

475 1061 1669 79 … New York, George H. Doran company [ c 1926]
476 1140 351 52 351 p. 19½ cm .
409 1196 52 53 ©
496 1198 110 51 Apr.
645 1198 62 51 16,
746 1198 129 51 1926;
914 1198 62 43 2c.
1013 1198 112 52 Apr.
1166 1199 73 50 19;
1279 1199 78 41 aff.
1396 1199 111 51 May
1546 1199 75 50 13;
1659 1199 42 41 A
1738 1196 189 54 890751;
1968 1196 51 48 E.
2057 1197 54 44 T.
2149 1198 245 53 Thurston,

479 1254 222 43 Borhurst
737 1253 151 53 Farm,
929 1253 263 54 Sandhurst,
1229 1255 136 51 Kent,
1401 1253 221 54 England.
1695 1253 268 55 (26-10569)

409 1338 254 70 Turner,
709 1339 168 58 John
916 1340 195 56 Evan.

486 1433 400 71 Personality
924 1435 122 56 and
1083 1432 258 71 reality;
1379 1453 36 38 a
1451 1433 189 71 proof
1676 1433 68 58 of
1780 1433 103 58 the
1920 1433 133 56 real
2090 1431 308 61 existence

410 1510 1920 72 of a supreme self in the universe, by J. E. Turner …
409 1589 151 56 New
582 1587 189 69 York,
800 1590 129 56 The
958 1588 358 58 Macmillan
1342 1606 321 54 company,
1690 1589 165 55 1926.

479 1667 625 50 3 p. l., [9]—190 p. 19½ cm .
406 1718 52 53 ©
491 1720 116 42 Mar.
640 1720 64 49 30,
741 1720 104 43 1926
861 1735 9 36 ;
902 1720 64 42 2c.
999 1719 87 43 and
1117 1721 93 50 aff.,
1245 1720 118 42 Mar.
1397 1720 77 52 31;
1508 1720 44 42 A
1583 1720 187 52 890110;
1806 1720 266 43 Macmillan
2101 1736 66 28 co.

484 1775 268 55 (26-10532)

409 1861 229 74 [Ward,
678 1861 245 56 Arthur
961 1860 316 75 Sarsfield]
1319 1864 187 55 1883-

483 1950 237 57 Yellow
743 1951 303 71 shadows,
1070 1951 83 71 by
1178 1951 127 58 Sax
1326 1950 276 57 Rohmer
1627 1952 249 71 [pseud.]
1961 1951 251 58 Garden
2239 1950 158 73 City,

408 2029 73 55 N.
518 2028 93 73 Y.,
647 2028 385 71 Doubleday,
1069 2029 170 72 Page
1276 2029 47 56 &
1359 2048 319 54 company,
1717 2031 163 55 1926.

473 2105 648 54 viii p., 1 l., 299 p. 19½ cm .
404 2162 55 54 ©
487 2165 112 50 Apr.
627 2164 64 51 23,
725 2164 128 52 1926;
883 2165 63 42 2c.
977 2165 87 42 and
1090 2166 77 41 aff.
1200 2165 111 51 May
1341 2163 48 53 7;
1421 2164 44 42 A
1494 2163 187 54 890663;
1715 2164 279 52 Doubleday,
2028 2165 126 51 Page
2182 2165 37 42 &
2246 2179 65 28 co.

484 2217 267 57 (26-10562)

405 2301 221 73 Wilde,
669 2303 209 70 Oscar,
921 2305 358 56 1854-1900.

488 2395 91 58 De
627 2394 355 73 profundis,
1031 2398 83 70 by
1164 2394 194 60 Oscar
1404 2394 226 72 Wilde,
1679 2393 224 74 edited,
1951 2395 152 57 with
2151 2416 35 36 a
411 2396 1965 148 prefatory

625 2472 372 72 dedication,
1027 2473 83 69 by
1139 2472 236 57 Robert
1408 2472 193 71 Ross;
1633 2472 438 73 introductory
2102 2490 184 53 essay
2316 2473 83 70 by

412 2549 1986 74 Frank Harris … New York, The Modern library [1926]
482 2625 1914 57 14 p. l., 154 p. 17 cm . (Half-title: The modern library of the world’s
406 2686 99 44 best
530 2685 167 52 books)

408 2739 52 53 ©
489 2742 111 52 Apr.
627 2742 68 50 29,
729 2740 129 53 1926;
887 2741 65 42 2c.
986 2742 111 51 May
1130 2741 73 51 10;
1237 2741 78 42 aff.
1347 2742 113 51 May
1490 2738 49 54 7;
1573 2740 44 42 A
1648 2740 188 52 891393;
1870 2741 197 43 Modern
2096 2740 184 52 library,
2313 2739 82 44 inc.

479 2795 66 55 [©
575 2797 73 43 the
679 2796 316 52 introduction]
1067 2796 269 55 (26-10542)

408 2879 219 73 Wilds,
671 2879 209 58 Elmer
923 2879 327 59 Harrison.

533 2962 1868 81 … Extra-curricular activities, by Elmer Harrison Wilds
477 3048 1288 71 … New York, The Century co. [ c 1926]
479 3124 1914 55 xi p., 2 l., 3-273 p. diagrs. 20½ cm . (The Century education series)
407 3181 123 54 $2.00

480 3238 354 53 Bibliography:
869 3254 39 36 p.
943 3236 217 52 237-243;
1198 3237 233 54 “Reading
1467 3237 281 44 references”
1782 3246 45 36 at
1861 3238 83 43 end
1980 3237 50 44 of
2064 3237 107 43 each
2206 3236 195 53 chapter.

407 3295 55 53 ©
489 3298 111 51 May
625 3297 38 51 3,
692 3295 129 52 1926;
848 3296 63 42 2c.
937 3296 87 42 and
1049 3296 78 42 aff.
1153 3296 113 51 May
1292 3295 48 52 6;
1370 3295 44 42 A
1439 3293 189 53 891277;
1659 3293 199 54 Century
1884 3310 65 28 co.

488 3351 267 55 (26-10676)

411 3435 238 72 Young,
691 3435 190 73 Clyde
916 3435 256 72 Lyman,
1213 3438 188 55 1877-

489 3525 418 59 Government
937 3526 67 56 of
1033 3525 204 56 North
1266 3524 246 57 Dakota
1545 3526 121 56 and
1697 3525 103 56 the
1830 3524 234 69 nation,
2096 3525 82 69 by
2211 3522 190 73 Clyde

410 3602 1993 73 L. Young … New York, Cincinnati [etc.] American book
410 3700 304 52 company
753 3711 13 41 [
770 3690 18 21 c
790 3681 164 72 1926]

479 3760 64 49 xi,
569 3760 93 48 290,
689 3758 195 43 xiii-lxii
911 3774 39 37 p.
981 3758 98 43 incl.
1111 3758 150 50 front.,
1291 3758 113 43 illus.
1468 3759 51 43 19
1524 3760 47 18 cm
1579 3794 7 7 .

482 3815 352 52 Bibliography:
866 3830 39 37 p.
934 3815 93 43 290.

410 3872 55 53 ©
495 3874 111 51 May
633 3871 39 52 7,
704 3872 129 52 1926;
862 3873 64 42 2c.
956 3872 87 43 and
1073 3872 78 43 aff.
1182 3873 112 50 May
1326 3872 73 51 14;
1431 3871 44 42 A
1506 3869 187 54 890758;
1727 3871 154 43 Amer.
1912 3870 119 46 book
2058 3885 65 30 co.

489 3928 268 55 (26-10792)
