2609 4293
1445 4024 110 54 134

524 493 55 36 v.
613 476 126 54 3-5.
812 474 268 74 Chicago
1112 478 124 55 and
1265 477 151 57 New
1444 478 188 70 York,
1667 480 127 56 The
1825 478 333 60 American
2186 482 326 59 historical

526 551 250 72 society,
811 553 136 72 inc.,
984 555 164 55 1925.

592 626 25 43 3
644 643 41 27 v.
745 635 138 45 ports.
942 628 53 44 27½
1031 632 46 17 cm
1084 665 8 8 .

592 682 126 45 Vols.
753 683 81 45 3-5
867 686 181 41 contain
1079 684 308 54 biographical
1419 686 221 44 material.

522 736 55 53 ©
606 740 101 51 Jan.
743 740 61 51 19,
841 741 130 51 1926;
1001 742 66 43 2c.
1099 742 109 43 each
1239 743 101 52 Jan.
1371 743 78 51 22;
1483 744 80 42 aff.
1593 745 100 51 Jan.
1727 743 79 53 25;
1840 744 46 44 A
1915 746 188 52 883043;
2138 747 248 43 American
593 745 1894 98 historical
784 812 88 29 soc.

522 881 268 73 Garrett,
832 882 217 74 Henry
1084 883 290 71 Edward,
1415 887 187 56 1894-

598 973 320 60 Statistics
961 975 65 56 in
1067 976 385 74 psychology
1493 981 124 56 and
1661 979 344 73 education,
2048 983 83 69 by
2170 982 222 73 Henry
2432 983 73 56 E.

520 1051 1986 81 Garrett … with an introduction by R. S. Woodworth.
519 1129 151 58 New
700 1130 188 72 York,
923 1131 258 59 London
1234 1135 127 70 [etc.]
1397 1134 374 73 Longmans,
1806 1135 203 60 Green
2044 1139 121 56 and
2199 1157 104 53 co.,
2340 1139 164 57 1926.

585 1207 978 55 xiii, 317 p. incl. tables, diagrs. 20½ cm .
518 1261 55 53 ©
598 1264 99 51 Jan.
722 1261 68 53 25,
824 1264 128 51 1926;
981 1264 65 43 2c.
1071 1263 107 45 Feb.
1204 1264 50 52 8;
1286 1265 79 45 aff.
1391 1265 108 44 Feb.
1526 1266 50 50 6;
1608 1266 44 42 A
1678 1264 191 56 879506;
1898 1269 272 51 Longmans,
2201 1269 147 44 Green
2376 1270 38 44 &
2441 1286 66 30 co.

597 1319 242 54 (26-4149)

520 1402 252 74 Garvin,
812 1404 324 73 Margaret
1172 1404 177 59 Root.

592 1493 310 60 Peacocks
935 1495 65 56 in
1031 1495 104 57 the
1170 1514 132 54 sun,
1337 1497 82 71 by
1451 1497 325 72 Margaret
1810 1499 162 57 Root
2006 1499 253 58 Garvin.
2338 1501 167 73 [New

514 1571 186 73 York]
733 1571 78 58 H.
840 1572 207 71 Vinal,
1078 1574 163 57 1925.

585 1648 565 57 4 p. l., 5-54 p. 18½ cm .
584 1708 178 47 Poems.

515 1762 54 53 ©
596 1763 106 44 Feb.
733 1765 34 50 1,
797 1764 130 52 1926;
954 1764 64 43 2c.
1047 1763 109 44 Feb.
1186 1765 74 50 11;
1289 1765 79 44 aff.
1396 1764 107 44 Feb.
1532 1766 48 51 9;
1613 1766 45 42 A
1683 1766 189 53 883264;
1902 1767 179 43 Harold
2109 1768 217 44 Linwood
2353 1768 151 46 Vinal.

594 1819 242 55 (26-4201)

515 1903 256 73 Gilbert,
808 1903 191 58 Allan
1038 1905 58 56 H
1411 1908 189 57 1888-

589 1994 1849 77 Dante’s conception of justice, by Allan H. Gilbert …
511 2073 300 70 Durham,
839 2074 73 56 N.
946 2072 84 71 C.,
1057 2073 177 58 Duke
1259 2073 355 73 university
1639 2094 199 54 press,
1871 2077 165 56 1925.

581 2149 1861 61 vii p., 2 l., [3]-244 p. 20 cm . (Half-title: Duke university publications)
584 2208 94 44 “As
720 2209 76 43 the
835 2207 122 45 basis
996 2209 50 43 of
1087 2224 75 37 my
1203 2208 249 47 discussion
1495 2209 20 42 I
1558 2210 113 43 have
1711 2210 135 45 taken
1886 2210 74 45 the
2000 2218 309 46 commentary
2348 2211 50 44 of
2441 2210 64 48 St.

513 2265 202 44 Thomas
744 2264 204 54 Aquinas
981 2281 58 28 on
1069 2266 74 44 the
1177 2264 103 45 fifth
1311 2265 122 45 book
1462 2265 51 44 of
1540 2267 78 44 the
1649 2265 159 47 Ethics
1837 2266 51 46 of
1917 2266 449 45 Aristotle.”—Pref.

512 2320 53 54 ©
592 2323 101 51 Jan.
720 2322 67 53 22,
820 2322 130 51 1926;
980 2323 65 42 2c.
1072 2323 98 52 Jan.
1199 2322 77 52 26;
1311 2324 79 43 aff.
1418 2324 99 51 Jan.
1548 2323 77 52 30;
1658 2324 44 42 A
1734 2322 187 54 879428;
1956 2325 131 43 Duke
2115 2324 133 52 univ.,
2282 2323 219 54 Durham,

583 2379 61 43 N.
681 2377 50 45 C.
798 2378 243 55 (26-4297)

512 2463 324 73 Ginzberg,
872 2463 205 58 Louis.

588 2556 284 72 Legends
905 2555 66 56 of
1001 2556 102 56 the
1136 2556 187 72 Jews,
1357 2556 83 71 by
1471 2555 189 57 Louis
1696 2555 327 73 Ginzberg.
2098 2587 88 44 [v.]
2223 2559 49 54 5.
2308 2557 192 58 Notes

512 2636 62 54 to
616 2634 278 57 volumes
939 2635 31 54 1
1015 2634 124 57 and
1181 2635 50 70 2,
1275 2633 167 57 from
1484 2635 102 56 the
1634 2633 296 60 Creation
1973 2636 62 55 to
2081 2634 102 58 the
2224 2634 275 59 Exodus.

510 2710 455 73 Philadelphia,
1015 2712 127 56 The
1187 2710 239 59 Jewish
1467 2712 385 71 publication
1895 2712 235 72 society
2174 2713 65 57 of
507 2710 1969 154 America,
654 2790 165 56 1925.

575 2864 63 52 xi,
666 2865 81 43 446
778 2880 39 39 p.
873 2865 56 43 22
934 2868 47 17 cm
987 2901 8 7 .

507 2919 55 54 ©
590 2922 120 43 Nov.
742 2921 62 52 16,
830 2919 105 45 1925
952 2936 9 36 ;
989 2922 66 44 2c.
1083 2923 109 42 Dec.
1216 2922 79 52 31;
1323 2923 80 43 aff.
1431 2923 100 51 Jan.
1557 2922 67 52 21,
1655 2922 129 52 1926;
1813 2921 45 43 A
1885 2921 190 54 879379;
2103 2922 170 53 Jewish
577 2917 1899 108 publication
710 2993 88 29 soc.
834 2978 55 43 of
925 2978 227 43 America.

506 3063 191 69 Good,
732 3061 211 59 Alvin.

586 3154 332 73 Sociology
944 3157 123 56 and
1097 3154 357 72 education;
1489 3155 314 72 sociology
1832 3155 167 57 from
2029 3155 101 58 the
2160 3154 336 73 viewpoint

506 3228 1991 80 of education, by Alvin Good … New York and London,
505 3310 256 73 Harper
790 3310 48 57 &
866 3310 308 73 brothers,
1210 3312 165 56 1926.

571 3387 143 49 xxvii,
749 3386 82 45 589
860 3400 38 40 p.
958 3386 53 43 22
1018 3389 46 17 cm
1070 3422 9 8 .

576 3442 222 46 “General
827 3442 305 44 references”:
1165 3457 39 38 p.
1233 3440 206 48 570-575.

505 3498 55 53 ©
583 3499 107 43 Feb.
713 3502 39 48 8,
780 3499 108 44 1926
900 3514 11 37 ;
933 3499 66 42 2c.
1024 3500 90 42 and
1136 3499 81 43 aff.
1243 3497 108 46 Feb.
1379 3499 74 52 10;
1480 3499 46 42 A
1550 3499 190 51 883221;
1767 3498 185 53 Harper
1976 3498 88 43 and
2088 3498 120 42 bros.

582 3555 242 55 (26-3990)

506 3639 424 74 [Haberstroh,
969 3640 243 75 Ernest]

583 3731 128 57 The
754 3730 207 59 divine
1005 3730 379 60 revelations
1437 3730 108 71 (2d
1587 3730 123 57 and
1753 3729 114 58 enl.
1912 3728 123 72 ed.)
2083 3728 84 71 by
2207 3727 171 59 John
2417 3727 70 57 F.

505 3808 293 61 Sanders.
897 3808 256 74 Boston,
1215 3808 128 58 The
1407 3806 413 73 Christopher
1878 3805 362 74 publishing
2296 3805 192 59 house

505 3918 13 43 [
518 3896 21 23 c
542 3889 164 71 1926]

566 3963 627 58 2 p. l., [7]-232 p. 20½ cm .
