2609 4293
0 0 0 0 4
435 404 389 74 Castiglioni,
860 405 255 58 Arturo.

582 493 1838 74 … Il volto di Ippocrate; istorie di medici e medicine
436 574 220 57 d’altri
684 573 213 72 tempi.
964 572 254 72 Milano,
1252 570 246 59 Società
1563 572 222 57 editrice
1811 571 250 73 Unitas,
2089 574 165 57 1925.

503 661 1724 58 4 p. l., [3]-389, [1] p., 5 l. incl. illus., plates, ports., facsims. 25 cm .
506 736 215 46 Contains
746 734 365 54 bibliographies.

434 801 1994 55 © Dec. 20, 1925; 1c. Jan. 9, 1926; A— Foreign 29817; Società éditrice
505 860 179 46 Unitas.
753 858 242 57 (26-5469)

437 958 350 71 Chaffurin,
821 956 207 60 Louis.

581 1048 1848 73 … Un homme seul, roman. Paris, E. Flammarion,
435 1139 20 22 c
458 1132 165 55 1925.

506 1219 392 54 283 p., 1 l. 18½cm.
437 1285 1993 55 © Dec. 31, 1925; 1c. Jan. 14, 1926; A— Foreign 29823; Ernest Flammarion.
515 1343 241 56 (26-6082)

438 1442 385 72 Chesterton,
861 1440 244 61 Gilbert
1140 1440 210 74 Keith,
1391 1443 189 58 1874-

513 1535 278 60 William
826 1534 281 73 Cobbett,
1139 1535 85 72 by
1257 1534 70 60 G.
1361 1535 81 58 K.
1479 1535 391 59 Chesterton.
1952 1536 276 74 London,
437 1537 1970 136 Hodder

579 1616 123 57 and
733 1613 353 73 Stoughton
1114 1611 242 62 limited
1388 1613 181 73 [1925]

506 1691 577 53 4 p. l., 3-277 p. 19 cm .
439 1744 1995 55 © 1c. Jan. 7, 1926; A ad int. 7607; pubd. Nov. 20, 1925; Dodd, Mead &
508 1818 80 38 co.,
618 1803 95 50 inc.,
745 1802 117 44 New
891 1802 143 43 York.
1104 1799 242 56 (26-2708)

442 1900 200 73 Child,
678 1899 280 68 Richard
991 1898 376 73 Washburn,
1408 1902 190 57 1881-

514 1992 288 74 Battling
851 1993 103 58 the
1009 1990 303 75 criminal,
1363 1994 84 71 by
1496 1992 280 60 Richard
1821 1994 361 58 Washburn
2234 1995 198 59 Child.

439 2070 251 61 Garden
721 2071 163 71 City,
914 2071 72 56 N.
1018 2071 93 71 Y.,
1143 2070 386 71 Doubleday,
1559 2071 173 73 Page
1761 2072 48 57 &
2145 2118 12 24 company,
2190 2073 166 55 1925.

501 2146 619 55 vii p., 1 l., 290 p. 20 cm .
441 2201 53 54 ©
525 2203 119 45 Nov.
677 2203 63 53 18,
775 2201 103 46 1925;
938 2203 63 43 2c.
1035 2203 87 43 and
1151 2202 79 45 aff.
1263 2203 98 52 Jan.
1393 2202 38 51 2,
1467 2202 129 53 1926;
1631 2203 44 43 A
1707 2202 188 54 879097;
1932 2203 279 53 Doubleday,
2243 2205 125 52 Page
2401 2205 36 44 &

508 2275 67 30 co.
644 2258 243 56 (26-1170)

444 2357 241 73 Corpus
715 2357 182 73 juris,
928 2357 189 73 being
1145 2377 35 37 a
1213 2357 301 72 complete
1549 2359 124 56 and
1707 2358 360 71 systematic
2102 2361 337 55 statement

520 2436 68 57 of
615 2435 104 58 the
746 2435 195 57 whole
968 2435 168 72 body
1163 2435 67 57 of
1258 2435 104 57 the
1390 2435 121 56 law
1538 2455 69 38 as
1639 2435 324 58 embodied
1989 2435 66 56 in
2085 2436 123 57 and
520 2436 1895 149 developed
711 2514 82 71 by

828 2513 84 56 all
944 2514 298 69 reported
1274 2512 325 58 decisions.
1676 2512 115 58 Ed.
1827 2513 82 71 by
1941 2512 277 58 William
2256 2512 183 57 Mack

586 2589 1853 75 … and Donald J. Kiser … v. 39. [Master and servant
519 2673 62 53 to
614 2669 166 74 May]
852 2668 153 57 New
1031 2668 193 74 York,
1258 2668 128 57 The
1417 2668 339 57 American
1786 2669 120 55 law
1934 2668 159 57 book
2127 2688 84 38 co.;
519 2668 1898 150 London,
689 2744 433 59 Butterworth
1153 2745 48 57 &
1229 2766 106 52 co.,
1369 2747 166 56 1925.

511 2821 1061 55 4 p. l., v-xii, 1397 p. front. (port.) 26½cm.
443 2877 53 53 ©
525 2880 107 43 Dec.
661 2880 67 51 28,
761 2877 130 54 1925;
920 2879 66 43 2c.
1016 2879 87 43 and
1131 2879 78 43 aff.
1240 2879 99 52 Jan.
1368 2879 68 52 23,
1471 2878 129 53 1926;
1632 2879 43 42 A
1706 2877 188 53 879366;
1927 2877 245 44 American
2202 2877 87 43 law
2321 2876 120 44 book

511 2950 68 30 CO.

446 3032 208 75 Craig,
695 3033 295 58 Clarence
1031 3033 260 58 Tucker.

588 3121 1848 75 … The Christian’s personal religion; an elective course
443 3197 1998 77 for young people, by Clarence Tucker Craig … New
442 3277 192 73 York,
665 3276 372 73 Cincinnati,
1067 3280 131 58 The
1228 3279 349 58 Methodist
1600 3279 159 59 book
1789 3296 262 41 concern
2117 3279 166 71 [1925]

517 3356 78 43 122
619 3369 39 38 p.
723 3357 50 45 19
778 3358 47 17 cm
834 3392 6 6 .
910 3355 211 53 (Studies
1149 3356 44 45 in
1221 3356 230 46 Christian
1477 3355 169 53 living)

515 3412 277 51 “Approved
822 3414 61 49 by
913 3413 76 44 the
1024 3413 272 46 Committee
1328 3430 57 29 on
1419 3412 282 46 curriculum
1733 3413 53 43 of
1819 3413 73 43 the
1927 3413 154 44 Board
2114 3413 52 44 of

2201 3411 239 47 education
443 3469 51 44 of
520 3468 75 45 the
624 3468 256 46 Methodist
908 3468 245 52 Episcopal
1180 3470 172 44 church."

443 3520 57 54 ©
530 3523 109 42 Dec.
667 3522 66 51 23,
768 3521 130 53 1925;
930 3522 65 44 2c.
1026 3523 87 43 and
1141 3523 79 43 aff.
1249 3523 99 52 Jan.
1380 3522 36 52 4,
1450 3522 129 53 1926;
1613 3523 43 42 A
1687 3520 189 53 875700;
1912 3521 48 44 C.
1990 3520 55 46 T.
2080 3520 149 55 Craig,
514 3520 1906 102 Cincinnati.
690 3578 214 54 (26-881)

450 3674 288 70 Cunliffe,
780 3675 170 59 John
985 3675 299 74 William,
1324 3679 190 57 1865-
1671 3677 91 57 ed.

528 3766 281 73 Century
849 3767 296 74 readings
1188 3768 107 57 for
1336 3788 39 37 a
1416 3786 218 39 course
1675 3768 68 57 in
1784 3765 268 75 English
2093 3765 349 75 literature,

452 3843 1991 75 edited and annotated by J. W. Cunliffe … J. F. A. Pyre
518 3920 1845 76 … Karl Young … New York, The Century co., 1926.
