2542 4285
1111 4008 147 56 1377

208 388 370 68 Alexander,
619 386 213 59 Helen.

290 476 128 58 The
471 475 584 58 Helen-Alexander
1108 474 150 57 cook
1310 475 173 56 book.
1567 474 150 56 New
1770 474 189 70 York,
212 475 1952 137 Maddox

360 553 48 59 &
436 553 188 71 Gray,
654 553 164 56 1926.

279 629 623 56 vi p, 1 l., 216 p. 19½ cm .
208 687 52 53 ©
289 688 118 44 Nov.
433 688 65 49 27,
533 686 126 52 1926;
690 687 63 42 2c.
785 687 85 42 and
898 687 79 42 aff.
1009 687 117 42 Nov.
1156 686 77 51 29;
1265 685 42 43 A
1337 684 188 53 957279;
1558 685 204 44 Maddox
1792 686 38 43 &
1861 685 134 53 Gray.

284 742 266 57 (26-21885)

209 844 125 56 The
369 843 331 57 American
735 842 252 72 journal
1021 842 67 57 of
1119 842 282 73 hygiene.

284 935 127 56 The
449 934 223 58 School
705 934 66 57 of
804 934 264 72 hygiene
1104 936 124 55 and
1260 934 209 71 public
1500 934 214 56 health
1749 933 66 57 of
1849 934 103 57 the
1989 933 202 58 Johns

204 1012 286 71 Hopkins
515 1012 366 72 university.
945 1012 363 72 Baltimore,
1334 1012 146 71 Md.,
1508 1012 126 55 The
1661 1011 335 57 American
203 1011 1963 136 journal

339 1090 66 57 of
436 1090 282 72 hygiene,
754 1092 163 55 1926.

273 1167 59 51 iii,
377 1164 52 46 55
476 1181 37 37 p.
588 1166 128 51 illus.,
765 1167 139 52 plans.
978 1166 53 44 26
1038 1170 47 17 cm
1091 1202 8 8 .
1169 1165 140 54 ([The
1355 1166 246 43 American
1646 1165 180 53 journal
1872 1166 51 44 of
1968 1165 219 54 hygiene;

200 1224 322 53 monographic
554 1224 149 43 series,
763 1239 70 28 no.
865 1222 38 54 6,
939 1223 274 53 September,
1249 1222 147 54 1926])

203 1278 52 54 ©
289 1279 120 54 Sept.
444 1279 63 54 15,
539 1280 128 52 1926;
699 1282 63 42 2c.
796 1282 109 43 Dec.
933 1281 52 52 2;
1018 1281 78 43 aff.
1129 1281 109 43 Dec.
1274 1282 46 50 1;
1355 1281 42 42 A
1429 1279 189 53 958203;
1650 1279 244 45 American
1926 1280 181 53 journal
2140 1281 51 44 of

270 1337 203 53 hygiene.

203 1436 373 73 Augustana
608 1438 214 73 synod.

277 1528 129 60 The
449 1530 254 72 hymnal
744 1532 124 58 and
911 1530 186 61 order
1142 1532 69 57 of
1254 1530 254 72 service,
1555 1529 363 62 authorized
1959 1533 84 72 by
2085 1532 104 59 the

199 1603 403 76 Evangelical
648 1606 321 59 Lutheran
1014 1609 374 71 Augustana
1436 1607 213 73 synod.
1736 1608 172 58 Rock
1953 1609 236 73 Island,

199 1684 115 72 Ill.,
342 1682 373 76 Augustana
744 1685 159 59 book
933 1702 261 41 concern
1227 1685 181 72 [1926]

271 1763 106 47 1134
403 1778 41 36 p.
508 1763 144 45 13½™.

195 1816 57 54 ©
280 1818 117 43 Mar.
426 1818 66 50 31,
522 1816 128 52 1926;
678 1818 65 41 2c.
771 1817 101 44 Oct.
899 1815 78 53 25;
1007 1817 78 42 aff.
1116 1816 101 44 Oct.
1243 1815 79 52 26;
1353 1816 44 42 A
1423 1815 189 54 950652;
1641 1817 270 53 Augustana
1936 1820 121 43 book
268 1834 1898 84 concern.
454 1873 267 55 (26-20996)

200 1974 275 72 Ballard,
516 1973 230 59 Frank.

275 2068 129 58 The
444 2069 282 71 mystery
770 2066 68 57 of
880 2065 455 74 painlessness;
1381 2086 80 40 an
1505 2067 226 73 appeal
1773 2071 63 56 to
1879 2071 185 71 facts,
2107 2073 82 71 by

197 2143 1921 74 Frank Ballard … with foreword by S. Parkes Cadman …
196 2224 150 58 New
394 2222 188 72 York,
635 2221 268 74 Chicago
955 2253 12 41 [
972 2223 130 72 etc.]
1154 2221 287 74 Fleming
1488 2223 78 57 H.
1620 2224 215 59 Revell
1883 2245 303 56 company

198 2333 12 42 [
211 2310 20 22 c
235 2303 147 56 1926]

265 2380 51 47 95
354 2393 40 38 p.
457 2379 53 45 19½
540 2381 47 19 cm
593 2414 9 9 .

264 2437 76 45 An
389 2435 309 52 appreciation
748 2435 52 43 of
848 2434 74 44 the
972 2433 263 46 benevolent
1284 2436 196 44 marvels
1533 2436 54 45 of
1638 2450 87 31 our
1775 2438 122 52 daily
1945 2440 242 48 existence.

196 2495 58 48 cf.
285 2508 41 35 p.
357 2496 66 45 94.

196 2547 54 54 ©
279 2548 119 53 Sept.
431 2549 61 49 11,
528 2547 126 50 1926;
686 2546 64 42 2c.
780 2545 86 43 and
894 2545 78 42 aff.
1004 2544 100 44 Oct.
1133 2543 79 52 27;
1245 2543 44 43 A
1320 2543 189 54 949746;
1543 2545 208 55 Fleming
1781 2549 61 44 H.
1875 2550 159 45 Revell
2063 2568 64 29 co.

274 2603 269 56 (26-21513)

197 2703 327 72 Barbarin,
564 2702 288 74 Georges.

198 2791 1967 155 … De la rose a Partichaut, suivi de Petite ville. Paris, E. Flammarion [ c 1926]
267 2946 1340 57 247 p., 1 l. 18½ cm . (“La première œuvre.” [VII])
194 3003 1851 58 © May 20, 1926; 1c. June 3; A—Foreign 31991; Ernest Flammarion.
273 3063 267 57 (26-21646)

195 3163 328 71 Barbusse,
570 3162 213 68 Henri,
834 3164 188 57 1874-

342 3251 1844 80 … Trois films: Force—L’au-delà—Le crieur. Paris,
197 3335 71 57 E.
302 3331 425 60 Flammarion
764 3360 13 44 [
779 3339 19 22 c
801 3330 163 73 1926]

265 3410 454 55 246 p., 1 l. 19 cm .
268 3470 73 44 On
373 3482 159 31 cover:
562 3464 38 47 5.
627 3465 136 45 mille.

194 3519 1843 60 © Oct. 7, 1926; 1c. Oct. 11; A—Foreign 31992; Ernest Flammarion.
271 3579 269 59 (26-21645)

194 3667 211 72 Black,
438 3665 300 73 Dorothy.

272 3760 127 57 The
433 3759 122 72 girl
582 3756 152 58 with
766 3756 259 72 painted
1056 3754 139 72 lips.

265 3840 80 51 (In
377 3838 238 50 All-story
645 3834 255 52 magazine,
932 3834 110 51 Oct.,
1075 3833 127 51 1926)

193 3887 1988 64 © 1c. Nov. 26, 1926; A ad int. 8767; pubd. Oct. 1; D. Black, Rangoon,
263 3953 183 50 Burma,
489 3949 140 45 India.
