2542 4285
0 0 0 0 1070
484 525 358 55 Lining-papers
868 523 260 46 illustrated
1155 524 46 46 in
1228 523 141 45 color.

485 593 151 46 “First
663 593 215 47 edition.”

416 664 53 54 ©
499 665 118 53 Sept.
645 667 36 50 3,
711 666 107 43 1926;
867 666 64 43 2c.
963 664 119 53 Sept.
1109 666 27 41 2;
1188 665 78 44 aff.
1297 664 121 53 Sept.
1444 664 25 43 8;
1522 664 45 42 A
1591 661 162 46 901845;
1807 664 48 42 Z.
1884 662 134 54 Grey,
2043 661 194 52 Avalon,
2266 658 136 47 Calif.

496 722 268 56 (26-16667)

414 821 241 73 Grulee,
696 821 271 59 Clifford
1003 821 294 71 Groselle,
1340 823 189 57 1880-

555 909 1847 78 … The newborn; physiology and care, by Clifford G.
412 989 1993 71 Grulee … and Barnet E. Bonar … New York, London,
410 1071 75 61 D.
515 1071 318 72 Appleton
861 1073 124 56 and
1015 1089 324 53 company,
1371 1070 164 56 1926.

414 1156 1971 113 xvi, 258 p. illus., diagrs. 25 cm . (Clinical pediatrics … supervising editor,
526 1216 666 52 R. S. Haynes … vol. II)
485 1284 327 53 Bibliography
838 1293 46 36 at
910 1288 84 43 end
1021 1286 52 44 of
1099 1287 109 44 each
1234 1284 199 50 chapter.

416 1353 56 53 ©
510 1353 119 53 Sept.
661 1353 67 50 24,
765 1351 128 52 1926;
928 1352 63 42 2c.
1024 1351 88 43 and
1144 1352 78 42 aff.
1260 1349 120 53 Sept.
1409 1351 80 51 28;
1525 1350 45 42 A
1603 1350 187 52 949223;
1829 1351 57 42 D.
1921 1349 230 54 Appleton
2184 1350 38 44 &
2254 1363 66 30 co.

497 1409 269 56 (26-16691)

414 1512 286 68 Gutherz,
747 1509 336 73 Siegfried,
1130 1512 189 56 1881-

492 1603 128 56 Der
664 1599 349 74 partialtod
1052 1599 66 59 in
1161 1598 448 59 funktioneller
1650 1598 447 72 betrachtung;
2145 1596 99 61 ein
416 1597 1970 151 beitrag
588 1697 109 37 zur
726 1677 169 58 lehre
924 1696 124 37 von
1077 1680 118 56 den
1221 1675 493 73 unspezifischen
1745 1675 514 71 reizwirkungen,
2288 1693 123 38 von

417 1752 1991 73 dr. med. S. Gutherz … Mit 10 textfiguren. Jena, G.
416 1831 279 72 Fischer,
724 1832 166 57 1926.

518 1919 546 55 v, 66 p. illus. 24 ½c m .
489 1977 289 48 “Literatur”
796 1993 8 28 :
834 1992 41 38 p.
902 1977 152 44 63-66.

420 2033 53 54 ©
497 2036 97 51 Jan.
620 2036 38 47 2,
688 2035 129 51 1926;
873 2050 35 27 1c.
939 2036 111 51 May
1076 2035 49 52 4;
1155 2035 45 42 A
1200 2034 259 54 —Foreign
1485 2035 159 52 30960;
1677 2034 173 45 Gustav
1874 2033 199 46 Fischer.

499 2091 269 55 (26-16214)

418 2191 369 70 Hammond,
834 2191 171 59 John
1044 2190 355 75 Winthrop.

490 2286 60 56 A
581 2282 312 76 magician
930 2287 68 57 of
1034 2286 256 72 science,
1326 2285 103 59 the
1465 2287 182 72 boys’
1682 2286 113 59 life
1831 2287 68 58 of
1937 2284 357 75 Steinmetz,
2330 2287 83 71 by

413 2361 1999 74 John Winthrop Hammond … New York and London,
417 2440 128 61 The
580 2440 279 74 Century
889 2459 85 42 co.
1011 2471 13 42 [
1025 2449 20 21 c
1048 2441 166 72 1926]

484 2518 61 53 xi,
577 2519 82 44 210
691 2532 41 38 p.
795 2518 155 49 front.,
983 2533 72 36 pl.,
1088 2524 142 46 ports.
1295 2518 145 43 19½cm.
1557 2516 121 52 $1.75

421 2572 53 54 ©
505 2573 118 53 Sept.
650 2574 65 51 24,
747 2573 105 43 1926;
904 2574 63 42 2c.
996 2573 88 43 and
1110 2572 78 44 aff.
1220 2571 121 54 Sept.
1363 2571 55 44 27;
1472 2573 45 42 A
1544 2571 163 45 950218;
1765 2571 201 55 Century
1994 2588 65 30 co.

501 2628 270 58 (26-16676)

420 2730 265 73 Harper,
726 2729 283 60 William
1044 2728 200 71 Allen,
1288 2732 190 57 1880-

496 2822 100 56 An
656 2821 359 73 integrated
1076 2840 302 55 program
1438 2822 69 57 of
1565 2818 299 77 religious
1926 2821 346 75 education,
2332 2824 82 71 by

415 2900 1997 78 W. A. Harper … New York, The Macmillan company,
417 2982 163 59 1926.

489 3055 640 55 7 p. l. , 13-152 p. 19½ cm .
491 3113 327 54 Bibliography
852 3122 45 35 at
933 3114 85 43 end
1053 3113 52 44 of
1141 3113 108 44 each
1285 3112 197 52 chapter.

420 3168 55 54 ©
503 3169 120 52 Sept.
646 3170 67 49 21,
742 3168 130 52 1926;
897 3169 66 42 2c.
990 3168 88 43 and
1103 3168 79 44 aff.
1213 3167 121 53 Sept.
1360 3168 77 52 22;
1468 3168 42 43 A
1536 3166 189 55 950135;
1756 3169 269 44 Macmillan
2049 3185 68 29 co.

502 3226 269 55 (26-16612)

425 3326 256 71 Harvey
714 3324 250 73 society,
1002 3325 151 58 New
1194 3325 187 57 York.

503 3404 129 56 The
668 3403 261 72 Harvey
962 3404 286 69 lectures,
1289 3403 317 58 delivered
1642 3405 198 56 under
1878 3405 103 57 the
2023 3405 285 71 auspices
2350 3406 68 57 of

425 3482 102 56 the
557 3481 263 71 Harvey
848 3481 235 71 society
1112 3481 67 57 of
1208 3482 153 56 New
1384 3481 189 72 York,
1605 3483 202 56 under
1835 3483 102 56 the
1966 3486 349 69 patronage
2349 3484 66 56 of

425 3560 103 56 the
568 3559 151 57 New
758 3559 173 56 York
972 3560 300 70 academy
1310 3559 68 57 of
1414 3558 322 74 medicine,
1780 3561 358 72 1924-1925,
2180 3562 82 71 by
2365 3579 47 39 Dr.

429 3636 60 58 S.
530 3638 67 54 P.
635 3635 68 57 L.
745 3636 330 74 Sörensen,
1114 3637 108 56 Dr.
1263 3637 280 57 William
1584 3637 183 58 Snow
1806 3638 228 72 Miller,
2071 3639 110 57 Dr.
2223 3639 74 56 A.
2338 3639 78 57 V.

425 3714 1991 75 Hill [and others] … Series 20. Philadelphia, London
428 3795 145 70 [etc.]
607 3793 59 55 J.
698 3791 72 57 B.
802 3791 364 72 Lippincott
1201 3810 307 54 company
1541 3823 14 42 [
1555 3800 20 22 c
1579 3794 162 75 1926]

492 3867 82 45 207
607 3883 38 37 p.
706 3868 155 52 plates,
895 3869 156 50 tables,
1086 3869 166 53 diagrs.
1314 3870 51 43 21
1375 3872 47 18 cm
1428 3905 9 8 .

427 3923 53 54 ©
514 3924 106 54 July
651 3925 67 52 20,
756 3926 129 51 1926;
919 3926 64 42 2c.
1015 3926 89 43 and
1138 3927 78 43 aff.
1254 3927 101 43 Oct.
1395 3928 73 51 13;
1505 3928 45 42 A
1582 3925 188 55 950422;
1805 3928 41 52 J.
1882 3928 51 45 B.
1968 3928 258 53 Lippincott
2257 3944 67 29 co.
