2542 4285
1065 4024 148 58 1191

139 404 228 72 Swezy,
408 401 263 59 Isabelle
713 399 205 60 Clark.

213 494 109 72 My
351 494 198 70 candy
575 491 236 71 recipes;
873 489 184 71 being
1085 508 36 37 a
1148 487 157 58 book
1332 487 66 59 of
1429 486 218 72 simple
1678 487 121 56 and
1831 489 284 55 accurate

137 571 236 71 recipes
422 571 122 56 and
587 567 334 58 directions
968 564 197 58 which
1210 565 53 56 if
1308 563 306 72 carefully
1659 563 288 58 followed
1993 563 125 57 will

136 650 269 71 produce
448 646 246 58 candies
738 644 68 58 of
845 643 198 57 which
1085 661 239 52 anyone
1365 640 200 73 might
1605 641 72 57 be
1720 641 220 70 proud.
2021 639 97 73 By

137 725 263 58 Isabelle
437 722 185 60 Clark
658 722 229 71 Swezy.
974 719 274 74 [Seattle,
1279 717 235 72 Wash.,
1544 726 20 22 c
1566 717 164 73 1926]

205 798 583 57 2 p. l. , 7-59 p. 19½c m .
133 858 55 53 ©
213 859 118 52 Aug.
361 859 63 50 11,
453 857 126 52 1926;
608 857 63 43 2c.
700 856 118 51 Aug.
849 853 74 53 17;
952 854 78 43 aff.
1062 852 121 54 Sept.
1209 853 52 51 4;
1291 852 43 43 A
1361 849 190 54 901872;
1582 851 35 43 I.
1649 848 49 46 C.
1728 849 173 53 Swezy,
1933 848 181 47 Seattle.

213 913 268 57 (26-17887)

139 986 220 69 Swick,
401 985 273 58 Edward
709 983 274 73 Lynden,
1026 984 188 57 1872-

214 1069 1906 78 The key to health, by Dr. E. L. Swick … Los Angeles,
139 1153 205 69 Calif.,
379 1151 457 59 International
870 1151 237 57 bureau
1145 1149 67 57 of
1248 1148 212 57 health
1498 1146 342 72 education,
1878 1147 165 57 1925.

207 1226 1132 57 3 p. l., [9]-152, [1] p. 2 port. on 1 pl. 23 cm
137 1286 53 54 ©
219 1288 108 43 Dec.
359 1288 61 50 12,
453 1285 127 52 1925;
609 1286 66 44 2c.
705 1286 118 52 Aug.
855 1285 67 50 30,
955 1283 128 52 1926;
1115 1283 79 43 aff.
1227 1281 120 53 Sept.
1380 1281 77 52 30;
1490 1281 43 43 A
1562 1278 188 54 949452;
1785 1279 52 47 E.
1869 1280 49 43 L.
1954 1278 162 53 Swick,

207 1345 248 51 Pasadena,
494 1343 131 45 Calif.
695 1340 269 56 (26-17891)

140 1413 204 73 Swift,
378 1412 321 73 Marjorie.

211 1504 168 58 Feed
411 1504 102 57 the
546 1504 200 69 brute,
780 1502 83 72 by
896 1500 305 72 Marjorie
1239 1498 186 61 Swift
1461 1500 122 58 and
1621 1497 315 61 Christine
135 1500 1962 140 Terhune

133 1576 1966 153 Herrick … New York, Frederick A. Stokes company, 1926.
203 1729 85 46 xiii
316 1746 55 39 p.,
402 1733 19 42 1
470 1768 22 16 l.,
523 1730 80 46 174
626 1745 42 39 p.
730 1731 51 44 19½cm.

206 1785 129 49 “The
364 1787 221 55 majority
614 1787 54 44 of
698 1787 79 44 the
807 1786 173 54 recipes
1013 1786 135 56 given
1182 1788 44 43 in
1260 1785 90 46 this
1383 1785 188 46 volume
1602 1801 79 31 are
1712 1785 136 44 taken
1888 1785 125 45 from
2048 1786 77 44 the

137 1843 119 46 New
289 1858 215 30 common
539 1859 132 30 sense
705 1843 45 43 in
785 1843 78 45 the
897 1841 261 46 household
1192 1843 60 54 by
1286 1840 187 46 Marion
1512 1842 213 45 Harland
1762 1842 90 46 and
1892 1841 233 47 Christine

135 1897 220 46 Terhune
384 1898 243 46 Herrick.”

135 1954 55 54 ©
216 1957 99 43 Oct.
341 1955 38 53 7,
407 1957 129 52 1926;
560 1956 64 44 2c.
652 1956 100 44 Oct.
783 1956 73 53 14;
881 1957 80 43 aff.
989 1956 100 44 Oct.
1119 1957 75 52 13;
1221 1956 43 43 A
1290 1954 189 54 950461;
1507 1954 247 45 Frederick
1778 1956 57 44 A.
1867 1955 163 47 Stokes
2057 1971 63 28 co.

215 2012 268 55 (26-18017)

142 2083 216 72 Taber,
399 2084 292 58 Clarence
727 2084 264 73 Wilbur,
1030 2086 181 59 1870-

283 2161 1775 74 … The business of the household, by C. W. Taber …
138 2238 150 59 with
338 2240 103 57 the
493 2239 343 59 assistance
889 2240 68 58 of
1007 2240 103 58 the
1160 2239 321 74 following
1532 2239 424 73 professional
2006 2240 122 58 and

140 2317 1966 152 technical experts: S. Maria Elliott … and Mary B. Stocking …
374 2394 1753 75 Ninian H. Welch … William A. Durgin … 3d ed.
142 2491 124 40 rev.
349 2473 455 72 Philadelphia,
848 2473 259 58 London
1154 2476 146 71 [etc.]
1348 2473 60 59 J.
1453 2473 71 57 B.
1567 2473 362 72 Lippincott
139 2492 1967 131 company
345 2580 14 44 [
360 2561 18 21 c
382 2552 163 72 1926]

210 2628 78 54 xii,
312 2627 83 46 456
416 2643 40 38 p.
517 2628 128 54 illus.,
670 2628 95 45 fold.
802 2627 159 55 diagr.,
989 2628 144 45 forms
1158 2627 48 55 (1
1234 2627 136 54 fold.)
1435 2629 52 43 21½cm.
1654 2627 320 55 (Lippincott’s
1999 2628 132 45 home

141 2684 214 53 manuals,
386 2686 67 44 ed.
479 2686 61 53 by
568 2685 50 44 B.
649 2686 54 43 R.
732 2683 253 56 Andrews)

212 2741 326 46 “References”
564 2750 45 37 at
636 2742 78 47 the
741 2742 83 45 end
851 2741 51 45 of
928 2748 117 39 most
1070 2741 52 45 of
1148 2740 75 46 the
1249 2740 220 54 chapters.

141 2797 53 54 ©
226 2800 118 52 Aug.
376 2799 40 51 4,
451 2798 127 53 1926;
611 2799 64 43 2c.
710 2799 86 43 and
830 2799 78 43 aff.
944 2799 101 44 Oct.
1083 2799 75 52 13;
1194 2798 43 43 A
1273 2797 187 54 950426;
1497 2799 39 52 J.
1573 2799 49 42 B.
1660 2798 254 52 Lippincott
1948 2813 64 28 co.

217 2855 268 56 (26-17888)

144 2924 245 74 Tipton,
422 2928 151 57 Mrs.
609 2926 182 59 Edna
832 2925 272 75 (Sibley)
1148 2929 189 57 1885-

216 3005 190 58 Table
444 3002 235 59 service
717 3002 103 59 for
857 3004 104 59 the
998 3004 268 71 hostess,
1302 3005 83 70 by
1423 3004 184 57 Edna
1647 3002 212 74 Sibley
1899 3003 226 72 Tipton

206 3080 1919 76 … New York, London, D. Appleton and company, 1926.
209 3155 50 44 xi
282 3170 54 39 p.,
364 3157 19 42 1
428 3190 22 17 l.,
479 3156 89 53 128,
595 3157 54 47 [1]
676 3170 41 39 p.
779 3157 158 54 front.,
963 3156 160 54 plates.
1186 3159 50 44 19½cm.

142 3211 53 54 ©
225 3213 99 44 Oct.
353 3214 37 50 8,
425 3213 104 44 1926;
582 3214 65 43 2c.
680 3214 100 44 Oct.
814 3215 73 52 12;
919 3216 79 44 aff.
1031 3216 101 43 Oct.
1166 3216 73 52 13;
1272 3216 44 42 A
1346 3214 188 54 950433;
1569 3216 56 43 D.
1657 3215 226 53 Appleton
1914 3216 37 43 &
1979 3231 64 28 co.

219 3269 269 56 (26-18013)

146 3340 284 71 Travers,
471 3340 190 59 Louis
699 3342 225 73 Elmer,
967 3345 189 58 1898-

218 3418 59 57 A
310 3421 258 56 modern
601 3438 217 40 course
854 3421 65 56 in
951 3422 204 57 model
1190 3422 241 72 cutting
1466 3423 122 56 and
1624 3421 145 59 shoe
1803 3423 330 75 designing

213 3498 1920 76 … as conducted by the Brooklyn school of shoe designing,
143 3574 251 58 written
421 3576 123 56 and
572 3575 303 71 compiled
903 3577 82 70 by
1011 3576 66 56 L.
1110 3576 214 57 Elmer
1351 3577 273 58 Travers
1654 3578 122 58 and
1804 3578 108 57 Dr.
1943 3578 190 60 Louis

144 3651 79 58 H.
253 3652 269 58 Werner.
606 3673 56 37 v.
696 3655 51 55 1.
824 3654 271 74 [Boston,
1129 3655 210 73 Mass.]
1376 3655 127 57 The
1540 3655 122 58 Gill
1693 3656 437 74 publications,

143 3729 137 75 inc.,
311 3738 20 22 c
334 3731 165 56 1926.

214 3806 1287 57 3 p. l. , 161 p., 1 l. illus., diagrs. (part fold.) 27½cm.
144 3861 54 54 ©
226 3862 120 54 Sept.
373 3864 68 51 23,
472 3864 103 43 1926;
627 3865 64 43 2c.
717 3866 86 43 and
829 3865 78 44 aff.
938 3864 120 54 Sept.
1086 3864 53 45 27;
1193 3867 44 42 A
1266 3864 164 47 950380;
1485 3868 49 42 L.
1563 3866 52 48 E.
1643 3866 201 46 Travers
1873 3869 86 43 and
1990 3869 48 43 L.
2068 3870 63 45 H.

214 3921 208 53 Werner,
459 3921 243 53 Brooklyn.
771 3921 268 56 (26-17886)
