2542 4285
1053 4037 147 55 1321

127 427 406 71 MacDonald,
570 424 294 68 William,
904 425 188 57 1863-
1249 423 91 58 ed.

203 518 462 68 Documentary
701 533 215 39 source
951 512 158 59 book
1147 513 68 58 of
1249 511 334 57 American
1620 511 265 71 history,
129 511 1984 157 1606-1926,

330 595 208 60 edited
567 593 153 56 with
753 595 178 54 notes
966 592 83 70 by
1080 589 279 59 William
1395 588 407 57 MacDonald.
1883 587 80 57 3d
1999 587 113 70 ed.,

129 692 123 39 rev.
288 673 121 57 and
442 672 110 57 enl.
637 670 150 56 New
815 668 190 72 York,
1042 668 127 57 The
1202 666 358 58 Macmillan
1591 682 322 54 company,
1945 665 166 56 1926.

195 749 82 43 xiii
305 767 56 37 p.,
395 751 17 41 1
463 783 20 17 l.,
515 747 77 44 713
623 761 40 38 p.
721 746 54 45 20½
829 748 28 18 cm
863 780 9 9 .

125 805 52 54 ©
203 807 117 42 Nov.
347 808 39 49 9,
415 805 104 42 1926;
567 805 65 42 2c.
661 804 117 42 Nov.
810 803 72 51 10;
912 802 77 44 aff.
1017 802 118 43 Nov.
1165 802 47 42 11;
1270 801 44 43 A
1340 798 189 54 957029;
1560 797 266 45 Macmillan
1850 812 66 29 co.

203 861 267 56 (26-20331)

127 947 373 71 Mackenzie,
537 947 107 59 Sir
677 946 230 68 James,
945 947 357 57 1853-1925.

201 1042 128 57 The
353 1038 170 61 basis
550 1041 67 57 of
639 1038 157 59 vital
823 1037 260 73 activity;
1137 1035 185 75 being
1348 1058 36 38 a
1410 1033 226 62 review
1661 1037 68 58 of
1751 1034 120 59 five
1889 1037 222 70 years’

122 1119 171 59 work
318 1123 65 55 at
407 1118 103 59 the
539 1118 89 58 St.
655 1117 305 58 Andrews
986 1113 288 61 institute
1300 1117 103 56 for
1428 1113 243 60 clinical
1697 1114 308 69 research,
2030 1113 82 71 by

125 1189 1988 75 Sir James Mackenzie … London, Faber & Gwyer ltd.,
124 1275 165 57 1926.

196 1353 79 44 132
301 1366 41 35 p.
403 1349 117 45 illus.
579 1349 55 44 20
638 1352 16 19 cm
692 1386 7 7 .

196 1408 151 45 “Note
373 1409 59 48 by
458 1409 80 43 Dr.
567 1406 121 44 Orr”:
741 1420 41 35 p.
814 1404 201 46 108-125.

124 1456 1988 58 © 1c. Apr. 29, 1926; A ad int. 8191; pubd. Mar. 2; J. B. Lippincott co.,
196 1517 323 53 Philadelphia.
588 1513 270 57 (26-20855)

128 1589 328 72 Maynard,
498 1587 333 71 Theodore,
876 1589 188 55 1890-
1221 1605 193 54 comp.

202 1681 130 60 The
360 1680 159 59 book
548 1681 67 58 of
641 1679 260 58 modern
936 1678 281 60 Catholic
1243 1696 200 54 verse,
1475 1678 303 72 compiled
1807 1680 83 72 by
125 1678 1964 140 Theodore

303 1758 330 72 Maynard.
714 1755 152 60 New
895 1755 191 72 York,
1118 1756 79 59 H.
1232 1756 157 60 Holt
1419 1757 123 58 and
1575 1773 303 57 company
1913 1785 12 44 [
1926 1764 19 21 c
1949 1757 165 72 1926]

193 1837 130 50 xxiii,
356 1834 78 47 365
467 1851 39 34 p.
564 1836 151 42 21½cm.

127 1889 52 54 ©
210 1891 117 43 Nov.
358 1891 38 50 8,
429 1890 106 43 1926;
588 1890 63 42 2c.
683 1889 86 43 and
798 1889 77 43 aff.
909 1888 117 43 Nov.
1062 1888 74 52 10;
1168 1888 44 42 A
1242 1886 189 54 950881;
1465 1887 55 45 T.
1553 1889 237 52 Maynard,
1824 1890 117 44 New
1972 1890 142 44 York.

204 1945 267 57 (26-20356)

127 2020 156 70 Mill,
325 2019 168 58 John
534 2019 235 69 Stuart,
811 2020 355 57 1806-1873.

202 2110 94 59 On
346 2108 246 73 liberty,
641 2109 123 59 and
816 2109 177 57 other
1045 2127 236 53 essays,
1330 2110 82 71 by
1461 2109 169 59 John
1680 2110 222 58 Stuart
1951 2110 168 73 Mill;

129 2186 1991 74 with an introduction by Emery E. Neff … New York,
132 2266 128 57 The
295 2264 356 58 Macmillan
684 2283 321 53 company,
1039 2263 166 58 1926.

200 2341 1858 56 xix p., 2 l., 3-311 p. incl. front. 18½ cm . (The modern readers’ series)
461 2436 7 7 CONTENTS.
475 2399 128 44 —On
635 2397 585 55 liberty.—Nature.—The
1252 2398 253 52 subjection
1537 2400 51 43 of
1619 2414 188 29 women.

125 2455 55 54 ©
205 2457 117 43 Nov.
348 2457 69 51 23,
444 2456 127 51 1926;
599 2456 63 42 2c.
691 2456 85 43 and
803 2456 77 42 aff.
910 2455 118 43 Nov.
1054 2455 78 52 24;
1162 2456 44 42 A
1232 2453 163 46 957235;
1453 2456 265 44 Macmillan
1742 2471 65 30 co.

205 2511 268 57 (26-26552)

133 2594 256 73 Montet,
430 2582 298 70 Édouard
765 2593 207 73 Louis,
1013 2597 189 56 1856-

273 2681 1849 74 … Histoire du peuple d’Israël depuis les origines
130 2756 255 76 jusqu’à
412 2760 132 55 l’an
574 2759 70 57 70
676 2758 182 72 après
890 2758 157 59 J.-C.
1131 2759 205 73 Paris,
1368 2759 223 72 Payot,
1623 2761 166 56 1926.

202 2835 1923 56 3 p. l., [9]-196, [10] p. illus. (incl. facsim.) plates. 23 cm . (Bibliothèque
132 2893 273 54 historique)

201 2959 64 46 At
294 2957 113 45 head
438 2958 51 44 of
517 2957 121 46 title:
674 2947 214 55 Édouard
921 2958 191 44 Montet.

204 3013 191 45 “Notice
423 3012 415 54 bibliographique”;
899 3027 38 38 p.
974 3012 108 47 [202]

127 3068 1435 55 © Aug. 3, 1926; 1c. Oct. 4; A—Foreign 31973; Payot.
209 3126 267 56 (26-20275)

134 3198 608 71 Montreuil-Straus,
783 3198 346 60 Germaine.

273 3290 1850 76 … La lutte contre la mortalité infantile; hygiène sociale
129 3373 76 56 de
243 3371 330 69 l’enfance,
610 3389 119 53 par
764 3369 57 58 le
861 3372 256 57 docteur
1156 3370 332 60 Germaine
1527 3368 596 62 Montreuil-Straus

198 3445 868 76 … Paris, A. Poinat, 1926.
198 3525 1669 53 2 p. l., iv, 188 p. diagrs. 16 cm . (Bibliothèque de l’infirmière)
132 3577 1539 55 © July 1, 1926; 1c. Sept. 7; A— Foreign 31883; A. Poinat.
209 3635 268 58 (26-20347)

134 3707 202 68 Moon,
374 3709 154 56 Mrs.
566 3708 196 58 Grace
800 3708 252 58 Purdie.

211 3796 290 62 Chi-Weé
533 3802 120 56 and
684 3800 158 56 Loki
869 3804 68 58 of
965 3803 105 58 the
1100 3804 230 70 desert,
1358 3805 83 71 by
1472 3804 197 59 Grace
1702 3804 219 72 Moon;
133 3802 1966 134 illustrated

380 3878 82 72 by
507 3877 149 60 Carl
696 3878 206 58 Moon.
984 3879 251 60 Garden
1281 3880 162 74 City,
1486 3881 74 57 N.
1604 3881 93 73 Y.,
1739 3882 385 72 Doubleday,

133 3951 175 75 Page.
333 3956 47 56 &
410 3973 105 55 co.,
545 3956 166 58 1926.
