2542 4285
1357 3971 151 57 1050

421 371 213 72 Berry,
678 369 236 58 Claude
949 367 240 72 Perrin,
1231 369 190 57 1877-

501 456 1912 73 The law of automobiles, by C. P. Berry … 5th ed.
426 537 287 73 Chicago,
748 535 346 74 Callaghan
1124 537 124 56 and
1277 553 323 53 company,
1630 536 165 55 1926.

490 629 111 53 xliv,
628 628 105 45 1580
756 643 38 39 p.
854 628 55 43 26
916 631 47 18 cm
969 663 8 8 .

421 699 57 54 ©
511 700 119 53 Sept.
664 701 33 50 1,
731 699 129 51 1926;
890 699 66 43 2c.
987 700 87 41 and
1104 698 77 42 aff.
1218 696 121 53 Sept.
1369 697 49 51 4;
1452 696 44 43 A
1527 694 190 54 901767;
1753 693 249 54 Callaghan
2031 695 39 44 &
2098 709 65 29 co.
502 756 269 57 (26-16376)

423 856 373 72 Blackburn,
834 854 302 59 Barbara.

500 948 243 58 Return
766 951 64 53 to
856 947 304 71 bondage,
1184 946 84 70 by
1292 945 289 57 Barbara
1606 942 372 59 Blackburn.
2047 943 151 57 New
2223 942 191 74 York,

422 1026 67 57 L.
519 1024 380 73 MacVeagh,
929 1025 129 57 The
1086 1023 146 57 Dial
1256 1041 201 54 press,
1486 1023 165 56 1926.

492 1103 579 53 5 p. l. , 3-333 p. 19 cm .
426 1158 53 54 ©
507 1159 120 52 Sept.
651 1159 37 49 4,
719 1158 105 43 1926;
874 1159 66 41 2c.
963 1158 88 43 and
1074 1158 78 43 aff.
1181 1156 120 53 Sept.
1326 1157 56 41 22;
1434 1156 45 42 A
1503 1155 165 44 950127;
1721 1155 106 43 Dial
1854 1169 140 38 press,
2023 1154 83 43 inc.
504 1215 269 56 (26-16329)

427 1314 300 74 Bonville,
762 1313 230 71 Frank,
1030 1334 193 54 comp.

507 1403 1914 75 The open door to safe business, compiled … by Prank
428 1485 300 57 Bonville.
802 1484 255 72 Seattle,
1088 1483 285 57 Bonville
1403 1484 239 56 bureau
1672 1483 67 56 of
1767 1482 431 72 information,
2230 1490 19 21 c
2253 1483 165 56 1926.

499 1561 76 44 128
603 1575 41 39 p.
704 1560 145 44 16½cm.

499 1618 123 44 “The
650 1632 193 39 purpose
868 1618 50 44 of
946 1618 87 43 this
1061 1618 120 43 book
1207 1618 35 43 is
1271 1625 49 36 to
1345 1617 232 45 introduce
1606 1616 74 45 the
1708 1618 186 51 99-year
1922 1624 202 37 contract
2154 1616 269 54 system.”—

426 1676 171 43 Introd.

428 1729 1851 114 © Feb. 5, 1926; 2c. and aff. Feb. 11; A 879542; F. Bonville, Seattle. (CA 26-358 Unrev’d)
425 1890 218 69 Booth,
689 1889 257 58 Charles
987 1890 69 59 G.

507 1979 274 59 Sinister
802 1980 194 57 house;
1057 2000 39 38 a
1116 1983 286 69 mystery
1429 1983 178 69 story
1632 1980 67 58 of
1727 1979 300 59 southern
2054 1979 369 74 California,

427 2057 84 73 by
543 2056 258 60 Charles
836 2058 69 59 G.
941 2059 223 57 Booth.
1265 2058 154 58 New
1449 2059 188 73 York,
1671 2059 97 59 W.
1803 2060 277 56 Morrow
2112 2060 123 56 and
426 2079 1976 130 company,
642 2136 138 72 inc.,
813 2138 165 57 1926.

496 2214 527 54 3 p. l. , 302 p. 19½cm.
429 2270 53 54 ©
513 2272 117 53 Sept.
661 2271 63 54 15,
754 2272 128 52 1926;
910 2273 65 43 2c.
1004 2271 121 54 Sept.
1151 2273 79 52 24;
1258 2273 83 44 aff.
1372 2271 121 53 Sept.
1522 2272 74 52 18;
1626 2271 43 44 A
1696 2272 190 53 949201;
1916 2272 210 45 William
2153 2272 207 44 Morrow
2387 2273 39 44 &

500 2346 79 35 co.,
620 2330 82 43 inc.
771 2330 270 54 (26-16334)

427 2429 347 70 Bouchard,
814 2430 291 73 Georges.

427 2520 1977 231 … Vieilles choses, vieilles gens; silhouettes campagnardes. 2. éd., 2. mille. Préface de l’honorable Rodolphe Lemieux … Montréal, Beauchemin, 1926.
502 2757 76 44 192
608 2770 39 39 p.
711 2757 50 44 18
768 2758 48 18 cm
821 2791 9 9 .

428 2811 1999 115 © May 15, 1926; 1c. July 31; A— Foreign 31678; G. Bouchard, Sainte-Anne-de-la-Pecatière, Prov. Québec, Canada. (26-16121)
429 2970 287 70 Bouvier,
761 2971 185 71 John,
993 2974 358 57 1787-1851.

501 3060 347 62 Baldwin’s
883 3061 281 76 Century
1197 3063 234 61 edition
1462 3067 68 58 of
1557 3062 275 61 Bouvier
1847 3068 46 56 ’s
1923 3067 122 55 law
2073 3063 354 74 dictionary

494 3140 1932 75 … revised and brought to date with the addition of more
427 3222 152 59 than
616 3219 97 60 six
745 3220 314 59 thousand
1092 3238 136 40 new
1261 3218 170 62 titles
1469 3223 124 57 and
1626 3220 375 72 definitions,
2033 3223 82 71 by
2147 3219 278 60 William

427 3296 1976 153 Edward Baldwin … New York, The Banks law publishing co., 1926.
497 3452 575 54 3 p. l. , 1245 p. 27½cm.
435 3506 51 55 ©
519 3507 119 54 Sept.
674 3506 60 54 18,
770 3508 130 52 1926;
931 3510 66 41 2c.
1028 3508 87 43 and
1145 3508 80 42 aff.
1260 3505 122 55 Sept.
1412 3508 77 51 21;
1522 3507 45 43 A
1599 3507 188 54 949116;
1821 3507 210 45 William
2063 3506 199 49 Edward
503 3509 1904 108 Baldwin,
640 3566 117 43 New
791 3566 142 43 York.
1003 3563 270 56 (26-16207)

432 3663 315 74 Brackett,
790 3663 275 73 Charles,
1106 3667 190 56 1892-

513 3752 164 58 That
707 3753 128 57 last
866 3752 322 74 infirmity,
1223 3754 84 72 by
1342 3753 258 59 Charles
1637 3755 315 58 Brackett.
2053 3755 151 59 New
2238 3756 191 73 York,

436 3829 128 58 The
593 3830 170 58 John
790 3831 144 72 Day
962 3849 321 56 company,
1316 3834 164 56 1926.

502 3908 595 54 4 p. l. , 311, [1] p. 20 cm .
