2542 4285
1057 3959 109 53 813

110 346 317 69 Curwood,
461 346 210 58 James
706 345 226 70 Oliver,
966 347 147 57 1878–

182 437 128 58 The
349 436 193 58 Black
578 435 281 70 Hunter;
900 454 36 38 a
973 436 182 56 novel
1197 435 69 58 of
1305 434 103 58 old
1449 434 257 72 Quebec,
1747 437 83 69 by
1870 435 217 58 James

105 511 1979 72 Oliver Curwood … Illustrations by Arthur E. Becher.
103 590 149 58 New
274 589 188 71 York,
490 587 466 74 Cosmopolitan
978 589 160 57 book
1162 588 419 73 corporation,
1610 589 164 59 1926.

178 677 1029 56 vii p., 4 l., 393 p. front., plates. 19½cm.
109 748 52 53 ©
192 749 106 53 July
328 749 64 50 20,
429 748 126 51 1926;
590 749 62 42 2c.
688 748 105 51 July
824 747 76 52 22;
937 748 77 43 aff.
1047 747 105 53 July
1182 749 77 50 21;
1296 749 42 41 A
1374 747 186 52 897542;
1599 747 336 53 Cosmopolitan
1965 750 123 43 book

178 805 296 53 corporation.
544 804 266 55 (26-13911)

106 904 89 55 De
199 903 161 72 jean,
398 902 229 58 Pierre.

182 991 1841 74 Actualités métallurgiques … Par Pierre Dejean …
110 1070 1903 76 Préface de M. Albert Sauveur … Paris, Dunod, 1925.
174 1148 63 51 xi,
258 1148 79 43 283
360 1162 39 38 p.
459 1147 131 52 illus.,
612 1147 166 53 diagrs.
837 1147 51 44 25½
926 1150 46 18 cm
979 1183 8 8 .

177 1204 392 53 “Bibliographie”
587 1219 9 28 :
629 1218 39 38 p.
708 1203 220 44 [263]-277.

109 1260 1505 54 © Jan. 25, 1926; 1c. June 21; A—Foreign 31280; Dunod.
189 1318 266 55 (26-14022)

107 1415 262 74 Djörup,
407 1415 334 59 Christian.

185 1506 1837 74 Foreign exchange accounting, by Christian Djörup …
110 1586 148 56 New
288 1585 188 73 York,
508 1585 483 72 Prentice-Hall,
1020 1586 136 72 inc.,
1189 1586 165 57 1926.

178 1665 90 50 xiv,
294 1664 81 42 406
401 1680 38 35 p.
470 1664 97 43 incl.
596 1664 157 50 forms,
778 1663 143 51 diagr.
977 1664 54 42 24
1037 1666 46 17 cm
1088 1699 9 8 .

111 1716 53 54 ©
194 1719 113 51 June
343 1717 61 51 15,
441 1718 127 51 1926;
602 1718 64 43 2c.
699 1719 88 41 and
817 1718 77 42 aff.
926 1717 106 53 July
1062 1717 78 51 20;
1174 1718 44 41 A
1250 1717 188 53 901201;
1477 1718 357 51 Prentice-Hall,
1868 1720 82 42 inc.

191 1774 267 55 (26-13941)

109 1874 127 57 Dos
267 1874 243 68 Passos,
545 1873 182 71 John,
761 1875 187 57 1896-

188 1965 127 57 The
359 1964 273 73 garbage
674 1982 175 53 man;
896 1983 39 37 a
973 1966 239 68 parade
1254 1964 152 57 with
1450 1964 308 73 shouting,
1804 1965 83 71 by
1927 1965 167 58 John

109 2041 1964 151 Dos Passos … New York and London, Harper & brothers,
261 2120 164 57 1926.

178 2194 1688 56 4 p. l., 3-160, [7] p. 20 cm . (On cover: Harper’s modern plays)
180 2254 22 17 “
222 2252 110 44 ‘The
373 2253 198 52 garbage
613 2252 114 42 man’
771 2267 91 28 was
907 2253 222 50 produced
1174 2254 44 41 in
1262 2251 272 53 Cambridge
1578 2253 84 42 and
1709 2252 170 43 Boston
1922 2251 57 52 by
2023 2251 74 44 the

111 2310 214 42 Harvard
357 2308 216 44 dramatic
603 2308 100 43 club
735 2309 41 41 in
805 2308 75 43 the
910 2309 155 51 spring
1093 2308 50 43 of
1175 2306 102 45 1925
1308 2309 143 42 under
1481 2308 74 43 the
1585 2322 129 29 name
1742 2307 52 44 of
1823 2306 110 45 ‘The
1965 2322 130 29 moon

110 2366 34 43 is
176 2382 25 27 a
230 2365 368 53 gong’.”—Note,
631 2378 39 38 p.
707 2363 90 46 159.

110 2420 56 54 ©
190 2421 106 53 July
317 2422 65 49 20,
413 2422 128 50 1926;
566 2422 62 41 2c.
656 2421 106 52 July
790 2420 72 51 16;
887 2421 81 42 aff.
996 2420 106 52 July
1125 2420 77 52 22;
1232 2420 42 42 A
1302 2420 186 50 901223;
1519 2420 39 52 J.
1587 2421 96 42 Dos
1714 2421 180 50 Passos,
184 2420 1892 111 Brooklyn.

340 2478 267 53 (26-13916)

112 2576 283 72 Duthuit,
429 2577 287 72 Georges.

256 2666 1802 73 … Byzance et Part du XIII e siècle. Paris, Stock, 1926.
182 2743 1916 56 2 p. l., [9]-116 p., 4 1. plates. 18½ cm . (On cover: La culture moderne.
131 2800 456 52 [ Nouvelle sér.] I)
116 2855 1982 54 © Mar. 2, 1926; 1c. Apr. 12; A—Foreign 30630; Librairie Stock, Delamain
186 2915 36 43 &
262 2913 276 44 Boutelleau.
606 2912 268 54 (26-14373)

119 3014 127 56 The
275 3013 265 57 Federal
564 3016 304 67 reporter.
940 3013 239 57 Second
1210 3013 211 57 series.
1492 3010 190 59 Cases
1714 3013 237 71 argued
1979 3013 121 56 and

195 3091 385 57 determined
616 3091 66 55 in
720 3091 102 56 the
867 3089 236 58 Circuit
1142 3094 209 52 courts
1393 3089 67 57 of
1501 3090 256 70 appeals
1800 3090 125 56 and
195 3089 1879 136 District

375 3169 207 55 courts
618 3168 66 56 of
718 3168 102 56 the
854 3168 233 57 United
1123 3167 211 58 States
1371 3169 123 55 and
1528 3167 102 57 the
1666 3166 194 57 Court
1897 3167 66 55 of
193 3185 1883 130 appeals

416 3245 66 56 of
530 3245 101 57 the
680 3245 268 57 District
996 3246 66 56 of
1114 3244 340 71 Columbia,
1501 3244 151 56 with
1697 3245 407 71 key-number

196 3322 414 57 annotations,
679 3342 56 36 v.
766 3325 34 54 8
839 3322 134 71 (2d)
1001 3323 356 70 December,
1380 3322 534 71 1925-February,
1935 3322 164 57 1926.

198 3399 89 58 St.
322 3400 176 70 Paul,
531 3399 179 57 West
741 3399 362 72 publishing
1136 3419 105 52 co.,
1278 3401 164 55 1926.

187 3473 896 57 xxiv, 1075 p. front. (map) 26 cm .
120 3529 52 54 ©
199 3533 110 51 Apr.
336 3532 37 51 6,
405 3531 126 51 1926;
561 3532 62 42 2c.
653 3533 118 51 Aug.
800 3534 48 49 7;
879 3534 77 42 aff.
984 3533 118 51 Aug.
1133 3531 46 53 5;
1212 3532 42 42 A
1281 3531 188 52 897714;
1499 3533 131 43 West
1657 3532 100 52 pub.
1785 3547 65 29 co.

117 3631 183 66 Ford,
337 3629 240 60 Walter
610 3632 256 68 Burton,
905 3634 189 57 1874-

198 3723 57 55 A
294 3723 167 56 brief
503 3742 214 38 course
760 3722 62 57 in
865 3724 229 69 college
1138 3724 272 71 algebra,
1450 3725 83 70 by
1573 3723 242 58 Walter
1857 3724 241 57 Burton

122 3800 1978 74 Ford … Rev. ed. New York, The Macmillan company,
124 3880 163 55 1926.
