2609 4293
1119 3950 70 55 65

149 346 250 72 Abbott,
440 345 247 73 Austin,
731 347 355 56 1831-1896.

231 439 128 58 The
388 437 339 73 principles
758 440 124 57 and
909 440 200 56 forms
1141 439 66 57 of
1236 436 272 73 practice
1538 438 65 56 in
1633 435 144 60 civil
1806 436 238 59 actions
2074 436 65 57 in

154 519 207 56 courts
400 516 67 57 of
503 517 221 56 record
758 517 199 56 under
992 515 104 58 the
1133 515 151 56 New
1320 515 174 57 York
1533 513 162 59 Civil
1728 514 276 71 practice
2041 518 96 54 act

153 592 121 59 and
307 592 166 58 rules
506 594 69 56 of
607 590 144 59 civil
781 590 293 73 practice,
1110 590 274 73 adapted
1417 591 130 59 also
1582 595 64 54 to
1681 592 181 57 codes
1898 593 67 55 of
151 611 1961 117 procedure

413 671 124 56 and
574 687 278 39 common
889 670 120 56 law
1047 670 123 57 and
1208 668 213 70 equity
1455 668 293 69 practice,
1787 668 83 67 by
1909 665 229 61 Austin

150 732 1989 84 Abbott … 3d ed., by Carlos C. Àlden … New York,
151 822 224 70 Baker,
400 820 272 60 Voorhis
701 822 47 56 &
777 839 319 54 company,
1128 821 164 56 1925.

218 903 26 43 3
304 935 9 8 v.
371 900 56 45 24½
459 902 47 18 cm
512 936 10 9 .

219 959 155 48 Paged
401 954 335 52 continuously.

149 1008 53 54 ©
236 1011 108 41 Dec.
378 1009 36 51 7,
452 1009 129 51 1925;
617 1009 64 43 2c.
715 1008 109 44 each
856 1009 86 42 and
976 1009 78 43 aff.
1090 1009 98 51 Jan.
1223 1008 66 51 23,
1328 1008 128 51 1926;
1494 1008 43 42 A
1573 1008 160 44 879361;
1802 1010 113 42 Paul
1955 1010 183 49 Martin,

221 1066 253 50 Princeton,
515 1066 59 43 N.
610 1066 40 51 J.
719 1064 241 54 (26-2468)

151 1163 322 57 Alabama.
557 1165 193 57 Court
791 1163 66 72 of
897 1163 271 72 appeals.

226 1253 1915 73 Report of cases argued and determined … during the
154 1332 267 58 October
445 1334 212 68 terms,
688 1331 357 68 1923-1924,
1075 1331 355 55 1924-1925.
1498 1330 99 72 By
1622 1331 197 56 Noble
1847 1331 79 55 H.
1961 1331 180 72 Seay,

154 1412 287 69 reporter
469 1408 68 57 of
566 1408 325 57 decisions,
961 1425 56 39 v.
1051 1409 88 54 20.
1212 1407 89 57 St.
1335 1408 176 71 Paul,
1542 1408 215 73 Minn.,
1785 1409 182 57 West
150 1408 1969 150 publishing

420 1505 320 53 company,
780 1487 164 55 1925.

215 1563 95 51 xiii,
343 1561 81 45 759
456 1577 38 38 p.
553 1562 54 43 26
613 1565 46 18 cm
667 1597 7 8 .

151 1618 52 54 ©
239 1620 101 44 Oct.
379 1619 63 52 17,
482 1619 128 51 1925;
647 1620 64 42 2c.
746 1620 98 51 Jan.
883 1618 62 51 14,
986 1617 129 52 1926;
1154 1619 78 42 aff.
1267 1620 99 51 Jan.
1406 1619 73 50 13;
1518 1618 43 42 A
1597 1618 163 45 875863;
1826 1618 206 45 William
2069 1620 73 43 W.

221 1675 226 52 Brandon,
475 1690 227 38 governor
731 1675 50 44 of
812 1675 238 51 Alabama,
1084 1674 73 44 for
1190 1689 77 29 use
1297 1675 52 43 of
1380 1675 96 43 said
1508 1682 128 43 state,
1671 1676 334 51 Montgomery,
2041 1675 102 43 Ala.

151 1788 230 72 Allain,
418 1787 295 69 Maurice,
755 1789 90 57 ed.

226 1879 183 57 Atlas
460 1879 317 56 universel
830 1878 246 72 Quillet,
1129 1878 386 72 physique—
1518 1878 392 72 économique
151 1879 1970 149 —politique,

379 1957 215 57 dressé
629 1975 122 52 par
786 1956 280 57 Maurice
1103 1955 230 57 Allain.
1416 1958 67 72 [2.
1523 1956 167 74 ptie.]
1731 1956 337 71 L’Europe
149 1992 1998 100 —l
184 2034 170 58 ’Asie
369 2069 78 7 —
463 2034 22 56 l
499 2033 285 73 ’Afrique

806 2069 79 6 —
899 2034 22 56 l
934 2033 352 73 ’Amérique
1304 2069 79 6 —
1397 2033 336 59 l’Océanie.
1819 2034 206 74 Paris,
2071 2035 72 56 A.

152 2112 231 72 Quillet
417 2142 12 43 [
430 2120 20 21 c
455 2114 163 73 1925]

218 2186 1421 56 2 p. l., 57 maps with descriptive text, 59 p. 45 × 23 cm .
151 2242 1994 55 © Dec. 1, 1925; 1c. Jan. 25, 1926; A— Foreign 29905; Librairie Aristide
223 2301 182 53 Quillet.

152 2396 328 75 Amsbary,
518 2396 277 60 Wallace
833 2399 218 72 Bruce,
1089 2400 189 56 1867-

228 2489 233 57 M’sieu
490 2488 232 71 Robin;
753 2488 191 72 lyrics
975 2489 123 59 and
1125 2489 255 72 legends
1411 2487 69 59 of
1508 2489 164 58 Jean
1701 2488 293 73 Baptiste
2026 2489 121 60 and

153 2566 1969 137 his friends, by Wallace Bruce Amsbary … with an introduction
441 2645 83 72 by
560 2645 145 58 Lew
745 2644 215 60 Sarett
1001 2645 124 57 and
1163 2643 420 60 illustrations
1623 2645 170 59 after
1834 2645 314 74 drawings

151 2722 1995 74 by Earl H. Reed. Chicago, The Reilly & Lee co. [ c1925]
224 2799 662 54 110 p. front., pl. 19½ cm .
152 2855 53 54 ©
237 2857 119 53 Sept.
385 2858 64 50 22,
483 2857 129 52 1925;
643 2858 63 42 2c.
735 2858 99 51 Jan.
859 2857 66 51 20,
959 2856 129 53 1926;
1118 2858 79 43 aff.
1226 2859 99 51 Jan.
1353 2858 78 51 21;
1464 2858 46 42 A
1537 2855 191 55 879336;
1762 2859 149 51 Reilly
1941 2859 87 43 and
2060 2859 86 42 Lee

221 2929 65 28 co.
355 2914 241 54 (26-2273)

151 3011 330 74 Atkinson,
516 3012 250 58 Donald
801 3012 48 57 T
1164 3014 189 57 1874-

231 3103 248 58 Outline
518 3103 68 58 of
620 3122 128 54 eye,
787 3122 125 53 ear,
947 3122 152 38 nose
1138 3103 123 57 and
1296 3103 213 57 throat
1548 3123 285 53 surgery,
1870 3105 83 72 by
154 3106 1972 134 Donald
299 3182 68 57 T.

409 3180 1741 75 Atkinson … New York, The Vail-Ballou press,
151 3260 116 57 inc.
307 3291 12 43 [
319 3270 22 21 c
344 3260 164 72 1925]

221 3336 82 45 207
337 3353 39 38 p.
438 3337 113 44 illus.
610 3338 53 43 23
672 3339 46 18 cm
724 3371 8 9 .

150 3392 57 54 ©
237 3395 110 43 Dec.
376 3395 65 50 23,
475 3392 104 45 1925;
637 3394 66 43 2c.
734 3396 98 51 Jan.
866 3393 49 53 6;
948 3394 78 42 aff.
1057 3394 100 51 Jan.
1191 3394 48 50 7;
1272 3394 43 42 A
1346 3391 189 54 879155;
1569 3394 295 45 Vail-Ballou
1895 3410 139 38 press,
2066 3397 81 42 inc.

232 3450 241 55 (26-2293)

152 3533 219 74 Ayres,
409 3533 185 74 Ruby
627 3532 290 72 Mildred,
955 3534 190 58 1883-

237 3624 1912 75 Spoilt music, by Ruby M. Ayres … London, Hodder
159 3703 122 58 and
310 3704 370 72 Stoughton,
707 3702 242 60 limited
980 3703 220 72 [1926].

226 3782 81 46 320
333 3796 42 38 p.
437 3783 146 46 19½cm.

156 3833 1993 56 © 1c. Mar. 5, 1926; A ad int. 7830; pubd. Jan. 8; George H. Doran co.,
227 3893 116 44 New
374 3894 142 42 York.
585 3891 242 55 (26-7199)
