2542 4285
1301 3951 111 55 478

375 327 233 72 Milam,
648 330 169 56 John
852 329 265 72 Wesley,
1159 334 189 56 1866-

456 416 216 71 Specie
704 421 401 69 permanata;
1142 422 277 69 opposed
1450 425 63 54 to
1547 422 331 72 evolution,
1911 424 82 70 by
2023 424 59 57 J.
2114 424 251 72 Wesley

378 495 1695 77 Milam … Nashville, Tenn., J. W. Milam, 1926.
445 571 717 56 123 p. front. (port.) 20 cm .
370 628 53 53 ©
449 631 110 50 Apr.
582 630 67 51 26,
680 631 128 52 1926;
834 631 65 43 2c.
926 633 87 42 and
1038 633 78 42 aff.
1144 633 112 51 Apr.
1282 633 78 52 29;
1390 634 43 41 A
1460 634 188 52 891220;
1676 635 40 51 J.
1742 635 75 44 W.
1847 634 177 44 Milam.
449 685 241 55 (26-9847)

372 784 272 69 Monroe,
683 784 179 58 Anne
902 785 314 59 Shannon,

454 876 266 74 Singing
752 876 66 56 in
852 879 103 57 the
992 879 157 70 rain,
1184 880 84 69 by
1301 880 179 55 Anne
1520 880 295 58 Shannon
1850 880 277 58 Monroe.
375 880 1965 132 Garden
524 953 159 74 City,

711 955 73 56 N.
813 956 92 70 Y.,
934 955 384 72 Doubleday,
1347 956 171 72 Page
1547 957 47 56 &
1620 976 105 51 co.,
1755 959 164 57 1926.

441 1015 633 70 viii p., 1 l., 340 p. 20 cm .
367 1084 53 53 ©
454 1087 116 43 Mar.
602 1087 67 51 26,
706 1087 104 42 1926;
865 1088 65 42 2c.
962 1088 86 42 and
1081 1088 78 42 aff.
1193 1088 112 51 Apr.
1342 1087 73 52 16;
1451 1087 44 43 A
1528 1086 188 55 890555;
1752 1088 282 54 Doubleday,
2070 1090 124 51 Page
2227 1089 37 44 &
2296 1102 66 30 co.

446 1141 241 55 (26-9782)

370 1242 130 56 The
536 1256 135 41 new
704 1241 451 56 international
1190 1260 153 52 year
1380 1242 161 56 book;
1612 1262 37 37 a
1685 1242 430 71 compendium
2154 1243 68 57 of
2259 1244 104 55 the

442 1319 256 62 World’s
738 1336 300 54 progress
1078 1319 101 55 for
1221 1319 102 56 the
1363 1338 153 51 year
1557 1321 162 55 1925.
1801 1319 245 72 Editor,
2088 1320 278 57 Herbert

445 1396 346 56 Treadwell
833 1395 216 58 Wade.
1134 1396 150 56 New
1328 1395 189 73 York,
1561 1393 201 75 Dodd,
1809 1397 190 57 Mead
2041 1398 124 56 and
442 1416 1898 128 company,
663 1474 163 55 1926.

432 1547 1787 56 4 p. l., 772 p. plates, ports., maps (part double, part fold.) 25½ cm .
365 1603 53 53 ©
449 1605 110 52 May
590 1605 35 51 6,
661 1605 128 52 1926;
820 1606 64 42 2c.
914 1606 86 42 and
1030 1606 78 43 aff.
1143 1606 111 51 May
1285 1606 49 52 8;
1366 1607 43 41 A
1442 1604 190 54 891307;
1665 1606 148 52 Dodd,
1847 1606 136 43 Mead
2017 1606 37 44 &
2082 1621 79 36 co.,
2193 1606 84 44 inc.

366 1716 217 72 North,
627 1717 195 58 Grace
862 1716 166 73 May.

446 1808 1847 74 Meg of Mystery Mountain, by Grace May North …
369 1887 151 57 New
543 1886 187 72 York,
756 1887 76 57 A.
861 1888 67 56 L.
954 1887 162 57 Burt
1142 1906 306 53 company
1476 1918 12 42 [
1489 1895 21 22 c
1513 1888 163 71 1926]

433 1968 77 42 311
543 1982 38 36 p.
642 1967 136 43 front.
838 1966 54 43 20
899 1969 45 17 cm
952 2003 7 8 .

364 2018 52 54 ©
441 2022 110 50 Apr.
579 2021 66 50 26,
674 2021 128 52 1926;
828 2021 66 44 2c.
922 2022 86 42 and
1036 2021 80 43 aff.
1142 2022 111 51 Apr.
1283 2020 76 53 30;
1390 2022 43 41 A
1460 2019 187 54 890560;
1678 2021 58 43 A.
1764 2021 49 42 L.
1842 2021 116 44 Burt
1983 2036 65 29 co.
441 2076 242 55 (26-9749)

367 2176 287 71 Overton,
694 2176 196 57 Grace
932 2172 209 62 Sloan.

444 2266 238 58 Drama
721 2267 65 56 in
829 2268 347 71 education,
1220 2267 224 70 theory
1486 2268 123 56 and
1647 2266 344 73 technique,
2034 2269 84 69 by
2158 2266 197 59 Grace

370 2344 190 58 Sloan
593 2343 295 74 Overton,
977 2392 11 11 M.
1063 2392 10 10 A.
1146 2344 151 57 New
1326 2344 173 57 York
1527 2344 50 57 &
1604 2345 278 72 London,
1915 2345 130 58 The
2079 2343 279 74 Century

365 2423 317 72 co. [ c 1926]
431 2500 97 52 xiii,
552 2501 82 45 289
659 2517 40 28 n.
756 2500 152 52 front.,
933 2500 130 51 illus.,
1089 2502 143 51 diagr.
1290 2501 49 44 19½
1373 2503 47 18 cm
1426 2538 8 7 .
1550 2499 125 54 $2.50

434 2558 349 52 Bibliography:
816 2574 41 36 p.
890 2556 205 52 279-289,
1127 2558 88 43 and
1247 2566 45 35 at
1323 2559 84 42 end
1438 2557 52 45 of
1521 2557 108 45 each
1660 2558 199 52 chapter.
1922 2557 100 45 List
2054 2558 52 43 of
2134 2558 127 53 plays
2293 2572 59 30 on

363 2615 214 52 religious
601 2615 170 43 themes:
825 2630 39 36 p.
888 2612 204 46 228-272.

360 2669 53 53 ©
443 2672 110 50 Apr.
588 2671 62 49 16,
683 2670 128 52 1926;
841 2670 66 43 2c.
941 2671 111 51 Apr.
1082 2670 78 51 23;
1194 2670 78 42 aff.
1305 2671 113 51 Apr.
1448 2669 78 52 24;
1561 2671 43 41 A
1637 2670 189 51 891144;
1862 2668 201 54 Century
2093 2685 66 29 co.

440 2725 241 56 (26-9705)

363 2826 212 71 Perry,
617 2824 325 73 Jennings.

444 2919 127 56 The
598 2919 210 70 windy
832 2915 129 72 hill,
991 2919 84 70 by
1103 2914 309 75 Jennings
1442 2918 218 70 Perry.
1743 2917 151 57 New
1922 2917 189 69 York,
2144 2916 213 59 Simon

367 2995 123 59 and
524 2996 314 70 Schuster,
872 2996 147 55 1926.

432 3073 601 51 4 p. l., 3-262 p. 19½ cm .
360 3125 52 54 ©
444 3128 109 51 Apr.
585 3128 52 42 30,
684 3127 129 51 1926;
847 3127 65 42 2c.
947 3127 111 51 May
1088 3127 50 51 3;
1173 3126 78 43 aff.
1285 3126 112 52 May
1431 3126 47 51 1;
1514 3126 43 41 A
1591 3125 188 52 891239;
1815 3123 158 48 Simon
2003 3126 87 42 and
2126 3122 228 54 Schuster,

430 3184 81 43 inc.
581 3182 242 55 (26-9830)

439 3265 305 69 Princess,
781 3286 241 52 pauper
1063 3267 123 57 and
1220 3266 314 72 penitent;
1572 3266 103 57 the
1714 3266 153 57 dear
1903 3264 165 59 saint
2106 3263 67 59 of
2207 3263 145 73 holy

364 3341 1990 76 church, Elizabeth of Hungary (1207-1231) … Merrill,
364 3423 173 68 Wis.,
569 3424 197 58 Grace
796 3423 160 57 Dieu
985 3442 200 52 press,
1216 3423 165 56 1926.

433 3498 831 54 ix, [3]-227 p. incl. front. 1 7 ½ cm .
363 3552 1967 107 “Written … by a minoress of Blessed sacrament convent, Merrill, Wisconsin.”
434 3670 138 44 “This
596 3669 168 46 edition
787 3669 37 45 is
847 3670 171 46 limited
1041 3678 45 36 to
1108 3679 91 36 two
1225 3668 224 46 thousand
1470 3668 191 52 copies.”
1720 3667 116 45 This
1856 3681 117 38 copy
1993 3676 80 36 not
2093 3667 257 44 numbered.

435 3728 70 43 “A
536 3725 75 47 list
644 3728 51 42 of
723 3724 270 47 authorities
1026 3727 131 51 given
1188 3726 45 44 in
1268 3726 153 45 Count
1452 3724 389 46 Montalembert’s
1872 3723 108 45 Life
2011 3725 54 44 of
2101 3721 64 47 St.
362 3720 1966 109 Elizabeth”:
547 3798 40 37 p.
616 3781 204 46 221-227.

358 3836 53 53 ©
443 3839 110 50 Apr.
584 3838 66 47 23,
688 3838 129 50 1926;
850 3837 63 42 2c.
945 3838 87 42 and
1063 3836 78 43 aff.
1177 3837 111 51 Apr.
1320 3834 78 53 27;
1434 3836 43 41 A
1512 3834 187 52 891182;
1738 3833 146 45 Grace
1916 3832 118 45 Dieu
2069 3847 139 38 press.

434 3893 243 55 (26-9786)
