2542 4285
1033 4016 145 56 1215

118 396 149 72 Nye,
307 394 216 72 Edgar
557 391 255 67 Wilson,
856 392 354 57 1850-1896.

189 484 124 57 Bill
346 483 153 70 Nye,
531 481 96 57 his
662 500 135 39 own
828 479 114 60 life
976 483 193 67 story,
1205 478 349 73 continuity
1582 478 82 72 by
1698 479 213 57 Frank
114 478 1957 141 Wilson

258 555 1835 76 Nye … New York, London, The Century co. [ c 1926]
180 664 81 36 xx,
293 649 82 44 412
407 662 40 39 p.
509 647 154 50 front.,
700 646 117 44 illus.
844 645 128 54 (incl.
1010 644 206 52 facsim.)
1259 644 160 54 plates,
1455 650 141 47 ports.
1655 643 53 43 23½
1742 644 46 18 cm
1796 677 8 8 .
1918 643 124 52 $4.00

114 718 52 53 ©
196 717 120 54 Sept.
340 718 69 51 24,
439 717 126 52 1926;
593 718 64 41 2c.
685 717 86 42 and
797 716 78 42 aff.
907 714 118 53 Sept.
1051 714 81 53 27;
1159 715 45 42 A
1230 714 189 52 949619;
1451 712 198 55 Century
1676 728 66 29 co.

192 774 268 56 (26-18497)

118 874 166 72 Ogle,
326 873 302 73 Marbury
665 871 256 73 Bladen,
962 874 189 57 1879-

255 960 1842 75 … English and Latin; a manual of prose composition,
110 1036 1965 153 by Marbury B. Ogle … New York and London, The Century
284 1136 86 41 co.
402 1146 13 43 [
418 1125 18 22 c
439 1117 164 72 1926]

180 1202 1917 57 vüi p., 2 l., 3-190 p. 21 cm . (The Century college Latin series, M. B.
112 1260 130 55 Ogle,
271 1260 175 53 editor)
565 1258 124 55 $1.35

113 1331 52 53 ©
193 1334 99 43 Oct.
319 1333 40 50 2,
387 1332 129 52 1926;
545 1332 61 42 2c.
635 1332 87 43 and
749 1331 76 43 aff.
856 1332 100 43 Oct.
986 1329 48 54 5;
1062 1331 45 42 A
1133 1330 188 53 949340;
1353 1329 201 55 Century
1581 1345 65 31 co.

192 1388 268 56 (26-18500)

116 1486 253 74 O’Neill,
412 1489 211 58 James
665 1486 241 71 Milton,
951 1490 188 56 1881-

188 1580 126 57 The
358 1579 294 58 elements
694 1578 68 57 of
803 1578 252 72 speech;
1098 1597 36 38 a
1175 1579 296 57 textbook
1512 1577 299 74 designed
1853 1585 63 55 to
108 1598 1965 115 promote

311 1656 358 71 knowledge
714 1655 84 70 of,
842 1655 124 57 and
1006 1654 378 73 proficiency
1424 1655 84 71 in,
1553 1656 223 71 speech
1795 1691 79 6 —
1893 1656 207 72 public

111 1731 1989 74 and private, by James Milton O’Neill … and Andrew
110 1809 1988 75 Thomas Weaver … New York, Chicago [etc.] Longmans,
112 1888 202 58 Green
340 1888 123 60 and
490 1907 105 51 co.,
624 1887 166 57 1926.

178 1961 93 55 viii,
296 1963 83 45 477
404 1978 41 38 p.
503 1963 54 43 20½
591 1965 47 18 cm
644 1998 9 8 .

181 2018 354 54 Bibliography:
563 2034 40 38 p.
629 2019 205 45 461-464.

110 2075 55 53 ©
193 2078 99 43 Oct.
327 2079 63 49 11,
420 2064 106 55 1926
541 2091 9 37 ;
579 2077 63 43 2c.
672 2077 86 42 and
787 2077 78 42 aff.
898 2076 101 44 Oct.
1028 2076 77 51 27;
1138 2076 44 43 A
1210 2075 190 54 949761;
1433 2077 271 54 Longmans,
1735 2077 151 46 Green
1912 2078 90 44 and
2031 2094 66 30 co.

190 2133 269 55 (26-19093)

116 2233 400 73 O’Sheridan,
554 2235 188 72 Mary
778 2234 215 58 Grant.

189 2323 208 59 Gaelic
424 2323 132 57 folk
583 2324 159 57 tales
774 2324 111 72 [by]
917 2325 185 70 Mary
1133 2325 200 60 Grant
1361 2323 413 62 O’Sheridan.
1841 2326 259 72 BQston,

109 2402 72 57 R.
211 2402 67 57 G.
305 2401 249 71 Badger
583 2430 14 43 [
599 2409 18 22 c
620 2401 166 73 1926]

182 2477 77 45 167
284 2493 40 38 p.
383 2478 51 42 21
444 2481 46 17 cm
497 2512 8 10 .

113 2532 53 54 ©
198 2536 100 43 Oct.
332 2535 61 50 14,
429 2534 104 44 1926
546 2549 9 38 ;
587 2535 63 43 2c.
686 2535 101 43 Oct.
819 2535 79 52 29;
931 2536 78 42 aff.
1044 2536 100 43 Oct.
1174 2534 79 54 27;
1286 2535 45 43 A
1363 2536 188 53 949822;
1587 2535 199 46 Richard
1819 2536 52 46 G.
1905 2538 192 54 Badger.

191 2591 269 55 (26-19092)

113 2691 251 59 Palacio
399 2691 246 73 Valdes,
678 2691 339 73 Armando,
1056 2695 188 58 1853-

189 2783 191 61 Short
424 2781 225 59 stories
694 2782 167 58 from
904 2783 252 57 Palacio
1201 2783 251 73 Valdes,
1501 2784 208 61 edited
1752 2787 83 70 by
1878 2785 222 59 Albert

113 2859 1986 75 Shapiro … and Frederick J. Hurley … New York, H.
109 2937 153 58 Holt
292 2937 122 60 and
440 2956 305 53 company
773 2965 13 45 [
788 2944 19 23 c
810 2937 165 74 1926]

180 3013 62 52 ix,
269 3012 78 46 251
378 3029 40 38 p.
482 3014 49 44 17½
565 3016 47 17 cm
617 3048 8 9 .

114 3069 52 53 ©
202 3071 100 43 Oct.
341 3071 64 51 14,
441 3071 129 52 1926;
607 3072 63 42 2c.
706 3072 86 42 and
827 3072 79 43 aff.
944 3071 101 45 Oct.
1080 3072 78 52 20;
1196 3072 44 43 A
1274 3071 189 55 950547;
1503 3073 161 54 Henry
1700 3073 118 45 Holt
1852 3074 88 44 and
1976 3089 65 30 co.

191 3127 269 55 (26-18756)

117 3228 211 72 Pease,
362 3228 291 58 Howard.

193 3319 128 58 The
353 3321 281 56 tattooed
660 3339 175 51 man;
868 3341 35 36 a
935 3320 122 58 tale
1091 3321 68 57 of
1192 3325 255 68 strange
1480 3321 375 58 adventures
115 3322 1968 148 befalling

249 3398 132 56 Tod
407 3398 240 70 Moran,
672 3417 163 38 mess
861 3399 120 71 boy
1009 3397 68 58 of
1100 3398 104 57 the
1229 3401 208 68 tramp
1465 3402 270 54 steamer
1760 3399 344 73 “Araby”,

115 3493 169 53 upon
314 3474 97 59 his
444 3474 139 59 first
616 3494 241 54 voyage
893 3477 167 55 from
1098 3475 129 59 San
1261 3475 337 60 Francisco
1636 3479 62 58 to
1736 3475 230 74 Genoa,
2002 3477 102 58 via

117 3552 103 60 the
245 3553 281 57 Panama
549 3554 196 69 canal,
772 3555 82 69 by
878 3553 278 58 Howard
1182 3554 229 69 Pease;
1439 3553 358 59 illustrated
1822 3554 82 72 by
141 3552 1939 136 Mahlon

269 3631 237 57 Blaine.
589 3630 252 60 Garden
895 3629 160 73 City,
1109 3630 72 58 N.
1236 3630 93 74 Y.,
1381 3629 382 74 Doubleday,
1818 3630 169 74 Page
2044 3633 60 55 &

119 3727 318 54 company,
475 3710 162 55 1926.

186 3782 1309 58 viii p., 2 l., 332 p. col. front., illus., plates. 20 cm .
189 3843 152 45 “First
373 3841 207 46 edition.”

117 3899 53 54 ©
201 3900 118 52 Sept.
348 3900 66 50 24,
445 3899 127 51 1926;
604 3899 63 42 2c.
697 3899 86 43 and
811 3899 77 42 aff.
920 3899 100 45 Oct.
1048 3898 76 51 22;
1156 3898 44 43 A
1228 3896 190 54 950565;
1450 3898 276 53 Doubleday,
1761 3899 123 58 Page
1913 3899 39 44 &
1979 3913 67 30 co.

195 3956 268 56 (26-18320)
