2542 4285
1365 3977 108 55 602

418 357 211 72 Davis,
660 358 323 73 Franklyn
1014 358 230 72 Pierre,
1278 360 90 57 ed.

494 450 360 71 Anthology
894 450 65 56 of
998 470 369 51 newspaper
1408 469 180 38 verse
1630 450 104 56 for
1775 452 163 55 1925.
2023 452 103 56 7th
2170 450 229 57 annual

416 526 184 57 issue.
672 526 100 72 By
800 527 322 72 Franklyn
1150 528 217 57 Pierre
1398 527 213 57 Davis.
1682 527 182 73 Enid,
1902 528 149 72 Okl.,
2086 528 214 57 Frank
2328 529 67 56 P.

417 603 212 72 Davis,
662 605 162 55 1926.

489 692 77 44 152
592 707 39 38 p.
690 693 56 43 20
750 696 15 17 cm
803 727 8 8 .

418 763 53 53 ©
501 765 111 51 Apr.
647 764 62 52 15,
742 765 128 52 1926;
902 765 64 43 2c.
997 765 111 53 Apr.
1142 766 73 51 19;
1248 766 79 43 aff.
1358 766 113 52 June
1506 765 72 53 10;
1612 766 43 42 A
1686 765 187 53 897080;
1908 765 50 44 F.
1992 767 51 42 P.
2076 765 155 45 Davis.

420 878 89 56 De
539 878 208 71 Groat,
781 879 211 72 Harry
1022 880 91 56 De
1143 878 176 60 Witt.

495 969 286 72 Iroquois
829 970 384 57 arithmetics
1260 970 103 57 for
1412 971 206 56 school
1664 972 123 57 and
1829 971 129 57 life.
2043 971 177 57 Book
2261 973 139 71 two,

420 1046 1983 154 grades five and six, by Harry DeW. De Groat … Sidney G. Firman … William A. Smith … Syracuse, N. Y.,
420 1200 286 72 Iroquois
738 1201 360 72 publishing
1128 1220 320 54 company,
1480 1202 115 57 inc.
1633 1204 179 73 [1926]

493 1290 1132 54 1 p. l., vii, [1], 339 p. illus., diagrs. 19 ½ cm .
419 1358 54 53 ©
501 1361 113 51 June
648 1361 34 51 1,
717 1361 127 52 1926;
875 1361 63 43 2c.
970 1362 114 51 June
1115 1362 49 51 9;
1198 1362 78 43 aff.
1308 1362 114 52 June
1454 1362 49 52 8;
1536 1363 45 42 A
1613 1360 187 55 897064;
1835 1360 206 55 Iroquois
2075 1363 100 52 pub.
2207 1378 80 36 co.,
2321 1366 83 42 inc.

417 1473 91 57 De
538 1472 187 71 Ricci,
763 1474 317 73 Seymour,
1114 1478 188 57 1881-

494 1563 59 57 A
575 1564 180 57 noble
780 1564 337 73 fragment,
1143 1565 187 72 being
1352 1584 39 38 a
1412 1565 129 57 leaf
1568 1565 67 57 of
1659 1565 102 58 the
1791 1565 272 72 original
2084 1564 142 59 first
2250 1565 154 59 folio

419 1641 66 55 of
515 1641 278 56 William
828 1641 431 72 Shakespeare
1275 1646 45 52 ’s
1353 1642 200 71 plays,
1587 1642 254 71 printed
1873 1643 66 54 in
1972 1644 147 54 1623;
2185 1643 151 56 with
2370 1663 40 37 a

418 1717 1987 74 bibliographical essay by Seymour de Ricci … New York,
417 1794 523 74 Dingwall-Rock,
978 1796 129 73 ltd.,
1146 1797 164 56 1926.

486 1885 26 43 6
559 1920 8 9 l.
628 1883 174 46 facsim.
861 1886 55 44 32
921 1888 47 18 cm
973 1921 10 9 .

487 1955 240 45 Facsimile
757 1955 50 45 of
835 1963 95 47 t.-p.
961 1956 53 44 of
1043 1954 76 46 the
1148 1956 101 44 first
1278 1954 125 46 folio.

422 2025 53 53 ©
505 2026 111 52 May
645 2027 61 49 18,
740 2027 129 51 1926;
900 2027 64 42 2c.
996 2027 111 52 May
1132 2027 80 51 20;
1244 2024 79 45 aff.
1352 2026 112 52 May
1492 2026 79 52 29;
1604 2026 43 42 A
1675 2024 189 54 890987;
1899 2024 397 54 Dingwall-Rock,
2328 2025 78 43 ltd.

499 2081 268 56 (26-11684)

424 2197 356 72 Donoghue,
815 2195 289 73 Stephen.

501 2289 144 55 The.
664 2288 205 71 gentle
908 2287 262 73 grafter,
1255 2287 172 71 chap.
1470 2289 125 55 1-7.
1682 2289 48 70 [6
1768 2286 413 72 instalments]

499 2364 78 53 (In
607 2366 184 40 London
821 2365 190 51 People)

423 2419 1983 54 © 1c. each July 17, 1926; A ad int. 8338; pubd. May 23, 30, June 6, 13, 20,
491 2476 53 44 27;
607 2476 44 47 S.
687 2477 264 53 Donoghue,
988 2478 198 43 London.

420 2576 262 69 Ellerbe,
718 2577 162 57 Rose
915 2575 228 73 Lucile,
1180 2579 190 56 1862-

421 2668 1965 151 Ropes of sand, by Rose L. Ellerbe … 1st ed. Hollywood, Calif., David Graham Fischer corporation, 1925.
495 2823 90 53 395,
619 2822 51 52 [5]
702 2840 41 36 p.
802 2825 54 44 20½
891 2827 47 17 cm
943 2859 8 9 .

423 2877 54 53 ©
504 2879 111 53 Apr.
651 2880 62 50 16,
747 2879 129 51 1926;
908 2879 64 43 2c.
1004 2879 112 51 Apr.
1146 2879 77 50 23;
1256 2878 79 44 aff.
1368 2879 111 51 May
1509 2879 77 51 29;
1621 2878 43 42 A
1695 2876 189 54 891587;
1919 2877 150 44 David
2102 2877 199 45 Graham
493 2876 1894 103 Fischer
650 2950 120 37 corp.
839 2935 269 54 (26-11636)

426 3034 264 57 Federal
742 3037 266 55 statutes
1063 3036 354 56 annotated.
1514 3034 423 72 Supplement,
1993 3034 164 56 1925.
501 3031 1884 153 Containing
772 3113 84 55 all
883 3113 102 56 the
1014 3113 149 56 laws
1194 3112 67 56 of
1291 3132 39 36 a
1354 3115 372 68 permanent
1754 3113 122 55 and
1905 3111 254 72 general
2185 3114 223 53 nature

503 3191 256 55 enacted
818 3190 81 70 by
959 3190 102 56 the
1128 3189 423 72 Sixty-eighth
1615 3190 122 56 and
1803 3188 386 71 Sixty-ninth
501 3187 1884 151 Congresses
783 3268 274 56 between
1092 3267 341 56 December
1466 3267 88 71 31,
1591 3268 164 68 1924,
1791 3266 122 57 and
1945 3266 338 56 December
2320 3267 89 70 31,

503 3345 163 69 1925,
705 3344 150 56 with
897 3344 456 71 supplemental
1389 3346 177 54 notes
1609 3343 363 72 continuing
2009 3344 103 56 the
502 3346 1887 131 annotation
666 3422 65 55 in
765 3421 101 57 the
900 3421 176 70 prior
1110 3421 297 71 volumes,
1445 3422 123 55 and
1602 3421 331 71 recording
1967 3423 316 68 statutory
501 3440 1884 125 repeals
708 3500 123 55 and
861 3499 425 56 amendments
1326 3498 396 71 (1916-1925)
1802 3498 113 56 Ed.
1949 3498 83 71 by
2059 3498 245 56 Harold
2334 3498 72 56 N.

503 3574 319 72 Eldridge,
868 3575 271 57 assisted
1180 3576 84 71 by
1305 3576 207 56 Minor
1557 3575 342 71 Bronaugh
1940 3577 123 55 and
2103 3576 305 57 members

504 3651 65 56 of
598 3652 102 56 the
730 3651 294 57 editorial
1052 3652 168 57 staff.
1304 3652 369 72 Northport,
1705 3652 67 56 L.
1805 3653 68 72 I.,
1905 3653 73 55 N.
2011 3651 92 73 Y.,
2136 3652 275 58 Edward

505 3727 355 72 Thompson
895 3747 318 54 company,
1251 3731 164 54 1926.

493 3804 129 50 xxix,
655 3805 82 43 984
766 3819 40 37 p.
864 3805 55 43 26
924 3807 47 18 cm
977 3839 8 8 .

425 3857 53 53 ©
509 3859 109 51 Apr.
654 3861 59 50 19,
749 3861 129 52 1926;
908 3861 63 43 2c.
1002 3862 114 51 June
1150 3862 73 51 10;
1257 3862 78 43 aff.
1367 3863 116 51 June
1518 3863 73 50 11;
1623 3862 43 42 A
1696 3861 189 53 891715;
1920 3861 199 47 Edward
2149 3860 262 54 Thompson

495 3930 64 29 co.
