2542 4285
1280 3955 150 55 1446

468 441 1914 57 125 p. incl. illus., plates. col. front. 21 cm . [Romantic stories of the
393 506 151 41 states]

463 558 132 52 Maps
626 573 57 29 on
714 557 336 54 lining-papers.

388 612 52 53 ©
470 614 108 43 Dec.
611 616 33 48 1,
679 615 129 51 1926;
838 615 65 42 2c.
934 615 108 43 Dec.
1074 614 48 52 7;
1155 615 78 43 aff.
1265 616 108 42 Dec.
1405 616 50 51 4;
1488 616 43 42 A
1561 614 187 56 958251;
1781 618 40 52 J.
1855 617 62 43 H.
1952 615 131 48 Sears
2115 617 39 45 &
2184 631 80 37 co.,
2293 616 83 44 inc.

465 671 268 55 (26-23117)

386 741 300 73 Mauriac,
723 743 232 57 Pierre.

527 835 1848 62 … Aux confins de la médecine. Préface de François
382 913 300 61 Mauriac.
765 913 204 73 Paris,
1003 913 70 60 B.
1112 914 278 72 Grasset,
1424 917 165 55 1926.

450 993 663 51 2 p. l., 222, [2] p. 18½ cm .
382 1045 1746 55 © July 2, 1926; 1c. Oct. 20; A—Foreign 32029; Bernard Grassett.
460 1102 268 57 (26-23871)

381 1176 188 73 Mayo
605 1174 200 74 clinic,
843 1177 359 73 Rochester,
1238 1176 197 57 Minn.

462 1267 226 59 Sketch
722 1269 67 56 of
818 1267 103 58 the
952 1267 248 70 history
1231 1267 67 57 of
1329 1266 102 57 the
1467 1266 186 72 Mayo
1687 1265 180 59 clinic
1897 1268 122 57 and
2051 1268 104 57 the
2188 1268 187 72 Mayo

383 1346 373 58 foundation
783 1346 165 56 from
977 1345 104 57 the
1108 1343 288 58 Division
1422 1345 68 57 of
1516 1344 436 71 publications,
1980 1347 189 70 Mayo
2199 1344 178 60 clinic

450 1421 1925 75 … Philadelphia and London, W. B. Saunders company,
381 1504 164 56 1926.

486 1617 9 17 x,
526 1578 75 46 185
629 1595 40 38 p.
699 1579 99 44 incl.
828 1578 149 53 front.,
1010 1578 128 50 illus.,
1168 1577 153 51 tables,
1352 1577 166 53 diagrs.
1578 1577 53 44 24½
1665 1579 47 18 cm
1718 1612 8 9 .

377 1636 53 53 ©
457 1638 108 42 Dec.
597 1639 34 49 1,
662 1635 129 52 1926;
820 1637 65 41 2c.
913 1636 111 42 Dec.
1053 1636 48 49 3;
1133 1635 77 43 aff.
1241 1635 108 43 Dec.
1378 1634 48 51 6;
1459 1635 43 42 A
1530 1632 188 53 957423;
1749 1635 75 43 W.
1856 1635 50 43 B.
1938 1633 226 47 Saunders
2195 1650 65 28 co.

455 1693 268 56 (26-23149)

376 1765 234 70 Meisel,
643 1764 166 58 Max.

451 1858 58 55 A
544 1855 443 73 bibliography
1022 1854 66 57 of
1124 1853 337 57 American
1496 1854 255 57 natural
1783 1853 278 72 history;
2099 1854 104 57 the
374 1854 1972 138 pioneer
554 1938 277 67 century,

866 1934 369 69 1769-1865;
1269 1932 102 57 the
1405 1932 127 57 role
1564 1933 230 70 played
1821 1932 83 71 by
1935 1932 103 57 the
2075 1931 300 58 scientific

375 2012 315 70 societies;
745 2009 300 59 scientific
1092 2010 316 71 journals;
1460 2010 254 56 natural
1760 2008 250 73 history
2055 2029 314 38 museums

375 2092 123 56 and
521 2089 248 58 botanic
798 2090 302 71 gardens;
1134 2091 161 54 state
1324 2087 343 73 geological
1696 2088 122 57 and
1845 2088 257 57 natural
2125 2087 247 73 history

375 2187 290 52 surveys;
711 2167 246 57 federal
1002 2162 327 76 exploring
1378 2165 389 72 expeditions
1813 2165 67 56 in
1924 2167 103 56 the
2076 2166 124 57 rise
2248 2168 122 56 and

371 2264 297 53 progress
712 2244 66 58 of
819 2245 337 56 American
1196 2246 251 70 botany,
1491 2245 280 72 geology,
1812 2243 408 74 mineralogy,
371 2263 1978 132 paleontology
774 2323 123 57 and

946 2322 1420 73 zoology, by Max Meisel … v. 2. The
371 2401 392 58 institutions
794 2400 200 57 which
1023 2401 158 55 have
1215 2400 394 58 contributed
1640 2403 64 53 to
1735 2400 104 57 the
1873 2400 125 58 rise
2031 2402 126 56 and
371 2420 1976 117 progress
536 2479 65 57 of
629 2478 338 58 American

992 2478 256 57 natural
1273 2478 265 71 history,
1569 2478 196 57 which
1794 2497 162 38 were
1988 2479 278 57 founded
2298 2498 69 38 or

371 2557 334 72 organized
735 2558 277 55 between
1047 2557 147 56 1769
1230 2556 122 57 and
1386 2558 165 55 1844.
1627 2556 335 73 Brooklyn,
1997 2556 74 57 N.
2107 2556 94 71 Y.,
2238 2557 128 57 The

369 2635 284 57 Premier
687 2633 364 73 publishing
1089 2654 105 53 co.,
1236 2635 165 56 1926.

434 2712 80 52 xii,
544 2710 76 45 741
651 2726 40 38 p.
749 2712 54 43 23½
839 2714 47 17 cm
892 2746 8 9 .

367 2767 53 54 ©
445 2770 106 44 Dec.
575 2770 37 51 3,
641 2768 128 53 1926;
793 2769 64 42 2c.
881 2769 87 42 and
989 2769 79 42 aff.
1092 2769 108 42 Dec.
1224 2770 49 50 4;
1300 2769 43 42 A
1368 2766 189 54 957422;
1586 2770 64 42 M.
1677 2768 176 52 Meisel,
1878 2769 244 53 Brooklyn.

368 2849 244 70 Michel,
707 2849 259 58 Édouard.

510 2938 1850 77 … La pénitence du cœur, roman. Paris, Montaigne
365 3049 14 43 [
382 3028 17 22 c
403 3019 164 74 1926]

436 3098 452 46 190 p., 1 l. 19 cm .
361 3149 1855 65 © Oct. 8, 1926; 1c. Nov. 19; A—Foreign 32217; Editions Montaigne.
443 3215 268 55 (26-23883)

365 3286 243 58 Oxford
639 3286 127 58 and
796 3285 288 72 Asquith,
1121 3286 254 70 Margot
1406 3285 288 72 Asquith,
1734 3292 285 53 countess
2053 3288 81 73 of.

438 3364 277 58 Politics.

440 3442 80 53 (In
544 3443 169 42 Nash’s
740 3443 256 51 magazine,
1023 3443 128 51 Nov.,
1181 3441 131 51 1926)

363 3497 1993 57 © 1c. Nov. 18, 1926; A ad int. 8752; pubd. Oct. 18; Thornton Butterworth,
431 3556 92 53 ltd.,
550 3556 200 44 London.

427 3629 1193 77 … Pasteur. [Paris] Hachette [1926]
430 3721 53 43 64
516 3736 37 37 p.
591 3720 98 43 incl.
726 3720 149 51 front.,
913 3720 115 44 illus.
1057 3721 124 53 (incl.
1219 3721 164 53 ports.)
1428 3720 199 45 facsims.
1688 3723 54 42 24
1749 3724 46 17 cm
1802 3757 8 7 .
1883 3720 356 56 (Encyclopedic
2274 3735 83 40 par

358 3777 202 55 l’image)

359 3833 1773 56 © Oct. 20, 1926; 1c. Dec. 8; A—Foreign 32485; Librairie Hachette.
