2542 4285
0 0 0 0 1431
176 408 362 70 Schnitzler,
579 408 257 68 Arthur,
884 409 187 55 1862-

251 503 313 55 Leutnant
603 500 199 70 Gustl,
839 497 239 57 novelle
1117 516 121 37 von
1279 496 246 56 Arthur
1566 495 361 57 Schnitzler.
173 494 1959 155 Berlin,
319 579 59 57 S.
419 577 275 71 Fischer,
737 576 164 57 1926.

244 648 1913 60 3 p. l., 9-77, [1] p., 1 l. illus. 19 cm . ( Half-title : Fischers illustrierte
174 712 193 54 b ü cher)
244 768 122 45 First
400 767 234 54 published
669 767 44 43 in
754 766 117 45 1901.

175 820 1789 59 © Apr. 29, 1926; 1c. July 7; A —Foreign 32119; S. Fischer verlag.
253 882 267 55 (26-22883)

178 980 204 73 Spyri,
417 983 172 56 Frau
623 979 293 59 Johanna
958 979 332 72 (Heusser)
1335 979 355 58 1827-1901.

254 1071 198 71 Eveli,
495 1072 102 56 the
637 1069 160 59 little
840 1070 229 72 singer,
1107 1070 83 70 by
1229 1068 292 59 Johanna
1566 1068 207 73 Spyri,
1813 1068 350 58 translated

177 1151 82 70 by
296 1149 326 57 Elisabeth
658 1149 69 56 P.
770 1148 206 70 Stork,
1014 1146 419 59 illustrations
1471 1146 66 56 in
1575 1147 166 56 color
1775 1147 84 71 by
1893 1145 270 59 Blanche

180 1228 211 58 Greer.
474 1225 436 71 Philadelphia
958 1224 48 59 &
1050 1225 277 73 Lopdon,
1372 1224 60 58 J.
1479 1224 72 57 B.
1600 1222 363 73 Lippincott
176 1242 1966 134 company
379 1335 12 43 [
394 1313 19 22 c
416 1305 162 72 1926]

247 1381 81 45 272
359 1397 39 38 p.
459 1382 79 44 col.
570 1382 151 52 front.,
753 1381 81 44 col.
866 1379 156 55 plates.
1081 1381 50 43 21
1141 1382 47 18 cm
1194 1414 9 10 .

518 1435 635 56 CONTENTS.—Peppino.—Eveli.—The
1192 1436 204 47 Stauffer
1431 1435 108 45 mill.

177 1495 52 54 ©
264 1497 89 44 Oct.
400 1495 37 53 7,
474 1496 127 51 1926;
636 1496 64 42 2c.
735 1495 86 43 and
854 1494 78 44 aff.
967 1495 109 42 Dec.
1110 1494 50 51 8;
1198 1494 43 42 A
1275 1491 189 54 957510;
1502 1494 38 52 J.
1579 1494 50 42 B.
1665 1491 258 55 Lippincott
1956 1507 64 28 co.

255 1552 268 56 (26-22864)

177 1653 263 68 Steiner,
472 1652 253 58 Rudolf.

254 1742 505 73 Gegenwärtiges
810 1743 127 56 und
986 1760 429 54 vergangenes
1466 1741 87 56 im
1601 1741 531 72 menschengeiste;

177 1821 181 57 zwölf
390 1823 295 70 vorträge
723 1820 290 73 gehalten
1046 1838 145 38 vom
1226 1821 51 55 8.
1314 1819 260 57 februar
1610 1818 95 57 bis
1742 1838 137 37 zum
1916 1820 89 56 30.
2041 1819 127 57 mai

178 1900 147 56 1916
352 1898 66 57 in
442 1898 234 71 Berlin,
703 1917 124 37 von
853 1897 236 58 Rudolf
1120 1897 264 58 Steiner.
1454 1897 196 58 Given
1680 1916 69 38 as
1777 1896 247 71 private
176 1898 1967 135 lectures

394 1979 63 54 to
506 1975 102 57 the
653 1976 309 56 members
1009 1975 66 56 of
1121 1975 103 57 the
1271 1974 614 71 Anthroposophical
1934 1975 235 72 society

177 2054 160 68 only.
427 2053 308 69 [Dornach,
768 2052 872 70 Phil.-anthroposophischer
1666 2053 235 69 verlag,
1935 2054 163 68 1926]

249 2128 712 54 1 p. l., 295 p. illus. 28½cm.
177 2185 1992 54 © Oct. 11, 1926; 1c. Oct. 29; A—Foreign 32089; Phil.-anthroposophischer
246 2244 170 53 verlag.

180 2344 276 72 Strayer,
503 2344 159 57 Paul
700 2344 231 72 Moore,
979 2346 187 57 1871-

251 2436 60 57 A
353 2436 182 59 sheaf
577 2437 68 57 of
684 2455 287 55 prayers,
1012 2438 84 71 by
1135 2435 161 60 Paul
1338 2437 216 58 Moore
1601 2439 294 71 Strayer;
1939 2436 149 59 with
2133 2459 35 38 a

179 2512 1926 75 sketch of his life and work by Hattie L. Webber …
179 2592 373 74 [Rochester,
586 2592 76 57 N.
694 2592 94 72 Y.,
822 2593 165 72 1926]

247 2670 955 52 3 p. l., 11-123 p. front. (port.) 22½cm.
178 2723 54 54 ©
256 2725 121 44 Nov.
401 2725 65 51 30,
496 2724 127 52 1926;
648 2724 64 43 2c.
736 2724 87 44 and
847 2724 78 43 aff.
951 2724 108 44 Dec.
1087 2724 74 51 10;
1188 2724 45 43 A
1256 2722 189 54 957545;
1472 2723 147 45 Third
1642 2725 323 52 Presbyterian
1989 2724 179 53 church,

250 2781 260 52 Rochester,
543 2782 59 43 N.
635 2781 55 44 Y.
759 2781 270 54 (26-23088)

182 2866 249 74 Strong,
473 2865 248 69 Austin,
766 2869 190 57 1881-

259 2957 129 58 The
426 2958 213 60 drums
678 2957 68 58 of
780 2957 191 59 Oude.
1011 2960 122 56 and
1171 2958 179 58 other
1386 2963 242 54 one-act
1660 2959 202 70 plays,
1898 2961 83 62 by

182 2960 1967 149 Austin Strong … New York, London, D. Appleton
1869 3040 122 56 and
181 3056 1970 130 company,
401 3114 164 57 1926.

255 3190 888 56 5 p. l., 3-89, [1] p. front. 19½c m .
524 3248 156 45 CONTENTS.—The
708 3250 153 44 drums
892 3248 51 45 of
974 3247 302 47 Oude.—The
1304 3247 116 45 little
1449 3249 151 44 father
1627 3250 51 44 of
1706 3249 75 45 the
1810 3248 278 55 wilderness,
2118 3252 52 51 by

186 3305 167 46 Austin
384 3305 168 54 Strong
582 3306 88 44 and
701 3304 144 55 Lloyd
878 3305 457 53 Osbourne.—Popo.

182 3361 53 54 ©
267 3363 118 43 Nov.
421 3364 63 51 12,
517 3362 129 53 1926;
677 3363 66 43 2c.
777 3363 119 43 Nov.
933 3362 74 52 17;
1042 3363 79 43 aff.
1156 3363 109 42 Dec.
1296 3364 51 48 6;
1384 3361 44 44 A
1460 3361 189 53 957518;
1687 3364 56 42 D.
1776 3362 229 53 Appleton
2037 3365 38 43 &
2104 3379 67 30 co.

265 3418 56 54 [©
353 3435 99 29 new
485 3428 180 45 matter]
736 3418 269 56 (26-22985)

181 3503 73 58 U.
297 3505 60 58 S.
433 3506 301 71 Supreme
775 3510 190 53 court.

261 3594 192 58 Cases
497 3595 317 73 adjudged
854 3596 67 58 in
961 3595 103 58 the
1112 3595 302 72 Supreme
1460 3599 174 54 court
1682 3597 66 57 of
1791 3598 103 56 the
1940 3597 235 58 United

185 3672 228 57 States.
507 3673 234 57 Official
789 3673 234 57 edition
1074 3674 261 70 reprint.
1428 3673 379 74 Containing
1853 3674 201 58 briefs
2108 3676 68 56 of

184 3750 249 56 counsel
467 3749 239 71 (points
732 3752 124 55 and
882 3750 430 73 authorities),
1342 3754 367 55 statements
1737 3752 68 57 of
1832 3772 193 52 cases,

2053 3755 122 56 and
186 3827 222 72 syllabi
443 3827 66 57 of
541 3827 104 57 the
679 3847 173 38 cases
886 3829 83 71 by
1001 3828 103 58 the
1141 3828 219 58 official
1393 3832 304 69 reporter.
1770 3830 297 58 Volumes
2103 3834 72 55 68

184 3904 1990 80 to 76 (inclusive) … Photographically reproduced from
