<alto xmlns="http://www.loc.gov/standards/alto/ns-v3#" xmlns:xlink="http://www.w3.org/1999/xlink" xmlns:xsi="http://www.w3.org/2001/XMLSchema-instance" xsi:schemaLocation="http://www.loc.gov/standards/alto/ns-v3# http://www.loc.gov/alto/v3/alto-3-0.xsd"><Description>
<MeasurementUnit>pixel</MeasurementUnit>
<sourceImageInformation>
<fileName>1926_v23_Part001.pdf</fileName>
</sourceImageInformation>
<OCRProcessing ID="IdOcr">
<ocrProcessingStep>
<processingDateTime>2019-04-10</processingDateTime>
<processingSoftware>
<softwareCreator>ABBYY</softwareCreator>
<softwareName>ABBYY Recognition Server</softwareName>
<softwareVersion>4.0</softwareVersion>
</processingSoftware>
</ocrProcessingStep>
</OCRProcessing>
</Description>
<Styles>
<ParagraphStyle ID="StyleId-FFFFFFFF-FFFF-FFFF-FFFF-FFFFFFFFFFFF-" ALIGN="Left" LEFT="0." RIGHT="0." FIRSTLINE="0."/>
<ParagraphStyle ID="StyleId-22C3EA86-D171-42E2-A7D2-9A866F7D91F9-" ALIGN="Left" LEFT="0." RIGHT="0." FIRSTLINE="0." LINESPACE="8.300000191"/>
<ParagraphStyle ID="StyleId-E3FA4CC6-F5E5-41CA-B4C4-90085BF71B6C-" ALIGN="Block" LEFT="0." RIGHT="0." FIRSTLINE="-14." LINESPACE="8.050000191"/>
<ParagraphStyle ID="StyleId-41118DB3-028A-4115-95B3-BB512DD0EDAE-" ALIGN="Left" LEFT="0." RIGHT="0." FIRSTLINE="-13." LINESPACE="13.30000019"/>
<ParagraphStyle ID="StyleId-A2FB4C2B-BF87-45AD-9689-33B0118FBFC1-" ALIGN="Block" LEFT="0." RIGHT="0." FIRSTLINE="-14." LINESPACE="11.06999969"/>
<ParagraphStyle ID="StyleId-BBBA7B5D-FE2B-4BC7-AC7D-F142900C21B8-" ALIGN="Block" LEFT="0." RIGHT="0." FIRSTLINE="0." LINESPACE="8.899999619"/>
<ParagraphStyle ID="StyleId-3CEA3EEE-4341-4E33-9EF0-A9438AB90A9B-" ALIGN="Center" LEFT="0." RIGHT="0." FIRSTLINE="0." LINESPACE="12.19999981"/>
<ParagraphStyle ID="StyleId-817955BE-3120-4B53-BBD3-920BAE733BFF-" ALIGN="Left" LEFT="0." RIGHT="0." FIRSTLINE="0." LINESPACE="12.19999981"/>
<ParagraphStyle ID="StyleId-456A266C-F799-486A-ACB1-75B61E9815AB-" ALIGN="Left" LEFT="0." RIGHT="0." FIRSTLINE="-13." LINESPACE="8.18999958"/>
<ParagraphStyle ID="StyleId-6A1E9ED6-E5EA-4E31-BD5A-88089B8D7134-" ALIGN="Right" LEFT="0." RIGHT="0." FIRSTLINE="0." LINESPACE="7.699999809"/>
<ParagraphStyle ID="StyleId-C11ABF73-04BC-4F6E-B7E4-01FCA3A26756-" ALIGN="Left" LEFT="0." RIGHT="0." FIRSTLINE="-13." LINESPACE="12.19999981"/>
<ParagraphStyle ID="StyleId-662CF6CF-DB5F-40BE-AD24-E877ED82DD6F-" ALIGN="Block" LEFT="0." RIGHT="0." FIRSTLINE="-14." LINESPACE="11.06999969"/>
<ParagraphStyle ID="StyleId-9361006B-74B5-41BD-BFD3-03318AD64910-" ALIGN="Left" LEFT="0." RIGHT="0." FIRSTLINE="0." LINESPACE="8.899999619"/>
</Styles>
<Layout>
<Page ID="Page171" PHYSICAL_IMG_NR="171" HEIGHT="4293" WIDTH="2609">
<TopMargin HEIGHT="326" WIDTH="2609" VPOS="0" HPOS="0">
</TopMargin>
<LeftMargin HEIGHT="3722" WIDTH="87" VPOS="326" HPOS="0">
</LeftMargin>
<RightMargin HEIGHT="3722" WIDTH="483" VPOS="326" HPOS="2126">
</RightMargin>
<BottomMargin HEIGHT="245" WIDTH="2609" VPOS="4048" HPOS="0">
</BottomMargin>
<PrintSpace HEIGHT="3722" WIDTH="2039" VPOS="326" HPOS="87">
<TextBlock ID="Page171_Block1" HEIGHT="74" WIDTH="130" VPOS="3974" HPOS="1056" LANG="en-US" STYLEREFS="StyleId-48958B68-B16F-4B20-9DA3-0021197258D4-">
<TextLine HEIGHT="55" WIDTH="110" VPOS="3984" HPOS="1066">
<String CONTENT="171" HEIGHT="55" WIDTH="110" VPOS="3984" HPOS="1066"/>
</TextLine>
</TextBlock>
<TextBlock ID="Page171_Block2" HEIGHT="3656" WIDTH="2039" VPOS="326" HPOS="87" LANG="en-US" CS="1" STYLEREFS="StyleId-79029C43-ECAF-41A3-9680-4E4AA15E5D86-">
<Shape>
<Polygon POINTS="87,326 2126,326 2126,3934 850,3934 850,3982 87,3982 87,326"/>
</Shape>
<TextLine HEIGHT="110" WIDTH="1962" VPOS="428" HPOS="122" CS="1">
<String CONTENT="341" HEIGHT="43" WIDTH="76" VPOS="435" HPOS="193"/>
<SP HEIGHT="48" WIDTH="29" VPOS="435" HPOS="270"/>
<String CONTENT="p." HEIGHT="37" WIDTH="40" VPOS="446" HPOS="300"/>
<SP HEIGHT="42" WIDTH="57" VPOS="432" HPOS="341"/>
<String CONTENT="21" HEIGHT="42" WIDTH="49" VPOS="432" HPOS="399"/>
<String STYLE="superscript" CONTENT="cm" HEIGHT="17" WIDTH="46" VPOS="433" HPOS="460"/>
<String CONTENT="." HEIGHT="8" WIDTH="9" VPOS="465" HPOS="512"/>
<SP HEIGHT="51" WIDTH="66" VPOS="430" HPOS="522"/>
<String CONTENT="(Half-title:" HEIGHT="51" WIDTH="288" VPOS="430" HPOS="589"/>
<SP HEIGHT="42" WIDTH="33" VPOS="430" HPOS="878"/>
<String CONTENT="Human" HEIGHT="43" WIDTH="189" VPOS="430" HPOS="912"/>
<SP HEIGHT="27" WIDTH="26" VPOS="446" HPOS="1102"/>
<String CONTENT="relations" HEIGHT="45" WIDTH="213" VPOS="429" HPOS="1129"/>
<SP HEIGHT="28" WIDTH="28" VPOS="446" HPOS="1343"/>
<String CONTENT="series," HEIGHT="49" WIDTH="150" VPOS="430" HPOS="1372"/>
<SP HEIGHT="34" WIDTH="27" VPOS="445" HPOS="1523"/>
<String CONTENT="edited" HEIGHT="45" WIDTH="148" VPOS="428" HPOS="1551"/>
<SP HEIGHT="44" WIDTH="26" VPOS="428" HPOS="1700"/>
<String CONTENT="by" HEIGHT="51" WIDTH="59" VPOS="428" HPOS="1727"/>
<SP HEIGHT="50" WIDTH="26" VPOS="429" HPOS="1787"/>
<String CONTENT="H." HEIGHT="42" WIDTH="60" VPOS="429" HPOS="1814"/>
<SP HEIGHT="45" WIDTH="30" VPOS="428" HPOS="1875"/>
<String CONTENT="C." HEIGHT="45" WIDTH="48" VPOS="428" HPOS="1906"/>
<SP HEIGHT="42" WIDTH="28" VPOS="430" HPOS="1955"/>
<String CONTENT="Metcalf." HEIGHT="104" WIDTH="1962" VPOS="430" HPOS="122"/>
<SP HEIGHT="30" WIDTH="58" VPOS="501" HPOS="229"/>
<String CS="1" CONTENT="IV)" HEIGHT="49" WIDTH="18" VPOS="489" HPOS="342"/>
</TextLine>
<TextLine HEIGHT="50" WIDTH="1006" VPOS="556" HPOS="195">
<String CONTENT="Series" HEIGHT="47" WIDTH="149" VPOS="556" HPOS="195"/>
<SP HEIGHT="28" WIDTH="24" VPOS="572" HPOS="345"/>
<String CONTENT="note" HEIGHT="38" WIDTH="106" VPOS="562" HPOS="370"/>
<SP HEIGHT="44" WIDTH="22" VPOS="556" HPOS="477"/>
<String CONTENT="in" HEIGHT="44" WIDTH="45" VPOS="556" HPOS="500"/>
<SP HEIGHT="36" WIDTH="24" VPOS="570" HPOS="546"/>
<String CONTENT="part" HEIGHT="40" WIDTH="101" VPOS="566" HPOS="571"/>
<SP HEIGHT="35" WIDTH="22" VPOS="566" HPOS="673"/>
<String CONTENT="also" HEIGHT="43" WIDTH="95" VPOS="557" HPOS="696"/>
<SP HEIGHT="28" WIDTH="23" VPOS="572" HPOS="792"/>
<String CONTENT="at" HEIGHT="37" WIDTH="45" VPOS="562" HPOS="816"/>
<SP HEIGHT="42" WIDTH="25" VPOS="556" HPOS="862"/>
<String CONTENT="head" HEIGHT="43" WIDTH="112" VPOS="556" HPOS="888"/>
<SP HEIGHT="42" WIDTH="23" VPOS="557" HPOS="1001"/>
<String CONTENT="of" HEIGHT="42" WIDTH="53" VPOS="556" HPOS="1025"/>
<SP HEIGHT="43" WIDTH="25" VPOS="556" HPOS="1079"/>
<String CONTENT="t.-p." HEIGHT="41" WIDTH="96" VPOS="564" HPOS="1105"/>
</TextLine>
<TextLine HEIGHT="53" WIDTH="905" VPOS="610" HPOS="197">
<String CONTENT="&#8220;Selected" HEIGHT="46" WIDTH="229" VPOS="611" HPOS="197"/>
<SP HEIGHT="42" WIDTH="28" VPOS="615" HPOS="427"/>
<String CONTENT="reading" HEIGHT="51" WIDTH="186" VPOS="612" HPOS="456"/>
<SP HEIGHT="53" WIDTH="28" VPOS="610" HPOS="643"/>
<String CONTENT="list&#8221;:" HEIGHT="45" WIDTH="125" VPOS="610" HPOS="672"/>
<SP HEIGHT="37" WIDTH="28" VPOS="625" HPOS="798"/>
<String CONTENT="p." HEIGHT="37" WIDTH="41" VPOS="625" HPOS="827"/>
<SP HEIGHT="43" WIDTH="28" VPOS="612" HPOS="869"/>
<String CONTENT="332-334." HEIGHT="44" WIDTH="204" VPOS="611" HPOS="898"/>
</TextLine>
<TextLine HEIGHT="57" WIDTH="1928" VPOS="662" HPOS="124">
<String CONTENT="&#169;" HEIGHT="53" WIDTH="52" VPOS="666" HPOS="124"/>
<SP HEIGHT="53" WIDTH="29" VPOS="666" HPOS="177"/>
<String CONTENT="Feb." HEIGHT="43" WIDTH="104" VPOS="667" HPOS="207"/>
<SP HEIGHT="42" WIDTH="26" VPOS="667" HPOS="312"/>
<String CONTENT="8," HEIGHT="51" WIDTH="39" VPOS="667" HPOS="339"/>
<SP HEIGHT="50" WIDTH="31" VPOS="668" HPOS="379"/>
<String CONTENT="1926;" HEIGHT="51" WIDTH="128" VPOS="666" HPOS="411"/>
<SP HEIGHT="50" WIDTH="29" VPOS="667" HPOS="540"/>
<String CONTENT="2c." HEIGHT="41" WIDTH="65" VPOS="667" HPOS="570"/>
<SP HEIGHT="27" WIDTH="27" VPOS="681" HPOS="636"/>
<String CONTENT="and" HEIGHT="41" WIDTH="85" VPOS="667" HPOS="664"/>
<SP HEIGHT="41" WIDTH="28" VPOS="667" HPOS="750"/>
<String CONTENT="aff." HEIGHT="41" WIDTH="78" VPOS="667" HPOS="779"/>
<SP HEIGHT="43" WIDTH="30" VPOS="665" HPOS="858"/>
<String CONTENT="Feb." HEIGHT="42" WIDTH="107" VPOS="665" HPOS="889"/>
<SP HEIGHT="41" WIDTH="32" VPOS="666" HPOS="997"/>
<String CONTENT="19;" HEIGHT="51" WIDTH="73" VPOS="665" HPOS="1030"/>
<SP HEIGHT="52" WIDTH="30" VPOS="664" HPOS="1104"/>
<!-- cceid FBE1EE2A-6E1A-1014-9B7B-CA07F191E62B --><String CONTENT="A" HEIGHT="42" WIDTH="43" VPOS="664" HPOS="1135"/>
<SP HEIGHT="42" WIDTH="28" VPOS="664" HPOS="1179"/>
<String CONTENT="883348;" HEIGHT="51" WIDTH="188" VPOS="664" HPOS="1208"/>
<SP HEIGHT="50" WIDTH="33" VPOS="665" HPOS="1397"/>
<String CONTENT="Williams" HEIGHT="45" WIDTH="228" VPOS="662" HPOS="1431"/>
<SP HEIGHT="43" WIDTH="29" VPOS="665" HPOS="1660"/>
<String CONTENT="&amp;" HEIGHT="43" WIDTH="37" VPOS="665" HPOS="1690"/>
<SP HEIGHT="43" WIDTH="28" VPOS="665" HPOS="1728"/>
<String CONTENT="Wilkins" HEIGHT="45" WIDTH="198" VPOS="663" HPOS="1757"/>
<SP HEIGHT="27" WIDTH="29" VPOS="679" HPOS="1956"/>
<String CONTENT="co." HEIGHT="28" WIDTH="66" VPOS="678" HPOS="1986"/>
</TextLine>
<TextLine HEIGHT="55" WIDTH="240" VPOS="721" HPOS="202">
<String CONTENT="(26-5005)" HEIGHT="55" WIDTH="240" VPOS="721" HPOS="202"/>
</TextLine>
<TextLine HEIGHT="71" WIDTH="622" VPOS="819" HPOS="122" STYLEREFS="StyleId-7D9775B8-C46C-4C36-904A-FAA18E3B2405-">
<String CONTENT="Miller," HEIGHT="71" WIDTH="223" VPOS="819" HPOS="122"/>
<SP HEIGHT="70" WIDTH="38" VPOS="820" HPOS="346"/>
<String CONTENT="Chester" HEIGHT="57" WIDTH="258" VPOS="820" HPOS="385"/>
<SP HEIGHT="56" WIDTH="32" VPOS="820" HPOS="644"/>
<String CONTENT="F." HEIGHT="56" WIDTH="67" VPOS="820" HPOS="677"/>
</TextLine>
<TextLine HEIGHT="148" WIDTH="1966" VPOS="909" HPOS="122" STYLEREFS="StyleId-E554E694-1ADD-4628-9DDF-3C87DABD8E76-" CS="1">
<String CONTENT="The" HEIGHT="57" WIDTH="129" VPOS="912" HPOS="199"/>
<SP HEIGHT="38" WIDTH="27" VPOS="931" HPOS="329"/>
<String CONTENT="march" HEIGHT="55" WIDTH="214" VPOS="912" HPOS="357"/>
<SP HEIGHT="56" WIDTH="28" VPOS="912" HPOS="572"/>
<String CONTENT="of" HEIGHT="57" WIDTH="67" VPOS="911" HPOS="601"/>
<SP HEIGHT="57" WIDTH="27" VPOS="911" HPOS="669"/>
<String CONTENT="democracy," HEIGHT="70" WIDTH="381" VPOS="912" HPOS="697"/>
<SP HEIGHT="69" WIDTH="28" VPOS="911" HPOS="1079"/>
<String CONTENT="by" HEIGHT="71" WIDTH="82" VPOS="911" HPOS="1108"/>
<SP HEIGHT="73" WIDTH="32" VPOS="909" HPOS="1191"/>
<String CONTENT="Chester" HEIGHT="58" WIDTH="261" VPOS="909" HPOS="1224"/>
<SP HEIGHT="55" WIDTH="28" VPOS="910" HPOS="1486"/>
<String CONTENT="F." HEIGHT="56" WIDTH="70" VPOS="910" HPOS="1515"/>
<SP HEIGHT="56" WIDTH="32" VPOS="910" HPOS="1586"/>
<String CONTENT="Miller" HEIGHT="57" WIDTH="210" VPOS="910" HPOS="1619"/>
<SP HEIGHT="40" WIDTH="32" VPOS="928" HPOS="1830"/>
<String CS="1" CONTENT="&#8230;"/>
<SP HEIGHT="57" WIDTH="84" VPOS="910" HPOS="1927"/>
<String CONTENT="Indiana" HEIGHT="137" WIDTH="1966" VPOS="910" HPOS="122"/>
<SP HEIGHT="39" WIDTH="29" VPOS="1008" HPOS="308"/>
<String CONTENT="ed." HEIGHT="57" WIDTH="91" VPOS="989" HPOS="338"/>
<SP HEIGHT="56" WIDTH="82" VPOS="989" HPOS="430"/>
<String CONTENT="Boston," HEIGHT="68" WIDTH="256" VPOS="989" HPOS="513"/>
</TextLine>
<TextLine HEIGHT="153" WIDTH="1967" VPOS="986" HPOS="120" STYLEREFS="StyleId-E554E694-1ADD-4628-9DDF-3C87DABD8E76-" CS="1">
<String CONTENT="New" HEIGHT="57" WIDTH="151" VPOS="988" HPOS="797"/>
<SP HEIGHT="56" WIDTH="25" VPOS="987" HPOS="949"/>
<String CONTENT="York" HEIGHT="57" WIDTH="173" VPOS="987" HPOS="975"/>
<SP HEIGHT="72" WIDTH="29" VPOS="988" HPOS="1149"/>
<String CONTENT="[etc.]" HEIGHT="69" WIDTH="145" VPOS="991" HPOS="1179"/>
<SP HEIGHT="72" WIDTH="30" VPOS="987" HPOS="1325"/>
<String CONTENT="D." HEIGHT="61" WIDTH="73" VPOS="987" HPOS="1356"/>
<SP HEIGHT="62" WIDTH="34" VPOS="986" HPOS="1430"/>
<String CONTENT="C." HEIGHT="59" WIDTH="65" VPOS="986" HPOS="1465"/>
<SP HEIGHT="57" WIDTH="29" VPOS="986" HPOS="1531"/>
<String CONTENT="Heath" HEIGHT="58" WIDTH="211" VPOS="986" HPOS="1561"/>
<SP HEIGHT="57" WIDTH="28" VPOS="987" HPOS="1773"/>
<String CONTENT="and" HEIGHT="56" WIDTH="124" VPOS="988" HPOS="1802"/>
<SP HEIGHT="56" WIDTH="27" VPOS="988" HPOS="1927"/>
<String CONTENT="company" HEIGHT="133" WIDTH="1967" VPOS="1005" HPOS="120"/>
<SP HEIGHT="53" WIDTH="32" VPOS="1086" HPOS="291"/>
<String CONTENT="[" HEIGHT="43" WIDTH="13" VPOS="1096" HPOS="324"/>
<String STYLE="superscript" CONTENT="c" HEIGHT="21" WIDTH="20" VPOS="1075" HPOS="337"/>
<String CONTENT="1926]" HEIGHT="71" WIDTH="163" VPOS="1067" HPOS="361"/>
</TextLine>
<TextLine HEIGHT="54" WIDTH="719" VPOS="1142" HPOS="191" CS="1">
<String LANG="de" CONTENT="ix," HEIGHT="49" WIDTH="61" VPOS="1144" HPOS="191"/>
<SP HEIGHT="32" WIDTH="29" VPOS="1161" HPOS="253"/>
<String CONTENT="[1]," HEIGHT="50" WIDTH="70" VPOS="1146" HPOS="283"/>
<SP HEIGHT="51" WIDTH="27" VPOS="1145" HPOS="354"/>
<String CONTENT="249" HEIGHT="42" WIDTH="79" VPOS="1145" HPOS="382"/>
<SP HEIGHT="50" WIDTH="24" VPOS="1145" HPOS="462"/>
<String CONTENT="p." HEIGHT="37" WIDTH="39" VPOS="1158" HPOS="487"/>
<SP HEIGHT="43" WIDTH="61" VPOS="1143" HPOS="527"/>
<String CONTENT="illus." HEIGHT="44" WIDTH="113" VPOS="1142" HPOS="589"/>
<SP HEIGHT="41" WIDTH="62" VPOS="1144" HPOS="703"/>
<String CS="1" CONTENT="19&#189;c" HEIGHT="43" WIDTH="49" VPOS="1143" HPOS="766"/>
<String STYLE="superscript" CONTENT="m" HEIGHT="16" WIDTH="29" VPOS="1145" HPOS="866"/>
<String CONTENT="." HEIGHT="7" WIDTH="8" VPOS="1177" HPOS="902"/>
</TextLine>
<TextLine HEIGHT="56" WIDTH="1874" VPOS="1197" HPOS="122">
<String CONTENT="&#169;" HEIGHT="53" WIDTH="52" VPOS="1199" HPOS="122"/>
<SP HEIGHT="54" WIDTH="27" VPOS="1199" HPOS="175"/>
<String CONTENT="Jan." HEIGHT="51" WIDTH="98" VPOS="1202" HPOS="203"/>
<SP HEIGHT="43" WIDTH="28" VPOS="1201" HPOS="302"/>
<String CONTENT="21," HEIGHT="50" WIDTH="67" VPOS="1201" HPOS="331"/>
<SP HEIGHT="49" WIDTH="32" VPOS="1202" HPOS="399"/>
<String CONTENT="1926;" HEIGHT="51" WIDTH="128" VPOS="1200" HPOS="432"/>
<SP HEIGHT="51" WIDTH="29" VPOS="1200" HPOS="561"/>
<String CONTENT="2c." HEIGHT="42" WIDTH="65" VPOS="1200" HPOS="591"/>
<SP HEIGHT="28" WIDTH="31" VPOS="1214" HPOS="657"/>
<String CONTENT="and" HEIGHT="41" WIDTH="85" VPOS="1201" HPOS="689"/>
<SP HEIGHT="41" WIDTH="29" VPOS="1201" HPOS="775"/>
<String CONTENT="aff." HEIGHT="42" WIDTH="78" VPOS="1200" HPOS="805"/>
<SP HEIGHT="43" WIDTH="30" VPOS="1198" HPOS="884"/>
<String CONTENT="Feb." HEIGHT="44" WIDTH="105" VPOS="1198" HPOS="915"/>
<SP HEIGHT="42" WIDTH="28" VPOS="1200" HPOS="1021"/>
<String CONTENT="23;" HEIGHT="50" WIDTH="77" VPOS="1200" HPOS="1050"/>
<SP HEIGHT="51" WIDTH="32" VPOS="1199" HPOS="1128"/>
<!-- cceid FBE27BB7-6E1A-1014-9B7B-CA07F191E62B --><String CONTENT="A" HEIGHT="42" WIDTH="43" VPOS="1199" HPOS="1161"/>
<SP HEIGHT="44" WIDTH="29" VPOS="1199" HPOS="1205"/>
<String CONTENT="883374;" HEIGHT="52" WIDTH="189" VPOS="1198" HPOS="1235"/>
<SP HEIGHT="51" WIDTH="34" VPOS="1199" HPOS="1425"/>
<String CONTENT="D." HEIGHT="43" WIDTH="56" VPOS="1199" HPOS="1460"/>
<SP HEIGHT="45" WIDTH="30" VPOS="1197" HPOS="1517"/>
<String CONTENT="C." HEIGHT="45" WIDTH="49" VPOS="1197" HPOS="1548"/>
<SP HEIGHT="42" WIDTH="30" VPOS="1199" HPOS="1598"/>
<String CONTENT="Heath" HEIGHT="43" WIDTH="153" VPOS="1198" HPOS="1629"/>
<SP HEIGHT="43" WIDTH="30" VPOS="1198" HPOS="1783"/>
<String CONTENT="and" HEIGHT="42" WIDTH="86" VPOS="1199" HPOS="1814"/>
<SP HEIGHT="42" WIDTH="30" VPOS="1199" HPOS="1901"/>
<String CONTENT="co." HEIGHT="28" WIDTH="64" VPOS="1212" HPOS="1932"/>
</TextLine>
<TextLine HEIGHT="55" WIDTH="241" VPOS="1255" HPOS="200">
<String CONTENT="(26-4955)" HEIGHT="55" WIDTH="241" VPOS="1255" HPOS="200"/>
</TextLine>
<TextLine HEIGHT="73" WIDTH="1110" VPOS="1353" HPOS="122" STYLEREFS="StyleId-E554E694-1ADD-4628-9DDF-3C87DABD8E76-">
<String CONTENT="Miller," HEIGHT="72" WIDTH="223" VPOS="1354" HPOS="122"/>
<SP HEIGHT="72" WIDTH="33" VPOS="1354" HPOS="346"/>
<String CONTENT="Warren" HEIGHT="58" WIDTH="269" VPOS="1354" HPOS="380"/>
<SP HEIGHT="56" WIDTH="32" VPOS="1354" HPOS="650"/>
<String CONTENT="Hastings," HEIGHT="72" WIDTH="323" VPOS="1353" HPOS="683"/>
<SP HEIGHT="65" WIDTH="37" VPOS="1357" HPOS="1007"/>
<String CONTENT="1876-" HEIGHT="57" WIDTH="187" VPOS="1355" HPOS="1045"/>
</TextLine>
<TextLine HEIGHT="74" WIDTH="1916" VPOS="1443" HPOS="197" STYLEREFS="StyleId-E554E694-1ADD-4628-9DDF-3C87DABD8E76-">
<String CONTENT="The" HEIGHT="57" WIDTH="130" VPOS="1446" HPOS="197"/>
<SP HEIGHT="57" WIDTH="45" VPOS="1445" HPOS="328"/>
<String CONTENT="American" HEIGHT="58" WIDTH="335" VPOS="1444" HPOS="374"/>
<SP HEIGHT="57" WIDTH="44" VPOS="1444" HPOS="710"/>
<String CONTENT="hunting" HEIGHT="73" WIDTH="266" VPOS="1444" HPOS="755"/>
<SP HEIGHT="73" WIDTH="45" VPOS="1444" HPOS="1022"/>
<String CONTENT="dog;" HEIGHT="73" WIDTH="152" VPOS="1444" HPOS="1068"/>
<SP HEIGHT="53" WIDTH="47" VPOS="1462" HPOS="1221"/>
<String CONTENT="modern" HEIGHT="58" WIDTH="258" VPOS="1444" HPOS="1269"/>
<SP HEIGHT="40" WIDTH="46" VPOS="1462" HPOS="1528"/>
<String CONTENT="strains" HEIGHT="60" WIDTH="234" VPOS="1443" HPOS="1575"/>
<SP HEIGHT="40" WIDTH="48" VPOS="1463" HPOS="1810"/>
<String CONTENT="of" HEIGHT="58" WIDTH="68" VPOS="1444" HPOS="1859"/>
<SP HEIGHT="58" WIDTH="43" VPOS="1444" HPOS="1928"/>
<String CONTENT="bird" HEIGHT="59" WIDTH="141" VPOS="1443" HPOS="1972"/>
</TextLine>
<TextLine HEIGHT="76" WIDTH="1991" VPOS="1521" HPOS="120" STYLEREFS="StyleId-E554E694-1ADD-4628-9DDF-3C87DABD8E76-">
<String CONTENT="dogs" HEIGHT="72" WIDTH="151" VPOS="1525" HPOS="120"/>
<SP HEIGHT="38" WIDTH="34" VPOS="1544" HPOS="272"/>
<String CONTENT="and" HEIGHT="56" WIDTH="123" VPOS="1525" HPOS="307"/>
<SP HEIGHT="58" WIDTH="28" VPOS="1523" HPOS="431"/>
<String CONTENT="hounds," HEIGHT="74" WIDTH="259" VPOS="1523" HPOS="460"/>
<SP HEIGHT="53" WIDTH="34" VPOS="1544" HPOS="720"/>
<String CONTENT="and" HEIGHT="58" WIDTH="121" VPOS="1524" HPOS="755"/>
<SP HEIGHT="56" WIDTH="32" VPOS="1524" HPOS="877"/>
<String CONTENT="their" HEIGHT="58" WIDTH="163" VPOS="1523" HPOS="910"/>
<SP HEIGHT="57" WIDTH="30" VPOS="1521" HPOS="1074"/>
<String CONTENT="field" HEIGHT="59" WIDTH="146" VPOS="1521" HPOS="1105"/>
<SP HEIGHT="56" WIDTH="30" VPOS="1524" HPOS="1252"/>
<String CONTENT="training," HEIGHT="73" WIDTH="298" VPOS="1522" HPOS="1283"/>
<SP HEIGHT="70" WIDTH="32" VPOS="1523" HPOS="1582"/>
<String CONTENT="by" HEIGHT="71" WIDTH="83" VPOS="1523" HPOS="1615"/>
<SP HEIGHT="72" WIDTH="28" VPOS="1522" HPOS="1699"/>
<String CONTENT="Warren" HEIGHT="58" WIDTH="270" VPOS="1522" HPOS="1728"/>
<SP HEIGHT="58" WIDTH="31" VPOS="1521" HPOS="1999"/>
<String CONTENT="H." HEIGHT="58" WIDTH="80" VPOS="1521" HPOS="2031"/>
</TextLine>
<TextLine HEIGHT="153" WIDTH="1969" VPOS="1600" HPOS="119" STYLEREFS="StyleId-E554E694-1ADD-4628-9DDF-3C87DABD8E76-" CS="1">
<String CONTENT="Miller" HEIGHT="56" WIDTH="207" VPOS="1603" HPOS="121"/>
<SP HEIGHT="39" WIDTH="52" VPOS="1621" HPOS="329"/>
<String CS="1" CONTENT="&#8230;"/>
<SP HEIGHT="58" WIDTH="84" VPOS="1602" HPOS="445"/>
<String CONTENT="New" HEIGHT="56" WIDTH="149" VPOS="1602" HPOS="530"/>
<SP HEIGHT="56" WIDTH="45" VPOS="1601" HPOS="680"/>
<String CONTENT="York," HEIGHT="71" WIDTH="188" VPOS="1601" HPOS="726"/>
<SP HEIGHT="72" WIDTH="48" VPOS="1600" HPOS="915"/>
<String CONTENT="London," HEIGHT="71" WIDTH="277" VPOS="1600" HPOS="964"/>
<SP HEIGHT="71" WIDTH="47" VPOS="1600" HPOS="1242"/>
<String CONTENT="D." HEIGHT="57" WIDTH="74" VPOS="1600" HPOS="1290"/>
<SP HEIGHT="56" WIDTH="51" VPOS="1601" HPOS="1365"/>
<String CONTENT="Appleton" HEIGHT="72" WIDTH="318" VPOS="1600" HPOS="1417"/>
<SP HEIGHT="40" WIDTH="47" VPOS="1619" HPOS="1736"/>
<String CONTENT="and" HEIGHT="59" WIDTH="124" VPOS="1600" HPOS="1784"/>
<SP HEIGHT="58" WIDTH="47" VPOS="1600" HPOS="1909"/>
<String CONTENT="company," HEIGHT="135" WIDTH="1969" VPOS="1618" HPOS="119"/>
<SP HEIGHT="71" WIDTH="30" VPOS="1682" HPOS="303"/>
<String CONTENT="1926." HEIGHT="56" WIDTH="164" VPOS="1681" HPOS="334"/>
</TextLine>
<TextLine HEIGHT="56" WIDTH="1449" VPOS="1754" HPOS="190" CS="1">
<String CONTENT="viii" HEIGHT="43" WIDTH="75" VPOS="1757" HPOS="190"/>
<SP HEIGHT="53" WIDTH="31" VPOS="1757" HPOS="266"/>
<String CONTENT="p.," HEIGHT="37" WIDTH="55" VPOS="1773" HPOS="298"/>
<SP HEIGHT="49" WIDTH="27" VPOS="1758" HPOS="354"/>
<String CONTENT="3" HEIGHT="42" WIDTH="23" VPOS="1758" HPOS="382"/>
<SP HEIGHT="42" WIDTH="32" VPOS="1758" HPOS="406"/>
<String CS="1" CONTENT="l.," HEIGHT="11" WIDTH="22" VPOS="1792" HPOS="457"/>
<SP HEIGHT="44" WIDTH="34" VPOS="1759" HPOS="480"/>
<String CONTENT="13-252" HEIGHT="45" WIDTH="160" VPOS="1754" HPOS="515"/>
<SP HEIGHT="50" WIDTH="30" VPOS="1758" HPOS="676"/>
<String CONTENT="p." HEIGHT="37" WIDTH="38" VPOS="1771" HPOS="707"/>
<SP HEIGHT="43" WIDTH="76" VPOS="1755" HPOS="746"/>
<String CONTENT="front.," HEIGHT="51" WIDTH="152" VPOS="1755" HPOS="823"/>
<SP HEIGHT="37" WIDTH="30" VPOS="1771" HPOS="976"/>
<String CONTENT="plates," HEIGHT="52" WIDTH="151" VPOS="1756" HPOS="1007"/>
<SP HEIGHT="38" WIDTH="33" VPOS="1769" HPOS="1159"/>
<String CONTENT="plan," HEIGHT="50" WIDTH="116" VPOS="1757" HPOS="1193"/>
<SP HEIGHT="43" WIDTH="29" VPOS="1762" HPOS="1310"/>
<String CONTENT="tab." HEIGHT="44" WIDTH="89" VPOS="1755" HPOS="1340"/>
<SP HEIGHT="42" WIDTH="56" VPOS="1756" HPOS="1430"/>
<String CS="1" CONTENT="22&#189;" HEIGHT="42" WIDTH="55" VPOS="1756" HPOS="1487"/>
<String STYLE="superscript" CONTENT="cm" HEIGHT="18" WIDTH="46" VPOS="1757" HPOS="1577"/>
<String CONTENT="." HEIGHT="8" WIDTH="8" VPOS="1790" HPOS="1631"/>
</TextLine>
<TextLine HEIGHT="56" WIDTH="1876" VPOS="1811" HPOS="122">
<String CONTENT="&#169;" HEIGHT="54" WIDTH="52" VPOS="1813" HPOS="122"/>
<SP HEIGHT="54" WIDTH="29" VPOS="1813" HPOS="175"/>
<String CONTENT="Feb." HEIGHT="44" WIDTH="105" VPOS="1814" HPOS="205"/>
<SP HEIGHT="41" WIDTH="34" VPOS="1816" HPOS="311"/>
<String CONTENT="19," HEIGHT="49" WIDTH="60" VPOS="1815" HPOS="346"/>
<SP HEIGHT="48" WIDTH="33" VPOS="1816" HPOS="407"/>
<String CONTENT="1926" HEIGHT="43" WIDTH="107" VPOS="1814" HPOS="441"/>
<SP HEIGHT="51" WIDTH="11" VPOS="1814" HPOS="549"/>
<String CONTENT=";" HEIGHT="36" WIDTH="8" VPOS="1829" HPOS="561"/>
<SP HEIGHT="51" WIDTH="30" VPOS="1814" HPOS="570"/>
<String CONTENT="2c." HEIGHT="42" WIDTH="64" VPOS="1814" HPOS="601"/>
<SP HEIGHT="27" WIDTH="29" VPOS="1829" HPOS="666"/>
<String CONTENT="and" HEIGHT="42" WIDTH="86" VPOS="1814" HPOS="696"/>
<SP HEIGHT="42" WIDTH="29" VPOS="1814" HPOS="783"/>
<String CONTENT="aff." HEIGHT="42" WIDTH="78" VPOS="1814" HPOS="813"/>
<SP HEIGHT="44" WIDTH="31" VPOS="1812" HPOS="892"/>
<String CONTENT="Feb." HEIGHT="44" WIDTH="105" VPOS="1812" HPOS="924"/>
<SP HEIGHT="42" WIDTH="27" VPOS="1814" HPOS="1030"/>
<String CONTENT="23;" HEIGHT="51" WIDTH="78" VPOS="1814" HPOS="1058"/>
<SP HEIGHT="52" WIDTH="31" VPOS="1813" HPOS="1137"/>
<!-- cceid FBE303BF-6E1A-1014-9B7B-CA07F191E62B --><String CONTENT="A" HEIGHT="42" WIDTH="43" VPOS="1813" HPOS="1169"/>
<SP HEIGHT="43" WIDTH="30" VPOS="1813" HPOS="1213"/>
<String CONTENT="883394;" HEIGHT="52" WIDTH="188" VPOS="1813" HPOS="1244"/>
<SP HEIGHT="51" WIDTH="35" VPOS="1814" HPOS="1433"/>
<String CONTENT="D." HEIGHT="42" WIDTH="56" VPOS="1814" HPOS="1469"/>
<SP HEIGHT="43" WIDTH="30" VPOS="1813" HPOS="1526"/>
<String CONTENT="Appleton" HEIGHT="54" WIDTH="229" VPOS="1811" HPOS="1557"/>
<SP HEIGHT="28" WIDTH="27" VPOS="1828" HPOS="1787"/>
<String CONTENT="and" HEIGHT="42" WIDTH="87" VPOS="1814" HPOS="1815"/>
<SP HEIGHT="42" WIDTH="29" VPOS="1814" HPOS="1903"/>
<String CONTENT="co." HEIGHT="28" WIDTH="65" VPOS="1828" HPOS="1933"/>
</TextLine>
<TextLine HEIGHT="55" WIDTH="241" VPOS="1870" HPOS="200">
<String CONTENT="(26-5163)" HEIGHT="55" WIDTH="241" VPOS="1870" HPOS="200"/>
</TextLine>
<TextLine HEIGHT="74" WIDTH="1987" VPOS="1967" HPOS="122" STYLEREFS="StyleId-291DCB0A-E43A-4542-9C4E-A9264A370773-">
<String CONTENT="Missouri." HEIGHT="58" WIDTH="312" VPOS="1968" HPOS="122"/>
<SP HEIGHT="57" WIDTH="69" VPOS="1970" HPOS="435"/>
<String CONTENT="St." HEIGHT="57" WIDTH="93" VPOS="1970" HPOS="505"/>
<SP HEIGHT="54" WIDTH="29" VPOS="1971" HPOS="599"/>
<String CONTENT="Louis," HEIGHT="70" WIDTH="209" VPOS="1968" HPOS="629"/>
<SP HEIGHT="69" WIDTH="28" VPOS="1969" HPOS="839"/>
<String CONTENT="Kansas" HEIGHT="56" WIDTH="251" VPOS="1969" HPOS="868"/>
<SP HEIGHT="57" WIDTH="33" VPOS="1970" HPOS="1120"/>
<String CONTENT="City" HEIGHT="73" WIDTH="146" VPOS="1967" HPOS="1154"/>
<SP HEIGHT="52" WIDTH="27" VPOS="1988" HPOS="1301"/>
<String CONTENT="and" HEIGHT="56" WIDTH="122" VPOS="1970" HPOS="1329"/>
<SP HEIGHT="57" WIDTH="31" VPOS="1969" HPOS="1452"/>
<String CONTENT="Springfield" HEIGHT="74" WIDTH="385" VPOS="1967" HPOS="1484"/>
<SP HEIGHT="57" WIDTH="34" VPOS="1970" HPOS="1870"/>
<String CONTENT="courts" HEIGHT="53" WIDTH="204" VPOS="1973" HPOS="1905"/>
</TextLine>
<TextLine HEIGHT="74" WIDTH="367" VPOS="2046" HPOS="198" STYLEREFS="StyleId-291DCB0A-E43A-4542-9C4E-A9264A370773-">
<String CONTENT="of" HEIGHT="73" WIDTH="66" VPOS="2047" HPOS="198"/>
<SP HEIGHT="73" WIDTH="28" VPOS="2047" HPOS="265"/>
<String CONTENT="appeals." HEIGHT="74" WIDTH="271" VPOS="2046" HPOS="294"/>
</TextLine>
<TextLine HEIGHT="71" WIDTH="1914" VPOS="2137" HPOS="201" STYLEREFS="StyleId-E554E694-1ADD-4628-9DDF-3C87DABD8E76-" CS="1">
<String CONTENT="Cases" HEIGHT="58" WIDTH="190" VPOS="2138" HPOS="201"/>
<SP HEIGHT="56" WIDTH="37" VPOS="2139" HPOS="392"/>
<String CONTENT="determined" HEIGHT="57" WIDTH="387" VPOS="2138" HPOS="430"/>
<SP HEIGHT="56" WIDTH="40" VPOS="2139" HPOS="818"/>
<String CS="1" CONTENT="&#8230;"/>
<SP HEIGHT="39" WIDTH="42" VPOS="2157" HPOS="920"/>
<String CONTENT="reported" HEIGHT="70" WIDTH="295" VPOS="2138" HPOS="963"/>
<SP HEIGHT="56" WIDTH="35" VPOS="2138" HPOS="1259"/>
<String CONTENT="for" HEIGHT="56" WIDTH="103" VPOS="2138" HPOS="1295"/>
<SP HEIGHT="53" WIDTH="33" VPOS="2141" HPOS="1399"/>
<String CONTENT="the" HEIGHT="57" WIDTH="103" VPOS="2138" HPOS="1433"/>
<SP HEIGHT="58" WIDTH="39" VPOS="2137" HPOS="1537"/>
<String CONTENT="St." HEIGHT="58" WIDTH="90" VPOS="2137" HPOS="1577"/>
<SP HEIGHT="56" WIDTH="37" VPOS="2138" HPOS="1668"/>
<String CONTENT="Louis" HEIGHT="57" WIDTH="191" VPOS="2138" HPOS="1706"/>
<SP HEIGHT="38" WIDTH="38" VPOS="2157" HPOS="1898"/>
<String CONTENT="court" HEIGHT="54" WIDTH="178" VPOS="2142" HPOS="1937"/>
</TextLine>
<TextLine HEIGHT="73" WIDTH="1986" VPOS="2215" HPOS="123" STYLEREFS="StyleId-E554E694-1ADD-4628-9DDF-3C87DABD8E76-">
<String CONTENT="of" HEIGHT="56" WIDTH="68" VPOS="2217" HPOS="123"/>
<SP HEIGHT="56" WIDTH="37" VPOS="2217" HPOS="192"/>
<String CONTENT="appeals," HEIGHT="71" WIDTH="276" VPOS="2216" HPOS="230"/>
<SP HEIGHT="71" WIDTH="41" VPOS="2216" HPOS="507"/>
<String CONTENT="June" HEIGHT="57" WIDTH="164" VPOS="2216" HPOS="549"/>
<SP HEIGHT="55" WIDTH="41" VPOS="2217" HPOS="714"/>
<String CONTENT="6," HEIGHT="70" WIDTH="51" VPOS="2217" HPOS="756"/>
<SP HEIGHT="70" WIDTH="44" VPOS="2217" HPOS="808"/>
<String CONTENT="1924," HEIGHT="69" WIDTH="165" VPOS="2217" HPOS="853"/>
<SP HEIGHT="67" WIDTH="42" VPOS="2219" HPOS="1019"/>
<String CONTENT="to" HEIGHT="53" WIDTH="63" VPOS="2219" HPOS="1062"/>
<SP HEIGHT="57" WIDTH="42" VPOS="2215" HPOS="1126"/>
<String CONTENT="May" HEIGHT="71" WIDTH="150" VPOS="2215" HPOS="1169"/>
<SP HEIGHT="69" WIDTH="39" VPOS="2217" HPOS="1320"/>
<String CONTENT="5," HEIGHT="71" WIDTH="51" VPOS="2217" HPOS="1360"/>
<SP HEIGHT="70" WIDTH="43" VPOS="2218" HPOS="1412"/>
<String CONTENT="1925," HEIGHT="69" WIDTH="166" VPOS="2217" HPOS="1456"/>
<SP HEIGHT="69" WIDTH="40" VPOS="2217" HPOS="1623"/>
<String CONTENT="by" HEIGHT="70" WIDTH="83" VPOS="2217" HPOS="1664"/>
<SP HEIGHT="71" WIDTH="37" VPOS="2216" HPOS="1748"/>
<String CONTENT="Alphonso" HEIGHT="71" WIDTH="323" VPOS="2216" HPOS="1786"/>
</TextLine>
<TextLine HEIGHT="74" WIDTH="1989" VPOS="2292" HPOS="121" STYLEREFS="StyleId-E554E694-1ADD-4628-9DDF-3C87DABD8E76-" CS="1">
<String CONTENT="Howe" HEIGHT="57" WIDTH="192" VPOS="2294" HPOS="121"/>
<SP HEIGHT="38" WIDTH="36" VPOS="2314" HPOS="314"/>
<String CS="1" CONTENT="&#8230;"/>
<SP HEIGHT="59" WIDTH="36" VPOS="2293" HPOS="412"/>
<String CONTENT="for" HEIGHT="56" WIDTH="103" VPOS="2293" HPOS="449"/>
<SP HEIGHT="52" WIDTH="30" VPOS="2297" HPOS="553"/>
<String CONTENT="the" HEIGHT="57" WIDTH="102" VPOS="2293" HPOS="584"/>
<SP HEIGHT="57" WIDTH="29" VPOS="2293" HPOS="687"/>
<String CONTENT="Kansas" HEIGHT="57" WIDTH="255" VPOS="2293" HPOS="717"/>
<SP HEIGHT="58" WIDTH="36" VPOS="2292" HPOS="973"/>
<String CONTENT="City" HEIGHT="72" WIDTH="145" VPOS="2292" HPOS="1010"/>
<SP HEIGHT="51" WIDTH="27" VPOS="2313" HPOS="1156"/>
<String CONTENT="court" HEIGHT="55" WIDTH="176" VPOS="2295" HPOS="1184"/>
<SP HEIGHT="54" WIDTH="34" VPOS="2295" HPOS="1361"/>
<String CONTENT="of" HEIGHT="55" WIDTH="67" VPOS="2294" HPOS="1396"/>
<SP HEIGHT="55" WIDTH="29" VPOS="2294" HPOS="1464"/>
<String CONTENT="appeals," HEIGHT="72" WIDTH="277" VPOS="2294" HPOS="1494"/>
<SP HEIGHT="73" WIDTH="33" VPOS="2293" HPOS="1772"/>
<String CONTENT="March" HEIGHT="58" WIDTH="219" VPOS="2293" HPOS="1806"/>
<SP HEIGHT="57" WIDTH="33" VPOS="2294" HPOS="2026"/>
<String CONTENT="3," HEIGHT="70" WIDTH="50" VPOS="2296" HPOS="2060"/>
</TextLine>
<TextLine HEIGHT="74" WIDTH="1990" VPOS="2370" HPOS="123" STYLEREFS="StyleId-E554E694-1ADD-4628-9DDF-3C87DABD8E76-" CS="1">
<String CONTENT="1924," HEIGHT="71" WIDTH="163" VPOS="2373" HPOS="123"/>
<SP HEIGHT="69" WIDTH="33" VPOS="2375" HPOS="287"/>
<String CONTENT="to" HEIGHT="53" WIDTH="64" VPOS="2375" HPOS="321"/>
<SP HEIGHT="56" WIDTH="33" VPOS="2371" HPOS="386"/>
<String CONTENT="April" HEIGHT="72" WIDTH="186" VPOS="2370" HPOS="420"/>
<SP HEIGHT="56" WIDTH="34" VPOS="2371" HPOS="607"/>
<String CONTENT="7," HEIGHT="69" WIDTH="49" VPOS="2373" HPOS="642"/>
<SP HEIGHT="69" WIDTH="34" VPOS="2373" HPOS="692"/>
<String CONTENT="1924," HEIGHT="71" WIDTH="165" VPOS="2372" HPOS="727"/>
<SP HEIGHT="71" WIDTH="33" VPOS="2372" HPOS="893"/>
<String CONTENT="by" HEIGHT="69" WIDTH="83" VPOS="2372" HPOS="927"/>
<SP HEIGHT="70" WIDTH="30" VPOS="2371" HPOS="1011"/>
<String CONTENT="James" HEIGHT="57" WIDTH="215" VPOS="2371" HPOS="1042"/>
<SP HEIGHT="56" WIDTH="36" VPOS="2371" HPOS="1258"/>
<String CONTENT="P." HEIGHT="55" WIDTH="69" VPOS="2371" HPOS="1295"/>
<SP HEIGHT="55" WIDTH="34" VPOS="2371" HPOS="1365"/>
<String CONTENT="Aylward" HEIGHT="71" WIDTH="301" VPOS="2371" HPOS="1400"/>
<SP HEIGHT="59" WIDTH="40" VPOS="2372" HPOS="1702"/>
<String CS="1" CONTENT="&#8230;"/>
<SP HEIGHT="40" WIDTH="41" VPOS="2391" HPOS="1805"/>
<String CONTENT="and" HEIGHT="56" WIDTH="124" VPOS="2373" HPOS="1847"/>
<SP HEIGHT="57" WIDTH="35" VPOS="2372" HPOS="1972"/>
<String CONTENT="for" HEIGHT="57" WIDTH="105" VPOS="2372" HPOS="2008"/>
</TextLine>
<TextLine HEIGHT="75" WIDTH="1989" VPOS="2447" HPOS="120" STYLEREFS="StyleId-E554E694-1ADD-4628-9DDF-3C87DABD8E76-">
<String CONTENT="the" HEIGHT="56" WIDTH="103" VPOS="2449" HPOS="120"/>
<SP HEIGHT="58" WIDTH="45" VPOS="2448" HPOS="224"/>
<String CONTENT="Springfield" HEIGHT="73" WIDTH="380" VPOS="2447" HPOS="270"/>
<SP HEIGHT="56" WIDTH="43" VPOS="2449" HPOS="651"/>
<String CONTENT="court" HEIGHT="52" WIDTH="178" VPOS="2452" HPOS="695"/>
<SP HEIGHT="52" WIDTH="41" VPOS="2452" HPOS="874"/>
<String CONTENT="of" HEIGHT="55" WIDTH="67" VPOS="2448" HPOS="916"/>
<SP HEIGHT="56" WIDTH="43" VPOS="2448" HPOS="984"/>
<String CONTENT="appeals," HEIGHT="72" WIDTH="277" VPOS="2448" HPOS="1028"/>
<SP HEIGHT="71" WIDTH="43" VPOS="2449" HPOS="1306"/>
<String CONTENT="December" HEIGHT="57" WIDTH="343" VPOS="2449" HPOS="1350"/>
<SP HEIGHT="55" WIDTH="41" VPOS="2451" HPOS="1694"/>
<String CONTENT="7," HEIGHT="70" WIDTH="50" VPOS="2451" HPOS="1736"/>
<SP HEIGHT="69" WIDTH="46" VPOS="2452" HPOS="1787"/>
<String CONTENT="1923," HEIGHT="71" WIDTH="167" VPOS="2451" HPOS="1834"/>
<SP HEIGHT="69" WIDTH="44" VPOS="2453" HPOS="2002"/>
<String CONTENT="to" HEIGHT="54" WIDTH="62" VPOS="2453" HPOS="2047"/>
</TextLine>
<TextLine HEIGHT="72" WIDTH="1989" VPOS="2525" HPOS="121" STYLEREFS="StyleId-E554E694-1ADD-4628-9DDF-3C87DABD8E76-" CS="1">
<String CONTENT="December" HEIGHT="56" WIDTH="341" VPOS="2527" HPOS="121"/>
<SP HEIGHT="53" WIDTH="42" VPOS="2528" HPOS="463"/>
<String CONTENT="7," HEIGHT="64" WIDTH="50" VPOS="2528" HPOS="506"/>
<SP HEIGHT="64" WIDTH="45" VPOS="2528" HPOS="557"/>
<String CONTENT="1924," HEIGHT="71" WIDTH="166" VPOS="2526" HPOS="603"/>
<SP HEIGHT="71" WIDTH="42" VPOS="2526" HPOS="770"/>
<String CONTENT="by" HEIGHT="71" WIDTH="84" VPOS="2526" HPOS="813"/>
<SP HEIGHT="72" WIDTH="41" VPOS="2525" HPOS="898"/>
<String CONTENT="George" HEIGHT="72" WIDTH="241" VPOS="2525" HPOS="940"/>
<SP HEIGHT="58" WIDTH="45" VPOS="2525" HPOS="1182"/>
<String CONTENT="H." HEIGHT="56" WIDTH="77" VPOS="2525" HPOS="1228"/>
<SP HEIGHT="58" WIDTH="52" VPOS="2526" HPOS="1306"/>
<String CONTENT="Scidmore" HEIGHT="58" WIDTH="319" VPOS="2526" HPOS="1359"/>
<SP HEIGHT="40" WIDTH="49" VPOS="2545" HPOS="1679"/>
<String CS="1" CONTENT="&#8230;"/>
<SP HEIGHT="39" WIDTH="85" VPOS="2547" HPOS="1793"/>
<String CONTENT="v." HEIGHT="37" WIDTH="57" VPOS="2547" HPOS="1879"/>
<SP HEIGHT="55" WIDTH="45" VPOS="2529" HPOS="1937"/>
<String CONTENT="216." HEIGHT="55" WIDTH="127" VPOS="2529" HPOS="1983"/>
</TextLine>
<TextLine HEIGHT="76" WIDTH="1832" VPOS="2603" HPOS="124" STYLEREFS="StyleId-E554E694-1ADD-4628-9DDF-3C87DABD8E76-">
<String CONTENT="Columbia," HEIGHT="72" WIDTH="338" VPOS="2603" HPOS="124"/>
<SP HEIGHT="72" WIDTH="34" VPOS="2603" HPOS="463"/>
<String CONTENT="Mo.," HEIGHT="72" WIDTH="141" VPOS="2603" HPOS="498"/>
<SP HEIGHT="72" WIDTH="33" VPOS="2603" HPOS="640"/>
<String LANG="la" CONTENT="E." HEIGHT="56" WIDTH="71" VPOS="2603" HPOS="674"/>
<SP HEIGHT="57" WIDTH="31" VPOS="2603" HPOS="746"/>
<String CONTENT="W." HEIGHT="57" WIDTH="96" VPOS="2603" HPOS="778"/>
<SP HEIGHT="58" WIDTH="35" VPOS="2603" HPOS="875"/>
<String CONTENT="Stephens" HEIGHT="72" WIDTH="309" VPOS="2603" HPOS="911"/>
<SP HEIGHT="53" WIDTH="32" VPOS="2622" HPOS="1221"/>
<String CONTENT="publishing" HEIGHT="75" WIDTH="364" VPOS="2603" HPOS="1254"/>
<SP HEIGHT="54" WIDTH="30" VPOS="2624" HPOS="1619"/>
<String CONTENT="co." HEIGHT="38" WIDTH="85" VPOS="2624" HPOS="1650"/>
<SP HEIGHT="43" WIDTH="37" VPOS="2636" HPOS="1736"/>
<String CONTENT="[1925]" HEIGHT="72" WIDTH="182" VPOS="2607" HPOS="1774"/>
</TextLine>
<TextLine HEIGHT="53" WIDTH="693" VPOS="2679" HPOS="188" CS="1">
<String CONTENT="xxiv," HEIGHT="51" WIDTH="126" VPOS="2681" HPOS="188"/>
<SP HEIGHT="53" WIDTH="38" VPOS="2679" HPOS="315"/>
<String CONTENT="772," HEIGHT="53" WIDTH="93" VPOS="2679" HPOS="354"/>
<SP HEIGHT="35" WIDTH="36" VPOS="2697" HPOS="448"/>
<String CONTENT="xviii" HEIGHT="43" WIDTH="111" VPOS="2681" HPOS="485"/>
<SP HEIGHT="50" WIDTH="36" VPOS="2682" HPOS="597"/>
<String CONTENT="p." HEIGHT="37" WIDTH="39" VPOS="2695" HPOS="634"/>
<SP HEIGHT="42" WIDTH="58" VPOS="2681" HPOS="674"/>
<String CS="1" CONTENT="22&#189;" HEIGHT="41" WIDTH="54" VPOS="2681" HPOS="733"/>
<String STYLE="superscript" CONTENT="cm" HEIGHT="17" WIDTH="46" VPOS="2684" HPOS="820"/>
<String CONTENT="." HEIGHT="8" WIDTH="8" VPOS="2715" HPOS="873"/>
</TextLine>
<TextLine HEIGHT="58" WIDTH="1990" VPOS="2734" HPOS="121">
<String CONTENT="&#169;" HEIGHT="54" WIDTH="53" VPOS="2734" HPOS="121"/>
<SP HEIGHT="54" WIDTH="27" VPOS="2734" HPOS="175"/>
<String CONTENT="Dec." HEIGHT="43" WIDTH="106" VPOS="2737" HPOS="203"/>
<SP HEIGHT="42" WIDTH="28" VPOS="2738" HPOS="310"/>
<String CONTENT="30," HEIGHT="51" WIDTH="66" VPOS="2737" HPOS="339"/>
<SP HEIGHT="49" WIDTH="30" VPOS="2739" HPOS="406"/>
<String CONTENT="1925;" HEIGHT="53" WIDTH="128" VPOS="2735" HPOS="437"/>
<SP HEIGHT="51" WIDTH="27" VPOS="2737" HPOS="566"/>
<String CONTENT="2c." HEIGHT="43" WIDTH="65" VPOS="2737" HPOS="594"/>
<SP HEIGHT="52" WIDTH="29" VPOS="2737" HPOS="660"/>
<String CONTENT="Jan." HEIGHT="52" WIDTH="98" VPOS="2737" HPOS="690"/>
<SP HEIGHT="41" WIDTH="32" VPOS="2738" HPOS="789"/>
<String CONTENT="12," HEIGHT="51" WIDTH="61" VPOS="2737" HPOS="822"/>
<SP HEIGHT="49" WIDTH="30" VPOS="2739" HPOS="884"/>
<String CONTENT="1926;" HEIGHT="51" WIDTH="130" VPOS="2737" HPOS="915"/>
<SP HEIGHT="36" WIDTH="29" VPOS="2752" HPOS="1046"/>
<String CONTENT="aff." HEIGHT="43" WIDTH="78" VPOS="2737" HPOS="1076"/>
<SP HEIGHT="44" WIDTH="30" VPOS="2736" HPOS="1155"/>
<String CONTENT="Feb." HEIGHT="45" WIDTH="107" VPOS="2736" HPOS="1186"/>
<SP HEIGHT="45" WIDTH="29" VPOS="2735" HPOS="1294"/>
<String CONTENT="5;" HEIGHT="54" WIDTH="48" VPOS="2735" HPOS="1324"/>
<SP HEIGHT="52" WIDTH="31" VPOS="2737" HPOS="1373"/>
<!-- cceid FBE38F42-6E1A-1014-9B7B-CA07F191E62B --><String CONTENT="A" HEIGHT="43" WIDTH="44" VPOS="2737" HPOS="1405"/>
<SP HEIGHT="44" WIDTH="28" VPOS="2737" HPOS="1450"/>
<String CONTENT="883182;" HEIGHT="53" WIDTH="187" VPOS="2738" HPOS="1479"/>
<SP HEIGHT="53" WIDTH="32" VPOS="2738" HPOS="1667"/>
<String LANG="la" CONTENT="E." HEIGHT="47" WIDTH="53" VPOS="2738" HPOS="1700"/>
<SP HEIGHT="43" WIDTH="29" VPOS="2740" HPOS="1754"/>
<String CONTENT="W." HEIGHT="43" WIDTH="76" VPOS="2740" HPOS="1784"/>
<SP HEIGHT="47" WIDTH="31" VPOS="2738" HPOS="1861"/>
<String CONTENT="Stephens" HEIGHT="54" WIDTH="218" VPOS="2738" HPOS="1893"/>
</TextLine>
<TextLine HEIGHT="52" WIDTH="206" VPOS="2793" HPOS="192">
<String CONTENT="pub." HEIGHT="52" WIDTH="101" VPOS="2793" HPOS="192"/>
<SP HEIGHT="27" WIDTH="37" VPOS="2809" HPOS="294"/>
<String CONTENT="co." HEIGHT="28" WIDTH="66" VPOS="2808" HPOS="332"/>
</TextLine>
<TextLine HEIGHT="73" WIDTH="1222" VPOS="2889" HPOS="122" STYLEREFS="StyleId-E554E694-1ADD-4628-9DDF-3C87DABD8E76-">
<String CONTENT="Moehlman," HEIGHT="73" WIDTH="369" VPOS="2889" HPOS="122"/>
<SP HEIGHT="72" WIDTH="37" VPOS="2890" HPOS="492"/>
<String CONTENT="Arthur" HEIGHT="57" WIDTH="244" VPOS="2890" HPOS="530"/>
<SP HEIGHT="56" WIDTH="36" VPOS="2891" HPOS="775"/>
<String CONTENT="Bernard," HEIGHT="71" WIDTH="300" VPOS="2891" HPOS="812"/>
<SP HEIGHT="68" WIDTH="42" VPOS="2894" HPOS="1113"/>
<String CONTENT="1889-" HEIGHT="58" WIDTH="188" VPOS="2893" HPOS="1156"/>
</TextLine>
<TextLine HEIGHT="79" WIDTH="1912" VPOS="2980" HPOS="201" STYLEREFS="StyleId-E554E694-1ADD-4628-9DDF-3C87DABD8E76-">
<String CONTENT="Public" HEIGHT="58" WIDTH="217" VPOS="2982" HPOS="201"/>
<SP HEIGHT="37" WIDTH="37" VPOS="3003" HPOS="419"/>
<String CONTENT="education" HEIGHT="60" WIDTH="326" VPOS="2981" HPOS="457"/>
<SP HEIGHT="57" WIDTH="35" VPOS="2984" HPOS="784"/>
<String CONTENT="in" HEIGHT="57" WIDTH="64" VPOS="2984" HPOS="820"/>
<SP HEIGHT="57" WIDTH="36" VPOS="2984" HPOS="885"/>
<String CONTENT="Detroit," HEIGHT="72" WIDTH="267" VPOS="2980" HPOS="922"/>
<SP HEIGHT="65" WIDTH="37" VPOS="2987" HPOS="1190"/>
<String CONTENT="by" HEIGHT="71" WIDTH="84" VPOS="2987" HPOS="1228"/>
<SP HEIGHT="73" WIDTH="33" VPOS="2985" HPOS="1313"/>
<String CONTENT="Arthur" HEIGHT="57" WIDTH="246" VPOS="2985" HPOS="1347"/>
<SP HEIGHT="55" WIDTH="34" VPOS="2987" HPOS="1594"/>
<String CONTENT="B." HEIGHT="58" WIDTH="70" VPOS="2987" HPOS="1629"/>
<SP HEIGHT="58" WIDTH="39" VPOS="2987" HPOS="1700"/>
<String CONTENT="Moehlman," HEIGHT="72" WIDTH="373" VPOS="2987" HPOS="1740"/>
</TextLine>
<TextLine HEIGHT="151" WIDTH="1963" VPOS="3060" HPOS="125" STYLEREFS="StyleId-E554E694-1ADD-4628-9DDF-3C87DABD8E76-" CS="1">
<String CONTENT="PH." HEIGHT="39" WIDTH="102" VPOS="3079" HPOS="126"/>
<SP HEIGHT="37" WIDTH="40" VPOS="3081" HPOS="229"/>
<String LANG="la" CONTENT="d." HEIGHT="36" WIDTH="51" VPOS="3081" HPOS="270"/>
<SP HEIGHT="56" WIDTH="81" VPOS="3061" HPOS="322"/>
<String CONTENT="Bloomington," HEIGHT="72" WIDTH="459" VPOS="3060" HPOS="404"/>
<SP HEIGHT="68" WIDTH="36" VPOS="3063" HPOS="864"/>
<String CONTENT="Ill.," HEIGHT="71" WIDTH="115" VPOS="3061" HPOS="901"/>
<SP HEIGHT="71" WIDTH="37" VPOS="3061" HPOS="1017"/>
<String CONTENT="Public" HEIGHT="60" WIDTH="217" VPOS="3060" HPOS="1055"/>
<SP HEIGHT="39" WIDTH="39" VPOS="3082" HPOS="1273"/>
<String CONTENT="school" HEIGHT="60" WIDTH="207" VPOS="3062" HPOS="1313"/>
<SP HEIGHT="66" WIDTH="34" VPOS="3066" HPOS="1521"/>
<String CONTENT="publishing" HEIGHT="70" WIDTH="364" VPOS="3062" HPOS="1556"/>
<SP HEIGHT="46" WIDTH="37" VPOS="3086" HPOS="1921"/>
<String CONTENT="company," HEIGHT="125" WIDTH="1963" VPOS="3086" HPOS="125"/>
<SP HEIGHT="70" WIDTH="30" VPOS="3141" HPOS="311"/>
<String CONTENT="1925." HEIGHT="58" WIDTH="163" VPOS="3140" HPOS="342"/>
</TextLine>
<TextLine HEIGHT="54" WIDTH="1087" VPOS="3216" HPOS="192" CS="1">
<String CONTENT="263" HEIGHT="45" WIDTH="81" VPOS="3218" HPOS="192"/>
<SP HEIGHT="51" WIDTH="26" VPOS="3219" HPOS="274"/>
<String CONTENT="p." HEIGHT="39" WIDTH="40" VPOS="3231" HPOS="301"/>
<SP HEIGHT="45" WIDTH="59" VPOS="3216" HPOS="342"/>
<String CONTENT="illus." HEIGHT="46" WIDTH="119" VPOS="3216" HPOS="402"/>
<SP HEIGHT="52" WIDTH="24" VPOS="3217" HPOS="522"/>
<String CONTENT="(incl." HEIGHT="53" WIDTH="125" VPOS="3216" HPOS="547"/>
<SP HEIGHT="39" WIDTH="27" VPOS="3231" HPOS="673"/>
<String CONTENT="ports.)" HEIGHT="52" WIDTH="166" VPOS="3218" HPOS="701"/>
<SP HEIGHT="52" WIDTH="34" VPOS="3218" HPOS="868"/>
<String CONTENT="diagrs." HEIGHT="52" WIDTH="166" VPOS="3218" HPOS="903"/>
<SP HEIGHT="44" WIDTH="57" VPOS="3218" HPOS="1070"/>
<String CS="1" CONTENT="23&#189;" HEIGHT="45" WIDTH="53" VPOS="3218" HPOS="1128"/>
<String STYLE="superscript" CONTENT="cm" HEIGHT="19" WIDTH="47" VPOS="3220" HPOS="1217"/>
<String CONTENT="." HEIGHT="9" WIDTH="9" VPOS="3254" HPOS="1270"/>
</TextLine>
<TextLine HEIGHT="53" WIDTH="1723" VPOS="3274" HPOS="195">
<String CONTENT="Lettered" HEIGHT="44" WIDTH="211" VPOS="3276" HPOS="195"/>
<SP HEIGHT="43" WIDTH="29" VPOS="3277" HPOS="407"/>
<String CONTENT="on" HEIGHT="31" WIDTH="56" VPOS="3289" HPOS="437"/>
<SP HEIGHT="29" WIDTH="32" VPOS="3289" HPOS="494"/>
<String CONTENT="cover:" HEIGHT="31" WIDTH="159" VPOS="3288" HPOS="527"/>
<SP HEIGHT="44" WIDTH="35" VPOS="3275" HPOS="687"/>
<String CONTENT="Growth" HEIGHT="44" WIDTH="189" VPOS="3275" HPOS="723"/>
<SP HEIGHT="42" WIDTH="32" VPOS="3277" HPOS="913"/>
<String CONTENT="of" HEIGHT="43" WIDTH="51" VPOS="3276" HPOS="946"/>
<SP HEIGHT="44" WIDTH="30" VPOS="3276" HPOS="998"/>
<String CONTENT="city" HEIGHT="53" WIDTH="91" VPOS="3274" HPOS="1029"/>
<SP HEIGHT="36" WIDTH="30" VPOS="3291" HPOS="1121"/>
<String CONTENT="schools" HEIGHT="44" WIDTH="178" VPOS="3276" HPOS="1152"/>
<SP HEIGHT="29" WIDTH="31" VPOS="3291" HPOS="1331"/>
<String CONTENT="and" HEIGHT="42" WIDTH="87" VPOS="3278" HPOS="1363"/>
<SP HEIGHT="43" WIDTH="31" VPOS="3277" HPOS="1451"/>
<String CONTENT="American" HEIGHT="47" WIDTH="248" VPOS="3275" HPOS="1483"/>
<SP HEIGHT="43" WIDTH="30" VPOS="3278" HPOS="1732"/>
<String CONTENT="ideals." HEIGHT="46" WIDTH="155" VPOS="3277" HPOS="1763"/>
</TextLine>
<TextLine HEIGHT="58" WIDTH="1989" VPOS="3327" HPOS="122">
<String CONTENT="&#169;" HEIGHT="54" WIDTH="54" VPOS="3327" HPOS="122"/>
<SP HEIGHT="54" WIDTH="32" VPOS="3327" HPOS="177"/>
<String CONTENT="Dec." HEIGHT="43" WIDTH="108" VPOS="3330" HPOS="210"/>
<SP HEIGHT="43" WIDTH="33" VPOS="3330" HPOS="319"/>
<String CONTENT="21," HEIGHT="49" WIDTH="66" VPOS="3330" HPOS="353"/>
<SP HEIGHT="47" WIDTH="38" VPOS="3332" HPOS="420"/>
<String CONTENT="1925;" HEIGHT="51" WIDTH="128" VPOS="3329" HPOS="459"/>
<SP HEIGHT="49" WIDTH="33" VPOS="3331" HPOS="588"/>
<String CONTENT="2c." HEIGHT="42" WIDTH="65" VPOS="3331" HPOS="622"/>
<SP HEIGHT="27" WIDTH="34" VPOS="3346" HPOS="688"/>
<String CONTENT="and" HEIGHT="42" WIDTH="87" VPOS="3331" HPOS="723"/>
<SP HEIGHT="42" WIDTH="31" VPOS="3331" HPOS="811"/>
<String CONTENT="aff." HEIGHT="42" WIDTH="79" VPOS="3331" HPOS="843"/>
<SP HEIGHT="41" WIDTH="34" VPOS="3331" HPOS="923"/>
<String CONTENT="Dec." HEIGHT="42" WIDTH="109" VPOS="3331" HPOS="958"/>
<SP HEIGHT="43" WIDTH="34" VPOS="3331" HPOS="1068"/>
<String CONTENT="31;" HEIGHT="51" WIDTH="77" VPOS="3331" HPOS="1103"/>
<SP HEIGHT="51" WIDTH="36" VPOS="3331" HPOS="1181"/>
<!-- cceid FBE417CD-6E1A-1014-9B7B-CA07F191E62B --><String CONTENT="A" HEIGHT="42" WIDTH="43" VPOS="3331" HPOS="1218"/>
<SP HEIGHT="43" WIDTH="34" VPOS="3331" HPOS="1262"/>
<String CONTENT="883331;" HEIGHT="52" WIDTH="190" VPOS="3331" HPOS="1297"/>
<SP HEIGHT="50" WIDTH="37" VPOS="3333" HPOS="1488"/>
<String CONTENT="Public" HEIGHT="44" WIDTH="158" VPOS="3331" HPOS="1526"/>
<SP HEIGHT="27" WIDTH="34" VPOS="3348" HPOS="1685"/>
<String CONTENT="school" HEIGHT="44" WIDTH="153" VPOS="3332" HPOS="1720"/>
<SP HEIGHT="52" WIDTH="34" VPOS="3333" HPOS="1874"/>
<String CONTENT="pub." HEIGHT="50" WIDTH="100" VPOS="3335" HPOS="1909"/>
<SP HEIGHT="27" WIDTH="36" VPOS="3349" HPOS="2010"/>
<String CONTENT="co." HEIGHT="29" WIDTH="64" VPOS="3348" HPOS="2047"/>
</TextLine>
<TextLine HEIGHT="55" WIDTH="241" VPOS="3385" HPOS="202">
<String CONTENT="(26-5298)" HEIGHT="55" WIDTH="241" VPOS="3385" HPOS="202"/>
</TextLine>
<TextLine HEIGHT="71" WIDTH="1055" VPOS="3485" HPOS="123" STYLEREFS="StyleId-E554E694-1ADD-4628-9DDF-3C87DABD8E76-">
<String CONTENT="Moore," HEIGHT="71" WIDTH="228" VPOS="3485" HPOS="123"/>
<SP HEIGHT="71" WIDTH="40" VPOS="3485" HPOS="352"/>
<String CONTENT="John" HEIGHT="57" WIDTH="167" VPOS="3485" HPOS="393"/>
<SP HEIGHT="56" WIDTH="40" VPOS="3485" HPOS="561"/>
<String CONTENT="Trotwood," HEIGHT="68" WIDTH="347" VPOS="3485" HPOS="602"/>
<SP HEIGHT="65" WIDTH="40" VPOS="3488" HPOS="950"/>
<String CONTENT="1858-" HEIGHT="56" WIDTH="187" VPOS="3487" HPOS="991"/>
</TextLine>
<TextLine HEIGHT="73" WIDTH="1908" VPOS="3573" HPOS="200" STYLEREFS="StyleId-E554E694-1ADD-4628-9DDF-3C87DABD8E76-">
<String CONTENT="Hearts" HEIGHT="59" WIDTH="236" VPOS="3573" HPOS="200"/>
<SP HEIGHT="39" WIDTH="27" VPOS="3593" HPOS="437"/>
<String CONTENT="of" HEIGHT="57" WIDTH="67" VPOS="3574" HPOS="465"/>
<SP HEIGHT="57" WIDTH="27" VPOS="3574" HPOS="533"/>
<String CONTENT="hickory;" HEIGHT="71" WIDTH="287" VPOS="3574" HPOS="561"/>
<SP HEIGHT="50" WIDTH="31" VPOS="3595" HPOS="849"/>
<String CONTENT="a" HEIGHT="37" WIDTH="35" VPOS="3595" HPOS="881"/>
<SP HEIGHT="38" WIDTH="28" VPOS="3594" HPOS="917"/>
<String CONTENT="story" HEIGHT="67" WIDTH="179" VPOS="3579" HPOS="946"/>
<SP HEIGHT="51" WIDTH="25" VPOS="3595" HPOS="1126"/>
<String CONTENT="of" HEIGHT="58" WIDTH="67" VPOS="3575" HPOS="1152"/>
<SP HEIGHT="57" WIDTH="27" VPOS="3575" HPOS="1220"/>
<String CONTENT="Andrew" HEIGHT="60" WIDTH="275" VPOS="3575" HPOS="1248"/>
<SP HEIGHT="58" WIDTH="23" VPOS="3577" HPOS="1524"/>
<String CONTENT="Jackson" HEIGHT="60" WIDTH="277" VPOS="3576" HPOS="1548"/>
<SP HEIGHT="40" WIDTH="27" VPOS="3597" HPOS="1826"/>
<String CONTENT="and" HEIGHT="58" WIDTH="125" VPOS="3579" HPOS="1854"/>
<SP HEIGHT="58" WIDTH="24" VPOS="3579" HPOS="1980"/>
<String CONTENT="the" HEIGHT="58" WIDTH="103" VPOS="3579" HPOS="2005"/>
</TextLine>
<TextLine HEIGHT="77" WIDTH="1983" VPOS="3652" HPOS="124" STYLEREFS="StyleId-E554E694-1ADD-4628-9DDF-3C87DABD8E76-" CS="1">
<String CONTENT="war" HEIGHT="39" WIDTH="129" VPOS="3670" HPOS="124"/>
<SP HEIGHT="40" WIDTH="45" VPOS="3670" HPOS="254"/>
<String CONTENT="of" HEIGHT="58" WIDTH="68" VPOS="3652" HPOS="300"/>
<SP HEIGHT="57" WIDTH="43" VPOS="3652" HPOS="369"/>
<String CONTENT="1812," HEIGHT="74" WIDTH="167" VPOS="3653" HPOS="413"/>
<SP HEIGHT="73" WIDTH="44" VPOS="3654" HPOS="581"/>
<String CONTENT="by" HEIGHT="69" WIDTH="82" VPOS="3654" HPOS="626"/>
<SP HEIGHT="70" WIDTH="43" VPOS="3653" HPOS="709"/>
<String CONTENT="John" HEIGHT="58" WIDTH="167" VPOS="3652" HPOS="753"/>
<SP HEIGHT="56" WIDTH="46" VPOS="3653" HPOS="921"/>
<String CONTENT="Trotwood" HEIGHT="59" WIDTH="334" VPOS="3653" HPOS="968"/>
<SP HEIGHT="58" WIDTH="42" VPOS="3653" HPOS="1303"/>
<String CONTENT="Moore" HEIGHT="59" WIDTH="218" VPOS="3653" HPOS="1346"/>
<SP HEIGHT="39" WIDTH="48" VPOS="3673" HPOS="1565"/>
<String CS="1" CONTENT="&#8230;"/>
<SP HEIGHT="57" WIDTH="88" VPOS="3656" HPOS="1678"/>
<String CONTENT="Nashville," HEIGHT="73" WIDTH="340" VPOS="3656" HPOS="1767"/>
</TextLine>
<TextLine HEIGHT="75" WIDTH="778" VPOS="3727" HPOS="126" STYLEREFS="StyleId-E554E694-1ADD-4628-9DDF-3C87DABD8E76-">
<String CONTENT="Cokesbury" HEIGHT="75" WIDTH="359" VPOS="3727" HPOS="126"/>
<SP HEIGHT="54" WIDTH="24" VPOS="3748" HPOS="486"/>
<String CONTENT="press," HEIGHT="54" WIDTH="199" VPOS="3748" HPOS="511"/>
<SP HEIGHT="70" WIDTH="27" VPOS="3732" HPOS="711"/>
<String CONTENT="1926." HEIGHT="57" WIDTH="165" VPOS="3731" HPOS="739"/>
</TextLine>
<TextLine HEIGHT="55" WIDTH="1252" VPOS="3808" HPOS="192" CS="1">
<String CONTENT="3" HEIGHT="45" WIDTH="25" VPOS="3809" HPOS="192"/>
<SP/>
<String CS="1" CONTENT="p."/>
<SP/>
<String CS="1" CONTENT="l.,"/>
<SP/>
<String CONTENT="v-ix" HEIGHT="44" WIDTH="107" VPOS="3809" HPOS="371"/>
<SP/>
<String CS="1" CONTENT="p.,"/>
<SP/>
<String CS="1" CONTENT="1"/>
<SP/>
<String CS="1" CONTENT="l.," HEIGHT="14" WIDTH="9" VPOS="3843" HPOS="660"/>
<SP HEIGHT="47" WIDTH="21" VPOS="3810" HPOS="670"/>
<String CONTENT="450" HEIGHT="45" WIDTH="82" VPOS="3808" HPOS="692"/>
<SP HEIGHT="53" WIDTH="20" VPOS="3808" HPOS="775"/>
<String CONTENT="p." HEIGHT="38" WIDTH="40" VPOS="3823" HPOS="796"/>
<SP HEIGHT="46" WIDTH="59" VPOS="3808" HPOS="837"/>
<String CS="1" CONTENT="front." HEIGHT="47" WIDTH="124" VPOS="3808" HPOS="897"/>
<SP HEIGHT="52" WIDTH="24" VPOS="3809" HPOS="1037"/>
<String CONTENT="(port.)" HEIGHT="54" WIDTH="167" VPOS="3809" HPOS="1062"/>
<SP HEIGHT="54" WIDTH="69" VPOS="3809" HPOS="1230"/>
<String CS="1" CONTENT="19&#189;" HEIGHT="45" WIDTH="49" VPOS="3810" HPOS="1300"/>
<String STYLE="superscript" CONTENT="cm" HEIGHT="19" WIDTH="47" VPOS="3812" HPOS="1382"/>
<String CONTENT="." HEIGHT="9" WIDTH="9" VPOS="3846" HPOS="1435"/>
</TextLine>
<TextLine HEIGHT="57" WIDTH="1985" VPOS="3863" HPOS="125">
<String CONTENT="&#169;" HEIGHT="54" WIDTH="53" VPOS="3863" HPOS="125"/>
<SP HEIGHT="54" WIDTH="36" VPOS="3863" HPOS="179"/>
<String CONTENT="Feb." HEIGHT="44" WIDTH="105" VPOS="3865" HPOS="216"/>
<SP HEIGHT="41" WIDTH="38" VPOS="3867" HPOS="322"/>
<String CONTENT="15," HEIGHT="53" WIDTH="61" VPOS="3864" HPOS="361"/>
<SP HEIGHT="50" WIDTH="40" VPOS="3867" HPOS="423"/>
<String CONTENT="1926;" HEIGHT="52" WIDTH="128" VPOS="3865" HPOS="464"/>
<SP HEIGHT="51" WIDTH="35" VPOS="3866" HPOS="593"/>
<String CONTENT="2c." HEIGHT="42" WIDTH="66" VPOS="3866" HPOS="629"/>
<SP HEIGHT="43" WIDTH="35" VPOS="3865" HPOS="696"/>
<String CONTENT="Feb." HEIGHT="44" WIDTH="105" VPOS="3865" HPOS="732"/>
<SP HEIGHT="41" WIDTH="40" VPOS="3868" HPOS="838"/>
<String CONTENT="1;" HEIGHT="49" WIDTH="45" VPOS="3868" HPOS="879"/>
<SP HEIGHT="36" WIDTH="38" VPOS="3881" HPOS="925"/>
<String CONTENT="aff." HEIGHT="42" WIDTH="79" VPOS="3867" HPOS="964"/>
<SP HEIGHT="43" WIDTH="36" VPOS="3866" HPOS="1044"/>
<String CONTENT="Feb." HEIGHT="44" WIDTH="105" VPOS="3866" HPOS="1081"/>
<SP HEIGHT="40" WIDTH="38" VPOS="3869" HPOS="1187"/>
<String CONTENT="17;" HEIGHT="54" WIDTH="74" VPOS="3865" HPOS="1226"/>
<SP HEIGHT="51" WIDTH="36" VPOS="3868" HPOS="1301"/>
<!-- cceid FBE49F0A-6E1A-1014-9B7B-CA07F191E62B --><String CONTENT="A" HEIGHT="41" WIDTH="44" VPOS="3868" HPOS="1338"/>
<SP HEIGHT="42" WIDTH="36" VPOS="3868" HPOS="1383"/>
<String CONTENT="879609;" HEIGHT="54" WIDTH="189" VPOS="3866" HPOS="1420"/>
<SP HEIGHT="52" WIDTH="39" VPOS="3868" HPOS="1610"/>
<String CONTENT="Lamar" HEIGHT="44" WIDTH="166" VPOS="3868" HPOS="1650"/>
<SP HEIGHT="43" WIDTH="35" VPOS="3870" HPOS="1817"/>
<String CONTENT="&amp;" HEIGHT="43" WIDTH="37" VPOS="3870" HPOS="1853"/>
<SP HEIGHT="44" WIDTH="37" VPOS="3869" HPOS="1891"/>
<String CONTENT="Barton," HEIGHT="51" WIDTH="181" VPOS="3869" HPOS="1929"/>
</TextLine>
<TextLine HEIGHT="55" WIDTH="560" VPOS="3920" HPOS="195">
<String CONTENT="Nashville." HEIGHT="44" WIDTH="249" VPOS="3921" HPOS="195"/>
<SP HEIGHT="52" WIDTH="68" VPOS="3923" HPOS="445"/>
<String CONTENT="(26-4945)" HEIGHT="55" WIDTH="241" VPOS="3920" HPOS="514"/>
</TextLine>
</TextBlock>
</PrintSpace>
</Page>
</Layout>
</alto>