2609 4293
1106 3965 71 55 61

151 332 205 58 Retail
387 332 242 56 lumber
659 331 259 57 dealers’
953 331 378 58 association
1364 332 67 57 of
1466 331 479 74 Pennsylvania.

227 419 464 71 Pennsylvania
731 420 231 56 homes.
1046 420 105 56 5th
1196 421 91 56 ed.
1369 421 60 56 A
1473 422 188 56 select
1702 423 321 57 collection
2066 426 67 55 of

147 496 303 72 practical
496 497 250 71 designs
793 498 103 56 for
941 498 389 71 moderately
1371 498 218 71 priced
1631 499 245 72 homes;
1927 501 207 58 edited

151 576 122 56 and
308 574 331 71 published
671 575 83 70 by
786 575 104 56 the
927 574 208 58 Retail
1170 576 239 56 lumber
1445 577 273 56 dealers’
1757 578 376 58 association

148 652 66 57 of
241 651 480 72 Pennsylvania.
788 651 389 73 Pittsburgh,
1205 652 110 57 Pa.
1349 682 13 43 [
1364 661 18 20 c
1385 654 164 71 1926]

222 729 1402 64 1 p. l., 261, [1] p. . illus. (part col.; incl. plans) 27½ cm .
217 785 213 45 Contains
459 784 278 53 advertising
764 793 176 37 matter.

147 839 53 55 ©
226 842 99 52 Jan.
352 841 39 52 8,
422 840 128 50 1926;
579 841 65 43 2c.
672 842 88 43 and
786 842 77 43 aff.
890 842 100 50 Jan.
1021 842 74 51 19;
1127 841 44 43 A
1200 841 187 53 879332;
1420 841 149 45 Retail
1598 843 174 45 lumber
1801 844 184 45 dealers’
2016 859 115 32 assn.

215 898 50 43 of
296 897 345 52 Pennsylvania,
673 897 280 52 Pittsburgh.
1023 897 242 54 (26-2053)

148 981 253 72 Rogers,
444 981 317 70 Cameron,
803 982 89 57 ed.

221 1059 144 55 Full
394 1059 125 56 and
548 1059 98 71 by,
679 1059 187 71 being
896 1077 38 37 a
965 1058 320 58 collection
1318 1059 67 56 of
1414 1078 215 39 verses
1660 1061 81 70 by
1771 1079 265 53 persons
2070 1064 67 55 of

144 1135 242 71 quality
412 1135 66 56 in
503 1136 212 71 praise
745 1137 67 57 of
841 1135 311 72 drinking,
1179 1138 148 55 here
1357 1136 360 59 illustrated
1744 1139 83 71 by
1855 1139 173 58 Edw.
2058 1140 74 56 A.

142 1213 243 57 Wilson
415 1214 124 55 and
568 1213 208 57 edited
801 1213 84 72 by
916 1212 306 59 Cameron
1250 1214 244 72 Rogers;
1555 1214 153 58 with
1736 1217 289 69 prefaces
2056 1218 81 72 by

145 1290 139 56 Don
335 1289 282 72 Marquis
669 1291 123 56 and
845 1289 413 72 Christopher
1308 1292 260 72 Morley.
1671 1293 250 58 Garden
1976 1293 159 74 City,

144 1368 72 56 N.
253 1368 94 71 Y.,
381 1367 384 72 Doubleday,
801 1369 170 71 Page
1007 1368 47 56 &
1088 1387 321 54 company,
1446 1371 165 56 1925.

214 1443 1759 58 4 p. l., vii-xxx p., 1 l., 153, [1] p. illus. (part col.) double pl. 31cm.
216 1502 261 44 Illustrated
498 1510 94 44 t.-p.
618 1504 89 43 and
730 1502 326 54 lining-papers
1081 1504 44 43 in
1147 1503 162 44 colors.

217 1559 1919 55 “This edition … is limited to two hundred numbered copies in a deluxe
144 1616 186 53 binding
353 1615 178 52 printed
553 1630 57 29 on
632 1616 163 52 special
820 1630 84 39 rag
923 1630 129 30 wove
1074 1630 136 38 paper
1233 1618 88 42 and
1345 1616 158 53 signed
1525 1618 58 52 by
1606 1618 105 43 Don
1735 1618 223 52 Marquis,
144 1619 1971 106 Christopher

330 1672 196 52 Morley,
553 1672 223 45 Cameron
804 1673 175 52 Rogers
1007 1674 87 42 and
1119 1672 74 45 the
1219 1672 266 53 illustrator,
1511 1673 127 47 Edw.
1665 1676 57 42 A.
1749 1674 222 45 Wilson.”
2026 1676 111 44 This

143 1745 113 37 copy
277 1738 79 36 not
376 1731 257 42 numbered.

214 1787 151 44 “First
386 1787 209 44 edition.”

216 1844 147 52 Songs
386 1843 111 44 with
519 1843 140 46 music:
712 1844 149 43 Down
883 1858 166 38 among
1071 1843 73 44 the
1168 1843 113 44 dead
1304 1858 101 29 men
1436 1845 64 52 (p.
1523 1843 162 53 20-21)
1718 1843 41 44 O
1783 1845 119 51 good
1924 1843 83 53 ale,
2031 1844 107 44 thou

144 1908 70 37 art
236 1917 77 36 my
332 1900 179 53 darling
543 1903 64 52 (p.
631 1899 161 55 35-36)
825 1899 150 43 Drink
996 1907 45 36 to
1063 1914 72 29 me
1155 1899 107 53 only
1294 1901 64 52 (p.
1381 1898 164 55 49-50)

141 1956 56 54 ©
222 1959 107 42 Dec.
354 1960 37 50 9,
420 1956 127 53 1925;
572 1958 66 43 2c.
665 1959 86 42 and
775 1958 77 42 aff.
879 1958 99 52 Jan.
1007 1956 64 53 16,
1100 1956 130 53 1926;
1256 1956 44 42 A
1325 1955 190 53 875912;
1545 1956 279 53 Doubleday,
1854 1957 124 52 Page
2006 1957 37 43 &
2069 1971 64 30 co.

223 2014 240 55 (26-1841)

147 2098 193 72 [Rose,
379 2096 243 59 Walter
655 2095 248 75 Malins]

222 2176 226 57 Rose’s
482 2179 181 53 notes
702 2194 78 37 on
816 2176 103 56 the
956 2174 237 58 United
1234 2173 210 58 States
1487 2173 302 72 Supreme
1830 2178 180 53 court
143 2194 1967 130 reports
358 2253 61 70 (2
441 2253 218 56 Dallas
687 2256 61 53 to
776 2254 107 55 259

908 2251 237 58 United
1172 2251 211 58 States
1411 2251 281 72 reports)
1728 2251 280 73 showing
2034 2252 101 57 the

143 2334 259 68 present
435 2331 181 55 value
655 2348 70 39 as
763 2328 324 72 authority
1123 2329 67 56 of
1228 2329 83 56 all
1348 2348 173 37 cases
1560 2328 244 58 therein
1841 2330 296 70 reported

146 2405 1986 73 as disclosed by all subsequent citations … by Chas. L.
145 2484 374 71 Thompson.
597 2483 540 71 Supplement—4.
1214 2484 261 56 192-231
1509 2482 237 58 United
1781 2482 231 70 States,
146 2483 1966 135 inclusive.

490 2561 128 58 San
672 2560 355 72 Francisco,
1086 2559 150 72 Cal.,
1289 2559 636 72 Bancroft-Whitney
142 2578 1969 133 company;
381 2638 360 73 Rochester,

780 2638 73 57 N.
891 2638 94 74 Y.,
1025 2638 128 57 The
1192 2637 296 72 Lawyers
1528 2636 420 73 co-operative
141 2638 1971 151 publishing
405 2735 321 52 company,
763 2717 165 56 1925.

209 2793 584 52 2 p. l., 1488 p. 24½ cm .
143 2846 53 54 ©
224 2850 98 51 Jan.
353 2849 38 51 6,
426 2848 128 52 1926;
587 2848 64 44 2c.
681 2849 100 52 Jan.
816 2847 73 53 15;
923 2848 78 43 aff.
1031 2848 100 53 Jan.
1165 2847 74 52 14;
1274 2848 44 42 A
1348 2846 189 52 879278;
1574 2846 463 53 Bancroft-Whitney
2070 2861 65 28 co.

144 2931 304 72 Sabatini,
483 2930 244 58 Rafael.

220 3022 337 57 Bellarion.
639 3025 88 68 pt.
760 3023 33 55 1
828 3021 210 74 [chap.]
1074 3022 128 55 1-5.

215 3100 80 50 (In
333 3100 332 41 Hutchinson’s
701 3099 256 51 magazine,
995 3100 117 50 Dec.,
1150 3098 128 51 1925)

143 3151 1971 104 © 1c. Jan. 9, 1926; A ad int. 7624; pubd. Nov. 12, 1925; R. Sabatini, London.
146 3291 442 70 Saint-Victor,
634 3293 161 58 Paul
835 3293 270 72 Jacques
1148 3292 330 73 Raymond
1519 3290 239 69 Binsse,
1806 3296 194 53 comte
2044 3291 91 67 de,

221 3372 356 57 1827-1881.

218 3448 146 58 Men
397 3449 124 56 and
553 3450 173 70 gods,
759 3449 83 70 by
873 3448 161 57 Paul
1067 3448 73 58 de
1180 3445 427 60 Saint-Victor;
1673 3446 353 57 translated
2058 3446 82 71 by

141 3525 169 58 John
357 3526 214 68 Myers
622 3525 276 59 O’Hara.
1001 3525 325 69 Portland,
1376 3524 139 70 Me.,
1568 3522 205 60 Smith
1822 3524 124 57 and
1995 3522 142 59 Sale

143 3605 200 70 [c1925]

213 3679 810 56 5 p. l., 3-83, [1] p., 1 l. 18½cm .
568 3736 99 45 CONTENTS.—The
704 3737 156 43 Venus
898 3736 51 45 of
987 3735 163 45 Melos.
1167 3759 57 9 —
1238 3734 163 44 Diana.
1416 3760 58 6 —
1490 3733 138 46 Ceres
1668 3734 89 44 and
1795 3731 344 55 Proserpine.—

145 3792 739 54 Helen.—Meleager.—Hellenic
912 3792 148 45 death.

143 3849 54 53 ©
229 3852 109 42 Dec.
368 3851 67 51 28,
467 3850 131 53 1925;
628 3851 65 43 2c.
726 3852 87 42 and
844 3850 78 43 aff.
953 3851 99 52 Jan.
1089 3849 61 51 16,
1187 3849 130 52 1926;
1349 3849 46 42 A
1426 3848 189 53 879293;
1653 3848 148 47 Smith
1833 3849 37 43 &
1905 3847 116 47 Sale.

221 3905 242 56 (26-1958)
