2542 4285
1380 4007 150 56 1204

583 485 1141 58 xv p., 1 l., 19-363 p. front., plates, ports. 22½cm.
448 559 53 54 ©
531 561 99 44 Oct.
661 558 64 53 15,
754 559 129 52 1926;
909 559 65 43 2c.
1006 559 101 43 Oct.
1134 558 78 51 21;
1244 558 78 42 aff.
1353 557 100 43 Oct.
1480 557 78 51 20;
1590 555 44 43 A
1661 556 190 53 949644;
1882 556 179 52 George
2090 557 61 42 H.
2183 557 157 43 Doran
2369 569 65 30 co.

526 616 267 56 (26-18424)

451 717 300 73 Granger,
785 717 203 72 Mary.

525 802 1847 74 The widow of Ephesus; a novel by Mary Granger …
446 885 151 57 New
623 884 191 70 York,
841 884 280 69 London,
1154 881 67 58 G.
1252 881 69 57 P.
1355 880 330 61 Putnam’s
1717 899 165 53 sons,
1914 880 166 58 1926.

516 970 544 56 3 p. l. , 270 p. 19½c m .
449 1042 53 54 ©
529 1044 100 44 Oct.
652 1043 68 52 22,
746 1042 104 44 1926;
902 1042 65 42 2c.
993 1041 86 43 and
1105 1041 78 43 aff.
1211 1040 102 44 Oct.
1337 1040 54 43 23;
1444 1039 45 43 A
1513 1037 163 46 949695;
1732 1039 66 45 M.
1826 1038 221 54 Granger,
2076 1037 255 53 Savannah,
2359 1038 79 46 Ga.

528 1099 269 57 (26-18506)

453 1199 215 70 Green,
708 1199 235 72 Henry.

524 1290 353 74 Blindness,
921 1292 84 72 by
1050 1290 222 73 Henry
1317 1290 222 60 Green.
1622 1287 151 60 New
1815 1288 192 72 York,
2052 1286 74 59 E.
2173 1287 69 57 P.
448 1288 1972 142 Dutton
581 1371 48 58 &
654 1387 306 55 company
988 1398 13 44 [
1003 1377 18 22 c
1025 1368 165 73 1926]

517 1461 74 53 vii,
620 1463 84 44 286
728 1474 42 38 p.
833 1461 50 45 19½c
935 1462 30 18 m
970 1495 9 9 .

451 1529 53 55 ©
539 1531 102 44 Oct.
671 1529 68 52 22,
772 1527 129 53 1926;
934 1527 65 43 2c.
1031 1527 87 43 and
1151 1527 78 42 aff.
1264 1526 101 44 Oct.
1398 1524 78 54 25;
1511 1525 45 43 A
1588 1523 189 55 950601;
1812 1524 54 49 E.
1901 1526 50 43 P.
1987 1526 174 45 Dutton
2196 1527 39 45 &
2264 1541 66 31 co.

530 1585 268 57 (26-18388)

453 1685 259 72 Grimes,
754 1682 300 60 Absalom
1097 1679 279 72 Carlisle,
1421 1682 358 59 1834-1911.

522 1775 303 59 Absalom
852 1772 265 72 Grimes,
1143 1771 421 60 Confederate
1591 1771 149 59 mail
1765 1791 252 53 runner,
2045 1771 210 62 edited
2280 1772 165 59 from

452 1848 1995 78 Captain Grimes’ own story by M. M. Quaife … New
447 1931 244 71 Haven,
729 1929 157 58 Yale
922 1926 354 73 university
1313 1945 214 55 press;
1565 1927 280 72 London,
1883 1927 81 58 H.
2005 1927 284 72 Milford,
449 1928 1975 140 Oxford

620 2004 355 74 university
999 2024 202 54 press,
1229 2005 166 58 1926.

517 2093 1279 57 xii, 216 p. front. (port.) plates, facsim. 23½cm.
454 2169 51 53 ©
539 2169 121 52 Sept.
686 2169 67 51 24,
788 2168 105 44 1926;
949 2168 64 43 2c.
1045 2167 102 44 Oct.
1177 2167 25 44 9;
1260 2167 79 43 aff.
1371 2166 103 44 Oct.
1505 2165 24 45 7;
1588 2166 45 43 A
1660 2164 164 46 950453;
1882 2167 115 44 Yale
2027 2167 250 54 university
2306 2182 140 38 press.

533 2225 268 57 (26-18257)

456 2326 277 73 Guthrie,
770 2326 259 58 Ramon.

529 2417 410 70 Marcabrun;
986 2415 106 59 the
1137 2414 310 58 chronicle
1494 2414 68 58 of
1609 2437 35 37 a
1692 2413 335 75 foundling
2072 2415 136 58 who
2259 2416 192 73 spoke

452 2495 121 60 evil
601 2494 69 59 of
692 2513 239 40 women
960 2493 124 58 and
1110 2492 68 59 of
1202 2493 141 57 love
1371 2496 124 57 and
1520 2491 294 59 followed
1839 2493 264 58 unawed
2127 2494 105 58 the
2261 2495 188 72 paths

453 2573 68 60 of
550 2590 346 54 arrogance
927 2570 163 59 until
1120 2571 149 71 they
1300 2570 103 60 led
1434 2572 64 55 to
1530 2571 294 58 madness:
1892 2570 126 59 and
2051 2570 68 59 of
2154 2570 97 59 his
450 2573 1976 149 dealings

618 2649 152 59 with
798 2667 239 40 women
1070 2646 124 60 and
1223 2647 68 58 of
1322 2647 207 61 ribald
1556 2648 227 72 words,
1815 2648 106 60 the
1951 2648 200 59 which
2179 2650 270 72 brought

451 2728 128 58 him
611 2730 222 70 repute
867 2746 69 41 as
972 2746 36 37 a
1041 2728 182 70 great
1256 2727 207 56 rascal
1497 2726 125 57 and
1655 2745 71 40 as
1761 2746 36 37 a
1831 2729 183 69 great
2049 2725 230 75 singer.
2353 2727 98 73 By

452 2806 242 57 Ramon
731 2802 280 61 Guthrie.
1084 2804 153 57 New
1269 2803 192 72 York,
1499 2803 242 73 George
1773 2803 82 58 H.
1893 2805 217 58 Doran
2146 2824 304 54 company

455 2912 14 43 [
471 2891 18 23 c
493 2883 164 73 1926]

457 2959 53 54 ©
539 2960 100 44 Oct.
670 2958 64 53 15,
763 2957 130 54 1926;
921 2959 64 43 2c.
1015 2958 102 45 Oct.
1144 2959 78 52 21;
1254 2959 80 43 aff.
1363 2958 102 44 Oct.
1492 2958 79 53 20;
1601 2959 44 43 A
1674 2959 190 53 949643;
1898 2959 177 54 George
2105 2960 62 43 H.
2199 2961 160 44 Doran
2383 2975 66 31 co.

535 3015 269 57 (26-18502)

460 3115 340 74 Hamilton,
839 3115 191 60 Clive.

536 3208 253 75 Dymer,
817 3209 83 72 by
930 3207 174 60 Clive
1129 3209 344 57 Hamilton.
1540 3209 151 58 New
1716 3209 190 73 York,
1934 3209 73 58 E.
2036 3210 69 59 P.
2136 3210 241 59 Dutton
2402 3211 48 58 &

459 3306 305 54 company
804 3317 13 43 [
819 3295 19 23 c
841 3288 165 73 1926]

525 3383 28 28 V
585 3381 54 39 p.,
675 3368 19 44 1
762 3401 10 18 l.,
808 3364 75 46 105
917 3381 39 39 p.
1016 3366 57 44 20
1077 3368 47 18 cm
1131 3402 9 9 .

531 3425 52 42 In
617 3437 143 31 verse.

459 3478 53 54 ©
542 3480 100 44 Oct.
669 3479 67 52 22,
768 3478 107 44 1926;
927 3478 64 43 2c.
1020 3478 87 43 and
1135 3478 79 43 aff.
1246 3478 101 45 Oct.
1375 3476 51 45 25;
1484 3478 45 43 A
1558 3476 164 47 950599;
1780 3477 53 48 E.
1863 3480 52 43 P.
1946 3480 175 44 Dutton
2150 3479 39 45 &
2216 3494 65 30 co.

537 3534 269 58 (26-18743)

459 3635 308 75 Harding,
809 3636 230 58 Maude
1082 3635 317 59 Burbank.

545 3730 129 56 The
724 3729 341 58 children’s
1117 3749 138 37 own
1301 3729 160 57 book
1510 3728 66 58 of
1626 3729 219 58 letters
1898 3730 126 57 and
2073 3728 246 73 stories,
2370 3729 82 72 by

460 3806 1993 74 Maude Burbank Harding … Boston, Mass., Marshall
460 3884 195 58 Jones
692 3903 307 54 company
1036 3915 13 43 [
1049 3893 20 22 c
1074 3886 163 75 1926]
