2542 4285
1354 4027 150 55 1316

439 395 127 57 The
592 393 235 74 college
852 395 320 59 Standard
1198 396 353 71 dictionary
1577 397 66 56 of
1670 397 103 57 the
1802 397 265 72 English
2093 397 326 73 language,

513 471 297 73 designed
880 475 63 55 to
1018 473 140 72 give
1229 473 104 57 the
1405 473 446 72 orthography,
1925 473 499 71 pronunciation,

510 550 307 72 meaning,
868 552 122 55 and
1042 552 354 70 etymology
1446 552 66 57 of
1561 570 146 38 over
1756 552 243 69 140,000
2047 553 205 56 words
2304 552 121 57 and

509 627 263 71 phrases
819 629 64 55 in
925 629 103 56 the
1074 629 223 70 speech
1343 630 122 55 and
1505 629 330 57 literature
1878 628 68 58 of
1986 629 105 57 the
513 629 1912 149 English-speaking

840 706 273 71 peoples,
1141 705 150 57 with
1324 724 355 54 synonyms,
1712 709 349 68 antonyms,
2092 707 122 57 and
512 724 1889 117 prepositions;

876 784 361 71 containing
1305 784 131 57 also
1510 803 78 36 an
1657 783 315 72 appendix
2041 783 67 57 of
2176 782 250 74 foreign

511 860 262 72 phrases
817 862 154 56 used
1012 862 63 55 in
1119 861 267 72 English
1428 862 223 70 speech
1692 862 122 56 and
1854 861 359 71 literature;
2261 861 167 71 2,500

510 938 291 72 pictorial
824 939 421 57 illustrations;
1307 937 302 74 abridged
1635 939 167 56 from
1829 939 106 57 the
1960 937 183 58 Funk
2166 937 50 59 &
508 938 1896 136 Wagnails

695 1036 134 38 new
857 1017 319 58 Standard
1206 1015 350 73 dictionary
1582 1015 68 59 of
1677 1016 103 57 the
1808 1015 269 73 English
2100 1016 328 72 language,

510 1092 1917 74 by Frank H. Vizetelly … New York and London,
511 1172 181 56 Funk
721 1171 47 59 &
797 1171 325 73 Wagnalls
1155 1190 320 54 company,
1509 1172 163 57 1927.

503 1262 90 53 xvi,
634 1263 106 44 1309
771 1278 38 37 p.
870 1261 115 45 illus.
1044 1263 56 43 24½
1134 1264 47 18 cm
1186 1297 10 9 .

506 1331 245 46 Published
784 1331 118 46 1926.

507 1389 209 44 Lettered
748 1405 58 30 on
836 1404 134 29 cover:
1031 1388 132 44 Funk
1194 1390 37 43 &
1263 1388 237 54 Wagnalls
1533 1388 171 53 college
1738 1387 228 47 Standard
1996 1386 265 53 dictionary.

434 1457 53 54 ©
517 1460 99 44 Oct.
646 1458 67 53 25,
747 1460 128 51 1926;
905 1459 66 44 2c.
1003 1460 86 42 and
1119 1460 79 43 aff.
1232 1459 101 44 Oct.
1363 1458 80 53 27;
1474 1459 46 42 A
1550 1457 189 53 949759;
1775 1457 132 44 Funk
1937 1458 37 44 &
2003 1457 239 53 Wagnalls
2274 1472 64 29 co.

513 1516 268 55 (26-20431)

439 1614 236 69 Colver,
709 1618 151 57 Mrs.
894 1615 181 58 Alice
1105 1617 187 72 Mary
1331 1616 218 71 (Ross)

512 1703 1849 75 Jeanne at Rainbow lodge, by Alice Ross Colver …
433 1784 358 57 illustrated
839 1785 83 70 by
966 1784 208 71 Ralph
1220 1783 485 74 Dunkelberger.
1789 1781 457 76 Philadelphia,
2300 1782 130 58 The

435 1861 175 58 Penn
639 1861 362 73 publishing
1034 1880 323 54 company,
1388 1862 166 56 1926.

504 1949 1004 55 4 p. l., 7-331 p. front., plates. 18½ cm .
433 2006 53 54 ©
512 2008 117 43 Nov.
660 2009 32 50 1,
723 2008 128 52 1926;
877 2008 63 43 2c.
968 2010 86 42 and
1078 2009 79 42 aff.
1186 2009 120 44 Nov.
1336 2010 75 50 11;
1438 2008 44 42 A
1507 2006 189 54 957034;
1727 2008 127 43 Penn
1881 2008 100 52 pub.
2008 2022 65 28 co.

510 2065 269 54 (26-20323)

436 2164 254 74 Cooper,
729 2166 213 58 James
978 2165 344 69 Fenimore,
1362 2168 299 57 1789-1851.

508 2256 129 61 The
677 2259 177 72 story
890 2261 69 57 of
995 2257 588 76 Leatherstocking;
1624 2258 276 74 adapted
1937 2262 123 57 and
2101 2256 207 62 edited
2345 2260 83 72 by

430 2335 203 61 Annie
663 2335 251 59 Russell
941 2336 244 61 Marble
1213 2338 170 57 from
1412 2339 131 58 The
1572 2335 560 76 Leatherstocking
2158 2337 160 60 tales
2347 2338 81 73 by

430 2411 215 63 James
673 2412 331 61 Fenimore
1037 2414 273 73 Cooper;
1337 2414 422 61 illustrations
1783 2417 84 71 by
1892 2416 263 58 Bernice
2184 2416 241 59 Oehler.

430 2493 150 58 New
609 2492 190 73 York,
831 2491 279 72 London,
1139 2493 74 60 D.
1247 2491 319 73 Appleton
1600 2496 122 57 and
1751 2512 324 53 company,
2108 2495 165 56 1926.

499 2569 1179 53 xxiv p.,1 l., 283, [1] p. front., plates. 19 cm .
501 2627 159 46 “Brief
688 2627 77 47 list
793 2629 52 44 of
875 2629 141 44 books
1048 2628 59 50 by
1134 2629 153 49 James
1319 2625 242 47 Fenimore
1592 2628 178 51 Cooper
1799 2630 245 49 suggested
2077 2630 78 43 for
2186 2630 187 49 reading”:

432 2683 54 49 [1]
518 2699 41 35 p.
589 2694 46 36 at
663 2684 98 46 end.

430 2736 57 54 ©
524 2736 119 54 Sept.
676 2737 64 52 30,
779 2736 130 53 1926;
942 2737 66 43 2c.
1045 2737 101 44 Oct.
1180 2737 49 51 4;
1267 2736 77 43 aff.
1382 2736 101 44 Oct.
1520 2736 74 51 14;
1632 2736 43 42 A
1710 2734 190 54 950471;
1937 2737 56 43 D.
2030 2737 227 54 Appleton
2289 2739 38 43 &
2359 2753 67 28 co.

519 2793 52 54 [©
601 2810 100 28 new
731 2796 87 42 and
850 2795 175 42 revised
1057 2794 224 51 material,
1313 2795 86 42 and
1433 2793 311 53 illustrations]
1814 2792 272 56 (26-17968)

437 2893 216 73 Crane,
697 2894 290 73 Stephen,
1031 2896 359 57 1871-1900.

428 2985 1976 153 … The red badge of courage; edited by Max J. Herzberg … New
944 3064 189 74 York,
1164 3064 73 58 D.
1270 3065 320 72 Appleton
1620 3068 122 57 and
1772 3084 306 55 company
2109 3097 13 42 [
2122 3075 20 21 c
2145 3067 165 74 1926]

430 3141 1975 104 xxiv p., 1 l., 242 p. front. (port.) 18½cm. (Half-title: Appleton modern
541 3201 236 44 literature
807 3201 164 50 series)

433 3252 53 55 ©
522 3254 118 43 Nov.
676 3252 37 53 5,
752 3253 128 51 1926;
916 3254 64 42 2c.
1015 3255 87 42 and
1136 3254 79 42 aff.
1252 3254 118 43 Nov.
1407 3254 50 53 9;
1495 3255 44 42 A
1574 3253 189 54 950859;
1803 3256 56 42 D.
1896 3255 230 53 Appleton
2160 3257 37 44 &
2230 3272 66 28 co.
2360 3255 66 56 [©

501 3325 99 29 new
629 3311 319 51 introduction,
977 3310 225 52 appendix
1229 3318 142 45 notes,
1400 3312 224 45 exercises
1652 3313 87 42 and
1769 3312 128 44 word
1927 3313 146 54 study]

512 3366 269 55 (26-20523)

433 3466 250 74 Dealey,
726 3467 214 58 James
981 3467 252 74 Quayle,
1277 3471 189 57 1861-

507 3557 275 76 Foreign
814 3559 258 73 policies
1107 3563 68 58 of
1206 3563 104 58 the
1342 3562 235 62 United
1612 3565 212 59 States;
1891 3563 165 62 their
2087 3567 184 58 bases
2306 3569 120 57 and

430 3635 1997 81 development, by James Quayle Dealey … Boston, New
429 3714 1257 78 York [etc.] G-inn and company [ c 1926]
501 3792 90 50 viii,
622 3794 83 45 402
735 3808 41 35 p:
835 3809 127 35 maps
989 3794 128 51 (part
1147 3797 188 50 double)
1401 3798 52 44 21
1463 3800 46 19 cm
1516 3834 9 9 .

506 3848 233 47 “Selected
774 3848 333 54 bibliography,
1141 3851 164 49 chiefly
1338 3854 52 44 of
1429 3861 151 37 recent
1615 3855 179 43 works”:
1857 3870 40 37 p.
1934 3856 204 46 373-381.

434 3901 1971 112 © Nov. 3, 1926; 2c. Nov. 11; aff. Nov. 9; A 957060; J. Q. Dealey, Providence,
688 3961 53 42 R.
776 3962 34 42 I.
880 3961 270 55 (26-20411)
