2542 4285
1040 4004 149 55 1279

125 399 223 71 Tuttle,
382 402 149 55 Mrs.
567 399 392 70 Margaretta
991 396 411 73 Muhlenberg
1442 395 320 74 (Perkins)
1809 399 188 57 1880-

197 489 349 71 Kingdoms
588 487 68 57 of
695 487 104 57 the
839 487 213 71 world,
1093 487 83 70 by
1216 486 394 72 Margaretta
1651 486 228 57 Tuttle.
1954 486 150 57 New

126 565 184 71 York,
342 565 271 71 London,
649 563 69 59 G.
751 565 68 55 P.
854 564 329 58 Putnam’s
1217 582 163 53 sons,
1414 564 166 56 1926.

190 658 27 41 2
247 670 40 38 p.
357 691 9 17 l.,
401 654 81 45 326
517 670 37 38 p.
618 654 51 45 19
673 655 48 19 cm
726 688 11 10 .

119 724 53 53 ©
204 726 116 43 Nov.
352 724 38 52 5,
424 725 127 51 1926;
584 725 63 42 2c.
680 725 87 42 and
796 724 78 42 aff.
908 724 119 43 Nov.
1060 723 50 51 6;
1145 724 43 41 A
1221 722 188 53 950820;
1446 724 64 41 M.
1543 722 170 52 Tuttle,
1748 722 265 45 Cincinnati.

197 781 269 55 (26-19678)

113 882 74 57 U.
228 882 60 57 S.
371 882 298 70 Supreme
710 885 189 53 court.

197 971 190 59 Cases
432 971 315 72 adjudged
788 971 65 55 in
895 971 102 57 the
1044 970 301 71 Supreme
1392 973 175 54 court
1613 971 65 56 of
1721 972 103 55 the
1866 969 238 60 United

121 1050 228 57 States.
440 1047 231 59 Official
721 1048 234 57 edition
1004 1048 259 70 reprint.
1359 1047 379 73 Containing
1784 1048 200 57 briefs
2036 1049 68 56 of

121 1127 248 57 counsel
405 1126 239 71 (points
669 1127 122 56 and
819 1125 429 73 authorities),
1276 1128 365 54 statements
1670 1126 66 56 of
1762 1145 192 53 cases,
1984 1128 122 55 and

121 1204 223 71 syllabi
377 1203 67 58 of
477 1205 102 56 the
614 1223 172 37 cases
820 1204 82 70 by
933 1204 102 56 the
1072 1203 215 57 official
1323 1205 304 69 reporter.
1701 1203 296 58 Volumes
2033 1205 72 56 87

119 1280 1987 72 to 105 (inclusive) … Photographically reproduced from
119 1359 101 56 the
267 1358 231 58 Official
544 1358 236 58 edition
823 1359 149 55 with
1018 1359 102 56 the
1168 1358 217 57 official
1426 1359 370 71 pagination
1841 1359 68 57 of
1956 1360 149 57 each

119 1437 241 56 volume
403 1438 199 55 under
640 1436 102 57 the
786 1435 291 58 editorial
1120 1436 398 71 supervision
1559 1437 67 56 of
1664 1437 278 57 William
118 1437 1965 134 Edward
335 1514 284 57 Baldwin

728 1512 1379 74 … Cleveland, New York, The Baldwin
118 1591 117 56 law
273 1592 158 56 book
470 1610 320 52 company,
833 1593 163 55 1926.

189 1681 49 42 19
269 1695 41 28 V.
344 1680 43 42 in
418 1680 37 42 2.
515 1678 52 45 26½
602 1682 47 19 cm
655 1715 8 8 .

118 1766 40 27 V.
186 1750 149 52 87-96,
357 1748 55 54 ©
438 1751 118 43 Nov.
587 1749 60 53 15,
680 1751 127 51 1926;
867 1786 8 8 v.
902 1750 176 51 97-105,
1105 1749 53 53 ©
1186 1752 118 43 Nov.
1332 1753 49 51 9;
1410 1752 63 43 2c.
1501 1752 109 44 each
1635 1753 86 43 and
1747 1754 102 43 affs.
1879 1755 118 43 Nov.
2030 1754 73 52 17;

189 1808 43 42 A
262 1807 177 52 950970,
469 1806 158 45 950971;
692 1807 205 45 Baldwin
927 1808 87 43 law
1043 1809 119 43 book
1191 1824 80 37 co.,
1304 1808 82 44 inc.

123 1908 128 56 The
293 1906 366 74 University
696 1908 257 72 library,
997 1909 207 57 edited
1245 1911 123 56 and
1407 1910 368 59 introduced
1817 1912 83 71 by
1939 1912 170 58 John

197 1983 1915 76 Finley, LL. D., compiled by Nella Braddy … Garden
200 2061 161 72 City,
401 2062 74 58 N.
517 2062 91 71 Y.,
647 2063 153 57 Pub.
840 2063 103 57 for
980 2063 235 58 Nelson
1251 2064 384 73 Doubleday,
1673 2064 116 59 inc.
1829 2067 84 72 by
195 2068 1893 145 Doubleday,
470 2140 170 73 Page
674 2139 48 59 &
756 2159 321 54 company,
1112 2142 166 56 1926.

190 2228 52 46 25
276 2246 41 28 v.
377 2229 175 54 fronts.,
587 2230 155 54 plates,
777 2237 142 49 ports.
980 2230 148 47 18½cm.

195 2299 246 48 Selections
481 2301 223 53 arranged
746 2300 73 45 for
859 2300 109 46 each
1006 2301 88 54 day
1133 2300 53 45 of
1224 2301 76 45 the
1338 2316 122 40 year.
1521 2302 156 46 About
1718 2319 27 30 a
1783 2303 124 47 third
1946 2306 51 45 of
2038 2307 75 44 the

123 2356 207 46 material
363 2372 94 30 was
490 2355 241 56 originally
761 2357 235 53 published
1029 2358 45 44 in
1106 2356 75 47 the
1214 2358 203 46 volumes
1453 2359 52 45 of
1537 2359 76 47 the
1646 2360 172 46 Pocket
1850 2362 264 54 university.

119 2425 53 54 ©
204 2427 120 53 Sept.
352 2428 65 51 29,
452 2428 106 43 1926;
610 2428 63 42 2c.
704 2427 108 44 each
841 2429 87 42 and
953 2428 104 43 affs.
1091 2428 100 45 Oct.
1221 2427 80 53 27;
1335 2429 44 42 A
1409 2429 358 46 949789-949813;
1828 2432 279 53 Doubleday,

191 2486 122 51 Page
353 2486 37 43 &
426 2500 64 28 co.
559 2484 270 54 (26-19354)

123 2583 224 72 Upton,
386 2584 307 74 Harding.

191 2676 144 60 Wet
359 2677 189 73 wash,
574 2677 85 74 by
681 2676 295 76 Harding
998 2678 232 73 Upton.
1313 2678 151 59 New
1490 2680 190 72 York,
1709 2682 70 59 G.
1807 2682 78 57 H.
1913 2682 196 74 Watt,

117 2755 165 58 1926.

185 2846 358 51 276 p. 19½ cm .
120 2898 53 53 ©
204 2901 118 42 Nov.
354 2901 39 51 3,
426 2899 128 52 1926;
587 2900 63 43 2c.
682 2901 87 43 and
798 2902 79 42 aff.
912 2903 117 42 Nov.
1064 2900 47 53 5;
1146 2902 43 42 A
1221 2902 164 44 949973;
1446 2903 51 45 G.
1532 2905 206 44 Howard
1769 2907 143 43 Watt.

198 2956 269 55 (26-19727)

124 3056 140 58 Van
299 3057 192 73 Dyke,
534 3057 232 74 Henry,
807 3061 188 56 1852-

194 3147 129 57 The
349 3147 277 73 friendly
650 3167 171 55 year,
852 3150 225 58 chosen
1102 3153 124 58 and
1251 3155 314 70 arranged
1589 3154 167 57 from
1783 3156 102 56 the
1911 3157 203 59 works

125 3224 1921 79 of Henry Van Dyke … by George Sidney Webster …
124 3302 150 58 New
300 3303 188 72 York,
522 3302 63 60 C.
618 3304 354 59 Scribner’s
1005 3325 163 52 sons,
1202 3308 164 57 1926.

193 3379 850 57 xii, 185 p. front. (port.) 18 cm .
194 3436 173 46 “Third
402 3437 174 47 revised
609 3437 210 48 edition.”

195 3493 351 55 Bibliography:
580 3511 39 38 p.
653 3495 159 46 ix-xii.

123 3549 52 54 ©
211 3551 99 44 Oct.
348 3551 62 52 15,
446 3553 125 51 1926;
606 3553 63 43 2c.
703 3554 87 42 and
820 3555 78 42 aff.
934 3554 100 44 Oct.
1070 3555 76 52 30;
1184 3556 43 41 A
1260 3554 188 54 950702;
1486 3555 185 46 Charles
1709 3557 248 46 Scribner’s
1994 3575 116 29 sons.

201 3609 268 54 (26-19456)

125 3708 251 69 Vernes,
414 3709 258 59 Arthur.

268 3800 1847 74 … Une sérologie précise éclaire le traitement de la
0 0 0 0 syphilis. [Paris, A. Maloine & fils] 1926.
