2542 4285
1368 3951 113 58 244

400 334 1984 73 Digest of the decisions of the courts of Missouri … to
475 412 1660 72 April, 1925 … Ed. by the editorial staff of the
476 413 1911 150 American digest system. v. 20, 21 … St. Paul, Minn., West
476 565 361 73 publishing
870 585 105 52 co.,
1013 568 164 55 1925.

468 644 26 41 2
526 659 39 27 v.
623 642 57 44 26
685 645 46 17 cm
738 677 9 9 .

739 724 110 17 CONTENTS.—V.
886 704 64 37 20.
987 697 720 52 Abandonment-Intestacy.—V.
1744 705 64 37 21.
1846 697 307 54 Intoxicating
399 697 1992 109 liquors-Zoning.

403 824 40 28 v.
469 810 66 50 20,
560 808 52 53 ©
639 810 109 43 Dec.
774 809 66 51 26,
867 806 130 54 1925;
1025 824 41 28 v.
1092 810 66 50 21,
1186 807 52 53 ©
1268 810 108 42 Dec.
1402 809 78 52 29;
1508 810 65 44 2c.
1599 809 108 44 each
1736 810 118 43 Mar.
1887 811 63 51 11,
1981 810 129 52 1926;
2141 810 101 44 affs.
2272 811 118 42 Mar.

475 865 72 53 10;
580 866 43 42 A
652 865 177 52 883573,
860 863 189 54 883574;
1081 866 133 43 West
1242 866 99 51 pub.
1373 880 65 28 co.

403 949 218 72 Dryer,
659 948 256 59 Charles
948 949 278 74 Redway
1256 948 354 72 Wilmarth,
1646 952 188 57 1850-

482 1041 79 56 El
566 1043 200 55 ement
772 1060 117 52 ary
931 1041 309 58 economic
1278 1040 381 74 geography,
1697 1043 82 70 by
1821 1040 258 62 Charles
2121 1043 274 71 Redway

405 1115 1990 76 Dryer … New York, Cincinnati [etc.] American book
406 1212 305 56 company
740 1226 13 43 [
753 1204 20 21 c
777 1195 165 73 1926]

476 1273 78 45 415
580 1288 41 37 p.
647 1274 102 44 incl.
778 1274 155 50 front.,
961 1272 133 52 illus.,
1119 1272 167 52 diagrs.
1344 1273 51 45 21
1406 1276 47 18 cm
1458 1310 10 10 .

404 1327 52 53 ©
486 1328 117 43 Mar.
636 1329 62 50 11,
732 1327 129 52 1926;
892 1328 64 42 2c.
988 1328 87 43 and
1105 1327 77 44 aff.
1215 1329 119 43 Mar.
1367 1326 74 53 16;
1472 1328 43 42 A
1546 1326 187 54 883665;
1767 1328 247 44 American
2041 1329 119 44 book
2188 1345 65 27 co.

485 1382 240 55 (26-6705)

406 1468 263 72 Duryee,
708 1468 187 73 Mary
931 1467 277 59 Ballard.

465 1558 290 62 Avenues
783 1559 68 57 of
877 1577 156 54 song
1061 1559 111 73 [by]
1201 1558 188 72 Mary
1410 1559 261 58 Ballard
1695 1559 269 72 Duryee.
2030 1559 152 59 New
2203 1560 189 71 York,

425 1637 57 56 E.
508 1636 70 57 B.
605 1636 289 71 Hackett,
923 1637 129 56 The
1076 1636 189 57 Brick
1290 1655 129 38 row
1442 1637 160 57 book
1630 1637 172 71 shop,
1826 1638 137 72 inc.,
1991 1639 164 55 1926.

474 1714 55 46 80
553 1730 41 37 p.
657 1715 51 43 16½
757 1717 30 17 cm
793 1750 9 9 .

409 1769 52 53 ©
498 1771 117 42 Mar.
652 1770 62 51 12,
753 1769 130 52 1926;
917 1770 63 43 2c.
1017 1770 121 43 Mar.
1174 1769 74 52 16;
1285 1770 78 43 aff.
1401 1770 119 42 Mar.
1558 1767 75 54 15;
1669 1770 43 42 A
1745 1768 189 55 879860;
1976 1770 138 45 Brick
2151 1786 94 30 row
2280 1771 120 44 book

479 1826 121 52 shop,
642 1825 82 44 inc.
793 1825 243 54 (26-6993)

408 1910 310 70 Emmons,
756 1908 245 59 Arthur
1036 1910 328 71 Brewster,
1404 1912 188 56 1875-

484 1986 234 59 Health
765 1988 241 57 control
1050 1987 66 56 in
1161 1986 362 59 mercantile
1568 1986 131 72 life,
1746 2008 37 37 a
1826 1987 282 72 problem
2154 1987 69 58 of
409 2007 1971 131 conserving

690 2065 232 57 human
954 2084 249 54 energy,
1238 2066 83 71 by
1351 2065 246 57 Arthur
1625 2064 319 60 Brewster
1975 2065 318 72 Emmons,
2327 2066 74 58 2d

475 2142 1792 74 … New York and London, Harper & brothers, 1926.
477 2222 63 52 xi,
583 2222 82 43 234
706 2236 40 38 p.
822 2221 114 44 illus.
964 2221 97 53 (incl.
1134 2220 141 54 plans,
1320 2220 170 54 forms)
1542 2221 152 53 plates,
1740 2220 141 45 tables
1907 2221 49 54 (1
2000 2220 187 53 double)
2238 2220 166 54 diagrs.

408 2279 48 43 21
467 2281 47 17 cm
520 2313 9 9 .

483 2335 355 53 “Bibliography
875 2350 57 28 on
971 2333 205 54 eyesight
1212 2336 86 42 and
1338 2333 221 54 lighting”
1599 2336 86 42 and
1726 2334 131 54 “Key
1894 2343 47 36 to
1979 2335 75 44 the
2090 2333 314 56 bibliography

409 2392 52 44 of
489 2393 197 44 advance
715 2391 45 44 in
788 2390 319 46 ventilation”:
1137 2406 41 38 p.
1207 2388 150 47 73-75.

411 2449 52 53 ©
493 2450 118 43 Mar.
643 2451 63 48 11,
740 2449 129 52 1926;
898 2449 66 43 2c.
996 2449 118 42 Mar.
1150 2448 74 52 10;
1257 2448 78 43 aff.
1367 2449 118 42 Mar.
1518 2449 75 52 13;
1624 2448 42 42 A
1696 2447 190 56 883617;
1920 2450 186 52 Harper
2134 2450 37 44 &
2200 2450 118 43 bros.

491 2505 241 55 (26-6831)

412 2588 277 73 Ericson,
732 2588 306 58 Emanuel
1075 2588 69 58 E.

490 2666 1916 74 Glass and glazing [by] Emanuel E. Ericson … Peoria,
411 2746 116 69 Ill.,
560 2744 128 58 The
718 2745 258 56 Manual
1005 2747 133 54 arts
1166 2763 182 52 press
1382 2773 13 43 [
1395 2752 20 21 c
1419 2744 163 72 1926]

484 2822 77 44 146
588 2837 41 38 p.
689 2821 116 45 illus.
864 2821 55 45 20
925 2823 47 18 cm
978 2857 9 9 .

414 2879 52 53 ©
486 2881 118 42 Mar.
633 2880 38 51 3,
700 2879 129 52 1926;
857 2880 66 43 2c.
951 2879 118 42 Mar.
1103 2879 73 50 13;
1207 2878 78 43 aff.
1316 2879 117 42 Mar.
1468 2877 73 53 10;
1572 2878 44 43 A
1643 2878 189 52 883614;
1864 2878 53 47 E.
1948 2878 52 47 E.
2030 2877 206 53 Ericson,
2267 2878 138 46 Santa

485 2936 215 51 Barbara,
735 2934 134 45 Calif.
938 2932 242 56 (26-6742)

414 3018 332 72 Faulkner,
786 3017 297 60 William.

495 3098 305 60 Soldiers’
829 3117 144 54 pay,
999 3099 84 71 by
1107 3096 280 61 William
1413 3097 332 58 Faulkner.
1852 3099 150 57 New
2028 3098 191 71 York,
2247 3097 163 57 Boni

416 3177 49 57 &
489 3175 343 73 Liveright,
863 3176 165 60 1926.

487 3254 358 51 319 p. 19½ cm .
416 3307 52 53 ©
501 3307 104 45 Feb.
637 3306 65 52 25,
738 3307 130 52 1926;
901 3309 64 42 2c.
1000 3308 122 43 Mar.
1152 3308 78 52 23;
1264 3307 78 43 aff.
1377 3307 119 43 Mar.
1526 3306 78 52 20;
1638 3307 43 42 A
1713 3304 191 54 883738;
1941 3306 115 44 Boni
2088 3306 37 44 &
2157 3305 249 53 Eiveright,

486 3364 81 43 inc.
637 3363 242 54 (26-6911)

418 3448 127 57 The
575 3446 267 58 Federal
869 3451 305 69 reporter.
1245 3447 241 58 Second
1515 3447 211 58 series.
1798 3445 190 59 Cases
2021 3446 238 72 argued
2287 3446 123 57 and

494 3525 388 58 determined
916 3525 67 56 in
1021 3526 103 56 the
1167 3524 235 59 Circuit
1445 3528 209 54 courts
1697 3525 66 56 of
1806 3523 257 72 appeals
2106 3524 124 57 and

494 3523 1889 136 District
673 3603 209 57 courts
920 3603 67 56 of
1017 3603 103 57 the
1154 3602 237 58 United
1427 3601 210 58 States
1675 3603 122 56 and
1831 3602 102 56 the
1972 3599 198 59 Court
2203 3600 67 57 of
493 3619 1890 132 appeals

716 3680 66 56 of
831 3680 103 57 the
983 3680 266 57 District
1300 3680 66 56 of
1418 3678 338 73 Columbia,
1807 3678 150 57 with
2005 3676 403 73 key-number

495 3754 1911 73 annotations … v. 6 (2d) September-October, 1925.
498 3833 88 63 St.
620 3834 177 75 Paul,
828 3834 181 58 West
1037 3834 363 73 publishing
1433 3853 104 52 co.,
1572 3834 163 56 1925.
