2542 4285
1071 3993 112 56 539

139 379 354 71 Carpenter,
536 377 213 57 Frank
785 377 251 72 George,
1080 378 354 56 1855-1924.

284 466 1828 73 … The British Isles and the Baltic states; England,
138 547 226 70 Wales,
400 546 309 71 Scotland,
742 546 317 56 Northern
1088 546 270 72 Ireland,
1390 547 103 57 the
1525 545 169 57 Irish
1724 546 160 59 Free
1919 544 194 72 State,

141 624 329 71 Germany,
520 624 257 71 Poland,
829 621 241 74 Latvia,
1122 621 246 74 Russia,
1421 622 325 69 Esthonia,
1798 625 123 56 and
138 621 1953 149 Finland,

337 699 1710 73 by Frank G. Carpenter … and Dudley Harmon …
137 777 148 56 with
332 779 70 54 96
447 776 414 59 illustrations
908 778 168 56 from
1122 775 270 75 original
1433 777 446 72 photographs.
140 775 1950 135 Garden
295 853 159 73 City,

491 853 72 56 N.
601 854 90 72 Y.,
731 853 380 74 Doubleday,
1149 855 171 72 Page
1356 855 47 56 &
1438 870 319 55 company,
1796 853 164 56 1926.

205 942 1911 55 xiv p., 1 l., 320 p. incl. front. plates, maps. 23½ cm . (Carpenter’s world
140 1002 189 50 travels)

206 1070 98 44 The
331 1069 205 52 chapters
565 1070 192 52 relating
782 1078 49 36 to
855 1070 222 53 England,
1103 1073 174 49 Wales,
1305 1071 228 51 Scotland,
1561 1071 233 43 Northern
1823 1069 180 45 Ireland
2029 1073 86 42 and

134 1125 73 45 the
240 1125 118 44 Irish
391 1125 113 44 Free
538 1124 123 47 State
693 1140 119 30 were
843 1128 218 51 prepared
1094 1126 59 53 by
1187 1126 177 53 Dudley
1399 1126 224 52 Harmon,
1656 1126 104 44 who
1791 1124 160 46 visited
1985 1125 126 45 these

138 1184 231 44 countries
397 1184 119 43 after
543 1184 73 44 the
644 1184 132 44 death
804 1186 54 42 of
886 1184 158 43 Frank
1072 1185 51 44 G.
1153 1184 260 52 Carpenter.

131 1247 55 53 ©
213 1249 111 52 Apr.
358 1250 61 51 14,
452 1249 101 44 1926
569 1264 10 38 ;
607 1250 64 43 2c.
701 1252 86 42 and
815 1251 78 42 aff.
926 1251 110 52 May
1067 1252 49 51 7;
1148 1251 44 42 A
1220 1249 189 53 890664;
1444 1248 283 55 Carpenter’s
1758 1251 143 43 world
1930 1248 180 54 travels,

202 1305 314 53 Washington.
584 1304 269 55 (26-10537)

136 1403 286 70 Cosenza,
466 1402 204 59 Mario
710 1402 242 70 Emilio,
997 1406 188 56 1880-

212 1494 127 56 The
382 1493 468 58 establishment
895 1494 67 58 of
1001 1493 104 59 the
1151 1492 246 74 College
1439 1496 67 55 of
1546 1495 103 57 the
1692 1493 126 73 city
1857 1495 68 56 of
1966 1494 151 58 New

132 1571 171 57 York
346 1592 68 37 as
460 1571 102 58 the
606 1571 161 58 Free
814 1573 296 70 academy
1152 1570 65 58 in
1261 1573 166 69 1847,
1475 1572 345 57 Townsend
1865 1570 249 73 Harris,

131 1649 297 69 founder;
462 1669 35 35 a
530 1649 255 70 chapter
812 1648 67 56 in
910 1649 103 56 the
1042 1648 248 71 history
1322 1650 67 56 of
1422 1648 342 71 education,
1796 1650 83 70 by
1911 1648 204 58 Mario

132 1725 1984 73 Emilio Cosenza … [New York] The Associate alumni
132 1804 69 56 of
230 1803 101 57 the
366 1803 245 72 College
641 1804 69 57 of
737 1803 103 57 the
874 1804 126 71 city
1031 1803 67 59 of
1126 1803 152 58 New
1305 1803 188 72 York,
1529 1804 163 55 1925.

202 1893 1333 54 5 p. l., 234 p. front., plates, ports., facsims. 23 cm .
204 1963 150 45 “Four
381 1964 202 44 hundred
615 1963 146 53 copies
791 1964 50 44 of
870 1963 89 44 this
990 1965 177 42 volume
1197 1964 112 43 have
1339 1965 109 43 been
1479 1963 174 53 printed
1684 1964 58 53 by
1774 1963 73 44 the
1879 1963 239 44 Associate

133 2021 168 44 alumni
327 2021 51 47 of
401 2020 74 45 the
504 2020 181 53 College
711 2021 50 43 of
788 2020 72 44 the
889 2020 92 52 city
1007 2020 49 44 of
1083 2022 116 42 New
1225 2021 132 43 York
1384 2020 72 45 for
1484 2019 281 54 subscribing
1794 2019 207 44 libraries
2029 2021 88 42 and

133 2077 280 45 individuals.
473 2077 112 44 This
621 2092 111 38 copy
766 2078 35 43 is
834 2091 72 30 no.
941 2075 93 45 71.”

132 2145 54 54 ©
215 2148 98 51 Jan.
347 2150 35 49 1,
413 2147 128 52 1926;
569 2148 65 42 2c.
665 2146 105 45 Feb.
803 2149 74 51 18;
907 2148 79 42 aff.
1016 2148 119 42 Mar.
1168 2148 73 52 11;
1273 2148 44 42 A
1348 2146 189 53 891237;
1571 2148 63 42 M.
1665 2146 52 47 E.
1751 2145 214 53 Cosenza,
1996 2146 117 44 New

200 2204 141 43 York.
410 2203 267 55 (26-10502)

134 2302 305 73 Crockett,
476 2302 222 58 Albert
734 2302 277 70 Stevens,
1052 2304 188 57 1873-

210 2395 201 57 When
451 2396 214 59 James
709 2395 270 59 Gordom
999 2394 269 58 Bennett
1308 2413 129 41 was
1480 2392 203 74 caliph
1727 2395 68 57 of
1835 2393 280 72 Bagdad,

134 2473 82 72 by
264 2473 223 57 Albert
537 2473 259 59 Stevens
853 2470 305 60 Crockett.
1241 2470 152 58 New
1442 2471 173 58 York
1666 2471 123 56 and
1839 2471 276 70 London,

134 2551 180 57 Funk
342 2551 47 57 &
413 2550 324 73 Wagnalls
766 2568 320 54 company,
1118 2551 164 56 1926.

198 2640 91 52 xvi,
317 2641 81 43 414
424 2655 39 38 p.
524 2639 151 53 front.,
700 2639 157 53 plates,
884 2646 139 46 ports.
1086 2640 48 42 19½
1169 2641 15 17 cm

132 2693 52 54 ©
215 2695 110 52 Apr.
354 2696 67 50 28,
453 2694 129 53 1926;
613 2695 64 42 2c.
708 2695 85 42 and
826 2695 77 43 aff.
937 2695 111 52 May
1083 2695 75 51 10;
1190 2694 44 42 A
1265 2691 192 54 891385;
1489 2692 135 48 Funk
1651 2694 38 43 &
1720 2693 238 52 Wagnalls
1991 2707 66 30 co.

210 2750 268 55 (26-10547)

134 2847 321 58 Delaware
488 2851 194 53 notes.
762 2849 93 71 [3d
890 2847 211 72 series,
1140 2847 163 74 1925]
1377 2845 491 72 Aerodynamics
1909 2846 65 57 of
2010 2845 102 57 the

207 2926 484 71 psychrometer,
722 2926 84 71 by
833 2925 240 72 George
1105 2925 227 57 Porter
1362 2925 212 56 Paine.
1645 2923 282 72 Newark,
1959 2922 153 72 Del.,

207 3003 370 71 University
605 3003 68 57 of
701 3004 323 56 Delaware
1060 3035 13 41 [
1075 3010 18 22 c
1097 3004 163 70 1926]

198 3078 1236 55 2 p. l., [33]—126 p. plates, tables, diagrs. 29 cm .
130 3134 56 54 ©
215 3137 112 52 Apr.
362 3137 63 51 13,
457 3136 127 50 1926;
616 3137 64 42 2c.
709 3137 87 42 and
826 3136 78 42 aff.
936 3136 114 52 May
1081 3134 75 53 15;
1188 3134 43 43 A
1261 3133 190 53 891439;
1485 3131 264 54 University
1779 3132 51 44 of
1861 3133 250 43 Delaware.

133 3248 154 74 Dell,
330 3249 181 57 Ethel
552 3249 166 72 May.

211 3340 59 56 A
310 3358 145 39 man
495 3341 198 56 under
735 3338 339 72 authority,
1117 3339 82 71 by
1240 3337 190 59 Ethel
1470 3337 82 57 M.
1598 3337 154 56 Dell.
1834 3335 276 71 London,

134 3417 151 58 New
309 3417 172 57 York
507 3419 143 71 [etc.]
684 3417 239 58 Cassell
949 3418 122 57 and
1098 3434 320 54 company,
1446 3416 108 56 ltd.
1586 3414 179 73 [1925]

197 3512 47 35 x,
270 3496 92 52 309,
392 3497 52 46 [1]
474 3510 39 38 p.
575 3496 50 44 19½
658 3498 47 18 cm
712 3533 9 9 .

134 3544 1977 59 © 1c. Jan. 8, 1926; A ad int. 7938; pubd. Nov. 26, 1925; Ethel M. Savage,
203 3608 135 43 Little
370 3607 216 51 Woolpit,
619 3605 225 53 Ewhurst,
882 3605 182 53 Surrey,
1099 3603 220 55 England.
1388 3603 267 55 (26-11034)

133 3704 294 74 Douglas,
464 3704 180 58 Alan.

210 3795 127 56 For
362 3795 103 58 the
490 3795 164 71 king,
679 3796 83 70 by
784 3793 164 58 Alan
971 3794 310 72 Douglas;
1309 3792 208 72 jacket
1540 3793 83 70 by
1648 3790 303 72 Manning
1974 3790 138 57 Lee.

135 3872 451 72 Philadelphia,
620 3872 249 58 Macrae
905 3871 204 59 Smith
1140 3889 303 53 company
1477 3900 13 43 [
1492 3878 18 23 c
1514 3871 162 71 1926]
