2609 4293
1445 4004 73 55 80

553 422 81 44 316
661 439 39 37 p.
760 423 83 46 col.
875 423 135 44 front.
1075 425 49 43 19½
1158 426 46 17 cm
1211 459 9 9 .

482 476 55 53 ©
566 477 119 52 Sept.
714 480 33 48 1,
779 477 128 53 1925;
938 480 63 41 2c.
1029 480 98 51 Jan.
1155 480 68 52 22,
1252 480 128 51 1926;
1410 480 79 43 aff.
1515 480 101 51 Jan.
1642 481 78 50 21;
1749 480 44 42 A
1821 481 189 52 883039;
2040 483 73 43 W.
2143 484 56 42 A.
2228 483 153 44 Wilde
2410 500 64 27 co.

562 534 241 52 (26-2454)

485 617 332 73 Thurston,
857 618 231 57 Ernest
1126 618 269 73 Temple,
1437 620 189 57 1879-

562 696 119 58 Mr.
713 697 295 73 Bottleby
1042 701 147 56 does
1226 695 367 75 something,
1626 699 84 68 by
1743 698 73 56 E.
1852 699 254 71 Temple
2142 702 335 56 Thurston.

485 775 275 72 London,
795 775 152 57 New
977 775 173 56 York
1183 779 145 68 [etc.]
1366 774 240 59 Cassell
1639 776 124 57 and
1794 794 320 55 company,
2147 779 108 56 ltd.
2350 779 126 72 [1925]

554 851 654 53 3 p. l., 313, [1] p. 19½ cm .
484 904 1991 57 © 1c. Jan. 13, 1926; A ad int. 7645; pubd. Nov. 16, 1925; E. T. Thurston,
555 961 280 54 Cambrook,
872 964 137 51 Kent,
1047 961 221 54 England.
1338 961 242 55 (26-7203)

484 1045 287 73 Tillman,
811 1045 260 59 Carroll.

558 1122 1854 74 Making 50% profit—with safety, by Carroll Tillman …
480 1201 259 72 Boston,
773 1203 213 69 Mass.,
1023 1202 166 56 1926.

551 1278 52 44 62
635 1294 39 37 p.
737 1278 196 45 facsims.
991 1278 55 43 20½
1081 1280 47 18 cm

480 1332 54 54 ©
565 1336 99 51 Jan.
701 1336 62 50 14,
798 1336 107 42 1926;
961 1336 64 42 2c.
1057 1336 99 51 Jan.
1187 1334 78 52 22;
1303 1335 79 43 aff.
1415 1335 99 52 Jan.
1546 1336 78 50 21;
1660 1335 44 42 A
1737 1336 187 51 882128;
1964 1334 49 46 C.
2043 1334 210 54 Tillman,
2292 1336 182 43 Boston.

560 1389 242 56 (26-2305)

481 1460 214 73 Wack,
737 1461 219 74 Henry
992 1459 403 75 Wellington,
1437 1462 189 58 1869-

560 1538 177 59 More
791 1540 188 56 about
1031 1557 273 39 summer
1356 1557 232 54 camps,
1638 1537 282 74 training
1971 1539 105 57 for
2124 1539 262 72 leisure;
2439 1560 35 37 a

482 1616 250 58 further
763 1617 319 57 reference
1115 1619 63 55 to
1211 1617 104 57 the
1347 1616 337 58 American
1715 1635 179 53 camp
1924 1621 369 69 movement,
2323 1616 152 58 with

483 1714 80 37 an
608 1696 260 55 account
911 1694 68 57 of
1022 1694 339 72 organized
1405 1695 299 56 southern
1747 1712 211 54 camps
2003 1694 105 58 for
2149 1696 155 71 boys
2352 1696 124 57 and

483 1772 154 72 girls
666 1773 194 57 based
886 1791 168 52 upon
1082 1772 436 58 observations
1545 1773 180 57 made
1756 1791 80 39 on
1863 1792 35 37 a
1925 1771 173 59 third
2127 1790 178 54 camp
2331 1775 146 55 tour

483 1850 391 58 undertaken
907 1850 107 57 for
1050 1850 102 57 the
1191 1850 137 57 Red
1361 1849 161 58 book
1556 1850 346 87 magazine,
1936 1850 85 72 by
2055 1850 223 72 Henry
482 1850 1973 150 Wellington

764 1927 1713 73 Wack … with an appreciation by Hon. Gifford
479 2005 1973 137 Pinchot … New York, The Red book magazine, Department
677 2085 67 57 of
773 2084 328 59 education
1132 2115 13 43 [
1146 2092 21 22 c
1169 2085 166 73 1926]

547 2162 82 46 227
652 2180 40 37 p.
752 2163 54 44 20
813 2166 47 17 cm
866 2198 9 9 .

481 2218 53 53 ©
567 2221 99 51 Jan.
700 2220 66 51 22,
807 2219 129 51 1926;
971 2219 66 43 2c.
1070 2219 87 44 and
1192 2219 78 43 aff.
1306 2219 99 51 Jan.
1441 2217 78 53 25;
1556 2219 44 42 A
1637 2219 188 52 883020;
1867 2217 317 46 Consolidated
2221 2218 255 53 magazines

551 2275 300 53 corporation,
889 2275 213 53 Chicago.
1172 2275 241 53 (26-2424)

480 2344 272 71 Walton,
789 2344 140 58 Eda
961 2344 149 58 Lou.

555 2422 199 58 Dawn
789 2423 153 71 boy;
977 2422 334 58 Blackfoot
1350 2423 125 56 and
1511 2421 248 72 Navajo
1802 2441 206 53 songs,
2047 2422 83 71 by
2167 2422 140 57 Eda
2346 2422 133 57 Lou

477 2500 274 69 Walton,
791 2500 153 57 with
987 2520 79 37 an
1109 2499 427 59 introduction
1576 2501 84 70 by
1700 2499 234 58 Witter
1974 2500 273 71 Bynner.
2329 2499 153 59 New

479 2579 190 72 York,
697 2578 74 57 E.
802 2579 69 55 P.
901 2578 241 57 Dutton
1170 2576 50 59 &
1246 2595 307 54 company
1582 2607 13 44 [
1597 2587 18 21 c
1620 2577 164 76 1926]

547 2657 118 43 xxiii
694 2672 55 39 p.,
776 2660 25 41 2
863 2691 9 17 l.,
903 2657 108 43 3-82
1039 2671 41 39 p.
1139 2657 50 42 21½
1227 2657 47 18 cm
1282 2692 8 8 .

552 2713 138 44 “This
722 2713 169 44 edition
924 2714 36 43 is
991 2712 172 45 limited
1195 2721 45 36 to
1274 2728 132 29 seven
1435 2712 206 45 hundred
1673 2715 86 42 and
1790 2712 105 52 fifty
1926 2712 189 53 copies.”

479 2769 54 53 ©
559 2772 101 51 Jan.
684 2771 67 50 20,
783 2770 130 52 1926;
941 2770 64 43 2c.
1034 2771 86 42 and
1149 2770 77 43 aff.
1257 2770 99 52 Jan.
1383 2770 78 51 23;
1491 2770 44 42 A
1562 2768 188 53 879374;
1784 2767 52 48 E.
1868 2771 50 42 P.
1947 2771 174 41 Dutton
2151 2770 36 42 &
2215 2784 66 28 co.

560 2827 241 53 (26-2340)

483 2895 331 73 [Whitney,
857 2894 257 58 Charles
1152 2894 356 76 Frederick]

555 2973 227 57 Indian
839 2972 252 74 designs
1150 2974 124 57 and
1333 2974 290 71 symbols.
1730 2972 245 73 [Salem,
2033 2973 214 70 Mass.,
479 2973 1977 136 Newcomb
680 3051 49 58 &

759 3051 223 70 Gauss,
1011 3050 300 73 printers,
1340 3062 18 21 c
1362 3052 165 72 1925]

554 3126 705 56 1 p. l., 55 p. illus. 19½ cm .
480 3184 53 55 ©
562 3187 108 43 Dec.
705 3187 62 49 12,
802 3184 128 53 1925;
960 3185 63 43 2c.
1055 3185 108 43 Dec.
1197 3184 75 53 15;
1305 3185 79 44 aff.
1413 3186 99 53 Jan.
1543 3186 37 50 9,
1617 3184 129 53 1926;
1780 3186 44 42 A
1855 3184 189 52 879272;
2080 3183 48 45 C.
2160 3183 50 44 F.
2243 3183 233 53 Whitney,

553 3243 165 52 Salem,
756 3244 141 42 Mass.
968 3242 242 54 (26-2339)

550 3311 1925 74 … Who’s who in journalism, a biographical directory and
558 3390 1923 72 reference book of the journalistic profession … 1st
557 3469 233 56 annual
825 3469 89 56 ed.
992 3468 153 56 New
1177 3466 175 57 York
1387 3468 53 56 city
1444 3471 86 68 ,
1567 3467 390 59 Journalism
1993 3467 359 72 publishing
2388 3486 86 37 co.

560 3576 13 42 [
575 3553 18 22 c
597 3547 164 72 1925]

551 3622 357 53 383 p. 23 ½ cm .
550 3679 65 42 At
656 3678 115 44 head
812 3677 52 45 of
902 3676 123 45 title:
1070 3675 220 46 National
1332 3676 232 54 directory
1613 3677 195 54 (United
1854 3677 151 46 States
2046 3676 50 45 of
2136 3673 216 47 America
2392 3674 87 44 and

484 3733 208 55 Canada)

481 3789 185 48 Editors:
728 3790 119 51 1925,
880 3790 43 47 S.
956 3790 264 45 Gershanek
1248 3791 87 43 and
1365 3791 66 43 M.
1462 3790 59 44 N.
1550 3791 113 43 Ask.

480 3846 53 54 ©
561 3849 109 43 Dec.
704 3849 64 50 19,
797 3847 130 51 1925;
954 3847 65 43 2c.
1049 3848 107 42 Dec.
1183 3848 79 50 21;
1293 3847 78 42 aff.
1400 3847 98 51 Jan.
1527 3850 38 48 8,
1597 3847 131 51 1926;
1758 3848 43 41 A
1831 3846 165 44 879197;
2056 3845 123 47 Sinai
2210 3844 264 45 Gershanek

551 3906 87 42 and
670 3904 203 43 Mihram
904 3905 59 42 N.
995 3904 114 51 Ask,
1138 3904 117 43 New
1285 3904 143 42 York.
1498 3903 242 53 (26-2274)
