2542 4285
1296 4014 151 54 1370

369 411 247 72 Massie,
665 412 192 69 Alice,
908 415 188 56 1884-

446 501 1913 74 Unresting year, by Alice Massie … London, New
371 581 173 57 York
578 584 145 69 [etc.]
762 580 239 59 Cassell
1032 581 123 56 and
1188 598 321 52 company,
1540 581 106 58 ltd.
1687 580 181 71 [1926]

439 657 567 54 vii, 311, [1] p. 19½ cm .
369 712 1967 112 © 1c. July 15, 1926; A ad int. 8329; pubd. May 20; A. Massie, Warwickshire,
609 771 221 53 England.
898 769 270 56 (26-21897)

387 873 238 71 [Mayor,
672 872 277 58 Osborne
998 871 232 75 Henry]
1280 873 189 56 1888-

449 965 182 58 Some
672 964 133 57 talk
844 964 66 55 of
951 963 391 70 Alexander;
1387 982 35 37 a
1467 980 204 54 revne,
1715 961 151 58 with
1906 960 346 59 interludes
2294 963 63 56 in

370 1043 105 56 the
506 1042 251 71 antique
788 1042 197 71 mode,
1018 1041 83 71 by
1130 1040 216 58 James
1377 1039 218 59 Bridie
1630 1041 248 71 [pseud.];
1943 1039 152 57 with
2128 1058 34 38 a
2195 1057 163 53 map.

369 1121 276 70 London,
681 1119 296 57 Methuen
1010 1118 48 56 &
1092 1137 105 54 co.,
1232 1119 109 56 ltd.
1382 1119 181 74 [1926]

437 1195 77 53 xii,
553 1196 78 44 180
662 1211 41 38 p.
766 1195 50 44 19½
850 1198 47 18 cm
903 1231 9 9 .

369 1250 1990 56 © 1c. May 13, 1926; A ad int. 8174; pubd. Mar. 18; O. H. Mayor, Glasgow.
449 1310 267 55 (26-21661)

368 1396 319 69 Mencken,
736 1397 219 72 Henry
998 1395 205 70 Louis,
1255 1398 189 56 1880-

443 1488 366 74 Prejudices:
867 1487 146 59 fifth
1042 1488 212 73 series,
1282 1490 83 71 by
1391 1488 79 58 H.
1501 1490 66 55 L.
1598 1489 314 57 Mencken.
1995 1489 152 57 New
2171 1489 190 71 York,

366 1568 76 57 A.
474 1569 74 58 A.
580 1567 226 73 Knopf
839 1597 13 43 [
852 1575 20 22 c
875 1567 165 71 1926]

437 1644 831 51 vii p., 1 l., 9-307 p., 1 l. 19 ½ cm .
369 1699 54 53 ©
454 1700 116 43 Nov.
606 1699 60 50 12,
703 1699 129 50 1926;
862 1698 66 43 2c.
959 1698 118 43 Nov.
1106 1697 79 52 20;
1218 1697 78 43 aff.
1330 1698 118 43 Nov.
1485 1695 74 54 17;
1594 1697 42 43 A
1668 1695 191 55 958080;
1892 1696 167 45 Alfred
2091 1698 59 43 A.
2184 1697 176 55 Knopf,

440 1758 82 43 inc.
590 1754 270 57 (26-21507)

369 1842 322 70 Merceret,
728 1839 218 58 Marie.

452 1932 129 58 The
625 1931 337 57 rainbow’s
1009 1933 111 68 pot
1167 1934 61 53 o’
1276 1929 163 72 gold,
1484 1930 82 71 by
1614 1929 202 58 Marie
1862 1929 326 59 Merceret.
2275 1930 88 59 St.

373 2011 208 71 Louis,
615 2010 143 72 Mo.,
793 2009 124 59 and
948 2009 278 68 London,
1259 2008 70 56 B.
1364 2006 250 58 Herder
1647 2008 159 58 book
1839 2026 107 52 co.,
1981 2009 164 56 1926.

441 2089 59 50 vi,
531 2086 80 46 259
644 2101 40 39 p.
747 2086 51 45 19
803 2088 46 18 cm
856 2121 9 9 .

442 2145 201 45 Written
670 2146 58 51 by
758 2143 103 44 four
892 2143 222 45 members
1145 2142 51 44 of
1225 2142 76 45 the
1332 2141 274 45 Twinklers’
1634 2141 127 46 club:
1793 2140 118 46 Miss
1946 2141 151 46 Marie
2128 2142 240 52 Merceret,

374 2204 115 42 Mrs.
528 2202 149 44 Helen
712 2200 219 53 Whitney
968 2198 154 53 Clark,
1161 2200 115 43 Mrs.
1313 2199 113 44 Lola
1463 2198 57 44 V.
1557 2199 129 53 Hays
1722 2199 87 44 and
1844 2199 116 44 Mrs.
1997 2198 144 45 Adela
2181 2197 188 48 Stevens

374 2259 139 54 Cody.

371 2316 53 53 ©
456 2317 117 43 Nov.
604 2316 65 51 22,
708 2313 103 46 1926;
870 2316 64 41 2c.
967 2315 87 42 and
1086 2314 78 43 aff.
1198 2314 118 43 Nov.
1348 2313 78 52 24;
1461 2314 44 41 A
1536 2310 188 55 957242;
1761 2312 50 44 B.
1843 2313 187 43 Herder
2058 2312 122 45 book
2211 2327 65 28 co.

451 2373 268 56 (26-21492)

370 2459 298 72 Minchin,
713 2458 211 74 Nydia
963 2458 70 58 E.

514 2549 1852 75 … The jester’s purse, by Nydia E. Minchin, and other
368 2632 181 72 plays
585 2632 105 57 for
722 2631 156 72 boys
914 2631 125 57 and
1072 2626 155 76 girls;
1294 2628 150 59 with
1479 2649 36 38 a
1550 2630 317 57 foreword
1898 2628 84 73 by
2016 2628 239 57 Bertha
2291 2626 72 57 E.

370 2703 1996 79 Mahony … illustrated by Lorraine Combs. New York,
370 2785 1289 73 Harcourt, Brace and company [ c 1926]
439 2857 1928 60 V p., 2 l., 3-203 p. illus. 19½ cm . (The bookshop play series, ed. by
373 2923 161 48 Elinor
558 2922 230 49 Whitney,
847 2935 71 29 no.
951 2921 47 48 1)

443 2979 218 45 Contains
691 2974 369 52 bibliographies.

700 3031 170 46 CONTENTS.—The
896 3031 178 52 jester’s
1106 3044 151 38 purse,
1289 3032 58 50 by
1376 3030 155 52 Nydia
1563 3030 53 47 E.
1648 3030 357 46 Minchin.—On
2036 3032 74 46 the
2142 3043 146 35 tower
2318 3033 51 44 of

371 3094 75 44 the
477 3092 223 48 shadows,
733 3091 59 50 by
824 3086 185 47 Marian
1042 3087 58 44 K.
1134 3086 322 47 Brown.—Sir
1489 3087 199 46 Richard
1719 3102 152 32 serves
1903 3087 70 47 his
2005 3102 155 39 queen,
2193 3091 60 50 by
2285 3086 81 47 Ida

373 3150 65 42 M.
473 3146 314 46 Owen.—The
817 3143 185 52 coming
1031 3145 53 46 of
1115 3159 212 35 summer,
1361 3145 58 50 by
1451 3143 225 47 Gertrude
1709 3144 50 44 P.
1791 3143 201 47 Driscoll
2022 3147 89 44 and
2145 3145 136 47 Clara
2314 3147 52 44 B.

374 3203 393 47 Peterson.—The
793 3201 213 51 birthday
1032 3201 122 50 cake,
1184 3202 60 49 by
1269 3199 154 51 Nydia
1452 3200 52 46 E.
1533 3200 217 45 Minchin.

373 3257 53 53 ©
455 3259 118 42 Nov.
604 3258 62 51 18,
695 3256 129 51 1926;
851 3256 65 42 2c.
944 3256 86 42 and
1058 3255 78 42 aff.
1166 3254 120 43 Nov.
1313 3254 78 51 23;
1424 3255 44 41 A
1496 3252 188 54 957199;
1719 3256 247 52 Harcourt,
1998 3256 143 44 Brace
2169 3259 88 42 and
2284 3271 80 37 co.,

444 3317 81 42 inc.
594 3312 269 56 (26-21504)

372 3398 755 74 Morton, H V.
451 3493 130 60 The
622 3493 260 59 London
922 3511 184 54 year;
1153 3514 36 38 a
1230 3493 160 58 book
1431 3495 67 57 of
1539 3512 189 54 many
1767 3493 237 72 moods,
2046 3495 82 71 by
2170 3494 78 56 H.
2292 3494 74 59 V.

373 3574 270 69 Morton,
679 3572 334 58 decorated
1048 3572 167 57 from
1254 3592 35 37 a
1324 3571 261 59 London
1622 3572 211 58 sketch
1867 3573 160 57 book
2061 3573 82 72 by
2178 3573 74 55 A.
2292 3573 72 56 E.

372 3650 232 57 Horne.
685 3649 279 72 London,
996 3648 297 58 Methuen
1324 3649 48 56 &
1403 3668 106 53 co.,
1541 3648 107 59 ltd.
1686 3650 181 72 [1926]

442 3725 720 53 xii, 211, [1] p. illus. 21 cm .
446 3785 124 45 “The
605 3792 184 42 greater
826 3794 102 40 part
966 3785 52 43 of
1054 3783 89 46 this
1182 3784 123 45 book
1340 3785 80 44 has
1459 3787 223 47 appeared
1719 3784 123 44 from
1878 3788 88 48 day
2000 3792 47 39 to
2087 3786 88 52 day
2209 3785 46 46 in
2292 3788 76 45 the

375 3840 152 51 ‘Daily
558 3839 243 52 express’.”

376 3891 1988 57 © 1c. Sept. 18, 1926; A ad int. 8532; pubd. July 22; H V Morton, London.
455 3950 267 55 (26-21304)
