2542 4285
1022 3978 108 56 595

76 317 257 68 Deaver,
373 316 167 57 John
574 314 190 69 Blair,
803 317 188 56 1855-

158 393 285 73 Snrgical
495 396 293 67 anatomy
836 393 67 57 of
955 392 103 58 the
1109 393 231 56 human
1388 391 182 73 body,
1621 392 83 72 by
1755 391 169 59 John
1972 391 72 57 B.

79 469 1967 72 Deaver … 2d ed. … thoroughly rev. and rearranged,
76 545 1972 150 profusely illustrated with drawings from original dissections made especially for this work … v. 1. Scalp,
79 701 292 72 cranium,
418 702 197 70 brain,
663 701 155 71 face,
865 700 233 70 mouth,
1147 700 229 73 throat,
1428 718 227 53 organs
1705 700 65 56 of
1821 699 231 72 special

80 798 226 38 senses.
389 778 451 71 Philadelphia,
873 778 69 55 P.
976 777 386 57 Blakiston’s
1399 796 112 38 son
1541 777 47 56 &
1620 795 86 38 co.
1742 806 14 43 [
1755 784 20 21 c
1780 777 162 73 1926]

209 853 668 53 xv, 551 p. incl. plates. 28 cm .
79 908 52 54 ©
161 911 109 51 May
297 910 65 50 22,
397 910 104 43 1926
516 925 9 37 ;
555 911 64 42 2c.
649 910 86 42 and
763 910 78 42 aff.
874 910 111 51 May
1012 909 77 52 24;
1123 909 44 42 A
1196 909 188 52 890898;
1420 909 50 43 P.
1504 908 271 45 Blakiston’s
1806 924 79 28 son
1916 910 38 43 &
1984 925 66 28 co.

155 966 267 54 (26-11302)

78 1034 322 74 [Deleutre,
433 1036 156 57 Paul
625 1034 257 59 Charles
912 1034 288 73 Philippe
1235 1034 146 58 Eric]
1433 1037 189 58 1856-

217 1112 1836 72 … Le serment de Daalia, La chasse au mystère, roman.
73 1190 203 72 Paris,
311 1191 61 58 J.
408 1190 374 71 Tallandier,
817 1199 20 22 c
838 1190 164 56 1925.

143 1268 83 43 224
270 1282 39 38 p.
387 1269 48 43 19
442 1270 47 17 cm
494 1301 9 9 .
584 1267 101 54 (On
729 1282 156 28 cover:
936 1267 64 44 Le
1042 1266 113 44 livre
1198 1265 225 53 national;
1471 1272 236 40 aventures
1755 1273 43 37 et
1842 1281 212 39 voyages.

72 1339 30 28 n°
156 1323 77 55 85)

144 1381 65 44 At
244 1380 113 44 head
392 1382 49 42 of
476 1380 109 51 title,
623 1379 229 45 “Grandes
889 1386 236 39 aventures
1164 1380 39 44 &
1234 1395 197 38 voyages
1469 1379 354 53 excentriques”,
1858 1380 89 44 and
1981 1379 75 44 the

73 1437 200 44 author’s
311 1437 284 53 pseudonym,
634 1437 115 43 Paul
785 1436 156 44 d’Ivoi.

147 1493 159 52 Sequel
336 1502 47 37 to
415 1494 62 42 Le
509 1502 192 35 serment
732 1495 53 42 de
815 1492 174 44 Daalia.

75 1547 1921 55 © Dec. 31, 1925; 1c. Feb. 19, 1926; A—Foreign 30257; Jules Tallandier.
156 1606 267 56 (26-11284)

76 1675 259 72 Dudley,
373 1675 284 73 Carolyn.

153 1753 316 73 Learning
512 1752 194 60 God’s
749 1772 168 53 way;
960 1772 331 53 programs
1335 1754 106 57 for
1480 1754 105 58 the
1625 1753 286 73 primary
79 1756 1949 149 department,
453 1833 314 69 prepared
805 1831 103 58 for
945 1851 111 38 use
1094 1833 67 56 in
1196 1832 104 57 the
1342 1832 171 71 daily
1548 1830 291 60 vacation
1875 1832 177 57 Bible

79 1909 223 73 school,
331 1910 84 71 by
444 1908 270 73 Carolyn
744 1907 261 75 Dudley,
1038 1909 206 58 edited
1272 1910 84 71 by
1383 1910 169 58 John
1583 1909 68 57 T.
1681 1909 205 73 Faris,
1957 1956 12 11 D.
2039 1956 11 12 D.

76 1987 453 73 Philadelphia,
562 1987 213 58 Board
810 1988 67 57 of
913 1986 320 59 Christian
1268 1987 328 59 education
1631 1988 66 57 of
1730 1988 104 57 the
77 1988 1950 149 Presbyterian
393 2065 225 58 church
639 2065 67 56 in
731 2066 102 57 the
859 2062 75 60 U.
966 2064 60 59 S.
1055 2064 95 73 A.,
1177 2066 166 57 1926.

152 2146 17 42 1
197 2160 39 37 p.
295 2180 9 17 l.,
330 2140 137 48 5-156
487 2158 42 38 p.
588 2142 128 53 illus.,
741 2143 167 53 diagrs.
966 2144 52 43 23½
1055 2146 47 18 cm
1107 2178 10 10 .

148 2200 349 53 Bibliography:
530 2215 39 38 p.
604 2199 200 45 109-110.

79 2253 52 54 ©
168 2256 110 51 May
312 2257 37 49 3,
389 2255 105 43 1926
508 2270 9 36 ;
551 2255 65 42 2c.
655 2256 109 51 May
798 2254 26 42 6
839 2269 9 37 ;
884 2255 81 42 aff.
1004 2255 111 51 May
1152 2252 22 45 5
1191 2269 10 37 ;
1239 2254 44 43 A
1321 2253 164 45 890650
1501 2270 9 36 ;
1552 2255 149 43 Board
1738 2255 51 43 of
1828 2254 227 44 Christian

148 2312 232 44 education
408 2313 50 45 of
483 2312 72 43 the
582 2311 319 52 Presbyterian
928 2310 167 44 church
1113 2310 43 43 in
1173 2311 74 43 the
1265 2312 57 44 U.
1344 2310 44 47 S.
1406 2312 58 43 A.
1532 2311 268 54 (26-11388)

76 2381 221 72 Eager,
342 2381 251 58 Samuel
629 2380 308 73 Watkins,
979 2383 190 57 1900-

149 2458 267 57 Descent
460 2459 121 56 and
622 2456 439 73 distribution;
1105 2458 297 59 intestate
1450 2458 350 59 succession
1844 2458 66 57 in
1953 2460 104 58 the

76 2534 1980 74 state of New York. By Samuel W. Eager … Albany,
74 2612 74 56 N.
183 2612 73 56 Y.
294 2613 121 56 and
450 2612 151 58 New
631 2612 175 57 York
838 2611 143 73 city,
1019 2613 84 57 M.
1136 2613 249 58 Bender
1422 2613 48 58 &
1503 2632 321 54 company,
72 2613 1961 147 incorporated,
390 2689 163 57 1926.

144 2762 98 53 xiii,
276 2764 83 45 244
391 2778 40 39 p.
490 2765 148 43 23½cm.

76 2818 58 54 ©
162 2820 106 44 Feb.
295 2821 40 52 2,
366 2821 106 43 1926
485 2836 9 36 ;
524 2822 63 43 2c.
616 2821 105 44 Feb.
751 2821 48 53 5;
831 2823 78 43 aff.
940 2821 106 45 Feb.
1076 2825 49 50 3;
1157 2824 45 42 A
1230 2823 189 54 883177;
1453 2824 221 44 Matthew
1707 2825 178 43 Bender
1912 2826 38 43 &
1977 2841 80 37 co.,

151 2877 82 43 inc.
302 2877 267 54 (26-11419)

80 2945 280 70 Erskine,
396 2946 300 73 Beatrice,
732 2949 187 57 “Mrs.
958 2949 256 58 Steuart
1247 2948 323 60 Erskine.”

155 3024 128 56 The
317 3023 291 59 memoirs
644 3027 68 56 of
749 3025 103 59 Sir
887 3026 208 58 David
1129 3026 270 59 Erskine
1435 3028 68 57 of
1540 3026 326 73 Cardross,
1956 3074 12 11 K.
2047 3073 11 12 C.

76 3102 1984 74 v. o., edited by Mrs. Steuart Erskine … London, T. F.
76 3178 243 72 Unwin,
351 3179 111 58 ltd.
499 3181 179 72 [1926]

148 3255 93 55 227,
283 3260 52 44 [1]
375 3272 38 38 p.
474 3257 150 52 front.,
663 3257 152 53 plates,
856 3267 136 44 ports.
1052 3260 51 42 23
1112 3261 46 18 cm
1164 3294 11 9 .

82 3311 1956 114 © 1c. Mar. 23, 1926; A ad int. 8129; pubd. Jan. 26; Beatrice Steuart Erskine, London. (26-11144)
82 3432 337 79 Fairchild,
461 3438 165 60 Fred
662 3440 256 74 Rogers,
960 3444 189 57 1877-

158 3515 1836 75 Elementary economics, by Fred Rogers Fairchild …
82 3593 1911 74 Edgar Stevenson Furniss … Norman Sydney Buck …
82 3670 151 58 New
260 3671 188 73 York,
483 3672 127 58 The
640 3672 357 58 Macmillan
1027 3690 319 53 company,
1379 3673 165 59 1926.

155 3752 27 42 2
211 3768 41 28 v.
312 3751 117 43 illus.
456 3750 152 53 (map)
646 3751 167 53 diagrs.
871 3753 150 44 22½cm.

155 3804 324 54 “Suggestions
509 3806 70 42 for
607 3805 179 44 further
814 3806 211 51 reading”
1052 3816 46 37 at
1124 3807 83 42 end
1234 3805 51 44 of
1311 3805 109 44 each
1449 3814 113 43 part.

87 3859 55 54 ©
173 3863 109 52 May
317 3863 60 48 18,
412 3862 105 43 1926
533 3877 8 36 ;
572 3862 65 43 2c.
668 3862 108 44 each
807 3864 86 42 and
922 3863 78 42 aff.
1032 3863 111 51 May
1179 3862 73 51 19;
1287 3862 45 42 A
1365 3862 187 52 891601;
1589 3862 263 45 Macmillan
1883 3878 66 28 co.

166 3916 268 56 (26-11565)
