2542 4285
1059 3978 150 59 1177

208 507 91 51 xvi,
331 509 106 43 1106
460 521 42 37 p.
560 505 117 45 illus.
736 504 52 46 25
797 507 47 19 cm
848 540 10 9 .

211 563 327 44 “References”
566 568 44 38 at
639 562 83 45 end
749 562 54 44 of
831 561 109 45 each
967 560 198 49 chapter.

143 615 52 54 ©
228 618 100 43 Oct.
365 617 60 50 12,
464 615 125 52 1926;
626 616 63 42 2c.
723 615 85 42 and
842 614 78 43 aff.
958 614 100 43 Oct.
1095 612 73 51 18;
1206 612 43 42 A
1282 609 189 53 950497;
1506 611 76 43 W.
1617 610 48 43 B.
1705 609 226 46 Saunders
1966 624 64 28 co.

220 673 267 55 (26-18119)

143 754 411 75 Kuykendall,
597 755 209 73 Ralph
846 755 61 59 S.

221 836 57 55 A
310 835 247 69 history
591 835 68 57 of
693 833 264 71 Hawaii,
990 833 314 70 prepared
1339 832 198 57 under
1571 831 102 57 the
1710 827 305 61 direction
2050 829 68 58 of

146 913 102 58 the
292 911 343 59 Historical
682 911 394 58 commission
1125 911 67 57 of
1238 910 104 57 the
1388 907 303 73 territory
1737 908 68 58 of
1849 906 268 70 Hawaii,

144 991 83 71 by
258 991 206 72 Ralph
499 989 59 59 S.
595 989 400 72 Kuykendall;
1059 989 150 55 with
1244 988 434 70 introductory
1713 986 290 71 chapters
2035 985 84 71 by

145 1068 274 59 Herbert
462 1067 73 59 E.
580 1067 299 73 Gregory.
963 1066 151 57 New
1155 1065 189 71 York,
1388 1065 131 58 The
1562 1063 356 58 Macmillan
142 1081 1951 139 company,
367 1147 164 57 1926.

242 1220 1503 58 x p., 1 l., 375 p. incl. front. (port.) illus. double maps. 20½cm.
138 1279 54 54 ©
230 1281 101 43 Oct.
372 1281 61 48 13,
475 1278 128 52 1926;
640 1279 66 42 2c.
744 1279 86 43 and
866 1278 79 43 aff.
986 1278 101 43 Oct.
1129 1277 73 51 14;
1244 1277 43 42 A
1324 1274 189 53 949513;
1555 1274 241 53 Territory
1831 1275 55 43 of
1923 1274 197 52 Hawaii,

209 1337 245 44 Honolulu.
523 1333 267 56 (26-18085)

141 1422 205 58 Labor
376 1422 288 57 research
697 1421 190 74 study
918 1437 218 56 group.

219 1500 127 58 The
380 1500 121 57 law
534 1498 68 59 of
637 1499 190 58 social
862 1498 382 68 revolution;
1284 1517 36 37 a
1358 1495 420 73 co-operative
1819 1496 187 72 study
2041 1498 82 69 by

140 1577 103 57 the
279 1577 206 58 Labor
524 1576 292 58 research
854 1575 188 73 study
1079 1594 220 53 group,
1342 1574 176 60 Scott
1555 1573 296 72 Nearing,
1890 1574 230 58 leader.

140 1653 151 57 New
313 1653 191 69 York,
532 1652 204 58 Social
764 1652 234 58 science
1024 1651 375 74 publishers,
1426 1651 164 57 1926.

247 1727 388 54 x, 262 p. 18½ cm .
138 1783 52 54 ©
222 1784 118 54 Sept.
373 1785 60 51 18,
465 1785 128 51 1926;
621 1785 63 43 2c.
716 1785 120 52 Sept.
862 1785 79 52 23;
973 1786 78 42 aff.
1084 1784 119 53 Sept.
1231 1785 77 52 22;
1339 1785 44 42 A
1411 1783 189 54 950160;
1634 1785 148 46 Social
1810 1784 173 45 science
207 1785 1892 101 publishers.

448 1839 268 57 (26-17826)

139 1926 210 69 Lamb,
391 1927 272 73 Charles,
704 1929 356 58 1775-1834.

286 2003 1838 75 … Tales from Shakespeare, by Charles and Mary Lamb;
142 2080 1958 150 selected and edited by Mary Ransom Fitzpatrick … Boston,
302 2160 151 58 New
482 2161 173 56 York
688 2164 146 70 [etc.]
869 2161 189 70 Allyn
1093 2162 121 57 and
1246 2162 209 57 Bacon
1492 2192 13 43 [
1507 2170 19 22 c
1529 2164 163 69 1926]

207 2236 1918 57 xiv p., 1 l., 392 p. front., illus., plates. 17 cm . (Academy classics for
137 2294 152 53 junior
310 2294 110 54 high
441 2295 202 55 schools)

135 2351 57 54 ©
225 2353 106 53 July
363 2353 68 52 26,
472 2352 104 45 1926;
639 2354 63 43 2c.
743 2354 100 43 Oct.
883 2354 74 51 11;
997 2355 79 42 aff.
1115 2355 99 43 Oct.
1254 2354 50 52 9;
1343 2354 44 43 A
1426 2353 188 53 950446;
1654 2354 140 53 Allyn
1832 2355 86 44 and
1958 2355 165 45 Bacon,

223 2408 54 55 [©
312 2426 99 29 new
445 2417 177 46 matter]
693 2408 270 57 (26-17988)

139 2495 163 69 Law,
346 2495 337 58 Frederick
721 2495 202 59 Houk.

140 2572 1959 138 How to write and how to deliver an oration, by Frederick Houk Law … New
1016 2652 192 70 York,
1246 2653 281 70 London,
1571 2652 65 59 G.
1681 2653 67 57 P.
1792 2653 331 58 Putnam’s

141 2746 164 51 sons,
331 2727 166 59 1926.

207 2802 444 55 vi, 162 p. 19½ cm .
137 2858 54 54 ©
220 2862 99 43 Oct.
347 2861 38 51 8,
416 2861 128 53 1926;
571 2862 64 43 2c.
667 2863 101 44 Oct.
796 2861 49 53 9;
875 2863 77 43 aff.
984 2863 102 44 Oct.
1117 2864 45 42 11;
1221 2863 44 43 A
1292 2864 189 53 950409;
1512 2863 52 45 F.
1594 2866 62 43 H.
1686 2865 122 52 Law,
1838 2866 116 44 New
1981 2867 140 44 York.

216 2916 270 56 (26-17815)

139 3001 274 73 Liguori,
446 3003 267 60 Alfonso
745 3004 207 59 Maria
985 3006 91 68 de,
1112 3006 204 72 Saint,
1352 3008 355 58 1696-1787.

218 3082 127 60 The
368 3100 140 53 way
533 3082 67 59 of
625 3082 311 58 salvation
961 3087 123 56 and
1111 3082 68 59 of
1203 3083 369 73 perfection.
1640 3085 487 60 Meditations—

139 3157 181 72 pious
345 3158 724 74 reflections—spiritual
1095 3162 314 70 treatises,
1434 3163 84 71 by
1546 3162 88 60 St.
1661 3163 363 72 Alphonsus
2051 3165 75 60 de

139 3234 1986 80 Liguori … edited by Rev. Eugene Grimm … Brooklyn,
142 3311 89 59 St.
258 3312 191 60 Louis
481 3316 145 69 [etc.]
656 3314 470 73 Redemptorist
1152 3315 246 60 fathers
1430 3346 13 43 [
1445 3326 19 22 c
1467 3318 165 71 1926]

211 3386 82 47 512
322 3402 40 39 p.
424 3389 51 45 19
482 3391 47 19 cm
534 3424 9 9 .
610 3390 294 55 (Half-title:
939 3389 102 47 The
1073 3392 226 53 complete
1329 3395 156 42 works
1518 3394 53 43 of
1607 3393 129 46 Saint
1769 3394 268 54 Alphonsus
2071 3396 56 47 de

142 3442 1985 60 Eiguori … tr. from the Italian. Ed. by Rev. Eugene Grimm … The
141 3499 212 46 ascetical
379 3500 169 45 works,
607 3503 91 43 vol.
772 3503 18 50 II)

140 3554 52 54 ©
231 3556 119 53 Sept.
391 3558 62 53 11,
492 3558 127 53 1926;
657 3560 64 43 2c.
762 3560 119 52 Sept.
924 3561 74 52 10;
1037 3562 78 43 aff.
1157 3561 119 53 Sept.
1317 3563 74 51 14;
1432 3563 43 42 A
1513 3563 189 54 949007;
1741 3566 152 51 James
1936 3568 188 54 Barron,

209 3613 243 55 Brooklyn.
521 3614 269 57 (26-17841)

140 3697 275 75 Lofting,
458 3701 206 74 Hugh,
710 3705 189 57 1886-

216 3775 234 60 Doctor
492 3778 320 62 Dolittle’s
856 3799 290 48 caravan,
1190 3780 251 59 written
1484 3783 123 57 and
1648 3784 359 62 illustrated
2050 3792 79 71 by

141 3852 189 75 Hugh
362 3854 276 75 Lofting.
721 3856 151 59 New
903 3857 189 65 York,
1124 3857 169 58 Fred
1295 3859 24 29 k
1350 3858 73 58 A.
1461 3859 221 60 Stokes
1715 3882 85 41 co.
1838 3866 181 76 [1926]
