2609 4293
1133 3969 71 55 55

182 329 273 69 Hanson,
490 326 254 73 Adolph
774 325 414 74 Melanchton,
1227 329 188 57 1888-

255 421 311 56 Practical
610 420 177 72 helps
836 421 62 56 in
949 421 103 57 the
1103 420 188 71 study
1339 420 123 57 and
1509 423 337 54 treatment
1894 422 67 57 of
2005 422 158 57 head

179 495 1983 75 injuries [by] Adolph M. Hanson … With 91 illustrations.
177 575 256 68 Boston,
459 574 71 56 R.
559 574 69 58 G.
654 573 254 71 Badger
936 574 199 71 [c1925]

246 652 43 43 vi
313 665 55 36 p.,
400 653 17 43 3
462 685 21 16 l.,
513 651 162 44 13-109
697 663 40 37 p.
797 649 131 52 illus.,
958 650 153 51 plates,
1169 649 135 52 diaprs.
1369 652 48 43 19½
1451 653 47 18 cm
1505 687 8 8 .

180 703 52 53 ©
269 706 109 42 Dec.
418 705 62 51 10,
520 703 128 52 1925;
686 705 64 42 2c.
787 705 100 51 Jan.
927 705 63 51 18,
1031 705 128 51 1926;
1197 704 78 44 aff.
1311 705 99 51 Jan.
1453 704 72 52 16;
1565 704 44 42 A
1646 703 188 53 879309;
1877 704 199 44 Richard
2112 704 50 44 G.

250 761 191 52 Badger.
511 760 240 53 (26-2134)

179 858 269 73 Haynes,
484 857 293 59 Edmund
812 856 236 75 Sidney
1081 856 271 73 Pollock,
1392 860 188 57 1877-

253 951 1844 73 Lycurgus; or, The future of law, by E. S. P. Haynes …
178 1029 147 56 New
351 1029 188 68 York,
566 1028 72 55 E.
665 1029 69 56 P.
769 1027 233 57 Dutton
1029 1028 47 56 &
1104 1046 304 53 company
1437 1059 12 41 [
1450 1035 18 21 c
1473 1029 164 71 1926]

244 1106 48 42 xi
328 1118 52 38 p.,
422 1108 16 41 1
494 1139 21 14 l.,
550 1105 55 44 82
636 1119 40 35 p.
740 1105 50 43 16
797 1107 47 17 cm
849 1139 9 8 .
920 1105 200 51 [To-day
1153 1106 88 43 and
1275 1113 273 37 to-morrow
1582 1106 137 44 series]

175 1156 54 54 ©
258 1160 97 50 Jan.
388 1159 35 50 4,
460 1158 128 52 1926;
620 1159 64 42 2c.
713 1159 98 51 Jan.
843 1159 49 52 9;
925 1159 79 44 aff.
1034 1159 98 52 Jan.
1166 1157 49 54 7;
1246 1159 44 42 A
1321 1157 188 54 879189;
1544 1158 52 47 E.
1630 1160 51 42 P.
1715 1161 175 43 Dutton
1921 1160 37 44 &
1989 1175 64 28 co.

254 1213 240 55 (26-2130)

176 1311 359 71 Heathcote,
574 1311 229 72 Harry.

251 1400 307 57 Priceless
601 1400 230 71 pearls,
874 1402 123 56 and
1037 1402 180 55 other
1255 1419 215 52 poems
1517 1401 111 73 [by]
1673 1400 221 74 Harry
174 1400 1971 137 Heathcote.
406 1479 256 69 Boston,

695 1479 72 56 R.
803 1478 68 59 Gr.
907 1478 253 72 Badger
1197 1507 12 43 [
1212 1488 18 20 c
1233 1478 164 73 1925]

243 1556 53 44 88
329 1570 39 38 p.
431 1557 51 43 19½c
532 1557 29 17 m
568 1590 9 8 .

174 1610 52 53 ©
265 1612 116 44 Nov.
417 1613 65 50 20,
522 1611 128 51 1925;
688 1613 65 42 2c.
789 1613 98 51 Jan.
929 1613 59 49 18,
1029 1611 130 53 1926;
1197 1612 77 43 aff.
1312 1614 99 51 Jan.
1452 1612 73 53 16;
1563 1613 45 43 A
1646 1610 189 55 879307;
1873 1613 201 44 Richard
2112 1612 50 46 G.

245 1669 191 52 Badger.
506 1668 241 53 (26-1961)

174 1766 177 72 Heyl,
391 1767 157 56 Paul
586 1766 231 72 Renno,
858 1768 189 57 1872-

251 1860 129 58 The
424 1860 434 57 fundamental
902 1859 288 72 concepts
1235 1861 66 57 of
1343 1860 253 72 physics
1639 1858 65 59 in
1747 1861 103 57 the
1894 1858 159 74 light
2097 1861 69 58 of

172 1938 257 56 modern
470 1934 357 73 discovery;
870 1938 174 56 three
1084 1939 267 56 lectures
1393 1943 65 54 at
1498 1938 102 57 the
1643 1936 305 74 Carnegie
173 1935 1968 137 institute
347 2016 67 57 of

455 2014 387 72 technology,
884 2012 392 75 Pittsburgh,
1319 2015 310 72 January,
1674 2016 167 70 1925,
1883 2016 83 72 by
2007 2016 158 59 Paul

173 2092 1968 149 R. Heyl … Baltimore, The Williams & Wilkins company, 1926.
309 2281 10 16 xii,
348 2247 79 45 112
449 2261 43 37 p.
579 2247 26 45 19
610 2249 48 18 cm
662 2281 10 10 .

243 2302 357 46 “References”:
632 2317 42 37 p.
710 2302 201 46 110-112.

173 2356 52 53 ©
254 2357 107 43 Dec.
391 2358 66 50 31,
489 2356 128 52 1925;
648 2357 63 44 2c.
741 2357 87 43 and
853 2357 78 43 aff.
961 2357 100 51 Jan.
1094 2356 60 51 16,
1189 2356 128 52 1926;
1350 2357 44 42 A
1421 2355 189 54 879288;
1641 2357 229 45 Williams
1902 2358 37 44 &
1965 2357 199 45 Wilkins

242 2429 65 29 co.
375 2413 241 55 (26-2144)

173 2509 292 72 Hoskins,
506 2509 275 58 Halford
814 2510 357 57 Lancaster.

246 2600 101 58 An
377 2599 231 60 outline
638 2600 69 58 of
731 2600 260 59 modern
1021 2600 340 72 European
1390 2599 266 74 history,
1683 2600 85 73 by
1793 2599 277 61 Halford
2095 2601 69 58 L.

171 2678 1814 75 Hoskins … Garden City, N. Y., Doubleday, Page &
170 2698 1973 130 company,
394 2757 165 56 1925.

239 2834 47 43 xi
315 2849 53 38 p.,
401 2837 18 41 1
470 2869 24 17 l.,
523 2834 80 44 138
628 2848 40 39 p.
728 2833 110 45 fold.
867 2848 140 39 maps.
1065 2834 53 44 23½
1153 2835 48 18 cm
1207 2867 10 10 .

242 2890 151 46 “First
421 2890 210 45 edition.”

242 2947 352 53 Bibliography:
627 2962 40 38 p.
703 2944 148 47 18-35.

172 3002 52 53 ©
251 3006 106 41 Dec.
385 3006 40 49 4,
456 3003 129 54 1925;
613 3005 63 42 2c.
705 3004 87 43 and
816 3004 80 42 aff.
921 3004 99 52 Jan.
1049 3003 36 51 9,
1118 3003 129 52 1926;
1276 3003 44 43 A
1348 3000 189 56 875911;
1569 3004 280 53 Doubleday,
1881 3005 127 53 Page
2035 3005 37 44 &
2098 3018 65 29 co.

248 3059 242 56 (26-1967)

172 3157 322 70 Huffman,
535 3158 232 73 Jasper
800 3157 339 69 Abraham,
1181 3159 189 58 1880-

169 3246 1974 154 Young people and the Christ life, by Prof. J. A. Huffman … Chicago, Ill.,
1016 3327 129 56 The
1194 3324 321 59 Christian
1560 3324 254 59 witness
1864 3343 304 54 company

172 3406 199 70 [c1925]

244 3480 355 55 123 p. 19½ cm .
171 3536 53 54 ©
252 3539 107 43 Dec.
388 3539 64 50 30,
484 3537 129 53 1925;
640 3539 64 42 2c.
732 3538 88 43 and
846 3537 78 44 aff.
953 3538 97 52 Jan.
1083 3538 63 52 18,
1176 3537 130 53 1926;
1338 3537 44 42 A
1407 3535 190 54 875905;
1629 3535 229 46 Christian
1888 3535 181 46 witness
2096 3550 65 29 co.

249 3594 241 55 (26-2199)

171 3691 207 73 Irwin,
415 3693 169 58 John
615 3692 72 58 R.

247 3782 201 58 Radio
482 3800 85 54 up
598 3786 64 55 to
695 3782 103 58 the
829 3779 255 76 minute,
1115 3781 84 73 by
1229 3781 168 59 John
1429 3781 73 57 R.
1538 3780 193 58 Irwin
1764 3780 124 58 and
1919 3779 243 58 Arthur

173 3858 1679 75 R. Nilson … New York, E. J. Clode, inc. [ c 1926]
