2542 4285
1351 4016 109 56 588

398 368 308 72 Bolenius,
744 370 219 55 Emma
995 367 224 59 Miller.

476 459 126 55 The
632 460 180 70 boys’
846 461 121 55 and
1000 460 181 71 girls’
1214 462 273 55 readers.
1561 460 181 58 Sixth
1773 463 239 69 reader,
2043 463 83 70 by
2156 460 225 59 Emma

399 536 208 56 Miller
646 536 314 56 Bolenius.
1042 537 177 57 With
1260 538 314 71 drawings
1617 539 81 70 by
1739 538 207 57 Mabel
1989 538 197 72 Betsy
2226 539 151 56 Hill.

399 613 253 71 Boston,
683 614 150 56 New
858 614 173 56 York
1059 615 144 72 [etc.]
1234 614 340 73 Houghton
1603 615 212 56 Mifflin
1845 634 305 53 company
2178 647 12 42 [
2193 623 17 22 c
2215 617 162 72 1926]

466 702 767 55 xix, [1], 340 p. illus. 19½ cm .
399 770 52 53 ©
482 773 111 50 May
625 773 34 51 1,
696 773 127 52 1926;
855 773 65 42 2c.
953 773 111 52 May
1094 773 50 52 8;
1179 774 78 42 aff.
1291 775 115 50 May
1436 771 49 54 7;
1520 775 43 41 A
1597 773 186 52 890673;
1817 773 52 47 E.
1904 775 65 43 M.
2005 772 223 53 Bolenius,
468 773 1890 107 Lancaster,
663 829 78 43 Pa.

400 926 241 69 Brown,
681 927 236 57 Hilton.

480 1017 304 74 Susanna,
808 1020 83 71 by
914 1018 222 58 Hilton
1156 1018 246 59 Brown.
1482 1019 278 72 London,
1785 1019 70 59 G.
1881 1019 184 58 Allen
2087 1020 47 56 &
2155 1019 225 58 Unwin

399 1094 109 59 ltd.
542 1097 178 72 [1926]

470 1185 437 55 351, [1] p. 19 cm .
397 1254 1985 56 © 1c. Mar. 23, 1926 ; A ad int. 7893; pubd. Jan. 26; H. Brown, Mattatigir,
470 1313 169 51 Hosur,
676 1311 161 53 Salem,
874 1314 75 42 Dt.
986 1312 59 53 S.,
1079 1312 140 45 India.
1288 1314 269 53 (26-11036)

402 1411 219 73 Burns,
662 1407 248 77 Robert,
953 1414 355 57 1759-1796.

478 1498 279 59 Selected
787 1518 211 52 poems
1033 1501 66 56 of
1130 1500 236 57 Robert
1395 1500 239 72 Burns;
1668 1500 208 60 edited
1904 1501 151 57 with
2087 1520 79 38 an
401 1502 1961 132 introduction

686 1577 1703 74 by J. De Lancey Ferguson … New York, The
402 1654 354 57 Macmillan
786 1674 320 54 company,
1140 1656 165 55 1926.

471 1729 1776 57 xxii p., 1 l., 373 p. incl. front. 19 cm . (The modern readers’ series)
402 1787 53 53 ©
483 1791 110 50 May
623 1790 62 51 11,
718 1789 107 43 1926
838 1804 8 37 ;
875 1789 62 43 2c.
965 1791 87 42 and
1079 1790 79 43 aff.
1188 1791 111 51 May
1331 1789 74 53 12;
1436 1791 43 41 A
1510 1788 186 54 890722;
1729 1790 265 43 Macmillan
2022 1805 64 28 co.

2151 1788 66 54 [©
471 1789 1893 100 introduction
687 1846 86 42 and
808 1853 140 45 notes]
1020 1844 268 55 (26-10508)

406 1945 163 70 Cage
595 1945 174 57 birds
798 1947 120 55 and
945 1945 142 57 bird
1111 1945 213 57 world,
1390 1963 56 38 v.
1474 1946 91 70 49,
1593 1964 96 38 no.
1722 1947 165 71 1266,
1916 1945 155 71 Apr.
2103 1948 89 70 17,
2223 1948 164 54 1926.

401 2033 1871 55 © 1c. June 12, 1926; A ad int. 8269; pubd. Apr. 17; F. Carl, London.
624 2149 950 73 Cage birds and bird world, v. 49, no. 1267, Apr. 24, 1926.
402 2224 1874 55 © 1c. June 19, 1926; A ad int. 8283; pubd. Apr. 24; F. Carl, London.
579 2340 953 73 Cage birds and bird world, v. 49, no. 1268, May 1, 1926.
402 2414 1745 55 © 1c. June 26, 1926; A ad int. 8300; pubd. May 1; F. Carl, London.
406 2514 311 72 Caldwell,
757 2514 137 59 Otis
932 2514 297 72 William,
1270 2517 190 56 1869-

478 2606 318 58 Elements
828 2605 68 58 of
925 2607 254 72 general
1210 2606 252 72 science,
1493 2606 151 57 with
1675 2605 437 72 experiments,
2141 2606 83 71 by
2257 2604 135 59 Otis

403 2683 1923 72 William Caldwell … and William Lewis Eikenberry …
404 2762 151 58 New
602 2765 91 55 ed.
774 2762 256 73 Boston,
1083 2762 151 57 New
1282 2761 174 57 York
1505 2764 145 71 [etc.]
1704 2760 163 60 Ginn
1918 2762 122 56 and
2092 2777 303 55 company

407 2869 13 43 [
423 2849 19 21 c
444 2841 162 71 1926]

474 2935 73 35 xv,
578 2918 80 43 600
690 2933 37 37 p.
788 2917 81 44 col.
900 2918 151 49 front.,
1084 2917 129 49 illus.,
1246 2917 81 44 col.
1423 2950 9 17 pl.,
1461 2917 167 52 diagrs.
1686 2916 54 43 20
1748 2919 46 17 cm
1801 2950 8 9 .

402 2974 56 53 ©
494 2976 110 52 Apr.
642 2975 66 52 26,
748 2975 104 43 1926
868 2990 9 37 ;
912 2976 66 42 2c.
1016 2976 113 50 May
1168 2974 74 53 10;
1281 2974 79 44 aff.
1400 2975 111 51 May
1549 2974 48 51 8;
1637 2975 43 41 A
1720 2973 188 52 891392;
1951 2973 54 43 O.
2045 2973 75 44 W.
2160 2970 229 54 Caldwell,

475 3032 219 48 Yonkers,
726 3031 57 43 N.
815 3032 69 51 Y.,
914 3032 87 42 and
1031 3030 207 44 William
1268 3029 49 44 L.
1350 3029 294 53 Eikenberry,
1678 3028 322 53 Stroudsburg,
2033 3030 78 42 Pa.

484 3087 267 55 (26-10494)

410 3184 394 74 Callaghan’s
843 3185 355 58 Wisconsin
1240 3185 236 72 digest;
1518 3205 39 36 a,
1596 3184 298 71 complete
1938 3184 204 72 digest
2184 3183 66 56 of
485 3184 1881 139 decisions

742 3267 66 57 of
834 3267 104 56 the
968 3265 303 71 Supreme
1299 3267 174 55 court
1500 3265 65 57 of
1590 3260 354 61 Wisconsin
1973 3266 177 55 down
2179 3265 63 55 to
2273 3262 121 56 and

484 3342 319 73 including
854 3343 242 57 volume
1155 3343 109 56 186
1318 3340 372 69 Wisconsin,
1748 3340 285 72 together
2090 3338 151 57 with
485 3341 1884 138 decisions

750 3424 66 55 of
852 3421 103 57 the
995 3418 243 60 federal
1277 3422 209 55 courts
1522 3415 264 75 passing
1820 3435 168 52 upon
2023 3417 265 57 matters
2329 3416 64 56 of

486 3496 352 59 Wisconsin
890 3498 136 70 law,
1079 3493 302 75 compiled
1433 3497 123 55 and
1606 3494 205 58 edited
1857 3496 83 70 by
1986 3492 278 59 William
2312 3492 78 57 H.

485 3576 240 70 Mason,
759 3574 152 59 with
946 3576 103 57 the
1085 3573 424 72 co-operation
1547 3575 66 57 of
1648 3574 103 57 the
1787 3570 224 73 Digest
2047 3570 347 58 committee

486 3646 1905 72 of the Wisconsin State bar association … v. 1, 2.
489 3728 285 73 Chicago,
814 3728 345 72 Callaghan
1195 3729 122 55 and
1355 3743 318 55 company,
1713 3727 164 54 1926.

475 3807 28 41 2
528 3821 40 28 v.
626 3806 55 42 26
686 3809 47 17 cm
740 3841 7 7 .

409 3877 40 29 v.
487 3864 37 50 1,
555 3860 53 53 ©
643 3863 111 51 May
791 3863 35 49 1,
863 3861 106 43 1926
984 3876 9 37 ;
1028 3861 63 42 2c.
1127 3862 86 42 and
1247 3860 78 43 aff.
1362 3860 111 51 May
1508 3857 49 54 6;
1594 3873 40 28 v.
1668 3858 40 51 2,
1743 3856 53 53 ©
1831 3857 117 52 June
1981 3857 75 52 19;
2092 3856 65 42 2c.
2192 3856 86 42 and
2311 3853 79 44 aff.

478 3919 114 54 June
616 3919 76 51 24;
720 3919 43 41 A
788 3917 178 52 891273,
993 3917 186 52 897220;
1212 3915 250 53 Callaghan
1487 3916 36 42 &
1549 3930 64 28 co.
1682 3913 268 54 (26-10460)
