<alto xmlns="http://www.loc.gov/standards/alto/ns-v3#" xmlns:xlink="http://www.w3.org/1999/xlink" xmlns:xsi="http://www.w3.org/2001/XMLSchema-instance" xsi:schemaLocation="http://www.loc.gov/standards/alto/ns-v3# http://www.loc.gov/alto/v3/alto-3-0.xsd"><Description>
<MeasurementUnit>pixel</MeasurementUnit>
<sourceImageInformation>
<fileName>1926_v23_Part001.pdf</fileName>
</sourceImageInformation>
<OCRProcessing ID="IdOcr">
<ocrProcessingStep>
<processingDateTime>2019-04-10</processingDateTime>
<processingSoftware>
<softwareCreator>ABBYY</softwareCreator>
<softwareName>ABBYY Recognition Server</softwareName>
<softwareVersion>4.0</softwareVersion>
</processingSoftware>
</ocrProcessingStep>
</OCRProcessing>
</Description>
<Styles>
<ParagraphStyle ID="StyleId-FFFFFFFF-FFFF-FFFF-FFFF-FFFFFFFFFFFF-" ALIGN="Left" LEFT="0." RIGHT="0." FIRSTLINE="0."/>
<ParagraphStyle ID="StyleId-22C3EA86-D171-42E2-A7D2-9A866F7D91F9-" ALIGN="Left" LEFT="0." RIGHT="0." FIRSTLINE="0." LINESPACE="8.300000191"/>
<ParagraphStyle ID="StyleId-E3FA4CC6-F5E5-41CA-B4C4-90085BF71B6C-" ALIGN="Block" LEFT="0." RIGHT="0." FIRSTLINE="-14." LINESPACE="8.050000191"/>
<ParagraphStyle ID="StyleId-41118DB3-028A-4115-95B3-BB512DD0EDAE-" ALIGN="Left" LEFT="0." RIGHT="0." FIRSTLINE="-13." LINESPACE="13.30000019"/>
<ParagraphStyle ID="StyleId-A2FB4C2B-BF87-45AD-9689-33B0118FBFC1-" ALIGN="Block" LEFT="0." RIGHT="0." FIRSTLINE="-14." LINESPACE="11.06999969"/>
<ParagraphStyle ID="StyleId-BBBA7B5D-FE2B-4BC7-AC7D-F142900C21B8-" ALIGN="Block" LEFT="0." RIGHT="0." FIRSTLINE="0." LINESPACE="8.899999619"/>
<ParagraphStyle ID="StyleId-3CEA3EEE-4341-4E33-9EF0-A9438AB90A9B-" ALIGN="Center" LEFT="0." RIGHT="0." FIRSTLINE="0." LINESPACE="12.19999981"/>
<ParagraphStyle ID="StyleId-817955BE-3120-4B53-BBD3-920BAE733BFF-" ALIGN="Left" LEFT="0." RIGHT="0." FIRSTLINE="0." LINESPACE="12.19999981"/>
<ParagraphStyle ID="StyleId-456A266C-F799-486A-ACB1-75B61E9815AB-" ALIGN="Left" LEFT="0." RIGHT="0." FIRSTLINE="-13." LINESPACE="8.18999958"/>
<ParagraphStyle ID="StyleId-6A1E9ED6-E5EA-4E31-BD5A-88089B8D7134-" ALIGN="Right" LEFT="0." RIGHT="0." FIRSTLINE="0." LINESPACE="7.699999809"/>
<ParagraphStyle ID="StyleId-C11ABF73-04BC-4F6E-B7E4-01FCA3A26756-" ALIGN="Left" LEFT="0." RIGHT="0." FIRSTLINE="-13." LINESPACE="12.19999981"/>
<ParagraphStyle ID="StyleId-662CF6CF-DB5F-40BE-AD24-E877ED82DD6F-" ALIGN="Block" LEFT="0." RIGHT="0." FIRSTLINE="-14." LINESPACE="11.06999969"/>
<ParagraphStyle ID="StyleId-9361006B-74B5-41BD-BFD3-03318AD64910-" ALIGN="Left" LEFT="0." RIGHT="0." FIRSTLINE="0." LINESPACE="8.899999619"/>
</Styles>
<Layout>
<Page ID="Page689" PHYSICAL_IMG_NR="689" HEIGHT="4285" WIDTH="2542">
<TopMargin HEIGHT="387" WIDTH="2542" VPOS="0" HPOS="0">
</TopMargin>
<LeftMargin HEIGHT="3646" WIDTH="55" VPOS="387" HPOS="0">
</LeftMargin>
<RightMargin HEIGHT="3646" WIDTH="309" VPOS="387" HPOS="2233">
</RightMargin>
<BottomMargin HEIGHT="252" WIDTH="2542" VPOS="4033" HPOS="0">
</BottomMargin>
<PrintSpace HEIGHT="3646" WIDTH="2178" VPOS="387" HPOS="55">
<TextBlock ID="Page689_Block1" HEIGHT="103" WIDTH="307" VPOS="3930" HPOS="979" LANG="en-US" STYLEREFS="StyleId-523033DC-E8CF-4CF5-B84C-CB91C47AE38D-">
<TextLine HEIGHT="57" WIDTH="109" VPOS="3952" HPOS="1042">
<String CONTENT="689" HEIGHT="57" WIDTH="109" VPOS="3952" HPOS="1042"/>
</TextLine>
</TextBlock>
<TextBlock ID="Page689_Block2" HEIGHT="3567" WIDTH="2060" VPOS="387" HPOS="55" LANG="en-US" CS="1" STYLEREFS="StyleId-14E1F10D-DDD6-4FD8-971E-44A400CA74B1-">
<Shape>
<Polygon POINTS="55,387 2115,387 2115,3906 529,3906 529,3954 55,3954 55,387"/>
</Shape>
<TextLine HEIGHT="53" WIDTH="672" VPOS="410" HPOS="158">
<String CONTENT="&#8220;References&#8221;:" HEIGHT="46" WIDTH="363" VPOS="411" HPOS="158"/>
<SP HEIGHT="38" WIDTH="30" VPOS="425" HPOS="522"/>
<String LANG="la" CONTENT="p." HEIGHT="38" WIDTH="39" VPOS="425" HPOS="553"/>
<SP HEIGHT="43" WIDTH="31" VPOS="411" HPOS="593"/>
<String CONTENT="449-455." HEIGHT="44" WIDTH="205" VPOS="410" HPOS="625"/>
</TextLine>
<TextLine HEIGHT="59" WIDTH="1980" VPOS="464" HPOS="88">
<String CONTENT="&#169;" HEIGHT="54" WIDTH="56" VPOS="469" HPOS="88"/>
<SP HEIGHT="54" WIDTH="33" VPOS="469" HPOS="145"/>
<String CONTENT="May" HEIGHT="51" WIDTH="110" VPOS="471" HPOS="179"/>
<SP HEIGHT="53" WIDTH="31" VPOS="469" HPOS="290"/>
<String CONTENT="26," HEIGHT="50" WIDTH="66" VPOS="469" HPOS="322"/>
<SP HEIGHT="49" WIDTH="36" VPOS="470" HPOS="389"/>
<String CONTENT="1926;" HEIGHT="51" WIDTH="127" VPOS="468" HPOS="426"/>
<SP HEIGHT="51" WIDTH="33" VPOS="468" HPOS="554"/>
<String CONTENT="2c." HEIGHT="42" WIDTH="65" VPOS="468" HPOS="588"/>
<SP HEIGHT="51" WIDTH="34" VPOS="469" HPOS="654"/>
<String CONTENT="June" HEIGHT="51" WIDTH="113" VPOS="469" HPOS="689"/>
<SP HEIGHT="43" WIDTH="33" VPOS="467" HPOS="803"/>
<String CONTENT="8;" HEIGHT="51" WIDTH="48" VPOS="467" HPOS="837"/>
<SP HEIGHT="37" WIDTH="36" VPOS="481" HPOS="886"/>
<String CONTENT="aff." HEIGHT="42" WIDTH="78" VPOS="467" HPOS="923"/>
<SP HEIGHT="51" WIDTH="33" VPOS="467" HPOS="1002"/>
<String CONTENT="June" HEIGHT="51" WIDTH="114" VPOS="467" HPOS="1036"/>
<SP HEIGHT="41" WIDTH="35" VPOS="468" HPOS="1151"/>
<String CONTENT="15;" HEIGHT="54" WIDTH="74" VPOS="464" HPOS="1187"/>
<SP HEIGHT="51" WIDTH="37" VPOS="467" HPOS="1262"/>
<!-- cceid 01B521FF-6E1B-1014-9B7B-CA07F191E62B --><String CONTENT="A" HEIGHT="41" WIDTH="43" VPOS="467" HPOS="1300"/>
<SP HEIGHT="42" WIDTH="32" VPOS="467" HPOS="1344"/>
<String CONTENT="891809;" HEIGHT="53" WIDTH="188" VPOS="466" HPOS="1377"/>
<SP HEIGHT="53" WIDTH="39" VPOS="466" HPOS="1566"/>
<String CONTENT="O." HEIGHT="44" WIDTH="54" VPOS="466" HPOS="1606"/>
<SP HEIGHT="41" WIDTH="36" VPOS="468" HPOS="1661"/>
<String CONTENT="Hufeland," HEIGHT="52" WIDTH="247" VPOS="466" HPOS="1698"/>
<SP HEIGHT="50" WIDTH="36" VPOS="468" HPOS="1946"/>
<String CONTENT="Mt." HEIGHT="42" WIDTH="85" VPOS="468" HPOS="1983"/>
</TextLine>
<TextLine HEIGHT="55" WIDTH="720" VPOS="522" HPOS="162">
<String CONTENT="Vernon," HEIGHT="49" WIDTH="196" VPOS="527" HPOS="162"/>
<SP HEIGHT="51" WIDTH="37" VPOS="525" HPOS="359"/>
<String CONTENT="N." HEIGHT="42" WIDTH="58" VPOS="525" HPOS="397"/>
<SP HEIGHT="42" WIDTH="36" VPOS="525" HPOS="456"/>
<String CONTENT="Y." HEIGHT="41" WIDTH="54" VPOS="525" HPOS="493"/>
<SP HEIGHT="52" WIDTH="66" VPOS="525" HPOS="548"/>
<String CONTENT="(26-12559)" HEIGHT="55" WIDTH="267" VPOS="522" HPOS="615"/>
</TextLine>
<TextLine HEIGHT="74" WIDTH="886" VPOS="620" HPOS="88" STYLEREFS="StyleId-2D1B7108-0712-48EC-9B92-CE36FC19F774-">
<String CONTENT="Hull," HEIGHT="71" WIDTH="166" VPOS="623" HPOS="88"/>
<SP HEIGHT="71" WIDTH="44" VPOS="623" HPOS="255"/>
<String CONTENT="Harry" HEIGHT="70" WIDTH="212" VPOS="623" HPOS="300"/>
<SP HEIGHT="71" WIDTH="38" VPOS="622" HPOS="513"/>
<String CONTENT="Blair," HEIGHT="69" WIDTH="189" VPOS="620" HPOS="552"/>
<SP HEIGHT="67" WIDTH="44" VPOS="622" HPOS="742"/>
<String CONTENT="1870-" HEIGHT="56" WIDTH="187" VPOS="622" HPOS="787"/>
</TextLine>
<TextLine HEIGHT="75" WIDTH="1907" VPOS="709" HPOS="166" STYLEREFS="StyleId-C30D3543-1F36-4EF7-A253-9F2222D6F5AB-">
<String CONTENT="Household" HEIGHT="58" WIDTH="362" VPOS="713" HPOS="166"/>
<SP HEIGHT="56" WIDTH="45" VPOS="714" HPOS="529"/>
<String CONTENT="refrigeration;" HEIGHT="74" WIDTH="479" VPOS="710" HPOS="575"/>
<SP HEIGHT="50" WIDTH="48" VPOS="733" HPOS="1055"/>
<String CONTENT="a" HEIGHT="37" WIDTH="35" VPOS="733" HPOS="1104"/>
<SP HEIGHT="38" WIDTH="46" VPOS="732" HPOS="1140"/>
<String CONTENT="complete" HEIGHT="72" WIDTH="299" VPOS="711" HPOS="1187"/>
<SP HEIGHT="55" WIDTH="46" VPOS="714" HPOS="1487"/>
<String CONTENT="treatise" HEIGHT="60" WIDTH="260" VPOS="709" HPOS="1534"/>
<SP HEIGHT="39" WIDTH="48" VPOS="730" HPOS="1795"/>
<String CONTENT="on" HEIGHT="39" WIDTH="77" VPOS="730" HPOS="1844"/>
<SP HEIGHT="53" WIDTH="45" VPOS="717" HPOS="1922"/>
<String CONTENT="the" HEIGHT="57" WIDTH="105" VPOS="713" HPOS="1968"/>
</TextLine>
<TextLine HEIGHT="76" WIDTH="1983" VPOS="786" HPOS="90" STYLEREFS="StyleId-C30D3543-1F36-4EF7-A253-9F2222D6F5AB-">
<String CONTENT="principles," HEIGHT="73" WIDTH="356" VPOS="789" HPOS="90"/>
<SP HEIGHT="65" WIDTH="31" VPOS="795" HPOS="447"/>
<String CONTENT="types," HEIGHT="66" WIDTH="197" VPOS="795" HPOS="479"/>
<SP HEIGHT="50" WIDTH="36" VPOS="809" HPOS="677"/>
<String CONTENT="construction," HEIGHT="70" WIDTH="437" VPOS="787" HPOS="714"/>
<SP HEIGHT="50" WIDTH="34" VPOS="807" HPOS="1152"/>
<String CONTENT="and" HEIGHT="56" WIDTH="122" VPOS="788" HPOS="1187"/>
<SP HEIGHT="59" WIDTH="31" VPOS="788" HPOS="1310"/>
<String CONTENT="operation" HEIGHT="73" WIDTH="326" VPOS="786" HPOS="1342"/>
<SP HEIGHT="37" WIDTH="34" VPOS="806" HPOS="1669"/>
<String CONTENT="of" HEIGHT="56" WIDTH="67" VPOS="787" HPOS="1704"/>
<SP HEIGHT="60" WIDTH="28" VPOS="787" HPOS="1772"/>
<String CONTENT="both" HEIGHT="59" WIDTH="149" VPOS="788" HPOS="1801"/>
<SP HEIGHT="58" WIDTH="31" VPOS="786" HPOS="1951"/>
<String CONTENT="ice" HEIGHT="61" WIDTH="90" VPOS="786" HPOS="1983"/>
</TextLine>
<TextLine HEIGHT="73" WIDTH="1981" VPOS="863" HPOS="92" STYLEREFS="StyleId-C30D3543-1F36-4EF7-A253-9F2222D6F5AB-">
<String CONTENT="and" HEIGHT="57" WIDTH="122" VPOS="867" HPOS="92"/>
<SP HEIGHT="56" WIDTH="31" VPOS="867" HPOS="215"/>
<String CONTENT="mechanically" HEIGHT="72" WIDTH="445" VPOS="864" HPOS="247"/>
<SP HEIGHT="52" WIDTH="32" VPOS="884" HPOS="693"/>
<String CONTENT="cooled" HEIGHT="57" WIDTH="211" VPOS="865" HPOS="726"/>
<SP HEIGHT="58" WIDTH="32" VPOS="865" HPOS="938"/>
<String CONTENT="domestic" HEIGHT="60" WIDTH="298" VPOS="863" HPOS="971"/>
<SP HEIGHT="38" WIDTH="34" VPOS="884" HPOS="1270"/>
<String CONTENT="refrigerators," HEIGHT="72" WIDTH="468" VPOS="864" HPOS="1305"/>
<SP HEIGHT="51" WIDTH="37" VPOS="883" HPOS="1774"/>
<String CONTENT="and" HEIGHT="57" WIDTH="123" VPOS="865" HPOS="1812"/>
<SP HEIGHT="57" WIDTH="34" VPOS="865" HPOS="1936"/>
<String CONTENT="the" HEIGHT="56" WIDTH="102" VPOS="866" HPOS="1971"/>
</TextLine>
<TextLine HEIGHT="73" WIDTH="1915" VPOS="940" HPOS="91" STYLEREFS="StyleId-C30D3543-1F36-4EF7-A253-9F2222D6F5AB-" CS="1">
<String CONTENT="use" HEIGHT="39" WIDTH="109" VPOS="963" HPOS="91"/>
<SP HEIGHT="38" WIDTH="25" VPOS="964" HPOS="201"/>
<String CONTENT="of" HEIGHT="58" WIDTH="66" VPOS="944" HPOS="227"/>
<SP HEIGHT="60" WIDTH="24" VPOS="940" HPOS="294"/>
<String CONTENT="ice" HEIGHT="60" WIDTH="89" VPOS="940" HPOS="319"/>
<SP HEIGHT="37" WIDTH="27" VPOS="963" HPOS="409"/>
<String CONTENT="and" HEIGHT="56" WIDTH="121" VPOS="945" HPOS="437"/>
<SP HEIGHT="56" WIDTH="25" VPOS="945" HPOS="559"/>
<String CONTENT="refrigeration" HEIGHT="73" WIDTH="447" VPOS="940" HPOS="585"/>
<SP HEIGHT="56" WIDTH="27" VPOS="942" HPOS="1033"/>
<String CONTENT="in" HEIGHT="56" WIDTH="63" VPOS="942" HPOS="1061"/>
<SP HEIGHT="53" WIDTH="28" VPOS="946" HPOS="1125"/>
<String CONTENT="the" HEIGHT="57" WIDTH="101" VPOS="942" HPOS="1154"/>
<SP HEIGHT="55" WIDTH="25" VPOS="943" HPOS="1256"/>
<String CONTENT="home," HEIGHT="68" WIDTH="197" VPOS="943" HPOS="1282"/>
<SP HEIGHT="68" WIDTH="24" VPOS="943" HPOS="1480"/>
<String CONTENT="by" HEIGHT="70" WIDTH="83" VPOS="943" HPOS="1505"/>
<SP HEIGHT="72" WIDTH="25" VPOS="941" HPOS="1589"/>
<String LANG="la" CONTENT="H." HEIGHT="57" WIDTH="79" VPOS="941" HPOS="1615"/>
<SP HEIGHT="56" WIDTH="25" VPOS="942" HPOS="1695"/>
<String CONTENT="B." HEIGHT="56" WIDTH="71" VPOS="942" HPOS="1721"/>
<SP HEIGHT="57" WIDTH="28" VPOS="941" HPOS="1793"/>
<String CONTENT="Hull" HEIGHT="57" WIDTH="150" VPOS="941" HPOS="1822"/>
<SP HEIGHT="56" WIDTH="33" VPOS="943" HPOS="1973"/>
<String CS="1" CONTENT="&#8230;"/>
</TextLine>
<TextLine HEIGHT="72" WIDTH="1798" VPOS="1017" HPOS="92" STYLEREFS="StyleId-C30D3543-1F36-4EF7-A253-9F2222D6F5AB-" CS="1">
<String CONTENT="2d" HEIGHT="58" WIDTH="77" VPOS="1019" HPOS="92"/>
<SP HEIGHT="60" WIDTH="29" VPOS="1019" HPOS="170"/>
<String CONTENT="ed." HEIGHT="58" WIDTH="90" VPOS="1021" HPOS="200"/>
<SP HEIGHT="38" WIDTH="33" VPOS="1039" HPOS="291"/>
<String CONTENT="enl." HEIGHT="58" WIDTH="112" VPOS="1019" HPOS="325"/>
<SP HEIGHT="58" WIDTH="86" VPOS="1019" HPOS="438"/>
<String CONTENT="Chicago," HEIGHT="71" WIDTH="284" VPOS="1018" HPOS="525"/>
<SP HEIGHT="69" WIDTH="34" VPOS="1019" HPOS="810"/>
<String CONTENT="Nickerson" HEIGHT="58" WIDTH="342" VPOS="1017" HPOS="845"/>
<SP HEIGHT="56" WIDTH="30" VPOS="1019" HPOS="1188"/>
<String CONTENT="&amp;" HEIGHT="56" WIDTH="47" VPOS="1019" HPOS="1219"/>
<SP HEIGHT="58" WIDTH="33" VPOS="1018" HPOS="1267"/>
<String CONTENT="Collins" HEIGHT="59" WIDTH="232" VPOS="1017" HPOS="1301"/>
<SP HEIGHT="39" WIDTH="33" VPOS="1036" HPOS="1534"/>
<String CONTENT="co." HEIGHT="40" WIDTH="83" VPOS="1035" HPOS="1568"/>
<SP HEIGHT="40" WIDTH="38" VPOS="1049" HPOS="1652"/>
<String CS="1" CONTENT="["/>
<String STYLE="superscript" CONTENT="c" HEIGHT="21" WIDTH="19" VPOS="1027" HPOS="1704"/>
<String CONTENT="1926]" HEIGHT="70" WIDTH="163" VPOS="1018" HPOS="1727"/>
</TextLine>
<TextLine HEIGHT="52" WIDTH="738" VPOS="1094" HPOS="163" CS="1">
<String CONTENT="389" HEIGHT="43" WIDTH="81" VPOS="1098" HPOS="163"/>
<SP HEIGHT="47" WIDTH="22" VPOS="1099" HPOS="245"/>
<String CONTENT="p." HEIGHT="35" WIDTH="40" VPOS="1111" HPOS="268"/>
<SP HEIGHT="43" WIDTH="58" VPOS="1096" HPOS="309"/>
<String CONTENT="illus.." HEIGHT="47" WIDTH="132" VPOS="1095" HPOS="368"/>
<SP HEIGHT="44" WIDTH="26" VPOS="1098" HPOS="501"/>
<String CONTENT="diagrs." HEIGHT="51" WIDTH="166" VPOS="1094" HPOS="528"/>
<SP HEIGHT="42" WIDTH="55" VPOS="1096" HPOS="695"/>
<String CS="1" CONTENT="23&#189;" HEIGHT="42" WIDTH="53" VPOS="1096" HPOS="751"/>
<String STYLE="superscript" CONTENT="cm" HEIGHT="17" WIDTH="45" VPOS="1098" HPOS="841"/>
<String CONTENT="." HEIGHT="8" WIDTH="8" VPOS="1132" HPOS="893"/>
</TextLine>
<TextLine HEIGHT="56" WIDTH="1986" VPOS="1146" HPOS="87">
<String CONTENT="&#169;" HEIGHT="55" WIDTH="57" VPOS="1147" HPOS="87"/>
<SP HEIGHT="55" WIDTH="29" VPOS="1147" HPOS="145"/>
<String CONTENT="June" HEIGHT="50" WIDTH="113" VPOS="1151" HPOS="175"/>
<SP HEIGHT="45" WIDTH="31" VPOS="1147" HPOS="289"/>
<String CONTENT="7," HEIGHT="53" WIDTH="36" VPOS="1147" HPOS="321"/>
<SP HEIGHT="49" WIDTH="32" VPOS="1151" HPOS="358"/>
<String CONTENT="1926;" HEIGHT="53" WIDTH="128" VPOS="1149" HPOS="391"/>
<SP HEIGHT="53" WIDTH="30" VPOS="1149" HPOS="520"/>
<String CONTENT="2c." HEIGHT="42" WIDTH="63" VPOS="1149" HPOS="551"/>
<SP HEIGHT="51" WIDTH="29" VPOS="1149" HPOS="615"/>
<String CONTENT="June" HEIGHT="51" WIDTH="115" VPOS="1149" HPOS="645"/>
<SP HEIGHT="41" WIDTH="33" VPOS="1149" HPOS="761"/>
<String CONTENT="12;" HEIGHT="51" WIDTH="73" VPOS="1148" HPOS="795"/>
<SP HEIGHT="37" WIDTH="31" VPOS="1162" HPOS="869"/>
<String CONTENT="aff." HEIGHT="42" WIDTH="77" VPOS="1148" HPOS="901"/>
<SP HEIGHT="52" WIDTH="31" VPOS="1148" HPOS="979"/>
<String CONTENT="June" HEIGHT="52" WIDTH="113" VPOS="1148" HPOS="1011"/>
<SP HEIGHT="43" WIDTH="31" VPOS="1147" HPOS="1125"/>
<String CONTENT="9;" HEIGHT="52" WIDTH="49" VPOS="1147" HPOS="1157"/>
<SP HEIGHT="52" WIDTH="33" VPOS="1147" HPOS="1207"/>
<!-- cceid 01B57EDF-6E1B-1014-9B7B-CA07F191E62B --><String CONTENT="A" HEIGHT="42" WIDTH="43" VPOS="1147" HPOS="1241"/>
<SP HEIGHT="43" WIDTH="32" VPOS="1147" HPOS="1285"/>
<String CONTENT="897101;" HEIGHT="52" WIDTH="188" VPOS="1147" HPOS="1318"/>
<SP HEIGHT="51" WIDTH="35" VPOS="1148" HPOS="1507"/>
<String CONTENT="Nickerson" HEIGHT="44" WIDTH="254" VPOS="1147" HPOS="1543"/>
<SP HEIGHT="43" WIDTH="34" VPOS="1148" HPOS="1798"/>
<String CONTENT="&amp;" HEIGHT="43" WIDTH="37" VPOS="1148" HPOS="1833"/>
<SP HEIGHT="45" WIDTH="31" VPOS="1146" HPOS="1871"/>
<String CONTENT="Collins" HEIGHT="45" WIDTH="170" VPOS="1146" HPOS="1903"/>
</TextLine>
<TextLine HEIGHT="55" WIDTH="399" VPOS="1204" HPOS="162">
<String CONTENT="co." HEIGHT="28" WIDTH="64" VPOS="1221" HPOS="162"/>
<SP HEIGHT="52" WIDTH="67" VPOS="1207" HPOS="227"/>
<String CONTENT="(26-12500)" HEIGHT="55" WIDTH="266" VPOS="1204" HPOS="295"/>
</TextLine>
<TextLine HEIGHT="71" WIDTH="428" VPOS="1289" HPOS="87" STYLEREFS="StyleId-2D1B7108-0712-48EC-9B92-CE36FC19F774-">
<String CONTENT="Jahn," HEIGHT="69" WIDTH="184" VPOS="1289" HPOS="87"/>
<SP HEIGHT="69" WIDTH="41" VPOS="1289" HPOS="272"/>
<String CONTENT="Hugo." HEIGHT="71" WIDTH="201" VPOS="1289" HPOS="314"/>
</TextLine>
<TextLine HEIGHT="72" WIDTH="1839" VPOS="1377" HPOS="236" STYLEREFS="StyleId-C30D3543-1F36-4EF7-A253-9F2222D6F5AB-" CS="1">
<String CS="1" CONTENT="&#8230;"/>
<SP HEIGHT="59" WIDTH="46" VPOS="1377" HPOS="236"/>
<String CONTENT="Printers&#8217;" HEIGHT="57" WIDTH="315" VPOS="1377" HPOS="283"/>
<SP HEIGHT="67" WIDTH="40" VPOS="1381" HPOS="599"/>
<String CONTENT="proofs;" HEIGHT="70" WIDTH="252" VPOS="1378" HPOS="640"/>
<SP HEIGHT="66" WIDTH="45" VPOS="1381" HPOS="893"/>
<String CONTENT="the" HEIGHT="57" WIDTH="101" VPOS="1378" HPOS="939"/>
<SP HEIGHT="38" WIDTH="42" VPOS="1397" HPOS="1041"/>
<String CONTENT="methods" HEIGHT="56" WIDTH="283" VPOS="1379" HPOS="1084"/>
<SP HEIGHT="56" WIDTH="44" VPOS="1379" HPOS="1368"/>
<String CONTENT="by" HEIGHT="70" WIDTH="83" VPOS="1379" HPOS="1413"/>
<SP HEIGHT="52" WIDTH="39" VPOS="1397" HPOS="1497"/>
<String CONTENT="which" HEIGHT="56" WIDTH="199" VPOS="1378" HPOS="1537"/>
<SP HEIGHT="56" WIDTH="41" VPOS="1378" HPOS="1737"/>
<String CONTENT="they" HEIGHT="71" WIDTH="148" VPOS="1378" HPOS="1779"/>
<SP HEIGHT="52" WIDTH="42" VPOS="1397" HPOS="1928"/>
<String CONTENT="are" HEIGHT="37" WIDTH="104" VPOS="1397" HPOS="1971"/>
</TextLine>
<TextLine HEIGHT="150" WIDTH="1965" VPOS="1455" HPOS="89" STYLEREFS="StyleId-C30D3543-1F36-4EF7-A253-9F2222D6F5AB-" CS="1">
<String CONTENT="made," HEIGHT="72" WIDTH="198" VPOS="1456" HPOS="89"/>
<SP HEIGHT="54" WIDTH="24" VPOS="1474" HPOS="288"/>
<String CONTENT="marked," HEIGHT="71" WIDTH="272" VPOS="1455" HPOS="313"/>
<SP HEIGHT="50" WIDTH="27" VPOS="1476" HPOS="586"/>
<String CONTENT="and" HEIGHT="56" WIDTH="122" VPOS="1456" HPOS="614"/>
<SP HEIGHT="56" WIDTH="25" VPOS="1456" HPOS="737"/>
<String CONTENT="corrected," HEIGHT="73" WIDTH="334" VPOS="1455" HPOS="763"/>
<SP HEIGHT="54" WIDTH="24" VPOS="1474" HPOS="1098"/>
<String CONTENT="with" HEIGHT="56" WIDTH="152" VPOS="1455" HPOS="1123"/>
<SP HEIGHT="56" WIDTH="24" VPOS="1455" HPOS="1276"/>
<String CONTENT="observations" HEIGHT="57" WIDTH="431" VPOS="1455" HPOS="1301"/>
<SP HEIGHT="39" WIDTH="28" VPOS="1474" HPOS="1733"/>
<String CONTENT="on" HEIGHT="38" WIDTH="77" VPOS="1475" HPOS="1762"/>
<SP HEIGHT="52" WIDTH="25" VPOS="1475" HPOS="1840"/>
<String CONTENT="proofreading," HEIGHT="149" WIDTH="1962" VPOS="1456" HPOS="92"/>
</TextLine>
<TextLine HEIGHT="75" WIDTH="1677" VPOS="1530" HPOS="401" STYLEREFS="StyleId-C30D3543-1F36-4EF7-A253-9F2222D6F5AB-" CS="1">
<String CONTENT="illustrated," HEIGHT="69" WIDTH="372" VPOS="1533" HPOS="401"/>
<SP HEIGHT="69" WIDTH="30" VPOS="1533" HPOS="774"/>
<String CONTENT="by" HEIGHT="70" WIDTH="81" VPOS="1533" HPOS="805"/>
<SP HEIGHT="71" WIDTH="27" VPOS="1532" HPOS="887"/>
<String CONTENT="Hugo" HEIGHT="69" WIDTH="184" VPOS="1532" HPOS="915"/>
<SP HEIGHT="57" WIDTH="31" VPOS="1532" HPOS="1100"/>
<String CONTENT="Jahn" HEIGHT="57" WIDTH="169" VPOS="1532" HPOS="1132"/>
<SP HEIGHT="37" WIDTH="35" VPOS="1551" HPOS="1302"/>
<String CS="1" CONTENT="&#8230;"/>
<SP HEIGHT="42" WIDTH="75" VPOS="1562" HPOS="1399"/>
<String CONTENT="[Chicago]" HEIGHT="75" WIDTH="304" VPOS="1530" HPOS="1475"/>
<SP HEIGHT="72" WIDTH="31" VPOS="1533" HPOS="1780"/>
<String CONTENT="Pub." HEIGHT="57" WIDTH="153" VPOS="1533" HPOS="1812"/>
<SP HEIGHT="56" WIDTH="30" VPOS="1534" HPOS="1966"/>
<String CONTENT="by" HEIGHT="70" WIDTH="81" VPOS="1534" HPOS="1997"/>
</TextLine>
<TextLine HEIGHT="72" WIDTH="1992" VPOS="1608" HPOS="90" STYLEREFS="StyleId-C30D3543-1F36-4EF7-A253-9F2222D6F5AB-">
<String CONTENT="the" HEIGHT="57" WIDTH="102" VPOS="1611" HPOS="90"/>
<SP HEIGHT="58" WIDTH="20" VPOS="1610" HPOS="193"/>
<String CONTENT="Committee" HEIGHT="58" WIDTH="363" VPOS="1610" HPOS="214"/>
<SP HEIGHT="37" WIDTH="19" VPOS="1629" HPOS="578"/>
<String CONTENT="on" HEIGHT="37" WIDTH="77" VPOS="1629" HPOS="598"/>
<SP HEIGHT="37" WIDTH="17" VPOS="1629" HPOS="676"/>
<String CONTENT="education" HEIGHT="56" WIDTH="326" VPOS="1610" HPOS="694"/>
<SP HEIGHT="57" WIDTH="15" VPOS="1609" HPOS="1021"/>
<String CONTENT="United" HEIGHT="58" WIDTH="235" VPOS="1609" HPOS="1037"/>
<SP HEIGHT="57" WIDTH="33" VPOS="1610" HPOS="1273"/>
<String CONTENT="typothetae" HEIGHT="71" WIDTH="362" VPOS="1609" HPOS="1307"/>
<SP HEIGHT="38" WIDTH="18" VPOS="1629" HPOS="1670"/>
<String CONTENT="of" HEIGHT="57" WIDTH="68" VPOS="1609" HPOS="1689"/>
<SP HEIGHT="57" WIDTH="14" VPOS="1609" HPOS="1758"/>
<String CONTENT="America," HEIGHT="71" WIDTH="309" VPOS="1608" HPOS="1773"/>
</TextLine>
<TextLine HEIGHT="56" WIDTH="164" VPOS="1688" HPOS="91" STYLEREFS="StyleId-C30D3543-1F36-4EF7-A253-9F2222D6F5AB-">
<String CONTENT="1925." HEIGHT="56" WIDTH="164" VPOS="1688" HPOS="91"/>
</TextLine>
<TextLine HEIGHT="57" WIDTH="1918" VPOS="1761" HPOS="162" CS="1">
<String CONTENT="42" HEIGHT="41" WIDTH="54" VPOS="1766" HPOS="162"/>
<SP HEIGHT="52" WIDTH="19" VPOS="1766" HPOS="217"/>
<String CONTENT="p." HEIGHT="38" WIDTH="42" VPOS="1780" HPOS="237"/>
<SP HEIGHT="44" WIDTH="58" VPOS="1764" HPOS="280"/>
<String CONTENT="illus." HEIGHT="45" WIDTH="113" VPOS="1762" HPOS="339"/>
<SP HEIGHT="42" WIDTH="60" VPOS="1765" HPOS="453"/>
<String CONTENT="20" HEIGHT="43" WIDTH="51" VPOS="1764" HPOS="514"/>
<String STYLE="superscript" CONTENT="cm" HEIGHT="17" WIDTH="45" VPOS="1765" HPOS="573"/>
<String CONTENT="." HEIGHT="8" WIDTH="8" VPOS="1798" HPOS="626"/>
<SP HEIGHT="54" WIDTH="60" VPOS="1763" HPOS="635"/>
<String CONTENT="(Typographical" HEIGHT="55" WIDTH="387" VPOS="1762" HPOS="696"/>
<SP HEIGHT="46" WIDTH="28" VPOS="1762" HPOS="1084"/>
<String CONTENT="technical" HEIGHT="46" WIDTH="216" VPOS="1762" HPOS="1113"/>
<SP HEIGHT="44" WIDTH="26" VPOS="1762" HPOS="1330"/>
<String CONTENT="series" HEIGHT="46" WIDTH="139" VPOS="1761" HPOS="1357"/>
<SP HEIGHT="45" WIDTH="28" VPOS="1762" HPOS="1497"/>
<String CONTENT="for" HEIGHT="44" WIDTH="76" VPOS="1762" HPOS="1526"/>
<SP HEIGHT="29" WIDTH="21" VPOS="1778" HPOS="1603"/>
<String CONTENT="apprentices," HEIGHT="53" WIDTH="289" VPOS="1762" HPOS="1625"/>
<SP HEIGHT="38" WIDTH="26" VPOS="1778" HPOS="1915"/>
<String CONTENT="pt." HEIGHT="44" WIDTH="58" VPOS="1772" HPOS="1942"/>
<SP HEIGHT="29" WIDTH="26" VPOS="1777" HPOS="2001"/>
<String CS="1" CONTENT="II," HEIGHT="13" WIDTH="8" VPOS="1797" HPOS="2072"/>
</TextLine>
<TextLine HEIGHT="53" WIDTH="187" VPOS="1820" HPOS="92">
<String CONTENT="no." HEIGHT="29" WIDTH="70" VPOS="1836" HPOS="92"/>
<SP HEIGHT="41" WIDTH="41" VPOS="1824" HPOS="163"/>
<String CONTENT="17)" HEIGHT="53" WIDTH="74" VPOS="1820" HPOS="205"/>
</TextLine>
<TextLine HEIGHT="53" WIDTH="850" VPOS="1876" HPOS="163">
<String CONTENT="&#8220;Supplementary" HEIGHT="52" WIDTH="399" VPOS="1877" HPOS="163"/>
<SP HEIGHT="38" WIDTH="33" VPOS="1890" HPOS="563"/>
<String CONTENT="reading&#8221;" HEIGHT="52" WIDTH="212" VPOS="1876" HPOS="597"/>
<SP HEIGHT="42" WIDTH="17" VPOS="1876" HPOS="810"/>
<String CONTENT=":" HEIGHT="27" WIDTH="9" VPOS="1891" HPOS="828"/>
<SP HEIGHT="38" WIDTH="36" VPOS="1890" HPOS="838"/>
<String CONTENT="p." HEIGHT="38" WIDTH="39" VPOS="1890" HPOS="875"/>
<SP HEIGHT="42" WIDTH="33" VPOS="1876" HPOS="915"/>
<String CONTENT="42." HEIGHT="41" WIDTH="64" VPOS="1876" HPOS="949"/>
</TextLine>
<TextLine HEIGHT="56" WIDTH="1984" VPOS="1930" HPOS="94">
<String CONTENT="&#169;" HEIGHT="53" WIDTH="52" VPOS="1933" HPOS="94"/>
<SP HEIGHT="53" WIDTH="27" VPOS="1933" HPOS="147"/>
<String CONTENT="May" HEIGHT="51" WIDTH="111" VPOS="1935" HPOS="175"/>
<SP HEIGHT="50" WIDTH="30" VPOS="1936" HPOS="287"/>
<String CONTENT="1," HEIGHT="49" WIDTH="33" VPOS="1936" HPOS="318"/>
<SP HEIGHT="49" WIDTH="32" VPOS="1936" HPOS="352"/>
<String CONTENT="1926;" HEIGHT="51" WIDTH="127" VPOS="1933" HPOS="385"/>
<SP HEIGHT="51" WIDTH="27" VPOS="1933" HPOS="513"/>
<String CONTENT="2c." HEIGHT="43" WIDTH="65" VPOS="1933" HPOS="541"/>
<SP HEIGHT="51" WIDTH="28" VPOS="1934" HPOS="607"/>
<String CONTENT="June" HEIGHT="51" WIDTH="114" VPOS="1934" HPOS="636"/>
<SP HEIGHT="41" WIDTH="30" VPOS="1934" HPOS="751"/>
<String CONTENT="15;" HEIGHT="52" WIDTH="72" VPOS="1930" HPOS="782"/>
<SP HEIGHT="35" WIDTH="32" VPOS="1947" HPOS="855"/>
<String CONTENT="aff." HEIGHT="43" WIDTH="78" VPOS="1933" HPOS="888"/>
<SP HEIGHT="51" WIDTH="26" VPOS="1933" HPOS="967"/>
<String CONTENT="June" HEIGHT="51" WIDTH="116" VPOS="1933" HPOS="994"/>
<SP HEIGHT="40" WIDTH="30" VPOS="1934" HPOS="1111"/>
<String CONTENT="17;" HEIGHT="52" WIDTH="73" VPOS="1931" HPOS="1142"/>
<SP HEIGHT="51" WIDTH="30" VPOS="1932" HPOS="1216"/>
<!-- cceid 01B5D8AD-6E1B-1014-9B7B-CA07F191E62B --><String CONTENT="A" HEIGHT="42" WIDTH="43" VPOS="1932" HPOS="1247"/>
<SP HEIGHT="42" WIDTH="27" VPOS="1932" HPOS="1291"/>
<String CONTENT="897153;" HEIGHT="54" WIDTH="189" VPOS="1930" HPOS="1319"/>
<SP HEIGHT="52" WIDTH="31" VPOS="1932" HPOS="1509"/>
<String CONTENT="United" HEIGHT="44" WIDTH="169" VPOS="1932" HPOS="1541"/>
<SP HEIGHT="43" WIDTH="26" VPOS="1933" HPOS="1711"/>
<String CONTENT="typothetae" HEIGHT="53" WIDTH="262" VPOS="1932" HPOS="1738"/>
<SP HEIGHT="29" WIDTH="27" VPOS="1947" HPOS="2001"/>
<String CONTENT="of" HEIGHT="43" WIDTH="49" VPOS="1933" HPOS="2029"/>
</TextLine>
<TextLine HEIGHT="54" WIDTH="817" VPOS="1988" HPOS="163">
<String CONTENT="America,&#183;" HEIGHT="50" WIDTH="228" VPOS="1990" HPOS="163"/>
<SP HEIGHT="45" WIDTH="40" VPOS="1988" HPOS="392"/>
<String CONTENT="Chicago." HEIGHT="54" WIDTH="210" VPOS="1988" HPOS="433"/>
<SP HEIGHT="52" WIDTH="67" VPOS="1990" HPOS="644"/>
<String CONTENT="(26-12616)" HEIGHT="54" WIDTH="268" VPOS="1988" HPOS="712"/>
</TextLine>
<TextLine HEIGHT="74" WIDTH="875" VPOS="2074" HPOS="88" STYLEREFS="StyleId-2D1B7108-0712-48EC-9B92-CE36FC19F774-" CS="1">
<String CONTENT="La" HEIGHT="58" WIDTH="93" VPOS="2074" HPOS="88"/>
<SP HEIGHT="56" WIDTH="33" VPOS="2076" HPOS="182"/>
<String CS="1" CONTENT="Bruy&#232;re," HEIGHT="72" WIDTH="294" VPOS="2076" HPOS="216"/>
<SP HEIGHT="71" WIDTH="38" VPOS="2075" HPOS="511"/>
<String CS="1" CONTENT="Ren&#233;," HEIGHT="71" WIDTH="184" VPOS="2075" HPOS="550"/>
<SP HEIGHT="68" WIDTH="40" VPOS="2078" HPOS="735"/>
<String CONTENT="1875-" HEIGHT="56" WIDTH="187" VPOS="2077" HPOS="776"/>
</TextLine>
<TextLine HEIGHT="74" WIDTH="1473" VPOS="2164" HPOS="237" STYLEREFS="StyleId-C30D3543-1F36-4EF7-A253-9F2222D6F5AB-" CS="1">
<String CS="1" CONTENT="&#8230;"/>
<SP HEIGHT="56" WIDTH="33" VPOS="2167" HPOS="237"/>
<String CONTENT="Les" HEIGHT="57" WIDTH="118" VPOS="2167" HPOS="271"/>
<SP HEIGHT="52" WIDTH="28" VPOS="2185" HPOS="390"/>
<String CS="1" CONTENT="passag&#232;res." HEIGHT="55" WIDTH="390" VPOS="2183" HPOS="419"/>
<SP HEIGHT="57" WIDTH="80" VPOS="2165" HPOS="810"/>
<String CONTENT="Paris," HEIGHT="73" WIDTH="205" VPOS="2165" HPOS="891"/>
<SP HEIGHT="73" WIDTH="29" VPOS="2165" HPOS="1097"/>
<String CONTENT="B." HEIGHT="57" WIDTH="71" VPOS="2165" HPOS="1127"/>
<SP HEIGHT="58" WIDTH="33" VPOS="2164" HPOS="1199"/>
<String CONTENT="Grasset," HEIGHT="74" WIDTH="277" VPOS="2164" HPOS="1233"/>
<SP HEIGHT="69" WIDTH="34" VPOS="2169" HPOS="1511"/>
<String CONTENT="1926." HEIGHT="57" WIDTH="164" VPOS="2166" HPOS="1546"/>
</TextLine>
<TextLine HEIGHT="51" WIDTH="330" VPOS="2246" HPOS="161">
<String CONTENT="304" HEIGHT="43" WIDTH="80" VPOS="2246" HPOS="161"/>
<SP HEIGHT="51" WIDTH="28" VPOS="2246" HPOS="242"/>
<String CONTENT="p." HEIGHT="37" WIDTH="40" VPOS="2260" HPOS="271"/>
<SP HEIGHT="42" WIDTH="62" VPOS="2247" HPOS="312"/>
<String CONTENT="19" HEIGHT="43" WIDTH="50" VPOS="2246" HPOS="375"/>
<String STYLE="superscript" CONTENT="cm" HEIGHT="17" WIDTH="45" VPOS="2247" HPOS="431"/>
<String CONTENT="." HEIGHT="8" WIDTH="8" VPOS="2280" HPOS="483"/>
</TextLine>
<TextLine HEIGHT="55" WIDTH="1790" VPOS="2297" HPOS="92" CS="1">
<String CONTENT="&#169;" HEIGHT="53" WIDTH="57" VPOS="2299" HPOS="92"/>
<SP HEIGHT="53" WIDTH="27" VPOS="2299" HPOS="150"/>
<String CONTENT="Apr." HEIGHT="50" WIDTH="112" VPOS="2301" HPOS="178"/>
<SP HEIGHT="41" WIDTH="34" VPOS="2302" HPOS="291"/>
<String CONTENT="10," HEIGHT="50" WIDTH="62" VPOS="2300" HPOS="326"/>
<SP HEIGHT="48" WIDTH="30" VPOS="2302" HPOS="389"/>
<String CONTENT="1926;" HEIGHT="51" WIDTH="126" VPOS="2299" HPOS="420"/>
<SP/>
<String CS="1" CONTENT="1c."/>
<SP HEIGHT="41" WIDTH="30" VPOS="2301" HPOS="642"/>
<String CONTENT="May" HEIGHT="50" WIDTH="111" VPOS="2301" HPOS="673"/>
<SP HEIGHT="51" WIDTH="28" VPOS="2300" HPOS="785"/>
<String CONTENT="25;" HEIGHT="54" WIDTH="77" VPOS="2297" HPOS="814"/>
<SP HEIGHT="51" WIDTH="32" VPOS="2300" HPOS="892"/>
<!-- cceid 01B62F78-6E1B-1014-9B7B-CA07F191E62B --><String CONTENT="A&#8212;Foreign" HEIGHT="54" WIDTH="298" VPOS="2297" HPOS="925"/>
<SP HEIGHT="42" WIDTH="29" VPOS="2300" HPOS="1224"/>
<String CONTENT="31069;" HEIGHT="51" WIDTH="160" VPOS="2299" HPOS="1254"/>
<SP HEIGHT="50" WIDTH="34" VPOS="2300" HPOS="1415"/>
<String CONTENT="Bernard" HEIGHT="42" WIDTH="201" VPOS="2300" HPOS="1450"/>
<SP HEIGHT="44" WIDTH="31" VPOS="2299" HPOS="1652"/>
<String CONTENT="Grasset." HEIGHT="44" WIDTH="198" VPOS="2299" HPOS="1684"/>
</TextLine>
<TextLine HEIGHT="56" WIDTH="268" VPOS="2355" HPOS="172">
<String CONTENT="(26-12796)" HEIGHT="56" WIDTH="268" VPOS="2355" HPOS="172"/>
</TextLine>
<TextLine HEIGHT="74" WIDTH="1477" VPOS="2439" HPOS="91" STYLEREFS="StyleId-2D1B7108-0712-48EC-9B92-CE36FC19F774-">
<String CONTENT="Lawson," HEIGHT="72" WIDTH="278" VPOS="2440" HPOS="91"/>
<SP HEIGHT="71" WIDTH="44" VPOS="2441" HPOS="370"/>
<String CONTENT="James" HEIGHT="57" WIDTH="210" VPOS="2441" HPOS="415"/>
<SP HEIGHT="57" WIDTH="41" VPOS="2441" HPOS="626"/>
<String CONTENT="Gilchrist," HEIGHT="69" WIDTH="314" VPOS="2439" HPOS="668"/>
<SP HEIGHT="63" WIDTH="46" VPOS="2445" HPOS="983"/>
<String CONTENT="1874-" HEIGHT="56" WIDTH="188" VPOS="2443" HPOS="1030"/>
<SP HEIGHT="39" WIDTH="156" VPOS="2459" HPOS="1219"/>
<String CONTENT="comp." HEIGHT="54" WIDTH="192" VPOS="2459" HPOS="1376"/>
</TextLine>
<TextLine HEIGHT="72" WIDTH="1904" VPOS="2532" HPOS="172" STYLEREFS="StyleId-C30D3543-1F36-4EF7-A253-9F2222D6F5AB-">
<String CONTENT="The" HEIGHT="57" WIDTH="127" VPOS="2532" HPOS="172"/>
<SP HEIGHT="37" WIDTH="33" VPOS="2552" HPOS="300"/>
<String CONTENT="world&#8217;s" HEIGHT="57" WIDTH="256" VPOS="2533" HPOS="334"/>
<SP HEIGHT="58" WIDTH="35" VPOS="2532" HPOS="591"/>
<String CONTENT="best" HEIGHT="57" WIDTH="136" VPOS="2532" HPOS="627"/>
<SP HEIGHT="66" WIDTH="32" VPOS="2536" HPOS="764"/>
<String CONTENT="proverbs" HEIGHT="69" WIDTH="304" VPOS="2533" HPOS="797"/>
<SP HEIGHT="38" WIDTH="37" VPOS="2551" HPOS="1102"/>
<String CONTENT="and" HEIGHT="56" WIDTH="123" VPOS="2533" HPOS="1140"/>
<SP HEIGHT="56" WIDTH="32" VPOS="2533" HPOS="1264"/>
<String CONTENT="maxims," HEIGHT="70" WIDTH="282" VPOS="2532" HPOS="1297"/>
<SP HEIGHT="52" WIDTH="36" VPOS="2552" HPOS="1580"/>
<String CONTENT="gleaned" HEIGHT="71" WIDTH="260" VPOS="2533" HPOS="1617"/>
<SP HEIGHT="57" WIDTH="33" VPOS="2533" HPOS="1878"/>
<String CONTENT="from" HEIGHT="57" WIDTH="164" VPOS="2533" HPOS="1912"/>
</TextLine>
<TextLine HEIGHT="73" WIDTH="1983" VPOS="2609" HPOS="96" STYLEREFS="StyleId-C30D3543-1F36-4EF7-A253-9F2222D6F5AB-" CS="1">
<String CONTENT="many" HEIGHT="53" WIDTH="187" VPOS="2629" HPOS="96"/>
<SP HEIGHT="53" WIDTH="46" VPOS="2629" HPOS="284"/>
<String CONTENT="sources," HEIGHT="52" WIDTH="266" VPOS="2629" HPOS="331"/>
<SP HEIGHT="71" WIDTH="46" VPOS="2610" HPOS="598"/>
<String CONTENT="by" HEIGHT="71" WIDTH="81" VPOS="2610" HPOS="645"/>
<SP HEIGHT="71" WIDTH="44" VPOS="2610" HPOS="727"/>
<String CONTENT="J." HEIGHT="57" WIDTH="59" VPOS="2610" HPOS="772"/>
<SP HEIGHT="58" WIDTH="48" VPOS="2609" HPOS="832"/>
<String CONTENT="Gilchrist" HEIGHT="58" WIDTH="300" VPOS="2609" HPOS="881"/>
<SP HEIGHT="56" WIDTH="44" VPOS="2610" HPOS="1182"/>
<String CONTENT="Lawson" HEIGHT="57" WIDTH="262" VPOS="2610" HPOS="1227"/>
<SP HEIGHT="37" WIDTH="52" VPOS="2630" HPOS="1490"/>
<String CS="1" CONTENT="&#8230;"/>
<SP HEIGHT="56" WIDTH="89" VPOS="2610" HPOS="1605"/>
<String CONTENT="New" HEIGHT="57" WIDTH="152" VPOS="2610" HPOS="1695"/>
<SP HEIGHT="56" WIDTH="41" VPOS="2610" HPOS="1848"/>
<String CONTENT="York," HEIGHT="71" WIDTH="189" VPOS="2610" HPOS="1890"/>
</TextLine>
<TextLine HEIGHT="75" WIDTH="1161" VPOS="2687" HPOS="97" STYLEREFS="StyleId-C30D3543-1F36-4EF7-A253-9F2222D6F5AB-">
<String CONTENT="George" HEIGHT="73" WIDTH="239" VPOS="2687" HPOS="97"/>
<SP HEIGHT="56" WIDTH="30" VPOS="2688" HPOS="337"/>
<String CONTENT="H." HEIGHT="56" WIDTH="77" VPOS="2688" HPOS="368"/>
<SP HEIGHT="56" WIDTH="30" VPOS="2688" HPOS="446"/>
<String CONTENT="Doran" HEIGHT="56" WIDTH="212" VPOS="2688" HPOS="477"/>
<SP HEIGHT="37" WIDTH="30" VPOS="2707" HPOS="690"/>
<String CONTENT="company" HEIGHT="53" WIDTH="302" VPOS="2706" HPOS="721"/>
<SP HEIGHT="53" WIDTH="32" VPOS="2707" HPOS="1024"/>
<String CONTENT="[" HEIGHT="42" WIDTH="11" VPOS="2718" HPOS="1057"/>
<String STYLE="superscript" CONTENT="c" HEIGHT="22" WIDTH="19" VPOS="2695" HPOS="1072"/>
<String CONTENT="1926]" HEIGHT="74" WIDTH="162" VPOS="2688" HPOS="1096"/>
</TextLine>
<TextLine HEIGHT="53" WIDTH="740" VPOS="2766" HPOS="163" STYLEREFS="StyleId-C30D3543-1F36-4EF7-A253-9F2222D6F5AB-" CS="1">
<String CONTENT="xvi" HEIGHT="44" WIDTH="76" VPOS="2767" HPOS="163"/>
<SP HEIGHT="52" WIDTH="26" VPOS="2767" HPOS="240"/>
<String LANG="la" CONTENT="p.," HEIGHT="37" WIDTH="54" VPOS="2782" HPOS="267"/>
<SP HEIGHT="48" WIDTH="31" VPOS="2770" HPOS="322"/>
<String CONTENT="1" HEIGHT="40" WIDTH="16" VPOS="2770" HPOS="354"/>
<SP HEIGHT="43" WIDTH="30" VPOS="2767" HPOS="371"/>
<String CS="1" CONTENT="l.," HEIGHT="7" WIDTH="7" VPOS="2803" HPOS="420"/>
<SP HEIGHT="44" WIDTH="30" VPOS="2769" HPOS="442"/>
<String CONTENT="19-364" HEIGHT="43" WIDTH="158" VPOS="2766" HPOS="473"/>
<SP HEIGHT="50" WIDTH="24" VPOS="2767" HPOS="632"/>
<String CONTENT="p." HEIGHT="35" WIDTH="39" VPOS="2782" HPOS="657"/>
<SP HEIGHT="40" WIDTH="61" VPOS="2769" HPOS="697"/>
<String CS="1" CONTENT="19&#189;" HEIGHT="42" WIDTH="50" VPOS="2768" HPOS="759"/>
<String STYLE="superscript" CONTENT="cm" HEIGHT="17" WIDTH="46" VPOS="2769" HPOS="842"/>
<String CONTENT="." HEIGHT="8" WIDTH="8" VPOS="2802" HPOS="895"/>
</TextLine>
<TextLine HEIGHT="55" WIDTH="1982" VPOS="2820" HPOS="98">
<String CONTENT="&#169;" HEIGHT="53" WIDTH="52" VPOS="2820" HPOS="98"/>
<SP HEIGHT="55" WIDTH="23" VPOS="2820" HPOS="151"/>
<String CONTENT="June" HEIGHT="52" WIDTH="113" VPOS="2823" HPOS="175"/>
<SP HEIGHT="41" WIDTH="26" VPOS="2824" HPOS="289"/>
<String CONTENT="11," HEIGHT="48" WIDTH="60" VPOS="2824" HPOS="316"/>
<SP HEIGHT="48" WIDTH="28" VPOS="2824" HPOS="377"/>
<String CONTENT="1926;" HEIGHT="51" WIDTH="127" VPOS="2822" HPOS="406"/>
<SP HEIGHT="52" WIDTH="25" VPOS="2821" HPOS="534"/>
<String CONTENT="2c." HEIGHT="44" WIDTH="64" VPOS="2821" HPOS="560"/>
<SP HEIGHT="51" WIDTH="21" VPOS="2822" HPOS="625"/>
<String CONTENT="June" HEIGHT="51" WIDTH="115" VPOS="2822" HPOS="647"/>
<SP HEIGHT="41" WIDTH="27" VPOS="2823" HPOS="763"/>
<String CONTENT="16;" HEIGHT="53" WIDTH="74" VPOS="2821" HPOS="791"/>
<SP HEIGHT="38" WIDTH="27" VPOS="2836" HPOS="866"/>
<String CONTENT="aff." HEIGHT="43" WIDTH="78" VPOS="2822" HPOS="894"/>
<SP HEIGHT="51" WIDTH="24" VPOS="2822" HPOS="973"/>
<String CONTENT="June" HEIGHT="51" WIDTH="117" VPOS="2822" HPOS="998"/>
<SP HEIGHT="41" WIDTH="26" VPOS="2823" HPOS="1116"/>
<String CONTENT="14;" HEIGHT="49" WIDTH="74" VPOS="2823" HPOS="1143"/>
<SP HEIGHT="50" WIDTH="26" VPOS="2822" HPOS="1218"/>
<!-- cceid 01B68BA5-6E1B-1014-9B7B-CA07F191E62B --><String CONTENT="A" HEIGHT="41" WIDTH="43" VPOS="2822" HPOS="1245"/>
<SP HEIGHT="42" WIDTH="25" VPOS="2822" HPOS="1289"/>
<String CONTENT="891795;" HEIGHT="53" WIDTH="189" VPOS="2820" HPOS="1315"/>
<SP HEIGHT="52" WIDTH="31" VPOS="2821" HPOS="1505"/>
<String CONTENT="George" HEIGHT="53" WIDTH="177" VPOS="2821" HPOS="1537"/>
<SP HEIGHT="43" WIDTH="25" VPOS="2822" HPOS="1715"/>
<String CONTENT="H." HEIGHT="43" WIDTH="63" VPOS="2822" HPOS="1741"/>
<SP HEIGHT="42" WIDTH="26" VPOS="2823" HPOS="1805"/>
<String CONTENT="Doran" HEIGHT="41" WIDTH="156" VPOS="2823" HPOS="1832"/>
<SP HEIGHT="27" WIDTH="25" VPOS="2837" HPOS="1989"/>
<String CONTENT="co." HEIGHT="28" WIDTH="65" VPOS="2836" HPOS="2015"/>
</TextLine>
<TextLine HEIGHT="56" WIDTH="269" VPOS="2877" HPOS="174">
<String CONTENT="(26-12534)" HEIGHT="56" WIDTH="269" VPOS="2877" HPOS="174"/>
</TextLine>
<TextLine HEIGHT="74" WIDTH="1073" VPOS="2961" HPOS="90" STYLEREFS="StyleId-2D1B7108-0712-48EC-9B92-CE36FC19F774-">
<String CONTENT="Lyon," HEIGHT="73" WIDTH="190" VPOS="2962" HPOS="90"/>
<SP HEIGHT="73" WIDTH="45" VPOS="2962" HPOS="281"/>
<String CONTENT="Leverett" HEIGHT="58" WIDTH="288" VPOS="2962" HPOS="327"/>
<SP HEIGHT="59" WIDTH="42" VPOS="2962" HPOS="616"/>
<String CONTENT="Samuel," HEIGHT="70" WIDTH="266" VPOS="2961" HPOS="659"/>
<SP HEIGHT="65" WIDTH="47" VPOS="2966" HPOS="926"/>
<String CONTENT="1885-" HEIGHT="56" WIDTH="189" VPOS="2966" HPOS="974"/>
</TextLine>
<TextLine HEIGHT="74" WIDTH="1905" VPOS="3054" HPOS="178" STYLEREFS="StyleId-C30D3543-1F36-4EF7-A253-9F2222D6F5AB-">
<String CONTENT="Salesmen" HEIGHT="58" WIDTH="321" VPOS="3055" HPOS="178"/>
<SP HEIGHT="56" WIDTH="31" VPOS="3056" HPOS="500"/>
<String CONTENT="in" HEIGHT="56" WIDTH="65" VPOS="3056" HPOS="532"/>
<SP HEIGHT="37" WIDTH="31" VPOS="3075" HPOS="598"/>
<String CONTENT="marketing" HEIGHT="74" WIDTH="356" VPOS="3054" HPOS="630"/>
<SP HEIGHT="53" WIDTH="33" VPOS="3075" HPOS="987"/>
<String CONTENT="strategy," HEIGHT="69" WIDTH="300" VPOS="3058" HPOS="1021"/>
<SP HEIGHT="68" WIDTH="35" VPOS="3059" HPOS="1322"/>
<String CONTENT="by" HEIGHT="69" WIDTH="81" VPOS="3059" HPOS="1358"/>
<SP HEIGHT="71" WIDTH="33" VPOS="3057" HPOS="1440"/>
<String CONTENT="Leverett" HEIGHT="56" WIDTH="296" VPOS="3057" HPOS="1474"/>
<SP HEIGHT="58" WIDTH="35" VPOS="3055" HPOS="1771"/>
<String CONTENT="S." HEIGHT="59" WIDTH="60" VPOS="3055" HPOS="1807"/>
<SP HEIGHT="59" WIDTH="38" VPOS="3055" HPOS="1868"/>
<String CONTENT="Lyon" HEIGHT="72" WIDTH="176" VPOS="3055" HPOS="1907"/>
</TextLine>
<TextLine HEIGHT="74" WIDTH="1535" VPOS="3130" HPOS="167" STYLEREFS="StyleId-C30D3543-1F36-4EF7-A253-9F2222D6F5AB-" CS="1">
<String CS="1" CONTENT="&#8230;"/>
<SP HEIGHT="58" WIDTH="83" VPOS="3133" HPOS="167"/>
<String CONTENT="New" HEIGHT="56" WIDTH="152" VPOS="3133" HPOS="251"/>
<SP HEIGHT="56" WIDTH="21" VPOS="3132" HPOS="404"/>
<String CONTENT="York," HEIGHT="70" WIDTH="188" VPOS="3132" HPOS="426"/>
<SP HEIGHT="69" WIDTH="28" VPOS="3133" HPOS="615"/>
<String CONTENT="The" HEIGHT="57" WIDTH="126" VPOS="3133" HPOS="644"/>
<SP HEIGHT="57" WIDTH="29" VPOS="3133" HPOS="771"/>
<String CONTENT="Macmillan" HEIGHT="60" WIDTH="357" VPOS="3130" HPOS="801"/>
<SP HEIGHT="37" WIDTH="26" VPOS="3153" HPOS="1159"/>
<String CONTENT="company," HEIGHT="54" WIDTH="321" VPOS="3150" HPOS="1186"/>
<SP HEIGHT="67" WIDTH="29" VPOS="3136" HPOS="1508"/>
<String CONTENT="1926." HEIGHT="55" WIDTH="164" VPOS="3134" HPOS="1538"/>
</TextLine>
<TextLine HEIGHT="54" WIDTH="1693" VPOS="3207" HPOS="169" CS="1">
<String CONTENT="xi" HEIGHT="44" WIDTH="47" VPOS="3208" HPOS="169"/>
<SP HEIGHT="53" WIDTH="27" VPOS="3208" HPOS="217"/>
<String LANG="la" CONTENT="p.," HEIGHT="37" WIDTH="53" VPOS="3224" HPOS="245"/>
<SP HEIGHT="49" WIDTH="32" VPOS="3211" HPOS="299"/>
<String CONTENT="1" HEIGHT="40" WIDTH="17" VPOS="3211" HPOS="332"/>
<SP HEIGHT="42" WIDTH="32" VPOS="3209" HPOS="350"/>
<String CS="1" CONTENT="l.,"/>
<SP HEIGHT="43" WIDTH="28" VPOS="3212" HPOS="424"/>
<String CONTENT="422" HEIGHT="43" WIDTH="81" VPOS="3210" HPOS="453"/>
<SP HEIGHT="49" WIDTH="25" VPOS="3211" HPOS="535"/>
<String CONTENT="p." HEIGHT="37" WIDTH="40" VPOS="3223" HPOS="561"/>
<SP HEIGHT="42" WIDTH="29" VPOS="3211" HPOS="602"/>
<String CONTENT="incl." HEIGHT="44" WIDTH="100" VPOS="3209" HPOS="632"/>
<SP HEIGHT="42" WIDTH="27" VPOS="3210" HPOS="733"/>
<String CONTENT="illus.," HEIGHT="50" WIDTH="131" VPOS="3209" HPOS="761"/>
<SP HEIGHT="33" WIDTH="29" VPOS="3226" HPOS="893"/>
<String CONTENT="maps," HEIGHT="37" WIDTH="139" VPOS="3223" HPOS="923"/>
<SP HEIGHT="42" WIDTH="31" VPOS="3218" HPOS="1063"/>
<String CONTENT="tables," HEIGHT="48" WIDTH="154" VPOS="3207" HPOS="1095"/>
<SP HEIGHT="45" WIDTH="29" VPOS="3210" HPOS="1250"/>
<String CONTENT="diagrs.," HEIGHT="49" WIDTH="182" VPOS="3209" HPOS="1280"/>
<SP HEIGHT="47" WIDTH="30" VPOS="3211" HPOS="1463"/>
<String CONTENT="forms." HEIGHT="42" WIDTH="159" VPOS="3211" HPOS="1494"/>
<SP HEIGHT="41" WIDTH="57" VPOS="3211" HPOS="1654"/>
<String CS="1" CONTENT="20&#189;" HEIGHT="43" WIDTH="53" VPOS="3210" HPOS="1712"/>
<String STYLE="superscript" CONTENT="cm" HEIGHT="17" WIDTH="45" VPOS="3212" HPOS="1801"/>
<String CONTENT="." HEIGHT="8" WIDTH="9" VPOS="3244" HPOS="1853"/>
</TextLine>
<TextLine HEIGHT="55" WIDTH="1617" VPOS="3261" HPOS="96" CS="1">
<String CONTENT="&#169;" HEIGHT="53" WIDTH="55" VPOS="3261" HPOS="96"/>
<SP HEIGHT="54" WIDTH="24" VPOS="3261" HPOS="152"/>
<String CONTENT="June" HEIGHT="51" WIDTH="114" VPOS="3264" HPOS="177"/>
<SP HEIGHT="44" WIDTH="22" VPOS="3262" HPOS="292"/>
<String CONTENT="8," HEIGHT="50" WIDTH="37" VPOS="3262" HPOS="315"/>
<SP HEIGHT="47" WIDTH="28" VPOS="3265" HPOS="353"/>
<String CONTENT="1926;" HEIGHT="51" WIDTH="127" VPOS="3263" HPOS="382"/>
<SP HEIGHT="50" WIDTH="27" VPOS="3264" HPOS="510"/>
<String CONTENT="2c." HEIGHT="42" WIDTH="63" VPOS="3264" HPOS="538"/>
<SP HEIGHT="28" WIDTH="25" VPOS="3278" HPOS="602"/>
<String CONTENT="and" HEIGHT="42" WIDTH="86" VPOS="3264" HPOS="628"/>
<SP HEIGHT="42" WIDTH="25" VPOS="3264" HPOS="715"/>
<String CONTENT="aff." HEIGHT="42" WIDTH="76" VPOS="3264" HPOS="741"/>
<SP HEIGHT="51" WIDTH="26" VPOS="3264" HPOS="818"/>
<String CONTENT="June" HEIGHT="51" WIDTH="116" VPOS="3264" HPOS="845"/>
<SP HEIGHT="42" WIDTH="23" VPOS="3264" HPOS="962"/>
<String CONTENT="9;" HEIGHT="49" WIDTH="49" VPOS="3264" HPOS="986"/>
<SP HEIGHT="49" WIDTH="28" VPOS="3264" HPOS="1036"/>
<!-- cceid 01B6E42E-6E1B-1014-9B7B-CA07F191E62B --><String CONTENT="A" HEIGHT="41" WIDTH="43" VPOS="3264" HPOS="1065"/>
<SP HEIGHT="43" WIDTH="25" VPOS="3264" HPOS="1109"/>
<String CONTENT="891688;" HEIGHT="52" WIDTH="190" VPOS="3264" HPOS="1135"/>
<SP HEIGHT="51" WIDTH="31" VPOS="3265" HPOS="1326"/>
<String CONTENT="Macmillan" HEIGHT="43" WIDTH="264" VPOS="3264" HPOS="1358"/>
<SP HEIGHT="28" WIDTH="23" VPOS="3279" HPOS="1623"/>
<String CONTENT="co." HEIGHT="28" WIDTH="66" VPOS="3279" HPOS="1647"/>
</TextLine>
<TextLine HEIGHT="57" WIDTH="268" VPOS="3317" HPOS="176">
<String CONTENT="(26-12656)" HEIGHT="57" WIDTH="268" VPOS="3317" HPOS="176"/>
</TextLine>
<TextLine HEIGHT="68" WIDTH="730" VPOS="3403" HPOS="94" STYLEREFS="StyleId-2D1B7108-0712-48EC-9B92-CE36FC19F774-">
<String CONTENT="McCredie," HEIGHT="68" WIDTH="344" VPOS="3403" HPOS="94"/>
<SP HEIGHT="66" WIDTH="44" VPOS="3405" HPOS="439"/>
<String CONTENT="Emma" HEIGHT="56" WIDTH="220" VPOS="3405" HPOS="484"/>
<SP HEIGHT="56" WIDTH="35" VPOS="3405" HPOS="705"/>
<String CONTENT="M." HEIGHT="56" WIDTH="83" VPOS="3405" HPOS="741"/>
</TextLine>
<TextLine HEIGHT="74" WIDTH="1844" VPOS="3494" HPOS="242" STYLEREFS="StyleId-C30D3543-1F36-4EF7-A253-9F2222D6F5AB-" CS="1">
<String CS="1" CONTENT="&#8230;"/>
<SP HEIGHT="56" WIDTH="50" VPOS="3495" HPOS="242"/>
<String CONTENT="Primer" HEIGHT="57" WIDTH="245" VPOS="3494" HPOS="293"/>
<SP HEIGHT="37" WIDTH="41" VPOS="3514" HPOS="539"/>
<String CONTENT="of" HEIGHT="56" WIDTH="67" VPOS="3495" HPOS="581"/>
<SP HEIGHT="56" WIDTH="40" VPOS="3495" HPOS="649"/>
<String CONTENT="Munson" HEIGHT="56" WIDTH="267" VPOS="3496" HPOS="690"/>
<SP HEIGHT="37" WIDTH="43" VPOS="3514" HPOS="958"/>
<String CONTENT="shorthand" HEIGHT="57" WIDTH="346" VPOS="3496" HPOS="1002"/>
<SP HEIGHT="70" WIDTH="51" VPOS="3497" HPOS="1349"/>
<String CONTENT="(direct" HEIGHT="71" WIDTH="227" VPOS="3496" HPOS="1401"/>
<SP HEIGHT="52" WIDTH="40" VPOS="3500" HPOS="1629"/>
<String CONTENT="method)" HEIGHT="69" WIDTH="281" VPOS="3497" HPOS="1670"/>
<SP HEIGHT="69" WIDTH="52" VPOS="3497" HPOS="1952"/>
<String CONTENT="by" HEIGHT="70" WIDTH="81" VPOS="3498" HPOS="2005"/>
</TextLine>
<TextLine HEIGHT="74" WIDTH="1982" VPOS="3571" HPOS="100" STYLEREFS="StyleId-C30D3543-1F36-4EF7-A253-9F2222D6F5AB-" CS="1">
<String CONTENT="Emma" HEIGHT="57" WIDTH="222" VPOS="3572" HPOS="100"/>
<SP HEIGHT="57" WIDTH="35" VPOS="3572" HPOS="323"/>
<String CONTENT="M." HEIGHT="57" WIDTH="81" VPOS="3572" HPOS="359"/>
<SP HEIGHT="56" WIDTH="36" VPOS="3573" HPOS="441"/>
<String CONTENT="McCredie" HEIGHT="58" WIDTH="324" VPOS="3571" HPOS="478"/>
<SP HEIGHT="38" WIDTH="39" VPOS="3593" HPOS="803"/>
<String CS="1" CONTENT="&#8230;"/>
<SP HEIGHT="59" WIDTH="81" VPOS="3572" HPOS="905"/>
<String CONTENT="Chicago," HEIGHT="72" WIDTH="286" VPOS="3572" HPOS="987"/>
<SP HEIGHT="71" WIDTH="36" VPOS="3573" HPOS="1274"/>
<String CONTENT="New" HEIGHT="57" WIDTH="151" VPOS="3573" HPOS="1311"/>
<SP HEIGHT="55" WIDTH="32" VPOS="3574" HPOS="1463"/>
<String CONTENT="York," HEIGHT="71" WIDTH="187" VPOS="3573" HPOS="1496"/>
<SP HEIGHT="70" WIDTH="35" VPOS="3574" HPOS="1684"/>
<String CONTENT="Lyons" HEIGHT="71" WIDTH="207" VPOS="3574" HPOS="1720"/>
<SP HEIGHT="37" WIDTH="37" VPOS="3594" HPOS="1928"/>
<String CONTENT="and" HEIGHT="56" WIDTH="116" VPOS="3575" HPOS="1966"/>
</TextLine>
<TextLine HEIGHT="72" WIDTH="569" VPOS="3650" HPOS="104" STYLEREFS="StyleId-C30D3543-1F36-4EF7-A253-9F2222D6F5AB-">
<String CONTENT="Carnahan" HEIGHT="58" WIDTH="332" VPOS="3650" HPOS="104"/>
<SP HEIGHT="53" WIDTH="37" VPOS="3669" HPOS="437"/>
<String CONTENT="[" HEIGHT="42" WIDTH="10" VPOS="3680" HPOS="475"/>
<String STYLE="superscript" CONTENT="c" HEIGHT="20" WIDTH="17" VPOS="3659" HPOS="490"/>
<String CONTENT="1925]" HEIGHT="70" WIDTH="162" VPOS="3651" HPOS="511"/>
</TextLine>
<TextLine HEIGHT="52" WIDTH="632" VPOS="3727" HPOS="169" CS="1">
<String CONTENT="vi," HEIGHT="51" WIDTH="58" VPOS="3728" HPOS="169"/>
<SP/>
<String CONTENT="122" HEIGHT="42" WIDTH="77" VPOS="3728" HPOS="267"/>
<SP HEIGHT="51" WIDTH="34" VPOS="3728" HPOS="345"/>
<String CONTENT="p." HEIGHT="37" WIDTH="39" VPOS="3742" HPOS="380"/>
<SP HEIGHT="43" WIDTH="59" VPOS="3727" HPOS="420"/>
<String CONTENT="illus." HEIGHT="44" WIDTH="113" VPOS="3727" HPOS="480"/>
<SP HEIGHT="43" WIDTH="57" VPOS="3728" HPOS="594"/>
<String CS="1" CONTENT="21&#189;" HEIGHT="42" WIDTH="49" VPOS="3728" HPOS="652"/>
<String STYLE="superscript" CONTENT="cm" HEIGHT="17" WIDTH="46" VPOS="3730" HPOS="739"/>
<String CONTENT="." HEIGHT="9" WIDTH="9" VPOS="3762" HPOS="792"/>
</TextLine>
<TextLine HEIGHT="46" WIDTH="723" VPOS="3782" HPOS="172">
<String CONTENT="At" HEIGHT="43" WIDTH="63" VPOS="3784" HPOS="172"/>
<SP HEIGHT="44" WIDTH="25" VPOS="3783" HPOS="236"/>
<String CONTENT="head" HEIGHT="44" WIDTH="113" VPOS="3783" HPOS="262"/>
<SP HEIGHT="42" WIDTH="30" VPOS="3785" HPOS="376"/>
<String CONTENT="of" HEIGHT="44" WIDTH="50" VPOS="3783" HPOS="407"/>
<SP HEIGHT="42" WIDTH="26" VPOS="3783" HPOS="458"/>
<String CONTENT="title:" HEIGHT="45" WIDTH="120" VPOS="3782" HPOS="485"/>
<SP HEIGHT="42" WIDTH="32" VPOS="3785" HPOS="606"/>
<String CONTENT="McCredie." HEIGHT="46" WIDTH="256" VPOS="3782" HPOS="639"/>
</TextLine>
<TextLine HEIGHT="55" WIDTH="1980" VPOS="3838" HPOS="104">
<String CONTENT="&#169;" HEIGHT="53" WIDTH="53" VPOS="3838" HPOS="104"/>
<SP HEIGHT="53" WIDTH="35" VPOS="3838" HPOS="158"/>
<String CONTENT="Jan." HEIGHT="47" WIDTH="91" VPOS="3841" HPOS="194"/>
<SP HEIGHT="41" WIDTH="33" VPOS="3841" HPOS="286"/>
<String CONTENT="12," HEIGHT="47" WIDTH="61" VPOS="3840" HPOS="320"/>
<SP HEIGHT="46" WIDTH="32" VPOS="3841" HPOS="382"/>
<String CONTENT="1926;" HEIGHT="49" WIDTH="127" VPOS="3839" HPOS="415"/>
<SP HEIGHT="49" WIDTH="28" VPOS="3839" HPOS="543"/>
<String CONTENT="2c." HEIGHT="43" WIDTH="65" VPOS="3839" HPOS="572"/>
<SP HEIGHT="51" WIDTH="30" VPOS="3840" HPOS="638"/>
<String CONTENT="June" HEIGHT="51" WIDTH="113" VPOS="3840" HPOS="669"/>
<SP HEIGHT="40" WIDTH="33" VPOS="3842" HPOS="783"/>
<String CONTENT="14;" HEIGHT="50" WIDTH="72" VPOS="3840" HPOS="817"/>
<SP HEIGHT="36" WIDTH="32" VPOS="3854" HPOS="890"/>
<String CONTENT="aff." HEIGHT="43" WIDTH="79" VPOS="3840" HPOS="923"/>
<SP HEIGHT="52" WIDTH="28" VPOS="3840" HPOS="1003"/>
<String CONTENT="June" HEIGHT="52" WIDTH="115" VPOS="3840" HPOS="1032"/>
<SP HEIGHT="40" WIDTH="32" VPOS="3841" HPOS="1148"/>
<String CONTENT="12;" HEIGHT="50" WIDTH="72" VPOS="3840" HPOS="1181"/>
<SP HEIGHT="50" WIDTH="32" VPOS="3840" HPOS="1254"/>
<!-- cceid 01B73B3A-6E1B-1014-9B7B-CA07F191E62B --><String CONTENT="A" HEIGHT="41" WIDTH="43" VPOS="3840" HPOS="1287"/>
<SP HEIGHT="42" WIDTH="31" VPOS="3840" HPOS="1331"/>
<String CONTENT="897115;" HEIGHT="53" WIDTH="188" VPOS="3838" HPOS="1363"/>
<SP HEIGHT="50" WIDTH="34" VPOS="3841" HPOS="1552"/>
<String CONTENT="Lyons" HEIGHT="52" WIDTH="148" VPOS="3841" HPOS="1587"/>
<SP HEIGHT="43" WIDTH="30" VPOS="3842" HPOS="1736"/>
<String CONTENT="&amp;" HEIGHT="43" WIDTH="36" VPOS="3842" HPOS="1767"/>
<SP HEIGHT="45" WIDTH="30" VPOS="3840" HPOS="1804"/>
<String CONTENT="Carnahan." HEIGHT="45" WIDTH="249" VPOS="3840" HPOS="1835"/>
</TextLine>
<TextLine HEIGHT="56" WIDTH="267" VPOS="3894" HPOS="180">
<String CONTENT="(26-12615)" HEIGHT="56" WIDTH="267" VPOS="3894" HPOS="180"/>
</TextLine>
</TextBlock>
</PrintSpace>
</Page>
</Layout>
</alto>