2542 4285
1042 3998 146 57 1525

117 390 220 64 Irving,
374 386 410 64 Washington,
824 384 323 54 1783-1859.

189 468 120 53 The
339 466 201 69 legend
573 464 64 53 of
670 463 205 69 Sleepy
908 462 248 67 Hollow,
1187 462 74 67 by
1293 460 384 69 Washington
1707 457 224 71 Irving,
1963 457 139 53 with

119 546 161 52 other
327 543 252 54 fanciful
623 542 170 67 tales;
843 540 326 53 illustrated
1214 539 76 68 by
1338 539 248 52 Frances
1632 535 311 70 Brundage
1989 535 115 53 and

117 612 1962 158 Lillian Sturges. Akron, O., New York, The Saalfield publishing company [ c 1926]
194 782 113 50 [170]
341 792 43 38 p.
445 781 86 40 col.
562 780 164 47 front.,
760 778 129 39 illus.
950 777 56 39 21
1009 779 44 21 cm
1059 808 9 9 .
1140 776 300 48 (Half-title:
1472 775 91 39 Old
1596 773 117 40 trail
1745 772 176 49 series)

528 836 100 39 CONTENTS.—The
661 834 171 48 legend
868 833 51 39 of
955 832 170 49 Sleepy
1162 832 205 46 Hollow,
1404 832 60 46 by
1500 831 72 40 W.
1611 828 379 49 Irving.—Jack,
2027 830 82 39 the

116 894 137 48 giant
281 892 156 47 killer,
466 893 127 38 from
624 890 81 41 the
738 888 381 49 English.—The
1149 887 138 47 giant
1317 886 121 41 with
1469 887 83 40 the
1584 887 137 39 three
1752 885 174 48 golden
1958 885 151 48 hairs,

119 952 60 45 by
223 950 235 40 Brothers
505 945 357 43 Grimm.—Nix
907 944 197 48 Nought
1147 943 229 47 Nothing,
1422 942 131 41 from
1600 943 82 39 the
1728 941 382 49 English.—The

117 1006 137 48 giant
276 1006 107 39 who
404 1004 98 39 had
525 1014 59 29 no
608 1002 142 41 heart
774 1001 51 39 in
849 1001 77 40 his
951 999 137 49 body,
1112 1001 129 38 from
1266 1000 82 38 the
1372 997 307 49 Norwegian.

119 1052 1992 58 © June 23, 1926; 2c. Dec. 29; aff. Dec. 30; A 957886; Saalfield pub. co.
199 1116 221 49 (27-312)

118 1181 289 65 Jacubeit,
438 1181 227 53 Albert.

190 1260 119 53 Der
361 1258 269 54 schlüssel
686 1275 128 33 zum
868 1260 360 65 naturgesetz
1284 1255 96 52 des
1437 1253 244 71 singens,
1738 1273 112 34 von
1904 1254 206 53 Albert

119 1337 279 55 Jacubeit.
462 1339 46 48 1.
537 1335 129 52 aufl.
729 1334 201 52 Berlin
978 1333 72 53 [A.
1077 1332 284 67 Jacubeit]
1396 1334 151 52 1926.

187 1413 1130 52 46 p., 1 l. front. (mounted phot.) 24½ cm .
118 1463 1883 60 © Aug. 21, 1926; 1c. Nov. 8; A—Foreign 32575; A. Jacubeit, Berlin.
119 1539 200 64 Jonas,
349 1538 176 53 Anna
550 1539 42 51 I.

122 1610 1965 152 … New Holland quadrangle; geology and mineral resources, by
122 1686 1965 148 Anna I. Jonas … and George W. Stose … Description by
585 1764 1526 69 Anna I. Jonas … [Harrisburg, Pa., State
119 1849 238 69 printer,
393 1851 151 63 1926]

188 1931 58 40 40
290 1941 43 37 p.
393 1930 143 47 illus.,
584 1928 97 41 tab.
740 1928 57 40 23½
829 1930 44 21 cm
878 1960 9 8 .
957 1926 386 50 (Pennsylvania
1390 1926 264 49 geological
1703 1935 189 39 survey,
1942 1927 172 39 fourth

120 1987 165 40 series.
344 1984 333 50 Topographic
707 1986 96 38 and
832 1983 213 49 geologic
1074 1984 129 39 atlas
1233 1984 52 38 of
1313 1982 373 48 Pennsylvania,
1718 1994 76 29 no.
1827 1981 109 50 178)

189 2043 183 41 Folded
397 2052 137 37 maps
558 2041 51 39 in
632 2041 171 48 pocket
828 2052 62 28 on
913 2041 136 39 front
1076 2049 156 31 cover.

120 2094 55 53 ©
202 2099 116 48 July
342 2098 72 48 29,
440 2097 141 47 1926;
609 2096 69 42 2c.
706 2097 119 39 Nov.
853 2097 54 46 1;
940 2096 82 40 aff.
1050 2097 113 40 Dec.
1190 2096 55 46 2;
1276 2096 43 38 A
1346 2094 201 49 957390;
1578 2096 56 39 R.
1661 2096 53 39 Y.
1747 2094 186 50 Stuart,

190 2105 1908 98 secretary,
344 2155 129 47 Dept.
513 2154 51 39 of
591 2153 181 40 forests
802 2153 95 39 and
926 2155 194 45 waters,
1150 2152 80 39 for
1261 2153 82 38 the
1374 2152 400 40 commonwealth
1805 2152 53 40 of
189 2151 1907 109 Pennsylvania,

380 2208 315 50 Harrisburg,
728 2209 86 40 Pa.

116 2275 199 65 Jones,
347 2274 235 55 Arthur
612 2274 213 64 Julius,
862 2273 172 55 1871-

252 2349 1860 76 … Education and the individual; principles of education
122 2428 1927 75 from the psychological standpoint, by Arthur J. Jones …
118 2507 1116 74 New York, The Century co. [ c 1926]
191 2596 97 49 xiv,
317 2595 87 40 225
429 2605 45 39 p.
537 2593 179 49 diagrs.
777 2593 148 42 20½cm.
997 2593 127 49 (The
1151 2593 215 49 Century
1395 2592 260 43 education
1681 2593 177 46 series)
1983 2592 130 49 $2.00

194 2653 296 41 “Reference
516 2650 205 42 books”:
752 2661 45 39 p.
823 2649 220 42 205-207.

118 2702 56 54 ©
200 2708 112 41 Dec.
338 2707 71 47 22,
435 2706 141 48 1926;
603 2706 68 41 2c.
699 2708 113 38 Dec.
839 2705 83 48 24;
953 2704 82 41 aff.
1063 2705 113 41 Dec.
1202 2704 83 48 27;
1314 2705 41 38 A
1380 2703 200 51 957801;
1612 2705 215 48 Century
1853 2716 68 31 co.

200 2762 223 50 (27-317)

117 2828 258 65 Keynes,
408 2827 156 55 John
597 2827 313 65 Maynard,
948 2829 172 51 1883-

191 2902 1863 80 Laissez-faire and communism, by John Maynard Keynes …
124 2987 138 53 New
293 2985 180 69 York,
501 2985 138 53 New
666 2984 276 69 republic,
969 2983 129 70 inc.,
1125 2987 151 50 1926.

197 3066 563 50 6 p. l., 5-144 p. 19 cm .
122 3119 57 54 ©
204 3125 112 41 Dec.
343 3124 68 47 15,
440 3123 140 48 1926;
610 3122 68 42 2c.
706 3124 96 39 and
832 3123 82 40 aff.
946 3125 112 39 Dec.
1089 3123 82 47 17;
1203 3123 41 38 A
1272 3122 200 49 957692;
1505 3123 118 39 New
1653 3121 228 52 republic,
1912 3122 91 42 inc.

201 3180 222 49 (27-413)

121 3245 362 64 Klemperer,
515 3244 221 64 Victor,
773 3248 170 49 1881-

123 3317 1969 152 Geschichte der französischen literatur … von Victor Klemperer. bd.
498 3419 47 33 V.
616 3404 47 48 2.
699 3406 38 47 t.
809 3401 111 52 Die
954 3398 386 56 französische
1373 3400 265 55 literatur
1670 3420 113 34 von
1817 3401 299 71 Napoleon

123 3474 1968 152 bis zur gegenwart. 2. t. Der positi vismus … Leipzig, Berlin, B. G. Teubner, 1926.
191 3635 904 53 4 p. l., 247 p. illus., ports. 23 cm .
122 3683 1708 63 © June 2, 1926; 1c. Nov. 8; A—Foreign 32582; B. G. Teubner.
123 3756 259 66 Kloerss,
410 3759 158 53 Frau
595 3758 215 64 Sophie
847 3759 302 66 (Kessler)
1189 3763 170 51 1866-

191 3835 120 55 Das
344 3836 271 54 lachende
648 3836 160 70 haus,
841 3856 200 34 roman
1072 3856 113 36 von
1219 3837 215 70 Sophie
1465 3840 251 54 Kloerss.
1792 3840 219 66 Berlin,
2043 3840 71 53 A.

125 3911 766 74 Scherl g. m. b. h. [ c 1926]
