2542 4285
1041 3938 108 56 185

96 333 138 70 Lea,
274 331 221 72 Fanny
533 328 276 73 Heaslip,
846 331 189 57 1884-

171 419 1900 73 With or without, by Fanny Heaslip Lea … New York,
99 499 196 70 Dodd,
320 497 187 60 Mead
534 500 121 56 and
681 515 321 54 company,
1031 497 164 56 1926.

170 590 77 44 184
275 602 43 38 p.
380 588 52 45 19½c
480 589 30 18 m
515 622 9 10 .

95 655 52 53 ©
175 655 104 44 Feb.
306 653 66 52 27,
405 654 105 43 1926;
562 654 64 42 2c.
657 654 85 42 and
771 654 78 43 aff.
879 655 118 42 Mar.
1026 655 49 51 3;
1108 655 44 41 A
1182 651 187 55 879738;
1403 653 157 54 Fanny
1589 652 192 55 Heaslip
1811 656 88 42 Lea
1930 656 142 52 Agee,

165 712 115 43 New
309 711 140 43 York.
518 708 239 55 (26-5445)

96 810 189 70 Long,
323 808 152 72 Ray,
514 809 189 57 1878-
858 808 90 58 ed.

169 897 90 58 As
290 898 33 55 I
351 897 141 57 look
521 900 66 54 at
614 895 130 71 life,
772 896 286 58 intimate
1087 896 226 58 stories
1345 897 68 56 of
1438 899 156 70 love,
1625 898 333 74 marriage,
93 901 1960 144 divorce,

343 974 270 72 fortune,
666 975 361 68 adventure,
1077 974 228 73 health,
1356 974 83 71 by
1486 974 292 59 fourteen
1828 977 249 57 famous

93 1072 140 38 men
265 1053 121 56 and
418 1070 235 38 women
683 1052 135 56 who
851 1050 157 59 have
1043 1050 164 58 lived
1242 1052 123 56 and
1399 1051 116 58 felt
1549 1052 104 58 the
1689 1057 256 69 strange

93 1073 1964 125 experiences they tell; with an introduction by Ray Long …
95 1208 149 57 New
272 1205 189 72 York,
494 1206 163 57 1925.

163 1313 45 37 x,
241 1297 82 44 246
356 1310 40 40 p.
456 1302 136 46 ports.
655 1295 50 45 19½
739 1297 47 18 cm
792 1330 10 9 .

96 1364 52 55 ©
179 1367 107 43 Dec.
318 1367 37 51 9,
390 1365 129 52 1925;
549 1367 66 42 2c.
645 1366 87 42 and
762 1365 78 43 aff.
874 1364 107 44 Feb.
1012 1365 66 51 23,
1115 1365 129 52 1926;
1278 1366 44 41 A
1353 1366 188 52 883398;
1577 1367 232 43 Internatl,
1843 1367 234 53 magazine

164 1438 78 38 co.,
274 1423 96 51 inc.,
401 1423 116 43 New
545 1422 142 43 York.
756 1420 240 54 (26-5426)

95 1520 347 73 Macaulay,
475 1520 267 57 Thomas
767 1518 358 72 Babington
1150 1518 348 74 Macaulay,
1526 1526 98 52 1st
1694 1541 171 55 baron,
172 1525 1910 131 1800-1859.

170 1686 389 70 Macaulay’s
598 1684 143 58 Life
780 1685 67 57 of
889 1684 252 59 Samuel
1180 1686 303 71 Johnson,
1521 1686 151 58 with
1712 1707 36 39 a
1789 1690 294 57 selection

95 1764 164 58 from
288 1764 97 57 his
419 1763 208 71 Essay
659 1782 77 38 on
769 1763 304 70 Johnson,
1107 1762 207 58 edited
1345 1764 152 57 with
1531 1783 79 37 an
1639 1766 443 73 introduction,

94 1839 1963 154 notes, and exercises by Charles Lane Hanson … Boston, New York [etc.] Ginn and company [c1925]
163 2009 160 54 xxxiv,
362 2009 76 45 100
470 2024 40 38 p.
545 2009 100 44 incl.
682 2007 126 46 front.
848 2008 166 54 (port.)
1085 2006 49 45 17½
1170 2010 46 18 cm
1222 2043 9 9 .
1300 2008 254 55 (Standard
1588 2009 190 54 English
1813 2012 209 53 classics)

165 2080 273 45 “Reference
473 2079 168 45 books”:
704 2094 40 39 p.
776 2078 295 46 xxix-xxxii.

96 2148 53 54 ©
179 2151 107 43 Dec.
316 2151 65 50 31,
413 2149 130 53 1925;
570 2150 65 43 2c.
664 2149 106 44 Feb.
800 2150 66 51 23,
900 2149 128 52 1926;
1061 2150 79 43 aff.
1170 2149 108 44 Feb.
1307 2150 77 53 20;
1417 2153 44 41 A
1490 2150 187 55 879624;
1714 2152 48 45 C.
1794 2154 49 42 L.
1876 2154 203 52 Hanson,

166 2206 284 53 Cambridge,
481 2207 142 43 Mass.
686 2203 67 56 [©
784 2205 243 54 questions]
1097 2204 241 57 (26-5422)

96 2303 320 75 Manning,
451 2302 258 76 Sibylla.

95 2395 1960 151 Fundamentals of dress construction, by Sibylla Manning … and
522 2472 1557 78 Anna M. Donaldson … illustrations by Mary
95 2551 163 58 Jane
285 2550 265 59 Russell.
618 2550 151 57 New
794 2550 191 73 York,
1014 2550 129 59 The
1172 2551 358 59 Macmillan
1561 2571 321 57 company,
1912 2555 165 57 1926.

166 2644 79 43 xvi
268 2658 55 38 p.,
349 2643 18 42 1
412 2675 23 18 l.,
459 2642 81 43 223
565 2656 40 38 p.
666 2641 129 52 illus.,
822 2641 167 54 diagrs.
1048 2644 50 42 21½c
1155 2645 29 17 m
1190 2678 9 9 .

97 2709 53 54 ©
176 2711 106 44 Feb.
306 2711 68 51 23,
404 2710 106 44 1926;
559 2711 64 42 2c.
650 2711 87 43 and
763 2711 79 43 aff.
869 2710 106 44 Feb.
1001 2710 78 53 24;
1107 2711 45 43 A
1178 2710 190 55 879639;
1399 2712 264 45 Macmillan
1690 2729 66 29 co.

175 2765 241 57 (26-5328)

101 2866 130 57 The
260 2862 558 75 merry-go-round,
899 2884 57 39 v.
993 2866 51 72 3,
1077 2884 97 38 no.
1212 2867 50 72 3,
1297 2867 163 73 Jan.,
1497 2870 166 56 1926.

96 2953 55 54 ©
180 2957 59 42 1c.
268 2954 105 45 Feb.
400 2953 67 54 25,
496 2955 127 52 1926;
650 2955 45 43 A
722 2955 56 44 ad
805 2955 77 44 int.
909 2953 134 55 7786;
1073 2956 130 51 pubd.
1231 2956 100 52 Jan.
1362 2957 46 52 1;
1441 2956 123 45 Basil
1595 2958 261 54 Blackwell,
1885 2960 197 52 Oxford,

167 3011 221 54 England.

287 3109 803 73 The merry-go-round, v. 3, no. 4, Feb., 1926.
98 3197 53 54 ©
180 3200 60 43 1c.
265 3200 119 42 Mar.
407 3199 68 52 29,
504 3199 129 52 1926;
660 3200 44 41 A
729 3199 56 43 ad
811 3199 76 43 int.
913 3198 133 54 7940;
1074 3200 131 53 pubd.
1232 3200 106 45 Feb.
1368 3203 45 50 1;
1444 3202 125 44 Basil
1597 3202 260 55 Blackwell,
1885 3206 198 54 Oxford,

169 3253 222 56 England.

101 3351 321 73 Michigan
452 3352 298 74 academy
779 3353 67 58 of
877 3352 253 71 science,
1166 3359 130 53 arts
1330 3355 126 58 and
1483 3356 232 59 letters.

177 3442 241 70 Papers
456 3441 68 56 of
558 3442 106 57 the
697 3443 320 72 Michigan
1054 3446 298 71 academy
1389 3447 69 56 of
1496 3448 252 74 science,
1790 3454 133 54 arts
1964 3453 122 56 and

101 3519 1988 79 letters. [v. 5] Editors, Eugene S. McCartney … Peter
102 3595 1961 156 Okkelberg … New York, The Macmillan company; London, Macmillan & company, ltd., 1926.
170 3760 77 53 xii,
275 3759 94 53 479,
397 3760 61 45 vii
487 3776 41 37 p.
581 3762 129 51 illus.,
740 3763 153 53 plates,
923 3779 140 38 maps,
1091 3766 156 52 tables,
1276 3766 166 54 diagrs.
1499 3768 57 45 24½
1589 3771 46 18 cm
1641 3804 8 9 .

102 3814 53 54 ©
188 3816 107 44 Feb.
326 3820 39 47 8,
402 3818 130 52 1926;
564 3819 66 42 2c.
664 3819 105 45 Feb.
809 3821 73 51 12;
917 3822 79 43 aff.
1030 3822 107 44 Feb.
1175 3821 74 54 15;
1286 3824 44 41 A
1364 3824 188 48 883304;
1591 3823 183 55 Eugene
1812 3825 140 48 Stock
174 3828 1890 98 McCartney,
417 3873 108 44 Ann
554 3875 167 44 Arbor.
