2542 4285
1287 3952 115 56 464

355 323 322 71 Wharton,
709 326 151 56 Mrs.
894 324 195 57 Edith
1117 325 301 58 Newbold
1455 326 249 72 (Jones)
1748 329 187 55 1862-

429 413 1914 79 He r e and beyond [by] Edith Wharton, decorations by
349 490 1966 152 E. C. Caswell. New York, London, D . Appleton & company, 1926.
420 662 591 52 3 p. l., 324, [1] p. 20 cm .
759 730 117 46 CONTENTS.—Miss
907 734 137 51 Mary
1076 732 295 44 Pask.—The
1401 748 154 38 young
1586 735 759 51 gentlemen.—Bewitched.—The

353 790 101 43 seed
477 789 50 44 of
548 790 74 43 the
648 789 285 43 faith.—The
957 796 245 44 temperate
1227 789 345 44 zone.—Velvet
1598 792 223 51 ear-pads.

348 860 53 53 ©
431 862 112 51 Apr.
576 862 65 50 23,
680 861 128 52 1926;
843 861 65 43 2c.
944 862 87 42 and
1065 861 77 42 aff.
1179 861 111 52 Apr.
1323 861 78 52 28;
1439 861 44 43 A
1518 860 188 53 890516;
1744 863 56 42 D.
1835 861 229 54 Appleton
2099 866 86 42 and
2220 879 64 29 co.

426 916 241 56 (26-9574)

350 1015 224 69 White,
610 1014 245 62 Walter
884 1016 71 56 F.

496 1104 1407 74 … Flight. New York, A. A. Knopf, 1926.
417 1196 463 53 300 p., 1 l. 19 ½ cm .
420 1267 64 45 At
507 1266 115 45 head
643 1267 52 44 of
719 1266 97 45 title:
875 1266 179 45 Walter
1075 1264 169 48 White.

346 1338 53 53 ©
425 1340 113 52 Apr.
564 1341 37 50 9,
633 1339 128 52 1926;
788 1339 66 43 2c.
880 1338 114 52 Apr.
1028 1338 73 53 16;
1130 1339 78 42 aff.
1236 1339 112 52 Apr.
1375 1339 78 51 28;
1484 1339 43 42 A
1557 1337 188 55 890539;
1777 1340 166 44 Alfred
1971 1341 57 43 A.
2057 1341 172 53 Knopf,
2258 1343 82 44 inc.

423 1394 242 56 (26-9564)

348 1493 329 72 Williams,
720 1492 201 58 Helen
957 1493 81 59 W
1350 1513 194 53 comp.

428 1582 168 59 Cook
626 1584 178 71 book,
836 1583 334 72 published
1200 1585 83 69 by
1314 1584 104 56 the
1456 1582 347 60 Cincinnati
1843 1585 287 59 business
351 1607 1964 112 women’s
548 1662 154 70 club,

766 1680 189 52 every
1016 1662 206 70 recipe
1283 1663 204 55 tested
1550 1663 122 56 and
1735 1665 472 57 recommended
2264 1667 81 70 by

347 1740 306 56 members
699 1738 67 57 of
810 1739 106 57 the
958 1739 155 72 club,
1157 1739 306 71 compiled
1507 1740 81 71 by
1630 1740 200 57 Helen
1871 1741 97 59 W.
2013 1742 329 59 Williams.

349 1816 389 74 [Cincinnati,
771 1825 18 22 c
792 1819 147 56 1926]

410 1909 55 44 96
485 1925 41 37 p.
583 1910 53 42 23
644 1911 47 17 cm
697 1944 9 9 .

413 1978 215 45 Contains
652 1977 279 55 advertising
953 1986 177 38 matter.

343 2051 53 53 ©
418 2052 112 52 Apr.
555 2050 37 53 7,
622 2052 106 43 1926;
776 2052 65 43 2c.
866 2053 86 42 and
978 2052 78 42 aff.
1084 2051 112 52 Apr.
1228 2052 49 42 12;
1328 2052 43 42 A
1396 2050 166 47 888880;
1617 2050 252 46 Cincinnati
1895 2053 204 44 business
2126 2054 212 44 women’s

412 2109 115 52 club,
567 2107 266 45 Cincinnati.
903 2107 242 54 (26-9435)

347 2206 411 74 Williamson,
804 2206 266 57 Thames
1110 2206 177 58 Ross.

349 2296 1969 150 Gypsy down the lane, by Thames Williamson … Boston,
514 2374 213 71 Small,
764 2374 314 72 Maynard
1114 2375 48 56 &
1199 2392 307 54 company
1543 2404 13 43 [
1559 2383 18 21 c
1580 2376 164 72 1926]

415 2452 499 53 6 p. l., 364 p. 19 cm .
416 2510 132 52 Maps
570 2524 59 28 on
654 2508 338 54 lining-papers.

342 2567 53 53 ©
429 2568 110 52 Apr.
570 2569 64 47 21,
673 2567 128 52 1926;
837 2568 64 42 2c.
935 2568 85 42 and
1053 2567 78 43 aff.
1166 2566 112 52 Apr.
1311 2566 81 53 28;
1427 2566 44 43 A
1504 2565 188 54 890534;
1733 2566 157 53 Small,
1927 2568 225 53 Maynard
2187 2569 38 44 &
2258 2584 82 37 co.,

412 2624 82 44 inc.
562 2621 243 57 (26-9568)

346 2722 269 73 Wright,
650 2724 152 55 Mrs.
834 2722 189 56 Anna
1052 2720 210 58 Maria
1293 2721 177 71 Rose,
1508 2722 189 58 1890-

481 2808 1860 77 “Old Ironsides”, novelized by A. M. R. Wright from
347 2891 104 56 the
475 2888 268 74 original
768 2892 177 69 story
966 2890 83 72 by
1071 2890 219 70 Harry
1316 2888 159 59 Carr
1500 2890 122 56 and
1645 2890 246 58 Walter
1910 2890 235 58 Woods;
349 2909 1967 119 produced

347 2966 1969 153 on the screen by James Cruze … New York, Grosset & Dunlap [ c 1926]
411 3122 77 54 vii,
511 3124 81 43 310
612 3138 41 38 p.
716 3124 50 44 19½
800 3128 48 17 cm
853 3159 9 8 .

343 3181 53 53 ©
427 3182 110 52 Apr.
567 3183 66 49 22,
669 3181 129 52 1926;
831 3182 63 42 2c.
927 3181 113 52 Apr.
1071 3181 78 52 26;
1185 3182 78 42 aff.
1296 3181 112 52 Apr.
1437 3181 80 52 24;
1551 3180 44 43 A
1628 3179 189 53 891170;
1856 3179 187 46 Grosset
2075 3181 38 44 &
2144 3180 193 55 Dunlap.

420 3236 241 56 (26-9565)

346 3336 269 73 Wright,
658 3335 210 59 David
907 3336 223 71 Sands,
1172 3338 191 57 1847-

425 3426 181 74 Fifty
630 3447 187 53 years
845 3432 64 53 at
936 3428 104 57 the
1069 3427 310 58 Teachers
1409 3428 229 71 college;
1695 3426 328 59 historical
2048 3428 122 57 and
350 3446 1962 118 personal
566 3505 493 73 reminiscences,

345 3504 1966 151 by David Sands Wright … Illustrated souvenir ed., 1876-1926. Cedar Falls, Ia.,
2167 3583 168 57 Iowa

346 3666 163 54 state
536 3660 281 59 teachers
846 3661 229 72 college
1106 3691 13 42 [
1119 3669 20 22 c
1143 3661 164 71 1926]

410 3740 80 43 263
519 3757 40 37 p.
620 3739 151 52 front.,
800 3739 155 53 plates,
986 3746 137 46 ports.
1183 3740 54 42 24
1244 3742 46 17 cm
1297 3774 9 9 .

344 3795 53 53 ©
432 3796 112 51 Apr.
584 3795 33 51 1,
656 3794 106 43 1926;
823 3794 64 43 2c.
925 3794 110 52 Apr.
1075 3793 22 44 5;
1161 3795 79 42 aff.
1276 3794 112 51 Apr.
1425 3795 23 42 3;
1515 3793 43 42 A
1594 3793 161 44 883891;
1823 3793 185 45 Alumni
2045 3808 129 36 assn.,
2212 3793 124 44 Iowa

415 3859 115 38 state
562 3850 203 46 teachers
800 3850 185 53 college,
1022 3849 147 46 Cedar
1203 3849 137 53 Falls,
1402 3866 37 27 Ia.
1508 3849 242 56 (26-9615)
