2542 4285
1027 3989 116 55 453

110 357 364 70 Estabrook,
512 356 243 57 Arthur
789 356 292 71 Howard,
1123 359 188 56 1885-

110 446 1958 136 Mongrel Virginians; the Win tribe, by Arthur H. Estabrook …
108 523 1960 150 and Ivan E. McDougle … Baltimore, The Williams & Wilkins company, 1926.
174 680 80 44 205
282 693 41 37 p.
352 679 100 44 incl.
482 678 153 46 tables,
694 678 158 51 plates,
881 680 167 50 diagrs.
1111 680 48 44 19
1167 682 47 18 cm
1219 714 9 9 .

178 735 137 44 “This
352 736 134 50 study
519 736 36 43 is
592 752 25 27 a
654 733 311 46 contribution
1004 736 121 44 from
1159 735 74 45 the
1270 736 295 50 Department
1602 735 50 46 of
1689 735 200 52 genetics
1926 738 53 42 of
2014 737 74 43 the

107 791 222 51 Carnegie
355 790 255 46 institution
639 792 54 43 of
717 790 346 51 Washington.”

101 843 52 54 ©
183 846 111 51 Apr.
329 845 60 48 10,
424 844 105 44 1926;
585 845 63 42 2c.
680 845 87 42 and
796 845 79 42 aff.
907 845 112 51 Apr.
1050 844 79 52 24;
1163 845 43 41 A
1238 842 189 53 891153;
1462 844 228 45 Williams
1723 846 37 43 &
1792 844 197 45 Wilkins
2023 861 65 29 co.

177 900 241 55 (26-9543)

103 985 226 71 Evans,
363 986 152 55 Mrs.
548 982 248 59 Rosalie
839 981 269 76 (Caden)
1151 986 55 56 d.
1243 986 166 55 1924.

181 1079 128 56 The
341 1077 249 57 Rosalie
621 1076 213 59 Evans
864 1076 219 58 letters
1113 1080 166 55 from
1309 1073 257 74 Mexico,
1599 1079 312 70 arranged
1939 1076 150 59 with

104 1152 1984 75 comment by Daisy Caden Pettus … Indianapolis, The
103 1230 480 61 Bobbs-Merrill
613 1249 304 53 company
948 1261 12 42 [
960 1239 20 20 c
984 1231 164 71 1926]

174 1307 1367 54 14 p. l., 27-472 p. front., plates, ports., map. 22½ cm .
95 1362 53 53 ©
183 1365 111 50 Apr.
333 1364 62 51 13,
434 1364 105 42 1926;
596 1363 66 43 2c.
699 1364 88 42 and
820 1364 79 42 aff.
935 1364 112 51 Apr.
1087 1361 73 54 17;
1199 1364 43 41 A
1280 1362 188 52 891058;
1510 1363 358 44 Bobbs-Merrill
1904 1378 65 28 co.
172 1419 242 54 (26-9540)

99 1502 305 74 Fielding,
447 1504 231 72 Henry,
720 1505 356 56 1707-1754.

175 1595 127 57 The
335 1594 246 70 history
612 1595 67 55 of
713 1594 101 56 the
849 1592 110 57 life
996 1594 67 56 of
1095 1592 103 58 the
1232 1593 125 57 late
1390 1593 119 56 Mr.
1546 1593 321 58 Jonathan
1901 1593 187 71 Wild,

97 1673 102 56 the
241 1672 210 72 Great,
491 1673 82 69 by
610 1671 223 70 Henry
871 1670 319 71 Fielding;
1232 1669 152 58 with
1424 1689 80 38 an
1542 1669 425 58 introduction
2007 1673 81 68 by

95 1749 168 58 John
298 1749 200 71 Macy.
580 1748 149 57 New
760 1747 190 73 York,
987 1746 361 73 Greenberg
1381 1776 13 43 [
1397 1755 19 22 c
1418 1748 164 72 1926]

164 1827 93 50 xiii,
286 1827 80 43 294
392 1841 39 37 p.
490 1825 54 43 20
550 1828 46 17 cm
602 1861 8 7 .
681 1825 101 51 (On
809 1840 156 28 cover:
995 1824 98 43 The
1122 1823 177 52 rogues’
1325 1823 264 52 bookshelf)

90 1882 57 53 ©
172 1885 118 42 Mar.
315 1883 65 50 20,
410 1883 106 43 1926;
565 1883 65 42 2c.
657 1883 119 42 Mar.
798 1880 79 53 27;
904 1882 79 43 aff.
1008 1882 112 51 Apr.
1145 1881 78 52 26;
1252 1882 43 41 A
1321 1881 189 52 891194;
1541 1881 276 53 Greenberg,
1844 1880 240 54 publisher,

164 1941 82 42 inc.
322 1937 53 54 [©
410 1938 315 53 introduction]
796 1936 241 55 (26-9674)

96 2036 211 74 Filice,
343 2037 245 73 Emery.

174 2119 129 55 The
335 2116 323 71 whirlpool;
718 2135 79 37 an
826 2134 202 53 essay,
1058 2116 78 70 by
1168 2115 233 71 Emery
1430 2114 211 59 Filice.
1727 2116 126 57 San
93 2116 1964 151 Francisco,
306 2193 204 71 Calif.,
540 2193 179 57 Haar

746 2192 278 73 Wagner
1052 2192 361 73 publishing
1444 2212 321 53 company,
1798 2195 164 56 1926.

160 2274 52 44 69
240 2288 40 38 p.
343 2274 145 43 19½cm.

89 2326 54 54 ©
172 2329 117 42 Mar.
322 2327 60 48 15,
415 2327 127 50 1926;
571 2326 65 44 2c.
664 2327 85 43 and
779 2326 78 43 aff.
887 2326 111 52 Apr.
1027 2327 51 50 9;
1109 2326 45 42 A
1184 2325 187 51 890260;
1403 2325 53 47 E.
1486 2325 152 53 Filice,
1670 2325 91 47 San
1791 2328 118 51 Jose,
1943 2325 137 46 Calif.

166 2384 242 53 (26-9680)

92 2469 259 71 French,
386 2467 167 59 Fred
583 2467 70 58 F.

175 2563 128 56 The
343 2562 131 56 real
513 2562 196 56 estate
749 2560 378 56 investment
1164 2561 65 56 of
1268 2560 103 57 the
1411 2561 231 68 future,
1682 2561 83 69 by
1803 2560 169 57 Fred
2011 2561 71 58 F.

95 2639 260 57 French.
437 2638 150 57 New
622 2637 189 69 York,
849 2636 169 58 Fred
1054 2637 70 56 F.
1163 2637 246 56 French
1448 2633 273 75 security
1758 2655 321 53 company,

93 2716 351 73 inc. [ c 1925]
163 2793 66 52 53,
257 2796 52 46 [8]
336 2808 42 37 p.
405 2792 98 46 incl.
532 2793 155 49 front.,
713 2789 132 52 illus.,
871 2790 168 51 diagrs.
1102 2792 50 44 19
1159 2793 46 18 cm
1211 2827 8 8 .

163 2849 227 47 “Seventh
419 2848 183 51 edition,
632 2848 263 48 December,
929 2844 146 48 1925.”

87 2904 53 53 ©
166 2906 99 52 Jan.
297 2905 62 50 13,
392 2904 128 50 1926;
550 2903 64 42 2c.
642 2903 89 42 and
759 2902 78 43 aff.
865 2902 111 52 Apr.
1009 2899 74 53 17;
1115 2901 43 41 A
1189 2899 187 52 892234;
1408 2899 50 44 F.
1488 2899 50 44 F.
1570 2899 189 52 French,
1789 2901 117 44 New
1936 2900 142 44 York.

165 2959 241 57 (26-9445)

88 3045 206 69 Gibbs,
333 3044 106 59 Sir
473 3042 211 73 Philip
719 3040 340 59 Hamilton.

163 3123 196 58 Uncle
396 3121 208 58 Sam’s
641 3121 181 57 other
849 3119 158 58 face.

158 3200 80 52 (In
272 3200 185 42 London
492 3199 190 51 Sunday
718 3197 249 51 chronicle)

86 3249 1967 115 © 1c. May 18, 1926; A ad int. 8213; pubd. Mar. 21; Sir P. Gibbs, Shackleford, Surrey, England.
93 3394 1003 71 Gift, Foster U 1871-
166 3472 193 57 Week
394 3472 124 70 day
550 3470 297 72 religious
885 3469 346 72 education,
1263 3470 83 71 by
1379 3470 150 56 Rev.
1568 3470 228 56 Foster
1829 3469 75 58 U.
1943 3469 135 59 Gift

261 3547 1816 73 … Philadelphia, Pa., The United Lutheran publication
86 3627 191 57 house
313 3655 13 44 [
328 3634 19 22 c
350 3627 164 72 1926]

155 3702 548 54 96 p. diagrs. 19½cm .
162 3760 172 53 “Helps
359 3761 86 43 and
468 3759 226 47 materials
720 3759 195 44 needed”
932 3774 10 29 :
977 3774 40 38 p.
1041 3760 54 44 96

84 3816 1989 55 © Apr. 1, 1926; 1c. Apr. 12; 1c. Apr. 21; aff. Apr. 14; A 890464; Board of
155 3874 270 53 publication
458 3874 51 43 of
541 3874 76 43 the
649 3873 170 44 United
853 3874 227 43 Lutheran
1115 3873 167 43 church
1319 3874 43 42 in
1396 3872 228 53 America,
1659 3871 324 54 Philadelphia.

165 3929 241 55 (26-9469)
