2542 4285
0 0 0 0 1089
68 401 195 76 Lytle,
306 401 168 59 John
515 401 258 68 Horace,
819 401 189 57 1884-

143 488 1835 79 Sandy; the story of an Airedale, by Horace Lytle …
65 575 150 57 New
245 572 188 70 York,
465 570 276 70 London,
772 569 73 57 D.
878 568 321 74 Appleton
1230 570 122 57 and
1386 585 320 54 company,
1738 567 165 57 1926.

138 649 646 52 5 p. l. , 143, [1] p. 19½c m .
137 705 244 46 Published
415 705 106 43 1922
550 705 141 44 under
719 701 125 47 title:
879 701 153 51 Sandy
1063 700 201 51 Oorang.

69 759 55 54 ©
155 760 121 52 Sept.
305 759 63 49 30,
401 757 107 45 1926;
557 758 66 42 2c.
651 757 87 43 and
766 756 79 43 aff.
877 756 101 43 Oct.
1003 755 52 51 4;
1088 753 44 43 A
1160 752 188 53 950333;
1381 753 57 42 D.
1467 751 226 54 Appleton
1724 752 37 44 &
1787 768 65 28 co.

148 814 269 58 (26-17096)

65 916 252 73 McCoy,
351 912 212 75 Neely.

147 1004 128 60 The
304 1003 125 59 tale
461 1002 67 60 of
555 1003 105 56 the
690 1003 162 70 good
883 1003 99 54 cat
1015 999 210 73 Jupie,
1256 998 251 58 written
1541 998 123 58 and
1694 997 361 59 illustrated

68 1083 82 70 by
185 1080 197 71 Neely
419 1078 251 73 McCoy.
748 1078 151 57 New
934 1077 191 71 York,
1164 1078 129 57 The
1333 1074 359 59 Macmillan
1731 1093 323 54 company,

69 1158 166 58 1926.

140 1233 79 43 xvi
247 1247 54 39 p.,
329 1234 25 43 3
400 1268 21 16 l.,
448 1234 54 43 99
527 1247 40 37 p.
595 1231 102 43 incl.
727 1231 130 52 illus.,
885 1230 146 52 plates.
1105 1229 84 44 col.
1222 1229 156 52 front.,
1408 1229 85 43 col.
1523 1228 158 54 plates.
1741 1229 56 43 22½cm.

71 1289 52 54 ©
152 1289 119 53 Sept.
295 1289 69 52 28,
393 1289 106 43 1926;
546 1289 65 42 2c.
637 1289 86 42 and
750 1288 77 43 aff.
858 1286 119 54 Sept.
1003 1287 79 52 29;
1111 1287 44 43 A
1182 1284 189 55 950253;
1402 1286 263 44 Macmillan
1693 1301 66 29 co.

149 1346 269 56 (26-16727)

69 1432 391 67 Macdonald,
503 1431 199 58 Helen
739 1431 212 69 Grace,
992 1433 190 57 1888-

220 1520 1836 74 … Canadian public opinion on the American civil war,
71 1601 83 72 by
176 1600 201 58 Helen
403 1599 69 59 G.
500 1600 389 71 Macdonald,
1009 1646 13 11 PH.
1088 1645 11 12 D.
1183 1599 152 57 New
1358 1598 190 74 York,
1580 1597 320 60 Columbia
71 1597 1963 152 university;

372 1677 275 71 London,
678 1677 69 55 P.
781 1676 62 58 S.
872 1677 176 71 King
1076 1676 49 56 &
1153 1694 129 53 son,
1315 1677 166 56 1926.

138 1752 82 45 237
251 1768 39 37 p.
346 1751 150 45 22½cm.
562 1750 206 56 (Studies
800 1752 44 43 in
871 1752 190 52 history,
1088 1753 256 43 economics
1373 1753 87 43 and
1488 1750 146 54 public
1668 1752 100 51 law,
1797 1752 66 43 ed.
1895 1752 58 51 by
1984 1751 75 45 the

73 1809 189 53 Faculty
289 1809 51 44 of
365 1809 201 53 political
591 1809 173 44 science
792 1808 54 45 of
871 1808 235 45 Columbia
1134 1808 263 53 university,
1425 1809 87 44 vol.
1691 1843 13 18 CXXIv,
1731 1822 71 30 no.
1830 1808 26 42 2;
1913 1807 147 45 whole

69 1882 70 28 no.
170 1864 108 56 273)

143 1923 246 44 Published
414 1922 100 45 also
540 1938 48 29 as
617 1922 138 45 thesis
791 1924 107 53 (PH.
954 1924 36 53 D.)
1029 1922 236 46 Columbia
1294 1922 264 55 university,
1590 1923 117 45 1926.

143 1978 349 55 Bibliography:
529 1994 38 39 p.
601 1980 205 45 224-232.

73 2035 54 54 ©
155 2037 106 53 July
295 2036 61 53 17,
390 2038 128 51 1926;
549 2037 64 43 2c.
645 2037 88 43 and
762 2038 78 42 aff.
870 2037 106 53 July
1008 2037 75 52 19;
1116 2038 44 43 A
1190 2037 190 54 901308;
1412 2038 63 44 H.
1509 2036 52 46 G.
1594 2038 285 50 Macdonald,
143 2036 1895 111 Aberdeen,

301 2093 44 47 S.
378 2095 56 43 D.
503 2094 269 55 (26-16923)

73 2180 237 73 Magee,
352 2181 213 57 James
605 2181 253 73 Dysart.

142 2271 105 60 An
273 2270 426 60 introduction
726 2277 64 56 to
816 2292 226 54 money
1070 2277 125 57 and
1224 2274 215 73 credit,
1465 2276 84 72 by
1575 2275 216 58 James
1820 2275 240 72 Dysart

71 2347 1653 78 Magee … New York, F. S. Crofts & co., 1926.
140 2428 1050 52 viii p., 1 l., 467 p. tables, diagrs. 22 cm .
142 2482 285 54 “Suggested
455 2484 237 52 readings”
720 2494 48 37 at
792 2488 84 43 end
903 2486 53 44 of
982 2487 108 43 each
1118 2486 198 50 chapter.

76 2536 52 54 ©
161 2538 122 53 Sept.
310 2539 68 51 23,
411 2537 129 53 1926;
569 2539 65 42 2c.
664 2539 88 43 and
782 2539 79 43 aff.
895 2537 120 54 Sept.
1047 2538 78 53 28;
1159 2538 44 43 A
1233 2538 190 53 949219;
1458 2537 51 44 F.
1545 2537 44 47 S.
1626 2538 155 45 Crofts
1814 2540 38 43 &
1882 2555 65 28 co.

155 2595 268 55 (26-16892)

73 2680 277 74 Markey,
393 2682 238 72 Joseph
667 2681 231 70 James,
940 2684 190 58 1897-

150 2772 436 60 Tuberculosis
636 2772 104 58 for
788 2774 104 59 the
938 2772 264 75 patient,
1252 2776 83 71 by
1382 2776 242 71 Joseph
1670 2777 61 58 J.
1783 2775 280 72 Markey,

131 2848 1931 79 M . D. New York, Los Angeles, The Caruthers company,
74 2931 163 57 1926.

140 3006 453 53 xi, 184 p. 19½ cm .
78 3059 53 54 ©
166 3060 120 53 Sept.
316 3061 67 51 23,
420 3061 128 52 1926;
580 3061 66 44 2c.
683 3059 119 54 Sept.
834 3058 79 55 25;
947 3060 79 44 aff.
1062 3059 121 54 Sept.
1215 3061 78 52 28;
1328 3061 44 43 A
1404 3061 190 54 949217;
1632 3061 246 45 Caruthers
1912 3078 65 28 co.

156 3117 269 56 (26-16683)

79 3202 322 74 Marshall,
435 3202 362 73 Archibald,
835 3205 189 57 1866-

156 3292 1912 76 John, by Archibald Marshall … illustrations by Agnes
84 3369 63 60 C.
177 3369 294 59 Lehman.
551 3370 153 57 New
727 3370 192 71 York,
947 3371 201 72 Dodd,
1179 3372 189 57 Mead
1396 3372 125 57 and
1550 3390 320 58 company,
1903 3375 164 57 1926.

144 3447 883 54 2 p. l. , 168 p. front., illus. 21½ cm .
81 3504 52 54 ©
163 3506 100 45 Oct.
292 3506 39 51 2,
363 3506 106 43 1926;
523 3506 62 42 2c.
618 3505 102 44 Oct.
750 3504 23 45 5;
832 3506 79 43 aff.
943 3506 100 44 Oct.
1074 3506 25 44 9;
1159 3505 44 43 A
1233 3505 165 45 949464;
1457 3506 146 52 Dodd,
1636 3507 137 43 Mead
1805 3508 37 44 &
1871 3523 80 37 co.,
1982 3508 83 44 inc.

159 3562 269 56 (26-17628)

82 3648 236 69 Mason,
353 3647 228 59 Alfred
616 3648 276 58 Edward
925 3648 319 73 Woodley.

159 3739 129 58 The
319 3739 135 71 key.

155 3817 80 51 (In
266 3817 170 42 Nash’s
466 3817 255 52 magazine,
754 3819 143 51 Sept.,
930 3818 127 52 1926)

83 3870 53 54 ©
190 3889 36 27 1c.
254 3873 101 44 Oct.
385 3873 63 52 18,
478 3874 128 52 1926;
635 3873 44 43 A
706 3875 55 42 ad
788 3874 75 43 int.
891 3873 134 53 8637;
1055 3874 131 52 pubd.
1212 3874 120 53 Aug.
1363 3874 75 53 18;
1468 3874 56 44 A.
1554 3874 53 48 E.
1635 3876 75 44 W.
1741 3876 177 51 Mason,
1948 3877 119 45 New

155 3929 161 53 Grove,
347 3929 247 54 Petworth,
630 3930 182 53 Sussex,
843 3929 224 55 England.
