2542 4285
1103 4069 148 58 1481

169 457 345 71 Anderson,
553 456 183 71 John,
776 459 186 55 1854-

246 551 128 57 The
413 549 305 58 unknown
758 547 273 72 Turner;
1074 546 375 60 revelations
1491 546 369 73 concerning
1898 548 102 56 the
2041 545 109 59 life

169 630 122 56 and
328 631 98 53 art
463 629 65 56 of
560 627 60 58 J.
657 627 82 57 M.
774 627 95 57 W.
907 626 261 71 Turner,
1202 623 151 60 with
1387 644 79 38 an
1501 629 257 54 account
1791 625 67 57 of
1890 625 103 57 the
169 623 1957 155 discovery

425 707 67 55 of
521 705 96 58 his
647 703 229 59 hidden
912 704 354 71 signatures
1302 705 122 56 and
1457 702 176 59 dates
1666 704 123 57 and
1820 703 103 57 the
170 701 1959 141 publication

410 785 67 56 of
514 784 101 57 the
655 784 145 70 only
832 782 222 56 known
1092 780 268 73 original
1394 778 387 73 manuscript
1822 780 67 57 of
1927 798 122 51 any
2087 782 67 55 of

167 861 96 59 his
306 859 321 73 sketching
663 865 193 68 tours,
896 860 83 71 by
1018 858 167 59 John
1226 859 348 69 Anderson,
1617 857 76 72 jr.
1777 857 150 57 New
1964 856 190 60 York.

169 939 168 59 Priv.
368 938 188 72 print,
588 940 102 56 for
718 939 104 57 the
853 937 242 71 author,
1126 937 165 55 1926.

238 1025 1720 55 8 p. l., 153, [1] p. col. front., plates, ports., map, facsims. 33 cm .
241 1099 136 46 “This
418 1099 133 50 book,
592 1100 179 49 printed
813 1099 121 43 from
974 1105 104 43 type
1119 1096 148 46 which
1307 1098 79 42 has
1428 1100 111 42 been
1579 1096 283 51 distributed,
1902 1097 36 44 is
1980 1096 177 53 strictly

170 1154 170 47 limited
369 1164 46 38 to
446 1169 87 30 one
558 1153 226 45 thousand
813 1153 212 52 copies.”.
1061 1152 112 46 This
1204 1167 115 37 copy
1348 1163 80 35 not
1455 1152 257 46 numbered.

169 1219 55 54 ©
263 1222 99 43 Oct.
404 1220 60 52 15,
506 1221 126 51 1926;
672 1222 63 42 2c.
776 1221 106 43 Dec.
921 1221 49 51 3;
1012 1220 78 44 aff.
1129 1220 117 43 Nov.
1288 1220 73 52 12;
1401 1221 42 41 A
1483 1219 187 53 957389;
1713 1221 38 52 J.
1791 1221 254 48 Anderson,
2082 1222 75 50 jr.,

243 1277 242 53 Brooklyn.
545 1277 267 54 (26-24123)

171 1375 249 73 Ashley,
467 1375 267 58 Clifford
771 1376 282 71 Warren,
1096 1378 187 56 1881-

254 1466 127 57 The
423 1466 249 57 Yankee
713 1467 249 70 whaler,
1007 1467 82 69 by
1134 1464 267 59 Clifford
1443 1467 95 57 W.
1582 1467 264 71 Ashley;
1888 1467 151 57 with
2084 1488 79 37 an

174 1543 420 58 introduction
628 1545 83 70 by
744 1544 235 57 Robert
1017 1543 315 58 Cushman
1369 1542 274 74 Murphy
1678 1546 122 56 and
1837 1568 34 37 a
1907 1546 255 71 preface

176 1624 61 54 to
289 1622 101 56 the
440 1622 274 70 pictures
765 1623 82 70 by
896 1622 359 69 Zephaniah
1304 1621 96 57 W.
1452 1623 215 55 Pease.
1750 1622 239 56 Boston
2042 1623 120 55 and

176 1699 150 57 New
363 1697 189 71 York,
588 1696 341 75 Houghton
968 1698 214 56 Mifflin
1224 1717 319 53 company,
1584 1699 162 56 1926.

247 1785 1916 56 xxiv p., 1 l., 379 p. incl. illus., plates, diagrs. col. front., col. plates.
175 1844 52 44 28½
263 1847 46 18 cm
316 1878 8 8 .

249 1913 138 46 “This
430 1915 99 43 first
569 1914 164 44 edition
776 1914 191 43 consists
1010 1914 50 44 of
1101 1913 173 45 sixteen
1316 1913 205 45 hundred
1562 1915 88 43 and
1695 1915 282 53 twenty-five
2016 1917 148 52 copies

178 1971 51 43 of
261 1971 147 44 which
445 1987 83 29 one
560 1971 203 44 hundred
798 1971 89 43 and
923 1969 198 55 fifty-six
1159 1984 77 32 are
1272 1972 245 43 numbered
1552 1972 85 43 and
1673 1970 156 55 signed
1863 1973 90 44 and
1987 1971 178 45 contain

178 2043 56 28 an
269 2028 193 53 original
499 2028 206 52 drawing
735 2029 58 51 by
832 2028 89 42 Mr.
957 2027 213 52 Ashley.”
1229 2026 113 45 This
1381 2042 113 38 copy
1528 2027 36 45 is
1600 2028 172 44 neither
1805 2028 244 45 numbered
2083 2042 84 30 nor

180 2084 156 53 signed
365 2086 86 42 and
482 2086 34 42 is
546 2084 190 45 without
764 2085 77 45 the
871 2083 191 54 original
1093 2082 219 55 drawing.

251 2140 213 46 Contains
514 2141 99 46 “the
658 2147 188 38 account
890 2141 49 44 of
984 2155 75 38 my
1101 2139 201 55 whaling
1344 2155 174 39 voyage
1562 2141 44 47 in
1649 2141 74 45 the
1767 2141 116 45 bark
1928 2140 237 52 Sunbeam,

179 2198 241 53 originally
461 2198 232 52 published
732 2198 46 42 in
821 2197 222 53 Harper’s
1083 2196 235 53 magazine
1359 2212 121 32 some
1522 2205 167 46 twenty
1728 2213 130 38 years
1899 2213 85 39 ago
2025 2199 143 44 under

179 2255 74 44 the
289 2255 97 44 title
420 2253 111 45 ‘The
564 2253 786 46 blubber-hunters’”.—Foreword.

247 2313 70 42 “A
349 2312 75 43 list
456 2313 52 42 of
537 2313 140 42 books
711 2311 269 52 concerning
1013 2310 167 44 whales
1215 2312 86 42 and
1335 2311 223 52 whaling”:
1622 2326 37 38 p.
1717 2311 217 54 [147]-149.

174 2366 54 54 ©
257 2369 116 42 Nov.
405 2369 63 51 12,
496 2368 127 48 1926;
653 2369 63 42 2c.
747 2367 116 44 Nov.
895 2368 73 51 18;
996 2368 77 43 aff.
1104 2368 117 42 Nov.
1255 2366 73 53 17;
1359 2368 43 42 A
1430 2366 189 54 957124;
1652 2367 48 45 C.
1729 2370 74 43 W.
1833 2368 185 53 Ashley,
2049 2370 115 43 New

248 2425 216 52 Bedford,
495 2426 138 42 Mass.
702 2422 268 56 (26-21726)

178 2524 334 72 Bashford,
552 2524 219 73 Henry
808 2524 321 70 Howarth,
1170 2526 189 57 1880-

256 2615 244 57 Behind
538 2615 101 56 the
680 2615 128 71 fog,
850 2634 37 37 a
929 2616 122 55 tale
1093 2613 68 58 of
1202 2615 361 69 adventure,
1603 2617 81 70 by
1723 2616 79 57 H.
1845 2617 79 56 H.
179 2618 1960 132 Bashford.

425 2693 150 56 New
607 2692 189 72 York,
830 2693 274 68 London,
1139 2692 255 71 Harper
1428 2692 50 59 &
1507 2693 309 71 brothers,
1853 2695 162 57 1927.

249 2769 945 55 4 p. l., 297 p. front. (map) 18½c m .
178 2826 52 54 ©
260 2828 107 43 Dec.
400 2826 60 47 15.
495 2828 128 50 1926;
653 2828 63 43 2c.
746 2828 86 42 and
861 2828 77 42 aff.
968 2828 107 42 Dec.
1108 2826 73 52 17;
1212 2828 43 41 A
1286 2826 188 52 958389;
1508 2829 60 41 H.
1600 2830 59 41 H.
1693 2828 240 52 Bashford,
1967 2830 198 45 London.

256 2882 268 57 (26-23687)

180 2983 283 71 Bennett,
504 2982 177 58 Alice
723 2982 290 69 Horlock,
1061 2985 188 57 1866-

260 3073 129 56 The
415 3073 272 70 prince’s
715 3073 137 57 love
879 3072 210 67 affair,
1114 3073 84 72 by
1222 3073 72 56 A.
1325 3073 78 56 H.
1432 3074 286 57 Bennett.
1803 3076 151 57 New
1979 3077 186 65 York,

181 3150 258 58 London
476 3153 144 69 [etc.]
658 3150 373 72 Longmans,
1071 3149 202 60 Green
1309 3152 122 56 and
1464 3170 107 52 co.,
1607 3153 163 56 1926.

252 3225 93 53 287,
421 3244 10 31 [1]
463 3242 39 38 p.
564 3228 51 44 19½c
665 3229 31 19 m
702 3262 8 9 .

254 3284 215 44 “Printed
500 3284 44 43 in
577 3284 232 53 Guernsey
844 3283 48 50 C.
927 3285 33 42 I.
1023 3283 172 45 British
1226 3283 155 46 Isles.”

179 3340 1991 56 © 1c. Oct. 21, 1926; A ad int. 8640; pubd. Sept. 30; Longmans, Green &
252 3414 63 27 co.
382 3397 267 54 (26-24561)

183 3496 238 71 Bullen,
462 3496 213 57 Frank
713 3495 285 73 Thomas,
1038 3498 355 57 1857-1915.

262 3587 128 56 The
422 3584 199 59 cruise
653 3587 67 55 of
747 3586 102 56 the
882 3584 296 59 Cachalot;
1240 3585 208 59 edited
1474 3588 83 71 by
1584 3588 78 57 H.
1695 3589 62 59 C.
1791 3591 379 62 Schweikert

252 3662 1654 80 … New York, D. Appleton and company [ c 1926]
256 3741 144 51 xxxii,
440 3743 75 43 391
555 3755 38 38 p.
654 3740 154 52 front.,
847 3739 110 45 fold.
996 3755 113 37 map.
1175 3740 47 44 18½cm.
1389 3741 287 54 (Half-title:
1720 3744 227 55 Appleton
1985 3751 188 43 modern

186 3798 233 45 literature
447 3796 161 54 series)

257 3855 382 54 Bibliographical
667 3862 103 37 note:
825 3871 42 38 p.
898 3852 205 47 386-387.

185 3911 52 54 ©
271 3914 118 43 Nov.
422 3914 68 50 30,
526 3913 102 42 1926;
689 3912 62 42 2c.
787 3912 108 42 Dec.
930 3912 49 50 4;
1016 3912 77 42 aff.
1128 3913 106 41 Dec.
1272 3911 72 51 16;
1383 3913 42 41 A
1460 3912 188 54 958395;
1686 3917 54 42 D.
1774 3918 228 52 Appleton
2038 3921 36 43 &
2107 3936 65 30 co.

272 3968 53 55 [©
350 3970 180 44 editor’s
559 3969 301 43 introduction
886 3969 86 43 and
998 3967 239 55 appendix]
1304 3969 268 56 (26-23889)
