2542 4285
1124 4005 148 57 1383

302 469 24 44 7
389 506 8 8 v.
458 470 174 53 fronts.,
664 470 127 51 illus.,
825 470 154 53 plates,
1010 478 139 45 ports.
1208 471 49 41 21½
1296 472 47 18 cm
1349 504 9 9 .

304 527 264 51 Previously
599 526 149 44 issued
778 527 143 43 under
950 527 121 43 title:
1104 526 99 44 The
1238 525 183 47 Science
1454 527 50 43 of
1535 526 150 53 living.

225 583 55 52 ©
307 585 108 43 Dec.
444 584 62 51 10,
536 584 126 50 1924;
690 584 65 42 2c.
784 583 107 43 each
919 583 87 43 and
1032 583 78 43 aff.
1141 583 118 43 Nov.
1286 583 67 52 26,
1383 583 128 51 1926;
1543 583 43 42 A
1615 581 188 54 957259;
1836 582 43 47 S.
1908 583 57 43 A.
1996 583 213 46 Mullikin

295 656 64 28 co.
429 639 266 55 (26-21764)

230 739 448 67 Horsin-Déon,
717 739 69 58 E.

305 830 81 58 Ce
412 831 155 71 qu’il
588 831 143 56 faut
754 831 209 56 savoir
987 850 160 51 pour
1173 834 310 68 exporter,
1510 850 117 51 par
1652 831 72 55 E.
1751 830 457 59 Horsin-Déon.

224 912 48 55 2.
302 909 89 57 ed.
473 905 203 76 Paris,
703 909 243 72 Dunod,
976 911 164 55 1926.

290 990 27 40 2
340 1003 41 34 p.
406 989 41 43 1.,
472 987 76 43 241
578 1002 40 36 p.
646 986 102 46 incl.
776 988 156 42 forms.
991 988 54 42 22
1053 990 46 17 cm
1105 1023 8 7 .

219 1040 1512 54 © May 21, 1926; 1c. Aug. 16; A—Foreign 31747; Dunod.
300 1098 267 54 (26-19661)

224 1197 411 71 Humphreys,
680 1194 280 60 William
1002 1196 291 71 Jackson,
1340 1198 188 56 1862-

302 1286 1909 76 Fogs and clouds, by W. J. Humphreys … Baltimore,
226 1365 129 58 The
383 1365 312 58 Williams
723 1364 48 58 &
799 1365 266 57 Wilkins
1097 1382 323 54 company,
1453 1366 165 57 1926.

292 1442 108 51 xvii,
436 1443 76 43 104
543 1458 39 37 p.
642 1443 153 50 front.,
826 1444 154 51 plates,
1010 1450 137 45 ports.
1206 1442 55 44 20½
1296 1444 47 18 cm
1348 1477 9 10 .

294 1502 111 45 Part
442 1500 51 43 of
532 1499 85 45 this
656 1503 132 42 work
826 1514 94 29 was
961 1499 231 53 published
1232 1500 140 43 under
1411 1499 74 44 the
1524 1514 120 30 same
1682 1500 96 44 title
1818 1501 43 43 in
1904 1500 306 46 Smithsonian

223 1556 252 44 institution
509 1558 163 42 annual
706 1563 163 45 report,
908 1557 117 52 1922,
1057 1555 319 53 Washington,
1416 1556 116 51 1924,
1568 1571 39 38 p.
1644 1556 201 45 187-221.

293 1613 348 53 Bibliography:
673 1628 40 39 p.
745 1612 176 46 99-100.

218 1669 53 52 ©
301 1671 117 42 Nov.
452 1669 62 52 15,
546 1670 128 51 1926;
707 1671 63 41 2c.
800 1671 87 41 and
917 1671 78 41 aff.
1028 1670 118 42 Nov.
1182 1670 73 51 19;
1288 1670 43 41 A
1362 1668 187 53 958032;
1585 1670 226 43 Williams
1844 1672 37 42 &
1909 1669 198 46 Wilkins
2139 1684 66 30 co.

296 1726 267 55 (26-21753)

218 1813 354 71 Ingraham,
616 1813 217 72 Henry
870 1812 322 71 Andrews,
1237 1815 188 56 1878-

295 1903 332 57 American
661 1906 170 54 trout
869 1907 298 65 streams;
1204 1922 36 38 a
1274 1902 350 61 discussion
1656 1904 68 56 of
1757 1903 103 58 the
1895 1904 314 72 problems

219 1981 400 72 confronting
673 1981 249 72 anglers
981 1980 65 56 in
1101 1981 103 56 the
1260 1980 455 72 preservation,
1773 1987 436 68 management

219 2060 123 58 and
378 2058 468 59 rehabilitation
883 2058 68 57 of
987 2058 335 57 American
1358 2061 173 55 trout
1566 2063 228 54 waters
1836 2058 112 75 [by]
1989 2059 221 73 Henry

217 2139 305 57 Andrews
570 2137 357 72 Ingraham.
1049 2136 150 57 [New
1247 2136 186 73 York]
1488 2136 168 57 Priv.
1709 2137 191 72 print,
1950 2138 104 57 for
2104 2138 104 58 the

218 2216 269 73 Anglers
503 2219 13 26 ’
547 2216 137 56 club
713 2215 67 57 of
808 2215 151 56 New
986 2213 190 71 York,
1208 2215 165 56 1926.

287 2290 1148 57 xvi p., 1 l., 139 p. V pl. (incl. maps) 25 cm .
289 2351 175 44 “There
511 2351 112 43 have
671 2352 109 42 been
831 2364 83 30 one
962 2350 203 44 hundred
1213 2350 87 43 and
1348 2347 106 55 fifty
1500 2347 147 55 copies
1696 2349 51 45 of
1794 2349 244 45 American
2085 2358 122 37 trout

218 2416 187 37 streams
436 2408 173 51 printed
638 2422 57 28 on
727 2404 228 46 Fabriano
986 2406 119 44 hand
1134 2407 128 43 made
1292 2404 178 54 paper.”

213 2464 52 53 ©
292 2466 116 43 Nov.
434 2466 36 50 9,
500 2464 127 51 1926;
652 2465 66 41 2c.
743 2464 118 43 Nov.
891 2463 72 52 18;
989 2463 78 42 aff.
1095 2463 118 43 Nov.
1242 2462 73 52 19;
1344 2462 44 43 A
1413 2461 188 54 958063;
1630 2464 60 42 H.
1717 2463 56 43 A.
1801 2462 259 54 Ingraham,
2086 2464 117 44 New

282 2523 143 44 York.
494 2521 267 55 (26-21724)

214 2610 290 66 Kerman,
548 2606 340 59 Frederick
926 2607 71 57 R.

286 2698 1847 74 New business for banks, by Frederick R. Kerman …
210 2775 1989 76 and Bryant W. Griffin … New York, Prentice-Hall, inc.,
211 2860 163 57 1926.

284 2916 1017 71 1 p. l., v-vii p., 2 l., 3-326 p. illus. 23½ cm .
281 2992 350 51 Bibliography:
663 3007 41 35 p.
734 2992 203 45 314-316.

207 3047 55 53 ©
295 3048 118 43 Nov.
448 3048 34 50 1,
519 3046 106 43 1926
638 3061 9 37 ;
681 3046 66 42 2c.
778 3046 88 42 and
896 3045 79 42 aff.
1011 3045 117 43 Nov.
1158 3044 79 51 20;
1273 3044 43 42 A
1349 3042 190 54 957171;
1578 3043 358 53 Prentice-Hall,
1972 3045 83 45 inc.

288 3103 267 56 (26-21744)

209 3189 209 69 Kraft,
465 3187 338 59 Frederick
841 3187 61 57 A
1213 3189 189 57 1871-

289 3283 41 26 “
342 3279 279 70 Dorio”;
668 3301 36 36 a
743 3279 303 70 practical
1085 3279 123 57 and
1247 3278 217 71 timely
1506 3296 226 53 expose
1775 3277 68 59 of
210 3279 1968 150 spiritualism,

209 3354 1968 153 by F. A. Kraft, M. D. Milwaukee, Wis., The Memorial publishers [ c 1926]
283 3515 78 42 144
391 3529 39 38 p.
490 3517 28 41 2
548 3519 112 46 port.
688 3512 127 53 (incl.
852 3512 163 51 front.)
1086 3512 50 44 19½
1170 3513 46 18 cm
1223 3545 8 8 .

208 3570 52 53 ©
288 3572 118 42 Nov.
434 3570 66 50 20,
532 3569 102 43 1926
650 3585 8 35 ;
688 3570 64 42 2c.
783 3570 85 42 and
896 3569 79 42 aff.
1004 3568 118 43 Nov.
1152 3568 78 51 26;
1259 3568 44 42 A
1332 3566 190 54 957248;
1553 3567 50 44 F.
1634 3569 55 43 A.
1720 3568 155 52 Kraft,
1907 3568 289 45 Milwaukee.

285 3627 267 55 (26-21638)

206 3712 219 74 Large,
461 3715 147 55 Mrs.
643 3712 209 57 Laura
882 3711 362 58 Antoinette
1287 3711 312 74 (Stevers)
1642 3715 188 58 1887-

285 3804 190 58 Little
524 3804 223 57 stories
797 3803 67 58 of
912 3804 248 57 famous
1209 3803 340 72 explorers,
1595 3806 83 70 by
1724 3804 212 57 Laura
207 3803 1969 137 Antoinette

412 3880 1707 74 Large … Boston, W. A. Wilde company [ c 1926]
