2609 4293
1457 3964 112 55 154

536 338 1102 80 Kinsey, Elmer E comp.
610 446 1907 79 Key to scientific shorthand … compiled and published
536 523 79 72 by
643 522 72 59 E.
748 524 261 72 Kinsey.
1082 524 255 74 Seattle,
1366 526 232 73 Wash.,
1631 537 19 21 c
1653 530 164 55 1926.

604 613 268 52 cover-title,
907 613 80 54 [24]
1020 628 39 37 p.
1118 613 54 44 20
1179 617 46 17 cm
1232 648 8 8 .

534 680 52 54 ©
618 682 106 44 Feb.
756 684 36 49 9,
828 683 127 52 1926;
987 684 63 42 2c.
1084 683 86 43 and
1200 684 78 43 aff.
1311 682 105 45 Feb.
1455 686 72 50 17;
1561 685 44 42 A
1636 686 188 53 884623;
1859 686 51 47 E.
1946 686 51 47 E.
2031 688 185 53 Kinsey,
2252 688 180 47 Seattle.

612 736 241 56 (26-4797)

531 863 292 75 Mahany,
865 864 293 59 Maxwell
1195 865 85 58 M.

609 969 342 58 Oklahoma
988 969 314 71 taxation;
1344 990 35 37 a
1418 971 261 59 treatise
1718 991 78 37 on
1834 973 104 57 the
1977 973 117 57 law
2133 974 68 57 of
2237 975 281 56 taxation

529 1046 1968 151 in the state of Oklahoma, by Maxwell M. Mahany … Chicago,
734 1123 345 74 Callaghan
1107 1126 123 56 and
1258 1143 320 54 company,
1611 1127 164 56 1926.

663 1249 9 17 xv,
702 1216 80 43 412
812 1230 39 38 p.
909 1214 56 44 26
971 1217 46 17 cm
1023 1249 10 9 .

530 1283 53 53 ©
609 1285 104 44 Feb.
743 1286 63 51 16,
836 1285 104 43 1926
955 1300 9 36 ;
991 1286 64 42 2c.
1082 1286 88 43 and
1193 1286 78 43 aff.
1301 1284 106 46 Feb.
1438 1286 73 52 19;
1540 1286 44 42 A
1610 1286 189 52 883340;
1830 1285 248 54 Callaghan
2105 1289 37 43 &
2166 1304 65 28 co.

607 1339 241 56 (26-4786)

528 1455 300 73 Mecham,
869 1454 168 60 John
1073 1453 216 74 Lloyd.

671 1559 1847 76 … A course for home students in modern European
524 1638 262 72 history,
844 1639 369 70 1789-1870;
1270 1636 344 59 liberalism
1670 1640 124 56 and
1847 1638 419 74 nationalism,
2322 1642 83 69 by
2458 1642 60 58 J.

526 1714 1991 77 Lloyd Mecham … New York, Columbia university, 1924.
596 1810 50 43 93
682 1822 38 38 p.
780 1807 52 44 23
840 1809 46 17 cm
892 1842 10 8 .

595 1878 65 45 At
689 1877 114 44 head
832 1876 52 44 of
917 1875 122 45 title:
1075 1875 236 45 Columbia
1343 1874 251 55 university
1627 1876 44 44 in
1703 1876 76 44 the
1812 1875 90 55 city
1935 1877 50 44 of
2017 1879 117 42 New
2166 1878 142 43 York.
2370 1879 149 44 Home

526 1935 143 52 study.

525 2003 52 54 ©
611 2006 117 42 Nov.
759 2004 67 51 29,
861 2001 129 54 1925;
1023 2003 65 43 2c.
1121 2003 98 52 Jan.
1250 2003 40 50 2,
1328 2002 129 52 1926;
1493 2003 78 42 aff.
1608 2001 105 45 Feb.
1749 2001 48 54 5;
1833 2003 44 42 A
1911 2002 186 54 882703;
2136 2005 296 51 Department
2465 2005 51 43 of

593 2060 248 53 university
871 2060 248 52 extension,
1155 2058 236 46 Columbia
1420 2058 262 54 university,
1717 2059 117 45 New
1866 2059 142 45 York.

602 2117 242 56 (26-4500)

523 2229 282 71 Mercier,
845 2229 257 59 Charles
1136 2229 260 71 Arthur,
1435 2231 356 57 1852-1919.

602 2332 1911 74 Criminal responsibility, by Charles Mercier … New
522 2414 189 71 York,
741 2413 371 71 Physicians
1146 2413 124 57 and
1301 2430 301 54 surgeons
1634 2411 160 58 book
1826 2431 105 54 co.,
1969 2413 164 56 1926.

589 2503 81 45 256
700 2518 39 38 p.
798 2503 29 43 23½
887 2505 46 18 cm
940 2537 8 9 .

931 2569 593 54 CONTENTS.—Preface.—Introduction,
1560 2569 59 54 by
1656 2571 40 52 J.
1737 2570 65 43 M.
1843 2568 670 56 Osman.—Responsibility.—

522 2630 255 52 Voluntary
816 2625 1383 56 action.—Wrong-doing.—Insanity.—Mind.—Conditions
2239 2626 50 46 of
520 2640 1971 100 responsibility.—

761 2686 99 44 The
889 2700 197 29 answers
1119 2684 52 45 of
1201 2684 76 44 the
1307 2684 498 53 judges.—Procedure
1836 2684 87 43 and
1954 2683 204 53 practice.

522 2755 52 54 ©
601 2756 105 44 Feb.
736 2758 38 50 8,
805 2756 128 51 1926;
961 2757 65 42 2c.
1055 2755 106 44 Feb.
1193 2756 73 51 16;
1295 2755 78 43 aff.
1402 2754 106 43 Feb.
1539 2752 73 54 15;
1642 2754 44 42 A
1714 2751 189 54 883305;
1937 2752 264 53 Physicians
2229 2754 37 43 &
2295 2766 216 38 surgeons

588 2814 120 43 book
735 2829 65 27 co.
871 2811 241 55 (26-4381)

518 2924 268 72 Merritt,
826 2924 339 71 Abraham,
1208 2926 188 57 1882-

518 3024 1972 155 The ship of Ishtar, by A. Merritt … New York, London, G-. P. Putnam’s sons, 1926.
585 3198 57 52 vi,
674 3198 80 45 326
783 3212 41 40 p.
889 3199 48 44 19½c
989 3200 30 16 m
1026 3232 7 9 .

518 3269 53 53 ©
606 3270 107 44 Feb.
751 3270 64 52 19,
854 3268 128 52 1926;
1021 3269 63 42 2c.
1120 3268 106 44 Feb.
1259 3268 78 51 20;
1376 3267 78 45 aff.
1491 3266 107 44 Feb.
1633 3267 78 51 23;
1750 3266 44 43 A
1832 3266 188 51 883381;
2059 3265 56 43 A.
2156 3263 198 52 Merritt,
2392 3264 115 43 New

586 3327 142 43 York.
797 3324 242 55 (26-4777)

518 3438 210 71 Millis,
770 3437 282 60 William
1084 3436 244 70 Alfred,
1371 3438 188 57 1868-

592 3544 157 56 Half
787 3542 192 57 hours
1022 3541 153 58 with
1216 3542 228 71 college
1489 3540 306 70 students,
1838 3538 83 72 by
1961 3535 277 60 William
2282 3534 227 59 Alfred

518 3613 1989 77 Millis … Boston, Mass., The Stratford company, 1926.
583 3711 516 54 4 p. l., 200 p. 19 cm .
586 3782 227 48 Sermons.

518 3852 49 53 ©
592 3853 105 43 Feb.
724 3850 35 54 5,
792 3852 128 49 1926;
946 3852 65 42 2c.
1038 3850 107 44 Feb.
1172 3851 51 50 8;
1249 3850 79 43 aff.
1354 3849 105 43 Feb.
1490 3848 74 52 10;
1590 3848 44 42 A
1661 3846 187 53 883213;
1883 3844 232 48 Stratford
2141 3859 66 29 co.

592 3907 242 56 (26-4588)
