2609 4293
1428 4007 72 56 90

466 365 237 71 March,
742 365 269 57 Thomas
1047 366 208 72 Stone,
1293 367 189 58 1868-

546 456 1843 74 A history of Pennsylvania, by Thomas Stone March …
466 535 151 57 New
674 535 189 56 York.
926 532 353 62 Cincinnati
1359 538 128 68 [etc.]
1544 534 337 59 American
1940 537 154 57 book
2153 555 304 53 company

468 643 13 42 [
482 620 18 20 c
506 613 164 71 1926]

534 690 83 44 368
637 704 43 37 p.
706 689 101 45 incl.
834 690 150 51 front.,
1009 688 120 46 illus.
1192 690 50 45 19
1248 691 47 18 cm
1301 723 9 9 .

536 745 329 46 “References”
890 755 46 35 at
963 747 85 44 end
1074 746 52 44 of
1151 753 121 37 most
1297 744 52 47 of
1375 745 76 45 the
1478 744 224 52 chapters.

466 797 52 53 ©
546 799 99 51 Jan.
680 800 61 51 18,
776 800 129 51 1926;
937 800 64 42 2c.
1030 801 98 51 Jan.
1158 798 76 53 25;
1269 800 79 42 aff.
1379 800 97 51 Jan.
1507 800 77 51 21;
1618 799 43 42 A
1694 799 187 53 883029;
1914 800 243 43 American
2187 802 119 42 book
2336 816 64 28 co.

545 855 241 55 (26-2833)

466 955 322 72 Marshall,
821 954 364 58 Archibald.

543 1033 119 57 Mr.
703 1033 200 57 Allen,
987 1032 174 71 chap.
1205 1034 31 54 2
1288 1032 347 72 (contd.)-5
1687 1033 262 72 (contd.)
2037 1033 98 73 By
2174 1034 74 57 A.
467 1035 1967 132 Marshall
661 1112 122 56 and

817 1111 247 55 Horace
1097 1110 321 71 Annesley
1447 1110 274 57 Vachell.
1808 1113 48 70 [5
1888 1111 415 73 instalments]

558 1192 57 37 (In
648 1189 184 41 London
867 1188 202 51 Graphic
1099 1187 266 52 magazine)

465 1240 1992 56 © 1c. each Jan. 20, 1926; A ad int. 7661; pubd. Nov. 28, Dec. 5, 12, 19,
536 1299 119 53 1925,
685 1301 99 51 Jan.
813 1301 38 51 2,
887 1300 128 52 1926;
1049 1299 146 52 Dodd,
1228 1300 138 43 Mead
1395 1300 36 43 &
1461 1315 80 37 co.,
1571 1299 95 52 inc.,
1700 1300 119 43 New
1850 1301 143 42 York.

462 1397 324 72 Marshall,
827 1397 169 58 Leon
1036 1395 261 73 Carroll,
1339 1399 190 57 1879-
1687 1398 89 58 ed.

540 1489 318 73 Readings
904 1488 66 57 in
1012 1489 104 57 the
1161 1492 178 68 story
1381 1487 68 59 of
1491 1488 233 58 human
1766 1507 319 55 progress,
2130 1488 208 59 edited
2382 1490 80 71 by

460 1566 1978 152 Leon C. Marshall … New York, The Macmillan company, 1926.
530 1722 63 51 xi,
624 1724 79 43 493
737 1737 38 37 p.
838 1721 126 52 illus.,
1000 1722 168 52 diagrs.
1227 1721 53 44 20½
1315 1722 48 19 cm
1369 1755 10 10 .

535 1779 258 53 “Prepared
824 1786 46 36 to
903 1792 277 39 accompany
1212 1777 75 45 the
1317 1785 99 37 text
1448 1775 101 47 The
1582 1787 126 41 story
1740 1777 51 46 of
1819 1777 168 45 human
2021 1777 441 55 progress.”—Pref.

463 1834 53 54 ©
540 1837 99 52 Jan.
665 1836 67 51 26,
762 1836 128 51 1926;
918 1836 64 42 2c.
1008 1837 88 42 and
1120 1836 78 42 aff.
1225 1836 99 52 Jan.
1349 1835 78 51 27;
1457 1836 44 42 A
1527 1834 189 53 883055;
1750 1836 265 43 Macmillan
2042 1851 62 28 co.

541 1892 242 55 (26-2700)

464 1991 254 72 Martin,
750 1993 151 56 Mrs.
937 1989 201 58 Helen
1176 1989 550 75 (Riemensnyder)
1769 1991 190 58 1868-

537 2083 92 57 Ye
659 2082 138 57 that
825 2082 210 72 judge,
1065 2082 85 71 by
1179 2081 201 58 Helen
1408 2082 74 57 R.
1516 2080 258 58 Martin.
1857 2081 153 57 New
2040 2081 188 72 York,
2262 2081 199 71 Dodd,

464 2161 186 57 Mead
681 2161 122 56 and
836 2178 321 55 company,
1192 2160 166 56 1926.

532 2236 556 56 3 p. l., 312 p. 19½ cm .
463 2293 53 54 ©
549 2296 98 51 Jan.
680 2296 67 50 23,
785 2294 129 52 1926;
947 2294 66 43 2c.
1049 2295 87 42 and
1169 2294 78 43 aff.
1281 2294 99 52 Jan.
1414 2294 78 51 28;
1531 2294 43 42 A
1607 2292 188 54 879422;
1832 2294 148 51 Dodd,
2017 2294 137 43 Mead
2189 2294 37 43 &
2260 2308 78 35 co.,
2378 2293 82 43 inc.

541 2350 242 56 (26-2607)

463 2450 376 71 Mersereau,
874 2449 185 58 John.

541 2541 130 58 The
723 2539 387 73 whispering
1162 2559 258 53 canyon,
1473 2539 83 73 by
1610 2539 171 58 John
1833 2540 383 57 Mersereau.
2311 2538 150 58 New

463 2619 186 73 York,
684 2618 73 57 E.
792 2618 61 59 J.
892 2617 205 74 Clode,
1132 2617 117 59 inc.
1289 2647 14 45 [
1304 2624 19 23 c
1327 2618 164 74 1926]

531 2695 361 53 317 p. 19½ cm .
461 2750 53 54 ©
545 2753 99 51 Jan.
680 2751 61 51 16,
776 2752 104 43 1926;
935 2752 65 43 2c.
1032 2753 88 42 and
1149 2752 80 43 aff.
1259 2752 99 51 Jan.
1391 2751 76 51 30;
1503 2751 44 42 A
1579 2749 164 45 879427;
1802 2750 200 47 Edward
2033 2751 39 52 J.
2107 2749 151 52 Clode,
2292 2749 81 42 inc.

539 2807 241 56 (26-2807)

462 2909 285 70 Morgan,
789 2907 270 57 Thomas
1100 2907 193 72 Hunt,
1334 2908 190 58 1866-

540 2999 1851 73 Evolution and genetics, by Thomas Hunt Morgan …
463 3078 354 71 Princeton,
860 3076 338 59 Princeton
1236 3075 355 74 university
1631 3095 200 54 press,
1875 3077 166 55 1925.

531 3155 61 50 ix,
620 3156 80 44 211
728 3169 43 37 p.
830 3154 133 51 illus.,
991 3152 170 53 diagrs.
1218 3154 52 43 21½
1308 3157 48 19 cm
1361 3189 9 9 .

533 3213 179 44 “Based
754 3226 59 30 on
854 3210 192 46 lectures
1087 3210 228 45 delivered
1354 3219 48 38 at
1441 3209 245 48 Princeton
1726 3210 252 52 university
2018 3212 142 43 under
2203 3210 72 44 the
2318 3208 138 47 Louis

463 3269 142 46 Clark
633 3269 243 43 Vanuxem
905 3266 287 52 foundation,
1223 3264 237 55 February
1485 3267 66 52 24,
1582 3268 165 44 March
1779 3271 35 48 1,
1842 3269 39 47 8,
1914 3267 61 50 15,
2011 3266 146 46 1916.”

534 3321 1872 55 “Published October, 1916, as ‘A critique of the theory of evolution’ …
462 3385 167 42 second
654 3381 184 49 edition,
868 3380 276 51 September,
1173 3378 146 48 1925.”

462 3434 53 54 ©
555 3435 122 52 Sept.
714 3435 64 51 30,
820 3433 130 52 1925;
987 3435 65 42 2c.
1090 3435 87 42 and
1213 3434 80 44 aff.
1328 3434 98 52 Jan.
1464 3433 65 53 27,
1574 3434 130 52 1926;
1746 3434 43 42 A
1827 3431 188 54 883075;
2059 3432 242 45 Princeton
2339 3433 118 45 univ.

533 3507 140 37 press.
742 3490 241 55 (26-2894)

463 3590 258 74 Morley,
762 3589 411 73 Christopher
1206 3588 398 74 Darlington,
1644 3590 190 58 1890-

466 3677 1972 141 Thunder on the left … by Christopher Morley. Garden
616 3758 161 73 City,
808 3759 75 56 N.
914 3758 93 71 Y.,
1036 3757 386 74 Doubleday,
1454 3758 171 73 Page
1656 3757 47 56 &
1732 3774 324 55 company,
2087 3756 165 57 1925.

535 3835 543 54 5 p. l., 273 p. 19½ cm .
463 3890 53 54 ©
542 3894 118 42 Nov.
683 3892 67 51 25,
778 3891 130 53 1925;
934 3893 63 42 2c.
1023 3893 88 42 and
1134 3892 77 43 aff.
1236 3892 99 51 Jan.
1359 3891 40 52 2,
1429 3890 129 52 1926;
1587 3891 43 42 A
1653 3889 190 53 879096;
1873 3890 281 52 Doubleday,
2181 3890 123 51 Page
2329 3889 37 44 &
2391 3903 67 29 co.

543 3949 269 49 (25-27460)
