2542 4285
1399 3977 110 55 730

517 454 83 44 230
628 468 41 38 p.
730 451 146 54 diagr.
940 453 49 44 19½
1024 454 47 18 cm
1076 486 10 9 .

522 507 353 54 Bibliography:
909 522 42 39 p.
999 506 221 46 [215]-217.

452 565 53 53 ©
542 567 110 50 Apr.
693 564 35 52 5,
772 565 127 52 1926;
939 564 64 44 2c.
1044 566 85 42 and
1169 565 78 42 aff.
1288 565 112 50 May
1439 565 49 51 3;
1532 564 44 41 A
1613 562 188 52 890609;
1846 561 127 46 Bible
2015 562 199 44 institute
2253 560 49 46 of
2342 563 88 43 Los

522 623 208 52 Angeles,
771 622 87 43 Los
897 622 214 51 Angeles.
1181 620 268 55 (26-13072)

449 721 366 73 Bottomley,
854 720 170 74 Myrl
1057 721 70 57 E.

455 810 1978 138 The design of small properties; a book for the home-owner
692 888 1744 74 in city and country, by M. E. Bottomley … New
451 969 189 73 York,
671 970 128 56 The
832 963 359 62 Macmillan
1222 984 322 54 company,
1578 967 164 56 1926.

521 1042 1911 58 xiv p., 1 l., 233 p. front., illus. (incl. plans) 22½ cm . (Half-title: The
452 1104 122 44 rural
607 1103 171 45 science
810 1102 164 52 series)

454 1157 52 53 ©
532 1160 113 51 June
669 1159 66 51 29,
768 1157 127 52 1926;
925 1158 63 42 2c.
1019 1157 86 42 and
1134 1156 77 43 aff.
1240 1157 115 51 June
1383 1155 76 52 30;
1491 1156 44 41 A
1564 1153 187 54 891979;
1784 1153 264 44 Macmillan
2077 1169 65 29 co.

533 1215 267 54 (26-13182)

455 1313 291 74 [Buchan,
784 1313 202 75 Anna]

534 1406 127 55 The
690 1422 238 53 proper
951 1403 195 71 place,
1176 1403 84 72 by
1291 1402 67 58 O.
1390 1402 279 72 Douglas
1704 1403 248 72 [pseud.]
2026 1402 173 71 chap.
2235 1404 201 56 32-34.

457 1482 402 75 [Conclusion]

528 1560 78 51 (In
642 1560 167 50 Quiver
840 1558 257 52 magazine,
1130 1560 135 50 June,
1302 1557 127 51 1926)

454 1612 1983 55 © 1c. Aug. 4, 1926; A ad int. 8398; pubd. June 9; A. Buchan, Peebles,
529 1671 224 46 Scotland.

454 1770 437 73 Buomberger,
932 1769 377 72 Ferdinand,
1352 1771 188 57 1874-

599 1860 1771 74 … Katholische grundsätze der volkswirtschaft …
454 1939 275 76 Weggis,
771 1940 164 73 Rigi,
979 1941 165 56 1926.

524 2017 58 54 ix,
622 2019 79 44 126
734 2034 40 38 p.
832 2020 151 43 21½cm.

456 2070 1983 56 © Apr. 5, 1926; 1c. June 7; A —Foreign 31181; F. Buomberger, Weggis,
528 2131 308 46 Switzerland.
907 2129 269 55 (26-13778)

454 2228 287 72 Chicago.
821 2228 122 58 Art
979 2227 303 59 institute.

529 2319 264 60 Modern
816 2317 321 73 paintings
1161 2318 65 56 in
1250 2320 105 58 the
1379 2319 202 57 Helen
1605 2317 191 59 Birch
1820 2318 277 59 Bartlett
2120 2319 326 58 memorial

453 2397 166 57 from
663 2397 102 57 the
812 2396 497 59 Birch-Bartlett
1357 2396 337 58 collection.
1786 2395 306 74 [Chicago]
2145 2398 129 57 The
2320 2398 124 57 Art

451 2474 288 59 institute
774 2474 68 56 of
879 2472 267 73 Chicago
1187 2502 13 44 [
1203 2482 18 22 c
1225 2474 164 73 1926]

522 2549 684 54 2 p. l., 60 p. illus. 20 cm .
458 2606 52 53 ©
546 2609 114 50 June
694 2608 64 51 20,
801 2607 127 52 1926;
965 2608 64 42 2c.
1067 2609 116 51 June
1216 2607 79 52 28;
1337 2608 77 42 aff.
1452 2609 115 51 June
1602 2608 76 52 26;
1718 2609 44 41 A
1799 2607 189 54 897251;
2026 2609 90 44 Art
2154 2610 200 44 institute
2392 2611 50 44 of

529 2664 208 52 Chicago,
784 2663 211 54 Chicago.
1066 2664 268 54 (26-13020)

455 2764 438 72 Churchward,
938 2765 229 71 James,
1211 2767 189 57 1852-

535 2856 129 58 The
701 2857 124 59 lost
862 2854 316 61 continent
1216 2859 69 58 of
1321 2857 127 73 Mu,
1486 2858 105 60 the
1625 2858 396 60 motherland
2057 2859 69 58 of
2159 2876 164 56 man,
2362 2859 84 72 by

461 2932 1980 76 Col. James Churchward … New York, W. E. Rudge,
459 3013 164 56 1926.

528 3087 1498 55 5 p. l., 315, [1] p. front. (port.) illus. (incl. maps) 24 cm .
531 3144 104 44 “All
660 3151 187 38 matters
877 3145 51 45 of
957 3146 173 45 science
1157 3145 44 44 in
1227 3145 88 46 this
1343 3146 128 44 work
1497 3163 77 29 are
1599 3145 137 46 based
1765 3161 59 30 on
1851 3146 73 44 the
1951 3146 291 47 translations
2269 3148 51 46 of
461 3163 1963 83 certain

588 3201 176 45 ancient
800 3202 174 43 Naacal
1010 3201 161 46 tablets
1209 3201 147 45 which
1395 3203 20 42 I
1451 3201 265 46 discovered
1755 3203 44 43 in
1835 3201 133 45 India
2005 3218 134 36 many
2173 3218 133 37 years
2344 3220 101 36 ago.

459 3258 146 45 These
636 3258 162 44 tablets
832 3272 119 29 were
984 3256 182 45 written
1199 3257 141 46 either
1373 3257 46 44 in
1453 3259 174 43 Burma
1657 3274 53 30 or
1741 3258 57 64 in.
1819 3259 316 45 Mu.”—Pref.

529 3313 95 44 The
649 3311 87 46 lost
759 3312 230 45 continent
1012 3328 93 29 was
1133 3311 69 45 “in
1229 3312 74 46 the
1327 3310 168 48 middle
1518 3313 50 46 of
1591 3314 74 45 the
1690 3312 169 47 Pacific
1885 3313 155 46 Ocean
2063 3316 153 44 where
2238 3331 102 29 now
2368 3315 79 46 ‘we

462 3370 88 44 find
577 3368 107 52 only
709 3376 142 37 water
878 3371 87 42 and
993 3371 95 49 sky’
1116 3371 86 44 and
1228 3383 171 37 groups
1428 3369 52 47 of
1508 3371 130 44 small
1664 3370 170 47 islands
1862 3372 147 44 which
2035 3387 78 30 are
2141 3375 137 50 today
2305 3374 140 44 called

459 3426 74 44 the
561 3424 147 47 South
737 3424 86 46 Sea
850 3424 218 48 Islands”.

456 3477 54 53 ©
550 3479 111 51 May
696 3479 64 50 22,
804 3479 128 51 1926;
970 3480 65 42 2c.
1073 3480 114 51 June
1226 3477 74 53 17;
1340 3479 78 42 aff.
1456 3480 115 51 June
1612 3479 72 52 16;
1727 3480 44 43 A
1809 3479 190 55 891852;
2039 3483 39 51 J.
2120 3480 322 54 Churchward,

529 3534 828 55 Mt. Vernon, N. Y. (26-13245)
458 3632 184 70 Clair,
679 3634 185 59 René.

601 3723 1252 78 … Adams … Paris, B. Grasset, 1926.
527 3801 750 56 4 p. l., [3]-252 p., 1 l. 19 cm .
457 3854 1819 59 © May 10, 1926; 1c. June 21; A—Foreign 31245; Bernard Grasset.
535 3912 267 55 (26-13872)
