2542 4285
1020 4039 110 56 809

103 339 350 70 Acremant,
488 338 341 60 Germaine.

243 427 1722 74 … La Sarrasine. Paris, Plon-Nourrit et c ie [ c 1926]
168 517 641 53 3 p. l., 244 p., 1 1. 19 cn \
103 586 1865 54 © Apr. 26, 1926; 1c. June 25; A—Foreign 31397; Plon-Nourrit & co.
180 643 267 55 (26-14327)

103 741 331 57 American
478 744 241 56 federal
762 747 108 52 tax
913 746 265 68 reports,
1260 763 54 36 v.
1365 746 51 69 5,
1460 764 95 36 no.
1604 746 49 70 6,
1701 745 165 71 May,
1914 747 163 54 1926.

178 819 149 56 New
360 820 187 69 York,
583 820 482 73 Prentice-Hall,
1101 821 135 73 inc.,
1273 822 164 55 1926.

168 910 195 42 Various
397 909 199 52 pagings.
656 910 53 42 24½
744 913 46 16 cm
796 945 7 7 .

169 977 277 45 Cover-title.

101 1045 52 53 ©
187 1048 111 50 May
336 1049 61 50 18,
434 1049 126 51 1926;
596 1050 61 41 2c.
695 1050 117 51 Aug.
848 1050 49 50 9;
933 1051 78 43 aff.
1047 1050 118 52 Aug.
1202 1049 48 53 5;
1286 1051 43 41 A
1366 1050 187 52 897739;
1592 1052 132 43 West
1757 1052 99 50 pub.
1891 1066 79 35 co.,
2012 1050 63 46 St.

171 1103 125 45 Paul.

95 1200 319 74 Andrews,
446 1205 299 57 Matthew
775 1205 51 56 T
1139 1208 189 56 1865-

94 1293 1961 148 Growing a soul, by Matthew T. Andrews, D. D. Philadelphia,
397 1371 236 57 Boston
670 1375 146 70 [etc.]
855 1372 127 57 The
1018 1373 246 58 Judson
1298 1392 181 52 press
1517 1403 13 43 [
1533 1382 18 22 c
1555 1375 162 75 1926]

164 1462 497 53 6 p. l., 143 p. 20 cm .
166 1533 211 45 Sermons
402 1535 86 43 and
511 1535 242 44 addresses.

96 1602 51 54 ©
174 1606 104 51 July
311 1606 56 49 12,
399 1605 126 52 1926;
553 1606 62 42 2c.
642 1607 86 42 and
754 1606 77 43 aff.
858 1606 105 52 July
990 1607 77 49 23;
1096 1606 42 43 A
1166 1605 189 53 897548;
1386 1607 170 52 Judson
1585 1622 137 38 press.

176 1661 266 53 (26-14015)

91 1758 241 75 Angell,
376 1762 210 57 James
629 1761 424 59 Waterhouse.

169 1852 127 57 The
340 1852 218 71 theory
598 1854 68 55 of
705 1852 450 58 international
1195 1852 235 72 prices;
1475 1853 262 73 history,
1779 1854 296 59 criticism

92 1929 1984 74 and restatement, by James W. Angell … Awarded the
91 2006 206 58 David
326 2008 73 60 A.
431 2009 192 56 Wells
653 2008 170 72 prize
854 2009 101 56 for
986 2009 104 56 the
1119 2027 152 52 year
1302 2010 262 55 1924-25
1598 2011 122 56 and
1748 2010 328 71 published

93 2085 163 57 from
282 2086 101 57 the
408 2086 235 58 income
669 2087 67 56 of
761 2086 103 57 the
888 2086 207 61 David
1119 2086 74 56 A.
1222 2086 193 58 Wells
1441 2087 175 57 fund.
1685 2086 391 75 Cambridge,

91 2162 296 60 Harvard
418 2163 349 72 university
796 2183 199 53 press,
1029 2164 162 56 1926.

160 2253 1657 111 xiv, 571 p. diagrs. 22½ cm . (Half-title: Harvard economic studies … vol. XXVIII)
162 2369 348 53 Bibliography:
545 2386 37 36 p.
618 2367 236 49 [535]-556.

92 2423 52 54 ©
168 2427 115 51 June
307 2427 66 51 24,
400 2427 127 51 1926;
553 2427 63 43 2c.
643 2428 115 51 June
780 2427 78 51 29;
885 2427 77 43 aff.
991 2428 113 51 June
1126 2426 78 51 28;
1234 2427 43 42 A
1303 2427 187 51 901120;
1522 2427 237 44 President
1782 2428 86 43 and
1895 2427 176 45 fellows

160 2484 49 43 of
239 2485 215 42 Harvard
481 2484 184 52 college,
695 2483 284 53 Cambridge,
1009 2485 140 42 Mass.
1219 2482 269 55 (26-13658)

85 2582 398 58 Association
514 2583 102 57 for
645 2583 290 57 research
964 2583 68 57 in
1059 2598 266 42 nervous
1359 2582 125 58 and
1513 2584 231 56 mental
1779 2583 290 59 diseases.

168 2673 129 58 The
323 2674 229 56 human
581 2670 465 74 cerebrospinal
1072 2672 180 72 fluid;
1285 2692 81 38 an
1392 2674 448 72 investigation
1871 2676 67 57 of
1967 2674 103 59 the

88 2755 163 55 most
279 2755 208 54 recent
517 2752 323 71 advances,
873 2771 69 39 as
972 2752 295 71 reported
1296 2751 82 73 by
1405 2752 104 58 the
1536 2751 401 60 Association
1965 2752 105 60 for

90 2830 288 57 research
404 2830 67 57 in
495 2848 270 40 nervous
794 2829 47 57 &
866 2829 236 58 mental
1127 2830 276 70 disease;
1432 2830 103 57 the
1562 2829 409 74 proceedings
2002 2831 68 59 of

88 2908 102 56 the
224 2907 406 70 association;
664 2907 151 57 New
846 2907 191 73 York,
1070 2907 338 58 December
1441 2908 143 56 29th
1615 2907 48 57 &
1695 2908 162 73 30th,
1890 2910 178 70 1924;

90 2972 1977 87 editorial board: Charles L. Dana, M. D., Thomas K. Davis,
351 3061 1716 75 M. D. … [and others] with 77 illustrations and 58 tables.
88 3141 150 58 New
264 3141 189 73 York,
484 3141 68 58 P.
585 3141 69 58 B.
687 3140 249 60 Hoeber
964 3142 135 73 inc.,
1133 3142 165 56 1926.

89 3218 1961 110 xxvi, 568 p.. illus., diagrs., tables (1 fold.) 23½ cm . (Its Series of research publications, vol. IV <1924>)
158 3332 216 45 Contains
414 3331 365 54 bibliographies.

86 3385 53 54 ©
166 3388 106 52 July
304 3388 60 49 14,
396 3386 129 51 1926;
552 3387 64 43 2c.
644 3387 106 52 July
777 3387 77 51 21;
886 3387 77 42 aff.
993 3386 105 53 July
1126 3387 77 50 22;
1237 3386 43 42 A
1309 3386 188 51 901218;
1531 3385 112 44 Paul
1677 3387 48 42 B.
1759 3388 198 49 Hoeber,
1987 3388 83 42 inc.

164 3443 269 55 (26-13898)

81 3542 253 73 Aymar,
371 3541 261 57 Francis
664 3541 371 60 Whitcomb.

162 3634 322 58 Problems
537 3634 64 56 in
653 3633 269 72 positive
978 3632 452 60 international
1481 3635 135 73 law,
1669 3636 83 71 by
1804 3635 264 60 Francis

82 3710 1989 77 Whitcomb Aymar … New York, Nation press printing
83 3810 104 54 co.,
223 3791 134 71 inc.,
395 3791 164 56 1926.

146 3868 95 52 xiii,
276 3868 79 45 323
390 3884 40 36 p.
518 3866 25 45 17
549 3870 46 18 cm
603 3904 7 8 .

84 3922 52 53 ©
164 3924 105 52 July
299 3923 37 51 7,
367 3923 105 43 1926;
525 3923 62 42 2c.
618 3923 87 42 and
732 3923 78 42 aff.
841 3921 106 54 July
973 3921 78 51 20;
1085 3922 41 43 A
1155 3922 189 52 901182;
1378 3922 50 44 F.
1457 3923 75 44 W.
1563 3925 188 52 Aymar.
1784 3925 117 44 New
1929 3924 145 48 York,

161 3978 244 46 (26-13856)
