2542 4285
1266 3968 110 55 218

417 428 81 44 319
529 442 40 38 p.
632 429 145 44 19½cm.

420 498 257 44 Illustrated
708 497 338 54 lining-papers.

347 566 52 53 ©
431 568 115 43 Mar.
576 568 37 51 6,
646 568 106 43 1926;
805 569 66 42 2c.
901 569 86 42 and
1017 569 78 43 aff.
1127 570 118 42 Mar.
1281 571 73 51 13;
1385 570 44 42 A
1459 570 187 54 883635;
1678 569 198 49 Edward
1906 574 41 51 J.
1980 572 152 54 Clode,
2165 574 81 43 inc.

424 622 239 55 (26-6260)

344 722 468 72 Meadowcroft,
848 721 282 60 William
1165 723 232 73 Henry,
1436 727 188 56 1853-

420 811 239 58 Edison
688 812 123 57 and
836 812 97 57 his
965 816 252 68 storage
1244 813 269 71 battery,
1541 815 83 70 by
1649 814 97 59 W.
1773 815 79 61 H.
1883 816 451 58 Meadowcroft

343 889 1967 149 … [West Orange, N. J.] Edison storage battery company, c 1926.
416 1056 48 45 15
496 1072 40 38 p.
594 1058 123 43 21cm.

340 1126 53 53 ©
423 1128 116 42 Mar.
572 1128 33 51 1,
639 1127 129 53 1926;
798 1127 64 43 2c.
892 1128 86 42 and
1007 1128 77 42 aff.
1118 1128 120 43 Mar.
1267 1127 49 53 6;
1350 1128 42 42 A
1422 1126 189 55 883516;
1644 1127 171 48 Edison
1844 1136 182 46 storage
2053 1131 177 52 battery
2261 1146 65 30 co.

419 1183 240 55 (26-6160)

339 1282 230 71 Meyer,
606 1280 297 61 William.

419 1372 128 56 The
582 1371 386 71 cosmetiste;
1005 1392 36 37 a
1074 1371 329 58 handbook
1437 1391 78 38 on
1551 1374 421 73 cosmetology
2003 1375 153 56 with
342 1394 1959 112 special

485 1449 319 57 reference
833 1453 62 53 to
922 1449 102 58 the
1055 1450 419 71 employment
1500 1450 67 57 of
1595 1451 343 73 electricity
1960 1451 62 57 in
2054 1453 103 57 the
2184 1471 142 39 care

343 1527 68 56 of
444 1527 103 57 the
579 1526 160 73 hair,
776 1527 171 71 scalp
981 1527 124 57 and
1137 1527 156 57 face.
1367 1527 88 57 At
1489 1528 103 57 the
1630 1527 304 60 direction
1970 1531 124 56 and
2128 1531 198 57 under

339 1604 103 58 the
478 1604 395 72 supervision
905 1605 68 58 of
1001 1604 160 58 Wm.
1195 1604 236 73 Meyer,
1463 1605 84 72 by
1577 1605 116 58 Ida
1725 1605 339 59 Hitchcock
2095 1607 229 71 Blood;

341 1682 71 55 82
439 1680 440 59 illustrations.
949 1679 288 76 Chicago,
1264 1681 116 73 Ill.,
1412 1682 129 57 The
1566 1682 167 64 Wm.,
1755 1682 219 73 Meyer
2001 1701 86 40 co.
2121 1713 14 43 [
2135 1692 20 22 c
2159 1685 163 71 1926]

406 1758 892 54 3 p. l., 10-269, [4] p. illus. 20½cm.
407 1816 146 44 Blank
576 1830 137 38 pages
739 1815 72 45 for
838 1815 199 45 “Notes”
1061 1816 318 52 interspersed.

336 1870 52 53 ©
413 1872 98 52 Jan.
543 1871 59 50 10,
632 1870 128 52 1926;
788 1871 65 43 2c.
880 1872 87 42 and
992 1871 78 43 aff.
1097 1870 106 45 Feb.
1228 1870 79 53 25;
1338 1872 44 42 A
1409 1870 188 53 883452;
1626 1872 121 44 Wm.
1777 1873 160 52 Meyer
1965 1888 64 28 co,

415 1925 239 56 (26-6053)

336 2025 247 72 Mudge,
625 2024 207 73 Evlyn
869 2024 213 73 Leigh,
1123 2028 188 57 1879-

413 2115 130 57 The
598 2114 386 73 psychology
1040 2115 70 57 of
1166 2115 162 57 later
1387 2115 415 71 adolescence,
1859 2116 83 72 by
1999 2116 75 57 E.
2133 2116 197 73 Leigh

336 2193 228 72 Mudge;
627 2211 35 37 a
690 2193 293 56 textbook
1008 2192 66 57 in
1103 2192 252 57 teacher
1383 2192 299 73 training,
1710 2192 395 74 conforming
2133 2198 63 54 to
2226 2196 103 56 the

338 2270 304 57 standard
696 2269 280 58 outlined
1027 2269 123 57 and
1203 2269 324 71 approved
1577 2270 81 70 by
1709 2270 104 57 the
1868 2270 458 57 International

335 2348 235 58 council
616 2349 69 56 of
732 2346 296 74 religious
1079 2347 344 58 education.
1528 2348 197 58 Third
1769 2368 155 52 year
336 2349 1970 135 specialization

495 2426 211 58 series.
789 2426 153 57 New
969 2426 191 70 York,
1189 2426 266 56 Printed
1480 2426 105 57 for
1611 2427 103 59 the
1745 2427 277 57 Teacher
2049 2425 280 74 training

333 2504 361 72 publishing
724 2502 380 59 association
1133 2505 84 70 by
1244 2504 104 56 the
1381 2501 242 60 Caxton
1649 2522 182 53 press
1867 2532 13 44 [
1881 2511 19 22 c
1905 2505 164 71 1926]

406 2582 75 43 140
513 2597 39 38 p.
612 2580 144 55 diagr.
819 2579 50 46 17
875 2582 46 18 cm
929 2616 8 8 .

403 2639 298 44 “References
734 2638 74 44 for
841 2637 177 44 further
1052 2637 211 53 reading”
1294 2645 46 37 at
1371 2638 85 43 end
1487 2637 51 44 of
1569 2638 107 43 each
1710 2637 198 53 chapter.

331 2695 52 53 ©
415 2695 106 44 Feb.
553 2697 35 50 1,
621 2695 129 52 1926;
781 2695 64 43 2c.
877 2695 87 43 and
994 2695 79 43 aff.
1106 2695 120 42 Mar.
1260 2694 73 52 10;
1368 2695 43 41 A
1443 2693 190 54 879785;
1667 2693 52 48 E.
1753 2695 48 43 L.
1835 2695 184 52 Mudge,
2056 2693 264 45 Cincinnati.

408 2751 241 55 (26-6164)

329 2848 321 73 Murdoch,
690 2848 301 58 Benedict
1028 2849 253 72 Joseph,
1325 2850 189 57 1886-

409 2935 1913 73 Souvenir, by Rev. B. J. Murdoch … Lancaster, Pa.,
328 3015 430 59 Wickersham
790 3033 200 54 press,
1026 3015 165 55 1926.

403 3093 76 44 198
511 3107 39 38 p.
609 3091 55 44 20
669 3093 47 18 cm
722 3127 10 9 .

400 3150 42 42 A
480 3156 137 45 story.

329 3204 52 53 ©
413 3207 118 42 Mar.
559 3206 40 50 2,
632 3205 105 43 1926;
791 3205 66 42 2c.
888 3205 87 42 and
1004 3204 79 44 aff.
1114 3204 119 43 Mar.
1264 3204 24 43 9;
1349 3204 43 41 A
1424 3201 164 45 883549;
1646 3204 162 51 Henry
1842 3202 215 53 Costello,
397 3202 1901 112 Philadelphia.
581 3256 241 59 (26-6264)

328 3359 341 72 Neumann,
710 3358 250 72 Robert,
1001 3360 188 57 1872-

407 3446 129 58 The
563 3465 171 38 cross
763 3445 67 58 of
857 3444 309 74 Golgotha;
1223 3444 239 58 Lenten
1492 3445 123 57 and
1640 3444 389 72 passiontide
330 3444 1961 137 meditations

539 3525 123 56 and
705 3542 311 53 sermons;
1060 3524 136 56 free
1241 3522 267 73 English
1551 3522 336 72 rendering
1931 3522 68 57 of
2042 3521 272 59 German

327 3599 1985 75 models, by R. Neumann … Burlington, Ia., The Lutheran
327 3680 265 71 literary
615 3679 198 57 board
843 3708 13 44 [
856 3686 21 23 c
880 3680 164 71 1926]

394 3758 52 45 97
472 3773 40 37 p.
571 3759 52 42 22½c
676 3762 29 17 m
712 3792 7 9 .

326 3812 52 53 ©
409 3812 105 45 Feb.
543 3813 64 49 22,
642 3812 129 52 1926;
802 3812 65 43 2c.
896 3813 86 42 and
1012 3812 78 43 aff.
1124 3812 118 41 Mar.
1279 3812 45 50 1;
1356 3810 44 42 A
1431 3808 189 54 879710;
1656 3811 52 42 R.
1743 3811 252 50 Neumann,
2029 3808 284 53 Burlington,

420 3885 39 33 Ia.
528 3867 240 56 (26-6050)
