2542 4285
1430 3978 109 58 306

478 361 259 72 Benner,
779 362 233 58 Claude
1050 362 184 73 Leon,
1277 365 187 57 1892-

557 452 130 57 The
723 452 246 58 federal
1002 453 438 58 intermediate
1479 454 197 58 credit
1714 459 252 69 system,
2003 457 83 71 by
2125 455 233 60 Claude
2394 457 67 57 L.

481 528 264 74 Benner,
774 530 151 57 with
953 531 104 57 the
1086 532 105 56 aid
1219 532 67 57 of
1312 532 105 56 the
1447 533 236 57 council
1714 535 122 56 and
1866 533 153 59 staff
2049 535 68 57 of
2144 535 106 57 the
480 535 1961 130 Institute

650 608 68 57 of
754 607 359 58 economics.
1191 609 153 57 New
1375 608 190 73 York,
1604 610 127 58 The
1767 611 361 58 Macmillan
2164 631 303 54 company

482 686 166 56 1926.

545 763 95 44 xviii
707 760 79 47 375
823 778 39 37 p.
929 763 115 44 illus.
1071 764 152 54 (map)
1269 765 143 52 diagr.
1481 766 49 43 19½
1565 768 46 18 cm
1617 802 9 8 .
1700 765 288 54 (Half-title:
2029 763 101 48 The
2168 767 211 45 Institute
2413 766 52 46 of

476 820 264 44 economics.
803 820 349 52 Investigations
1187 822 44 43 in
1265 822 294 51 agricultural
1595 823 275 53 economics)

479 873 52 53 ©
565 876 119 42 Mar.
714 875 66 52 23,
816 876 130 52 1926;
978 875 67 44 2c.
1079 878 86 42 and
1198 877 78 43 aff.
1310 878 119 42 Mar.
1461 878 77 51 24;
1573 879 44 41 A
1649 879 188 52 890008;
1876 878 213 45 Institute
2120 880 49 43 of
2202 879 267 51 economics,

548 931 317 53 Washington.
935 931 241 54 (26-7824)

478 1029 248 69 Bianco,
767 1030 330 73 Giuseppe.

555 1121 395 72 Middlemen,
990 1122 83 71 by
1111 1121 314 72 Giuseppe
1464 1122 250 58 Bianco.
1791 1124 277 71 London,
2109 1124 149 56 New
2297 1124 172 57 York

480 1202 145 70 [etc.]
666 1198 240 58 Cassell
941 1199 123 57 and
1096 1218 321 54 company,
1452 1200 110 57 ltd.
1600 1202 180 71 [1925]

547 1273 708 55 5 p. l., 3-311, [1] p. 19 ½ cm .
481 1329 1988 57 © 1c. Jan. 23, 1926; A ad int. 7734; pubd. Nov. 26, 1925; G. Bianco·, Bexhill,
549 1385 221 55 England.
840 1386 241 55 (26-7652)

482 1484 537 74 Bibliographical
1054 1486 236 73 society
1325 1487 66 56 of
1425 1486 308 58 America.

559 1577 127 57 The
717 1595 235 53 papers
986 1578 67 56 of
1085 1579 103 56 the
1223 1578 537 72 Bibliographical
1794 1578 236 71 society
2063 1578 68 57 of
2161 1578 308 57 America.

526 1700 9 10 v.
570 1657 87 68 17,
690 1658 86 66 pt.
814 1657 51 69 1,
898 1657 50 69 2,
983 1657 164 53 1923.
1223 1655 241 71 George
1498 1657 68 54 P.
1603 1656 310 71 Winship,
1950 1653 147 59 Carl
2130 1656 72 54 B.
2236 1657 235 71 Roden,

481 1730 1991 75 Andrew Keogh, publication committee … Chicago, Ill.,
483 1809 127 56 The
659 1808 375 71 University
1081 1809 67 57 of
1200 1808 269 73 Chicago
1518 1828 214 53 press;
1783 1809 278 69 London,
2115 1810 128 56 The
483 1809 1966 149 Cambridge

730 1885 355 72 university
1114 1905 181 52 press;
1368 1890 145 69 [etc.,
1553 1890 129 69 etc.,
1721 1888 354 70 1924-1925]

545 1963 28 42 2
632 1997 8 8 v.
697 1961 157 53 plates.
912 1963 54 42 24½cm.

551 2019 111 42 Part
690 2018 51 43 of
766 2018 74 43 the
869 2018 140 52 plates
1040 2034 76 27 are
1145 2018 176 52 printed
1349 2034 58 28 on
1433 2018 109 44 both
1572 2018 128 44 sides,

481 2082 59 44 pt.
580 2077 32 46 1,
650 2073 52 53 ©
739 2075 109 42 Dec.
891 2073 60 52 15,
993 2075 129 50 1924;
1161 2083 59 44 pt.
1256 2075 40 51 2,
1334 2073 52 53 ©
1423 2076 99 51 Jan.
1562 2075 66 52 30,
1669 2074 129 53 1925;
1838 2075 64 43 2c.
1942 2075 108 44 each
2088 2074 107 45 Feb.
2232 2074 67 52 23,
2341 2074 128 52 1926;

550 2132 103 42 affs.
685 2130 105 44 Feb.
821 2129 52 45 25;
930 2132 43 42 A
1006 2132 176 49 883444,
1214 2130 162 46 883445;
1438 2131 266 52 University
1734 2131 52 44 of
1817 2130 213 54 Chicago,
2064 2130 213 53 Chicago.

479 2242 177 72 Bina,
689 2243 283 59 William
1004 2244 68 57 E.

558 2332 103 57 An
696 2333 304 72 abridged
1031 2336 254 55 manual
1320 2334 103 56 for
1459 2336 163 54 state
1653 2332 132 58 hail
1819 2332 339 72 adjusters,
2193 2333 84 72 by
2309 2331 161 59 Wm.

482 2409 1920 74 E. Bina … In collaboration with Martin S. Hagen …
481 2488 344 72 Bismarck,
854 2488 74 58 N.
956 2488 94 74 D.,
1081 2490 164 56 1925.

551 2569 54 44 60
627 2583 41 38 p.
732 2567 47 46 15
788 2572 46 17 cm
842 2605 8 7 .

476 2622 1998 53 © May 1, 1925; 1c. Mar. 1, 1926; 1c. and aff. Mar. 22; A 889034; Martin
552 2679 42 46 S.
638 2681 178 51 Hagen,
860 2680 251 51 Bismarck,
1151 2680 59 42 N.
1253 2680 56 41 D.
1378 2678 243 55 (26-7829)

480 2776 373 74 Blanchard,
894 2777 256 58 Charles
1189 2777 204 72 Elton,
1432 2780 190 56 1868-

554 2865 1921 74 Betterman II on the business of medicine, by Charles
479 2945 1995 73 Elton Blanchard … Youngstown, O., Medical success
478 3043 199 54 press,
710 3025 164 57 1926.

548 3103 80 43 249
660 3117 39 37 p.
760 3101 138 45 front.
957 3103 52 42 23½cm.

481 3157 52 53 ©
560 3160 119 43 Mar.
704 3159 67 52 26,
802 3159 104 43 1926;
958 3159 64 43 2c.
1050 3160 87 43 and
1163 3159 79 42 aff.
1270 3159 117 42 Mar.
1413 3158 53 43 29;
1520 3158 43 42 A
1590 3157 162 44 890089;
1809 3156 48 45 C.
1885 3156 52 47 E.
1965 3156 267 51 Blanchard,
549 3156 1900 111 Youngstown,
722 3216 55 43 O.
846 3213 243 56 (26-7855)

480 3312 221 58 Blasco
735 3312 243 73 Ibáñez,
1013 3312 275 72 Vicente,
1326 3314 189 58 1867-

561 3405 169 59 Siete
762 3408 252 56 cuentos
1045 3408 75 57 de
1149 3404 259 59 Vicente
1435 3404 223 59 Blasco
1691 3404 244 70 Ibáñez,
1971 3403 205 60 edited
2206 3401 152 58 with
483 3401 1967 153 introduction,

893 3487 178 54 notes
1113 3485 124 57 and
1273 3482 382 72 vocabulary
1692 3484 83 70 by
1817 3481 252 72 Sturgis
2111 3480 71 59 E.
2224 3477 249 62 Leavitt

548 3559 1464 74 … New York, H. Holt and company [ c 1926]
549 3635 793 56 xxi, 195 p. front. (port.) 1 7½cm.
553 3694 417 54 “Bibliographical
997 3695 158 46 note”:
1183 3709 42 38 p.
1251 3697 97 44 xxi.

823 3747 1652 57 CONTENTS.— El préstamo de la difunta.—El par á sito del tren.—Golpe
483 3804 1844 57 doble.—En el mar.—EI ogro.— La paella del roder.—El último le ó n.
481 3864 52 53 ©
566 3866 119 41 Mar.
716 3865 66 50 29,
816 3865 104 42 1926;
976 3865 65 42 2c.
1073 3864 86 43 and
1189 3864 79 43 aff.
1299 3864 112 51 Apr.
1446 3865 17 40 1;
1526 3863 43 42 A
1603 3862 164 44 883836;
1826 3863 161 52 Henry
2019 3861 117 44 Holt
2169 3861 37 43 &
2238 3875 65 28 co.

559 3920 242 55 (26-7861)
