2542 4285
1033 4029 148 57 1195

185 498 62 53 ix,
274 499 81 44 400
383 513 41 39 p.
486 500 48 44 19½cm.

113 554 54 54 ©
195 557 118 51 Aug.
345 554 35 51 5,
413 555 128 51 1926;
572 555 63 43 2c.
664 555 119 51 Aug.
811 554 78 51 20;
922 554 78 42 aff.
1032 553 101 44 Oct.
1166 551 75 53 16;
1274 553 43 41 A
1347 549 190 54 949555;
1571 551 234 45 Warwick
1831 551 89 43 and
1951 551 143 52 York,

183 613 81 43 inc.
333 612 267 53 (26-18368)

117 709 1124 72 Bunin, Ivan Aleks i͡e evich, 1870-.
188 801 261 74 Mitya’s
508 802 152 70 love,
719 805 83 70 by
857 804 158 57 Ivan
1072 799 225 72 Bunin,
1358 800 350 60 translated
1765 800 167 56 from
1992 801 104 58 the

113 881 246 59 French
409 883 84 71 by
543 880 351 60 Madelaine
948 881 199 71 Boyd,
1200 877 151 59 with
1402 899 80 38 an
1533 877 423 59 introduction
2007 879 80 72 by

110 958 232 61 Ernest
374 959 194 72 Boyd.
650 959 153 58 New
833 956 187 74 York,
1057 958 78 59 H.
1172 956 153 60 Holt
1359 959 123 57 and
1515 974 304 55 company
1855 985 13 44 [
1869 964 19 21 c
1891 957 147 55 1926]

184 1052 82 42 212
295 1065 41 37 p.
399 1051 49 43 19½cm.

109 1116 57 54 ©
202 1118 100 44 Oct.
340 1116 64 53 16,
443 1117 127 52 1926;
606 1117 64 43 2c.
707 1117 87 43 and
828 1116 78 43 aff.
946 1116 101 44 Oct.
1081 1114 79 53 20;
1197 1115 44 42 A
1275 1114 190 53 949683;
1502 1115 162 52 Henry
1699 1115 119 44 Holt
1850 1115 88 43 and
1974 1129 65 29 co.

189 1173 268 55 (26-18389)

114 1274 280 71 Burdett,
435 1272 237 70 Osbert,
715 1275 188 57 1885-

176 1363 278 59 William
497 1363 212 71 Blake,
755 1364 82 71 by
885 1362 227 59 Osbert
1157 1362 289 58 Burdett.
1532 1361 151 59 New
1728 1361 191 71 York,
1968 1362 128 58 The

107 1441 358 58 Macmillan
491 1459 322 54 company,
842 1440 167 58 1926.

178 1528 93 54 viii,
314 1530 77 44 199
429 1544 41 38 p.
533 1529 50 44 18
589 1531 46 18 cm
641 1563 9 9 .
719 1529 294 54 (Half-title:
1061 1527 196 54 English
1298 1542 105 29 men
1445 1527 53 44 of
1539 1527 171 51 letters,
1751 1525 70 46 ed.
1863 1527 61 54 by
1963 1527 40 53 J.
2048 1526 50 47 C.

111 1584 190 55 Squire)

180 1653 354 54 Bibliography:
562 1670 41 37 p.
631 1653 118 45 v-vi.

108 1708 55 55 ©
191 1711 101 44 Oct.
323 1708 60 53 19,
415 1710 129 54 1926;
569 1711 65 43 2c.
660 1712 87 43 and
771 1711 79 44 aff.
878 1711 101 44 Oct.
1005 1710 77 53 20;
1111 1710 44 43 A
1182 1708 189 55 950551;
1403 1709 264 45 Macmillan
1693 1724 66 30 co.

187 1767 270 55 (26-18493)

114 1866 1962 152 California current digest [1926] … ed. by James H. Deering,
186 1945 1889 138 with a table of cases digested, together with citations …
473 2023 306 72 compiled
800 2025 83 71 by
906 2024 241 73 George
1173 2025 59 57 J.
1262 2024 256 57 Martin.
1588 2023 127 58 San
1739 2024 357 73 Francisco,

185 2100 632 73 Bancroft-Whitney
851 2120 322 56 company,
1210 2103 165 56 1926.

177 2178 198 44 Various
411 2178 203 53 pagings.
672 2176 52 46 25½
761 2182 15 18 cm
814 2213 9 9 .

108 2233 54 53 ©
194 2235 119 45 Nov.
346 2236 39 52 3,
420 2236 129 52 1926;
581 2236 64 44 2c.
678 2237 87 43 and
795 2237 79 43 aff.
909 2236 118 44 Nov.
1064 2238 75 51 13;
1174 2236 44 43 A
1251 2235 190 54 957070;
1480 2236 461 52 Bancroft-Whitney
1974 2251 66 29 co.

113 2350 318 70 Callahan,
473 2351 212 58 James
723 2353 269 73 Morton,
1032 2355 190 56 1864-

182 2442 268 76 History
480 2447 67 57 of
574 2446 104 58 the
705 2445 254 75 making
987 2447 68 58 of
1084 2447 454 72 Morgantown,
1567 2445 178 60 West
1773 2443 291 76 Virginia;

107 2540 36 39 a
168 2526 147 69 type
342 2524 188 72 study
549 2522 64 58 in
638 2527 203 56 trans-
845 2522 438 75 Appalachian
1306 2525 160 58 local
1486 2525 262 74 history,
1774 2527 84 71 by
1881 2526 217 58 James

107 2598 1761 78 Morton Callahan … Morgantown, W. Va., 1926.
176 2693 95 52 330,
319 2693 52 49 [5]
421 2708 40 49 p.
523 2691 97 46 fold.
682 2695 152 50 front.,
883 2692 115 45 illus.
1025 2693 97 53 (incl.
1201 2696 152 51 maps)
1409 2695 130 52 plans
1568 2695 127 53 (part
1744 2697 137 51 fold.)
1945 2697 54 44 23½cm.

116 2750 157 49 (West
300 2747 210 54 Virginia
539 2749 250 52 university
816 2750 169 47 studies
1014 2752 46 44 in
1086 2751 203 52 history)

178 2804 353 53 Bibliography:
560 2821 41 36 p.
634 2807 108 47 [331]

108 2858 52 53 ©
190 2860 101 44 Oct.
323 2858 62 52 15,
418 2858 128 53 1926;
577 2860 64 42 2c.
673 2860 87 43 and
787 2859 78 44 aff.
898 2860 101 44 Oct.
1034 2859 76 53 16;
1141 2861 44 42 A
1215 2859 191 55 949571;
1438 2861 40 53 J.
1513 2862 65 43 M.
1612 2861 232 55 Callahan,
178 2864 1897 104 Morgantown,

350 2917 74 44 W.
463 2917 84 44 Va.
617 2916 269 55 (26-18384)

114 3015 334 74 Campbell,
482 3018 151 56 Mrs.
668 3015 186 59 Viola
897 3016 453 74 (Hutchinson)
1394 3020 189 57 1847-

185 3106 334 61 Memories
559 3107 67 57 of
662 3132 35 37 a
734 3110 160 70 busy
927 3107 132 72 life,
1096 3111 83 70 by
1212 3108 189 58 Viola
1439 3109 396 59 Hutchinson
109 3109 1965 133 Campbell.

320 3185 96 56 1st
452 3186 92 59 ed.
618 3184 354 73 Plymouth,
1008 3186 212 70 Mass.,
1258 3187 129 57 The
1422 3186 243 73 Rogers
1700 3186 193 74 print,
1932 3188 166 58 1926.

178 3259 78 45 122
280 3275 41 38 p.
383 3258 158 54 front.,
565 3260 158 54 plates,
750 3267 157 47 ports.,
938 3261 180 46 facsim.
1177 3263 55 44 20
1238 3265 47 18 cm
1290 3297 10 9 .

110 3315 54 54 ©
191 3317 99 44 Oct.
318 3318 36 50 9,
387 3317 128 53 1926;
543 3318 63 43 2c.
633 3319 87 43 and
748 3319 78 44 aff.
857 3319 100 44 Oct.
986 3320 78 52 21;
1094 3320 44 43 A
1165 3319 190 53 949639;
1384 3321 57 44 V.
1472 3321 61 43 H.
1566 3319 244 54 Campbell,
1840 3321 258 55 Plymouth,

179 3375 141 43 Mass.
389 3373 269 56 (26-19077)

115 3475 271 69 Cannon,
430 3473 288 60 Cornelia
755 3477 231 58 James.

179 3564 129 58 The
340 3565 224 73 pueblo
598 3568 152 70 boy;
786 3589 36 39 a
857 3571 180 68 story
1071 3570 68 58 of
1176 3566 393 60 Coronado’s
1606 3570 220 59 search
1859 3569 104 59 for
1997 3571 105 58 the

112 3641 1920 76 seven cities of Cibola, by Cornelia James Cannon …
108 3716 241 60 Boston
382 3722 124 57 and
539 3721 150 58 New
720 3721 190 70 York,
945 3722 343 71 Houghton
1324 3722 214 57 Mifflin
1574 3742 322 55 company,
1934 3726 165 58 1926.

179 3793 1032 58 5 p. l., 197 p. col. front., plates. 21 cm .
180 3850 137 53 Maps
345 3865 60 29 on
433 3850 347 55 lining-papers.

112 3904 54 55 ©
197 3907 101 45 Oct.
333 3906 60 53 15,
426 3907 108 44 1926;
585 3909 64 43 2c.
682 3909 101 44 Oct.
818 3910 74 53 18;
924 3911 78 43 aff.
1036 3911 100 44 Oct.
1170 3911 74 53 16;
1278 3912 44 43 A
1351 3911 190 55 949584;
1577 3912 48 46 C.
1657 3915 41 53 J.
1733 3913 201 50 Cannon,
181 3914 1897 104 Cambridge,

392 3966 140 43 Mass.
601 3966 269 52 (26-18498)
