2542 4285
1366 4000 147 57 1228

429 407 194 72 Bond,
664 407 144 57 Otto
846 403 379 60 Ferdinand.

504 512 101 56 An
647 510 425 58 introduction
1115 513 63 54 to
1223 508 104 58 the
1376 508 188 73 study
1609 510 67 55 of
1717 508 264 73 French,
2026 508 83 72 by
2152 508 148 58 Otto
2344 508 71 58 F.

429 585 1989 75 Bond … Chicago, Ill., The University of Chicago press
431 668 183 72 [ c 1926]
497 756 77 55 xii,
610 756 79 46 116
716 772 42 39 p.
817 755 54 46 20
876 757 48 19 cm
929 790 11 10 .

428 827 52 53 ©
506 828 105 52 July
639 829 37 51 1,
706 827 128 52 1926;
863 827 63 43 2c.
957 826 101 44 Oct.
1086 825 77 52 26;
1194 825 78 43 aff.
1305 825 100 44 Oct.
1434 823 77 54 27;
1541 824 44 42 A
1612 823 188 53 949713;
1831 824 268 52 University
2126 825 51 43 of
2204 823 214 55 Chicago,

500 885 209 52 Chicago.
780 881 270 56 (26-19171)

432 999 429 72 Borgarpings
893 996 409 58 kristinréttr.

509 1104 130 57 The
663 1102 434 74 Borgarthing
1121 1103 120 57 law
1269 1102 66 58 of
1360 1102 104 58 the
1496 1101 209 59 Codex
1729 1102 492 73 tunsbergensis,
2251 1100 65 61 C.
2343 1102 73 58 R.

428 1185 163 70 1642,
638 1183 140 71 4to.,
826 1200 78 40 an
949 1181 104 61 old
1094 1179 377 75 Norwegian
1513 1180 391 74 manuscript
1950 1183 67 56 of
2063 1182 356 57 1320—1330.

433 1259 379 74 Diplomatic
845 1260 111 73 ed.,
988 1259 153 58 with
1174 1278 78 38 an
1284 1258 428 57 introduction
1741 1277 79 39 on
1853 1258 105 58 the
1988 1256 432 75 paleography

434 1340 122 57 and
588 1339 105 58 the
726 1337 449 73 orthography.
1249 1335 233 59 Edited
1513 1337 84 71 by
1631 1335 242 74 George
1909 1336 68 58 T.
2012 1337 198 57 Flom.
430 1336 1967 154 [Urbana]

644 1417 129 56 The
803 1413 373 74 University
1206 1415 68 59 of
1304 1412 262 74 Illinois,
1599 1414 164 59 1925.

508 1510 80 44 202
621 1524 38 39 p.
721 1505 54 47 27½
811 1511 15 17 cm
862 1543 9 8 .
943 1507 189 54 (Added
1168 1514 118 46 t.-p.:
1321 1505 267 56 University
1620 1507 52 45 of
1706 1506 177 46 Illinois
1918 1506 169 46 studies
2120 1508 46 43 in
2201 1508 223 54 language

435 1568 86 43 and
554 1565 245 50 literature,
831 1564 87 47 vol.
992 1599 9 16 x,
1034 1580 72 30 no.
1142 1564 52 53 4)

432 1633 53 53 ©
521 1635 119 51 Aug.
678 1635 37 48 3,
756 1633 130 52 1926;
921 1633 66 44 2c.
1026 1633 87 44 and
1147 1633 80 43 aff.
1268 1632 120 53 Sept.
1430 1633 73 51 18;
1544 1633 44 42 A
1627 1633 188 52 949082;
1855 1632 267 53 University
2160 1633 51 45 of
2250 1633 174 45 Illinois

502 1706 139 37 press,
682 1691 203 52 Urbana,
930 1689 69 44 Ill.
1068 1688 269 55 (26-18746)

436 1790 229 77 Brady,
705 1791 259 57 Loretta
999 1788 195 59 Ellen.

513 1896 197 71 Loyal
745 1896 125 57 and
903 1895 188 72 Mary
1123 1894 246 72 Louise,
1403 1894 168 58 their
1605 1895 210 57 senior
1845 1914 171 53 year,
2050 1896 83 71 by
2167 1896 259 58 Loretta

437 1973 181 57 Ellen
642 1973 235 74 Brady,
901 1972 411 72 frontispiece
1336 1974 83 71 by
1442 1973 204 58 Leslie
1674 1971 252 74 Crump.
1992 1972 253 60 Garden
2266 1973 162 74 City,

438 2051 72 57 N.
541 2051 92 73 Y.,
663 2051 386 73 Doubleday,
1078 2051 172 73 Page
1282 2050 48 57 &
1359 2070 321 53 company,
1715 2052 165 57 1926.

507 2139 832 54 5 p. l., 252 p. col. front. 19 cm .
435 2210 1938 58 © Oct. 8, 1926 ; 2c. and aff. Nov. 1; A 949873; Doubleday, Page & co .
514 2269 269 55 (26-19261)

438 2368 318 73 Brigham,
794 2371 307 58 Gertrude
1140 2370 409 59 Richardson.

516 2474 128 58 The
697 2475 190 71 study
936 2476 124 57 and
1110 2475 361 73 enjoyment
1524 2477 66 57 of
1637 2476 299 72 pictures,
1986 2477 82 72 by
2121 2478 311 60 Gertrude

437 2552 1974 150 Richardson Brigham … New York, G. Sully and company
644 2659 13 44 [
658 2640 18 21 c
680 2632 164 73 1926]

508 2707 1140 58 xiv p., 2 l., 3-298 p. front., plates. 19½ cm .
512 2765 176 47 Second
717 2764 184 47 edition.

512 2820 352 56 Bibliography:
894 2835 41 40 p.
964 2819 207 49 275-276.

439 2877 53 54 ©
526 2880 99 43 Oct.
660 2880 63 52 19,
760 2879 129 53 1926;
923 2880 62 43 2c.
1019 2881 87 43 and
1137 2881 78 42 aff.
1251 2880 100 44 Oct.
1386 2880 77 53 26;
1500 2882 44 41 A
1576 2879 190 54 950647;
1804 2880 181 54 George
2022 2881 129 54 Sully
2185 2882 38 44 &
2255 2896 65 30 co.

518 2937 268 54 (26-19233)

441 3035 243 71 Brown,
728 3036 200 58 Abbie
969 3036 285 59 Farwell.

521 3139 128 57 The
705 3138 191 58 silver
949 3139 189 71 stair;
1192 3158 234 57 poems,
1478 3142 84 71 by
1612 3141 201 60 Abbie
1864 3142 270 58 Farwell
2188 3143 246 58 Brown.

440 3216 240 59 Boston
715 3218 123 57 and
871 3217 152 58 New
1054 3218 192 71 York,
1281 3218 342 74 Houghton
1657 3219 216 58 Mifflin
1911 3238 323 55 company,
2272 3222 165 57 1926.

511 3307 615 55 ix p., 1 l., 148 p. 20 cm .
442 3376 53 54 ©
523 3379 100 44 Oct.
651 3379 67 52 22,
749 3379 129 52 1926;
907 3380 64 42 2c.
1001 3379 101 44 Oct.
1128 3379 79 53 25;
1238 3380 78 43 aff.
1348 3381 101 44 Oct.
1477 3381 77 52 23;
1584 3381 44 42 A
1654 3379 190 55 950661;
1874 3382 56 43 A.
1962 3381 51 45 F.
2041 3382 180 53 Brown,
2252 3383 183 44 Boston.

520 3435 270 55 (26-19173)

445 3534 229 73 Bryan,
715 3535 240 74 George
993 3537 223 69 Sands,
1257 3540 189 57 1879-

518 3643 128 57 The
680 3643 186 72 ghost
897 3641 66 60 in
996 3645 104 57 the
1135 3644 171 73 attic,
1342 3647 124 59 and
1500 3646 179 58 other
1711 3664 233 55 verses,
1978 3648 83 70 by
2093 3646 242 73 George
2373 3647 62 58 S.

440 3719 234 72 Bryan.
741 3718 154 61 New
918 3720 191 74 York,
1137 3723 75 56 A.
1239 3722 76 57 A.
1345 3722 241 72 Knopf,
1615 3724 165 60 1926.

511 3826 42 35 x,
586 3809 92 52 145,
709 3813 51 48 [1]
790 3826 41 35 p.
896 3813 52 43 19
952 3814 47 18 cm
1006 3848 7 7 .

442 3876 56 55 ©
527 3878 101 45 Oct.
655 3879 38 51 8,
727 3879 129 52 1926;
886 3881 63 42 2c.
981 3880 101 45 Oct.
1110 3881 77 52 26;
1219 3882 78 43 aff.
1331 3882 101 44 Oct.
1461 3883 79 52 23;
1572 3884 44 42 A
1646 3882 188 54 950590;
1867 3885 166 44 Alfred
2063 3887 56 42 A.
2152 3886 170 53 Knopf,
2354 3886 82 45 inc.

524 3935 269 58 (26-19298)
