2542 4285
0 0 0 0 785
109 413 1914 72 tric drive for ship propulsion, by David Louis Jones …
108 493 355 57 illustrated
515 492 82 68 by
645 495 118 53 two
813 491 285 57 hundred
1150 491 124 55 and
1325 489 317 71 forty-one
1694 490 394 73 engravings.

107 570 150 58 New
285 570 189 67 York,
508 569 127 58 The
668 569 278 55 Norman
976 568 95 58 W.
1106 567 199 57 Henley
1378 567 362 73 publishing
1771 587 320 54 company,

109 649 164 56 1926.

178 735 1140 55 xvi, 565 p. incl. front., illus., diagrs. 2 3 ½ cm .
110 805 53 53 ©
189 808 107 51 July
328 808 61 49 12,
424 806 105 43 1926;
581 807 64 41 2c.
677 806 86 42 and
792 806 77 41 aff.
900 805 104 51 July
1037 806 72 49 14;
1145 805 42 41 A
1218 804 186 52 897426;
1439 805 205 43 Norman
1675 807 73 41 W.
1782 806 178 52 Henley
1990 806 99 52 pub.

178 879 64 28 co.
311 861 267 56 (26-13654)

102 962 260 70 Judson,
404 960 198 59 Ethel.

185 1053 237 57 Mental
448 1051 249 72 healing;
755 1051 82 57 its
864 1051 178 73 logic,
1070 1052 82 70 by
1179 1052 186 56 Ethel
1392 1052 261 57 Judson.
1722 1052 373 69 Hammond,

109 1131 154 60 Ind.,
293 1130 95 56 W.
421 1129 69 57 B.
528 1128 248 71 Conkey
806 1147 320 53 company,
1159 1128 278 71 printers
1473 1157 13 42 [
1489 1137 17 21 c
1511 1130 161 70 1926]

177 1223 52 43 92
262 1236 39 38 p.
368 1220 49 44 17
423 1222 47 18 cm
477 1255 9 9 .

110 1291 52 52 ©
193 1294 112 50 June
332 1292 68 51 22,
434 1291 126 49 1926;
592 1291 64 43 2c.
688 1290 104 52 July
824 1290 49 51 9;
906 1290 77 42 aff.
1018 1289 105 53 July
1158 1291 44 49 1;
1237 1290 42 41 A
1312 1289 186 52 897406;
1534 1290 52 46 E.
1619 1292 183 50 Judson,
1839 1291 197 44 Buffalo.

188 1347 267 55 (26-13649)

194 1446 231 68 Julian,
468 1448 121 56 and
624 1447 181 56 other
838 1465 214 52 poems
1091 1446 219 71 lyrical
1350 1448 122 55 and
1511 1448 323 67 dramatic,
1872 1449 81 70 by
1991 1450 101 56 the

111 1526 224 57 author
380 1525 68 57 of
492 1525 223 57 Poems
759 1523 222 72 lyrical
1025 1526 123 55 and
1192 1524 322 57 dramatic.
1597 1525 255 72 Boston,
1901 1526 70 57 R.
2020 1525 69 59 G.

107 1603 252 72 Badger
395 1632 12 43 [
409 1610 20 22 c
432 1604 162 70 1925]

176 1694 664 53 6 p. l. , 11-232 p. 19 ½ cm .
109 1761 53 53 ©
201 1764 106 41 Dec.
350 1762 59 50 12,
451 1761 126 51 1925;
617 1762 63 42 2c.
718 1763 97 50 Jan.
857 1762 62 50 18,
958 1761 129 51 1926;
1126 1761 77 42 aff.
1241 1762 98 50 Jan.
1382 1761 72 51 16;
1494 1761 44 42 A
1575 1762 187 51 879308;
1805 1763 197 43 Richard
2043 1763 50 44 G.

181 1820 189 51 Badger.
441 1817 266 54 (26-13562)

108 1918 364 70 Jusserand,
511 1917 160 57 Jean
701 1916 241 57 Adrien
974 1916 272 57 Antoine
1286 1916 192 69 Jules,
1519 1921 185 56 1855-

187 2007 1844 73 The writing of history, by Jean Jules Jusserand …
109 2084 1989 75 Wilbur Cortez Abbott … Charles W. Colby and John
109 2162 1965 152 Spencer Bassett … New York, Chicago [etc.] C. Scribner’s sons [ c 1926]
179 2320 65 43 xii
272 2336 52 39 p.,
352 2323 26 42 2
427 2355 22 18 l.,
479 2319 134 44 3–143
643 2333 40 39 p.
742 2320 51 43 21
803 2321 46 18 cm
856 2353 9 9 .

440 2375 166 45 CONTENTS.—The
640 2375 279 64 historian’s.
932 2375 143 52 work,
1109 2377 58 51 by
1200 2376 41 51 J.
1274 2377 41 51 J.
1348 2375 416 53 Jusserand.—The
1803 2376 217 45 influence
2052 2376 49 45 of

111 2436 220 52 graduate
366 2432 268 45 instruction
669 2448 58 28 on
761 2430 232 46 historical
1030 2431 196 53 writing,
1262 2432 59 54 by
1355 2432 76 44 W.
1468 2432 48 45 C.
1553 2432 346 45 Abbott.—The
113 2433 1967 110 craftsmanship
349 2490 51 44 of
432 2490 74 44 the
539 2487 234 53 historian,
808 2491 60 51 by
904 2488 49 45 C.
990 2488 76 44 W.
1104 2488 314 53 Colby.—The
1456 2496 179 46 present
1672 2497 114 36 state
1821 2490 49 44 of
112 2491 1967 109 history-writing,
336 2546 60 54 by
421 2549 41 51 J.
495 2546 43 46 S.
569 2546 195 44 Bassett.

111 2603 54 53 ©
197 2606 113 51 June
349 2605 60 50 11,
447 2603 128 51 1926;
611 2603 63 43 2c.
709 2601 106 54 July
848 2606 49 47 8;
936 2602 78 43 aff.
1048 2603 114 51 June
1195 2601 77 52 30;
1310 2602 44 42 A
1388 2601 190 54 901079;
1618 2602 188 45 Charles
1846 2602 250 47 Scribner’s

182 2676 117 30 sons.
368 2658 268 56 (26-13514)

112 2759 264 57 Kansas.
453 2760 300 71 Supreme
792 2762 190 54 court.

189 2849 1907 72 Reports of cases argued and determined … Earl H.
113 2927 295 70 Hatcher,
450 2926 215 57 official
704 2931 303 67 reporter,
1086 2947 55 35 v.
1185 2929 125 54 119.
1391 2927 154 71 July
1582 2930 50 69 1,
1672 2929 165 71 1925,
1879 2931 62 54 to
114 2927 1959 134 December
382 3006 87 70 31,
500 3005 162 55 1925.
732 3003 269 72 Topeka,
1031 3005 263 56 Planted
1318 3005 84 70 by
1427 3004 254 58 Kansas
1713 3008 159 54 state
111 3006 1966 147 printing
251 3080 195 73 plant,
482 3082 163 56 1926.

179 3157 149 52 xxxii,
361 3157 83 43 912
474 3172 38 37 p.
572 3157 53 43 23
631 3160 47 17 cm
684 3192 8 8 .

114 3212 53 53 ©
203 3215 111 50 Apr.
355 3213 62 52 15,
457 3213 126 51 1926;
619 3214 65 42 2c.
725 3214 111 52 May
873 3213 47 52 5;
960 3215 79 42 aff.
1076 3214 121 53 Aug.
1235 3213 49 53 7;
1324 3215 44 42 A
1405 3214 189 53 897728;
1631 3214 111 47 Earl
1779 3216 61 43 H.
1881 3217 217 50 Hatcher,

186 3278 213 44 reporter,
433 3270 74 43 for
535 3270 73 44 the
638 3271 165 43 benefit
834 3270 51 44 of
915 3270 74 44 the
1021 3278 114 36 state
1166 3270 51 45 of
1248 3272 192 50 Kansas,
1472 3271 200 53 Topeka,
1702 3272 118 43 Kan.
1910 3278 108 38 5250

109 3368 426 68 Kantakuzen,
573 3368 175 59 Julia
790 3369 257 72 (Grant)
1091 3369 345 74 kniaginia,
1473 3372 185 57 1876-

190 3458 492 71 Revolutionary
729 3460 186 69 days;
968 3460 426 58 recollections
1447 3462 67 55 of
1562 3461 368 57 Romanoffs
1982 3464 119 55 and

113 3536 377 70 Bolsheviki,
516 3538 354 72 1914-1917,
897 3539 83 70 by
1005 3538 291 58 Princess
1326 3539 442 70 Cantacuzène,
1798 3539 304 58 Countess

115 3614 1986 73 Spéransky, née Grant … New York, C. Scribner’s sons,
115 3694 163 55 1926.

184 3769 1278 54 8 p. l ., 411 p. front., plates, ports., facsim. 21c m .
116 3825 53 53 ©
206 3828 110 51 May
354 3828 59 44 14.
453 3827 126 48 1926;
614 3827 64 43 2c.
714 3826 105 53 July
854 3827 49 48 8;
942 3828 77 43 aff.
1058 3828 111 51 May
1202 3827 77 48 21;
1321 3828 40 41 A
1397 3826 163 44 897363;
1626 3827 185 44 Charles
1852 3826 247 47 Scribner’s

187 3898 115 29 sons.
372 3882 268 55 (26-13516)
