2542 4285
1360 4011 151 57 1560

459 395 192 64 Spyri,
687 396 159 53 Frau
881 396 274 53 Johanna
1198 397 324 64 (Heusser)
1568 397 325 54 1827-1901.

522 473 1924 71 A little Swiss boy, by Johanna Spyri … translated by
455 551 256 55 Clement
774 552 91 54 W.
936 551 268 68 Coumbe,
1270 551 326 54 illustrated
1661 552 76 69 by
1804 553 246 52 Frances
2118 553 327 68 Brundage.

451 629 220 68 Akron,
722 629 87 69 O.,
860 630 139 52 New
1050 628 181 69 York,
1282 629 122 53 The
1456 628 272 55 Saalfield
1780 629 338 69 publishing
2168 646 279 53 company

457 739 13 34 [
475 713 18 20 c
497 709 151 64 1926]

524 786 84 40 251
636 798 43 38 p.
709 788 110 40 incl.
846 787 165 48 front.,
1040 787 129 40 illus.
1232 788 56 40 18½c
1336 789 28 21 m
1369 819 9 9 .
1451 786 300 50 (Half-title:
1780 789 159 45 Every
1968 786 171 41 child’s
2168 787 211 49 library)

524 857 114 40 Also
663 857 274 40 translated
962 857 154 39 under
1139 856 110 40 title:
1301 857 103 39 The
1426 856 131 40 little
1579 856 173 49 Alpine
1776 855 253 42 musician.

450 920 57 53 ©
533 925 101 41 Oct.
657 926 70 47 11,
754 925 116 40 1926;
922 925 69 41 2c.
1016 926 113 40 Dec.
1153 925 57 40 29;
1265 925 83 41 aff.
1374 926 113 40 Dec.
1514 924 58 41 30;
1626 926 41 38 A
1692 924 175 42 957890;
1926 925 230 41 Saalfield
2183 926 109 48 pub.
2320 936 69 30 co.

533 981 221 48 (27-822)

451 1091 312 62 Starbuck,
796 1091 224 53 Robert
1053 1092 190 62 Macy,
1282 1094 172 49 1844-

523 1168 292 56 Standard
848 1169 278 67 practical
1160 1168 331 69 plumbing;
1527 1188 74 33 an
1634 1169 330 53 exhaustive
1994 1170 232 52 treatise
2259 1188 73 34 on
2367 1170 77 52 all

449 1247 273 53 branches
766 1245 65 54 of
873 1245 305 70 plumbing
1220 1246 403 67 construction,
1667 1246 300 70 including
2010 1247 275 69 drainage
2331 1248 114 52 and

450 1325 254 68 venting,
742 1323 359 68 ventilation,
1138 1325 102 52 hot
1277 1323 113 53 and
1429 1324 127 52 cold
1594 1328 176 48 water
1808 1326 211 67 supply
2057 1325 114 52 and
449 1325 1970 145 circulation;

641 1402 262 69 showing
937 1402 97 52 the
1070 1403 169 51 latest
1278 1402 114 52 and
1427 1402 122 52 best
1588 1401 304 69 plumbing
1929 1402 266 68 practice,
2230 1403 214 67 special

449 1481 282 54 attention
761 1480 173 69 being
963 1479 170 70 given
1161 1485 60 47 to
1250 1480 97 52 the
1376 1478 206 54 skilled
1612 1479 158 52 work
1798 1479 65 53 of
1893 1480 96 52 the
2020 1481 279 67 plumber,
2330 1481 113 53 and

448 1566 59 47 to
551 1560 97 53 the
690 1558 204 68 theory
938 1556 349 70 underlying
1331 1556 304 70 plumbing
1678 1556 219 54 devices
1944 1558 112 52 and
2100 1559 344 67 operations,

449 1637 299 67 including
776 1654 32 34 a
837 1636 238 66 chapter
1104 1653 73 33 on
1207 1633 416 53 examinations
1655 1633 95 52 for
1780 1636 288 65 plumbers
2101 1636 114 51 and
2244 1636 201 67 fitters,

449 1710 1932 71 and features of government plumbing, by R. M. Starbuck …
448 1793 97 54 8th
570 1812 114 34 rev.
710 1792 114 52 and
849 1790 108 53 enl.
983 1789 85 64 ed,
1130 1788 139 54 New
1297 1787 181 55 York,
1505 1788 123 53 The
1649 1788 258 54 Norman
1931 1790 91 53 W.
2048 1790 227 69 Henley
447 1791 1972 149 publishing
693 1889 99 48 co.,
826 1870 152 52 1926.

519 1948 1377 55 3 p. l., 11-444 p. incl. front., illus., diagrs. 23½c m .
446 2018 55 55 ©
527 2025 111 38 Dec.
664 2023 39 47 6,
729 2021 116 41 1926;
898 2020 67 40 2c.
992 2020 96 39 and
1114 2018 82 41 aff.
1224 2019 113 39 Dec.
1364 2018 56 40 17;
1475 2017 42 39 A
1541 2016 174 42 957689;
1771 2018 215 40 Norman
2016 2020 70 40 W.
2116 2020 188 47 Henley
2333 2022 109 47 pub.

517 2090 67 31 co.
654 2077 223 50 (27-710)

448 2187 283 64 Stephan,
757 2185 147 53 Paul
932 2185 64 52 F.
1025 2184 86 62 E.,
1141 2182 172 54 1871-

575 2266 50 51 Die
663 2263 324 55 technische
1025 2261 302 53 mechanik
1369 2261 95 52 des
1504 2260 656 69 maschineningenieurs
2202 2263 107 52 mit
445 2263 1974 133 besonderer

758 2339 544 68 berücksichtigung
1349 2338 101 52 der
1498 2339 449 67 anwendungen,
1994 2358 112 33 von
2154 2339 287 70 dipl.-ing.

445 2415 1998 72 P. Stephan … 5. bd. Die statik der fachwerke … Berlin,
445 2499 54 52 J.
529 2496 298 69 Springer,
855 2497 151 50 1926.

513 2576 524 50 2 p. l., 140 p. 24 cm .
441 2642 1830 55 © June 15, 1926; 1c. Dec. 3; A —Foreign 32797; Julius Springer.
442 2771 198 61 Stone,
672 2769 252 54 Chester
951 2768 214 62 Tilton,
1198 2771 171 49 1886-

513 2845 1927 70 The prostate gland, by Chester Tilton Stone … illustrated
441 2926 141 53 with
617 2930 114 49 two
769 2924 292 68 drawings
1096 2924 78 68 by
1209 2924 97 52 the
1342 2924 223 52 author.
1639 2924 138 53 New
1816 2924 180 67 York,
2032 2925 72 53 A.
2143 2926 143 53 Ross
2325 2927 114 53 and

441 3006 313 66 co. [ c 1926]
511 3084 652 53 109 p. front., pl. 19 cm .
512 3156 375 48 Bibliography:
917 3166 45 37 p.
991 3153 217 42 107-109.

443 3220 54 54 ©
525 3226 101 40 Oct.
654 3224 69 48 15,
753 3223 115 41 1926;
925 3223 68 40 2c.
1022 3222 103 41 Oct.
1153 3221 57 40 20;
1265 3221 84 41 aff.
1378 3222 103 41 Oct.
1510 3222 56 40 23;
1623 3223 40 38 A
1691 3223 174 41 949679;
1921 3224 141 41 Allen
2091 3227 122 40 Ross
2243 3229 96 39 and
2368 3239 70 31 co.

522 3280 222 50 (27-914)

442 3390 192 63 Tyler,
667 3388 268 63 Chaplin.

572 3466 1803 72 … Chemical engineering economics, by Chaplin Tyler …
445 3549 84 48 1st
568 3544 84 52 ed.
730 3543 138 53 New
913 3543 163 52 York
1141 3549 120 61 [etc.]
1308 3543 431 54 McGraw-Hill
1781 3545 148 52 book
1970 3563 298 53 company,
2310 3548 127 69 inc.,

444 3623 150 50 1926.

511 3701 64 48 ix,
617 3701 85 40 271
744 3710 44 38 p.
847 3700 130 41 illus.
1005 3700 186 49 (maps)
1244 3702 179 47 diagrs.
1483 3702 56 40 23½c
1588 3705 29 21 m
1621 3734 9 9 .
1700 3703 271 47 (Chemical
2015 3704 312 50 engineering
442 3717 1978 88 series)
687 3756 132 50 $3.50

512 3825 350 49 Bibliography
885 3829 52 37 at
962 3828 92 38 end
1080 3827 52 40 of
1156 3828 119 39 each
1298 3829 216 47 chapter.

441 3887 55 55 ©
520 3895 112 40 Dec.
657 3895 69 48 16,
753 3895 117 41 1926;
922 3896 69 41 2c.
1020 3898 112 40 Dec.
1158 3897 57 39 22;
1270 3898 82 40 aff.
1379 3899 113 40 Dec.
1520 3898 57 40 28;
1634 3900 40 38 A
1701 3899 175 41 957809;
1934 3901 351 41 McGraw-Hill
2312 3902 124 40 book

511 3961 81 37 co.,
623 3950 91 42 inc.
785 3952 223 49 (27-810)
