2609 4293
1464 4016 73 56 82

580 453 1564 53 viii p., 1 l., 469, xxi p. col. front., illus., col. plates. 24½ cm .
584 523 245 45 Published
855 524 96 44 also
977 525 142 43 under
1145 523 123 45 title:
1298 523 99 44 The
1426 523 128 44 Bible
1580 532 138 44 story.

587 580 203 47 “Stories
824 580 74 44 for
927 580 114 44 little
1072 580 149 44 folks”
1251 580 186 53 precede
1465 580 109 44 both
1604 580 74 47 the
1711 579 90 45 Old
1831 582 86 41 and
1947 581 73 43 the
2052 582 116 43 New
2199 581 301 45 Testaments.

511 648 53 54 ©
592 650 118 43 Nov.
741 651 62 49 11,
834 649 130 53 1925;
992 651 66 43 2c.
1085 650 88 43 and
1202 650 78 43 aff.
1308 650 99 51 Jan.
1434 646 68 55 25,
1534 648 128 52 1926;
1696 649 44 42 A
1769 649 188 53 883048;
1991 650 264 53 University
2286 666 103 36 soc.,
2418 651 82 43 inc.

588 705 244 55 (26-2579)

509 802 303 75 Birdseye
853 803 294 59 Clarence
1188 802 231 71 Frank,
1462 804 189 57 1854-

587 897 258 59 Manual
890 900 68 56 of
1001 895 390 60 substantive
1433 898 121 57 law
1594 899 232 69 forms;
1872 915 35 37 a
1954 895 296 61 scientific
509 898 1969 136 collection

669 978 69 56 of
762 995 278 38 common
1064 978 122 55 law
1211 974 123 60 and
1360 975 259 57 modern
1645 976 165 71 legal
1838 977 125 57 and
1987 975 286 60 business
2300 976 200 58 forms

509 1055 104 57 for
643 1055 286 58 students
959 1055 69 56 of
1053 1054 105 57 the
1185 1052 137 69 law,
1351 1050 300 74 designed
1677 1057 65 55 to
1772 1053 178 57 teach
1978 1054 104 57 the
2109 1054 138 58 best
508 1053 1969 150 craftsmanship

509 1129 1969 152 a s embodied in the finest examples of legal English, with copious
1177 1210 180 56 notes
1397 1225 169 53 upon
1608 1205 165 60 their
1816 1224 279 41 common
2135 1206 120 60 law
2296 1208 205 74 origin

510 1288 124 56 and
666 1290 258 68 present
958 1284 286 60 business
1282 1281 418 75 applications
1738 1286 123 58 and
1898 1303 80 38 an
2014 1283 363 61 exhaustive
509 1286 1969 150 digest-index,

938 1357 1562 76 by Clarence F. Birdseye … New York,
507 1441 224 72 Baker,
761 1438 271 61 Voorhis
1065 1440 124 58 and
1217 1456 322 55 company,
1571 1439 167 60 1925.

576 1518 93 52 viii,
699 1520 80 45 940
808 1532 40 38 p.
908 1516 155 53 diagrs.
1134 1515 54 45 25½
1224 1520 47 17 cm
1277 1552 9 9 .

509 1571 53 54 ©
601 1573 120 52 Sept.
761 1572 62 52 16,
864 1571 129 52 1925;
1029 1573 63 41 2c.
1131 1572 90 42 and
1255 1571 79 42 aff.
1370 1571 100 51 Jan.
1507 1570 69 51 23,
1615 1570 129 52 1926;
1782 1571 44 42 A
1863 1570 190 54 879359;
2095 1570 49 46 C.
2181 1571 51 44 F.
2271 1572 230 54 Birdseye,

579 1629 236 52 Dunellen,
861 1629 58 43 N.
961 1630 39 51 J.
1070 1626 243 55 (26-2467)

507 1726 376 74 Blackburn,
923 1727 269 57 Thomas
1227 1724 363 73 Wakefield,
1629 1727 188 57 1855-

507 1815 1974 151 Blackburn on life insurance … by Thomas W. Blackburn … Omaha, Neb.
1338 1893 274 73 [Haynes
1645 1892 49 59 &
1724 1893 276 73 Haynes]
2037 1893 164 58 1925.

579 1971 859 54 120 p. incl. front. (port.) 19 ½ cm .
578 2028 263 54 “Compiled
875 2028 121 45 from
1026 2043 26 29 a
1085 2028 137 45 series
1258 2027 49 46 of
1339 2027 173 45 leaflets
1547 2028 221 52 prepared
1802 2028 88 45 and
1925 2027 269 46 distributed
2226 2029 57 53 by
2317 2028 76 45 the
505 2043 1978 89 author.”—Pref.

507 2142 53 54 ©
593 2145 109 42 Dec.
733 2143 67 52 20,
836 2141 128 54 1925;
995 2143 65 43 2c.
1093 2143 98 52 Jan.
1222 2140 66 52 25,
1324 2141 129 53 1926;
1490 2142 79 44 aff.
1600 2143 99 51 Jan.
1727 2141 79 53 22;
1840 2142 43 43 A
1916 2143 189 51 881499;
2140 2141 54 44 T.
2227 2140 75 47 W.
576 2142 1905 111 Blackburn,
746 2200 189 50 Omaha,

977 2199 115 43 Neb.
1161 2197 242 55 (26-2701)

508 2297 328 74 Bogigian,
872 2298 246 73 Hagop.

583 2388 75 56 In
684 2392 181 68 quest
890 2388 66 58 of
982 2388 104 58 the
1114 2389 136 56 soul
1276 2388 66 57 of
1369 2386 397 73 civilization,
1791 2387 84 72 by
1899 2386 230 74 Hagop
2153 2386 312 74 Bogigian;

506 2465 148 58 with
700 2486 36 38 a
781 2467 317 57 foreword
1143 2467 84 71 by
1274 2464 373 59 ex-Senator
1693 2465 170 58 John
1912 2464 207 73 Sharp
2165 2464 329 60 Williams.

504 2542 1334 75 Washington, D. C., H. Bogigian [ c 1925]
572 2622 79 46 255
682 2639 40 39 p.
784 2623 126 45 front.
954 2623 166 54 (port.)
1158 2623 158 54 plates.
1373 2622 54 45 20
1435 2625 46 17 cm
1488 2658 9 9 .

578 2680 393 54 Autobiography.

505 2734 53 54 ©
588 2738 99 51 Jan.
723 2737 61 50 19,
820 2736 128 53 1926;
979 2737 64 42 2c.
1075 2738 100 51 Jan.
1205 2736 78 53 20;
1317 2737 78 42 aff.
1429 2736 99 53 Jan.
1558 2735 77 52 22;
1669 2736 44 42 A
1745 2733 163 46 875993;
1971 2737 61 42 H.
2068 2734 234 54 Bogigian.

583 2791 243 56 (26-2550)

504 2892 320 72 Bravetta,
864 2892 234 72 Ettore,
1139 2894 189 55 1862-

649 2981 1685 73 … La grande guerra sul mare, fatti, insegnamenti,
502 3000 1971 117 previsioni.
818 3079 56 37 V.
909 3062 51 54 2.
1030 3060 254 72 Milano,
1317 3060 74 56 A.
1425 3060 378 57 Mondadori
1837 3061 179 71 [1925]

571 3134 1921 55 4 p. l., [11]-334, [1] p. fold. maps, tables, diagr. 23 cm . (Half-title:
504 3190 256 46 Collezione
801 3193 182 42 italiana
1027 3193 44 42 di
1112 3193 130 52 diari,
1284 3193 228 52 memorie,
1556 3193 119 43 studi
1716 3211 23 28 e
1780 3192 255 44 documenti
2078 3206 76 38 per
2197 3191 170 43 servire
2410 3191 87 42 alia

501 3250 139 43 storia
672 3249 115 44 della
820 3264 164 38 guerra
1017 3250 69 43 del
1119 3251 178 43 mondo.
1361 3250 120 54 [III])

502 3303 1994 57 © Dec. 15, 1925; 1c. Jan, 27, 1926; A—Foreign 29937; Casa editrice A,
570 3362 287 44 Mondadori.

499 3461 246 73 Brown,
784 3462 215 58 James
1036 3463 352 73 Lafayette,
1429 3466 189 57 1853-

569 3548 1928 78 Printed thoughts, by J. L. Brown … an introduction
496 3628 81 72 by
627 3629 210 73 Judge
893 3629 297 60 Clarence
1245 3632 182 58 Price
1479 3632 281 57 Newton.
1863 3628 406 69 Tuckerman,
2325 3625 170 71 Ark.,

498 3707 389 58 Tuckerman
918 3709 223 57 record
1169 3710 123 57 and
1320 3708 287 74 hi-grade
1639 3707 309 73 printery,
1975 3715 20 21 c
1999 3705 165 57 1925.

568 3784 865 57 161, [6] p. illus. (ports.) 18½cm .
565 3842 160 45 Verse.

496 3896 53 54 ©
582 3898 107 44 Dec.
725 3895 60 55 15,
823 3897 129 54 1925;
985 3900 65 42 2c.
1085 3902 99 51 Jan.
1222 3902 62 50 11,
1323 3901 129 52 1926;
1488 3901 80 43 aff.
1600 3901 99 51 Jan.
1733 3899 78 52 22;
1847 3899 44 42 A
1926 3895 187 53 879378;
2149 3897 40 51 J.
2225 3895 49 43 L.
2313 3895 183 49 Brown,

566 3955 136 43 Little
739 3956 139 48 Rock,
913 3957 115 44 Ark.
1098 3957 243 47 (26-2601)
