2542 4285
1390 3988 108 60 662

453 368 337 69 Hamilton,
833 368 237 58 Cosmo.

529 459 117 57 His
689 457 279 73 Majesty
1007 458 102 58 the
1149 458 179 72 king;
1370 457 186 73 being
1598 458 101 57 the
1744 458 307 59 chronicle
2096 459 67 57 of
2205 459 239 58 certain

451 535 190 57 hours
688 536 64 60 in
798 536 104 57 the
949 535 349 58 ill-starred
1343 535 112 59 life
1505 536 68 57 of
1623 536 258 60 Charles
1930 537 104 57 the
2084 536 241 60 Second
2376 537 68 57 of

452 613 308 71 England,
793 613 228 71 during
1050 614 105 57 the
1186 612 222 72 period
1441 612 67 57 of
1536 613 97 59 his
1668 612 154 60 exile
1855 612 66 57 in
1951 613 309 60 Flanders
2294 614 152 57 with

452 689 176 58 those
673 690 68 56 of
783 690 104 57 the
932 689 262 58 faithful
1237 690 139 57 that
1419 690 120 59 fled
1583 689 166 58 from
1792 690 104 57 the
1942 690 242 73 despot,
2232 690 212 60 Oliver

455 766 341 72 Cromwell,
832 768 103 57 the
971 767 201 58 which
1204 768 160 56 have
1402 765 284 59 received
1723 767 67 57 of
1826 786 79 38 no
1944 772 258 54 account
2238 768 64 56 in
2339 769 104 58 the

451 842 1924 75 history of his time. Written by Cosmo Hamilton …
454 920 249 58 Garden
741 919 180 73 Citie,
953 922 67 59 L.
1058 921 68 71 I.,
1162 920 264 60 Printed
1460 922 83 71 by
1578 922 384 72 Doubleday,
1997 922 172 72 Page
2205 924 47 56 &
448 943 1973 126 company,
672 999 165 56 1926.

520 1073 919 54 5 p. l., 160 p. front., ports. 20 cm .
453 1129 54 53 ©
539 1132 109 50 May
680 1130 37 52 7,
752 1132 127 51 1926;
910 1132 64 42 2c.
1006 1133 86 42 and
1122 1133 78 42 aff.
1231 1133 116 51 June
1381 1133 73 51 16;
1487 1133 43 42 A
1561 1132 188 53 891803;
1786 1132 48 45 C.
1867 1133 250 51 Hamilton,
2151 1134 118 44 New
2299 1135 142 43 York.

533 1187 267 55 (26-12321)

450 1259 191 69 Horn,
687 1260 243 70 Ernest,
975 1259 188 59 1882-

526 1336 362 71 Lippincott
903 1340 46 53 ’s
994 1356 134 38 new
1171 1337 553 73 Horn-Ashbaugh
1771 1339 246 71 speller,
449 1338 1974 149 incorporating

590 1415 103 57 the
727 1414 271 72 findings
1034 1414 66 57 of
1136 1434 36 37 a
1206 1415 249 56 tabular
1492 1414 277 72 analysis
1805 1416 67 57 of
1908 1417 300 70 5,100,000
2240 1416 204 58 words

453 1491 1991 74 of ordinary writing, by Ernest Horn … and Ernest J.
448 1569 1974 147 Ashbaugh … for grades one to eight. Philadelphia, Chicago
652 1647 1268 69 [etc.] J. B. Lippincott company [ c 1926]
519 1742 130 33 xxx,
670 1726 90 49 131,
800 1726 79 45 [19]
917 1740 38 37 p.
1016 1725 142 52 diagr.
1223 1725 51 43 19½
1325 1726 29 17 cm
1360 1760 6 7 .

452 1781 55 53 ©
539 1783 110 52 Apr.
682 1783 67 49 29,
786 1782 107 43 1926
906 1797 8 36 ;
948 1782 64 43 2c.
1045 1782 87 42 and
1165 1782 78 42 aff.
1278 1782 115 51 June
1428 1780 74 53 10;
1537 1781 44 42 A
1617 1779 186 54 897066;
1839 1782 40 51 J.
1915 1781 49 43 B.
2002 1780 256 53 Lippincott
2291 1796 65 29 co.

533 1837 267 57 (26-12295)

453 1910 212 58 Idaho.
752 1912 302 69 Supreme
1104 1914 191 52 court.

529 1987 1911 72 Reports of cases argued and determined … By I. W.
453 2066 167 57 Hart
669 2065 321 71 (ex-officio
1035 2063 317 72 reporter)
1438 2084 57 37 v.
1538 2066 91 55 41.
1712 2064 127 57 San
1881 2064 356 74 Francisco,

452 2065 1969 148 Bancroft-Whitney
977 2160 323 55 company,
1342 2143 165 56 1926.

519 2220 112 51 xliii,
664 2220 83 42 860
782 2234 37 36 p.
882 2219 53 43 22½
971 2222 46 17 cm
1024 2253 8 7 .

451 2274 53 54 ©
538 2278 108 50 May
676 2275 65 51 27,
776 2276 128 51 1926;
935 2276 65 43 2c.
1032 2277 116 51 June
1176 2276 49 50 4;
1258 2276 78 42 aff.
1367 2276 116 51 June
1510 2275 78 51 28;
1620 2275 43 42 A
1693 2273 189 54 891985;
1918 2276 34 42 I.
1985 2276 76 44 W.
2094 2276 133 51 Hart,
2263 2276 75 43 for
2368 2276 74 44 the

521 2334 164 42 benefit
716 2334 50 41 of
797 2333 75 43 the
903 2339 118 37 state
1051 2333 52 43 of
1136 2333 155 52 Idaho,
1327 2331 94 47 San
1452 2331 254 44 Francisco.

446 2404 257 69 Kanter,
743 2404 320 57 Emanuel.

529 2484 128 56 The
695 2482 345 71 Amazons;
1080 2502 36 37 a
1153 2482 293 57 Marxian
1487 2483 203 71 study,
1728 2483 84 71 by
1849 2482 307 57 Emanuel
2192 2481 249 59 Kanter

518 2560 1412 74 … Chicago, C. H. Kerr & company [ c 1926]
526 2643 72 41 121
628 2657 39 36 p.
732 2638 48 45 17½
835 2643 27 16 cm
869 2676 8 8 .

452 2694 52 54 ©
539 2697 111 51 May
681 2697 64 50 18,
781 2696 129 51 1926;
941 2696 64 43 2c.
1037 2694 92 45 and
1156 2696 78 43 aff.
1266 2696 118 52 June
1417 2695 73 51 14;
1527 2695 44 42 A
1603 2692 187 55 891740;
1828 2693 188 45 Charles
2051 2695 62 44 H.
2147 2694 122 43 Kerr
2303 2695 38 43 &
2374 2708 66 31 co.

530 2752 267 55 (26-12339)

449 2823 202 70 Klein,
694 2823 229 73 Philip,
968 2826 188 57 1889-

523 2901 370 58 Vocational
922 2904 245 68 aspects
1197 2901 67 57 of
1292 2900 223 72 family
1545 2900 189 57 social
1759 2900 201 71 work;
1988 2900 103 57 the
2122 2900 226 57 second
2376 2898 68 58 of

449 3000 37 37 a
535 2980 193 57 series
780 2980 65 56 of
894 2979 354 57 vocational
1298 2978 257 70 studies,
1605 2979 81 70 by
1733 2977 211 71 Philip
1995 2977 207 58 Klein.
2293 2976 148 57 New

447 3058 189 71 York,
672 3058 128 56 The
836 3056 335 58 American
1207 3055 379 58 association
1620 3055 67 58 of
1722 3055 191 59 social
1945 3054 292 73 workers,
2275 3054 166 57 1926.

518 3134 807 54 44 p. incl. front. (map) 23 cm .
520 3192 350 53 Bibliography:
907 3207 38 37 p.
976 3192 150 42 43-44.

450 3249 54 53 ©
537 3251 110 51 May
676 3250 65 50 24,
778 3248 128 52 1926;
938 3248 65 42 2c.
1036 3248 86 42 and
1153 3248 78 42 aff.
1263 3247 115 52 June
1410 3244 48 54 5;
1493 3246 44 42 A
1568 3244 187 53 897029;
1789 3245 248 44 American
2065 3259 104 29 assn.
2214 3243 52 44 of
2300 3241 140 46 social

520 3307 217 43 workers.
809 3302 267 56 (26-12215)

449 3376 359 76 [Kuftzahn,
852 3377 195 56 Ernst
1086 3374 271 74 Tristan]
1403 3376 187 56 1879-

589 3448 1851 76 … Die gnostiker oder Die unsichtbare kirche. Bad
448 3530 481 71 Schmiedeberg
958 3528 129 59 und
1121 3528 276 72 Leipzig,
1435 3528 70 56 F.
1544 3528 72 56 E.
1654 3527 347 71 Baumann,
2041 3526 166 58 1925.

515 3603 1203 56 2 p. l., vii-viii, 178, [1] p. fold, diagr. 21½ cm .
515 3662 62 44 At
605 3661 119 45 head
753 3663 53 42 of
835 3661 124 45 title:
996 3660 48 48 +
1079 3660 52 46 E.
1160 3659 190 46 Tristan
1382 3661 46 42 K
1459 3664 46 39 .'.

516 3717 303 45 “Gnostische
848 3716 212 48 literatur
1099 3716 109 54 (mit
1237 3716 261 53 proben)”:
1529 3731 40 38 p.
1603 3716 207 47 124—[160]

517 3773 578 49 “Literaturverzeichnis”
1113 3788 9 28 :
1158 3788 40 38 p.
1237 3772 205 47 172—[175]

447 3828 1990 56 © Dec. 23, 1925; 1c. Mar. 9, 1926; A—Foreign 30494; F. E. Baumanns
519 3888 168 53 verlag,
727 3888 169 43 Lothar
936 3888 248 43 Baumann.
1253 3886 269 55 (26-12336)
