2542 4285
1324 3970 111 55 466

407 336 253 71 [Garret,
699 337 211 74 Philip
945 337 51 58 L]

480 427 250 72 Buying
764 448 36 36 a
833 429 194 71 bond;
1063 429 187 73 being
1282 451 36 36 a
1354 430 245 71 reprint
1634 431 68 57 of
1736 451 36 38 a
1808 432 192 57 series
2036 434 68 56 of
2139 433 249 58 articles

404 523 76 37 on
513 505 163 57 bond
709 505 253 73 buying,
996 506 197 58 which
1227 507 335 72 originally
1598 510 316 69 appeared
1949 510 64 56 in
2049 510 339 73 Barron’s;

403 582 101 58 the
539 582 279 58 national
849 583 291 58 financial
1172 586 250 70 weekly.
1504 585 152 58 New
1687 586 190 71 York,
1911 587 339 72 Barron’s;
2286 589 103 57 the

399 660 280 57 national
710 660 290 58 financial
1030 661 235 73 weekly
1300 663 179 71 [1925]

470 749 542 55 4 p. l ., 157 p. 19 cm .
472 820 96 53 “By
603 820 154 54 Philip
790 823 48 42 L.
878 821 202 45 Carret.”

472 876 199 46 “Fourth
704 878 201 53 printing
940 878 247 53 February,
1227 877 146 46 1925.”

399 944 52 53 ©
485 947 110 53 Apr.
627 949 66 51 23,
731 949 106 43 1924;
893 950 65 42 2c.
993 950 111 51 Apr.
1139 950 66 52 24,
1242 950 128 52 1926;
1407 950 77 43 aff.
1521 951 117 42 Mar.
1677 951 74 51 10;
1787 950 43 42 A
1864 948 189 52 891191;
2090 946 143 53 Hugh
465 946 1901 110 Bancroft,
640 1005 182 43 Boston.
893 1004 241 55 (26-9656)

404 1098 343 72 Gatapang,
785 1097 268 58 Vincent
1088 1098 70 56 R.

479 1189 127 56 The
632 1189 433 70 development
1089 1189 123 57 and
1237 1188 104 57 the
1365 1191 258 68 present
1647 1191 203 56 status
1876 1189 68 57 of
1970 1188 325 57 education
2320 1187 63 57 in

399 1264 1917 75 the Philippine Islands, by Rev. Vincent R. Catapang …
397 1344 254 71 Boston,
681 1343 211 73 Mass.,
922 1344 128 57 The
1078 1343 329 59 Stratford
1434 1363 320 52 company,
1781 1345 163 55 1926.

474 1434 1222 55 4 p. l., xvii, 137 p. front. (port.) plates. 19 cm .
469 1506 347 52 Bibliography:
843 1522 40 36 p.
913 1504 199 45 117-120.

395 1573 52 53 ©
478 1575 111 52 Apr.
625 1575 62 49 16,
721 1574 129 53 1926;
883 1575 65 42 2c.
981 1576 112 51 Apr.
1126 1575 78 52 20;
1238 1575 78 43 aff.
1350 1574 112 53 Apr.
1494 1574 78 53 22;
1609 1574 42 43 A
1683 1574 189 52 891100;
1913 1572 231 48 Stratford
2177 1590 65 27 co.

472 1629 241 55 (26-9617)

401 1728 1079 72 Charska i͡a , Lidï i͡a Aleksi͡eevna.
477 1818 382 73 Fledglings,
907 1839 69 37 as
1025 1820 130 56 told
1199 1820 84 71 by
1328 1820 175 71 Lida,
1552 1820 177 57 chum
1777 1820 67 56 of
1891 1820 158 57 little
2096 1819 292 58 Princess

400 1896 180 73 Nina,
624 1898 82 70 by
750 1894 65 59 L.
861 1897 76 56 A.
985 1896 395 72 Charskaya;
1427 1898 350 57 translated
1824 1898 122 56 and
1992 1898 272 70 adapted
2307 1899 81 71 by

398 1975 1988 73 Hana Muskov á Shaw, frontispiece by C. C. Snell. New
397 2053 187 72 York,
615 2054 77 56 H.
725 2055 155 56 Holt
909 2055 124 57 and
1063 2073 306 53 company
1400 2084 14 44 [
1415 2063 18 21 c
1437 2056 163 71 1926]

494 2166 9 17 v,
525 2129 81 45 277
629 2145 39 38 p.
728 2131 82 44 col.
837 2131 137 44 front.
1038 2133 51 43 19½
1123 2135 45 17 cm
1175 2168 8 8 .

392 2188 52 53 ©
475 2190 111 51 Apr.
621 2190 61 50 19,
721 2189 128 52 1926;
881 2190 64 42 2c.
977 2191 111 50 Apr.
1120 2190 54 42 22;
1233 2190 77 43 aff.
1345 2191 112 51 Apr.
1490 2190 78 51 23;
1605 2189 42 43 A
1680 2187 189 54 890453;
1906 2189 161 52 Henry
2101 2189 115 44 Holt
2250 2190 36 43 &
2318 2205 65 28 co.

469 2244 241 55 (26-9571)

393 2340 380 73 Chesterton,
817 2344 243 58 Gilbert
1099 2343 208 58 Keith.

469 2436 126 57 The
632 2436 185 72 ghost
852 2436 68 56 of
955 2428 238 67 Gideon
1229 2436 191 57 Wise.

463 2513 80 51 (In
581 2514 216 41 Cassell’s
831 2514 257 52 magazine,
1123 2514 127 52 Apr.,
1289 2513 127 52 1926)

390 2567 1993 54 © 1c. May 18, 1926; A ad int. 8180; pubd. Mar. 30; Dodd, Mead & co.,
459 2624 96 53 inc.,
593 2625 116 44 New
745 2624 142 44 York.

394 2723 212 73 Cover,
649 2723 169 58 John
858 2722 260 73 Higson,

467 2814 441 72 Advertising;
956 2815 84 57 its
1087 2815 314 71 problems
1447 2816 124 56 and
1614 2814 302 72 methods,
1960 2815 85 70 by
2087 2813 169 59 John
2302 2813 78 57 H.

393 2890 1989 74 Cover … with a chapter on market analysis, by Percival
387 2962 1995 81 White … New York, London, D . Appleton and company,
390 3049 164 56 1926.

458 3125 1075 54 xiv p., 1 l., 319 p. illus., diagrs. 22½ cm .
461 3182 325 53 Bibliography:
847 3198 39 37 p.
922 3182 203 45 309-313.

385 3238 54 53 ©
472 3240 109 51 Apr.
621 3240 62 51 16,
719 3240 130 52 1926;
882 3241 65 41 2c.
981 3240 87 43 and
1104 3240 77 42 aff.
1216 3239 111 53 Apr.
1361 3237 79 54 27;
1476 3240 44 41 A
1554 3239 188 52 891190;
1782 3240 55 43 D.
1873 3239 227 53 Appleton
2134 3240 88 43 and
2256 3255 66 28 co.

465 3294 241 55 (26-9657)

388 3395 135 71 Dry
549 3393 156 58 milk
735 3410 320 58 company,
1089 3395 150 58 New
1277 3395 186 57 York.

465 3484 285 74 Original
782 3485 554 60 diets—classified
1371 3486 122 58 and
1527 3486 360 71 calculated,
1920 3485 151 58 with
388 3486 1963 135 particular
523 3564 320 58 reference

881 3568 62 54 to
982 3564 163 59 diets
1183 3564 105 58 for
1324 3564 103 57 the
1464 3564 329 73 nephritic,
1832 3564 104 58 the
1976 3565 398 57 tuberculous

390 3643 123 56 and
557 3642 104 57 for
709 3641 294 59 children.
1089 3642 150 57 New
1282 3641 189 74 York,
1520 3642 127 57 The
1694 3641 137 73 Dry
1876 3642 150 56 milk
2069 3661 305 53 company

392 3750 12 43 [
405 3728 21 22 c
429 3721 162 72 1926]

426 3795 579 56 dip, l., 5-72 p. 21½ cm .
382 3851 55 55 ©
465 3854 116 42 Mar.
612 3851 60 51 15,
702 3853 129 52 1926;
859 3853 64 44 2c.
952 3854 87 43 and
1064 3854 77 43 aff.
1170 3853 111 53 Apr.
1313 3852 73 53 16;
1416 3855 44 41 A
1488 3851 186 54 890374;
1706 3853 99 53 Dry
1833 3852 113 45 milk
1968 3868 67 30 co.

463 3908 241 57 (26-9789)
