2542 4285
1372 3908 108 55 266

445 280 263 72 Mather,
751 280 255 58 Charles
1043 282 243 73 Ernest,
1325 285 188 57 1866-

519 371 140 57 Life
694 369 330 59 insurance
1066 373 385 73 accounting,
1491 373 83 72 by
1612 372 257 61 Charles
1908 375 235 59 Ernest
2181 378 250 58 Mather

509 449 1697 78 … New York, The Ronald press company [ c 1926]
511 527 72 49 vii,
618 527 78 42 118
724 541 39 37 p.
795 526 99 44 incl.
926 526 158 44 forms.
1148 527 47 44 18½
1232 530 15 17 cm
1285 562 8 8 .
1362 527 301 53 (Ronograph
1692 529 183 53 library,
1909 544 70 30 no.
2010 531 79 52 42)

441 582 54 53 ©
525 585 118 41 Mar.
675 581 62 53 17,
770 583 129 52 1926;
929 583 64 44 2c.
1024 585 118 42 Mar.
1176 584 74 52 19;
1281 584 80 43 aff.
1392 585 118 42 Mar.
1539 585 79 52 20;
1649 585 43 42 A
1722 587 189 51 883701;
1945 588 177 43 Ronald
2153 602 124 37 press
2307 602 64 29 co.

520 639 240 54 (26-7004)

440 737 287 69 Mecklin,
765 737 170 59 John
967 737 274 73 Moffatt,
1281 741 188 56 1871-

521 828 128 58 The
694 827 280 59 survival
1015 829 183 57 value
1240 829 70 57 of
1352 827 435 79 Christianity,
1830 830 83 72 by
1954 830 169 60 John
2166 831 259 58 Moffatt

444 905 1981 77 Mecklin … New York, Harconrt, Brace and company
445 986 200 72 [ c 926]
506 1061 703 55 3 p. l., v-viii, 260 p. 19½ cm .
438 1116 53 54 ©
523 1119 116 42 Mar.
669 1118 39 50 4,
740 1118 129 50 1926;
898 1118 53 42 2c
993 1118 86 42 and
1109 1118 79 42 aff.
1221 1119 119 42 Mar.
1370 1116 79 53 25;
1480 1119 44 41 A
1555 1117 188 53 883754;
1778 1120 247 50 Harcourt,
2058 1120 141 43 Brace
2231 1120 86 43 and
2346 1134 80 36 co.,

506 1176 83 41 inc.
658 1173 242 55 (26-7189)

437 1271 338 73 Michigan.
854 1273 303 71 Supreme
1200 1277 191 52 court.

515 1362 1911 73 Michigan reports. Cases decided … from April 3 to
438 1441 186 71 April
680 1442 89 69 24,
824 1442 165 54 1925.
1099 1440 278 57 Richard
1427 1440 97 57 W.
1583 1438 259 74 Cooper,
1899 1444 161 54 state
2117 1444 291 68 reporter.

435 1537 56 37 v.
527 1519 125 56 230.
726 1520 99 54 1st
855 1520 90 55 ed.
1021 1516 289 73 Chicago,
1344 1516 345 73 Callaghan
1718 1518 48 56 &
1797 1537 320 53 company,
2154 1521 164 55 1926.

501 1594 130 51 xxix,
665 1593 77 44 772
775 1609 39 37 p.
873 1594 52 43 23
933 1596 47 17 cm
986 1628 8 8 .

435 1648 53 53 ©
519 1649 105 43 Feb.
660 1651 63 50 18,
756 1650 129 51 1926;
917 1650 66 41 2c.
1015 1650 88 41 and
1133 1650 79 42 aff.
1242 1648 107 44 Feb.
1379 1650 78 50 23;
1491 1651 44 40 A
1567 1650 187 51 883400;
1791 1649 187 44 Charles
2011 1652 40 54 J.
2085 1652 214 50 DeLand,
506 1666 1898 92 secretary

688 1706 51 43 of
770 1713 114 36 state
917 1706 73 42 for
1023 1705 74 43 the
1132 1712 114 36 state
1280 1705 51 43 of
1364 1704 248 53 Michigan,
1647 1705 212 53 Lansing,
1894 1706 140 44 Mich.

433 1805 229 69 Moore,
694 1802 311 73 Virginia.

509 1895 125 57 Not
664 1913 231 53 poppy,
928 1895 83 70 by
1040 1893 292 73 Virginia
1366 1894 233 56 Moore.
1683 1893 151 58 New
1865 1893 191 73 York,
2090 1894 338 72 Harcourt,

430 1972 924 72 Brace and company [ c 1926]
500 2051 91 51 xiv,
622 2052 77 43 109
724 2065 40 38 p.
824 2049 53 44 20
884 2052 15 17 cm
938 2085 8 8 .

504 2109 179 42 Poems.

433 2164 52 53 ©
515 2167 117 41 Mar.
664 2165 61 50 18,
758 2164 129 51 1926;
915 2164 64 42 2c.
1008 2164 87 42 and
1122 2164 80 42 aff.
1232 2164 118 42 Mar.
1378 2161 78 53 25;
1486 2163 44 41 A
1559 2161 187 53 883753;
1779 2164 246 50 Harcourt,
2055 2164 143 42 Brace
2226 2164 86 43 and
2343 2178 80 36 co.,

502 2223 81 42 inc.
652 2219 242 56 (26-7279)

432 2320 246 71 Nelson,
713 2319 76 58 H.
825 2320 89 73 B.,
946 2318 116 57 inc.

508 2408 1916 75 Wisconsin tax service … Milwaukee, H. B. Nelson,
432 2494 114 54 inc.
579 2521 13 43 [
592 2497 20 22 c
616 2490 164 72 1926]

502 2572 24 43 3
556 2587 41 27 v.
657 2567 157 46 forms.
873 2564 54 47 25
934 2569 48 19 cm
988 2604 9 9 .

502 2624 277 47 Loose-leaf.

500 2680 124 45 Title
649 2681 122 44 from
796 2694 148 31 cover.

501 2738 104 44 Vol.
638 2740 19 42 1
690 2736 37 46 is
759 2736 75 44 the
864 2737 56 43 3d
952 2733 183 51 edition,
1169 2732 176 46 revised
1377 2731 88 46 and
1498 2730 212 54 enlarged
1742 2732 51 47 of
1821 2732 101 45 The
1950 2732 264 46 Wisconsin
2246 2734 176 46 income

432 2807 79 34 tax
540 2793 101 52 law,
668 2791 389 52 interpretations,
1087 2789 174 51 rulings
1291 2788 89 46 and
1409 2796 132 37 court
1570 2788 238 52 decisions,
1839 2791 60 49 by
1928 2790 163 51 Henry
2121 2791 51 42 B.
2204 2790 188 45 Nelson.

759 2873 68 18 CONTENTS.—V
859 2879 10 10 .
903 2851 35 38 1.
973 2848 109 43 Law
1114 2848 87 43 and
1231 2844 406 53 compilation.—V.
1671 2849 36 38 2.
1745 2846 184 43 Income
1963 2856 92 41 tax,
2090 2846 175 52 weekly
432 2861 1968 92 service.—V.
634 2912 39 36 3.
701 2907 225 50 Property
949 2904 88 44 and
1062 2901 278 46 inheritance
1362 2910 95 37 tax.

428 2960 53 54 ©
514 2961 106 43 Feb.
651 2961 65 49 20,
752 2959 106 43 1926
872 2973 9 37 ;
911 2958 66 42 2c.
1011 2957 108 43 each
1150 2957 87 43 and
1268 2956 78 43 aff.
1381 2957 118 41 Mar.
1532 2956 77 50 22;
1644 2956 44 41 A
1721 2954 190 53 889070;
1947 2957 161 52 Henry
2144 2956 51 43 B.
2232 2954 188 52 Nelson,

497 3017 286 44 Milwaukee.
852 3013 242 55 (26-7131)

428 3101 224 70 Oertel,
687 3099 319 58 Theodore
1044 3099 270 70 Eugene,
1352 3099 189 56 1864-

503 3192 159 58 Jack
692 3190 412 69 Sutherland;
1138 3213 34 36 a
1202 3188 123 57 tale
1357 3187 68 57 of
1452 3187 244 72 Bloody
1721 3187 233 72 marsh,
1984 3188 84 71 by
2099 3187 322 57 Theodore

427 3270 72 57 E.
548 3270 242 69 Oertel;
836 3267 361 57 illustrated
1238 3266 84 71 by
1364 3265 79 56 H.
1493 3264 68 57 L.
1608 3264 325 73 Hastings.
2036 3264 152 58 New
2231 3262 189 72 York,

426 3343 1235 74 Thomas Y. Crowell company [ c 1926]
496 3425 60 52 ix,
584 3424 79 45 325
695 3440 39 37 p.
808 3424 79 45 col.
922 3424 150 46 front.,
1103 3421 65 44 col
1216 3421 158 53 plates,
1403 3434 115 38 map.
1577 3419 54 44 20½
1665 3423 15 17 cm
1718 3455 8 8 .

426 3482 53 52 ©
510 3484 117 41 Mar.
662 3483 62 50 16,
756 3481 129 51 1926;
918 3481 64 41 2c.
1014 3480 86 42 and
1130 3479 78 43 aff.
1241 3480 120 41 Mar.
1395 3478 75 51 19;
1504 3477 43 42 A
1579 3476 188 52 879905;
1799 3476 201 44 Thomas
2033 3477 56 42 Y.
2125 3475 195 45 Crowell
2350 3489 65 29 co.

505 3538 240 54 (26-7019)

426 3622 261 70 Paillou,
724 3620 198 58 Emile
957 3620 54 58 R
1326 3620 188 57 1865-

500 3711 200 58 Home
749 3714 164 53 town
964 3710 299 70 sketches,
1310 3710 83 70 by
1440 3707 202 58 Emile
1692 3709 71 56 R.
1816 3706 262 57 Paillou.
2160 3705 258 70 Boston,

422 3791 211 59 Mass.,
668 3789 130 57 The
831 3788 330 58 Stratford
1191 3805 321 45 company,
1545 3786 164 56 1926.
