2542 4285
1316 4033 151 57 1190

471 491 354 55 144 p. 19 ½ cm .
393 548 55 54 ©
483 551 99 43 Oct.
618 550 35 50 1,
688 548 129 53 1926;
850 549 63 42 2c.
946 548 87 43 and
1063 548 79 43 aff.
1177 548 102 44 Oct.
1312 547 51 52 9;
1399 547 44 43 A
1476 547 187 53 949442;
1700 548 237 43 Dorrance
1970 547 38 44 &
2037 561 79 37 co.,
2152 546 81 44 inc.

472 605 269 56 (26-17842)

397 707 191 70 Stote,
625 705 301 73 Dorothy.

473 797 260 73 Making
777 798 104 56 the
928 800 167 54 most
1142 796 68 58 of
1256 814 161 54 your
1463 796 191 72 looks,
1703 796 83 71 by
1830 795 290 73 Dorothy
2171 795 208 72 Stote;

394 875 360 57 illustrated
798 875 83 71 by
925 875 175 72 Judy
1144 872 317 60 Bushnell.
1549 874 151 57 New
1744 873 189 73 York,
1980 873 400 73 Brentano’s,

395 954 165 56 1926.

463 1027 790 54 4 p. l. , 3-312 p. illus. 19 ½ cm .
393 1084 54 54 ©
474 1086 99 44 Oct.
603 1086 62 52 12,
695 1085 129 53 1926;
851 1086 63 43 2c.
939 1086 87 43 and
1049 1086 80 43 aff.
1158 1086 101 44 Oct.
1289 1085 73 53 15;
1392 1086 43 42 A
1464 1085 187 53 950466;
1682 1085 278 53 Brentano’s,
1987 1084 83 45 inc.

472 1142 270 56 (26-18158)

397 1242 222 72 Street,
655 1242 245 59 Arthur
933 1243 289 58 Leonard
1256 1242 259 72 Howell,
1555 1246 187 57 1877-

472 1347 129 59 The
633 1347 204 59 miller
871 1349 123 56 and
1027 1349 103 57 the
1163 1349 149 70 law;
1350 1369 36 37 a
1419 1348 328 57 handbook
1783 1347 68 58 of
1883 1348 164 73 legal
2079 1348 305 58 decisions

395 1425 300 72 specially
728 1425 302 73 affecting
1062 1426 157 57 flour
1251 1424 245 74 milling
1531 1427 122 56 and
1688 1423 188 60 allied
1907 1424 363 74 industries,
2304 1426 84 70 by

392 1502 1995 73 Arthur L. H. Street … Minneapolis, Minn., The Miller
393 1581 361 73 publishing
787 1600 323 54 company,
1142 1591 20 21 c
1165 1582 165 56 1926.

463 1657 66 44 xii
558 1674 55 38 p.,
646 1659 19 42 1
715 1693 23 19 l.,
769 1657 82 45 734
880 1672 40 38 p.
978 1659 56 43 24½cm.

466 1715 70 46 “It
567 1714 37 45 is
636 1715 191 53 planned
861 1714 97 46 that
990 1715 117 53 legal
1139 1714 180 45 articles
1354 1715 60 53 by
1445 1714 75 44 the
1554 1714 162 45 author
1747 1713 246 55 appearing
2025 1714 45 44 in
2104 1712 75 47 the
394 1713 1972 105 Northwestern

618 1771 148 45 miller
799 1772 120 44 after
954 1771 274 54 publication
1262 1771 52 45 of
1346 1770 89 46 this
1470 1771 130 45 work
1632 1768 89 47 will
1756 1784 135 41 carry
1925 1770 286 54 appropriate
395 1770 1972 105 references

562 1836 50 38 to
646 1828 172 46 section
852 1830 211 43 numbers
1101 1828 51 45 of
1189 1828 88 45 this
1318 1827 192 46 volume.
1569 1828 55 44 In
1659 1825 90 48 this
1788 1843 100 38 way
1928 1827 74 46 the
2038 1827 120 46 book
2194 1843 103 39 may
2335 1827 53 46 be

393 1888 106 52 kept
530 1886 181 46 abreast
740 1885 51 45 of
821 1886 152 44 future
1003 1894 130 36 court
1163 1884 452 46 decisions.”—Pref.

392 1943 54 54 ©
475 1945 100 44 Oct.
608 1945 34 50 1,
678 1944 128 52 1926;
837 1944 64 44 2c.
934 1944 102 44 Oct.
1067 1941 49 54 5;
1148 1943 79 44 aff.
1260 1943 102 44 Oct.
1396 1944 74 51 11;
1503 1943 43 42 A
1578 1941 189 53 949495;
1802 1942 157 45 Miller
1987 1942 101 53 pub.
2120 1957 65 30 co.

470 2000 270 57 (26-17935)

395 2100 300 71 Sturmer,
735 2100 209 59 Julius
981 2099 298 74 William,
1319 2102 190 58 1870-

465 2191 371 60 Rudiments
875 2195 69 57 of
980 2192 205 72 Latin,
1222 2191 152 60 with
1413 2193 231 73 special
1682 2194 319 58 reference
2039 2196 63 55 to
2140 2193 104 59 the
387 2209 1971 123 nomenclature

798 2273 69 58 of
896 2270 104 61 the
1028 2271 78 59 U.
1141 2272 61 59 S.
1232 2268 540 76 pharmacopoeia,
1806 2273 106 57 the
1941 2269 280 60 national
386 2272 1974 151 formulary,

681 2348 124 61 and
830 2349 104 60 the
959 2350 350 59 text-books
1335 2348 66 60 in
1425 2348 268 59 materia
1716 2348 241 59 medica
1984 2352 124 56 and
2132 2352 251 71 botany.

389 2427 330 74 Including
751 2426 132 61 also
917 2426 424 74 prescription
1372 2425 256 76 writing
1660 2429 125 58 and
1815 2430 178 57 notes
2030 2446 80 39 on
2143 2428 104 59 the
388 2447 1972 118 nomenclature

797 2507 68 58 of
890 2506 104 59 the
1022 2505 272 61 German
1320 2504 540 75 pharmacopoeia,
1886 2507 85 72 by
1997 2503 211 64 Julius
387 2505 1975 138 William

585 2583 1800 74 Sturmer … 3d ed. [Lancaster, Pa.] The author
392 2695 13 42 [
406 2672 20 23 c
429 2664 163 72 1926]

461 2742 77 46 123
566 2757 42 36 p.
666 2741 56 45 20
728 2743 46 19 cm
781 2776 9 9 .

391 2794 54 54 ©
471 2796 100 44 Oct.
602 2796 35 52 1,
667 2794 129 54 1926;
820 2795 66 43 2c.
916 2794 101 45 Oct.
1044 2794 50 52 4;
1123 2794 79 44 aff.
1232 2794 101 44 Oct.
1364 2793 48 52 5;
1441 2793 44 43 A
1513 2792 189 55 949454;
1732 2794 39 53 J.
1800 2795 74 44 W.
1907 2793 218 54 Sturmer,
461 2794 1898 111 Collingswood,

637 2853 59 43 N.
728 2853 41 52 J.
838 2849 272 58 (26-17957)

395 2952 340 74 Sugimoto,
775 2953 159 57 Etsu
978 2951 326 74 (Inagaki)

468 3041 176 59 With
675 3043 166 56 Taro
875 3042 124 58 and
1029 3041 187 58 Hana
1244 3042 65 56 in
1340 3042 231 71 Japan,
1602 3042 83 72 by
1714 3042 164 58 Etsu
1910 3041 265 75 Inagaki
392 3044 1972 134 Sugimoto

593 3122 123 56 and
747 3119 221 72 Nancy
996 3119 294 73 Virginia
1322 3120 274 71 Austen;
1629 3119 150 59 with
1809 3120 420 62 illustrations
2265 3122 123 57 and

393 3197 392 60 decorations
822 3198 84 71 by
941 3197 241 73 George
1216 3198 96 58 W.
1352 3197 200 58 Hood.
1634 3197 152 59 New
1820 3197 189 75 York,
2048 3198 341 59 Frederick

393 3276 74 59 A.
502 3275 221 60 Stokes
755 3294 321 53 company,
1106 3276 164 59 1926.

463 3352 1105 56 3 p. l. , 120 p. col. front., col. illus. 20 cm .
391 3409 54 54 ©
476 3411 121 53 Sept.
624 3412 68 50 23,
722 3410 108 45 1926;
881 3411 64 43 2c.
976 3411 87 43 and
1091 3411 78 43 aff.
1202 3410 119 52 Sept.
1350 3410 79 53 24;
1461 3411 44 43 A
1534 3408 189 55 950177;
1756 3409 247 45 Frederick
2031 3411 58 44 A.
2123 3409 163 47 Stokes
2316 3425 66 29 co.

471 3468 268 55 (26-18092)

394 3553 257 74 Swartz,
692 3553 276 60 Roberta
1006 3554 203 58 Teale.

473 3645 279 74 Lilliput,
794 3648 84 71 by
915 3647 278 59 Roberta
1235 3646 189 58 Teale
1465 3646 256 59 Swartz.
1801 3645 153 59 New
1989 3645 191 74 York,
395 3646 1965 152 Harcourt,

616 3724 200 59 Brace
847 3727 123 56 and
999 3744 306 54 company
1335 3726 201 73 [c1926]

463 3802 91 54 viii,
590 3801 54 47 57
676 3818 41 39 p.
779 3804 52 45 19½
864 3807 48 18 cm
917 3840 10 9 .

464 3860 176 46 Poems.

392 3913 55 54 ©
480 3914 120 53 Sept.
630 3914 67 51 30,
730 3915 129 52 1926;
890 3915 65 44 2c.
987 3916 86 43 and
1104 3915 79 44 aff.
1214 3915 102 45 Oct.
1347 3914 51 54 7;
1432 3916 43 42 A
1506 3915 189 53 949392;
1730 3916 249 52 Harcourt,
2013 3915 143 44 Brace
2186 3915 88 44 and
2303 3929 81 39 co.,

463 3971 82 45 inc.
614 3972 270 56 (26-17720)
