<alto xmlns="http://www.loc.gov/standards/alto/ns-v3#" xmlns:xlink="http://www.w3.org/1999/xlink" xmlns:xsi="http://www.w3.org/2001/XMLSchema-instance" xsi:schemaLocation="http://www.loc.gov/standards/alto/ns-v3# http://www.loc.gov/alto/v3/alto-3-0.xsd"><Description>
<MeasurementUnit>pixel</MeasurementUnit>
<sourceImageInformation>
<fileName>1926_v23_Part001.pdf</fileName>
</sourceImageInformation>
<OCRProcessing ID="IdOcr">
<ocrProcessingStep>
<processingDateTime>2019-04-10</processingDateTime>
<processingSoftware>
<softwareCreator>ABBYY</softwareCreator>
<softwareName>ABBYY Recognition Server</softwareName>
<softwareVersion>4.0</softwareVersion>
</processingSoftware>
</ocrProcessingStep>
</OCRProcessing>
</Description>
<Styles>
<ParagraphStyle ID="StyleId-FFFFFFFF-FFFF-FFFF-FFFF-FFFFFFFFFFFF-" ALIGN="Left" LEFT="0." RIGHT="0." FIRSTLINE="0."/>
<ParagraphStyle ID="StyleId-22C3EA86-D171-42E2-A7D2-9A866F7D91F9-" ALIGN="Left" LEFT="0." RIGHT="0." FIRSTLINE="0." LINESPACE="8.300000191"/>
<ParagraphStyle ID="StyleId-E3FA4CC6-F5E5-41CA-B4C4-90085BF71B6C-" ALIGN="Block" LEFT="0." RIGHT="0." FIRSTLINE="-14." LINESPACE="8.050000191"/>
<ParagraphStyle ID="StyleId-41118DB3-028A-4115-95B3-BB512DD0EDAE-" ALIGN="Left" LEFT="0." RIGHT="0." FIRSTLINE="-13." LINESPACE="13.30000019"/>
<ParagraphStyle ID="StyleId-A2FB4C2B-BF87-45AD-9689-33B0118FBFC1-" ALIGN="Block" LEFT="0." RIGHT="0." FIRSTLINE="-14." LINESPACE="11.06999969"/>
<ParagraphStyle ID="StyleId-BBBA7B5D-FE2B-4BC7-AC7D-F142900C21B8-" ALIGN="Block" LEFT="0." RIGHT="0." FIRSTLINE="0." LINESPACE="8.899999619"/>
<ParagraphStyle ID="StyleId-3CEA3EEE-4341-4E33-9EF0-A9438AB90A9B-" ALIGN="Center" LEFT="0." RIGHT="0." FIRSTLINE="0." LINESPACE="12.19999981"/>
<ParagraphStyle ID="StyleId-817955BE-3120-4B53-BBD3-920BAE733BFF-" ALIGN="Left" LEFT="0." RIGHT="0." FIRSTLINE="0." LINESPACE="12.19999981"/>
<ParagraphStyle ID="StyleId-456A266C-F799-486A-ACB1-75B61E9815AB-" ALIGN="Left" LEFT="0." RIGHT="0." FIRSTLINE="-13." LINESPACE="8.18999958"/>
<ParagraphStyle ID="StyleId-6A1E9ED6-E5EA-4E31-BD5A-88089B8D7134-" ALIGN="Right" LEFT="0." RIGHT="0." FIRSTLINE="0." LINESPACE="7.699999809"/>
<ParagraphStyle ID="StyleId-C11ABF73-04BC-4F6E-B7E4-01FCA3A26756-" ALIGN="Left" LEFT="0." RIGHT="0." FIRSTLINE="-13." LINESPACE="12.19999981"/>
<ParagraphStyle ID="StyleId-662CF6CF-DB5F-40BE-AD24-E877ED82DD6F-" ALIGN="Block" LEFT="0." RIGHT="0." FIRSTLINE="-14." LINESPACE="11.06999969"/>
<ParagraphStyle ID="StyleId-9361006B-74B5-41BD-BFD3-03318AD64910-" ALIGN="Left" LEFT="0." RIGHT="0." FIRSTLINE="0." LINESPACE="8.899999619"/>
</Styles>
<Layout>
<Page ID="Page1238" PHYSICAL_IMG_NR="1238" HEIGHT="4285" WIDTH="2542">
<TopMargin HEIGHT="362" WIDTH="2542" VPOS="0" HPOS="0">
</TopMargin>
<LeftMargin HEIGHT="3692" WIDTH="402" VPOS="362" HPOS="0">
</LeftMargin>
<RightMargin HEIGHT="3692" WIDTH="97" VPOS="362" HPOS="2445">
</RightMargin>
<BottomMargin HEIGHT="231" WIDTH="2542" VPOS="4054" HPOS="0">
</BottomMargin>
<PrintSpace HEIGHT="3692" WIDTH="2043" VPOS="362" HPOS="402">
<TextBlock ID="Page1238_Block1" HEIGHT="78" WIDTH="170" VPOS="3976" HPOS="1326" LANG="en-US" STYLEREFS="StyleId-2A63DCE7-E726-4D9A-BB0B-8305D1C2EC41-">
<TextLine HEIGHT="57" WIDTH="150" VPOS="3987" HPOS="1336">
<String CONTENT="1238" HEIGHT="57" WIDTH="150" VPOS="3987" HPOS="1336"/>
</TextLine>
</TextBlock>
<TextBlock ID="Page1238_Block2" HEIGHT="3620" WIDTH="2043" VPOS="362" HPOS="402" LANG="en-US" CS="1" STYLEREFS="StyleId-3E9F96BB-BE27-4136-88FA-DB04A63797EB-">
<TextLine HEIGHT="71" WIDTH="484" VPOS="373" HPOS="429" STYLEREFS="StyleId-38635B33-2A97-47A6-814D-94E628FC6DC6-" LANG="de">
<String CONTENT="Holland," HEIGHT="71" WIDTH="290" VPOS="373" HPOS="429"/>
<SP HEIGHT="69" WIDTH="38" VPOS="375" HPOS="720"/>
<String CONTENT="Ena." HEIGHT="57" WIDTH="154" VPOS="375" HPOS="759"/>
</TextLine>
<TextLine HEIGHT="143" WIDTH="1968" VPOS="460" HPOS="420" STYLEREFS="StyleId-50200802-EA3B-49D9-A567-CA0D707701BC-" CS="1">
<String LANG="en-US" CONTENT="The" HEIGHT="58" WIDTH="129" VPOS="468" HPOS="499"/>
<SP HEIGHT="66" WIDTH="30" VPOS="460" HPOS="629"/>
<String LANG="en-US" CONTENT="undercurrent," HEIGHT="72" WIDTH="469" VPOS="468" HPOS="686"/>
<SP HEIGHT="70" WIDTH="52" VPOS="470" HPOS="1156"/>
<String LANG="en-US" CONTENT="by" HEIGHT="71" WIDTH="84" VPOS="470" HPOS="1209"/>
<SP HEIGHT="73" WIDTH="53" VPOS="468" HPOS="1294"/>
<String LANG="de" CONTENT="Ena" HEIGHT="56" WIDTH="140" VPOS="468" HPOS="1348"/>
<SP HEIGHT="57" WIDTH="52" VPOS="468" HPOS="1489"/>
<String LANG="de" CONTENT="Holland." HEIGHT="59" WIDTH="290" VPOS="466" HPOS="1542"/>
<SP HEIGHT="57" WIDTH="97" VPOS="467" HPOS="1833"/>
<String LANG="de" CONTENT="London," HEIGHT="73" WIDTH="278" VPOS="467" HPOS="1931"/>
<SP HEIGHT="72" WIDTH="50" VPOS="468" HPOS="2210"/>
<String LANG="de" CONTENT="Williams" HEIGHT="137" WIDTH="1968" VPOS="466" HPOS="420"/>
</TextLine>
<TextLine HEIGHT="73" WIDTH="809" VPOS="545" HPOS="635" STYLEREFS="StyleId-50200802-EA3B-49D9-A567-CA0D707701BC-">
<String LANG="en-US" CONTENT="and" HEIGHT="58" WIDTH="124" VPOS="547" HPOS="635"/>
<SP HEIGHT="60" WIDTH="28" VPOS="545" HPOS="760"/>
<String LANG="de" CONTENT="Norgate," HEIGHT="73" WIDTH="298" VPOS="545" HPOS="789"/>
<SP HEIGHT="71" WIDTH="28" VPOS="547" HPOS="1088"/>
<String LANG="en-US" CONTENT="ltd.," HEIGHT="70" WIDTH="130" VPOS="547" HPOS="1117"/>
<SP HEIGHT="70" WIDTH="30" VPOS="547" HPOS="1248"/>
<String LANG="de" CONTENT="1926." HEIGHT="60" WIDTH="165" VPOS="546" HPOS="1279"/>
</TextLine>
<TextLine HEIGHT="52" WIDTH="503" VPOS="635" HPOS="490" LANG="de">
<String CONTENT="v," HEIGHT="36" WIDTH="42" VPOS="651" HPOS="490"/>
<SP HEIGHT="49" WIDTH="27" VPOS="638" HPOS="533"/>
<String CONTENT="310," HEIGHT="52" WIDTH="93" VPOS="635" HPOS="561"/>
<SP HEIGHT="33" WIDTH="31" VPOS="654" HPOS="655"/>
<String CONTENT="[1]" HEIGHT="46" WIDTH="52" VPOS="641" HPOS="687"/>
<SP HEIGHT="36" WIDTH="30" VPOS="651" HPOS="740"/>
<String CONTENT="p." HEIGHT="36" WIDTH="41" VPOS="651" HPOS="771"/>
<SP HEIGHT="43" WIDTH="61" VPOS="637" HPOS="813"/>
<String CONTENT="19" HEIGHT="46" WIDTH="52" VPOS="637" HPOS="875"/>
<String STYLE="superscript" CONTENT="cm" HEIGHT="19" WIDTH="47" VPOS="638" HPOS="931"/>
<String CONTENT="." HEIGHT="9" WIDTH="9" VPOS="671" HPOS="984"/>
</TextLine>
<TextLine HEIGHT="55" WIDTH="1932" VPOS="702" HPOS="424" LANG="de" CS="1">
<String CONTENT="&#169;" HEIGHT="54" WIDTH="53" VPOS="702" HPOS="424"/>
<SP/>
<String CS="1" CONTENT="1c."/>
<SP HEIGHT="43" WIDTH="26" VPOS="704" HPOS="568"/>
<String CONTENT="Aug." HEIGHT="52" WIDTH="120" VPOS="704" HPOS="595"/>
<SP HEIGHT="44" WIDTH="30" VPOS="705" HPOS="716"/>
<String CONTENT="7," HEIGHT="50" WIDTH="36" VPOS="705" HPOS="747"/>
<SP HEIGHT="50" WIDTH="31" VPOS="705" HPOS="784"/>
<String CONTENT="1926;" HEIGHT="51" WIDTH="129" VPOS="704" HPOS="816"/>
<SP HEIGHT="52" WIDTH="31" VPOS="703" HPOS="946"/>
<!-- cceid 053D37EB-6E1B-1014-9B7B-CA07F191E62B --><String CONTENT="A" HEIGHT="42" WIDTH="44" VPOS="703" HPOS="978"/>
<SP HEIGHT="43" WIDTH="28" VPOS="703" HPOS="1023"/>
<String CONTENT="ad" HEIGHT="42" WIDTH="55" VPOS="704" HPOS="1052"/>
<SP HEIGHT="43" WIDTH="28" VPOS="703" HPOS="1108"/>
<String CONTENT="int." HEIGHT="43" WIDTH="75" VPOS="703" HPOS="1137"/>
<SP HEIGHT="42" WIDTH="27" VPOS="705" HPOS="1213"/>
<String CONTENT="8412;" HEIGHT="53" WIDTH="133" VPOS="702" HPOS="1241"/>
<SP HEIGHT="38" WIDTH="30" VPOS="718" HPOS="1375"/>
<String CONTENT="pubd." HEIGHT="52" WIDTH="131" VPOS="704" HPOS="1406"/>
<SP HEIGHT="51" WIDTH="29" VPOS="704" HPOS="1538"/>
<String CONTENT="June" HEIGHT="51" WIDTH="115" VPOS="704" HPOS="1568"/>
<SP HEIGHT="40" WIDTH="31" VPOS="706" HPOS="1684"/>
<String CONTENT="10;" HEIGHT="53" WIDTH="73" VPOS="703" HPOS="1716"/>
<SP HEIGHT="54" WIDTH="32" VPOS="702" HPOS="1790"/>
<String CONTENT="E." HEIGHT="48" WIDTH="52" VPOS="702" HPOS="1823"/>
<SP HEIGHT="42" WIDTH="30" VPOS="705" HPOS="1876"/>
<String CONTENT="Holland," HEIGHT="53" WIDTH="217" VPOS="704" HPOS="1907"/>
<SP HEIGHT="51" WIDTH="29" VPOS="706" HPOS="2125"/>
<String CONTENT="London." HEIGHT="43" WIDTH="201" VPOS="706" HPOS="2155"/>
</TextLine>
<TextLine HEIGHT="57" WIDTH="269" VPOS="759" HPOS="499" LANG="de">
<String CONTENT="(26-20135)" HEIGHT="57" WIDTH="269" VPOS="759" HPOS="499"/>
</TextLine>
<TextLine HEIGHT="72" WIDTH="1154" VPOS="861" HPOS="426" STYLEREFS="StyleId-38635B33-2A97-47A6-814D-94E628FC6DC6-">
<String LANG="de" CONTENT="Holt," HEIGHT="72" WIDTH="167" VPOS="861" HPOS="426"/>
<SP HEIGHT="72" WIDTH="34" VPOS="861" HPOS="594"/>
<String LANG="de" CONTENT="Luther" HEIGHT="57" WIDTH="238" VPOS="861" HPOS="629"/>
<SP HEIGHT="56" WIDTH="29" VPOS="861" HPOS="868"/>
<String LANG="en-US" CONTENT="Emmett," HEIGHT="68" WIDTH="287" VPOS="861" HPOS="898"/>
<SP HEIGHT="66" WIDTH="37" VPOS="863" HPOS="1186"/>
<String LANG="de" CONTENT="1855-1924." HEIGHT="56" WIDTH="356" VPOS="862" HPOS="1224"/>
</TextLine>
<TextLine HEIGHT="72" WIDTH="1915" VPOS="951" HPOS="504" STYLEREFS="StyleId-50200802-EA3B-49D9-A567-CA0D707701BC-">
<String LANG="de" CONTENT="The" HEIGHT="58" WIDTH="128" VPOS="952" HPOS="504"/>
<SP HEIGHT="57" WIDTH="34" VPOS="953" HPOS="633"/>
<String LANG="de" CONTENT="diseases" HEIGHT="58" WIDTH="277" VPOS="952" HPOS="668"/>
<SP HEIGHT="37" WIDTH="38" VPOS="972" HPOS="946"/>
<String LANG="en-US" CONTENT="of" HEIGHT="58" WIDTH="68" VPOS="951" HPOS="985"/>
<SP HEIGHT="57" WIDTH="33" VPOS="951" HPOS="1054"/>
<String LANG="en-US" CONTENT="infancy" HEIGHT="72" WIDTH="261" VPOS="951" HPOS="1088"/>
<SP HEIGHT="53" WIDTH="33" VPOS="970" HPOS="1350"/>
<String LANG="en-US" CONTENT="and" HEIGHT="57" WIDTH="124" VPOS="952" HPOS="1384"/>
<SP HEIGHT="57" WIDTH="32" VPOS="952" HPOS="1509"/>
<String LANG="en-US" CONTENT="childhood," HEIGHT="71" WIDTH="346" VPOS="952" HPOS="1542"/>
<SP HEIGHT="71" WIDTH="32" VPOS="952" HPOS="1889"/>
<String LANG="en-US" CONTENT="for" HEIGHT="57" WIDTH="106" VPOS="952" HPOS="1922"/>
<SP HEIGHT="54" WIDTH="33" VPOS="956" HPOS="2029"/>
<String LANG="en-US" CONTENT="the" HEIGHT="57" WIDTH="104" VPOS="954" HPOS="2063"/>
<SP HEIGHT="38" WIDTH="34" VPOS="973" HPOS="2168"/>
<String LANG="en-US" CONTENT="use" HEIGHT="40" WIDTH="110" VPOS="973" HPOS="2203"/>
<SP HEIGHT="38" WIDTH="36" VPOS="975" HPOS="2314"/>
<String LANG="en-US" CONTENT="of" HEIGHT="58" WIDTH="68" VPOS="955" HPOS="2351"/>
</TextLine>
<TextLine HEIGHT="75" WIDTH="1992" VPOS="1028" HPOS="426" STYLEREFS="StyleId-50200802-EA3B-49D9-A567-CA0D707701BC-">
<String CONTENT="students" HEIGHT="57" WIDTH="286" VPOS="1031" HPOS="426"/>
<SP HEIGHT="38" WIDTH="44" VPOS="1049" HPOS="713"/>
<String CONTENT="and" HEIGHT="56" WIDTH="124" VPOS="1031" HPOS="758"/>
<SP HEIGHT="69" WIDTH="40" VPOS="1031" HPOS="883"/>
<String CONTENT="practitioners" HEIGHT="72" WIDTH="448" VPOS="1028" HPOS="924"/>
<SP HEIGHT="38" WIDTH="47" VPOS="1049" HPOS="1373"/>
<String CONTENT="of" HEIGHT="58" WIDTH="68" VPOS="1028" HPOS="1421"/>
<SP HEIGHT="58" WIDTH="41" VPOS="1028" HPOS="1490"/>
<String CONTENT="medicine," HEIGHT="74" WIDTH="319" VPOS="1029" HPOS="1532"/>
<SP HEIGHT="72" WIDTH="44" VPOS="1031" HPOS="1852"/>
<String CONTENT="by" HEIGHT="71" WIDTH="84" VPOS="1031" HPOS="1897"/>
<SP HEIGHT="72" WIDTH="41" VPOS="1030" HPOS="1982"/>
<String CONTENT="L." HEIGHT="58" WIDTH="68" VPOS="1030" HPOS="2024"/>
<SP HEIGHT="59" WIDTH="46" VPOS="1029" HPOS="2093"/>
<String CONTENT="Emmett" HEIGHT="62" WIDTH="278" VPOS="1029" HPOS="2140"/>
</TextLine>
<TextLine HEIGHT="72" WIDTH="1991" VPOS="1106" HPOS="425" STYLEREFS="StyleId-50200802-EA3B-49D9-A567-CA0D707701BC-" CS="1">
<String CONTENT="Holt" HEIGHT="59" WIDTH="151" VPOS="1107" HPOS="425"/>
<SP HEIGHT="54" WIDTH="43" VPOS="1112" HPOS="577"/>
<String CS="1" CONTENT="&#8230;"/>
<SP HEIGHT="38" WIDTH="44" VPOS="1127" HPOS="683"/>
<String CONTENT="and" HEIGHT="57" WIDTH="123" VPOS="1108" HPOS="728"/>
<SP HEIGHT="58" WIDTH="37" VPOS="1108" HPOS="852"/>
<String CONTENT="John" HEIGHT="59" WIDTH="171" VPOS="1107" HPOS="890"/>
<SP HEIGHT="57" WIDTH="33" VPOS="1106" HPOS="1062"/>
<String CONTENT="Howland" HEIGHT="59" WIDTH="310" VPOS="1106" HPOS="1096"/>
<SP HEIGHT="57" WIDTH="44" VPOS="1108" HPOS="1407"/>
<String CS="1" CONTENT="&#8230;"/>
<SP HEIGHT="58" WIDTH="85" VPOS="1106" HPOS="1515"/>
<String CONTENT="9th" HEIGHT="58" WIDTH="106" VPOS="1106" HPOS="1601"/>
<SP HEIGHT="58" WIDTH="40" VPOS="1108" HPOS="1708"/>
<String CONTENT="ed.," HEIGHT="72" WIDTH="111" VPOS="1106" HPOS="1749"/>
<SP HEIGHT="50" WIDTH="38" VPOS="1128" HPOS="1861"/>
<String CONTENT="rev." HEIGHT="39" WIDTH="126" VPOS="1127" HPOS="1900"/>
<SP HEIGHT="38" WIDTH="41" VPOS="1127" HPOS="2027"/>
<String CONTENT="and" HEIGHT="58" WIDTH="125" VPOS="1109" HPOS="2069"/>
<SP HEIGHT="58" WIDTH="37" VPOS="1109" HPOS="2195"/>
<String CONTENT="reset." HEIGHT="56" WIDTH="183" VPOS="1112" HPOS="2233"/>
</TextLine>
<TextLine HEIGHT="74" WIDTH="1993" VPOS="1184" HPOS="423" STYLEREFS="StyleId-50200802-EA3B-49D9-A567-CA0D707701BC-">
<String CONTENT="New" HEIGHT="58" WIDTH="152" VPOS="1185" HPOS="423"/>
<SP HEIGHT="57" WIDTH="26" VPOS="1186" HPOS="576"/>
<String CONTENT="York" HEIGHT="57" WIDTH="173" VPOS="1186" HPOS="603"/>
<SP HEIGHT="57" WIDTH="29" VPOS="1186" HPOS="777"/>
<String CONTENT="and" HEIGHT="57" WIDTH="125" VPOS="1186" HPOS="807"/>
<SP HEIGHT="58" WIDTH="27" VPOS="1185" HPOS="933"/>
<String CONTENT="London," HEIGHT="71" WIDTH="278" VPOS="1184" HPOS="961"/>
<SP HEIGHT="71" WIDTH="32" VPOS="1184" HPOS="1240"/>
<String CONTENT="D." HEIGHT="58" WIDTH="74" VPOS="1184" HPOS="1273"/>
<SP HEIGHT="58" WIDTH="35" VPOS="1184" HPOS="1348"/>
<String CONTENT="Appleton" HEIGHT="72" WIDTH="318" VPOS="1184" HPOS="1384"/>
<SP HEIGHT="39" WIDTH="32" VPOS="1204" HPOS="1703"/>
<String CONTENT="and" HEIGHT="57" WIDTH="123" VPOS="1186" HPOS="1736"/>
<SP HEIGHT="57" WIDTH="31" VPOS="1186" HPOS="1860"/>
<String CONTENT="company," HEIGHT="55" WIDTH="323" VPOS="1203" HPOS="1892"/>
<SP HEIGHT="69" WIDTH="33" VPOS="1189" HPOS="2216"/>
<String CONTENT="1926." HEIGHT="57" WIDTH="166" VPOS="1187" HPOS="2250"/>
</TextLine>
<TextLine HEIGHT="59" WIDTH="1219" VPOS="1274" HPOS="491" CS="1">
<String CS="1" CONTENT="xlv," HEIGHT="38" WIDTH="93" VPOS="1291" HPOS="491"/>
<SP HEIGHT="52" WIDTH="27" VPOS="1277" HPOS="585"/>
<String CONTENT="1018" HEIGHT="44" WIDTH="105" VPOS="1276" HPOS="613"/>
<SP HEIGHT="51" WIDTH="24" VPOS="1277" HPOS="719"/>
<String CONTENT="p." HEIGHT="38" WIDTH="39" VPOS="1290" HPOS="744"/>
<SP HEIGHT="44" WIDTH="59" VPOS="1275" HPOS="784"/>
<String CONTENT="illus.," HEIGHT="54" WIDTH="133" VPOS="1274" HPOS="844"/>
<SP HEIGHT="39" WIDTH="22" VPOS="1289" HPOS="978"/>
<String CONTENT="v" HEIGHT="30" WIDTH="28" VPOS="1289" HPOS="1001"/>
<SP HEIGHT="39" WIDTH="22" VPOS="1289" HPOS="1030"/>
<String CONTENT="pl." HEIGHT="54" WIDTH="57" VPOS="1274" HPOS="1053"/>
<SP HEIGHT="53" WIDTH="25" VPOS="1276" HPOS="1111"/>
<String CONTENT="(1" HEIGHT="53" WIDTH="48" VPOS="1276" HPOS="1137"/>
<SP HEIGHT="43" WIDTH="28" VPOS="1276" HPOS="1186"/>
<String CONTENT="col.)" HEIGHT="53" WIDTH="111" VPOS="1275" HPOS="1215"/>
<SP HEIGHT="53" WIDTH="34" VPOS="1275" HPOS="1327"/>
<String CONTENT="diagrs." HEIGHT="59" WIDTH="168" VPOS="1274" HPOS="1362"/>
<SP HEIGHT="44" WIDTH="55" VPOS="1275" HPOS="1531"/>
<String CONTENT="24" HEIGHT="43" WIDTH="55" VPOS="1275" HPOS="1587"/>
<String STYLE="superscript" CONTENT="cm" HEIGHT="17" WIDTH="46" VPOS="1278" HPOS="1648"/>
<String CONTENT="." HEIGHT="9" WIDTH="9" VPOS="1310" HPOS="1701"/>
</TextLine>
<TextLine HEIGHT="56" WIDTH="1828" VPOS="1344" HPOS="417">
<String CONTENT="&#169;" HEIGHT="53" WIDTH="56" VPOS="1347" HPOS="417"/>
<SP HEIGHT="53" WIDTH="31" VPOS="1347" HPOS="474"/>
<String CONTENT="Oct." HEIGHT="43" WIDTH="99" VPOS="1349" HPOS="506"/>
<SP HEIGHT="43" WIDTH="26" VPOS="1348" HPOS="606"/>
<String CONTENT="27," HEIGHT="53" WIDTH="69" VPOS="1346" HPOS="633"/>
<SP HEIGHT="50" WIDTH="34" VPOS="1349" HPOS="703"/>
<String CONTENT="1926;" HEIGHT="52" WIDTH="129" VPOS="1347" HPOS="738"/>
<SP HEIGHT="52" WIDTH="31" VPOS="1347" HPOS="868"/>
<String CONTENT="2c." HEIGHT="43" WIDTH="64" VPOS="1347" HPOS="900"/>
<SP HEIGHT="28" WIDTH="31" VPOS="1362" HPOS="965"/>
<String CONTENT="and" HEIGHT="42" WIDTH="87" VPOS="1348" HPOS="997"/>
<SP HEIGHT="42" WIDTH="27" VPOS="1348" HPOS="1085"/>
<String CONTENT="aff." HEIGHT="43" WIDTH="79" VPOS="1347" HPOS="1113"/>
<SP HEIGHT="44" WIDTH="31" VPOS="1346" HPOS="1193"/>
<String CONTENT="Nov." HEIGHT="44" WIDTH="118" VPOS="1346" HPOS="1225"/>
<SP HEIGHT="42" WIDTH="33" VPOS="1348" HPOS="1344"/>
<String CONTENT="1;" HEIGHT="50" WIDTH="46" VPOS="1348" HPOS="1378"/>
<SP HEIGHT="52" WIDTH="33" VPOS="1346" HPOS="1425"/>
<!-- cceid 053D61EF-6E1B-1014-9B7B-CA07F191E62B --><String CONTENT="A" HEIGHT="42" WIDTH="44" VPOS="1346" HPOS="1459"/>
<SP HEIGHT="44" WIDTH="29" VPOS="1346" HPOS="1504"/>
<String CONTENT="949867;" HEIGHT="54" WIDTH="189" VPOS="1344" HPOS="1534"/>
<SP HEIGHT="52" WIDTH="34" VPOS="1346" HPOS="1724"/>
<String CONTENT="D." HEIGHT="44" WIDTH="56" VPOS="1346" HPOS="1759"/>
<SP HEIGHT="43" WIDTH="32" VPOS="1347" HPOS="1816"/>
<String CONTENT="Appleton" HEIGHT="52" WIDTH="229" VPOS="1346" HPOS="1849"/>
<SP HEIGHT="44" WIDTH="30" VPOS="1347" HPOS="2079"/>
<String CONTENT="&amp;" HEIGHT="44" WIDTH="38" VPOS="1347" HPOS="2110"/>
<SP HEIGHT="44" WIDTH="29" VPOS="1347" HPOS="2149"/>
<String CONTENT="co." HEIGHT="30" WIDTH="66" VPOS="1361" HPOS="2179"/>
</TextLine>
<TextLine HEIGHT="55" WIDTH="268" VPOS="1405" HPOS="499">
<String CONTENT="(26-19229)" HEIGHT="55" WIDTH="268" VPOS="1405" HPOS="499"/>
</TextLine>
<TextLine HEIGHT="74" WIDTH="791" VPOS="1505" HPOS="423" STYLEREFS="StyleId-38635B33-2A97-47A6-814D-94E628FC6DC6-">
<String CONTENT="Horler," HEIGHT="72" WIDTH="244" VPOS="1505" HPOS="423"/>
<SP HEIGHT="72" WIDTH="41" VPOS="1505" HPOS="668"/>
<String CONTENT="Sydney," HEIGHT="74" WIDTH="270" VPOS="1505" HPOS="710"/>
<SP HEIGHT="69" WIDTH="43" VPOS="1508" HPOS="981"/>
<String CONTENT="1888-" HEIGHT="57" WIDTH="189" VPOS="1507" HPOS="1025"/>
</TextLine>
<TextLine HEIGHT="75" WIDTH="1923" VPOS="1596" HPOS="493" STYLEREFS="StyleId-50200802-EA3B-49D9-A567-CA0D707701BC-">
<String CONTENT="False-face," HEIGHT="73" WIDTH="373" VPOS="1597" HPOS="493"/>
<SP HEIGHT="71" WIDTH="41" VPOS="1599" HPOS="867"/>
<String CONTENT="by" HEIGHT="72" WIDTH="84" VPOS="1599" HPOS="909"/>
<SP HEIGHT="74" WIDTH="42" VPOS="1597" HPOS="994"/>
<String CONTENT="Sydney" HEIGHT="73" WIDTH="256" VPOS="1597" HPOS="1037"/>
<SP HEIGHT="73" WIDTH="39" VPOS="1596" HPOS="1294"/>
<String CONTENT="Horler." HEIGHT="59" WIDTH="249" VPOS="1596" HPOS="1334"/>
<SP HEIGHT="56" WIDTH="79" VPOS="1598" HPOS="1584"/>
<String CONTENT="London," HEIGHT="70" WIDTH="280" VPOS="1597" HPOS="1664"/>
<SP HEIGHT="71" WIDTH="42" VPOS="1596" HPOS="1945"/>
<String CONTENT="Hodder" HEIGHT="58" WIDTH="261" VPOS="1596" HPOS="1988"/>
<SP HEIGHT="39" WIDTH="41" VPOS="1615" HPOS="2250"/>
<String CONTENT="and" HEIGHT="57" WIDTH="124" VPOS="1599" HPOS="2292"/>
</TextLine>
<TextLine HEIGHT="73" WIDTH="863" VPOS="1675" HPOS="419" STYLEREFS="StyleId-50200802-EA3B-49D9-A567-CA0D707701BC-">
<String CONTENT="Stoughton," HEIGHT="71" WIDTH="368" VPOS="1677" HPOS="419"/>
<SP HEIGHT="70" WIDTH="31" VPOS="1678" HPOS="788"/>
<String CONTENT="limited" HEIGHT="59" WIDTH="243" VPOS="1675" HPOS="820"/>
<SP HEIGHT="70" WIDTH="35" VPOS="1678" HPOS="1064"/>
<String CONTENT="[1926]" HEIGHT="72" WIDTH="182" VPOS="1676" HPOS="1100"/>
</TextLine>
<TextLine HEIGHT="53" WIDTH="506" VPOS="1765" HPOS="485" STYLEREFS="StyleId-50200802-EA3B-49D9-A567-CA0D707701BC-" CS="1">
<String CONTENT="vi," HEIGHT="53" WIDTH="59" VPOS="1765" HPOS="485"/>
<SP HEIGHT="51" WIDTH="27" VPOS="1767" HPOS="545"/>
<String CONTENT="7-318" HEIGHT="46" WIDTH="138" VPOS="1767" HPOS="573"/>
<SP HEIGHT="49" WIDTH="27" VPOS="1768" HPOS="712"/>
<String CONTENT="p." HEIGHT="37" WIDTH="40" VPOS="1780" HPOS="740"/>
<SP HEIGHT="49" WIDTH="62" VPOS="1765" HPOS="781"/>
<String CS="1" CONTENT="19&#189;"/>
<String STYLE="superscript" CONTENT="cm" HEIGHT="18" WIDTH="47" VPOS="1769" HPOS="928"/>
<String CONTENT="." HEIGHT="9" WIDTH="10" VPOS="1801" HPOS="981"/>
</TextLine>
<TextLine HEIGHT="58" WIDTH="1999" VPOS="1830" HPOS="416" CS="1">
<String CONTENT="&#169;" HEIGHT="54" WIDTH="56" VPOS="1833" HPOS="416"/>
<SP/>
<String CS="1" CONTENT="1c."/>
<SP HEIGHT="43" WIDTH="27" VPOS="1835" HPOS="563"/>
<String CONTENT="Aug." HEIGHT="52" WIDTH="120" VPOS="1835" HPOS="591"/>
<SP HEIGHT="43" WIDTH="27" VPOS="1834" HPOS="712"/>
<String CONTENT="20," HEIGHT="53" WIDTH="66" VPOS="1833" HPOS="740"/>
<SP HEIGHT="51" WIDTH="30" VPOS="1835" HPOS="807"/>
<String CONTENT="1926;" HEIGHT="52" WIDTH="130" VPOS="1833" HPOS="838"/>
<SP HEIGHT="52" WIDTH="30" VPOS="1833" HPOS="969"/>
<!-- cceid 053D89F0-6E1B-1014-9B7B-CA07F191E62B --><String CONTENT="A" HEIGHT="42" WIDTH="44" VPOS="1833" HPOS="1000"/>
<SP HEIGHT="43" WIDTH="26" VPOS="1833" HPOS="1045"/>
<String CONTENT="ad" HEIGHT="42" WIDTH="56" VPOS="1834" HPOS="1072"/>
<SP HEIGHT="43" WIDTH="28" VPOS="1833" HPOS="1129"/>
<String CONTENT="int." HEIGHT="43" WIDTH="75" VPOS="1833" HPOS="1158"/>
<SP HEIGHT="43" WIDTH="29" VPOS="1834" HPOS="1234"/>
<String CONTENT="8450;" HEIGHT="54" WIDTH="135" VPOS="1830" HPOS="1264"/>
<SP HEIGHT="37" WIDTH="29" VPOS="1847" HPOS="1400"/>
<String CONTENT="pubd." HEIGHT="52" WIDTH="130" VPOS="1832" HPOS="1430"/>
<SP HEIGHT="51" WIDTH="28" VPOS="1833" HPOS="1561"/>
<String CONTENT="June" HEIGHT="51" WIDTH="114" VPOS="1833" HPOS="1590"/>
<SP HEIGHT="44" WIDTH="24" VPOS="1832" HPOS="1705"/>
<String CONTENT="25;" HEIGHT="55" WIDTH="78" VPOS="1830" HPOS="1730"/>
<SP HEIGHT="54" WIDTH="33" VPOS="1831" HPOS="1809"/>
<String CONTENT="George" HEIGHT="55" WIDTH="178" VPOS="1831" HPOS="1843"/>
<SP HEIGHT="43" WIDTH="28" VPOS="1834" HPOS="2022"/>
<String CONTENT="H." HEIGHT="43" WIDTH="62" VPOS="1834" HPOS="2051"/>
<SP HEIGHT="42" WIDTH="31" VPOS="1835" HPOS="2114"/>
<String CONTENT="Doran" HEIGHT="43" WIDTH="159" VPOS="1835" HPOS="2146"/>
<SP HEIGHT="29" WIDTH="25" VPOS="1849" HPOS="2306"/>
<String CONTENT="co.," HEIGHT="39" WIDTH="83" VPOS="1849" HPOS="2332"/>
</TextLine>
<TextLine HEIGHT="56" WIDTH="630" VPOS="1889" HPOS="488">
<String CONTENT="New" HEIGHT="44" WIDTH="116" VPOS="1892" HPOS="488"/>
<SP HEIGHT="45" WIDTH="31" VPOS="1891" HPOS="605"/>
<String CONTENT="York." HEIGHT="44" WIDTH="142" VPOS="1891" HPOS="637"/>
<SP HEIGHT="53" WIDTH="68" VPOS="1892" HPOS="780"/>
<String CONTENT="(26-20065)" HEIGHT="56" WIDTH="269" VPOS="1889" HPOS="849"/>
</TextLine>
<TextLine HEIGHT="74" WIDTH="1006" VPOS="1991" HPOS="423" STYLEREFS="StyleId-50200802-EA3B-49D9-A567-CA0D707701BC-">
<String CONTENT="Horton," HEIGHT="72" WIDTH="260" VPOS="1991" HPOS="423"/>
<SP HEIGHT="72" WIDTH="36" VPOS="1991" HPOS="684"/>
<String CONTENT="Guy" HEIGHT="74" WIDTH="139" VPOS="1991" HPOS="721"/>
<SP HEIGHT="73" WIDTH="32" VPOS="1992" HPOS="861"/>
<String CONTENT="Bertram," HEIGHT="70" WIDTH="308" VPOS="1992" HPOS="894"/>
<SP HEIGHT="69" WIDTH="36" VPOS="1993" HPOS="1203"/>
<String CONTENT="1875-" HEIGHT="57" WIDTH="189" VPOS="1992" HPOS="1240"/>
</TextLine>
<TextLine HEIGHT="75" WIDTH="1919" VPOS="2080" HPOS="498" STYLEREFS="StyleId-50200802-EA3B-49D9-A567-CA0D707701BC-">
<String CONTENT="History" HEIGHT="72" WIDTH="270" VPOS="2081" HPOS="498"/>
<SP HEIGHT="53" WIDTH="30" VPOS="2100" HPOS="769"/>
<String CONTENT="of" HEIGHT="59" WIDTH="68" VPOS="2080" HPOS="800"/>
<SP HEIGHT="58" WIDTH="31" VPOS="2080" HPOS="869"/>
<String CONTENT="the" HEIGHT="57" WIDTH="102" VPOS="2081" HPOS="901"/>
<SP HEIGHT="58" WIDTH="34" VPOS="2081" HPOS="1004"/>
<String CONTENT="Grange" HEIGHT="72" WIDTH="249" VPOS="2081" HPOS="1039"/>
<SP HEIGHT="58" WIDTH="32" VPOS="2080" HPOS="1289"/>
<String CONTENT="in" HEIGHT="56" WIDTH="66" VPOS="2080" HPOS="1322"/>
<SP HEIGHT="58" WIDTH="28" VPOS="2080" HPOS="1389"/>
<String CONTENT="Vermont," HEIGHT="75" WIDTH="322" VPOS="2080" HPOS="1418"/>
<SP HEIGHT="74" WIDTH="31" VPOS="2081" HPOS="1741"/>
<String CONTENT="by" HEIGHT="72" WIDTH="84" VPOS="2081" HPOS="1773"/>
<SP HEIGHT="72" WIDTH="30" VPOS="2081" HPOS="1858"/>
<String CONTENT="Guy" HEIGHT="73" WIDTH="142" VPOS="2081" HPOS="1889"/>
<SP HEIGHT="72" WIDTH="26" VPOS="2082" HPOS="2032"/>
<String CONTENT="B." HEIGHT="57" WIDTH="72" VPOS="2082" HPOS="2059"/>
<SP HEIGHT="57" WIDTH="34" VPOS="2082" HPOS="2132"/>
<String CONTENT="Horton" HEIGHT="59" WIDTH="250" VPOS="2082" HPOS="2167"/>
</TextLine>
<TextLine HEIGHT="74" WIDTH="1491" VPOS="2158" HPOS="488" STYLEREFS="StyleId-50200802-EA3B-49D9-A567-CA0D707701BC-" CS="1">
<String CS="1" CONTENT="&#8230;"/>
<SP HEIGHT="57" WIDTH="85" VPOS="2160" HPOS="488"/>
<String CONTENT="Montpelier," HEIGHT="71" WIDTH="396" VPOS="2160" HPOS="574"/>
<SP HEIGHT="73" WIDTH="26" VPOS="2158" HPOS="971"/>
<String CONTENT="Vt." HEIGHT="59" WIDTH="103" VPOS="2158" HPOS="998"/>
<SP HEIGHT="43" WIDTH="31" VPOS="2189" HPOS="1102"/>
<String CONTENT="[Capital" HEIGHT="74" WIDTH="270" VPOS="2158" HPOS="1134"/>
<SP HEIGHT="56" WIDTH="24" VPOS="2160" HPOS="1405"/>
<String CONTENT="city" HEIGHT="73" WIDTH="128" VPOS="2158" HPOS="1430"/>
<SP HEIGHT="54" WIDTH="23" VPOS="2177" HPOS="1559"/>
<String CONTENT="press]" HEIGHT="55" WIDTH="198" VPOS="2177" HPOS="1583"/>
<SP HEIGHT="71" WIDTH="32" VPOS="2161" HPOS="1782"/>
<String CONTENT="1926." HEIGHT="56" WIDTH="164" VPOS="2161" HPOS="1815"/>
</TextLine>
<TextLine HEIGHT="54" WIDTH="816" VPOS="2249" HPOS="492" CS="1">
<String CONTENT="120" HEIGHT="44" WIDTH="77" VPOS="2251" HPOS="492"/>
<SP HEIGHT="52" WIDTH="19" VPOS="2251" HPOS="570"/>
<String CONTENT="p." HEIGHT="38" WIDTH="39" VPOS="2265" HPOS="590"/>
<SP HEIGHT="45" WIDTH="59" VPOS="2249" HPOS="630"/>
<String CONTENT="front.," HEIGHT="52" WIDTH="153" VPOS="2249" HPOS="690"/>
<SP HEIGHT="38" WIDTH="21" VPOS="2264" HPOS="844"/>
<String CS="1" CONTENT="pl.," HEIGHT="38" WIDTH="73" VPOS="2264" HPOS="866"/>
<SP HEIGHT="38" WIDTH="18" VPOS="2264" HPOS="940"/>
<String CONTENT="ports." HEIGHT="46" WIDTH="140" VPOS="2256" HPOS="959"/>
<SP HEIGHT="43" WIDTH="57" VPOS="2250" HPOS="1100"/>
<String CS="1" CONTENT="22&#189;" HEIGHT="43" WIDTH="56" VPOS="2250" HPOS="1158"/>
<String STYLE="superscript" CS="1" CONTENT="cm" HEIGHT="18" WIDTH="30" VPOS="2251" HPOS="1264"/>
<String CONTENT="." HEIGHT="9" WIDTH="9" VPOS="2284" HPOS="1299"/>
</TextLine>
<TextLine HEIGHT="58" WIDTH="1998" VPOS="2317" HPOS="414">
<String CONTENT="&#169;" HEIGHT="54" WIDTH="57" VPOS="2321" HPOS="414"/>
<SP HEIGHT="54" WIDTH="33" VPOS="2321" HPOS="472"/>
<String CONTENT="Oct." HEIGHT="44" WIDTH="100" VPOS="2322" HPOS="506"/>
<SP HEIGHT="43" WIDTH="38" VPOS="2323" HPOS="607"/>
<String CONTENT="19," HEIGHT="51" WIDTH="63" VPOS="2322" HPOS="646"/>
<SP HEIGHT="51" WIDTH="36" VPOS="2322" HPOS="710"/>
<String CONTENT="1926;" HEIGHT="52" WIDTH="131" VPOS="2321" HPOS="747"/>
<SP HEIGHT="52" WIDTH="34" VPOS="2321" HPOS="879"/>
<String CONTENT="2c." HEIGHT="43" WIDTH="65" VPOS="2321" HPOS="914"/>
<SP HEIGHT="28" WIDTH="33" VPOS="2336" HPOS="980"/>
<String CONTENT="and" HEIGHT="42" WIDTH="90" VPOS="2322" HPOS="1014"/>
<SP HEIGHT="42" WIDTH="30" VPOS="2322" HPOS="1105"/>
<String CONTENT="aff." HEIGHT="43" WIDTH="79" VPOS="2321" HPOS="1136"/>
<SP HEIGHT="43" WIDTH="36" VPOS="2321" HPOS="1216"/>
<String CONTENT="Oct." HEIGHT="43" WIDTH="102" VPOS="2321" HPOS="1253"/>
<SP HEIGHT="43" WIDTH="32" VPOS="2321" HPOS="1356"/>
<String CONTENT="25;" HEIGHT="55" WIDTH="78" VPOS="2318" HPOS="1389"/>
<SP HEIGHT="52" WIDTH="37" VPOS="2321" HPOS="1468"/>
<!-- cceid 053DB36E-6E1B-1014-9B7B-CA07F191E62B --><String CONTENT="A" HEIGHT="42" WIDTH="44" VPOS="2321" HPOS="1506"/>
<SP HEIGHT="43" WIDTH="33" VPOS="2321" HPOS="1551"/>
<String CONTENT="950593;" HEIGHT="56" WIDTH="189" VPOS="2317" HPOS="1585"/>
<SP HEIGHT="52" WIDTH="38" VPOS="2321" HPOS="1775"/>
<String CONTENT="Vermont" HEIGHT="44" WIDTH="226" VPOS="2321" HPOS="1814"/>
<SP HEIGHT="37" WIDTH="35" VPOS="2328" HPOS="2041"/>
<String CONTENT="state" HEIGHT="38" WIDTH="115" VPOS="2328" HPOS="2077"/>
<SP HEIGHT="37" WIDTH="33" VPOS="2337" HPOS="2193"/>
<String CONTENT="grange," HEIGHT="40" WIDTH="185" VPOS="2335" HPOS="2227"/>
</TextLine>
<TextLine HEIGHT="57" WIDTH="739" VPOS="2377" HPOS="490">
<String CONTENT="Springfield," HEIGHT="54" WIDTH="288" VPOS="2379" HPOS="490"/>
<SP HEIGHT="53" WIDTH="32" VPOS="2379" HPOS="779"/>
<String CONTENT="Vt." HEIGHT="43" WIDTH="77" VPOS="2379" HPOS="812"/>
<SP HEIGHT="55" WIDTH="68" VPOS="2379" HPOS="890"/>
<String CONTENT="(26-19032)" HEIGHT="57" WIDTH="270" VPOS="2377" HPOS="959"/>
</TextLine>
<TextLine HEIGHT="72" WIDTH="1141" VPOS="2477" HPOS="421" STYLEREFS="StyleId-50200802-EA3B-49D9-A567-CA0D707701BC-">
<String CONTENT="Houston," HEIGHT="69" WIDTH="300" VPOS="2479" HPOS="421"/>
<SP HEIGHT="69" WIDTH="38" VPOS="2479" HPOS="722"/>
<String CONTENT="David" HEIGHT="59" WIDTH="211" VPOS="2477" HPOS="761"/>
<SP HEIGHT="58" WIDTH="35" VPOS="2478" HPOS="973"/>
<String CONTENT="Franklin," HEIGHT="72" WIDTH="324" VPOS="2477" HPOS="1009"/>
<SP HEIGHT="67" WIDTH="38" VPOS="2482" HPOS="1334"/>
<String CONTENT="1866-" HEIGHT="56" WIDTH="189" VPOS="2481" HPOS="1373"/>
</TextLine>
<TextLine HEIGHT="75" WIDTH="1923" VPOS="2568" HPOS="495" STYLEREFS="StyleId-50200802-EA3B-49D9-A567-CA0D707701BC-">
<String CONTENT="Eight" HEIGHT="74" WIDTH="195" VPOS="2569" HPOS="495"/>
<SP HEIGHT="69" WIDTH="31" VPOS="2573" HPOS="691"/>
<String CONTENT="years" HEIGHT="54" WIDTH="186" VPOS="2588" HPOS="723"/>
<SP HEIGHT="39" WIDTH="32" VPOS="2589" HPOS="910"/>
<String CONTENT="with" HEIGHT="57" WIDTH="152" VPOS="2569" HPOS="943"/>
<SP HEIGHT="58" WIDTH="31" VPOS="2569" HPOS="1096"/>
<String CONTENT="Wilson&#8217;s" HEIGHT="58" WIDTH="305" VPOS="2569" HPOS="1128"/>
<SP HEIGHT="39" WIDTH="35" VPOS="2588" HPOS="1434"/>
<String CONTENT="cabinet," HEIGHT="75" WIDTH="262" VPOS="2568" HPOS="1470"/>
<SP HEIGHT="71" WIDTH="34" VPOS="2572" HPOS="1733"/>
<String CONTENT="1913" HEIGHT="57" WIDTH="148" VPOS="2570" HPOS="1768"/>
<SP HEIGHT="57" WIDTH="33" VPOS="2570" HPOS="1917"/>
<String CONTENT="to" HEIGHT="52" WIDTH="63" VPOS="2575" HPOS="1951"/>
<SP HEIGHT="54" WIDTH="36" VPOS="2573" HPOS="2015"/>
<String CONTENT="1920;" HEIGHT="68" WIDTH="179" VPOS="2570" HPOS="2052"/>
<SP HEIGHT="49" WIDTH="34" VPOS="2589" HPOS="2232"/>
<String CONTENT="with" HEIGHT="60" WIDTH="151" VPOS="2569" HPOS="2267"/>
</TextLine>
<TextLine HEIGHT="139" WIDTH="1974" VPOS="2646" HPOS="418" STYLEREFS="StyleId-50200802-EA3B-49D9-A567-CA0D707701BC-" CS="1">
<String CONTENT="a" HEIGHT="38" WIDTH="36" VPOS="2669" HPOS="419"/>
<SP HEIGHT="53" WIDTH="31" VPOS="2667" HPOS="456"/>
<String CONTENT="personal" HEIGHT="69" WIDTH="296" VPOS="2651" HPOS="488"/>
<SP HEIGHT="55" WIDTH="28" VPOS="2651" HPOS="785"/>
<String CONTENT="estimate" HEIGHT="60" WIDTH="290" VPOS="2646" HPOS="814"/>
<SP HEIGHT="38" WIDTH="30" VPOS="2668" HPOS="1105"/>
<String CONTENT="of" HEIGHT="57" WIDTH="67" VPOS="2649" HPOS="1136"/>
<SP HEIGHT="57" WIDTH="29" VPOS="2649" HPOS="1204"/>
<String CONTENT="the" HEIGHT="59" WIDTH="105" VPOS="2646" HPOS="1234"/>
<SP HEIGHT="58" WIDTH="29" VPOS="2647" HPOS="1340"/>
<String CONTENT="President," HEIGHT="72" WIDTH="355" VPOS="2646" HPOS="1370"/>
<SP HEIGHT="71" WIDTH="28" VPOS="2647" HPOS="1726"/>
<String CONTENT="by" HEIGHT="73" WIDTH="84" VPOS="2647" HPOS="1755"/>
<SP HEIGHT="73" WIDTH="27" VPOS="2647" HPOS="1840"/>
<String CONTENT="David" HEIGHT="62" WIDTH="210" VPOS="2646" HPOS="1868"/>
<SP HEIGHT="61" WIDTH="28" VPOS="2647" HPOS="2079"/>
<String CONTENT="F." HEIGHT="58" WIDTH="72" VPOS="2647" HPOS="2108"/>
<SP HEIGHT="58" WIDTH="31" VPOS="2647" HPOS="2181"/>
<String CONTENT="Houston" HEIGHT="138" WIDTH="1974" VPOS="2647" HPOS="418"/>
</TextLine>
<TextLine HEIGHT="77" WIDTH="1795" VPOS="2724" HPOS="621" STYLEREFS="StyleId-50200802-EA3B-49D9-A567-CA0D707701BC-" CS="1">
<String CS="1" CONTENT="&#8230;"/>
<SP HEIGHT="60" WIDTH="86" VPOS="2725" HPOS="621"/>
<String CONTENT="Garden" HEIGHT="60" WIDTH="253" VPOS="2725" HPOS="708"/>
<SP HEIGHT="60" WIDTH="27" VPOS="2724" HPOS="962"/>
<String CONTENT="City," HEIGHT="77" WIDTH="161" VPOS="2724" HPOS="990"/>
<SP HEIGHT="76" WIDTH="26" VPOS="2725" HPOS="1152"/>
<String CONTENT="N." HEIGHT="58" WIDTH="74" VPOS="2725" HPOS="1179"/>
<SP HEIGHT="58" WIDTH="26" VPOS="2725" HPOS="1254"/>
<String CONTENT="Y.," HEIGHT="73" WIDTH="94" VPOS="2725" HPOS="1281"/>
<SP HEIGHT="74" WIDTH="28" VPOS="2724" HPOS="1376"/>
<String CONTENT="Doubleday," HEIGHT="73" WIDTH="385" VPOS="2724" HPOS="1405"/>
<SP HEIGHT="71" WIDTH="24" VPOS="2725" HPOS="1791"/>
<String CONTENT="Page" HEIGHT="73" WIDTH="172" VPOS="2725" HPOS="1816"/>
<SP HEIGHT="60" WIDTH="28" VPOS="2724" HPOS="1989"/>
<String CONTENT="&amp;" HEIGHT="60" WIDTH="49" VPOS="2724" HPOS="2018"/>
<SP HEIGHT="60" WIDTH="24" VPOS="2724" HPOS="2068"/>
<String CONTENT="company," HEIGHT="55" WIDTH="323" VPOS="2743" HPOS="2093"/>
</TextLine>
<TextLine HEIGHT="57" WIDTH="163" VPOS="2806" HPOS="419" STYLEREFS="StyleId-50200802-EA3B-49D9-A567-CA0D707701BC-">
<String CONTENT="1926." HEIGHT="57" WIDTH="163" VPOS="2806" HPOS="419"/>
</TextLine>
<TextLine HEIGHT="54" WIDTH="720" VPOS="2894" HPOS="487" CS="1">
<String CONTENT="2" HEIGHT="43" WIDTH="28" VPOS="2897" HPOS="487"/>
<SP HEIGHT="44" WIDTH="28" VPOS="2897" HPOS="516"/>
<String CS="1" CONTENT="v"/>
<String LANG="la" CONTENT="." HEIGHT="9" WIDTH="9" VPOS="2931" HPOS="577"/>
<SP HEIGHT="46" WIDTH="60" VPOS="2894" HPOS="587"/>
<String CONTENT="fronts.," HEIGHT="53" WIDTH="176" VPOS="2894" HPOS="648"/>
<SP HEIGHT="38" WIDTH="30" VPOS="2910" HPOS="825"/>
<String CONTENT="ports." HEIGHT="48" WIDTH="140" VPOS="2900" HPOS="856"/>
<SP HEIGHT="44" WIDTH="57" VPOS="2895" HPOS="997"/>
<String CS="1" CONTENT="24&#189;" HEIGHT="44" WIDTH="54" VPOS="2895" HPOS="1055"/>
<String STYLE="superscript" CONTENT="cm" HEIGHT="20" WIDTH="50" VPOS="2896" HPOS="1142"/>
<String CONTENT="." HEIGHT="10" WIDTH="11" VPOS="2928" HPOS="1196"/>
</TextLine>
<TextLine HEIGHT="56" WIDTH="1941" VPOS="2963" HPOS="415">
<String CONTENT="&#169;" HEIGHT="54" WIDTH="53" VPOS="2965" HPOS="415"/>
<SP HEIGHT="54" WIDTH="33" VPOS="2965" HPOS="469"/>
<String CONTENT="Oct." HEIGHT="45" WIDTH="99" VPOS="2967" HPOS="503"/>
<SP HEIGHT="43" WIDTH="30" VPOS="2967" HPOS="603"/>
<String CONTENT="8," HEIGHT="51" WIDTH="40" VPOS="2967" HPOS="634"/>
<SP HEIGHT="50" WIDTH="33" VPOS="2968" HPOS="675"/>
<String CONTENT="1926;" HEIGHT="51" WIDTH="129" VPOS="2967" HPOS="709"/>
<SP HEIGHT="52" WIDTH="32" VPOS="2966" HPOS="839"/>
<String CONTENT="2c." HEIGHT="43" WIDTH="63" VPOS="2966" HPOS="872"/>
<SP HEIGHT="28" WIDTH="34" VPOS="2981" HPOS="936"/>
<String CONTENT="and" HEIGHT="42" WIDTH="86" VPOS="2967" HPOS="971"/>
<SP HEIGHT="42" WIDTH="30" VPOS="2967" HPOS="1058"/>
<String CONTENT="aff." HEIGHT="43" WIDTH="78" VPOS="2966" HPOS="1089"/>
<SP HEIGHT="42" WIDTH="33" VPOS="2966" HPOS="1168"/>
<String CONTENT="Nov." HEIGHT="43" WIDTH="118" VPOS="2966" HPOS="1202"/>
<SP HEIGHT="42" WIDTH="36" VPOS="2967" HPOS="1321"/>
<String CONTENT="1;" HEIGHT="50" WIDTH="46" VPOS="2967" HPOS="1358"/>
<SP HEIGHT="52" WIDTH="34" VPOS="2965" HPOS="1405"/>
<!-- cceid 053DDDBE-6E1B-1014-9B7B-CA07F191E62B --><String CONTENT="A" HEIGHT="42" WIDTH="44" VPOS="2965" HPOS="1440"/>
<SP HEIGHT="43" WIDTH="29" VPOS="2965" HPOS="1485"/>
<String CONTENT="949876;" HEIGHT="53" WIDTH="189" VPOS="2963" HPOS="1515"/>
<SP HEIGHT="50" WIDTH="33" VPOS="2966" HPOS="1705"/>
<String CONTENT="Doubleday," HEIGHT="53" WIDTH="281" VPOS="2965" HPOS="1739"/>
<SP HEIGHT="51" WIDTH="36" VPOS="2965" HPOS="2021"/>
<String CONTENT="Page" HEIGHT="52" WIDTH="126" VPOS="2965" HPOS="2058"/>
<SP HEIGHT="44" WIDTH="33" VPOS="2964" HPOS="2185"/>
<String CONTENT="&amp;" HEIGHT="44" WIDTH="37" VPOS="2964" HPOS="2219"/>
<SP HEIGHT="44" WIDTH="30" VPOS="2964" HPOS="2257"/>
<String CONTENT="co." HEIGHT="29" WIDTH="68" VPOS="2979" HPOS="2288"/>
</TextLine>
<TextLine HEIGHT="55" WIDTH="269" VPOS="3024" HPOS="494">
<String CONTENT="(26-19265)" HEIGHT="55" WIDTH="269" VPOS="3024" HPOS="494"/>
</TextLine>
<TextLine HEIGHT="76" WIDTH="896" VPOS="3122" HPOS="419" STYLEREFS="StyleId-38635B33-2A97-47A6-814D-94E628FC6DC6-">
<String CONTENT="Hubbard," HEIGHT="70" WIDTH="321" VPOS="3124" HPOS="419"/>
<SP HEIGHT="69" WIDTH="41" VPOS="3125" HPOS="741"/>
<String CONTENT="Wynant" HEIGHT="73" WIDTH="281" VPOS="3125" HPOS="783"/>
<SP HEIGHT="58" WIDTH="34" VPOS="3124" HPOS="1065"/>
<String CONTENT="Davis." HEIGHT="60" WIDTH="215" VPOS="3122" HPOS="1100"/>
</TextLine>
<TextLine HEIGHT="75" WIDTH="1920" VPOS="3212" HPOS="494" STYLEREFS="StyleId-50200802-EA3B-49D9-A567-CA0D707701BC-">
<String CONTENT="Wild" HEIGHT="59" WIDTH="170" VPOS="3214" HPOS="494"/>
<SP HEIGHT="57" WIDTH="25" VPOS="3216" HPOS="665"/>
<String CONTENT="animals;" HEIGHT="74" WIDTH="296" VPOS="3212" HPOS="691"/>
<SP HEIGHT="52" WIDTH="27" VPOS="3234" HPOS="988"/>
<String CONTENT="a" HEIGHT="39" WIDTH="39" VPOS="3234" HPOS="1016"/>
<SP HEIGHT="39" WIDTH="20" VPOS="3234" HPOS="1056"/>
<String CONTENT="white" HEIGHT="59" WIDTH="187" VPOS="3213" HPOS="1077"/>
<SP HEIGHT="39" WIDTH="24" VPOS="3233" HPOS="1265"/>
<String CONTENT="man&#8217;s" HEIGHT="53" WIDTH="207" VPOS="3219" HPOS="1290"/>
<SP HEIGHT="38" WIDTH="27" VPOS="3234" HPOS="1498"/>
<String CONTENT="conquest" HEIGHT="69" WIDTH="297" VPOS="3218" HPOS="1526"/>
<SP HEIGHT="54" WIDTH="24" VPOS="3218" HPOS="1824"/>
<String CONTENT="of" HEIGHT="58" WIDTH="66" VPOS="3214" HPOS="1849"/>
<SP HEIGHT="72" WIDTH="26" VPOS="3214" HPOS="1916"/>
<String CONTENT="jungle" HEIGHT="73" WIDTH="214" VPOS="3214" HPOS="1943"/>
<SP HEIGHT="57" WIDTH="24" VPOS="3216" HPOS="2158"/>
<String CONTENT="beasts," HEIGHT="71" WIDTH="231" VPOS="3216" HPOS="2183"/>
</TextLine>
<TextLine HEIGHT="74" WIDTH="1993" VPOS="3292" HPOS="419" STYLEREFS="StyleId-50200802-EA3B-49D9-A567-CA0D707701BC-" CS="1">
<String CONTENT="by" HEIGHT="72" WIDTH="84" VPOS="3294" HPOS="419"/>
<SP HEIGHT="73" WIDTH="32" VPOS="3293" HPOS="504"/>
<String CONTENT="Wynant" HEIGHT="72" WIDTH="281" VPOS="3293" HPOS="537"/>
<SP HEIGHT="57" WIDTH="36" VPOS="3293" HPOS="819"/>
<String CONTENT="Davis" HEIGHT="57" WIDTH="198" VPOS="3293" HPOS="856"/>
<SP HEIGHT="57" WIDTH="39" VPOS="3293" HPOS="1055"/>
<String CONTENT="Hubbard" HEIGHT="58" WIDTH="308" VPOS="3292" HPOS="1095"/>
<SP HEIGHT="57" WIDTH="44" VPOS="3293" HPOS="1404"/>
<String CS="1" CONTENT="&#8230;"/>
<SP HEIGHT="57" WIDTH="83" VPOS="3292" HPOS="1512"/>
<String CONTENT="New" HEIGHT="57" WIDTH="152" VPOS="3292" HPOS="1596"/>
<SP HEIGHT="56" WIDTH="37" VPOS="3293" HPOS="1749"/>
<String CONTENT="York," HEIGHT="72" WIDTH="190" VPOS="3292" HPOS="1787"/>
<SP HEIGHT="72" WIDTH="40" VPOS="3292" HPOS="1978"/>
<String CONTENT="London," HEIGHT="73" WIDTH="277" VPOS="3292" HPOS="2019"/>
<SP HEIGHT="72" WIDTH="40" VPOS="3293" HPOS="2297"/>
<String CONTENT="D." HEIGHT="56" WIDTH="74" VPOS="3293" HPOS="2338"/>
</TextLine>
<TextLine HEIGHT="71" WIDTH="1013" VPOS="3372" HPOS="418" STYLEREFS="StyleId-50200802-EA3B-49D9-A567-CA0D707701BC-">
<String CONTENT="Appleton" HEIGHT="71" WIDTH="318" VPOS="3372" HPOS="418"/>
<SP HEIGHT="39" WIDTH="27" VPOS="3391" HPOS="737"/>
<String CONTENT="and" HEIGHT="58" WIDTH="124" VPOS="3372" HPOS="765"/>
<SP HEIGHT="57" WIDTH="25" VPOS="3372" HPOS="890"/>
<String CONTENT="company," HEIGHT="54" WIDTH="321" VPOS="3389" HPOS="916"/>
<SP HEIGHT="70" WIDTH="27" VPOS="3373" HPOS="1238"/>
<String CONTENT="1926." HEIGHT="57" WIDTH="165" VPOS="3372" HPOS="1266"/>
</TextLine>
<TextLine HEIGHT="54" WIDTH="821" VPOS="3448" HPOS="490">
<String CONTENT="xv," HEIGHT="37" WIDTH="76" VPOS="3465" HPOS="490"/>
<SP HEIGHT="53" WIDTH="19" VPOS="3449" HPOS="567"/>
<String CONTENT="290" HEIGHT="45" WIDTH="83" VPOS="3448" HPOS="587"/>
<SP HEIGHT="53" WIDTH="21" VPOS="3448" HPOS="671"/>
<String CONTENT="p." HEIGHT="38" WIDTH="41" VPOS="3463" HPOS="693"/>
<SP HEIGHT="45" WIDTH="59" VPOS="3448" HPOS="735"/>
<String CONTENT="front.," HEIGHT="53" WIDTH="155" VPOS="3448" HPOS="795"/>
<SP HEIGHT="38" WIDTH="22" VPOS="3464" HPOS="951"/>
<String CONTENT="plates." HEIGHT="53" WIDTH="157" VPOS="3449" HPOS="974"/>
<SP HEIGHT="44" WIDTH="56" VPOS="3449" HPOS="1132"/>
<String CONTENT="21" HEIGHT="43" WIDTH="51" VPOS="3449" HPOS="1189"/>
<String STYLE="superscript" CONTENT="cm" HEIGHT="18" WIDTH="47" VPOS="3452" HPOS="1250"/>
<String CONTENT="." HEIGHT="7" WIDTH="9" VPOS="3485" HPOS="1302"/>
</TextLine>
<TextLine HEIGHT="55" WIDTH="594" VPOS="3505" HPOS="489">
<String CONTENT="Maps" HEIGHT="53" WIDTH="134" VPOS="3507" HPOS="489"/>
<SP HEIGHT="30" WIDTH="26" VPOS="3521" HPOS="624"/>
<String CONTENT="on" HEIGHT="30" WIDTH="61" VPOS="3521" HPOS="651"/>
<SP HEIGHT="45" WIDTH="25" VPOS="3505" HPOS="713"/>
<String CONTENT="lining-papers." HEIGHT="54" WIDTH="344" VPOS="3505" HPOS="739"/>
</TextLine>
<TextLine HEIGHT="54" WIDTH="651" VPOS="3562" HPOS="488">
<String CONTENT="Bibliography:" HEIGHT="53" WIDTH="353" VPOS="3563" HPOS="488"/>
<SP HEIGHT="39" WIDTH="30" VPOS="3577" HPOS="842"/>
<String CONTENT="p." HEIGHT="38" WIDTH="40" VPOS="3578" HPOS="873"/>
<SP HEIGHT="44" WIDTH="19" VPOS="3563" HPOS="914"/>
<String CONTENT="279-284." HEIGHT="45" WIDTH="205" VPOS="3562" HPOS="934"/>
</TextLine>
<TextLine HEIGHT="54" WIDTH="1882" VPOS="3619" HPOS="416">
<String CONTENT="&#169;" HEIGHT="54" WIDTH="53" VPOS="3619" HPOS="416"/>
<SP HEIGHT="54" WIDTH="34" VPOS="3619" HPOS="470"/>
<String CONTENT="Oct." HEIGHT="43" WIDTH="100" VPOS="3623" HPOS="505"/>
<SP HEIGHT="42" WIDTH="32" VPOS="3622" HPOS="606"/>
<String CONTENT="22," HEIGHT="50" WIDTH="67" VPOS="3621" HPOS="639"/>
<SP HEIGHT="49" WIDTH="36" VPOS="3622" HPOS="707"/>
<String CONTENT="1926;" HEIGHT="52" WIDTH="129" VPOS="3620" HPOS="744"/>
<SP HEIGHT="52" WIDTH="35" VPOS="3620" HPOS="874"/>
<String CONTENT="2c." HEIGHT="44" WIDTH="65" VPOS="3620" HPOS="910"/>
<SP HEIGHT="28" WIDTH="34" VPOS="3635" HPOS="976"/>
<String CONTENT="and" HEIGHT="42" WIDTH="86" VPOS="3622" HPOS="1011"/>
<SP HEIGHT="42" WIDTH="34" VPOS="3622" HPOS="1098"/>
<String CONTENT="aff." HEIGHT="42" WIDTH="78" VPOS="3621" HPOS="1133"/>
<SP HEIGHT="43" WIDTH="35" VPOS="3621" HPOS="1212"/>
<String CONTENT="Oct." HEIGHT="43" WIDTH="100" VPOS="3621" HPOS="1248"/>
<SP HEIGHT="42" WIDTH="33" VPOS="3621" HPOS="1349"/>
<String CONTENT="26;" HEIGHT="52" WIDTH="77" VPOS="3620" HPOS="1383"/>
<SP HEIGHT="52" WIDTH="36" VPOS="3620" HPOS="1461"/>
<!-- cceid 053E0DDA-6E1B-1014-9B7B-CA07F191E62B --><String CONTENT="A" HEIGHT="42" WIDTH="44" VPOS="3620" HPOS="1498"/>
<SP HEIGHT="43" WIDTH="34" VPOS="3620" HPOS="1543"/>
<String CONTENT="950646;" HEIGHT="52" WIDTH="187" VPOS="3619" HPOS="1578"/>
<SP HEIGHT="51" WIDTH="36" VPOS="3620" HPOS="1766"/>
<String CONTENT="D." HEIGHT="43" WIDTH="56" VPOS="3620" HPOS="1803"/>
<SP HEIGHT="43" WIDTH="36" VPOS="3620" HPOS="1860"/>
<String CONTENT="Appleton" HEIGHT="52" WIDTH="228" VPOS="3620" HPOS="1897"/>
<SP HEIGHT="43" WIDTH="35" VPOS="3620" HPOS="2126"/>
<String CONTENT="&amp;" HEIGHT="43" WIDTH="37" VPOS="3620" HPOS="2162"/>
<SP HEIGHT="43" WIDTH="32" VPOS="3620" HPOS="2200"/>
<String CONTENT="co." HEIGHT="29" WIDTH="65" VPOS="3633" HPOS="2233"/>
</TextLine>
<TextLine HEIGHT="55" WIDTH="269" VPOS="3678" HPOS="494">
<String CONTENT="(26-19134)" HEIGHT="55" WIDTH="269" VPOS="3678" HPOS="494"/>
</TextLine>
<TextLine HEIGHT="73" WIDTH="1476" VPOS="3777" HPOS="420" STYLEREFS="StyleId-50200802-EA3B-49D9-A567-CA0D707701BC-">
<String CONTENT="The" HEIGHT="56" WIDTH="127" VPOS="3779" HPOS="420"/>
<SP HEIGHT="57" WIDTH="29" VPOS="3778" HPOS="548"/>
<String CONTENT="Humorist," HEIGHT="58" WIDTH="343" VPOS="3777" HPOS="578"/>
<SP HEIGHT="37" WIDTH="80" VPOS="3798" HPOS="922"/>
<String CONTENT="v." HEIGHT="37" WIDTH="56" VPOS="3798" HPOS="1003"/>
<SP HEIGHT="55" WIDTH="30" VPOS="3781" HPOS="1060"/>
<String CONTENT="9," HEIGHT="69" WIDTH="51" VPOS="3781" HPOS="1091"/>
<SP HEIGHT="52" WIDTH="26" VPOS="3798" HPOS="1143"/>
<String CONTENT="no." HEIGHT="37" WIDTH="97" VPOS="3798" HPOS="1170"/>
<SP HEIGHT="53" WIDTH="32" VPOS="3781" HPOS="1268"/>
<String CONTENT="222," HEIGHT="70" WIDTH="127" VPOS="3780" HPOS="1301"/>
<SP HEIGHT="73" WIDTH="29" VPOS="3777" HPOS="1429"/>
<String CONTENT="Nov." HEIGHT="58" WIDTH="155" VPOS="3777" HPOS="1459"/>
<SP HEIGHT="55" WIDTH="30" VPOS="3780" HPOS="1615"/>
<String CONTENT="6," HEIGHT="70" WIDTH="51" VPOS="3780" HPOS="1646"/>
<SP HEIGHT="70" WIDTH="32" VPOS="3780" HPOS="1698"/>
<String CONTENT="1926." HEIGHT="56" WIDTH="165" VPOS="3779" HPOS="1731"/>
</TextLine>
<TextLine HEIGHT="55" WIDTH="1996" VPOS="3867" HPOS="415" CS="1">
<String CONTENT="&#169;" HEIGHT="55" WIDTH="55" VPOS="3867" HPOS="415"/>
<SP/>
<String CS="1" CONTENT="1c."/>
<SP HEIGHT="43" WIDTH="30" VPOS="3869" HPOS="564"/>
<String CONTENT="Nov." HEIGHT="43" WIDTH="118" VPOS="3869" HPOS="595"/>
<SP HEIGHT="42" WIDTH="33" VPOS="3870" HPOS="714"/>
<String CONTENT="12," HEIGHT="51" WIDTH="62" VPOS="3869" HPOS="748"/>
<SP HEIGHT="50" WIDTH="34" VPOS="3870" HPOS="811"/>
<String CONTENT="1926;" HEIGHT="52" WIDTH="129" VPOS="3869" HPOS="846"/>
<SP HEIGHT="52" WIDTH="32" VPOS="3869" HPOS="976"/>
<!-- cceid 053E3D45-6E1B-1014-9B7B-CA07F191E62B --><String CONTENT="A" HEIGHT="42" WIDTH="44" VPOS="3869" HPOS="1009"/>
<SP HEIGHT="44" WIDTH="28" VPOS="3869" HPOS="1054"/>
<String CONTENT="ad" HEIGHT="43" WIDTH="57" VPOS="3870" HPOS="1083"/>
<SP HEIGHT="42" WIDTH="30" VPOS="3870" HPOS="1141"/>
<String CONTENT="int." HEIGHT="42" WIDTH="75" VPOS="3870" HPOS="1172"/>
<SP HEIGHT="43" WIDTH="32" VPOS="3869" HPOS="1248"/>
<String CONTENT="8716;" HEIGHT="53" WIDTH="134" VPOS="3868" HPOS="1281"/>
<SP HEIGHT="38" WIDTH="31" VPOS="3883" HPOS="1416"/>
<String CONTENT="pubd." HEIGHT="52" WIDTH="130" VPOS="3869" HPOS="1448"/>
<SP HEIGHT="43" WIDTH="34" VPOS="3870" HPOS="1579"/>
<String CONTENT="Oct." HEIGHT="43" WIDTH="100" VPOS="3870" HPOS="1614"/>
<SP HEIGHT="43" WIDTH="28" VPOS="3870" HPOS="1715"/>
<String CONTENT="30;" HEIGHT="52" WIDTH="77" VPOS="3869" HPOS="1744"/>
<SP HEIGHT="54" WIDTH="37" VPOS="3867" HPOS="1822"/>
<String CONTENT="George" HEIGHT="54" WIDTH="181" VPOS="3867" HPOS="1860"/>
<SP HEIGHT="44" WIDTH="29" VPOS="3868" HPOS="2042"/>
<String CONTENT="Newnes," HEIGHT="52" WIDTH="212" VPOS="3868" HPOS="2072"/>
<SP HEIGHT="53" WIDTH="31" VPOS="3867" HPOS="2285"/>
<String CONTENT="ltd.," HEIGHT="54" WIDTH="94" VPOS="3867" HPOS="2317"/>
</TextLine>
<TextLine HEIGHT="45" WIDTH="199" VPOS="3926" HPOS="486">
<String CONTENT="London." HEIGHT="45" WIDTH="199" VPOS="3926" HPOS="486"/>
</TextLine>
</TextBlock>
</PrintSpace>
</Page>
</Layout>
</alto>