2609 4293
1073 4008 107 55 175

139 468 164 71 1908,
336 486 119 37 von
491 468 90 55 dr.
618 465 233 57 Rudolf
888 463 264 58 Steiner.
1231 464 196 58 Given
1462 484 68 37 as
1567 464 247 70 private
1849 466 264 57 lectures

141 550 61 52 to
248 546 102 55 the
395 544 303 55 members
749 542 66 56 of
861 543 102 55 the
1010 542 614 70 Anthroposophical
1673 542 235 72 society
1954 544 158 71 only.

140 621 321 76 [Dornach,
500 620 142 55 Phil-
671 619 672 70 anthroposophischer
1381 619 234 72 vertag,
1657 621 162 72 1925]

210 711 44 41 11
295 715 82 46 pts.
435 707 56 43 28
496 711 46 17 cm
548 742 9 8 .

138 774 1978 112 © Dec. 15, 1925; 1c. Jan. 4, 1926; A—Foreign 30081; Philosophisch-anthroposophischer
716 833 166 52 verlag.

139 931 402 73 Stephenson,
583 931 237 72 George
857 929 307 69 Malcolm,
1209 932 186 56 1883-

211 1024 59 56 A
322 1022 246 71 history
622 1022 67 56 of
741 1021 334 57 American
1128 1019 444 73 immigration,
1630 1022 355 70 1820-1924,
2042 1023 79 71 by

137 1098 1982 75 George M. Stephenson … Boston, New York [etc.] Ginn
135 1182 122 57 and
289 1196 304 52 company
626 1205 13 44 [
639 1186 19 20 c
663 1177 162 73 1926]

204 1268 56 50 vi,
287 1268 81 44 316
393 1283 40 37 p.
491 1266 54 44 20½
580 1268 46 18 cm
632 1300 9 9 .

207 1337 174 44 “Select
408 1335 367 54 bibliography”:
805 1351 39 37 p.
871 1335 205 44 283-302.

135 1392 52 54 ©
221 1395 98 51 Jan.
353 1394 38 51 2,
430 1393 104 43 1926
549 1408 8 37 ;
591 1393 65 42 2c.
691 1393 105 42 Feb.
838 1393 72 51 19;
947 1393 79 42 aff.
1061 1391 105 44 Feb.
1207 1393 73 50 18;
1319 1393 41 41 A
1400 1391 187 53 879601;
1628 1393 52 44 G.
1719 1394 65 42 M.
1824 1391 290 54 Stephenson,

205 1450 313 52 Minneapolis.
587 1447 240 56 (26-4956)

138 1548 378 73 Thackeray,
557 1547 280 60 William
871 1546 392 73 Makepeace,
1308 1549 356 57 1811-1863.

211 1639 237 72 Vanity
476 1639 159 71 fair;
667 1659 36 38 a
729 1639 182 57 novel
937 1637 261 59 without
1228 1657 36 38 a
1290 1637 172 73 hero,
1491 1639 83 71 by
1600 1637 279 59 William
135 1638 1955 151 Makepeace
391 1716 379 72 Thackeray,

839 1715 149 58 with
1053 1714 418 59 illustrations
1539 1717 82 71 by
1686 1716 105 59 the
1858 1716 256 72 author;

136 1793 1979 75 abridged and edited by Max J. Herzberg … New York,
135 1873 127 58 The
291 1872 357 58 Macmillan
676 1890 321 54 company,
1027 1872 165 56 1926.

201 1949 1353 56 xxiv p ., 1 l, 364 p. incl. front., plates, facsim. 19 cm .
1624 1946 123 56 (The
1775 1950 184 43 modern
134 1950 1959 103 readers’
244 2008 163 54 series)

202 2065 266 45 “Facsimile
493 2065 50 44 of
565 2064 74 47 the
661 2064 194 53 original
877 2062 232 54 wrapper”
1134 2078 57 30 on
1215 2078 131 30 verso
1372 2063 50 45 of
1448 2062 305 55 frontispiece.

203 2123 177 44 “Books
405 2137 57 29 on
485 2120 294 54 Thackeray”
797 2136 10 29 :
831 2137 39 37 p.
896 2120 94 44 360.

132 2177 52 53 ©
218 2178 104 44 Feb.
356 2179 66 51 23,
460 2178 127 50 1926;
623 2178 64 43 2c.
722 2178 86 42 and
842 2177 79 42 aff.
958 2175 105 44 Feb.
1100 2176 76 51 24;
1214 2176 46 42 A
1294 2174 188 53 879636;
1521 2176 264 43 Macmillan

1821 2192 64 28 co.
1949 2175 66 54 [©
201 2177 1895 101 introduction
485 2235 85 42 and
600 2240 140 45 notes]
811 2232 241 54 (26-4939)

135 2331 283 71 Thomas,
457 2331 217 70 Edgar
711 2329 290 71 Garfield,
1043 2332 186 56 1880-

210 2425 128 57 The
367 2423 141 58 first
535 2422 268 59 African
830 2421 256 73 Baptist
1115 2423 228 57 church
1371 2424 68 57 of
1468 2423 204 56 North
1700 2422 310 73 America,
2039 2426 81 70 by

131 2499 1910 74 Rev. Edgar Garfield Thomas … Savannah, Ga. [ c 1925]
204 2581 76 44 144
307 2594 41 37 p.
410 2579 149 49 front.,
589 2578 117 45 illus.
771 2579 47 43 19
825 2580 46 18 cm
879 2613 9 9 .

131 2632 52 55 ©
222 2633 106 45 Feb.
372 2634 62 52 10,
476 2632 127 53 1926;
645 2633 64 43 2c.
748 2631 106 45 Feb.
899 2632 72 52 12;
1013 2632 78 44 aff.
1131 2630 108 46 Feb.
1283 2632 72 53 13;
1399 2632 43 43 A
1484 2630 188 54 879564;
1716 2631 52 48 E.
1811 2631 52 46 G.
1902 2631 215 55 Thomas,

204 2691 250 51 Savannah,
489 2690 78 44 Ga.
637 2689 240 53 (26-4814)

133 2787 374 73 Tomlinson,
551 2788 256 57 Everett
848 2786 356 73 Titsworth,
1249 2789 187 56 1859-

134 2880 1962 151 … Washington’s young scouts in the camp of Cornwallis,
380 2955 1738 76 by Everett T. Tomlinson … New York, London,
132 3037 73 57 D.
232 3036 319 71 Appleton
577 3037 123 56 and
728 3051 321 54 company,
1078 3034 166 57 1926.

204 3113 79 46 353
311 3127 40 37 p.
413 3112 154 49 front.,
593 3113 156 50 plates.
813 3113 49 44 19½
897 3113 47 17 cm
950 3147 9 8 ·
1027 3111 117 51 (His
1169 3110 245 46 American
1440 3111 211 52 scouting
1679 3112 166 51 series)

204 3169 245 45 Published
481 3170 45 42 in
562 3168 105 44 1902
698 3168 143 43 under
872 3166 123 46 title:
1029 3170 53 40 In
1113 3168 77 43 the
1219 3182 128 36 camp
1380 3169 51 43 of
1464 3168 285 45 Cornwallis.

132 3222 51 55 ©
218 3223 105 45 Feb.
361 3224 61 51 13,
459 3223 128 52 1926;
621 3222 65 44 2c.
749 3223 59 43 and
842 3223 77 43 aff.
957 3221 106 45 Feb.
1102 3222 72 52 16;
1211 3223 44 42 A
1288 3222 188 53 883446;
1515 3224 55 42 D.
1607 3223 227 53 Appleton
1870 3224 37 45 &
1941 3240 65 28 co.

210 3280 239 55 (26-5016)

134 3378 156 57 Traf
292 3382 124 67 ton,
457 3376 241 59 Gilbert
734 3377 238 72 Haven,
1013 3379 187 57 1874-

209 3468 248 58 Science
491 3466 68 59 of
587 3467 178 58 home
799 3468 123 56 and
952 3467 396 72 community,
1382 3486 36 38 a
1451 3469 292 57 textbook
1772 3468 66 57 in
1869 3469 252 72 general

132 3544 1988 73 science. Rev. ed., by Gilbert H. Trafton … illustrations
130 3624 83 70 by
250 3624 72 56 B.
364 3623 71 57 F.
477 3623 411 57 Williamson.
971 3623 151 56 New
1160 3623 189 73 York,
1395 3623 130 57 The
1566 3622 359 59 Macmillan
127 3642 1971 130 company,
345 3701 164 56 1926.

198 3778 94 52 xiii,
325 3776 79 45 578
432 3793 38 38 p.
532 3778 114 43 illus.
674 3777 126 55 (incl.
832 3784 151 48 ports.,
1016 3777 151 54 maps)
1206 3776 168 54 diagrs.
1433 3776 55 44 20½
1522 3779 46 17 cm
1575 3814 9 9 .

202 3835 324 43 “References”
556 3843 46 37 at
632 3836 84 42 end
743 3835 50 44 of
819 3835 108 43 each
957 3835 196 52 chapter.

132 3890 52 54 ©
214 3891 105 44 Feb.
344 3892 66 50 23,
442 3892 127 51 1926;
600 3892 63 43 2c.
691 3893 86 42 and
805 3893 77 42 aff.
912 3891 105 44 Feb.
1047 3893 77 50 24;
1156 3892 44 41 A
1227 3890 187 52 879633;
1448 3892 264 43 Macmillan
1742 3907 63 29 co.

212 3946 240 55 (26-5169)
