2542 4285
988 3985 149 58 1031

71 461 216 57 forms,
353 474 57 38 v.
439 456 51 54 2.
519 451 219 58 Public
761 449 213 58 health
1001 451 63 53 to
1094 445 289 60 Offenses
1411 444 250 73 against
1688 443 104 57 the
1823 462 230 52 person

139 522 1874 80 … Kansas City, Mo., Vernon law book company, 1926.
138 611 90 52 xvi,
261 610 80 44 512
370 623 40 38 p.
468 607 53 44 26
528 610 45 17 cm
580 642 9 8 .

67 667 56 56 ©
149 668 105 53 July
282 668 65 50 31,
379 664 129 54 1926;
537 664 62 42 2c.
631 662 101 44 Oct.
756 660 80 54 25;
868 660 78 43 aff.
976 659 101 44 Oct.
1106 658 79 51 23;
1216 657 45 42 A
1290 654 187 54 950622;
1509 656 185 43 Vernon
1722 655 87 45 law
1839 655 120 43 book
1985 670 67 28 co.

70 799 284 69 Thomas,
392 792 280 62 William
710 792 218 71 Henry
962 787 262 73 Griffith,
1263 787 358 57 1861-1924.

146 888 145 58 And
317 885 137 60 God
481 884 190 72 spake
700 882 174 58 these
900 879 238 72 words;
1164 879 141 57 how
1328 898 90 38 we
1448 879 108 72 got
1584 896 115 39 our
1721 876 179 61 Bible
1923 877 131 58 and

69 968 142 73 why
236 985 90 38 we
354 963 235 60 believe
618 961 51 57 it
696 964 55 56 is
783 959 197 59 God’s
1006 958 191 72 word,
1224 958 83 71 by
1334 956 104 58 the
1467 957 152 56 Rev.
1645 955 98 59 W.
1772 955 80 57 H.
71 954 1959 149 Griffith

239 1032 1815 83 Thomas, D. D. Philadelphia, The Sunday school
68 1123 181 60 times
279 1138 305 55 company
612 1148 14 43 [
626 1126 20 23 c
649 1118 164 73 1926]

140 1201 76 47 127
243 1217 41 37 p.
343 1200 56 44 20
404 1202 46 18 cm
456 1235 9 8 .

69 1255 53 56 ©
150 1259 115 51 June
291 1254 67 53 25,
390 1253 129 53 1926;
547 1253 65 42 2c.
643 1252 86 42 and
757 1251 79 44 aff.
869 1248 122 53 Sept.
1025 1249 74 52 14;
1132 1248 45 42 A
1207 1246 189 52 949003;
1432 1244 182 56 Sunday
1645 1245 153 46 school
1828 1247 130 43 times
1989 1261 65 29 co.

148 1312 269 57 (26-16066)

68 1387 328 67 Thurston,
443 1380 291 73 Howard,
777 1382 188 57 1869-

140 1479 111 58 200
299 1475 193 61 tricks
540 1494 122 54 you
714 1494 113 39 can
874 1475 97 68 do,
1020 1474 84 72 by
1152 1469 280 59 Howard
1481 1469 336 59 Thurston.
1906 1471 150 57 New

63 1557 189 72 York,
282 1555 70 60 G.
383 1554 178 73 Sully
587 1554 124 57 and
738 1568 307 55 company
1073 1580 14 43 [
1086 1556 21 23 c
1110 1549 164 73 1926]

132 1636 96 50 xix,
258 1633 78 45 201
369 1647 41 37 p.
470 1631 117 43 illus.
650 1630 77 47 194
734 1631 46 18 cm
787 1666 9 7 .

69 1687 53 56 ©
156 1690 121 51 Sept.
305 1688 40 49 4,
380 1685 128 53 1926;
540 1684 63 43 2c.
636 1682 121 52 Sept.
789 1682 50 51 3;
870 1682 79 42 aff.
985 1678 121 54 Sept.
1140 1681 75 50 11;
1251 1679 45 42 A
1325 1677 188 55 949020;
1549 1678 178 53 George
1762 1678 128 55 Sully
1922 1680 38 44 &
1988 1694 68 30 co.

148 1743 269 58 (26-16041)

68 1816 338 73 Trumbull,
457 1814 254 58 Charles
759 1809 347 70 Gallaudet,
1156 1812 190 57 1872-

146 1905 259 62 Genesis
433 1906 123 58 and
582 1903 305 73 yourself,
916 1902 105 57 the
1049 1901 160 58 book
1239 1901 67 57 of
1332 1898 372 76 beginnings
1736 1902 225 72 speaks
1989 1906 64 54 to

69 1976 1918 80 the world of to-day, by Charles Gallaudet Trumbull …
68 2055 1985 83 Philadelphia, The Sunday school times company [ c 1926]
136 2147 76 43 192
245 2160 40 37 p.
347 2144 52 44 19
403 2143 47 19 cm
457 2176 9 9 .

136 2199 221 46 “Revised
386 2196 206 48 edition.”

136 2257 139 44 “This
307 2255 121 45 book
457 2252 242 54 originally
732 2251 222 53 appeared
984 2250 141 44 under
1157 2249 73 44 the
1262 2249 112 52 title,
1407 2249 249 54 ‘Messages
1691 2250 74 44 for
1796 2250 74 44 the
68 2265 1964 102 morning

173 2311 172 45 watch:
381 2307 254 47 devotional
668 2307 168 45 studies
869 2306 45 42 in
946 2304 241 46 Genesis’.”

66 2367 56 56 ©
151 2371 112 50 May
294 2368 61 50 10,
389 2366 128 52 1926;
548 2365 64 43 2c.
641 2365 86 42 and
756 2363 79 45 aff.
870 2363 122 52 Sept.
1026 2363 74 51 14;
1133 2362 45 42 A
1206 2362 189 52 949000;
1433 2360 183 55 Sunday
1645 2360 154 47 school
1829 2362 130 44 times
1993 2378 64 29 co.

148 2424 271 57 (26-16067)

69 2498 72 58 U.
179 2498 61 58 S.
314 2497 302 74 Supreme
653 2498 192 55 court.

148 2588 193 60 Cases
384 2587 315 73 adjudged
741 2585 65 58 in
848 2586 103 56 the
998 2584 302 73 Supreme
1344 2588 181 55 court
1567 2585 66 57 of
1676 2585 104 58 the
1824 2584 235 60 United

71 2667 229 60 States.
392 2665 234 59 Official
674 2663 236 59 edition
959 2662 261 72 reprint.
1314 2661 380 76 Containing
1740 2664 200 58 briefs
1991 2665 68 57 of

69 2745 250 59 counsel
353 2742 239 73 (points
618 2743 125 57 and
770 2740 431 75 authorities),
1229 2743 370 56 statements
1628 2741 66 57 of
1721 2760 195 55 cases,
1937 2744 123 56 and

71 2822 224 74 syllabi
324 2822 67 57 of
419 2821 102 57 the
552 2840 174 38 cases
754 2820 83 72 by
864 2820 103 56 the
999 2818 219 58 official
1246 2822 306 68 reporter.
1621 2818 296 60 Volumes
1951 2822 108 55 152

67 2904 62 56 to
176 2901 112 56 170
341 2897 357 73 (inclusive)
808 2897 600 73 Photographically
1457 2897 386 72 reproduced
1890 2899 168 56 from

69 2978 103 58 the
200 2977 234 58 Official
459 2976 234 58 edition
716 2975 154 58 with
892 2976 103 57 the
1024 2974 218 59 official
1266 2975 371 73 pagination
1666 2976 66 57 of
1759 2978 149 56 each
67 2977 1970 137 volume

239 3056 202 56 under
471 3054 102 58 the
610 3053 295 59 editorial
939 3053 395 72 supervision
1371 3054 66 57 of
1470 3054 278 57 William
1783 3054 276 59 Edward

67 3127 1993 80 Baldwin … Cleveland, New York, The Baldwin law book
70 3240 321 57 company,
421 3224 166 57 1926.

142 3317 48 42 19
219 3329 41 27 v.
295 3313 43 43 in
368 3314 39 42 2.
466 3312 55 44 26½
553 3315 47 18 cm
606 3348 9 8 .

69 3387 41 29 v.
149 3370 202 51 152-161,
388 3368 53 55 ©
481 3370 121 52 Sept.
643 3371 63 51 13,
746 3370 129 53 1926;
914 3386 39 28 v.
997 3369 201 53 162-170,
1234 3369 56 54 ©
1331 3369 120 54 Sept.
1490 3370 49 53 7;
1578 3372 64 43 2c.
1682 3371 108 45 each
1828 3373 87 43 and
1953 3374 101 45 affs.

141 3429 121 52 Sept.
296 3427 75 52 15;
403 3427 46 44 A
477 3427 177 52 950013,
685 3426 191 55 950014;
911 3427 208 45 Baldwin
1151 3429 87 43 law
1269 3429 121 43 book
1419 3445 81 37 co.,
1534 3429 81 43 inc.

68 3497 339 75 Urquhart,
449 3498 287 58 Leonard
776 3499 264 74 Church,
1085 3503 190 57 1886-

66 3570 1971 156 Design of concrete structures, by Leonard Church Urquhart … and
644 3649 1414 74 Charles Edward O’Rourke … 2d ed.
69 3731 149 59 New
256 3731 172 57 York
487 3736 130 68 [etc.]
660 3731 451 61 McGraw-Hill
1151 3733 160 57 book
1349 3751 320 57 company,
1714 3732 138 76 inc.,
1892 3736 164 57 1926.

139 3807 59 52 ix,
231 3808 76 45 501
343 3823 40 38 p.
443 3807 128 53 illus.,
604 3809 166 54 diagrs.
829 3811 52 44 23½
917 3813 47 17 cm
970 3844 9 9 .
1094 3808 124 49 $4.00

71 3863 53 56 ©
153 3865 121 54 Sept.
306 3867 64 51 10,
399 3865 128 53 1926;
555 3866 65 45 2c.
651 3866 119 53 Sept.
803 3867 74 52 14;
906 3867 78 44 aff.
1016 3865 121 54 Sept.
1170 3868 74 53 16;
1274 3869 45 42 A
1346 3869 188 53 949063;
1566 3869 345 47 McGraw-Hill
1939 3870 121 45 book

140 3938 79 38 co.,
256 3923 82 44 inc.
407 3921 270 58 (26-15934)
