2542 4285
973 3981 146 56 1055

42 387 509 73 Hergesheimer,.
579 385 251 72 Joseph,
875 386 187 56 1880-

185 469 1764 79 … Tampico, a novel. New York, A. A. Knopf, 1926.
109 565 546 55 v, 328 p., 1 l. 19½ cm .
42 637 55 53 ©
129 638 119 52 Sept.
286 636 62 52 17,
384 636 127 52 1926;
544 637 61 41 2c.
643 635 119 52 Sept.
794 633 78 52 25;
906 635 78 42 aff.
1020 632 120 53 Sept.
1172 633 79 52 22;
1285 633 46 42 A
1361 630 189 55 950205;
1585 632 40 53 J.
1658 630 367 55 Hergesheimer,

113 696 133 43 West
283 693 198 52 Chester,
520 694 77 41 Pa.
666 689 269 57 (26-16351)

45 794 292 68 Hickson,
374 792 250 59 Samuel
653 792 243 56 Arthur
928 790 235 71 Einem,
1200 792 187 55 1853-

123 887 129 55 The
295 884 213 72 prince
552 882 66 57 of
661 884 178 69 poets
884 883 125 55 and
1048 883 166 55 most
1252 880 356 57 illustrious
1651 879 65 58 of
43 880 1960 154 philosophers;
315 961 372 71 concerning
735 960 104 56 the
894 959 238 57 Shaker
1185 958 67 57 of
1302 959 104 56 the
1458 976 188 53 spear
1696 957 65 58 of
1814 957 213 58 Pallas

43 1036 1966 228 Athene, the classical goddess of wisdom, war, and invention … By S. A. E. Hickson … With sixteen illustrations. London, Gay & Hancock, ltd., 1926.
111 1284 128 51 xxxi,
271 1283 79 44 336
382 1298 38 38 p.
483 1283 150 51 front.,
664 1283 156 52 plates,
854 1288 138 46 ports.
1057 1280 147 45 19½cm.

44 1351 1930 56 © 1c. Mar. 19, 1926; A ad int. 8086; pubd. Mar. 8; Gay & Hancock, ltd.
43 1468 147 70 Hill,
230 1469 214 57 Helen.

122 1557 249 59 Charlie
422 1561 123 57 and
592 1558 104 57 the
749 1557 283 73 surprise
1080 1559 212 70 house,
1340 1558 86 70 by
1471 1557 203 57 Helen
1721 1556 136 58 Hill
1909 1558 123 58 and

41 1634 209 61 Violet
286 1635 318 70 Maxwell;
641 1635 361 57 illustrated
1037 1635 83 71 by
1154 1635 104 57 the
1296 1635 278 58 authors.
1652 1635 153 56 New
1839 1635 192 73 York,

43 1713 128 57 The
205 1712 358 60 Macmillan
595 1730 323 54 company,
953 1712 166 58 1926.

112 1798 1917 56 6 p. l. , 185 p. incl. illus., plates, col. front. 18 cm . [The “Charlie” books]
45 1871 52 53 ©
127 1872 118 52 Sept.
270 1873 68 50 21,
367 1872 129 52 1926;
523 1872 62 43 2c.
613 1873 87 42 and
726 1873 77 42 aff.
835 1871 119 53 Sept.
979 1872 78 52 22;
1086 1873 46 42 A
1158 1871 190 54 950134;
1377 1871 266 46 Macmillan
1669 1887 67 31 co.
123 1929 267 55 (26-16362)

49 2030 128 55 The
207 2029 327 57 Humorist.
630 2049 55 37 v.
714 2032 51 69 9,
793 2049 96 38 no.
922 2032 127 71 216,
1082 2030 169 71 Sept.
1285 2032 284 71 25,1926.

47 2118 1985 57 © 1c. Oct. 2, 1926; A ad int. 8575; pubd. Sept. 18; George Newnes, ltd.,
116 2177 201 44 London.

223 2276 872 74 The Humorist. V. 9, no. 217, Oct. 2, 1926.
44 2365 1990 58 © 1c. Oct. 7, 1926; A ad int. 8579; pubd. Sept. 25; George Newnes, ltd.,
118 2424 198 44 London.

44 2522 298 69 Johnson,
386 2524 339 72 Margaret,
770 2527 189 56 1860-

121 2614 382 57 Dorothea’s
544 2615 242 70 double,
825 2615 84 70 by
949 2615 326 72 Margaret
1317 2616 317 71 Johnson;
1676 2616 361 59 illustrated

45 2693 80 70 by
161 2690 276 58 Edward
476 2690 277 59 Caswell.
834 2693 151 58 New
1022 2694 173 55 York
1232 2693 124 58 and
1391 2694 280 71 London,
1712 2694 129 61 The
45 2694 1966 146 Century
220 2787 86 40 co.
342 2797 12 44 [
357 2776 19 22 c
379 2769 165 72 1926]

118 2856 60 52 ix,
205 2858 83 43 230
312 2872 38 38 p.
410 2857 155 53 front.,
595 2857 118 45 illus.
741 2859 156 54 (map)
932 2860 158 52 plates.
1151 2862 146 43 19½cm.
1412 2860 124 54 $1.75

48 2925 53 54 ©
129 2927 118 53 Sept.
273 2928 67 52 24,
369 2928 127 53 1926;
523 2929 63 43 2c.
613 2930 87 43 and
724 2931 78 43 aff.
833 2930 121 52 Sept.
979 2930 79 52 27;
1086 2931 46 42 A
1156 2930 189 54 950212;
1376 2930 199 56 Century
1601 2948 65 30 co.
128 2985 267 54 (26-16361)

47 3084 250 69 Kohler,
341 3086 145 57 Eric
524 3087 204 68 Louis,
771 3090 190 56 1892-

125 3173 1916 77 Principles of accounting, by Eric L. Kohler … and Paul
52 3251 1990 79 L. Morrison … Chicago & New York, A. W. Shaw
53 3348 335 54 company.;
433 3332 274 73 London,
753 3332 75 58 A.
873 3334 97 59 W.
1018 3334 186 59 Shaw
1248 3338 124 56 and
1415 3354 322 56 company,
1781 3337 259 73 limited,

51 3410 163 56 1926.

119 3515 75 37 xv,
219 3500 82 47 446
323 3515 39 38 p.
387 3501 100 43 incl.
515 3501 154 45 forms,
722 3502 142 45 tables
892 3504 127 53 (part
1043 3504 135 53 fold.)
1243 3505 151 44 21½cm.

51 3570 1987 58 © Sept. 1 8, 1926; 2c. and aff. Sept. 23; A 949126; A. W. Shaw co.
132 3628 268 55 (26-16346)

52 3727 90 58 La
181 3729 209 72 Batut,
433 3729 212 58 Pierre
687 3731 93 58 de.

53 3820 1988 153 … Edmonde séduite, roman, illustré par Serge. Paris, Montaigne [ c 1926]
