2609 4293
1097 3962 108 55 167

178 320 240 71 Harris,
455 320 243 56 Arthur
734 320 316 67 Emerson,
1094 321 188 56 1870-

255 416 127 55 The
410 411 244 58 Psalms
683 410 304 71 outlined;
1017 431 79 38 an
1124 410 231 58 outline
1385 406 275 75 analysis
1691 408 290 75 covering
2011 413 146 56 each

177 486 1956 152 song of the Psalter, by Arthur Emerson Harris … Philadelphia, Boston
790 566 1030 72 [etc.] The Judson press [ c 1925]
244 657 571 52 4 p. l., 3-165 p. 24 cm .
172 725 52 53 ©
251 727 97 51 Jan.
376 727 37 50 4,
444 725 127 51 1926;
602 725 63 42 2c.
693 725 85 42 and
806 725 77 42 aff.
913 725 97 51 Jan.
1038 725 79 50 21;
1149 724 43 41 A
1221 722 187 53 879351;
1469 724 142 43 Judson
1638 739 137 37 press.

248 780 240 56 (26-5184)

172 877 178 71 Hart,
389 876 279 60 William
701 877 83 57 Le
819 877 151 73 Roy,
1008 879 188 57 1892-

247 965 1909 74 College algebra, by William L. Hart … Boston, New
167 1043 172 56 York
375 1046 145 70 [etc.]
557 1044 73 55 D.
670 1042 63 59 C.
770 1044 210 56 Heath
1016 1045 123 56 and
1175 1062 304 53 company
1516 1074 13 42 [
1531 1052 18 22 c
1553 1044 162 72 1926]

238 1135 90 51 viii,
350 1134 94 51 360,
467 1134 54 43 36
544 1148 38 37 p.
607 1133 99 44 incl.
732 1136 156 49 tables,
911 1133 166 54 diagrs.
1137 1134 53 43 20
1197 1138 46 18 cm
1249 1170 9 8 .

168 1203 52 53 ©
249 1205 104 43 Feb.
382 1205 37 50 6,
450 1205 127 51 1926;
607 1206 64 41 2c.
697 1206 87 42 and
811 1206 77 41 aff.
919 1205 105 43 Feb.
1050 1206 77 50 23;
1158 1206 43 41 A
1229 1205 188 51 883373;
1450 1206 56 41 D.
1538 1204 48 45 C.
1617 1206 154 42 Heath
1800 1206 36 43 &
1862 1221 65 27 co.

246 1261 239 53 (26-5248)

169 1359 422 71 Heidenstam,
634 1360 236 56 Verner
908 1375 137 55 von,
1089 1361 188 56 1859-

248 1452 127 58 The
416 1452 248 59 Swedes
703 1455 122 56 and
864 1451 161 58 their
1064 1450 352 71 chieftains,
1455 1453 81 71 by
1570 1451 245 61 Verner
1850 1473 123 39 von
170 1451 1961 148 Heidenstam,
503 1529 350 57 translated

882 1529 166 56 from
1079 1529 102 56 the
1216 1528 284 58 Swedish
1526 1529 83 71 by
1641 1527 259 60 Charles
170 1529 1958 136 Wharton
303 1607 203 58 Stork.
574 1608 148 56 New
747 1607 190 64 York,

965 1608 128 57 The
1121 1605 827 60 American-Scandinavian
169 1608 1957 134 foundation
401 1708 11 48 ;
445 1689 147 68 [etc.,
624 1688 127 68 etc.]
783 1686 163 55 1925.

236 1773 1917 58 6 p. l., 3-351 p. front., plates. 19 cm . (Half-title: Scandinavian classics,
167 1833 86 44 vol.
281 1833 123 51 xxv)

238 1904 110 50 Map
378 1919 57 28 on
465 1902 127 46 front
621 1902 316 53 lining-paper.

237 1958 336 47 “Publications
607 1960 51 45 of
688 1962 74 42 the
795 1959 605 46 American-Scandinavian
1434 1962 321 44 foundation”:
1787 1976 41 38 p.
1862 1962 205 46 347-351.

161 2012 53 54 ©
245 2015 108 42 Dec.
389 2016 31 49 1,
455 2013 102 44 1925
575 2030 8 37 ;
614 2015 63 42 2c.
706 2016 97 52 Jan.
837 2015 63 50 18,
932 2015 128 52 1926;
1093 2016 77 42 aff.
1203 2016 105 43 Feb.
1337 2017 77 52 23;
1446 2017 44 42 A
1519 2016 188 54 883378;
232 2017 1896 98 American-Scandinavian

487 2071 276 44 foundation.
833 2071 242 55 (26-5194)

165 2169 689 72 Heywood-Wakefield
892 2185 319 57 company.

238 2260 58 57 A
346 2261 343 70 completed
739 2263 275 71 century,
1066 2262 369 69 1826-1926;
1489 2261 102 58 the
1645 2266 177 68 story
1871 2262 67 59 of
163 2262 1968 137 Heywood-Wakefield
737 2357 318 53 company.

1133 2339 257 71 Boston,
1425 2338 265 59 Printed
1722 2340 104 57 for
1858 2340 104 58 the
159 2359 1969 129 company,
380 2416 165 57 1926.

231 2506 1204 53 4 p. l., iii, [1] p. l illus., plates, ports. 26½ cm .
161 2573 52 53 ©
245 2574 105 44 Feb.
384 2576 60 50 19,
481 2574 129 51 1926;
642 2575 64 42 2c.
739 2574 87 43 and
856 2575 77 42 aff.
967 2573 106 44 Feb.
1106 2574 77 51 23;
1217 2575 43 41 A
1292 2574 188 51 883401;
1517 2575 520 52 Heywood-Wakefield
2070 2590 77 36 co.,

231 2632 183 44 Boston.
486 2629 241 56 (26-5021)

163 2731 343 70 Holleman,
541 2729 245 58 Arnold
820 2728 320 73 Frederik,
1178 2732 188 57 1859-

235 2822 59 57 A
331 2822 366 71 laboratory
732 2821 255 56 manual
1024 2821 67 56 of
1129 2820 257 72 organic
1424 2819 338 73 chemistry
1800 2820 103 58 for
159 2820 1968 137 beginners.
404 2901 99 70 By

159 2897 1989 151 A. F. Holleman … An appendix to the author’s text-book of organic chemistry; edited by A.
160 3057 323 57 Jamieson
524 3055 272 70 Walker,
838 3054 152 57 with
1032 3053 104 57 the
1180 3052 426 72 co-operation
1648 3053 69 57 of
1758 3054 103 57 the
1906 3053 242 58 author.

158 3134 106 57 4th
297 3135 109 69 ed.,
438 3151 125 40 rev.
646 3133 151 56 New
826 3131 188 73 York,
1047 3132 60 57 J.
1140 3130 208 73 Wiley
1379 3130 47 58 &
1457 3149 164 53 sons,
1652 3131 149 71 inc.;
1837 3134 147 69 [etc.,
2019 3135 128 69 etc.]

159 3213 162 56 1926.

292 3339 8 17 xv,
331 3303 51 45 85
413 3318 39 38 p.
515 3305 18 41 1
567 3302 113 44 illus.
744 3302 49 44 19½
828 3303 46 18 cm
881 3336 8 8 .
1002 3299 123 54 $1.25

158 3374 52 53 ©
242 3374 106 44 Feb.
377 3375 39 51 4,
451 3373 128 51 1926;
611 3373 63 43 2c.
704 3373 86 42 and
821 3371 78 43 aff.
929 3371 106 44 Feb.
1071 3372 73 50 11;
1179 3371 43 42 A
1252 3368 189 54 883355;
1475 3371 56 42 A.
1562 3371 40 52 J.
1634 3370 203 50 Walker,
1873 3370 273 51 Harpenden

228 3432 155 50 Herts,
423 3429 220 53 England.
713 3427 240 54 (26-5030)

159 3528 324 70 Howland,
521 3526 204 71 Louis,
764 3530 187 56 1857-

159 3616 1962 154 The mind of Jesus, by Louis Howland … Indianapolis,
287 3701 128 57 The
443 3697 482 60 Bobbs-Merrill
954 3716 305 54 company
1291 3726 12 44 [
1303 3704 19 20 c
1328 3697 164 71 1926]

229 3794 89 51 6p.l.,
414 3791 161 45 11-230
599 3804 40 39 p.
698 3791 50 43 21
758 3793 46 17 cm
811 3825 8 10 .

155 3845 55 54 ©
241 3847 104 43 Feb.
380 3847 61 51 18,
474 3847 128 51 1926;
633 3846 63 43 2c.
727 3847 86 42 and
843 3846 77 43 aff.
952 3844 105 45 Feb.
1088 3843 77 54 25;
1197 3845 43 42 A
1270 3844 188 51 883442;
1494 3842 357 45 Bobbs-Merrill
1884 3858 64 28 co.

235 3902 240 56 (26-5183)
