2609 4293
1063 3982 109 56 161

211 366 201 56 Æsopus.

203 442 127 56 The
359 441 200 57 fables
593 441 66 57 of
685 441 229 72 Aesop,
946 444 135 54 text
1106 443 193 56 based
1327 461 167 52 upon
1524 443 90 56 La
1647 442 308 60 Fontaine
1986 447 121 56 and

124 517 1958 153 Oroxall; illustrated by Joseph Eugene Dash … Chicago, A. Whitman & co. [1925]
190 682 95 53 254,
317 685 52 54 [1]
398 698 40 38 p.
467 683 99 43 incl.
595 683 82 44 col.
707 684 151 52 front.,
890 684 115 44 illus.
1032 684 126 54 (part
1186 684 110 54 col.)
1361 685 52 44 23½
1450 688 46 18 cm
1503 719 11 10 .
1580 686 330 53 (World-wide
1940 685 163 47 edition

122 740 50 43 of
197 756 24 27 a
249 740 94 52 just
374 739 122 53 right
522 739 144 54 book)

121 807 53 54 ©
200 810 106 51 July
335 811 35 50 1,
402 808 128 53 1925;
558 810 64 42 2c.
650 810 98 52 Jan.
777 810 63 51 30,
874 810 129 52 1926;
1034 810 78 44 aff.
1141 809 105 45 Feb.
1275 811 77 52 20;
1383 811 44 42 A
1457 809 188 54 883415;
1678 811 164 43 Albert
1870 810 234 45 Whitman

191 866 38 45 &
260 880 65 30 co.
394 865 241 56 (26-4921)

120 962 280 74 Allsopp,
442 963 339 58 Frederick
816 963 297 74 William,
1153 967 188 57 1867-

195 1053 327 73 Rimeries,
573 1056 83 70 by
704 1055 169 57 Fred
921 1055 96 57 W.
1069 1054 285 72 Allsopp.
1455 1054 191 58 Little
1698 1055 187 72 Rock,
1937 1055 169 67 Ark.,

121 1131 255 59 Central
403 1131 287 74 printing
719 1151 108 54 co.,
863 1132 165 57 1926.

188 1222 361 53 206 p. 19½ cm .
120 1291 53 54 ©
207 1292 106 45 Feb.
352 1291 62 54 15,
454 1292 127 52 1926;
618 1292 65 44 2c.
721 1294 87 43 and
842 1293 79 43 aff.
958 1291 107 45 Feb.
1101 1291 78 53 25;
1218 1293 44 42 A
1299 1290 188 55 883451;
1528 1291 50 46 F.
1615 1293 74 44 W.
1727 1291 204 54 Allsopp,
1971 1291 135 46 Little

190 1349 139 52 Rock,
363 1349 114 43 Ark.
546 1347 241 56 (26-5211)

117 1446 465 59 Architectural
609 1447 219 74 league
861 1447 68 58 of
958 1447 152 59 New
1139 1446 189 59 York.

120 1540 1964 135 Year book … and catalogue of the 41st annual exhibition. Fine
120 1617 1986 153 arts building … from January 30th to February 28th, inclusive, 1926. [New York, Printed by The
118 1772 305 57 Kalkhoff
453 1791 321 55 company,
810 1775 164 73 1926]

191 1860 124 54 [176],
351 1860 187 44 191-336
568 1874 39 38 p.
669 1861 148 50 front.,
852 1860 130 52 illus.,
1014 1859 164 44 double
1209 1860 155 51 plates.
1425 1860 50 44 33
1484 1862 47 18 cm
1537 1895 8 8 .

118 1914 54 55 ©
199 1918 98 51 Jan.
327 1917 65 50 29,
426 1917 129 52 1926;
588 1917 62 43 2c.
682 1918 89 42 and
798 1918 78 43 aff.
908 1916 106 45 Feb.
1046 1915 48 53 5;
1127 1917 44 42 A
1200 1913 189 55 883172;
1423 1916 57 43 A.
1512 1914 50 45 F.
1595 1916 333 51 Brinckerhoff,

187 1930 1898 95 secretary
320 1973 51 44 of
402 1973 74 44 the
507 1967 338 49 Architectural
878 1973 155 52 league
1066 1972 51 44 of
1149 1973 116 43 New
1299 1973 143 52 York,
1477 1972 118 44 New
1627 1973 142 42 York.

117 2072 295 73 Audsley,
451 2073 238 72 George
723 2072 336 69 Ashdown,
1098 2072 356 58 1838-1925.

197 2164 129 57 The
358 2165 228 70 temple
616 2163 68 58 of
711 2167 175 68 tone;
918 2183 36 38 a
983 2162 401 73 disquisition
1414 2181 79 39 on
1521 2163 104 57 the
1657 2161 297 60 scientific
1983 2164 123 57 and

120 2240 245 60 artistic
404 2243 174 56 tonal
617 2241 434 72 appointment
1089 2241 123 57 and
1251 2241 240 57 control
1531 2241 67 57 of
1638 2244 465 65 concert-room,

120 2321 246 73 church,
410 2321 124 56 and
575 2320 246 57 theater
864 2338 249 54 organs,
1158 2319 334 72 according
1533 2322 64 54 to
1639 2319 104 57 the
1788 2320 316 57 advanced

122 2401 233 69 system
382 2398 67 57 of
475 2398 347 70 compound
844 2397 175 57 tonal
1040 2395 329 74 flexibility
1395 2397 123 57 and
1547 2397 383 72 expression,
1956 2397 148 56 with

119 2473 1919 75 complete specifications, by George Ashdown Audsley …
120 2553 151 58 New
292 2553 173 58 York
491 2554 122 57 and
635 2552 452 73 Birmingham,
1114 2551 179 74 Eng.,
1319 2552 61 58 J.
1405 2551 261 58 Fischer
1691 2552 47 56 &
1761 2553 151 71 bro.,
1938 2553 165 56 1925.

189 2631 1091 55 3 p. l., 260 p . IV pl., port., facsim. 24½ cm .
191 2690 206 53 “George
431 2690 236 43 Ashdown
703 2688 215 54 Audsley,
1015 2725 9 9 LL.
1090 2723 8 8 D.
1113 2703 11 38 ;
1163 2703 55 28 an
1256 2687 318 54 appreciation,
1608 2688 58 53 by
1701 2687 54 45 T.
1795 2687 127 47 Scott
115 2688 1970 103 Buhrman”:
297 2762 39 38 p.
364 2746 234 47 [246]-260.

118 2801 53 54 ©
200 2803 108 43 Dec.
340 2803 62 51 12,
435 2800 128 55 1925;
595 2802 64 43 2c.
689 2802 86 43 and
804 2801 78 43 aff.
911 2801 100 52 Jan.
1045 2801 61 51 18,
1140 2800 130 53 1926;
1302 2800 44 43 A
1378 2798 189 55 875902;
1598 2801 40 52 J.
1671 2799 189 45 Fischer
1891 2802 36 43 &
1957 2802 95 42 bro.

197 2858 241 55 (26-4931)

119 2956 287 71 Badaire,
444 2958 59 57 J.

123 3046 1963 153 … Précis de littérature française, avec morceaux choisis,
278 3123 1765 74 analyse litteraire et glossaire, par J. Badaire …
119 3204 257 72 Boston,
406 3203 151 58 New
585 3202 173 59 York
791 3205 146 73 [etc.]
970 3202 74 57 D.
1079 3201 64 60 C.
1173 3201 212 58 Heath
1415 3202 125 58 and
1569 3219 305 55 company
1907 3232 13 44 [
1920 3211 20 20 c
1945 3202 162 76 1926]

189 3281 108 53 xvii,
326 3280 83 44 286
436 3295 39 37 p.
532 3280 152 50 front.,
715 3280 117 44 illus.
894 3281 50 43 19
951 3282 46 17 cm
1003 3313 10 9 .
1081 3278 217 55 (Heath’s
1330 3279 185 44 modern
1546 3278 223 53 language
1799 3278 163 52 series)

118 3336 55 54 ©
201 3336 105 45 Feb.
336 3338 38 51 3,
406 3336 128 52 1926;
561 3337 64 43 2c.
653 3337 87 43 and
766 3337 78 43 aff.
875 3335 105 45 Feb.
1007 3336 78 51 23;
1115 3336 43 42 A
1188 3333 190 54 883377;
1407 3335 56 43 D.
1494 3333 49 46 C.
1572 3335 156 43 Heath
1757 3336 37 43 &
1821 3349 65 29 co.

198 3393 241 55 (26-4916)

119 3491 158 72 Ball,
318 3489 261 59 Francis
621 3489 323 74 Kingsley,
986 3491 189 57 1863-

195 3582 301 74 Building
533 3581 152 59 with
724 3583 238 69 words;
1007 3583 381 70 elementary
1430 3599 318 55 grammar
1791 3584 124 57 and
119 3601 1967 133 composition,
464 3662 82 70 by

596 3657 1507 74 Francis Kingsley Ball … Boston, New
121 3736 1251 75 York [etc.] Ginn and company [ c 1926]
190 3816 92 52 xvi,
309 3815 83 45 272
419 3831 42 37 p.
524 3817 51 45 19c
597 3817 28 18 m
634 3852 8 9 .

117 3870 55 54 ©
203 3873 98 51 Jan.
332 3872 38 51 2,
409 3870 128 52 1926;
570 3871 64 42 2c.
667 3868 106 45 Feb.
810 3869 74 52 18;
917 3869 81 42 aff.
1032 3866 108 47 Feb.
1177 3866 74 52 17;
1289 3868 44 42 A
1367 3866 188 54 879608;
1593 3867 49 45 F.
1677 3868 58 43 K.
1773 3868 115 53 Ball,
1925 3870 169 43 Boston

198 3926 241 56 (26-5000)
