2542 4285
1399 3993 109 53 656

471 461 267 57 Newark
763 459 208 74 public
1002 460 261 74 schools,
1296 461 348 59 assembled
1672 461 84 72 by
1784 461 270 59 Randall
2083 463 72 56 D.
2186 463 278 57 Warden

538 537 1927 72 … given at the American physical education association
470 613 1994 74 convention, May 12-15, 1926 … New York, A. S. Barnes
469 692 122 57 and
624 711 323 54 company,
983 692 165 57 1926.

537 768 55 43 80
621 782 41 38 p.
722 767 131 52 illus.,
885 767 171 53 diagrs.
1115 769 54 43 23
1176 771 47 17 cm
1229 802 9 8 .

476 823 53 53 ©
558 826 112 51 May
702 826 61 49 12,
795 825 128 52 1926;
953 826 65 42 2c.
1051 826 110 51 May
1190 826 78 51 21;
1301 826 78 42 aff.
1409 826 112 52 May
1548 824 78 54 25;
1661 826 44 43 A
1735 826 189 54 891524;
1955 828 57 43 A.
2048 827 44 47 S.
2126 829 169 43 Barnes
2328 830 37 43 &
2394 845 67 30 co.

552 880 270 55 (26-12177)

472 979 192 59 What
710 980 54 57 is
817 980 416 58 civilization?
1321 981 99 71 By
1470 981 277 58 Maurice
1799 982 427 73 Maeterlinck,
2279 984 183 57 Dhan

551 1056 201 72 Gopal
798 1057 294 72 Mukerji,
1140 1059 122 56 and
1306 1058 231 73 others,
1584 1059 149 57 with
1781 1079 79 38 an
1905 1060 426 58 introduction
2379 1063 81 70 by

546 1135 286 57 Hendrik
871 1135 143 57 Van
1055 1135 189 57 Loon.
1328 1135 150 58 New
1518 1136 188 71 York,
1749 1136 262 58 Duffield
2051 1136 49 59 &
2142 1157 321 54 company,

546 1213 164 57 1926.

543 1291 990 54 6 p. l., 216, [1] p. front., illus. 21½ cm .
543 1349 41 42 A
630 1349 217 52 majority
890 1349 51 43 of
984 1348 123 44 these
1151 1348 180 44 articles
1377 1348 98 44 first
1498 1389 5 5 .
1519 1349 222 52 appeared
1786 1350 43 42 in
1871 1349 73 44 the
1990 1348 182 45 Forum,
2233 1349 58 51 cf.
467 1351 1968 99 Publisher’s
669 1414 119 37 note.

808 1462 166 44 CONTENTS.—The
1012 1478 179 28 answer
1228 1462 51 45 of
1318 1463 141 52 India,
1498 1463 58 52 by
1595 1463 56 43 D.
1692 1461 51 45 G.
1783 1463 376 52 Mukerji.—The
2196 1479 174 28 answer
2408 1464 49 44 of

469 1518 175 53 Africa,
679 1520 57 51 by
772 1519 75 46 W.
886 1518 51 48 E.
974 1519 50 44 B.
1061 1518 358 45 DuBois.—The
1454 1534 176 28 answer
1663 1519 51 45 of
1749 1519 73 47 the
1857 1520 165 44 middle
2057 1536 119 36 ages,
2213 1520 59 53 by
2308 1522 52 42 R.
2399 1523 55 42 A.

472 1575 306 45 Cram.—The
819 1591 84 38 age
944 1576 51 45 of
1039 1576 212 53 Pericles,
1294 1576 58 53 by
1397 1577 50 44 P.
1495 1575 343 54 Shorey.—The
1882 1592 175 29 answer
2100 1578 50 44 of
2197 1577 156 51 China,
2397 1578 55 54 by

470 1632 125 46 C.-F.
640 1632 352 45 Liu.—Ancient
1035 1632 165 53 Egypt,
1244 1634 56 51 by
1344 1633 67 44 M.
1454 1632 471 46 Maeterlinck.—The
1968 1649 176 28 answer
2185 1635 51 42 of
2280 1633 176 45 ancient

471 1689 224 49 America,
722 1690 54 52 by
803 1689 61 43 H.
894 1687 210 55 Spinden.
1105 1689 251 44 —Women
1382 1689 85 43 and
1494 1690 183 42 modern
1696 1688 285 52 civilization,
1999 1691 58 51 by
2085 1691 53 43 R.
2163 1688 296 53 Traquair.—

470 1746 250 44 America’s
746 1747 267 51 democracy
1037 1745 51 45 of
1111 1746 87 44 bad
1222 1761 224 35 manners,
1470 1747 58 51 by
1554 1745 233 46 Elizabeth
1815 1747 52 43 R.
1897 1747 199 44 Pennell.

469 1800 53 53 ©
554 1803 112 51 May
694 1800 66 53 25,
799 1801 128 53 1926;
959 1802 65 44 2c.
1056 1802 117 52 June
1204 1803 46 51 1;
1284 1802 79 43 aff.
1397 1802 112 52 May
1538 1801 79 53 28;
1649 1802 45 42 A
1727 1802 188 52 890984;
1952 1802 197 45 Duffield
2182 1804 37 43 &
2252 1818 65 29 co.

547 1858 270 55 (26-11844)

464 1942 329 73 Williams,
836 1945 132 56 Ben
1003 1943 206 73 Ames,
1252 1946 189 56 1889-

543 2033 1919 72 The silver forest, by Ben Ames Williams … New
463 2114 187 72 York,
680 2113 73 56 E.
785 2113 69 57 P.
887 2114 241 56 Dutton
1156 2111 49 59 &
1233 2130 307 53 company
1569 2142 12 43 [
1585 2121 17 21 c
1606 2114 163 71 1926]

534 2189 592 57 3 p. l., 255 p. 19½ cm .
467 2247 53 53 ©
546 2249 116 52 June
689 2249 39 50 4,
758 2247 105 44 1926
878 2262 9 38 ;
914 2248 64 43 2c.
1006 2248 87 43 and
1120 2248 78 42 aff.
1226 2248 115 52 June
1368 2247 50 52 8;
1449 2247 44 43 A
1522 2245 187 54 897045;
1742 2245 52 49 E.
1825 2248 51 43 P.
1906 2248 175 44 Dutton
2108 2248 38 44 &
2172 2263 66 29 co.

545 2303 270 57 (26-11855)

465 2389 256 69 Wilson,
760 2390 220 58 Grove.

545 2478 1911 76 Sport of the gods; a novel, by Grove Wilson … New
463 2559 186 74 York,
683 2558 540 76 Frank-Maurice,
1256 2561 136 70 inc.,
1425 2560 165 56 1926.

531 2641 77 43 291
640 2655 38 36 p.
742 2640 52 43 19
799 2642 45 18 cm
852 2675 7 8 .

465 2693 53 53 ©
549 2696 111 50 Apr.
696 2695 36 50 1,
767 2693 130 53 1926;
928 2694 66 42 2c.
1028 2694 87 43 and
1147 2694 78 42 aff.
1260 2694 117 52 June
1409 2693 74 52 14;
1518 2693 45 42 A
1596 2692 189 53 891749;
1822 2691 400 55 Frank-Maurice,
2257 2694 81 44 inc.

544 2751 268 54 (26-12240)

464 2835 534 73 Wittigschlager,
1033 2837 151 56 Mrs.
1225 2833 418 60 Wilhelmina.

542 2928 323 73 Emanuel,
897 2928 103 56 the
1030 2927 130 57 kiss
1194 2927 66 56 of
1292 2927 102 57 the
1428 2946 171 52 rose;
1634 2927 101 57 the
1769 2927 393 73 philosophy,
2196 2927 258 58 wisdom

466 3008 122 55 and
630 3025 214 52 power
884 3005 68 57 in
994 3005 401 72 psychology,
1441 3005 153 56 with
1637 3006 102 55 the
1786 3005 119 71 key
1950 3009 64 53 to
2061 3006 103 56 the
2215 3007 240 56 eternal

467 3084 225 71 shrine,
723 3084 85 70 by
831 3082 405 58 Wilhelmina
1261 3082 534 72 Wittigschlager.
1867 3082 153 57 New
2046 3083 189 72 York,
463 3084 1965 149 Prosperity

705 3160 366 72 publishing
1108 3179 306 52 company
1455 3190 12 43 [
1469 3168 19 21 c
1492 3161 163 71 1925]

532 3236 1373 56 218, [6] p. col. front., illus. (facsims.) port. 19½ cm .
460 3293 55 53 ©
544 3293 104 44 Feb.
681 3293 62 52 15,
777 3293 129 53 1926;
936 3294 65 42 2c.
1032 3295 87 42 and
1148 3292 78 45 aff.
1258 3294 117 42 Mar.
1405 3294 78 51 24;
1513 3294 45 42 A
1588 3293 187 52 891067;
1808 3294 74 43 W.
1914 3293 391 53 Wittigschlager,
2337 3294 116 45 New

532 3351 141 44 York.

459 3434 268 73 Wright,
765 3435 274 56 Frances
1078 3433 409 73 Fitzpatrick.

602 3525 1850 72 … Medicine for Margery, and other stories, by Frances
459 3602 388 72 Fitzpatrick
890 3603 284 72 Wright;
1221 3602 419 58 illustrations
1684 3603 83 70 by
1810 3602 203 58 Leslie
2058 3602 391 58 Henderson.

457 3679 340 65 Nashville,
834 3682 211 68 Tenn.,
1084 3679 361 73 Cokesbury
1477 3699 178 51 press
1694 3709 12 43 [
1708 3689 19 21 c
1731 3681 164 71 1926]

531 3758 78 47 ]64]
650 3773 40 37 p.
751 3758 129 53 illus.,
918 3758 82 43 col.
1040 3758 154 53 plates.
1255 3759 49 43 31
1314 3760 46 17 cm
1368 3792 8 9 .
1445 3756 294 56 (Cokesbury
1774 3759 238 42 character
2050 3756 138 45 series
2230 3756 73 44 for
2340 3757 112 53 boys

457 3816 88 43 and
581 3815 137 53 girls)

459 3871 53 53 ©
544 3874 111 51 May
690 3873 61 50 18,
787 3872 109 43 1926
908 3887 9 36 ;
949 3873 66 43 2c.
1048 3872 88 44 and
1167 3872 77 44 aff.
1277 3873 117 52 June
1426 3870 49 54 5;
1508 3872 45 42 A
1586 3871 188 54 897021;
1808 3872 167 45 Lamar
2007 3872 37 47 &
2078 3872 185 51 Barton,
529 3871 1896 104 Nashville.
716 3929 270 55 (26-11851)
