2542 4285
1294 4031 151 56 1514

358 388 431 65 Braunschvig,
824 390 236 63 Marcel,
1100 393 172 50 1866-

491 467 1858 69 … La littérature française contemporaine étudiée dans les
359 550 179 48 textes
582 544 367 70 (1850-1925)
1033 545 184 68 Paris,
1250 545 71 53 A.
1357 545 229 69 Michel,
1623 548 149 50 1926.

433 628 613 49 xiv, 356 p., 1 l. 18 ½ cm .
435 685 393 49 “Bibliographie
858 684 252 50 générale”
1130 696 10 29 :
1171 696 44 37 p.
1251 684 236 49 [vii]-xiii.

361 734 56 54 ©
473 751 92 29 June
588 740 40 48 9,
655 739 115 42 1926;
884 773 9 8 1c.
919 739 103 41 Oct.
1046 740 28 38 4;
1129 740 102 38 A—
1231 738 209 48 Foreign
1462 739 146 40 31976;
1663 740 116 38 Max
1805 739 194 40 Leclerc
2026 739 36 40 &
2086 750 83 36 co.,
2196 739 155 41 Paris.

442 795 222 49 (27-288)

364 875 231 54 British
636 877 196 68 ruling
871 894 151 34 cases
1062 874 153 53 from
1257 880 188 48 courts
1485 875 65 53 of
1591 875 177 54 Great
1809 876 249 66 Britain,
2099 876 252 67 Canada,

434 954 252 66 Ireland,
723 953 298 53 Australia
1061 953 112 52 and
1211 953 163 53 other
1412 954 275 52 divisions
1725 952 65 54 of
1824 953 97 53 the
1957 953 224 53 British
434 954 1895 145 Empire.

641 1031 371 68 Extensively
1042 1032 307 52 annotated.
1431 1051 50 32 v.
1516 1035 79 48 13.
1659 1032 324 66 Rochester,
2012 1032 69 52 N.
2112 1032 92 67 Y.,
2232 1032 121 52 The

432 1110 267 68 Lawyers
730 1109 383 67 co-operative
1144 1109 335 69 publishing
1508 1128 295 49 company,
1835 1112 149 50 1926.

433 1190 98 49 xix,
558 1190 114 41 1223
698 1201 43 37 p.
800 1190 58 40 24
860 1192 44 22 cm
909 1223 9 8 .

364 1241 54 54 ©
447 1247 112 41 Dec.
589 1246 69 48 20,
690 1246 116 41 1926;
865 1246 69 41 2c.
967 1247 96 39 and
1094 1246 84 41 aff.
1208 1248 114 39 Dec.
1352 1247 56 39 21;
1468 1247 41 39 A
1539 1246 171 41 958451;
1771 1247 229 47 Lawyers
2034 1246 322 49 co-operative

433 1303 111 48 pub.
575 1313 69 30 co.

368 1381 326 55 California
719 1382 461 69 jurisprudence;
1210 1403 30 33 a
1268 1383 276 68 complete
1568 1388 302 48 statement
1895 1383 63 54 of
1984 1384 97 53 the
2105 1385 111 51 law
2243 1384 112 52 and

437 1459 1896 147 practice of the state of California. Editor, William M. McKinney …
845 1557 50 33 v.
934 1538 82 54 27.
1091 1539 309 53 Witnesses
1438 1544 59 48 to
1532 1540 198 53 Writs.
1803 1540 177 52 Table
2019 1539 63 53 of
2118 1545 239 48 statutes

436 1615 393 55 cited—Cross
854 1617 187 52 index.
1107 1615 117 56 San
1250 1617 324 66 Francisco,
1601 1617 585 69 Bancroft-Whitney
436 1636 1898 126 company,
634 1696 150 50 1926.

436 1774 68 48 iii,
532 1774 114 41 1249
669 1785 44 38 p.
771 1774 58 40 25
831 1776 45 22 cm
881 1807 9 9 .

366 1824 54 54 ©
450 1831 112 40 Dec.
593 1830 68 49 15,
693 1830 142 48 1926;
866 1831 69 41 2c.
967 1833 96 38 and
1092 1831 83 42 aff.
1205 1833 113 39 Dec.
1348 1832 83 48 22;
1465 1833 42 39 A
1537 1832 199 48 957765;
1771 1833 490 47 Bancroft-Whitney
2290 1844 70 30 co.

369 1903 182 64 Cotel,
587 1903 222 64 Pierre,
849 1907 326 52 1800-1884.

438 1982 322 68 Principles
813 1982 64 53 of
929 1983 96 53 the
1077 1983 273 69 religious
1403 1981 105 54 life;
1595 2002 71 33 an
1720 1982 370 69 explanation
2143 1981 66 55 of
2262 1982 96 53 the

369 2059 357 55 “Catechism
764 2060 64 53 of
863 2061 97 53 the
996 2061 206 67 vows”,
1236 2061 77 68 by
1349 2061 218 52 Father
1600 2062 170 52 Peter
1807 2061 179 68 Cotel,
2056 2105 9 8 S.
2140 2104 29 24 J.,
371 2079 1964 128 carefully

548 2139 220 53 revised
797 2139 112 52 and
939 2140 249 67 adapted
1216 2144 59 48 to
1303 2140 97 52 the
1429 2139 154 54 Code
1609 2138 63 53 of
1699 2157 181 35 canon
1906 2140 110 52 law
2041 2138 77 69 by
2143 2139 217 53 Father

370 2217 187 52 Emile
590 2217 285 66 Jombart,
945 2260 9 9 S.
1028 2260 30 23 J.,
1093 2218 317 52 translated
1448 2216 154 53 from
1634 2218 96 52 the
1766 2218 98 51 4th
1901 2217 224 52 French
2162 2218 84 52 ed.
2284 2215 77 70 by

371 2294 214 53 Father
630 2296 64 51 T.
738 2295 243 52 Lincoln
1025 2296 343 67 Bouscaren,
1444 2339 9 9 S.
1535 2337 10 10 J.
1621 2296 137 52 New
1803 2295 181 68 York,
2030 2294 329 55 Cincinnati

394 2377 119 62 [etc.]
552 2372 282 70 Benziger
864 2373 278 68 brothers,
1177 2376 150 50 1926.

444 2455 86 40 231
558 2465 45 39 p.
664 2454 119 43 19cm.

368 2504 55 55 ©
447 2511 119 41 Nov.
589 2511 39 48 6,
656 2510 115 41 1926;
825 2511 69 42 2c.
920 2512 119 41 Nov.
1066 2512 56 40 19;
1179 2512 83 41 aff.
1287 2513 113 40 Dec.
1428 2512 27 40 6;
1509 2512 41 40 A
1576 2512 175 41 958424;
1807 2512 236 48 Benziger
2070 2512 127 40 bros.

449 2566 222 49 (27-269)

369 2633 324 63 Crowther,
729 2633 255 63 Samuel,
1025 2638 169 49 1880-

440 2711 276 54 Consider
746 2711 323 54 Middlesex
1102 2713 245 68 County,
1376 2713 77 68 by
1487 2712 229 56 Samuel
1750 2712 326 67 Crowther;
368 2712 1970 131 illustrations

554 2789 79 69 by
665 2790 91 55 W.
794 2790 57 54 J.
893 2790 270 68 Enright.
1239 2790 234 54 Garden
1511 2790 152 68 City,
1700 2791 70 53 N.
1813 2790 89 68 Y.,
1940 2790 123 53 The
2104 2790 260 68 Country

368 2866 504 70 life press [ c 1926]
441 2951 724 49 4 p. l ., 64 p. illus. 23½cm.
371 3000 54 54 ©
459 3007 117 40 Nov.
610 3007 39 46 1,
686 3005 116 42 1926;
863 3006 67 42 2c.
966 3007 95 39 and
1096 3005 84 42 aff.
1215 3007 119 40 Nov.
1369 3006 58 39 22;
1490 3006 42 39 A
1568 3006 173 41 958074;
1807 3006 218 40 Johnson
2060 3006 36 41 &
2132 3007 231 48 Johnson,

440 3062 118 40 New
588 3062 302 48 Brunswick,
920 3063 57 41 N.
1008 3063 45 40 J.
1122 3061 223 49 (27-254)

370 3128 251 63 Curtiss,
658 3130 139 52 Mrs.
836 3128 310 54 Harriette
1183 3129 297 64 Augusta.

440 3206 229 54 Realms
700 3205 67 54 of
795 3206 97 54 the
922 3206 188 70 living
1140 3207 145 53 dead;
1349 3226 32 34 a
1412 3206 156 54 brief
1597 3207 351 68 description
1978 3207 64 53 of
2074 3207 107 54 life
2212 3208 154 53 after

371 3283 1931 70 death, by Harriette Augusta Curtiss and F. Homer Curtiss …
372 3363 96 52 5th
517 3362 84 53 ed.
674 3362 404 68 Washington,
1124 3363 72 52 D.
1245 3361 81 69 C.,
1373 3362 122 53 The
1543 3362 223 54 Curtiss
1811 3363 363 69 philosophic
2219 3363 147 54 book

370 3458 97 50 co.,
503 3442 151 51 1926.

443 3523 98 49 320,
590 3525 42 48 [3]
665 3535 44 37 p.
772 3524 117 41 19cm.

373 3573 54 54 ©
447 3579 112 40 Dec.
584 3578 39 49 8,
648 3578 116 41 1926;
817 3578 68 41 2c.
910 3579 95 39 and
1032 3578 81 41 aff.
1139 3580 112 39 Dec.
1276 3579 56 39 16;
1384 3579 42 38 A
1450 3578 175 41 957762;
1679 3580 53 39 F.
1757 3579 184 40 Homer
1966 3579 205 49 Curtiss,
443 3582 1907 100 Washington.
694 3634 194 49 (27-54)

373 3699 284 64 Deeping,
683 3700 292 54 Warwick
1003 3702 35 51 i.
1067 3720 41 34 e.
1140 3701 228 64 George
1393 3701 310 54 Warwick.

444 3777 121 53 The
591 3778 181 53 stolen
799 3797 117 34 son.
1016 3779 163 68 chap.
1207 3782 35 49 4
1278 3778 340 70 (contd.)-5.

459 3856 89 44 (In
570 3856 202 44 London
799 3857 203 53 Sunday
1028 3858 233 52 express)

374 3907 57 54 ©
488 3925 38 29 1c.
556 3915 113 40 Dec.
700 3916 70 48 13,
801 3916 116 40 1926;
977 3917 41 38 A
1048 3918 61 39 ad
1141 3917 88 41 int.
1259 3917 115 41 8833;
1436 3918 144 48 pubd.
1613 3918 102 41 Oct.
1747 3919 57 40 17;
1866 3920 71 40 W.
1972 3919 229 48 Deeping,
444 3920 1908 99 Weybridge,

658 3972 192 49 Surrey,
879 3973 238 48 England.
