2542 4285
1371 3950 109 56 770

422 342 176 69 Mott,
637 342 260 72 Rodney
931 341 66 58 L.

505 434 134 60 Due
668 451 255 56 process
951 436 67 56 of
1044 434 120 56 law;
1223 451 36 37 a
1286 430 326 62 historical
1639 436 123 57 and
1791 430 337 75 analytical
2156 433 260 61 treatise

428 531 79 41 on
540 514 103 57 the
676 511 341 74 principles
1054 513 125 57 and
1209 511 286 59 methods
1530 512 290 59 followed
1852 513 84 71 by
1970 512 103 59 the
2108 512 209 58 courts
2351 514 67 57 in

428 592 103 57 the
566 588 382 75 application
985 591 67 57 of
1084 590 105 58 the
1225 591 255 69 concept
1514 591 67 57 of
1615 589 101 59 the
1751 589 172 57 “law
1958 590 66 57 of
2059 589 103 59 the
2195 590 223 65 land”,

427 669 83 70 by
556 667 262 73 Rodney
864 667 68 57 L.
984 666 182 72 Mott,
1307 710 12 11 PH.
1410 713 12 12 D.
1504 663 451 74 Indianapolis,
2007 667 130 57 The
428 667 1991 136 Bobbs-Merrill
698 763 307 53 company
1034 772 14 44 [
1050 752 18 21 c
1072 744 164 72 1926]

515 823 129 51 lxxxi,
671 821 82 46 702
777 837 41 37 p.
876 822 151 45 23½cm.

429 875 52 53 ©
515 876 114 52 June
666 877 63 51 19,
766 875 128 52 1926;
929 876 65 41 2c.
1028 875 106 51 July
1168 875 50 51 9;
1254 876 78 41 aff.
1369 874 106 53 July
1510 874 49 52 6;
1595 875 43 42 A
1675 873 188 53 897376;
1903 874 360 45 Bobbs-Merrill
2294 890 65 30 co.

506 933 269 55 (26-13490)

421 1032 293 70 Mousset,
754 1031 238 70 Albert,
1034 1034 188 56 1883-

428 1121 1986 153 … La France vue de l’étranger; ou, Le déclin de la diplomatie et le mythe de la propagande. Paris, L’Ile de
428 1282 240 56 France
702 1310 13 43 [
716 1288 19 22 c
739 1281 164 69 1926]

493 1361 81 42 222
606 1374 57 37 p.,
700 1361 18 41 1
774 1393 7 8 l.
845 1360 52 43 19
902 1360 47 18 cm
956 1395 7 8 .

427 1409 1902 57 © Mar. 11, 1926; 1c. Apr. 14; A— Foreign 30654; Ile de France, s. a.
506 1469 268 56 (26-13473)

422 1568 263 73 Myrick,
724 1571 150 54 Mrs.
916 1568 172 71 Lucy
1128 1566 288 58 Caroline
1466 1565 468 74 (Whittemore)
1984 1567 355 59 1832-1879.

501 1659 128 58 Ode
657 1662 63 53 to
748 1659 104 57 the
883 1676 214 52 organ,
1128 1658 124 56 and
1282 1657 178 56 other
1490 1675 234 52 poems,
1752 1657 81 70 by
1860 1657 244 56 mother
2136 1661 123 55 and
2289 1677 130 50 son,

420 1737 172 70 Lucy
628 1734 290 60 Caroline
952 1734 416 58 Whittemore
1407 1732 260 72 Myrick,
1702 1733 279 57 Herbert
2020 1733 273 72 Myrick;
423 1734 1972 151 including
721 1813 104 57 the
874 1812 126 57 tale
1051 1811 68 57 of
1165 1811 140 57 how
1352 1812 104 58 the
1506 1811 125 57 lost
1681 1811 113 60 ode
1845 1831 129 40 was
2026 1811 217 71 found,
421 1811 1972 152 biographical
807 1889 382 73 quotations,
1253 1889 125 57 and
1437 1891 197 54 notes.
1743 1888 400 73 Springfield,
2207 1890 212 70 Mass.,

420 1968 233 73 Phelps
687 1967 363 73 publishing
1083 1987 107 51 co.,
1227 1967 165 57 1926.

493 2045 79 44 104
596 2059 56 39 p.,
682 2045 19 42 1
751 2079 9 8 l.
788 2042 103 46 incl.
923 2044 144 43 front.
1094 2043 170 54 (port.)
1301 2042 134 51 illus.,
1464 2044 159 52 plates.
1685 2044 50 44 15½c
1789 2046 28 16 m
1823 2079 8 8 .

427 2101 52 53 ©
502 2104 114 50 June
641 2102 66 51 30,
733 2102 129 52 1926;
888 2102 65 43 2c.
977 2101 106 52 July
1106 2103 49 50 3;
1183 2102 77 42 aff.
1287 2100 106 53 July
1422 2103 17 40 1;
1493 2101 44 42 A
1562 2100 188 53 897304;
1779 2101 202 44 Herbert
2006 2101 195 53 Myrick,
496 2100 1901 111 Springfield,
649 2160 140 42 Mass.
859 2158 270 54 (26-13418)

419 2258 299 58 National
753 2257 342 58 industrial
1130 2257 364 58 conference
1531 2257 213 57 board.

506 2350 129 58 The
684 2353 132 54 cost
866 2351 67 57 of
980 2349 197 73 living
1223 2349 66 56 in
1337 2349 103 57 the
1491 2348 233 59 United
1774 2348 233 74 States,
2057 2350 355 58 1914-1926.

427 2429 150 56 New
623 2428 191 73 York,
862 2428 301 57 National
1211 2427 340 58 industrial
1600 2427 365 59 conference
2013 2428 216 73 board,
2278 2427 136 73 inc.,

427 2508 164 57 1926.

493 2586 92 51 xvi,
609 2586 80 43 233
718 2600 39 38 p.
788 2586 100 43 incl.
917 2583 155 45 tables,
1133 2584 166 52 diagrs.
1359 2584 53 44 23½
1448 2587 45 17 cm
1500 2620 9 8 .

422 2639 57 54 ©
505 2642 115 51 June
643 2641 68 50 21,
739 2640 130 51 1926;
895 2640 64 43 2c.
986 2640 109 52 July
1118 2639 49 52 6;
1197 2640 78 42 aff.
1304 2638 106 53 July
1436 2638 24 44 7;
1514 2638 44 42 A
1585 2637 188 54 897339;
1805 2637 217 45 National
2049 2638 236 44 industrial
496 2654 1901 87 conference
706 2697 152 51 board,
892 2697 82 43 inc.
1043 2696 269 54 (26–13481)

421 2796 151 58 New
603 2795 188 58 York.
865 2794 451 74 Metropolitan
1347 2810 281 42 museum
1661 2794 69 58 of
1761 2798 117 54 art.

566 2884 1852 74 … Addresses on the occasion of the opening of the
419 2962 336 59 American
784 2962 182 73 wing.
1037 2964 152 57 New
1217 2964 191 70 York,
1440 2964 167 58 1925.

492 3039 24 46 5
544 3055 40 38 p.
629 3074 22 18 l.,
681 3040 121 50 3-33,
834 3040 53 47 [1]
918 3054 40 39 p.,
1005 3041 19 42 1
1073 3075 9 8 l.
1139 3040 56 46 24½c
1245 3042 29 17 m
1280 3073 9 9 .

493 3097 63 43 At
581 3095 119 44 head
726 3096 54 44 of
807 3095 99 45 title
923 3111 9 28 :
960 3094 102 46 The
1090 3095 334 54 Metropolitan
1452 3110 212 29 museum
1694 3096 54 43 of
1777 3103 82 36 art.

493 3151 97 45 “Of
624 3150 92 45 this
749 3152 188 44 volume
969 3152 89 44 five
1092 3151 214 44 hundred
1342 3151 154 53 copies
1528 3165 123 30 were
1685 3149 183 56 printed
1906 3151 47 43 in
1990 3151 179 49 March,
2207 3151 118 53 1925,
2363 3153 58 52 by

424 3208 56 43 D.
511 3208 51 44 B.
594 3207 199 54 Updike,
823 3207 78 45 the
933 3207 330 53 Merrymount
1294 3222 142 39 press,
1469 3208 189 43 Boston.
1719 3206 101 45 The
1852 3216 266 36 ornaments
2151 3209 114 43 used
2297 3224 124 30 were

424 3278 171 39 among
630 3265 78 43 the
747 3262 186 46 earliest
971 3263 303 54 productions
1315 3265 53 42 of
1406 3264 250 44 American
1697 3264 373 54 type-founders,
2111 3263 137 55 being
2285 3263 136 45 made

423 3321 58 51 by
512 3319 179 55 Binney
721 3318 90 46 and
844 3318 285 55 Ronaldson,
1161 3319 47 44 in
1241 3319 146 44 1812.”

424 3376 55 53 ©
511 3378 110 51 Apr.
660 3378 61 51 16,
758 3378 107 43 1926;
919 3378 65 43 2c.
1017 3379 87 42 and
1133 3377 81 43 aff.
1247 3377 106 53 July
1384 3378 51 51 2;
1471 3378 44 42 A
1549 3378 186 51 901002;
1773 3378 325 52 Metropolitan
2132 3394 204 28 museum
2366 3378 52 45 of

500 3442 82 44 art,
613 3436 116 42 New
756 3435 140 43 York.
967 3433 269 55 (26-13357)

421 3532 320 72 Norcross,
787 3533 217 57 Frank
1046 3533 287 73 Herbert,
1380 3536 189 56 1869-

508 3621 420 74 Christianity
959 3624 124 56 and
1113 3623 268 73 divorce,
1411 3625 84 70 by
1522 3623 217 57 Frank
1766 3624 78 56 H.
1878 3623 329 74 Norcross,
2318 3670 11 11 UL.
2401 3670 13 11 D.

425 3700 257 70 Boston,
715 3700 211 70 Mass.,
961 3701 130 57 The
1126 3701 330 58 Stratford
1488 3719 322 51 company,
1844 3701 165 57 1926.

497 3782 26 41 2
553 3794 41 38 p.
647 3814 23 17 l.,
701 3781 53 42 42
786 3796 40 35 p.
889 3780 52 43 16
946 3782 47 18 cm
998 3815 8 8 .

427 3832 53 54 ©
504 3835 97 51 Jan.
626 3835 41 50 2,
694 3834 130 52 1926;
851 3834 65 43 2c.
942 3835 86 42 and
1056 3836 77 43 aff.
1161 3836 98 51 Jan.
1288 3834 48 53 7;
1365 3835 44 42 A
1436 3833 188 54 879152;
1657 3833 232 48 Stratford
1914 3849 65 30 co.
506 3890 269 55 (26-13340)
