<alto xmlns="http://www.loc.gov/standards/alto/ns-v3#" xmlns:xlink="http://www.w3.org/1999/xlink" xmlns:xsi="http://www.w3.org/2001/XMLSchema-instance" xsi:schemaLocation="http://www.loc.gov/standards/alto/ns-v3# http://www.loc.gov/alto/v3/alto-3-0.xsd"><Description>
<MeasurementUnit>pixel</MeasurementUnit>
<sourceImageInformation>
<fileName>1926_v23_Part001.pdf</fileName>
</sourceImageInformation>
<OCRProcessing ID="IdOcr">
<ocrProcessingStep>
<processingDateTime>2019-04-10</processingDateTime>
<processingSoftware>
<softwareCreator>ABBYY</softwareCreator>
<softwareName>ABBYY Recognition Server</softwareName>
<softwareVersion>4.0</softwareVersion>
</processingSoftware>
</ocrProcessingStep>
</OCRProcessing>
</Description>
<Styles>
<ParagraphStyle ID="StyleId-FFFFFFFF-FFFF-FFFF-FFFF-FFFFFFFFFFFF-" ALIGN="Left" LEFT="0." RIGHT="0." FIRSTLINE="0."/>
<ParagraphStyle ID="StyleId-22C3EA86-D171-42E2-A7D2-9A866F7D91F9-" ALIGN="Left" LEFT="0." RIGHT="0." FIRSTLINE="0." LINESPACE="8.300000191"/>
<ParagraphStyle ID="StyleId-E3FA4CC6-F5E5-41CA-B4C4-90085BF71B6C-" ALIGN="Block" LEFT="0." RIGHT="0." FIRSTLINE="-14." LINESPACE="8.050000191"/>
<ParagraphStyle ID="StyleId-41118DB3-028A-4115-95B3-BB512DD0EDAE-" ALIGN="Left" LEFT="0." RIGHT="0." FIRSTLINE="-13." LINESPACE="13.30000019"/>
<ParagraphStyle ID="StyleId-A2FB4C2B-BF87-45AD-9689-33B0118FBFC1-" ALIGN="Block" LEFT="0." RIGHT="0." FIRSTLINE="-14." LINESPACE="11.06999969"/>
<ParagraphStyle ID="StyleId-BBBA7B5D-FE2B-4BC7-AC7D-F142900C21B8-" ALIGN="Block" LEFT="0." RIGHT="0." FIRSTLINE="0." LINESPACE="8.899999619"/>
<ParagraphStyle ID="StyleId-3CEA3EEE-4341-4E33-9EF0-A9438AB90A9B-" ALIGN="Center" LEFT="0." RIGHT="0." FIRSTLINE="0." LINESPACE="12.19999981"/>
<ParagraphStyle ID="StyleId-817955BE-3120-4B53-BBD3-920BAE733BFF-" ALIGN="Left" LEFT="0." RIGHT="0." FIRSTLINE="0." LINESPACE="12.19999981"/>
<ParagraphStyle ID="StyleId-456A266C-F799-486A-ACB1-75B61E9815AB-" ALIGN="Left" LEFT="0." RIGHT="0." FIRSTLINE="-13." LINESPACE="8.18999958"/>
<ParagraphStyle ID="StyleId-6A1E9ED6-E5EA-4E31-BD5A-88089B8D7134-" ALIGN="Right" LEFT="0." RIGHT="0." FIRSTLINE="0." LINESPACE="7.699999809"/>
<ParagraphStyle ID="StyleId-C11ABF73-04BC-4F6E-B7E4-01FCA3A26756-" ALIGN="Left" LEFT="0." RIGHT="0." FIRSTLINE="-13." LINESPACE="12.19999981"/>
<ParagraphStyle ID="StyleId-662CF6CF-DB5F-40BE-AD24-E877ED82DD6F-" ALIGN="Block" LEFT="0." RIGHT="0." FIRSTLINE="-14." LINESPACE="11.06999969"/>
<ParagraphStyle ID="StyleId-9361006B-74B5-41BD-BFD3-03318AD64910-" ALIGN="Left" LEFT="0." RIGHT="0." FIRSTLINE="0." LINESPACE="8.899999619"/>
</Styles>
<Layout>
<Page ID="Page93" PHYSICAL_IMG_NR="93" HEIGHT="4293" WIDTH="2609">
<TopMargin HEIGHT="318" WIDTH="2609" VPOS="0" HPOS="0">
</TopMargin>
<LeftMargin HEIGHT="3600" WIDTH="130" VPOS="318" HPOS="0">
</LeftMargin>
<RightMargin HEIGHT="3600" WIDTH="459" VPOS="318" HPOS="2150">
</RightMargin>
<BottomMargin HEIGHT="375" WIDTH="2609" VPOS="3918" HPOS="0">
<TextBlock ID="Page93_Block1" HEIGHT="76" WIDTH="92" VPOS="3944" HPOS="1094" LANG="en-US" STYLEREFS="StyleId-DE3EC908-F540-4A82-8C3E-08618C2DADB7-">
<TextLine HEIGHT="56" WIDTH="71" VPOS="3954" HPOS="1105">
<String CONTENT="93" HEIGHT="56" WIDTH="71" VPOS="3954" HPOS="1105"/>
</TextLine>
</TextBlock>
<GraphicalElement ID="Page93_Block2" HEIGHT="375" WIDTH="25" VPOS="3918" HPOS="2584"/>
</BottomMargin>
<PrintSpace HEIGHT="3600" WIDTH="2020" VPOS="318" HPOS="130">
<TextBlock ID="Page93_Block3" HEIGHT="3600" WIDTH="2020" VPOS="318" HPOS="130" LANG="en-US" CS="1" STYLEREFS="StyleId-E376A617-9514-4B3B-BA7E-18F51A24C9F1-">
<TextLine HEIGHT="70" WIDTH="1051" VPOS="329" HPOS="151" STYLEREFS="StyleId-8B4E7347-D284-4A41-8C7D-C26D6D5E2DC7-">
<String CONTENT="Root," HEIGHT="66" WIDTH="174" VPOS="333" HPOS="151"/>
<SP HEIGHT="68" WIDTH="40" VPOS="331" HPOS="326"/>
<String CONTENT="William" HEIGHT="60" WIDTH="280" VPOS="329" HPOS="367"/>
<SP HEIGHT="56" WIDTH="37" VPOS="330" HPOS="648"/>
<String CONTENT="Thomas," HEIGHT="69" WIDTH="284" VPOS="330" HPOS="686"/>
<SP HEIGHT="66" WIDTH="41" VPOS="333" HPOS="971"/>
<String CONTENT="1882-" HEIGHT="57" WIDTH="189" VPOS="331" HPOS="1013"/>
</TextLine>
<TextLine HEIGHT="153" WIDTH="1960" VPOS="419" HPOS="150" STYLEREFS="StyleId-894A09CE-6EC9-4621-A9EE-55AB00E4422B-" CS="1">
<String CONTENT="A" HEIGHT="56" WIDTH="60" VPOS="423" HPOS="225"/>
<SP HEIGHT="56" WIDTH="35" VPOS="423" HPOS="286"/>
<String CONTENT="series" HEIGHT="59" WIDTH="192" VPOS="419" HPOS="322"/>
<SP HEIGHT="37" WIDTH="37" VPOS="441" HPOS="515"/>
<String CONTENT="of" HEIGHT="56" WIDTH="69" VPOS="422" HPOS="553"/>
<SP HEIGHT="56" WIDTH="33" VPOS="422" HPOS="623"/>
<String CONTENT="six" HEIGHT="58" WIDTH="97" VPOS="420" HPOS="657"/>
<SP HEIGHT="38" WIDTH="33" VPOS="439" HPOS="755"/>
<String CONTENT="radio" HEIGHT="60" WIDTH="176" VPOS="419" HPOS="789"/>
<SP HEIGHT="54" WIDTH="36" VPOS="425" HPOS="966"/>
<String CONTENT="talks" HEIGHT="59" WIDTH="163" VPOS="420" HPOS="1003"/>
<SP HEIGHT="37" WIDTH="38" VPOS="442" HPOS="1167"/>
<String CONTENT="on" HEIGHT="39" WIDTH="79" VPOS="440" HPOS="1206"/>
<SP HEIGHT="38" WIDTH="36" VPOS="440" HPOS="1286"/>
<String CONTENT="criminology" HEIGHT="74" WIDTH="408" VPOS="419" HPOS="1323"/>
<SP HEIGHT="71" WIDTH="46" VPOS="422" HPOS="1732"/>
<String CS="1" CONTENT="(with" HEIGHT="72" WIDTH="135" VPOS="421" HPOS="1779"/>
<SP HEIGHT="39" WIDTH="38" VPOS="442" HPOS="1957"/>
<String CONTENT="suggested" HEIGHT="130" WIDTH="1960" VPOS="442" HPOS="150"/>
</TextLine>
<TextLine HEIGHT="77" WIDTH="1653" VPOS="495" HPOS="411" STYLEREFS="StyleId-894A09CE-6EC9-4621-A9EE-55AB00E4422B-" CS="1">
<String CONTENT="readings)" HEIGHT="74" WIDTH="323" VPOS="495" HPOS="411"/>
<SP HEIGHT="74" WIDTH="51" VPOS="495" HPOS="735"/>
<String CONTENT="prepared" HEIGHT="70" WIDTH="316" VPOS="499" HPOS="787"/>
<SP HEIGHT="57" WIDTH="38" VPOS="499" HPOS="1104"/>
<String CONTENT="by" HEIGHT="71" WIDTH="85" VPOS="499" HPOS="1143"/>
<SP HEIGHT="72" WIDTH="39" VPOS="498" HPOS="1229"/>
<String CONTENT="William" HEIGHT="59" WIDTH="278" VPOS="497" HPOS="1269"/>
<SP HEIGHT="55" WIDTH="45" VPOS="500" HPOS="1548"/>
<String CONTENT="T." HEIGHT="57" WIDTH="67" VPOS="500" HPOS="1594"/>
<SP HEIGHT="57" WIDTH="46" VPOS="500" HPOS="1662"/>
<String CONTENT="Root," HEIGHT="66" WIDTH="180" VPOS="500" HPOS="1709"/>
<SP HEIGHT="73" WIDTH="44" VPOS="499" HPOS="1890"/>
<String CONTENT="jr." HEIGHT="73" WIDTH="79" VPOS="499" HPOS="1935"/>
<SP HEIGHT="14" WIDTH="49" VPOS="545" HPOS="2015"/>
<String CS="1" CONTENT="&#8230;"/>
</TextLine>
<TextLine HEIGHT="76" WIDTH="621" VPOS="574" HPOS="152" STYLEREFS="StyleId-894A09CE-6EC9-4621-A9EE-55AB00E4422B-">
<String CONTENT="[Pittsburgh," HEIGHT="76" WIDTH="405" VPOS="574" HPOS="152"/>
<SP HEIGHT="62" WIDTH="26" VPOS="582" HPOS="558"/>
<String STYLE="superscript" CONTENT="c" HEIGHT="21" WIDTH="20" VPOS="582" HPOS="585"/>
<String CONTENT="1925]" HEIGHT="71" WIDTH="164" VPOS="574" HPOS="609"/>
</TextLine>
<TextLine HEIGHT="57" WIDTH="1819" VPOS="648" HPOS="217" CS="1">
<String CONTENT="40" HEIGHT="44" WIDTH="55" VPOS="652" HPOS="217"/>
<SP HEIGHT="50" WIDTH="31" VPOS="652" HPOS="273"/>
<String CONTENT="p." HEIGHT="37" WIDTH="41" VPOS="665" HPOS="305"/>
<SP HEIGHT="43" WIDTH="56" VPOS="651" HPOS="347"/>
<String CONTENT="23" HEIGHT="44" WIDTH="52" VPOS="651" HPOS="404"/>
<String STYLE="superscript" CONTENT="cm" HEIGHT="17" WIDTH="47" VPOS="653" HPOS="464"/>
<String CONTENT="." HEIGHT="9" WIDTH="9" VPOS="684" HPOS="517"/>
<SP HEIGHT="51" WIDTH="67" VPOS="650" HPOS="527"/>
<String CS="1" CONTENT="(University" HEIGHT="53" WIDTH="262" VPOS="648" HPOS="595"/>
<SP/>
<String CONTENT="of" HEIGHT="43" WIDTH="53" VPOS="652" HPOS="923"/>
<SP HEIGHT="43" WIDTH="31" VPOS="652" HPOS="977"/>
<String CONTENT="Pittsburgh." HEIGHT="52" WIDTH="283" VPOS="650" HPOS="1009"/>
<SP HEIGHT="43" WIDTH="58" VPOS="652" HPOS="1293"/>
<String CONTENT="Radio" HEIGHT="45" WIDTH="148" VPOS="652" HPOS="1352"/>
<SP HEIGHT="38" WIDTH="33" VPOS="665" HPOS="1501"/>
<String CONTENT="publication" HEIGHT="52" WIDTH="278" VPOS="651" HPOS="1535"/>
<SP HEIGHT="29" WIDTH="32" VPOS="668" HPOS="1814"/>
<String CONTENT="no." HEIGHT="30" WIDTH="74" VPOS="668" HPOS="1847"/>
<SP HEIGHT="42" WIDTH="38" VPOS="656" HPOS="1922"/>
<String CONTENT="17)" HEIGHT="52" WIDTH="75" VPOS="653" HPOS="1961"/>
</TextLine>
<TextLine HEIGHT="112" WIDTH="1964" VPOS="704" HPOS="148" CS="1">
<String CONTENT="&#8220;Broadcast" HEIGHT="44" WIDTH="280" VPOS="707" HPOS="219"/>
<SP HEIGHT="44" WIDTH="31" VPOS="707" HPOS="500"/>
<String CONTENT="from" HEIGHT="43" WIDTH="125" VPOS="707" HPOS="532"/>
<SP HEIGHT="35" WIDTH="28" VPOS="715" HPOS="658"/>
<String CONTENT="the" HEIGHT="44" WIDTH="76" VPOS="707" HPOS="687"/>
<SP HEIGHT="44" WIDTH="27" VPOS="707" HPOS="764"/>
<String CONTENT="University" HEIGHT="54" WIDTH="269" VPOS="704" HPOS="792"/>
<SP HEIGHT="37" WIDTH="27" VPOS="721" HPOS="1062"/>
<String CONTENT="of" HEIGHT="44" WIDTH="52" VPOS="708" HPOS="1090"/>
<SP HEIGHT="42" WIDTH="34" VPOS="708" HPOS="1143"/>
<String CONTENT="Pittsburgh" HEIGHT="52" WIDTH="269" VPOS="707" HPOS="1178"/>
<SP HEIGHT="44" WIDTH="30" VPOS="709" HPOS="1448"/>
<String CONTENT="studio" HEIGHT="46" WIDTH="153" VPOS="708" HPOS="1479"/>
<SP HEIGHT="30" WIDTH="31" VPOS="724" HPOS="1633"/>
<String CONTENT="of" HEIGHT="43" WIDTH="53" VPOS="709" HPOS="1665"/>
<SP HEIGHT="42" WIDTH="27" VPOS="709" HPOS="1719"/>
<String CONTENT="KDKA," HEIGHT="52" WIDTH="202" VPOS="709" HPOS="1747"/>
<SP HEIGHT="49" WIDTH="31" VPOS="712" HPOS="1950"/>
<String LANG="fr" CONTENT="Westinghouse" HEIGHT="104" WIDTH="1964" VPOS="712" HPOS="148"/>
</TextLine>
<TextLine HEIGHT="57" WIDTH="1650" VPOS="761" HPOS="397">
<String CONTENT="electric" HEIGHT="47" WIDTH="180" VPOS="761" HPOS="397"/>
<SP HEIGHT="44" WIDTH="31" VPOS="763" HPOS="578"/>
<String CONTENT="&amp;" HEIGHT="44" WIDTH="38" VPOS="763" HPOS="610"/>
<SP HEIGHT="44" WIDTH="29" VPOS="763" HPOS="649"/>
<String CONTENT="manufacturing" HEIGHT="53" WIDTH="375" VPOS="761" HPOS="679"/>
<SP HEIGHT="37" WIDTH="29" VPOS="777" HPOS="1055"/>
<String CONTENT="company," HEIGHT="39" WIDTH="235" VPOS="776" HPOS="1085"/>
<SP HEIGHT="49" WIDTH="30" VPOS="765" HPOS="1321"/>
<String CONTENT="Pittsburgh," HEIGHT="53" WIDTH="285" VPOS="763" HPOS="1352"/>
<SP HEIGHT="48" WIDTH="33" VPOS="767" HPOS="1638"/>
<String CONTENT="Pennsylvania.&#8221;" HEIGHT="52" WIDTH="375" VPOS="766" HPOS="1672"/>
</TextLine>
<TextLine HEIGHT="52" WIDTH="603" VPOS="818" HPOS="218">
<String CONTENT="Bibliography:" HEIGHT="52" WIDTH="355" VPOS="818" HPOS="218"/>
<SP HEIGHT="38" WIDTH="27" VPOS="832" HPOS="574"/>
<String CONTENT="p." HEIGHT="38" WIDTH="41" VPOS="832" HPOS="602"/>
<SP HEIGHT="42" WIDTH="27" VPOS="821" HPOS="644"/>
<String CONTENT="38-40." HEIGHT="44" WIDTH="149" VPOS="819" HPOS="672"/>
</TextLine>
<TextLine HEIGHT="112" WIDTH="1963" VPOS="870" HPOS="149" CS="1">
<String CONTENT="&#169;" HEIGHT="55" WIDTH="53" VPOS="871" HPOS="149"/>
<SP HEIGHT="55" WIDTH="28" VPOS="871" HPOS="203"/>
<String CONTENT="Dec." HEIGHT="43" WIDTH="108" VPOS="874" HPOS="232"/>
<SP HEIGHT="43" WIDTH="29" VPOS="874" HPOS="341"/>
<String CONTENT="31," HEIGHT="50" WIDTH="65" VPOS="874" HPOS="371"/>
<SP HEIGHT="50" WIDTH="33" VPOS="874" HPOS="437"/>
<String CONTENT="1925;" HEIGHT="55" WIDTH="128" VPOS="871" HPOS="471"/>
<SP HEIGHT="53" WIDTH="27" VPOS="873" HPOS="600"/>
<String CONTENT="2c." HEIGHT="44" WIDTH="67" VPOS="873" HPOS="628"/>
<SP HEIGHT="29" WIDTH="29" VPOS="888" HPOS="696"/>
<String CONTENT="and" HEIGHT="44" WIDTH="87" VPOS="873" HPOS="726"/>
<SP HEIGHT="44" WIDTH="27" VPOS="873" HPOS="814"/>
<String CONTENT="aff." HEIGHT="45" WIDTH="78" VPOS="871" HPOS="842"/>
<SP HEIGHT="52" WIDTH="29" VPOS="873" HPOS="921"/>
<String CONTENT="Jan." HEIGHT="52" WIDTH="98" VPOS="873" HPOS="951"/>
<SP HEIGHT="47" WIDTH="31" VPOS="870" HPOS="1050"/>
<String CONTENT="7," HEIGHT="55" WIDTH="39" VPOS="870" HPOS="1082"/>
<SP HEIGHT="52" WIDTH="33" VPOS="873" HPOS="1122"/>
<String CONTENT="1926;" HEIGHT="53" WIDTH="129" VPOS="872" HPOS="1156"/>
<SP HEIGHT="51" WIDTH="30" VPOS="874" HPOS="1286"/>
<!-- cceid FACAA683-6E1A-1014-9B7B-CA07F191E62B --><String CONTENT="A" HEIGHT="42" WIDTH="45" VPOS="874" HPOS="1317"/>
<SP HEIGHT="44" WIDTH="27" VPOS="873" HPOS="1363"/>
<String CONTENT="879172;" HEIGHT="55" WIDTH="190" VPOS="872" HPOS="1391"/>
<SP HEIGHT="51" WIDTH="33" VPOS="876" HPOS="1582"/>
<String CONTENT="University" HEIGHT="55" WIDTH="266" VPOS="875" HPOS="1616"/>
<SP HEIGHT="36" WIDTH="28" VPOS="894" HPOS="1883"/>
<String CONTENT="of" HEIGHT="45" WIDTH="52" VPOS="877" HPOS="1912"/>
<SP HEIGHT="43" WIDTH="30" VPOS="877" HPOS="1965"/>
<String CONTENT="Pittsburgh," HEIGHT="104" WIDTH="1895" VPOS="878" HPOS="217"/>
</TextLine>
<TextLine HEIGHT="54" WIDTH="589" VPOS="928" HPOS="408">
<String CONTENT="Pittsburgh." HEIGHT="53" WIDTH="281" VPOS="929" HPOS="408"/>
<SP HEIGHT="53" WIDTH="66" VPOS="929" HPOS="690"/>
<String CONTENT="(26-2829)" HEIGHT="54" WIDTH="240" VPOS="928" HPOS="757"/>
</TextLine>
<TextLine HEIGHT="73" WIDTH="734" VPOS="1010" HPOS="146" STYLEREFS="StyleId-8B4E7347-D284-4A41-8C7D-C26D6D5E2DC7-">
<String CONTENT="Roth," HEIGHT="71" WIDTH="179" VPOS="1012" HPOS="146"/>
<SP HEIGHT="71" WIDTH="41" VPOS="1012" HPOS="326"/>
<String CONTENT="Filibert," HEIGHT="71" WIDTH="281" VPOS="1010" HPOS="368"/>
<SP HEIGHT="65" WIDTH="40" VPOS="1016" HPOS="650"/>
<String CONTENT="1858-" HEIGHT="57" WIDTH="189" VPOS="1014" HPOS="691"/>
</TextLine>
<TextLine HEIGHT="73" WIDTH="1841" VPOS="1101" HPOS="293" STYLEREFS="StyleId-894A09CE-6EC9-4621-A9EE-55AB00E4422B-" CS="1">
<String CS="1" CONTENT="&#8230;"/>
<SP HEIGHT="58" WIDTH="29" VPOS="1102" HPOS="293"/>
<String CONTENT="Michigan" HEIGHT="73" WIDTH="317" VPOS="1101" HPOS="323"/>
<SP HEIGHT="36" WIDTH="21" VPOS="1121" HPOS="641"/>
<String CONTENT="manual" HEIGHT="56" WIDTH="254" VPOS="1102" HPOS="663"/>
<SP HEIGHT="57" WIDTH="23" VPOS="1102" HPOS="918"/>
<String CONTENT="of" HEIGHT="57" WIDTH="66" VPOS="1102" HPOS="942"/>
<SP HEIGHT="55" WIDTH="21" VPOS="1102" HPOS="1009"/>
<String CONTENT="forestry," HEIGHT="71" WIDTH="299" VPOS="1102" HPOS="1031"/>
<SP HEIGHT="70" WIDTH="26" VPOS="1103" HPOS="1331"/>
<String CONTENT="by" HEIGHT="71" WIDTH="81" VPOS="1103" HPOS="1358"/>
<SP HEIGHT="70" WIDTH="26" VPOS="1104" HPOS="1440"/>
<String CONTENT="Filibert" HEIGHT="57" WIDTH="268" VPOS="1103" HPOS="1467"/>
<SP HEIGHT="55" WIDTH="20" VPOS="1105" HPOS="1736"/>
<String CONTENT="Roth." HEIGHT="57" WIDTH="185" VPOS="1104" HPOS="1757"/>
<SP HEIGHT="38" WIDTH="62" VPOS="1124" HPOS="1943"/>
<String CONTENT="v." HEIGHT="38" WIDTH="57" VPOS="1124" HPOS="2006"/>
<SP HEIGHT="53" WIDTH="20" VPOS="1108" HPOS="2064"/>
<String CONTENT="1." HEIGHT="54" WIDTH="49" VPOS="1108" HPOS="2085"/>
</TextLine>
<TextLine HEIGHT="76" WIDTH="1986" VPOS="1179" HPOS="149" STYLEREFS="StyleId-894A09CE-6EC9-4621-A9EE-55AB00E4422B-">
<String CONTENT="Forest" HEIGHT="56" WIDTH="227" VPOS="1180" HPOS="149"/>
<SP HEIGHT="54" WIDTH="24" VPOS="1182" HPOS="377"/>
<String CONTENT="regulation." HEIGHT="71" WIDTH="369" VPOS="1179" HPOS="402"/>
<SP HEIGHT="54" WIDTH="68" VPOS="1181" HPOS="772"/>
<String CONTENT="2d" HEIGHT="56" WIDTH="78" VPOS="1180" HPOS="841"/>
<SP HEIGHT="56" WIDTH="27" VPOS="1180" HPOS="920"/>
<String CONTENT="ed.," HEIGHT="71" WIDTH="110" VPOS="1180" HPOS="948"/>
<SP HEIGHT="52" WIDTH="26" VPOS="1199" HPOS="1059"/>
<String CONTENT="rev.," HEIGHT="53" WIDTH="150" VPOS="1198" HPOS="1086"/>
<SP HEIGHT="69" WIDTH="28" VPOS="1182" HPOS="1237"/>
<String CONTENT="1925." HEIGHT="55" WIDTH="164" VPOS="1181" HPOS="1266"/>
<SP HEIGHT="56" WIDTH="68" VPOS="1180" HPOS="1431"/>
<String CONTENT="Ann" HEIGHT="56" WIDTH="143" VPOS="1180" HPOS="1500"/>
<SP HEIGHT="56" WIDTH="28" VPOS="1181" HPOS="1644"/>
<String CONTENT="Arbor," HEIGHT="73" WIDTH="228" VPOS="1181" HPOS="1673"/>
<SP HEIGHT="72" WIDTH="28" VPOS="1182" HPOS="1902"/>
<String CONTENT="Mich.," HEIGHT="74" WIDTH="204" VPOS="1181" HPOS="1931"/>
</TextLine>
<TextLine HEIGHT="74" WIDTH="536" VPOS="1256" HPOS="148" STYLEREFS="StyleId-894A09CE-6EC9-4621-A9EE-55AB00E4422B-" CS="1">
<String LANG="en-US" CONTENT="G." HEIGHT="58" WIDTH="68" VPOS="1256" HPOS="148"/>
<SP HEIGHT="58" WIDTH="31" VPOS="1256" HPOS="217"/>
<String LANG="de" CONTENT="Wahr" HEIGHT="58" WIDTH="200" VPOS="1256" HPOS="249"/>
<SP HEIGHT="55" WIDTH="33" VPOS="1275" HPOS="450"/>
<String LANG="en-US" CS="1" CONTENT="[c1925]" HEIGHT="73" WIDTH="200" VPOS="1257" HPOS="484"/>
</TextLine>
<TextLine HEIGHT="54" WIDTH="1178" VPOS="1332" HPOS="213" CS="1">
<String CONTENT="viii" HEIGHT="43" WIDTH="78" VPOS="1332" HPOS="213"/>
<SP HEIGHT="52" WIDTH="31" VPOS="1332" HPOS="292"/>
<String LANG="fr" CONTENT="p.," HEIGHT="38" WIDTH="54" VPOS="1346" HPOS="324"/>
<SP HEIGHT="49" WIDTH="33" VPOS="1333" HPOS="379"/>
<String CONTENT="1" HEIGHT="41" WIDTH="18" VPOS="1333" HPOS="413"/>
<SP HEIGHT="42" WIDTH="34" VPOS="1332" HPOS="432"/>
<String CS="1" CONTENT="l.," HEIGHT="17" WIDTH="23" VPOS="1367" HPOS="486"/>
<SP HEIGHT="51" WIDTH="28" VPOS="1333" HPOS="510"/>
<String CONTENT="239" HEIGHT="42" WIDTH="81" VPOS="1333" HPOS="539"/>
<SP HEIGHT="52" WIDTH="30" VPOS="1333" HPOS="621"/>
<String CONTENT="p." HEIGHT="38" WIDTH="39" VPOS="1347" HPOS="652"/>
<SP HEIGHT="43" WIDTH="60" VPOS="1332" HPOS="692"/>
<String CONTENT="illus." HEIGHT="43" WIDTH="114" VPOS="1332" HPOS="753"/>
<SP HEIGHT="53" WIDTH="27" VPOS="1333" HPOS="868"/>
<String CONTENT="(maps)" HEIGHT="54" WIDTH="176" VPOS="1332" HPOS="896"/>
<SP HEIGHT="53" WIDTH="40" VPOS="1332" HPOS="1073"/>
<String CONTENT="diagrs." HEIGHT="53" WIDTH="166" VPOS="1332" HPOS="1114"/>
<SP HEIGHT="43" WIDTH="56" VPOS="1333" HPOS="1281"/>
<String CS="1" CONTENT="23&#189;cm." HEIGHT="44" WIDTH="53" VPOS="1333" HPOS="1338"/>
</TextLine>
<TextLine HEIGHT="56" WIDTH="1651" VPOS="1386" HPOS="146">
<String CONTENT="&#169;" HEIGHT="54" WIDTH="53" VPOS="1386" HPOS="146"/>
<SP HEIGHT="54" WIDTH="20" VPOS="1386" HPOS="200"/>
<String CONTENT="Jan." HEIGHT="51" WIDTH="99" VPOS="1389" HPOS="221"/>
<SP HEIGHT="42" WIDTH="27" VPOS="1389" HPOS="321"/>
<String CONTENT="16," HEIGHT="51" WIDTH="63" VPOS="1388" HPOS="349"/>
<SP HEIGHT="50" WIDTH="30" VPOS="1389" HPOS="413"/>
<String CONTENT="1926;" HEIGHT="51" WIDTH="129" VPOS="1389" HPOS="444"/>
<SP HEIGHT="51" WIDTH="26" VPOS="1389" HPOS="574"/>
<String CONTENT="2c." HEIGHT="43" WIDTH="63" VPOS="1389" HPOS="601"/>
<SP HEIGHT="29" WIDTH="25" VPOS="1403" HPOS="665"/>
<String CONTENT="and" HEIGHT="43" WIDTH="87" VPOS="1389" HPOS="691"/>
<SP HEIGHT="43" WIDTH="23" VPOS="1389" HPOS="779"/>
<String CONTENT="aff." HEIGHT="42" WIDTH="78" VPOS="1390" HPOS="803"/>
<SP HEIGHT="52" WIDTH="25" VPOS="1390" HPOS="882"/>
<String CONTENT="Jan." HEIGHT="52" WIDTH="99" VPOS="1390" HPOS="908"/>
<SP HEIGHT="42" WIDTH="25" VPOS="1389" HPOS="1008"/>
<String CONTENT="23;" HEIGHT="52" WIDTH="79" VPOS="1389" HPOS="1034"/>
<SP HEIGHT="52" WIDTH="26" VPOS="1389" HPOS="1114"/>
<!-- cceid FACB381F-6E1A-1014-9B7B-CA07F191E62B --><String CONTENT="A" HEIGHT="43" WIDTH="43" VPOS="1389" HPOS="1141"/>
<SP HEIGHT="44" WIDTH="26" VPOS="1389" HPOS="1185"/>
<String CONTENT="879365;" HEIGHT="54" WIDTH="190" VPOS="1387" HPOS="1212"/>
<SP HEIGHT="53" WIDTH="30" VPOS="1388" HPOS="1403"/>
<String CONTENT="George" HEIGHT="54" WIDTH="179" VPOS="1388" HPOS="1434"/>
<SP HEIGHT="44" WIDTH="23" VPOS="1390" HPOS="1614"/>
<String LANG="de" CONTENT="Wahr." HEIGHT="45" WIDTH="159" VPOS="1389" HPOS="1638"/>
</TextLine>
<TextLine HEIGHT="55" WIDTH="240" VPOS="1444" HPOS="225">
<String CONTENT="(26-2693)" HEIGHT="55" WIDTH="240" VPOS="1444" HPOS="225"/>
</TextLine>
<TextLine HEIGHT="74" WIDTH="704" VPOS="1528" HPOS="145" STYLEREFS="StyleId-8B4E7347-D284-4A41-8C7D-C26D6D5E2DC7-">
<String CONTENT="Schneider," HEIGHT="72" WIDTH="357" VPOS="1528" HPOS="145"/>
<SP HEIGHT="70" WIDTH="36" VPOS="1530" HPOS="503"/>
<String CONTENT="Philip" HEIGHT="74" WIDTH="212" VPOS="1528" HPOS="540"/>
<SP HEIGHT="73" WIDTH="37" VPOS="1529" HPOS="753"/>
<String CONTENT="J." HEIGHT="58" WIDTH="58" VPOS="1529" HPOS="791"/>
</TextLine>
<TextLine HEIGHT="75" WIDTH="1739" VPOS="1617" HPOS="221" STYLEREFS="StyleId-894A09CE-6EC9-4621-A9EE-55AB00E4422B-" CS="1">
<String CONTENT="Bills" HEIGHT="61" WIDTH="157" VPOS="1618" HPOS="221"/>
<SP HEIGHT="41" WIDTH="30" VPOS="1638" HPOS="379"/>
<String CONTENT="and" HEIGHT="56" WIDTH="123" VPOS="1620" HPOS="410"/>
<SP HEIGHT="56" WIDTH="28" VPOS="1620" HPOS="534"/>
<String CONTENT="notes" HEIGHT="56" WIDTH="178" VPOS="1621" HPOS="563"/>
<SP HEIGHT="72" WIDTH="40" VPOS="1619" HPOS="742"/>
<String CONTENT="(outline)" HEIGHT="74" WIDTH="292" VPOS="1618" HPOS="783"/>
<SP HEIGHT="72" WIDTH="39" VPOS="1620" HPOS="1076"/>
<String CONTENT="by" HEIGHT="71" WIDTH="84" VPOS="1620" HPOS="1116"/>
<SP HEIGHT="71" WIDTH="27" VPOS="1620" HPOS="1201"/>
<String CONTENT="Philip" HEIGHT="74" WIDTH="211" VPOS="1617" HPOS="1229"/>
<SP HEIGHT="71" WIDTH="29" VPOS="1620" HPOS="1441"/>
<String CONTENT="J." HEIGHT="58" WIDTH="61" VPOS="1620" HPOS="1471"/>
<SP HEIGHT="59" WIDTH="36" VPOS="1619" HPOS="1533"/>
<String CONTENT="Schneider," HEIGHT="72" WIDTH="359" VPOS="1619" HPOS="1570"/>
<SP HEIGHT="53" WIDTH="30" VPOS="1638" HPOS="1930"/>
<String CS="1" CONTENT="LL."/>
<SP/>
<String CS="1" CONTENT="B."/>
</TextLine>
<TextLine HEIGHT="74" WIDTH="1810" VPOS="1695" HPOS="147" STYLEREFS="StyleId-894A09CE-6EC9-4621-A9EE-55AB00E4422B-" CS="1">
<String CONTENT="Cincinnati," HEIGHT="74" WIDTH="370" VPOS="1695" HPOS="147"/>
<SP HEIGHT="73" WIDTH="30" VPOS="1696" HPOS="518"/>
<String CS="1" CONTENT="O.," HEIGHT="26" WIDTH="32" VPOS="1742" HPOS="606"/>
<SP HEIGHT="70" WIDTH="30" VPOS="1698" HPOS="639"/>
<String CONTENT="The" HEIGHT="58" WIDTH="129" VPOS="1697" HPOS="670"/>
<SP HEIGHT="58" WIDTH="30" VPOS="1697" HPOS="800"/>
<String LANG="fr" CONTENT="W." HEIGHT="57" WIDTH="95" VPOS="1697" HPOS="831"/>
<SP HEIGHT="58" WIDTH="31" VPOS="1696" HPOS="927"/>
<String CONTENT="H." HEIGHT="57" WIDTH="79" VPOS="1696" HPOS="959"/>
<SP HEIGHT="56" WIDTH="30" VPOS="1697" HPOS="1039"/>
<String CONTENT="Anderson" HEIGHT="57" WIDTH="336" VPOS="1697" HPOS="1070"/>
<SP HEIGHT="38" WIDTH="27" VPOS="1716" HPOS="1407"/>
<String CONTENT="company," HEIGHT="54" WIDTH="324" VPOS="1715" HPOS="1435"/>
<SP HEIGHT="69" WIDTH="30" VPOS="1699" HPOS="1760"/>
<String CONTENT="1926." HEIGHT="58" WIDTH="166" VPOS="1697" HPOS="1791"/>
</TextLine>
<TextLine HEIGHT="54" WIDTH="305" VPOS="1772" HPOS="215">
<String CONTENT="51" HEIGHT="45" WIDTH="48" VPOS="1772" HPOS="215"/>
<SP HEIGHT="51" WIDTH="34" VPOS="1775" HPOS="264"/>
<String CONTENT="p." HEIGHT="39" WIDTH="39" VPOS="1787" HPOS="299"/>
<SP HEIGHT="41" WIDTH="58" VPOS="1775" HPOS="339"/>
<String CONTENT="21" HEIGHT="42" WIDTH="51" VPOS="1774" HPOS="398"/>
<String STYLE="superscript" CONTENT="cm" HEIGHT="17" WIDTH="47" VPOS="1776" HPOS="458"/>
<String CONTENT="." HEIGHT="8" WIDTH="8" VPOS="1808" HPOS="512"/>
</TextLine>
<TextLine HEIGHT="55" WIDTH="1881" VPOS="1828" HPOS="144">
<String CONTENT="&#169;" HEIGHT="54" WIDTH="54" VPOS="1828" HPOS="144"/>
<SP HEIGHT="55" WIDTH="23" VPOS="1828" HPOS="199"/>
<String CONTENT="Jan." HEIGHT="52" WIDTH="99" VPOS="1831" HPOS="223"/>
<SP HEIGHT="44" WIDTH="28" VPOS="1830" HPOS="323"/>
<String CONTENT="6," HEIGHT="52" WIDTH="39" VPOS="1830" HPOS="352"/>
<SP HEIGHT="50" WIDTH="28" VPOS="1832" HPOS="392"/>
<String CONTENT="1926;" HEIGHT="53" WIDTH="130" VPOS="1830" HPOS="421"/>
<SP HEIGHT="52" WIDTH="29" VPOS="1831" HPOS="552"/>
<String CONTENT="2c." HEIGHT="43" WIDTH="63" VPOS="1831" HPOS="582"/>
<SP HEIGHT="52" WIDTH="26" VPOS="1831" HPOS="646"/>
<String CONTENT="Jan." HEIGHT="52" WIDTH="101" VPOS="1831" HPOS="673"/>
<SP HEIGHT="43" WIDTH="27" VPOS="1831" HPOS="775"/>
<String CONTENT="8;" HEIGHT="52" WIDTH="49" VPOS="1831" HPOS="803"/>
<SP HEIGHT="38" WIDTH="29" VPOS="1845" HPOS="853"/>
<String CONTENT="aff." HEIGHT="42" WIDTH="78" VPOS="1831" HPOS="883"/>
<SP HEIGHT="52" WIDTH="27" VPOS="1831" HPOS="962"/>
<String CONTENT="Jan." HEIGHT="52" WIDTH="100" VPOS="1831" HPOS="990"/>
<SP HEIGHT="45" WIDTH="26" VPOS="1830" HPOS="1091"/>
<String CONTENT="9;" HEIGHT="53" WIDTH="51" VPOS="1830" HPOS="1118"/>
<SP HEIGHT="52" WIDTH="28" VPOS="1831" HPOS="1170"/>
<!-- cceid FACBC717-6E1A-1014-9B7B-CA07F191E62B --><String CONTENT="A" HEIGHT="42" WIDTH="45" VPOS="1831" HPOS="1199"/>
<SP HEIGHT="43" WIDTH="25" VPOS="1831" HPOS="1245"/>
<String CONTENT="881203;" HEIGHT="53" WIDTH="189" VPOS="1830" HPOS="1271"/>
<SP HEIGHT="51" WIDTH="28" VPOS="1832" HPOS="1461"/>
<String LANG="fr" CONTENT="W." HEIGHT="44" WIDTH="76" VPOS="1832" HPOS="1490"/>
<SP HEIGHT="44" WIDTH="29" VPOS="1832" HPOS="1567"/>
<String CONTENT="H." HEIGHT="43" WIDTH="62" VPOS="1832" HPOS="1597"/>
<SP HEIGHT="43" WIDTH="29" VPOS="1832" HPOS="1660"/>
<String CONTENT="Anderson" HEIGHT="44" WIDTH="243" VPOS="1832" HPOS="1690"/>
<SP HEIGHT="30" WIDTH="22" VPOS="1845" HPOS="1934"/>
<String CONTENT="co." HEIGHT="30" WIDTH="68" VPOS="1846" HPOS="1957"/>
</TextLine>
<TextLine HEIGHT="55" WIDTH="242" VPOS="1886" HPOS="223">
<String CONTENT="(26-2696)" HEIGHT="55" WIDTH="242" VPOS="1886" HPOS="223"/>
</TextLine>
<TextLine HEIGHT="152" WIDTH="1973" VPOS="1967" HPOS="142" STYLEREFS="StyleId-894A09CE-6EC9-4621-A9EE-55AB00E4422B-" CS="1">
<String CONTENT="Equity" HEIGHT="73" WIDTH="238" VPOS="1968" HPOS="220"/>
<SP HEIGHT="74" WIDTH="31" VPOS="1967" HPOS="459"/>
<String CONTENT="(outline)" HEIGHT="73" WIDTH="292" VPOS="1967" HPOS="491"/>
<SP HEIGHT="70" WIDTH="32" VPOS="1970" HPOS="784"/>
<String CONTENT="by" HEIGHT="71" WIDTH="83" VPOS="1970" HPOS="817"/>
<SP HEIGHT="71" WIDTH="22" VPOS="1970" HPOS="901"/>
<String CONTENT="Philip" HEIGHT="73" WIDTH="211" VPOS="1968" HPOS="924"/>
<SP HEIGHT="71" WIDTH="26" VPOS="1970" HPOS="1136"/>
<String CONTENT="J." HEIGHT="58" WIDTH="61" VPOS="1970" HPOS="1163"/>
<SP HEIGHT="59" WIDTH="30" VPOS="1969" HPOS="1225"/>
<String CONTENT="Schneider," HEIGHT="73" WIDTH="358" VPOS="1968" HPOS="1256"/>
<SP HEIGHT="54" WIDTH="25" VPOS="1987" HPOS="1615"/>
<String CS="1" CONTENT="LL."/>
<SP/>
<String CS="1" CONTENT="B."/>
<SP HEIGHT="60" WIDTH="83" VPOS="1968" HPOS="1814"/>
<String CONTENT="Cincinnati," HEIGHT="151" WIDTH="1973" VPOS="1968" HPOS="142"/>
<SP HEIGHT="73" WIDTH="31" VPOS="2046" HPOS="296"/>
<String CONTENT="O.," HEIGHT="72" WIDTH="88" VPOS="2046" HPOS="328"/>
</TextLine>
<TextLine HEIGHT="73" WIDTH="1281" VPOS="2047" HPOS="448" STYLEREFS="StyleId-894A09CE-6EC9-4621-A9EE-55AB00E4422B-">
<String CONTENT="The" HEIGHT="58" WIDTH="129" VPOS="2047" HPOS="448"/>
<SP HEIGHT="58" WIDTH="26" VPOS="2047" HPOS="578"/>
<String LANG="fr" CONTENT="W." HEIGHT="58" WIDTH="96" VPOS="2047" HPOS="605"/>
<SP HEIGHT="57" WIDTH="29" VPOS="2047" HPOS="702"/>
<String CONTENT="H." HEIGHT="58" WIDTH="79" VPOS="2047" HPOS="732"/>
<SP HEIGHT="58" WIDTH="31" VPOS="2047" HPOS="812"/>
<String CONTENT="Anderson" HEIGHT="59" WIDTH="334" VPOS="2047" HPOS="844"/>
<SP HEIGHT="38" WIDTH="27" VPOS="2067" HPOS="1179"/>
<String CONTENT="company," HEIGHT="54" WIDTH="321" VPOS="2066" HPOS="1207"/>
<SP HEIGHT="70" WIDTH="31" VPOS="2050" HPOS="1529"/>
<String CONTENT="1926." HEIGHT="58" WIDTH="168" VPOS="2048" HPOS="1561"/>
</TextLine>
<TextLine HEIGHT="53" WIDTH="308" VPOS="2126" HPOS="213">
<String CONTENT="49" HEIGHT="42" WIDTH="53" VPOS="2127" HPOS="213"/>
<SP HEIGHT="52" WIDTH="31" VPOS="2127" HPOS="267"/>
<String CONTENT="p." HEIGHT="38" WIDTH="41" VPOS="2141" HPOS="299"/>
<SP HEIGHT="42" WIDTH="57" VPOS="2127" HPOS="341"/>
<String CONTENT="21" HEIGHT="42" WIDTH="50" VPOS="2126" HPOS="399"/>
<String STYLE="superscript" CONTENT="cm" HEIGHT="17" WIDTH="47" VPOS="2127" HPOS="459"/>
<String CONTENT="." HEIGHT="9" WIDTH="9" VPOS="2162" HPOS="512"/>
</TextLine>
<TextLine HEIGHT="56" WIDTH="1908" VPOS="2179" HPOS="144" CS="1">
<String CONTENT="&#169;" HEIGHT="54" WIDTH="53" VPOS="2179" HPOS="144"/>
<SP HEIGHT="55" WIDTH="26" VPOS="2179" HPOS="198"/>
<String CONTENT="Jan." HEIGHT="52" WIDTH="99" VPOS="2182" HPOS="225"/>
<SP HEIGHT="43" WIDTH="27" VPOS="2182" HPOS="325"/>
<String CONTENT="6," HEIGHT="51" WIDTH="38" VPOS="2182" HPOS="353"/>
<SP HEIGHT="50" WIDTH="32" VPOS="2183" HPOS="392"/>
<String CS="1" CONTENT="1926;" HEIGHT="44" WIDTH="107" VPOS="2182" HPOS="425"/>
<SP HEIGHT="52" WIDTH="29" VPOS="2182" HPOS="556"/>
<String CONTENT="2c." HEIGHT="43" WIDTH="65" VPOS="2182" HPOS="586"/>
<SP HEIGHT="52" WIDTH="27" VPOS="2183" HPOS="652"/>
<String CONTENT="Jan." HEIGHT="52" WIDTH="99" VPOS="2183" HPOS="680"/>
<SP HEIGHT="43" WIDTH="28" VPOS="2182" HPOS="780"/>
<String CONTENT="8;" HEIGHT="52" WIDTH="51" VPOS="2182" HPOS="809"/>
<SP HEIGHT="38" WIDTH="29" VPOS="2196" HPOS="861"/>
<String CONTENT="aff." HEIGHT="44" WIDTH="79" VPOS="2182" HPOS="891"/>
<SP HEIGHT="52" WIDTH="28" VPOS="2183" HPOS="971"/>
<String CONTENT="Jan." HEIGHT="52" WIDTH="100" VPOS="2183" HPOS="1000"/>
<SP HEIGHT="44" WIDTH="28" VPOS="2182" HPOS="1101"/>
<String CONTENT="9;" HEIGHT="53" WIDTH="51" VPOS="2182" HPOS="1130"/>
<SP HEIGHT="53" WIDTH="30" VPOS="2182" HPOS="1182"/>
<!-- cceid FACC5FF6-6E1A-1014-9B7B-CA07F191E62B --><String CONTENT="A" HEIGHT="42" WIDTH="45" VPOS="2182" HPOS="1213"/>
<SP HEIGHT="44" WIDTH="29" VPOS="2182" HPOS="1259"/>
<String CONTENT="881205;" HEIGHT="54" WIDTH="189" VPOS="2180" HPOS="1289"/>
<SP HEIGHT="52" WIDTH="30" VPOS="2182" HPOS="1479"/>
<String LANG="fr" CONTENT="W." HEIGHT="44" WIDTH="75" VPOS="2182" HPOS="1510"/>
<SP HEIGHT="43" WIDTH="32" VPOS="2183" HPOS="1586"/>
<String CONTENT="H." HEIGHT="42" WIDTH="62" VPOS="2183" HPOS="1619"/>
<SP HEIGHT="43" WIDTH="31" VPOS="2182" HPOS="1682"/>
<String CONTENT="Anderson" HEIGHT="45" WIDTH="240" VPOS="2182" HPOS="1714"/>
<SP HEIGHT="29" WIDTH="30" VPOS="2197" HPOS="1955"/>
<String CONTENT="co." HEIGHT="29" WIDTH="66" VPOS="2197" HPOS="1986"/>
</TextLine>
<TextLine HEIGHT="55" WIDTH="242" VPOS="2237" HPOS="221">
<String CONTENT="(26-2697)" HEIGHT="55" WIDTH="242" VPOS="2237" HPOS="221"/>
</TextLine>
<TextLine HEIGHT="75" WIDTH="967" VPOS="2320" HPOS="146" STYLEREFS="StyleId-8B4E7347-D284-4A41-8C7D-C26D6D5E2DC7-">
<String LANG="de" CONTENT="Schurmann," HEIGHT="70" WIDTH="406" VPOS="2321" HPOS="146"/>
<SP HEIGHT="68" WIDTH="42" VPOS="2323" HPOS="553"/>
<String LANG="en-US" CONTENT="Joseph" HEIGHT="73" WIDTH="240" VPOS="2322" HPOS="596"/>
<SP HEIGHT="57" WIDTH="35" VPOS="2322" HPOS="837"/>
<String LANG="en-US" CONTENT="Daniel." HEIGHT="60" WIDTH="240" VPOS="2320" HPOS="873"/>
</TextLine>
<TextLine HEIGHT="74" WIDTH="1920" VPOS="2410" HPOS="220" STYLEREFS="StyleId-894A09CE-6EC9-4621-A9EE-55AB00E4422B-" CS="1">
<String CONTENT="The" HEIGHT="57" WIDTH="128" VPOS="2413" HPOS="220"/>
<SP HEIGHT="57" WIDTH="27" VPOS="2413" HPOS="349"/>
<String CONTENT="human" HEIGHT="57" WIDTH="232" VPOS="2413" HPOS="377"/>
<SP HEIGHT="37" WIDTH="25" VPOS="2432" HPOS="610"/>
<String CONTENT="mind" HEIGHT="58" WIDTH="173" VPOS="2412" HPOS="636"/>
<SP HEIGHT="58" WIDTH="28" VPOS="2412" HPOS="810"/>
<String CONTENT="from" HEIGHT="58" WIDTH="168" VPOS="2412" HPOS="839"/>
<SP HEIGHT="39" WIDTH="28" VPOS="2431" HPOS="1008"/>
<String CONTENT="a" HEIGHT="39" WIDTH="38" VPOS="2431" HPOS="1037"/>
<SP HEIGHT="39" WIDTH="25" VPOS="2431" HPOS="1076"/>
<String CONTENT="new" HEIGHT="39" WIDTH="136" VPOS="2431" HPOS="1102"/>
<SP HEIGHT="39" WIDTH="28" VPOS="2431" HPOS="1239"/>
<String CS="1" CONTENT="angle;" HEIGHT="73" WIDTH="180" VPOS="2411" HPOS="1268"/>
<SP HEIGHT="71" WIDTH="29" VPOS="2412" HPOS="1482"/>
<String CONTENT="late" HEIGHT="59" WIDTH="125" VPOS="2412" HPOS="1512"/>
<SP HEIGHT="58" WIDTH="28" VPOS="2412" HPOS="1638"/>
<String CONTENT="discoveries" HEIGHT="60" WIDTH="380" VPOS="2410" HPOS="1667"/>
<SP HEIGHT="58" WIDTH="26" VPOS="2412" HPOS="2048"/>
<String CONTENT="in" HEIGHT="58" WIDTH="65" VPOS="2412" HPOS="2075"/>
</TextLine>
<TextLine HEIGHT="75" WIDTH="2000" VPOS="2489" HPOS="139" STYLEREFS="StyleId-894A09CE-6EC9-4621-A9EE-55AB00E4422B-">
<String CONTENT="hypnotism," HEIGHT="73" WIDTH="381" VPOS="2490" HPOS="139"/>
<SP HEIGHT="68" WIDTH="35" VPOS="2494" HPOS="521"/>
<String CONTENT="telepathy," HEIGHT="73" WIDTH="340" VPOS="2491" HPOS="557"/>
<SP HEIGHT="55" WIDTH="35" VPOS="2509" HPOS="898"/>
<String CONTENT="psychic" HEIGHT="73" WIDTH="256" VPOS="2490" HPOS="934"/>
<SP HEIGHT="53" WIDTH="30" VPOS="2509" HPOS="1191"/>
<String CONTENT="phenomena" HEIGHT="72" WIDTH="389" VPOS="2490" HPOS="1222"/>
<SP HEIGHT="38" WIDTH="35" VPOS="2510" HPOS="1612"/>
<String CONTENT="and" HEIGHT="58" WIDTH="124" VPOS="2490" HPOS="1648"/>
<SP HEIGHT="58" WIDTH="34" VPOS="2490" HPOS="1773"/>
<String CONTENT="the" HEIGHT="59" WIDTH="103" VPOS="2489" HPOS="1808"/>
<SP HEIGHT="38" WIDTH="36" VPOS="2509" HPOS="1912"/>
<String CONTENT="mind," HEIGHT="72" WIDTH="190" VPOS="2489" HPOS="1949"/>
</TextLine>
<TextLine HEIGHT="154" WIDTH="1974" VPOS="2566" HPOS="141" STYLEREFS="StyleId-894A09CE-6EC9-4621-A9EE-55AB00E4422B-" CS="1">
<String CONTENT="conscious" HEIGHT="59" WIDTH="322" VPOS="2567" HPOS="141"/>
<SP HEIGHT="39" WIDTH="37" VPOS="2589" HPOS="464"/>
<String CONTENT="and" HEIGHT="59" WIDTH="123" VPOS="2569" HPOS="502"/>
<SP HEIGHT="57" WIDTH="36" VPOS="2569" HPOS="626"/>
<String CONTENT="subconscious." HEIGHT="58" WIDTH="454" VPOS="2568" HPOS="663"/>
<SP HEIGHT="57" WIDTH="81" VPOS="2567" HPOS="1118"/>
<String CONTENT="Denver," HEIGHT="71" WIDTH="269" VPOS="2567" HPOS="1200"/>
<SP HEIGHT="72" WIDTH="41" VPOS="2566" HPOS="1470"/>
<String CONTENT="Col.," HEIGHT="75" WIDTH="147" VPOS="2566" HPOS="1512"/>
<SP HEIGHT="73" WIDTH="39" VPOS="2568" HPOS="1660"/>
<String CONTENT="J." HEIGHT="60" WIDTH="60" VPOS="2568" HPOS="1700"/>
<SP HEIGHT="61" WIDTH="37" VPOS="2567" HPOS="1761"/>
<String CONTENT="D." HEIGHT="57" WIDTH="74" VPOS="2567" HPOS="1799"/>
<SP HEIGHT="59" WIDTH="41" VPOS="2567" HPOS="1874"/>
<String CONTENT="Schurmann," HEIGHT="154" WIDTH="1974" VPOS="2566" HPOS="141"/>
</TextLine>
<TextLine HEIGHT="57" WIDTH="188" VPOS="2647" HPOS="381" STYLEREFS="StyleId-894A09CE-6EC9-4621-A9EE-55AB00E4422B-">
<String STYLE="superscript" CONTENT="c" HEIGHT="21" WIDTH="18" VPOS="2657" HPOS="381"/>
<String CONTENT="1926." HEIGHT="57" WIDTH="165" VPOS="2647" HPOS="404"/>
</TextLine>
<TextLine HEIGHT="53" WIDTH="335" VPOS="2725" HPOS="211" CS="1">
<String CONTENT="30" HEIGHT="44" WIDTH="54" VPOS="2725" HPOS="211"/>
<SP HEIGHT="53" WIDTH="29" VPOS="2725" HPOS="266"/>
<String CONTENT="p." HEIGHT="38" WIDTH="40" VPOS="2740" HPOS="296"/>
<SP HEIGHT="42" WIDTH="57" VPOS="2726" HPOS="337"/>
<String CS="1" CONTENT="22&#189;c" HEIGHT="42" WIDTH="53" VPOS="2725" HPOS="395"/>
<String STYLE="superscript" CONTENT="m" HEIGHT="17" WIDTH="29" VPOS="2727" HPOS="501"/>
<String CONTENT="." HEIGHT="10" WIDTH="9" VPOS="2758" HPOS="537"/>
</TextLine>
<TextLine HEIGHT="56" WIDTH="1798" VPOS="2778" HPOS="140" CS="1">
<String CONTENT="&#169;" HEIGHT="54" WIDTH="56" VPOS="2779" HPOS="140"/>
<SP HEIGHT="55" WIDTH="25" VPOS="2779" HPOS="197"/>
<String CONTENT="Jan." HEIGHT="52" WIDTH="99" VPOS="2782" HPOS="223"/>
<SP HEIGHT="43" WIDTH="26" VPOS="2782" HPOS="323"/>
<String CONTENT="22," HEIGHT="50" WIDTH="67" VPOS="2782" HPOS="350"/>
<SP HEIGHT="49" WIDTH="33" VPOS="2783" HPOS="418"/>
<String CS="1" CONTENT="1926;" HEIGHT="44" WIDTH="107" VPOS="2781" HPOS="452"/>
<SP HEIGHT="51" WIDTH="30" VPOS="2782" HPOS="583"/>
<String CONTENT="2c." HEIGHT="42" WIDTH="65" VPOS="2782" HPOS="614"/>
<SP HEIGHT="28" WIDTH="30" VPOS="2796" HPOS="680"/>
<String CONTENT="and" HEIGHT="43" WIDTH="88" VPOS="2781" HPOS="711"/>
<SP HEIGHT="43" WIDTH="27" VPOS="2781" HPOS="800"/>
<String CONTENT="aff." HEIGHT="43" WIDTH="78" VPOS="2782" HPOS="828"/>
<SP HEIGHT="53" WIDTH="30" VPOS="2781" HPOS="907"/>
<String CONTENT="Jan." HEIGHT="53" WIDTH="99" VPOS="2781" HPOS="938"/>
<SP HEIGHT="43" WIDTH="27" VPOS="2781" HPOS="1038"/>
<String CONTENT="26;" HEIGHT="53" WIDTH="79" VPOS="2780" HPOS="1066"/>
<SP HEIGHT="52" WIDTH="32" VPOS="2781" HPOS="1146"/>
<!-- cceid FACCF33A-6E1A-1014-9B7B-CA07F191E62B --><String CONTENT="A" HEIGHT="43" WIDTH="43" VPOS="2781" HPOS="1179"/>
<SP HEIGHT="44" WIDTH="30" VPOS="2780" HPOS="1223"/>
<String CS="1" CONTENT="882307;" HEIGHT="46" WIDTH="165" VPOS="2778" HPOS="1254"/>
<SP HEIGHT="52" WIDTH="32" VPOS="2781" HPOS="1445"/>
<String CONTENT="J." HEIGHT="52" WIDTH="40" VPOS="2781" HPOS="1478"/>
<SP HEIGHT="43" WIDTH="31" VPOS="2781" HPOS="1519"/>
<String CONTENT="D." HEIGHT="44" WIDTH="57" VPOS="2781" HPOS="1551"/>
<SP HEIGHT="47" WIDTH="33" VPOS="2779" HPOS="1609"/>
<String LANG="de" CONTENT="Schurmann." HEIGHT="47" WIDTH="295" VPOS="2779" HPOS="1643"/>
</TextLine>
<TextLine HEIGHT="56" WIDTH="242" VPOS="2836" HPOS="221">
<String CONTENT="(26-2778)" HEIGHT="56" WIDTH="242" VPOS="2836" HPOS="221"/>
</TextLine>
<TextLine HEIGHT="74" WIDTH="1282" VPOS="2920" HPOS="143" STYLEREFS="StyleId-8B4E7347-D284-4A41-8C7D-C26D6D5E2DC7-">
<String CONTENT="Selvidge," HEIGHT="74" WIDTH="310" VPOS="2920" HPOS="143"/>
<SP HEIGHT="69" WIDTH="38" VPOS="2922" HPOS="454"/>
<String CONTENT="Robert" HEIGHT="60" WIDTH="235" VPOS="2920" HPOS="493"/>
<SP HEIGHT="59" WIDTH="31" VPOS="2920" HPOS="729"/>
<String CONTENT="Washington," HEIGHT="73" WIDTH="436" VPOS="2920" HPOS="761"/>
<SP HEIGHT="68" WIDTH="37" VPOS="2925" HPOS="1198"/>
<String CONTENT="1872-" HEIGHT="58" WIDTH="189" VPOS="2922" HPOS="1236"/>
</TextLine>
<TextLine HEIGHT="77" WIDTH="1848" VPOS="3009" HPOS="287" STYLEREFS="StyleId-894A09CE-6EC9-4621-A9EE-55AB00E4422B-" CS="1">
<String CS="1" CONTENT="&#8230;"/>
<SP HEIGHT="57" WIDTH="31" VPOS="3014" HPOS="287"/>
<String CONTENT="Blacksmithing;" HEIGHT="76" WIDTH="526" VPOS="3010" HPOS="319"/>
<SP HEIGHT="50" WIDTH="27" VPOS="3035" HPOS="846"/>
<String CONTENT="a" HEIGHT="37" WIDTH="36" VPOS="3035" HPOS="874"/>
<SP HEIGHT="39" WIDTH="23" VPOS="3033" HPOS="911"/>
<String CONTENT="manual" HEIGHT="57" WIDTH="255" VPOS="3014" HPOS="935"/>
<SP HEIGHT="57" WIDTH="23" VPOS="3014" HPOS="1191"/>
<String CONTENT="for" HEIGHT="57" WIDTH="103" VPOS="3014" HPOS="1215"/>
<SP HEIGHT="37" WIDTH="25" VPOS="3033" HPOS="1319"/>
<String CONTENT="use" HEIGHT="39" WIDTH="110" VPOS="3033" HPOS="1345"/>
<SP HEIGHT="63" WIDTH="24" VPOS="3009" HPOS="1456"/>
<String CONTENT="in" HEIGHT="60" WIDTH="64" VPOS="3009" HPOS="1481"/>
<SP HEIGHT="38" WIDTH="27" VPOS="3032" HPOS="1546"/>
<String CONTENT="school" HEIGHT="57" WIDTH="208" VPOS="3013" HPOS="1574"/>
<SP HEIGHT="57" WIDTH="27" VPOS="3014" HPOS="1783"/>
<String CONTENT="and" HEIGHT="57" WIDTH="123" VPOS="3014" HPOS="1811"/>
<SP HEIGHT="57" WIDTH="25" VPOS="3014" HPOS="1935"/>
<String CONTENT="shop," HEIGHT="69" WIDTH="174" VPOS="3013" HPOS="1961"/>
</TextLine>
<TextLine HEIGHT="75" WIDTH="1993" VPOS="3088" HPOS="142" STYLEREFS="StyleId-894A09CE-6EC9-4621-A9EE-55AB00E4422B-" CS="1">
<String CONTENT="by" HEIGHT="70" WIDTH="82" VPOS="3093" HPOS="142"/>
<SP HEIGHT="70" WIDTH="33" VPOS="3093" HPOS="225"/>
<String LANG="fr" CONTENT="R." HEIGHT="55" WIDTH="73" VPOS="3093" HPOS="259"/>
<SP HEIGHT="58" WIDTH="35" VPOS="3091" HPOS="333"/>
<String CONTENT="W." HEIGHT="58" WIDTH="96" VPOS="3091" HPOS="369"/>
<SP HEIGHT="57" WIDTH="38" VPOS="3092" HPOS="466"/>
<String CONTENT="Selvidge" HEIGHT="72" WIDTH="290" VPOS="3091" HPOS="505"/>
<SP HEIGHT="38" WIDTH="44" VPOS="3112" HPOS="796"/>
<String CS="1" CONTENT="&#8230;"/>
<SP HEIGHT="38" WIDTH="42" VPOS="3113" HPOS="903"/>
<String CONTENT="and" HEIGHT="58" WIDTH="121" VPOS="3093" HPOS="946"/>
<SP HEIGHT="58" WIDTH="37" VPOS="3092" HPOS="1068"/>
<String CONTENT="J." HEIGHT="58" WIDTH="60" VPOS="3092" HPOS="1106"/>
<SP HEIGHT="57" WIDTH="39" VPOS="3091" HPOS="1167"/>
<String CONTENT="M." HEIGHT="57" WIDTH="82" VPOS="3091" HPOS="1207"/>
<SP HEIGHT="56" WIDTH="38" VPOS="3091" HPOS="1290"/>
<String CONTENT="Allton" HEIGHT="59" WIDTH="216" VPOS="3090" HPOS="1329"/>
<SP HEIGHT="38" WIDTH="38" VPOS="3110" HPOS="1546"/>
<String CS="1" CONTENT="&#8230;"/>
<SP HEIGHT="58" WIDTH="85" VPOS="3090" HPOS="1648"/>
<String CONTENT="Peoria," HEIGHT="71" WIDTH="247" VPOS="3088" HPOS="1734"/>
<SP HEIGHT="70" WIDTH="35" VPOS="3089" HPOS="1982"/>
<String CONTENT="Ill.," HEIGHT="71" WIDTH="117" VPOS="3089" HPOS="2018"/>
</TextLine>
<TextLine HEIGHT="74" WIDTH="1013" VPOS="3168" HPOS="146" STYLEREFS="StyleId-894A09CE-6EC9-4621-A9EE-55AB00E4422B-">
<String CONTENT="The" HEIGHT="57" WIDTH="128" VPOS="3170" HPOS="146"/>
<SP HEIGHT="59" WIDTH="24" VPOS="3168" HPOS="275"/>
<String CONTENT="Manual" HEIGHT="58" WIDTH="259" VPOS="3168" HPOS="300"/>
<SP HEIGHT="56" WIDTH="24" VPOS="3170" HPOS="560"/>
<String CONTENT="arts" HEIGHT="56" WIDTH="133" VPOS="3170" HPOS="585"/>
<SP HEIGHT="55" WIDTH="24" VPOS="3186" HPOS="719"/>
<String CONTENT="press" HEIGHT="55" WIDTH="182" VPOS="3186" HPOS="744"/>
<SP HEIGHT="54" WIDTH="31" VPOS="3188" HPOS="927"/>
<String CONTENT="[" HEIGHT="44" WIDTH="13" VPOS="3198" HPOS="959"/>
<String STYLE="superscript" CONTENT="c" HEIGHT="21" WIDTH="20" VPOS="3177" HPOS="971"/>
<String CONTENT="1925]" HEIGHT="72" WIDTH="164" VPOS="3169" HPOS="995"/>
</TextLine>
<TextLine HEIGHT="54" WIDTH="1799" VPOS="3244" HPOS="215" CS="1">
<String CONTENT="156" HEIGHT="45" WIDTH="78" VPOS="3246" HPOS="215"/>
<SP HEIGHT="50" WIDTH="28" VPOS="3248" HPOS="294"/>
<String CONTENT="p." HEIGHT="38" WIDTH="41" VPOS="3260" HPOS="323"/>
<SP HEIGHT="45" WIDTH="59" VPOS="3244" HPOS="365"/>
<String CONTENT="illus." HEIGHT="45" WIDTH="119" VPOS="3244" HPOS="425"/>
<SP HEIGHT="43" WIDTH="57" VPOS="3246" HPOS="545"/>
<String CS="1" CONTENT="23&#189;cm." HEIGHT="45" WIDTH="152" VPOS="3246" HPOS="603"/>
<SP HEIGHT="51" WIDTH="65" VPOS="3247" HPOS="756"/>
<String CONTENT="(The" HEIGHT="51" WIDTH="126" VPOS="3247" HPOS="822"/>
<SP HEIGHT="47" WIDTH="31" VPOS="3247" HPOS="949"/>
<String CONTENT="Selvidge" HEIGHT="53" WIDTH="214" VPOS="3245" HPOS="981"/>
<SP HEIGHT="30" WIDTH="29" VPOS="3262" HPOS="1196"/>
<String CONTENT="series" HEIGHT="47" WIDTH="138" VPOS="3245" HPOS="1226"/>
<SP HEIGHT="30" WIDTH="31" VPOS="3261" HPOS="1365"/>
<String CONTENT="of" HEIGHT="44" WIDTH="53" VPOS="3247" HPOS="1397"/>
<SP HEIGHT="42" WIDTH="27" VPOS="3247" HPOS="1451"/>
<String CONTENT="instruction" HEIGHT="46" WIDTH="273" VPOS="3245" HPOS="1479"/>
<SP HEIGHT="29" WIDTH="29" VPOS="3260" HPOS="1753"/>
<String CONTENT="manuals)" HEIGHT="51" WIDTH="231" VPOS="3245" HPOS="1783"/>
</TextLine>
<TextLine HEIGHT="47" WIDTH="592" VPOS="3302" HPOS="213">
<String CONTENT="Contains" HEIGHT="46" WIDTH="217" VPOS="3302" HPOS="213"/>
<SP HEIGHT="45" WIDTH="31" VPOS="3303" HPOS="431"/>
<String CONTENT="&#8220;References&#8221;." HEIGHT="47" WIDTH="342" VPOS="3302" HPOS="463"/>
</TextLine>
<TextLine HEIGHT="56" WIDTH="1825" VPOS="3353" HPOS="142">
<String CONTENT="&#169;" HEIGHT="55" WIDTH="53" VPOS="3353" HPOS="142"/>
<SP HEIGHT="55" WIDTH="28" VPOS="3353" HPOS="196"/>
<String CONTENT="Jan." HEIGHT="51" WIDTH="99" VPOS="3357" HPOS="225"/>
<SP HEIGHT="42" WIDTH="33" VPOS="3358" HPOS="325"/>
<String CONTENT="13," HEIGHT="50" WIDTH="63" VPOS="3357" HPOS="359"/>
<SP HEIGHT="50" WIDTH="32" VPOS="3357" HPOS="423"/>
<String CONTENT="1926;" HEIGHT="52" WIDTH="129" VPOS="3356" HPOS="456"/>
<SP HEIGHT="52" WIDTH="29" VPOS="3356" HPOS="586"/>
<String CONTENT="2c." HEIGHT="44" WIDTH="65" VPOS="3356" HPOS="616"/>
<SP HEIGHT="29" WIDTH="28" VPOS="3371" HPOS="682"/>
<String CONTENT="and" HEIGHT="43" WIDTH="88" VPOS="3357" HPOS="711"/>
<SP HEIGHT="43" WIDTH="27" VPOS="3357" HPOS="800"/>
<String CONTENT="aff." HEIGHT="42" WIDTH="79" VPOS="3357" HPOS="828"/>
<SP HEIGHT="52" WIDTH="30" VPOS="3357" HPOS="908"/>
<String CONTENT="Jan." HEIGHT="52" WIDTH="99" VPOS="3357" HPOS="939"/>
<SP HEIGHT="42" WIDTH="33" VPOS="3357" HPOS="1039"/>
<String CONTENT="16;" HEIGHT="52" WIDTH="75" VPOS="3356" HPOS="1073"/>
<SP HEIGHT="52" WIDTH="31" VPOS="3356" HPOS="1149"/>
<!-- cceid FACD8617-6E1A-1014-9B7B-CA07F191E62B --><String CONTENT="A" HEIGHT="43" WIDTH="44" VPOS="3356" HPOS="1181"/>
<SP HEIGHT="46" WIDTH="29" VPOS="3356" HPOS="1226"/>
<String CONTENT="879283;" HEIGHT="53" WIDTH="189" VPOS="3355" HPOS="1256"/>
<SP HEIGHT="52" WIDTH="32" VPOS="3356" HPOS="1446"/>
<String CONTENT="Manual" HEIGHT="44" WIDTH="190" VPOS="3355" HPOS="1479"/>
<SP HEIGHT="44" WIDTH="30" VPOS="3355" HPOS="1670"/>
<String CONTENT="arts" HEIGHT="37" WIDTH="94" VPOS="3362" HPOS="1701"/>
<SP HEIGHT="39" WIDTH="31" VPOS="3369" HPOS="1796"/>
<String CONTENT="press." HEIGHT="40" WIDTH="139" VPOS="3368" HPOS="1828"/>
</TextLine>
<TextLine HEIGHT="55" WIDTH="241" VPOS="3412" HPOS="220">
<String CONTENT="(26-2436)" HEIGHT="55" WIDTH="241" VPOS="3412" HPOS="220"/>
</TextLine>
<TextLine HEIGHT="74" WIDTH="874" VPOS="3495" HPOS="144" STYLEREFS="StyleId-8B4E7347-D284-4A41-8C7D-C26D6D5E2DC7-">
<String CONTENT="Sims," HEIGHT="73" WIDTH="182" VPOS="3495" HPOS="144"/>
<SP HEIGHT="72" WIDTH="39" VPOS="3496" HPOS="327"/>
<String CONTENT="John" HEIGHT="58" WIDTH="170" VPOS="3496" HPOS="367"/>
<SP HEIGHT="59" WIDTH="32" VPOS="3497" HPOS="538"/>
<String CONTENT="Green," HEIGHT="72" WIDTH="218" VPOS="3497" HPOS="571"/>
<SP HEIGHT="70" WIDTH="37" VPOS="3499" HPOS="790"/>
<String CONTENT="1879-" HEIGHT="57" WIDTH="190" VPOS="3499" HPOS="828"/>
</TextLine>
<TextLine HEIGHT="76" WIDTH="1912" VPOS="3585" HPOS="219" STYLEREFS="StyleId-894A09CE-6EC9-4621-A9EE-55AB00E4422B-">
<String CONTENT="An" HEIGHT="56" WIDTH="101" VPOS="3590" HPOS="219"/>
<SP HEIGHT="38" WIDTH="45" VPOS="3608" HPOS="321"/>
<String CONTENT="outline" HEIGHT="60" WIDTH="233" VPOS="3587" HPOS="367"/>
<SP HEIGHT="57" WIDTH="44" VPOS="3590" HPOS="601"/>
<String CONTENT="for" HEIGHT="58" WIDTH="103" VPOS="3590" HPOS="646"/>
<SP HEIGHT="38" WIDTH="47" VPOS="3609" HPOS="750"/>
<String CONTENT="self" HEIGHT="58" WIDTH="118" VPOS="3589" HPOS="798"/>
<SP HEIGHT="57" WIDTH="46" VPOS="3590" HPOS="917"/>
<String CONTENT="education," HEIGHT="74" WIDTH="346" VPOS="3587" HPOS="964"/>
<SP HEIGHT="71" WIDTH="44" VPOS="3590" HPOS="1311"/>
<String CONTENT="by" HEIGHT="71" WIDTH="82" VPOS="3590" HPOS="1356"/>
<SP HEIGHT="72" WIDTH="44" VPOS="3589" HPOS="1439"/>
<String CONTENT="John" HEIGHT="58" WIDTH="170" VPOS="3589" HPOS="1484"/>
<SP HEIGHT="59" WIDTH="46" VPOS="3587" HPOS="1655"/>
<String CONTENT="G." HEIGHT="59" WIDTH="70" VPOS="3587" HPOS="1702"/>
<SP HEIGHT="59" WIDTH="49" VPOS="3587" HPOS="1773"/>
<String CONTENT="Sims," HEIGHT="71" WIDTH="184" VPOS="3585" HPOS="1823"/>
<SP HEIGHT="73" WIDTH="44" VPOS="3586" HPOS="2008"/>
<String CONTENT="jr." HEIGHT="73" WIDTH="78" VPOS="3586" HPOS="2053"/>
</TextLine>
<TextLine HEIGHT="72" WIDTH="1792" VPOS="3665" HPOS="162" STYLEREFS="StyleId-894A09CE-6EC9-4621-A9EE-55AB00E4422B-" CS="1">
<String CS="1" CONTENT="[Fort" HEIGHT="59" WIDTH="156" VPOS="3666" HPOS="162"/>
<SP HEIGHT="59" WIDTH="24" VPOS="3666" HPOS="319"/>
<String CONTENT="Worth," HEIGHT="71" WIDTH="244" VPOS="3665" HPOS="344"/>
<SP HEIGHT="69" WIDTH="26" VPOS="3667" HPOS="589"/>
<String CONTENT="Tex.," HEIGHT="70" WIDTH="165" VPOS="3667" HPOS="616"/>
<SP HEIGHT="71" WIDTH="23" VPOS="3666" HPOS="782"/>
<String CONTENT="Bunker" HEIGHT="59" WIDTH="253" VPOS="3666" HPOS="806"/>
<SP HEIGHT="52" WIDTH="24" VPOS="3685" HPOS="1060"/>
<String CONTENT="printing" HEIGHT="71" WIDTH="287" VPOS="3666" HPOS="1085"/>
<SP HEIGHT="71" WIDTH="22" VPOS="3666" HPOS="1373"/>
<String CONTENT="&amp;" HEIGHT="57" WIDTH="47" VPOS="3666" HPOS="1396"/>
<SP HEIGHT="58" WIDTH="23" VPOS="3666" HPOS="1444"/>
<String CONTENT="book" HEIGHT="59" WIDTH="160" VPOS="3665" HPOS="1468"/>
<SP HEIGHT="58" WIDTH="23" VPOS="3665" HPOS="1629"/>
<String CONTENT="co.," HEIGHT="53" WIDTH="105" VPOS="3684" HPOS="1653"/>
<SP HEIGHT="66" WIDTH="23" VPOS="3671" HPOS="1759"/>
<String STYLE="superscript" CONTENT="c" HEIGHT="22" WIDTH="18" VPOS="3671" HPOS="1783"/>
<String CS="1" CONTENT="1926]" HEIGHT="56" WIDTH="148" VPOS="3665" HPOS="1806"/>
</TextLine>
<TextLine HEIGHT="51" WIDTH="356" VPOS="3743" HPOS="216" STYLEREFS="StyleId-894A09CE-6EC9-4621-A9EE-55AB00E4422B-" CS="1">
<String CONTENT="169" HEIGHT="45" WIDTH="78" VPOS="3743" HPOS="216"/>
<SP HEIGHT="49" WIDTH="26" VPOS="3745" HPOS="295"/>
<String CONTENT="p." HEIGHT="37" WIDTH="40" VPOS="3757" HPOS="322"/>
<SP HEIGHT="42" WIDTH="61" VPOS="3744" HPOS="363"/>
<String CS="1" CONTENT="19&#189;" HEIGHT="44" WIDTH="49" VPOS="3744" HPOS="425"/>
<String STYLE="superscript" CONTENT="cm" HEIGHT="18" WIDTH="48" VPOS="3746" HPOS="509"/>
<String CONTENT="." HEIGHT="10" WIDTH="11" VPOS="3778" HPOS="561"/>
</TextLine>
<TextLine HEIGHT="57" WIDTH="1990" VPOS="3793" HPOS="144" CS="1">
<String CONTENT="&#169;" HEIGHT="56" WIDTH="53" VPOS="3793" HPOS="144"/>
<SP HEIGHT="56" WIDTH="20" VPOS="3793" HPOS="198"/>
<String CONTENT="Jan." HEIGHT="52" WIDTH="99" VPOS="3797" HPOS="219"/>
<SP HEIGHT="43" WIDTH="25" VPOS="3798" HPOS="319"/>
<String CONTENT="12," HEIGHT="53" WIDTH="63" VPOS="3796" HPOS="345"/>
<SP HEIGHT="51" WIDTH="26" VPOS="3798" HPOS="409"/>
<String CS="1" CONTENT="1926;" HEIGHT="44" WIDTH="106" VPOS="3796" HPOS="436"/>
<SP HEIGHT="51" WIDTH="24" VPOS="3797" HPOS="566"/>
<String CONTENT="2c." HEIGHT="44" WIDTH="64" VPOS="3797" HPOS="591"/>
<SP HEIGHT="31" WIDTH="26" VPOS="3810" HPOS="656"/>
<String CONTENT="and" HEIGHT="44" WIDTH="87" VPOS="3797" HPOS="683"/>
<SP HEIGHT="44" WIDTH="18" VPOS="3797" HPOS="771"/>
<String CONTENT="aff." HEIGHT="44" WIDTH="80" VPOS="3797" HPOS="790"/>
<SP HEIGHT="53" WIDTH="24" VPOS="3797" HPOS="871"/>
<String CONTENT="Jan." HEIGHT="53" WIDTH="98" VPOS="3797" HPOS="896"/>
<SP HEIGHT="43" WIDTH="23" VPOS="3798" HPOS="995"/>
<String CS="1" CONTENT="22;" HEIGHT="43" WIDTH="53" VPOS="3797" HPOS="1019"/>
<SP HEIGHT="54" WIDTH="23" VPOS="3796" HPOS="1099"/>
<!-- cceid FACE1B3E-6E1A-1014-9B7B-CA07F191E62B --><String CONTENT="A" HEIGHT="44" WIDTH="45" VPOS="3796" HPOS="1123"/>
<SP HEIGHT="44" WIDTH="23" VPOS="3796" HPOS="1169"/>
<String CS="1" CONTENT="883001;" HEIGHT="46" WIDTH="161" VPOS="3795" HPOS="1193"/>
<SP HEIGHT="53" WIDTH="25" VPOS="3796" HPOS="1382"/>
<String CONTENT="J." HEIGHT="53" WIDTH="41" VPOS="3796" HPOS="1408"/>
<SP HEIGHT="47" WIDTH="24" VPOS="3795" HPOS="1450"/>
<String CONTENT="G." HEIGHT="47" WIDTH="52" VPOS="3795" HPOS="1475"/>
<SP HEIGHT="49" WIDTH="27" VPOS="3794" HPOS="1528"/>
<String CONTENT="Sims," HEIGHT="56" WIDTH="137" VPOS="3794" HPOS="1556"/>
<SP HEIGHT="55" WIDTH="22" VPOS="3795" HPOS="1694"/>
<String CONTENT="jr.," HEIGHT="54" WIDTH="72" VPOS="3795" HPOS="1717"/>
<SP HEIGHT="55" WIDTH="24" VPOS="3794" HPOS="1790"/>
<String CONTENT="Fort" HEIGHT="46" WIDTH="115" VPOS="3794" HPOS="1815"/>
<SP HEIGHT="45" WIDTH="21" VPOS="3795" HPOS="1931"/>
<String CONTENT="Worth," HEIGHT="55" WIDTH="181" VPOS="3793" HPOS="1953"/>
</TextLine>
<TextLine HEIGHT="55" WIDTH="426" VPOS="3852" HPOS="211">
<String CONTENT="Tex." HEIGHT="45" WIDTH="115" VPOS="3852" HPOS="211"/>
<SP HEIGHT="53" WIDTH="66" VPOS="3854" HPOS="327"/>
<String CONTENT="(26-2899)" HEIGHT="54" WIDTH="243" VPOS="3853" HPOS="394"/>
</TextLine>
</TextBlock>
</PrintSpace>
</Page>
</Layout>
</alto>