<alto xmlns="http://www.loc.gov/standards/alto/ns-v3#" xmlns:xlink="http://www.w3.org/1999/xlink" xmlns:xsi="http://www.w3.org/2001/XMLSchema-instance" xsi:schemaLocation="http://www.loc.gov/standards/alto/ns-v3# http://www.loc.gov/alto/v3/alto-3-0.xsd"><Description>
<MeasurementUnit>pixel</MeasurementUnit>
<sourceImageInformation>
<fileName>1926_v23_Part001.pdf</fileName>
</sourceImageInformation>
<OCRProcessing ID="IdOcr">
<ocrProcessingStep>
<processingDateTime>2019-04-10</processingDateTime>
<processingSoftware>
<softwareCreator>ABBYY</softwareCreator>
<softwareName>ABBYY Recognition Server</softwareName>
<softwareVersion>4.0</softwareVersion>
</processingSoftware>
</ocrProcessingStep>
</OCRProcessing>
</Description>
<Styles>
<ParagraphStyle ID="StyleId-FFFFFFFF-FFFF-FFFF-FFFF-FFFFFFFFFFFF-" ALIGN="Left" LEFT="0." RIGHT="0." FIRSTLINE="0."/>
<ParagraphStyle ID="StyleId-22C3EA86-D171-42E2-A7D2-9A866F7D91F9-" ALIGN="Left" LEFT="0." RIGHT="0." FIRSTLINE="0." LINESPACE="8.300000191"/>
<ParagraphStyle ID="StyleId-E3FA4CC6-F5E5-41CA-B4C4-90085BF71B6C-" ALIGN="Block" LEFT="0." RIGHT="0." FIRSTLINE="-14." LINESPACE="8.050000191"/>
<ParagraphStyle ID="StyleId-41118DB3-028A-4115-95B3-BB512DD0EDAE-" ALIGN="Left" LEFT="0." RIGHT="0." FIRSTLINE="-13." LINESPACE="13.30000019"/>
<ParagraphStyle ID="StyleId-A2FB4C2B-BF87-45AD-9689-33B0118FBFC1-" ALIGN="Block" LEFT="0." RIGHT="0." FIRSTLINE="-14." LINESPACE="11.06999969"/>
<ParagraphStyle ID="StyleId-BBBA7B5D-FE2B-4BC7-AC7D-F142900C21B8-" ALIGN="Block" LEFT="0." RIGHT="0." FIRSTLINE="0." LINESPACE="8.899999619"/>
<ParagraphStyle ID="StyleId-3CEA3EEE-4341-4E33-9EF0-A9438AB90A9B-" ALIGN="Center" LEFT="0." RIGHT="0." FIRSTLINE="0." LINESPACE="12.19999981"/>
<ParagraphStyle ID="StyleId-817955BE-3120-4B53-BBD3-920BAE733BFF-" ALIGN="Left" LEFT="0." RIGHT="0." FIRSTLINE="0." LINESPACE="12.19999981"/>
<ParagraphStyle ID="StyleId-456A266C-F799-486A-ACB1-75B61E9815AB-" ALIGN="Left" LEFT="0." RIGHT="0." FIRSTLINE="-13." LINESPACE="8.18999958"/>
<ParagraphStyle ID="StyleId-6A1E9ED6-E5EA-4E31-BD5A-88089B8D7134-" ALIGN="Right" LEFT="0." RIGHT="0." FIRSTLINE="0." LINESPACE="7.699999809"/>
<ParagraphStyle ID="StyleId-C11ABF73-04BC-4F6E-B7E4-01FCA3A26756-" ALIGN="Left" LEFT="0." RIGHT="0." FIRSTLINE="-13." LINESPACE="12.19999981"/>
<ParagraphStyle ID="StyleId-662CF6CF-DB5F-40BE-AD24-E877ED82DD6F-" ALIGN="Block" LEFT="0." RIGHT="0." FIRSTLINE="-14." LINESPACE="11.06999969"/>
<ParagraphStyle ID="StyleId-9361006B-74B5-41BD-BFD3-03318AD64910-" ALIGN="Left" LEFT="0." RIGHT="0." FIRSTLINE="0." LINESPACE="8.899999619"/>
</Styles>
<Layout>
<Page ID="Page211" PHYSICAL_IMG_NR="211" HEIGHT="4285" WIDTH="2542">
<TopMargin HEIGHT="360" WIDTH="2542" VPOS="0" HPOS="0">
</TopMargin>
<LeftMargin HEIGHT="3597" WIDTH="32" VPOS="360" HPOS="0">
</LeftMargin>
<RightMargin HEIGHT="3597" WIDTH="476" VPOS="360" HPOS="2066">
</RightMargin>
<BottomMargin HEIGHT="328" WIDTH="2542" VPOS="3957" HPOS="0">
<TextBlock ID="Page211_Block1" HEIGHT="65" WIDTH="2034" VPOS="3997" HPOS="32" STYLEREFS="StyleId-994032A9-A19A-4509-AB71-0E133B19E7D9-" LANG="en-US" CS="1">
</TextBlock>
</BottomMargin>
<PrintSpace HEIGHT="3597" WIDTH="2034" VPOS="360" HPOS="32">
<TextBlock ID="Page211_Block2" HEIGHT="3597" WIDTH="2034" VPOS="360" HPOS="32" STYLEREFS="StyleId-C5994D3F-B463-44FF-8BE8-24762964D907-" LANG="en-US" CS="1">
<TextLine HEIGHT="0" WIDTH="0" VPOS="0" HPOS="0" STYLEREFS="StyleId-A8A02817-FAB6-4189-96BA-82453A77E4D9-" CS="1">
<String CS="1" CONTENT="211"/>
</TextLine>
<TextLine HEIGHT="74" WIDTH="1145" VPOS="371" HPOS="76" STYLEREFS="StyleId-A8A02817-FAB6-4189-96BA-82453A77E4D9-">
<String CONTENT="Bridgman," HEIGHT="74" WIDTH="359" VPOS="371" HPOS="76"/>
<SP HEIGHT="69" WIDTH="32" VPOS="375" HPOS="436"/>
<String CONTENT="Mrs." HEIGHT="55" WIDTH="149" VPOS="375" HPOS="469"/>
<SP HEIGHT="56" WIDTH="37" VPOS="373" HPOS="619"/>
<String CONTENT="Helen" HEIGHT="58" WIDTH="197" VPOS="371" HPOS="657"/>
<SP HEIGHT="72" WIDTH="38" VPOS="373" HPOS="855"/>
<String CONTENT="(Bartlett)" HEIGHT="74" WIDTH="327" VPOS="371" HPOS="894"/>
</TextLine>
<TextLine HEIGHT="75" WIDTH="1899" VPOS="463" HPOS="155">
<String CONTENT="The" HEIGHT="57" WIDTH="127" VPOS="465" HPOS="155"/>
<SP HEIGHT="57" WIDTH="35" VPOS="465" HPOS="283"/>
<String CONTENT="last" HEIGHT="57" WIDTH="125" VPOS="465" HPOS="319"/>
<SP HEIGHT="67" WIDTH="34" VPOS="468" HPOS="445"/>
<String CONTENT="passion," HEIGHT="72" WIDTH="273" VPOS="463" HPOS="480"/>
<SP HEIGHT="67" WIDTH="38" VPOS="466" HPOS="754"/>
<String CONTENT="by" HEIGHT="71" WIDTH="82" VPOS="466" HPOS="793"/>
<SP HEIGHT="72" WIDTH="35" VPOS="465" HPOS="876"/>
<String CONTENT="Helen" HEIGHT="57" WIDTH="200" VPOS="464" HPOS="912"/>
<SP HEIGHT="56" WIDTH="36" VPOS="465" HPOS="1113"/>
<String CONTENT="Bartlett" HEIGHT="58" WIDTH="276" VPOS="465" HPOS="1150"/>
<SP HEIGHT="56" WIDTH="36" VPOS="467" HPOS="1427"/>
<String CONTENT="Bridgman." HEIGHT="75" WIDTH="362" VPOS="463" HPOS="1464"/>
<SP HEIGHT="56" WIDTH="77" VPOS="468" HPOS="1827"/>
<String CONTENT="New" HEIGHT="57" WIDTH="149" VPOS="468" HPOS="1905"/>
</TextLine>
<TextLine HEIGHT="76" WIDTH="1426" VPOS="539" HPOS="76">
<String CONTENT="York," HEIGHT="71" WIDTH="186" VPOS="541" HPOS="76"/>
<SP HEIGHT="70" WIDTH="29" VPOS="542" HPOS="263"/>
<String CONTENT="Cloister" HEIGHT="59" WIDTH="265" VPOS="542" HPOS="293"/>
<SP HEIGHT="52" WIDTH="25" VPOS="562" HPOS="559"/>
<String CONTENT="publishing" HEIGHT="76" WIDTH="359" VPOS="539" HPOS="585"/>
<SP HEIGHT="52" WIDTH="25" VPOS="563" HPOS="945"/>
<String CONTENT="company" HEIGHT="55" WIDTH="303" VPOS="560" HPOS="971"/>
<SP HEIGHT="52" WIDTH="26" VPOS="563" HPOS="1275"/>
<String CONTENT="[" HEIGHT="43" WIDTH="13" VPOS="572" HPOS="1302"/>
<String STYLE="superscript" CONTENT="c" HEIGHT="22" WIDTH="20" VPOS="549" HPOS="1314"/>
<String CONTENT="1925]" HEIGHT="72" WIDTH="164" VPOS="543" HPOS="1338"/>
</TextLine>
<TextLine HEIGHT="52" WIDTH="363" VPOS="633" HPOS="141" STYLEREFS="StyleId-7118069C-B1A5-4575-95E2-C4A3C8C83F36-" CS="1">
<String CONTENT="223" HEIGHT="43" WIDTH="82" VPOS="633" HPOS="141"/>
<SP HEIGHT="52" WIDTH="26" VPOS="633" HPOS="224"/>
<String CONTENT="p." HEIGHT="38" WIDTH="42" VPOS="647" HPOS="251"/>
<SP HEIGHT="48" WIDTH="64" VPOS="633" HPOS="294"/>
<String CS="1" CONTENT="19&#189;"/>
<String STYLE="superscript" CONTENT="cm" HEIGHT="18" WIDTH="47" VPOS="634" HPOS="442"/>
<String CONTENT="." HEIGHT="9" WIDTH="10" VPOS="668" HPOS="494"/>
</TextLine>
<TextLine HEIGHT="55" WIDTH="1977" VPOS="699" HPOS="72" STYLEREFS="StyleId-7118069C-B1A5-4575-95E2-C4A3C8C83F36-">
<String CONTENT="&#169;" HEIGHT="53" WIDTH="52" VPOS="699" HPOS="72"/>
<SP HEIGHT="53" WIDTH="27" VPOS="699" HPOS="125"/>
<String CONTENT="Oct" HEIGHT="43" WIDTH="99" VPOS="701" HPOS="153"/>
<SP HEIGHT="42" WIDTH="31" VPOS="702" HPOS="253"/>
<String CONTENT="17," HEIGHT="53" WIDTH="62" VPOS="699" HPOS="285"/>
<SP HEIGHT="51" WIDTH="28" VPOS="701" HPOS="348"/>
<String CONTENT="1925;" HEIGHT="52" WIDTH="128" VPOS="699" HPOS="377"/>
<SP HEIGHT="51" WIDTH="27" VPOS="700" HPOS="506"/>
<String CONTENT="2c." HEIGHT="43" WIDTH="63" VPOS="700" HPOS="534"/>
<SP HEIGHT="40" WIDTH="27" VPOS="701" HPOS="598"/>
<String CONTENT="Dec." HEIGHT="42" WIDTH="107" VPOS="701" HPOS="626"/>
<SP HEIGHT="42" WIDTH="27" VPOS="701" HPOS="734"/>
<String CONTENT="9;" HEIGHT="51" WIDTH="48" VPOS="701" HPOS="762"/>
<SP HEIGHT="37" WIDTH="30" VPOS="715" HPOS="811"/>
<String CONTENT="aff." HEIGHT="42" WIDTH="77" VPOS="701" HPOS="842"/>
<SP HEIGHT="42" WIDTH="28" VPOS="701" HPOS="920"/>
<String CONTENT="Mar." HEIGHT="42" WIDTH="118" VPOS="701" HPOS="949"/>
<SP HEIGHT="42" WIDTH="25" VPOS="701" HPOS="1068"/>
<String CONTENT="2," HEIGHT="50" WIDTH="38" VPOS="701" HPOS="1094"/>
<SP HEIGHT="49" WIDTH="31" VPOS="702" HPOS="1133"/>
<String CONTENT="1926;" HEIGHT="52" WIDTH="129" VPOS="701" HPOS="1165"/>
<SP HEIGHT="51" WIDTH="29" VPOS="702" HPOS="1295"/>
<!-- cceid FC685806-6E1A-1014-9B7B-CA07F191E62B --><String CONTENT="A" HEIGHT="42" WIDTH="42" VPOS="702" HPOS="1325"/>
<SP HEIGHT="43" WIDTH="29" VPOS="702" HPOS="1368"/>
<String CONTENT="883552;" HEIGHT="53" WIDTH="187" VPOS="700" HPOS="1398"/>
<SP HEIGHT="51" WIDTH="31" VPOS="702" HPOS="1586"/>
<String LANG="fr" CONTENT="H." HEIGHT="43" WIDTH="60" VPOS="702" HPOS="1618"/>
<SP HEIGHT="42" WIDTH="30" VPOS="703" HPOS="1679"/>
<String CONTENT="B." HEIGHT="41" WIDTH="48" VPOS="703" HPOS="1710"/>
<SP HEIGHT="41" WIDTH="30" VPOS="704" HPOS="1759"/>
<String CONTENT="Bridgman," HEIGHT="53" WIDTH="259" VPOS="701" HPOS="1790"/>
</TextLine>
<TextLine HEIGHT="55" WIDTH="550" VPOS="755" HPOS="143" STYLEREFS="StyleId-7118069C-B1A5-4575-95E2-C4A3C8C83F36-">
<String CONTENT="Brooklyn." HEIGHT="52" WIDTH="242" VPOS="757" HPOS="143"/>
<SP HEIGHT="52" WIDTH="68" VPOS="758" HPOS="386"/>
<String CONTENT="(26-6025)" HEIGHT="55" WIDTH="238" VPOS="755" HPOS="455"/>
</TextLine>
<TextLine HEIGHT="72" WIDTH="1130" VPOS="854" HPOS="74">
<String CONTENT="Brooks," HEIGHT="72" WIDTH="253" VPOS="854" HPOS="74"/>
<SP HEIGHT="72" WIDTH="38" VPOS="854" HPOS="328"/>
<String CONTENT="Alfred" HEIGHT="58" WIDTH="226" VPOS="854" HPOS="367"/>
<SP HEIGHT="57" WIDTH="35" VPOS="855" HPOS="594"/>
<String CONTENT="Mansfield," HEIGHT="72" WIDTH="346" VPOS="854" HPOS="630"/>
<SP HEIGHT="68" WIDTH="38" VPOS="858" HPOS="977"/>
<String CONTENT="1870-" HEIGHT="57" WIDTH="188" VPOS="857" HPOS="1016"/>
</TextLine>
<TextLine HEIGHT="149" WIDTH="1957" VPOS="945" HPOS="74" CS="1">
<String CONTENT="Architecture" HEIGHT="61" WIDTH="432" VPOS="945" HPOS="149"/>
<SP HEIGHT="39" WIDTH="26" VPOS="967" HPOS="582"/>
<String CONTENT="and" HEIGHT="57" WIDTH="122" VPOS="947" HPOS="609"/>
<SP HEIGHT="58" WIDTH="24" VPOS="947" HPOS="732"/>
<String CONTENT="the" HEIGHT="58" WIDTH="103" VPOS="948" HPOS="757"/>
<SP HEIGHT="41" WIDTH="26" VPOS="965" HPOS="861"/>
<String CONTENT="allied" HEIGHT="61" WIDTH="186" VPOS="945" HPOS="888"/>
<SP HEIGHT="57" WIDTH="27" VPOS="949" HPOS="1075"/>
<String CONTENT="arts," HEIGHT="67" WIDTH="151" VPOS="951" HPOS="1103"/>
<SP HEIGHT="71" WIDTH="29" VPOS="947" HPOS="1255"/>
<String CONTENT="Greek," HEIGHT="71" WIDTH="218" VPOS="947" HPOS="1285"/>
<SP HEIGHT="70" WIDTH="25" VPOS="948" HPOS="1504"/>
<String CONTENT="Roman," HEIGHT="69" WIDTH="259" VPOS="948" HPOS="1530"/>
<SP HEIGHT="69" WIDTH="24" VPOS="948" HPOS="1790"/>
<String CONTENT="Byzantine," HEIGHT="146" WIDTH="1957" VPOS="948" HPOS="74"/>
</TextLine>
<TextLine HEIGHT="74" WIDTH="1809" VPOS="1022" HPOS="243">
<String CONTENT="Romanesque" HEIGHT="71" WIDTH="428" VPOS="1024" HPOS="243"/>
<SP HEIGHT="38" WIDTH="24" VPOS="1043" HPOS="672"/>
<String CONTENT="and" HEIGHT="56" WIDTH="122" VPOS="1025" HPOS="697"/>
<SP HEIGHT="59" WIDTH="23" VPOS="1024" HPOS="820"/>
<String CONTENT="Gothic," HEIGHT="74" WIDTH="238" VPOS="1022" HPOS="844"/>
<SP HEIGHT="70" WIDTH="22" VPOS="1026" HPOS="1083"/>
<String CONTENT="by" HEIGHT="69" WIDTH="83" VPOS="1026" HPOS="1106"/>
<SP HEIGHT="70" WIDTH="18" VPOS="1025" HPOS="1190"/>
<String CONTENT="Alfred" HEIGHT="57" WIDTH="227" VPOS="1025" HPOS="1209"/>
<SP HEIGHT="57" WIDTH="21" VPOS="1024" HPOS="1437"/>
<String CONTENT="Mansfield" HEIGHT="60" WIDTH="331" VPOS="1024" HPOS="1459"/>
<SP HEIGHT="59" WIDTH="19" VPOS="1025" HPOS="1791"/>
<String CONTENT="Brooks" HEIGHT="59" WIDTH="241" VPOS="1023" HPOS="1811"/>
</TextLine>
<TextLine HEIGHT="76" WIDTH="1797" VPOS="1098" HPOS="140" CS="1">
<String CS="1" CONTENT="&#8230;"/>
<SP HEIGHT="58" WIDTH="84" VPOS="1100" HPOS="140"/>
<String CONTENT="Indianapolis," HEIGHT="74" WIDTH="448" VPOS="1098" HPOS="225"/>
<SP HEIGHT="68" WIDTH="35" VPOS="1103" HPOS="674"/>
<String CONTENT="The" HEIGHT="57" WIDTH="129" VPOS="1103" HPOS="710"/>
<SP HEIGHT="58" WIDTH="36" VPOS="1102" HPOS="840"/>
<String CONTENT="Bobbs-Merrill" HEIGHT="60" WIDTH="481" VPOS="1099" HPOS="877"/>
<SP HEIGHT="58" WIDTH="35" VPOS="1102" HPOS="1359"/>
<String CONTENT="company" HEIGHT="53" WIDTH="304" VPOS="1120" HPOS="1395"/>
<SP HEIGHT="51" WIDTH="35" VPOS="1122" HPOS="1700"/>
<String CONTENT="[" HEIGHT="42" WIDTH="13" VPOS="1131" HPOS="1736"/>
<String STYLE="superscript" CONTENT="c" HEIGHT="21" WIDTH="19" VPOS="1109" HPOS="1749"/>
<String CONTENT="1926]" HEIGHT="72" WIDTH="164" VPOS="1102" HPOS="1773"/>
</TextLine>
<TextLine HEIGHT="54" WIDTH="1255" VPOS="1190" HPOS="145" STYLEREFS="StyleId-7118069C-B1A5-4575-95E2-C4A3C8C83F36-" CS="1">
<String CONTENT="12" HEIGHT="43" WIDTH="51" VPOS="1192" HPOS="145"/>
<SP/>
<String CS="1" CONTENT="p."/>
<SP/>
<String CS="1" CONTENT="l.," HEIGHT="15" WIDTH="8" VPOS="1227" HPOS="321"/>
<SP HEIGHT="49" WIDTH="22" VPOS="1193" HPOS="330"/>
<String CONTENT="283" HEIGHT="44" WIDTH="80" VPOS="1193" HPOS="353"/>
<SP HEIGHT="49" WIDTH="22" VPOS="1194" HPOS="434"/>
<String CONTENT="p." HEIGHT="38" WIDTH="43" VPOS="1205" HPOS="457"/>
<SP HEIGHT="43" WIDTH="57" VPOS="1192" HPOS="501"/>
<String CONTENT="front.," HEIGHT="50" WIDTH="151" VPOS="1192" HPOS="559"/>
<SP HEIGHT="51" WIDTH="25" VPOS="1191" HPOS="711"/>
<String CONTENT="illus.," HEIGHT="54" WIDTH="130" VPOS="1190" HPOS="737"/>
<SP HEIGHT="38" WIDTH="24" VPOS="1206" HPOS="868"/>
<String CONTENT="plates," HEIGHT="52" WIDTH="160" VPOS="1192" HPOS="893"/>
<SP HEIGHT="37" WIDTH="21" VPOS="1207" HPOS="1054"/>
<String CONTENT="plans." HEIGHT="53" WIDTH="142" VPOS="1191" HPOS="1076"/>
<SP HEIGHT="45" WIDTH="56" VPOS="1192" HPOS="1219"/>
<String CONTENT="22" HEIGHT="44" WIDTH="57" VPOS="1191" HPOS="1276"/>
<String STYLE="superscript" CONTENT="cm" HEIGHT="18" WIDTH="46" VPOS="1195" HPOS="1338"/>
<String CONTENT="." HEIGHT="10" WIDTH="11" VPOS="1227" HPOS="1389"/>
</TextLine>
<TextLine HEIGHT="47" WIDTH="588" VPOS="1260" HPOS="144" STYLEREFS="StyleId-7118069C-B1A5-4575-95E2-C4A3C8C83F36-">
<String CONTENT="Second" HEIGHT="47" WIDTH="177" VPOS="1260" HPOS="144"/>
<SP HEIGHT="43" WIDTH="26" VPOS="1263" HPOS="322"/>
<String CONTENT="revised" HEIGHT="45" WIDTH="173" VPOS="1261" HPOS="349"/>
<SP HEIGHT="44" WIDTH="24" VPOS="1263" HPOS="523"/>
<String CONTENT="edition." HEIGHT="47" WIDTH="184" VPOS="1260" HPOS="548"/>
</TextLine>
<TextLine HEIGHT="54" WIDTH="659" VPOS="1315" HPOS="143" STYLEREFS="StyleId-7118069C-B1A5-4575-95E2-C4A3C8C83F36-">
<String CONTENT="Bibliography:" HEIGHT="54" WIDTH="355" VPOS="1315" HPOS="143"/>
<SP HEIGHT="38" WIDTH="27" VPOS="1331" HPOS="499"/>
<String CONTENT="p." HEIGHT="38" WIDTH="41" VPOS="1331" HPOS="527"/>
<SP HEIGHT="45" WIDTH="25" VPOS="1318" HPOS="569"/>
<String CONTENT="271-276." HEIGHT="48" WIDTH="207" VPOS="1315" HPOS="595"/>
</TextLine>
<TextLine HEIGHT="55" WIDTH="1893" VPOS="1381" HPOS="71" STYLEREFS="StyleId-7118069C-B1A5-4575-95E2-C4A3C8C83F36-">
<String CONTENT="&#169;" HEIGHT="54" WIDTH="53" VPOS="1381" HPOS="71"/>
<SP HEIGHT="54" WIDTH="30" VPOS="1381" HPOS="125"/>
<String CONTENT="Mar." HEIGHT="42" WIDTH="115" VPOS="1385" HPOS="156"/>
<SP HEIGHT="41" WIDTH="29" VPOS="1385" HPOS="272"/>
<String CONTENT="2," HEIGHT="50" WIDTH="39" VPOS="1385" HPOS="302"/>
<SP HEIGHT="49" WIDTH="32" VPOS="1386" HPOS="342"/>
<String CONTENT="1926;" HEIGHT="52" WIDTH="128" VPOS="1384" HPOS="375"/>
<SP HEIGHT="51" WIDTH="31" VPOS="1385" HPOS="504"/>
<String CONTENT="2c." HEIGHT="42" WIDTH="63" VPOS="1385" HPOS="536"/>
<SP HEIGHT="42" WIDTH="32" VPOS="1385" HPOS="600"/>
<String CONTENT="Mar." HEIGHT="43" WIDTH="117" VPOS="1385" HPOS="633"/>
<SP HEIGHT="43" WIDTH="29" VPOS="1387" HPOS="751"/>
<String CONTENT="8;" HEIGHT="49" WIDTH="49" VPOS="1387" HPOS="781"/>
<SP HEIGHT="36" WIDTH="34" VPOS="1400" HPOS="831"/>
<String CONTENT="aff." HEIGHT="43" WIDTH="77" VPOS="1385" HPOS="866"/>
<SP HEIGHT="42" WIDTH="31" VPOS="1385" HPOS="944"/>
<String CONTENT="Mar." HEIGHT="42" WIDTH="119" VPOS="1385" HPOS="976"/>
<SP HEIGHT="43" WIDTH="30" VPOS="1384" HPOS="1096"/>
<String CONTENT="6;" HEIGHT="52" WIDTH="48" VPOS="1384" HPOS="1127"/>
<SP HEIGHT="51" WIDTH="31" VPOS="1385" HPOS="1176"/>
<!-- cceid FC68D9C2-6E1A-1014-9B7B-CA07F191E62B --><String CONTENT="A" HEIGHT="42" WIDTH="44" VPOS="1385" HPOS="1208"/>
<SP HEIGHT="43" WIDTH="30" VPOS="1385" HPOS="1253"/>
<String CONTENT="883529;" HEIGHT="52" WIDTH="188" VPOS="1384" HPOS="1284"/>
<SP HEIGHT="50" WIDTH="36" VPOS="1386" HPOS="1473"/>
<String CONTENT="Bobbs-Merrill" HEIGHT="46" WIDTH="357" VPOS="1383" HPOS="1510"/>
<SP HEIGHT="44" WIDTH="31" VPOS="1385" HPOS="1868"/>
<String CONTENT="co." HEIGHT="28" WIDTH="64" VPOS="1401" HPOS="1900"/>
</TextLine>
<TextLine HEIGHT="55" WIDTH="240" VPOS="1439" HPOS="147" STYLEREFS="StyleId-7118069C-B1A5-4575-95E2-C4A3C8C83F36-">
<String CONTENT="(26-6151)" HEIGHT="55" WIDTH="240" VPOS="1439" HPOS="147"/>
</TextLine>
<TextLine HEIGHT="73" WIDTH="1552" VPOS="1538" HPOS="70" STYLEREFS="StyleId-A071C6E5-3718-468C-8863-DED3FB99842D-">
<String CONTENT="Bureau" HEIGHT="57" WIDTH="248" VPOS="1539" HPOS="70"/>
<SP HEIGHT="40" WIDTH="33" VPOS="1556" HPOS="319"/>
<String CONTENT="of" HEIGHT="57" WIDTH="66" VPOS="1539" HPOS="353"/>
<SP HEIGHT="56" WIDTH="30" VPOS="1539" HPOS="420"/>
<String CONTENT="municipal" HEIGHT="73" WIDTH="340" VPOS="1538" HPOS="451"/>
<SP HEIGHT="57" WIDTH="31" VPOS="1539" HPOS="792"/>
<String CONTENT="research," HEIGHT="72" WIDTH="304" VPOS="1538" HPOS="824"/>
<SP HEIGHT="69" WIDTH="36" VPOS="1541" HPOS="1129"/>
<String CONTENT="Philadelphia." HEIGHT="73" WIDTH="456" VPOS="1538" HPOS="1166"/>
</TextLine>
<TextLine HEIGHT="149" WIDTH="1964" VPOS="1628" HPOS="68" CS="1">
<String CONTENT="Philadelphia&#8217;s" HEIGHT="71" WIDTH="494" VPOS="1628" HPOS="145"/>
<SP HEIGHT="51" WIDTH="33" VPOS="1649" HPOS="640"/>
<String CONTENT="gas" HEIGHT="52" WIDTH="111" VPOS="1648" HPOS="674"/>
<SP HEIGHT="51" WIDTH="29" VPOS="1648" HPOS="786"/>
<String CONTENT="problem;" HEIGHT="69" WIDTH="311" VPOS="1630" HPOS="816"/>
<SP HEIGHT="49" WIDTH="33" VPOS="1649" HPOS="1128"/>
<String CONTENT="a" HEIGHT="36" WIDTH="36" VPOS="1649" HPOS="1162"/>
<SP HEIGHT="57" WIDTH="28" VPOS="1628" HPOS="1199"/>
<String CONTENT="history" HEIGHT="71" WIDTH="248" VPOS="1628" HPOS="1228"/>
<SP HEIGHT="51" WIDTH="31" VPOS="1648" HPOS="1477"/>
<String CONTENT="of" HEIGHT="56" WIDTH="67" VPOS="1629" HPOS="1509"/>
<SP HEIGHT="57" WIDTH="31" VPOS="1629" HPOS="1577"/>
<String CONTENT="the" HEIGHT="57" WIDTH="103" VPOS="1629" HPOS="1609"/>
<SP HEIGHT="55" WIDTH="32" VPOS="1631" HPOS="1713"/>
<String CONTENT="Philadelphia" HEIGHT="148" WIDTH="1964" VPOS="1629" HPOS="68"/>
</TextLine>
<TextLine HEIGHT="74" WIDTH="1806" VPOS="1706" HPOS="247">
<String CONTENT="gas" HEIGHT="53" WIDTH="111" VPOS="1726" HPOS="247"/>
<SP HEIGHT="38" WIDTH="29" VPOS="1725" HPOS="359"/>
<String CONTENT="works," HEIGHT="73" WIDTH="219" VPOS="1706" HPOS="389"/>
<SP HEIGHT="54" WIDTH="31" VPOS="1725" HPOS="609"/>
<String CONTENT="a" HEIGHT="38" WIDTH="36" VPOS="1725" HPOS="641"/>
<SP HEIGHT="56" WIDTH="29" VPOS="1708" HPOS="678"/>
<String CONTENT="discussion" HEIGHT="58" WIDTH="350" VPOS="1706" HPOS="708"/>
<SP HEIGHT="38" WIDTH="30" VPOS="1725" HPOS="1059"/>
<String CONTENT="of" HEIGHT="57" WIDTH="66" VPOS="1706" HPOS="1090"/>
<SP HEIGHT="56" WIDTH="26" VPOS="1706" HPOS="1157"/>
<String CONTENT="modern" HEIGHT="56" WIDTH="260" VPOS="1707" HPOS="1184"/>
<SP HEIGHT="39" WIDTH="28" VPOS="1724" HPOS="1445"/>
<String CONTENT="standards" HEIGHT="57" WIDTH="336" VPOS="1707" HPOS="1474"/>
<SP HEIGHT="38" WIDTH="32" VPOS="1726" HPOS="1811"/>
<String CONTENT="of" HEIGHT="57" WIDTH="68" VPOS="1707" HPOS="1844"/>
<SP HEIGHT="73" WIDTH="29" VPOS="1707" HPOS="1913"/>
<String CONTENT="gas" HEIGHT="54" WIDTH="110" VPOS="1726" HPOS="1943"/>
</TextLine>
<TextLine HEIGHT="149" WIDTH="1965" VPOS="1783" HPOS="67" CS="1">
<String CONTENT="service," HEIGHT="70" WIDTH="253" VPOS="1783" HPOS="71"/>
<SP HEIGHT="49" WIDTH="47" VPOS="1804" HPOS="325"/>
<String CONTENT="and" HEIGHT="57" WIDTH="122" VPOS="1784" HPOS="373"/>
<SP HEIGHT="57" WIDTH="42" VPOS="1784" HPOS="496"/>
<String CONTENT="an" HEIGHT="38" WIDTH="78" VPOS="1803" HPOS="539"/>
<SP HEIGHT="38" WIDTH="45" VPOS="1803" HPOS="618"/>
<String CONTENT="analysis" HEIGHT="72" WIDTH="277" VPOS="1783" HPOS="664"/>
<SP HEIGHT="39" WIDTH="45" VPOS="1802" HPOS="942"/>
<String CONTENT="of" HEIGHT="57" WIDTH="66" VPOS="1783" HPOS="988"/>
<SP HEIGHT="57" WIDTH="43" VPOS="1783" HPOS="1055"/>
<String CONTENT="the" HEIGHT="57" WIDTH="103" VPOS="1783" HPOS="1099"/>
<SP HEIGHT="53" WIDTH="44" VPOS="1801" HPOS="1203"/>
<String CONTENT="present" HEIGHT="68" WIDTH="257" VPOS="1786" HPOS="1248"/>
<SP HEIGHT="54" WIDTH="46" VPOS="1786" HPOS="1506"/>
<String CONTENT="situation," HEIGHT="70" WIDTH="318" VPOS="1783" HPOS="1553"/>
<SP HEIGHT="54" WIDTH="45" VPOS="1801" HPOS="1872"/>
<String CONTENT="prepared" HEIGHT="131" WIDTH="1965" VPOS="1801" HPOS="67"/>
</TextLine>
<TextLine HEIGHT="150" WIDTH="1965" VPOS="1859" HPOS="67" CS="1">
<String CONTENT="by" HEIGHT="69" WIDTH="82" VPOS="1862" HPOS="299"/>
<SP HEIGHT="67" WIDTH="32" VPOS="1864" HPOS="382"/>
<String CONTENT="the" HEIGHT="56" WIDTH="103" VPOS="1862" HPOS="415"/>
<SP HEIGHT="56" WIDTH="32" VPOS="1862" HPOS="519"/>
<String CONTENT="Bureau" HEIGHT="56" WIDTH="253" VPOS="1862" HPOS="552"/>
<SP HEIGHT="38" WIDTH="35" VPOS="1880" HPOS="806"/>
<String CONTENT="of" HEIGHT="58" WIDTH="68" VPOS="1860" HPOS="842"/>
<SP HEIGHT="57" WIDTH="30" VPOS="1860" HPOS="911"/>
<String CONTENT="municipal" HEIGHT="72" WIDTH="339" VPOS="1859" HPOS="942"/>
<SP HEIGHT="56" WIDTH="33" VPOS="1861" HPOS="1282"/>
<String CONTENT="research" HEIGHT="57" WIDTH="290" VPOS="1861" HPOS="1316"/>
<SP HEIGHT="57" WIDTH="35" VPOS="1861" HPOS="1607"/>
<String CONTENT="of" HEIGHT="57" WIDTH="67" VPOS="1861" HPOS="1643"/>
<SP HEIGHT="57" WIDTH="34" VPOS="1861" HPOS="1711"/>
<String CONTENT="Philadelphia." HEIGHT="149" WIDTH="1965" VPOS="1860" HPOS="67"/>
</TextLine>
<TextLine HEIGHT="74" WIDTH="1717" VPOS="1937" HPOS="337">
<String CONTENT="Staff" HEIGHT="59" WIDTH="168" VPOS="1938" HPOS="337"/>
<SP HEIGHT="57" WIDTH="59" VPOS="1938" HPOS="506"/>
<String CONTENT="member" HEIGHT="57" WIDTH="273" VPOS="1939" HPOS="566"/>
<SP HEIGHT="56" WIDTH="60" VPOS="1938" HPOS="840"/>
<String CONTENT="in" HEIGHT="56" WIDTH="64" VPOS="1938" HPOS="901"/>
<SP HEIGHT="37" WIDTH="66" VPOS="1958" HPOS="966"/>
<String CONTENT="charge" HEIGHT="72" WIDTH="226" VPOS="1938" HPOS="1033"/>
<SP HEIGHT="38" WIDTH="66" VPOS="1957" HPOS="1260"/>
<String CONTENT="of" HEIGHT="57" WIDTH="68" VPOS="1938" HPOS="1327"/>
<SP HEIGHT="57" WIDTH="61" VPOS="1938" HPOS="1396"/>
<String CONTENT="this" HEIGHT="58" WIDTH="124" VPOS="1937" HPOS="1458"/>
<SP HEIGHT="38" WIDTH="67" VPOS="1958" HPOS="1583"/>
<String CONTENT="assignment," HEIGHT="74" WIDTH="403" VPOS="1937" HPOS="1651"/>
</TextLine>
<TextLine HEIGHT="151" WIDTH="1963" VPOS="2015" HPOS="66" CS="1">
<String CONTENT="Charles" HEIGHT="59" WIDTH="257" VPOS="2016" HPOS="70"/>
<SP HEIGHT="58" WIDTH="38" VPOS="2017" HPOS="328"/>
<String CONTENT="A." HEIGHT="56" WIDTH="74" VPOS="2017" HPOS="367"/>
<SP HEIGHT="56" WIDTH="40" VPOS="2016" HPOS="442"/>
<String CONTENT="Howland." HEIGHT="58" WIDTH="322" VPOS="2016" HPOS="483"/>
<SP HEIGHT="43" WIDTH="85" VPOS="2045" HPOS="806"/>
<String CONTENT="[Philadelphia]" HEIGHT="73" WIDTH="469" VPOS="2015" HPOS="892"/>
<SP HEIGHT="72" WIDTH="40" VPOS="2016" HPOS="1362"/>
<String CONTENT="Bureau" HEIGHT="59" WIDTH="254" VPOS="2016" HPOS="1403"/>
<SP HEIGHT="39" WIDTH="39" VPOS="2036" HPOS="1658"/>
<String CONTENT="of" HEIGHT="58" WIDTH="67" VPOS="2016" HPOS="1698"/>
<SP HEIGHT="57" WIDTH="34" VPOS="2016" HPOS="1766"/>
<String CONTENT="municipal" HEIGHT="151" WIDTH="1963" VPOS="2015" HPOS="66"/>
</TextLine>
<TextLine HEIGHT="75" WIDTH="1068" VPOS="2092" HPOS="199">
<String CONTENT="research" HEIGHT="58" WIDTH="291" VPOS="2095" HPOS="199"/>
<SP HEIGHT="56" WIDTH="27" VPOS="2095" HPOS="491"/>
<String CONTENT="of" HEIGHT="57" WIDTH="67" VPOS="2095" HPOS="519"/>
<SP HEIGHT="58" WIDTH="25" VPOS="2094" HPOS="587"/>
<String CONTENT="Philadelphia," HEIGHT="75" WIDTH="456" VPOS="2092" HPOS="613"/>
<SP HEIGHT="71" WIDTH="32" VPOS="2096" HPOS="1070"/>
<String CONTENT="1926." HEIGHT="56" WIDTH="164" VPOS="2094" HPOS="1103"/>
</TextLine>
<TextLine HEIGHT="56" WIDTH="809" VPOS="2183" HPOS="139" STYLEREFS="StyleId-7118069C-B1A5-4575-95E2-C4A3C8C83F36-" CS="1">
<String CONTENT="149" HEIGHT="45" WIDTH="77" VPOS="2186" HPOS="139"/>
<SP HEIGHT="53" WIDTH="27" VPOS="2186" HPOS="217"/>
<String CONTENT="p." HEIGHT="39" WIDTH="40" VPOS="2200" HPOS="245"/>
<SP HEIGHT="37" WIDTH="58" VPOS="2192" HPOS="286"/>
<String CONTENT="tables" HEIGHT="45" WIDTH="142" VPOS="2184" HPOS="345"/>
<SP HEIGHT="53" WIDTH="24" VPOS="2185" HPOS="488"/>
<String CONTENT="(1" HEIGHT="53" WIDTH="46" VPOS="2185" HPOS="513"/>
<SP HEIGHT="44" WIDTH="35" VPOS="2184" HPOS="560"/>
<String CONTENT="fold.)" HEIGHT="54" WIDTH="136" VPOS="2183" HPOS="596"/>
<SP HEIGHT="54" WIDTH="62" VPOS="2183" HPOS="733"/>
<String CS="1" CONTENT="23&#189;c" HEIGHT="45" WIDTH="54" VPOS="2184" HPOS="796"/>
<String STYLE="superscript" CONTENT="m" HEIGHT="19" WIDTH="30" VPOS="2185" HPOS="903"/>
<String CONTENT="." HEIGHT="10" WIDTH="10" VPOS="2218" HPOS="938"/>
</TextLine>
<TextLine HEIGHT="56" WIDTH="655" VPOS="2254" HPOS="138" STYLEREFS="StyleId-7118069C-B1A5-4575-95E2-C4A3C8C83F36-">
<String CONTENT="Bibliography:" HEIGHT="54" WIDTH="350" VPOS="2256" HPOS="138"/>
<SP HEIGHT="39" WIDTH="28" VPOS="2269" HPOS="489"/>
<String CONTENT="p." HEIGHT="39" WIDTH="40" VPOS="2269" HPOS="518"/>
<SP HEIGHT="42" WIDTH="31" VPOS="2258" HPOS="559"/>
<String CONTENT="146-149." HEIGHT="46" WIDTH="202" VPOS="2254" HPOS="591"/>
</TextLine>
<TextLine HEIGHT="57" WIDTH="1985" VPOS="2322" HPOS="65" STYLEREFS="StyleId-7118069C-B1A5-4575-95E2-C4A3C8C83F36-">
<String CONTENT="&#169;" HEIGHT="54" WIDTH="53" VPOS="2325" HPOS="65"/>
<SP HEIGHT="54" WIDTH="30" VPOS="2325" HPOS="119"/>
<String CONTENT="Mar." HEIGHT="42" WIDTH="118" VPOS="2328" HPOS="150"/>
<SP HEIGHT="42" WIDTH="31" VPOS="2328" HPOS="269"/>
<String CONTENT="3," HEIGHT="50" WIDTH="39" VPOS="2328" HPOS="301"/>
<SP HEIGHT="50" WIDTH="32" VPOS="2328" HPOS="341"/>
<String CONTENT="1926;" HEIGHT="51" WIDTH="128" VPOS="2326" HPOS="374"/>
<SP HEIGHT="50" WIDTH="31" VPOS="2327" HPOS="503"/>
<String CONTENT="2c." HEIGHT="42" WIDTH="64" VPOS="2327" HPOS="535"/>
<SP HEIGHT="42" WIDTH="31" VPOS="2326" HPOS="600"/>
<String CONTENT="Mar." HEIGHT="43" WIDTH="119" VPOS="2326" HPOS="632"/>
<SP HEIGHT="46" WIDTH="31" VPOS="2323" HPOS="752"/>
<String CONTENT="5;" HEIGHT="53" WIDTH="49" VPOS="2323" HPOS="784"/>
<SP HEIGHT="36" WIDTH="34" VPOS="2340" HPOS="834"/>
<String CONTENT="aff." HEIGHT="43" WIDTH="76" VPOS="2325" HPOS="869"/>
<SP HEIGHT="42" WIDTH="33" VPOS="2325" HPOS="946"/>
<String CONTENT="Mar." HEIGHT="42" WIDTH="117" VPOS="2325" HPOS="980"/>
<SP HEIGHT="42" WIDTH="32" VPOS="2325" HPOS="1098"/>
<String CONTENT="4;" HEIGHT="51" WIDTH="48" VPOS="2325" HPOS="1131"/>
<SP HEIGHT="52" WIDTH="33" VPOS="2324" HPOS="1180"/>
<!-- cceid FC695F10-6E1A-1014-9B7B-CA07F191E62B --><String CONTENT="A" HEIGHT="43" WIDTH="43" VPOS="2324" HPOS="1214"/>
<SP HEIGHT="43" WIDTH="30" VPOS="2324" HPOS="1258"/>
<String CONTENT="883512;" HEIGHT="52" WIDTH="188" VPOS="2323" HPOS="1289"/>
<SP HEIGHT="51" WIDTH="37" VPOS="2324" HPOS="1478"/>
<String CONTENT="Bureau" HEIGHT="43" WIDTH="176" VPOS="2324" HPOS="1516"/>
<SP HEIGHT="29" WIDTH="31" VPOS="2339" HPOS="1693"/>
<String CONTENT="of" HEIGHT="44" WIDTH="52" VPOS="2324" HPOS="1725"/>
<SP HEIGHT="43" WIDTH="32" VPOS="2324" HPOS="1778"/>
<String CONTENT="municipal" HEIGHT="54" WIDTH="239" VPOS="2322" HPOS="1811"/>
</TextLine>
<TextLine HEIGHT="55" WIDTH="1324" VPOS="2379" HPOS="136" STYLEREFS="StyleId-7118069C-B1A5-4575-95E2-C4A3C8C83F36-">
<String CONTENT="research" HEIGHT="43" WIDTH="205" VPOS="2384" HPOS="136"/>
<SP HEIGHT="43" WIDTH="32" VPOS="2384" HPOS="342"/>
<String CONTENT="of" HEIGHT="44" WIDTH="51" VPOS="2383" HPOS="375"/>
<SP HEIGHT="42" WIDTH="34" VPOS="2383" HPOS="427"/>
<String CONTENT="Philadelphia," HEIGHT="53" WIDTH="326" VPOS="2381" HPOS="462"/>
<SP HEIGHT="50" WIDTH="36" VPOS="2383" HPOS="789"/>
<String CONTENT="Philadelphia." HEIGHT="53" WIDTH="323" VPOS="2380" HPOS="826"/>
<SP HEIGHT="52" WIDTH="68" VPOS="2381" HPOS="1150"/>
<String CONTENT="(26-6178)" HEIGHT="54" WIDTH="241" VPOS="2379" HPOS="1219"/>
</TextLine>
<TextLine HEIGHT="63" WIDTH="582" VPOS="2481" HPOS="69" STYLEREFS="StyleId-A071C6E5-3718-468C-8863-DED3FB99842D-">
<String CONTENT="Burner," HEIGHT="61" WIDTH="257" VPOS="2483" HPOS="69"/>
<SP HEIGHT="61" WIDTH="33" VPOS="2483" HPOS="327"/>
<String CONTENT="Oolooah." HEIGHT="59" WIDTH="290" VPOS="2481" HPOS="361"/>
</TextLine>
<TextLine HEIGHT="74" WIDTH="1913" VPOS="2569" HPOS="142">
<String CONTENT="Life" HEIGHT="59" WIDTH="144" VPOS="2573" HPOS="142"/>
<SP HEIGHT="40" WIDTH="35" VPOS="2592" HPOS="287"/>
<String CONTENT="and" HEIGHT="56" WIDTH="123" VPOS="2576" HPOS="323"/>
<SP HEIGHT="59" WIDTH="34" VPOS="2573" HPOS="447"/>
<String CONTENT="I;" HEIGHT="70" WIDTH="62" VPOS="2573" HPOS="482"/>
<SP HEIGHT="52" WIDTH="36" VPOS="2591" HPOS="545"/>
<String CONTENT="a" HEIGHT="37" WIDTH="36" VPOS="2591" HPOS="582"/>
<SP HEIGHT="56" WIDTH="37" VPOS="2574" HPOS="619"/>
<String CONTENT="discussion" HEIGHT="61" WIDTH="349" VPOS="2569" HPOS="657"/>
<SP HEIGHT="38" WIDTH="34" VPOS="2590" HPOS="1007"/>
<String CONTENT="course" HEIGHT="40" WIDTH="219" VPOS="2589" HPOS="1042"/>
<SP HEIGHT="57" WIDTH="35" VPOS="2572" HPOS="1262"/>
<String CONTENT="for" HEIGHT="57" WIDTH="102" VPOS="2572" HPOS="1298"/>
<SP HEIGHT="37" WIDTH="36" VPOS="2590" HPOS="1401"/>
<String CONTENT="use" HEIGHT="38" WIDTH="110" VPOS="2590" HPOS="1438"/>
<SP HEIGHT="57" WIDTH="35" VPOS="2571" HPOS="1549"/>
<String CONTENT="by" HEIGHT="70" WIDTH="82" VPOS="2571" HPOS="1585"/>
<SP HEIGHT="68" WIDTH="32" VPOS="2573" HPOS="1668"/>
<String CONTENT="leaders" HEIGHT="56" WIDTH="246" VPOS="2573" HPOS="1701"/>
<SP HEIGHT="39" WIDTH="39" VPOS="2591" HPOS="1948"/>
<String CONTENT="of" HEIGHT="58" WIDTH="67" VPOS="2572" HPOS="1988"/>
</TextLine>
<TextLine HEIGHT="78" WIDTH="1983" VPOS="2647" HPOS="69">
<String CONTENT="girls," HEIGHT="75" WIDTH="172" VPOS="2650" HPOS="69"/>
<SP HEIGHT="70" WIDTH="52" VPOS="2653" HPOS="242"/>
<String CONTENT="by" HEIGHT="69" WIDTH="82" VPOS="2653" HPOS="295"/>
<SP HEIGHT="71" WIDTH="52" VPOS="2651" HPOS="378"/>
<String CONTENT="Oolooah" HEIGHT="60" WIDTH="274" VPOS="2649" HPOS="431"/>
<SP HEIGHT="57" WIDTH="49" VPOS="2649" HPOS="706"/>
<String CONTENT="Burner." HEIGHT="56" WIDTH="264" VPOS="2650" HPOS="756"/>
<SP HEIGHT="56" WIDTH="100" VPOS="2648" HPOS="1021"/>
<String CONTENT="New" HEIGHT="56" WIDTH="150" VPOS="2648" HPOS="1122"/>
<SP HEIGHT="56" WIDTH="52" VPOS="2648" HPOS="1273"/>
<String CONTENT="York," HEIGHT="71" WIDTH="189" VPOS="2647" HPOS="1326"/>
<SP HEIGHT="68" WIDTH="58" VPOS="2650" HPOS="1516"/>
<String CONTENT="The" HEIGHT="56" WIDTH="126" VPOS="2649" HPOS="1575"/>
<SP HEIGHT="59" WIDTH="51" VPOS="2647" HPOS="1702"/>
<String CONTENT="Womans" HEIGHT="60" WIDTH="298" VPOS="2647" HPOS="1754"/>
</TextLine>
<TextLine HEIGHT="73" WIDTH="414" VPOS="2729" HPOS="67">
<String CONTENT="press" HEIGHT="55" WIDTH="179" VPOS="2747" HPOS="67"/>
<SP HEIGHT="53" WIDTH="33" VPOS="2749" HPOS="247"/>
<String CONTENT="[" HEIGHT="43" WIDTH="13" VPOS="2759" HPOS="281"/>
<String STYLE="superscript" CONTENT="c" HEIGHT="22" WIDTH="20" VPOS="2736" HPOS="293"/>
<String CONTENT="1926]" HEIGHT="71" WIDTH="164" VPOS="2729" HPOS="317"/>
</TextLine>
<TextLine HEIGHT="56" WIDTH="528" VPOS="2818" HPOS="136" STYLEREFS="StyleId-7118069C-B1A5-4575-95E2-C4A3C8C83F36-">
<String CONTENT="63" HEIGHT="44" WIDTH="51" VPOS="2823" HPOS="136"/>
<SP HEIGHT="50" WIDTH="25" VPOS="2824" HPOS="188"/>
<String CONTENT="p." HEIGHT="38" WIDTH="41" VPOS="2836" HPOS="214"/>
<SP HEIGHT="45" WIDTH="58" VPOS="2819" HPOS="256"/>
<String CONTENT="diagrs." HEIGHT="53" WIDTH="169" VPOS="2819" HPOS="315"/>
<SP HEIGHT="46" WIDTH="56" VPOS="2818" HPOS="485"/>
<String CONTENT="23" HEIGHT="45" WIDTH="52" VPOS="2818" HPOS="542"/>
<String STYLE="superscript" CONTENT="cm" HEIGHT="19" WIDTH="48" VPOS="2820" HPOS="601"/>
<String CONTENT="." HEIGHT="9" WIDTH="9" VPOS="2853" HPOS="655"/>
</TextLine>
<TextLine HEIGHT="50" WIDTH="586" VPOS="2886" HPOS="140" STYLEREFS="StyleId-7118069C-B1A5-4575-95E2-C4A3C8C83F36-">
<String CONTENT="Contains" HEIGHT="46" WIDTH="218" VPOS="2890" HPOS="140"/>
<SP HEIGHT="47" WIDTH="26" VPOS="2889" HPOS="359"/>
<String CONTENT="&#8220;References&#8221;." HEIGHT="49" WIDTH="340" VPOS="2886" HPOS="386"/>
</TextLine>
<TextLine HEIGHT="60" WIDTH="1988" VPOS="2953" HPOS="64" STYLEREFS="StyleId-7118069C-B1A5-4575-95E2-C4A3C8C83F36-" CS="1">
<String CONTENT="&#169;" HEIGHT="54" WIDTH="56" VPOS="2959" HPOS="64"/>
<SP HEIGHT="54" WIDTH="34" VPOS="2959" HPOS="121"/>
<String CONTENT="Mar." HEIGHT="42" WIDTH="117" VPOS="2961" HPOS="156"/>
<SP HEIGHT="42" WIDTH="37" VPOS="2960" HPOS="274"/>
<String CONTENT="1," HEIGHT="49" WIDTH="34" VPOS="2960" HPOS="312"/>
<SP HEIGHT="50" WIDTH="35" VPOS="2959" HPOS="347"/>
<String CONTENT="1926;" HEIGHT="51" WIDTH="129" VPOS="2957" HPOS="383"/>
<SP HEIGHT="50" WIDTH="32" VPOS="2958" HPOS="513"/>
<String CONTENT="2c." HEIGHT="43" WIDTH="65" VPOS="2958" HPOS="546"/>
<SP HEIGHT="44" WIDTH="35" VPOS="2957" HPOS="612"/>
<String CONTENT="Mar." HEIGHT="42" WIDTH="119" VPOS="2957" HPOS="648"/>
<SP HEIGHT="45" WIDTH="35" VPOS="2954" HPOS="768"/>
<String CONTENT="5;" HEIGHT="53" WIDTH="47" VPOS="2954" HPOS="804"/>
<SP HEIGHT="38" WIDTH="37" VPOS="2969" HPOS="852"/>
<String CONTENT="aff." HEIGHT="43" WIDTH="78" VPOS="2955" HPOS="890"/>
<SP HEIGHT="43" WIDTH="35" VPOS="2955" HPOS="969"/>
<String CONTENT="Mar." HEIGHT="42" WIDTH="118" VPOS="2955" HPOS="1005"/>
<SP HEIGHT="42" WIDTH="36" VPOS="2955" HPOS="1124"/>
<String CONTENT="9;" HEIGHT="50" WIDTH="49" VPOS="2955" HPOS="1161"/>
<SP HEIGHT="50" WIDTH="37" VPOS="2955" HPOS="1211"/>
<!-- cceid FC69E648-6E1A-1014-9B7B-CA07F191E62B --><String CONTENT="A" HEIGHT="42" WIDTH="43" VPOS="2955" HPOS="1249"/>
<SP HEIGHT="43" WIDTH="34" VPOS="2954" HPOS="1293"/>
<String CS="1" CONTENT="883543;" HEIGHT="45" WIDTH="162" VPOS="2953" HPOS="1328"/>
<SP HEIGHT="50" WIDTH="38" VPOS="2955" HPOS="1517"/>
<String CS="1" CONTENT="Natl." HEIGHT="42" WIDTH="110" VPOS="2955" HPOS="1556"/>
<SP HEIGHT="43" WIDTH="34" VPOS="2955" HPOS="1681"/>
<String CONTENT="board" HEIGHT="43" WIDTH="141" VPOS="2955" HPOS="1716"/>
<SP HEIGHT="44" WIDTH="35" VPOS="2955" HPOS="1858"/>
<String CONTENT="of" HEIGHT="44" WIDTH="50" VPOS="2955" HPOS="1894"/>
<SP HEIGHT="44" WIDTH="32" VPOS="2955" HPOS="1945"/>
<String CONTENT="the" HEIGHT="44" WIDTH="74" VPOS="2955" HPOS="1978"/>
</TextLine>
<TextLine HEIGHT="54" WIDTH="1407" VPOS="3010" HPOS="136" STYLEREFS="StyleId-7118069C-B1A5-4575-95E2-C4A3C8C83F36-">
<String LANG="fr" CONTENT="Y." HEIGHT="42" WIDTH="54" VPOS="3017" HPOS="136"/>
<SP HEIGHT="43" WIDTH="30" VPOS="3017" HPOS="191"/>
<String CONTENT="W." HEIGHT="43" WIDTH="73" VPOS="3017" HPOS="222"/>
<SP HEIGHT="45" WIDTH="31" VPOS="3014" HPOS="296"/>
<String CONTENT="C." HEIGHT="45" WIDTH="48" VPOS="3014" HPOS="328"/>
<SP HEIGHT="44" WIDTH="28" VPOS="3014" HPOS="377"/>
<String CONTENT="A." HEIGHT="44" WIDTH="56" VPOS="3014" HPOS="406"/>
<SP HEIGHT="29" WIDTH="29" VPOS="3029" HPOS="463"/>
<String CONTENT="of" HEIGHT="44" WIDTH="50" VPOS="3013" HPOS="493"/>
<SP HEIGHT="43" WIDTH="25" VPOS="3013" HPOS="544"/>
<String CONTENT="the" HEIGHT="44" WIDTH="73" VPOS="3012" HPOS="570"/>
<SP HEIGHT="43" WIDTH="29" VPOS="3013" HPOS="644"/>
<String LANG="fr" CONTENT="U." HEIGHT="43" WIDTH="59" VPOS="3013" HPOS="674"/>
<SP HEIGHT="47" WIDTH="31" VPOS="3010" HPOS="734"/>
<String CONTENT="S." HEIGHT="47" WIDTH="45" VPOS="3010" HPOS="766"/>
<SP HEIGHT="44" WIDTH="29" VPOS="3011" HPOS="812"/>
<String CONTENT="A.," HEIGHT="51" WIDTH="69" VPOS="3011" HPOS="842"/>
<SP HEIGHT="50" WIDTH="31" VPOS="3012" HPOS="912"/>
<String CONTENT="New" HEIGHT="42" WIDTH="119" VPOS="3012" HPOS="944"/>
<SP HEIGHT="43" WIDTH="27" VPOS="3011" HPOS="1064"/>
<String CONTENT="York." HEIGHT="43" WIDTH="140" VPOS="3011" HPOS="1092"/>
<SP HEIGHT="52" WIDTH="69" VPOS="3011" HPOS="1233"/>
<String CONTENT="(26-6002)" HEIGHT="54" WIDTH="240" VPOS="3010" HPOS="1303"/>
</TextLine>
<TextLine HEIGHT="76" WIDTH="979" VPOS="3109" HPOS="66" STYLEREFS="StyleId-A071C6E5-3718-468C-8863-DED3FB99842D-">
<String CONTENT="Burroughs," HEIGHT="71" WIDTH="380" VPOS="3114" HPOS="66"/>
<SP HEIGHT="71" WIDTH="39" VPOS="3113" HPOS="447"/>
<String CONTENT="Wilbur" HEIGHT="60" WIDTH="247" VPOS="3110" HPOS="487"/>
<SP HEIGHT="58" WIDTH="35" VPOS="3110" HPOS="735"/>
<String CONTENT="Greeley." HEIGHT="73" WIDTH="274" VPOS="3109" HPOS="771"/>
</TextLine>
<TextLine HEIGHT="76" WIDTH="1839" VPOS="3199" HPOS="145" CS="1">
<String CONTENT="The" HEIGHT="56" WIDTH="127" VPOS="3206" HPOS="145"/>
<SP HEIGHT="51" WIDTH="33" VPOS="3224" HPOS="273"/>
<String CONTENT="geography" HEIGHT="73" WIDTH="363" VPOS="3202" HPOS="307"/>
<SP HEIGHT="52" WIDTH="30" VPOS="3221" HPOS="671"/>
<String CONTENT="of" HEIGHT="57" WIDTH="65" VPOS="3201" HPOS="702"/>
<SP HEIGHT="57" WIDTH="32" VPOS="3201" HPOS="768"/>
<String CONTENT="the" HEIGHT="57" WIDTH="102" VPOS="3201" HPOS="801"/>
<SP HEIGHT="38" WIDTH="32" VPOS="3220" HPOS="904"/>
<String CONTENT="western" HEIGHT="55" WIDTH="269" VPOS="3202" HPOS="937"/>
<SP HEIGHT="55" WIDTH="32" VPOS="3200" HPOS="1207"/>
<String CONTENT="Kentucky" HEIGHT="71" WIDTH="333" VPOS="3199" HPOS="1240"/>
<SP HEIGHT="52" WIDTH="29" VPOS="3218" HPOS="1574"/>
<String CONTENT="coal" HEIGHT="57" WIDTH="132" VPOS="3200" HPOS="1604"/>
<SP HEIGHT="55" WIDTH="31" VPOS="3200" HPOS="1737"/>
<String CONTENT="fields" HEIGHT="59" WIDTH="176" VPOS="3199" HPOS="1769"/>
<SP HEIGHT="38" WIDTH="38" VPOS="3219" HPOS="1946"/>
<String CS="1" CONTENT="&#8230;"/>
</TextLine>
<TextLine HEIGHT="77" WIDTH="1986" VPOS="3278" HPOS="63" CS="1">
<String CONTENT="by" HEIGHT="70" WIDTH="83" VPOS="3285" HPOS="63"/>
<SP HEIGHT="72" WIDTH="40" VPOS="3283" HPOS="147"/>
<String CONTENT="Wilbur" HEIGHT="57" WIDTH="248" VPOS="3282" HPOS="188"/>
<SP HEIGHT="58" WIDTH="44" VPOS="3281" HPOS="437"/>
<String CONTENT="Greeley" HEIGHT="70" WIDTH="263" VPOS="3280" HPOS="482"/>
<SP HEIGHT="72" WIDTH="41" VPOS="3278" HPOS="746"/>
<String CONTENT="Burroughs" HEIGHT="71" WIDTH="369" VPOS="3278" HPOS="788"/>
<SP HEIGHT="39" WIDTH="52" VPOS="3297" HPOS="1158"/>
<String CS="1" CONTENT="&#8230;"/>
<SP HEIGHT="57" WIDTH="89" VPOS="3279" HPOS="1274"/>
<String CONTENT="1st" HEIGHT="56" WIDTH="96" VPOS="3278" HPOS="1364"/>
<SP HEIGHT="56" WIDTH="46" VPOS="3278" HPOS="1461"/>
<String CONTENT="ed.," HEIGHT="71" WIDTH="110" VPOS="3278" HPOS="1508"/>
<SP HEIGHT="69" WIDTH="49" VPOS="3280" HPOS="1619"/>
<String CONTENT="500" HEIGHT="54" WIDTH="108" VPOS="3279" HPOS="1669"/>
<SP HEIGHT="55" WIDTH="45" VPOS="3279" HPOS="1778"/>
<String CONTENT="copies." HEIGHT="71" WIDTH="225" VPOS="3278" HPOS="1824"/>
</TextLine>
<TextLine HEIGHT="76" WIDTH="1907" VPOS="3354" HPOS="67" CS="1">
<String CONTENT="Frankfort," HEIGHT="71" WIDTH="364" VPOS="3359" HPOS="67"/>
<SP HEIGHT="72" WIDTH="27" VPOS="3358" HPOS="432"/>
<String CS="1" CONTENT="Ky.," HEIGHT="53" WIDTH="76" VPOS="3376" HPOS="526"/>
<SP HEIGHT="71" WIDTH="33" VPOS="3358" HPOS="603"/>
<String CONTENT="The" HEIGHT="56" WIDTH="127" VPOS="3357" HPOS="637"/>
<SP HEIGHT="57" WIDTH="29" VPOS="3356" HPOS="765"/>
<String CONTENT="Kentucky" HEIGHT="72" WIDTH="334" VPOS="3355" HPOS="795"/>
<SP HEIGHT="52" WIDTH="27" VPOS="3375" HPOS="1130"/>
<String CONTENT="geological" HEIGHT="73" WIDTH="342" VPOS="3354" HPOS="1158"/>
<SP HEIGHT="56" WIDTH="31" VPOS="3355" HPOS="1501"/>
<String CONTENT="survey," HEIGHT="53" WIDTH="243" VPOS="3374" HPOS="1533"/>
<SP HEIGHT="69" WIDTH="32" VPOS="3358" HPOS="1777"/>
<String CONTENT="1924." HEIGHT="55" WIDTH="164" VPOS="3357" HPOS="1810"/>
</TextLine>
<TextLine HEIGHT="116" WIDTH="1966" VPOS="3442" HPOS="63" STYLEREFS="StyleId-7118069C-B1A5-4575-95E2-C4A3C8C83F36-" CS="1">
<String CS="1" CONTENT="x"/>
<SP HEIGHT="37" WIDTH="27" VPOS="3465" HPOS="168"/>
<String CONTENT="p.," HEIGHT="37" WIDTH="54" VPOS="3465" HPOS="196"/>
<SP HEIGHT="53" WIDTH="30" VPOS="3449" HPOS="251"/>
<String CONTENT="2" HEIGHT="41" WIDTH="25" VPOS="3449" HPOS="282"/>
<SP HEIGHT="42" WIDTH="27" VPOS="3449" HPOS="308"/>
<String CS="1" CONTENT="l.," HEIGHT="16" WIDTH="22" VPOS="3483" HPOS="355"/>
<SP HEIGHT="51" WIDTH="28" VPOS="3448" HPOS="378"/>
<String CONTENT="211" HEIGHT="42" WIDTH="78" VPOS="3448" HPOS="407"/>
<SP HEIGHT="50" WIDTH="32" VPOS="3448" HPOS="486"/>
<String CONTENT="p." HEIGHT="38" WIDTH="37" VPOS="3460" HPOS="519"/>
<SP HEIGHT="42" WIDTH="30" VPOS="3446" HPOS="557"/>
<String CONTENT="incl." HEIGHT="43" WIDTH="98" VPOS="3445" HPOS="588"/>
<SP HEIGHT="43" WIDTH="34" VPOS="3445" HPOS="687"/>
<String CONTENT="front.," HEIGHT="49" WIDTH="152" VPOS="3445" HPOS="722"/>
<SP HEIGHT="50" WIDTH="30" VPOS="3444" HPOS="875"/>
<String CONTENT="illus.," HEIGHT="51" WIDTH="129" VPOS="3443" HPOS="906"/>
<SP HEIGHT="35" WIDTH="31" VPOS="3459" HPOS="1036"/>
<String CONTENT="maps," HEIGHT="38" WIDTH="141" VPOS="3457" HPOS="1068"/>
<SP HEIGHT="43" WIDTH="31" VPOS="3451" HPOS="1210"/>
<String CONTENT="tables." HEIGHT="45" WIDTH="155" VPOS="3442" HPOS="1242"/>
<SP HEIGHT="44" WIDTH="56" VPOS="3442" HPOS="1398"/>
<String CONTENT="23" HEIGHT="44" WIDTH="53" VPOS="3442" HPOS="1455"/>
<String STYLE="superscript" CONTENT="cm" HEIGHT="18" WIDTH="47" VPOS="3445" HPOS="1516"/>
<String CONTENT="." HEIGHT="9" WIDTH="9" VPOS="3477" HPOS="1569"/>
<SP HEIGHT="52" WIDTH="66" VPOS="3443" HPOS="1579"/>
<String CONTENT="(Kentucky" HEIGHT="54" WIDTH="268" VPOS="3442" HPOS="1646"/>
<SP HEIGHT="37" WIDTH="30" VPOS="3459" HPOS="1915"/>
<String CONTENT="geological" HEIGHT="99" WIDTH="1966" VPOS="3459" HPOS="63"/>
</TextLine>
<TextLine HEIGHT="57" WIDTH="666" VPOS="3499" HPOS="259" STYLEREFS="StyleId-7118069C-B1A5-4575-95E2-C4A3C8C83F36-" CS="1">
<String CONTENT="survey." HEIGHT="38" WIDTH="175" VPOS="3518" HPOS="259"/>
<SP HEIGHT="46" WIDTH="62" VPOS="3502" HPOS="435"/>
<String CONTENT="Series" HEIGHT="46" WIDTH="148" VPOS="3502" HPOS="498"/>
<SP HEIGHT="30" WIDTH="31" VPOS="3515" HPOS="647"/>
<String CS="1" CONTENT="VI," HEIGHT="14" WIDTH="9" VPOS="3538" HPOS="731"/>
<SP HEIGHT="35" WIDTH="32" VPOS="3517" HPOS="741"/>
<String CS="1" CONTENT="V." HEIGHT="8" WIDTH="8" VPOS="3536" HPOS="805"/>
<SP HEIGHT="42" WIDTH="32" VPOS="3502" HPOS="814"/>
<String CONTENT="24)" HEIGHT="53" WIDTH="78" VPOS="3499" HPOS="847"/>
</TextLine>
<TextLine HEIGHT="61" WIDTH="1985" VPOS="3554" HPOS="66" STYLEREFS="StyleId-7118069C-B1A5-4575-95E2-C4A3C8C83F36-">
<String CONTENT="&#169;" HEIGHT="53" WIDTH="52" VPOS="3562" HPOS="66"/>
<SP HEIGHT="53" WIDTH="30" VPOS="3562" HPOS="119"/>
<String CONTENT="Dec." HEIGHT="42" WIDTH="107" VPOS="3564" HPOS="150"/>
<SP HEIGHT="42" WIDTH="33" VPOS="3563" HPOS="258"/>
<String CONTENT="15," HEIGHT="52" WIDTH="63" VPOS="3560" HPOS="292"/>
<SP HEIGHT="50" WIDTH="32" VPOS="3562" HPOS="356"/>
<String CONTENT="1925;" HEIGHT="52" WIDTH="129" VPOS="3558" HPOS="389"/>
<SP HEIGHT="51" WIDTH="30" VPOS="3559" HPOS="519"/>
<String CONTENT="2c." HEIGHT="42" WIDTH="63" VPOS="3559" HPOS="550"/>
<SP HEIGHT="51" WIDTH="29" VPOS="3559" HPOS="614"/>
<String CONTENT="Jan." HEIGHT="51" WIDTH="98" VPOS="3559" HPOS="644"/>
<SP HEIGHT="42" WIDTH="34" VPOS="3558" HPOS="743"/>
<String CONTENT="18," HEIGHT="52" WIDTH="61" VPOS="3557" HPOS="778"/>
<SP HEIGHT="51" WIDTH="33" VPOS="3558" HPOS="840"/>
<String CONTENT="1926;" HEIGHT="51" WIDTH="130" VPOS="3556" HPOS="874"/>
<SP HEIGHT="36" WIDTH="31" VPOS="3571" HPOS="1005"/>
<String CONTENT="aff." HEIGHT="43" WIDTH="80" VPOS="3556" HPOS="1037"/>
<SP HEIGHT="45" WIDTH="31" VPOS="3554" HPOS="1118"/>
<String CONTENT="Feb." HEIGHT="45" WIDTH="106" VPOS="3554" HPOS="1150"/>
<SP HEIGHT="44" WIDTH="31" VPOS="3555" HPOS="1257"/>
<String CONTENT="8;" HEIGHT="50" WIDTH="49" VPOS="3555" HPOS="1289"/>
<SP HEIGHT="50" WIDTH="32" VPOS="3555" HPOS="1339"/>
<!-- cceid FC6A6F05-6E1A-1014-9B7B-CA07F191E62B --><String CONTENT="A" HEIGHT="42" WIDTH="44" VPOS="3555" HPOS="1372"/>
<SP HEIGHT="43" WIDTH="29" VPOS="3555" HPOS="1417"/>
<String CONTENT="879529;" HEIGHT="51" WIDTH="187" VPOS="3554" HPOS="1447"/>
<SP HEIGHT="49" WIDTH="33" VPOS="3556" HPOS="1635"/>
<String CONTENT="Willard" HEIGHT="44" WIDTH="198" VPOS="3555" HPOS="1669"/>
<SP HEIGHT="43" WIDTH="33" VPOS="3556" HPOS="1868"/>
<String CONTENT="Rouse" HEIGHT="43" WIDTH="149" VPOS="3557" HPOS="1902"/>
</TextLine>
<TextLine HEIGHT="63" WIDTH="1554" VPOS="3609" HPOS="135" STYLEREFS="StyleId-7118069C-B1A5-4575-95E2-C4A3C8C83F36-">
<String CONTENT="Jillson," HEIGHT="53" WIDTH="177" VPOS="3619" HPOS="135"/>
<SP HEIGHT="53" WIDTH="27" VPOS="3617" HPOS="313"/>
<String CONTENT="for" HEIGHT="43" WIDTH="74" VPOS="3617" HPOS="341"/>
<SP HEIGHT="36" WIDTH="26" VPOS="3623" HPOS="416"/>
<String CONTENT="the" HEIGHT="43" WIDTH="73" VPOS="3616" HPOS="443"/>
<SP HEIGHT="44" WIDTH="27" VPOS="3615" HPOS="517"/>
<String CONTENT="Kentucky" HEIGHT="51" WIDTH="242" VPOS="3615" HPOS="545"/>
<SP HEIGHT="38" WIDTH="25" VPOS="3628" HPOS="788"/>
<String CONTENT="geological" HEIGHT="54" WIDTH="250" VPOS="3612" HPOS="814"/>
<SP HEIGHT="42" WIDTH="32" VPOS="3612" HPOS="1065"/>
<String CONTENT="survey," HEIGHT="37" WIDTH="177" VPOS="3626" HPOS="1098"/>
<SP HEIGHT="53" WIDTH="30" VPOS="3609" HPOS="1276"/>
<String CONTENT="Frankfort," HEIGHT="52" WIDTH="263" VPOS="3609" HPOS="1307"/>
<SP HEIGHT="49" WIDTH="30" VPOS="3612" HPOS="1571"/>
<String CONTENT="Ky." HEIGHT="52" WIDTH="87" VPOS="3612" HPOS="1602"/>
</TextLine>
<TextLine HEIGHT="77" WIDTH="1036" VPOS="3710" HPOS="69">
<String CONTENT="Cabot," HEIGHT="71" WIDTH="212" VPOS="3716" HPOS="69"/>
<SP HEIGHT="72" WIDTH="37" VPOS="3715" HPOS="282"/>
<String CONTENT="Richard" HEIGHT="59" WIDTH="276" VPOS="3713" HPOS="320"/>
<SP HEIGHT="59" WIDTH="35" VPOS="3712" HPOS="597"/>
<String CONTENT="Clarke," HEIGHT="72" WIDTH="241" VPOS="3710" HPOS="633"/>
<SP HEIGHT="68" WIDTH="40" VPOS="3714" HPOS="875"/>
<String CONTENT="1868-" HEIGHT="58" WIDTH="189" VPOS="3711" HPOS="916"/>
</TextLine>
<TextLine HEIGHT="161" WIDTH="1958" VPOS="3796" HPOS="68" CS="1">
<String CONTENT="Facts" HEIGHT="56" WIDTH="189" VPOS="3807" HPOS="144"/>
<SP HEIGHT="39" WIDTH="32" VPOS="3824" HPOS="334"/>
<String CONTENT="on" HEIGHT="39" WIDTH="79" VPOS="3823" HPOS="367"/>
<SP HEIGHT="53" WIDTH="28" VPOS="3808" HPOS="447"/>
<String CONTENT="the" HEIGHT="58" WIDTH="101" VPOS="3803" HPOS="476"/>
<SP HEIGHT="58" WIDTH="29" VPOS="3802" HPOS="578"/>
<String CONTENT="heart," HEIGHT="70" WIDTH="199" VPOS="3802" HPOS="608"/>
<SP HEIGHT="70" WIDTH="31" VPOS="3802" HPOS="808"/>
<String CONTENT="by" HEIGHT="70" WIDTH="84" VPOS="3802" HPOS="840"/>
<SP HEIGHT="72" WIDTH="29" VPOS="3800" HPOS="925"/>
<String CONTENT="Richard" HEIGHT="57" WIDTH="276" VPOS="3799" HPOS="955"/>
<SP HEIGHT="60" WIDTH="34" VPOS="3796" HPOS="1232"/>
<String CONTENT="C." HEIGHT="59" WIDTH="64" VPOS="3796" HPOS="1267"/>
<SP HEIGHT="60" WIDTH="37" VPOS="3796" HPOS="1332"/>
<String CONTENT="Cabot" HEIGHT="60" WIDTH="198" VPOS="3796" HPOS="1370"/>
<SP HEIGHT="55" WIDTH="33" VPOS="3800" HPOS="1569"/>
<String CS="1" CONTENT="&#8230;"/>
<SP HEIGHT="56" WIDTH="74" VPOS="3799" HPOS="1665"/>
<String CONTENT="Philadelphia" HEIGHT="159" WIDTH="1958" VPOS="3798" HPOS="68"/>
</TextLine>
<TextLine HEIGHT="76" WIDTH="1555" VPOS="3876" HPOS="247">
<String CONTENT="and" HEIGHT="56" WIDTH="123" VPOS="3884" HPOS="247"/>
<SP HEIGHT="57" WIDTH="26" VPOS="3883" HPOS="371"/>
<String CONTENT="London," HEIGHT="71" WIDTH="276" VPOS="3881" HPOS="398"/>
<SP HEIGHT="74" WIDTH="25" VPOS="3878" HPOS="675"/>
<String CONTENT="W." HEIGHT="57" WIDTH="97" VPOS="3878" HPOS="701"/>
<SP HEIGHT="57" WIDTH="27" VPOS="3878" HPOS="799"/>
<String CONTENT="B." HEIGHT="56" WIDTH="72" VPOS="3878" HPOS="827"/>
<SP HEIGHT="59" WIDTH="31" VPOS="3876" HPOS="900"/>
<String CONTENT="Saunders" HEIGHT="59" WIDTH="318" VPOS="3876" HPOS="932"/>
<SP HEIGHT="38" WIDTH="30" VPOS="3896" HPOS="1251"/>
<String CONTENT="company," HEIGHT="55" WIDTH="323" VPOS="3893" HPOS="1282"/>
<SP HEIGHT="70" WIDTH="28" VPOS="3878" HPOS="1606"/>
<String CONTENT="1926." HEIGHT="57" WIDTH="167" VPOS="3876" HPOS="1635"/>
</TextLine>
</TextBlock>
</PrintSpace>
</Page>
</Layout>
</alto>