2542 4285
1380 3961 109 54 382

428 416 1959 75 toporphyrie, bearb. von L. Aschoft … M. Bürger … [u. a.]
428 493 1980 75 Hrsg. von A. Schittenhelm … Berlin, J. Springer, 1925.
495 588 26 40 2
553 601 39 27 v.
654 585 114 43 illus.
797 585 124 52 (part
954 585 110 53 col.)
1107 585 95 43 fold.
1252 587 100 49 tab.,
1389 585 165 52 diagrs.
1614 584 51 45 25
1674 589 14 16 cm
1726 621 7 7 .
1804 586 185 52 (Added
2025 593 116 45 t.-p.:
427 585 1959 109 Enzyklopaedie
604 644 78 41 der
707 642 248 42 klinischen

982 640 700 55 medizin … Spezieller eil)
497 711 215 45 Contains
739 711 363 53 bibliographies.

427 778 1897 55 © Nov. 7, 1925; 1c. Feb. 2, 1926; A—Foreign 30395; Julius Springer.
505 836 240 54 (26-8937)

430 933 336 71 Shepard’s
795 933 273 72 Georgia
1095 933 324 72 citations;
1447 954 38 37 a
1510 934 399 71 compilation
1937 935 68 56 of
2030 935 290 57 citations
2352 941 60 51 to

505 1010 270 73 Georgia
824 1030 205 51 cases;
1077 1010 234 58 United
1363 1011 212 58 States
1627 1012 120 57 and
1797 1012 272 71 Georgia
504 1010 1881 148 constitutions;
747 1088 272 72 Georgia
1066 1089 200 72 codes,

1312 1089 171 72 laws,
1528 1090 300 70 charters,
1876 1090 367 57 ordinances
2291 1091 119 57 and

505 1170 176 54 court
726 1166 186 73 rules,
956 1166 319 72 including
1319 1165 399 73 affirmances,
1765 1169 312 55 reversals
2124 1168 122 57 and

504 1167 1883 134 dismissals
798 1244 68 57 of
905 1244 273 72 Georgia
1219 1263 174 38 cases
1434 1245 83 70 by
1557 1244 103 57 the
1702 1244 270 72 Georgia
2016 1246 121 56 and
2180 1244 228 58 United

507 1322 210 58 States
756 1322 302 70 Supreme
1094 1325 210 55 courts
1341 1323 121 56 and
1498 1323 446 69 amendments,
1981 1322 264 72 repeals,
2281 1327 130 60 etc.,

507 1400 67 57 of
613 1400 104 57 the
759 1401 183 58 codes
983 1401 122 55 and
1145 1400 150 57 laws
1339 1398 349 74 appearing
1727 1401 64 55 in
1832 1398 269 74 Georgia
2144 1404 267 67 reports,

504 1478 152 58 vols.
714 1478 293 69 132-159;
1064 1477 271 72 Georgia
1390 1478 258 70 appeals
1702 1482 267 67 reports,
2024 1478 152 56 vols.
2233 1479 179 64 6-33;

505 1555 233 58 United
785 1555 212 58 States
1044 1555 303 71 Supreme
1391 1560 176 53 court
1609 1558 267 68 reports,
1920 1556 154 56 vols.
2121 1557 292 67 215-265;

505 1634 269 56 Federal
814 1636 307 68 reporter,
1160 1634 155 56 vols.
1359 1634 184 54 169-5
1583 1633 51 55 F
1676 1633 107 68 2d;
1828 1633 451 57 Southeastern
503 1653 1885 128 reporter,

766 1711 153 56 vols.
950 1712 241 55 64-126.
1276 1711 77 57 3d
1385 1711 91 57 ed.
1562 1710 425 72 Supplement,
2017 1712 165 55 1926.
2265 1710 147 57 New

503 1789 189 71 York,
722 1790 127 56 The
878 1789 213 56 Frank
1120 1788 286 72 Shepard
1435 1807 303 53 company
1769 1818 11 43 [
1783 1796 19 22 c
1806 1789 163 71 1926]

498 1881 78 46 958
605 1897 41 38 p.
706 1882 53 42 24
767 1884 46 17 cm
820 1919 8 8 .

498 1953 207 44 Lettered
729 1967 59 30 on
813 1966 159 30 cover:
1002 1952 102 44 Vol.
1134 1953 39 45 2.

499 2009 259 53 “Compiled
786 2011 58 51 by
873 2010 75 43 the
976 2008 266 53 publisher’s
1274 2009 206 43 editorial
1510 2007 148 46 staff.”

495 2066 119 53 Kept
636 2081 58 37 up
719 2075 43 35 to
789 2066 102 44 date
916 2067 58 51 by
999 2065 270 45 cumulative
1297 2065 313 52 supplements.

429 2133 52 54 ©
514 2136 110 51 Apr.
656 2135 39 49 2,
733 2135 104 42 1926
853 2149 8 37 ;
896 2135 63 42 2c.
993 2135 86 42 and
1112 2135 78 42 aff.
1223 2134 111 52 Apr.
1373 2134 73 51 10;
1482 2134 43 42 A
1558 2134 186 52 883981;
1780 2133 154 43 Frank
1972 2133 202 53 Shepard
2211 2149 64 28 co.

507 2189 240 56 (26-8657)

431 2289 274 73 Shipley,
740 2290 238 72 Joseph
1012 2290 49 56 T
1375 2309 175 53 comp.
1604 2290 122 57 and
1763 2294 73 52 tr.

507 2381 264 57 Modern
817 2381 244 56 French
1106 2383 254 68 poetry;
1411 2398 78 37 an
1540 2379 354 72 anthology,
1945 2379 304 71 compiled
2298 2381 118 55 and

433 2458 347 57 translated
811 2458 38 56 by
925 2458 240 70 Joseph
1201 2458 67 55 T.
1306 2456 275 72 Shipley.
1654 2457 148 55 New
1837 2456 189 72 York,
2062 2456 356 72 Greenberg

448 2537 185 72 [ c 1926]
498 2624 502 53 xxx, 384 p. 19½ cm .
430 2679 52 54 ©
507 2683 118 41 Mar.
654 2679 63 54 15,
745 2680 127 52 1926;
900 2681 63 43 2c.
993 2681 117 42 Mar.
1137 2679 77 53 27;
1240 2680 78 43 aff.
1345 2681 118 42 Mar.
1489 2679 75 51 30;
1593 2679 42 42 A
1660 2678 188 52 890266;
1880 2678 273 52 Greenberg,
2180 2676 239 55 publisher,

501 2737 81 44 inc.
652 2736 241 55 (26-8544)

432 2835 254 72 Sitwell,
732 2834 211 73 Edith,
990 2837 189 57 1887-

510 2928 232 71 Poetry
772 2927 122 58 and
924 2925 315 70 criticism,
1270 2926 80 69 by
1381 2925 194 57 Edith
1606 2924 253 58 Sitwell.
1943 2924 149 57 New
2122 2923 187 70 York,
2406 2969 10 9 H.

431 3005 150 58 Holt
613 3006 122 56 and
765 3023 304 52 company
1103 3033 11 43 [
1118 3012 18 22 c
1141 3005 145 54 1926]

495 3082 569 55 3 p. l. , 3-37 p. 19½cm.
432 3138 51 53 ©
512 3140 111 52 Apr.
656 3140 34 49 1,
721 3139 129 51 1926;
879 3138 64 43 2c.
972 3138 112 52 Apr.
1115 3137 48 53 7;
1196 3138 77 42 aff.
1305 3137 111 51 Apr.
1447 3137 48 52 8;
1528 3136 43 42 A
1600 3136 188 52 883920;
1821 3137 161 51 Henry
2012 3135 117 43 Holt
2157 3134 87 44 and
2273 3150 65 27 co.

508 3195 240 55 (26-8438)

434 3293 273 72 Stanley,
743 3293 168 71 May.

509 3384 265 72 Fishing
803 3385 293 55 weather.

505 3462 78 50 (In
615 3463 115 40 Blue
764 3463 139 40 Peter
935 3461 256 51 magazine,
1227 3461 131 50 Mar.,
1396 3459 127 51 1926)

433 3512 1989 56 © 1c. Apr. 26, 1926; A ad int. 8082; pubd. Mar. 1; May Mason, Long
504 3572 163 53 Beach,
708 3572 48 44 L.
796 3573 48 51 I.,
886 3572 59 43 N.
985 3572 57 43 Y.

436 3669 333 73 Stannard,
807 3671 141 56 Mae
985 3670 51 57 E
1352 3688 193 54 comp.

514 3760 310 73 Glimpses
865 3761 68 58 of
970 3761 223 58 Huron
1236 3761 181 58 shore
1457 3760 64 56 in
1564 3761 173 69 early
1776 3760 156 70 days
1973 3758 121 57 and
2137 3759 174 67 story
2352 3756 68 57 of

435 3839 397 70 Harrisville,
876 3838 303 73 compiled
1219 3839 65 56 in
1325 3839 148 56 1925
1512 3839 82 70 by
1635 3837 142 57 Mae
1819 3837 73 56 E.
1937 3836 319 58 Stannard
2298 3835 122 56 and
