2542 4285
0 0 0 0 227
105 374 358 74 Bridgman,
502 378 149 55 Mrs.
694 374 196 59 Helen
936 375 328 74 (Bartlett)

183 466 393 74 Conquering
621 469 103 60 the
767 469 213 71 world,
1026 471 82 69 by
1153 469 200 58 Helen
1398 469 274 58 Bartlett
1716 468 362 74 Bridgman.

103 545 149 57 New
278 544 189 72 York,
498 544 266 59 Cloister
788 543 362 74 publishing
1173 564 304 53 company
1506 578 7 39 [
1519 554 19 21 c
1542 547 162 71 1925]

169 634 96 52 xiii,
296 633 195 50 [15]-264
517 649 41 37 p.
615 635 55 44 20
676 637 47 18 cm

429 703 363 53 CONTENTS.—Conquering
823 705 73 44 the
927 702 402 54 world.—Among
1359 705 74 45 the
1461 703 295 54 hills.—John
1790 706 60 43 H.
1884 705 168 47 Fuller.

98 756 52 53 ©
178 759 106 42 Dec.
315 757 62 53 15,
409 758 127 52 1925;
564 759 64 42 2c.
657 760 107 43 Dec.
791 760 49 50 9;
870 760 77 42 aff.
978 760 118 42 Mar.
1122 759 39 52 2,
1193 759 104 43 1926;
1353 760 43 42 A
1424 759 188 53 883553;
1644 762 60 42 H.
1736 761 49 42 B.
1818 760 260 53 Bridgman,

170 815 243 51 Brooklyn.
482 813 241 55 (26-6157)

100 913 255 70 Brooks,
392 912 238 59 Linden
666 914 68 57 E.

178 1003 222 57 Poems
440 1003 67 58 of
543 1003 373 73 friendship,
954 1005 82 70 by
1072 1003 240 58 Linden
1349 1004 72 56 E.
1460 1004 259 58 Brooks.
100 1002 1953 150 [Middletown,
370 1109 28 43 O.]

433 1081 127 57 The
588 1081 475 72 Naegele-Auer
1088 1081 283 73 printing
1400 1100 303 53 company
1735 1112 12 43 [
1749 1089 19 23 c
1772 1083 163 71 1925]

172 1171 953 53 3 p. l., 9-22 p. front. (port.) 18½c m .
97 1237 52 54 ©
182 1241 105 42 Dec.
318 1240 65 52 23,
420 1238 127 53 1925;
580 1241 63 42 2c.
675 1241 97 51 Jan.
805 1241 65 50 21,
905 1240 129 52 1926;
1069 1240 77 43 aff.
1179 1241 98 51 Jan.
1308 1241 78 50 22;
1420 1241 43 42 A
1496 1239 187 53 883527;
1720 1241 49 42 L.
1802 1239 51 48 E.
1889 1241 190 51 Brooks,

167 1296 309 51 Middletown,
511 1297 53 43 O.
634 1295 241 55 (26-6379)

99 1394 188 72 Buck,
325 1395 192 57 Oscar
552 1393 383 59 MacMillan.

244 1482 1834 71 … Out of their own mouths; an elective course for
97 1581 210 53 young
330 1562 219 71 people
574 1581 77 38 on
675 1562 103 57 the
806 1560 296 74 religions
1130 1561 67 58 of
1220 1562 104 57 the
1347 1561 212 70 world,
1584 1562 83 71 by
1691 1560 195 59 Oscar
102 1561 1951 135 MacMillan

361 1636 1719 75 Buck … New York, Cincinnati, The Methodist
97 1716 157 58 book
277 1735 259 39 concern
564 1745 13 43 [
579 1723 19 23 c
602 1717 163 71 1926]

170 1807 78 44 136
271 1822 39 38 p.
373 1807 50 44 19
429 1809 46 17 cm
482 1842 7 7 .
558 1806 188 52 (World
774 1806 246 52 friendship
1044 1804 166 54 series)

168 1877 269 53 “Approved
463 1876 58 52 by
549 1875 74 45 the
653 1876 268 45 Committee
950 1891 58 29 on
1035 1874 273 45 curriculum
1334 1875 50 45 of
1411 1875 73 44 the
1513 1875 150 45 Board
1688 1875 51 45 of
1766 1874 235 46 education
2027 1874 50 45 of

93 1934 75 44 the
195 1933 248 46 Methodist
471 1932 241 54 Episcopal
736 1931 208 45 church.”

168 1990 74 44 An
269 1997 187 37 account
485 1989 51 45 of
562 2004 25 29 a
613 2003 173 39 voyage
814 1992 173 41 around
1018 1988 72 44 the
1118 1987 143 45 world
1292 1989 127 43 made
1447 1995 44 38 to
1521 1989 187 44 observe
1735 1987 212 46 different
100 1989 1956 110 religions.

93 2101 52 54 ©
179 2101 106 45 Feb.
319 2101 64 52 20,
420 2101 129 52 1926;
582 2102 64 42 2c.
680 2101 87 43 and
800 2101 77 43 aff.
914 2101 118 42 Mar.
1070 2100 74 52 10;
1180 2101 43 42 A
1255 2099 165 48 879783;
1485 2101 55 44 O.
1576 2101 64 43 M.
1678 2101 138 51 Buck,
1854 2100 224 52 Madison,

161 2157 434 54 N. J . (26-6655)
95 2256 300 72 Catullus,
431 2256 62 57 C.
528 2254 307 59 Valerius,

174 2347 340 61 Selections
553 2350 167 56 from
762 2347 302 72 Catullus,
1106 2346 207 60 edited
1349 2348 84 71 by
1469 2345 293 59 Nicholas
1804 2346 279 73 Moseley

163 2422 1822 76 … New York, Chicago [etc.] C. Scribner’s sons [ c 1926]
161 2518 97 44 xvii
284 2533 55 37 p.,
363 2518 28 41 2
433 2551 22 17 l.,
482 2514 107 48 3-79
613 2529 42 38 p.
717 2516 51 44 19½c
818 2517 30 18 m
853 2549 11 11 .

167 2574 231 47 “Selected
424 2571 345 53 bibliography”
785 2588 10 29 :
822 2585 42 38 p.
890 2568 203 47 xv-xvii.

91 2629 52 54 ©
178 2630 106 45 Feb.
321 2631 35 50 1,
391 2628 128 51 1926;
555 2628 65 43 2c.
656 2628 119 42 Mar.
813 2626 72 52 10;
924 2626 78 43 aff.
1039 2625 105 44 Feb.
1177 2626 80 51 23;
1295 2626 43 42 A
1375 2624 188 54 879802;
1604 2624 185 45 Charles
1829 2624 249 47 Scribner’s

162 2702 117 28 sons.
347 2684 241 55 (26-6694)

96 2782 452 69 Chamberlain,
576 2782 186 72 Mary
787 2779 269 58 Eleanor
1095 2777 299 73 (Anable)
1469 2779 152 57 “Mrs.
1652 2778 95 59 W.
1779 2778 49 57 I.
165 2778 1892 141 Chamberlain.”

167 2952 182 71 Fifty
376 2968 183 54 years
587 2948 66 56 in
680 2945 251 74 foreign
957 2944 196 72 fields,
1187 2943 217 72 China,
1432 2944 231 72 Japan,
1693 2944 202 72 India,
92 2946 1967 156 Arabia;

262 3051 37 36 a
331 3028 247 71 history
615 3026 67 58 of
717 3024 119 58 five
873 3024 261 58 decades
1174 3023 67 58 of
1277 3023 103 56 the
1418 3022 324 58 Woman’s
1781 3023 199 57 board
2016 3022 69 58 of

90 3108 249 73 foreign
374 3104 311 71 missions,
722 3101 342 59 Reformed
1099 3100 228 57 church
1363 3098 65 58 in
1464 3099 309 72 America,
1807 3100 84 71 by
1928 3100 154 57 Mrs.

89 3187 96 58 W.
222 3187 48 55 I.
311 3180 455 72 Chamberlain,
804 3179 359 73 1875-1925,
1197 3178 214 57 issued
1444 3177 65 56 in
1546 3176 83 58 its
1665 3177 230 72 jubilee
1931 3195 154 53 year

90 3266 82 70 by
216 3264 103 59 the
363 3262 326 57 Woman’s
733 3259 199 59 board
977 3257 68 57 of
1089 3255 251 72 foreign
1384 3253 313 72 missions,
1742 3253 342 60 Reformed

91 3333 1417 72 church in America … New York [ c 1925]
160 3435 75 34 xv,
265 3419 79 44 292
377 3432 37 38 p.
477 3416 149 51 front.,
659 3414 156 52 plates,
847 3418 153 49 ports.,
1036 3410 107 45 fold.
1176 3424 139 38 maps.
1376 3410 53 43 24½cm.

162 3476 124 45 “List
316 3474 49 45 of
394 3486 174 31 women
601 3468 317 50 missionaries,
952 3467 247 45 Reformed
1230 3466 168 44 church
1429 3466 46 44 in
1506 3464 266 46 America”:
1806 3480 39 37 p.
1879 3464 203 45 287-292.

91 3532 52 54 ©
172 3533 99 52 Jan.
300 3533 66 48 21,
398 3528 129 52 1925;
557 3529 64 42 2c.
652 3527 86 43 and
769 3526 78 42 aff.
880 3526 119 41 Mar.
1035 3524 63 50 11,
1131 3524 130 52 1926;
1294 3524 43 42 A
1370 3521 188 54 883582;
1592 3523 233 44 Woman’s
1857 3523 141 43 board
2031 3522 49 44 of

161 3589 179 52 foreign
370 3586 223 50 missions,
628 3584 53 42 R.
716 3581 48 45 C.
799 3582 72 51 A.,
905 3581 116 43 New
1054 3580 143 43 York.
1266 3576 242 56 (26-6526)

145 3687 155 71 Coffin,
339 3685 217 71 Henry
591 3681 244 71 Sloane,
874 3679 190 59 1877-

170 3779 128 56 The
335 3773 307 75 portraits
681 3771 68 57 of
786 3771 189 57 Jesus
1016 3766 217 60 Christ
1266 3766 68 56 in
1370 3767 104 57 the
1511 3766 152 59 New
1700 3767 380 72 Testament,

92 3843 1989 85 by Henry Sloane Coffin … New York, The Macmillan
91 3949 321 53 company,
447 3929 165 58 1926.
