2542 4285
1380 3984 150 58 1036

436 377 326 69 Cendrars,
807 375 227 59 Blaise.

512 481 215 58 Sutter
743 484 45 55 ’s
823 481 163 71 gold,
1016 481 84 69 by
1127 479 213 57 Blaise
1374 477 334 70 Cendrars,
1741 477 354 58 translated
2125 479 167 55 from
2322 476 107 58 the

435 560 245 57 French
711 560 83 70 by
822 558 222 71 Henry
1070 558 262 71 Longan
1366 556 239 58 Stuart.
1686 555 151 57 New
1866 554 174 57 York
2072 554 47 58 &
2151 555 278 71 London,

435 638 255 71 Harper
718 636 50 59 &
795 636 311 70 brothers,
1137 636 165 59 1926.

507 722 1557 57 6 p. l., 179 p. col. front. (port.) illus., col. plates. 21½cm.
440 797 53 54 ©
526 799 120 51 Sept.
681 796 63 52 17,
780 796 128 52 1926;
941 796 65 43 2c.
1041 795 120 52 Sept.
1195 796 74 51 14;
1303 795 78 43 aff.
1417 794 121 52 Sept.
1565 793 78 52 20;
1678 793 44 43 A
1752 792 189 53 950071;
1974 793 186 51 Harper
2191 792 86 43 and
2309 791 118 44 bros.

519 854 269 57 (26-16117)

443 955 288 72 Chicago.
813 953 387 73 University.

516 1048 333 57 Abstracts
893 1047 68 56 of
1001 1046 227 71 theses,
1272 1045 234 57 science
1552 1043 210 58 series,
1843 1061 57 38 v.
1944 1045 49 54 2.
2078 1042 353 58 Submitted

441 1129 64 54 to
534 1126 101 57 the
666 1124 292 58 faculties
992 1125 65 56 of
1086 1124 104 57 the
1219 1124 307 72 graduate
1561 1121 238 57 schools
1832 1122 68 56 of
1927 1121 108 57 the
2060 1120 375 72 University

442 1205 67 55 of
535 1202 268 73 Chicago
828 1203 107 56 for
956 1203 105 56 the
1086 1204 226 70 degree
1338 1201 67 57 of
1430 1203 214 55 doctor
1672 1200 67 56 of
1761 1199 395 72 philosophy,
2183 1197 254 74 August

441 1282 356 57 1923-June
830 1281 166 72 1924,
1023 1280 153 57 with
1206 1280 312 56 abstracts
1551 1279 67 55 of
1650 1297 167 38 some
1846 1278 209 56 theses
2090 1277 69 56 of
2190 1296 80 37 an
440 1296 1972 120 earlier
585 1361 162 55 date.
819 1357 287 74 Chicago,
1140 1358 114 72 Ill.,
1288 1357 129 57 The
1446 1356 374 72 University
1850 1356 67 56 of
1950 1354 271 73 Chicago
2251 1374 181 52 press

445 1467 14 45 [
458 1444 21 24 c
482 1438 165 75 1926]

510 1525 986 55 xi, 396 p., 2 l. tables, diagr. 23½ cm .
442 1596 54 54 ©
524 1597 118 53 Sept.
673 1599 32 49 1,
735 1598 129 52 1926;
892 1598 63 43 2c.
985 1597 101 44 Oct.
1111 1597 77 53 26;
1217 1597 79 44 aff.
1326 1597 100 44 Oct.
1453 1595 79 54 27;
1561 1596 45 42 A
1631 1594 189 54 949732;
1849 1595 270 53 University
2142 1594 53 45 of
2223 1593 214 54 Chicago,

515 1654 213 53 Chicago.

444 1753 204 73 Clark,
697 1754 256 58 Charles
1001 1754 233 73 Upson,
1283 1757 190 56 1875-

441 1842 2000 152 Medieval and late Latin selections for the use of college students, by Charles Upson Clark … and Josiah
441 1998 1999 74 Bethea Game … Chicago, New York [etc.] Mentzer, Bush
443 2075 48 58 &
521 2095 307 53 company
861 2106 13 43 [
875 2085 20 22 c
898 2077 166 72 1925]

514 2165 544 53 3 p. l., 242 p. 19½ cm .
447 2235 53 54 ©
534 2237 118 52 Sept.
682 2237 68 53 25,
784 2236 104 45 1925
905 2253 9 37 ;
946 2238 64 43 2c.
1043 2240 87 42 and
1160 2240 78 42 aff.
1273 2238 120 53 Sept.
1430 2239 61 51 14,
1529 2239 105 43 1926
1649 2254 9 37 ;
1692 2239 45 42 A
1767 2239 164 44 949008
1946 2253 9 38 ;
1991 2239 226 51 Mentzer,
2251 2238 123 43 Bush
2405 2239 38 43 &

518 2310 63 28 co.
651 2295 269 55 (26-16230)

449 2402 346 74 Cornillier,
836 2403 215 58 Pierre
1088 2394 219 68 Émile.

442 2494 1999 154 La prediction de l’ avenir (nouvelle théorie expérimentale) par Pierre-Émile Cornillier. Paris, F. Alcan, 1926.
513 2665 63 53 xi,
609 2666 90 51 110,
746 2667 28 42 [2]
817 2680 42 37 p.
922 2665 50 46 19
978 2668 47 17 cm
1031 2701 10 9 .

448 2733 1939 63 © Apr. 30, 1926; 1c. July 1; A—Foreign 31463; P. É. Cornillier, Paris.
529 2797 270 55 (26-16159)

447 2897 241 73 Daniel,
733 2898 401 74 Hawthorne,
1178 2902 190 56 1890-

526 2988 1853 76 The gauntlet of Dunmore, by Hawthorne Daniel …
449 3066 361 60 illustrated
849 3070 85 70 by
976 3068 224 72 Henry
1240 3069 158 57 Pitz.
1480 3068 153 58 New
1674 3068 191 74 York,
1914 3068 130 58 The
2090 3067 361 60 Macmillan

448 3164 321 54 company,
808 3148 167 56 1926.

522 3235 1044 57 7 p. l., 252 p. incl. front., plates. 19½cm.
450 3306 56 54 ©
535 3307 119 52 Sept.
680 3309 66 50 21,
776 3308 107 43 1926
896 3323 8 38 ;
933 3309 64 43 2c.
1024 3309 87 42 and
1138 3309 78 42 aff.
1249 3308 119 54 Sept.
1395 3308 79 53 22;
1503 3309 44 42 A
1574 3307 189 54 950139;
1794 3307 269 45 Macmillan
2087 3323 64 29 co.

532 3364 270 56 (26-16265)

450 3464 212 74 Dobie,
713 3463 257 60 Charles
1017 3465 313 70 Caldwell,
1380 3469 190 57 1881-

526 3558 152 60 Less
729 3560 152 57 than
926 3559 138 73 kin;
1114 3581 39 38 a
1196 3561 201 72 novel,
1444 3564 84 69 by
1579 3560 258 60 Charles
1889 3560 297 60 Caldwell
2232 3560 215 59 Dobie.

450 3637 151 59 New
627 3637 190 73 York,
848 3638 132 59 The
1006 3639 170 58 John
1203 3639 143 73 Day
1371 3657 324 54 company,
1725 3640 165 56 1926.

523 3728 643 52 4 p. l., 405, [1] p. 19½cm.
524 3796 182 46 “About
730 3798 73 44 the
827 3796 194 46 author”
1037 3814 9 29 :
1071 3812 133 31 verso
1232 3800 53 44 of
1310 3801 55 43 3d
1390 3798 175 51 prelim,
1592 3798 104 46 leaf.

455 3861 57 58 ©
544 3863 119 53 Sept.
697 3864 61 52 18,
792 3864 106 44 1926
912 3879 9 37 ;
952 3865 64 43 2c.
1044 3866 87 42 and
1160 3865 77 43 aff.
1272 3865 119 52 Sept.
1420 3865 53 44 23
1489 3880 9 37 ;
1531 3866 45 42 A
1605 3866 164 44 949129
1785 3881 9 38 ;
1831 3865 48 45 C.
1912 3866 48 45 C.
1993 3867 159 52 Dobie,
2187 3867 92 46 San
528 3866 1902 100 Francisco.
728 3921 271 55 (26-16195)
