2542 4285
1107 4006 147 59 1467

251 479 1208 56 vii, 182 p. illus. (incl. ports.) VIII pl. 23½ cm .
181 533 1963 116 © Dec. 4, 1925; 1c. Oct. 19, 1926; A—Foreign 32048; J. F. Lehmanns v erlag. (26-24499)
184 667 417 56 Connecticut.
683 668 300 69 Supreme
1019 670 173 52 court
1228 665 66 71 of
1325 683 220 37 errors.

261 755 1904 74 Cases argued and determined … January-July, 1926.
225 883 10 10 v.
264 839 123 54 104.
470 836 96 72 By
589 836 168 57 John
854 883 9 8 M.
894 835 267 71 Comley.
1247 834 150 56 New
1421 833 189 70 York,
1638 833 211 56 Banks
1876 833 119 55 law

179 831 1965 155 publishing
442 933 103 52 co.,
579 914 164 56 1926.

247 992 77 50 xii,
342 991 77 44 831
440 1006 37 37 p.
537 991 53 43 24
596 994 46 17 cm
650 1026 7 8 .

180 1046 52 54 ©
260 1050 106 41 Dec.
398 1049 61 51 13,
492 1048 126 51 1926;
647 1049 63 41 2c.
738 1049 86 42 and
851 1049 77 41 aff.
959 1048 106 42 Dec.
1098 1045 74 53 15;
1200 1047 44 42 A
1272 1044 188 53 957655;
1492 1045 186 43 Francis
1707 1046 56 42 A.
1794 1045 198 51 Pallotti,
249 1059 1895 98 secretary

376 1105 50 43 of
453 1113 113 35 state
593 1105 50 43 of
669 1105 304 49 Connecticut,
1003 1104 243 43 Hartford.

183 1175 281 68 Courths,
496 1178 171 55 Frau
701 1174 267 74 Hedwig
1008 1173 301 74 (Mahler)
1355 1176 189 56 1867-

254 1267 116 56 Die
402 1267 220 56 schöne
652 1267 411 72 unbekannte,
1094 1285 218 38 roman
1341 1285 122 37 von
1491 1265 79 57 H.
1606 1264 562 59 Courths-Mahler.

178 1343 258 73 Leipzig
465 1345 124 57 und
621 1344 186 71 Bern,
842 1345 69 55 F.
946 1344 355 57 Rothbarth
1338 1374 13 43 [
1354 1351 17 22 c
1376 1344 163 74 1926]

252 1420 565 54 1 p. l., 5-184 p. 16 cm .
177 1476 1801 55 © June 9, 1926; 1c. Oct. 8; A —Foreign 32240; Friedrich Rothbarth.
258 1534 268 55 (26-24152)

179 1605 212 72 Davis,
435 1605 193 58 Edith
670 1606 157 58 Ella.

253 1697 241 59 Echoes
534 1698 168 59 from
744 1700 104 58 the
891 1701 246 69 temple,
1180 1701 82 70 by
1302 1699 194 58 Edith
1538 1699 143 57 Ella
1723 1698 213 59 Davis.
2020 1699 150 57 New

176 1776 188 72 York,
395 1774 192 60 Bloch
620 1774 360 77 publishing
1013 1796 322 53 company,
1365 1777 135 71 inc.,
1535 1778 163 56 1926.

245 1854 93 50 viii,
367 1856 54 45 64
448 1870 40 35 p.
547 1855 54 45 20
607 1858 47 17 cm
660 1892 9 8 .

249 1913 176 46 Poems.

178 1964 54 53 ©
260 1966 119 44 Nov.
410 1965 63 51 15,
503 1967 127 50 1926;
656 1966 65 43 2c.
750 1967 107 42 Dec.
890 1965 73 53 15;
992 1966 77 43 aff.
1098 1967 107 42 Dec.
1236 1965 72 51 14;
1341 1965 43 42 A
1412 1964 187 53 957636;
1632 1965 141 44 Bloch
1801 1967 98 50 pub.
1930 1981 77 35 co.,
2038 1968 82 42 inc.

259 2022 269 54 (26-23921)

179 2093 191 73 Dean,
411 2093 372 71 Alexander,
827 2098 188 55 1893-

252 2185 190 60 Little
481 2188 243 58 theatre
764 2187 432 73 organization
1236 2190 122 57 and
1397 2193 435 69 management
1871 2190 104 56 for
175 2208 1974 131 community,

469 2265 354 74 university
854 2269 122 57 and
1013 2266 224 71 school,
1269 2265 320 74 including
1623 2287 34 37 a
1688 2266 247 73 history
1968 2269 67 57 of
2068 2268 104 58 the

177 2343 1998 74 amateur in drama, by Alexander Dean … Preface by
176 2421 243 62 Walter
463 2422 308 60 Prichard
815 2423 225 57 Eaton.
1123 2423 152 58 New
1319 2423 174 57 York
1541 2426 144 69 [etc.]
1735 2423 74 60 D.
1856 2422 318 74 Appleton

179 2504 122 56 and
332 2519 320 54 company,
686 2502 166 56 1926.

247 2579 1927 54 xiii, 333 p. front. (diagr.) 21 cm . (Half-title: The Drama league library
179 2640 53 42 of
264 2638 73 45 the
369 2639 174 44 theatre
573 2638 120 50 arts)

181 2688 52 54 ©
261 2693 107 41 Dec.
400 2691 62 50 10,
491 2692 127 51 1926;
646 2691 62 43 2c.
736 2691 85 43 and
849 2691 77 42 aff.
956 2691 108 42 Dec.
1096 2688 73 53 15;
1199 2690 43 42 A
1270 2688 189 55 957633;
1491 2691 55 43 D.
1576 2690 224 53 Appleton
1829 2691 37 44 &
1894 2707 64 27 co.

259 2748 269 54 (26-23919)

182 2820 92 56 De
309 2820 227 71 Korne,
576 2820 168 58 John
784 2820 62 58 C.

262 2909 263 60 Chinese
560 2911 197 58 altars
792 2914 63 58 to
892 2912 102 56 the
1026 2911 307 56 unknown
1366 2911 166 70 God;
1566 2931 80 37 an
1677 2915 258 54 account
1970 2913 66 56 of
2068 2914 104 56 the

184 2987 294 75 religions
510 2989 66 57 of
607 2988 197 59 China
835 2991 122 56 and
986 2989 102 58 the
1119 2988 311 58 reactions
1462 2992 62 54 to
1555 2989 165 57 them
1750 2988 68 60 of
1852 2989 322 59 Christian

182 3066 1990 72 missions. By John C. De Korne … [Grand Rapids,
184 3144 205 64 Mich.,
419 3155 18 21 c
441 3147 161 66 1926]

255 3220 1212 56 3 p. l., ix-xiii p., 1 l., 139, [3] p. illus. 20½ cm .
257 3280 147 42 Blank
432 3295 134 37 pages
598 3280 74 44 for
703 3280 356 44 “Memoranda”
1097 3279 82 54 ([3]
1210 3287 45 37 at
1283 3279 110 52 end)

257 3335 350 54 Bibliography:
639 3352 39 37 p.
712 3334 201 46 117-122.

183 3392 54 53 ©
260 3393 118 43 Nov.
407 3395 62 45 11,
499 3394 127 51 1926;
652 3394 63 42 2c.
742 3394 107 43 Dec.
875 3395 48 48 4;
954 3393 77 44 aff.
1059 3394 107 42 Dec.
1192 3393 48 49 2;
1271 3394 41 41 A
1340 3391 188 53 958228;
1559 3392 188 45 Smitter
1771 3393 119 43 book
1915 3408 79 35 co.,
2024 3392 153 44 Grand

255 3451 183 52 Rapids,
458 3450 138 43 Mich.
666 3451 269 52 (26-23895)

183 3521 238 73 Denny,
467 3522 195 58 Grace
705 3521 295 59 Goldena.

263 3611 261 60 Fabrics
560 3613 123 56 and
714 3612 139 57 how
884 3615 63 55 to
978 3613 178 56 know
1192 3613 197 70 them;
1427 3612 353 59 definitions
1816 3613 68 57 of
1918 3612 257 71 fabrics,

185 3689 303 71 practical
522 3690 213 59 textile
769 3694 175 67 tests,
980 3689 439 59 classification
1455 3692 67 57 of
1554 3691 236 58 fabrics
1844 3692 82 70 [by]
1978 3690 198 59 Grace

188 3767 1964 137 Goldena Denny … 2d ed., rev. and reset, 55 illustrations.
455 3846 437 73 Philadelphia
932 3848 120 56 and
1090 3847 277 70 London,
1409 3848 60 57 J.
1506 3848 70 55 B.
1617 3847 364 74 Lippincott
187 3865 1966 133 company
390 3954 12 45 [
404 3933 20 21 c
427 3925 161 74 1926]
