2542 4285
1344 3969 112 58 970

393 359 307 73 Banning,
739 359 326 72 Margaret
1104 356 242 59 Culkin.

472 450 128 58 The
640 467 239 38 women
923 447 68 58 of
1030 449 103 56 the
1176 446 240 71 family,
1458 449 81 68 by
1582 446 325 69 Margaret
1952 442 222 59 Culkin
393 444 1962 153 Banning.

635 527 151 56 New
816 526 175 56 York
1025 527 124 57 and
1181 524 279 70 London,
1494 524 255 71 Harper
1786 521 47 58 &
1865 521 310 70 brothers,
2214 521 164 56 1926.

463 601 660 54 viii p., 1 l., 309 p. 19½c m .
396 658 54 53 ©
483 659 119 52 Sept.
633 660 38 50 3,
706 658 128 51 1926;
864 659 65 41 2c.
964 658 119 50 Sept.
1115 658 49 51 2;
1198 658 78 42 aff.
1311 657 120 52 Sept.
1464 656 48 52 8;
1547 657 43 41 A
1624 656 186 51 901840;
1847 657 64 41 M.
1946 654 49 45 C.
2031 654 218 52 Banning,

467 655 1892 113 Duluth,
614 716 141 42 Minn.
826 713 268 55 (26-15472)

396 813 272 73 Bartley,
702 816 152 56 Mrs.
893 813 234 58 Nalbro
1200 811 285 70 Isadorah,
1527 814 187 57 1888-

471 901 1911 76 Her mother’s daughter, by Nalbro Bartley … New
397 983 187 73 York,
618 982 243 73 George
892 982 80 58 H.
1005 982 216 57 Doran
1254 999 307 53 company
1594 1010 13 44 [
1610 988 18 22 c
1631 981 163 71 1926]

464 1058 81 46 307
579 1074 41 39 p.
683 1060 50 44 19½
767 1062 48 18 cm
820 1094 10 10 .

393 1114 56 54 ©
483 1116 117 53 Sept.
633 1117 35 49 3,
706 1116 128 52 1926;
867 1117 64 42 2c.
966 1116 119 51 Sept.
1119 1115 48 52 7;
1202 1116 78 42 aff.
1315 1114 119 53 Sept.
1467 1114 49 52 4;
1551 1115 43 41 A
1627 1111 188 54 901795;
1852 1114 58 41 N.
1946 1112 199 53 Bartley,
2179 1110 206 55 Niagara

468 1173 136 53 Falls,
639 1175 58 42 N.
732 1174 56 42 Y.
856 1173 268 54 (26-15400)

397 1275 205 69 Bates,
644 1272 349 59 Katharine
1032 1272 135 68 Lee,
1211 1273 189 57 1859-
1557 1272 90 58 ed.

540 1356 1846 76 … Tom Thumb and other old-time fairy tales, edited
395 1437 1992 74 by Katharine Lee Bates … with pictures by Margaret
397 1519 213 57 Evans
658 1517 199 58 Price.
969 1517 290 72 Chicago,
1309 1518 151 56 New
1506 1517 191 70 York,
1747 1515 202 71 Rand,
2001 1514 292 74 McNally
2341 1517 47 56 &

395 1596 543 72 company [ c 1926]
470 1672 79 46 [32]
584 1686 40 38 p.
684 1672 83 42 col.
802 1671 157 49 front.,
992 1671 83 42 col.
1108 1670 117 43 illus.
1286 1671 49 42 31
1346 1673 46 16 cm
1399 1704 9 8 .
1477 1669 153 54 (Once
1660 1683 123 38 upon
1817 1685 24 27 a
1873 1668 109 44 time
2016 1668 167 53 series)

735 1723 189 48 CONTENTS.—Tom
958 1723 360 47 Thumb.—The
1352 1740 144 39 goose
1530 1725 277 53 girl.—Jack
1840 1726 91 42 and
1967 1725 76 44 the
2078 1725 311 43 beanstalk.—

399 1782 451 45 Bluebeard.—Puss
879 1781 47 44 in
954 1783 148 43 boots.

395 1839 57 53 ©
481 1842 117 52 Aug.
626 1840 36 48 4,
696 1840 129 51 1926;
854 1841 62 42 2c.
945 1841 119 51 Aug.
1094 1838 49 53 7;
1174 1841 78 41 aff.
1282 1839 116 52 Aug.
1425 1839 79 52 23;
1536 1839 44 42 A
1610 1838 188 53 897979;
1830 1840 142 51 Rand,
2004 1838 222 53 McNally
2256 1839 38 43 &
2322 1853 63 29 co.

477 1896 268 56 (26-15414)

400 1984 151 56 Best
590 2003 298 51 sermons,
930 1985 165 55 1926.
1176 1983 233 57 Edited
1447 1982 152 57 with
1633 1982 426 57 introduction
2101 1984 123 56 and
476 1982 1886 151 biographical

826 2060 1561 73 notes by Joseph Fort Newton … New York,
477 2140 336 70 Harcourt,
846 2139 203 57 Brace
1083 2141 122 55 and
1241 2157 306 53 company
1622 2139 162 71 [c1926]

466 2216 92 52 xiv,
586 2215 80 44 395
697 2230 40 38 p.
797 2216 50 43 21
858 2219 46 17 cm
911 2251 8 8 .

401 2271 52 54 ©
488 2273 118 52 Sept.
638 2274 64 49 30,
737 2273 128 52 1926;
897 2274 63 42 2c.
992 2274 86 42 and
1109 2274 77 42 aff.
1220 2273 101 44 Oct.
1352 2273 47 51 7;
1434 2274 43 41 A
1509 2271 188 53 949387;
1734 2274 247 50 Harcourt,
2014 2272 145 44 Brace
2189 2273 87 43 and
2308 2287 79 38 co.,

472 2331 81 43 inc.

400 2414 193 60 Bible.
667 2417 75 57 N.
783 2418 67 56 T.

477 2505 397 61 Concordant
900 2506 273 75 version,
1203 2507 105 58 the
1338 2506 220 57 sacred
1589 2505 380 73 Scriptures,
1999 2506 301 73 designed
2325 2510 65 53 to

399 2588 114 68 put
539 2584 103 59 the
670 2583 267 72 English
963 2584 224 57 reader
1215 2583 65 58 in
1307 2583 363 73 possession
1699 2583 67 57 of
1796 2583 83 57 all
1907 2584 104 58 the
2039 2582 159 58 vital
2226 2582 165 59 facts

396 2666 68 57 of
487 2663 208 60 divine
720 2662 346 60 revelation
1088 2664 262 59 without
1374 2685 35 37 a
1434 2666 238 57 former
1693 2664 361 72 knowledge
2079 2664 66 58 of
2172 2664 219 71 Greek,

398 2741 97 71 by,
517 2758 215 41 means
774 2739 68 57 of
882 2759 39 38 a
960 2739 289 58 restored
1290 2739 202 58 Greek
1532 2742 151 68 text,
1724 2739 152 58 with
1915 2738 258 62 various
399 2740 1970 149 readings,

586 2816 414 72 conforming,
1029 2836 69 37 as
1127 2816 103 58 far
1260 2836 70 38 as
1358 2816 293 75 possible,
1680 2823 63 53 to
1773 2817 103 59 the
1905 2816 285 73 inspired
400 2820 1966 148 autographs,
704 2916 35 37 a

787 2894 345 57 consistent
1180 2894 315 58 sublinear
1544 2895 193 57 based
1781 2913 171 54 upon
2001 2914 38 38 a
2089 2895 305 59 standard

400 2971 266 73 English
700 2971 356 71 equivalent
1090 2971 102 57 for
1229 2973 150 55 each
1416 2971 201 58 Greek
1650 2973 282 70 element,
1968 2973 124 57 and
2127 2992 76 40 an
397 2973 1969 147 idiomatic,

636 3048 397 73 emphasized
1064 3049 267 72 English
1361 3048 254 59 version
1643 3049 152 58 with
1824 3052 199 69 notes,
2055 3050 195 57 which
2286 3070 107 38 are

399 3126 209 59 linked
637 3127 288 70 together
958 3126 123 57 and
1109 3127 352 59 correlated
1492 3126 102 58 for
1625 3128 102 58 the
1760 3126 268 73 English
2058 3128 224 57 reader
2312 3131 83 70 by

399 3222 213 40 means
645 3203 67 57 of
740 3222 79 38 an
847 3203 269 72 English
1142 3204 420 59 concordance
1595 3205 123 57 and
1744 3204 241 58 lexicon
2017 3206 123 56 and
2170 3225 37 38 a
401 3226 1966 126 complementary

841 3279 109 58 list
998 3282 68 57 of
1114 3281 103 57 the
1271 3281 202 58 Greek
1522 3282 314 58 elements.
1924 3283 126 57 Los
2099 3283 294 72 Angeles,

404 3357 203 72 Calif.,
648 3358 129 57 The
818 3355 398 61 Concordant
1253 3359 363 73 publishing
1653 3379 263 39 concern
1959 3389 13 43 [
1974 3368 19 23 c
1997 3361 164 72 1926]

475 3434 134 46 [1531]
637 3448 41 37 p.
704 3432 103 44 incl.
837 3433 154 50 front.,
1020 3434 117 44 illus.
1165 3434 259 54 (facsims.)
1457 3435 146 54 diagr.
1657 3438 51 42 21½c
1765 3440 29 16 m
1800 3472 8 7 .

474 3487 240 55 Compiled
739 3489 58 53 by
823 3488 152 44 Adolf
1003 3490 40 46 E
1083 3490 180 44 Knoch.

405 3544 52 54 ©
490 3547 111 51 Apr.
638 3547 61 51 10,
734 3547 129 51 1926;
896 3547 65 42 2c.
993 3548 111 51 Apr.
1138 3548 77 51 21;
1250 3549 78 43 aff.
1360 3550 111 50 Apr.
1503 3550 78 50 20;
1617 3551 42 41 A
1693 3550 187 52 891097;
1915 3552 56 42 A.
2006 3550 52 47 E.
2093 3551 177 52 Knoch,
2342 3567 50 28 Los

474 3604 211 52 Angeles.
756 3603 269 54 (26-15550)

407 3686 1989 80 Building on the Rock … an account of the first quarter
485 3766 66 56 of
591 3784 35 37 a
670 3770 260 70 century
973 3769 67 57 of
1078 3768 264 59 mission
1381 3771 171 55 work
1592 3772 158 57 done
1789 3772 85 72 by
1912 3772 104 57 the
2056 3771 335 59 American

483 3843 359 58 Mennonite
872 3844 280 75 mission,
1184 3847 352 73 Dhamtari,
1574 3847 62 60 C.
1671 3850 90 70 P.,
1794 3848 202 72 India,
2033 3850 358 70 1899-1924,
