2609 4293
0 0 0 0 118
482 358 378 73 Hallimond,
899 361 169 57 John
1101 361 52 58 G
1467 363 356 57 1852-1924.

559 449 377 59 Greatheart
975 450 68 58 of
1079 450 103 58 the
1220 450 297 72 Bowery;
1555 451 208 57 leaves
1802 451 167 58 from
2007 452 101 58 the
2148 453 319 73 life-story

482 527 67 57 of
575 528 168 58 John
772 527 70 59 G.
871 528 380 72 Hallimond,
1279 529 126 56 late
1435 528 515 71 superintendent
1979 530 66 57 of
2071 530 101 58 the
2200 530 265 73 Bowery

477 604 291 72 mission;
807 605 430 73 biographical
1276 605 317 57 foreword
1629 606 84 71 by
1751 605 241 73 George
2032 608 79 56 H.
2154 607 311 60 Sandison

549 680 1917 77 … New York, Chicago [etc.] Fleming H. Revell company
480 791 12 43 [
495 769 20 22 c
518 762 164 72 1925]

547 838 961 56 207 p. front. (port.) plates. 19½cm.
478 894 53 54 ©
560 898 98 51 Jan.
686 897 66 50 23,
786 896 103 42 1926;
943 897 66 41 2c.
1039 896 87 42 and
1155 895 78 43 aff.
1264 895 99 51 Jan.
1395 894 75 52 30;
1504 895 44 42 A
1578 895 189 52 883099;
1800 895 207 54 Fleming
2038 898 60 42 H.
2132 897 159 43 Revell
2319 913 65 28 co.

557 952 241 55 (26-3602)

478 1036 252 74 Halsey,
768 1036 278 60 Richard
1082 1035 49 57 T
1445 1035 254 69 Haines,
1739 1038 188 56 1865-

556 1129 129 55 The
712 1129 213 56 homes
956 1127 67 56 of
1052 1145 116 38 our
1196 1129 338 69 ancestors,
1566 1145 69 39 as
1667 1126 212 58 shown
1908 1127 66 56 in
2002 1127 103 57 the
2134 1127 335 59 American

479 1206 165 72 wing
679 1206 67 56 of
782 1205 104 57 the
924 1204 451 71 Metropolitan
1414 1222 281 39 museum
1737 1204 67 57 of
1844 1207 103 54 art
1984 1204 68 57 of
2089 1205 153 57 New
2278 1204 190 75 York,

477 1282 166 58 from
680 1283 104 57 the
819 1281 372 73 beginnings
1227 1281 67 57 of
1331 1280 154 58 New
1518 1281 293 73 England
1846 1282 272 72 through
2154 1283 104 57 the
2296 1282 174 73 early

478 1361 155 70 days
668 1360 68 57 of
767 1360 104 56 the
907 1358 301 72 Republic;
1277 1358 348 73 exhibiting
1655 1358 105 58 the
1796 1360 430 70 development
2263 1359 69 58 of
2364 1361 106 56 the

478 1441 134 55 arts
654 1438 69 57 of
762 1436 267 59 interior
1073 1435 415 59 architecture
1535 1436 123 58 and
1700 1435 194 59 house
1941 1436 378 71 decoration,
2365 1438 104 58 the

477 1518 133 55 arts
651 1516 67 56 of
756 1514 517 73 cabinetmaking,
1315 1513 512 73 silversmithing,
1871 1517 130 68 etc.,
2044 1514 268 72 especial
477 1534 1968 130 emphasis

721 1592 185 72 being
931 1591 129 58 laid
1085 1610 167 52 upon
1281 1592 103 57 the
1410 1590 180 72 point
1618 1591 138 57 that
1784 1610 117 38 our
1926 1591 173 72 early
2126 1591 344 58 craftsmen

478 1670 257 57 evolved
778 1669 167 57 from
986 1668 104 58 the
1132 1668 286 58 fashions
1464 1668 67 57 of
1573 1668 104 58 the
1721 1667 118 59 Old
1881 1668 197 57 world
2121 1688 35 37 a
2200 1670 159 70 style
2402 1669 67 57 of

477 1747 165 57 their
677 1766 165 51 own;
877 1746 151 57 with
1065 1764 78 39 an
1180 1749 259 54 account
1478 1745 66 58 of
1579 1746 103 57 the
1723 1746 190 57 social
1951 1746 348 58 conditions
477 1764 1969 132 surrounding

827 1824 103 57 the
969 1823 112 57 life
1123 1823 68 56 of
1230 1824 104 56 the
1374 1823 271 72 original
1683 1842 241 38 owners
1966 1823 68 56 of
2072 1823 101 57 the
2211 1823 256 58 various

477 1920 225 38 rooms.
775 1900 96 72 By
903 1901 71 56 R.
1012 1901 67 56 T.
1113 1900 78 56 H.
1226 1901 242 70 Halsey
1499 1902 123 56 and
1654 1900 329 57 Elizabeth
2018 1902 249 70 Tower;
475 1900 1969 136 illustrated

730 1978 151 57 with
927 1997 192 52 many
1164 1978 248 72 elegant
1457 1978 222 71 plates.
1769 1977 255 60 Garden
2071 1976 160 74 City,
2280 1977 67 58 L.
2455 2024 12 25 I.,

475 2056 264 58 Printed
766 2056 82 71 by
877 2055 386 72 Doubleday,
1297 2054 190 74 Page,
1521 2055 124 58 and
1676 2074 321 54 company,
2033 2056 165 57 1925.

542 2131 1925 55 4 p. l., vii-xxvi p., 1 l. , 302 p. mounted col. front., illus., plates (part
472 2190 212 44 mounted
714 2189 109 53 col.)
862 2197 153 44 ports.,
1043 2203 115 38 map,
1192 2188 197 44 facsims.
1449 2188 54 43 26
1509 2191 47 18 cm
1562 2223 9 9 .

545 2245 139 45 “This
716 2245 166 45 edition
916 2244 36 44 is
984 2245 171 44 limited
1187 2253 44 36 to
1263 2252 93 37 two
1384 2244 203 44 hundred
1618 2245 88 43 and
1735 2259 84 30 one
1850 2243 187 54 copies.”
2097 2244 113 45 This
2244 2259 114 39 copy
2389 2251 78 37 not

472 2303 257 44 numbered.

473 2357 53 54 ©
556 2359 108 43 Dec.
700 2358 60 51 17,
798 2357 128 53 1925;
957 2359 64 42 2c.
1053 2358 88 43 and
1172 2357 78 43 aff.
1283 2356 105 44 Feb.
1425 2358 34 51 1,
1495 2357 129 52 1926;
1659 2357 44 42 A
1735 2356 189 52 883110;
1961 2357 279 52 Doubleday,
2275 2358 124 50 Page
2433 2357 36 43 &

543 2431 64 28 co.
678 2412 242 57 (26-3345)

475 2498 308 74 Harding,
824 2497 257 59 Charles
1120 2497 280 73 Francis,
1441 2500 190 57 1881-

549 2589 274 62 Electric
862 2589 263 76 railway
1164 2589 403 76 engineering
1609 2591 112 73 [by]
1765 2589 63 60 C.
1870 2588 264 59 Francis
2175 2588 294 75 Harding

541 2668 1924 74 … assisted by Dressel D. Ewing … 3d ed., fully rev.,
473 2749 134 70 enl.,
642 2750 123 56 and
798 2751 183 55 reset.
1066 2747 150 58 New
1248 2746 172 58 York
1457 2749 145 71 [etc.]
1635 2744 454 61 McGraw-Hill
2117 2746 161 58 book
469 2765 1972 133 company,
687 2823 135 75 inc.,
855 2826 166 56 1926.

539 2903 111 51 xvii,
682 2904 83 44 489
795 2916 42 38 p.
871 2902 100 45 incl.
1007 2904 150 49 front.,
1191 2903 131 49 illus.,
1356 2901 168 53 diagrs.
1584 2901 27 43 2
1646 2902 110 45 fold.
1793 2916 58 36 pl.
1910 2902 151 44 23½cm.
2174 2899 124 51 $5.00

470 2956 55 53 ©
550 2959 99 51 Jan.
678 2956 65 53 27,
777 2957 129 51 1926;
934 2958 66 42 2c.
1030 2955 105 46 Feb.
1163 2957 49 52 2;
1245 2958 78 42 aff.
1354 2956 106 44 Feb.
1489 2958 49 50 3;
1570 2957 44 42 A
1641 2957 190 52 883144;
1866 2956 345 45 McGraw-Hill
2240 2956 121 44 book
2386 2969 79 37 co.,

543 3015 82 42 inc.
695 3013 241 55 (26-3696)

472 3099 383 72 Hartsough,
891 3096 277 59 Mildred
1202 3096 229 58 Lucile.

617 3188 1845 75 … The twin cities as a metropolitan market; a regional
473 3273 189 68 study
700 3270 67 57 of
805 3269 104 58 the
951 3267 310 59 economic
1299 3270 433 71 development
1773 3270 68 57 of
1881 3266 417 74 Minneapolis
2340 3269 124 58 and

474 3343 1988 75 St. Paul, by Mildred Lucile Hartsough … Minneapolis,
470 3422 372 73 University
870 3424 68 58 of
965 3421 374 74 Minnesota,
1371 3424 166 55 1925.

539 3499 78 46 viii
658 3515 56 38 p.,
759 3504 17 41 1
853 3535 9 17 l.,
901 3500 83 42 228
1021 3514 43 37 p.
1123 3513 126 38 maps
1276 3500 47 52 (1
1369 3499 137 53 fold.)
1571 3497 54 46 25½cm.
1791 3500 320 53 ([Minnesota.
2179 3499 281 54 University]

472 3559 183 47 Studies
683 3557 46 45 in
755 3557 74 43 the
858 3558 141 44 social
1025 3556 211 52 sciences,
1264 3572 72 30 no.
1368 3559 75 50 18)

537 3617 64 43 At
633 3616 116 44 head
779 3615 53 44 of
863 3613 124 46 title:
1021 3614 227 44 Research
1278 3613 304 52 publications
1614 3615 52 45 of
1695 3614 75 45 the
1803 3613 268 53 University
2103 3614 53 45 of
2187 3613 275 47 Minnesota.

541 3670 246 46 Published
821 3671 96 44 also
955 3687 49 28 as
1041 3669 141 45 thesis
1208 3669 106 53 (PH.
1380 3671 36 51 D.)
1461 3669 270 54 University
1766 3672 52 45 of
1853 3671 269 52 Minnesota,
2163 3671 116 52 1924,
2317 3674 146 43 under

469 3729 123 45 title:
625 3729 98 44 The
753 3727 316 52 development
1100 3728 54 43 of
1185 3728 77 44 the
1291 3727 109 45 twin
1434 3726 128 45 cities
1588 3726 332 54 (Minneapolis
1951 3729 88 44 and
2073 3726 65 47 St.
2172 3728 144 52 Paul)
2355 3744 50 31 as
2436 3744 25 31 a

467 3785 323 52 metropolitan
814 3786 188 45 market.

540 3842 354 52 Bibliography:
928 3856 40 38 p.
1005 3840 235 51 [207]-220.

470 3894 52 54 ©
552 3898 99 51 Jan.
685 3898 35 50 1,
754 3897 107 43 1926;
914 3897 63 42 2c.
1009 3897 99 50 Jan.
1139 3896 77 51 26;
1250 3896 77 43 aff.
1360 3897 99 51 Jan.
1489 3894 79 53 25;
1605 3896 43 42 A
1680 3895 187 53 883067;
1903 3897 266 52 University
2201 3898 50 43 of
538 3898 1902 98 Minnesota.
720 3952 242 55 (26-3593)
