2542 4285
1029 4008 148 56 1583

85 405 218 61 Myers,
337 401 219 52 Alonzo
589 400 63 51 F.

217 482 1854 71 … Manual of observation and participation, by Alonzo F.
85 558 1988 80 Myers … and Edith E. Beechel … New York, Cincinnati
110 652 118 60 [etc.]
260 644 305 53 American
588 642 148 53 book
761 659 280 49 company
1072 674 12 33 [
1089 646 18 21 c
1112 642 151 64 1926]

155 726 85 40 263
271 737 43 37 p.
375 724 177 48 diagrs.
612 723 56 39 24
671 725 43 21 cm
720 755 8 8 .
799 721 281 49 (American
1116 720 258 40 education
1409 719 163 40 series.
1637 718 182 47 George
1855 719 221 46 Drayton

91 782 212 47 Strayer,
328 782 195 46 general
548 778 182 48 editor)

87 844 1880 54 © Nov. 20, 1926; 2c. and aff. Nov. 23; A 957184; American book co.
90 957 250 64 Osgood,
368 958 206 61 Henry
603 956 282 61 Osborne,
918 954 171 54 1879-

165 1043 1913 73 So this is jazz, by Henry O. Osgood … Boston, Little,
92 1127 227 65 Brown,
345 1126 114 52 and
486 1142 296 51 company,
811 1126 150 50 1926.

161 1204 1840 52 viii p., 3 l., [3]-258 p. front., illus. (music) double pl., ports. 22½ cm .
93 1273 1971 108 © Oct. 22, 1926; 2c. and aff. Oct. 27; A 949754; Little, Brown, and company. (27-26029)
91 1427 241 62 Parker,
363 1429 138 52 Mrs.
536 1425 268 55 Cornelia
842 1423 336 66 (Stratton)

161 1519 162 52 More
359 1524 177 62 ports,
571 1536 156 34 more
762 1518 198 67 happy
1000 1517 215 67 places;
1259 1515 229 52 further
1528 1515 338 52 adventures
1907 1514 65 53 of
2012 1534 72 33 an

91 1596 307 52 American
439 1595 221 52 mother
702 1595 112 52 and
855 1595 102 52 her
998 1594 259 52 children
1301 1593 60 52 in
1406 1594 246 66 Europe,
1695 1593 76 67 by
1818 1592 266 54 Cornelia

94 1670 1992 68 Stratton Parker … illustrated from photographs. New York,
93 1749 149 52 Boni
269 1749 113 52 and
406 1748 319 69 Liveright,
753 1751 150 49 1926.

162 1830 86 40 288
271 1841 43 36 p.
341 1829 111 41 incl.
477 1830 149 39 front.
686 1831 172 46 plates.
917 1828 58 40 22½
1006 1830 45 22 cm
1057 1861 7 8 .

95 1893 1992 54 © Dec. 10, 1926; 2c. Dec. 21; aff. Dec. 11; A 958436; Boni & Liveright.
175 1954 281 49 (26-24509)

95 2050 334 61 Rathenau,
462 2048 286 63 Walther,
786 2049 324 52 1867-1922.

226 2139 1242 69 … Briefe … Dresden, C. Reissner, 1926.
165 2224 27 38 2
250 2255 8 8 v.
317 2222 189 48 fronts.,
533 2223 162 47 ports.,
723 2221 191 42 facsim.
973 2221 55 39 21
1032 2224 44 21 cm
1082 2254 7 8 .

97 2288 1794 54 © Aug. 31, 1926; 1c. Nov. 8; A—Foreign 32634; Carl Reissner.
177 2349 251 49 (27-1668)

99 2446 139 61 Roe,
271 2445 253 52 Edward
552 2444 277 61 Thomas,
863 2442 172 54 1847-

169 2537 139 52 New
346 2535 307 52 American
694 2534 254 53 business
992 2534 359 69 cyclopedia;
1398 2554 30 33 a
1472 2534 172 69 guide
1684 2541 59 46 to
1785 2535 310 68 successful

98 2614 253 53 business
379 2613 258 52 methods
665 2613 260 68 together
955 2610 141 55 with
1126 2611 197 54 advice
1352 2613 113 52 and
1495 2612 370 54 instructions
1896 2632 72 33 on
1999 2614 97 52 the

99 2692 169 52 latest
294 2691 259 52 methods
582 2689 65 53 of
676 2690 304 69 operating
1009 2709 31 33 a
1070 2690 255 53 business
1358 2691 113 52 and
1500 2691 129 51 how
1658 2697 58 46 to
1749 2690 169 53 avoid

100 2709 1994 128 common errors and mistakes made by business men … by E. T.
102 2844 1130 70 Roe … Chicago, G. G. Sapp, 1927.
172 2926 85 39 512
282 2937 43 37 p.
385 2925 129 41 illus.
572 2925 58 41 20
631 2928 45 21 cm
681 2958 8 9 .

176 2996 874 48 “New enlarged edition … 1926.”
105 3061 1991 57 © Dec. 10, 1926; 2c. Dec. 18; aff. Dec. 17; A 957753; Gordon G. Sapp co.,
175 3122 223 48 Chicago.
468 3122 281 48 (26-24544)

104 3216 231 63 Rohlfs,
366 3219 139 51 Mrs.
539 3218 174 52 Anna
745 3217 334 54 Katharine
1119 3218 255 64 (Green)
1417 3222 172 50 1846-

173 3308 1927 71 Hand and ring, by Anna Katharine Green … New York,
105 3388 190 66 Dodd,
323 3387 173 53 Mead
527 3388 112 52 and
671 3405 299 52 company,
1004 3390 151 51 1926.

179 3471 460 48 vi, 434 p. 19 ½cm .
108 3533 1845 57 © Oct. 2, 1926; 2c. Oct. 5; aff. Oct. 9; A 957793; A. K. G. Rohlfs,
177 3543 1907 92 Buffalo.
358 3589 66 55 [©
453 3594 211 41 revision
694 3597 97 38 and
819 3606 108 29 new
954 3598 196 46 matter]
1222 3596 193 48 (27-41)

110 3689 231 62 Semon,
372 3690 101 52 Sir
500 3689 182 63 Felix,
718 3693 324 50 1849-1921.

184 3767 1917 74 The autobiography of Sir Felix Semon … edited by Henry
116 3843 1987 74 C. Semon … and Thomas A. McIntyre. London, Jarrolds
113 3922 221 54 limited
371 3926 170 65 [1926]
