2542 4285
1082 3971 108 54 769

189 436 54 45 20
268 452 41 29 V.
368 436 114 43 illus.
509 435 124 52 (part
661 434 109 52 col.)
806 434 139 52 plates
976 433 124 52 (part
1129 432 108 52 col.)
1303 429 52 46 25
1364 435 46 17 cm
1416 468 9 8 .

191 492 156 54 Paged
382 490 324 53 continuously.

193 549 52 43 In
273 547 74 45 the
375 546 162 44 earlier
566 546 189 44 editions
787 545 177 43 Arthur
992 542 142 46 Mee’s
1162 559 129 29 name
1320 545 220 51 appeared
1572 542 99 43 first
1701 543 43 42 in
1772 541 74 44 the
1875 541 109 44 title.

124 594 1952 118 © May 22, 1926; 1c. and aff. June 26; 1c. June 28; A 897379; Grolier society. (26-13478)
125 729 125 56 The
278 726 555 74 merry-go-round,
901 745 56 37 v.
988 728 50 70 3,
1069 745 96 37 no.
1196 728 52 69 9,
1278 726 154 70 July
1460 726 51 72 1,
1542 726 164 54 1926.

121 811 1979 55 © 1c. Aug. 26, 1926; A ad int. 8476; pubd. July 1; Basil Blackwell, Oxford,
192 871 218 53 England.

116 940 186 72 Mills,
344 940 347 72 Lawrence,
731 942 188 57 1881-

200 1029 129 58 The
362 1030 119 58 law
513 1030 66 57 of
612 1030 83 57 oil
726 1031 122 56 and
882 1049 111 52 gas;
1062 1050 36 37 a
1131 1028 261 59 treatise
1425 1047 168 54 upon
1627 1029 104 58 the
1766 1032 117 54 law
1917 1030 68 56 of
2020 1030 80 57 oil

123 1109 123 56 and
283 1126 129 54 gas,
453 1108 287 71 together
771 1106 152 59 with
959 1107 103 58 the
1100 1107 269 57 Federal
1404 1105 240 74 leasing
1682 1111 116 68 act,
1838 1109 122 56 and
2000 1107 101 57 the

124 1185 164 58 rules
335 1186 121 56 and
502 1185 384 71 regulations
935 1183 67 59 of
1045 1184 105 58 the
1196 1188 321 69 secretary
1562 1185 66 57 of
1670 1185 105 57 the
1818 1184 285 71 interior,

124 1263 343 72 governing
503 1262 101 57 the
641 1262 243 72 leasing
921 1263 65 57 of
1023 1262 209 71 public
1268 1263 200 73 lands,
1508 1264 122 56 and
1668 1263 67 57 of
1771 1261 332 59 restricted

123 1341 227 58 Indian
388 1342 124 55 and
548 1340 190 58 tribal
774 1340 199 72 lands,
1015 1341 122 56 and
1177 1340 199 57 forms
1417 1341 67 56 of
1521 1340 200 59 leases
1764 1340 123 58 and
1926 1339 177 59 other

124 1417 408 58 instruments
563 1417 64 57 in
657 1436 279 38 common
964 1437 110 37 use
1104 1417 65 56 in
1199 1417 360 58 connection
1586 1417 150 57 with
1765 1417 104 58 the
127 1418 1952 135 exploration
361 1496 121 71 for,
515 1497 119 56 and
664 1494 373 73 production
1066 1495 85 73 of,
1183 1496 83 56 oil
1297 1496 122 56 and
1450 1514 130 53 gas.
1647 1495 99 72 By
1773 1496 332 56 Lawrence

127 1571 1976 75 Mills … and J. C. Willingham … Chicago, Callaghan
125 1653 122 55 and
280 1669 320 53 company,
636 1651 164 56 1926.

192 1744 74 36 xv,
301 1727 77 46 791
417 1743 39 37 p.
516 1728 51 44 26
573 1730 46 17 cm
626 1764 9 8 .

126 1781 53 54 ©
213 1784 109 50 Apr.
362 1781 58 52 15,
462 1782 127 51 1926;
626 1783 63 43 2c.
725 1783 87 42 and
847 1783 78 42 aff.
962 1784 111 50 Apr.
1109 1782 77 52 21;
1226 1783 42 41 A
1305 1782 188 49 890418;
1533 1783 47 42 L.
1620 1782 140 52 Mills,
1798 1781 154 52 Tulsa,
1990 1782 120 51 Okl.,

196 1842 85 41 and
313 1840 40 52 J.
389 1838 48 45 C.
470 1838 308 53 Willingham,
814 1838 256 44 Oklahoma
1107 1839 114 52 City,
1260 1839 103 43 Okl.
1434 1839 267 53 (26-13392)

128 1907 313 58 Missouri.
511 1910 90 57 St.
632 1909 209 71 Louis,
868 1910 251 57 Kansas
1153 1910 145 73 City
1331 1911 126 56 and
1486 1909 382 73 Springfield
1905 1914 206 53 courts

205 1987 66 71 of
306 1988 271 70 appeals.

208 2075 1905 73 Cases determined … reported for the St. Louis court
131 2153 67 56 of
236 2154 276 71 appeals,
551 2154 151 71 May
741 2156 50 69 5,
833 2156 165 70 1925,
1040 2158 61 53 to
1141 2155 153 71 July
1333 2157 88 70 14,
1465 2157 165 69 1925,
1669 2156 83 71 by
1789 2155 323 72 Alphonso

130 2230 1983 75 Howe … for the Kansas City court of appeals, April 7,
130 2307 1984 74 1924, to June 16, 1924, by James P. Aylward … and for
131 2383 1960 233 the Springfield court of appeals, October 14, 1924, to December 16, 1925, by George H. Skidmore … v. 217. Columbia, Mo., E. W. Stephens publishing co [1926]
198 2612 111 53 xxii,
345 2612 91 53 776,
469 2630 66 26 xx
567 2629 38 37 p.
664 2615 53 44 23
725 2618 46 17 cm
778 2650 8 8 .

132 2666 53 54 ©
213 2670 114 52 June
360 2672 33 49 1,
427 2670 126 52 1926;
586 2671 62 43 2c.
679 2673 114 51 June
828 2673 72 51 18;
935 2674 77 42 aff.
1043 2675 119 51 Aug.
1194 2675 50 52 3;
1277 2675 42 41 A
1351 2675 188 51 901348;
1573 2675 51 47 E.
1655 2676 74 43 W.
1766 2675 218 53 Stephens
2017 2677 100 52 pub.

202 2741 65 28 co.

127 2796 281 72 Morgan,
454 2798 168 58 John
661 2798 380 60 Ainsworth.

211 2887 243 63 Oxford
495 2890 430 62 observations
969 2894 119 72 <by
1127 2912 80 38 an
1244 2894 371 66 American>
1656 2895 60 59 J.
1758 2894 363 61 Ainsworth

136 2966 282 74 Morgan.
500 2967 151 60 New
677 2968 189 72 York,
898 2970 69 60 F.
999 2970 79 57 H.
1107 2968 357 76 Hitchcock,
1496 2973 164 57 1925.

203 3044 80 50 xii,
311 3046 54 43 84
391 3059 41 37 p.
493 3046 152 50 front.,
671 3045 157 52 plates.
887 3048 55 43 22
949 3050 46 17 cm
1002 3083 9 8 .

208 3100 137 47 “Five
371 3101 202 46 hundred
602 3102 151 64 copies
783 3104 114 44 have
926 3106 114 43 been
1072 3105 177 50 printed
1282 3107 123 43 from
1433 3114 105 44 type
1567 3109 85 43 and
1684 3108 108 43 each
1821 3121 116 38 copy
1968 3107 154 51 signed

138 3156 57 51 by
232 3156 73 46 the
343 3155 178 45 author.
581 3155 113 49 This
734 3157 39 47 is
809 3173 116 38 copy
963 3163 188 43 number
1190 3158 121 47 365.”
1374 3160 197 54 Signed:
1607 3164 40 51 J.
1685 3163 269 45 Ainsworth
137 3165 1966 96 Morgan.

137 3263 52 53 ©
228 3264 118 53 Sept.
386 3267 60 50 12,
483 3266 126 53 1925;
644 3268 65 43 2c.
745 3268 105 53 July
884 3268 36 52 6,
960 3270 128 52 1926;
1127 3271 79 44 aff.
1242 3271 106 52 July
1382 3273 49 50 3;
1470 3273 42 41 A
1550 3272 186 53 897332;
1775 3273 248 44 Frederick
2059 3275 62 42 H.

209 3322 266 44 Hitchcock.
545 3324 267 55 (26-13401)

132 3391 262 74 Morrill,
438 3394 227 58 Gulian
705 3394 293 76 Lansing,
1045 3400 188 57 1857-

216 3483 89 57 To
341 3484 361 58 Timbuctoo;
769 3507 35 38 a
834 3490 209 70 tramp
1077 3489 273 72 through
1381 3490 260 74 France,
1678 3491 215 73 Spain,
1931 3492 188 72 Cuba,

143 3560 283 75 Senegal,
474 3562 244 58 French
764 3564 257 76 Guinea,
1069 3568 122 56 and
1237 3567 245 58 French
1531 3568 231 73 Sudan,
1807 3570 84 72 by
1936 3569 70 60 G.
2052 3571 67 57 L.

141 3638 1958 156 Morrill (“Golightly”) … Lowell L. Morrill, photographer. [Minneapolis, 1926]
208 3796 79 43 200
322 3811 38 37 p.
396 3797 98 45 incl.
530 3796 133 45 front.
691 3798 165 52 (port.)
897 3799 114 44 illus.
1072 3800 52 44 20
1132 3803 46 18 cm
1184 3838 9 8 .

142 3848 52 53 ©
222 3851 113 52 June
368 3852 61 51 19,
462 3852 125 51 1926;
618 3852 63 44 2c.
709 3854 114 50 June
850 3855 77 51 22;
959 3855 77 42 aff.
1066 3856 114 51 June
1209 3856 76 51 30;
1319 3856 41 42 A
1390 3855 159 45 897291;
1614 3857 49 45 G.
1695 3859 47 43 L.
1776 3859 197 53 Morrill,
211 3861 1891 98 Minneapolis.
491 3908 266 55 (26-13474)
