2542 4285
1252 3971 149 58 1112

406 450 27 42 2
464 464 41 28 v.
563 448 55 45 20
624 452 47 18 cm
677 484 9 9 .

411 505 152 52 Paged
596 503 335 53 continuously.

341 557 55 54 ©
425 558 120 53 Sept.
571 559 64 50 30,
666 558 129 52 1926;
824 559 63 42 2c.
914 556 109 45 each
1051 557 101 44 Oct.
1181 555 48 55 5;
1258 557 79 43 aff.
1367 557 102 44 Oct.
1494 557 51 53 2;

1575 557 45 43 A
1646 555 190 54 950353;
1868 556 178 54 George
2074 558 62 44 H.
2165 557 158 45 Doran

412 631 66 29 co.
547 613 269 57 (26-17245)

341 712 210 75 Wells,
586 714 246 58 Linton.

417 804 303 73 Jumping
757 804 361 70 meridians,
1155 804 84 71 by
1276 802 231 58 Linton
1542 802 194 60 Wells
1776 804 124 57 and
1935 803 151 59 Nels
2124 804 206 73 Leroy

340 884 368 72 Jorgensen.
793 881 250 59 Garden
1074 880 160 73 City,
1263 880 75 57 N.
1367 878 94 73 Y.,
1489 880 381 73 Doubleday,
1900 881 173 72 Page
2099 879 49 60 &
339 899 1967 137 company,
555 961 165 56 1926.

409 1037 566 56 3 p. l., 316 p. 19½cm.
342 1093 53 54 ©
427 1094 118 53 Sept.
579 1094 63 52 10,
673 1093 106 45 1926;
833 1093 64 44 2c.
930 1094 87 43 and
1044 1093 80 43 aff.
1156 1092 102 45 Oct.
1290 1090 49 54 5;
1370 1091 45 44 A
1445 1089 189 55 950355;
1668 1091 281 53 Doubleday,
1979 1092 127 52 Page
2137 1091 37 45 &
2202 1105 66 30 co.

420 1149 269 58 (26-17287)

338 1250 295 72 Willette,
673 1249 343 59 Henriette.

484 1337 1842 75 … Willette en chandail, de H. Willette. [Paris] L.-H.
337 1419 357 58 Alexandre
729 1447 14 44 [
744 1426 19 24 c
766 1419 164 75 1926]

407 1494 913 54 cover-title, xxiv, 207 p., 1 l. 19½cm.
407 1553 66 44 At
494 1553 113 44 head
629 1552 51 44 of
703 1551 121 45 title:
860 1553 129 45 Dans
1012 1550 224 45 l’intimite
1262 1552 76 43 des
1361 1552 168 51 grands
1554 1551 192 44 artistes.

339 1605 1984 59 © May 25, 1926; 1c. June 25; A—Foreign 31388; L. H. Alexandre, Paris.
418 1666 269 56 (26-16654)

337 1765 328 74 Williams,
703 1763 364 60 Archibald.

415 1854 401 75 Conquering
852 1855 107 58 the
997 1855 128 71 air;
1165 1855 104 59 the
1310 1872 291 40 romance
1641 1852 68 58 of
1747 1853 106 60 the
1893 1852 434 73 development

335 1930 1991 74 and use of aircraft, by Archibald Williams … New York,
337 2013 67 56 T.
434 2011 233 58 Nelson
694 2010 123 57 and
847 2029 144 40 sons
1023 2038 14 45 [
1039 2017 19 24 c
1061 2010 166 72 1926]

404 2084 1478 55 xiv, 315, [1] p. illus., XII pl. (incl. front.) diagrs. 21 cm .
336 2142 55 54 ©
425 2143 121 54 Sept.
577 2144 68 51 29,
680 2143 129 52 1926;
841 2144 64 43 2c.
940 2144 86 43 and
1058 2144 80 44 aff.
1171 2143 102 45 Oct.
1311 2144 46 51 1;
1391 2143 45 43 A
1468 2141 188 54 950278;
1692 2141 202 46 Thomas
1927 2142 175 45 Nelson
2135 2143 39 44 &
2206 2155 118 33 sons.

416 2199 269 56 (26-17276)

335 2285 329 73 Williams,
706 2287 213 58 James
957 2285 247 73 Mickel,
1244 2288 191 58 1876-

414 2377 130 58 The
583 2377 344 71 expansion
966 2376 68 59 of
1073 2378 176 56 rural
1285 2376 144 71 life;
1468 2375 105 59 the
1613 2376 189 58 social
1840 2377 386 73 psychology
2262 2376 69 60 of

335 2452 1925 75 rural development, by James Mickel Williams, PH. D. …
333 2533 153 59 New
512 2532 188 73 York,
730 2533 75 57 A.
839 2533 74 56 A.
945 2533 240 72 Knopf,
1218 2532 165 60 1926.

403 2610 92 52 xvi,
530 2611 81 44 346
641 2626 40 38 p.
740 2611 168 53 diagrs.
968 2611 151 43 24½cm.

334 2665 56 55 ©
425 2667 120 54 Sept.
577 2668 67 51 24,
682 2668 106 44 1926;
842 2667 66 44 2c.
946 2666 120 54 Sept.
1100 2667 78 53 30;
1213 2667 79 44 aff.
1330 2665 123 54 Sept.
1484 2666 80 53 29;
1600 2666 44 44 A
1679 2665 189 54 949295;
1903 2667 40 53 J.
1980 2667 65 43 M.
2080 2666 243 53 Williams,

409 2726 189 52 Geneva,
637 2726 59 43 N.
734 2725 55 44 Y.
858 2723 272 56 (26-17159)

334 2808 328 73 Williams,
701 2809 349 72 Valentine,
1090 2813 191 57 1883-

412 2900 1918 74 The key man, by Valentine Williams … Boston and
332 2978 154 59 New
514 2978 188 74 York,
731 2978 343 73 Houghton
1103 2978 217 57 Mifflin
1350 2997 320 54 company,
1703 2978 165 59 1926.

402 3057 548 52 3 p. l., 294 p. 19½c m .
335 3112 53 54 ©
416 3114 100 46 Oct.
547 3114 36 51 1,
614 3114 106 43 1926;
773 3114 64 43 2c.
866 3114 88 43 and
980 3114 78 43 aff.
1091 3113 101 45 Oct.
1222 3114 50 52 4;
1304 3114 44 42 A
1377 3111 190 54 950313;
1599 3113 56 44 V.
1685 3112 244 53 Williams,
1962 3111 190 52 Cannes,
2181 3112 140 54 Alpes

406 3170 270 54 Maritimes,
716 3170 188 44 France.
974 3169 269 56 (26-17283)

331 3253 269 75 Zybura,
639 3256 170 58 John
843 3256 45 60 S
1202 3258 91 58 ed.

412 3346 420 73 Present-day
876 3345 283 62 thinkers
1210 3348 123 57 and
1378 3347 105 58 the
1528 3366 136 39 new
1710 3347 484 71 scholasticism;
2242 3366 81 40 an

333 3424 451 59 international
816 3425 404 74 symposium,
1252 3423 209 61 edited
1490 3427 124 57 and
1642 3427 374 72 augmented
2041 3427 84 71 by
2153 3425 170 60 John

338 3502 61 59 S.
432 3502 267 74 Zybura,
825 3550 11 11 PH.
909 3550 32 26 D.,
972 3504 152 58 with
1156 3524 79 39 an
1264 3503 429 59 introduction
1718 3504 84 73 by
1831 3505 105 58 the
1964 3504 176 73 Very
2169 3505 150 56 Rev.

334 3580 1963 154 John Cavanaugh … St. Louis, Mo. and London, B. Herder book co., 1926.
397 3738 126 53 xviii,
553 3737 80 47 543
660 3754 41 39 p.
766 3739 144 44 19½cm.

400 3793 382 54 Bibliographical
821 3794 264 45 foot-notes.

327 3849 56 55 ©
412 3850 120 53 Sept.
562 3851 62 52 10,
655 3851 105 45 1926;
812 3853 65 43 2c.
908 3851 119 54 Sept.
1059 3852 74 53 14;
1161 3853 79 43 aff.
1270 3851 121 54 Sept.
1423 3854 74 51 13;
1527 3852 45 44 A
1598 3853 190 54 901981;
1819 3854 51 44 B.
1899 3853 182 45 Herder
2107 3852 122 45 book
2255 3866 65 31 co.

408 3907 268 58 (26-16065)
