2542 4285
1364 3964 148 57 1552

440 368 230 61 Staton,
706 369 137 52 Mrs.
881 368 155 52 Kate
1073 367 189 63 Elony
1308 366 254 65 (Baker)
1607 368 325 61 1850-1924,
1969 384 178 50 comp.

506 459 115 55 Old
657 459 270 53 southern
964 477 168 50 songs
1172 457 64 54 of
1274 458 96 52 the
1410 457 201 69 period
1648 456 65 54 of
1748 457 98 52 the
1886 455 404 69 confederacy:
2329 457 97 52 the

434 537 173 52 Dixie
646 536 214 69 trophy
900 536 323 53 collection:
1268 535 282 68 compiled
1589 534 76 70 by
1706 534 153 53 Kate
1903 535 68 51 E.
2017 532 224 62 Staton,
433 534 1968 134 Tarboro,

621 609 1805 71 Y. C. New York, S. French; London, S. French, ltd.,
434 697 18 21 c
457 693 148 50 1926.

507 772 86 40 146
620 782 43 37 p.
725 772 58 40 24
785 774 44 21 cm
833 804 9 9 .

511 840 86 40 “In
633 840 114 40 1923
785 851 28 29 a
850 840 144 48 prize,
1035 840 114 39 ‘The
1186 839 146 40 Dixie
1367 839 166 48 loving
1567 839 117 48 cup’,
1723 849 102 29 was
1863 838 183 41 offered
2083 839 81 39 for
2200 840 82 39 the
2321 840 106 39 best

435 896 313 48 compilation
782 897 53 40 of
871 896 104 41 Old
1012 896 235 40 southern
1281 906 144 37 songs
1461 896 52 40 of
1549 896 82 39 the
1665 895 168 48 period
1871 895 52 40 of
1958 896 83 38 the
2079 894 349 48 confederacy’.

435 952 117 41 This
574 963 102 30 was
700 963 108 30 won
830 953 62 47 by
915 953 117 40 Mrs.
1055 952 51 40 L.
1130 952 52 40 L.
1210 951 554 41 Staton.”—Foreword.

509 1008 375 49 Bibliography:
911 1019 43 38 p.
981 1008 99 41 146.

436 1073 55 53 ©
526 1079 116 40 Nov.
677 1079 68 47 11,
780 1078 140 47 1926;
956 1078 68 40 2c.
1058 1079 118 39 Nov.
1211 1077 81 48 15;
1332 1078 82 40 aff.
1449 1078 118 40 Nov.
1602 1078 81 47 13;
1720 1078 42 38 A
1796 1077 199 48 957286;
2035 1078 170 47 Henry
2241 1078 186 47 Staton,

506 1136 118 40 New
649 1135 144 40 York.
864 1134 223 48 (27-826)

439 1259 230 61 Stokes,
701 1259 167 51 Isaac
897 1258 252 51 Newton
1180 1256 235 63 Phelps.

507 1351 121 51 The
654 1349 393 68 iconography
1077 1347 64 54 of
1168 1349 347 51 Manhattan
1543 1348 217 66 Island,
1792 1351 325 56 1498-1909,
2149 1348 281 67 compiled

439 1426 152 53 from
624 1426 248 68 original
906 1444 221 34 sources
1162 1426 113 52 and
1309 1426 325 52 illustrated
1669 1426 76 68 by
1779 1425 425 68 photointaglio
2239 1444 167 49 repro
438 1504 260 52 ductions

736 1502 65 53 of
838 1503 319 67 important
1193 1521 182 49 maps,
1415 1503 184 67 plans,
1637 1503 172 53 views
1849 1504 118 51 and
2002 1503 329 53 documents
2371 1503 61 52 in

437 1580 193 68 public
663 1581 112 51 and
807 1581 226 66 private
1066 1581 343 66 collections,
1439 1581 76 67 by
1545 1581 47 51 I.
1627 1581 68 52 Y.
1731 1581 215 67 Phelps
1981 1579 216 56 Stokes.
2291 1600 50 33 [v.
2379 1585 46 62 5]

495 1677 80 32 New
602 1658 179 56 York,
806 1658 215 51 Robert
1044 1658 77 50 H.
1148 1658 190 66 Dodd,
1366 1660 151 49 1926.

510 1737 1565 49 5 p. l., [ix]-xxviii p., 2 l., [991]-2078, [1] p. double front.,
2103 1738 143 48 illus.,
2275 1739 157 47 plates

449 1794 135 48 (part
608 1793 198 47 double)
840 1804 151 37 maps,
1020 1795 153 46 plans,
1201 1794 216 40 facsims.
1476 1794 58 40 29c
1552 1797 28 20 m
1586 1826 7 9 .

508 1864 120 39 Part
651 1863 53 40 of
727 1864 81 39 the
833 1864 158 47 plates
1015 1874 85 29 are
1124 1863 193 48 printed
1343 1875 60 28 on
1427 1864 117 39 both
1569 1864 142 41 sides.

439 1928 53 53 ©
523 1934 111 40 Dec.
664 1933 70 48 27,
767 1932 141 48 1926;
943 1934 68 39 2c.
1045 1935 112 39 Dec.
1188 1933 83 48 30;
1307 1934 83 41 aff.
1424 1935 113 40 Dec.
1569 1935 81 46 29;
1686 1935 42 38 A
1759 1934 199 48 957906;
1997 1936 38 39 I.
2069 1936 55 40 N.
2158 1937 51 39 P.
2247 1936 184 48 Stokes,

507 1990 118 40 New
654 1989 144 41 York.

442 2098 308 63 Strachey,
780 2098 155 53 John
965 2099 86 53 St.
1082 2099 134 62 Loe,
1249 2102 172 49 1860-

508 2190 307 52 American
865 2191 341 68 soundings:
1260 2191 172 68 being
1484 2192 248 68 castings
1784 2191 65 52 of
1899 2193 97 52 the
2047 2193 127 52 lead
2227 2193 61 52 in
2338 2195 97 51 the

439 2268 395 52 shore-waters
868 2267 64 52 of
966 2267 284 68 America,
1286 2269 191 66 social,
1511 2269 277 68 political,
1822 2270 240 69 literary
2100 2271 112 52 and

440 2271 1994 144 philosophic, by John St. Loe Strachey … London, Hodder and
442 2420 343 70 Stoughton,
809 2422 223 53 limited
1065 2425 171 65 [1926]

510 2503 84 40 272
622 2513 44 37 p.
726 2502 56 41 23
785 2505 44 21 cm
834 2535 9 9 .

442 2564 1992 62 © 1c. Oct. 7, 1926; A ad int. 8583; pubd. Sept. 15; D. Appleton & co.,
511 2628 117 39 New
656 2628 145 41 York.
871 2628 282 49 (26-21875)

439 2736 205 63 Super,
674 2736 164 53 Paul.

510 2825 267 69 Growth;
822 2845 32 35 a
894 2829 174 68 study
1107 2828 65 54 of
1209 2830 98 53 the
1343 2830 188 70 major
1570 2831 262 55 interests
1874 2833 65 52 of
1978 2833 106 54 life
2147 2834 92 69 [by]
2288 2835 147 52 Paul

441 2902 1410 75 Super. New York, Association press, 1926.
509 2988 83 49 xii,
624 2990 84 39 211
740 3001 44 37 p.
844 2989 57 41 19½
932 2993 45 21 cm
981 3023 9 8 .

442 3050 54 54 ©
525 3057 111 40 Dec.
663 3057 70 47 21,
763 3057 142 49 1926;
936 3059 69 40 2c.
1033 3060 113 39 Dec.
1175 3060 82 47 28;
1289 3060 82 40 aff.
1402 3062 113 40 Dec.
1546 3062 82 47 24;
1661 3062 42 39 A
1730 3062 200 49 958508;
1966 3064 207 41 General
2205 3066 151 40 board
2385 3066 53 40 of

513 3113 53 40 Y.
596 3114 63 40 M.
690 3113 49 41 O.
770 3114 111 48 A.’s,
910 3116 119 39 New
1058 3117 143 39 York.
1273 3116 222 49 (27-923)

443 3221 239 62 Tatsch,
714 3222 54 53 J.
799 3223 192 63 Hugo.

516 3312 1919 78 High lights of Crescent history, by J. Hugo Tatsch … a
445 3390 168 53 series
644 3390 65 53 of
738 3392 253 53 sketches
1023 3394 204 69 chiefly
1259 3395 199 52 drawn
1489 3395 152 53 from
1669 3397 97 54 the
1796 3399 95 52 old
1922 3400 226 53 records
2179 3400 65 54 of

447 3401 1964 120 Crescent
609 3470 168 68 lodge
816 3489 89 34 no.
946 3474 85 65 25,
1068 3472 70 52 A.
1180 3473 65 52 F.
1285 3476 45 50 &
1367 3473 72 54 A.
1478 3475 99 67 M.,
1618 3475 186 54 Cedar
1840 3477 240 69 Rapids,
2157 3497 67 49 Ia.,
449 3482 1987 117 1851-1926.

675 3546 186 55 Cedar
894 3549 240 68 Rapids,
1203 3570 67 48 Ia.,
1302 3552 158 52 Priv.
1498 3553 194 67 print.,
1729 3553 267 55 Crescent
2025 3557 169 67 lodge
2227 3575 89 34 no.
2350 3561 86 60 25,

447 3624 70 53 A.
545 3625 65 53 F.
640 3628 46 49 &
714 3624 72 54 A.
814 3626 81 53 M.
932 3630 191 64 [c1926]

521 3707 68 48 63,
626 3708 55 49 [1]
715 3719 44 37 p.
820 3708 28 39 2
879 3711 124 46 port.
1031 3709 135 49 (incl.
1199 3711 176 48 front.)
1417 3712 217 42 facsims.
1695 3714 58 40 24½
1784 3716 16 22 cm
1833 3746 11 10 .

523 3776 227 41 “Edition
778 3777 190 42 limited
999 3780 50 39 to
1079 3779 130 48 1,500
1239 3780 204 49 copies.”

443 3839 57 53 ©
532 3845 100 41 Oct.
663 3847 38 45 9,
735 3847 142 47 1926;
910 3848 68 40 2c.
1011 3850 96 39 and
1138 3849 82 40 aff.
1251 3851 119 39 Nov.
1400 3850 83 48 26;
1520 3851 40 39 A
1592 3852 199 48 957288;
1827 3854 229 41 Crescent
2088 3856 139 47 lodge
2259 3867 75 29 no.
2366 3856 70 49 25,

514 3901 54 40 A.
597 3902 51 41 F.
675 3903 37 40 &
736 3903 55 40 A.
820 3905 62 39 M.
953 3904 222 49 (27-688)
