<alto xmlns="http://www.loc.gov/standards/alto/ns-v3#" xmlns:xlink="http://www.w3.org/1999/xlink" xmlns:xsi="http://www.w3.org/2001/XMLSchema-instance" xsi:schemaLocation="http://www.loc.gov/standards/alto/ns-v3# http://www.loc.gov/alto/v3/alto-3-0.xsd"><Description>
<MeasurementUnit>pixel</MeasurementUnit>
<sourceImageInformation>
<fileName>1926_v23_Part001.pdf</fileName>
</sourceImageInformation>
<OCRProcessing ID="IdOcr">
<ocrProcessingStep>
<processingDateTime>2019-04-10</processingDateTime>
<processingSoftware>
<softwareCreator>ABBYY</softwareCreator>
<softwareName>ABBYY Recognition Server</softwareName>
<softwareVersion>4.0</softwareVersion>
</processingSoftware>
</ocrProcessingStep>
</OCRProcessing>
</Description>
<Styles>
<ParagraphStyle ID="StyleId-FFFFFFFF-FFFF-FFFF-FFFF-FFFFFFFFFFFF-" ALIGN="Left" LEFT="0." RIGHT="0." FIRSTLINE="0."/>
<ParagraphStyle ID="StyleId-22C3EA86-D171-42E2-A7D2-9A866F7D91F9-" ALIGN="Left" LEFT="0." RIGHT="0." FIRSTLINE="0." LINESPACE="8.300000191"/>
<ParagraphStyle ID="StyleId-E3FA4CC6-F5E5-41CA-B4C4-90085BF71B6C-" ALIGN="Block" LEFT="0." RIGHT="0." FIRSTLINE="-14." LINESPACE="8.050000191"/>
<ParagraphStyle ID="StyleId-41118DB3-028A-4115-95B3-BB512DD0EDAE-" ALIGN="Left" LEFT="0." RIGHT="0." FIRSTLINE="-13." LINESPACE="13.30000019"/>
<ParagraphStyle ID="StyleId-A2FB4C2B-BF87-45AD-9689-33B0118FBFC1-" ALIGN="Block" LEFT="0." RIGHT="0." FIRSTLINE="-14." LINESPACE="11.06999969"/>
<ParagraphStyle ID="StyleId-BBBA7B5D-FE2B-4BC7-AC7D-F142900C21B8-" ALIGN="Block" LEFT="0." RIGHT="0." FIRSTLINE="0." LINESPACE="8.899999619"/>
<ParagraphStyle ID="StyleId-3CEA3EEE-4341-4E33-9EF0-A9438AB90A9B-" ALIGN="Center" LEFT="0." RIGHT="0." FIRSTLINE="0." LINESPACE="12.19999981"/>
<ParagraphStyle ID="StyleId-817955BE-3120-4B53-BBD3-920BAE733BFF-" ALIGN="Left" LEFT="0." RIGHT="0." FIRSTLINE="0." LINESPACE="12.19999981"/>
<ParagraphStyle ID="StyleId-456A266C-F799-486A-ACB1-75B61E9815AB-" ALIGN="Left" LEFT="0." RIGHT="0." FIRSTLINE="-13." LINESPACE="8.18999958"/>
<ParagraphStyle ID="StyleId-6A1E9ED6-E5EA-4E31-BD5A-88089B8D7134-" ALIGN="Right" LEFT="0." RIGHT="0." FIRSTLINE="0." LINESPACE="7.699999809"/>
<ParagraphStyle ID="StyleId-C11ABF73-04BC-4F6E-B7E4-01FCA3A26756-" ALIGN="Left" LEFT="0." RIGHT="0." FIRSTLINE="-13." LINESPACE="12.19999981"/>
<ParagraphStyle ID="StyleId-662CF6CF-DB5F-40BE-AD24-E877ED82DD6F-" ALIGN="Block" LEFT="0." RIGHT="0." FIRSTLINE="-14." LINESPACE="11.06999969"/>
<ParagraphStyle ID="StyleId-9361006B-74B5-41BD-BFD3-03318AD64910-" ALIGN="Left" LEFT="0." RIGHT="0." FIRSTLINE="0." LINESPACE="8.899999619"/>
</Styles>
<Layout>
<Page ID="Page723" PHYSICAL_IMG_NR="723" HEIGHT="4285" WIDTH="2542">
<TopMargin HEIGHT="330" WIDTH="2542" VPOS="0" HPOS="0">
</TopMargin>
<LeftMargin HEIGHT="3628" WIDTH="83" VPOS="330" HPOS="0">
</LeftMargin>
<RightMargin HEIGHT="3628" WIDTH="380" VPOS="330" HPOS="2162">
</RightMargin>
<BottomMargin HEIGHT="327" WIDTH="2542" VPOS="3958" HPOS="0">
<TextBlock ID="Page723_Block1" HEIGHT="71" WIDTH="203" VPOS="3962" HPOS="994" LANG="en-US" STYLEREFS="StyleId-0A8BA3B1-7FE3-43AD-9890-96F5A26E49EA-">
<TextLine HEIGHT="54" WIDTH="107" VPOS="3965" HPOS="1046">
<String CONTENT="723" HEIGHT="54" WIDTH="107" VPOS="3965" HPOS="1046"/>
</TextLine>
</TextBlock>
</BottomMargin>
<PrintSpace HEIGHT="3628" WIDTH="2079" VPOS="330" HPOS="83">
<TextBlock ID="Page723_Block2" HEIGHT="3628" WIDTH="2079" VPOS="330" HPOS="83" LANG="en-US" CS="1" STYLEREFS="StyleId-FDA51BC3-ADD5-42A5-8F17-928F6288E2E8-">
<Shape>
<Polygon POINTS="2131,330 2155,330 2155,416 2156,416 2156,991 2157,991 2157,1565 2158,1565 2158,2140 2159,2140 2159,2715 2160,2715 2160,3290 2161,3290 2161,3865 2162,3865 2162,3954 2136,3954 2136,3955 1561,3955 1561,3956 986,3956 986,3957 411,3957 411,3958 90,3958 90,3869 89,3869 89,3294 88,3294 88,2720 87,2720 87,2145 86,2145 86,1570 85,1570 85,995 84,995 84,420 83,420 83,334 406,334 406,333 981,333 981,332 1556,332 1556,331 2131,331 2131,330"/>
</Shape>
<TextLine HEIGHT="75" WIDTH="1093" VPOS="343" HPOS="105" STYLEREFS="StyleId-B4B3131B-83D0-4F87-A367-30489CA27902-">
<String LANG="de" CONTENT="Martin," HEIGHT="69" WIDTH="249" VPOS="349" HPOS="105"/>
<SP HEIGHT="70" WIDTH="48" VPOS="348" HPOS="355"/>
<String LANG="de" CONTENT="Charles" HEIGHT="59" WIDTH="252" VPOS="346" HPOS="404"/>
<SP HEIGHT="58" WIDTH="48" VPOS="345" HPOS="657"/>
<String LANG="en-US" CONTENT="Carroll," HEIGHT="69" WIDTH="255" VPOS="344" HPOS="706"/>
<SP HEIGHT="67" WIDTH="49" VPOS="346" HPOS="962"/>
<String LANG="en-US" CONTENT="1875-" HEIGHT="56" WIDTH="186" VPOS="346" HPOS="1012"/>
</TextLine>
<TextLine HEIGHT="78" WIDTH="1895" VPOS="431" HPOS="188" STYLEREFS="StyleId-C7F5275F-04D7-48D4-962F-6BEA66DF95A0-">
<String CONTENT="Can" HEIGHT="58" WIDTH="130" VPOS="440" HPOS="188"/>
<SP HEIGHT="38" WIDTH="43" VPOS="458" HPOS="319"/>
<String CONTENT="we" HEIGHT="39" WIDTH="90" VPOS="457" HPOS="363"/>
<SP HEIGHT="38" WIDTH="50" VPOS="457" HPOS="454"/>
<String CONTENT="compete" HEIGHT="68" WIDTH="274" VPOS="440" HPOS="505"/>
<SP HEIGHT="37" WIDTH="49" VPOS="456" HPOS="780"/>
<String CONTENT="abroad?" HEIGHT="58" WIDTH="270" VPOS="435" HPOS="830"/>
<SP HEIGHT="56" WIDTH="85" VPOS="434" HPOS="1101"/>
<String CONTENT="By" HEIGHT="72" WIDTH="99" VPOS="434" HPOS="1187"/>
<SP HEIGHT="74" WIDTH="48" VPOS="432" HPOS="1287"/>
<String CONTENT="C." HEIGHT="60" WIDTH="62" VPOS="432" HPOS="1336"/>
<SP HEIGHT="61" WIDTH="52" VPOS="432" HPOS="1399"/>
<String CONTENT="C." HEIGHT="61" WIDTH="64" VPOS="432" HPOS="1452"/>
<SP HEIGHT="59" WIDTH="51" VPOS="433" HPOS="1517"/>
<String CONTENT="Martin." HEIGHT="57" WIDTH="254" VPOS="433" HPOS="1569"/>
<SP HEIGHT="44" WIDTH="91" VPOS="461" HPOS="1824"/>
<String CONTENT="[New" HEIGHT="74" WIDTH="167" VPOS="431" HPOS="1916"/>
</TextLine>
<TextLine HEIGHT="79" WIDTH="1488" VPOS="510" HPOS="108" STYLEREFS="StyleId-C7F5275F-04D7-48D4-962F-6BEA66DF95A0-">
<String CONTENT="York]" HEIGHT="71" WIDTH="182" VPOS="518" HPOS="108"/>
<SP HEIGHT="72" WIDTH="33" VPOS="517" HPOS="291"/>
<String CONTENT="National" HEIGHT="58" WIDTH="296" VPOS="516" HPOS="325"/>
<SP HEIGHT="55" WIDTH="28" VPOS="515" HPOS="622"/>
<String CONTENT="foreign" HEIGHT="71" WIDTH="249" VPOS="514" HPOS="651"/>
<SP HEIGHT="53" WIDTH="29" VPOS="517" HPOS="901"/>
<String CONTENT="trade" HEIGHT="58" WIDTH="180" VPOS="513" HPOS="931"/>
<SP HEIGHT="38" WIDTH="31" VPOS="531" HPOS="1112"/>
<String CONTENT="council," HEIGHT="72" WIDTH="252" VPOS="511" HPOS="1144"/>
<SP HEIGHT="69" WIDTH="34" VPOS="514" HPOS="1397"/>
<String CONTENT="1926." HEIGHT="57" WIDTH="164" VPOS="511" HPOS="1432"/>
</TextLine>
<TextLine HEIGHT="58" WIDTH="688" VPOS="604" HPOS="175" CS="1">
<String CONTENT="4" HEIGHT="42" WIDTH="25" VPOS="611" HPOS="175"/>
<SP HEIGHT="51" WIDTH="26" VPOS="611" HPOS="201"/>
<String CONTENT="p." HEIGHT="38" WIDTH="39" VPOS="624" HPOS="228"/>
<SP HEIGHT="43" WIDTH="30" VPOS="609" HPOS="268"/>
<String CS="1" CONTENT="l.,"/>
<SP HEIGHT="49" WIDTH="34" VPOS="610" HPOS="339"/>
<String CONTENT="155" HEIGHT="47" WIDTH="74" VPOS="604" HPOS="374"/>
<SP HEIGHT="46" WIDTH="29" VPOS="604" HPOS="449"/>
<String CONTENT="numb." HEIGHT="44" WIDTH="145" VPOS="606" HPOS="479"/>
<SP HEIGHT="43" WIDTH="31" VPOS="606" HPOS="625"/>
<String CS="1" CONTENT="l." HEIGHT="7" WIDTH="8" VPOS="641" HPOS="676"/>
<SP HEIGHT="41" WIDTH="57" VPOS="607" HPOS="685"/>
<String CONTENT="20" HEIGHT="43" WIDTH="52" VPOS="605" HPOS="743"/>
<String STYLE="superscript" CONTENT="cm" HEIGHT="17" WIDTH="45" VPOS="607" HPOS="803"/>
<String CONTENT="." HEIGHT="9" WIDTH="8" VPOS="640" HPOS="855"/>
</TextLine>
<TextLine HEIGHT="62" WIDTH="1978" VPOS="667" HPOS="107">
<String CONTENT="&#169;" HEIGHT="52" WIDTH="53" VPOS="677" HPOS="107"/>
<SP HEIGHT="52" WIDTH="29" VPOS="677" HPOS="161"/>
<String CONTENT="June" HEIGHT="50" WIDTH="115" VPOS="679" HPOS="191"/>
<SP HEIGHT="42" WIDTH="37" VPOS="677" HPOS="307"/>
<String CONTENT="11," HEIGHT="49" WIDTH="60" VPOS="677" HPOS="345"/>
<SP HEIGHT="50" WIDTH="39" VPOS="676" HPOS="406"/>
<String CONTENT="1926;" HEIGHT="51" WIDTH="125" VPOS="673" HPOS="446"/>
<SP HEIGHT="51" WIDTH="33" VPOS="673" HPOS="572"/>
<String CONTENT="2c." HEIGHT="43" WIDTH="65" VPOS="673" HPOS="606"/>
<SP HEIGHT="50" WIDTH="33" VPOS="674" HPOS="672"/>
<String CONTENT="June" HEIGHT="50" WIDTH="115" VPOS="674" HPOS="706"/>
<SP HEIGHT="42" WIDTH="35" VPOS="673" HPOS="822"/>
<String CONTENT="16;" HEIGHT="52" WIDTH="74" VPOS="671" HPOS="858"/>
<SP HEIGHT="37" WIDTH="37" VPOS="686" HPOS="933"/>
<String CONTENT="aff." HEIGHT="43" WIDTH="78" VPOS="672" HPOS="971"/>
<SP HEIGHT="51" WIDTH="33" VPOS="672" HPOS="1050"/>
<String CONTENT="June" HEIGHT="51" WIDTH="115" VPOS="672" HPOS="1084"/>
<SP HEIGHT="43" WIDTH="35" VPOS="671" HPOS="1200"/>
<String CONTENT="17;" HEIGHT="53" WIDTH="74" VPOS="669" HPOS="1236"/>
<SP HEIGHT="51" WIDTH="35" VPOS="671" HPOS="1311"/>
<!-- cceid 01FF8985-6E1B-1014-9B7B-CA07F191E62B --><String CONTENT="A" HEIGHT="42" WIDTH="43" VPOS="671" HPOS="1347"/>
<SP HEIGHT="42" WIDTH="35" VPOS="671" HPOS="1391"/>
<String CONTENT="897156;" HEIGHT="56" WIDTH="188" VPOS="667" HPOS="1427"/>
<SP HEIGHT="53" WIDTH="37" VPOS="669" HPOS="1616"/>
<String CONTENT="National" HEIGHT="44" WIDTH="215" VPOS="668" HPOS="1654"/>
<SP HEIGHT="43" WIDTH="35" VPOS="667" HPOS="1870"/>
<String CONTENT="foreign" HEIGHT="54" WIDTH="179" VPOS="667" HPOS="1906"/>
</TextLine>
<TextLine HEIGHT="56" WIDTH="1010" VPOS="727" HPOS="177">
<String CONTENT="trade" HEIGHT="43" WIDTH="126" VPOS="734" HPOS="177"/>
<SP HEIGHT="29" WIDTH="32" VPOS="747" HPOS="304"/>
<String CONTENT="council," HEIGHT="52" WIDTH="185" VPOS="731" HPOS="337"/>
<SP HEIGHT="51" WIDTH="34" VPOS="731" HPOS="523"/>
<String CONTENT="New" HEIGHT="42" WIDTH="117" VPOS="731" HPOS="558"/>
<SP HEIGHT="43" WIDTH="31" VPOS="730" HPOS="676"/>
<String CONTENT="York." HEIGHT="42" WIDTH="142" VPOS="730" HPOS="708"/>
<SP HEIGHT="53" WIDTH="68" VPOS="728" HPOS="851"/>
<String CONTENT="(26-12983)" HEIGHT="54" WIDTH="267" VPOS="727" HPOS="920"/>
</TextLine>
<TextLine HEIGHT="75" WIDTH="1162" VPOS="826" HPOS="103" STYLEREFS="StyleId-B4B3131B-83D0-4F87-A367-30489CA27902-" CS="1">
<String CS="1" CONTENT="Mart&#237;nez" HEIGHT="58" WIDTH="305" VPOS="832" HPOS="103"/>
<SP HEIGHT="58" WIDTH="39" VPOS="829" HPOS="409"/>
<String CONTENT="Sierra," HEIGHT="72" WIDTH="227" VPOS="828" HPOS="449"/>
<SP HEIGHT="72" WIDTH="39" VPOS="828" HPOS="677"/>
<String CONTENT="Gregorio," HEIGHT="74" WIDTH="317" VPOS="826" HPOS="717"/>
<SP HEIGHT="66" WIDTH="42" VPOS="830" HPOS="1035"/>
<String CONTENT="1881-" HEIGHT="57" WIDTH="187" VPOS="828" HPOS="1078"/>
</TextLine>
<TextLine HEIGHT="77" WIDTH="1899" VPOS="915" HPOS="185" STYLEREFS="StyleId-C7F5275F-04D7-48D4-962F-6BEA66DF95A0-" CS="1">
<String CS="1" CONTENT="Sue&#241;o" HEIGHT="58" WIDTH="201" VPOS="924" HPOS="185"/>
<SP HEIGHT="58" WIDTH="29" VPOS="923" HPOS="387"/>
<String LANG="de" CONTENT="de" HEIGHT="57" WIDTH="75" VPOS="923" HPOS="417"/>
<SP HEIGHT="40" WIDTH="23" VPOS="940" HPOS="493"/>
<String LANG="la" CONTENT="una" HEIGHT="37" WIDTH="123" VPOS="940" HPOS="517"/>
<SP HEIGHT="39" WIDTH="23" VPOS="938" HPOS="641"/>
<String CONTENT="noche" HEIGHT="59" WIDTH="193" VPOS="919" HPOS="665"/>
<SP HEIGHT="57" WIDTH="26" VPOS="921" HPOS="859"/>
<String LANG="de" CONTENT="de" HEIGHT="57" WIDTH="74" VPOS="921" HPOS="886"/>
<SP HEIGHT="41" WIDTH="25" VPOS="937" HPOS="961"/>
<String CONTENT="agosto," HEIGHT="70" WIDTH="239" VPOS="919" HPOS="987"/>
<SP HEIGHT="54" WIDTH="26" VPOS="936" HPOS="1227"/>
<String CONTENT="por" HEIGHT="54" WIDTH="117" VPOS="936" HPOS="1254"/>
<SP HEIGHT="59" WIDTH="28" VPOS="917" HPOS="1372"/>
<String CONTENT="G." HEIGHT="59" WIDTH="66" VPOS="917" HPOS="1401"/>
<SP HEIGHT="56" WIDTH="31" VPOS="918" HPOS="1468"/>
<String CS="1" CONTENT="Mart&#237;nez" HEIGHT="58" WIDTH="307" VPOS="917" HPOS="1500"/>
<SP HEIGHT="59" WIDTH="29" VPOS="915" HPOS="1808"/>
<String CONTENT="Sierra;" HEIGHT="72" WIDTH="246" VPOS="915" HPOS="1838"/>
</TextLine>
<TextLine HEIGHT="77" WIDTH="1979" VPOS="991" HPOS="108" STYLEREFS="StyleId-C7F5275F-04D7-48D4-962F-6BEA66DF95A0-">
<String CONTENT="edited" HEIGHT="59" WIDTH="205" VPOS="999" HPOS="109"/>
<SP HEIGHT="55" WIDTH="35" VPOS="1003" HPOS="315"/>
<String CONTENT="with" HEIGHT="58" WIDTH="150" VPOS="999" HPOS="351"/>
<SP HEIGHT="58" WIDTH="37" VPOS="996" HPOS="502"/>
<String CONTENT="introduction," HEIGHT="73" WIDTH="440" VPOS="994" HPOS="540"/>
<SP HEIGHT="53" WIDTH="36" VPOS="1014" HPOS="981"/>
<String CONTENT="notes" HEIGHT="57" WIDTH="179" VPOS="996" HPOS="1018"/>
<SP HEIGHT="38" WIDTH="39" VPOS="1015" HPOS="1198"/>
<String CONTENT="and" HEIGHT="60" WIDTH="123" VPOS="993" HPOS="1238"/>
<SP HEIGHT="58" WIDTH="36" VPOS="993" HPOS="1362"/>
<String CONTENT="vocabulary" HEIGHT="74" WIDTH="379" VPOS="992" HPOS="1399"/>
<SP HEIGHT="71" WIDTH="37" VPOS="994" HPOS="1779"/>
<String CONTENT="by" HEIGHT="71" WIDTH="83" VPOS="994" HPOS="1817"/>
<SP HEIGHT="74" WIDTH="36" VPOS="991" HPOS="1900"/>
<String CONTENT="May" HEIGHT="72" WIDTH="151" VPOS="991" HPOS="1936"/>
</TextLine>
<TextLine HEIGHT="78" WIDTH="1979" VPOS="1067" HPOS="109" STYLEREFS="StyleId-C7F5275F-04D7-48D4-962F-6BEA66DF95A0-" CS="1">
<String CONTENT="Gardner" HEIGHT="60" WIDTH="283" VPOS="1078" HPOS="109"/>
<SP HEIGHT="38" WIDTH="43" VPOS="1094" HPOS="393"/>
<String CONTENT="and" HEIGHT="56" WIDTH="122" VPOS="1077" HPOS="437"/>
<SP HEIGHT="60" WIDTH="41" VPOS="1073" HPOS="560"/>
<String CONTENT="Arthur" HEIGHT="57" WIDTH="243" VPOS="1073" HPOS="602"/>
<SP HEIGHT="57" WIDTH="42" VPOS="1072" HPOS="846"/>
<String CONTENT="L." HEIGHT="57" WIDTH="67" VPOS="1072" HPOS="889"/>
<SP HEIGHT="61" WIDTH="44" VPOS="1070" HPOS="957"/>
<String CONTENT="Owen" HEIGHT="60" WIDTH="188" VPOS="1070" HPOS="1002"/>
<SP HEIGHT="40" WIDTH="43" VPOS="1089" HPOS="1191"/>
<String CS="1" CONTENT="&#8230;"/>
<SP HEIGHT="58" WIDTH="84" VPOS="1071" HPOS="1298"/>
<String CONTENT="New" HEIGHT="57" WIDTH="152" VPOS="1071" HPOS="1383"/>
<SP HEIGHT="57" WIDTH="38" VPOS="1071" HPOS="1536"/>
<String CONTENT="York," HEIGHT="74" WIDTH="188" VPOS="1068" HPOS="1575"/>
<SP HEIGHT="74" WIDTH="43" VPOS="1068" HPOS="1764"/>
<String CONTENT="H." HEIGHT="57" WIDTH="80" VPOS="1068" HPOS="1808"/>
<SP HEIGHT="58" WIDTH="43" VPOS="1068" HPOS="1889"/>
<String CONTENT="Holt" HEIGHT="60" WIDTH="155" VPOS="1067" HPOS="1933"/>
</TextLine>
<TextLine HEIGHT="75" WIDTH="686" VPOS="1150" HPOS="107" STYLEREFS="StyleId-C7F5275F-04D7-48D4-962F-6BEA66DF95A0-">
<String CONTENT="and" HEIGHT="58" WIDTH="123" VPOS="1155" HPOS="107"/>
<SP HEIGHT="58" WIDTH="27" VPOS="1155" HPOS="231"/>
<String CONTENT="company" HEIGHT="57" WIDTH="302" VPOS="1168" HPOS="259"/>
<SP HEIGHT="53" WIDTH="29" VPOS="1171" HPOS="562"/>
<String CONTENT="[" HEIGHT="42" WIDTH="13" VPOS="1181" HPOS="592"/>
<String STYLE="superscript" CONTENT="c" HEIGHT="21" WIDTH="20" VPOS="1159" HPOS="605"/>
<String CONTENT="1926]" HEIGHT="72" WIDTH="165" VPOS="1150" HPOS="628"/>
</TextLine>
<TextLine HEIGHT="54" WIDTH="350" VPOS="1239" HPOS="314" CS="1">
<String CS="1" CONTENT="xxv,"/>
<SP/>
<String CONTENT="171" HEIGHT="47" WIDTH="73" VPOS="1241" HPOS="314"/>
<SP HEIGHT="48" WIDTH="28" VPOS="1245" HPOS="388"/>
<String CONTENT="p." HEIGHT="38" WIDTH="40" VPOS="1254" HPOS="417"/>
<SP HEIGHT="43" WIDTH="62" VPOS="1241" HPOS="458"/>
<String CS="1" CONTENT="17&#189;" HEIGHT="45" WIDTH="48" VPOS="1239" HPOS="521"/>
<String STYLE="superscript" CS="1" CONTENT="cm"/>
<String CONTENT="." HEIGHT="8" WIDTH="8" VPOS="1274" HPOS="656"/>
</TextLine>
<TextLine HEIGHT="62" WIDTH="1869" VPOS="1287" HPOS="104">
<String CONTENT="&#169;" HEIGHT="53" WIDTH="56" VPOS="1296" HPOS="104"/>
<SP HEIGHT="53" WIDTH="29" VPOS="1296" HPOS="161"/>
<String CONTENT="June" HEIGHT="50" WIDTH="115" VPOS="1299" HPOS="191"/>
<SP HEIGHT="43" WIDTH="33" VPOS="1297" HPOS="307"/>
<String CONTENT="16," HEIGHT="51" WIDTH="63" VPOS="1296" HPOS="341"/>
<SP HEIGHT="51" WIDTH="33" VPOS="1296" HPOS="405"/>
<String CONTENT="1926;" HEIGHT="51" WIDTH="129" VPOS="1294" HPOS="439"/>
<SP HEIGHT="51" WIDTH="31" VPOS="1294" HPOS="569"/>
<String CONTENT="2c." HEIGHT="42" WIDTH="63" VPOS="1294" HPOS="601"/>
<SP HEIGHT="28" WIDTH="32" VPOS="1308" HPOS="665"/>
<String CONTENT="and" HEIGHT="43" WIDTH="86" VPOS="1292" HPOS="698"/>
<SP HEIGHT="43" WIDTH="31" VPOS="1292" HPOS="785"/>
<String CONTENT="aff." HEIGHT="42" WIDTH="77" VPOS="1292" HPOS="817"/>
<SP HEIGHT="51" WIDTH="32" VPOS="1292" HPOS="895"/>
<String CONTENT="June" HEIGHT="52" WIDTH="115" VPOS="1291" HPOS="928"/>
<SP HEIGHT="42" WIDTH="29" VPOS="1291" HPOS="1044"/>
<String CONTENT="22;" HEIGHT="52" WIDTH="77" VPOS="1290" HPOS="1074"/>
<SP HEIGHT="52" WIDTH="35" VPOS="1290" HPOS="1152"/>
<!-- cceid 01FFF2BB-6E1B-1014-9B7B-CA07F191E62B --><String CONTENT="A" HEIGHT="42" WIDTH="43" VPOS="1290" HPOS="1188"/>
<SP HEIGHT="43" WIDTH="32" VPOS="1290" HPOS="1232"/>
<String CONTENT="897189;" HEIGHT="54" WIDTH="189" VPOS="1288" HPOS="1265"/>
<SP HEIGHT="51" WIDTH="37" VPOS="1291" HPOS="1455"/>
<String CONTENT="Henry" HEIGHT="53" WIDTH="161" VPOS="1290" HPOS="1493"/>
<SP HEIGHT="51" WIDTH="32" VPOS="1291" HPOS="1655"/>
<String CONTENT="Holt" HEIGHT="46" WIDTH="117" VPOS="1288" HPOS="1688"/>
<SP HEIGHT="44" WIDTH="31" VPOS="1290" HPOS="1806"/>
<String CONTENT="&amp;" HEIGHT="44" WIDTH="37" VPOS="1290" HPOS="1838"/>
<SP HEIGHT="44" WIDTH="32" VPOS="1290" HPOS="1876"/>
<String CONTENT="co." HEIGHT="29" WIDTH="64" VPOS="1304" HPOS="1909"/>
</TextLine>
<TextLine HEIGHT="59" WIDTH="266" VPOS="1349" HPOS="184">
<String CONTENT="(26-12855)" HEIGHT="59" WIDTH="266" VPOS="1349" HPOS="184"/>
</TextLine>
<TextLine HEIGHT="75" WIDTH="652" VPOS="1447" HPOS="101" STYLEREFS="StyleId-B4B3131B-83D0-4F87-A367-30489CA27902-" CS="1">
<String CONTENT="Mauriac," HEIGHT="71" WIDTH="298" VPOS="1451" HPOS="101"/>
<SP HEIGHT="72" WIDTH="37" VPOS="1450" HPOS="400"/>
<String CS="1" CONTENT="Fran&#231;ois." HEIGHT="58" WIDTH="315" VPOS="1447" HPOS="438"/>
</TextLine>
<TextLine HEIGHT="79" WIDTH="1842" VPOS="1533" HPOS="244" STYLEREFS="StyleId-C7F5275F-04D7-48D4-962F-6BEA66DF95A0-" CS="1">
<String CS="1" CONTENT="&#8230;"/>
<SP HEIGHT="58" WIDTH="48" VPOS="1541" HPOS="244"/>
<String CONTENT="Le" HEIGHT="58" WIDTH="86" VPOS="1541" HPOS="292"/>
<SP HEIGHT="73" WIDTH="43" VPOS="1538" HPOS="378"/>
<String CONTENT="jeune" HEIGHT="72" WIDTH="184" VPOS="1538" HPOS="421"/>
<SP HEIGHT="57" WIDTH="44" VPOS="1538" HPOS="605"/>
<String CONTENT="homme," HEIGHT="69" WIDTH="261" VPOS="1538" HPOS="649"/>
<SP HEIGHT="52" WIDTH="47" VPOS="1556" HPOS="910"/>
<String CONTENT="par" HEIGHT="53" WIDTH="118" VPOS="1555" HPOS="957"/>
<SP HEIGHT="57" WIDTH="47" VPOS="1536" HPOS="1075"/>
<String CS="1" CONTENT="Fran&#231;ois" HEIGHT="59" WIDTH="305" VPOS="1534" HPOS="1122"/>
<SP HEIGHT="57" WIDTH="47" VPOS="1535" HPOS="1427"/>
<String CONTENT="Mauriac." HEIGHT="60" WIDTH="300" VPOS="1534" HPOS="1474"/>
<SP HEIGHT="44" WIDTH="91" VPOS="1564" HPOS="1774"/>
<String CONTENT="[Paris]" HEIGHT="75" WIDTH="221" VPOS="1534" HPOS="1865"/>
</TextLine>
<TextLine HEIGHT="72" WIDTH="544" VPOS="1616" HPOS="102" STYLEREFS="StyleId-C7F5275F-04D7-48D4-962F-6BEA66DF95A0-">
<String CONTENT="Hachette" HEIGHT="58" WIDTH="306" VPOS="1618" HPOS="102"/>
<SP HEIGHT="52" WIDTH="35" VPOS="1635" HPOS="409"/>
<String CONTENT="[" HEIGHT="42" WIDTH="14" VPOS="1645" HPOS="445"/>
<String STYLE="superscript" CONTENT="c" HEIGHT="22" WIDTH="19" VPOS="1624" HPOS="461"/>
<String CONTENT="1926]" HEIGHT="71" WIDTH="163" VPOS="1616" HPOS="483"/>
</TextLine>
<TextLine HEIGHT="58" WIDTH="1159" VPOS="1687" HPOS="171" CS="1">
<String CONTENT="92," HEIGHT="49" WIDTH="65" VPOS="1694" HPOS="171"/>
<SP HEIGHT="34" WIDTH="32" VPOS="1709" HPOS="237"/>
<String CONTENT="[2]" HEIGHT="46" WIDTH="52" VPOS="1693" HPOS="270"/>
<SP HEIGHT="39" WIDTH="29" VPOS="1706" HPOS="323"/>
<String CONTENT="p." HEIGHT="39" WIDTH="40" VPOS="1706" HPOS="353"/>
<SP HEIGHT="42" WIDTH="58" VPOS="1692" HPOS="394"/>
<String CS="1" CONTENT="17&#189;" HEIGHT="45" WIDTH="49" VPOS="1690" HPOS="453"/>
<String STYLE="superscript" CS="1" CONTENT="cm"/>
<String CONTENT="." HEIGHT="9" WIDTH="10" VPOS="1725" HPOS="587"/>
<SP HEIGHT="54" WIDTH="65" VPOS="1690" HPOS="598"/>
<String CONTENT="(Les" HEIGHT="54" WIDTH="112" VPOS="1690" HPOS="664"/>
<SP HEIGHT="30" WIDTH="28" VPOS="1704" HPOS="777"/>
<String CS="1" CONTENT="&#226;ges" HEIGHT="39" WIDTH="78" VPOS="1704" HPOS="835"/>
<SP HEIGHT="45" WIDTH="28" VPOS="1688" HPOS="914"/>
<String LANG="de" CONTENT="de" HEIGHT="46" WIDTH="56" VPOS="1687" HPOS="943"/>
<SP HEIGHT="44" WIDTH="29" VPOS="1688" HPOS="1000"/>
<String CONTENT="la" HEIGHT="44" WIDTH="43" VPOS="1688" HPOS="1030"/>
<SP HEIGHT="29" WIDTH="27" VPOS="1703" HPOS="1074"/>
<String CONTENT="vie." HEIGHT="45" WIDTH="86" VPOS="1687" HPOS="1102"/>
<SP HEIGHT="31" WIDTH="58" VPOS="1704" HPOS="1189"/>
<String CONTENT="[2])" HEIGHT="54" WIDTH="82" VPOS="1687" HPOS="1248"/>
</TextLine>
<TextLine HEIGHT="59" WIDTH="1924" VPOS="1743" HPOS="106" CS="1">
<String CONTENT="&#169;" HEIGHT="53" WIDTH="53" VPOS="1749" HPOS="106"/>
<SP HEIGHT="53" WIDTH="35" VPOS="1749" HPOS="160"/>
<String CONTENT="Feb." HEIGHT="44" WIDTH="105" VPOS="1749" HPOS="196"/>
<SP HEIGHT="41" WIDTH="39" VPOS="1751" HPOS="302"/>
<String CONTENT="12," HEIGHT="50" WIDTH="61" VPOS="1749" HPOS="342"/>
<SP HEIGHT="50" WIDTH="40" VPOS="1749" HPOS="404"/>
<String CONTENT="1926;" HEIGHT="52" WIDTH="127" VPOS="1748" HPOS="445"/>
<SP HEIGHT="51" WIDTH="42" VPOS="1749" HPOS="573"/>
<String CS="1" CONTENT="1c."/>
<SP HEIGHT="43" WIDTH="38" VPOS="1747" HPOS="676"/>
<String CONTENT="Mar." HEIGHT="43" WIDTH="118" VPOS="1747" HPOS="715"/>
<SP HEIGHT="43" WIDTH="36" VPOS="1747" HPOS="834"/>
<String CONTENT="22;" HEIGHT="51" WIDTH="78" VPOS="1747" HPOS="871"/>
<SP HEIGHT="53" WIDTH="39" VPOS="1745" HPOS="950"/>
<!-- cceid 02004923-6E1B-1014-9B7B-CA07F191E62B --><String CONTENT="A&#8212;Foreign" HEIGHT="54" WIDTH="300" VPOS="1744" HPOS="990"/>
<SP HEIGHT="43" WIDTH="36" VPOS="1746" HPOS="1291"/>
<String CONTENT="30438;" HEIGHT="53" WIDTH="160" VPOS="1745" HPOS="1328"/>
<SP HEIGHT="52" WIDTH="40" VPOS="1746" HPOS="1489"/>
<String CONTENT="Librairie" HEIGHT="46" WIDTH="223" VPOS="1744" HPOS="1530"/>
<SP HEIGHT="43" WIDTH="36" VPOS="1746" HPOS="1754"/>
<String CONTENT="Hachette." HEIGHT="45" WIDTH="239" VPOS="1745" HPOS="1791"/>
</TextLine>
<TextLine HEIGHT="57" WIDTH="268" VPOS="1804" HPOS="183">
<String CONTENT="(26-12922)" HEIGHT="57" WIDTH="268" VPOS="1804" HPOS="183"/>
</TextLine>
<TextLine HEIGHT="75" WIDTH="589" VPOS="1903" HPOS="101" STYLEREFS="StyleId-B4B3131B-83D0-4F87-A367-30489CA27902-">
<String CONTENT="Munro," HEIGHT="69" WIDTH="241" VPOS="1905" HPOS="101"/>
<SP HEIGHT="68" WIDTH="36" VPOS="1906" HPOS="343"/>
<String CONTENT="Harry" HEIGHT="73" WIDTH="211" VPOS="1905" HPOS="380"/>
<SP HEIGHT="74" WIDTH="34" VPOS="1903" HPOS="592"/>
<String CONTENT="C." HEIGHT="58" WIDTH="63" VPOS="1903" HPOS="627"/>
</TextLine>
<TextLine HEIGHT="79" WIDTH="1916" VPOS="1988" HPOS="175" STYLEREFS="StyleId-C7F5275F-04D7-48D4-962F-6BEA66DF95A0-">
<String CONTENT="Agencies" HEIGHT="75" WIDTH="308" VPOS="1992" HPOS="175"/>
<SP HEIGHT="58" WIDTH="29" VPOS="1993" HPOS="484"/>
<String CONTENT="for" HEIGHT="57" WIDTH="103" VPOS="1993" HPOS="514"/>
<SP HEIGHT="55" WIDTH="26" VPOS="1997" HPOS="618"/>
<String CONTENT="the" HEIGHT="59" WIDTH="104" VPOS="1993" HPOS="645"/>
<SP HEIGHT="38" WIDTH="31" VPOS="2012" HPOS="750"/>
<String CONTENT="religious" HEIGHT="75" WIDTH="298" VPOS="1989" HPOS="782"/>
<SP HEIGHT="38" WIDTH="30" VPOS="2013" HPOS="1081"/>
<String CONTENT="education" HEIGHT="61" WIDTH="329" VPOS="1990" HPOS="1112"/>
<SP HEIGHT="38" WIDTH="30" VPOS="2010" HPOS="1442"/>
<String CONTENT="of" HEIGHT="59" WIDTH="68" VPOS="1990" HPOS="1473"/>
<SP HEIGHT="62" WIDTH="29" VPOS="1989" HPOS="1542"/>
<String CONTENT="adolescents," HEIGHT="73" WIDTH="406" VPOS="1990" HPOS="1572"/>
<SP HEIGHT="70" WIDTH="28" VPOS="1993" HPOS="1979"/>
<String CONTENT="by" HEIGHT="70" WIDTH="83" VPOS="1993" HPOS="2008"/>
</TextLine>
<TextLine HEIGHT="78" WIDTH="1991" VPOS="2067" HPOS="100" STYLEREFS="StyleId-C7F5275F-04D7-48D4-962F-6BEA66DF95A0-">
<String CONTENT="Harry" HEIGHT="72" WIDTH="218" VPOS="2073" HPOS="100"/>
<SP HEIGHT="74" WIDTH="37" VPOS="2071" HPOS="318"/>
<String CONTENT="C." HEIGHT="60" WIDTH="64" VPOS="2070" HPOS="355"/>
<SP HEIGHT="58" WIDTH="37" VPOS="2070" HPOS="420"/>
<String CONTENT="Munro;" HEIGHT="68" WIDTH="257" VPOS="2070" HPOS="458"/>
<SP HEIGHT="49" WIDTH="38" VPOS="2089" HPOS="716"/>
<String CONTENT="a" HEIGHT="37" WIDTH="36" VPOS="2089" HPOS="755"/>
<SP HEIGHT="53" WIDTH="35" VPOS="2074" HPOS="792"/>
<String CONTENT="textbook" HEIGHT="58" WIDTH="295" VPOS="2069" HPOS="828"/>
<SP HEIGHT="57" WIDTH="34" VPOS="2068" HPOS="1124"/>
<String CONTENT="in" HEIGHT="58" WIDTH="65" VPOS="2068" HPOS="1159"/>
<SP HEIGHT="53" WIDTH="36" VPOS="2073" HPOS="1225"/>
<String CONTENT="the" HEIGHT="57" WIDTH="104" VPOS="2069" HPOS="1262"/>
<SP HEIGHT="59" WIDTH="41" VPOS="2068" HPOS="1367"/>
<String CONTENT="Standard" HEIGHT="63" WIDTH="320" VPOS="2067" HPOS="1409"/>
<SP HEIGHT="57" WIDTH="37" VPOS="2072" HPOS="1730"/>
<String CONTENT="course" HEIGHT="40" WIDTH="218" VPOS="2088" HPOS="1768"/>
<SP HEIGHT="59" WIDTH="37" VPOS="2069" HPOS="1987"/>
<String CONTENT="in" HEIGHT="57" WIDTH="65" VPOS="2069" HPOS="2025"/>
</TextLine>
<TextLine HEIGHT="139" WIDTH="1964" VPOS="2144" HPOS="101" STYLEREFS="StyleId-C7F5275F-04D7-48D4-962F-6BEA66DF95A0-" CS="1">
<String CONTENT="teacher" HEIGHT="60" WIDTH="249" VPOS="2148" HPOS="102"/>
<SP HEIGHT="52" WIDTH="42" VPOS="2153" HPOS="352"/>
<String CONTENT="training," HEIGHT="74" WIDTH="295" VPOS="2146" HPOS="395"/>
<SP HEIGHT="52" WIDTH="49" VPOS="2167" HPOS="691"/>
<String CONTENT="outlined" HEIGHT="61" WIDTH="278" VPOS="2145" HPOS="741"/>
<SP HEIGHT="57" WIDTH="46" VPOS="2148" HPOS="1020"/>
<String CONTENT="and" HEIGHT="57" WIDTH="122" VPOS="2149" HPOS="1067"/>
<SP HEIGHT="57" WIDTH="47" VPOS="2149" HPOS="1190"/>
<String CONTENT="approved" HEIGHT="74" WIDTH="324" VPOS="2145" HPOS="1238"/>
<SP HEIGHT="59" WIDTH="44" VPOS="2145" HPOS="1563"/>
<String CONTENT="by" HEIGHT="72" WIDTH="82" VPOS="2147" HPOS="1608"/>
<SP HEIGHT="68" WIDTH="45" VPOS="2151" HPOS="1691"/>
<String CONTENT="the" HEIGHT="58" WIDTH="103" VPOS="2146" HPOS="1737"/>
<SP HEIGHT="57" WIDTH="47" VPOS="2147" HPOS="1841"/>
<String CONTENT="International" HEIGHT="136" WIDTH="1964" VPOS="2147" HPOS="101"/>
</TextLine>
<TextLine HEIGHT="139" WIDTH="1963" VPOS="2222" HPOS="102" STYLEREFS="StyleId-C7F5275F-04D7-48D4-962F-6BEA66DF95A0-" CS="1">
<String CONTENT="council" HEIGHT="59" WIDTH="237" VPOS="2224" HPOS="417"/>
<SP HEIGHT="56" WIDTH="36" VPOS="2225" HPOS="655"/>
<String CONTENT="of" HEIGHT="57" WIDTH="68" VPOS="2224" HPOS="692"/>
<SP HEIGHT="57" WIDTH="37" VPOS="2224" HPOS="761"/>
<String CONTENT="religious" HEIGHT="73" WIDTH="297" VPOS="2223" HPOS="799"/>
<SP HEIGHT="38" WIDTH="38" VPOS="2243" HPOS="1097"/>
<String CONTENT="education," HEIGHT="72" WIDTH="347" VPOS="2223" HPOS="1136"/>
<SP HEIGHT="68" WIDTH="42" VPOS="2227" HPOS="1484"/>
<String CONTENT="Third" HEIGHT="62" WIDTH="196" VPOS="2223" HPOS="1527"/>
<SP HEIGHT="68" WIDTH="35" VPOS="2227" HPOS="1724"/>
<String CONTENT="year" HEIGHT="52" WIDTH="153" VPOS="2243" HPOS="1760"/>
<SP HEIGHT="39" WIDTH="41" VPOS="2243" HPOS="1914"/>
<String CONTENT="specialization" HEIGHT="118" WIDTH="1963" VPOS="2243" HPOS="102"/>
</TextLine>
<TextLine HEIGHT="77" WIDTH="1592" VPOS="2299" HPOS="497" STYLEREFS="StyleId-C7F5275F-04D7-48D4-962F-6BEA66DF95A0-">
<String CONTENT="series" HEIGHT="58" WIDTH="192" VPOS="2301" HPOS="497"/>
<SP HEIGHT="55" WIDTH="40" VPOS="2305" HPOS="690"/>
<String CONTENT="to" HEIGHT="55" WIDTH="63" VPOS="2305" HPOS="731"/>
<SP HEIGHT="57" WIDTH="40" VPOS="2302" HPOS="795"/>
<String CONTENT="be" HEIGHT="57" WIDTH="75" VPOS="2302" HPOS="836"/>
<SP HEIGHT="38" WIDTH="38" VPOS="2320" HPOS="912"/>
<String CONTENT="used" HEIGHT="57" WIDTH="156" VPOS="2305" HPOS="951"/>
<SP HEIGHT="56" WIDTH="40" VPOS="2305" HPOS="1108"/>
<String CONTENT="as" HEIGHT="39" WIDTH="69" VPOS="2320" HPOS="1149"/>
<SP HEIGHT="38" WIDTH="43" VPOS="2320" HPOS="1219"/>
<String CONTENT="an" HEIGHT="38" WIDTH="80" VPOS="2320" HPOS="1263"/>
<SP HEIGHT="39" WIDTH="39" VPOS="2320" HPOS="1344"/>
<String CONTENT="elective." HEIGHT="61" WIDTH="272" VPOS="2299" HPOS="1384"/>
<SP HEIGHT="60" WIDTH="85" VPOS="2300" HPOS="1657"/>
<String CONTENT="St." HEIGHT="60" WIDTH="90" VPOS="2300" HPOS="1743"/>
<SP HEIGHT="57" WIDTH="42" VPOS="2302" HPOS="1834"/>
<String CONTENT="Louis," HEIGHT="72" WIDTH="212" VPOS="2302" HPOS="1877"/>
</TextLine>
<TextLine HEIGHT="80" WIDTH="1989" VPOS="2376" HPOS="103" STYLEREFS="StyleId-C7F5275F-04D7-48D4-962F-6BEA66DF95A0-">
<String CONTENT="Pub." HEIGHT="57" WIDTH="149" VPOS="2381" HPOS="103"/>
<SP HEIGHT="58" WIDTH="36" VPOS="2379" HPOS="253"/>
<String CONTENT="for" HEIGHT="58" WIDTH="103" VPOS="2379" HPOS="290"/>
<SP HEIGHT="54" WIDTH="33" VPOS="2383" HPOS="394"/>
<String CONTENT="the" HEIGHT="59" WIDTH="103" VPOS="2380" HPOS="428"/>
<SP HEIGHT="58" WIDTH="35" VPOS="2381" HPOS="532"/>
<String CONTENT="Teacher" HEIGHT="57" WIDTH="276" VPOS="2380" HPOS="568"/>
<SP HEIGHT="53" WIDTH="33" VPOS="2383" HPOS="845"/>
<String CONTENT="training" HEIGHT="75" WIDTH="281" VPOS="2377" HPOS="879"/>
<SP HEIGHT="54" WIDTH="32" VPOS="2398" HPOS="1161"/>
<String CONTENT="publishing" HEIGHT="74" WIDTH="363" VPOS="2378" HPOS="1194"/>
<SP HEIGHT="54" WIDTH="36" VPOS="2397" HPOS="1558"/>
<String CONTENT="association" HEIGHT="59" WIDTH="379" VPOS="2379" HPOS="1595"/>
<SP HEIGHT="58" WIDTH="35" VPOS="2382" HPOS="1975"/>
<String CONTENT="by" HEIGHT="71" WIDTH="81" VPOS="2382" HPOS="2011"/>
</TextLine>
<TextLine HEIGHT="76" WIDTH="874" VPOS="2454" HPOS="101" STYLEREFS="StyleId-C7F5275F-04D7-48D4-962F-6BEA66DF95A0-">
<String CONTENT="the" HEIGHT="58" WIDTH="101" VPOS="2457" HPOS="101"/>
<SP HEIGHT="58" WIDTH="31" VPOS="2456" HPOS="203"/>
<String CONTENT="Bethany" HEIGHT="74" WIDTH="290" VPOS="2454" HPOS="235"/>
<SP HEIGHT="54" WIDTH="27" VPOS="2475" HPOS="526"/>
<String CONTENT="press" HEIGHT="55" WIDTH="181" VPOS="2474" HPOS="554"/>
<SP HEIGHT="53" WIDTH="37" VPOS="2475" HPOS="736"/>
<String CONTENT="[" HEIGHT="42" WIDTH="13" VPOS="2486" HPOS="774"/>
<String STYLE="superscript" CONTENT="c" HEIGHT="23" WIDTH="18" VPOS="2464" HPOS="790"/>
<String CONTENT="1925]" HEIGHT="73" WIDTH="164" VPOS="2456" HPOS="811"/>
</TextLine>
<TextLine HEIGHT="56" WIDTH="553" VPOS="2530" HPOS="173">
<String CONTENT="176" HEIGHT="44" WIDTH="80" VPOS="2533" HPOS="173"/>
<SP HEIGHT="52" WIDTH="24" VPOS="2534" HPOS="254"/>
<String CONTENT="p." HEIGHT="39" WIDTH="41" VPOS="2547" HPOS="279"/>
<SP HEIGHT="45" WIDTH="56" VPOS="2531" HPOS="321"/>
<String CONTENT="diagrs." HEIGHT="56" WIDTH="170" VPOS="2530" HPOS="378"/>
<SP HEIGHT="43" WIDTH="57" VPOS="2532" HPOS="549"/>
<String CONTENT="17" HEIGHT="45" WIDTH="51" VPOS="2532" HPOS="607"/>
<String STYLE="superscript" CONTENT="cm" HEIGHT="18" WIDTH="46" VPOS="2534" HPOS="666"/>
<String CONTENT="." HEIGHT="9" WIDTH="9" VPOS="2566" HPOS="717"/>
</TextLine>
<TextLine HEIGHT="56" WIDTH="624" VPOS="2586" HPOS="173">
<String CONTENT="Contains" HEIGHT="46" WIDTH="222" VPOS="2587" HPOS="173"/>
<SP HEIGHT="46" WIDTH="32" VPOS="2587" HPOS="396"/>
<String CONTENT="bibliographies." HEIGHT="55" WIDTH="368" VPOS="2586" HPOS="429"/>
</TextLine>
<TextLine HEIGHT="64" WIDTH="1987" VPOS="2641" HPOS="101">
<String CONTENT="&#169;" HEIGHT="53" WIDTH="56" VPOS="2644" HPOS="101"/>
<SP HEIGHT="53" WIDTH="25" VPOS="2644" HPOS="158"/>
<String CONTENT="Oct." HEIGHT="43" WIDTH="101" VPOS="2646" HPOS="184"/>
<SP HEIGHT="43" WIDTH="28" VPOS="2646" HPOS="286"/>
<String CONTENT="31," HEIGHT="50" WIDTH="65" VPOS="2646" HPOS="315"/>
<SP HEIGHT="50" WIDTH="32" VPOS="2646" HPOS="381"/>
<String CONTENT="1925;" HEIGHT="52" WIDTH="129" VPOS="2644" HPOS="414"/>
<SP HEIGHT="50" WIDTH="26" VPOS="2646" HPOS="544"/>
<String CONTENT="2c." HEIGHT="42" WIDTH="64" VPOS="2646" HPOS="571"/>
<SP HEIGHT="51" WIDTH="28" VPOS="2646" HPOS="636"/>
<String CONTENT="June" HEIGHT="51" WIDTH="116" VPOS="2646" HPOS="665"/>
<SP HEIGHT="44" WIDTH="21" VPOS="2645" HPOS="782"/>
<String CONTENT="25," HEIGHT="53" WIDTH="68" VPOS="2644" HPOS="804"/>
<SP HEIGHT="50" WIDTH="32" VPOS="2647" HPOS="873"/>
<String CONTENT="1926;" HEIGHT="55" WIDTH="128" VPOS="2644" HPOS="906"/>
<SP HEIGHT="39" WIDTH="30" VPOS="2659" HPOS="1035"/>
<String CONTENT="aff." HEIGHT="45" WIDTH="79" VPOS="2646" HPOS="1066"/>
<SP HEIGHT="52" WIDTH="27" VPOS="2647" HPOS="1146"/>
<String CONTENT="June" HEIGHT="52" WIDTH="117" VPOS="2647" HPOS="1174"/>
<SP HEIGHT="43" WIDTH="23" VPOS="2647" HPOS="1292"/>
<String CONTENT="24;" HEIGHT="53" WIDTH="81" VPOS="2647" HPOS="1316"/>
<SP HEIGHT="53" WIDTH="30" VPOS="2647" HPOS="1398"/>
<!-- cceid 02009FD2-6E1B-1014-9B7B-CA07F191E62B --><String CONTENT="A" HEIGHT="43" WIDTH="44" VPOS="2647" HPOS="1429"/>
<SP HEIGHT="44" WIDTH="28" VPOS="2647" HPOS="1474"/>
<String CONTENT="897234;" HEIGHT="56" WIDTH="188" VPOS="2645" HPOS="1503"/>
<SP HEIGHT="52" WIDTH="32" VPOS="2648" HPOS="1692"/>
<String CONTENT="H." HEIGHT="45" WIDTH="62" VPOS="2648" HPOS="1725"/>
<SP HEIGHT="47" WIDTH="33" VPOS="2646" HPOS="1788"/>
<String CONTENT="C." HEIGHT="46" WIDTH="48" VPOS="2646" HPOS="1822"/>
<SP HEIGHT="43" WIDTH="32" VPOS="2649" HPOS="1871"/>
<String CONTENT="Munro," HEIGHT="53" WIDTH="184" VPOS="2649" HPOS="1904"/>
</TextLine>
<TextLine HEIGHT="57" WIDTH="592" VPOS="2700" HPOS="177">
<String CONTENT="St." HEIGHT="47" WIDTH="65" VPOS="2701" HPOS="177"/>
<SP HEIGHT="43" WIDTH="40" VPOS="2702" HPOS="242"/>
<String CONTENT="Louis." HEIGHT="46" WIDTH="150" VPOS="2700" HPOS="282"/>
<SP HEIGHT="53" WIDTH="68" VPOS="2702" HPOS="432"/>
<String CONTENT="(26-12885)" HEIGHT="56" WIDTH="269" VPOS="2700" HPOS="500"/>
</TextLine>
<TextLine HEIGHT="80" WIDTH="1280" VPOS="2797" HPOS="100" STYLEREFS="StyleId-B4B3131B-83D0-4F87-A367-30489CA27902-">
<String CONTENT="Nathan," HEIGHT="72" WIDTH="267" VPOS="2799" HPOS="100"/>
<SP HEIGHT="69" WIDTH="35" VPOS="2802" HPOS="368"/>
<String CONTENT="Mrs." HEIGHT="59" WIDTH="150" VPOS="2801" HPOS="404"/>
<SP HEIGHT="57" WIDTH="37" VPOS="2801" HPOS="555"/>
<String CONTENT="Maud" HEIGHT="57" WIDTH="197" VPOS="2801" HPOS="593"/>
<SP HEIGHT="72" WIDTH="42" VPOS="2801" HPOS="791"/>
<String CONTENT="(Nathan)" HEIGHT="76" WIDTH="310" VPOS="2800" HPOS="834"/>
<SP HEIGHT="73" WIDTH="44" VPOS="2802" HPOS="1145"/>
<String CONTENT="1862-" HEIGHT="57" WIDTH="190" VPOS="2803" HPOS="1190"/>
</TextLine>
<TextLine HEIGHT="81" WIDTH="1910" VPOS="2892" HPOS="183" STYLEREFS="StyleId-C7F5275F-04D7-48D4-962F-6BEA66DF95A0-">
<String CONTENT="The" HEIGHT="58" WIDTH="130" VPOS="2895" HPOS="183"/>
<SP HEIGHT="40" WIDTH="48" VPOS="2913" HPOS="314"/>
<String CONTENT="story" HEIGHT="72" WIDTH="175" VPOS="2896" HPOS="363"/>
<SP HEIGHT="53" WIDTH="46" VPOS="2914" HPOS="539"/>
<String CONTENT="of" HEIGHT="58" WIDTH="67" VPOS="2895" HPOS="586"/>
<SP HEIGHT="57" WIDTH="48" VPOS="2895" HPOS="654"/>
<String CONTENT="an" HEIGHT="39" WIDTH="80" VPOS="2912" HPOS="703"/>
<SP HEIGHT="38" WIDTH="48" VPOS="2914" HPOS="784"/>
<String CONTENT="epoch-making" HEIGHT="77" WIDTH="470" VPOS="2893" HPOS="833"/>
<SP HEIGHT="55" WIDTH="43" VPOS="2914" HPOS="1304"/>
<String CONTENT="movement," HEIGHT="70" WIDTH="368" VPOS="2900" HPOS="1348"/>
<SP HEIGHT="72" WIDTH="48" VPOS="2897" HPOS="1717"/>
<String CONTENT="by" HEIGHT="73" WIDTH="85" VPOS="2897" HPOS="1766"/>
<SP HEIGHT="73" WIDTH="45" VPOS="2897" HPOS="1852"/>
<String CONTENT="Maud" HEIGHT="59" WIDTH="195" VPOS="2897" HPOS="1898"/>
</TextLine>
<TextLine HEIGHT="82" WIDTH="1983" VPOS="2966" HPOS="106" STYLEREFS="StyleId-C7F5275F-04D7-48D4-962F-6BEA66DF95A0-" CS="1">
<String CONTENT="Nathan" HEIGHT="58" WIDTH="251" VPOS="2971" HPOS="106"/>
<SP HEIGHT="41" WIDTH="56" VPOS="2989" HPOS="358"/>
<String CS="1" CONTENT="&#8230;"/>
<SP HEIGHT="39" WIDTH="53" VPOS="2991" HPOS="477"/>
<String CONTENT="with" HEIGHT="61" WIDTH="151" VPOS="2968" HPOS="531"/>
<SP HEIGHT="61" WIDTH="47" VPOS="2970" HPOS="683"/>
<String CONTENT="brief" HEIGHT="62" WIDTH="167" VPOS="2969" HPOS="731"/>
<SP HEIGHT="60" WIDTH="49" VPOS="2971" HPOS="899"/>
<String CONTENT="forewords" HEIGHT="60" WIDTH="347" VPOS="2972" HPOS="949"/>
<SP HEIGHT="58" WIDTH="50" VPOS="2974" HPOS="1297"/>
<String CONTENT="by" HEIGHT="72" WIDTH="84" VPOS="2974" HPOS="1348"/>
<SP HEIGHT="72" WIDTH="49" VPOS="2974" HPOS="1433"/>
<String CONTENT="Hon." HEIGHT="58" WIDTH="160" VPOS="2973" HPOS="1483"/>
<SP HEIGHT="57" WIDTH="54" VPOS="2975" HPOS="1644"/>
<String CONTENT="Newton" HEIGHT="57" WIDTH="263" VPOS="2975" HPOS="1699"/>
<SP HEIGHT="58" WIDTH="50" VPOS="2975" HPOS="1963"/>
<String CONTENT="D." HEIGHT="58" WIDTH="75" VPOS="2975" HPOS="2014"/>
</TextLine>
<TextLine HEIGHT="140" WIDTH="1965" VPOS="3045" HPOS="104" STYLEREFS="StyleId-C7F5275F-04D7-48D4-962F-6BEA66DF95A0-" CS="1">
<String CONTENT="Baker" HEIGHT="60" WIDTH="207" VPOS="3048" HPOS="104"/>
<SP HEIGHT="36" WIDTH="34" VPOS="3071" HPOS="312"/>
<String CS="1" CONTENT="&#8230;"/>
<SP HEIGHT="58" WIDTH="34" VPOS="3049" HPOS="410"/>
<String CONTENT="Mary" HEIGHT="72" WIDTH="185" VPOS="3049" HPOS="445"/>
<SP HEIGHT="71" WIDTH="26" VPOS="3050" HPOS="631"/>
<String CONTENT="Anderson" HEIGHT="58" WIDTH="333" VPOS="3048" HPOS="658"/>
<SP HEIGHT="41" WIDTH="35" VPOS="3066" HPOS="992"/>
<String CS="1" CONTENT="&#8230;"/>
<SP HEIGHT="58" WIDTH="35" VPOS="3050" HPOS="1091"/>
<String CONTENT="Edward" HEIGHT="60" WIDTH="277" VPOS="3050" HPOS="1127"/>
<SP HEIGHT="59" WIDTH="30" VPOS="3051" HPOS="1405"/>
<String CONTENT="A." HEIGHT="57" WIDTH="74" VPOS="3051" HPOS="1436"/>
<SP HEIGHT="58" WIDTH="32" VPOS="3051" HPOS="1511"/>
<String CONTENT="Filene" HEIGHT="62" WIDTH="215" VPOS="3050" HPOS="1544"/>
<SP HEIGHT="38" WIDTH="36" VPOS="3073" HPOS="1760"/>
<String CS="1" CONTENT="&#8230;"/>
<SP HEIGHT="60" WIDTH="77" VPOS="3051" HPOS="1860"/>
<String CONTENT="Garden" HEIGHT="134" WIDTH="1963" VPOS="3051" HPOS="106"/>
</TextLine>
<TextLine HEIGHT="84" WIDTH="1647" VPOS="3121" HPOS="258" STYLEREFS="StyleId-C7F5275F-04D7-48D4-962F-6BEA66DF95A0-">
<String CONTENT="City," HEIGHT="77" WIDTH="161" VPOS="3123" HPOS="258"/>
<SP HEIGHT="75" WIDTH="29" VPOS="3124" HPOS="420"/>
<String CONTENT="N." HEIGHT="59" WIDTH="74" VPOS="3124" HPOS="450"/>
<SP HEIGHT="56" WIDTH="31" VPOS="3127" HPOS="525"/>
<String CONTENT="Y.," HEIGHT="72" WIDTH="93" VPOS="3127" HPOS="557"/>
<SP HEIGHT="73" WIDTH="31" VPOS="3126" HPOS="651"/>
<String CONTENT="Doubleday," HEIGHT="75" WIDTH="384" VPOS="3123" HPOS="683"/>
<SP HEIGHT="69" WIDTH="33" VPOS="3128" HPOS="1068"/>
<String CONTENT="Page" HEIGHT="73" WIDTH="170" VPOS="3128" HPOS="1102"/>
<SP HEIGHT="58" WIDTH="29" VPOS="3129" HPOS="1273"/>
<String CONTENT="&amp;" HEIGHT="57" WIDTH="48" VPOS="3129" HPOS="1303"/>
<SP HEIGHT="58" WIDTH="32" VPOS="3129" HPOS="1352"/>
<String CONTENT="company," HEIGHT="58" WIDTH="319" VPOS="3145" HPOS="1385"/>
<SP HEIGHT="70" WIDTH="34" VPOS="3132" HPOS="1705"/>
<String CONTENT="1926." HEIGHT="57" WIDTH="165" VPOS="3129" HPOS="1740"/>
</TextLine>
<TextLine HEIGHT="53" WIDTH="751" VPOS="3203" HPOS="266" CS="1">
<String CS="1" CONTENT="xx"/>
<SP/>
<String CONTENT="p.," HEIGHT="36" WIDTH="54" VPOS="3219" HPOS="266"/>
<SP HEIGHT="49" WIDTH="23" VPOS="3206" HPOS="321"/>
<String CONTENT="2" HEIGHT="42" WIDTH="25" VPOS="3206" HPOS="345"/>
<SP HEIGHT="43" WIDTH="24" VPOS="3205" HPOS="371"/>
<String CS="1" CONTENT="l.,"/>
<SP HEIGHT="50" WIDTH="22" VPOS="3205" HPOS="439"/>
<String CONTENT="245" HEIGHT="45" WIDTH="81" VPOS="3204" HPOS="462"/>
<SP HEIGHT="50" WIDTH="23" VPOS="3204" HPOS="544"/>
<String CONTENT="p." HEIGHT="36" WIDTH="40" VPOS="3218" HPOS="568"/>
<SP HEIGHT="42" WIDTH="60" VPOS="3204" HPOS="609"/>
<String CONTENT="front." HEIGHT="44" WIDTH="139" VPOS="3204" HPOS="670"/>
<SP HEIGHT="43" WIDTH="56" VPOS="3204" HPOS="810"/>
<String CS="1" CONTENT="21&#189;" HEIGHT="43" WIDTH="51" VPOS="3204" HPOS="867"/>
<String STYLE="superscript" CONTENT="cm" HEIGHT="18" WIDTH="47" VPOS="3207" HPOS="956"/>
<String CONTENT="." HEIGHT="8" WIDTH="7" VPOS="3240" HPOS="1010"/>
</TextLine>
<TextLine HEIGHT="62" WIDTH="1925" VPOS="3254" HPOS="107" CS="1">
<String CONTENT="&#169;" HEIGHT="53" WIDTH="54" VPOS="3257" HPOS="107"/>
<SP HEIGHT="53" WIDTH="29" VPOS="3257" HPOS="161"/>
<String CONTENT="May" HEIGHT="51" WIDTH="112" VPOS="3259" HPOS="190"/>
<SP HEIGHT="51" WIDTH="27" VPOS="3259" HPOS="302"/>
<String CONTENT="7," HEIGHT="51" WIDTH="40" VPOS="3259" HPOS="329"/>
<SP HEIGHT="50" WIDTH="31" VPOS="3260" HPOS="369"/>
<String CS="1" CONTENT="1926;" HEIGHT="45" WIDTH="109" VPOS="3257" HPOS="400"/>
<SP/>
<String CONTENT="2c." HEIGHT="43" WIDTH="65" VPOS="3258" HPOS="559"/>
<SP HEIGHT="29" WIDTH="29" VPOS="3272" HPOS="624"/>
<String CONTENT="and" HEIGHT="42" WIDTH="89" VPOS="3259" HPOS="653"/>
<SP HEIGHT="42" WIDTH="28" VPOS="3259" HPOS="742"/>
<String CONTENT="aff." HEIGHT="43" WIDTH="78" VPOS="3258" HPOS="770"/>
<SP HEIGHT="52" WIDTH="32" VPOS="3259" HPOS="848"/>
<String CONTENT="June" HEIGHT="53" WIDTH="117" VPOS="3258" HPOS="880"/>
<SP HEIGHT="43" WIDTH="31" VPOS="3258" HPOS="997"/>
<String CONTENT="11;" HEIGHT="52" WIDTH="74" VPOS="3258" HPOS="1028"/>
<SP HEIGHT="52" WIDTH="32" VPOS="3258" HPOS="1102"/>
<!-- cceid 0200F490-6E1B-1014-9B7B-CA07F191E62B --><String CONTENT="A" HEIGHT="43" WIDTH="45" VPOS="3258" HPOS="1134"/>
<SP HEIGHT="44" WIDTH="30" VPOS="3258" HPOS="1179"/>
<String CONTENT="897094;" HEIGHT="54" WIDTH="190" VPOS="3258" HPOS="1209"/>
<SP HEIGHT="52" WIDTH="35" VPOS="3260" HPOS="1399"/>
<String CONTENT="Doubleday," HEIGHT="56" WIDTH="279" VPOS="3258" HPOS="1434"/>
<SP HEIGHT="51" WIDTH="32" VPOS="3262" HPOS="1713"/>
<String CONTENT="Page" HEIGHT="51" WIDTH="126" VPOS="3262" HPOS="1745"/>
<SP HEIGHT="44" WIDTH="28" VPOS="3262" HPOS="1871"/>
<String CONTENT="&amp;" HEIGHT="44" WIDTH="39" VPOS="3262" HPOS="1899"/>
<SP HEIGHT="44" WIDTH="28" VPOS="3262" HPOS="1938"/>
<String CONTENT="co." HEIGHT="29" WIDTH="66" VPOS="3276" HPOS="1966"/>
</TextLine>
<TextLine HEIGHT="57" WIDTH="267" VPOS="3312" HPOS="185">
<String CONTENT="(26-12652)" HEIGHT="57" WIDTH="267" VPOS="3312" HPOS="185"/>
</TextLine>
<TextLine HEIGHT="76" WIDTH="1040" VPOS="3411" HPOS="103" STYLEREFS="StyleId-C7F5275F-04D7-48D4-962F-6BEA66DF95A0-" CS="1">
<String CONTENT="O&#8217;Kane," HEIGHT="69" WIDTH="266" VPOS="3413" HPOS="103"/>
<SP HEIGHT="69" WIDTH="44" VPOS="3413" HPOS="370"/>
<String CONTENT="Walter" HEIGHT="59" WIDTH="241" VPOS="3412" HPOS="415"/>
<SP HEIGHT="57" WIDTH="43" VPOS="3413" HPOS="657"/>
<String CONTENT="Collins," HEIGHT="74" WIDTH="250" VPOS="3412" HPOS="701"/>
<SP HEIGHT="68" WIDTH="43" VPOS="3418" HPOS="952"/>
<String CS="1" CONTENT="1877&#8211;" HEIGHT="58" WIDTH="147" VPOS="3416" HPOS="996"/>
</TextLine>
<TextLine HEIGHT="81" WIDTH="1847" VPOS="3501" HPOS="245" STYLEREFS="StyleId-C7F5275F-04D7-48D4-962F-6BEA66DF95A0-" CS="1">
<String CS="1" CONTENT="&#8230;"/>
<SP HEIGHT="56" WIDTH="54" VPOS="3506" HPOS="245"/>
<String CONTENT="Trails" HEIGHT="62" WIDTH="206" VPOS="3503" HPOS="300"/>
<SP HEIGHT="41" WIDTH="46" VPOS="3523" HPOS="507"/>
<String CONTENT="and" HEIGHT="56" WIDTH="122" VPOS="3508" HPOS="554"/>
<SP HEIGHT="56" WIDTH="47" VPOS="3508" HPOS="677"/>
<String CONTENT="summits" HEIGHT="61" WIDTH="284" VPOS="3502" HPOS="725"/>
<SP HEIGHT="40" WIDTH="49" VPOS="3522" HPOS="1010"/>
<String CONTENT="of" HEIGHT="57" WIDTH="69" VPOS="3504" HPOS="1060"/>
<SP HEIGHT="58" WIDTH="43" VPOS="3504" HPOS="1130"/>
<String CONTENT="the" HEIGHT="57" WIDTH="104" VPOS="3505" HPOS="1174"/>
<SP HEIGHT="58" WIDTH="50" VPOS="3505" HPOS="1279"/>
<String CONTENT="Green" HEIGHT="58" WIDTH="202" VPOS="3505" HPOS="1330"/>
<SP HEIGHT="57" WIDTH="46" VPOS="3507" HPOS="1533"/>
<String CONTENT="Mountains," HEIGHT="71" WIDTH="380" VPOS="3506" HPOS="1580"/>
<SP HEIGHT="69" WIDTH="46" VPOS="3508" HPOS="1961"/>
<String CONTENT="by" HEIGHT="71" WIDTH="84" VPOS="3508" HPOS="2008"/>
</TextLine>
<TextLine HEIGHT="86" WIDTH="1986" VPOS="3575" HPOS="104" STYLEREFS="StyleId-C7F5275F-04D7-48D4-962F-6BEA66DF95A0-" CS="1">
<String CONTENT="Walter" HEIGHT="60" WIDTH="239" VPOS="3578" HPOS="104"/>
<SP HEIGHT="59" WIDTH="61" VPOS="3580" HPOS="344"/>
<String CONTENT="Collins" HEIGHT="60" WIDTH="232" VPOS="3579" HPOS="406"/>
<SP HEIGHT="60" WIDTH="62" VPOS="3580" HPOS="639"/>
<String CONTENT="O&#8217;Kane" HEIGHT="60" WIDTH="264" VPOS="3580" HPOS="702"/>
<SP HEIGHT="40" WIDTH="66" VPOS="3600" HPOS="967"/>
<String CS="1" CONTENT="&#8230;"/>
<SP HEIGHT="56" WIDTH="103" VPOS="3583" HPOS="1098"/>
<String CONTENT="Boston" HEIGHT="57" WIDTH="241" VPOS="3583" HPOS="1202"/>
<SP HEIGHT="38" WIDTH="59" VPOS="3602" HPOS="1444"/>
<String CONTENT="and" HEIGHT="59" WIDTH="124" VPOS="3583" HPOS="1504"/>
<SP HEIGHT="58" WIDTH="56" VPOS="3583" HPOS="1629"/>
<String CONTENT="New" HEIGHT="59" WIDTH="153" VPOS="3584" HPOS="1686"/>
<SP HEIGHT="58" WIDTH="57" VPOS="3585" HPOS="1840"/>
<String CONTENT="York," HEIGHT="73" WIDTH="192" VPOS="3585" HPOS="1898"/>
</TextLine>
<TextLine HEIGHT="80" WIDTH="1147" VPOS="3653" HPOS="101" STYLEREFS="StyleId-C7F5275F-04D7-48D4-962F-6BEA66DF95A0-">
<String CONTENT="Houghton" HEIGHT="74" WIDTH="342" VPOS="3654" HPOS="101"/>
<SP HEIGHT="56" WIDTH="33" VPOS="3658" HPOS="444"/>
<String CONTENT="Mifflin" HEIGHT="58" WIDTH="212" VPOS="3656" HPOS="478"/>
<SP HEIGHT="41" WIDTH="33" VPOS="3676" HPOS="691"/>
<String CONTENT="company," HEIGHT="56" WIDTH="322" VPOS="3676" HPOS="725"/>
<SP HEIGHT="69" WIDTH="35" VPOS="3661" HPOS="1048"/>
<String CONTENT="1926." HEIGHT="57" WIDTH="164" VPOS="3660" HPOS="1084"/>
</TextLine>
<TextLine HEIGHT="64" WIDTH="1919" VPOS="3729" HPOS="172" CS="1">
<String CONTENT="xi," HEIGHT="51" WIDTH="63" VPOS="3732" HPOS="172"/>
<SP HEIGHT="49" WIDTH="25" VPOS="3734" HPOS="236"/>
<String CONTENT="372" HEIGHT="47" WIDTH="80" VPOS="3732" HPOS="262"/>
<SP HEIGHT="49" WIDTH="23" VPOS="3738" HPOS="343"/>
<String CONTENT="p." HEIGHT="40" WIDTH="42" VPOS="3747" HPOS="367"/>
<SP HEIGHT="46" WIDTH="54" VPOS="3732" HPOS="410"/>
<String CONTENT="front.," HEIGHT="53" WIDTH="155" VPOS="3732" HPOS="465"/>
<SP HEIGHT="39" WIDTH="27" VPOS="3748" HPOS="621"/>
<String CONTENT="plates," HEIGHT="54" WIDTH="158" VPOS="3733" HPOS="649"/>
<SP HEIGHT="37" WIDTH="27" VPOS="3750" HPOS="808"/>
<String CONTENT="maps" HEIGHT="38" WIDTH="129" VPOS="3750" HPOS="836"/>
<SP HEIGHT="54" WIDTH="24" VPOS="3736" HPOS="966"/>
<String CONTENT="(1" HEIGHT="53" WIDTH="47" VPOS="3736" HPOS="991"/>
<SP HEIGHT="44" WIDTH="32" VPOS="3736" HPOS="1039"/>
<String CONTENT="fold.)" HEIGHT="55" WIDTH="141" VPOS="3735" HPOS="1072"/>
<SP HEIGHT="54" WIDTH="63" VPOS="3736" HPOS="1214"/>
<String CONTENT="17" HEIGHT="45" WIDTH="51" VPOS="3736" HPOS="1278"/>
<String STYLE="superscript" CS="1" CONTENT="cm"/>
<String CONTENT="." HEIGHT="10" WIDTH="11" VPOS="3771" HPOS="1388"/>
<SP HEIGHT="54" WIDTH="61" VPOS="3737" HPOS="1400"/>
<String CONTENT="(The" HEIGHT="57" WIDTH="127" VPOS="3734" HPOS="1462"/>
<SP HEIGHT="45" WIDTH="27" VPOS="3736" HPOS="1590"/>
<String CONTENT="Riverside" HEIGHT="47" WIDTH="242" VPOS="3736" HPOS="1618"/>
<SP HEIGHT="30" WIDTH="28" VPOS="3753" HPOS="1861"/>
<String CONTENT="outdoor" HEIGHT="45" WIDTH="201" VPOS="3739" HPOS="1890"/>
</TextLine>
<TextLine HEIGHT="54" WIDTH="297" VPOS="3788" HPOS="103">
<String CONTENT="handbooks)" HEIGHT="54" WIDTH="297" VPOS="3788" HPOS="103"/>
</TextLine>
<TextLine HEIGHT="68" WIDTH="1979" VPOS="3841" HPOS="108" CS="1">
<String CONTENT="&#169;" HEIGHT="53" WIDTH="54" VPOS="3844" HPOS="108"/>
<SP HEIGHT="54" WIDTH="27" VPOS="3844" HPOS="162"/>
<String CONTENT="June" HEIGHT="51" WIDTH="116" VPOS="3847" HPOS="189"/>
<SP HEIGHT="43" WIDTH="25" VPOS="3846" HPOS="305"/>
<String CONTENT="24," HEIGHT="51" WIDTH="67" VPOS="3846" HPOS="330"/>
<SP HEIGHT="50" WIDTH="34" VPOS="3847" HPOS="397"/>
<String CS="1" CONTENT="1926;" HEIGHT="44" WIDTH="106" VPOS="3846" HPOS="431"/>
<SP/>
<String CONTENT="2c." HEIGHT="43" WIDTH="64" VPOS="3847" HPOS="584"/>
<SP HEIGHT="28" WIDTH="30" VPOS="3862" HPOS="648"/>
<String CONTENT="and" HEIGHT="43" WIDTH="87" VPOS="3848" HPOS="678"/>
<SP HEIGHT="43" WIDTH="28" VPOS="3848" HPOS="765"/>
<String CONTENT="aff." HEIGHT="42" WIDTH="79" VPOS="3849" HPOS="793"/>
<SP HEIGHT="52" WIDTH="27" VPOS="3849" HPOS="872"/>
<String CONTENT="June" HEIGHT="53" WIDTH="119" VPOS="3848" HPOS="899"/>
<SP HEIGHT="43" WIDTH="22" VPOS="3849" HPOS="1018"/>
<String CONTENT="28;" HEIGHT="52" WIDTH="80" VPOS="3849" HPOS="1040"/>
<SP HEIGHT="52" WIDTH="32" VPOS="3849" HPOS="1120"/>
<!-- cceid 02014B42-6E1B-1014-9B7B-CA07F191E62B --><String CONTENT="A" HEIGHT="43" WIDTH="45" VPOS="3849" HPOS="1152"/>
<SP HEIGHT="44" WIDTH="28" VPOS="3849" HPOS="1197"/>
<String CONTENT="891944.;" HEIGHT="54" WIDTH="190" VPOS="3849" HPOS="1225"/>
<SP HEIGHT="52" WIDTH="31" VPOS="3851" HPOS="1415"/>
<String CONTENT="W." HEIGHT="44" WIDTH="78" VPOS="3851" HPOS="1446"/>
<SP HEIGHT="45" WIDTH="30" VPOS="3850" HPOS="1524"/>
<String CONTENT="C." HEIGHT="47" WIDTH="49" VPOS="3849" HPOS="1554"/>
<SP HEIGHT="44" WIDTH="33" VPOS="3852" HPOS="1603"/>
<String CONTENT="O&#8217;Kane," HEIGHT="55" WIDTH="202" VPOS="3851" HPOS="1636"/>
<SP HEIGHT="53" WIDTH="31" VPOS="3853" HPOS="1838"/>
<String CONTENT="Durham," HEIGHT="54" WIDTH="218" VPOS="3852" HPOS="1869"/>
</TextLine>
<TextLine HEIGHT="57" WIDTH="494" VPOS="3901" HPOS="181" CS="1">
<String CONTENT="N." HEIGHT="44" WIDTH="56" VPOS="3902" HPOS="181"/>
<SP/>
<String CS="1" CONTENT="H."/>
<SP/>
<String CONTENT="(26-12990)" HEIGHT="57" WIDTH="268" VPOS="3901" HPOS="407"/>
</TextLine>
</TextBlock>
</PrintSpace>
</Page>
</Layout>
</alto>