2542 4285
1332 4007 148 55 1550

422 388 133 62 Lee,
588 387 190 55 Willis
808 388 276 62 Thomas,
1121 391 324 50 1864-1926.

494 464 215 56 Stories
756 464 58 53 in
861 471 186 61 stone;
1097 465 206 69 telling
1348 465 66 54 of
1457 483 151 36 some
1652 465 66 54 of
1760 465 97 53 the
1903 465 397 53 wonderlands
2347 465 64 53 of

423 547 237 49 western
704 542 267 54 America
1017 543 113 52 and
1175 560 152 35 some
1370 542 66 53 of
1477 542 97 53 the
1617 543 224 53 curious
1885 542 281 53 incidents
2210 542 59 52 in
2315 542 95 53 the

422 619 1986 70 history of geology, by Willis T. Lee … New York, D. Van
422 698 290 53 Yostrand
742 715 296 50 company,
1072 700 150 49 1926.

493 781 84 49 xii,
610 781 88 40 226
733 792 43 38 p.
842 781 142 47 illus.,
1022 781 171 48 plates,
1230 790 124 37 map.
1420 780 56 39 22
1479 781 44 22 cm
1528 811 10 9 .
1603 779 221 50 [Library
1860 779 52 41 of
1948 780 198 40 modern
2182 779 225 50 sciences]

419 837 130 48 $3.00

420 888 56 53 ©
501 895 117 38 Nov.
645 893 69 47 18,
742 892 141 45 1926;
915 891 66 40 2c.
1010 892 116 38 Nov.
1156 889 82 48 29;
1271 890 81 40 aff.
1382 891 118 39 Nov.
1530 890 83 48 30;
1643 890 41 38 A
1711 889 173 41 957800;
1943 891 56 39 D.
2029 891 106 40 Van
2164 892 248 40 Nostrand

490 960 67 29 co.
627 948 222 48 (27-705)

421 1029 279 62 McCann,
731 1028 219 51 Ernest
979 1026 331 63 Armitage,
1342 1026 170 52 1879-

493 1105 144 68 Ship
680 1106 189 52 model
906 1105 253 67 making,
1235 1123 51 32 v.
1329 1107 48 48 2.
1416 1104 150 51 How
1606 1109 58 46 to
1705 1104 163 52 make
1911 1123 28 33 a
1985 1105 187 52 model
2213 1104 64 53 of
2316 1105 97 52 the

419 1180 1967 148 American clipper ship, Sovereign of the seas … By E. Armitage McCann …
1085 1277 79 33 New
1204 1259 180 65 York,
1422 1259 121 51 The
1638 1277 199 33 Norman
1876 1259 90 52 W.
2005 1259 227 68 Henley
418 1259 1969 146 publishing
659 1354 98 49 co.,
786 1338 150 50 1926.

488 1428 78 35 xx,
592 1416 85 40 150
702 1427 42 37 p.
804 1417 87 39 col.
915 1416 164 46 front.,
1105 1416 142 47 illus.,
1275 1417 170 46 plates,
1474 1415 177 48 diagrs.
1712 1417 56 39 23½c
1817 1418 28 21 m
1850 1449 8 7 .

489 1473 181 39 Folded
697 1474 157 46 plates
882 1472 50 39 in
958 1473 184 47 pocket.

418 1524 54 53 ©
499 1530 111 38 Dec.
638 1530 69 46 17,
737 1528 141 47 1926;
910 1528 68 40 2c.
1007 1529 112 39 Dec.
1151 1528 82 46 20;
1265 1528 82 40 aff.
1378 1530 111 38 Dec.
1520 1528 81 48 22;
1634 1529 40 38 A
1704 1528 199 42 958462;
1938 1530 216 38 Norman

2184 1531 70 39 W.
487 1530 1907 102 Henley
590 1585 108 47 pub.
727 1595 67 30 co.

418 1664 333 61 McMahon,
780 1664 62 51 P.
873 1664 279 51 Maurice.

485 1739 287 69 Glimpses
812 1741 113 52 and
963 1741 215 68 gleams
1217 1740 65 53 of
1318 1741 261 68 Hawaii;
1622 1759 192 50 poems
1852 1743 114 52 and
2003 1743 191 68 lyrics,
2231 1742 76 69 by
2344 1742 66 53 P.

415 1818 1994 70 Maurice McMahon … illustrations by Max Freedom, R. J.
417 1896 188 53 Baker
635 1898 115 52 and
779 1898 70 51 Y.
881 1897 72 52 D.
986 1896 147 53 Hill.
1204 1895 116 56 San
1354 1897 321 67 Francisco,
1710 1896 141 69 Cal.,
1883 1897 168 53 Press
2083 1897 66 53 of
415 1897 1971 145 Schwabacher-Frey

832 1974 316 68 stationery
1180 1992 79 35 co.
1301 2007 13 34 [
1318 1981 18 20 c
1342 1977 134 49 1926
1481 2007 13 33 ]

488 2060 56 40 80
574 2071 42 36 p.
680 2058 130 41 illus.
873 2058 57 40 19½
961 2060 45 22 cm
1011 2090 8 9 .

413 2109 56 53 ©
496 2116 117 38 Nov.
644 2114 69 47 12,
744 2113 140 47 1926;
916 2113 67 39 2c.
1013 2113 118 40 Nov.
1161 2111 82 42 29:
1276 2112 82 40 aff.
1390 2113 117 39 Nov.
1539 2113 82 46 27;
1653 2113 41 38 A
1725 2112 200 48 957320;

1959 2115 49 38 P.
2042 2115 62 38 M.
2136 2115 272 47 McMahon,

486 2171 261 39 Honolulu.
818 2169 222 48 (27-896)

417 2235 1969 148 Negligence and compensation cases annotated … With pleadings
645 2315 112 51 and
786 2313 198 67 forms,
1011 2313 75 68 by
1112 2314 262 53 William
1404 2313 224 54 Culver,
1692 2333 50 33 v.
1772 2318 81 48 25.
1921 2314 270 69 Chicago,
486 2315 1900 146 Callaghan
669 2393 112 51 and
810 2410 297 49 company,
1139 2393 148 50 1926.

485 2476 62 46 xl,
575 2474 116 39 1056
715 2485 42 36 p.
818 2473 57 40 26
877 2476 44 20 cm
926 2506 8 8 .

416 2526 54 53 ©
495 2532 111 38 Dec.
631 2530 69 47 24,
727 2529 140 47 1926;
897 2529 67 40 2c.
990 2530 95 38 and
1111 2529 82 40 aff.
1220 2530 112 39 Dec.
1358 2529 81 41 30:
1470 2530 40 38 A
1538 2528 198 50 957868;
1766 2531 272 47 Callaghan
2064 2531 36 40 &
2126 2541 67 31 co.

414 2604 259 64 Pannell,
708 2606 220 52 Ernest
961 2605 272 62 Vincent,
1271 2608 170 49 1886-
2177 2586 148 42 10157

483 2684 164 68 High
671 2683 223 54 tension
919 2683 116 53 line
1060 2683 267 68 practice,
1349 2682 292 52 materials
1667 2682 114 52 and
1805 2682 287 66 methods;
2122 2700 31 33 a
2178 2680 231 53 treatise

414 2781 71 35 on
522 2763 96 52 the
652 2761 350 53 mechanical
1039 2760 313 68 principles
1388 2760 267 52 involved
1691 2759 60 52 in
1789 2758 305 70 designing
2130 2759 112 52 and

413 2777 1972 132 constructing
723 2839 237 52 modern
987 2857 191 49 power
1205 2838 396 52 transmission
1631 2836 159 68 lines,
1816 2837 77 69 by
1919 2837 209 52 Ernest
2157 2838 70 53 Y.

412 2838 1972 146 Pannell … New York, D. Van Nostrand company, 1926.
486 3002 115 48 xvii,
636 3002 85 40 322
754 3012 44 37 p.
831 3000 111 41 incl.
974 2999 165 48 front.,
1174 2999 144 46 illus.,
1354 2998 179 48 diagrs.
1597 2999 170 46 plates.
1830 2998 56 40 23½
1919 3000 44 21 cm
1968 3029 10 9 .
2099 2996 131 49 $5.00

414 3052 54 53 ©
493 3058 117 39 Nov.
640 3057 68 46 13,
736 3056 142 47 1926;
907 3056 67 39 2c.
1003 3056 117 38 Nov.
1150 3054 80 40 29:
1264 3054 83 40 aff.
1377 3054 118 39 Nov.
1523 3052 82 48 30;
1637 3053 41 38 A
1706 3052 199 48 957799;
1937 3054 57 38 D.
2025 3053 107 40 Van
2161 3054 246 39 Nostrand

483 3124 68 30 co.
619 3112 224 49 (27-713)

414 3194 235 61 Pearce,
680 3192 245 54 Charles
951 3192 88 53 W.

485 3267 1924 70 Students’ counterpoint, by Charles W. Pearce … 11th ed.,
413 3344 1919 72 revised by the author. New York, G. Schirmer, inc. [ c 1926 ]
482 3440 78 36 xx,
589 3428 55 40 93
672 3439 43 37 p.
776 3428 56 40 19
834 3430 45 21 cm
884 3460 8 8 .

483 3484 233 41 Contains
744 3484 169 40 music.

411 3535 59 54 ©
496 3542 111 39 Dec.
637 3541 70 47 24,
736 3540 141 41 1926;
908 3539 67 40 2c.
1007 3541 111 38 Dec.
1150 3540 81 46 27;
1264 3539 81 40 aff.
1377 3540 111 38 Dec.
1518 3538 82 47 30;
1634 3539 40 38 A
1705 3538 199 47 957910;
1940 3539 52 39 G.
2027 3538 255 47 Schirmer,
2314 3539 92 40 inc.

412 3648 289 63 Rezanov,
740 3646 216 54 Nikolaǐ
1013 3646 336 64 Petrovich,
1391 3646 323 54 1764-1807.

485 3727 122 52 The
643 3727 268 52 Rezanov
946 3745 219 50 voyage
1201 3731 60 47 to
1354 3744 142 34 Nueva
1537 3724 324 55 California
1899 3726 60 52 in
2000 3729 151 65 1806,
2188 3725 97 53 the
417 3743 1964 129 report
588 3804 65 54 of

694 3804 189 54 Count
981 3804 176 52 Nikolai
1197 3804 307 53 Petrovich
1546 3804 267 52 Rezanov
1855 3803 65 53 of
1958 3804 90 53 his
2087 3821 219 52 voyage
2344 3809 59 47 to

415 3881 1988 70 that provincia of Nueva Espa ñ a from New Archangel; an
