2542 4285
1390 4009 110 61 562

543 456 1911 65 xii p., 1 l., lxxiv, 439, 104, [2], v-viii, 34 p. front. (port.) illus., double
471 525 72 39 pl.,
575 527 125 37 maps
728 512 124 53 (part
885 513 184 53 double)
1141 517 50 42 19½
1226 519 46 17 cm
1279 554 7 6 .
1356 516 123 53 (The
1512 519 195 45 Roberts
1741 522 86 42 and
1861 521 136 44 Rolfe
2029 521 131 44 Latin
2197 523 164 53 series)

468 563 57 56 ©
552 567 122 52 Sept.
701 568 40 51 4,
774 567 104 45 1925
893 583 11 38 ;
932 570 66 42 2c.
1028 571 112 51 May
1170 572 64 50 18,
1266 571 130 53 1926;
1429 574 76 43 aff.
1536 576 111 51 May
1680 575 73 51 14;
1786 576 44 42 A
1859 575 189 56 891454;
2082 577 189 46 Charles
540 575 1894 96 Scribner’s
692 639 116 28 sons.
872 623 66 56 [©
972 627 247 43 additional
1253 627 221 55 material]
1544 629 269 56 (26-11048)

471 705 211 73 Davis,
723 708 218 59 Nolan.

549 787 128 58 The
709 789 100 58 old
836 786 292 61 missions
1162 793 66 55 of
1260 790 350 61 California
1628 817 11 47 ;
1672 794 103 58 the
1807 800 178 67 story
2014 798 65 57 of
2110 799 102 57 the
472 813 1958 113 peaceful
589 870 295 67 conquest
909 868 67 57 of
999 868 102 55 the
1128 871 181 67 state,
1332 870 83 70 by
1438 870 202 57 Nolan
1664 870 216 73 Davis,
1906 875 407 70 twenty-four
2337 876 112 59 full

468 939 1964 157 page illustrations in sepia … Oakland, Calif., The Claremont press, inc., 1926.
545 1095 787 54 118 p. incl. illus., plates. 21 cm .
463 1146 58 55 ©
549 1150 110 51 May
692 1151 60 50 10,
787 1149 127 53 1926;
945 1152 64 42 2c.
1042 1153 111 51 May
1181 1152 77 52 20;
1288 1154 81 43 aff.
1402 1155 110 52 May
1544 1156 74 52 19;
1651 1155 44 44 A
1725 1157 189 54 890865;
1949 1159 57 43 N.
2041 1160 155 53 Davis,
2229 1161 222 52 Oakland,

538 1205 132 45 Calif.
740 1206 268 54 (26-11004)

469 1288 88 56 De
587 1289 133 72 Lee,
755 1290 237 73 Joseph
1021 1290 266 72 Boliver,
1322 1295 91 56 ed.

466 1366 1988 162 … Obstetrics, ed. by Joseph B. De Lee … with the collaboration of J. P. Greenhill… Gynecology, ed. by John
466 1521 1985 83 Osborn Polak … Chicago, The Year book publishers
467 1600 181 74 [1926]

533 1673 79 45 570
643 1690 38 37 p.
742 1676 81 43 col.
858 1675 154 53 front.,
1042 1677 130 52 illus.,
1204 1676 51 45 59
1287 1694 40 38 p.
1358 1678 52 44 of
1439 1678 142 52 plates
1607 1680 125 54 (part
1763 1682 108 54 col.)
1912 1683 167 54 diagrs.
2142 1684 49 44 19
2199 1687 46 17 cm
2252 1720 7 8 .
2329 1684 124 56 (The

462 1729 1262 61 practical medicine series … v. 5 … series 1925)
462 1784 54 55 ©
544 1789 118 42 Mar.
693 1789 65 51 30,
790 1787 107 45 1926
910 1804 9 37 ;
945 1789 66 42 2c.
1039 1790 86 42 and
1154 1790 78 42 aff.
1263 1790 115 53 May
1400 1791 78 52 24;
1509 1792 44 42 A
1583 1792 164 46 890902
1759 1810 9 37 ;
1801 1796 125 43 Year
1951 1797 122 44 book
2098 1797 266 52 publishers.

463 1863 187 72 Dock,
690 1864 269 59 Lavinia
994 1866 52 57 L
1356 1868 185 57 1858-

537 1942 58 57 A
632 1942 175 58 short
843 1943 248 72 history
1126 1945 68 56 of
1229 1943 266 73 nursing
1529 1943 167 58 from
1733 1944 103 57 the
1878 1941 253 62 earliest
2168 1944 182 57 times
2387 1947 64 55 to

461 2016 1992 81 the present day, by Lavinia L. Dock … in collaboration
459 2093 1990 79 with Isabel Maitland Stewart … 2d ed., rev. and enl.
460 2176 150 58 New
634 2176 173 58 York
834 2177 47 59 &
908 2178 275 69 London,
1214 2177 68 61 G.
1314 2178 68 56 P.
1413 2177 332 58 Putnam’s
1779 2197 143 38 sons
1955 2206 14 42 [
1972 2184 20 23 c
1993 2176 163 73 1925]

529 2254 78 44 viii
642 2270 53 37 p.,
735 2256 20 41 1
825 2291 9 15 l.,
870 2255 84 45 419
987 2270 39 37 p.
1086 2257 50 41 21
1146 2258 47 17 cm
1200 2290 9 9 .

531 2312 327 44 “References”
891 2319 48 37 at
968 2314 84 42 end
1085 2313 51 42 of
1168 2312 108 45 each
1307 2311 197 54 chapter.

456 2365 55 56 ©
542 2368 105 44 Feb.
679 2369 65 51 20,
781 2368 128 54 1925;
943 2370 63 42 2c.
1040 2370 87 42 and
1158 2370 78 42 aff.
1272 2371 111 51 May
1418 2368 61 53 15,
1517 2368 128 53 1926;
1679 2369 44 43 A
1757 2369 188 52 891434;
1982 2368 50 45 L.
2066 2369 49 43 L.
2149 2368 145 52 Dock,
528 2363 1896 118 Fayetteville,
773 2426 78 42 Pa.
920 2423 269 56 (26-10970)

460 2508 230 73 Dodge,
727 2511 67 56 F.
826 2510 115 71 W.,
974 2508 415 73 corporation,
1422 2511 150 56 New
1607 2509 186 58 York.

534 2586 239 72 Selling
811 2588 102 59 the
957 2586 318 72 architect,
1318 2605 79 38 an
1436 2583 407 61 informative
1883 2584 252 61 booklet
2176 2584 274 75 defining

456 2663 121 58 and
613 2662 382 74 correlating
1029 2665 103 57 the
1168 2662 259 60 various
1464 2663 239 61 factors
1744 2667 122 56 and
1903 2663 171 58 units
2110 2665 63 57 in
2213 2687 37 37 a
456 2659 1968 144 wellrounded
769 2742 162 59 sales
965 2741 331 76 campaign
1329 2741 279 59 directed
1642 2744 62 55 to
1742 2742 103 57 the
1882 2740 317 59 architect.
2272 2740 173 60 With

456 2836 166 39 some
661 2817 397 73 suggestions
1094 2818 259 59 derived
1389 2820 167 57 from
1592 2836 188 55 many
1812 2838 188 51 years
2040 2820 68 57 of
2144 2818 302 74 practical

455 2893 379 75 experience.
908 2897 186 72 N[ew]
1128 2897 209 74 Y[ork]
1373 2897 172 61 Priv.
1578 2896 212 77 print.,
1825 2899 71 56 F.
1929 2897 98 58 W.
2063 2898 218 71 Dodge
451 2911 1970 139 corporation,
795 2973 165 59 1926.

526 3048 1280 58 1 p. l ., [5]-62 p. incl. illus., plates, diagrs. 23½ cm .
454 3103 53 55 ©
537 3107 109 51 May
676 3108 62 49 14,
767 3106 129 54 1926;
927 3108 63 42 2c.
1020 3109 87 42 and
1132 3110 77 42 aff.
1240 3109 112 53 May
1382 3108 75 53 17;
1488 3110 44 42 A
1560 3108 187 52 890790;
1779 3109 49 44 F.
1857 3110 75 43 W.
1962 3109 162 53 Dodge
2154 3124 119 37 corp.

533 3162 267 54 (26-11022)

454 3231 316 74 Dorgelès,
808 3233 261 59 Roland.

533 3310 93 59 On
656 3313 103 57 the
786 3312 333 59 mandarin
1148 3314 172 71 road,
1350 3314 83 71 by
1462 3314 244 58 Roland
1736 3311 320 76 Dorgelès,
2087 3313 353 60 translated

455 3387 1983 80 from the French by Gertrude Emerson … New York &
454 3466 275 75 London,
758 3469 128 57 The
917 3468 279 74 Century
1223 3489 85 40 co.
1342 3500 12 43 [
1356 3478 19 22 c
1379 3472 163 71 1926]

521 3548 60 50 ix,
607 3548 80 42 332
712 3561 41 38 p.
815 3547 149 51 front.,
991 3549 155 51 plates,
1174 3555 137 47 ports.
1371 3549 54 43 20½
1459 3552 47 17 cm
1512 3584 9 9 .
1635 3547 123 53 $3.00

452 3599 54 55 ©
532 3603 109 51 May
669 3603 60 45 14,
760 3603 105 43 1926
879 3618 9 38 ;
914 3604 64 42 2c.
1004 3606 87 42 and
1115 3605 80 43 aff.
1221 3605 112 53 May
1361 3606 49 42 19
1426 3620 10 36 ;
1462 3605 44 42 A
1534 3603 160 46 890851
1711 3620 10 37 ;
1753 3604 205 53 Century’
1979 3619 65 31 co.

529 3658 270 54 (26-10938)

453 3726 203 74 Feely,
696 3729 328 91 Raymond
1062 3731 68 56 T.

597 3803 1838 81 … Mending the nets, by Raymond T. Feely, S. J. New
450 3883 188 74 York,
672 3884 352 62 Cincinnati
1056 3890 144 72 [etc.]
1229 3887 305 73 Benziger
1562 3887 309 72 brothers,
1902 3887 146 58 1926.
