2542 4285
1395 3999 112 62 908

499 464 1920 54 xxiii, 335 p. col. front. illus. 19 cm . (The Atlantic readers. Book two.
432 525 148 44 Grade
643 523 18 54 v)

430 594 57 53 ©
515 595 107 52 July
649 595 66 50 28,
749 593 129 51 1926;
909 594 64 42 2c.
1007 594 86 42 and
1125 593 77 43 aff.
1235 592 106 53 July
1371 593 76 51 30;
1483 593 44 42 A
1559 590 188 54 897591;
1782 592 150 53 Little,
1967 592 179 51 Brown,
2180 593 87 42 and
502 606 1895 98 company.
699 651 271 54 (26-14849)

434 764 241 69 Culver,
711 765 218 72 Henry
961 763 353 73 Brundage,
1349 765 190 57 1869-

510 854 499 73 Contemporary
1057 856 160 57 scale
1263 855 237 57 models
1549 855 67 57 of
1659 855 236 58 vessels
1945 855 68 58 of
2060 855 102 58 the
432 874 1965 116 seventeenth

681 936 277 68 century,
996 933 188 72 being
1218 953 39 37 a
1293 931 320 58 collection
1652 932 67 58 of
1754 932 421 58 illustrations
2215 934 68 56 of
432 952 1968 116 authentic

696 1009 405 73 productions
1139 1010 66 57 of
1237 1010 103 57 the
1372 1009 205 58 model
1608 1009 273 58 maker’s
1917 1011 100 56 art
2053 1009 66 57 of
2152 1010 141 57 that
433 1029 1966 131 period,

629 1087 304 72 gathered
972 1087 169 57 from
1181 1105 191 53 many
1413 1105 281 53 sources;
1738 1087 286 72 together
2066 1086 151 59 with
2259 1087 168 58 brief

433 1164 416 72 descriptions
895 1165 125 57 and
1059 1163 488 59 identifications
1592 1164 249 57 thereof
1882 1165 206 57 where
2132 1164 293 74 possible,

432 1242 316 71 prepared
773 1242 106 57 for
905 1241 103 58 the
1040 1241 155 72 Ship
1222 1242 205 57 model
1457 1241 234 73 society
1717 1242 83 72 by
1826 1241 221 73 Henry
2075 1241 72 58 B.
2180 1241 245 60 Culver.

434 1318 150 58 New
610 1319 190 72 York,
830 1319 254 72 Payson
1111 1319 47 56 &
1189 1317 241 74 Clarke,
1460 1319 109 58 ltd.
1604 1350 13 44 [
1619 1328 17 22 c
1640 1320 148 56 1926]

502 1406 1225 55 2 p. 1, ix-xiv p, 50 numb. 1, 1 l. 50 pl. 44 cm .
506 1476 212 48 “Edition
749 1478 173 45 limited
950 1486 47 37 to
1027 1494 83 29 one
1140 1478 223 45 thousand
1393 1479 165 53 copies,
1587 1481 49 42 of
1666 1479 149 45 which
1845 1479 90 45 this
1968 1479 37 45 is
2034 1495 71 30 no.
2136 1478 124 47 245.”

436 1548 1991 59 © Mar. 27, 1926; 1c. and aff. Aug. 5; 1c. Aug. 4; A 903755; H. B. Culver,
509 1608 117 45 New
665 1610 142 42 York.
877 1609 270 54 (26-14364)

438 1706 392 75 Darlington,
864 1708 182 58 Anne
1081 1708 338 59 Charlotte.

509 1798 275 58 Yelenka
835 1799 104 58 the
989 1798 174 61 Wise
1219 1801 124 57 and
1394 1800 178 57 other
1622 1800 132 57 folk
1803 1801 157 58 tales
2012 1801 65 57 in
2127 1802 309 58 dramatic

438 1877 185 69 form,
668 1877 83 72 by
794 1877 180 58 Anne
1023 1877 323 59 Charlotte
1391 1877 394 74 Darlington.
1869 1878 151 58 New
2064 1880 189 74 York,
2304 1882 128 56 The

437 1953 297 60 Womans
768 1974 181 53 press
985 1985 13 43 [
1002 1966 16 20 c
1022 1957 164 72 1926]

508 2049 82 42 224
620 2062 38 38 p.
720 2047 115 43 illus.
863 2045 193 56 (music)
1122 2046 54 45 20½
1211 2050 48 17 cm
1264 2082 8 8 .

511 2116 353 54 Bibliography:
899 2132 39 39 p.
970 2117 206 45 223-224.

444 2187 53 54 ©
531 2189 117 52 Aug.
685 2189 39 51 2,
763 2188 129 52 1926;
925 2188 65 43 2c.
1028 2189 88 42 and
1151 2189 78 43 aff.
1265 2189 120 52 Aug.
1424 2189 73 51 13;
1537 2188 44 42 A
1617 2186 187 54 897888;
1843 2188 218 45 National
2097 2190 141 44 board
2272 2190 51 44 of
2357 2190 75 44 the

513 2247 54 43 Y.
599 2247 74 43 W.
707 2245 48 45 C.
788 2246 94 43 A.’s
913 2245 50 44 of
995 2245 75 44 the
1100 2247 58 43 U.
1195 2245 44 46 S.
1271 2246 71 52 A,
1376 2246 116 43 New
1523 2246 143 44 York.
1736 2245 270 55 (26-14859)

443 2345 305 74 Dearden,
782 2345 235 59 Robert
1045 2346 54 58 R
1413 2346 78 72 jr.

514 2436 363 60 Milestones
917 2456 79 38 on
1030 2436 103 59 the
1173 2441 180 68 great
1392 2435 307 73 highway,
1736 2437 84 71 by
1857 2437 237 62 Robert
2132 2439 72 56 R.
443 2439 1968 148 Dearden,

618 2514 80 72 jr.
780 2514 457 73 Philadelphia,
1275 2514 237 60 United
1555 2515 211 58 States
1809 2514 230 61 review
2076 2515 363 74 publishing

443 2612 106 53 co.,
579 2593 165 57 1926.

517 2681 1254 55 181 p. incl. front. (port.) illus, facsims. 22½ cm .
516 2751 217 47 “Edition
760 2750 177 45 limited
964 2759 49 39 to
1040 2751 84 46 250
1149 2750 195 55 copies.”

445 2823 55 54 ©
529 2825 110 51 Apr.
670 2822 65 53 25,
771 2823 129 53 1926;
931 2825 64 41 2c.
1026 2825 115 51 June
1174 2824 74 52 10;
1280 2825 78 42 aff.
1390 2824 107 53 July
1526 2826 78 51 24;
1638 2826 44 42 A
1711 2825 188 53 901237;
1935 2827 52 42 R.
2023 2827 53 44 R.
2109 2827 225 54 Dearden,
2364 2828 75 53 jr.,

519 2881 325 53 Philadelphia.
914 2881 270 54 (26-14924)

447 2981 244 73 Deléry,
722 2981 250 59 Simone
1001 2982 75 57 de
1101 2982 65 57 la
1194 2981 329 59 Souchère.

526 3072 376 59 S’instruire
943 3092 75 38 en
1059 3094 26 37 s
1102 3077 325 69 ’amusant,
1467 3092 118 53 par
1628 3073 247 60 Simone
1918 3075 74 58 de
2031 3077 61 57 la
2134 3077 308 58 Souchère

446 3151 1999 76 Delery et Gladys Anne Renshaw … Boston, New York
450 3234 145 69 [etc.]
627 3230 192 72 Allyn
851 3231 124 56 and
1002 3230 211 57 Bacon
1244 3259 14 43 [
1261 3240 16 20 c
1281 3230 165 74 1926]

517 3318 853 56 vii, 93 p. front. diagrs. 17½ cm .
452 3392 52 54 ©
534 3394 117 42 Mar.
682 3392 67 52 24,
782 3392 128 52 1926;
942 3393 63 42 2c.
1037 3393 106 51 July
1174 3390 73 54 15;
1282 3392 78 43 aff.
1391 3392 106 53 July
1529 3392 72 52 12;
1634 3393 44 42 A
1708 3391 190 55 897459;
1930 3393 141 53 Allyn
2100 3394 87 43 and
2219 3395 165 44 Bacon.

530 3448 270 57 (26-14850)

450 3549 91 57 De
569 3549 156 72 Ran,
754 3552 153 55 Mrs.
940 3549 182 58 Edna
1152 3549 230 59 Smith-

452 3640 1970 153 Muted melodies, by Edna Smith De Ran … [Kalamazoo,
610 3719 202 74 Mich.]
845 3719 211 72 Ihling
1083 3720 165 56 bros.
1282 3719 293 58 Everard
1604 3738 106 53 co.,
1740 3719 167 59 1926.

522 3808 978 57 3 p. 1, 5-168 p. front. (port.) 20 cm .
455 3878 53 54 ©
538 3879 105 53 July
671 3881 65 49 24,
771 3880 105 43 1926
891 3895 8 36 ;
932 3881 63 42 2c.
1028 3881 119 52 Aug.
1177 3881 50 54 2;
1261 3882 78 42 aff.
1373 3880 118 53 Aug.
1528 3880 75 53 18;
1634 3880 44 44 A
1709 3878 190 54 901519;
1935 3879 53 49 E.
2024 3878 44 48 S.
2102 3881 70 43 De
2205 3880 113 52 Ran,
524 3879 1900 111 Detroit.
714 3936 270 55 (26-14858)
