2609 4293
1053 3939 70 56 67

126 326 231 70 Bruun,
394 323 237 69 Daniel,
672 327 188 56 1856-

201 414 244 71 Slægts-
506 432 78 53 og
639 414 583 57 barndomsminder
1283 416 104 55 fra
1447 415 483 74 Viborg-egnen,
1991 420 114 57 ved

121 490 227 57 Daniel
379 490 249 71 Bruun;
668 492 142 70 udg.
852 491 69 56 af
963 491 895 72 “Viborgensersamfundet’’
1897 495 22 57 i
121 495 1963 130 hundredaaret

483 567 103 57 for
617 568 323 57 etatsraad
970 567 68 59 G.
1071 568 69 57 F.
1177 568 60 58 S.
1265 569 218 56 Bruun
1499 573 45 54 ’s
1576 571 220 57 fødsel.
117 572 1964 142 København,
332 644 363 74 Gyldendal,
726 644 275 57 Nordisk
1029 645 229 72 forlag,
1290 646 163 56 1925.

187 733 1640 56 2 p. l., 199 p., 1 l., [2], 14 p. front., illus., plates, ports. 25 cm .
188 802 174 53 “Oplag:
426 802 104 44 1000
561 802 342 53 eksemplarer.”

188 858 140 45 “Lille
366 858 144 55 Engel
547 859 192 46 Bruun’s
775 858 238 55 billedbog,
1048 862 100 43 med
1181 860 239 54 tegninger
1454 861 50 44 af
1538 861 148 54 Johan
1720 861 200 46 Thomas
117 863 1968 106 Lundbye”:
291 918 50 42 14
374 931 38 38 p.
448 925 45 35 at
528 916 95 44 end.

117 984 1962 112 © Dec. 2, 1925; 1c. Jan. 23, 1926; A—Foreign 29870; Gyldendalske boghandel, Nordisk forlag. (26-6847)
115 1140 430 72 Byersdorfer,
586 1139 174 59 Paul.

190 1227 1844 75 Staub-explosionen, von dr.-ing. Paul Byersdorfer …
111 1306 119 58 Mit
259 1308 73 58 14
358 1306 433 73 abbildungen.
854 1306 285 58 Dresden
1165 1308 128 57 und
1319 1307 276 73 Leipzig,
1626 1309 68 56 T.
1728 1308 372 72 Steinkopff,

111 1385 163 57 1925.

179 1474 1233 55 vii, [1], 125 p. incl. illus., tables, diagrs. 23½ cm .
180 1545 327 54 Bibliography
533 1554 45 35 at
606 1546 83 44 end
716 1546 50 44 of
792 1546 109 44 each
931 1546 195 52 chapter.

177 1602 167 48 Errata
376 1603 85 53 slip
492 1603 91 44 laid
615 1603 44 42 in.

108 1669 1987 55 © Nov. 3, 1925; 1c. Feb. 2, 1926; A—Foreign 30137; Theodor Steinkopff.
185 1727 242 55 (26-7165)

108 1826 266 74 Carrier,
411 1826 207 60 Willis
655 1825 336 73 Haviland,
1029 1828 189 57 1876-

183 1919 137 57 Fan
368 1917 432 75 engineering;
850 1938 81 39 an
981 1917 350 74 engineer’s
1380 1918 329 58 handbook
1759 1920 68 57 of
1875 1919 218 60 tables,

106 1998 209 58 charts
364 1999 121 56 and
532 1999 149 57 data
728 2017 78 38 on
850 1998 103 57 the
1002 1995 383 74 application
1431 1997 67 57 of
1546 1994 378 76 centrifugal
1973 1998 121 57 and

103 2076 315 72 propeller
451 2076 146 57 fans
634 2077 121 57 and
791 2076 112 57 fan
940 2077 234 69 system
1209 2077 367 69 apparatus,
1610 2073 319 74 including
1961 2076 132 56 hot-

103 2154 163 57 blast
286 2154 271 68 heaters,
582 2151 95 58 air
697 2153 278 57 washers
999 2154 120 57 and
1146 2156 266 66 systems
1435 2154 104 56 for
1561 2153 105 57 the
1689 2150 405 60 distribution

105 2228 1987 73 of air … 2d ed., rewritten and reset; total issue 15,750
169 2303 1923 75 … Edited by Richard D. Madison under the direction of
100 2384 206 60 Willis
357 2385 78 56 H.
487 2383 273 58 Carrier.
842 2382 274 71 Buffalo,
1165 2383 74 56 N.
1287 2382 95 72 Y.,
1431 2383 129 57 The
1608 2382 253 59 Buffalo
1909 2386 182 71 forge

101 2462 539 72 company [ c 1925]
169 2549 1011 56 610 p. illus., diagrs. (2 fold.) 17½cm .
170 2623 122 46 First
329 2622 170 46 edition
533 2622 82 46 has
648 2619 125 49 title:
811 2619 251 54 Engineers
1097 2620 266 48 hand-book
1397 2621 53 46 of
1484 2621 158 53 tables,
1678 2622 151 46 charts
1864 2624 87 45 and
1986 2624 102 45 data

99 2678 1991 55 on the application of centrifugal fans and fan system apparatus … edited by
99 2737 154 45 Willis
285 2737 62 44 H.
384 2736 193 46 Carrier.

99 2802 52 54 ©
184 2805 110 51 May
330 2804 61 51 12,
429 2800 128 53 1925;
592 2802 64 43 2c.
690 2803 88 42 and
809 2801 78 44 aff.
919 2801 99 53 Jan.
1050 2801 65 50 23,
1153 2801 129 52 1926;
1319 2802 44 42 A
1396 2801 164 45 879363;
1625 2803 182 44 Buffalo
1843 2804 130 52 forge
2010 2819 80 37 co.,

170 2861 195 42 Buffalo.
435 2857 241 56 (26-2437)

101 2959 312 70 Cathcart,
451 2958 181 70 Vera,
672 2962 301 53 countess.

176 3052 128 56 The
343 3051 177 56 truth
558 3050 188 56 about
784 3066 106 53 my
926 3048 361 70 elopement.

168 3143 81 51 (In
279 3140 270 42 Thomson’s
580 3141 178 50 weekly
788 3140 149 50 news)

96 3203 1991 61 © 1c. Jan. 9, 1926; A ad int. 7622; pubd. Nov. 28, 1925; American weekly,
166 3268 95 52 inc.,
292 3267 116 43 New
435 3266 141 43 York.

97 3366 258 69 Chalfin,
393 3363 223 59 Mattie
655 3361 225 71 Mabel,
922 3363 189 56 1878-

172 3456 156 57 Fine
371 3455 123 58 and
533 3455 185 70 fussy
756 3451 303 71 feathers,
1098 3450 84 71 by
1222 3448 84 58 M.
1349 3449 209 58 Mabel
1600 3449 273 73 Chalfin;
94 3450 1966 142 illustrated
337 3534 84 71 by
458 3532 242 58 author.
782 3530 138 72 [Los
956 3527 292 74 Angeles,
1286 3528 192 60 Press
1516 3529 67 56 of
1620 3527 153 59 Gem
92 3529 1968 156 publishing
225 3629 319 53 company,
572 3617 20 23 c
595 3610 165 71 1925]

164 3700 784 59 6 p. l., [15]-60 p. illus. 19cm.
166 3776 176 44 Poems.

93 3831 52 54 ©
181 3834 109 41 Dec.
328 3833 33 48 1,
400 3829 129 53 1925;
565 3830 63 42 2c.
663 3829 87 42 and
781 3826 78 44 aff.
894 3825 108 43 Dec.
1041 3823 73 52 14;
1152 3822 44 43 A
1231 3820 189 54 879216;
1461 3822 64 44 M.
1563 3823 64 44 M.
1664 3821 189 55 Chalfin,
1892 3822 192 55 Beverly

162 3888 137 38 Hills.
335 3886 134 40 Calif,
564 3883 216 43 (26-2352)
