2542 4285
1087 3965 109 57 997

113 352 222 72 Roche,
380 349 241 58 Arthur
664 348 265 67 Somers,
978 348 188 55 1883-

190 438 566 74 Devil-May-Care,
782 440 82 68 by
887 436 245 57 Arthur
1160 432 252 60 Somers
1440 430 223 58 Roche.
1731 429 151 57 New
1907 427 190 71 York,

113 518 277 73 London,
423 517 129 58 The
583 514 280 71 Century
892 531 87 40 co.
1015 541 14 43 [
1030 520 20 22 c
1051 512 166 71 1926]

185 607 25 45 3
236 621 41 38 p.
306 606 26 43 l.,
375 606 77 43 341
481 619 41 39 p.
584 605 51 44 19½
669 606 47 17 cm
722 639 8 8 .
845 600 125 56 $2.00

118 676 53 54 ©
197 676 117 52 Sept.
345 677 61 50 10,
435 675 125 52 1926;
586 675 63 42 2c.
679 674 118 52 Sept.
826 675 73 51 13;
927 674 77 42 aff.
1034 672 118 52 Sept.
1182 672 73 51 14;
1283 670 44 42 A
1352 670 187 51 949024;
1566 670 56 42 A.
1652 666 44 48 S.
1723 666 165 51 Roche,
1915 664 183 53 Darien,

190 733 138 44 Conn.
397 730 268 57 (26-15715)

119 832 153 73 Salt,
309 832 253 72 George.

264 913 1837 81 … I . Report on sugar-cane borers at Soledad, Cuba, by
121 993 1957 145 George Salt … and III. Dry-season studies of cane homoptera
284 1083 64 54 at
375 1078 287 72 Soledad,
691 1076 189 75 Cuba,
905 1075 150 60 with
1082 1094 35 37 a
1142 1075 108 59 list
1277 1076 67 55 of
1369 1075 105 56 the
1500 1071 236 60 coccids
1761 1071 68 58 of
1851 1071 105 57 the
121 1071 1956 159 district,

313 1146 1792 83 by J. G. Myers … Cambridge, Harvard university
122 1254 197 55 press,
351 1237 165 56 1926.

195 1320 1759 60 110 p. illus., IV pl. (1 col.) 27 cm . (Contributions from the Harvard
120 1316 1962 114 institute
243 1385 75 44 for
342 1383 190 54 tropical
557 1382 182 53 biology
767 1384 88 43 and
882 1380 230 53 medicine,
1208 1380 17 53 III)

191 1454 352 52 Bibliography:
573 1468 39 36 p.
644 1450 146 53 56-60,
827 1451 200 45 108-110.

120 1521 57 54 ©
203 1523 115 52 June
347 1523 62 50 11,
441 1521 127 53 1926;
599 1521 62 43 2c.
692 1522 118 51 Aug.
840 1522 48 51 3;
921 1520 78 43 aff.
1029 1521 115 51 June
1171 1518 78 53 28;
1281 1518 44 42 A
1355 1516 189 53 901373;
1577 1516 216 44 Harvard
1823 1515 119 45 univ.
1972 1528 138 40 press.

201 1578 270 56 (26-15661)

125 1677 288 73 Sheldon,
458 1677 242 59 Harold
741 1677 261 57 Horton.

207 1761 1909 80 Physics for colleges, by H. Horton Sheldon … C. Y.
130 1838 1989 67 Kent … Carl W. Miller … Robert F. Paton … New
128 1922 189 75 York,
344 1924 73 56 D.
445 1923 141 58 Van
610 1921 326 60 Nostrand
960 1940 322 55 company,
1312 1924 165 55 1926.

198 2013 59 54 vi,
285 2013 79 45 655
393 2029 39 38 p.
494 2013 129 56 illus.,
651 2015 167 53 diagrs.
877 2015 53 43 22½
983 2019 29 17 cm
1019 2050 7 8 .

129 2085 53 54 ©
209 2088 118 51 Aug.
356 2085 65 52 27,
452 2085 126 54 1926;
609 2087 62 42 2c.
705 2086 119 52 Sept.
850 2087 51 52 4;
930 2087 81 42 aff.
1044 2085 119 52 Sept.
1193 2085 49 53 9;
1274 2085 44 42 A
1347 2083 189 53 901877;
1569 2084 55 43 D.
1655 2083 105 43 Van
1788 2081 235 44 Nostrand
2051 2095 64 29 co.

207 2142 270 56 (26-15719)

130 2242 220 72 Smith,
396 2242 247 60 Darrell
688 2242 306 60 Hevenor.

270 2330 1850 80 … The Bureau of naturalization; its history, activities
127 2416 123 58 and
275 2410 448 77 organization,
748 2416 40 57 by
855 2412 252 62 Darrell
1131 2413 295 60 Hevenor
1455 2409 219 62 Smith.
1755 2409 365 72 Baltimore,

128 2489 145 76 Md.,
303 2491 129 61 The
459 2492 201 60 Johns
688 2490 288 72 Hopkins
1000 2510 203 53 press,
1233 2492 166 56 1926.

197 2581 78 54 xii,
320 2583 79 45 108
436 2597 40 37 p.
536 2581 53 43 22½
623 2583 48 18 cm
676 2616 9 8 .
754 2579 240 55 (Institute
1038 2583 77 43 for
1153 2589 295 44 government
1491 2581 220 45 research.
1776 2581 182 46 Service
128 2596 1974 97 monographs

351 2641 53 43 of
428 2640 76 45 the
530 2637 169 48 United
728 2640 152 46 States
903 2646 309 44 government,
1236 2653 76 31 no.
1336 2639 81 49 43)

201 2693 354 53 Bibliography:
584 2710 40 36 p.
653 2691 175 49 99-103.

135 2748 53 55 ©
217 2751 118 51 Aug.
366 2750 65 50 30,
465 2748 128 53 1926;
623 2749 64 43 2c.
719 2750 87 42 and
836 2748 77 44 aff.
949 2748 121 51 Sept.
1101 2747 49 53 2;
1184 2748 44 41 A
1259 2746 189 54 901739;
1485 2747 210 44 Institute
1726 2747 74 44 for
1831 2755 293 45 government

207 2807 221 51 research,
467 2806 315 53 Washington.
853 2803 270 57 (26-15665)

138 2906 219 71 Smith,
402 2907 251 73 Eugene
695 2907 96 58 W.

218 2995 302 73 Foundry
544 2997 187 71 sand;
753 2997 86 57 its
864 3015 145 41 uses
1036 2997 124 56 and
1185 2996 244 72 abuses,
1456 2995 329 72 published
1812 2997 124 56 and
141 2995 1964 138 written

269 3070 1384 80 by Eugene W. Smith … Chicago [ c 1926]
210 3150 690 55 viii, 190 p. plates. 19½ cm .
140 3208 53 55 ©
226 3209 118 54 Sept.
373 3211 39 50 4,
446 3209 127 53 1926;
605 3211 63 43 2c.
698 3211 87 42 and
816 3210 77 44 aff.
929 3208 121 53 Sept.
1084 3209 48 52 7;
1167 3211 44 41 A
1242 3209 188 53 901819;
1467 3207 50 48 E.
1551 3210 74 44 W.
1661 3208 158 52 Smith,
1856 3209 103 44 Oak
1991 3209 138 54 Park,

211 3266 70 44 Ill.
352 3265 268 57 (26-15724)

143 3365 302 73 Smollett,
488 3365 226 59 Tobias
754 3366 256 73 George,
1051 3368 357 58 1721-1771.

221 3456 129 58 The
382 3456 218 59 letters
636 3458 67 57 of
735 3455 230 61 Tobias
1002 3456 305 74 Smollett,
1402 3505 10 10 M.
1488 3503 32 25 D.,
1555 3457 291 59 collected
1881 3458 122 59 and
146 3459 1966 133 edited

151 3529 1958 159 by Edward S. Noyes … Cambridge, Harvard university press, 1926.
216 3686 1048 61 xviii, [1], 260 p. front. (facsim.) 21 cm .
219 3746 127 45 “List
368 3747 53 44 of
442 3747 195 45 books”:
664 3762 40 38 p.
726 3747 227 56 237—[241]

146 3802 55 55 ©
234 3804 120 52 Sept.
385 3806 37 50 4,
459 3804 126 54 1926;
619 3805 63 43 2c.
718 3804 119 54 Sept.
875 3806 72 52 13;
982 3806 77 42 aff.
1096 3804 119 52 Sept.
1253 3806 73 52 11;
1362 3806 44 41 A
1437 3805 189 53 901944;
1665 3806 235 44 President
1931 3806 87 44 and

217 3806 1896 99 fellows
359 3862 51 43 of
443 3862 215 44 Harvard
690 3862 180 53 college,
908 3861 284 55 Cambridge,
1229 3863 140 44 Mass.
1438 3860 269 56 (26-15681)
