2609 4293
1433 3977 74 55 94

496 343 252 73 Society
783 345 67 56 of
885 345 337 57 American
1257 345 518 71 bacteriologists.

640 433 1840 79 … Bergey’s manual of determinative bacteriology; a
493 510 118 73 key
632 512 104 57 for
759 512 103 57 the
886 512 451 58 identification
1362 511 68 58 of
1452 513 353 71 organisms
1831 515 68 57 of
1922 515 104 58 the
2051 516 159 59 class
493 517 1961 144 Schizomycetes,

811 590 1667 75 by David H. Bergey … assisted by a committee
492 667 67 57 of
598 666 105 58 the
747 666 251 72 Society
1039 667 67 57 of
1145 667 337 57 American
1523 667 536 74 bacteriologists:
2102 671 263 60 Francis
2411 672 65 60 C.

492 743 333 73 Harrison,
855 744 238 59 Robert
1126 744 62 58 S.
1217 744 225 72 Breed,
1469 744 291 59 Bernard
1788 746 96 58 W.
1916 747 318 75 Hammer,
2265 749 214 57 Frank

490 820 1963 155 M. Huntoon; with an index by Robert S. Breed … Baltimore,
713 901 129 57 The
872 900 312 58 Williams
1214 900 48 56 &
1287 899 269 59 Wilkins
1586 920 323 55 company,
1938 904 165 57 1925.

562 981 95 51 xvi,
683 980 81 43 462
793 994 38 38 p.
891 980 51 42 23½cm.

564 1037 65 44 At
652 1035 115 45 head
792 1036 51 44 of
865 1035 98 43 title
980 1050 10 29 :
1021 1034 173 46 Second
1221 1035 180 45 edition.

489 1090 53 54 ©
569 1093 99 51 Jan.
698 1091 37 52 7,
766 1091 129 52 1926;
924 1091 64 43 2c.
1015 1092 102 51 Jan.
1143 1091 50 51 9;
1223 1091 78 43 aff.
1330 1091 99 51 Jan.
1456 1091 78 51 21;
1566 1091 46 43 A
1637 1090 190 54 879382;
1858 1092 227 44 Williams
2117 1094 39 44 &
2183 1094 198 44 Wilkins
2412 1111 65 28 co.

566 1148 241 54 (26-2414)

489 1244 202 60 South
729 1249 247 53 eastern
1015 1248 292 68 reporter
1345 1244 222 73 digest,
1609 1244 321 75 including
1971 1265 172 39 cases
2185 1251 295 69 reported

563 1324 65 55 in
657 1324 153 56 vols.
844 1324 203 70 1-125,
1085 1322 199 57 South
1317 1326 249 53 eastern
1598 1326 305 69 reporter,
1937 1323 307 72 25*-130t,
2282 1325 199 58 South

567 1399 1914 77 Carolina reports and also … state reports … edited by
564 1479 105 56 the
697 1478 293 58 editorial
1016 1478 154 57 staff
1197 1477 66 58 of
1291 1478 102 57 the
1422 1478 336 57 American
1786 1480 209 71 digest
2021 1484 232 67 system.
2339 1501 56 37 v.
2427 1485 50 54 1.

562 1555 754 58 Abandonment-Banks.
1400 1555 88 58 St.
1531 1556 183 72 Paul;
1750 1557 183 57 West
1969 1558 361 73 publishing
2372 1578 105 53 co.,

562 1635 165 55 1925.

554 1708 59 53 iii,
647 1709 108 44 1372
781 1725 40 37 p.
880 1708 56 44 26
941 1711 46 18 cm
994 1744 8 8 .

554 1767 211 46 Lettered
797 1783 60 29 on
888 1782 162 31 cover.
1084 1767 249 45 American
1362 1767 149 51 digest
1542 1767 338 45 classification.
1940 1768 102 51 Key
2072 1769 188 45 number
2292 1777 183 44 system.

485 1820 52 53 ©
571 1820 121 54 Sept.
719 1823 67 50 23,
820 1820 130 53 1925;
981 1822 65 42 2c.
1076 1822 99 51 Jan.
1209 1822 64 51 14,
1306 1821 130 52 1926;
1469 1821 78 44 aff.
1580 1823 97 51 Jan.
1713 1824 74 51 13;
1821 1823 43 42 A
1894 1822 189 54 875858;
2116 1825 134 43 West
2279 1824 101 54 pub.
2410 1839 65 29 co.

563 1877 241 55 (26-2473)

484 1977 468 58 Southwestern
987 1979 301 69 reporter.

562 2069 203 56 Texas
793 2067 307 58 decisions
1131 2068 296 71 reported
1453 2068 65 55 in
1547 2067 103 58 the
1682 2068 469 58 Southwestern
2172 2073 304 69 reporter,

484 2147 359 69 annotated,
881 2145 135 57 vols.
1078 2147 110 55 272
1229 2147 124 56 and
1394 2146 126 56 273.
1601 2146 154 71 July
1795 2149 63 53 to
1903 2145 382 74 September,
2329 2149 147 55 1925

550 2223 1306 72 … St. Paul, West publishing co., 1925.
549 2299 199 43 Various
783 2300 202 53 pagings.
1044 2299 53 43 26
1106 2302 46 18 cm
1158 2335 9 8 .

480 2353 53 54 ©
561 2356 118 42 Nov.
710 2355 67 53 29,
811 2355 129 53 1925;
972 2356 63 42 2c.
1066 2357 99 51 Jan.
1201 2356 60 51 14,
1297 2355 129 52 1926;
1459 2356 79 43 aff.
1569 2357 98 51 Jan.
1703 2357 73 50 13;
1811 2356 43 42 A
1886 2354 188 54 875864;
2109 2357 132 43 West
2273 2357 99 51 pub.
2406 2371 66 28 co.

482 2467 251 73 Special
760 2467 291 58 libraries
1084 2467 380 58 association
1494 2467 67 59 of
1592 2468 297 57 southern
1924 2467 366 59 California.

555 2557 210 60 Union
797 2558 106 58 list
939 2557 69 59 of
1038 2558 377 72 periodicals
1449 2558 66 57 in
1548 2558 293 58 libraries
1878 2558 69 58 of
1982 2558 297 58 southern
479 2557 1973 153 California,

752 2636 306 73 compiled
1096 2637 83 72 by
1216 2637 105 58 the
1366 2635 248 74 Special
1653 2635 293 60 libraries
1989 2635 378 59 association
2408 2635 68 59 of

480 2716 299 57 southern
815 2714 366 59 California.
1264 2715 124 58 Los
1421 2714 293 73 Angeles,
1749 2715 165 56 1925.

551 2793 79 43 184
667 2807 41 38 p.
767 2793 52 43 23
828 2795 47 17 cm
881 2827 9 9 .

547 2849 127 45 “List
698 2850 52 44 of
773 2848 291 53 cooperating
1087 2847 208 46 libraries
1321 2849 86 43 and
1432 2848 87 52 key
1544 2857 46 36 to
1616 2848 226 53 symbols”
1860 2863 57 29 on
1946 2848 140 44 inside
2111 2848 50 44 of
2185 2848 117 44 back
2327 2861 146 31 cover.

549 2906 126 45 “List
705 2906 50 44 of
784 2905 267 45 authorities
1083 2904 259 45 consulted”
1359 2920 9 29 :
1399 2919 41 39 p.
1492 2903 23 46 [5]

477 2961 53 54 ©
558 2965 99 51 Jan.
693 2965 63 50 11,
792 2962 107 44 1926;
953 2962 65 44 2c.
1051 2964 87 42 and
1169 2963 78 43 aff.
1278 2963 100 51 Jan.
1409 2961 77 53 25;
1521 2963 44 41 A
1597 2961 188 53 883007;
1823 2960 177 54 Special
2033 2960 204 45 libraries
2270 2961 201 44 assn.of

545 3020 214 44 southern
792 3018 265 52 California,
1091 3019 89 43 Los
1210 3018 212 53 Angeles.
1492 3017 242 55 (26-2535)

476 3117 347 73 Stacpoole,
865 3117 219 73 Henry
1120 3117 90 57 De
1251 3117 178 57 Vere.

554 3209 128 58 The
719 3209 128 72 city
877 3209 202 57 under
1111 3208 103 58 the
1254 3227 123 39 sea.
1460 3208 175 72 chap.
1675 3209 89 72 31,
1803 3209 88 56 32.
1972 3205 387 60 Conclusion.

546 3288 81 51 (In
655 3288 177 41 Yellow
861 3286 265 52 magazine)

474 3337 1971 114 © 1c. Jan. 21, 1926; A ad int. 7663; pubd. Nov. 27, 1925; H. De V. Stacpoole,
719 3401 98 41 Bon
853 3398 176 52 March,
1066 3398 88 43 Isle
1187 3397 51 44 of
1271 3397 175 53 Wight,
1482 3396 222 54 England.

475 3483 223 68 Stowe,
730 3485 152 55 Mrs.
920 3480 260 59 Harriet
1214 3480 328 59 Elizabeth
1582 3479 329 74 (Beecher)
1957 3480 354 58 1811-1896.

548 3571 197 59 Uncle
791 3573 214 56 Tom’s
1049 3571 196 72 cabin,
1285 3572 84 71 by
1409 3569 262 59 Harriet
1714 3569 277 58 Beecher
2035 3568 235 70 Stowe;
2314 3567 151 58 with

475 3645 1990 75 an introduction by Francis Pendleton Gaines … New
469 3727 190 76 York,
691 3728 130 57 The
853 3726 359 58 Macmillan
1241 3745 321 52 company,
1593 3727 165 55 1926.

542 3808 79 43 xiv
650 3823 54 38 p.,
739 3808 19 43 1
827 3841 8 16 l,
867 3807 81 43 432
977 3821 39 38 p.
1052 3805 100 45 incl.
1185 3806 137 43 front.
1385 3805 52 44 19
1442 3806 45 17 cm
1494 3840 8 8 .
1572 3803 127 52 (The
1731 3803 186 45 modern
1951 3801 191 45 readers’
2178 3797 162 54 series)

471 3862 53 54 ©
553 3865 98 51 Jan.
679 3863 68 52 26,
780 3862 107 44 1926;
938 3864 65 42 2c.
1034 3864 87 42 and
1152 3863 78 42 aff.
1262 3864 100 51 Jan.
1392 3860 79 53 27;
1504 3861 43 42 A
1578 3860 188 52 883054;
1802 3859 264 45 Macmillan
2096 3874 65 28 co.
2226 3853 65 57 [©
540 3858 1901 115 introduction]
807 3917 242 56 (26-2547)
