2542 4285
1306 3974 150 56 1328

418 363 484 75 Weitenkampf,
941 364 231 73 Frank,
1212 368 189 57 1866-

494 442 271 58 Famous
822 442 225 72 prints,
1101 442 444 72 masterpieces
1601 444 67 59 of
1720 445 263 71 graphic
2037 449 100 54 art
415 466 1961 111 reproduced
639 520 167 56 from

837 539 142 39 rare
1012 520 318 75 originals,
1360 520 152 57 with
1543 540 78 38 an
1650 522 426 58 introduction
2109 526 124 56 and
414 525 1967 130 critical
581 601 178 54 notes
810 598 82 72 by
941 598 214 56 Frank

416 597 1986 149 Weitenkampf … New York, C. Scribner’s sons, 1926.
549 751 904 54 xx p., 71 1. incl. front. 70 pl. 40 cm .
486 810 93 45 “Of
617 809 90 44 this
744 810 120 44 book
900 825 84 32 one
1021 809 224 44 thousand
1284 811 88 42 and
1412 810 283 52 twenty-five
1733 810 149 53 copies
1925 811 115 44 have
2079 812 110 43 been
2227 812 178 52 printed

415 867 120 44 from
564 875 103 45 type
696 868 87 43 and
818 866 221 52 collotype
1071 866 140 52 plates
1243 866 51 44 of
1322 865 149 44 which
1501 881 84 29 one
1614 866 223 44 thousand
1869 866 251 45 numbered
2148 868 148 52 copies
2327 882 78 31 are

416 925 73 43 for
524 925 91 43 sale
651 925 88 42 and
778 923 280 52 twenty-five
1094 921 151 54 copies
1284 922 75 47 for
1397 922 315 53 presentation.
1773 922 99 45 The
1908 931 104 46 type
2047 923 80 45 has
2165 924 110 45 been
413 923 1968 103 distributed
642 981 86 44 and
762 980 76 44 the

872 977 223 55 collotype
1127 979 141 53 plates
1304 979 281 52 destroyed.”
1644 978 112 45 This
1791 994 113 39 copy
1938 992 81 35 not
2054 980 259 45 numbered.

409 1036 53 54 ©
491 1039 100 43 Oct.
619 1038 67 50 22,
716 1037 129 51 1926;
874 1037 64 42 2c.
967 1037 88 42 and
1083 1037 77 42 aff.
1192 1036 100 43 Oct.
1324 1035 76 52 30;
1432 1036 43 41 A
1504 1033 187 54 950700;
1726 1034 187 46 Charles
1946 1035 249 48 Scribner’s
2226 1051 116 30 sons.

487 1094 268 55 (26-20338)

410 1166 237 72 Werth,
686 1164 184 72 Léon,
913 1168 190 56 1879-

551 1241 1527 72 … Cochinchine. Paris, F. Rieder et c ie , 1926.
478 1321 92 51 273,
617 1323 25 41 [2]
687 1337 41 38 p.
792 1321 49 44 19
846 1321 48 18 cm
901 1354 8 9 .

404 1374 1708 57 © June 20, 1926; 1c. Sept. 7; A—Foreign 31887; F. Rieder & co.
483 1435 267 56 (26-20288)

406 1506 374 69 Whiteman,
816 1504 196 59 Edna.

479 1587 359 71 Playmates
884 1583 67 59 in
996 1585 193 73 print,
1238 1603 214 41 verses
1503 1587 124 57 and
1674 1582 225 61 stories
1948 1585 114 57 for.
2100 1582 294 62 children.

404 1663 283 61 Selected
721 1666 125 56 and
880 1663 274 72 adapted
1184 1664 84 71 by
1299 1662 184 58 Edna
1513 1661 375 73 Whiteman,
1922 1661 361 59 illustrated
2315 1664 82 70 by

401 1740 157 61 Earl
591 1738 214 62 Oliver
837 1739 223 59 Hurst.
1142 1739 153 59 New
1325 1738 193 72 York,
1555 1739 68 60 T.
1657 1736 236 60 Nelson
1926 1739 48 58 &
2008 1757 145 42 sons
2192 1766 13 44 [
2205 1748 20 20 c
2229 1740 164 73 1926]

474 1815 1549 55 1 p. l., xi, 122 p. col. front., illus., plates (part col.) 24 cm .
471 1877 263 45 Illustrated
763 1880 98 46 t.-p.

490 1969 8 8 I.
529 1932 137 45 Title.

400 1986 54 54 ©
483 1988 116 43 Nov.
627 1987 39 52 8,
697 1985 129 52 1926;
855 1986 65 42 2c.
950 1985 87 43 and
1063 1984 79 44 aff.
1174 1984 118 43 Nov.
1325 1983 73 52 10;
1429 1983 44 42 A
1502 1981 188 54 950897;
1721 1982 202 46 Thomas
1953 1984 175 45 Nelson
2155 1986 39 45 &
2220 2001 116 30 sons.

478 2044 268 55 (26-20414)

401 2112 259 71 Wilson,
702 2113 244 57 Arthur
986 2111 199 70 Riehl,
1229 2114 190 57 1894-

479 2190 1846 72 Field artillery manual, v. 1, by Arthur R, Wilson …
401 2270 321 70 Menasha,
746 2269 175 73 Wis.,
951 2268 243 73 George
1219 2268 209 57 Banta
1452 2267 363 74 publishing
1840 2286 306 55 company
2173 2299 13 44 [
2187 2277 19 21 c
2211 2271 188 57 1926-

467 2348 198 43 Various
699 2346 202 55 pagings.
963 2345 130 53 illus.,
1127 2345 167 54 diagrs.
1361 2345 49 44 19½
1445 2347 48 19 cm
1498 2380 10 9 .

470 2404 204 47 “Second
706 2404 175 45 revised
914 2401 210 48 edition.”

472 2459 1211 55 “Field artillery song” with music: v. 1, app. B .
396 2517 53 55 ©
477 2520 99 43 Oct.
607 2520 63 51 19,
699 2518 128 53 1926;
856 2519 64 42 2c.
948 2519 100 44 Oct.
1076 2515 77 54 25;
1183 2518 78 43 aff.
1290 2518 101 43 Oct.
1418 2517 78 52 23;
1525 2518 44 41 A
1595 2516 162 45 949703;
1814 2516 179 54 George
2022 2518 148 43 Banta
2195 2518 100 53 pub.
2323 2534 65 28 co.

475 2574 269 57 (26-19350)

397 2647 250 72 Woods,
684 2646 245 58 Arthur
965 2647 294 58 Tannatt.

470 2727 408 73 Elementary
924 2726 412 59 mechanism:
1387 2749 36 37 a
1470 2726 318 60 text-book
1833 2726 106 60 for
1988 2728 284 58 students
2323 2727 69 59 of

390 2802 1997 76 mechanical engineering, by A. T. Woods … and A. W.
393 2879 1927 76 Stahl … Rev. and rewritten by Philip K. Slaymaker …
391 2961 151 59 New
567 2959 189 75 York,
788 2960 74 58 D.
891 2959 145 61 Van
1063 2959 322 60 Nostrand
1417 2978 320 54 company,
1769 2961 165 56 1926.

463 3039 93 50 viii,
583 3038 85 47 250
696 3053 42 36 p.
801 3038 154 51 front.,
986 3038 134 49 illus.,
1149 3038 168 50 diagrs.
1376 3039 54 43 23½
1464 3040 47 18 cm
1519 3074 8 9 .
1641 3037 125 50 $3.00

393 3092 52 53 ©
475 3095 99 43 Oct.
604 3094 65 50 13,
702 3093 128 51 1926;
859 3093 64 43 2c.
953 3093 101 43 Oct.
1081 3091 80 53 26;
1192 3092 78 43 aff.
1302 3093 100 43 Oct.
1432 3091 77 52 28;
1542 3091 43 43 A
1615 3089 187 54 950893;
1837 3092 55 43 D.
1923 3091 103 44 Van
2057 3093 234 43 Nostrand
2319 3107 66 31 co.

470 3148 269 57 (26-20407)

392 3219 271 73 Wright,
699 3219 189 58 Louis
924 3220 262 58 Booker.

386 3296 1976 140 … Studies in the development of the short story: English and
695 3377 367 72 American;
1098 3397 39 38 a
1164 3396 303 55 program
1499 3379 106 58 for
1635 3381 298 55 women’s
1969 3377 170 60 clubs
2172 3376 213 59 issued

386 3456 84 73 by
495 3457 103 57 the
624 3455 255 58 Bureau
910 3457 69 58 of
1004 3454 209 74 public
1243 3454 367 61 discussion.
1680 3456 100 73 By
1806 3454 193 60 Louis
2029 3455 70 57 B.
2131 3452 253 77 Wright

385 3530 1972 155 … Chapel Hill, N. C., The University of North Carolina press [ c 1926]
456 3688 54 47 54
542 3704 55 37 p.,
635 3690 18 41 1
711 3725 8 8 l.
778 3690 54 43 23
839 3692 47 17 cm
892 3724 9 9 .
971 3689 197 52 ([North
1205 3690 226 46 Carolina.
1494 3688 283 54 University]
1843 3691 266 50 University
2145 3691 238 45 extension

385 3745 220 46 division..
651 3745 270 52 University
948 3747 53 44 of
1029 3747 152 43 North
1213 3744 216 47 Carolina
1458 3746 238 45 extension
1725 3745 203 52 bulletin,
1958 3764 59 28 vol.
2125 3782 11 16 VI,
2166 3762 69 30 no.
2266 3747 53 52 4)

457 3801 278 46 “Reference
766 3801 199 47 books”:
999 3816 40 37 p.
1077 3801 80 49 [51];
1222 3801 357 53 Bibliography:
1612 3816 39 38 p.
1688 3800 170 50 [52]-54.

386 3853 53 54 ©
471 3857 99 43 Oct.
604 3856 63 52 16,
699 3855 129 53 1926;
861 3856 63 43 2c.
958 3857 101 43 Oct.
1091 3856 76 51 30;
1202 3856 77 43 aff.
1313 3856 119 43 Nov.
1464 3857 49 51 3;
1548 3856 43 43 A
1624 3856 188 53 949921;
1846 3857 267 53 University
2144 3857 51 45 of
2226 3857 153 45 North

457 3912 212 45 Carolina
697 3928 142 37 press.
909 3912 269 55 (26-27293)
