2542 4285
1313 3990 112 57 998

372 358 200 69 Snow,
613 356 284 60 Wilbert.

450 450 128 56 The
620 449 180 56 inner
841 449 253 70 harbor,
1135 468 171 38 more
1348 447 210 59 Maine
1603 452 170 55 coast
1815 467 235 54 poems,
2091 449 84 73 by
370 448 1974 137 Wilbert

541 526 1826 73 Snow … New York, Harcourt, Brace and company
373 634 13 43 [
388 614 19 21 c
410 607 163 70 1926]

477 719 9 17 x,
521 683 75 44 109
625 698 40 38 p.
729 683 49 44 19½
814 685 47 17 cm
867 717 9 9 .

369 739 57 53 ©
458 740 118 53 Sept.
603 741 39 50 2,
676 740 129 51 1926;
835 741 64 42 2c.
929 740 87 42 and
1043 740 78 43 aff.
1155 739 119 53 Sept.
1309 740 73 51 16;
1414 739 44 43 A
1489 737 188 54 949045;
1712 740 248 51 Harcourt,
1991 739 144 43 Brace
2164 739 86 43 and
2281 754 83 37 co.,

442 798 83 43 inc.
595 796 270 55 (26-15797)

373 897 198 58 South
607 896 265 58 Dakota.
949 898 302 72 Supreme
1293 902 191 52 court.

370 987 1970 137 Reports of cases decided … from the decisions of November
663 1069 89 70 15,
796 1068 165 70 1923,
1004 1069 63 54 to
1111 1068 123 56 and
1273 1066 319 72 including
1635 1066 308 58 decisions
1988 1066 66 56 of
2100 1065 269 58 October

372 1145 89 70 28,
511 1145 164 56 1925.
764 1144 214 73 Notes,
1028 1145 355 56 references
1433 1145 124 56 and
1602 1145 188 56 index
1835 1145 83 70 by
1964 1143 281 58 Howard
2294 1144 68 58 G.

373 1224 231 70 Fuller,
638 1225 176 54 court
846 1226 306 67 reporter,
1222 1242 56 37 v.
1314 1224 90 71 47,
1439 1224 89 55 48.
1604 1222 239 70 Pierre,
1880 1221 177 58 State
369 1221 1974 152 publishing
510 1320 104 52 co.,
652 1302 164 70 1925,
854 1302 165 55 1926.

438 1378 303 43 2 v . 23½ cm .
371 1450 41 29 v.
441 1433 66 53 47,
538 1433 52 53 ©
622 1435 120 53 Sept.
772 1435 66 51 21,
872 1434 128 52 1925;
1031 1450 40 28 v.
1102 1435 67 51 48,
1198 1432 53 54 ©
1282 1435 119 52 Aug.
1428 1435 67 50 23,
1532 1435 128 51 1926;
1694 1435 63 42 2c.
1789 1434 108 44 each
1928 1434 86 44 and
2044 1435 103 43 affs.
2180 1435 100 44 Oct.
2313 1436 50 51 9;

440 1493 44 41 A
514 1492 177 52 949460,
723 1493 189 51 949461;
947 1491 48 45 C.
1028 1492 52 47 E.
1115 1490 165 54 Coyne,
1316 1500 231 44 secretary
1577 1492 50 43 of
1656 1491 75 44 the
1763 1498 118 37 state
1910 1492 50 43 of
1994 1491 143 46 South
2170 1492 193 51 Dakota,

442 1550 44 43 in
513 1558 115 37 trust
658 1550 73 43 for
759 1550 74 43 the
862 1551 163 42 benefit
1052 1550 50 43 of
1130 1550 74 43 the
1232 1550 158 52 people
1413 1550 52 43 of
1492 1549 97 44 said
1616 1557 128 43 state,
1778 1549 172 52 Pierre,
1982 1549 44 46 S.
2058 1550 56 43 D.

371 1665 252 71 Speyer,
660 1667 152 55 Mrs.
849 1665 284 57 Leonora
1176 1666 151 71 (von
1363 1664 252 72 Stosch)
1660 1667 189 56 1872-

518 1755 1786 75 … Fiddler’s farewell. New York, A. A. Knopf, 1926.
441 1836 483 50 113 p., 4 l. 19½ cm .
438 1891 63 44 At
527 1890 112 46 head
665 1891 53 44 of
742 1890 124 47 title:
895 1891 209 45 Leonora
1136 1890 184 54 Speyer.

440 1948 177 44 Poems.

366 2000 56 54 ©
448 2002 105 43 Feb.
584 2003 63 50 19,
677 2002 128 52 1926;
832 2003 65 43 2c.
925 2002 118 53 Aug.
1072 2003 76 52 24;
1178 2003 79 43 aff.
1288 2002 119 52 Sept.
1437 2003 49 52 3;
1515 2004 44 41 A
1584 2002 189 52 901813;
1802 2002 167 44 Alfred
1996 2002 57 43 A.
2083 2002 172 52 Knopf,
2282 2004 82 42 inc.

450 2059 268 55 (26-26413)

369 2158 248 74 Spiller,
667 2159 237 59 Robert
949 2160 245 58 Ernest.

443 2253 130 59 The
601 2253 337 59 American
965 2251 66 60 in
1061 2253 295 74 England
1384 2252 230 75 during
1640 2254 104 59 the
1772 2252 141 60 first
1941 2253 138 59 half
2107 2258 260 69 century

366 2333 68 57 of
475 2329 479 74 independence,
997 2333 83 71 by
1121 2330 239 61 Robert
1402 2329 73 63 E.
1525 2329 248 74 Spiller.
1857 2331 154 59 New
2049 2332 190 72 York,
2286 2332 78 58 H.

364 2410 155 59 Holt
545 2411 124 58 and
694 2427 308 55 company
1030 2439 13 43 [
1045 2418 18 21 c
1067 2409 165 73 1926]

435 2485 1559 54 xiii p., 2 l., 3-416 p. front., plates, ports., facsim. 22½ cm .
438 2543 352 53 Bibliography:
827 2558 42 37 p.
903 2543 205 46 395-403.

370 2597 53 53 ©
457 2598 118 53 Sept.
613 2600 32 49 1,
681 2598 130 52 1926;
846 2598 63 43 2c.
943 2599 87 42 and
1061 2598 78 43 aff.
1176 2597 120 53 Sept.
1328 2598 50 51 4;
1414 2598 44 41 A
1492 2596 189 54 901771;
1719 2598 161 53 Henry
1915 2599 116 43 Holt
2065 2600 88 42 and
2186 2614 65 28 co.

449 2654 270 56 (26-15673)

370 2755 303 74 Sprague,
715 2756 246 58 Arthur
1001 2755 212 74 Colby.

450 2848 352 57 Beaumont
826 2849 124 56 and
973 2848 294 56 Fletcher
1288 2866 79 38 on
1390 2848 104 56 the
1519 2848 382 58 restoration
1928 2852 194 72 stage,
2144 2850 82 72 by
378 2851 1969 133 Arthur

374 2924 1973 154 Colby Sprague, PH. D. Cambridge, Harvard university press, 1926.
512 3118 10 18 xx,
545 3083 81 44 299
652 3097 39 38 p.
753 3081 155 55 front.,
934 3082 156 52 plates,
1114 3088 158 47 ports.,
1298 3082 175 45 facsim.
1531 3083 55 43 22
1593 3086 46 17 cm
1644 3118 9 10 .

444 3139 353 54 Bibliography:
825 3154 39 39 p.
909 3139 223 54 [279]-289.

368 3196 55 54 ©
457 3198 121 52 Sept.
608 3199 40 50 4,
683 3198 129 51 1926;
844 3198 65 43 2c.
944 3197 121 53 Sept.
1101 3198 73 50 13;
1210 3197 78 44 aff.
1324 3196 121 52 Sept.
1482 3198 75 52 11;
1590 3199 44 41 A
1664 3196 189 53 901945;
1889 3198 240 44 President
2158 3200 90 43 and
440 3199 1903 100 fellows

581 3255 51 44 of
664 3256 217 42 Harvard
911 3254 188 53 college,
1134 3254 284 53 Cambridge,
1456 3256 141 42 Mass.
1666 3254 270 55 (26-15680)

370 3354 274 72 Stanley,
694 3353 217 59 Carrie
958 3353 196 59 Ellen.

447 3446 59 56 A
542 3444 184 74 guide
762 3447 107 56 for
904 3446 328 58 freshman
1267 3447 230 73 college
1532 3446 285 74 English,
1853 3447 152 57 with
2039 3447 325 58 freshman

371 3524 257 73 themes,
672 3526 84 70 by
798 3524 220 59 Carrie
1062 3525 72 57 E.
1183 3525 278 73 Stanley,
1504 3525 247 58 Arthur
1791 3525 80 57 H.
1915 3524 448 74 Heusinkveld,

378 3602 1984 75 Alma B. Hovey … New York & London, The Century co.
386 3683 187 73 [ c 1926]
503 3795 8 16 xv,
547 3761 76 44 193
688 3796 8 8 p.
760 3761 49 44 19½
862 3763 29 17 cm
897 3796 10 7 .
1021 3759 124 54 $1.25

441 3815 286 54 “Reading”:
760 3832 42 36 p.
837 3816 201 46 179-193.

372 3870 53 53 ©
450 3871 118 53 Aug.
593 3870 66 51 25,
691 3871 129 52 1926;
847 3872 65 42 2c.
939 3873 87 42 and
1052 3872 78 43 aff.
1158 3873 119 51 Aug.
1303 3871 80 53 27;
1411 3873 44 41 A
1480 3871 189 53 897969;
1703 3871 199 54 Century
1928 3888 66 29 co.

452 3926 270 57 (26-15557)
