2542 4285
1355 3982 109 55 696

494 456 77 42 114
596 468 39 35 p.
700 454 48 43 18
756 456 47 17 cm
808 488 9 8 .

492 509 133 45 “1.-5.
654 509 234 45 tausend.”

420 559 1963 112 © Dec. 24, 1925; 1c. Jan. 9, 1926; A— Foreign 29951; Philosophisch-anthroposophischer
951 618 172 52 verlag.
1192 616 269 55 (26-12670)

417 691 360 70 Stevenson,
821 689 233 58 Robert
1095 687 206 74 Lords,
1346 690 356 56 1850-1894.

498 782 310 56 Treasure
845 780 235 72 Island,
1115 779 83 71 by
1232 779 236 57 Robert
1503 779 188 56 Louis
1732 777 365 72 Stevenson,
2133 777 151 59 with

421 779 1962 150 introductions,
884 857 241 57 critical
1178 860 356 68 comments,
1588 857 411 71 explanatory
2052 860 176 55 notes
2285 857 122 58 and

420 933 1918 76 questions for class study, edited by J. W. Searson …
419 1014 274 74 Lincoln,
742 1013 268 73 Chicago
1060 1015 146 71 [etc.]
1255 1013 130 56 The
1428 1011 372 73 University
1844 1010 363 75 publishing
417 1031 1966 135 company,
635 1093 165 57 1926.

488 1164 1916 61 xxiv p., 1 l., 290 p. illus. 17 cm , (Half-title: University classics for
413 1229 107 53 high
556 1224 806 55 schools—colleges—universities)
1388 1281 9 9 .

486 1286 283 52 “Suggested
797 1282 307 45 references”:
1135 1299 37 35 p.
1201 1281 240 45 xxi-xxiv.

418 1340 52 53 ©
502 1342 110 51 May
644 1341 62 51 10,
741 1340 127 50 1926;
901 1340 64 41 2c.
996 1339 112 51 May
1141 1338 73 51 18;
1249 1337 79 44 aff.
1362 1337 112 52 May
1503 1336 77 52 20;
1614 1337 42 41 A
1689 1335 190 53 891773;
1913 1336 266 53 University
2207 1336 103 66 pub.
2342 1351 64 29 co.

490 1396 64 54 [©
587 1397 338 50 introductions,
958 1395 173 44 critical
1164 1402 260 43 comments,
1459 1393 298 53 explanatory
1789 1401 128 35 notes
1953 1394 86 42 and
2073 1394 226 51 questions
2336 1393 74 43 for

487 1456 113 42 class
638 1454 145 53 study]
855 1451 270 55 (26-12596)

413 1524 206 71 Stoke,
657 1523 153 59 Will
845 1524 70 56 E.

488 1612 311 73 Episodes
831 1612 67 58 of
927 1612 176 71 early
1132 1611 155 72 days
1319 1611 65 56 in
1413 1612 239 56 central
1683 1612 123 58 and
1834 1613 270 55 western
2134 1610 275 68 Kansas,

417 1686 1897 154 by Will E. Stoke, illustrated by Charles Allen … v. l. Great Bend, Kan., W. E. Stoke [ c 1926]
487 1845 75 44 197
594 1860 39 38 p.
693 1844 135 43 front.
856 1844 167 53 (port.)
1061 1843 116 44 illus.
1235 1843 54 43 20
1296 1846 47 17 cm
1349 1878 9 8 .

413 1901 55 53 ©
492 1904 115 51 June
635 1902 62 51 12,
727 1901 128 52 1926;
882 1902 64 42 2c.
974 1901 87 43 and
1087 1901 78 42 aff.
1193 1902 118 51 June
1340 1898 73 54 17;
1440 1899 44 43 A
1511 1897 189 54 897147;
1731 1899 74 44 W.
1834 1897 52 48 E.
1917 1897 152 48 Stoke.

494 1957 268 56 (26-12560)

419 2030 358 56 Tennessee.
857 2031 202 68 Laws,
1097 2033 286 69 statutes,
1424 2033 108 52 etc.

496 2122 411 71 Supplement
938 2124 62 54 to
1039 2121 358 57 Shannon’s
1434 2120 340 56 annotated
1808 2120 146 56 code
1989 2120 66 55 of
2089 2119 166 71 1917,
415 2137 1970 134 embracing

717 2200 104 55 the
868 2198 274 72 existing
1182 2200 372 69 permanent
1602 2198 121 56 and
1768 2197 207 71 public
2024 2198 267 55 statutes
2340 2196 67 57 of

415 2279 102 55 the
551 2280 162 54 state
744 2277 67 56 of
844 2278 350 54 Tennessee
1226 2277 259 55 enacted
1516 2278 67 53 at
1611 2276 103 55 the
1746 2274 352 72 legislative
2133 2273 272 58 sessions

418 2356 67 55 of
528 2357 164 69 1917,
738 2356 165 69 1919,
948 2355 165 69 1920,
1158 2355 166 69 1921,
1368 2354 148 55 1923
1561 2354 123 55 and
1728 2353 166 70 1925,
1939 2353 303 70 properly
2286 2354 123 55 and

415 2431 456 71 consecutively
924 2432 315 71 arranged
1288 2430 152 56 with
1492 2430 320 57 reference
1864 2433 62 53 to
1979 2430 104 56 the
2139 2428 266 58 sections

416 2509 264 71 thereof,
708 2508 281 56 whether
1015 2507 350 72 amending,
1397 2508 339 70 repealing,
1770 2527 67 37 or
1869 2507 291 72 enacting
2182 2507 227 71 wholly

414 2606 132 37 new
571 2587 135 69 law,
731 2585 150 57 with
910 2585 418 56 annotations.
1400 2582 322 73 Compiled
1747 2586 82 68 by
1857 2585 234 56 Robert
2121 2586 67 54 T.
413 2584 1969 136 Shannon

635 2662 1750 66 … Indianapolis, The Bobbs-Merrill company [1926]
482 2755 40 35 v,
561 2740 104 42 1482
697 2755 38 36 p,
796 2738 56 44 26
856 2742 47 16 cm
910 2774 8 8 .

414 2795 52 53 ©
496 2797 114 50 June
640 2797 39 49 3,
713 2796 129 51 1926;
874 2795 63 43 2c.
969 2795 114 52 June
1117 2796 74 51 19;
1224 2795 79 43 aff.
1332 2796 118 51 June
1481 2795 74 52 18;
1587 2796 43 41 A
1661 2794 189 53 897354;
1886 2795 174 44 Robert
2088 2794 54 45 T.
2178 2793 227 55 Shannon,

484 2852 249 44 Nashville.

415 2923 318 70 Turnbull,
771 2924 342 71 Margaret,

415 3014 1967 150 Madame Judas, by Margaret Turnbull … Philadelphia
592 3093 47 55 &
668 3093 276 68 London,
978 3093 59 56 J.
1072 3092 70 56 B.
1177 3092 366 70 Lippincott
1574 3111 319 53 company,
1928 3093 164 56 1926.

481 3168 362 53 304 p. 19½ cm .
415 3224 53 53 ©
500 3226 118 42 Mar.
654 3226 63 51 13,
752 3224 129 52 1926;
913 3224 65 43 2c.
1012 3226 114 50 June
1158 3226 49 50 9;
1244 3225 78 43 aff.
1356 3224 114 52 June
1508 3226 72 51 19;
1615 3226 42 41 A
1692 3226 188 52 891864;
1917 3227 66 42 M.
2016 3224 238 54 Turnbull,
2287 3226 119 44 New

483 3284 146 49 Hope,
666 3283 78 41 Pa.
814 3280 270 55 (26-12595)

408 3352 444 73 Waddington,
888 3353 239 72 Joseph
1158 3353 276 57 Edward
1465 3353 255 72 George,
1756 3355 188 56 1865-

486 3444 314 57 Practical
840 3444 190 57 index
1072 3447 64 54 to
1183 3443 517 73 electrotherapy,
1745 3445 151 57 with
1940 3445 187 57 index
2171 3445 68 58 of

410 3444 1970 135 diseases
622 3523 124 57 and
781 3522 378 71 descriptive
1194 3522 378 72 techniques,
1607 3524 82 70 by
1724 3523 241 70 Joseph
2000 3522 70 56 E.
2110 3523 69 59 G.

410 3521 1994 151 Waddington … 2d ed., thoroughly rev. One hundred and
412 3680 255 68 seventy
705 3677 438 57 illustrations.
1223 3677 269 69 Detroit,
1533 3677 203 71 Mich.,
1780 3678 128 57 The
1951 3678 243 71 author,
2236 3678 165 56 1926.

478 3753 1125 53 3 p. l., [9]-362, 13 p. illus., diagrs. 19½ cm .
480 3809 351 52 Bibliography:
865 3823 40 39 p.
938 3808 225 55 357-[361]

415 3864 52 53 ©
496 3867 109 51 May
628 3866 66 50 20,
726 3866 129 52 1926;
884 3866 64 43 2c.
976 3866 116 52 June
1116 3866 50 52 9;
1197 3866 77 43 aff.
1304 3867 114 51 June
1450 3866 73 52 16;
1554 3865 44 43 A
1626 3866 188 52 891816;
1845 3866 38 52 J.
1914 3864 51 48 E.
1997 3865 50 44 G.
2076 3865 323 53 Waddington.

494 3920 268 57 (26-12697)
