2542 4285
0 0 0 0 761
108 342 366 71 Alexander,
518 343 260 67 Jerome,
824 343 188 57 1876-
1168 361 192 53 comp.

189 432 239 59 Colloid
461 432 351 72 chemistry,
848 433 364 56 theoretical
1246 432 121 57 and
1402 431 267 73 applied,
1704 432 83 71 by
1821 433 263 58 selected

110 509 1978 148 international contributors, collected and edited by Jerome Alexander … v. 1. Theory and methods. New
108 665 185 70 York,
327 665 127 55 The
489 664 309 57 Chemical
829 664 244 70 catalog
1105 682 320 51 company,
1456 663 135 70 inc.,
1627 664 162 55 1926.

174 740 79 42 974
285 755 37 50 p.
382 740 129 51 illus.,
543 741 164 51 diagrs.
768 741 50 42 23½
855 742 45 17 cm
907 775 8 8 .

177 796 323 54 Bibliography
531 807 43 34 at
606 800 85 41 end
720 798 48 43 of
798 805 117 36 most
945 797 49 45 of
1024 797 74 46 the
1131 797 217 51 chapters.

105 850 52 53 ©
183 853 113 51 June
322 853 67 50 29,
419 853 126 50 1926;
576 854 63 41 2c.
668 854 86 41 and
783 852 77 43 aff.
889 853 113 51 June
1030 852 75 51 30;
1138 853 43 41 A
1210 851 188 52 891975;
1433 851 225 44 Chemical
1688 852 179 52 catalog
1893 867 80 35 co.,
2001 852 82 43 inc.

183 909 268 53 (26-13461)

107 1009 126 55 The
269 1008 333 57 American
637 1010 202 70 digest
880 1010 355 71 annotated,
1273 1009 401 70 key-number
1715 1009 210 71 series,
1964 1008 118 58 vol.

182 1064 1834 93 24A … September 1, 1925, to January 31, 1926 …
180 1163 324 70 Prepared
528 1164 121 55 and
675 1164 89 55 ed.
792 1164 80 69 by
898 1163 102 56 the
1029 1162 291 57 editorial
1349 1162 154 57 staff
1527 1162 66 56 of
1621 1163 101 56 the
1749 1163 335 56 American

179 1240 202 71 digest
420 1243 246 53 system.
747 1240 87 57 St.
872 1240 176 71 Paul,
1085 1240 175 56 West
1297 1239 360 72 publishing
1695 1259 105 53 co.,
1839 1242 164 55 1926.

170 1315 61 52 iii,
258 1317 109 41 2419
397 1331 38 36 p.
495 1316 53 43 26
555 1319 46 17 cm
608 1352 8 7 .

102 1369 52 53 ©
177 1373 113 50 June
313 1373 67 51 22,
409 1373 103 42 1926;
562 1373 63 43 2c.
653 1373 117 52 Aug.
796 1374 24 42 9;
873 1373 78 42 aff.
977 1373 118 51 Aug.
1122 1372 22 43 5;
1197 1372 43 42 A
1267 1372 165 43 897734;
1484 1373 132 43 West
1642 1373 100 52 pub.
1769 1388 64 28 co.

100 1473 333 57 American
468 1472 231 73 society
735 1472 66 56 of
837 1471 449 58 international
1320 1471 136 57 law.

178 1564 414 72 Proceedings
633 1563 66 57 of
738 1564 102 55 the
878 1563 335 56 American
1254 1563 236 71 society
1530 1564 66 56 of
1634 1564 451 59 international

101 1644 117 53 law
249 1646 65 51 at
342 1642 84 55 its
459 1640 321 57 twentieth
813 1640 229 55 annual
1072 1639 276 72 meeting
1374 1641 143 55 held
1551 1645 64 52 at
1645 1642 435 73 Washington,

99 1719 72 55 D.
211 1717 84 71 C.,
331 1718 185 70 April
552 1719 202 69 22-24,
795 1718 162 54 1926.
1032 1716 435 72 Washington,
1506 1717 72 56 D.
1622 1717 82 72 C.,
1746 1719 127 57 The
100 1719 1955 149 Society,
252 1797 163 55 1926.

164 1871 77 52 xii,
271 1872 76 42 211
385 1886 38 37 p.
481 1871 55 43 26
542 1874 45 17 cm
594 1906 9 9 .

96 1926 54 54 ©
175 1930 105 50 July
303 1929 65 49 28,
399 1928 127 51 1926;
550 1928 64 42 2c.
639 1928 86 42 and
749 1927 77 42 aff.
852 1926 118 53 Aug.
997 1928 50 49 6;
1075 1927 42 42 A
1143 1926 190 51 897694;
1360 1927 154 43 Amer.
1541 1942 87 29 soc.
1653 1928 50 44 of
1731 1928 222 45 internati,
1982 1931 98 44 law.

1895 1993 105 38 5092

164 2085 1848 71 … The Atlantic reporter, v. 131. Permanent ed. …
172 2166 174 56 With
393 2164 403 72 key-number
843 2162 417 56 annotations.
1365 2162 342 57 December
1754 2166 87 70 24,
1895 2168 188 54 1925-

175 2243 218 56 March
423 2245 52 68 4,
512 2243 161 54 1926.
751 2240 87 58 St.
878 2240 175 71 Paul,
1089 2239 176 56 West
1301 2239 361 73 publishing
1693 2261 106 52 co.,
1837 2244 163 56 1926.

164 2320 89 49 xiv,
284 2320 76 41 991
395 2333 38 37 p.
491 2318 53 42 26
549 2321 45 16 cm
602 2353 8 7 .
680 2316 241 54 (National
955 2323 202 44 reporter
1187 2315 354 52 system—State
1574 2317 161 53 series)

94 2376 53 53 ©
170 2378 110 51 Apr.
305 2376 68 51 22,
402 2375 127 51 1926;
555 2375 63 42 2c.
644 2374 118 52 Aug.
788 2374 50 51 9;
863 2373 79 42 aff.
969 2373 118 51 Aug.
1115 2372 49 51 5;
1192 2373 42 41 A
1263 2371 188 53 897735;
1480 2374 131 43 West
1637 2375 100 51 pub.
1764 2390 65 29 co.

86 2479 389 68 Avermaete,
509 2475 221 72 Roger.

91 2561 1966 159 … L ’apologie de l’adultère, illustration d’Andrée Sikorska. [Paris] Les Éditions du Monde moderne, 1925.
164 2718 1909 74 3 p . l ., [9]-240 p. illus. 19 cm . (On cover: Collection Pantagruel, no. VII)
166 2784 73 45 On
269 2796 158 31 cover:
457 2782 37 43 3.
526 2779 181 45 édition.

92 2828 1963 119 © Dec. 25, 1925; 1c. Jan. 11, 1926; A— Foreign 29828; Aux éditeurs associés. (26-13583)
88 2981 150 68 Bab,
281 2977 226 68 Julius,
551 2977 189 57 1880-

232 3048 1847 79 … Faust, das werk des Goetheschen lebens. Stuttgart
108 3139 128 69 [etc.]
269 3132 209 60 Union
511 3129 293 59 deutsche
836 3125 662 72 Verlagsgesellschaft
1536 3156 14 43 [
1552 3135 19 23 c
1574 3129 164 71 1926]

156 3207 627 57 vi p., 1 l., 223 p. 19 ½c m .
91 3259 1964 119 © Mar. 5, 1926; 1c. May 4; A— Foreign 31011; Union deutsche verlagsgesellschaft. (26-13431)
90 3409 156 73 Bail,
288 3410 211 57 James
539 3408 261 67 Moores,
844 3406 188 56 1862-

169 3489 263 56 Modern
484 3483 537 72 ophthalmology;
1078 3500 34 37 a
1166 3481 303 71 practical
1524 3483 259 57 treatise
1840 3502 78 39 on
1972 3484 102 57 the

92 3570 310 65 anatomy,
439 3562 388 71 physiology,
865 3561 123 55 and
1021 3559 279 57 diseases
1338 3559 66 56 of
1440 3559 103 57 the
1579 3579 127 52 eye,
1743 3561 80 71 by
1860 3562 215 57 James

91 3636 1983 74 Moores Ball … 5th ed., rev., enl., and rewritten, with
90 3712 1984 150 598 text illustrations, some in colors, and numerous figures on 24 colored plates … Philadelphia, F. A. Davis
90 3891 320 54 company,
445 3872 162 55 1926.
