2542 4285
1031 3961 109 62 177

85 351 334 58 American
452 351 135 57 face
624 350 178 59 brick
834 350 392 58 association.

163 442 263 73 English
466 442 334 72 precedent
838 441 105 57 for
979 443 261 56 modern
1280 441 373 71 brickwork;
1696 442 204 71 plates
1943 445 122 56 and

84 521 328 56 measured
446 518 312 72 drawings
795 518 66 57 of
880 517 265 73 English
1165 518 214 57 Tudor
1394 520 125 56 and
1539 517 315 73 Georgian
85 518 1958 150 brickwork,
301 596 150 56 with

481 614 39 38 a
546 595 123 56 few
698 597 210 55 recent
935 595 285 57 versions
1252 595 83 70 by
1365 594 333 58 American
1731 595 334 59 architects

87 671 1978 72 in the spirit of the old work … edited and published by
86 750 102 57 the
233 748 463 59 Architectural
738 749 227 71 forum,
1010 749 151 56 New
1202 748 188 72 York,
1437 749 106 57 for
1587 750 103 56 the
1733 747 330 59 American

85 827 136 57 face
255 826 174 57 brick
460 825 392 58 association.
929 823 269 74 Chicago
1236 855 13 43 [
1252 832 19 24 c
1273 827 164 73 1924]

152 900 1079 56 2 p. l., 7-97, [2] p. illus. (1 col.) 27½ cm .
84 954 1769 56 © Oct. 1, 1924; 1c. Feb. 11, 1926; 1c. and aff. Feb. 20; A 885694;
154 957 1890 101 American
274 1014 99 44 face
412 1014 129 44 brick
577 1028 131 37 assn.,
750 1012 211 54 Chicago.
1030 1011 241 55 (26-5490)

84 1098 334 58 American
447 1098 122 57 law
599 1102 242 66 reports
876 1097 355 58 annotated.

162 1190 76 57 A.
280 1190 68 56 L.
390 1190 72 56 R.
506 1189 370 57 cumulative
917 1189 423 72 index-digest
1379 1189 107 57 for
1524 1189 103 58 the
1670 1207 185 54 years
1901 1190 165 71 1924,

88 1269 163 56 1925.
328 1268 154 56 vols.
524 1268 201 56 28-39.
806 1265 338 59 Combined
1182 1266 255 58 indexes
1481 1270 63 54 to
1587 1286 170 38 cases
1802 1268 122 56 and
86 1286 1958 116 annotations.

499 1343 519 73 Supplementing
1052 1344 103 57 the
1191 1343 118 58 five
1344 1362 152 53 year
1533 1344 77 57 A.
1646 1344 68 56 L.
1753 1344 72 56 R.
1864 1343 209 73 digest

86 1424 105 55 for
217 1422 153 57 vols.
403 1423 163 55 1-27.
638 1421 357 71 Rochester,
1032 1420 74 57 N.
1137 1421 95 72 Y.,
1265 1422 128 55 The
1426 1421 294 71 Lawyers
86 1440 1962 117 co-operative
255 1499 361 72 publishing

660 1517 331 53 company;
1040 1498 368 71 Northport,
1454 1498 68 56 L,
1569 1498 68 74 I.,
1687 1500 73 55 N.
1806 1498 93 73 Y.,
85 1497 1960 137 Edward
302 1577 356 70 Thompson
701 1594 334 53 company;
1082 1574 128 59 San

1254 1575 356 73 Francisco,
1658 1574 204 74 Calif.,
87 1574 1962 137 Bancroft-Whitney
605 1672 319 52 company,
962 1654 164 55 1925.

153 1727 81 45 707
263 1743 41 38 p.
359 1726 53 46 25½
448 1731 47 18 cm
501 1763 9 9 .

85 1783 53 54 ©
164 1784 106 45 Feb.
301 1785 63 52 13,
392 1784 130 51 1926;
548 1785 65 43 2c.
641 1785 86 43 and
754 1783 77 44 aff.
861 1783 105 45 Feb.
998 1782 74 54 17;
1103 1784 43 43 A
1174 1782 188 54 879586;
1394 1784 213 53 Lawyers
1637 1783 305 54 co-operative
1970 1784 99 51 pub.

154 1856 78 37 co.,
269 1840 198 48 Edward
499 1839 261 54 Thompson
794 1855 82 36 co.,
914 1839 462 54 Bancroft-Whitney
1410 1856 65 28 co.

86 1925 333 58 American
451 1924 247 74 painter
732 1924 126 59 and
892 1924 343 58 decorator.

163 2017 300 72 Painting
490 2017 122 58 and
638 2016 364 73 decorating
1028 2016 319 72 questions
1379 2016 192 58 asked
1599 2016 124 58 and
1751 2018 319 56 answered

86 2096 82 70 by
194 2095 102 57 the
328 2093 292 60 editorial
647 2096 101 55 staff
827 2093 69 58 of
923 2093 335 58 American
1287 2093 254 72 painter
1570 2094 122 58 and
1723 2095 348 71 decorator,

88 2173 70 56 F.
197 2171 74 58 N.
311 2170 504 73 Vanderwalker,
861 2170 218 59 editor.
1164 2169 90 59 St.
1298 2170 208 73 Louis,
1552 2170 141 72 Mo.,
1737 2171 331 58 American

85 2249 180 72 paint
297 2248 252 73 journal
581 2266 319 54 company,
936 2255 19 23 c
959 2248 166 57 1926.

156 2324 67 51 76,
267 2325 26 44 [4]
339 2339 40 39 p.
435 2324 56 44 20½
523 2327 47 18 cm
575 2359 9 9 .

157 2381 206 53 “Chiefly
392 2395 27 29 a
450 2380 287 53 compilation
769 2380 88 43 and
889 2379 172 53 reprint
1092 2379 53 45 of
1176 2386 165 37 matter
1373 2379 97 46 that
1503 2379 80 45 has
1616 2380 110 44 been
1760 2380 233 54 published
2029 2380 41 45 in

86 2438 74 45 the
193 2437 245 44 American
472 2438 172 52 painter
677 2436 87 44 and
798 2436 238 44 decorator
1071 2435 44 44 in
1150 2436 75 44 the
1259 2436 282 53 department
1575 2436 172 45 headed
1782 2437 170 44 ‘Asked
1986 2438 86 44 and

85 2493 284 45 answered’.”

87 2549 53 54 ©
166 2551 99 52 Jan.
292 2550 68 52 28,
389 2548 107 44 1926
509 2563 10 37 ;
545 2549 65 43 2c.
638 2547 107 46 Feb.
774 2546 49 55 5;
854 2548 78 43 aff.
962 2546 107 46 Feb.
1097 2548 49 51 8;
1179 2547 42 44 A
1250 2547 189 53 884173;
1470 2548 243 44 American
1742 2548 124 53 paint
1890 2549 183 52 journal

156 2622 66 29 co.
289 2604 241 56 (26-5372)

84 2691 393 72 Armstrong,
512 2688 190 58 Zella.

89 2778 1966 156 … The Sevier family, by Zella Armstrong … Chattanooga, Lookout publishing company, 1926.
158 2934 1854 56 7 p. l., 325 p. port. 23½ cm . (Her Notable southern families, vol. IV)
160 2994 352 53 Bibliography:
541 2994 75 44 6th
642 2992 175 53 prelim,
845 2992 107 46 leaf.

86 3051 54 54 ©
172 3051 107 44 Feb.
314 3048 64 53 15,
409 3048 129 53 1926;
570 3049 64 42 2c.
665 3047 107 44 Feb.
807 3046 74 53 17;
915 3047 78 43 aff.
1026 3045 107 46 Feb.
1164 3045 79 53 27;
1277 3046 44 44 A
1352 3044 190 56 883453;
1580 3049 206 46 Lookout
1817 3052 101 52 pub.
1952 3067 66 29 co.

165 3104 240 58 (26-5305)

86 3190 292 62 Axelrod.
417 3188 308 60 Solomon.

209 3284 166 74 [New
403 3281 189 72 York,
619 3289 21 22 c
644 3279 165 73 1926]

1861 3287 146 74 רער
1619 3285 202 64 גייסט
1479 3283 100 94 און
1293 3283 144 72 רער
931 3281 322 98 קערפער.

159 3405 332 50 61 p. 20 ½cm .
157 3456 121 45 Title
308 3454 358 44 transliterated:
700 3453 97 43 Der
827 3452 117 53 geist
975 3467 59 28 un
1064 3452 81 44 der
1175 3452 174 52 kerper.

89 3512 53 54 ©
166 3514 99 52 Jan.
292 3510 34 52 5,
357 3510 129 53 1926;
512 3511 63 42 2c.
602 3508 106 46 Feb.
737 3507 75 54 15;
839 3509 79 44 aff.
944 3507 106 46 Feb.
1072 3509 79 52 23;
1180 3509 43 43 A
1251 3509 189 52 883417;
1472 3508 45 48 S.
1543 3511 220 54 Axelrod,
1791 3513 115 45 New
1933 3513 142 46 York.

166 3566 241 58 (26-5315)

89 3651 222 73 Baker,
349 3650 221 58 Albert
609 3648 291 60 Edward.

167 3731 160 57 How
352 3732 64 55 to
441 3727 390 59 understand
853 3726 396 73 philosophy,
1278 3728 167 56 from
1474 3727 292 62 Socrates
1789 3732 66 57 to

96 3730 1976 151 Bergson, by A. E. Baker … New York, George H. Doran
93 3904 304 54 company
421 3914 14 44 [
435 3892 19 23 c
458 3884 163 71 1926]
