2542 4285
1030 3958 109 57 181

107 323 88 56 De
232 321 208 72 Kruif,
477 322 158 57 Paul
669 322 230 71 Henry,
939 323 188 57 1890-

184 423 1895 76 Microbe hunters, by Paul De Kruif … New York,
104 502 336 72 Harcourt,
464 501 197 58 Brace
690 502 121 58 and
839 520 304 55 company
1171 530 14 44 [
1186 509 20 24 c
1208 503 164 75 1926]

168 592 686 55 6 p. l., 3-363 p. ports. 22½cm.
440 688 58 5 CONTENTS.—
513 662 348 44 Leeuwenhoek.
864 687 57 6 —
939 661 297 53 Spallanzani.
1239 687 57 7 —
1313 664 264 44 Pasteur.—
1592 662 202 45 Koch.—
1812 663 135 44 Roux
1990 664 88 43 and

100 718 646 54 Behring.—Metchnikofï.—
748 717 233 45 Theobald
1006 718 557 46 Smith.—Bruce.—Ross
1583 735 64 29 vs.
1672 719 170 44 Grassi.
1844 718 236 45 —Walter

98 775 311 45 Reed.—Paul
439 774 198 47 Ehrlich.

98 842 56 54 ©
186 844 105 44 Feb.
328 844 61 51 18,
427 843 126 52 1926;
588 844 64 43 2c.
686 844 85 43 and
804 845 78 41 aff.
918 842 107 45 Feb.
1056 842 79 54 27;
1170 844 45 42 A
1248 842 187 53 883455;
1473 845 247 50 Harcourt,
1756 845 141 43 Brace
1931 846 37 43 &
2001 859 82 38 co.,

170 900 82 43 inc.
321 898 239 56 (26-5317)

101 997 249 68 Dumas,
390 996 372 72 Alexandre,
806 998 355 58 1802-1870.

174 1087 119 57 Les
332 1087 156 57 trois
525 1085 514 73 mousquetaires,
1076 1105 119 52 par
1231 1086 355 58 Alexandre
1626 1085 269 73 Dumas;
101 1086 1963 136 edited
222 1166 124 55 and

392 1165 356 70 annotated,
794 1164 103 56 for
945 1183 109 38 use
1102 1163 65 56 in
1216 1163 261 73 colleges
1526 1165 124 56 and
1698 1164 259 74 schools,
2003 1164 80 72 by

98 1240 1990 73 F. C. Sumichrast … with vocabulary by Francis K. Ball
164 1317 1842 75 … Boston, New York [etc.] Ginn and company [ c 1925]
166 1410 58 51 vi,
254 1409 77 44 361
363 1424 39 38 p.
466 1407 49 45 17
522 1411 45 17 cm
574 1443 8 8 .
651 1408 353 54 (International
1033 1408 186 44 modern
1247 1409 222 52 language
1499 1408 163 53 series)

100 1477 1981 54 © Dec. 31·, 1925; 2c. Feb. 26, 1926; aff. Feb. 20; A 883467; Ginn and co.
169 1534 66 55 [©
267 1535 286 53 vocabulary]
623 1533 241 55 (26-5558)

98 1632 254 72 Furfey,
389 1633 159 57 Paul
585 1631 227 73 Hanly.

178 1722 127 57 The
332 1741 167 56 gang
524 1742 112 54 age;
694 1745 39 38 a
761 1723 186 71 study
972 1724 68 58 of
1067 1723 101 59 the
1195 1722 469 73 preadolescent
1688 1726 122 70 boy
1837 1725 124 56 and
1984 1724 99 58 his

100 1800 1982 73 recreational needs, by Paul Hanly Furfey … New
98 1879 188 71 York,
321 1880 127 57 The
481 1877 358 61 Macmillan
869 1895 322 55 company,
1222 1878 164 58 1926.

166 1968 777 54 xii p., 2 l., 189 p. diagrs. 19½cm.
169 2039 125 46 “The
327 2045 181 46 present
541 2039 131 44 work
703 2053 94 31 was
833 2036 243 54 originally
1109 2039 285 43 undertaken
1426 2055 49 29 as
1512 2055 27 29 a
1571 2038 293 47 dissertation
1901 2039 74 45 for
2009 2042 75 45 the

98 2099 232 44 doctorate
358 2098 52 43 of
440 2094 271 53 philosophy
737 2105 47 35 at
813 2094 74 46 the
918 2094 205 47 Catholic
1154 2094 249 53 university
1429 2096 56 44 of
1512 2094 486 48 America.”—Introd.

167 2151 351 54 Bibliography:
548 2165 43 39 p.
624 2152 201 44 161-184.

91 2204 1662 55 © Feb. 23, 1926; 2c. and aff. Feb. 24; A 879630; Macmillan co.
171 2261 243 56 (26-5309)

94 2359 310 73 Giesecke,
442 2359 339 59 Frederick
816 2360 243 71 Ernest,
1098 2361 190 57 1869-

174 2451 129 58 The
347 2451 217 72 design
609 2450 68 58 of
718 2450 649 72 gravity-circulation
1406 2454 198 55 water
1644 2451 258 74 heating
96 2471 1956 129 systems,

93 2527 1958 153 by F. E. Giesecke … New York, Heating and ventilating
317 2606 320 73 magazine
665 2624 305 53 company
996 2634 13 44 [
1010 2612 20 24 c
1033 2606 164 74 1926]

162 2684 51 45 75
239 2700 40 39 p.
305 2684 102 45 incl.
433 2684 153 52 tables,
611 2685 166 52 diagrs.
836 2686 52 42 23½
924 2688 47 17 cm
977 2721 8 9 .

162 2741 70 45 “A
268 2742 173 45 revised
474 2741 86 44 and
593 2741 213 52 enlarged
841 2740 167 45 edition
1043 2739 52 46 of
1126 2755 25 29 a
1186 2740 138 45 series
1358 2740 52 46 of
1441 2739 178 46 articles
1652 2741 233 54 published
1921 2740 45 45 in
2000 2741 74 45 the

93 2799 201 53 Heating
322 2799 89 43 and
437 2797 265 54 ventilating
728 2796 247 54 magazine,
1006 2797 164 52 during
1196 2797 75 44 the
1302 2796 157 54 period
1487 2797 121 45 from
1633 2799 213 52 January,
1880 2799 117 52 1924,
2027 2805 47 38 to

88 2856 212 52 January,
332 2853 328 46 1925.”—Pref.

92 2907 1985 56 © Feb. 16, 1926; 2c. and aff. Feb. 19; A 883341; F. E. Giesecke, Austin,
161 2966 115 45 Tex.
344 2964 241 57 (26-5463)

94 3064 126 57 The
270 3062 185 60 Girl's
504 3082 187 53 every
737 3064 123 71 day
906 3063 174 57 book.
1168 3063 151 58 New
1363 3063 190 74 York,
1604 3063 132 60 The
1777 3064 300 60 Womans

170 3160 201 54 press,
396 3142 165 57 1926.

164 3218 80 46 435
269 3234 40 40 p.
372 3220 51 44 19
428 3222 47 18 cm
481 3256 9 9 .

163 3274 1910 55 “Copyright … by the National board of the Young women’s Christian
99 3332 294 46 associations
417 3331 51 46 of
491 3333 74 43 the
589 3332 168 44 United
787 3332 150 46 States
963 3332 51 44 of
1038 3331 255 45 America.”

89 3386 1988 54 © Feb. 23, 1926; 2c. Mar. 1; aff. Mar. 4; A 883499; National board of
161 3445 75 43 the
264 3445 56 42 Y.
347 3445 75 43 W.
451 3443 48 45 C.
527 3444 55 42 A.
612 3444 50 44 of
690 3444 73 44 the
790 3444 59 44 U.
880 3443 45 46 S.
954 3444 72 51 A.,
1056 3443 121 44 New
1202 3444 142 43 York.
1413 3442 242 56 (26-5496)

91 3542 328 68 Goodnow,
463 3541 213 57 Frank
712 3542 299 71 Johnson,
1054 3543 188 58 1859-

172 3631 197 59 China;
435 3650 80 39 an
545 3632 277 71 analysis
853 3632 83 72 by
965 3632 216 57 Frank
1212 3632 60 59 J.
1309 3630 330 61 Goodnow.
1710 3631 362 72 Baltimore,

92 3709 128 58 The
248 3709 202 59 Johns
477 3708 287 72 Hopkins
791 3728 201 55 press,
1022 3710 165 57 1926.

158 3788 91 50 viii,
275 3786 83 46 279
383 3803 38 38 p.
485 3788 50 44 19½cm.

93 3841 1981 55 © Feb. 18, 1926; 2c. Feb. 23; aff. Feb. 24; A 879644; Johns Hopkins press.
169 3898 242 57 (26-5387)
