2542 4285
1087 3980 145 54 1453

159 379 268 72 Medina,
472 379 239 57 Harold
752 379 341 71 Raymond,
1139 380 186 56 1888-
1483 377 89 57 ed.

240 469 190 59 Cases
476 489 74 37 on
592 467 241 58 federal
873 467 399 72 jurisdiction
1314 469 122 55 and
1477 468 360 70 procedure,
1882 466 262 57 selected

162 543 1960 139 from decisions of the federal courts, by Harold R. Medina …
483 619 1660 75 assisted by Bernard E. Kuhn … St. Paul,
160 702 177 58 West
368 701 358 72 publishing
756 718 320 53 company,
1112 700 163 55 1926.

266 827 7 13 x,
304 790 80 44 674
412 805 38 38 p.
510 790 53 43 26
569 792 45 17 cm
622 825 8 7 .
699 788 269 54 (American
996 789 222 43 casebook
1248 788 149 44 series.
1458 788 73 44 W.
1563 790 53 40 R.
1644 787 172 52 Vance,
1845 789 184 50 general
161 787 1966 113 editor)

160 916 58 52 ©
245 917 119 51 Sept.
392 919 36 48 8,
465 916 125 51 1926;
621 917 64 41 2c.
718 917 107 41 Dec.
855 917 48 49 4;
936 916 77 42 aff.
1045 916 117 41 Nov.
1189 915 79 50 29;
1301 915 41 41 A
1372 911 188 54 958214;
1594 915 131 42 West
1755 914 99 51 pub.
1887 928 65 28 co.
239 973 268 54 (26-23153)

160 1071 1075 73 Miller, James O comp.
233 1163 267 60 Miller’s
530 1164 308 71 township
871 1161 431 75 organization
1328 1163 150 58 laws
1512 1164 66 56 of
1607 1162 241 58 Illinois
1877 1161 272 74 relating

158 1248 60 54 to
260 1248 226 67 county
526 1244 122 57 and
685 1240 308 73 township
1035 1245 404 69 government
1481 1243 121 57 and
1642 1239 262 92 officers’
1945 1240 201 73 guide,

156 1322 150 57 with
339 1323 198 56 forms
572 1319 123 59 and
726 1323 177 54 notes
938 1318 151 58 with
1121 1320 103 57 the
1262 1318 233 59 statute
1528 1317 622 73 law,—adjudicated

157 1419 172 39 cases
376 1401 123 56 and
545 1397 284 73 opinions
876 1398 67 57 of
986 1400 291 68 attorney
1323 1395 254 74 general
1622 1396 271 73 relating
1936 1400 62 54 to
2045 1398 103 57 the

160 1477 271 71 subjects
473 1478 67 56 of
579 1478 329 56 seventeen
949 1475 290 71 chapters
1283 1471 319 74 compiled.
1685 1474 97 72 By
1821 1475 217 58 James
2137 1521 10 10 O.

157 1548 1993 75 Miller … and Clyde D. Miller … Chicago, B. J. Smith
156 1634 48 55 &
237 1651 318 53 company,
588 1632 165 54 1926.

228 1724 78 43 803
338 1737 40 34 p.
437 1721 54 43 26
497 1724 15 16 cm
550 1756 8 7 .

158 1789 55 53 ©
251 1790 118 51 Sept.
401 1789 65 49 24,
505 1787 126 50 1926;
666 1787 63 41 2c.
764 1786 117 42 Nov.
915 1785 76 50 27;
1027 1786 78 41 aff.
1141 1785 117 42 Nov.
1292 1784 76 52 26;
1407 1786 43 41 A
1485 1785 188 53 957349;
1711 1787 39 51 J.
1785 1787 56 43 O.
1877 1786 155 45 Miller
2064 1790 86 42 and

233 1847 138 51 Clyde
401 1847 54 40 D.
488 1843 164 51 Miller,
687 1843 244 50 Belleville,
965 1843 67 41 Ill.
1102 1842 268 54 (26-23418)

160 1947 276 69 Murray,
483 1944 164 57 John
689 1943 225 70 Watts,
962 1945 188 56 1880-

239 2033 446 60 Examination
727 2032 66 58 of
832 2033 104 57 the
976 2031 244 73 patient
1260 2035 121 56 and
1423 2034 439 71 symptomatic
166 2037 1963 148 diagnosis,
301 2115 82 70 by
415 2113 168 58 John
611 2113 209 57 Watts

854 2111 281 70 Murray,
1228 2158 9 11 M.
1312 2157 9 10 D.
1343 2134 11 47 ;
1390 2112 150 56 with
1570 2117 118 53 two
1719 2113 285 59 hundred
164 2114 1968 136 sixteen
331 2189 434 59 illustrations.
851 2188 89 58 St.
973 2188 210 70 Louis,
1215 2189 129 56 The
1380 2188 63 59 C.
1475 2190 72 57 V.
1582 2191 223 71 Mosby
1834 2210 321 55 company,

164 2271 163 57 1926.

299 2395 8 16 xv,
339 2361 78 43 841
450 2375 40 37 p.
550 2358 113 44 illus.
722 2358 53 43 23½
811 2359 46 18 cm
864 2392 8 8 .

163 2431 53 52 ©
245 2432 118 42 Nov.
392 2431 67 51 26,
492 2429 126 52 1926;
652 2430 63 41 2c.
748 2429 108 41 Dec.
888 2429 50 50 4;
972 2429 77 42 aff.
1083 2429 106 42 Dec.
1221 2429 49 50 6;
1305 2429 43 41 A
1378 2428 189 53 957454;
1604 2429 47 43 C.
1685 2430 57 43 V.
1777 2431 167 52 Mosby
1975 2446 65 29 co.

241 2485 267 57 (26-23201)

163 2587 295 58 National
492 2586 247 58 district
774 2586 260 73 heating
1065 2585 393 57 association.

241 2678 1915 72 Proceedings of the 17th annual convention … held in
165 2757 281 71 Niagara
480 2757 190 72 Palls,
709 2757 148 55 New
890 2756 189 70 York,
1114 2756 165 56 June
1318 2759 49 68 1,
1405 2758 49 69 2,
1493 2759 50 68 3,
1580 2759 50 66 4,
1668 2760 162 54 1926.
162 2759 1967 147 [Greenville,
357 2835 84 71 0.]
474 2834 338 56 Published
840 2834 82 71 by
952 2833 127 57 The
1109 2833 399 57 Association
1543 2866 13 42 [
1559 2843 17 20 c
1581 2836 161 73 1926]

233 2922 1671 55 415 p. incl. front. (port.) illus., tables (part fold.) diagrs. 23 cm .
164 2994 52 53 ©
245 2997 106 41 Dec.
384 2997 33 49 1,
446 2995 128 50 1926;
603 2994 63 43 2c.
695 2995 105 42 Dec.
830 2996 49 50 9;
909 2996 76 41 aff.
1017 2996 106 42 Dec.
1153 2996 48 50 8;
1232 2996 43 41 A
1303 2995 189 52 957592;
1525 2996 216 43 National
1769 2997 177 45 district
1973 2999 182 56 heating

233 3067 116 29 assn.

166 3151 297 57 National
505 3151 381 73 symposium
928 3169 79 39 on
1047 3151 225 58 colloid
1315 3151 351 74 chemistry.

1750 3156 126 73 4th,
244 3157 1887 133 Massachusetts
547 3228 285 59 institute
870 3229 67 72 of
970 3231 386 72 technology,
1394 3232 165 55 1926.

243 3319 238 61 Colloid
529 3321 382 72 symposium
958 3324 419 71 monograph;
1427 3343 230 52 papers
1706 3328 337 69 presented
2092 3331 64 53 at

164 3401 101 57 the
299 3400 218 57 fourth
547 3397 297 59 National
879 3400 400 73 symposium,
1297 3420 76 37 on
1409 3401 223 59 colloid
1664 3402 354 74 chemistry,
2053 3405 103 58 the

164 3475 492 60 Massachusetts
689 3477 288 60 institute
1011 3480 67 57 of
1110 3477 386 74 technology,
1530 3480 183 71 June,
1748 3482 166 71 1926,
1950 3482 205 59 edited

163 3555 1968 150 by Harry Boyer Weiser … New York, Book department,
385 3634 129 57 The
550 3632 311 59 Chemical
895 3633 244 73 catalog
1173 3653 319 53 company,
1527 3633 135 73 inc.,
1698 3638 164 58 1926.

236 3722 81 47 378
344 3739 40 34 p.
416 3723 100 44 incl.
547 3723 131 49 illus.,
706 3722 158 52 tables,
894 3723 167 52 diagrs.
1120 3725 52 44 23½
1207 3728 46 17 cm
1261 3760 8 9 .

237 3795 208 44 Lettered
474 3809 57 31 on
558 3807 163 32 cover:
752 3792 86 47 vol.
916 3827 9 8 IV.

168 3857 52 53 ©
249 3859 107 42 Dec.
384 3859 39 50 3,
455 3859 127 47 1926;
612 3860 62 41 2c.
704 3860 86 41 and
820 3860 77 42 aff.
928 3860 108 42 Dec.
1065 3861 48 48 4;
1147 3861 42 42 A
1218 3860 188 53 957433;
1441 3861 227 45 Chemical
1698 3867 178 50 catalog
1906 3881 80 37 co.,
2017 3867 82 43 inc.

247 3915 268 54 (26-23133)
