2542 4285
0 0 0 0 335
144 467 1904 59 xvii, 702 p. front. (port.) illus. (incl. double map) fold. facsim. 20 ½ cm .
139 531 337 44 “Introduction
503 525 412 55 bibliographique”
932 541 9 29 :
973 540 40 36 p.
1047 525 218 47 [ix]-xvii.

69 587 53 52 ©
157 587 117 43 Nov.
307 584 66 52 27,
414 583 128 53 1925;
605 599 35 27 1c.
675 584 98 51 Jan.
807 581 65 52 25,
912 580 128 54 1926;
1078 579 300 53 A—Foreign
1411 578 161 53 29896;
1612 579 264 46 Emmanuel
1913 579 139 45 Vitte.

148 640 241 56 (26-8110)

74 738 418 73 Trowbridge,
529 736 210 60 Oliver
769 736 72 58 R.

148 843 240 60 Illinois
415 844 123 57 and
561 843 104 57 the
688 841 217 58 nation;
964 860 36 38 a
1024 839 303 72 practical
1350 838 261 60 treatise
1636 858 77 40 on
1742 843 162 58 state
1931 842 119 56 and

71 916 1982 76 national civics, by Oliver R. Trowbridge … and Gilbert
74 993 1826 79 P. Randle … Chicago, A. Flanagan company, 1926.
141 1081 79 42 312
247 1093 39 38 p.
348 1076 149 50 front.,
523 1075 114 44 illus.
665 1075 125 50 (incl.
816 1074 151 52 maps)
1002 1073 153 51 plates,
1183 1072 108 44 fold.
1318 1072 87 43 tab.
1471 1074 46 43 19
1524 1076 16 16 cm
1577 1106 9 10 .

73 1133 52 53 ©
157 1133 105 43 Feb.
289 1133 65 49 26,
389 1130 107 44 1926;
546 1131 64 42 2c.
640 1130 112 52 Apr.
783 1130 48 51 3;
864 1129 78 43 aff.
974 1128 112 51 Apr.
1117 1128 50 51 2;
1201 1128 43 41 A
1275 1127 188 52 890194;
1497 1128 57 43 A.
1587 1126 233 54 Flanagan
1852 1143 64 28 co.

152 1186 241 57 (26-8017)

73 1283 342 73 Wagnalls,
455 1281 222 72 Mabel,
717 1284 189 57 1871-

151 1369 1903 76 The mad-song, by Mabel Wagnalls … New York and
74 1452 274 72 London,
377 1449 179 58 Funk
582 1450 48 56 &
655 1447 327 73 Wagnalls
1010 1465 321 54 company,
1364 1448 163 56 1926.

142 1527 675 56 xvii p., 1 l., 250 p. 19 ½ cm .
71 1584 58 53 ©
161 1587 118 41 Mar.
309 1585 67 51 30,
411 1583 128 52 1926;
570 1584 64 41 2c.
666 1583 86 43 and
782 1583 77 42 aff.
890 1582 113 53 Apr.
1034 1581 50 52 3;
1119 1581 44 42 A
1194 1579 187 53 883872;
1416 1580 132 45 Funk
1578 1582 37 43 &
1644 1582 239 53 Wagnalls
1914 1598 65 28 co.

154 1638 241 56 (26-7905)

76 1736 307 73 Watkins,
416 1739 152 56 Mrs.
600 1735 225 59 Louise
856 1737 97 58 W.

152 1828 171 56 Four
357 1826 175 58 short
563 1825 237 58 studies
834 1826 124 57 and
989 1844 37 37 a
1056 1825 168 71 play,
1256 1826 83 70 by
1369 1822 229 61 Louise
1629 1826 96 57 W.
1757 1826 307 57 Watkins.

76 1906 120 57 Los
228 1903 290 74 Angeles,
550 1903 205 71 Calif.,
785 1903 170 56 Priv.
986 1902 211 72 print.,
1229 1903 164 57 1925.

147 1978 1345 57 5 p. l., 9-78 p., 1 l. mounted front. (port.) 21½c m .
148 2039 206 45 “Fifteen
381 2038 147 52 copies
555 2038 50 43 of
635 2036 87 44 this
750 2037 121 44 book
896 2051 119 30 were
1043 2035 175 54 printed
1249 2037 73 43 for
1354 2036 151 44 Cannell
1567 2037 37 44 &
1635 2035 187 53 Chaffin,
1853 2036 96 53 inc.,
1982 2038 87 44 Los

79 2096 212 53 Angeles,
339 2104 45 37 at
432 2095 76 43 the
559 2094 194 52 Spanish
800 2092 244 45 American
1092 2093 203 45 institute
1340 2107 140 40 press,
1533 2091 220 53 Gardena,
1805 2094 264 46 California,

79 2155 139 42 under
246 2152 74 45 the
348 2150 217 47 direction
595 2151 49 43 of
674 2150 110 46 Earl
816 2151 49 43 C.
894 2150 151 44 Wood
1073 2149 46 44 in
1148 2150 76 44 the
1254 2150 158 43 month
1440 2150 52 44 of
1519 2150 261 51 December,
1815 2149 145 46 1925.”

409 2207 206 44 CONTENTS.—Mark
663 2203 384 48 Twain.—Three
1093 2214 130 45 great
1269 2205 192 54 English
1509 2205 308 46 caricaturists
1885 2206 185 54 [Gillray,

81 2264 324 54 Rowlandson,
441 2266 85 42 and
564 2261 462 47 Cruikshank]—The
1063 2269 118 37 most
1217 2262 188 45 beloved
1442 2261 239 47 Victorian
1719 2264 157 43 writer
78 2265 1972 103 [Dickens]—Some

403 2320 238 44 Victorian
676 2320 185 52 literary
894 2320 374 44 treasures.—An
1304 2319 232 47 interlude.

79 2377 53 54 ©
158 2381 108 42 Dec.
291 2379 65 51 23,
386 2377 128 52 1925;
541 2378 62 43 2c.
633 2377 119 43 Mar.
778 2375 68 52 25,
876 2375 128 54 1926;
1030 2377 81 42 aff.
1138 2377 99 51 Jan.
1264 2376 78 52 26;
1372 2377 44 42 A
1444 2377 188 53 883801;
1663 2378 48 42 L.
1741 2379 73 43 W.
1843 2378 225 50 Watkins,

147 2434 266 53 Alhambra,
446 2433 132 44 Calif.
646 2431 242 55 (26-7929)

81 2532 211 72 Weisl,
330 2531 361 75 Wolfgang.

226 2620 1838 76 … Der kampf um das Heilige Land, Palästina von
79 2701 184 57 heute;
321 2700 116 59 mit
459 2701 76 54 44
557 2699 418 73 abbildungen
1000 2701 128 56 und
1155 2701 36 53 4
1214 2700 242 57 karten.
1536 2699 235 74 Berlin,
1796 2701 268 59 Ullstein

97 2780 186 72 [ c 1925]
153 2855 1115 55 312 p ., 1 l. incl. maps. plates, ports. 23 cm .
82 2911 53 54 ©
170 2914 101 43 Oct.
301 2911 69 53 27,
405 2911 129 53 1925;
598 2928 36 27 1c.
669 2911 104 45 Feb.
808 2912 40 52 2,
885 2911 129 53 1926;
1052 2911 300 53 A—Foreign
1386 2910 161 53 30147;
1585 2911 196 45 Ullstein
1816 2929 37 27 a.
1891 2928 41 37 g.

162 2966 241 57 (26-8280)

84 3050 229 74 Welsh,
353 3051 292 58 Clarence
681 3051 218 59 Loehr.

160 3141 286 73 Pageant
493 3142 66 57 of
607 3142 103 57 the
761 3141 530 73 Mediterranean,
1340 3168 37 37 a
1424 3141 291 73 pictorial
1767 3144 66 58 of
1883 3143 195 58 world

85 3220 220 71 travel,
346 3220 348 59 assembled
736 3221 122 57 and
901 3222 313 72 arranged
1256 3221 82 71 by
1382 3218 295 61 Clarence
1717 3221 68 57 L.
1829 3220 246 71 Welsh;

84 3299 132 56 text
248 3298 83 71 by
363 3297 186 58 Ethel
581 3297 209 60 Watts
826 3297 340 60 Mumford.
1251 3298 168 73 [New
1452 3297 191 74 York,
1677 3297 171 58 Priv.
1887 3297 174 73 print.

85 3375 83 72 by
193 3374 237 60 Adams
461 3376 121 56 and
612 3374 199 60 Grace
841 3393 320 55 company,
1190 3386 18 21 c
1212 3376 164 72 1925]

303 3487 7 8 [36].
371 3452 115 45 illus.
513 3452 125 54 (part
666 3452 108 53 col.)
815 3451 76 45 107
922 3467 56 39 pl.
1009 3468 60 29 on
1096 3451 53 46 54
1194 3488 9 8 l.
1262 3446 55 51 34
1322 3455 47 18 cm
1376 3488 9 9 .

156 3508 122 45 Title
306 3508 158 46 within
494 3508 278 45 ornamental
803 3508 190 55 border;
1028 3509 252 45 illustrated
1312 3507 329 55 lining-papers
1675 3508 45 45 in
1750 3509 162 44 colors.

87 3563 53 54 ©
175 3566 109 44 Dec.
318 3566 64 51 31,
423 3565 127 52 1925;
617 3582 36 28 1c.
687 3567 87 43 and
807 3568 78 42 aff.
922 3566 98 52 Jan.
1054 3567 40 51 2,
1134 3567 129 52 1926;
1330 3583 36 27 1c.
1402 3566 106 44 Feb.
1546 3567 48 53 3;
1633 3567 43 42 A
1708 3566 190 52 879490;
1939 3565 48 44 C.
2025 3566 50 47 L.

158 3622 171 51 Welsh,
373 3622 117 44 New
531 3622 140 43 York.
741 3621 243 55 (26-3498)

90 3705 280 74 Whalen,
410 3706 282 60 William
724 3705 280 61 Wilfrid.

172 3797 128 56 The
336 3798 226 73 golden
596 3816 242 54 squaw;
876 3799 186 75 being
1096 3801 104 56 the
1238 3803 176 68 story
1450 3801 68 58 of
1556 3800 184 73 Mary
1778 3800 302 72 Jemison,

92 3873 105 60 the
228 3874 169 61 Irish
430 3874 123 76 girl
586 3876 199 58 stolen
816 3876 85 74 by
930 3877 105 59 the
1066 3877 261 58 Indians
1362 3877 165 60 from
1562 3878 341 59 Buchanan
1936 3876 145 60 Val-
