2542 4285
1363 3974 109 56 556

409 345 168 68 Keir,
621 345 234 58 Robert
896 344 305 69 Malcolm,
1248 348 187 57 1887-

411 436 1958 151 … The epic of industry, by Malcolm Keir. New Haven, Yale university press; [etc., etc.] 1926.
483 589 1912 55 3 p. l., 329 p. col. front., illus. (incl. ports., maps, facsims.) diagrs. 26 cm .
422 647 123 51 (The
570 656 192 43 pageant
791 649 51 42 of
868 646 227 46 America,
1158 645 101 49 [vol.
1314 649 40 50 v])

485 703 211 52 “Liberty
725 703 324 46 bell‘edition.”

486 760 121 43 “The
647 760 161 51 liberty
846 759 87 44 bell
972 759 167 45 edition
1179 761 52 43 of
1269 759 112 45 ‘The
1415 767 194 45 pageant
1646 761 51 43 of
1733 759 240 52 America’,
2012 762 72 44 the
2122 762 99 44 first
2259 771 46 35 to
2343 765 54 42 be

415 816 191 52 printed,
647 817 36 42 is
720 816 172 45 limited
929 822 46 39 to
1018 815 119 51 1,500
1175 816 291 51 impressions
1503 832 58 30 on
1596 832 137 36 paper
1772 817 234 52 expressly
2043 820 127 42 made
2212 820 72 42 for
2323 819 75 45 the

415 873 168 43 work.”
642 871 111 46 This
780 887 115 36 copy
919 882 79 35 not
1024 874 258 43 numbered.

411 925 52 53 ©
495 927 112 51 May
636 925 37 52 7,
708 926 105 43 1926
828 941 8 37 ;
866 927 64 42 2c.
961 927 87 42 and
1078 927 79 42 aff.
1190 927 111 51 May
1334 926 73 51 11;
1442 926 43 42 A
1516 926 187 53 891384;
1737 927 115 42 Yale
1883 925 118 45 univ.
2033 942 137 38 press.

490 981 267 54 (26-10707)

413 1065 288 72 Kellems,
743 1065 176 58 Jesse
957 1064 349 74 Randolph,
1346 1068 189 56 1892-

491 1155 250 58 Studies
781 1154 64 57 in
884 1155 103 57 the
1026 1156 393 71 forgiveness
1462 1154 66 58 of
1567 1155 159 71 sins;
1767 1156 186 72 being
1989 1156 104 58 the
2133 1159 265 56 lectures

413 1233 313 58 delivered
768 1233 65 56 in
876 1233 220 57 March
1138 1233 123 57 and
1304 1232 202 71 April,
1549 1234 163 71 1925,
1756 1234 216 57 before
2015 1235 103 57 the
2160 1235 240 72 faculty

413 1309 1988 153 and students of the College of the Bible, Drake university, by Jesse R. Kellems … with introduction by Jesse
413 1467 291 59 Caldwell…
856 1466 150 56 New
1036 1466 189 70 York,
1258 1465 240 73 George
1532 1465 312 58 H.Doran
1875 1485 335 54 company[
2214 1476 16 21 c
2236 1469 162 72 1926]

483 1543 784 53 xxiii p., 1 l. , 27-224 p. 19½c m .
410 1600 56 54 ©
492 1603 109 51 May
630 1602 60 49 14,
722 1601 128 52 1926;
876 1601 64 42 2c.
969 1601 111 51 May
1110 1600 72 52 18,
1210 1600 81 43 aff.
1320 1601 111 51 May
1461 1600 73 52 19;
1564 1600 43 42 A
1635 1600 187 52 890822;
1854 1599 181 54 George;
2058 1601 62 44 H.
2149 1601 157 43 Doran
2334 1616 64 29 co.

492 1656 268 54 (26-10872)

415 1741 177 68 Kerr,
637 1739 167 57 Alva
845 1738 254 57 Martin.

485 1816 310 73 Thinking
834 1817 301 71 through;
1178 1816 165 57 facts
1386 1817 123 57 and
1546 1816 339 71 principles
1928 1820 62 54 to
2032 1816 229 73 clarify
2299 1818 103 57 the

414 1895 451 58 controversial
916 1894 287 72 thinking
1253 1893 64 57 in
1368 1894 103 57 the
1524 1894 242 71 church,
1820 1896 81 69 by
1951 1895 164 56 Alva
2167 1895 234 57 Martin

417 1970 1985 76 Kerr … New York, George H. Doran company [ c 1926]
487 2051 73 44 125
596 2067 39 37 p.
699 2052 145 42 19½cm.

416 2107 52 54 ©
496 2110 109 51 May
635 2108 61 51 14,
725 2107 128 52 1926;
881 2108 63 42 2c.
973 2107 111 51 May
1113 2106 73 52 18;
1215 2106 79 43 aff.
1323 2107 111 51 May
1464 2106 73 52 19;
1566 2106 43 42 A
1635 2106 188 52 890834;
1853 2105 179 54 George
2060 2107 63 44 H.
2152 2107 157 43 Doran
2336 2122 65 29 co.

494 2163 268 56 (26-10869)

416 2247 186 72 King,
640 2247 221 58 Rufus.

491 2324 1845 73 Whelp of the winds; a dog story, by Rufus King …
416 2403 149 57 New
594 2403 188 70 York,
815 2402 240 73 George
1086 2402 78 56 H.
1198 2402 216 57 Doran
1444 2420 302 53 company
1779 2403 202 72 [c1926]

484 2480 78 43 309
599 2495 38 38 p.
702 2479 145 44 19½cm.

417 2534 52 54 ©
498 2537 109 51 May
636 2536 62 47 14,
728 2535 128 51 1926;
882 2535 66 43 2c.
975 2535 111 52 May
1116 2534 73 52 18;
1216 2534 78 43 aff.
1322 2534 112 52 May
1465 2534 73 52 19;
1568 2534 43 42 A
1639 2534 186 52 890833;
1858 2533 176 54 George
2061 2534 62 43 H.
2151 2535 159 43 Doran
2338 2549 64 28 co.

495 2591 128 55 (26-1
631 2592 132 52 0801)

419 2674 257 73 Kramp,
712 2674 253 72 Joseph.

417 2749 1992 152 Eucharistia; essays on eucharistie liturgy and devotion, by Joseph Kramp, S . J., translated from the 2d and 3d
420 2909 268 58 German
735 2908 266 58 editions
1059 2907 358 72 (Freiburg,
1463 2906 263 72 Herder,
1776 2907 176 70 1926)
2004 2907 83 69 by
2129 2905 279 58 William

417 2982 1990 73 Busch … with a foreword by His Grace the Archbishop
420 3066 66 57 of
533 3065 87 58 St.
669 3065 175 56 Paul.
950 3064 180 57 Saint
1175 3064 174 70 Paul,
1398 3062 213 70 Minn.,
1659 3062 129 57 The
1836 3062 72 56 E.
1956 3061 82 59 M.
2086 3059 323 59 Lohmann

418 3161 317 53 company,
777 3143 164 55 1926.

491 3218 1041 54 3 p. l., ix-xiv p., 1 l. , 223, [2] p. 19½ cm .
417 3276 55 53 ©
501 3278 110 51 May
644 3278 35 46 1,
710 3276 106 43 1926
830 3291 9 37 ;
870 3278 63 41 2c.
964 3277 112 51 May
1104 3276 49 51 8;
1186 3276 78 42 aff.
1297 3275 110 52 May
1438 3274 49 52 7;
1518 3274 43 42 A
1590 3273 187 53 890669;
1810 3272 53 47 E.
1894 3274 66 42 M.
1992 3272 235 44 Lohmann
2256 3288 64 28 co.

499 3332 268 55 (26-10874)

420 3417 277 68 Lawson,
744 3417 212 57 James
1001 3414 279 58 Francis.

499 3495 127 57 The
669 3496 254 71 general
962 3494 255 56 welfare
1261 3493 224 69 clause,
1530 3512 36 38 a
1610 3492 186 71 study
1838 3492 67 57 of
1946 3492 104 56 the
2092 3509 208 53 power
2344 3490 66 58 of

425 3571 309 71 Congress
777 3573 201 56 under
1019 3573 103 56 the
1170 3569 425 60 Constitution
1640 3569 67 58 of
1752 3570 104 57 the
1898 3568 236 61 United
2180 3567 227 59 States.

420 3644 1966 156 By James Francis Lawson … Washington, D. C., Printed by the author, 1926.
492 3806 547 50 3 p. l., 388 p. 22½c m .
424 3861 52 53 ©
505 3862 110 52 Apr.
649 3862 61 49 14,
746 3861 128 51 1926;
905 3862 65 42 2c.
1000 3862 85 42 and
1114 3861 79 43 aff.
1221 3860 113 51 Apr.
1363 3859 78 52 22;
1476 3859 43 42 A
1550 3858 186 52 891113;
1771 3859 39 51 J.
1843 3856 50 46 F.
1925 3857 204 51 Lawson,
493 3855 1891 106 Washington.
650 3917 269 55 (26-10788)
