2542 4285
1062 3980 111 56 319

111 443 382 71 application
536 443 231 70 passed
811 443 82 71 by
939 442 102 57 the
1091 442 255 71 regular
1393 442 240 57 session
1680 443 66 56 of
1796 444 102 56 the
1951 446 143 55 39th

110 520 409 72 Legislature,
553 519 150 56 with
733 519 328 56 historical
1090 521 177 54 notes
1303 520 123 56 and
1456 521 177 55 notes
1668 520 66 55 of
1767 520 324 57 decisions.

109 594 1984 75 V. 4, 5 … Kansas City, Mo., Vernon law book company,
109 674 354 55 1925-1926.

174 761 28 42 2
230 776 41 28 V.
327 760 57 43 26
388 762 47 18 cm
441 795 9 8 .

457 842 98 31 CONTENTS.—v.
597 837 38 36 4.
680 828 141 45 Court
862 828 50 45 of
952 828 205 44 criminal
1199 829 178 52 appeals
1421 836 47 36 to
1514 829 500 53 Courts—county.—v.
2059 838 37 38 5.

110 885 418 52 Courts—practice
556 885 43 42 in
625 886 177 42 district
828 886 88 42 and
941 892 175 45 county,
1147 885 179 43 articles
1358 884 102 44 1971
1489 893 50 36 to
1562 884 122 45 2077.

108 955 40 29 v.
177 941 39 52 4,
240 939 56 54 ©
325 942 108 42 Dec.
468 942 60 50 14,
563 939 128 53 1925;
724 957 39 26 v.
796 939 36 54 5,
862 939 53 54 ©
946 942 98 51 Jan.
1080 941 63 52 14,
1177 941 130 52 1926;
1337 942 66 42 2c.
1436 942 110 42 each
1576 943 117 42 Mar.
1729 944 73 50 11;
1836 944 102 42 affs.
1975 945 118 42 Mar.

181 1011 74 51 10.;
290 1010 44 42 A
364 1008 179 54 883559,
572 1009 188 53 883560;
797 1010 188 43 Vernon
1014 1010 87 43 law
1133 1010 120 43 book
1284 1024 64 29 co.

110 1106 285 74 Tinayre,
427 1109 182 57 Mme.
644 1107 312 72 Marcelle,
992 1111 187 56 1877-

187 1197 290 59 Madame
519 1199 72 58 de
633 1199 433 71 Pompadour;
1108 1219 36 37 a
1186 1198 190 73 study
1413 1199 67 57 in
1519 1202 453 69 temperament
2013 1202 82 70 by

107 1275 292 58 Marcelle
441 1276 290 73 Tinayre,
770 1278 353 57 translated
1159 1276 171 58 from
1363 1276 105 58 the
1506 1276 247 58 French
1787 1278 84 71 by
1907 1277 188 59 Ethel

113 1350 271 61 Colburn
433 1352 245 72 Mayne.
766 1353 150 57 New
961 1352 191 74 York,
1201 1353 277 72 London,
1527 1352 69 60 G.
1644 1354 69 57 P.
1761 1354 333 59 Putnam’s

111 1449 163 55 sons,
300 1432 164 56 1926.

177 1520 82 45 220
281 1536 39 37 p.
380 1521 24 44 3
430 1528 102 45 port.
570 1521 128 52 (incl.
724 1521 163 48 front.)
954 1522 53 41 22½
1042 1523 47 18 cm
1094 1555 9 8 .
1218 1519 124 50 $3.50

109 1574 53 54 ©
192 1578 117 41 Mar.
346 1575 60 51 12,
441 1575 128 53 1926;
602 1577 63 42 2c.
698 1577 87 42 and
814 1577 79 42 aff.
927 1577 118 42 Mar.
1079 1577 77 51 30;
1191 1576 44 42 A
1267 1577 188 51 883814;
1492 1576 52 45 G.
1576 1578 52 43 P.
1659 1577 232 45 Putnam’s
1925 1592 116 30 sons.

186 1631 241 54 (26-7792)

111 1728 312 73 Tomkins,
459 1727 295 61 William.

186 1820 338 60 Universal
561 1820 226 60 Indian
826 1820 138 74 sign
1001 1819 309 75 language
1351 1823 68 57 of
1454 1823 104 55 the
1595 1819 205 74 plains
1839 1823 259 59 Indians

110 1902 68 57 of
199 1900 204 57 North
425 1898 308 72 America,
756 1900 287 72 together
1064 1897 152 59 with
1238 1919 36 38 a
1297 1897 353 73 dictionary
1675 1901 67 57 of
1764 1919 336 54 synonyms

111 1975 292 75 covering
435 1977 102 58 the
568 1976 174 59 basic
770 1976 206 59 words
1014 1978 422 70 represented,
1471 1978 132 58 also
1638 2000 36 37 a
1709 1977 390 59 codification

112 2057 67 56 of
209 2052 436 76 pictographic
671 2057 175 56 word
880 2054 270 71 symbols
1186 2056 68 57 of
1289 2055 103 57 the
1482 2053 233 73 Ojibway
1749 2057 122 57 and
1909 2056 190 58 Sioux

111 2131 269 71 nations,
429 2133 83 71 by
562 2130 278 59 William
895 2129 312 59 Tomkins.
1293 2130 128 58 San
1473 2131 217 73 Diego,
1745 2130 205 71 Calif.,
2004 2134 94 57 W.

113 2208 293 60 Tomkins
443 2240 13 42 [
456 2218 21 21 c
481 2210 164 71 1926]

180 2287 53 45 77
263 2302 40 37 p.
363 2286 118 47 illus.
539 2285 52 46 25
600 2289 47 18 cm
652 2323 9 10 .

110 2340 53 54 ©
189 2343 117 41 Mar.
335 2342 67 50 29,
432 2341 127 51 1926;
586 2341 64 42 2c.
679 2341 87 42 and
792 2341 78 42 aff.
897 2340 111 52 Apr.
1036 2340 50 52 3;
1116 2340 44 42 A
1187 2339 190 53 883879;
1409 2340 74 44 W.
1512 2339 234 45 Tomkins.

188 2398 242 53 (26-7889)

110 2495 198 72 Tuite,
343 2495 208 74 Hugh.

191 2589 83 58 So
312 2588 149 71 they
495 2587 228 72 played
760 2586 424 74 bridge—and
1220 2588 155 71 how,
1412 2588 83 71 by
1531 2586 191 74 Hugh
1762 2585 214 74 Tuite;
113 2586 1967 138 introduction

521 2666 82 71 by
653 2665 243 72 Wynne
950 2665 347 71 Ferguson,
1350 2662 152 60 with
1551 2662 418 60 illustrations
2022 2668 82 70 by

110 2744 350 58 Beaumont
488 2741 220 74 Rigby.
793 2743 151 57 New
970 2742 190 73 York,
1192 2739 215 62 Simon
1435 2745 123 56 and
1590 2742 317 69 Schuster,
1938 2744 165 55 1926.

182 2819 787 54 3 p. l., 5-151 p. illus. 19½cm.
108 2873 57 54 ©
192 2877 117 42 Mar.
335 2874 68 52 25,
432 2875 127 50 1926;
586 2875 64 42 2c.
680 2876 117 41 Mar.
825 2875 77 51 30;
931 2874 79 43 aff.
1038 2875 118 42 Mar.
1180 2874 78 51 29;
1286 2874 43 41 A
1356 2873 160 44 890131;
1578 2872 155 47 Simon
1758 2874 87 43 and
1874 2872 228 53 Schuster,

181 2931 81 44 inc.
331 2930 242 55 (26-7771)

110 3028 248 72 Vivian,
395 3028 241 74 Evelyn
671 3026 257 60 Charles
962 3028 77 57 H.

112 3116 1969 152 The lady of the terraces, by E. Charles Vivian … London,
284 3197 260 57 Hodder
578 3198 122 56 and
739 3196 369 72 Stoughton,
1145 3194 241 59 limited
1424 3196 182 72 [1925]

180 3274 651 54 v p., 1 l., 9-319 p. 19 cm .
109 3327 1993 57 © 1c. Jan. 16, 1926; A ad int. 7651; pubd. Nov. 19, 1925; E. C. Vivian,
184 3388 198 44 London.
452 3386 241 55 (26-7843)

114 3484 168 72 Volz,
320 3484 293 60 Wilhelm
649 3484 286 58 Theodor
965 3484 252 73 August
1252 3483 337 72 Hermann,
1627 3485 188 57 1870-
1972 3485 90 58 ed.

188 3575 129 57 Der
353 3575 450 58 westdeutsche
842 3574 398 71 volksboden,
1283 3574 283 57 aufsätze
1607 3593 75 38 zu
1722 3575 117 56 den
1879 3574 229 72 fragen

112 3650 1926 75 des Westens hrsg. von geh. reg.-rat dr. Wilhelm Volz …
110 3731 285 70 Breslau,
433 3731 68 56 F.
540 3729 167 74 Hirt,
744 3731 164 55 1925.

180 3809 360 52 240 p. 21 ½ cm .
115 3862 1787 56 © May 19, 1925; 1c. Nov. 6; A —Foreign 30055; Ferdinand Hirt.
194 3920 241 55 (26-7918)
