2542 4285
1214 3951 112 55 200

335 414 1432 60 3 p. l., 56 p. diagr. 18 cm . (The Inglis lecture, 1925)
262 476 58 54 ©
351 477 107 45 Feb.
493 477 60 53 17,
589 477 129 51 1926;
750 477 64 42 2c.
844 475 105 45 Feb.
979 476 79 51 23;
1092 476 78 42 aff.
1203 474 105 44 Feb.
1338 475 79 51 24;
1452 474 43 42 A
1527 471 187 53 879645;
1749 471 216 44 Harvard
1997 470 247 54 university

335 548 139 38 press.
542 532 240 55 (26-5728)

268 631 256 73 Kramp,
559 630 252 73 Joseph.

346 722 127 56 The
504 720 314 72 liturgical
850 718 275 59 sacrifice
1158 719 67 56 of
1254 718 103 56 the
1387 735 134 38 new
1548 717 136 69 law,
1713 716 83 71 by
1825 714 104 58 the
1960 716 150 56 Rev.
270 716 1955 154 Joseph

449 792 1799 76 Kramp, S . J., authorized version by the Rev. Leo F.
268 869 1983 78 Miller, D. D. … St. Louis, Mo., and London, B. Herder
270 952 155 59 book
461 972 105 52 co.,
605 952 164 56 1926.

336 1046 47 37 X,
413 1031 83 43 226
525 1044 39 38 p.
627 1030 49 44 19
683 1031 46 18 cm
736 1063 10 10 .

270 1084 52 54 ©
353 1086 105 44 Feb.
490 1087 66 50 24,
591 1085 127 52 1926;
750 1085 65 43 2c.
846 1085 86 43 and
962 1085 77 42 aff.
1073 1083 106 44 Feb.
1209 1083 78 52 27;
1321 1083 43 42 A
1396 1078 189 56 883457;
1621 1082 49 43 B.
1705 1082 183 43 Herder
1919 1080 122 44 book
2071 1095 65 28 co.

348 1140 241 56 (26-5913)

270 1238 396 72 Kretzmann,
706 1237 159 58 Paul
900 1237 288 72 Edward,
1230 1239 187 56 1883-

346 1328 202 58 While
584 1329 51 59 it
668 1327 55 59 is
760 1329 152 70 day!
993 1327 60 56 A
1085 1328 251 55 manual
1371 1326 103 56 for
1513 1325 429 58 soul-winners
1977 1325 84 72 by
2095 1325 157 58 Paul

270 1402 1987 76 E. Kretzmann … St. Louis, Mo., Concordia publishing
268 1484 211 70 house,
510 1485 162 55 1926.

343 1559 456 54 142 p., 1 l. 16 cm .
272 1614 52 54 ©
351 1617 106 44 Feb.
487 1617 61 51 10,
578 1616 127 52 1926;
735 1616 64 43 2c.
825 1616 85 43 and
937 1616 77 42 aff.
1043 1614 105 45 Feb.
1174 1615 78 52 20;
1281 1615 43 42 A
1350 1614 190 53 879614;
1569 1615 212 44 Walther
1807 1615 172 52 league,
2009 1613 64 48 St.
2102 1613 150 45 Louis.

350 1671 240 54 (26-5912)

272 1769 184 72 Kuss,
490 1769 234 72 George
758 1768 59 59 J.

349 1857 329 74 Questions
710 1859 123 56 and
863 1876 274 39 answers
1168 1857 103 57 for
1300 1856 309 58 battalion
1639 1857 124 57 and
1793 1858 237 71 deputy
2060 1857 166 59 chief;

273 1956 38 37 a
337 1936 292 57 textbook
656 1934 103 58 for
790 1934 360 59 candidates
1180 1934 135 58 who
1347 1953 107 39 are
1486 1934 298 73 studying
1813 1935 103 58 for
271 1936 1964 135 examination
429 2013 104 58 for
558 2013 353 71 promotion
940 2017 62 53 to
1030 2011 189 58 ranks

1249 2012 68 58 of
1342 2011 307 59 battalion
1678 2011 165 59 chief
1872 2014 124 57 and
2024 2014 236 71 deputy

273 2089 1987 73 chief. By Geo. J. Kuss … and Fred. Shepperd … New
273 2168 187 75 York,
491 2169 126 56 The
647 2168 148 58 Fire
828 2167 291 73 engineer
1152 2195 13 44 [
1166 2175 19 22 c
1190 2168 163 72 1926]

339 2258 77 43 211
450 2272 39 38 p.
548 2257 113 44 illus.
689 2257 126 54 (incl.
849 2256 152 55 plans)
1071 2257 49 44 19½cm.

273 2312 53 54 ©
358 2315 97 52 Jan.
487 2314 66 51 20,
587 2314 105 44 1926;
744 2314 65 44 2c.
842 2315 118 42 Mar.
992 2315 49 51 3;
1075 2314 78 43 aff.
1187 2315 121 42 Mar.
1344 2315 46 52 1;
1424 2315 45 42 A
1501 2312 188 55 883509;
1725 2314 105 44 Fire
1865 2314 222 53 engineer.

352 2368 240 56 (26-5735)

350 2466 329 73 Questions
721 2468 122 57 and
884 2485 274 40 answers
1200 2467 103 57 for
1344 2467 345 58 lieutenant
1731 2469 124 57 and
1897 2469 284 71 captain;
2224 2487 37 39 a

273 2545 290 58 textbook
601 2545 102 57 for
743 2544 361 61 candidates
1144 2545 135 57 who
1320 2564 107 39 are
1469 2545 297 74 studying
1806 2546 105 58 for
273 2546 1965 134 examination

446 2623 102 57 for
587 2622 354 72 promotion
984 2626 63 54 to
1091 2622 189 58 ranks
1324 2622 69 58 of
1434 2623 345 59 lieutenant
1823 2625 124 57 and
1990 2623 269 73 captain.

273 2699 1989 74 By Geo. J. Kuss … and Fred. Shepperd … New York,
274 2778 127 57 The
435 2778 148 57 Fire
616 2778 291 72 engineer
945 2807 13 44 [
958 2786 20 21 c
982 2778 163 73 1925]

341 2869 82 45 288
453 2882 40 38 p.
553 2866 112 45 illus.
693 2867 125 52 (incl.
851 2866 152 55 plans)
1097 2868 25 44 19½c
1174 2870 29 18 m
1210 2903 8 8 .

275 2922 52 54 ©
359 2925 118 43 Nov.
506 2925 64 50 21,
607 2924 128 52 1925;
767 2925 64 42 2c.
865 2925 119 44 Mar.
1015 2925 39 52 3,
1089 2923 129 54 1926;
1251 2926 78 42 aff.
1363 2926 120 44 Mar.
1518 2926 47 52 1;
1600 2926 42 42 A
1673 2925 190 53 883510;
1898 2925 104 44 Fire
2035 2923 223 55 engineer.

353 2980 240 55 (26-5734)

275 3078 323 73 Lamprey,
636 3078 241 73 Louise,
916 3081 189 57 1869-

351 3167 177 74 Long
558 3187 115 54 ago
705 3167 64 58 in
801 3168 232 74 Egypt,
1064 3170 83 72 by
1176 3170 67 56 L.
1276 3169 347 73 Lamprey;
1655 3170 151 59 with
1836 3172 419 59 illustrations

275 3246 82 72 by
386 3246 324 72 Margaret
739 3246 324 59 Freeman.
1133 3246 259 75 Boston,
1424 3248 210 72 Little,
1663 3248 248 75 Brown,
1945 3249 124 59 and
275 3268 1957 129 company,
488 3324 164 57 1926.

344 3401 93 53 viii,
460 3400 80 44 267
565 3416 40 38 p.
664 3402 83 43 col.
775 3401 154 52 front.,
953 3402 118 46 illus.
1133 3404 49 44 19
1188 3405 47 18 cm
1241 3438 10 9 .

277 3454 52 54 ©
362 3457 118 42 Mar.
512 3457 39 51 2,
584 3456 128 51 1926;
746 3457 63 43 2c.
844 3458 86 42 and
963 3458 77 43 aff.
1077 3458 119 43 Mar.
1227 3458 50 52 8;
1314 3458 43 42 A
1391 3458 188 53 879768;
1616 3460 149 51 Little,
1804 3462 178 50 Brown,
2018 3460 86 43 and
347 3474 1891 91 company.
543 3510 239 56 (26-5755)

277 3607 83 57 Le
399 3608 229 73 Queux,
667 3609 294 59 William.

357 3700 127 56 The
524 3719 189 53 rogue
752 3701 68 56 of
855 3701 105 57 the
997 3702 133 58 Rue
1168 3703 253 71 Royale.

351 3776 80 51 (In
466 3778 329 41 Hutchinson’s
830 3780 254 52 magazine,
1120 3781 121 51 Feb.,
1277 3781 127 51 1926)

281 3829 1978 61 © 1c. Mar. 9, 1926; A ad int. 7837; pubd. Jan. 12; W. Le Queux, London.
