2542 4285
1272 4011 149 55 1306

423 473 54 45 87
510 487 41 36 p.
615 474 49 43 19½c
715 475 29 17 m
750 508 10 9 .

355 525 52 54 ©
440 527 100 43 Oct.
571 527 37 49 9,
643 526 128 52 1926;
804 526 61 43 2c.
900 526 86 43 and
1016 525 77 43 aff.
1129 526 100 43 Oct.
1260 524 77 52 27;
1371 524 44 42 A
1446 522 188 54 949750;
1667 522 208 54 Fleming
1907 523 63 43 H.
2001 520 160 45 Revell
2189 535 66 29 co.

431 583 268 54 (26-20264)

357 653 342 58 Methodist
739 654 337 72 Episcopal
1116 653 246 72 church,
1408 652 214 59 South.

431 746 127 60 The
595 745 313 61 doctrines
948 748 123 57 and
1106 744 326 73 discipline
1470 747 67 58 of
1570 746 103 58 the
1708 743 343 59 Methodist
352 739 1965 158 Episcopal

498 824 247 70 church,
790 823 216 73 South,
1050 824 178 71 1926;
1275 822 242 60 Gilbert
1561 824 68 57 T.
1675 823 204 71 Rowe,
1921 820 160 60 book
2124 818 219 72 editor,

354 901 211 60 Curtis
623 901 71 57 B.
752 901 223 73 Haley,
1035 899 320 59 assistant.
1438 897 340 73 Nashville,
1838 901 211 69 Tenn.,
2107 897 237 71 Dallas,

354 981 145 58 Tex.
537 983 144 69 [etc.]
716 975 372 76 Publishing
1120 979 192 57 house
1348 976 344 59 Methodist
1722 974 342 75 Episcopal
2098 975 246 70 church,

354 1058 214 72 South,
597 1058 232 59 Lamar
856 1056 47 57 &
929 1053 369 75 Whitmore,
1328 1058 238 70 agents,
1595 1055 165 60 1926.

422 1135 81 46 512
531 1150 40 36 p.
633 1136 52 44 16
690 1137 46 18 cm
743 1170 9 8 .

352 1188 56 54 ©
444 1188 119 55 Sept.
595 1190 40 51 3,
670 1187 129 52 1926;
833 1188 63 42 2c.
929 1187 87 43 and
1049 1187 79 43 aff.
1162 1187 119 43 Nov.
1314 1186 49 51 6;
1398 1186 44 42 A
1476 1184 187 54 950846;
1702 1186 166 43 Lamar
1902 1186 37 44 &
1974 1186 184 51 Barton,

421 1183 1903 108 Nashville.
607 1243 269 57 (26-20075)

356 1316 297 73 Mitchell,
689 1319 153 55 Mrs.
880 1315 173 74 Lucy
1095 1314 345 74 (Sprague)
1489 1317 188 58 1878-

428 1397 240 58 Horses
707 1415 140 39 now
885 1398 124 57 and
1045 1395 149 74 long
1232 1413 138 56 ago,
1409 1396 39 58 by
1529 1396 170 72 Lucy
1741 1394 287 73 Sprague
2068 1392 277 60 Mitchell

420 1472 1926 74 … with maps and drawings by the author and many
351 1552 448 75 photographs.
881 1551 153 58 New
1061 1551 190 72 York,
1284 1551 339 72 Harcourt,
1653 1548 198 60 Brace
1884 1550 125 59 and
2041 1567 304 55 company

354 1660 14 44 [
369 1639 20 22 c
391 1631 165 72 1926]

422 1711 23 43 3
477 1723 41 36 p.
580 1743 9 15 l.,
618 1705 185 52 v-xviii,
835 1709 79 43 343
945 1720 41 37 p.
1019 1705 98 46 incl.
1149 1705 131 51 illus.,
1308 1707 155 50 plates,
1496 1719 139 38 maps,
1696 1704 154 52 front.,

1879 1702 156 55 plates,
2066 1719 125 38 maps
2217 1705 129 52 (part

351 1765 189 49 double)
605 1764 124 43 21cm.

423 1822 133 49 Maps
584 1837 58 28 on
669 1818 341 51 lining-papers.

424 1877 173 45 “Notes
626 1878 87 44 and
744 1874 310 47 references”:
1085 1888 41 35 p.
1158 1875 204 45 339-343.

355 1929 52 54 ©
441 1932 99 43 Oct.
569 1930 67 52 28,
671 1930 128 50 1926;
830 1929 66 43 2c.
929 1928 87 43 and
1045 1928 79 43 aff.
1160 1928 118 42 Nov.
1310 1927 49 52 4;
1393 1927 44 42 A
1469 1924 188 54 950775;
1691 1928 246 50 Harcourt,
1975 1928 145 44 Brace
2148 1931 87 42 and
2264 1943 83 39 co.,

423 1988 80 43 inc.
573 1986 267 56 (26-20302)

359 2060 228 71 Moore,
630 2057 256 59 Charles
926 2058 273 71 Forrest,
1239 2060 189 56 1863-

431 2136 470 74 Comradeship,
939 2138 84 72 by
1057 2137 210 72 Judge
1307 2136 260 61 Charles
1606 2137 263 60 Forrest
1908 2137 235 73 Moore,
350 2138 1971 137 foreword
553 2218 85 72 by

666 2214 170 59 John
866 2214 97 62 W.
998 2211 214 61 Davis.
1296 2215 152 58 New
1475 2214 191 73 York,
1698 2214 95 60 W.
1829 2215 74 57 E.
1937 2215 237 74 Budge,
2209 2215 136 74 inc.,

352 2296 165 57 1926.

420 2377 26 42 4
471 2388 41 36 p.
569 2407 10 16 l.,
606 2375 66 47 48,
701 2371 54 49 [1]
784 2386 41 37 p.
884 2370 125 49 24cm.

354 2425 53 55 ©
434 2428 100 43 Oct.
557 2424 67 54 25,
652 2426 128 52 1926;
805 2426 63 43 2c.
894 2425 118 43 Nov.
1042 2424 74 53 10;
1142 2424 77 43 aff.
1247 2424 119 44 Nov.
1390 2425 49 50 9;
1466 2424 44 42 A
1537 2422 188 55 950874;

1753 2424 206 45 William
1985 2424 163 48 Edwin
2174 2426 173 54 Rudge,

423 2485 81 43 inc.
573 2482 269 56 (26-20360)

355 2555 300 72 Moulton,
698 2553 244 59 Harold
980 2554 215 69 Glenn,
1239 2556 189 57 1883-

426 2634 221 61 World
671 2653 131 39 war
827 2632 146 60 debt
1001 2633 406 72 settlements,
1434 2636 83 70 by
1544 2634 243 60 Harold
1814 2634 70 60 G.
1912 2633 284 61 Moulton
2224 2637 123 57 and

350 2710 1995 77 Leo Pasvolsky … New York, The Macmillan company,
351 2792 165 58 1926.

420 2869 83 46 xiii
541 2884 53 36 p.,
635 2873 18 42 1
726 2904 8 16 l.,
770 2870 94 64 448.
888 2881 40 38 p.
991 2868 168 51 diagrs.
1223 2867 49 46 19½
1308 2870 46 18 cm
1360 2903 8 8 .
1437 2867 294 53 (Half-title:
1771 2868 99 46 The
1908 2869 212 47 Institute

2155 2872 54 44 of
351 2887 1975 83 economics.
598 2924 353 51 Investigations
992 2924 47 45 in
1077 2924 322 45 international
1438 2925 233 44 economic
1711 2925 388 53 reconstruction)

354 2978 52 54 ©
445 2980 117 43 Nov.
599 2980 36 50 3,
677 2979 107 44 1926;
843 2979 64 43 2c.
946 2979 87 43 and
1068 2978 79 43 aff.
1188 2977 117 44 Nov.
1343 2978 49 51 4;
1432 2978 45 42 A
1512 2977 188 54 950794;
1741 2980 212 45 Institute
1992 2980 53 48 of
2079 2981 264 53 economics,

422 3037 316 53 Washington.
807 3035 269 56 (26-20081)

355 3107 299 59 National
704 3106 252 74 foreign
1006 3106 179 57 trade
1240 3106 386 58 convention.
1733 3112 167 68 13th,
1955 3111 389 71 Charleston,

431 3187 64 58 S.
531 3187 86 70 C.,
650 3187 166 57 1926.

498 3264 1851 75 … Official report of the thirteenth National foreign
354 3344 181 56 trade
567 3342 386 71 convention,
986 3342 145 57 held
1164 3346 68 53 at
1265 3341 390 73 Charleston,
1691 3343 61 58 S.
1790 3341 84 74 C.,
1908 3344 188 71 April
2129 3346 88 70 28,
2256 3346 88 71 29,

356 3421 88 71 30,
477 3421 176 70 1926;
684 3419 151 57 with
866 3439 38 37 a
933 3420 508 70 comprehensive
1471 3421 215 70 index;
1721 3442 35 36 a
1787 3421 309 57 verbatim
2130 3426 219 67 report

356 3497 66 57 of
459 3498 103 56 the
601 3498 429 71 proceedings,
1069 3499 104 56 the
1212 3498 402 72 discussions,
1654 3499 103 57 the
1801 3500 291 70 speeches
2135 3504 64 54 at
2240 3501 104 57 the

355 3594 199 53 group
584 3575 291 72 sessions,
905 3576 123 56 and
1053 3576 104 56 the
1184 3576 332 57 addresses
1546 3576 69 57 of
1637 3577 103 56 the
1769 3578 257 71 general
2053 3578 291 72 sessions,

354 3653 290 72 together
673 3653 151 57 with
856 3672 39 38 a
924 3653 107 57 list
1066 3653 66 56 of
1165 3654 104 56 the
1302 3654 316 72 delegates
1652 3658 274 69 present,
1962 3655 105 58 the
355 3656 1967 132 organizations

628 3732 124 56 and
781 3731 355 71 companies
1170 3733 423 71 represented,
1628 3733 123 57 and
1779 3734 104 56 the
1911 3734 337 70 personnel
2280 3734 66 58 of

355 3808 103 56 the
490 3808 383 58 convention.
946 3810 152 56 New
1126 3810 190 72 York,
1350 3810 224 57 Issued
1604 3811 83 71 by
1715 3810 104 58 the
1855 3814 335 70 secretary,

355 3814 1969 128 National
584 3885 249 73 foreign
865 3888 181 56 trade
1082 3888 368 56 convention
1482 3889 456 71 headquarters
1978 3891 163 69 [1926]
