2542 4285
0 0 0 0 235
185 355 219 71 Noyes,
440 352 241 59 Alfred.

262 443 265 73 English
562 442 651 71 misunderstandings
1254 442 67 56 of
1358 442 306 57 America.

256 535 80 50 (In
370 535 183 40 London
590 534 189 50 Sunday
816 533 161 50 times)

186 586 1867 54 © 1c. Mar. 5, 1926; A ad int. 7851; pubd. Jan. 10; A. Noyes, London.
188 741 342 58 Oklahoma
565 742 173 56 three
776 741 63 56 in
882 760 111 37 one
1035 740 253 72 service,
1331 759 40 37 a
1409 740 235 57 service
1681 740 200 57 which
259 742 1881 134 supplements

508 819 101 56 the
660 819 255 71 digests,
970 820 231 54 statute
1254 817 396 58 annotations
1703 819 123 56 and
1872 821 177 54 notes
2101 823 62 53 to

262 893 1882 151 Oklahoma decisions … Prepared by Daniel W. Crockett,
418 973 270 56 assisted
734 973 82 70 by
862 971 102 57 the
1014 971 354 72 publishers
1420 972 289 56 editorial
1760 971 168 57 staff.
2020 973 146 56 1925

260 1050 230 56 annual
519 1050 259 55 volume.
851 1048 450 72 Indianapolis,
1338 1050 126 55 The
1498 1049 482 57 Bobbs-Merrill
257 1068 1885 130 company
464 1128 179 72 [1926]

255 1216 17 41 1
304 1229 38 39 p.
401 1249 8 17 l.,
443 1212 102 45 1255
574 1229 39 38 p.
672 1214 54 43 26
732 1217 47 17 cm
784 1249 10 8 .

182 1283 53 53 ©
269 1285 99 52 Jan.
402 1285 63 51 23,
507 1284 127 51 1926;
672 1284 64 42 2c.
772 1284 87 42 and
894 1284 76 42 aff.
1009 1284 119 42 Mar.
1166 1282 48 52 5;
1254 1283 43 41 A
1332 1281 164 45 879747;
1562 1283 357 44 Bobbs-Merrill
1956 1301 65 28 co.

184 1396 292 73 Oldroyd,
514 1399 150 55 Mrs.
698 1395 175 57 Alice
912 1394 258 60 Wilson.

262 1491 128 56 The
436 1490 192 57 house
675 1490 67 57 of
790 1489 161 72 gold,
997 1490 84 70 by
1126 1487 175 58 Alice
1348 1488 244 59 Wilson
1641 1489 308 73 Oldroyd;
184 1491 1959 135 illustrated

426 1569 82 69 by
545 1566 231 59 Claude
812 1566 359 57 Budworth.
1253 1566 254 59 Kansas
1548 1564 158 75 City,
1746 1569 143 71 Mo.,
1927 1570 239 57 Burton

183 1643 360 73 publishing
573 1662 306 52 company
913 1672 13 42 [
929 1651 17 21 c
950 1644 164 69 1926]

254 1729 775 58 5 p. l ., 13-75 p. illus. 19½ cm .
255 1804 175 45 Poems.

180 1871 53 53 ©
260 1872 117 43 Mar.
408 1870 59 51 15,
499 1870 126 51 1926;
652 1870 63 42 2c.
743 1870 86 42 and
854 1870 78 42 aff.
962 1870 117 42 Mar.
1111 1867 72 54 17;
1213 1870 43 41 A
1284 1868 187 53 879882;
1505 1870 175 45 Burton
1705 1871 100 53 pub.
1832 1886 65 29 co.

259 1925 242 57 (26-6695)

182 2026 262 71 Osburn,
479 2025 155 58 Burl
664 2024 73 57 N.

257 2117 335 57 Measured
634 2115 313 72 drawings
989 2115 66 57 of
1097 2115 173 71 early
1312 2115 334 58 American
1689 2115 317 60 furniture
2054 2119 112 73 [by]

181 2192 1986 75 Burl N. Osburn … and Bernice B. Osburn. Milwaukee,
179 2272 174 72 Wis.,
388 2272 128 57 The
546 2271 201 56 Bruce
782 2270 361 72 publishing
1175 2288 304 54 company
1514 2300 13 44 [
1530 2278 18 23 c
1551 2272 163 73 1926]

247 2361 55 44 82
331 2375 41 38 p.
405 2360 99 43 incl.
538 2359 151 52 front.,
722 2358 131 53 illus.,
884 2359 167 52 diagrs.
1111 2358 55 45 30
1170 2362 15 17 cm
1223 2394 8 9 .

250 2429 349 54 Bibliography:
629 2443 41 38 p.
704 2429 61 44 18.

179 2500 53 53 ©
258 2499 104 45 Feb.
387 2500 67 50 24,
483 2498 127 53 1926;
636 2500 65 42 2c.
728 2500 86 43 and
839 2500 77 42 aff.
946 2500 118 42 Mar.
1095 2499 74 51 13;
1200 2500 43 41 A
1269 2499 187 52 883630;
1490 2500 147 43 Bruce
1662 2499 100 53 pub.
1790 2514 65 29 co.

257 2555 241 56 (26-6599)

180 2654 365 73 Overacker,
585 2652 240 59 Louise.

258 2744 1842 73 The presidential primary, by Louise Overacker …
179 2824 151 57 New
357 2824 187 73 York,
579 2823 127 57 The
739 2822 359 58 Macmillan
1130 2841 322 54 company,
1485 2824 164 57 1926.

249 2914 61 52 ix,
340 2914 80 43 308
454 2927 38 38 p.
525 2912 99 44 incl.
658 2912 144 43 forms
844 2912 126 53 (part
1002 2906 136 59 fold.)
1179 2912 157 44 tables.
1394 2912 56 45 20½cm.
1608 2912 193 54 [Parties
1833 2912 89 45 and
1950 2912 215 53 practical

179 2971 176 52 politics
389 2970 150 52 series,
569 2970 67 44 ed.
667 2969 57 53 by
757 2969 49 44 C.
839 2968 52 48 E.
924 2967 223 45 Merriam]

250 3040 347 52 Bibliography:
631 3053 39 39 p.
702 3037 205 46 277-294.

177 3109 53 53 ©
258 3112 117 41 Mar.
403 3111 38 50 9,
473 3110 127 52 1926;
627 3110 64 42 2c.
717 3110 87 42 and
831 3110 77 42 aff.
939 3110 117 42 Mar.
1087 3108 72 52 10;
1190 3110 43 41 A
1261 3107 190 54 879816;
1483 3109 263 44 Macmillan
1773 3124 65 29 co.

257 3165 241 56 (26-6444)

180 3264 328 74 Palgrave,
543 3263 259 58 Francis
840 3264 257 71 Turner,
1133 3265 357 70 1824-1897,
1528 3283 192 55 comp.

326 3357 1842 73 … Palgrave’s golden treasury, selected from the best
183 3455 185 54 songs
402 3437 123 57 and
552 3434 221 73 lyrical
802 3455 213 53 poems
1047 3434 65 59 in
1143 3436 105 58 the
1280 3434 267 74 English
1576 3434 308 75 language
1917 3439 122 55 and
182 3453 1963 133 arranged

447 3512 149 59 with
624 3517 195 66 notes,
852 3512 207 60 edited
1089 3512 151 59 with
1267 3515 196 70 notes,
1495 3511 319 73 questions
1849 3513 122 56 and
183 3515 1972 148 biographies,

493 3590 1672 73 by A. B. de Mille … Boston, New York [etc.]
182 3670 188 71 Allyn
404 3671 122 56 and
553 3669 211 57 Bacon
797 3698 12 43 [
810 3676 20 22 c
834 3669 164 71 1926]

249 3759 110 53 xvii,
394 3760 82 45 629
506 3774 40 37 p.
613 3761 156 49 front.,
803 3760 158 51 plates,
995 3767 142 44 ports.
1229 3759 24 45 17
1260 3761 46 18 cm
1313 3795 8 7 .
1395 3760 125 50 (The
1555 3759 216 53 academy
1806 3759 210 51 classics)

178 3826 53 53 ©
269 3827 104 44 Feb.
412 3827 37 51 5,
488 3827 127 51 1926;
653 3828 63 42 2c.
755 3828 117 42 Mar.
912 3828 74 50 10;
1025 3828 78 42 aff.
1143 3829 118 41 Mar.
1299 3829 49 49 8;
1390 3828 43 41 A
1469 3828 187 51 883594;
1698 3828 139 52 Allyn
1874 3829 87 42 and
2001 3829 164 41 Bacon.

252 3882 66 55 [©
351 3891 137 41 notes,
528 3884 226 51 questions
792 3884 86 42 and
914 3884 301 52 biographies]
1286 3882 243 56 (26-6541)
