2542 4285
0 0 0 0 754
422 447 68 58 of
542 448 102 57 the
699 444 414 73 Advertising
1166 446 137 57 club
1358 446 68 57 of
1477 445 152 56 New
1678 444 192 74 York,
1926 443 303 74 compiled
2288 445 119 57 and

419 523 251 59 written
720 525 83 70 by
851 522 279 58 William
1185 522 67 58 G.
1306 522 288 70 Lownds,
1647 522 276 56 Edward
1974 522 74 55 D.
2106 520 302 70 Chenery,

423 602 239 70 George
709 600 60 60 J.
816 598 347 59 Wiltshire.
1252 600 169 71 [New
1462 600 188 71 York]
1699 597 411 73 Advertising
2157 599 137 57 club
2343 598 67 58 of

420 679 151 57 New
598 677 191 71 York,
821 676 165 58 1926.

490 755 81 43 249
606 768 56 38 p.,
701 755 18 41 1
776 788 8 8 l.
853 753 157 51 front.,
1047 768 58 37 pl.
1170 753 151 46 20½cm.

422 809 53 53 ©
509 812 111 51 May
648 810 65 52 27,
749 810 128 51 1926;
912 810 64 42 2c.
1008 811 112 51 May
1149 811 76 50 29;
1262 810 78 43 aff.
1372 810 116 52 June
1517 811 48 50 3;
1602 810 42 42 A
1676 811 189 51 891983;
1899 809 295 53 Advertising
2226 810 100 43 club
2361 809 49 44 of

495 867 115 43 New
640 868 141 42 York.
851 866 269 54 (26-13281)

420 965 350 74 Lundberg,
808 963 254 75 Holger.

503 1058 126 56 The
658 1055 311 74 midnight
1000 1076 116 38 sun;
1178 1078 35 36 a
1245 1060 176 69 story
1450 1056 67 58 of
1605 1055 215 60 Russian
1852 1059 178 55 court
2056 1057 132 71 life,
2216 1057 193 59 based

424 1155 79 38 on
527 1135 102 58 the
654 1134 508 72 motion-picture
1190 1137 176 70 story
1390 1134 271 71 adapted
1684 1135 83 71 by
1791 1134 242 71 Holger
2055 1133 352 75 Lundberg,

422 1211 1988 231 with illustrations produced and filmed by Universal pictures corporation … New York, Jacobsen-Hodgkinson-corporation [1925]
496 1452 18 41 1
553 1465 38 37 p.
649 1482 22 17 l.,
711 1445 134 46 5-135
882 1462 40 37 p.
982 1447 157 53 plates.
1199 1446 53 43 20
1260 1449 47 17 cm
1313 1481 8 9 .
1390 1445 100 54 (On
1528 1459 156 31 cover:
1727 1445 201 54 Popular
1963 1446 125 53 plays
2126 1447 88 44 and
2251 1460 155 30 screen
423 1504 193 53 library)

425 1559 52 53 ©
509 1561 116 41 Mar.
656 1560 37 50 4,
728 1559 127 50 1926;
887 1558 64 43 2c.
982 1558 88 43 and
1099 1558 78 44 aff.
1211 1558 118 42 Mar.
1360 1557 49 52 6;
1442 1557 43 42 A
1516 1557 188 52 883611;
493 1557 1896 112 Jacobsen-Hodgkinson-corporation.
782 1615 269 54 (26-13382)

423 1716 347 73 Macaulay,
813 1716 179 57 Rose.

504 1806 209 59 Crewe
748 1806 185 57 train,
1021 1809 102 70 [pt.
1162 1807 48 71 2]
1247 1805 155 71 chap
1436 1807 37 53 4
1515 1804 260 73 (contd.)

496 1883 79 52 (In
608 1886 95 39 Eve
736 1884 264 51 magazine)

424 1937 1987 55 © 1c. Aug. 26, 1926; A ad int. 8477; pubd. June 30; R. Macaulay, London.
423 2019 286 74 Magnus,
749 2017 226 72 Julius,
1017 2019 188 58 1867-

496 2106 1850 74 Die rechtsanwalt, von justizrat dr. Julius Magnus …
421 2184 288 75 [Leipzig]
743 2183 348 59 Deutscher
1126 2184 465 72 anwaltverein,
1627 2186 165 57 1925.

493 2262 79 44 160
614 2276 42 39 p.
727 2263 50 43 21
788 2263 48 18 cm
841 2296 9 9 .
934 2261 102 54 (On
1084 2276 160 31 cover:
1294 2260 261 45 Deutscher
1602 2261 343 45 anwaltverein.
2021 2261 394 45 Druckschriften

419 2333 69 28 nr.
519 2317 48 53 5)

422 2372 1969 114 © Oct. 31, 1925; 1c. Mar. 24, 1926; A—Foreign 30682; Deutscher anwaltverein. (26-13283)
419 2516 232 69 Mallet,
695 2515 283 75 Thierry.

496 2606 184 58 Plain
717 2607 159 58 tales
918 2606 68 58 of
1024 2607 104 59 the
1170 2607 222 74 North,
1432 2607 83 72 by
1556 2606 272 74 Captain
1869 2607 270 72 Thierry
2178 2609 234 57 Mallet.

421 2685 149 57 New
604 2684 173 57 York
814 2683 48 58 &
895 2678 281 78 London,
1218 2685 67 58 G.
1326 2684 69 57 P.
1436 2685 330 61 Putnam’s
1811 2704 165 53 sons,
2016 2686 166 58 1926.

492 2760 77 44 136
597 2774 41 39 p.
695 2759 118 44 illus.
873 2765 149 42 22½cm.

423 2816 53 52 ©
513 2819 115 50 June
662 2816 68 53 25,
769 2818 128 50 1926;
937 2817 63 43 2c.
1038 2818 87 43 and
1159 2819 78 42 aff.
1275 2819 116 52 June
1425 2819 79 52 28;
1543 2820 43 42 A
1623 2820 189 52 891942;
1853 2820 208 43 Revillon
2100 2820 156 51 frères,
2297 2821 116 44 New

493 2875 141 43 York.
713 2875 268 53 (26-13219)

423 2958 350 73 Maryland.
853 2961 194 57 Court
1088 2961 66 72 of
1192 2963 274 70 appeals.

501 3050 1910 74 Reports of cases argued and adjudged … Herbert T.
427 3126 273 73 Tiffany,
741 3130 166 54 state
942 3131 303 67 reporter,
1325 3148 55 37 v.
1422 3131 128 70 148,
1591 3130 362 72 containing
1989 3150 173 39 cases
2204 3130 67 58 of
2309 3132 102 57 the

426 3205 1990 76 January and April terms, 1925 … Baltimore, King
424 3280 307 73 brothers,
776 3283 165 55 1926.

491 3358 94 50 xxi,
619 3356 79 45 780
727 3372 39 38 p.
826 3358 51 43 23
886 3361 48 17 cm
939 3392 8 9 .

425 3412 53 53 ©
506 3414 112 51 June
651 3412 61 54 15,
746 3415 128 52 1926;
904 3415 64 43 2c.
999 3414 106 54 July
1131 3416 78 51 26;
1241 3417 79 43 aff.
1351 3416 107 53 July
1490 3415 73 54 15;
1597 3417 43 43 A
1672 3417 187 53 901284;
1895 3419 200 43 Herbert
2127 3418 54 45 T.
2212 3418 201 55 Tiffany,

495 3470 72 44 for
605 3470 76 44 the
718 3478 116 37 state
871 3472 51 43 of
962 3471 257 54 Maryland,
1262 3472 261 46 Baltimore.

420 3555 203 73 Menu,
664 3556 229 59 Alfred
933 3558 69 57 E.

505 3647 201 58 Texas
736 3669 67 37 as
830 3647 52 58 it
907 3650 54 57 is
990 3650 210 73 today,
1225 3650 84 72 by
1332 3650 230 58 Alfred
1588 3651 72 58 E.
1692 3652 205 57 Menn.
1963 3652 252 74 Austin,
2245 3653 167 73 Tex.,

428 3724 336 60 Gammel’s
806 3726 160 58 book
1010 3731 186 71 store,
1241 3729 165 56 1925.

496 3805 82 43 239
615 3820 38 36 p.
714 3804 155 52 plates.
929 3807 24 41 2
957 3807 121 44 3½cm.

427 3856 52 53 ©
507 3859 113 51 June
646 3859 74 49 30,.
743 3859 127 50 1926;
900 3860 63 42 2c.
994 3861 85 42 and
1108 3861 78 43 aff.
1215 3861 107 53 July
1349 3863 48 52 6;
1428 3862 43 42 A
1502 3862 187 53 901058;
1722 3864 62 42 H.
1815 3864 49 43 P.
1896 3863 59 43 N.
1986 3863 220 53 Gammel,
2233 3862 180 53 Austin,

495 3914 113 45 Tex.
678 3915 268 55 (26-13328)
