2542 4285
1058 3953 112 57 465

162 329 1399 71 ‘Abd al-Bah ā ibn Bah ā Allāh, 1844-1921.
218 424 126 56 The
386 421 204 59 divine
632 428 99 53 art
773 425 68 56 of
876 420 212 74 living,
1131 421 303 72 compiled
1471 426 83 70 by
1593 424 185 72 Mary
1815 425 82 56 M.
1939 426 176 58 Rabb

138 497 1978 76 from the writings of ’Abdu’l-Bah á , foreword by Horace
138 576 254 72 Holley;
440 578 320 70 approved
805 578 82 69 by
932 575 361 74 Reviewing
1338 577 346 59 committee
1731 578 68 58 of
1843 578 103 58 the
138 578 1953 134 National

373 653 291 72 spiritual
701 654 326 71 assembly,
1070 654 166 56 1926.
1318 655 149 56 New
1505 654 188 71 York,
1734 654 382 59 Brentano’s

139 761 13 42 [
153 738 19 22 c
175 732 165 70 1926]

205 821 458 52 xii, 191 p. 19½ cm .
130 888 52 53 ©
217 890 110 51 Apr.
360 890 65 49 23,
464 889 104 43 1926;
624 889 63 42 2c.
721 890 86 41 and
841 889 78 43 aff.
954 890 110 51 Apr.
1098 889 54 43 29;
1213 890 43 41 A
1291 889 164 44 891207;
1520 889 276 52 Brentano’s,
1832 890 83 43 inc.

208 945 240 54 (26-9783)

131 1044 370 71 Alexander,
545 1043 271 72 Charles,
858 1045 188 57 1897-

208 1131 1903 75 Bobbie, a great collie, by Charles Alexander … New
132 1211 185 73 York,
346 1210 199 74 Dodd,
575 1211 185 58 Mead
787 1212 122 56 and
936 1230 320 54 company,
1287 1212 165 56 1926.

200 1299 960 55 3 p. l., 5-114 p. front., plates. 19½ cm .
123 1369 56 53 ©
212 1371 110 51 Apr.
351 1371 68 51 24,
454 1370 105 43 1926;
613 1370 64 43 2c.
710 1371 111 50 Apr.
855 1370 52 43 27;
968 1370 78 42 aff.
1080 1371 111 51 Apr.
1224 1370 54 43 30;
1336 1371 43 41 A
1413 1367 163 46 890565;
1640 1368 49 46 C.
1721 1369 275 53 Alexander,
196 1370 1894 109 Albany,
371 1427 79 43 Or.
519 1424 241 56 (26-9759)

128 1523 358 58 Automatic
525 1523 245 58 electric
809 1539 319 57 company,
1169 1522 292 73 Chicago.

205 1613 1902 73 The P-A-X … handbook for architects and engineers,
124 1692 359 72 containing
502 1692 208 56 useful
729 1692 413 56 information
1163 1710 80 39 on
1262 1692 104 57 the
1389 1690 226 57 P-A-X
1644 1690 275 73 (private
126 1697 1958 130 automatic

343 1768 340 74 exchange)
718 1770 103 56 for
848 1769 178 58 those
1051 1769 206 57 whose
1284 1768 171 59 work
1479 1769 278 58 involves
1783 1770 106 57 the
126 1769 1959 136 specification
427 1848 68 57 of

540 1847 246 72 private
838 1846 337 59 automatic
1223 1847 326 71 telephone
1601 1850 284 69 systems.
124 1846 1960 152 Chicago,
332 1926 360 56 Automatic
732 1925 263 73 electric,
1036 1927 115 56 inc.
1198 1955 13 43 [
1211 1933 20 21 c
1235 1927 163 70 1926]

198 2015 80 49 [87]
308 2031 42 38 p.
411 2016 129 52 illus.,
567 2016 165 53 diagrs.
791 2016 53 43 20½
881 2019 47 18 cm
932 2052 9 8 .

123 2084 54 54 ©
207 2087 116 42 Mar.
357 2087 32 50 1,
424 2085 127 52 1926;
582 2086 62 42 2c.
674 2086 87 42 and
789 2085 77 43 aff.
900 2086 118 42 Mar.
1049 2084 76 52 26;
1159 2084 43 43 A
1233 2084 186 52 883929;
1455 2084 260 44 Automatic
1746 2085 191 52 electric,
1971 2084 82 45 inc.

199 2141 241 55 (26-9600)

124 2241 286 68 Blanton,
446 2240 356 73 Wyndham
835 2239 267 73 Bolling,
1141 2241 188 56 1890-

203 2332 59 57 A
295 2334 252 55 manual
584 2332 70 56 of
688 2332 244 56 normal
970 2328 285 74 physical
1295 2329 191 73 signs,
1523 2332 83 70 by
1640 2330 356 73 Wyndham
2034 2334 72 56 B.

124 2406 1981 75 Blanton … St. Louis, The C. V. Mosby company, 1926.
193 2487 540 54 215 p. diagr. 20 ½cm .
195 2543 325 46 “References”
544 2552 44 35 at
610 2545 84 42 end
716 2543 53 44 of
791 2550 118 37 most
930 2543 51 45 of
1004 2542 74 45 the
1100 2541 221 54 chapters.

120 2599 52 53 ©
203 2602 110 50 Apr.
351 2597 60 53 15,
446 2599 127 52 1926;
603 2599 66 43 2c.
701 2599 110 51 Apr.
841 2598 78 51 26;
954 2598 78 42 aff.
1064 2598 112 51 Apr.
1212 2598 74 51 19;
1320 2597 43 43 A
1396 2597 188 53 890492;
1618 2596 49 46 C.
1698 2599 57 43 V.
1790 2599 166 52 Mosby
1987 2615 65 28 co.

198 2654 242 57 (26-9795)

123 2754 310 72 Blodgett,
470 2754 255 71 Harvey
755 2750 253 74 Alvaro,
1045 2753 188 56 1869-

198 2845 327 58 Financial
559 2843 491 71 independence;
1085 2842 138 56 how
1259 2844 63 55 to
1357 2840 226 72 win it,
1619 2842 83 72 by
1737 2842 261 74 Harvey
2034 2844 75 57 A.

120 2919 1965 154 Blodgett. New York, London, D . Appleton and company, 1926.
254 3076 505 53 xv, [1], 222 p. 19½ cm
192 3134 353 53 “Bibliography
570 3133 51 45 of
649 3131 159 46 thrift”:
867 3148 40 38 p.
938 3129 205 46 217-222.

119 3192 54 54 ©
201 3195 111 50 Apr.
343 3193 67 49 23,
445 3191 126 52 1926;
603 3191 63 42 2c.
698 3191 85 42 and
816 3190 77 42 aff.
925 3190 111 51 Apr.
1068 3189 79 51 28;
1180 3189 43 41 A
1257 3186 189 54 890518;
1482 3189 55 42 D.
1572 3188 228 53 Appleton
1830 3190 38 44 &
1899 3206 64 28 co.

197 3246 241 58 (26-9655)

123 3346 479 72 Brackenridge,
642 3345 192 72 Hugh
868 3344 232 71 Henry,
1139 3344 357 58 1748-1816.

269 3432 1842 75 … Modern chivalry, containing the adventures of
127 3516 270 74 Captain
430 3518 287 69 Farrago
754 3515 122 56 and
912 3515 250 71 Teague
1198 3511 318 73 O’Regan,
1549 3514 84 70 by
1665 3512 190 75 Hugh
1890 3514 220 73 Henry

124 3596 461 71 Brackenridge;
642 3593 150 57 with
818 3612 79 38 an
920 3587 424 62 introduction
1368 3592 83 69 by
1476 3589 235 60 Ernest
1733 3591 375 72 Brennecke,

123 3675 79 73 jr.
285 3675 150 56 New
461 3671 187 71 York,
678 3669 376 72 Greenberg,
1082 3668 166 55 1926.

192 3752 127 51 xviii,
352 3752 77 44 381
464 3764 40 36 p.
539 3746 102 46 incl.
677 3749 141 42 front.
877 3745 54 44 20
938 3747 47 17 cm
990 3778 9 9 .
1068 3744 124 52 (The
1227 3744 179 51 rogues’
1437 3744 265 52 bookshelf)

118 3806 54 54 ©
199 3809 117 41 Mar.
342 3806 65 49 20,
442 3803 103 45 1926;
599 3802 64 43 2c.
691 3802 110 51 Apr.
832 3800 23 43 7;
911 3800 78 42 aff.
1019 3800 110 52 Apr.
1158 3798 78 52 26;
1268 3799 43 41 A
1339 3798 189 52 891197;
1563 3798 274 55 Greenberg,
1865 3799 243 55 publisher,

189 3865 82 42 inc.
342 3860 58 48 [©
441 3858 315 50 introduction]
827 3855 241 53 (26-9639)
