2542 4285
1024 4062 148 56 1561

106 440 281 69 [Arnaud,
419 440 238 66 Robert]
697 440 171 52 1873-

233 512 1420 74 … Les colons, roman. Paris, A. Michel [1926]
170 600 458 51 314 p., 1 l. 19 cm .
171 670 229 41 Author’s
426 670 177 49 pseud.,
631 669 181 40 Robert
838 668 221 48 Randau,
1086 670 53 38 at
1164 668 123 41 head
1316 668 52 40 of
1394 667 122 41 title.

172 727 134 40 First
331 726 253 50 published
614 725 51 40 in
692 725 128 41 1907.

100 787 1711 61 © Oct. 1, 1926; 1c. Nov. 19: A—Foreign 32202; Albin Michel.
182 849 251 49 (27-1154)

100 962 163 60 Best,
291 959 191 54 Nolan
511 957 155 63 Rice,
700 957 169 52 1871-

173 1039 131 63 Yes,
336 1035 138 54 “It’s
504 1036 96 53 the
630 1035 147 52 law”
809 1034 113 53 and
954 1034 92 53 it’s
1080 1052 30 33 a
1144 1033 149 70 good
1325 1034 128 67 law,
1486 1033 76 69 by
1595 1034 188 53 Nolan
1818 1036 69 52 R.
1922 1038 163 61 Best;

104 1114 278 71 prepared
428 1112 95 53 for
563 1113 97 52 the
702 1110 483 55 Administrative
1231 1111 320 53 committee
1596 1109 63 56 of
1703 1113 98 52 the
1847 1113 243 55 Federal

102 1192 220 56 council
361 1191 65 53 of
464 1191 96 53 the
599 1189 273 53 churches
914 1187 65 54 of
1022 1187 198 55 Christ
1260 1187 63 54 in
1364 1188 282 53 America.
1725 1189 140 54 New
1909 1191 182 67 York,

101 1265 1070 75 George H. Doran company [ c 1926]
170 1350 56 41 91
251 1361 43 37 p.
354 1348 145 41 19½cm.

101 1414 54 55 ©
178 1421 112 39 Dec.
316 1419 38 48 6,
380 1418 115 41 1926;
547 1418 67 40 2c.
640 1418 113 40 Dec.
777 1417 55 39 16;
886 1415 82 42 aff.
994 1418 111 38 Dec.
1131 1417 55 38 14;
1239 1416 42 41 A
1304 1416 173 42 957683;
1535 1419 182 47 George
1742 1420 61 40 H.
1831 1422 168 39 Doran
2022 1432 69 30 co.

180 1474 252 50 (27-1221)

106 1586 119 53 The
253 1584 161 53 Book
442 1581 67 55 of
533 1581 264 68 comfort,
825 1581 153 54 from
1004 1582 98 52 the
1128 1582 228 54 world’s
1381 1589 148 47 most
1557 1584 351 73 comforting
170 1584 1897 152 writings.

388 1657 1568 75 Harrisburg, Pa., Handy book corporation [ c 1926]
171 1744 57 39 64
256 1754 44 37 p.
359 1740 116 43 19cm.

102 1807 54 56 ©
182 1813 103 41 Oct.
311 1813 40 47 1,
377 1810 115 42 1926;
546 1811 68 40 2c.
643 1812 118 38 Nov.
789 1809 55 40 15;
903 1810 82 41 aff.
1014 1811 119 40 Nov.
1161 1811 54 38 11;
1272 1810 43 41 A
1343 1811 174 41 957182;
1573 1813 178 49 Handy
1781 1815 124 42 book
173 1825 1901 90 corporation.
417 1865 251 52 (27-1293)

102 1964 218 63 Bryan,
350 1961 152 54 John
533 1961 199 62 Baird,
765 1962 170 52 1906-

173 2042 120 52 The
322 2045 176 48 secret
529 2056 175 50 room,
734 2038 113 53 and
878 2038 163 54 other
1071 2057 210 50 poems,
1309 2039 76 69 by
1417 2041 157 53 John
1608 2044 213 68 Bryan.
104 2042 1965 148 [Asheville,
280 2118 69 53 N.
377 2116 81 68 C.,
483 2117 120 52 The
628 2116 212 52 Inland
867 2133 175 52 press,
1092 2119 151 65 c1926]

172 2198 57 41 80
252 2210 44 37 p.
355 2198 116 40 18cm.

106 2264 54 54 ©
184 2270 112 39 Dec.
322 2268 69 47 21,
419 2266 116 42 1926;
588 2267 70 40 2c.
683 2268 96 39 and
806 2266 82 41 aff.
916 2268 113 40 Dec.
1054 2268 59 40 27;
1168 2268 43 39 A
1238 2267 175 43 958482;
1469 2271 43 40 J.
1540 2272 54 41 B.
1625 2274 179 50 Bryan,
1832 2277 248 43 Asheville

171 2325 59 40 N.
265 2324 50 41 C.
384 2322 252 51 (27-1144)

102 2417 193 64 Clark,
324 2418 154 53 John
507 2416 259 64 Brittan,
798 2420 169 51 1864-

172 2496 371 68 Guide-posts
576 2496 173 68 along
781 2496 97 52 the
911 2514 144 50 way,
1090 2502 247 50 extracts
1374 2499 151 54 from
1562 2521 249 37 sermons
1845 2506 76 70 by
1954 2509 137 54 Rev.

102 2570 1676 77 John Brittan Clark … [Washington, D. C.] 1926.
170 2655 1095 54 2 p. l., 9-94 p. front. (port.) pl. 16½cm.
101 2720 57 57 ©
179 2728 118 39 Nov.
321 2726 69 48 24,
413 2724 117 42 1926;
580 2724 68 41 2c.
675 2725 96 39 and
796 2724 82 41 aff.
904 2725 112 40 Dec.
1041 2727 29 37 4;
1123 2726 41 39 A
1187 2725 175 43 958250;
1419 2730 43 40 J.
1488 2731 53 41 B.
1570 2732 160 51 Clark,
1759 2738 336 51 Washington.

182 2780 252 51 (27-1158)

102 2877 296 60 Demeter,
433 2874 225 64 George
692 2874 408 54 Constantine.

173 2954 204 67 Ahepa
413 2952 257 67 manual;
712 2951 199 54 official
947 2952 172 69 guide
1154 2953 65 53 of
1252 2955 96 53 the
1386 2957 188 55 Order
1609 2960 64 54 of
1706 2963 223 72 Ahepa,
105 2982 1964 123 containing

367 3031 158 69 early
560 3031 225 67 history
819 3030 114 54 and
967 3032 430 55 miscellaneous
1433 3034 427 64 fundamentals
1898 3045 66 54 of
1999 3050 97 53 the

105 3104 1974 89 order … etc., etc., by George Demeter … adopted by the
105 3187 223 55 Fourth
377 3185 210 54 annual
636 3185 384 54 convocation.
1113 3189 253 68 [Boston,
1414 3191 221 57 Athens
1683 3198 267 67 printing
1996 3222 79 36 co.

102 3267 127 66 inc.,
279 3267 150 64 c1926]

177 3345 1212 55 3 p. l., ix-xv, [4], 22-210 p. illus.. pl. 15½cm.
101 3410 59 56 ©
180 3418 120 39 Nov.
322 3416 70 47 18,
416 3414 116 42 1926;
581 3414 70 41 2c.
674 3417 115 38 Dec.
811 3415 28 40 3;
893 3414 85 42 aff.
1002 3416 121 40 Nov.
1145 3416 59 40 19;
1255 3417 42 40 A
1321 3418 175 43 957408;
1550 3423 54 40 G.
1631 3425 240 53 Demeter,
1898 3433 199 45 Boston.

184 3471 251 50 (27-1044)

104 3565 286 63 Dietrich,
421 3563 182 55 Edith
634 3564 64 53 L.

174 3645 120 52 The
323 3644 159 52 chow
509 3641 157 55 chow;
727 3661 31 33 a
790 3642 276 68 complete
1094 3643 147 54 book
1271 3646 65 53 of
1364 3648 278 69 guidance
1674 3657 113 52 and
105 3653 1964 129 information

258 3719 311 72 regarding
598 3720 96 52 the
724 3720 159 52 chow
916 3720 159 53 chow
1106 3721 130 69 dog,
1268 3723 75 69 by
1376 3725 182 55 Edith
1590 3730 63 53 L.
1687 3733 261 59 Dietrich
1982 3744 111 53 and

104 3801 66 53 L.
198 3801 133 52 Mae
355 3798 230 54 Davies.
661 3795 270 70 Chicago,
961 3796 161 70 Judy
1150 3799 338 74 publishing
1516 3825 297 56 company,
1846 3818 151 54 1926.

175 3885 56 41 72
259 3895 44 37 p.
333 3883 111 40 incl.
473 3882 164 46 front.,
666 3880 131 41 illus.
855 3879 147 43 19½cm.

105 3946 57 56 ©
186 3953 117 39 Nov.
329 3950 69 47 24,
424 3948 115 43 1926;
593 3948 67 39 2c.
685 3948 118 39 Nov.
829 3946 56 42 30;
942 3947 82 41 aff.
1051 3950 112 39 Dec.
1190 3951 28 39 4;
1275 3952 40 39 A
1342 3952 174 43 958237;
1572 3958 129 43 Judy
1728 3966 95 45 pub
1865 3979 52 30 co

185 4005 252 52 (27-1105)
