2542 4285
1090 3959 108 56 707

232 434 79 50 (In
351 433 147 51 Royal
538 432 253 51 magazine,
833 433 127 50 July,
1004 431 126 51 1926)

156 498 1975 56 © 1c. Aug. 17, 1926; A ad int. 8439; pubd. June 21; A. A. Milne, London.
152 615 183 67 Motz,
379 611 278 61 William
696 612 325 58 Harrison.

232 703 346 74 Principles
614 706 67 58 of
715 702 478 74 refrigeration;
1231 725 36 37 a
1303 701 423 74 comprensive
1763 706 74 70 [!]
1874 704 260 59 treatise

157 803 78 39 on
259 783 431 58 fundamental
713 778 340 76 principles
1081 783 69 56 of
1174 779 326 74 operation
1529 783 68 56 of
1620 778 90 61 ice
1734 779 255 74 making
2014 784 121 57 and

158 860 449 72 refrigerating
642 858 375 72 machinery,
1056 857 356 74 properties
1451 859 123 56 and
1610 859 213 57 values
1862 859 69 58 of
156 859 1955 149 principal

367 935 203 60 media
622 938 153 56 used
826 935 65 58 in
941 934 259 57 modern
1252 932 452 75 refrigerating
1756 938 378 69 apparatus;

155 1011 439 61 transmission
629 1014 68 57 of
729 1013 163 70 heat,
928 1008 316 61 functions
1281 1014 123 56 and
1438 1011 214 56 values
1689 1014 67 55 of
1792 1009 345 75 insulating

154 1087 353 73 materials;
536 1086 418 62 construction
984 1088 124 58 and
1135 1086 324 71 operation
1489 1090 67 57 of
1579 1086 254 59 various
1859 1089 181 72 parts
2070 1088 66 58 of

157 1166 449 73 refrigerating
637 1168 347 69 apparatus
1021 1168 121 56 and
1176 1162 380 73 application
1590 1166 67 58 of
1688 1163 445 74 refrigeration

156 1239 1980 76 to its varied uses, by William H. Motz, M. E. Chicago,
155 1316 1167 77 Ill., Nickerson & Collins co. [ c 1926]
225 1410 61 50 xi,
313 1409 79 46 657
420 1424 39 36 p.
488 1411 98 43 incl.
615 1407 131 51 illus.,
773 1408 154 50 tables,
956 1409 161 43 forms,
1176 1406 168 52 diagrs.
1381 1408 125 51 (part
1539 1407 137 52 fold.)
1741 1408 53 44 23½
1830 1411 45 17 cm
1882 1444 8 8 .

227 1477 138 47 “This
392 1479 130 44 work
546 1479 80 44 has
653 1480 111 42 been
791 1479 110 44 used
927 1478 45 43 in
999 1475 183 52 chapter
1209 1479 120 43 form
1354 1479 58 49 by
1437 1478 75 45 the
1539 1476 216 45 National
1785 1478 273 45 association
2086 1478 52 45 of

155 1532 215 54 practical
405 1531 319 52 refrigerating
757 1530 234 52 engineers
1025 1529 75 44 for
1133 1529 117 44 their
1284 1530 216 44 National
1535 1531 166 44 lecture
1736 1531 197 44 course.”

153 1587 55 54 ©
237 1590 114 51 June
384 1588 62 51 17,
480 1587 103 43 1926;
637 1588 65 42 2c.
733 1588 85 42 and
849 1587 78 44 aff.
960 1588 115 51 June
1102 1588 77 50 21;
1212 1588 44 41 A
1286 1586 188 53 891876;
1511 1588 255 44 Nickerson
1798 1590 36 43 &
1868 1588 170 44 Collins
2070 1605 64 28 co.

259 1643 243 53 (26-12789)

150 1742 296 58 National
477 1740 335 59 industrial
846 1740 361 58 conference
1241 1740 214 59 board.

225 1833 285 72 Weights
563 1833 122 56 and
732 1850 323 40 measures
1101 1831 65 56 in
1220 1832 101 57 the
1372 1832 234 58 United
1658 1833 243 73 States;
149 1854 1964 114 arguments

382 1909 1753 74 for and against a change … New York, National
149 1987 337 58 industrial
518 1987 362 57 conference
911 1986 215 73 board,
1158 1986 116 57 inc.
1310 2016 13 44 [
1327 1994 18 22 c
1348 1988 164 72 1926]

217 2078 39 36 v,
291 2063 54 44 30
375 2078 38 38 p.
471 2062 53 44 23½
559 2065 46 18 cm
611 2097 9 9 .
689 2062 93 54 (Its
816 2061 177 54 Special
1025 2070 165 45 report,
1220 2077 71 30 no.
1323 2063 80 53 34)

219 2119 332 45 “Publications
581 2118 52 44 of
662 2119 76 44 the
769 2119 216 43 National
1016 2119 235 45 industrial
1281 2119 264 44 conference
1578 2120 191 44 board”:
1804 2135 38 38 p.
1874 2122 148 43 23-30.

155 2174 52 54 ©
236 2177 112 52 May
370 2177 67 50 21,
469 2175 127 52 1926;
624 2176 64 42 2c.
717 2176 85 42 and
830 2176 77 42 aff.
935 2177 116 51 June
1078 2174 48 53 5;
1157 2177 44 41 A
1229 2174 189 53 897030;
1450 2176 125 43 Natl,
1606 2177 235 43 industrial
1869 2178 266 43 conference

224 2234 154 49 board,
416 2233 80 43 inc.
566 2231 268 55 (26-12709)

149 2331 347 72 Newmark,
536 2330 241 70 Harris,
818 2332 357 58 1834-1916.

232 2422 182 73 Sixty
436 2442 185 52 years
646 2422 64 57 in
739 2422 314 58 Southern
1080 2421 367 75 California,
1476 2424 355 74 1853-1913,
153 2423 1954 151 containing

310 2501 104 57 the
467 2500 471 59 reminiscences
991 2501 68 57 of
1108 2498 231 60 Harris
1392 2501 347 74 Newmark,
1794 2504 207 57 edited
2051 2504 82 72 by

153 2578 1980 75 Maurice H. Newmark, Marco R. Newmark … 2d ed.,
153 2674 124 40 rev.
313 2657 123 56 and
468 2675 200 53 augm.
741 2654 175 59 With
949 2657 109 56 172
1091 2656 436 58 illustrations.
1601 2657 147 58 New
1783 2658 188 72 York,
2009 2660 129 56 The

150 2732 500 60 Knickerbocker
683 2752 198 54 press,
920 2735 165 56 1926.

220 2812 1528 55 xxxiii p., 1 l., 732 p. front., plates, facsims., ports. 23½ cm .
223 2870 129 44 With
381 2872 76 42 the
486 2870 323 44 collaboration
839 2869 50 45 of
918 2870 143 53 Perry
1089 2870 215 44 Worden,
1365 2870 59 50 cf.
1452 2886 39 36 p.
1521 2870 89 50 viii,
1641 2870 77 44 xii.

154 2923 52 54 ©
239 2927 114 51 June
385 2925 66 51 22,
488 2924 104 44 1926;
651 2925 63 43 2c.
749 2925 87 43 and
870 2925 77 43 aff.
983 2926 115 51 June
1129 2925 78 51 23;
1243 2926 44 41 A
1322 2925 189 52 891896;
1549 2927 203 43 Maurice
1790 2927 61 43 H.
1887 2927 249 43 Newmark

223 2983 84 42 and
345 2983 162 42 Marco
543 2982 51 42 R.
634 2981 260 51 Newmark,
932 2984 89 46 Los
1059 2982 213 52 Angeles.
1341 2980 270 57 (26-12771)

148 3080 306 68 Nohavec,
500 3079 193 58 Hazel
732 3079 338 59 Beckwith.

230 3170 1837 76 Normal music methods, by Hazel Beckwith Nohavec …
153 3250 273 70 Lincoln,
476 3249 268 74 Chicago
792 3249 144 74 [etc.]
986 3251 129 59 The
1159 3248 373 76 University
1573 3250 361 75 publishing
152 3272 1959 128 company,
365 3328 164 56 1926.

223 3404 92 51 viii,
345 3402 78 46 152
446 3418 40 37 p.
545 3403 117 46 illus.
699 3402 127 53 (incl
852 3404 170 52 music)
1087 3406 57 44 20
1148 3408 47 18 cm
1201 3441 9 9 .

226 3460 350 51 Bibliography:
607 3475 40 36 p.
679 3458 200 47 149-152.

150 3511 55 54 ©
236 3515 114 51 June
383 3513 37 52 5,
454 3514 128 52 1926;
612 3514 65 43 2c.
709 3516 114 51 June
858 3514 73 52 12;
966 3515 79 43 aff.
1075 3515 114 51 June
1225 3516 72 50 14;
1333 3515 43 42 A
1409 3514 190 53 891755;
1634 3515 266 54 University
1933 3518 99 51 pub.
2067 3533 64 28 co.

232 3569 268 55 (26-12780)

150 3667 172 60 Ohio.
403 3670 199 70 Laws,
643 3674 284 70 statutes,
972 3675 109 54 etc.

228 3760 129 57 The
396 3760 265 59 General
700 3762 145 56 code
887 3762 68 56 of
989 3763 102 56 the
1132 3764 161 55 state
1334 3762 69 57 of
1440 3763 174 72 Ohio,
1653 3764 362 73 containing
2053 3766 82 56 all

150 3836 148 56 laws
343 3837 67 56 of
450 3856 39 37 a
530 3839 251 69 general
823 3841 222 54 nature
1090 3840 122 56 and
1257 3841 314 69 appendix
1613 3844 62 54 to
1721 3843 103 55 the
1868 3841 267 59 General
