2542 4285
1266 4028 147 55 1490

350 402 308 67 Brockett,
707 402 241 57 Joshua
988 402 258 56 Arthur.

427 491 332 73 Zipporah,
795 493 103 57 the
933 493 169 57 maid
1136 493 67 56 of
1236 492 260 72 Midian,
1531 494 81 70 by
1647 492 243 60 Joshua
1927 492 73 57 A.
2039 493 295 57 Brockett

418 569 1921 73 … [Zion, Ill., Zion printing and publishing house, c 1926],
421 646 861 54 257, [3] p. front. (port.) 23½ cm .
424 704 146 44 Blank
594 719 137 38 pages
762 704 75 47 for
867 703 353 45 “Memoranda”
1257 705 80 51 ([3]
1370 712 46 36 at
1445 703 109 53 end)

349 760 52 53 ©
432 761 116 43 Nov.
577 762 65 51 22,
677 761 127 51 1926;
835 763 64 41 2c.
932 762 106 41 Dec.
1072 761 48 51 8;
1153 761 77 42 aff.
1263 760 106 44 Dec.
1406 761 73 52 18;
1514 762 42 41 A
1588 760 187 52 958415;
1808 762 39 51 J.
1879 761 55 43 A.
1969 760 228 51 Brockett,
418 760 1898 110 Chicago.
612 817 268 54 (26-24558)

352 903 238 71 Center,
635 901 197 58 Stella
870 902 286 71 Stewart,
1199 921 192 54 comp.

491 994 1850 74 … The worker and his work; readings in present-day
345 1072 329 60 literature
702 1072 369 75 presenting
1100 1092 167 40 some
1298 1074 68 59 of
1392 1075 104 57 the
1527 1072 308 60 activities
1865 1076 83 70 by
1974 1073 200 58 which
2198 1093 137 38 men

347 1154 123 57 and
509 1171 237 38 women
786 1152 103 57 the
930 1152 199 58 world
1170 1171 147 39 over
1358 1153 179 56 make
1580 1172 36 37 a
1656 1150 216 74 living,
1914 1151 304 72 compiled
2258 1152 78 71 by

348 1228 1993 74 Stella Stewart Center … 2d ed., rev. Philadelphia and
346 1306 1430 74 London, J. B. Lippincott company [ c 1926]
416 1384 1924 54 2 p. l., 3-350 p. front., plates, diagr. 20 cm . (Lippincott’ s school text
348 1446 151 48 series,
532 1447 64 43 ed.
625 1445 60 49 by
713 1445 75 43 W.
820 1443 50 44 F.
903 1440 209 52 Russell)

421 1499 111 42 Part
563 1497 50 44 of
646 1498 75 44 the
754 1495 141 54 plates
930 1495 318 52 accompanied
1283 1495 59 52 by
1376 1495 144 51 guard
1557 1494 145 44 sheets
1737 1493 111 46 with
1883 1494 268 54 descriptive
347 1497 1993 110 letter-press.

418 1613 353 51 Bibliography:
805 1628 41 36 p.
880 1613 205 46 340-344.

348 1666 52 52 ©
434 1668 117 51 Aug.
587 1667 38 50 6,
660 1667 130 50 1926;
828 1667 63 42 2c.
928 1668 86 41 and
1049 1666 77 42 aff.
1164 1666 107 41 Dec.
1312 1663 73 52 15;
1425 1665 43 41 A
1504 1665 187 51 957650;
1730 1667 38 49 J.
1809 1666 49 41 B.
1897 1666 257 52 Lippincott
2190 1682 64 28 co.

425 1721 268 56 (26-24295)

349 1807 190 73 Cline,
580 1808 179 56 Isaac
799 1808 275 69 Monroe,
1118 1809 188 56 1861-

427 1896 1844 76 Tropical cyclones, comprising an exhaustive study …
350 1975 1991 74 of … features observed and recorded in sixteen tropical
349 2053 1990 229 cyclones which have moved in on gulf and south Atlantic coasts during the twenty-five years, 1900 to 1924 inclusive … By Isaac. Monroe Cline … New York, The
350 2290 355 58 Macmillan
737 2308 321 52 company,
1094 2289 164 58 1926.

419 2368 77 51 xii,
532 2368 156 44 13-301
725 2385 38 37 p.
797 2367 98 44 incl.
927 2367 156 48 tables,
1112 2366 166 53 diagrs.
1340 2380 138 38 maps.
1538 2366 53 43 22½cm.

421 2425 352 53 Bibliography:
808 2439 39 38 p.
880 2422 218 53 235-237;
1132 2424 204 44 289-291.

347 2481 52 53 ©
437 2484 107 42 Dec.
585 2483 62 51 14,
686 2482 104 43 1926;
852 2483 63 41 2c.
954 2482 87 42 and
1077 2481 77 43 aff.
1193 2481 107 43 Dec.
1343 2478 73 54 15;
1457 2480 43 42 A
1537 2478 189 54 957670;
1769 2479 265 45 Macmillan
2070 2495 65 29 co.

423 2537 269 57 (26-24550)

346 2621 198 71 Diehl,
579 2622 174 72 Karl,
787 2624 89 57 ed.

422 2715 438 72 Ausgewählte
909 2715 345 57 lesestücke
1302 2734 136 36 zum
1488 2714 273 57 studium
1809 2716 110 56 der
1968 2711 373 74 politischen

382 2792 1957 72 ö konomie, hrsg. von Karl Diehl und Paul Mombert. 20.
345 2871 97 57 bd.
480 2869 295 58 Arbeiter
811 2871 128 56 und
971 2870 334 57 maschine.
1382 2871 373 71 Karlsruhe,
1795 2869 68 59 G.
1902 2870 235 73 Braun,
2176 2872 164 56 1926.

411 2947 93 51 viii,
531 2948 80 42 213
640 2962 39 37 p.
741 2947 50 43 19
799 2949 45 17 cm
851 2982 8 8 .

345 3001 1972 103 © Apr. 15, 1926; 1c. Oct. 3; A —Foreign 32377; G. Braun, vorm. G. Braunsche
552 3060 438 43 hofbuchdruckerei
1024 3076 39 27 u.
1097 3060 170 52 verlag,
1299 3076 40 36 g.
1372 3076 58 27 m.
1463 3062 39 42 b.
1538 3061 40 41 h.

346 3143 156 72 Fite,
545 3144 302 57 Emerson
888 3144 224 71 David,
1157 3148 188 56 1874-
1504 3148 90 57 ed.

424 3234 59 57 A
532 3235 159 57 book
741 3235 68 57 of
862 3236 101 57 old
1012 3255 200 52 maps,
1266 3235 383 74 delineating
1702 3237 337 57 American
2093 3237 248 73 history

349 3312 165 58 from
553 3313 102 58 the
698 3314 255 57 earliest
992 3316 154 69 days
1188 3315 178 56 down
1406 3318 63 53 to
1510 3315 102 62 the
1651 3316 161 56 close
1853 3317 67 59 of
1956 3316 104 56 the
348 3316 1967 147 revolutionary
630 3411 146 52 war,

814 3392 306 71 compiled
1153 3393 122 56 and
1311 3392 206 58 edited
1549 3394 82 69 by
1665 3392 309 59 Emerson
2009 3392 74 57 D,
2118 3392 142 58 Fite
2292 3392 49 59 &

347 3469 1993 73 Archibald Freeman … Cambridge, Harvard university
346 3566 200 52 press,
580 3549 163 55 1926.

416 3640 73 36 xv,
568 3642 25 34 [1],
626 3626 81 44 299
736 3639 38 38 p.
810 3624 98 45 incl.
944 3626 81 43 col.
1058 3626 152 51 front.,
1244 3640 128 38 maps
1399 3626 47 53 (1
1484 3624 185 55 double)
1735 3627 26 42 41½
1833 3642 32 26 x
1883 3625 53 45 30
1941 3627 47 18 cm
1995 3660 9 8 .

416 3681 122 45 Title
567 3683 210 53 vignette.

417 3738 308 54 Frontispiece
757 3740 317 52 accompanied
1106 3740 59 52 by
1199 3741 146 51 guard
1380 3739 123 44 sheet
1534 3739 110 45 with
1677 3738 268 54 descriptive
1979 3738 275 53 letterpress.

420 3795 216 45 Contains
668 3795 343 45 “References”.

345 3850 52 53 ©
427 3853 117 43 Nov.
574 3852 35 51 5,
644 3854 128 50 1926;
806 3854 63 42 2c.
902 3853 118 43 Nov.
1056 3854 72 50 13;
1162 3854 77 42 aff.
1274 3853 117 43 Nov.
1424 3854 76 51 30;
1534 3854 43 42 A
1610 3851 187 53 958171;
1833 3852 51 46 E.
1919 3855 54 40 D.
2008 3852 113 52 Fite,
414 3850 1902 110 Poughkeepsie,
647 3910 59 42 N.
748 3911 67 53 Y.,

855 3911 87 46 and
978 3910 251 44 Archibald
1268 3910 234 52 Freeman,
1540 3910 226 51 Andover,
1808 3911 142 43 Mass.
423 3965 267 53 (26-24272)
