2542 4285
0 0 0 0 1425
198 397 258 73 Aviron,
493 397 302 60 Joachim.

281 488 201 73 Songs
513 490 67 57 of
612 508 369 52 supremacy
1012 490 110 71 [by]
1159 490 286 57 Joachim
1476 489 256 58 Aviron.
1815 491 150 56 New
1995 490 189 73 York,

202 566 77 62 H.
372 566 145 72 Vinal,
548 567 146 56 1926.

270 654 331 56 95 p. 19½ cm .
196 723 54 54 ©
277 725 119 44 Nov.
422 728 39 47 6,
494 724 105 46 1926;
651 727 64 42 2c.
745 728 108 42 Dec.
881 727 50 50 4;
964 727 77 43 aff.
1072 728 118 43 Nov.
1219 727 78 52 30;
1328 727 45 42 A
1402 725 162 46 957471;
1625 726 179 45 Harold
1834 726 151 45 Vinal.

274 782 266 54 (26-22986)

196 879 301 72 Baldwin,
540 882 210 57 James
790 882 202 72 Mark,
1035 885 188 57 1861-

267 974 288 58 Between
597 978 119 56 two
757 994 182 52 wars,
984 976 370 71 1861-1921;
1396 976 185 73 being
1618 975 348 73 memories,

192 971 1963 157 opinions and letters received by James Mark Baldwin …
191 1128 252 74 Boston,
478 1130 210 73 Mass.,
725 1132 130 58 The
891 1129 327 62 Stratford
1254 1149 323 55 company,
1613 1133 164 56 1926.

257 1218 1504 56 2 v . fronts., plates, ports., facsims., double diagr. 21 cm .
259 1292 43 42 A
337 1290 125 50 large
494 1291 187 45 number
714 1291 51 45 of
798 1292 75 44 the
903 1305 160 37 papers
1098 1292 44 44 in
1179 1291 281 52 “Opinions”
1503 1291 126 53 (first
1658 1292 100 45 half
1789 1296 51 44 of
1871 1296 89 43 vol.
2041 1295 17 51 II)
188 1306 1966 93 appeared
391 1343 244 55 originally

670 1347 43 44 in
752 1347 190 51 French,
980 1348 86 44 and
1103 1348 114 45 have
1252 1350 110 43 been
1399 1349 215 47 collected
1649 1350 46 44 in
1733 1351 74 44 the
1844 1350 116 45 little
1995 1353 181 45 volume

190 1402 215 46 “Paroles
437 1405 54 42 de
522 1416 162 37 guerre
714 1402 106 44 d’un
849 1401 304 47 Américain”,
1215 1405 57 50 cf.
1307 1406 250 51 Prefatory
1585 1413 117 36 note.

189 1467 52 54 ©
275 1470 117 44 Nov.
425 1470 65 50 30,
527 1469 127 53 1926;
689 1471 63 43 2c.
786 1471 107 43 each
927 1471 86 44 and
1045 1472 78 44 aff.
1158 1473 107 42 Dec.
1300 1472 48 52 6;
1384 1473 43 42 A
1459 1469 188 57 957450;
1686 1473 233 47 Stratford
1952 1490 81 39 co.,
259 1473 1896 102 publishers.
500 1527 265 56 (26-23086)

189 1626 256 69 Barker,
484 1625 222 73 Virgil.

265 1717 213 57 Pieter
514 1718 271 72 Bruegel
818 1718 102 57 the
959 1719 198 70 elder;
1196 1739 35 37 a
1267 1719 189 72 study
1490 1721 67 58 of
1588 1720 97 59 his
1721 1721 342 77 paintings,
2099 1726 81 71 by

189 1794 207 74 Virgil
435 1796 258 57 Barker.
776 1796 151 57 New
966 1796 188 72 York,
1197 1798 129 56 The
1368 1796 155 60 Arts
1564 1799 361 75 publishing
190 1818 1962 131 corporation,
449 1874 163 57 1926.

257 1964 53 44 64
338 1979 38 39 p.
409 1964 99 44 incl.
540 1964 150 54 front.,
722 1964 115 44 illus.
896 1966 55 43 29
955 1967 47 18 cm
1009 1999 9 8 .

258 2035 101 44 “An
389 2036 241 44 annotated
657 2034 344 55 bibliography”:
1057 2053 38 39 p.
1127 2035 146 46 59-60.

179 2105 58 54 ©
262 2107 110 43 Dec.
396 2106 40 52 2,
462 2106 105 44 1926;
616 2106 64 44 2c.
704 2107 88 42 and
815 2107 78 42 aff.
919 2107 110 43 Dec.
1055 2108 26 43 8;
1132 2107 45 42 A
1202 2106 165 45 957535;
1419 2108 113 45 Arts
1558 2110 101 53 pub.
1685 2126 121 37 corp.

261 2163 266 54 (26-22972)

184 2263 318 73 Boylesve,
548 2262 184 72 René,
780 2266 355 57 1867-1926.

327 2353 1843 78 … Les deux romanciers. Paris, J. Ferenczi et fils
183 2436 201 72 [c1926]

249 2510 749 57 3 p. l., [5]-190 p., 2 l. 19 cm .
525 2567 147 46 CONTENTS.—Les
706 2569 121 42 deux
861 2567 461 55 romanciers.—“J’ai
1355 2570 115 45 écrit
1503 2587 84 30 une
1623 2573 138 52 petite
1794 2574 375 48 histoire.”—Les

179 2625 191 47 terrains
403 2625 260 46 vides.—Le
699 2626 182 44 confort
914 2626 617 53 moderne.-—L’usage.—La
1567 2630 100 45 bête
1702 2632 140 45 noire.

178 2681 54 54 ©
261 2684 99 43 Oct.
393 2682 60 52 15,
486 2683 127 51 1926;
648 2685 58 41 1c.
738 2684 117 43 Nov.
888 2684 73 52 19;
994 2683 102 44 A—
1098 2683 198 54 Foreign
1324 2686 157 51 32208;
1514 2689 39 51 J.
1583 2687 214 46 Ferenczi
1826 2692 38 43 &
1891 2691 84 46 fils.

256 2739 267 56 (26-22882)

179 2840 338 71 Buranelli,
556 2841 287 73 Prosper,
888 2842 90 58 ed.

259 2931 129 58 The
433 2949 170 41 cross
645 2932 172 56 word
862 2931 213 72 puzzle
1119 2932 174 57 book.
1379 2932 184 60 Sixth
1609 2937 210 58 series.
1903 2940 58 55 A
2005 2942 164 58 sixth

181 3010 339 72 anthology
560 3008 67 60 of
668 3009 148 72 fifty
857 3029 136 38 new
1036 3028 174 39 cross
1255 3011 176 58 word
1474 3013 264 74 puzzles,
1786 3017 265 60 selected
2099 3040 71 39 as

181 3088 102 59 the
326 3088 137 58 best
510 3087 66 59 of
620 3088 104 58 the
769 3087 343 59 thousands
1161 3088 338 58 submitted
1545 3094 63 54 to
1653 3092 104 59 the
1807 3094 148 58 New
1999 3097 170 58 York

177 3165 238 73 World,
449 3165 328 74 published
809 3165 148 58 here
993 3164 375 74 exclusively
1400 3167 104 59 for
1537 3168 103 59 the
1671 3168 140 60 first
1842 3172 168 74 time,
2047 3176 124 58 and

180 3243 204 59 edited
412 3245 83 71 by
521 3243 275 72 Prosper
820 3242 342 72 Buranelli,
1188 3243 71 58 P.
1290 3243 286 74 Gregory
1599 3246 373 78 Hartswick,
178 3249 1968 151 Margaret
388 3320 453 74 Petherbriclge;
906 3321 151 58 with
1089 3322 103 57 the
1230 3321 346 60 additional
1608 3343 133 38 new
1775 3326 231 73 special

176 3326 1968 137 feature
370 3401 66 57 of
490 3399 411 73 diagramless
958 3399 263 72 puzzles.
1324 3399 149 57 New
1527 3399 189 74 York,
1773 3404 213 59 Simon
2045 3411 123 57 and

178 3479 317 68 Schuster,
524 3480 137 63 inc.,
694 3478 165 57 1926.

244 3551 1058 60 4 p. l., 130 p. illus., diagrs. 19½ x 16 cm .
172 3612 54 54 ©
255 3614 117 43 Nov.
401 3614 65 46 24,
498 3612 128 52 1926;
655 3612 63 43 2c.
749 3612 117 43 Nov.
893 3612 78 51 29;
1003 3611 78 44 aff.
1112 3612 108 42 Dec.
1250 3611 50 51 2;
1331 3612 44 41 A
1406 3611 189 54 958197;
1630 3613 154 46 Simon
1815 3619 85 42 and
1932 3616 230 58 Schuster,

242 3671 81 44 inc.
395 3667 267 58 (26-22978)

261 3770 193 71 Calland,
488 3767 257 60 Annice.

244 3863 276 71 Voodoo,
573 3864 83 70 by
709 3860 237 58 Annice
1007 3857 278 63 Calland.
1368 3858 152 59 New
1572 3862 189 73 York,
1817 3866 78 58 H.
1953 3869 205 63 Vinal.

168 3943 164 57 1926.
