2542 4285
1401 3954 111 55 290

444 322 224 71 Bacon,
712 322 255 58 Charles
1007 324 303 71 Baldwin,
1351 328 190 56 1868-

525 413 127 57 The
685 415 167 56 rules
888 415 69 57 of
987 415 233 71 spoken
1252 414 267 73 English
1552 436 70 37 as
1652 417 149 72 they
1833 416 189 58 differ
2053 418 170 57 from
2254 420 176 56 those

447 490 1985 77 of written English, by C. Baldwin Bacon … New York,
448 568 333 72 Schwartz,
809 568 249 58 Kirwin
1082 569 48 57 &
1154 569 205 59 Fauss
1391 600 12 42 [
1405 577 20 23 c
1429 570 163 73 1926]

514 646 507 53 3 p. l., 80 p. 19½ cm .
446 700 52 53 ©
535 702 116 42 Mar.
689 702 61 50 12,
789 702 105 42 1926
909 717 9 37 ;
954 703 64 42 2c.
1055 703 86 43 and
1176 703 77 43 aff.
1291 703 118 42 Mar.
1449 703 73 52 13;
1561 703 44 42 A
1638 703 189 53 883639;
1866 703 49 45 C.
1952 705 50 42 B.
2040 706 166 52 Bacon,
2242 707 192 43 Detroit.

522 754 241 57 (26-7785)

447 854 312 73 Bakeless,
799 856 170 57 John
1006 854 241 74 Edwin,
1286 858 190 56 1894-

527 950 128 56 The
687 947 205 74 origin
926 951 67 57 of
1024 951 103 57 the
1158 952 151 55 next
1337 967 162 53 war;
1536 971 36 38 a
1607 950 187 73 study
1823 952 67 56 in
1921 953 104 56 the
2057 952 278 58 tensions
2372 953 67 56 of

448 1028 102 56 the
593 1027 259 57 modern
893 1027 216 70 world,
1149 1029 84 69 by
1273 1027 170 58 John
1484 1027 315 58 Bakeless.
1881 1029 153 56 New
2073 1029 190 71 York,
2309 1031 128 57 The

447 1102 233 74 Viking
705 1122 202 54 press,
937 1104 166 59 1926.

517 1181 856 66 3 p. l., 5-318. p. incl. maps. 21 cm .
518 1238 135 51 Maps
680 1254 62 28 on
766 1237 341 52 lining-papers.

519 1293 386 52 Bibliographical
937 1293 211 45 “notes”:
1175 1308 42 37 p.
1246 1293 205 47 299-308.

445 1346 54 53 ©
530 1349 118 42 Mar.
680 1349 66 50 20,
781 1349 106 42 1926
900 1363 9 37 ;
941 1348 65 43 2c.
1039 1349 118 42 Mar.
1188 1346 80 54 27;
1301 1348 78 43 aff.
1415 1349 117 41 Mar.
1565 1348 77 51 26;
1677 1348 44 42 A
1751 1347 189 53 890047;
1975 1345 173 57 Viking
2181 1364 140 38 press,
2355 1351 82 42 inc.

524 1403 242 55 (26-7598)

446 1487 262 72 Baynes,
744 1488 280 58 Norman
1056 1488 78 57 H.

525 1579 130 57 The
691 1579 349 71 Byzantine
1081 1579 256 72 empire,
1374 1581 83 70 by
1493 1579 282 59 Norman
1812 1580 79 57 H.
1930 1580 270 73 Baynes.

448 1582 1966 145 London,
611 1656 312 58 Williams
950 1657 47 56 &
1020 1657 300 72 Norgate,
1345 1658 109 56 ltd.
1485 1659 179 70 [1925]

516 1733 82 45 256
627 1749 42 38 p.
733 1733 50 44 17
790 1737 47 17 cm
843 1770 8 8 .
920 1734 189 52 (Added
1141 1742 118 45 t.-p.:
1298 1734 151 44 Home
1481 1735 247 53 university
1761 1735 171 53 library

443 1735 1972 110 of modern knowledge … New York, H. Holt and company)
523 1848 352 53 Bibliography:
900 1863 41 38 p.
966 1846 207 46 245-253.

448 1902 1650 55 © 1c. Feb. 17, 1926; A ad int. 7765; pubd. Feb. 11; Henry
2133 1905 118 44 Holt
2287 1906 38 43 &
2360 1921 81 38 co.,

517 1960 117 44 New
661 1960 142 43 York.
869 1958 243 56 (26-7689)

447 2042 193 59 Bible.
717 2045 76 56 N.
837 2046 67 55 T.
986 2045 407 72 Apocryphal
1477 2046 164 56 books.
1723 2043 284 73 English.

528 2138 128 57 The
687 2139 123 57 lost
837 2138 192 57 books
1063 2139 66 57 of
1158 2139 103 57 the
1294 2136 196 72 Bible,
1520 2136 187 74 being
1735 2138 83 58 all
1847 2138 103 58 the
1983 2138 271 72 gospels,
450 2138 1970 147 epistles,
627 2217 122 56 and
787 2216 178 57 other

999 2213 206 74 pieces
1242 2235 139 38 now
1419 2219 215 54 extant
1674 2213 349 61 attributed
2058 2216 67 56 in
2162 2217 103 57 the
2303 2216 143 59 first

451 2294 147 56 four
640 2294 310 57 centuries
996 2297 64 54 to
1105 2294 192 57 Jesus
1346 2293 231 70 Christ,
1622 2292 119 59 His
1787 2292 279 72 apostles
2112 2295 123 57 and
2280 2294 166 58 their

451 2370 418 71 companions,
902 2375 110 53 not
1043 2369 289 60 included
1365 2372 83 70 by
1478 2369 85 57 its
1596 2369 329 72 compilers
1958 2372 65 55 in
2055 2371 104 58 the
449 2370 1972 136 authorized
613 2449 151 56 New

794 2449 393 71 Testament;
1219 2449 140 71 and,
1389 2450 104 57 the
1521 2448 278 71 recently
1827 2445 364 62 discovered
2224 2448 223 72 Syriac

449 2546 145 39 mss.
624 2528 67 56 of
716 2526 204 58 Pilate
936 2529 45 53 ’s
1006 2526 220 58 letters
1252 2531 64 54 to
1343 2523 307 74 Tiberius,
1679 2530 110 53 etc.
1873 2525 378 59 Translated
2277 2527 168 57 from

450 2605 103 57 the
595 2601 271 74 original
903 2608 283 67 tongues,
1226 2601 361 61 illustrated
1626 2604 167 56 from
1834 2603 246 59 ancient
2120 2603 325 72 paintings

451 2678 1995 75 and missals … New York, Alpha publishing company
454 2790 12 40 [
468 2767 19 21 c
491 2761 164 70 1926]

518 2832 1503 56 3 p. l., [iii]-x, [4], 17-288 p. front., 1 illus., plates. 23½ cm .
520 2892 208 45 William
761 2892 174 45 Hone’s
971 2890 236 46 collection
1252 2891 126 53 (first
1411 2891 239 52 published
1688 2891 118 51 1820,
1840 2892 143 43 under
2017 2889 124 46 title:
2177 2890 103 45 The

450 2905 1974 97 apocryphal
637 2951 116 44 New
779 2947 292 53 Testament)
1105 2947 112 45 with
1242 2950 77 43 the
1344 2948 205 46 addition
1578 2950 50 43 of
1655 2948 204 45 “Letters
1887 2950 53 42 of
1967 2948 161 44 Herod
2154 2949 87 44 and
2270 2947 176 45 Pilate”

458 3008 66 51 (p.
550 3006 219 51 269-281)

525 3064 69 43 “A
621 3063 74 45 list
722 3064 52 43 of
798 3060 59 47 all
886 3062 74 45 the
987 3060 275 53 apocryphal
1290 3062 148 51 pieces
1467 3071 78 36 not
1569 3076 107 30 now

1702 3068 170 45 extant,
1899 3061 254 45 mentioned
2179 3063 61 50 by
2265 3061 180 44 writers

452 3122 44 43 in
521 3121 73 44 the
620 3120 100 44 first
747 3121 108 42 four
879 3117 225 47 centuries
1130 3120 53 44 of
1211 3117 167 52 Christ,
1403 3117 110 46 with
1538 3119 75 45 the
1636 3119 173 45 several
1835 3119 153 44 works
2014 3117 197 45 wherein
2237 3118 108 51 they
2369 3132 79 31 are

450 3177 117 46 cited
599 3193 52 28 or
680 3177 192 44 noticed.
935 3176 94 63 [By.
1049 3176 76 44 the
1156 3177 111 42 Rev.
1297 3174 231 53 Jeremiah
1558 3174 210 53 Jones]”:
1802 3189 41 37 p.
1875 3173 206 46 282-285.

525 3234 69 43 “A
626 3232 75 46 list
732 3234 51 44 of
813 3233 92 44 the,
922 3230 231 48 Christian
1182 3232 187 43 authors
1402 3233 53 44 of
1487 3232 75 44 the
1593 3231 99 45 first
1724 3233 110 43 four
1863 3231 239 52 centuries,
2134 3231 152 45 whose

451 3230 1974 112 writings
580 3290 181 44 contain
790 3289 263 52 catalogues
1084 3289 50 44 of
1163 3288 77 46 the
1267 3289 147 45 books
1446 3289 53 45 of
1526 3289 75 44 the
1632 3290 118 42 New
1778 3288 276 45 Testament.
2116 3288 86 51 [By
2230 3288 75 44 the
2335 3288 110 42 Rev.

450 3347 227 52 Jeremiah
704 3346 211 52 Jones]”:
945 3360 40 36 p.
1012 3345 207 45 286-288.

449 3400 54 53 ©
543 3401 106 43 Feb.
696 3402 33 49 1,
775 3401 129 51 1926;
945 3401 64 41 2c.
1051 3398 107 44 Feb.
1196 3400 79 51 23;
1318 3399 78 42 aff.
1439 3399 118 42 Mar.
1604 3399 72 51 18;
1721 3399 44 42 A
1806 3397 189 53 879924;
2040 3398 154 52 Alpha
2233 3397 100 53 pub.
2377 3411 67 29 co.

522 3456 65 55 ©
618 3457 195 53 preface]
883 3454 243 56 (26-7778)

450 3541 141 71 Bill,
624 3540 205 58 Annie
862 3541 65 57 C.

527 3632 323 71 Messages
891 3630 67 56 of
994 3630 130 72 life,
1163 3629 248 71 liberty,
1450 3628 125 57 and
1607 3627 362 72 happiness,
2008 3628 84 70 by
2128 3625 205 59 Annie
2376 3625 64 60 C.

451 3709 141 56 Bill.
662 3708 438 71 Washington,
1199 3753 11 11 D.
1250 3705 85 74 C.,
1371 3705 75 57 A.
1484 3704 76 57 A.
1596 3705 417 71 Beauchamp,
2052 3704 166 57 1926.

518 3784 96 53 xiii,
642 3785 79 43 413
751 3799 41 37 p.
846 3784 52 43 21
907 3787 48 17 cm
960 3818 10 9 .

452 3841 52 53 ©
535 3842 116 42 Mar.
679 3841 67 50 23,
781 3840 128 51 1926;
939 3841 66 42 2c.
1037 3840 119 43 Mar.
1188 3837 77 49 27;
1299 3839 78 43 aff.
1411 3838 118 43 Mar.
1560 3838 77 48 26;
1673 3838 44 45 A
1747 3834 188 52 890050;
1969 3836 58 43 A.
2060 3834 49 45 C.
2142 3835 102 50 Bill,
521 3833 1900 118 Washington.
761 3895 243 56 (26-7663)
