2542 4285
1346 3957 111 54 864

387 349 252 68 Kähler,
672 349 40 57 J
1035 366 193 53 comp.

462 436 236 58 Rudolf
733 438 387 56 Mosse-code
1157 437 123 56 and
1316 434 597 69 Mosse-condenser,
1951 432 304 73 compiled
2289 436 80 68 by

386 516 60 56 J.
475 514 239 58 Kähler
740 514 65 56 in
833 512 451 58 collaboration
1311 511 153 59 with
1488 512 105 57 the
1621 510 335 57 American
1987 512 287 56 chamber
2305 510 67 57 of

387 610 337 39 commerce
765 590 64 56 in
876 589 314 72 Germany
1230 588 274 71 through
1546 588 83 57 its
1673 587 316 59 executive
2036 592 336 67 secretary,

387 668 242 57 Arthur
677 667 72 57 E.
800 666 296 73 Dunning
1146 666 123 56 and
1318 667 103 55 the
1475 664 610 73 Code-department,
2137 663 237 59 Rudolf

388 746 224 55 Mosse.
683 745 420 72 Amsterdam,
1136 744 151 56 New
1315 744 173 55 York
1523 746 145 68 [etc.]
1703 744 71 58 R.
1809 743 209 56 Mosse
2054 770 14 44 [
2070 750 19 22 c
2092 742 164 72 1926]

458 833 957 53 2 p. l., 456 p., 1 l., 362, [2] p. 29½ cm .
459 904 110 46 Last
595 903 70 43 leaí
719 903 53 45 of
800 911 100 36 text
925 901 222 45 mounted
1176 917 58 28 on
1263 916 163 36 cover;
1457 917 104 38 map
1590 916 58 29 on
1676 901 322 54 lining-paper.

461 960 149 43 Blank
639 974 140 38 pages
813 958 78 43 for
922 958 202 44 “Notes”
1165 957 119 53 (456,
1317 958 106 53 352)

390 1015 52 53 ©
470 1017 116 52 Aug.
615 1016 36 51 5,
679 1016 127 50 1926;
832 1016 65 42 2c.
926 1017 85 42 and
1038 1017 77 41 aff.
1144 1016 116 52 Aug.
1288 1016 48 50 9;
1367 1016 42 41 A
1436 1014 188 53 897710;
1655 1016 171 42 Rudolf
1856 1017 167 43 Mosse.

468 1073 266 53 (26-14682)

392 1172 256 74 Knight,
685 1171 235 58 Melvin
951 1173 224 71 Moses,
1211 1175 146 57 1887–

470 1263 334 58 Economic
838 1264 247 71 history
1120 1265 66 57 of
1221 1264 255 71 Europe
1512 1266 62 56 to
1612 1264 101 58 the
1753 1267 117 56 end
1905 1266 67 57 of
2008 1266 103 57 the
2145 1262 232 61 middle

394 1341 1981 75 ages, by Melvin M. Knight … Boston, New York [etc.]
391 1421 341 73 Houghton
763 1420 214 58 Mifflin
1009 1439 305 53 company
1349 1450 12 43 [
1363 1429 19 22 c
1386 1422 163 72 1926]

492 1498 1310 55 x p., 2 l., [3]-260 p. incl. illus. (maps) plan. 22½ cm .
464 1554 325 54 “Suggestions
820 1555 74 43 for
923 1555 178 43 further
1131 1555 210 52 reading”
1369 1564 45 34 at
1442 1556 83 43 end
1551 1555 51 44 of
1629 1556 106 42 each
1763 1555 195 52 chapter.

393 1611 51 53 ©
471 1614 117 51 Aug.
614 1614 36 47 4,
681 1613 128 50 1926;
837 1613 63 42 2c.
927 1613 86 42 and
1040 1613 78 43 aff.
1146 1613 118 52 Aug.
1298 1612 71 51 16;
1401 1613 42 41 A
1471 1612 186 51 897838;
1689 1614 64 41 M.
1783 1614 64 41 M.
1876 1613 187 52 Knight,
2094 1614 116 42 New
2238 1613 142 43 York.

472 1670 266 52 (26-14790)

394 1769 347 68 Lawrence,
775 1771 150 55 Mrs.
960 1769 143 57 Una
1134 1767 281 59 Roberts.

473 1861 169 60 Cuba
675 1863 102 57 for
807 1860 243 72 Christ;
1084 1879 35 38 a
1151 1863 187 70 study
1369 1862 66 57 of
1463 1863 104 57 the
1594 1861 143 58 field
1767 1865 123 56 and
1917 1864 170 55 work
2115 1863 63 57 in
2213 1862 168 59 Cuba

395 1942 68 56 of
491 1940 102 56 the
626 1939 199 58 Home
856 1936 260 60 mission
1148 1939 197 58 board
1378 1940 67 57 of
1475 1940 103 57 the
1614 1939 310 59 Southern
1959 1940 255 72 Baptist
394 1960 1964 127 convention,

718 2016 1666 73 by Una Roberts Lawrence … [Atlanta, The
396 2095 197 58 Home
621 2093 262 58 mission
909 2095 198 57 board
1140 2094 67 56 of
1236 2095 103 56 the
1374 2094 312 58 Southern
1711 2092 255 70 Baptist
2000 2097 384 61 convention,

394 2182 18 22 c
416 2174 163 71 1926]

465 2250 83 45 288
574 2265 40 36 p.
676 2248 137 43 front.
854 2249 157 51 plates,
1039 2255 138 44 ports.
1241 2247 49 44 19
1297 2251 46 17 cm
1350 2286 7 6 .

397 2303 53 53 ©
480 2305 103 52 July
610 2304 64 47 23,
710 2303 127 51 1926;
868 2303 62 42 2c.
961 2303 119 51 Aug.
1108 2302 49 50 9;
1190 2303 77 42 aff.
1297 2302 104 52 July
1431 2302 76 50 26;
1541 2303 42 41 A
1614 2302 188 52 897729;
1837 2305 151 41 Home
2018 2304 185 43 mission
2231 2304 155 51 board,

471 2361 43 46 S.
552 2362 48 42 B.
638 2361 48 43 C.
756 2360 269 53 (26-14694)

398 2460 383 73 Lemonnier,
815 2460 184 57 Léon.

542 2550 1845 73 … Le pass é des autres, roman. Paris, E. Flammarion
401 2632 199 72 [c1926]

468 2706 80 47 247
581 2724 39 37 p.
684 2709 49 42 19
740 2710 46 16 cm
794 2743 8 7 .

400 2762 1898 56 © July 1, 1926; 1c. July 19: A—Foreign 31556; Ernest Flammarion.
478 2822 267 55 (26-14862)

402 2920 359 72 Lesemann,
793 2921 256 59 Gustav.

477 3010 353 74 Lebendige
869 3011 303 70 krücken;
1216 3011 481 72 geistesstützen
1737 3013 128 56 und
402 3010 1963 138 erziehungshilfen

543 3092 106 56 für
689 3090 314 58 schwache
1043 3108 99 38 am
1177 3089 180 72 geist,
1391 3108 121 38 von
1551 3089 243 58 Gustav
1827 3090 366 58 Lesemann.
2271 3091 119 58 Mit

403 3169 388 57 zahlreichen
816 3168 261 58 bildern.
1146 3167 302 73 Dresden,
1478 3167 76 57 A.
1582 3167 206 58 Huhle
1819 3169 180 72 [1925]

471 3246 1909 54 xii, 223 p. illus., plates. 23 ½ cm . ( Added t.-p.: Künftige ernten … bd. 2)
403 3300 1842 55 © Dec. 4, 1925; 1c. Mar. 9, 1926; A —Foreign 30549; Alwin Huhle.
481 3358 267 56 (26-14805)

405 3458 215 72 Lewis,
652 3458 118 58 Ida
799 3457 187 73 Belle,
1021 3460 189 57 1887-

484 3549 228 59 Grains
742 3551 66 57 of
836 3549 123 58 rice
987 3550 166 56 from
1181 3569 35 37 a
1246 3548 264 59 Chinese
1535 3550 174 74 bowl,
1737 3551 83 70 by
1847 3550 116 58 Ida
1989 3550 174 56 Belle
2188 3550 202 58 Lewis

477 3627 1916 72 … with introduction by Prof. Isaac T. Headland … New
406 3705 188 74 York,
628 3703 269 75 Chicago
928 3708 145 70 [etc.]
1104 3705 289 72 Fleming
1419 3705 80 58 H.
1530 3705 216 57 Revell
1776 3724 305 54 company
2110 3736 13 43 [
2125 3713 19 22 c
2147 3706 165 73 1926]

475 3783 1014 53 3 p. l., 5-123 p. front., plates. 19½ cm .
407 3837 53 54 ©
498 3840 105 46 June
634 3839 67 47 26,
737 3839 127 50 1926;
897 3840 63 41 2c.
994 3841 85 41 and
1109 3840 78 42 aff.
1220 3840 120 51 Aug.
1371 3837 48 52 5;
1454 3839 44 42 A
1529 3838 188 51 897641;
1752 3838 206 53 Fleming
1990 3839 62 43 H.
2086 3838 156 44 Revell
2273 3854 63 27 co.

486 3894 269 57 (26-44757)
