2542 4285
0 0 0 0 1248
498 498 9 17 x,
535 463 83 44 246
647 478 41 38 p.
752 464 51 43 18
808 466 47 18 cm
861 498 9 9 .

395 518 1896 55 © Sept. 22, 1926; 1c. Oct. 27; A— Foreign 32069; Librairie Hachette.
399 634 290 74 Savidge,
728 635 216 58 Frank
978 634 343 73 Raymond,
1362 637 189 57 1866-

473 724 465 72 Pennsylvania
984 726 452 70 corporations.
1520 726 79 57 2d
1640 726 91 57 ed.
1813 726 60 56 A
1915 725 263 58 treatise
2221 745 169 53 upon

397 803 103 57 the
551 802 470 71 incorporation
1074 803 123 56 and
1249 800 353 73 regulation
1655 803 67 59 of
1774 802 456 73 corporations,
2283 802 103 61 the

396 899 241 52 powers
669 882 123 56 and
819 880 203 58 duties
1054 880 266 71 thereof,
1347 881 123 57 and
1500 880 69 57 of
1595 883 329 69 corporate
1953 880 252 72 officers,
397 900 1969 131 comprising

677 959 102 56 the
812 958 119 56 full
963 961 132 54 text
1129 958 66 57 of
1228 957 104 58 the
1366 960 131 57 acts
1531 959 68 56 of
1632 957 334 73 Assembly
2000 959 122 57 and
2154 958 104 58 the
399 957 1967 136 decisions
660 1036 67 57 of
758 1036 83 56 all
870 1036 103 56 the

1009 1039 207 54 courts
1249 1035 66 57 in
1347 1034 267 58 relation
1646 1035 263 73 thereto,
1941 1035 150 58 with
2125 1035 167 59 table
2324 1036 69 58 of

398 1133 172 39 cases
601 1114 124 57 and
752 1113 460 72 chronological
1240 1113 166 58 table
1440 1113 69 57 of
1540 1114 267 57 statutes:
1872 1113 133 58 also
2036 1110 359 76 containing

399 1190 1971 154 in the text forms of procedure, by Frank Raymond Savidge … New York,
1158 1268 457 72 Philadelphia,
1658 1266 188 61 Clark
1885 1267 360 58 Boardman
2287 1285 107 51 co.,

399 1347 128 73 ltd.,
562 1348 164 56 1926.

470 1426 27 43 2
523 1440 39 30 v.
622 1422 54 47 25½c
728 1426 30 18 m
763 1458 11 11 .

472 1481 155 53 Paged
658 1479 328 55 continuously.

472 1537 248 46 Published
754 1537 45 43 in
838 1535 103 47 1905
979 1538 142 43 under
1155 1536 124 46 title:
1320 1535 268 47 Formation
1622 1538 87 44 and
1745 1543 315 47 management
2096 1535 54 46 of

401 1549 1974 91 corporations
551 1595 46 44 in
630 1593 348 55 Pennsylvania.

400 1651 52 52 ©
481 1653 99 42 Oct.
610 1653 60 50 14,
702 1651 107 42 1926;
859 1652 63 41 2c.
951 1650 107 43 each
1085 1651 86 42 and
1198 1651 78 41 aff.
1306 1651 101 42 Oct.
1435 1651 78 51 29;
1543 1651 43 40 A
1613 1649 166 44 949788;
1833 1649 49 44 F.
1913 1652 53 41 R.
1999 1649 210 52 Savidge,
469 1647 1902 115 Philadelphia.
726 1707 270 55 (26-19241)

404 1806 277 70 Scherer,
721 1807 213 58 James
966 1805 322 73 Augustin
1323 1806 244 69 Brown,
1606 1808 188 57 1870-

480 1897 128 58 The
632 1916 288 39 romance
946 1898 68 60 of
1038 1898 214 71 Japan
1275 1897 274 73 through
1571 1897 103 58 the
1700 1915 167 55 ages,
1891 1897 82 73 by
1997 1897 216 59 James
2232 1897 75 56 A.
2325 1897 71 57 B.

405 1974 1992 74 Scherer … New York, George H. Doran company [ c 1926]
474 2051 1494 56 ix p., 3 l., 17-326 p. front., plates, ports., fold. map. 22½cm.
400 2109 55 53 ©
482 2112 99 43 Oct.
608 2111 67 51 22,
707 2111 127 50 1926;
865 2110 64 43 2c.
962 2111 100 43 Oct.
1088 2108 80 54 25;
1199 2110 79 43 aff.
1310 2111 88 43 Oct
1428 2109 89 53 .26;
1548 2110 43 42 A
1620 2108 190 53 950637;
1843 2108 179 54 George
2051 2109 62 44 H.
2145 2109 158 44 Doran
2331 2122 64 29 co.

480 2167 269 54 (26-19010)

407 2266 299 73 Schmidt,
742 2266 309 70 Wilhelm,
1092 2270 189 56 1883-

485 2358 130 57 Der
665 2358 596 57 massenaustausch
1310 2358 66 56 in
1429 2357 197 58 freier
1678 2358 128 58 luft
1856 2360 130 57 und
2036 2360 363 57 verwandte

407 2436 507 75 erscheinungen,
939 2454 122 38 von
1087 2437 92 56 dr.
1205 2436 293 58 Wilhelm
1525 2436 283 59 Schmidt…
1927 2436 118 58 mit
2069 2438 33 57 5
2127 2436 273 74 figuren;

406 2514 299 72 gedruckt
763 2514 117 57 mit
978 2516 444 71 unterstützung
1478 2515 112 57 der
1646 2514 588 73 Notgemeinschaft
2292 2516 110 57 der

407 2592 338 58 deutschen
834 2592 385 59 wissenschaft
1249 2592 67 57 in
1350 2592 234 58 Berlin.
1665 2593 349 72 Hamburg,
2049 2593 79 57 H.
2169 2594 233 72 Grand,

406 2672 163 57 1925.

405 2747 1997 112 viii, 118 p., 1 l. diagrs. 23 cm . ( Added t.-p.: Probleme der kosmischen physik … VII )
477 2859 594 49 “Schriftenverzeichnis”:
1105 2876 38 39 p.
1171 2862 201 44 114-116.

404 2917 1669 55 © Mar. 10, 1926; 1c. June 7; A —Foreign 31175; Henri Grand.
484 2977 269 55 (26-19025)

411 3063 317 72 Seymour,
771 3065 219 72 Mayce
1030 3064 68 57 F.

481 3154 129 60 The
640 3152 223 61 fairies;
931 3175 36 39 a
1001 3154 239 72 drama,
1271 3158 83 70 by
1386 3154 220 74 Mayce
1638 3156 69 58 F.
1746 3156 323 72 Seymour.
2142 3157 259 71 Boston,

403 3234 73 56 R.
510 3233 67 60 G.
609 3230 255 75 Badger
896 3262 14 44 [
910 3241 20 21 c
932 3233 166 72 1926]

530 3311 276 50 50 p. 19½ cm .
409 3363 52 53 ©
495 3365 117 51 Sept.
642 3365 67 51 24,
743 3365 103 43 1926;
902 3365 62 43 2c.
998 3366 100 45 Oct.
1130 3365 53 43 29;
1236 3366 80 42 aff.
1352 3366 100 43 Oct.
1481 3365 54 44 27;
1594 3366 42 42 A
1667 3366 162 44 949821;
1892 3367 200 44 Richard
2124 3366 50 45 G.
2209 3368 192 53 Badger.

486 3421 268 55 (26-19292)

412 3519 337 73 Shircliffe,
784 3520 261 59 Arnold.

491 3610 1915 78 The Edgewater Beach hotel salad book … by Arnold
415 3687 1874 79 Shircliffe. Chicago, The Hotel monthly press [ c 1926]
484 3767 95 51 xxi,
605 3765 81 44 265
714 3780 38 38 p.
813 3765 82 45 col.
925 3766 154 49 front.,
1105 3767 81 45 col.
1216 3767 153 55 plates.
1430 3769 55 43 26½cm.

484 3821 349 55 Bibliography:
863 3838 38 38 p.
930 3822 204 46 252-253.

411 3879 52 52 ©
491 3880 98 43 Oct.
614 3881 68 51 20,
712 3880 127 52 1926;
868 3881 63 42 2c.
961 3882 100 43 Oct.
1087 3882 77 52 23;
1195 3882 77 43 aff.
1301 3883 101 43 Oct.
1428 3883 78 52 22;
1536 3883 43 42 A
1606 3882 188 55 950579;
1825 3884 56 44 A.
1912 3882 249 55 Shircliffe,
2190 3884 213 53 Chicago.

489 3936 269 56 (26-19128)
