2542 4285
1070 3995 110 60 257

124 381 371 73 Alexander,
532 382 293 72 William,
861 386 188 56 1848-

200 472 246 57 Income
493 471 328 58 insurance
870 472 103 57 for
1020 472 223 71 family
1289 472 365 73 protection,
1703 474 82 71 by
1828 475 275 57 William

122 547 1959 151 Alexander … New York, Chicago, The Spectator company [ c 1925]
196 703 76 43 126
300 720 39 37 p.
371 704 98 42 incl.
504 702 137 45 front.
667 703 166 53 (port.)
898 702 54 44 20
959 704 46 18 cm
1011 738 9 9 .

125 759 53 53 ©
206 761 110 51 May
349 760 61 51 14,
443 758 127 54 1925;
600 760 63 43 2c.
696 761 118 43 Mar.
847 761 35 50 1,
916 760 128 51 1926;
1075 761 78 42 aff.
1186 762 119 41 Mar.
1336 761 49 50 3;
1419 760 42 43 A
1491 760 187 52 883746;
1715 759 234 53 Spectator
1983 776 64 28 co.

203 815 240 54 (26-7166)

121 899 287 71 Almond,
445 898 202 59 Linda
683 899 278 59 Stevens.

199 989 186 71 Mary
435 987 287 74 Redding
773 989 174 57 takes
1000 990 244 70 charge,
1296 990 83 70 by
1429 988 201 58 Linda
1685 988 262 58 Stevens
120 989 1962 148 Almond;
367 1067 359 57 illustrated

754 1068 83 70 by
868 1065 344 59 Constance
1244 1065 429 59 Whittemore.
1738 1066 150 57 New
1918 1066 190 71 York,

123 1145 268 56 Thomas
419 1144 71 58 Y.
524 1143 260 58 Crowell
814 1162 303 53 company
1148 1173 13 42 [
1162 1154 19 20 c
1185 1145 163 72 1926]

191 1222 80 44 310
301 1237 39 37 p.
400 1222 83 43 col.
515 1222 148 48 front.,
695 1221 84 44 col.
809 1221 155 52 plates.
1023 1220 55 44 20½
1112 1223 47 18 cm
1164 1255 9 9 .

121 1277 55 54 ©
207 1280 117 42 Mar.
358 1278 63 51 16,
454 1278 127 52 1926;
614 1278 65 43 2c.
708 1278 87 43 and
824 1278 78 43 aff.
934 1278 119 42 Mar.
1089 1279 73 50 19;
1197 1278 43 42 A
1269 1276 189 53 879906;
1492 1276 200 46 Thomas
1723 1278 55 42 Y.
1813 1277 195 45 Crowell
2040 1292 65 29 co.

201 1333 239 55 (26-7020)

126 1418 128 57 The
290 1417 333 58 American
659 1418 203 73 digest
900 1419 356 70 annotated,
1294 1418 406 71 key-number
1737 1418 213 70 series,
1987 1417 117 58 vol.

202 1494 1906 74 23A … May 1, 1925, to August 31, 1925 … Prepared
202 1575 122 55 and
364 1575 90 55 ed.
495 1574 83 70 by
613 1573 102 57 the
756 1573 293 57 editorial
1088 1572 153 58 staff
1280 1573 66 55 of
1384 1573 102 56 the
1527 1573 335 56 American
1902 1572 204 73 digest

201 1653 249 53 system.
520 1650 87 57 St.
639 1651 175 70 Paul,
844 1650 180 56 West
1049 1649 363 72 publishing
1438 1668 106 52 co.,
1577 1651 163 54 1926.

242 1760 9 17 iii,
277 1725 111 43 2112
416 1739 38 38 p.
512 1725 53 43 26
572 1728 46 17 cm
625 1759 8 8 .

121 1779 55 54 ©
203 1782 98 52 Jan.
328 1781 67 51 22,
426 1780 127 52 1926;
583 1781 64 43 2c.
677 1781 86 43 and
791 1781 78 43 aff.
899 1781 119 43 Mar.
1050 1782 74 50 11;
1156 1781 43 42 A
1228 1778 188 54 883558;
1448 1781 132 43 West
1608 1780 100 52 pub.
1737 1795 64 29 co.

119 1864 251 73 Ashley,
405 1865 197 72 Percy
632 1863 242 61 Walter
905 1864 352 73 Llewellyn,
1292 1866 188 57 1876-

202 1955 254 71 Europe
486 1956 168 56 from
683 1955 321 58 Waterloo
1038 1960 62 53 to
1136 1953 338 73 Sarajevo;
1509 1976 35 37 a
1580 1955 210 58 sketch
1823 1957 69 56 of
123 1956 1957 134 political
278 2033 448 73 development,
762 2035 83 70 by

879 2033 202 72 Percy
1115 2032 253 73 Ashley,
1446 2080 11 10 C.
1533 2079 31 27 B.,
1601 2032 149 59 with
1786 2054 36 37 a
123 2035 1956 145 supplementary
454 2111 257 69 chapter

748 2113 83 67 by
871 2111 218 69 Harry
1127 2109 216 58 Elmer
1380 2110 261 59 Barnes.
1723 2110 151 59 New
1913 2111 189 69 York,

122 2189 73 57 A.
223 2189 74 57 A.
323 2189 240 71 Knopf,
589 2190 164 56 1926.

198 2268 59 51 ix,
283 2268 80 43 312
388 2282 53 37 p.,
470 2269 18 42 1
534 2303 9 8 l.
602 2268 27 42 2
651 2267 109 46 fold.
786 2281 138 38 maps.
984 2267 50 42 21
1044 2269 47 18 cm
1097 2302 8 8 .

196 2325 187 46 London
415 2324 164 46 edition
619 2323 100 52 (W.
754 2322 169 45 Collins
953 2337 105 30 sons
1086 2323 38 44 &
1154 2337 65 30 co.
1248 2323 105 52 ltd.)
1390 2323 82 45 has
1504 2324 121 44 title:
1656 2321 154 47 Twice
1841 2322 104 54 fifty
1972 2338 132 39 years

119 2381 51 45 of
193 2380 192 53 Europe.

194 2437 164 45 “Some
379 2436 283 53 suggestions
689 2436 73 44 for
784 2435 244 44 additional
1055 2434 237 54 reading”:
1318 2451 40 37 p.
1382 2434 203 46 293-295.

123 2490 53 54 ©
209 2492 105 43 Feb.
352 2493 62 49 19,
452 2491 103 43 1926
570 2506 8 34 ;
612 2492 64 42 2c.
710 2490 106 45 Feb.
849 2491 77 51 26;
962 2491 78 43 aff.
1076 2492 119 43 Mar.
1232 2491 74 51 18;
1345 2492 43 42 A
1423 2491 189 52 879931;
1647 2492 165 44 Alfred
1845 2493 57 43 A.
1937 2493 170 52 Knopf,

193 2549 81 43 inc.
344 2547 240 54 (26-7069)

122 2630 182 72 Beck,
341 2633 156 56 Mrs:
532 2630 48 57 L
889 2629 255 59 Adams.

204 2709 130 57 The
371 2710 337 71 splendour
744 2709 68 57 of
845 2708 153 58 Asia
1019 2732 11 47 ;
1065 2709 106 58 the
1209 2710 175 70 story
1420 2710 123 57 and
1579 2709 289 74 teaching
1902 2710 68 58 of
2004 2711 103 57 the

125 2787 282 72 Buddha,
434 2788 83 70 by
540 2786 67 59 L.
635 2786 238 59 Adams
900 2786 181 58 Beck.
1148 2786 150 57 New
1323 2786 189 72 York,
1542 2786 199 73 Dodd,
1770 2787 187 60 Mead
1985 2789 122 58 and

125 2884 320 53 company,
474 2865 163 56 1926.

186 2944 61 50 xi,
274 2944 80 44 269
378 2959 40 37 p.
480 2943 134 44 front.
674 2942 53 43 20½
761 2945 46 17 cm
815 2978 9 9 .

123 2998 53 54 ©
207 2999 104 44 Feb.
341 2998 65 51 27,
439 2999 106 43 1926
558 3014 9 35 ;
599 2998 63 44 2c.
694 2999 86 43 and
808 2999 79 42 aff.
918 2998 120 43 Mar.
1066 2998 49 51 3;
1148 2998 43 42 A
1222 2996 190 53 879737;
1446 2998 147 53 Dodd,
1626 2999 135 44 Mead
1793 3000 37 43 &
1858 3014 80 36 co.,
1971 2996 82 47 inc.

201 3053 242 56 (26-7191)

122 3139 282 70 Bennett,
441 3137 256 72 Arnold,
738 3139 189 58 1867-

204 3218 236 73 Things
481 3219 136 58 that
656 3219 159 58 have
854 3218 345 57 interested
1237 3236 129 52 me;
1406 3217 171 59 third
1620 3216 211 73 series,
1872 3220 82 70 by
125 3220 1963 134 Arnold

317 3296 285 57 Bennett.
685 3294 150 58 New
882 3293 189 73 York,
1124 3294 241 73 George
1414 3294 80 57 H.
1544 3295 213 58 Doran
1809 3312 301 56 company

128 3405 11 42 [
141 3383 20 21 c
166 3375 163 71 1926]

195 3449 654 54 vi p., 1 l., 9-225 p. 21cm.
122 3504 55 54 ©
209 3506 119 43 Mar.
361 3506 61 49 19,
458 3504 128 51 1926;
618 3505 63 42 2c.
714 3505 118 42 Mar.
862 3503 79 52 20;
974 3504 78 43 aff.
1085 3504 119 42 Mar.
1237 3502 76 52 22;
1349 3503 43 42 A
1423 3502 189 53 879976;
1645 3504 182 52 George
1858 3505 62 42 H.
1953 3506 156 42 Doran

192 3577 66 28 co.
326 3560 241 55 (26-7141)

124 3643 193 58 Bible.
389 3642 283 73 English.

203 3722 129 58 The
376 3721 169 72 Holy
584 3720 196 72 Bible,
825 3720 363 73 containing
1226 3720 103 58 the
1374 3719 119 59 Old
1535 3722 122 57 and
1699 3721 151 58 New
124 3723 1958 149 Testaments,

370 3819 36 37 a
427 3818 134 38 new
584 3797 376 59 translation
982 3799 84 69 by
1087 3798 218 60 James
1329 3796 259 60 Moffatt…
1745 3799 152 58 New
1916 3798 192 73 York,

127 3877 241 73 George
391 3877 79 56 H.
498 3876 214 57 Doran
737 3893 305 54 company
1069 3905 12 44 [
1084 3882 19 23 c
1106 3876 164 74 1926]
