2542 4285
993 4004 147 55 1611

87 402 219 62 Dilnot,
340 401 244 63 George.

159 474 1909 73 The lazy detective, by George Dilnot … London, G. Bles
112 559 151 64 [1926]

152 637 613 50 4 p. l., 11-320 p. 19cm.
85 688 1984 54 © 1c. Nov. 19, 1926; A ad int. 8754; pubd. Sept. 21; G. Dilnot, London.
163 748 251 50 (27-2553)

84 842 285 63 Dixelius,
399 841 230 63 Hildur,
670 840 161 54 1879-

154 921 120 52 The
295 918 304 54 minister’s
622 918 298 68 daughter,
940 918 76 67 by
1036 917 221 53 Hildur
1276 916 281 68 Dixelius,
1577 916 315 54 translated
1916 915 153 54 from

86 999 95 52 the
232 996 257 56 Swedish
536 996 75 68 by
659 995 172 52 Anna
881 993 61 55 C.
994 994 347 68 Settergren,
1388 993 141 53 with
1577 1011 33 35 a
1659 993 287 54 foreword
1992 994 78 69 by

88 1075 252 53 Edward
378 1073 258 55 Garnett.
710 1072 240 52 London
988 1073 46 50 &
1070 1071 271 68 Toronto,
1375 1070 56 55 J.
1468 1071 80 53 M.
1585 1071 155 53 Dent
1773 1071 114 53 and
1922 1090 147 48 sons,

83 1153 122 67 ltd.,
237 1154 149 50 1926.

149 1234 81 49 vii,
260 1234 87 41 277
375 1245 44 37 p.
477 1233 116 41 19cm.

81 1284 1988 54 © 1c. Oct. 25, 1926; A ad int. 8663; pubd. Oct. 1; E. P. Dutton & co.,
151 1346 117 40 New
293 1345 145 40 York.
507 1343 251 51 (27-2550)

82 1430 221 61 Fagan,
338 1423 326 56 Elisabeth.

153 1500 1628 71 All the way, by Elisabeth Fagan … London [etc.]
1814 1501 91 55 W.
81 1500 1963 136 Collins
217 1600 130 35 sons
372 1582 46 51 &
443 1598 98 49 co.,
566 1579 103 52 ltd.
702 1612 13 33 [
719 1584 19 22 c
742 1581 151 63 1926]

146 1660 590 53 4 p. l., 3-294 p. 19 cm .
78 1714 1990 54 © 1c. Nov. 18, 1926; A ad int. 8750; pubd. Sept. 23; E. Egan, London.
158 1774 252 50 (27-2554)

78 1857 138 52 Fair
220 1855 219 64 grieve,
472 1853 219 54 James.

148 1928 1858 73 Human geography by grades … by James Fairgrieve …
80 2012 114 52 and
238 2010 210 52 Ernest
493 2009 226 67 Young,
799 2007 148 52 book
994 2010 46 49 5.
1088 2007 121 52 The
1255 2025 124 34 new
1425 2007 182 53 world
1653 2008 112 52 and
1812 2009 97 52 the
1956 2010 113 52 old.

78 2084 1420 69 New York, D. Appleton and company [ c 1926]
149 2169 25 40 1
233 2200 9 10 v.

76 2220 1882 53 © Aug. 20, 1926; 2c. and aff. Aug. 24; A 901554; D. Appleton & co.
80 2305 274 64 Farjeon,
385 2304 268 53 Eleanor.

145 2381 197 56 Joan’s
371 2381 156 68 door,
552 2380 76 70 by
656 2380 250 54 Eleanor
931 2380 278 70 Farjeon;
1241 2381 327 55 illustrated
1592 2384 77 69 by
1692 2384 143 56 Will
76 2386 1968 128 Townsend.

302 2457 1496 72 London [etc.] W. Collins sons & co. ltd. [ c 1926]
145 2544 99 48 127,
280 2543 54 50 [1]
367 2554 44 37 p.
441 2541 110 41 incl.
582 2541 164 49 front.,
777 2541 129 41 illus.
965 2541 58 40 19½cm.

146 2601 149 41 Verse

77 2650 1990 54 © 1c. Nov. 8, 1926; A ad int. 8738; pubd. Oct. 28; Frederick A. Stokes
147 2722 81 37 co.,
258 2712 118 39 New
404 2710 144 40 York.
618 2708 252 49 (27-2441)

77 2791 440 62 Feild-Palmer,
550 2788 183 54 Edith
766 2788 188 53 Marie
987 2789 194 54 Sears.

148 2870 267 56 Sermons
443 2867 152 54 from
622 2886 96 50 my
748 2866 142 69 high
918 2866 212 69 pulpit,
1157 2868 77 68 by
1264 2868 182 53 Edith
1477 2870 113 54 and
1618 2871 228 55 Harold
1876 2874 191 53 Feild-

75 2948 246 53 Palmer.
397 2947 233 66 Boston,
658 2945 122 52 The
809 2944 379 68 Christopher
1216 2946 337 70 publishing
1582 2949 172 53 house
1811 2953 152 66 [1926]

173 3030 69 40 1 v.
77 3079 1990 56 © Aug. 14, 1926; 2c. and aff. Aug. 28; A 901619; Christopher pub. house.
150 3220 184 69 Songs
373 3219 65 53 of
473 3220 96 52 the
606 3219 184 66 Lord;
831 3219 97 52 the
968 3219 212 52 church
1219 3219 67 52 of
1323 3221 96 52 the
1458 3221 186 71 living
1682 3224 269 71 Messiah,
1991 3228 76 69 by

77 3299 182 53 Edith
302 3298 114 53 and
456 3297 226 52 Harold
724 3296 440 53 Feild-Palmer.
1246 3298 235 67 Boston,
1525 3301 120 52 The
1690 3300 379 72 Christopher

77 3375 335 69 publishing
437 3375 172 52 house
641 3375 171 66 [1926]

145 3457 26 39 1
233 3488 9 9 v.

78 3506 1989 60 © Aug. 14, 1926; 2c. and aff. Aug. 28; A 901612; Christopher pub. house.
81 3595 249 54 General
356 3595 336 63 manager’s
719 3595 364 63 conference,
1114 3596 270 69 Chicago,
1413 3602 148 49 1926.

145 3673 252 53 Minutes
422 3672 65 54 of
509 3674 95 51 the
630 3672 245 55 General
899 3674 318 68 managers’
1242 3674 349 70 conference,
1620 3676 270 71 Chicago,
1915 3678 153 55 June

76 3750 50 69 7,
152 3755 49 64 8,
227 3753 226 66 9,1926.
529 3749 270 70 Chicago,
825 3753 122 51 The
973 3752 91 54 W.
1096 3753 66 51 E.
1192 3753 166 69 Long
1385 3771 79 35 co.
1520 3756 151 65 [1926]

147 3832 1832 52 2 p. l., 7-182, [1] p. illus., plates, facsims., tables, diagrs. 23½c m .
78 3882 1932 59 © Aug. 14, 1926; 2c. Aug. 20; aff. Aug. 19; A 901528; W. E. Long co.
