2542 4285
1082 4036 148 57 1169

158 420 253 71 Farber,
445 420 225 58 Milton
703 417 206 72 Louis,
947 421 90 57 ed.

236 510 129 58 The
407 509 155 61 Ohio
605 512 161 54 state
808 507 352 73 university
1201 508 339 72 anthology
1580 508 67 57 of
1688 526 200 55 verse,
1932 506 207 59 edited

157 589 82 71 by
263 588 224 56 Milton
513 587 67 56 L.
609 587 241 56 Farber
877 587 122 57 and
1026 586 236 57 Eobert
1291 585 64 59 C.
1385 585 271 57 Dickson;
1716 583 422 59 introduction

157 666 82 71 by
264 664 277 59 William
567 665 67 55 L.
667 663 257 58 Graves.
1010 661 351 71 Columbus,
1450 707 32 26 O.,
1515 660 156 60 Ohio
1703 664 162 56 state
157 660 1961 154 university,
336 742 166 57 1926.

225 817 53 46 85
310 832 39 39 p.
412 818 50 44 19½
495 819 48 19 cm
546 851 11 10 .

154 874 55 53 ©
240 876 106 52 July
378 875 66 51 30,
477 874 128 51 1926;
638 874 65 43 2c.
739 873 120 52 Sept.
893 874 50 51 9;
977 873 78 43 aff.
1092 873 122 52 Sept.
1249 873 75 51 18;
1359 873 44 42 A
1435 872 189 52 949199;
1661 872 66 43 M.
1760 871 50 43 L.
1845 869 175 46 Farber
2051 871 87 44 and

226 933 171 43 Robert
424 931 49 44 C.
501 931 214 52 Dickson,
744 930 258 52 Columbus,
1031 931 54 43 O.
1154 929 270 54 (26-18094)

157 1029 260 73 Farrell,
454 1029 206 74 Hugh.

231 1113 192 65 What
446 1119 170 71 price
643 1121 334 70 progress?
1061 1119 129 57 The
1219 1119 174 57 stake
1421 1118 67 58 of
1512 1118 104 58 the
1641 1118 280 57 investor
1947 1117 64 57 in
2039 1118 103 58 the

158 1193 1984 77 discoveries of science, by Hugh Farrell … New York,
156 1274 275 71 London,
462 1273 69 62 G.
559 1274 69 58 P.
659 1274 330 58 Putnam’s
1022 1292 163 52 sons,
1215 1273 166 58 1926.

224 1351 93 53 viii,
347 1353 80 43 323
459 1365 40 39 p.
557 1351 54 44 20
617 1354 46 17 cm
669 1386 9 8 .

227 1404 148 49 Based
410 1424 56 28 on
501 1408 73 44 the
609 1407 197 45 author’s
844 1408 166 44 “What
1046 1407 120 54 price
1202 1421 212 40 progress;
1477 1407 75 46 the
1588 1407 127 44 stake
1750 1405 50 47 of
1837 1405 73 46 the
1948 1407 196 44 investor

159 1467 43 43 in
232 1465 75 45 the
335 1465 312 53 development
675 1465 49 44 of
752 1464 270 54 chemistry”
1055 1463 233 54 published
1324 1462 104 47 1925
1458 1465 87 44 and
1576 1464 151 44 “Does
1761 1463 208 45 research
2001 1461 143 55 pay?”

158 1523 176 52 printed
363 1522 182 52 serially
570 1522 44 43 in
642 1521 73 44 the
743 1522 117 43 New
890 1521 128 45 York
1045 1520 285 44 commercial.
1402 1519 63 53 cf.
1494 1519 127 47 Pref.

157 1577 53 54 ©
243 1580 101 43 Oct.
376 1579 38 51 8,
448 1579 103 43 1926;
608 1579 63 43 2c.
707 1579 100 43 Oct.
840 1579 49 51 9;
924 1579 79 42 aff.
1036 1579 101 43 Oct.
1174 1579 74 51 11;
1283 1578 44 42 A
1359 1575 188 55 950411;
1585 1577 50 45 G.
1672 1578 51 43 P.
1758 1576 231 45 Putnam’s
2023 1589 119 31 sons.

233 1635 269 55 (26-17882)

158 1731 306 77 Fielding,
506 1735 230 72 Henry,
780 1736 358 57 1707-1754.

231 1828 130 60 The
395 1825 245 74 history
674 1828 69 57 of
777 1827 104 60 the
914 1827 112 60 life
1061 1829 67 57 of
1163 1828 104 60 the
1301 1827 127 61 late
1461 1828 119 60 Mr.
1618 1828 321 59 Jonathan
1973 1825 166 62 Wild

154 1907 103 58 the
288 1905 210 71 Great,
526 1906 82 71 by
635 1904 221 74 Henry
885 1903 292 74 Fielding;
1235 1911 64 55 to
1328 1902 199 61 which
1555 1905 54 60 is
1639 1905 203 60 added
1873 1906 129 58 The
2029 1904 113 59 life

155 1986 122 58 and
309 1982 237 59 actions
581 1983 67 59 of
682 1983 320 58 Jonathan
1034 1981 188 74 Wild,
1256 1985 82 70 by
1370 1982 225 59 Daniel
1628 1983 218 70 Defoe,
1879 1983 153 58 with
2064 2004 76 39 an

154 2058 422 61 introduction
600 2061 83 71 by
706 2059 243 60 Wilson
976 2059 248 59 Follett.
1307 2060 150 59 New
1482 2060 188 73 York,
1697 2061 76 56 A.
1800 2062 76 57 A.
1902 2061 241 73 Knopf,

156 2140 165 57 1926.

223 2215 132 53 xxiii,
385 2218 81 44 322
495 2220 108 48 p.,1
652 2250 9 10 l.
720 2217 28 42 21½
808 2217 48 19 cm
862 2251 9 9 .

226 2274 126 46 “The
375 2273 100 43 first
500 2272 167 46 edition
692 2274 51 43 of
765 2272 89 45 this
877 2272 122 46 book
1024 2273 190 44 consists
1240 2272 51 45 of
1314 2272 127 45 three
1463 2273 223 44 thousand
1710 2273 248 46 numbered
1982 2274 148 50 copies

157 2329 111 45 This
299 2331 37 44 is
363 2332 190 44 number
581 2328 122 45 318.”

157 2381 53 54 ©
243 2382 121 53 Sept.
398 2382 63 52 17,
494 2382 127 51 1926;
653 2382 65 43 2c.
751 2381 120 52 Sept.
902 2378 78 53 25;
1014 2380 78 43 aff.
1126 2378 121 54 Sept.
1277 2380 79 53 22;
1389 2380 44 42 A
1463 2379 188 54 949484;
1686 2381 166 45 Alfred
1883 2382 57 44 A.
1973 2380 172 56 Knopf,

227 2440 82 44 inc.
372 2437 66 56 [©
470 2438 316 53 introduction]
856 2434 271 58 (26-17965)

161 2538 178 71 Finn,
382 2539 261 58 Francis
683 2539 230 69 James,
957 2540 188 58 1859-

241 2630 1902 75 Candles’ beams, by Francis J. Finn … New York,
163 2709 352 60 Cincinnati
549 2714 127 69 [etc.]
726 2709 307 74 Benziger
1063 2710 309 72 brothers,
1406 2711 164 57 1926.

226 2787 83 46 256
344 2804 40 37 p.
445 2789 136 43 front.
644 2790 50 44 19
700 2791 47 18 cm
753 2827 7 8 .

157 2843 56 54 ©
239 2845 102 44 Oct.
371 2845 36 52 1,
437 2843 104 44 1926;
589 2845 66 42 2c.
679 2843 90 44 and
793 2845 80 42 aff.
903 2845 102 44 Oct.
1033 2843 52 44 12;
1137 2845 44 42 A
1207 2843 164 46 949473;
1429 2843 220 56 Benziger
1675 2845 120 46 bros.

235 2899 272 58 (26-17771)

160 3000 288 70 Flanner,
486 3000 205 59 Janet.

238 3091 128 57 The
406 3091 235 57 cubical
677 3090 143 74 city,
857 3092 83 71 by
976 3092 191 58 Janet
1205 3092 293 58 Flanner.
1581 3093 151 57 New
1767 3092 190 73 York,

161 3094 1967 145 London,
331 3168 68 60 G.
430 3168 70 57 P.
532 3170 331 59 Putnam’s
895 3188 163 53 sons,
1091 3170 164 57 1926.

230 3245 583 55 3 p. l., 3-426 p. 19 cm .
160 3301 53 54 ©
243 3305 101 43 Oct.
375 3301 64 55 15,
470 3303 129 52 1926;
628 3304 64 43 2c.
722 3305 102 43 Oct.
855 3305 74 52 18;
961 3305 78 43 aff.
1071 3304 101 45 Oct.
1201 3304 77 53 16;
1311 3305 44 43 A
1382 3304 189 54 949572;
1604 3306 39 52 J.
1673 3304 209 55 Flanner,
1912 3305 237 51 Altadene,

231 3359 136 46 Calif.
434 3359 269 56 (26-17993)

162 3459 307 72 Foerster,
502 3460 234 58 Robert
765 3462 221 68 Franz,
1020 3464 189 57 1883-

234 3548 341 74 Employee
624 3548 172 63 stock
845 3552 351 73 ownership
1243 3554 65 56 in
1354 3556 105 59 the
1505 3554 234 60 United
1789 3555 230 73 States,
2067 3558 82 73 by

156 3629 1992 80 Eobert F. Foerster … and Else H. Dietel … [Princeton,
158 3704 74 59 N.
271 3708 79 71 J.]
388 3706 349 61 Industrial
774 3706 301 62 relations
1115 3707 253 76 section,
1407 3709 336 59 Princeton
1779 3711 369 73 university,

160 3784 147 58 1926

230 3861 91 51 viii,
354 3862 79 47 174
460 3877 41 36 p.
559 3863 53 44 23½
647 3866 48 19 cm
699 3900 10 9 .

163 3914 53 53 ©
247 3916 107 52 July
382 3906 68 62 27,
487 3917 127 52 1926;
649 3917 65 43 2c.
748 3918 86 43 and
866 3919 78 42 aff.
984 3917 118 54 Sept.
1138 3918 74 53 17;
1250 3919 44 43 A
1326 3918 188 55 950051;
1553 3921 245 45 Princeton
1831 3922 118 46 univ.

240 3973 269 55 (26-18112)
