2542 4285
0 0 0 0 236
357 314 388 71 Pallavicini,
779 314 209 60 Paolo.

502 405 1840 77 … Tutto il dolore, tutto 1 ’amore; romanzo d ’ambiente
357 483 549 59 italo-americano.
992 484 128 58 San
1187 484 356 73 Francisco,
1614 487 146 72 Cal.,
1827 487 272 58 L’Italia
2161 507 182 54 press

357 581 320 54 company,
711 563 163 59 1926.

428 651 731 54 1 p. l., 247 p, 1 l. pl. 27 cm .
425 722 299 46 “Pubblicato
753 737 119 30 nelle
902 721 245 53 appendice
1178 722 73 46 del
1283 723 208 51 giornale
1521 723 213 46 ‘L’Italia’
1766 724 47 46 di
1848 722 93 48 San
1975 721 283 49 Francisco.”

353 789 52 53 ©
440 791 117 43 Mar.
587 791 38 50 3,
661 790 104 43 1926;
823 790 65 42 2c.
922 790 118 43 Mar.
1078 791 74 51 11;
1186 790 79 43 aff.
1299 790 119 43 Mar.
1453 791 49 51 9;
1539 791 44 42 A
1618 791 185 52 883601;
1840 791 133 44 Italia
2006 806 124 38 press
2162 807 67 28 co.

431 845 240 56 (26-6659)

355 943 275 72 Parrish,
670 943 315 72 Wayland
1020 942 315 59 Maxfield.

431 1038 58 56 A
519 1034 192 61 series
740 1037 68 57 of
835 1036 97 58 six
959 1036 179 59 radio
1167 1035 164 61 talks
1361 1058 78 38 on
1466 1037 208 73 public
1702 1035 319 74 speaking,
2049 1041 82 70 by
354 1038 1967 135 Wayland

530 1112 1400 76 Maxfield Parrish … [Pittsburgh, c 1926]
423 1204 53 46 50
505 1220 40 38 p.
605 1206 54 43 24
666 1207 46 17 cm
719 1239 9 9 .
796 1204 293 54 (University
1119 1206 52 44 of
1202 1205 283 53 Pittsburgh.
1546 1204 150 46 Radio
1727 1204 281 54 publication
2038 1221 73 30 no.
2142 1206 80 50 20)

425 1276 279 45 “Broadcast
735 1276 125 44 from
890 1276 76 45 the
996 1275 269 53 University
1296 1277 53 44 of
1380 1275 270 54 Pittsburgh
1682 1276 153 46 studio
1865 1277 53 46 of
1953 1277 201 51 KDKA,
354 1278 1967 108 Westinghouse

596 1332 181 46 electric
802 1332 39 44 &
863 1332 376 53 manufacturing
1262 1347 231 38 company,
1524 1333 282 53 Pittsburgh,
1836 1334 372 52 Pennsylvania.”

425 1389 353 53 Bibliography:
806 1403 41 38 p.
879 1387 65 47 50.

349 1455 53 53 ©
433 1458 118 42 Mar.
582 1457 38 52 6,
651 1457 105 43 1926;
809 1457 63 42 2c.
902 1456 87 43 and
1017 1457 79 43 aff.
1128 1458 118 41 Mar.
1281 1455 49 45 17;
1388 1458 44 42 A
1460 1456 163 45 879865;
1681 1457 267 53 University
1978 1458 50 44 of
2059 1457 278 53 Pittsburgh,

422 1513 279 53 Pittsburgh.
770 1511 241 56 (26-6540)

351 1612 227 71 Payne,
619 1611 244 58 Arthur
902 1612 231 70 Frank,
1177 1614 189 57 1876-

427 1701 290 58 Methods
755 1701 67 57 of
858 1701 291 73 teaching
1183 1700 340 58 industrial
1561 1701 305 73 subjects;
1905 1726 37 38 a
1977 1702 365 72 companion

351 1780 241 57 volume
640 1786 62 53 to
750 1778 534 59 Administration
1332 1779 68 57 of
1445 1779 353 58 vocational
1846 1779 328 58 education
2223 1780 121 58 and

351 1858 448 72 Organization
827 1856 68 58 of
922 1855 355 59 vocational
1304 1856 322 73 guidance,
1652 1857 84 72 by
1752 1856 244 59 Arthur
2026 1857 71 57 F.
2130 1858 215 71 Payne

417 1933 1925 73 … with an introduction by Dr. David Snedden. 1st ed.
352 2014 149 57 New
540 2013 173 58 York
755 2017 146 68 [etc.]
946 2012 452 59 McGraw-Hill
1438 2012 160 58 book
1637 2031 321 54 company,
1997 2011 136 74 inc.,
2178 2013 164 56 1926.

488 2141 9 16 xx,
531 2105 78 44 293
641 2118 40 38 p.
714 2104 71 42 incl.
851 2103 128 50 illus.,
1014 2103 158 52 forms,
1203 2102 157 52 tables,
1394 2102 168 54 diagrs.
1621 2103 51 43 23½cm.
1884 2101 125 53 $3.00

421 2174 298 53 “Suggestive
751 2173 187 53 reading
971 2172 161 44 list[s]”
1149 2188 9 28 :
1192 2188 38 37 p.
1262 2171 192 45 263-279;
1516 2172 70 43 “A
1619 2172 74 44 list
1724 2172 51 45 of
1805 2172 353 53 bibliographies
2189 2188 55 28 on
349 2173 1972 104 industrial

574 2230 262 45 education”
854 2245 9 29 :
899 2245 38 38 p.
972 2229 206 44 280-282.

349 2300 53 53 ©
433 2301 105 44 Feb.
573 2302 62 51 18,
669 2301 128 51 1926;
827 2301 65 42 2c.
925 2299 107 44 Feb.
1061 2298 79 53 25;
1172 2299 78 43 aff.
1284 2300 120 42 Mar.
1439 2299 73 52 12;
1547 2299 44 42 A
1620 2299 188 52 883613;
1844 2297 348 47 McGraw-Hill
2223 2298 119 44 book

419 2373 79 37 co.,
536 2358 81 43 inc.
686 2357 242 54 (26-6629)

351 2454 445 73 Presbyterian
823 2455 234 57 church
1083 2453 68 58 in
1178 2453 103 58 the
1312 2453 75 58 U.
1424 2453 61 60 S.
1515 2452 76 58 A.

427 2549 257 58 Manual
709 2549 106 57 for
840 2548 228 57 church
1096 2544 232 62 officers
1357 2548 124 56 and
1504 2547 325 69 members,
1858 2546 67 58 of
1953 2547 104 57 the
349 2564 1971 135 government,

566 2625 345 73 discipline,
944 2626 123 58 and
1094 2622 275 75 worship
1401 2626 69 57 of
1499 2626 105 56 the
1634 2622 452 73 Presbyterian
2117 2624 228 58 church

350 2705 64 58 in
442 2706 103 57 the
572 2704 236 58 United
837 2703 212 59 States
1080 2704 68 57 of
1174 2699 310 60 America.
1554 2699 471 76 [Philadelphia]
2056 2702 153 57 Pub.
2240 2703 103 55 for

351 2784 103 58 the
490 2781 161 59 office
687 2782 68 57 of
787 2782 104 58 the
925 2780 268 59 General
1229 2780 313 72 assembly
1574 2783 82 70 by
1688 2779 105 59 the
1826 2779 383 73 publication
352 2778 1967 154 department

697 2861 67 57 of
793 2860 104 59 the
925 2856 215 61 Board
1167 2858 67 59 of
1266 2856 323 60 Christian
1618 2856 345 72 education,
1994 2856 165 59 1926.

417 2951 362 52 387 p. 18½ cm .
420 3007 319 46 Introduction
767 3006 156 52 signed
939 3022 9 29 :
978 3006 147 46 Lewis
1155 3003 228 54 Seymour
1410 3005 186 51 Mudge,
1624 3003 208 47 William
1856 3006 52 43 P.
1936 3003 189 52 Finney.

419 3063 353 53 Bibliography:
800 3078 42 37 p.
875 3064 146 44 11-12.

347 3118 53 53 ©
430 3121 117 41 Mar.
580 3119 60 51 10,
673 3118 129 51 1926;
830 3118 65 42 2c.
925 3118 120 41 Mar.
1077 3117 48 42 13;
1184 3116 77 42 aff.
1295 3116 119 42 Mar.
1446 3116 73 51 12;
1553 3115 44 42 A
1626 3113 189 53 879834;
1848 3114 152 43 Board
2029 3113 50 45 of
2110 3112 228 45 Christian

417 3176 233 43 education
683 3174 52 44 of
766 3175 73 42 the
875 3171 322 54 Presbyterian
1230 3172 168 43 church
1432 3172 44 42 in
1510 3172 75 42 the
1617 3172 58 43 U.
1714 3170 44 47 S.
1793 3171 70 52 A.,
1902 3168 324 54 Philadelphia.

425 3231 240 55 (26-6679)

349 3329 238 70 Prince,
625 3331 170 57 John
828 3328 267 73 Wesley,
1133 3329 188 56 1892-

426 3419 253 71 Wesley
714 3437 78 39 on
829 3417 298 72 religious
1165 3415 357 70 education;
1561 3435 36 37 a
1634 3415 188 70 study
1857 3414 69 58 of
1962 3413 169 59 John
348 3412 1965 156 Wesley’s

544 3496 274 57 theories
857 3497 124 56 and
1014 3494 285 58 methods
1338 3493 68 58 of
1443 3493 103 57 the
1585 3492 329 59 education
1952 3491 68 58 of
2057 3491 277 58 children

351 3568 1984 78 in religion, by John W. Prince … New York, Cincinnati,
351 3649 1191 73 The Methodist book concern [ c 1926]
423 3730 350 53 164 p. 23 ½ cm .
419 3786 348 53 Bibliography:
794 3800 40 38 p.
862 3784 201 46 154-160.

346 3842 53 53 ©
436 3844 116 41 Mar.
593 3842 34 50 1,
665 3841 128 51 1926;
829 3841 65 42 2c.
928 3840 86 43 and
1049 3841 78 42 aff.
1164 3841 118 41 Mar.
1324 3839 74 52 10;
1436 3839 44 41 A
1518 3836 188 53 879794;
1743 3839 40 51 J.
1820 3838 74 44 W.
1934 3836 176 50 Prince,
415 3835 1899 116 Chattanooga.
644 3895 241 57 (26-6653)
