2542 4285
1001 4011 109 55 563

139 472 79 42 viii
243 486 51 37 p.,
325 471 17 41 1
403 503 9 18 l.,
440 471 158 42 11-112
620 485 42 37 p.
726 471 48 42 14
783 472 45 17 cm
834 505 8 8 .
912 469 364 54 (Morning-star
1303 472 150 48 series,
1527 472 17 52 II)

68 523 55 54 ©
152 527 110 50 Apr.
290 525 68 51 22,
393 525 103 43 1926
511 539 9 37 ;
551 525 63 42 2c.
647 525 111 51 Apr.
788 524 56 43 26
858 539 7 37 ;
899 525 77 42 aff.
1010 527 111 50 May
1156 524 48 44 17
1219 540 10 38 ;
1263 526 45 42 A
1338 526 164 44 890819
1517 541 9 37 ;
1563 527 219 53 Benziger
1813 527 119 45 bros.

147 580 266 54 (26-10949)

73 651 420 56 Freemasons.
577 649 365 60 Wisconsin.
1026 652 211 58 Grand
1278 652 196 71 lodge.

144 740 352 58 Wisconsin
529 740 288 71 monitor,
855 759 71 37 or
962 740 365 57 Monitorial
1358 741 407 58 instructions
1802 741 108 57 for
1943 743 105 56 the

68 836 111 38 use
227 816 66 56 of
340 817 296 70 symbolic
680 817 213 71 lodges
944 817 67 57 of
1058 816 159 58 Free
1268 818 123 57 and
1440 819 292 70 accepted
1777 837 270 54 masons,

68 895 200 55 under
299 893 103 57 the
435 893 400 71 jurisdiction
869 894 68 56 of
969 894 104 56 the
1110 893 215 59 Grand
1359 896 181 71 lodge
1575 895 67 57 of
1673 894 373 73 Wisconsin,

70 972 271 69 adopted
382 970 82 70 by
508 971 100 55 the
655 969 214 59 Grand
912 971 180 72 lodge
1139 971 69 57 of
1248 970 373 73 Wisconsin,
1667 972 166 57 June
70 971 1957 147 fourteenth,
328 1047 288 57 nineteen
646 1048 285 57 hundred
959 1046 394 72 twenty-five.
1429 1047 155 74 [Eau
1618 1047 222 73 Claire,
1873 1047 176 74 Wis.,

67 1122 141 57 Eau
239 1122 205 59 Claire
473 1123 157 57 book
658 1123 47 56 &
735 1123 350 69 stationery
1114 1143 105 49 co.,
1254 1126 163 66 1925]

140 1197 75 46 175
245 1214 39 37 p.
346 1198 50 44 17
404 1202 15 17 cm
456 1235 8 7 .

66 1253 52 53 ©
146 1256 108 42 Dec.
287 1255 61 51 19,
383 1252 127 54 1925;
543 1255 62 43 2c.
635 1255 99 52 Jan.
763 1255 40 51 2,
837 1255 128 52 1926;
999 1256 78 42 aff.
1107 1256 98 52 Jan.
1241 1256 73 51 18;
1349 1256 45 42 A
1423 1253 189 55 875966;
1649 1254 153 45 Grand
1833 1256 131 52 lodge
1994 1255 52 45 of

137 1311 271 51 Wisconsin,
443 1311 48 43 F.
526 1311 36 43 &
593 1311 56 43 A.
686 1313 79 50 M.,
799 1311 285 44 Milwaukee.
1154 1311 268 54 (26-10994)

66 1380 226 69 Fuller,
331 1381 168 57 John
533 1380 338 57 Frederick
908 1380 273 72 Charles,
1220 1382 186 57 1878-

142 1472 311 71 Pegasus;
501 1490 84 52 or,
628 1470 327 58 Problems
995 1470 68 58 of
1104 1470 521 73 transportation,
1668 1472 82 70 by
1796 1469 252 60 Colonel

66 1548 60 58 J.
174 1548 68 56 F.
292 1547 63 59 C.
400 1547 229 57 Fuller.
711 1548 152 57 New
902 1547 190 71 York,
1137 1546 73 58 E.
1257 1549 69 56 P.
1371 1548 243 57 Dutton
1652 1548 48 56 &
1743 1566 304 52 company

66 1626 201 72 [c1926]

135 1700 75 52 vii,
238 1699 53 44 87
320 1714 40 37 p.
420 1700 49 42 16
476 1703 46 17 cm
529 1733 9 9 .

65 1754 52 54 ©
147 1757 111 51 May
290 1756 62 49 13,
385 1756 128 51 1926;
543 1756 63 43 2c.
639 1756 112 52 May
783 1754 74 54 17;
888 1756 78 43 aff.
998 1756 111 52 May
1141 1754 74 54 15;
1248 1756 45 42 A
1321 1754 188 54 891452;
1542 1754 52 48 E.
1627 1756 50 44 P.
1709 1756 176 43 Dutton
1913 1756 37 43 &
1979 1771 65 28 co.

143 1811 268 54 (26-10990)

66 1894 307 70 Gallizier,
413 1895 268 72 Nathan,
722 1897 187 57 1866-

143 1974 127 57 The
313 1974 110 57 red
464 1973 353 71 confessor;
859 1972 105 59 the
1006 1974 374 57 adventures
1424 1974 68 57 of
1534 1972 218 73 Guido,
1794 1972 139 59 lord
1975 1973 69 58 of

65 2051 272 59 Fiorano
367 2054 123 55 and
519 2052 65 57 of
610 2051 98 59 his
740 2051 211 58 friend
979 2052 122 58 and
1130 2054 245 69 patron,
1406 2051 363 58 Benvenuto
1803 2049 238 73 Cellini,

63 2127 1981 154 by Nathan Gallizier … Frontispiece by Eric Pape, decorations by P. Verburg. Boston, L. C. Page & company
64 2316 13 43 [
79 2293 19 24 c
102 2288 162 70 1926]

132 2363 927 54 5 p. l., [3]-434 p. col. front. 20½ cm .
62 2418 52 54 ©
147 2421 111 51 May
292 2420 60 50 14,
387 2419 129 51 1926;
547 2419 65 43 2c.
646 2422 112 50 May
786 2420 79 51 20;
900 2420 77 44 aff.
1011 2421 112 51 May
1154 2420 76 51 21;
1267 2420 45 42 A
1344 2419 187 51 890881;
1569 2419 48 42 L.
1653 2417 48 45 C.
1738 2420 124 51 Page
1895 2420 37 43 &
1963 2433 79 36 co.,

131 2477 82 42 inc.
282 2475 267 55 (26-11030)

63 2561 223 72 Gregg,
319 2558 278 60 William
623 2559 221 58 Rufus.

140 2636 277 73 Century
445 2637 282 73 building
754 2637 226 58 blocks.

132 2715 50 43 12
208 2729 39 37 p.
307 2715 165 52 diagrs.
535 2715 46 42 13
590 2717 47 18 cm
644 2749 7 8 .

58 2768 1964 110 © 1c. July 2, 1926; A ad int. 8314; pubd. June 28; W. R. Gregg, Oakville, Ontario, Canada.
65 2910 374 73 [Hasselriis,
478 2910 238 72 Caspar
748 2908 244 58 Henrik
1023 2907 324 74 Wolffsen]
1384 2910 187 57 1881-

134 2989 397 57 Adventures
559 2988 66 55 in
651 2988 104 56 the
787 2988 124 70 day
940 2988 67 56 of
1036 2990 154 67 love,
1221 2987 84 70 by
1330 2985 243 58 Henrik
1606 2983 154 60 Cass
1794 2985 247 72 [pseud.\

60 3066 226 57 Forest
314 3066 164 56 Hills
508 3065 301 70 Gardens,
839 3065 67 56 L.
936 3065 70 71 I.,
1039 3063 64 59 C.
1133 3062 345 59 Hasselriis
1513 3092 13 43 [
1529 3072 19 22 c
1549 3064 163 72 1926]

131 3141 825 54 5 p. l., 13-100 p. illus. 19½ cm .
62 3198 52 54 ©
148 3201 110 51 May
293 3201 34 50 1,
363 3200 128 51 1926;
525 3200 62 42 2c.
622 3201 111 49 May
765 3199 49 52 6;
850 3199 78 43 aff.
964 3199 112 51 May
1110 3196 48 54 5;
1194 3198 45 42 A
1271 3197 188 53 890649;
1498 3196 49 45 C.
1583 3196 261 47 Hasselriis,
1881 3194 160 45 Forest

131 3256 136 53 Hills,
300 3256 58 42 N.
388 3256 55 42 Y.
513 3253 266 56 (26-10875)

64 3327 179 67 Heer,
285 3324 308 59 Clarence.

206 3399 1834 75 … The post-war expansion of state expenditures; an
64 3480 275 73 analysis
385 3480 69 57 of
495 3480 100 57 the
638 3479 283 58 increase
962 3479 277 57 between
1281 3479 147 55 1917
1473 3478 122 55 and
1639 3477 148 55 1923
1829 3476 65 56 in
1939 3476 105 56 the

65 3561 133 54 cost
248 3558 68 57 of
369 3559 160 55 state
583 3558 409 70 government
1041 3556 65 57 in
1160 3556 153 56 New
1364 3553 190 71 York,
1609 3553 83 70 by
1745 3550 297 60 Clarence

61 3635 186 56 Heer.
328 3634 150 57 New
516 3633 171 57 York
728 3632 141 73 city,
914 3632 298 58 National
1250 3631 288 58 institute
1583 3630 67 56 of
1690 3628 207 73 public
60 3628 1959 141 administration
521 3742 13 41 [
535 3720 18 21 c
557 3712 164 69 1926]

129 3780 1914 59 4 p. l., 123 p. incl. tables, diagrs. 23½ cm . ([National institute of public
62 3843 357 44 administration]
500 3841 178 46 Studies
710 3843 44 42 in
784 3841 147 52 public
962 3838 387 49 administration)

61 3898 55 54 ©
147 3900 111 51 May
291 3899 62 51 10,
388 3899 128 52 1926;
546 3899 64 42 2c.
642 3898 86 43 and
759 3898 77 43 aff.
870 3899 112 51 May
1015 3897 74 52 12;
1123 3896 45 42 A
1199 3894 188 52 890718;
1423 3894 124 43 Natl,
1582 3893 198 44 institute
1812 3893 52 47 of
1894 3891 149 54 public

132 3954 372 45 administration.
572 3953 267 54 (26-10992)
