2542 4285
1073 3975 109 56 645

125 405 253 69 Manila,
419 403 66 56 P.
525 402 68 71 L,
635 401 359 69 Rochester,
1036 399 73 56 N.
1150 398 92 73 Y.,
1287 397 129 57 The
1455 397 296 70 Lawyers
124 413 1961 126 co-operative

279 479 360 74 publishing
670 495 320 54 company,
1026 476 163 57 1926.

193 549 91 59 lvii,
316 556 79 44 736
425 570 41 38 p.
523 556 52 42 23½
610 557 47 17 cm
663 589 8 8 .

194 610 405 55 “Representative
628 608 299 45 authorities”
958 615 47 35 at
1033 607 87 43 end
1151 606 54 44 of
1236 606 111 44 each
1380 605 200 53 chapter.

129 668 53 53 ©
208 671 110 50 May
342 670 37 48 6,
411 668 102 43 1926
528 682 9 37 ;
563 668 64 42 2c.
654 667 111 51 May
785 666 79 52 28;
893 666 77 42 aff.
996 666 115 51 June
1140 665 46 51 1;
1215 663 43 42 A
1283 662 190 53 897046;
1502 662 50 44 G.
1580 663 56 43 A.
1664 661 231 53 Malcolm,
1923 661 186 43 Manila.

206 724 267 56 (26-12147)

126 812 233 70 Mayer,
400 808 165 72 Max,
605 810 188 56 1886-

203 886 756 72 Betriebswissenschaft;
994 884 98 61 ein
1118 884 318 58 überblick
1462 884 154 57 über
1648 885 113 58 das
1790 880 324 75 lebendige

130 961 1915 75 schaffen des bauingenieurs, von dr.-ing. Max Mayer …
130 1043 117 60 Mit
282 1045 70 56 31
386 1039 566 72 textabbildungen.
1034 1037 235 73 Berlin,
1305 1039 60 58 J.
1404 1037 324 73 Springer,
1762 1039 165 56 1926.

197 1122 61 50 ix,
292 1120 92 51 219,
424 1121 52 46 [1]
513 1132 39 38 p.
612 1116 118 46 illus.
789 1115 53 45 25
850 1119 45 17 cm
903 1152 8 8 .
980 1117 18 51 (
1004 1116 164 44 Added
1204 1122 117 45 t.-p.:
1363 1115 394 45 Handbibliothek
1791 1116 76 42 für
127 1114 1966 108 bauingenieure

364 1170 965 50 … I. t. Hilfswissenschaften. 5. bd.)
126 1224 1714 60 © Jan. 27, 1926; 1c. Mar. 24; A—Foreign 30831; Julius Springer.
207 1286 267 56 (26-12003)

125 1370 283 69 Munsell,
453 1371 175 56 Jesse
671 1369 154 72 Guy.

201 1450 128 61 The
365 1446 250 71 healing
651 1464 209 54 power
901 1443 68 59 of
1005 1448 257 67 nature;
1305 1463 89 51 or,
1437 1445 130 57 The
1606 1444 256 57 world’s
1903 1443 214 59 health

122 1521 1994 77 hope, by J. Guy Munsell … examined and endorsed by
123 1604 108 57 Dr.
265 1603 95 57 W.
394 1602 76 56 A.
507 1601 171 71 Cate,
714 1621 68 37 m.
817 1621 51 36 d.
946 1598 293 73 [Lincoln,
1276 1599 172 71 Neb.,
1485 1599 269 57 Munsell
1769 1599 47 57 ’s
1852 1598 265 58 mineral

123 1680 150 59 food
304 1698 105 51 co.,
442 1686 19 23 c
465 1678 162 72 1926]

192 1756 83 43 228
303 1770 39 38 p.
402 1755 56 43 20
463 1757 46 17 cm
515 1789 9 9 .

126 1812 56 53 ©
213 1814 112 51 Apr.
361 1811 64 52 17,
460 1811 127 51 1926;
618 1811 64 43 2c.
717 1811 86 42 and
835 1810 79 44 aff.
949 1811 111 51 May
1091 1810 77 51 20;
1204 1811 44 41 A
1280 1809 189 52 890896;
1504 1811 40 51 J.
1581 1808 52 46 G.
1666 1810 214 52 Munsell,
1913 1810 200 51 Lincoln,

199 1870 114 43 Neb.
382 1866 267 56 (26-12152)

127 1941 152 56 New
311 1938 173 58 York
527 1938 235 74 (State)
852 1939 201 71 Laws,
1086 1942 286 68 statutes,
1409 1942 109 52 etc.

272 2015 1844 73 … Parsons’ practice manual of the state of New York,
128 2094 360 72 containing
531 2094 101 56 the
677 2092 218 58 official
938 2092 232 58 edition
1214 2092 67 57 of
1325 2093 105 56 the
1476 2091 163 59 Civil
1677 2093 280 71 practice
2000 2096 115 70 act,

129 2172 165 57 rules
333 2172 66 56 of
436 2170 141 58 civil
611 2170 292 72 practice,
946 2169 411 73 Surrogate’s
1393 2174 178 53 court
1606 2174 115 69 act,
1762 2171 148 57 New
1945 2171 174 57 York

128 2250 127 71 city
286 2252 178 54 court
494 2252 114 67 act,
644 2248 147 56 New
821 2247 174 57 York
1026 2247 127 71 city
1184 2246 344 72 Municipal
1561 2250 175 55 court
1770 2249 167 71 code,
129 2248 1963 136 Justice

289 2328 178 55 court
507 2328 115 69 act,
670 2323 196 59 Court
907 2324 66 57 of
1017 2324 213 58 claims
1275 2327 103 54 act
1419 2325 123 56 and
1584 2329 142 54 rent
1766 2325 183 71 laws;
1995 2327 123 56 and

129 2408 174 53 court
340 2403 166 57 rules
545 2402 66 57 of
649 2401 193 59 Court
879 2402 67 57 of
981 2401 277 72 appeals,
1299 2402 312 71 appellate
1649 2401 324 71 divisions,
127 2422 1965 131 appellate

402 2482 211 69 terms,
664 2480 302 71 Supreme
1014 2480 192 71 court,
1260 2479 406 72 Surrogate’s
1717 2482 229 70 courts,
1996 2482 122 56 and

128 2557 151 57 New
305 2556 172 58 York
505 2555 143 73 City
675 2559 175 54 court
880 2555 123 58 and
1030 2556 345 71 Municipal
1403 2559 193 70 court,
1629 2577 66 37 as
1725 2559 302 56 amended
2054 2562 64 53 to

129 2635 102 57 the
269 2636 118 56 end
423 2634 68 57 of
526 2634 102 57 the
666 2633 351 73 legislative
1057 2633 239 58 session
1336 2634 67 56 of
1440 2634 166 72 1926,
1645 2634 152 57 with
1833 2638 178 54 notes
2051 2635 67 57 of

131 2732 171 37 cases
334 2711 165 58 since
533 2710 159 59 Civil
717 2711 275 71 practice
1024 2714 101 54 act
1149 2710 65 57 in
1246 2711 187 57 effect
1462 2730 78 38 on
1571 2711 268 58 October
1869 2715 51 69 1,
1953 2712 164 57 1921.

131 2788 1919 72 3d ed. Edited and annotated by John T. Fitzpatrick …
131 2867 150 56 New
317 2865 190 73 York,
548 2865 225 72 Baker,
812 2865 273 57 Voorhis
1127 2865 47 57 &
1214 2885 334 52 company;
1591 2865 152 58 New
1782 2866 173 57 York
1997 2868 122 56 and

129 2943 266 71 Albany,
426 2942 83 57 M.
538 2942 250 58 Bender
813 2942 47 57 &
889 2961 321 54 company,
1238 2942 462 73 incorporated,
1733 2944 165 56 1926.

198 3018 90 52 viii,
321 3017 136 56 [1335]
491 3033 38 38 p.
587 3016 53 47 25½
675 3021 47 18 cm
727 3053 10 10 .

197 3078 65 41 At
292 3075 114 44 head
435 3075 52 44 of
517 3075 121 44 title:
674 3073 227 47 Standard
933 3074 180 45 edition.

198 3131 198 44 Various
431 3129 201 54 pagings.

202 3186 213 45 Contains
448 3186 312 54 “Clevenger’s
791 3186 141 45 tables
962 3186 51 45 of
1043 3187 195 52 practice
1270 3187 135 44 acts”.

133 3242 53 53 ©
210 3244 112 51 May
344 3242 66 52 27,
439 3243 127 51 1926;
589 3243 64 43 2c.
679 3245 115 51 June
821 3245 45 46 1;
894 3244 77 43 aff.
999 3245 111 50 May
1134 3244 77 50 28;
1238 3244 43 42 A
1307 3243 188 52 890986;
1527 3244 220 43 Matthew
1776 3244 177 45 Bender
1978 3245 37 43 &
2038 3258 78 38 co.,

203 3300 95 52 inc.,
330 3301 160 49 Baker,
519 3300 199 44 Voorhis
748 3301 36 43 &
812 3316 67 28 co.
947 3299 270 55 (26-11737)

131 3370 285 71 Newark,
451 3371 73 56 N.
560 3371 59 58 J.
691 3371 184 72 Boys’
912 3370 431 58 continuation
1377 3370 225 58 school.

209 3449 129 57 The
383 3450 305 70 printer’s
738 3450 353 72 dictionary
1139 3452 122 56 and
1306 3450 346 72 handbook,
1703 3450 300 72 designed
2050 3452 64 55 to

132 3527 139 72 give
302 3526 103 58 the
438 3526 353 60 definitions
823 3529 67 57 of
922 3530 109 55 700
1060 3530 205 57 words
1297 3533 163 54 most
1493 3530 345 69 commonly
1865 3530 155 56 used
2051 3528 66 57 in

134 3625 35 37 a
194 3604 172 72 print
395 3606 170 72 shop,
591 3606 414 72 particularly
1029 3608 314 70 arranged
1366 3606 106 57 for
1494 3606 105 57 the
1623 3627 111 37 use
1758 3605 68 59 of
133 3626 1959 115 apprentices

319 3703 71 38 or
422 3684 102 57 the
554 3684 208 71 pupils
794 3685 66 56 in
889 3684 372 73 vocational,
1294 3684 511 74 pre-vocational,
134 3684 1957 149 continuation,

376 3763 122 56 and
548 3763 383 70 elementary
981 3763 257 56 schools.
1327 3762 286 72 Newark,
1660 3761 75 58 N.
1788 3763 81 71 J.,
1918 3762 197 73 Boys’

132 3840 426 57 continuation
589 3839 225 73 school,
844 3841 165 57 1926.

200 3920 26 40 2
284 3953 7 7 p.
339 3953 6 7 l.,
388 3919 108 41 9-82
554 3954 7 6 p.
622 3919 51 41 23
681 3921 46 17 cm
733 3953 9 7 .
