2542 4285
0 0 0 0 740
465 438 195 68 ports,
714 433 231 57 Pacific
996 437 306 70 reporter,
1355 433 235 58 United
1646 434 211 57 States
1915 433 300 72 Supreme
2272 438 176 54 court

466 515 247 67 reports
750 512 124 56 and
908 511 271 56 Federal
1212 513 304 68 reporter.
1595 509 323 72 Compiled
1950 512 124 56 and
2109 513 342 56 annotated

465 586 1983 73 by Frank O. Eagin and C. W. Van Eaton … Oklahoma
469 664 159 71 City,
664 664 151 72 Okl.,
848 664 261 56 Harlow
1137 664 365 72 publishing
1534 682 319 55 company,
1890 665 166 56 1926.

531 741 96 51 xiii,
654 739 79 46 651
765 755 39 37 p.
863 739 53 44 25
925 742 46 18 cm
977 775 8 9 .

464 795 53 53 ©
543 797 105 53 July
679 798 61 50 13,
772 797 127 51 1926;
930 797 66 42 2c.
1024 797 87 42 and
1139 797 77 43 aff.
1245 797 107 52 July
1382 796 73 52 16;
1488 796 44 43 A
1560 795 187 53 897488;
1783 797 195 44 Harlow
2005 797 99 52 pub.
2136 812 64 29 co.

462 868 185 70 Page,
687 865 282 61 William
1010 865 285 73 Herbert,
1338 868 189 57 1868-
1682 867 91 59 ed.

545 957 459 59 Constitutions
1038 958 69 57 of
1136 958 105 57 the
1273 957 235 58 United
1545 957 209 59 States
1791 959 122 58 and
1949 959 69 57 of
2047 959 103 58 the
2187 961 161 57 state
2383 960 66 58 of

468 1035 172 74 Ohio,
684 1037 166 74 1926,
894 1035 379 73 thoroughly
1314 1037 340 56 annotated
1698 1037 122 56 and
1860 1036 266 59 indexed
2167 1037 84 73 by
2288 1037 160 59 Wm.

461 1113 1966 152 Herbert Page … Cincinnati, The W. H. Anderson company, 1926.
539 1274 16 41 1
590 1287 40 37 p.
682 1305 23 16 l.,
736 1285 41 38 p.
812 1270 258 44 6301-6626.
1131 1268 53 45 27½
1219 1272 47 18 cm
1271 1305 11 10 .

799 1362 9 9 CONTENTS.
823 1352 57 6 —
899 1325 303 46 Constitution
1243 1326 54 44 of
1337 1325 75 45 the
1454 1325 175 45 United
1672 1324 161 53 States,
1882 1325 118 46 1787.
2016 1352 57 7 —
2093 1325 260 46 Ordinance
2399 1326 52 45 of

469 1382 483 46 1787.—Constitution
983 1382 52 45 of
1063 1381 75 45 the
1170 1389 113 37 state
1313 1383 52 43 of
1394 1381 120 46 Ohio
1546 1381 51 45 of
1629 1381 484 46 1802.—Constitution
2145 1382 64 47 of.
2225 1382 77 45 the
2333 1391 116 36 state

464 1441 51 43 of
547 1438 120 48 Ohio
701 1439 51 45 of
785 1438 118 51 1851,
937 1438 111 44 with
1081 1440 321 42 amendments.

465 1493 54 53 ©
544 1496 114 51 June
683 1494 68 51 28,
782 1493 128 52 1926;
937 1494 65 42 2c.
1032 1494 115 51 June
1174 1492 76 53 30;
1281 1493 77 42 aff.
1386 1492 116 52 June
1529 1492 77 52 29;
1635 1492 44 42 A
1706 1490 165 48 897287;
1923 1493 75 44 W.
2027 1493 62 43 H.
2116 1492 240 45 Anderson
2386 1508 65 29 co.

544 1549 269 57 (26-13187)

461 1619 270 74 Plotkin,
773 1619 210 59 David
1022 1620 256 71 George.

545 1698 226 59 Ghetto
825 1701 264 69 gutters,
1141 1698 123 57 and
1315 1696 182 59 other
1542 1715 232 55 poems,
1825 1697 84 73 by
1955 1696 208 60 David
2211 1697 243 74 George

468 1777 267 59 Plotkin.
805 1776 152 57 New
980 1774 191 74 York,
1203 1775 69 57 T.
1306 1774 256 74 Seltzer,
1593 1776 165 56 1926.

536 1854 847 55 5 p. l., x p., 2 l., 3-180 p. 21 cm .
468 1909 52 54 ©
546 1912 115 51 June
685 1909 67 52 25,
781 1909 129 52 1926;
937 1909 64 43 2c.
1028 1909 115 52 June
1168 1909 78 51 28;
1275 1909 78 42 aff.
1381 1908 115 53 June
1522 1908 78 53 26;
1630 1908 43 43 A
1702 1906 189 54 897245;
1922 1907 417 52 Thomas Seltzer,
2371 1909 82 44 inc.

546 1966 270 56 (26-13116)

463 2036 165 74 Rice,
667 2035 368 60 Grantland.

541 2115 128 60 The
702 2113 272 59 duffer’s
1007 2113 330 58 handbook
1370 2112 68 58 of
1467 2111 154 74 golf,
1651 2115 83 70 by
1770 2112 350 59 Grantland
2212 2112 90 61 Rice
2336 2113 123 58 and

467 2191 182 59 Clare
676 2190 251 73 Briggs.
994 2191 152 57 New
1169 2190 192 69 York,
1391 2191 129 57 The
1551 2189 358 62 Macmillan
1937 2209 322 54 company,
2292 2191 165 58 1926.

534 2266 61 45 vii
623 2282 55 39 p.,
709 2268 20 42 1
781 2302 22 18 l.,
836 2267 79 45 163
945 2281 41 39 p.
1045 2264 122 47 illus.
1223 2266 54 46 25½
1312 2268 47 19 cm
1364 2301 10 9 .

469 2324 53 53 ©
547 2327 115 51 June
687 2326 66 49 29,
784 2324 127 53 1926;
941 2325 64 43 2c.
1034 2326 87 42 and
1146 2325 78 43 aff.
1251 2325 116 52 June
1393 2324 76 53 30;
1499 2324 44 43 A
1569 2324 189 53 891982;
1787 2324 268 44 Macmillan
2079 2340 67 29 co.

546 2382 270 55 (26-13132)

467 2452 237 68 Richet,
749 2451 256 59 Charles
1045 2451 251 72 Robert,
1339 2454 188 57 1850-

613 2529 1850 73 … Compendio de historia universal, ensayo sobre el
470 2610 237 71 pasado
748 2609 100 57 del
883 2608 256 57 hombre
1178 2627 43 53 y
1260 2608 76 57 de
1375 2607 94 58 las
1514 2607 359 58 sociedades
1910 2607 326 58 humanas.
470 2607 1968 138 Prefacio
664 2689 74 57 de
765 2687 61 56 la
856 2685 237 58 edición
1123 2685 297 72 española
1449 2686 73 57 de
1551 2685 204 72 Angel
1784 2684 243 59 Pulido.
2096 2684 366 72 Barcelona,

471 2765 161 59 Casa
665 2764 293 59 editorial
990 2764 271 58 Araluce
1296 2793 13 43 [
1309 2773 19 21 c
1332 2764 164 71 1925]

540 2842 145 52 xxxii,
721 2841 196 48 [33]–546
948 2857 38 37 p.
1021 2840 99 45 incl.
1152 2855 138 38 maps.
1348 2841 54 42 22½
1437 2843 46 17 cm
1491 2876 8 8 .

541 2900 62 43 At
634 2900 115 44 head
778 2899 51 44 of
857 2898 124 48 title:
1014 2899 83 42 Dr.
1130 2897 190 46 Charles
1352 2897 174 44 Richet.

472 2950 1984 59 © Jan. 15, 1925; 1c. Dec. 28; A—Foreign 31125; Ram ó n de S. N. Araluce,
543 3015 260 50 Barcelona,
843 3011 150 53 Spain.
1062 3009 271 56 (26-13671)

468 3083 240 73 Ridley,
746 3083 143 72 Nat,
926 3083 80 71 jr.

617 3157 1843 76 … In the nick of time; or, Nat Ridley saving a life, by
471 3235 1964 156 Nat Bidley, jr. … Garden City, N. Y., Garden City publishing co., inc., 1926.
543 3392 1287 59 1 p. l ., 216 p. 19 cm . (His Nat Ridley series—3)
541 3456 62 42 At
632 3454 114 45 head
773 3452 52 47 of
850 3453 123 43 title:
1006 3452 92 44 Nat
1128 3452 165 52 Ridley
1321 3451 217 44 detective
1566 3450 174 45 stories.

473 3508 53 54 ©
554 3510 119 43 Mar.
702 3510 39 50 3,
773 3507 105 44 1926;
930 3508 64 42 2c.
1024 3508 88 42 and
1139 3507 79 43 aff.
1248 3507 118 42 Mar.
1394 3506 55 43 26;
1504 3506 43 42 A
1576 3505 163 44 890057;
1798 3505 177 45 Garden
2005 3504 104 54 City
2136 3505 100 52 pub.
2266 3519 77 37 co.,
2376 3506 82 43 inc.

552 3565 269 55 (26-12982)

471 3636 319 66 Rinehart,
827 3637 152 56 Mrs.
1016 3635 188 72 Mary
1248 3633 323 73 (Roberts)
1618 3634 187 58 1876-

546 3708 1917 75 Nomad ’s land, by Mary Roberts Rinehart … New
471 3790 187 71 York,
696 3788 240 72 George
969 3789 80 57 H.
1083 3789 216 58 Doran
1334 3806 304 53 company
1673 3816 14 44 [
1689 3796 18 22 c
1711 3788 164 69 1926]

542 3864 78 46 viii
649 3880 54 39 p.,
734 3866 19 43 1
802 3900 22 17 l.,
855 3864 163 46 11-287
1044 3880 40 39 p.
1145 3865 143 45 front.
1315 3864 170 56 (port.)
1523 3863 157 56 plates.
1737 3866 54 44 22½
1826 3866 47 18 cm
1878 3898 11 10 .
