2542 4285
1337 3960 112 57 558

422 339 331 70 Rabenort,
791 340 280 60 William
1104 342 206 73 Louis,
1349 346 188 56 1870-
1693 347 90 57 ed.

498 429 240 60 Stories
791 431 104 56 for
947 431 212 71 junior
1210 433 151 71 high
1415 433 259 71 schools,
1730 435 207 57 edited
1987 437 82 70 by
2120 436 279 59 William

418 508 1985 77 Rabenort … New York, Chicago [etc.] C. Scribner’s
420 604 141 38 sons
603 616 12 42 [
619 594 17 21 c
639 587 163 71 1926]

488 663 545 55 4 p. l., 416 p. 19 cm .
748 720 1657 54 CONTENTS .— A Christmas carol, by C. Dickens.— The cricket on the
417 776 171 50 hearth,
622 777 59 51 by
714 775 49 45 C.
797 776 360 53 Dickens.—Rip
1190 777 104 43 Van
1326 777 197 54 Winkle,
1555 779 59 52 by
1644 782 73 43 W.
1753 779 329 53 Irving.—The
2114 789 131 44 great
2277 790 129 37 stone

418 833 110 49 face,
561 834 60 51 by
652 834 58 42 N.
747 833 455 44 Hawthorne.—The
1236 835 103 51 lady
1373 848 51 29 or
1459 834 75 44 the
1565 836 146 51 tiger?
1744 836 58 53 by
1837 836 49 43 F.
1922 839 53 47 R.
2014 836 390 47 Stockton.—The

417 890 172 51 perfect
621 890 177 48 tribute,
833 891 58 51 by
924 891 139 52 Mary
1095 891 53 42 R.
1186 889 44 47 S.
1263 891 397 45 Andrews.—The
1692 908 102 28 man
1827 892 193 46 without
2052 911 24 27 a
2110 903 204 43 country,
2346 896 60 50 by

416 945 52 46 E.
508 946 50 46 E.
599 946 130 44 Hale.

415 1002 52 52 ©
498 1003 110 53 Apr.
644 1003 63 53 16,
743 1003 128 52 1926;
904 1003 65 43 2c.
1003 1004 110 51 May
1147 1003 74 53 18;
1255 1004 78 43 aff.
1368 1004 112 52 Apr.
1512 1005 77 52 30;
1623 1006 43 42 A
1700 1005 188 53 891455;
1926 1006 187 46 Charles
2150 1007 247 47 Scribner’s

484 1074 114 29 sons.
668 1059 269 54 (26-10842)

416 1142 342 69 Radziwill,
793 1142 345 58 Ekaterina
1174 1143 399 74 (Rzewuska)
1613 1145 318 73 kni͡agina,
1962 1149 184 57 1858-

492 1234 172 71 They
705 1234 175 57 knew
925 1234 103 57 the
1073 1233 482 71 Washingtons;
1600 1235 218 58 letters
1864 1236 169 58 from
2078 1258 36 38 a
2158 1238 244 58 French

415 1311 227 58 soldier
679 1310 149 58 with
863 1311 336 68 Lafayette
1240 1312 123 57 and
1395 1311 167 57 from
1597 1312 96 58 his
1731 1314 225 72 family
1989 1313 66 57 in
2091 1315 310 74 Virginia,

410 1390 352 57 translated
820 1390 83 66 by
961 1389 292 58 Princess
1315 1389 340 57 Radziwill.
1756 1391 452 73 Indianapolis,
2272 1394 129 56 The

407 1467 483 58 Bobbs-Merrill
923 1485 305 54 company
1262 1496 14 43 [
1278 1476 20 20 c
1299 1468 163 71 1926]

479 1543 94 53 255,
612 1547 52 44 [1]
702 1559 40 38 p.
802 1546 53 40 22
862 1547 47 17 cm
916 1579 8 8 .

411 1600 52 53 ©
495 1602 109 51 Apr.
640 1603 64 49 13,
737 1602 128 52 1926;
897 1601 64 43 2c.
993 1602 86 42 and
1110 1602 77 42 aff.
1220 1601 111 53 Apr.
1367 1599 74 54 17;
1473 1601 44 43 A
1549 1601 189 54 891056;
1774 1603 359 44 Bobbs-Merrill
2163 1619 67 30 co.

489 1657 267 53 (26-10864)

409 1741 280 69 Roberts,
733 1741 289 57 Kenneth
1059 1740 218 73 Lewis,
1319 1744 187 56 1885-

486 1833 1911 70 Florida, by Kenneth L. Roberts … New York and
407 1911 275 71 London,
715 1910 257 70 Harper
1002 1910 48 56 &
1080 1910 307 71 brothers,
1423 1911 166 56 1926.

478 1985 1109 54 xiv p., 2 l., 3-324 p. front., plates. 22½ cm .
407 2042 52 53 ©
491 2044 111 51 May
637 2041 62 53 15,
734 2042 128 53 1926;
894 2044 62 42 2c.
989 2043 112 52 May
1135 2041 74 53 15;
1244 2043 77 43 aff.
1355 2044 110 50 May
1500 2042 74 52 18;
1609 2042 43 43 A
1683 2042 188 53 891450;
1907 2043 183 52 Harper
2122 2044 37 43 &
2189 2044 119 43 bros.

484 2099 267 54 (26-10806)

408 2183 364 71 Rocheleau,
809 2181 282 59 William
1127 2180 280 58 Francis.

484 2261 127 56 The
653 2259 365 73 geography
1059 2260 67 56 of
1167 2277 335 39 commerce
1547 2259 123 57 and
1708 2259 312 71 industry,
2063 2261 83 70 by
2184 2259 96 59 W.
2323 2259 71 57 F.

403 2336 1970 151 Rocheleau … Rev. ed. Boston, New York [etc.] Educational publishing company [ c 1926]
472 2495 57 49 vi,
561 2493 80 45 396
675 2508 38 37 p.
773 2493 131 52 illus.,
937 2506 125 38 maps
1090 2493 126 52 (part
1249 2491 135 53 fold.)
1450 2491 54 43 20
1511 2494 47 17 cm
1565 2527 7 8 .

405 2549 52 53 ©
492 2552 110 51 May
639 2549 61 52 15,
736 2549 129 53 1926;
899 2550 63 42 2c.
998 2551 111 51 May
1144 2547 75 55 17;
1254 2549 79 43 aff.
1367 2550 113 51 May
1514 2548 74 52 18;
1625 2548 43 43 A
1702 2548 188 53 891468;
1926 2549 74 45 W.
2035 2547 52 46 F.
2121 2547 269 54 Rocheleau,

475 2606 210 53 Chicago.
754 2605 269 55 (26-10863)

405 2691 247 67 Sexton,
687 2691 152 56 Mrs.
871 2689 172 72 Lucy
1074 2689 147 56 Ann
1260 2688 279 74 (Foster)
1583 2690 188 57 1853-
1929 2689 90 58 ed.

404 2766 1988 231 … The Foster family, California pioneers; first overland trip. 1849, second overland trip, 1852, third overland trip, 1853, fourth trip (via Panama) 1857. [Santa
401 3003 306 72 Barbara,
744 3002 205 69 Calif.,
983 3001 129 59 The
1149 3001 274 60 Schauer
1455 2997 286 76 printing
1776 2999 223 72 studio,
2032 2997 135 72 inc.,
2201 3006 20 22 c
2224 2999 164 73 1925]

471 3080 80 46 285
585 3096 39 37 p.
686 3081 116 44 illus.
831 3080 127 52 (incl.
993 3080 169 51 ports.)
1227 3079 55 43 20
1288 3082 47 18 cm
1342 3115 9 8 .

475 3138 115 45 Coat
616 3140 51 43 of
692 3153 119 29 arms
840 3153 58 28 on
926 3145 96 43 t.-p.

473 3194 268 46 Dedication
771 3192 184 53 signed:
987 3194 127 51 Lucy
1140 3194 57 43 A.
1227 3191 165 46 Foster
1424 3191 184 47 Sexton.

474 3252 217 45 Contains
723 3253 110 41 Rev.
867 3252 129 43 Isaac
1026 3249 198 44 Foster’s
1252 3250 185 51 journal
1469 3252 53 43 of
1552 3250 76 44 the
1657 3249 100 44 first
1786 3247 90 53 trip
1906 3249 87 44 and
2023 3250 174 44 Marett
2227 3247 165 46 Foster

405 3308 278 52 Cummings’
717 3306 184 53 journal
936 3308 51 43 of
1019 3307 75 43 the
1128 3309 163 42 second
1324 3304 90 54 trip
1449 3306 207 52 together
1689 3305 111 45 with
1834 3319 242 32 numerous
2114 3305 161 52 family
402 3303 1966 108 letters
520 3368 86 42 and
632 3363 343 46 miscellaneous
1003 3362 221 52 writings.

399 3419 52 52 ©
484 3421 106 42 Dec.
627 3418 61 51 15,
725 3417 128 54 1925;
885 3419 65 42 2c.
983 3419 112 49 May
1127 3417 64 52 10,
1226 3416 130 54 1926;
1391 3417 77 42 aff.
1501 3418 112 51 May
1644 3416 48 52 8;
1728 3416 44 43 A
1805 3413 189 55 891377;
2029 3416 49 43 L.
2113 3415 51 46 F.
2199 3414 184 54 Sexton,

471 3475 170 53 Goleta,
681 3474 133 45 Calif.
883 3472 269 55 (26-10703)

399 3561 318 70 Seymour,
757 3558 192 58 Flora
987 3558 283 59 Warren.

400 3633 1962 156 The Indians today, by Flora Warren Seymour … Chicago, New York [etc.] B. H. Sanborn & co., 1926.
468 3796 56 47 iv,
557 3794 69 50 [2],
653 3794 79 44 235
761 3808 38 36 p.
862 3794 136 42 front.
1044 3792 116 43 illus.
1188 3790 126 53 (incl.
1343 3790 129 53 map)
1542 3792 51 43 19½
1625 3793 46 17 cm
1678 3826 8 8 .

397 3846 52 53 ©
481 3849 111 50 May
622 3848 64 44 13,
720 3847 129 52 1926;
880 3848 64 42 2c.
975 3848 86 42 and
1092 3847 77 43 aff.
1202 3848 111 51 May
1345 3845 74 53 15;
1453 3845 44 43 A
1529 3845 186 52 891431;
1750 3843 128 53 Benj.
1912 3844 60 43 H.
2009 3842 205 48 Sanborn
2247 3844 37 43 &
2315 3858 64 28 co.

474 3902 268 56 (26-10706)
