2542 4285
1042 4036 148 58 1181

94 437 319 74 Michigan
444 439 156 54 state
635 429 371 62 automobile
1041 427 222 71 school,
1297 426 262 60 Detroit.

170 524 397 60 Automotive
598 522 318 58 reference
945 519 159 58 book;
1167 538 36 37 a
1235 517 300 72 complete
1566 515 320 59 reference
1917 517 155 56 book

93 606 105 58 for
227 605 104 57 the
361 622 108 45 use
503 600 65 58 of
602 600 282 57 students
919 597 68 57 of
1015 595 103 59 the
1153 593 317 74 Michigan
1504 596 161 55 state
1702 592 374 60 automobile

98 682 206 59 school
346 681 64 55 in
455 675 394 75 conjunction
891 674 150 57 with
1083 672 164 59 their
1292 689 249 41 courses
1588 671 65 56 in
1696 669 379 60 automotive

97 756 436 72 construction,
573 753 341 72 operation,
954 749 429 60 maintenance
1420 749 123 57 and
1580 745 337 74 repairing.
2001 746 77 58 3d

97 837 90 58 ed.
269 832 266 74 Detroit,
586 829 204 74 Mich.,
843 827 317 73 Michigan
1211 829 163 55 state
1426 821 374 62 automobile
1851 822 226 71 school,

97 925 17 22 c
118 914 164 58 1926.

165 992 1040 65 2 p. l., 406 p. illus., pl., diagrs. 27½ cm .
97 1073 52 55 ©
183 1074 120 52 Sept.
334 1074 67 51 30,
435 1072 103 44 1926;
594 1071 63 42 2c.
690 1069 99 45 Oct.
821 1070 25 43 9;
906 1068 78 43 aff.
1019 1067 101 44 Oct.
1154 1066 24 44 7;
1236 1066 45 42 A
1312 1062 165 47 950454;
1537 1062 232 54 Michigan
1803 1068 114 38 state
165 1068 1890 107 automobile

368 1128 165 46 school.
601 1125 270 57 (26-17884)

100 1229 172 70 Miln,
307 1231 150 56 Mrs.
493 1225 222 59 Louise
758 1223 301 75 (Jordan)
1102 1225 188 58 1864-

175 1307 1908 83 It happened in Peking, by Louise Jordan Miln … New
104 1396 183 72 York,
318 1393 336 60 Frederick
683 1393 74 56 A.
791 1392 220 59 Stokes
1043 1408 320 54 company,
1396 1390 165 57 1926.

169 1484 553 56 5 p. l., 368 p. 19½ cm .
100 1555 52 55 ©
186 1558 100 43 Oct.
319 1555 36 51 7,
390 1554 128 52 1926;
548 1554 65 44 2c.
647 1554 101 43 Oct.
784 1553 73 51 14;
892 1552 78 43 aff.
1003 1552 101 43 Oct.
1142 1552 74 51 13;
1250 1550 45 42 A
1326 1546 188 56 950460;
1550 1546 246 46 Frederick
1825 1547 57 43 A.
1919 1544 162 49 Stokes

169 1628 65 29 co.
303 1611 267 56 (26-17802)

103 1709 400 75 Mississippi.
580 1709 210 58 Board
834 1708 66 72 of
939 1706 342 60 education.

161 1798 387 75 Mississippi
575 1798 385 73 elementary
986 1795 207 62 school
1220 1794 394 74 curriculum,
1642 1795 229 72 grades
1923 1829 163 22 I-VIII.

107 1878 177 59 State
330 1877 396 73 department
774 1875 67 59 of
889 1874 344 72 education,
1282 1873 165 59 1926.
1549 1872 292 74 Jackson,
1893 1870 195 73 Miss.,

106 1956 240 58 Tucker
371 1953 284 74 printing
679 1953 212 72 house,
919 1961 20 23 c
942 1952 164 58 1926.

174 2044 84 45 484
283 2058 40 39 p.
383 2041 118 46 illus.
528 2042 126 54 (incl.
684 2042 173 55 music)
922 2043 54 44 23
983 2045 16 17 cm
1036 2077 9 9 .

177 2114 47 42 A
255 2112 202 45 revision
491 2112 55 43 of
578 2112 77 42 the
689 2111 180 46 Course
901 2111 56 44 of
989 2109 149 55 study,
1173 2109 156 55 public
1360 2109 197 54 schools,
1596 2107 292 57 Mississippi,
1924 2109 167 55 grades

128 2194 126 27 I-VIII,
279 2166 156 45 issued
460 2168 58 54 by
543 2167 75 44 the
646 2167 128 46 State
801 2166 144 45 board
973 2167 53 43 of
1054 2165 256 54 education,
1340 2165 118 46 1923.
1519 2166 60 54 cf.
1612 2165 126 45 Pref.

106 2224 52 55 ©
192 2226 100 43 Oct.
325 2225 37 52 7,
399 2225 103 44 1926;
560 2225 62 43 2c.
655 2226 85 42 and
772 2225 77 44 aff.
885 2225 101 43 Oct.
1020 2225 25 43 9;
1107 2223 43 45 A
1182 2225 163 43 949443;
1407 2222 182 46 Tucker
1621 2223 200 55 printing
1851 2224 153 44 house.

184 2280 270 57 (26-17915)

108 2381 352 74 Montague,
502 2382 236 72 Joseph
776 2380 320 76 Franklin,
1140 2383 189 58 1893-

188 2473 128 58 The
374 2474 257 57 modern
689 2474 336 57 treatment
1086 2472 67 58 of
1208 2471 452 76 hemorrhoids,
1718 2473 83 73 by
1857 2471 240 74 Joseph

111 2545 1917 81 Franklin Montague … foreword by Harlow Brooks …
111 2630 107 57 116
261 2626 433 61 illustrations.
776 2626 438 74 Philadelphia
1256 2628 123 58 and
1417 2627 276 75 London,
1735 2628 60 60 J.
1839 2628 72 57 B.
111 2627 1963 151 Lippincott

382 2724 302 54 company
716 2735 15 42 [
730 2715 20 22 c
753 2707 164 74 1926]

181 2783 60 50 ix,
272 2784 81 44 296
384 2798 41 39 p.
484 2783 116 44 illus.
657 2782 53 45 23½
745 2785 47 19 cm
799 2818 9 9 .

184 2840 323 54 Bibliography:
566 2855 40 38 p.
638 2839 204 46 283-291.

113 2896 52 55 ©
196 2898 118 53 Aug.
346 2898 37 51 6,
417 2895 128 55 1926;
577 2898 64 43 2c.
672 2898 86 43 and
790 2898 77 42 aff.
902 2897 101 45 Oct.
1038 2899 73 52 13;
1146 2897 43 43 A
1223 2895 188 55 950423;
1445 2898 40 52 J.
1520 2897 50 44 B.
1602 2895 257 55 Lippincott
1887 2910 66 30 co.

190 2954 269 55 (26-17892)

114 3054 228 72 Moore,
385 3053 227 71 Frank,
656 3056 188 57 1868-

193 3144 107 59 Off
337 3144 103 57 the
481 3144 222 57 beaten
743 3147 185 71 road;
968 3165 36 37 a
1046 3145 187 74 study
1274 3146 68 57 of
1384 3146 103 59 the
1529 3145 323 59 character
1892 3148 68 55 of
2000 3145 103 59 the

117 3221 283 60 offender
444 3222 122 58 and
611 3221 293 74 society’s
950 3224 155 71 duty
1148 3225 241 56 toward
1433 3223 146 74 him,
1625 3223 286 73 together
1954 3221 152 60 with

117 3299 380 59 discussions
541 3304 62 53 to
642 3300 142 71 help
827 3300 127 57 him
996 3300 302 59 establish
1339 3322 36 37 a
1414 3300 242 59 normal
1695 3301 201 58 moral
117 3319 1964 117 manhood

318 3372 1789 84 [by] Frank Moore … Rahway, N. J., New Jersey
119 3453 860 73 reformatory print [ c 1926]
188 3531 79 46 365
298 3547 40 39 p.
397 3534 54 43 24
457 3534 47 20 cm
511 3567 8 8 .

120 3587 52 55 ©
204 3588 121 54 Sept.
355 3590 65 50 30,
453 3590 127 52 1926;
612 3590 63 43 2c.
703 3591 86 43 and
818 3591 76 42 aff.
928 3591 101 43 Oct.
1059 3591 50 52 2;
1142 3590 43 43 A
1214 3589 189 53 949336;
1436 3588 50 46 F.
1519 3590 175 52 Moore,
1725 3589 216 55 Rahway,
1973 3590 60 44 N.
2063 3589 40 54 J.

198 3645 269 57 (26-17704)

121 3746 282 74 Morgan,
446 3746 281 60 William
770 3746 285 59 Thomas.

200 3837 59 56 A
299 3834 184 75 guide
522 3840 63 54 to
625 3837 103 59 the
770 3838 188 72 study
996 3837 68 58 of
1102 3837 267 74 English
1405 3837 265 75 history,
1707 3838 84 75 by
1829 3838 278 60 William

127 3909 1834 86 Thomas Morgan … New York, A. A. Knopf, 1926.
