2542 4285
1051 4002 112 49 481

141 366 318 72 Adelman,
493 368 235 72 Joseph
757 367 361 58 Ferdinand
1148 367 287 71 Gottlieb,
1471 371 185 55 1862-

220 458 269 57 Famons
535 477 251 52 women,
835 477 78 38 an
961 458 230 58 outline
1239 459 67 57 of
1351 460 295 56 feminine
1693 458 420 60 achievement

143 535 268 72 through
444 535 101 56 the
581 554 146 52 ages
761 536 150 56 with
945 536 111 56 life
1093 534 223 59 stories
1354 537 68 56 of
1455 535 118 58 five
1606 537 284 57 hundred
1923 539 189 56 noted

139 612 1969 72 women. By Joseph Adelman … New York, Ellis M.
141 690 227 56 Lonow
395 708 302 52 company
725 720 12 42 [
738 698 20 21 c
761 691 164 70 1926]

204 764 1114 53 xvi, 17-328 p. front., plates, ports. 19½ cm .
132 819 53 54 ©
218 823 111 50 Apr.
361 822 64 50 28,
465 821 126 52 1926;
626 823 62 42 2c.
723 823 87 42 and
841 822 77 42 aff.
954 823 110 51 May
1100 824 45 49 1;
1180 823 43 41 A
1256 822 187 51 891223;
1481 821 112 46 Ellis
1630 824 64 41 M.
1731 823 169 43 Lonow
1934 838 65 27 co.

209 876 240 55 (26-9917)

133 975 296 68 Ashmun,
471 976 323 70 Margaret
833 975 191 57 Eliza.

214 1065 223 59 School
459 1066 185 71 keeps
670 1067 232 71 to-day,
925 1067 83 71 by
1032 1065 324 73 Margaret
1381 1065 299 58 Ashmun.
1746 1067 150 56 New
1918 1067 189 72 York,

135 1143 130 58 The
293 1143 353 58 Macmillan
677 1162 318 53 company,
1028 1144 164 56 1926.

200 1218 741 54 6 p. l., 235 p. front. 19½ cm .
128 1274 53 54 ©
208 1277 110 51 Apr.
345 1276 65 52 27,
442 1276 126 52 1926;
595 1277 65 42 2c.
689 1277 87 42 and
800 1277 78 42 aff.
906 1277 111 51 Apr.
1044 1276 77 51 28;
1150 1277 43 41 A
1222 1274 187 53 890528;
1442 1276 65 44 M.
1537 1274 220 53 Ashmun,
1787 1276 116 43 New
1934 1277 175 43 Haven.

205 1332 241 54 (26-9916)

130 1431 245 72 Austin,
425 1432 302 56 Bertram.

209 1519 1903 73 The secret of high wages, by Bertram Austin … and
130 1596 1956 136 W. Francis Lloyd … with a foreword by Walter T. Layton
339 1675 1623 71 … New York, Dodd, Mead and company, 1926.
223 1752 321 52 124 p. 19½ cm .
123 1808 53 54 ©
207 1811 110 51 Apr.
347 1811 65 50 24,
448 1810 126 50 1926;
606 1810 64 43 2c.
701 1810 112 51 Apr.
842 1808 78 53 27;
953 1810 78 42 aff.
1062 1810 110 51 Apr.
1203 1809 75 51 30;
1312 1810 43 41 A
1387 1807 186 53 890564;
1609 1810 144 49 Dodd,
1788 1810 138 43 Mead
1959 1811 36 43 &
2027 1825 78 36 co.,

194 1866 80 44 inc.
343 1866 266 54 (26-10006)

126 1965 171 70 Beer,
342 1964 282 69 Thomas,
668 1966 187 56 1889-

181 2056 130 57 The
353 2073 220 39 mauve
621 2056 257 70 decade;
927 2055 332 56 American
1305 2054 110 58 life
1464 2057 64 56 at
1571 2055 104 57 the
1724 2056 117 56 end
1890 2055 66 56 of
2002 2055 102 57 the

126 2132 1978 73 nineteenth century, by Thomas Beer … New York, A. A.
123 2210 239 73 Knopf,
396 2212 163 55 1926.

190 2288 83 43 268
300 2302 54 38 p.,
389 2289 17 41 1
458 2322 8 9 l.
523 2288 52 43 22½
610 2290 46 17 cm
663 2322 8 8 .

119 2342 54 53 ©
200 2345 111 52 Apr.
337 2345 65 48 23,
435 2344 126 51 1926;
590 2344 63 43 2c.
682 2345 110 51 May
824 2345 44 50 1;
896 2344 78 42 aff.
1003 2344 111 51 Apr.
1138 2343 80 52 29;
1248 2344 43 41 A
1320 2343 187 52 890600;
1538 2343 166 43 Alfred
1733 2344 57 41 A.
1820 2340 171 53 Knopf,
2022 2342 81 42 inc.

198 2399 240 55 (26-9922)

124 2499 286 71 Branom,
450 2498 246 57 Mendel
732 2498 272 71 Everett,
1044 2500 187 57 1889-

201 2592 142 72 Key
389 2596 63 54 to
497 2592 103 58 the
644 2592 276 56 Branom
965 2589 273 74 practice
1282 2593 156 56 tests
1487 2588 65 59 in
1597 2590 380 72 geography,
2024 2591 81 70 by

125 2665 1979 74 M. E. Branom … New York, The Macmillan company,
125 2749 163 56 1926.

191 2824 269 49 cover-title,
491 2824 108 48 [117]
631 2838 43 38 p.
732 2823 118 44 illus.
877 2824 177 51 (maps)
1124 2823 49 44 18
1179 2826 47 17 cm
1233 2858 8 7 .

116 2878 54 53 ©
199 2879 103 43 Feb.
329 2880 66 50 23,
426 2880 106 42 1926
545 2894 8 37 ;
582 2880 64 42 2c.
674 2880 87 42 and
785 2879 78 43 aff.
891 2878 106 44 Feb.
1023 2879 78 52 24;
1129 2879 43 41 A
1199 2875 189 54 879635;
1420 2875 262 44 Macmillan
1710 2892 65 27 co.

194 2933 241 56 (26-6795)

121 3033 221 71 Brush,
386 3033 274 58 Edward
699 3031 175 59 Hale.

197 3120 1838 76 Rufus King and his times, by Edward Hale Brush …
120 3201 150 57 New
301 3202 189 69 York,
523 3202 71 55 N.
630 3202 68 56 L.
735 3202 247 68 Brown,
1018 3202 164 56 1926.

191 3278 78 43 159
289 3292 40 38 p.
389 3278 149 51 front.,
560 3278 154 53 plates,
737 3286 138 44 ports.
934 3279 53 42 22
993 3282 47 17 cm
1048 3315 7 7 .

116 3335 51 53 ©
201 3338 117 42 Mar.
351 3335 65 52 25,
452 3337 127 51 1926;
611 3337 65 42 2c.
708 3338 88 42 and
826 3337 80 43 aff.
939 3337 110 51 May
1082 3336 48 51 3;
1166 3336 43 41 A
1243 3332 187 54 890583;
1469 3332 216 44 Nicholas
1721 3332 48 43 L.
1809 3334 178 42 Brown.

191 3392 269 55 (26-10009)

118 3477 290 74 Buckley,
449 3476 165 59 John
650 3478 200 69 Peter,
889 3479 187 57 1873-

192 3567 262 59 Modern
516 3568 209 57 dental
783 3567 268 57 materia
1111 3564 256 72 medica,
1430 3563 486 73 pharmacology
1977 3563 123 57 and

115 3646 439 71 therapeutics,
584 3646 318 71 including
929 3645 104 57 the
1063 3643 303 72 practical
1395 3641 382 73 application
1810 3642 67 57 of
1907 3642 192 69 drugs

117 3725 121 56 and
270 3724 301 57 remedies
603 3723 64 56 in
699 3723 104 57 the
834 3725 337 54 treatment
1203 3721 67 57 of
1302 3720 261 69 disease,
1594 3720 82 70 by
1708 3720 61 58 J.
1803 3720 68 56 P.

115 3716 1984 155 Buckley … 5th ed., rev., two hundred five illustrations.
114 3876 1569 74 Philadelphia, P. Blakiston’s son & co. [ c 1926]
