2542 4285
1273 3939 112 64 208

396 407 56 44 82
478 420 42 39 p.
582 409 51 44 19½cm.
794 407 288 53 (Half-title:
1120 409 360 53 Contemporary
1507 416 143 46 poets,
1679 411 79 51 30)

325 459 53 54 ©
410 461 105 44 Feb.
547 462 37 51 8,
622 462 127 53 1926;
785 463 63 43 2c.
882 465 117 42 Mar.
1035 466 46 50 1;
1114 465 79 43 aff.
1226 465 106 43 Feb.
1364 465 78 51 26;
1476 465 43 43 A
1552 463 188 55 879714;
1777 466 233 43 Dorrance
2043 467 38 42 &
2114 480 80 36 co.,
2228 467 81 42 inc.

404 517 241 54 (26-5645)

326 587 301 73 Webster,
669 589 197 72 Noah,
908 592 356 57 1758-1843.

404 668 349 59 Webster’s
805 671 196 57 world
1056 671 304 57 standard
1413 667 382 74 dictionary;
1848 689 37 37 a
1940 671 373 58 serviceable

328 744 242 61 volume
596 749 104 55 for
727 748 314 70 everyday
1066 747 339 71 reference,
1433 746 358 74 containing
1817 765 37 37 a
1877 744 167 61 brief
2071 749 245 70 history

329 825 67 55 of
425 823 103 58 the
558 822 266 74 English
853 823 327 72 language,
1210 822 340 74 principles
1583 827 67 55 of
1682 842 336 54 grammar,
2046 825 268 71 prefixes

329 903 122 56 and
504 899 261 72 suffixes,
820 919 356 54 synonyms,
1230 905 348 68 antonyms,
1631 901 347 58 condensed
2028 902 286 60 business

329 980 219 69 forms,
577 997 280 39 common
884 997 210 39 errors
1122 977 67 59 in
1219 977 268 75 spelling
1514 977 122 59 and
1663 978 272 74 writing,
1966 977 349 74 dictionary

329 1057 69 57 of
425 1074 130 39 war
586 1058 123 56 and
740 1053 178 61 radio
950 1059 213 68 terms,
1198 1059 111 55 etc.;
1373 1075 151 40 over
1555 1057 147 56 1200
1732 1054 438 74 illustrations,
330 1059 1965 133 latest

461 1130 215 61 official
711 1150 239 55 census,
988 1132 225 72 edited,
1250 1133 247 60 revised
1533 1136 124 57 and
1692 1135 297 72 enlarged
2021 1135 83 71 by
2138 1134 176 57 Prof.

331 1208 1986 76 C. M. Stevans … Philadelphia, Pa., National publishing
329 1308 106 51 co.,
465 1288 164 59 1926.

398 1362 1524 56 xvi p., 4 l., 8, 608, 15, [1], 31, [1], 32, 16 p. illus. 20½ cm .
400 1422 210 46 Lettered
637 1436 59 31 on
722 1436 166 31 cover:
917 1421 103 48 Self
1045 1422 328 51 pronouncing.

400 1477 139 46 “This
563 1477 258 52 dictionary
844 1478 38 45 is
904 1485 79 38 not
1005 1477 180 52 printed
1208 1479 60 51 by
1291 1479 76 45 the
1389 1477 255 52 publishers
1669 1479 52 45 of
1743 1478 77 46 the
1845 1478 196 53 original
2067 1479 250 47 Webster’s

328 1534 256 49 dictionary
607 1550 54 29 or
684 1533 117 47 their
827 1533 304 47 successors.”

326 1587 53 54 ©
408 1590 99 51 Jan.
540 1586 62 53 15,
635 1588 107 44 1926;
794 1588 65 44 2c.
890 1588 106 44 Feb.
1027 1589 49 51 3;
1109 1589 79 42 aff.
1218 1587 106 45 Feb.
1354 1586 78 54 25;
1464 1587 43 43 A
1537 1586 189 54 883465;
1759 1587 216 45 National
2006 1589 100 52 pub.
2135 1603 69 30 co.

405 1643 240 55 (26-5830)

328 1713 165 73 Wee,
531 1714 182 57 Mons
753 1712 206 74 Olson,
1001 1716 189 57 1871-

402 1791 159 58 Who
590 1791 56 58 is
677 1792 222 70 Jesus;
932 1815 37 37 a
1000 1790 422 58 contribution
1453 1793 65 55 to
1548 1791 104 57 the
1682 1794 257 68 present
1972 1790 349 59 discussion

327 1870 69 57 of
435 1870 103 57 the
579 1868 312 73 certainty
931 1871 123 56 and
1092 1868 387 72 importance
1520 1868 70 58 of
1628 1868 104 58 the
1775 1867 321 60 Christian
2137 1868 183 71 faith,

327 1945 1994 74 by M. O. Wee … 6th thousand. Minneapolis, Minn.,
327 2026 192 57 Press
553 2027 67 56 of
652 2025 343 73 Augsburg
1025 2023 363 73 publishing
1418 2024 212 72 house,
1669 2025 166 56 1926.

396 2102 636 53 88 p. front., pl. 19½ cm .
399 2159 170 44 “Third
603 2159 180 50 edition,
818 2159 175 44 revised
1025 2159 89 43 and
1147 2157 212 54 enlarged
1401 2157 126 54 (first
1559 2156 168 46 edition
1760 2158 41 46 in
1835 2156 344 54 Norwegian)”

401 2215 351 54 Bibliography:
785 2230 39 38 p.
857 2214 66 45 87.

328 2272 53 53 ©
413 2273 106 44 Feb.
551 2274 66 51 23,
653 2273 128 52 1926;
816 2273 64 43 2c.
911 2272 87 44 and
1028 2272 79 43 aff.
1140 2272 120 42 Mar.
1295 2272 46 51 1;
1377 2271 43 43 A
1452 2269 189 53 879712;
1677 2271 64 43 M.
1778 2270 55 45 O.
1867 2271 130 51 Wee,
2035 2269 65 48 St.
2135 2269 126 44 Paul.

406 2328 241 55 (26-5914)

328 2398 413 72 Williamson,
778 2397 235 75 Henry.

410 2478 129 57 The
586 2479 139 56 lone
778 2477 302 59 swallows
1129 2477 123 57 and
1300 2476 179 58 other
1527 2494 215 52 essays
1793 2477 69 57 of
1908 2476 103 57 the
2060 2479 262 69 country

331 2552 1991 78 green, by Henry Williamson … New York, E. P. Dutton
330 2635 49 58 &
407 2652 305 54 company
742 2662 13 43 [
755 2640 19 22 c
778 2634 165 71 1926]

399 2710 642 55 xii p., 1 l., 227 p. 19½cm.
329 2765 53 54 ©
414 2766 106 44 Feb.
548 2765 67 53 25,
652 2765 130 53 1926;
811 2766 65 43 2c.
910 2766 118 42 Mar.
1059 2765 51 52 2;
1143 2764 79 44 aff.
1254 2764 119 43 Mar.
1408 2763 73 52 10;
1515 2763 43 43 A
1589 2761 187 54 879804;
1811 2762 52 47 E.
1896 2763 51 42 P.
1979 2763 175 43 Dutton
2186 2763 37 43 &
2254 2777 66 28 co.

408 2821 241 56 (26-5993)

329 2892 217 72 Wood,
583 2892 245 58 Ernest.

412 2968 1844 76 Concentration; a practical course, by Ernest Wood …
333 3050 361 71 Rewritten,
768 3049 165 58 1925.
1051 3048 288 73 Chicago,
1413 3048 129 58 The
1618 3043 453 76 Theosophical
2142 3064 180 54 press

350 3128 188 73 [ c 1926]
405 3204 584 55 172 p. diagrs. 19 ½ cm .
329 3259 55 54 ©
417 3260 106 45 Feb.
553 3261 67 50 27,
657 3259 129 53 1926;
821 3259 63 43 2c.
922 3259 118 43 Mar.
1076 3256 49 54 5;
1161 3258 78 43 aff.
1275 3259 121 42 Mar.
1430 3258 51 52 3;
1518 3257 43 43 A
1597 3255 188 53 879756;
1823 3255 155 44 Amer,
2015 3253 306 52 theosophical

402 3332 102 36 soc.,
545 3315 210 54 Chicago.
825 3313 242 56 (26-5704)

331 3386 250 72 Woods,
617 3384 341 59 Frederick
992 3385 363 70 Shenstone,
1394 3386 189 56 1864-

408 3464 340 57 Advanced
775 3463 270 57 calculus;
1108 3483 37 37 a
1172 3480 218 39 course
1420 3462 313 71 arranged
1759 3460 151 57 with
1939 3457 233 74 special

333 3457 1968 142 reference
582 3545 64 53 to
681 3541 105 57 the
820 3541 191 56 needs
1049 3541 67 56 of
1153 3540 285 58 students
1478 3538 67 58 of
1582 3538 254 72 applied
1867 3535 453 72 mathematics,

332 3611 1986 79 by Frederick S. Woods … Boston, New York [etc.] Ginn
333 3697 122 56 and
487 3713 304 53 company
825 3695 201 72 [c1926]

401 3771 62 53 ix,
496 3770 80 45 397
609 3785 40 38 p.
710 3770 165 53 diagrs.
934 3769 53 45 23½cm.

333 3826 53 54 ©
413 3827 105 44 Feb.
546 3827 39 52 6,
615 3826 130 52 1926;
774 3827 64 42 2c.
867 3824 107 45 Feb.
998 3824 80 54 27;
1108 3825 78 44 aff.
1216 3823 107 46 Feb.
1355 3824 74 52 19;
1459 3824 43 43 A
1530 3821 188 57 883475;
1748 3821 51 48 F.
1832 3821 45 49 S.
1906 3822 190 51 Woods,
2125 3820 196 44 Newton

405 3883 174 57 Center,
618 3884 142 47 Mass.
829 3881 242 57 (26-5638)
