2568 4342
1173 4094 65 52 17

212 462 308 65 Alderson,
548 463 253 53 Alethea
829 465 177 55 Todd.

281 539 121 52 The
450 538 94 52 far
590 539 109 52 call
749 540 108 67 [by]
910 540 243 55 Alethea
1203 544 164 53 Todd
1412 544 302 55 Alderson.
1789 547 220 68 Dallas,
2056 550 154 66 Tex.,

211 616 1000 71 The Kaleidograph press [ c 1934]
282 691 52 39 xi
362 702 56 37 p.,
448 691 25 38 1
535 722 8 16 l.,
575 690 145 41 15-96
745 702 43 37 p.
847 691 58 41 20
907 694 45 21 cm
956 724 9 9 .

282 762 185 40 Poems.

212 829 52 51 ©
300 833 110 40 Dec.
443 833 40 46 4,
519 831 140 48 1934;
697 833 66 39 2c.
800 833 109 39 Jan.
944 834 40 47 3,
1019 833 141 48 1935;
1200 834 81 40 aff.
1320 836 107 40 Jan.
1464 836 53 48 2;
1556 839 42 38 A
1631 838 173 47 77984;
1843 839 365 49 Kaleidograph

277 900 148 38 press.
497 889 221 49 (35-889)

209 994 239 65 Alvord,
475 994 261 54 Thomas
761 995 85 65 G.,
871 996 72 66 jr.

279 1071 149 53 Paul
477 1073 246 67 Bunyan
772 1073 113 52 and
934 1071 252 55 resinous
1235 1073 226 69 rhymes
1511 1075 64 53 of
1621 1076 95 53 the
1765 1077 172 53 north
1987 1077 219 55 woods:

207 1149 2002 75 written and illustrated by Thomas G. Alvord, jr. … New
213 1228 176 67 York,
418 1228 121 53 The
569 1229 190 68 Derry
763 1228 126 54 dale
921 1248 173 49 press,
1129 1233 149 52 1934.

279 1303 121 40 xviii
425 1313 58 38 p.,
511 1303 25 38 1
597 1333 9 17 l.,
634 1303 85 40 137
744 1313 43 37 p.
847 1303 164 48 front.,
1039 1304 142 48 illus.,
1210 1305 170 48 plates.
1443 1306 147 40 23½cm.

282 1373 1928 53 “Three hundred and thirty-two numbered copies … have been printed
259 1429 1766 53 … and signed by the author. This is number For copyright.”
211 1497 51 52 ©
295 1502 110 39 Dec.
437 1501 69 47 17,
539 1499 141 48 1934;
715 1500 66 40 2c.
815 1502 97 38 and
944 1500 81 41 aff.
1060 1501 110 40 Jan.
1204 1500 39 50 9,
1276 1501 141 49 1935;
1453 1504 40 38 A
1526 1502 169 50 79093;
1731 1506 53 39 T.
1818 1505 52 41 G.
1902 1506 197 48 Alvord,
2132 1506 76 49 jr.,

278 1556 242 49 Superior,
552 1556 114 41 Wis.
739 1557 221 48 (35-874)

208 1661 248 65 Amdur,
484 1661 158 53 Leon
672 1662 262 64 Harney.

214 1738 1991 147 Outline of trade-mark law, by Leon H. Amdur … [New York] The
587 1817 217 55 United
842 1817 189 56 States
1066 1819 355 54 trade-mark
1456 1819 356 67 association,
1849 1825 150 50 1934.

277 1890 284 48 cover-title,
591 1889 59 41 40
679 1900 44 38 p.
782 1890 117 40 23cm.

281 1947 295 50 “Reprinted
607 1946 128 41 from
769 1948 82 39 the
884 1947 217 41 Bulletin
1135 1947 52 41 of
1217 1948 83 41 the
1333 1948 181 41 United
1546 1949 163 41 States
1743 1951 300 39 trade-mark
210 1962 1980 90 association,
431 2005 91 40 vol.
548 2003 70 49 29,
644 2015 102 30 nos.
773 2003 129 42 1-6.”

209 2073 51 52 ©
286 2079 109 38 Dec.
422 2075 71 49 2:4,
516 2076 116 40 1934;
684 2076 65 39 2c.
777 2077 111 39 Dec.
913 2076 56 40 31;
1025 2075 81 41 aff.
1132 2077 111 39 Dec.
1271 2075 60 41 29;
1383 2077 42 39 A
1449 2076 147 42 78906;
1651 2078 179 40 United
1860 2079 162 40 States
274 2078 1918 96 trademark
445 2144 126 30 assn.
643 2132 221 49 (35-656)

206 2236 284 66 Baldwin,
518 2237 237 66 Sidney,
786 2241 172 51 1885-

274 2314 1928 72 Princess Hildegarde, by Sidney Baldwin … illustrations by
205 2394 185 53 Helen
421 2394 384 56 Chamberlin!
882 2395 314 65 Evanston,
1223 2394 114 67 Ill.,
1363 2395 139 53 New
1531 2395 164 52 York
1720 2395 116 68 city
1890 2402 119 61 [etc.]
2044 2398 160 56 Row,

207 2473 947 66 Peterson and company [ c 1935]
274 2560 87 40 304
386 2570 41 38 p.
483 2559 129 40 illus.
667 2558 117 43 19cm.

275 2630 290 41 Illustrated
595 2630 366 48 lining-papers.

208 2698 51 52 ©
291 2703 108 39 Jan.
430 2702 41 47 2,
502 2700 114 41 1935;
674 2700 66 40 2c.
773 2701 109 39 Jan.
911 2701 55 46 4;
1000 2699 80 40 aff.
1114 2700 111 40 Jan.
1254 2701 82 46 14;
1370 2701 43 38 A
1440 2699 170 49 79171;
1645 2702 131 47 Row,
1808 2703 235 39 Peterson
2071 2704 37 39 &
2138 2714 67 30 co.

284 2758 221 50 (35-943)

204 2861 263 66 Bassett,
497 2862 253 53 Edward
779 2862 266 63 Murray,
1077 2865 172 50 1863-

277 2939 191 52 Model
501 2938 138 53 laws
671 2937 94 52 for
798 2936 282 69 planning
1109 2934 176 70 cities,
1318 2934 267 70 counties,
1619 2936 113 53 and
1764 2942 188 61 states,
210 2938 1971 146 including
349 3015 223 69 zoning,
612 3014 353 54 subdivision
1005 3012 340 71 regulation,
1388 3015 113 53 and
1542 3014 318 68 protection
1900 3015 64 53 of
2004 3014 198 55 official

210 3111 148 51 map,
385 3093 74 68 by
487 3092 255 54 Edward
769 3092 79 52 M.
879 3092 244 67 Bassett,
1150 3091 197 54 Frank
1375 3092 68 52 B.
1469 3092 305 68 Williams,
1803 3091 211 56 Alfred
2044 3094 137 54 Bettma
304 3190 38 32 n
389 3171 113 55 and
548 3170 214 53 Robert
805 3169 275 55 Whitten.

1159 3168 359 70 Cambridge,
1567 3170 271 53 Harvard
1889 3174 315 66 university

209 3268 173 49 press,
427 3251 147 49 1935.

275 3320 1866 52 viii, 137 p. 25cm. (Half-title: Harvard city planning studies, VII )
207 3392 51 52 ©
285 3397 117 38 Nov.
429 3395 69 47 30,
526 3393 140 47 1934;
695 3393 67 40 2c.
789 3394 111 38 Dec.
931 3394 81 45 11;
1044 3392 81 40 aff.
1155 3393 108 39 Jan.
1293 3394 38 46 7,
1361 3392 140 48 1935;
1533 3395 43 37 A
1603 3395 169 46 79060;
1805 3397 168 47 Henry
1999 3397 205 39 Vincent

273 3454 250 45 Hubbard,
569 3451 267 46 chairman,
882 3451 230 38 Harvard
1159 3450 162 40 school
1366 3451 53 39 of
1464 3451 101 48 city
1607 3451 247 49 planning,
1902 3453 302 49 Cambridge,

271 3512 145 38 Mass.
488 3507 279 50 (35-27004)

207 3612 291 65 Bolenius,
527 3613 214 51 Emma
766 3609 207 55 Miller.

269 3691 119 52 The
410 3689 271 54 Bolenius
705 3688 241 52 readers.
1008 3687 95 52 5th
1128 3687 216 67 reader,
1367 3688 74 66 by
1465 3690 206 51 Emma
1694 3690 195 52 Miller
1913 3692 290 54 Bolenius,

206 3767 324 54 illustrated
565 3768 74 65 by
675 3766 193 53 Mabel
905 3768 67 49 B.
1009 3765 130 52 Hill
1177 3765 113 52 and
1327 3765 183 52 Edith
1544 3769 65 53 F.
1648 3769 217 51 Butler.
1939 3771 139 51 Rev.
2116 3770 85 52 ed.

205 3841 1886 73 Boston, New York [etc.] Houghton Mifflin company [ c 1934]
274 3936 65 44 xi,
373 3935 69 48 [1],
471 3934 88 40 310
582 3943 44 38 p.
684 3932 128 40 illus.
871 3929 115 41 19cm.

207 3989 51 52 ©
292 3994 111 38 Dec.
436 3991 68 46 14,
536 3989 114 40 1934;
711 3987 64 41 2c.
812 3988 107 39 Jan.
955 3987 38 46 5,
1028 3985 113 41 1935;
1204 3986 80 40 aff.
1320 3986 109 40 Jan.
1462 3988 29 38 4;
1554 3988 41 44 A
1629 3987 142 47 79023;
1837 3991 170 42 Emma
2040 3993 163 39 Miller

273 4047 231 41 Bolenius
529 4045 243 47 Whitney,
798 4044 120 40 New
942 4043 144 39 York.
