2424 4375
1002 4073 132 49 1189

141 531 808 49 2 p. l., vii-xvii, 339 p. 23 ½ cm .
145 586 146 41 “This
312 588 226 39 material
561 589 242 48 appeared
825 588 48 39 in
897 587 314 50 manuscript,
1236 590 48 38 in
1310 600 27 29 a
1362 589 199 49 slightly
1584 589 229 42 different
1836 590 143 48 form,
2002 601 54 30 as

75 643 55 41 “a
161 643 315 42 dissertation
504 646 255 47 presented
790 647 49 39 to
869 646 81 40 the
978 644 189 49 faculty
1197 645 51 40 of
1276 647 81 40 the
1388 646 249 41 Graduate
1666 648 162 40 school
1859 648 52 40 of
1939 648 117 41 Yale

76 699 280 49 university,
383 701 49 39 in
459 700 266 47 candidacy
752 701 77 40 for
855 702 80 40 the
961 702 171 48 degree
1161 702 51 41 of
1237 702 167 40 doctor
1431 702 52 41 of
1507 702 286 50 philosophy
1824 704 235 50 [1933]”—

75 758 268 40 Foreword.

142 812 346 50 Bibliography;
552 824 43 38 p.
630 812 216 42 306-322.

77 880 51 53 ©
155 885 124 39 June
306 884 68 45 29,
403 883 116 40 1935;
573 884 67 39 2c.
668 884 118 47 Aug.
817 883 55 39 12;
930 883 81 40 aff.
1041 884 118 47 Aug.
1190 883 58 40 10;
1303 885 43 38 A
1373 885 144 40 85437;
1574 886 52 39 T.
1654 886 52 39 L.
1736 886 176 47 Relier,
142 886 1901 103 Hatfield,
297 942 81 38 Pa.
453 940 278 48 (35-14858)

73 1043 206 64 Reuss,
306 1043 257 64 August,
597 1044 168 54 1879-

145 1118 703 69 Säuglingskrankheiten,
909 1139 111 34 von
1078 1120 288 67 professor
1428 1121 84 53 dr.
1573 1121 231 66 August
1861 1124 197 53 Reuss.

74 1196 163 54 Wien
265 1197 117 52 und
409 1196 217 65 Berlin,
655 1196 57 55 J.
743 1195 296 68 Springer,
1069 1200 151 51 1935.

143 1267 62 49 vi,
239 1268 99 48 233,
375 1271 55 48 [1]
466 1280 43 37 p.
568 1267 57 40 21
628 1270 44 22 cm
675 1299 9 8 .
756 1269 98 47 (On
887 1278 141 31 cover;
1084 1269 189 42 Biicher
1308 1270 83 41 der
1425 1270 269 42 ärztlichen
1726 1272 184 48 praxis.
1968 1272 81 50 41)

77 1337 1791 53 © Jan. 10, 1935; 1c. June 5; A-Foreign 28099; Julius Springer.
154 1397 278 49 (35-14698)

77 1500 235 65 Reuter,
342 1500 314 54 Frederick
684 1500 226 56 Albert.

145 1576 121 54 Our
299 1577 137 65 boys;
499 1578 151 54 talks
681 1582 58 49 to
771 1578 136 64 boys
941 1578 112 52 and
1086 1596 193 47 young
1308 1597 128 34 men
1468 1597 72 34 on
1573 1578 262 56 Catholic
1867 1580 192 65 ethics,

76 1652 74 67 by
196 1653 139 53 Rev.
385 1652 309 55 Frederick
740 1653 71 54 A.
860 1654 213 53 Reuter
1126 1697 56 10 …
1269 1655 138 52 New
1459 1653 162 55 York
1667 1656 114 52 and
73 1655 1959 142 Cincinnati,
241 1730 66 53 F.
335 1730 202 53 Pustet
565 1748 79 36 co.
678 1729 161 69 (inc.)
881 1734 149 49 1935.

143 1801 84 50 xii,
255 1801 88 43 284
370 1814 44 38 p.
472 1800 56 41 22½
561 1804 45 22 cm
608 1834 10 10 .

144 1859 345 49 Bibliography;
550 1871 44 38 p.
625 1859 67 42 ix.

77 1913 53 53 ©.
157 1917 120 48 Aug.
307 1916 70 48 26,
410 1916 116 40 1935;
585 1917 66 39 2c.
686 1918 96 38 and
815 1916 79 40 aff.
929 1917 119 47 Aug.
1084 1917 82 47 28;
1201 1917 42 39 A
1275 1916 170 48 85661;
1480 1916 263 42 Frederick
1775 1919 173 41 Pustet
1979 1930 82 36 co.,

145 1973 90 41 inc.
304 1972 278 50 (35-14988)

78 2075 297 64 Romaine,
405 2076 295 56 Florence.

146 2152 119 53 The
290 2152 169 53 Flute
486 2154 127 65 Boy
638 2153 63 53 of
726 2153 96 53 the
846 2152 253 67 Navajos
1130 2153 111 67 [by]
1271 2154 272 53 Florence
1568 2154 306 65 Romaine;

78 2155 1958 127 illustrated
303 2229 76 67 by
418 2228 128 56 Nils
587 2230 237 66 Hogner
869 2273 56 10 …
1004 2230 141 54 New
1185 2230 179 66 York,
1404 2231 67 53 T.
1510 2231 212 53 Nelson
1763 2232 112 52 and
1914 2251 146 45 sons,

79 2309 148 52 1935.

144 2377 1797 52 4 p. l., 11-80 p. incl. front., illus. 19½ cm . (Our changing world)
146 2435 286 41 Illustrated
474 2435 361 49 lining-papers.

147 2489 230 43 Contains
409 2503 141 37 songs
582 2493 120 38 with
731 2491 165 41 music.

81 2544 51 53 ©
161 2549 117 47 Aug.
309 2549 42 47 1,
381 2548 139 47 1935;
553 2548 67 40 2c.
652 2549 96 39 and
779 2547 82 41 aff.
892 2547 120 48 Aug.
1047 2548 52 46 8;
1134 2547 43 39 A
1207 2546 170 48 84895;
1412 2549 211 39 Thomas
1656 2549 178 38 Nelson
1868 2549 36 39 &
1936 2559 126 30 sons.

157 2605 277 49 (35-14581)

83 2707 244 65 Russell,
356 2708 302 53 Charlotte
686 2709 262 61 Murray.

147 2782 236 54 Murder
415 2789 59 47 at
504 2784 97 52 the
635 2784 95 52 old
763 2789 158 48 stone
952 2783 173 52 house
1180 2783 76 66 [by]
1312 2783 297 55 Charlotte
1642 2783 242 66 Murray

80 2784 1956 128 Russell
213 2903 56 10 …
340 2859 231 55 Garden
603 2860 153 67 City,
785 2860 72 53 N.
887 2860 90 67 Y.,
1007 2860 144 53 Pub.
1182 2859 94 53 for
1306 2861 94 52 the
1433 2860 190 55 Crime
1654 2861 146 65 club,
1830 2860 127 67 inc.,
1987 2862 72 65 by

82 2935 348 68 Doubleday,
458 2938 197 51 Doran
683 2937 113 52 and
824 2955 294 48 company,
1145 2936 126 65 inc.,
1301 2940 150 49 1935.

147 3008 525 51 4 p. l., 311 p. 20 cm .
150 3065 159 41 “First
341 3065 224 41 edition.”

84 3116 51 53 ©
157 3122 113 48 July
295 3121 69 48 19,
390 3121 140 47 1935;
557 3121 67 40 2c.
651 3122 95 39 and
772 3120 81 41 aff.
880 3121 119 47 Aug.
1027 3120 82 47 29;
1137 3120 43 40 A
1203 3120 116 40 85761;
1401 3121 298 48 Doubleday,
1725 3122 166 39 Doran
1919 3122 38 39 &
1981 3132 82 39 co.,

150 3177 89 42 inc.
308 3177 277 49 (35-14569)

83 3278 268 67 Sanford,
379 3284 138 51 Mrs.
547 3285 170 50 Anne
743 3282 274 63 Putnam,
1046 3281 85 52 ed.

152 3354 434 71 Thanksgiving
613 3357 180 68 plays,
819 3357 235 53 selected
1081 3356 76 69 by
1183 3355 71 53 A.
1283 3357 66 52 P.
1376 3354 273 55 Sanford.
1712 3356 140 53 New
1879 3355 181 68 York,

85 3428 184 71 Dodd,
295 3433 170 54 Mead
492 3436 47 50 &
562 3451 296 52 company,
888 3436 150 50 1935.

155 3503 573 50 5 p. l., 3-219 p. 19 cm .
88 3556 51 53 ©
163 3562 117 48 Aug.
306 3562 68 50 21,
402 3563 140 47 1935;
571 3564 66 40 2c.
664 3565 119 46 Aug.
811 3564 82 47 22;
922 3564 80 39 aff.
1032 3565 118 46 Aug.
1179 3564 83 46 23;
1293 3564 42 39 A
1362 3563 169 48 85603;
1562 3565 154 47 Dodd,
1746 3566 142 39 Mead
1918 3566 38 40 &
1981 3576 82 36 co.,

153 3617 87 41 inc.
310 3620 276 47 (35-14709)

89 3717 223 67 Scherf,
339 3723 208 53 David.

155 3794 203 54 Klinik
380 3800 116 50 und
517 3800 256 65 therapie
797 3800 97 51 der
916 3800 511 51 herzkrankheiten;
1482 3804 266 62 vorträge
1772 3801 99 51 für
88 3801 1952 123 praktische

291 3875 167 65 ärzte,
487 3893 110 34 von
629 3874 398 68 privatdozent
1058 3876 85 52 dr.
1174 3875 72 52 D.
1280 3874 206 56 Scherf
1523 3918 56 10 …
1614 3875 106 53 mit
1752 3878 64 50 10
90 3876 1948 139 textabbildungen.
475 3953 183 65 Wien,
689 3953 56 53 J.
779 3952 295 66 Springer,
1106 3956 150 49 1935.
