2424 4375
1260 4070 100 49 640

305 452 571 64 Homöopathisches
916 454 364 66 arzneibuch;
1324 456 47 50 2.
1414 453 377 67 abgeänderte
1831 450 128 56 aufl.
2034 450 256 70 Leipzig,

377 532 101 51 Dr.
510 531 88 54 W.
634 530 285 67 Schwabe,
954 532 149 50 1934.

378 602 87 39 viii
497 612 58 37 p.,
591 601 25 39 1
686 632 8 16 l.,
729 601 85 39 441
848 611 41 38 p.
949 600 57 40 26
1008 603 45 21 cm
1057 631 8 9 .

378 658 224 41 Includes
632 657 400 48 bibliographical
1064 657 285 40 references.

305 728 1985 53 © Nov. 12, 1934 ; 1c. Mar. 11, 1935 ; A--Foreign 27228; Willmar Schwabe.
386 788 249 48 (35-7126)

306 890 198 53 Idaho.
579 891 276 66 Supreme
884 897 173 46 court.

370 965 1924 70 Reports of cases argued and determined … By Clay Koelsch
317 1042 297 70 (ex-officio
642 1046 281 67 reporter)
997 1063 50 36 v.
1077 1048 78 50 54.
1223 1045 116 54 San
1364 1046 322 57 Francisco,
1714 1043 581 69 Bancroft-Whitney

308 1142 296 48 company,
634 1127 148 49 1935.

377 1196 521 49 xlvii, 8 82 p. 22½ cm .
309 1264 53 53 ©
392 1268 110 47 Apr.
535 1266 69 48 19,
635 1266 114 41 1935
767 1278 8 36 ;
807 1266 66 41 2c.
905 1265 113 49 Apr.
1050 1266 82 47 26;
1166 1266 80 40 aff.
1279 1267 114 47 May
1422 1266 81 47 20;
1536 1270 41 35 A
1607 1265 169 48 81936;
1812 1264 118 49 Clay
1963 1264 221 48 Koelsch,
2218 1264 78 41 for

379 1326 81 39 the
485 1323 177 42 benefit
687 1325 52 39 of
765 1325 82 39 the
872 1326 129 38 state
1026 1323 55 41 of
1106 1324 167 47 Idaho,
1303 1322 158 50 Boise,
1490 1324 71 39 Id.

308 1426 238 54 Illinois.
620 1427 307 67 Appellate
954 1432 200 48 courts.

381 1502 1795 70 Reports of cases determined … with a directory of the
313 1502 1959 147 judiciary
569 1583 62 51 of
667 1583 95 52 the
797 1587 143 48 state
978 1583 111 52 and
1128 1583 274 53 abstracts
1440 1582 62 53 of
1538 1600 149 34 cases
1724 1581 332 67 designated
2091 1582 75 66 by
2202 1583 96 50 the

312 1658 1962 146 courts as not to be reported in full. v. 277, A. D. 1935 … Reported
544 1737 74 66 by
649 1738 159 53 Basil
839 1739 187 53 Jones.
1095 1737 268 68 Chicago,
1394 1738 322 66 Callaghan
1745 1740 46 50 &
1820 1754 294 50 company,
2148 1740 148 49 1935.

381 1811 148 48 xxvii,
560 1811 85 40 654
670 1821 43 38 p.
767 1811 55 39 23
826 1813 43 21 cm
874 1843 8 7 .

312 1878 53 53 ©
387 1883 113 47 May
523 1882 67 47 15,
614 1881 142 47 1935;
778 1881 68 40 2c.
869 1882 96 39 and
988 1881 80 39 aff.
1095 1881 114 47 May
1231 1880 82 47 23;
1339 1881 41 39 A
1405 1880 169 47 81944;
1604 1880 269 47 Callaghan
1897 1879 35 40 &
1956 1889 66 31 co.

311 1982 239 54 Illinois.
624 1985 181 65 Laws,
834 1989 253 60 statutes,
1117 1989 98 47 etc.

385 2060 388 54 Smith-Hurd
830 2061 224 52 Illinois
1112 2060 307 53 annotated
1473 2063 254 50 statutes.
1817 2062 344 51 Permanent
2214 2058 85 53 ed.

316 2137 367 69 Comprising
720 2139 95 51 the
854 2140 135 50 laws
1030 2139 62 52 of
1133 2157 31 33 a
1205 2141 228 65 general
1474 2137 112 53 and
1626 2145 334 60 permanent
1998 2141 203 48 nature
2240 2136 61 52 in

317 2216 153 52 force
506 2223 55 46 at
596 2217 94 52 the
725 2216 108 53 end
869 2217 61 51 of
964 2218 94 52 the
1094 2213 359 71 fifty-eighth
1490 2216 244 54 General
1771 2216 293 67 assembly,
2099 2214 201 54 fourth

313 2292 210 68 special
558 2295 227 65 session,
821 2295 258 67 together
1115 2294 140 52 with
1289 2294 136 53 laws
1462 2293 64 53 of
1560 2295 95 51 the
1692 2291 327 70 fifty-ninth
2057 2294 243 55 General

317 2372 275 68 assembly
628 2377 58 49 to
724 2373 292 66 February
1052 2374 83 64 21,
1175 2374 148 50 1935.
1397 2373 158 66 Kept
1590 2377 57 46 to
1684 2373 129 51 date
1847 2372 75 66 by
1958 2370 344 53 cumulative

316 2453 210 49 annual
557 2449 202 68 pocket
789 2456 176 61 parts,
996 2449 140 52 with
1169 2449 360 53 annotations
1561 2450 153 51 from
1745 2450 95 51 the
1870 2467 147 35 cases
315 2456 1961 139 construing

445 2546 63 34 or
537 2527 280 67 applying
843 2527 95 53 the
966 2530 135 51 laws
1130 2528 111 52 and
1271 2527 139 53 with
1439 2528 177 52 tables
1648 2527 112 53 and
1789 2527 187 53 index,
2039 2528 261 66 chapters

312 2608 185 49 43-46.
586 2605 694 64 Dramshops-Elections.
1368 2607 90 64 By
1507 2606 95 52 the
1650 2604 337 67 publishers’
2037 2604 263 53 editorial

315 2680 148 54 staff.
526 2683 268 66 Chicago,
818 2684 112 65 Ill.,
954 2684 277 51 Burdette
1258 2682 187 53 Smith
1470 2700 305 49 company;
1806 2682 82 53 St.
1914 2683 163 66 Paul,
2101 2682 200 68 Minn.,

317 2758 1960 147 West publishing co.; Kansas City, Mo., Vernon law book company [ c 1935]
425 2942 8 15 x,
460 2910 87 41 800
571 2922 42 36 p.
669 2910 55 39 24½
757 2912 43 21 cm
805 2942 8 7 .

319 2977 52 52 ©
396 2982 111 46 Apr.
535 2980 38 46 8,
600 2979 114 41 1935
731 2991 9 34 ;
769 2979 67 41 2c.
867 2981 93 38 and
990 2979 82 40 aff.
1100 2981 114 47 May
1242 2980 81 43 13;
1356 2981 41 39 A
1426 2979 169 47 81794;
1626 2981 237 41 Burdette
1894 2979 156 42 Smith
2078 2990 82 37 co.,
389 2981 1898 96 Vernon
510 3039 95 38 law
631 3037 122 39 book
779 3047 67 29 co.
874 3038 95 38 and
997 3037 137 40 West
1157 3037 107 47 pub.
1294 3047 65 30 co.

320 3137 217 54 Illinois
563 3136 331 55 federation
920 3139 64 52 of
1010 3139 277 53 women’s
1317 3139 180 54 clubs.
1570 3139 135 54 24th
1733 3140 241 53 district.

389 3214 1906 67 The home cook book … [Chicago, The Chief printing co.]
317 3298 17 21 c
340 3295 148 49 1935.

387 3362 1034 51 4 p. l. , [11]-352 p. illus. (port.) 23 cm .
391 3417 73 41 On
499 3429 162 30 cover:
700 3418 267 50 Sponsored
1006 3421 59 47 by
1101 3420 82 41 the
1218 3420 392 47 Twenty-fourth
1644 3420 208 48 district,
1890 3420 189 40 Illinois
322 3420 1961 95 federation
450 3477 52 42 of
529 3475 223 42 women’s
779 3476 145 41 clubs.

391 3532 161 41 “First
582 3532 224 41 edition.”

323 3596 51 52 ©
405 3600 113 47 Apr.
549 3600 68 48 29,
651 3600 113 41 1935
781 3612 8 36 ;
827 3600 67 41 2c.
925 3603 94 38 and
1053 3600 80 39 aff.
1169 3602 113 45 May
1315 3601 52 45 6;
1401 3602 40 38 A
1472 3600 169 48 82895;
1674 3602 390 47 Twenty-fourth
2094 3601 207 48 district,

392 3656 188 40 Illinois
606 3656 275 41 federation
904 3658 53 39 of
982 3657 226 40 women’s
1231 3658 147 45 clubs,
1406 3654 176 51 C'armi,
1612 3659 74 39 Ill.
1757 3657 248 49 (35-7046)

323 3755 179 52 Index
539 3762 56 49 to
632 3760 148 64 legal
815 3759 355 66 periodicals,
1207 3759 259 66 October,
1504 3764 130 50 1931
1672 3767 57 46 to
1769 3762 343 65 September,
2151 3763 146 48 1934.

394 3831 188 53 Eldon
608 3835 65 51 R.
699 3837 208 63 James,
932 3835 197 53 editor.
1193 3837 137 51 New
1357 3836 160 53 York
1542 3837 133 66 city.
1698 3838 140 52 Pub.
1867 3838 93 50 for
1985 3838 94 52 the
394 3837 1883 125 American

550 3911 333 52 association
914 3913 62 52 of
1005 3915 109 51 law
1143 3911 259 54 libraries
1431 3914 74 65 by
1534 3915 121 51 The
1683 3915 74 51 H.
1788 3916 88 51 W.
1906 3913 220 54 Wilson
393 3931 1882 123 company,
590 3991 148 50 1935.
