<alto xmlns="http://www.loc.gov/standards/alto/ns-v3#" xmlns:xlink="http://www.w3.org/1999/xlink" xmlns:xsi="http://www.w3.org/2001/XMLSchema-instance" xsi:schemaLocation="http://www.loc.gov/standards/alto/ns-v3# http://www.loc.gov/alto/v3/alto-3-0.xsd"><Description>
<MeasurementUnit>pixel</MeasurementUnit>
<sourceImageInformation>
<fileName>1935_v32_Part1.pdf</fileName>
</sourceImageInformation>
<OCRProcessing ID="IdOcr">
<ocrProcessingStep>
<processingDateTime>2019-01-15</processingDateTime>
<processingSoftware>
<softwareCreator>ABBYY</softwareCreator>
<softwareName>ABBYY Recognition Server</softwareName>
<softwareVersion>4.0</softwareVersion>
</processingSoftware>
</ocrProcessingStep>
</OCRProcessing>
</Description>
<Styles>
<ParagraphStyle ID="StyleId-FFFFFFFF-FFFF-FFFF-FFFF-FFFFFFFFFFFF-" ALIGN="Left" LEFT="0." RIGHT="0." FIRSTLINE="0."/>
<ParagraphStyle ID="StyleId-09A13A44-4F77-4ABE-84F3-84CC8B3C72CE-" ALIGN="Left" LEFT="0." RIGHT="0." FIRSTLINE="0." LINESPACE="7.699999809"/>
<ParagraphStyle ID="StyleId-1F945060-F8CD-4435-B69A-5FF49DB0C586-" ALIGN="Left" LEFT="0." RIGHT="0." FIRSTLINE="-10." LINESPACE="12.19999981"/>
<ParagraphStyle ID="StyleId-C6CAE747-F5A4-4D0D-8D74-D452DA7E2C1C-" ALIGN="Block" LEFT="0." RIGHT="0." FIRSTLINE="-14." LINESPACE="8.350000381"/>
<ParagraphStyle ID="StyleId-FC0F3374-189A-459E-BE29-2DC14180F022-" ALIGN="Left" LEFT="0." RIGHT="0." FIRSTLINE="0."/>
<ParagraphStyle ID="StyleId-49397C49-A894-4B3E-BA5E-1126226BA375-" ALIGN="Left" LEFT="0." RIGHT="0." FIRSTLINE="-12." LINESPACE="11.09000015"/>
<ParagraphStyle ID="StyleId-9E34DD3A-E661-48BD-A3A1-6A3D48346F00-" ALIGN="Block" LEFT="0." RIGHT="0." FIRSTLINE="-14." LINESPACE="11.09000015"/>
<ParagraphStyle ID="StyleId-56CE54AA-A08B-4BAA-8605-F26020A0E36E-" ALIGN="Left" LEFT="0." RIGHT="0." FIRSTLINE="0." LINESPACE="9.399999619"/>
<ParagraphStyle ID="StyleId-77814FFC-C42F-4AA9-9880-EF33B947DEC8-" ALIGN="Left" LEFT="0." RIGHT="0." FIRSTLINE="-11." LINESPACE="11.06999969"/>
<ParagraphStyle ID="StyleId-FDE92EC0-67DC-4C7B-8A24-094B12C38B6C-" ALIGN="Center" LEFT="0." RIGHT="0." FIRSTLINE="0." LINESPACE="11.30000019"/>
<ParagraphStyle ID="StyleId-65180E3B-4C93-4FB8-81EE-E026DD63DBF3-" ALIGN="Left" LEFT="0." RIGHT="0." FIRSTLINE="0." LINESPACE="11.10000038"/>
<ParagraphStyle ID="StyleId-10E885C2-5813-4620-B0AA-0FBA30CF7A32-" ALIGN="Left" LEFT="0." RIGHT="0." FIRSTLINE="0." LINESPACE="9.5"/>
<ParagraphStyle ID="StyleId-913C2DB5-9F02-4067-BAF7-0AED37B60BBE-" ALIGN="Left" LEFT="0." RIGHT="0." FIRSTLINE="0." LINESPACE="6.099999905"/>
<ParagraphStyle ID="StyleId-9C79A9D2-8F08-4A8F-985D-B00E253ED1E5-" ALIGN="Left" LEFT="0." RIGHT="0." FIRSTLINE="0." LINESPACE="4.400000095"/>
<ParagraphStyle ID="StyleId-A41F0407-FEFE-4738-9EC5-E05AFFF62781-" ALIGN="Left" LEFT="0." RIGHT="0." FIRSTLINE="0." LINESPACE="7.300000191"/>
<ParagraphStyle ID="StyleId-61D37176-94E8-408D-9B87-01C406CE8AB2-" ALIGN="Left" LEFT="0." RIGHT="0." FIRSTLINE="0." LINESPACE="8.050000191"/>
</Styles>
<Layout>
<Page ID="Page186" PHYSICAL_IMG_NR="186" HEIGHT="4384" WIDTH="2526">
<TopMargin HEIGHT="460" WIDTH="2526" VPOS="0" HPOS="0">
</TopMargin>
<LeftMargin HEIGHT="3696" WIDTH="313" VPOS="460" HPOS="0">
</LeftMargin>
<RightMargin HEIGHT="3696" WIDTH="99" VPOS="460" HPOS="2427">
</RightMargin>
<BottomMargin HEIGHT="228" WIDTH="2526" VPOS="4156" HPOS="0">
</BottomMargin>
<PrintSpace HEIGHT="3696" WIDTH="2114" VPOS="460" HPOS="313">
<TextBlock ID="Page186_Block1" HEIGHT="70" WIDTH="118" VPOS="4086" HPOS="1304" LANG="en-US" STYLEREFS="StyleId-EBAEF847-CF19-479E-9A92-5944CCF20EE0-">
<TextLine HEIGHT="50" WIDTH="97" VPOS="4095" HPOS="1315">
<String CONTENT="186" HEIGHT="50" WIDTH="97" VPOS="4095" HPOS="1315"/>
</TextLine>
</TextBlock>
<TextBlock ID="Page186_Block2" HEIGHT="3634" WIDTH="2114" VPOS="460" HPOS="313" LANG="en-US" CS="1" STYLEREFS="StyleId-49F17CBD-BC06-4213-8CE7-934F7C3EEBA4-">
<Shape>
<Polygon POINTS="313,460 2427,460 2427,4094 313,4094 313,460"/>
</Shape>
<TextLine HEIGHT="67" WIDTH="763" VPOS="471" HPOS="370" STYLEREFS="StyleId-AB94A0EE-6E9E-48EA-B31E-4513E64AA61E-">
<String CONTENT="Morgan," HEIGHT="66" WIDTH="266" VPOS="471" HPOS="370"/>
<SP HEIGHT="64" WIDTH="25" VPOS="473" HPOS="637"/>
<String CONTENT="Stewart" HEIGHT="54" WIDTH="257" VPOS="473" HPOS="663"/>
<SP HEIGHT="54" WIDTH="25" VPOS="474" HPOS="921"/>
<String CONTENT="S.," HEIGHT="64" WIDTH="75" VPOS="474" HPOS="947"/>
<SP HEIGHT="46" WIDTH="26" VPOS="492" HPOS="1023"/>
<String CONTENT="ed." HEIGHT="54" WIDTH="83" VPOS="474" HPOS="1050"/>
</TextLine>
<TextLine HEIGHT="72" WIDTH="1920" VPOS="547" HPOS="443" STYLEREFS="StyleId-1297C391-B3C5-4DEF-879D-33FE932ADD70-">
<String CONTENT="Opinions" HEIGHT="68" WIDTH="282" VPOS="547" HPOS="443"/>
<SP HEIGHT="33" WIDTH="39" VPOS="569" HPOS="726"/>
<String CONTENT="and" HEIGHT="52" WIDTH="112" VPOS="550" HPOS="766"/>
<SP HEIGHT="53" WIDTH="40" VPOS="550" HPOS="879"/>
<String CONTENT="attitudes" HEIGHT="53" WIDTH="272" VPOS="550" HPOS="920"/>
<SP HEIGHT="52" WIDTH="34" VPOS="551" HPOS="1193"/>
<String CONTENT="in" HEIGHT="52" WIDTH="62" VPOS="551" HPOS="1228"/>
<SP HEIGHT="46" WIDTH="35" VPOS="557" HPOS="1291"/>
<String CONTENT="the" HEIGHT="52" WIDTH="95" VPOS="552" HPOS="1327"/>
<SP HEIGHT="48" WIDTH="36" VPOS="556" HPOS="1423"/>
<String CONTENT="twentieth" HEIGHT="53" WIDTH="295" VPOS="552" HPOS="1460"/>
<SP HEIGHT="50" WIDTH="38" VPOS="555" HPOS="1756"/>
<String CONTENT="century," HEIGHT="61" WIDTH="253" VPOS="557" HPOS="1795"/>
<SP HEIGHT="47" WIDTH="35" VPOS="571" HPOS="2049"/>
<String CONTENT="compiled" HEIGHT="68" WIDTH="278" VPOS="551" HPOS="2085"/>
</TextLine>
<TextLine HEIGHT="73" WIDTH="1993" VPOS="620" HPOS="372" STYLEREFS="StyleId-1297C391-B3C5-4DEF-879D-33FE932ADD70-" CS="1">
<String CONTENT="and" HEIGHT="51" WIDTH="112" VPOS="626" HPOS="372"/>
<SP HEIGHT="52" WIDTH="27" VPOS="626" HPOS="485"/>
<String CONTENT="edited" HEIGHT="54" WIDTH="190" VPOS="625" HPOS="513"/>
<SP HEIGHT="53" WIDTH="27" VPOS="626" HPOS="704"/>
<String CONTENT="by" HEIGHT="65" WIDTH="75" VPOS="627" HPOS="732"/>
<SP HEIGHT="66" WIDTH="29" VPOS="626" HPOS="808"/>
<String CONTENT="Stewart" HEIGHT="55" WIDTH="247" VPOS="626" HPOS="838"/>
<SP HEIGHT="53" WIDTH="24" VPOS="627" HPOS="1086"/>
<String CONTENT="Morgan" HEIGHT="66" WIDTH="245" VPOS="627" HPOS="1111"/>
<SP HEIGHT="33" WIDTH="28" VPOS="647" HPOS="1357"/>
<String CONTENT="and" HEIGHT="52" WIDTH="112" VPOS="628" HPOS="1386"/>
<SP HEIGHT="54" WIDTH="28" VPOS="628" HPOS="1499"/>
<String CONTENT="William" HEIGHT="54" WIDTH="262" VPOS="628" HPOS="1528"/>
<SP HEIGHT="51" WIDTH="27" VPOS="629" HPOS="1791"/>
<String CONTENT="Thomas" HEIGHT="53" WIDTH="247" VPOS="629" HPOS="1819"/>
<SP HEIGHT="34" WIDTH="32" VPOS="648" HPOS="2067"/>
<String CS="1" CONTENT="&#8230;"/>
<SP HEIGHT="62" WIDTH="67" VPOS="620" HPOS="2158"/>
<String CONTENT="New" HEIGHT="62" WIDTH="139" VPOS="620" HPOS="2226"/>
</TextLine>
<TextLine HEIGHT="67" WIDTH="1006" VPOS="702" HPOS="379" STYLEREFS="StyleId-1297C391-B3C5-4DEF-879D-33FE932ADD70-">
<String CONTENT="York," HEIGHT="67" WIDTH="173" VPOS="702" HPOS="379"/>
<SP HEIGHT="65" WIDTH="25" VPOS="704" HPOS="553"/>
<String CONTENT="T." HEIGHT="52" WIDTH="66" VPOS="704" HPOS="579"/>
<SP HEIGHT="53" WIDTH="26" VPOS="703" HPOS="646"/>
<String CONTENT="Nelson" HEIGHT="54" WIDTH="213" VPOS="703" HPOS="673"/>
<SP HEIGHT="34" WIDTH="27" VPOS="723" HPOS="887"/>
<String CONTENT="and" HEIGHT="53" WIDTH="111" VPOS="704" HPOS="915"/>
<SP HEIGHT="53" WIDTH="28" VPOS="704" HPOS="1027"/>
<String CONTENT="sons," HEIGHT="44" WIDTH="146" VPOS="722" HPOS="1056"/>
<SP HEIGHT="58" WIDTH="30" VPOS="708" HPOS="1203"/>
<String CONTENT="1934." HEIGHT="50" WIDTH="151" VPOS="707" HPOS="1234"/>
</TextLine>
<TextLine HEIGHT="53" WIDTH="1922" VPOS="774" HPOS="443" CS="1">
<String CONTENT="viii," HEIGHT="48" WIDTH="100" VPOS="774" HPOS="443"/>
<SP HEIGHT="46" WIDTH="29" VPOS="776" HPOS="544"/>
<String CONTENT="586" HEIGHT="41" WIDTH="87" VPOS="774" HPOS="574"/>
<SP HEIGHT="48" WIDTH="25" VPOS="775" HPOS="662"/>
<String CONTENT="p." HEIGHT="38" WIDTH="43" VPOS="785" HPOS="688"/>
<SP HEIGHT="41" WIDTH="59" VPOS="774" HPOS="732"/>
<String CONTENT="illus." HEIGHT="41" WIDTH="127" VPOS="774" HPOS="792"/>
<SP HEIGHT="41" WIDTH="58" VPOS="774" HPOS="920"/>
<String CONTENT="21" HEIGHT="40" WIDTH="56" VPOS="774" HPOS="979"/>
<String STYLE="superscript" CONTENT="cm" HEIGHT="21" WIDTH="45" VPOS="776" HPOS="1038"/>
<String CONTENT="." HEIGHT="10" WIDTH="10" VPOS="806" HPOS="1086"/>
<SP/>
<String CONTENT="(Half-title:" HEIGHT="49" WIDTH="299" VPOS="775" HPOS="1165"/>
<SP HEIGHT="41" WIDTH="28" VPOS="775" HPOS="1465"/>
<String CONTENT="Nelson&#8217;s" HEIGHT="42" WIDTH="219" VPOS="775" HPOS="1494"/>
<SP HEIGHT="40" WIDTH="29" VPOS="777" HPOS="1714"/>
<String CONTENT="English" HEIGHT="48" WIDTH="201" VPOS="777" HPOS="1744"/>
<SP HEIGHT="39" WIDTH="27" VPOS="778" HPOS="1946"/>
<String CONTENT="series," HEIGHT="48" WIDTH="165" VPOS="777" HPOS="1974"/>
<SP HEIGHT="38" WIDTH="28" VPOS="789" HPOS="2140"/>
<String CONTENT="general" HEIGHT="48" WIDTH="196" VPOS="779" HPOS="2169"/>
</TextLine>
<TextLine HEIGHT="48" WIDTH="648" VPOS="831" HPOS="370">
<String CONTENT="ed.&#8212;Ernest" HEIGHT="41" WIDTH="312" VPOS="831" HPOS="370"/>
<SP HEIGHT="40" WIDTH="34" VPOS="832" HPOS="683"/>
<String CONTENT="Bernbaum)" HEIGHT="47" WIDTH="300" VPOS="832" HPOS="718"/>
</TextLine>
<TextLine HEIGHT="109" WIDTH="1974" VPOS="885" HPOS="374" CS="1">
<String CONTENT="&#169;" HEIGHT="52" WIDTH="52" VPOS="885" HPOS="374"/>
<SP/>
<String CONTENT="Aug." HEIGHT="47" WIDTH="120" VPOS="890" HPOS="454"/>
<SP HEIGHT="41" WIDTH="27" VPOS="888" HPOS="575"/>
<String CONTENT="28," HEIGHT="49" WIDTH="69" VPOS="888" HPOS="603"/>
<SP HEIGHT="47" WIDTH="27" VPOS="890" HPOS="673"/>
<String CONTENT="1934;" HEIGHT="48" WIDTH="142" VPOS="888" HPOS="701"/>
<SP HEIGHT="48" WIDTH="28" VPOS="888" HPOS="844"/>
<String CONTENT="2c." HEIGHT="41" WIDTH="65" VPOS="888" HPOS="873"/>
<SP HEIGHT="38" WIDTH="30" VPOS="889" HPOS="939"/>
<String CONTENT="Feb." HEIGHT="40" WIDTH="111" VPOS="889" HPOS="970"/>
<SP HEIGHT="40" WIDTH="24" VPOS="888" HPOS="1082"/>
<String CONTENT="21," HEIGHT="47" WIDTH="68" VPOS="888" HPOS="1107"/>
<SP HEIGHT="46" WIDTH="30" VPOS="889" HPOS="1176"/>
<String CONTENT="1935;" HEIGHT="48" WIDTH="139" VPOS="888" HPOS="1207"/>
<SP HEIGHT="37" WIDTH="31" VPOS="899" HPOS="1347"/>
<String CONTENT="aff." HEIGHT="40" WIDTH="80" VPOS="889" HPOS="1379"/>
<SP HEIGHT="38" WIDTH="30" VPOS="890" HPOS="1460"/>
<String CONTENT="Feb." HEIGHT="39" WIDTH="110" VPOS="890" HPOS="1491"/>
<SP HEIGHT="39" WIDTH="27" VPOS="890" HPOS="1602"/>
<String CONTENT="23;" HEIGHT="46" WIDTH="83" VPOS="890" HPOS="1630"/>
<SP HEIGHT="45" WIDTH="31" VPOS="891" HPOS="1714"/>
<!-- cceid 857CF90A-6D82-1014-B070-FDFD250A9EDA --><String CONTENT="A" HEIGHT="38" WIDTH="40" VPOS="891" HPOS="1746"/>
<SP HEIGHT="39" WIDTH="29" VPOS="891" HPOS="1787"/>
<String CS="1" CONTENT="79780;" HEIGHT="42" WIDTH="142" VPOS="889" HPOS="1817"/>
<SP HEIGHT="46" WIDTH="30" VPOS="891" HPOS="1988"/>
<String CONTENT="Thomas" HEIGHT="40" WIDTH="210" VPOS="891" HPOS="2019"/>
<SP HEIGHT="39" WIDTH="29" VPOS="892" HPOS="2230"/>
<String CONTENT="Nelson" HEIGHT="94" WIDTH="1909" VPOS="892" HPOS="439"/>
<SP HEIGHT="40" WIDTH="26" VPOS="946" HPOS="526"/>
<String CONTENT="&amp;" HEIGHT="40" WIDTH="37" VPOS="946" HPOS="553"/>
<SP HEIGHT="40" WIDTH="20" VPOS="946" HPOS="591"/>
<String CONTENT="sons." HEIGHT="29" WIDTH="126" VPOS="957" HPOS="612"/>
<SP HEIGHT="48" WIDTH="69" VPOS="946" HPOS="739"/>
<String CONTENT="(35-3097)" HEIGHT="49" WIDTH="251" VPOS="945" HPOS="809"/>
</TextLine>
<TextLine HEIGHT="66" WIDTH="829" VPOS="1048" HPOS="371" STYLEREFS="StyleId-AB94A0EE-6E9E-48EA-B31E-4513E64AA61E-">
<String CONTENT="Munger," HEIGHT="63" WIDTH="269" VPOS="1051" HPOS="371"/>
<SP HEIGHT="63" WIDTH="27" VPOS="1051" HPOS="641"/>
<String CONTENT="Martha" HEIGHT="53" WIDTH="243" VPOS="1050" HPOS="669"/>
<SP HEIGHT="53" WIDTH="24" VPOS="1050" HPOS="913"/>
<String CONTENT="Perrine." HEIGHT="57" WIDTH="262" VPOS="1048" HPOS="938"/>
</TextLine>
<TextLine HEIGHT="70" WIDTH="1923" VPOS="1126" HPOS="441" STYLEREFS="StyleId-1297C391-B3C5-4DEF-879D-33FE932ADD70-">
<String CONTENT="The" HEIGHT="51" WIDTH="122" VPOS="1127" HPOS="441"/>
<SP HEIGHT="52" WIDTH="30" VPOS="1127" HPOS="564"/>
<String CONTENT="book" HEIGHT="54" WIDTH="147" VPOS="1126" HPOS="595"/>
<SP HEIGHT="53" WIDTH="34" VPOS="1126" HPOS="743"/>
<String CONTENT="of" HEIGHT="51" WIDTH="62" VPOS="1128" HPOS="778"/>
<SP HEIGHT="66" WIDTH="33" VPOS="1128" HPOS="841"/>
<String CONTENT="puppets;" HEIGHT="61" WIDTH="275" VPOS="1133" HPOS="875"/>
<SP HEIGHT="46" WIDTH="36" VPOS="1145" HPOS="1151"/>
<String CONTENT="stage" HEIGHT="62" WIDTH="159" VPOS="1131" HPOS="1188"/>
<SP HEIGHT="35" WIDTH="29" VPOS="1146" HPOS="1348"/>
<String CONTENT="scenery," HEIGHT="50" WIDTH="247" VPOS="1145" HPOS="1378"/>
<SP HEIGHT="48" WIDTH="33" VPOS="1146" HPOS="1626"/>
<String CONTENT="puppets" HEIGHT="62" WIDTH="248" VPOS="1133" HPOS="1660"/>
<SP HEIGHT="35" WIDTH="34" VPOS="1146" HPOS="1909"/>
<String CONTENT="and" HEIGHT="53" WIDTH="111" VPOS="1128" HPOS="1944"/>
<SP HEIGHT="67" WIDTH="34" VPOS="1128" HPOS="2056"/>
<String CONTENT="plays" HEIGHT="68" WIDTH="164" VPOS="1128" HPOS="2091"/>
<SP HEIGHT="53" WIDTH="32" VPOS="1129" HPOS="2256"/>
<String CONTENT="by" HEIGHT="67" WIDTH="75" VPOS="1129" HPOS="2289"/>
</TextLine>
<TextLine HEIGHT="69" WIDTH="1998" VPOS="1205" HPOS="368" STYLEREFS="StyleId-1297C391-B3C5-4DEF-879D-33FE932ADD70-">
<String CONTENT="Martha" HEIGHT="52" WIDTH="232" VPOS="1205" HPOS="368"/>
<SP HEIGHT="52" WIDTH="24" VPOS="1207" HPOS="601"/>
<String CONTENT="Perrine" HEIGHT="54" WIDTH="239" VPOS="1205" HPOS="626"/>
<SP HEIGHT="54" WIDTH="21" VPOS="1205" HPOS="866"/>
<String CONTENT="Munger;" HEIGHT="67" WIDTH="273" VPOS="1205" HPOS="888"/>
<SP HEIGHT="48" WIDTH="28" VPOS="1223" HPOS="1162"/>
<String CONTENT="costumes" HEIGHT="48" WIDTH="274" VPOS="1210" HPOS="1191"/>
<SP HEIGHT="34" WIDTH="25" VPOS="1224" HPOS="1466"/>
<String CONTENT="and" HEIGHT="52" WIDTH="111" VPOS="1206" HPOS="1492"/>
<SP HEIGHT="52" WIDTH="24" VPOS="1206" HPOS="1604"/>
<String CONTENT="manipulation" HEIGHT="68" WIDTH="422" VPOS="1205" HPOS="1629"/>
<SP HEIGHT="53" WIDTH="21" VPOS="1206" HPOS="2052"/>
<String CONTENT="by" HEIGHT="68" WIDTH="77" VPOS="1206" HPOS="2074"/>
<SP HEIGHT="66" WIDTH="22" VPOS="1208" HPOS="2152"/>
<String CONTENT="Annie" HEIGHT="55" WIDTH="191" VPOS="1206" HPOS="2175"/>
</TextLine>
<TextLine HEIGHT="147" WIDTH="1970" VPOS="1283" HPOS="369" STYLEREFS="StyleId-1297C391-B3C5-4DEF-879D-33FE932ADD70-" CS="1">
<String CONTENT="Lee" HEIGHT="53" WIDTH="109" VPOS="1283" HPOS="369"/>
<SP HEIGHT="52" WIDTH="36" VPOS="1284" HPOS="479"/>
<String CONTENT="Elder;" HEIGHT="67" WIDTH="204" VPOS="1283" HPOS="516"/>
<SP HEIGHT="66" WIDTH="38" VPOS="1284" HPOS="721"/>
<String CONTENT="foreword" HEIGHT="52" WIDTH="286" VPOS="1283" HPOS="760"/>
<SP HEIGHT="52" WIDTH="35" VPOS="1283" HPOS="1047"/>
<String CONTENT="by" HEIGHT="67" WIDTH="73" VPOS="1283" HPOS="1083"/>
<SP HEIGHT="67" WIDTH="33" VPOS="1283" HPOS="1157"/>
<String CONTENT="Helenka" HEIGHT="53" WIDTH="261" VPOS="1283" HPOS="1191"/>
<SP HEIGHT="53" WIDTH="35" VPOS="1283" HPOS="1453"/>
<String CONTENT="Adamowska;" HEIGHT="68" WIDTH="412" VPOS="1283" HPOS="1489"/>
<SP HEIGHT="49" WIDTH="36" VPOS="1302" HPOS="1902"/>
<String CONTENT="with" HEIGHT="53" WIDTH="140" VPOS="1284" HPOS="1939"/>
<SP HEIGHT="54" WIDTH="32" VPOS="1284" HPOS="2080"/>
<String CONTENT="illustrations" HEIGHT="130" WIDTH="1970" VPOS="1284" HPOS="369"/>
<SP HEIGHT="53" WIDTH="26" VPOS="1362" HPOS="517"/>
<String CONTENT="by" HEIGHT="68" WIDTH="76" VPOS="1362" HPOS="544"/>
<SP HEIGHT="66" WIDTH="23" VPOS="1364" HPOS="621"/>
<String CONTENT="J." HEIGHT="54" WIDTH="54" VPOS="1364" HPOS="645"/>
<SP HEIGHT="52" WIDTH="30" VPOS="1363" HPOS="700"/>
<String CONTENT="B." HEIGHT="53" WIDTH="67" VPOS="1363" HPOS="731"/>
</TextLine>
<TextLine HEIGHT="72" WIDTH="1532" VPOS="1358" HPOS="826" STYLEREFS="StyleId-1297C391-B3C5-4DEF-879D-33FE932ADD70-">
<String CONTENT="Van" HEIGHT="54" WIDTH="129" VPOS="1362" HPOS="826"/>
<SP HEIGHT="53" WIDTH="25" VPOS="1362" HPOS="956"/>
<String CONTENT="Rossum-Shiffer." HEIGHT="58" WIDTH="502" VPOS="1358" HPOS="982"/>
<SP HEIGHT="51" WIDTH="64" VPOS="1364" HPOS="1485"/>
<String CONTENT="Boston," HEIGHT="65" WIDTH="233" VPOS="1364" HPOS="1550"/>
<SP HEIGHT="65" WIDTH="23" VPOS="1364" HPOS="1784"/>
<String CONTENT="Lothrop," HEIGHT="68" WIDTH="276" VPOS="1362" HPOS="1808"/>
<SP HEIGHT="65" WIDTH="25" VPOS="1364" HPOS="2085"/>
<String CONTENT="Lee" HEIGHT="53" WIDTH="110" VPOS="1364" HPOS="2111"/>
<SP HEIGHT="36" WIDTH="28" VPOS="1381" HPOS="2222"/>
<String CONTENT="and" HEIGHT="53" WIDTH="107" VPOS="1363" HPOS="2251"/>
</TextLine>
<TextLine HEIGHT="69" WIDTH="765" VPOS="1439" HPOS="371" STYLEREFS="StyleId-1297C391-B3C5-4DEF-879D-33FE932ADD70-">
<String CONTENT="Shepard" HEIGHT="69" WIDTH="261" VPOS="1439" HPOS="371"/>
<SP HEIGHT="56" WIDTH="27" VPOS="1440" HPOS="633"/>
<String CONTENT="company," HEIGHT="48" WIDTH="297" VPOS="1459" HPOS="661"/>
<SP HEIGHT="62" WIDTH="29" VPOS="1444" HPOS="959"/>
<String CONTENT="1934." HEIGHT="54" WIDTH="147" VPOS="1443" HPOS="989"/>
</TextLine>
<TextLine HEIGHT="50" WIDTH="1014" VPOS="1511" HPOS="443" CS="1">
<String CONTENT="xiv," HEIGHT="48" WIDTH="95" VPOS="1511" HPOS="443"/>
<SP HEIGHT="45" WIDTH="26" VPOS="1514" HPOS="539"/>
<String CONTENT="206" HEIGHT="41" WIDTH="88" VPOS="1513" HPOS="566"/>
<SP HEIGHT="48" WIDTH="24" VPOS="1513" HPOS="655"/>
<String CONTENT="p." HEIGHT="37" WIDTH="42" VPOS="1524" HPOS="680"/>
<SP HEIGHT="40" WIDTH="27" VPOS="1514" HPOS="723"/>
<String CONTENT="incl." HEIGHT="40" WIDTH="111" VPOS="1514" HPOS="751"/>
<SP HEIGHT="42" WIDTH="25" VPOS="1512" HPOS="863"/>
<String CONTENT="front.," HEIGHT="44" WIDTH="163" VPOS="1512" HPOS="889"/>
<SP HEIGHT="37" WIDTH="28" VPOS="1524" HPOS="1053"/>
<String CONTENT="plates." HEIGHT="48" WIDTH="169" VPOS="1513" HPOS="1082"/>
<SP HEIGHT="42" WIDTH="58" VPOS="1511" HPOS="1252"/>
<String CS="1" CONTENT="21&#189;" HEIGHT="40" WIDTH="55" VPOS="1511" HPOS="1311"/>
<String STYLE="superscript" CONTENT="cm" HEIGHT="22" WIDTH="44" VPOS="1514" HPOS="1399"/>
<String CONTENT="." HEIGHT="10" WIDTH="9" VPOS="1544" HPOS="1448"/>
</TextLine>
<TextLine HEIGHT="52" WIDTH="1992" VPOS="1567" HPOS="374">
<String CONTENT="&#169;" HEIGHT="52" WIDTH="52" VPOS="1567" HPOS="374"/>
<SP HEIGHT="52" WIDTH="28" VPOS="1567" HPOS="427"/>
<String CONTENT="Dec." HEIGHT="39" WIDTH="111" VPOS="1573" HPOS="456"/>
<SP HEIGHT="39" WIDTH="30" VPOS="1572" HPOS="568"/>
<String CONTENT="5," HEIGHT="46" WIDTH="39" VPOS="1572" HPOS="599"/>
<SP HEIGHT="46" WIDTH="29" VPOS="1572" HPOS="639"/>
<String CONTENT="1934;" HEIGHT="48" WIDTH="140" VPOS="1570" HPOS="669"/>
<SP HEIGHT="48" WIDTH="30" VPOS="1570" HPOS="810"/>
<String CONTENT="2c." HEIGHT="41" WIDTH="65" VPOS="1570" HPOS="841"/>
<SP HEIGHT="39" WIDTH="32" VPOS="1571" HPOS="907"/>
<String CONTENT="Dec." HEIGHT="39" WIDTH="109" VPOS="1571" HPOS="940"/>
<SP HEIGHT="38" WIDTH="31" VPOS="1572" HPOS="1050"/>
<String CONTENT="7;" HEIGHT="45" WIDTH="51" VPOS="1572" HPOS="1082"/>
<SP HEIGHT="36" WIDTH="29" VPOS="1581" HPOS="1134"/>
<String CONTENT="aff." HEIGHT="41" WIDTH="81" VPOS="1569" HPOS="1164"/>
<SP HEIGHT="38" WIDTH="30" VPOS="1571" HPOS="1246"/>
<String CONTENT="Mar." HEIGHT="39" WIDTH="120" VPOS="1571" HPOS="1277"/>
<SP HEIGHT="40" WIDTH="31" VPOS="1571" HPOS="1398"/>
<String CONTENT="8," HEIGHT="46" WIDTH="40" VPOS="1571" HPOS="1430"/>
<SP HEIGHT="46" WIDTH="28" VPOS="1571" HPOS="1471"/>
<String CONTENT="1935;" HEIGHT="47" WIDTH="139" VPOS="1570" HPOS="1500"/>
<SP HEIGHT="46" WIDTH="31" VPOS="1571" HPOS="1640"/>
<!-- cceid 857DC205-6D82-1014-B070-FDFD250A9EDA --><String CONTENT="A" HEIGHT="39" WIDTH="43" VPOS="1571" HPOS="1672"/>
<SP HEIGHT="41" WIDTH="26" VPOS="1571" HPOS="1716"/>
<String CONTENT="80884;" HEIGHT="47" WIDTH="170" VPOS="1570" HPOS="1743"/>
<SP HEIGHT="46" WIDTH="32" VPOS="1571" HPOS="1914"/>
<String CONTENT="Lothrop," HEIGHT="47" WIDTH="227" VPOS="1571" HPOS="1947"/>
<SP HEIGHT="47" WIDTH="30" VPOS="1571" HPOS="2175"/>
<String CONTENT="Lee" HEIGHT="40" WIDTH="96" VPOS="1571" HPOS="2206"/>
<SP HEIGHT="40" WIDTH="26" VPOS="1571" HPOS="2303"/>
<String CONTENT="&amp;" HEIGHT="40" WIDTH="36" VPOS="1571" HPOS="2330"/>
</TextLine>
<TextLine HEIGHT="51" WIDTH="664" VPOS="1626" HPOS="439">
<String CONTENT="Shepard" HEIGHT="48" WIDTH="218" VPOS="1628" HPOS="439"/>
<SP HEIGHT="40" WIDTH="27" VPOS="1628" HPOS="658"/>
<String CONTENT="co." HEIGHT="29" WIDTH="63" VPOS="1639" HPOS="686"/>
<SP HEIGHT="48" WIDTH="71" VPOS="1628" HPOS="750"/>
<String CONTENT="(35-27010)" HEIGHT="51" WIDTH="281" VPOS="1626" HPOS="822"/>
</TextLine>
<TextLine HEIGHT="69" WIDTH="1995" VPOS="1730" HPOS="365" STYLEREFS="StyleId-1297C391-B3C5-4DEF-879D-33FE932ADD70-">
<String CONTENT="North" HEIGHT="54" WIDTH="194" VPOS="1730" HPOS="365"/>
<SP HEIGHT="51" WIDTH="29" VPOS="1733" HPOS="560"/>
<String CONTENT="western" HEIGHT="50" WIDTH="256" VPOS="1734" HPOS="590"/>
<SP HEIGHT="34" WIDTH="29" VPOS="1750" HPOS="847"/>
<String CONTENT="reporter." HEIGHT="62" WIDTH="269" VPOS="1737" HPOS="877"/>
<SP HEIGHT="55" WIDTH="66" VPOS="1731" HPOS="1147"/>
<String CONTENT="Cases" HEIGHT="55" WIDTH="169" VPOS="1731" HPOS="1214"/>
<SP HEIGHT="35" WIDTH="29" VPOS="1750" HPOS="1384"/>
<String CONTENT="argued" HEIGHT="68" WIDTH="213" VPOS="1731" HPOS="1414"/>
<SP HEIGHT="53" WIDTH="30" VPOS="1731" HPOS="1628"/>
<String CONTENT="and" HEIGHT="52" WIDTH="111" VPOS="1732" HPOS="1659"/>
<SP HEIGHT="53" WIDTH="28" VPOS="1731" HPOS="1771"/>
<String CONTENT="determined" HEIGHT="54" WIDTH="349" VPOS="1731" HPOS="1800"/>
<SP HEIGHT="52" WIDTH="28" VPOS="1732" HPOS="2150"/>
<String CONTENT="in" HEIGHT="52" WIDTH="60" VPOS="1732" HPOS="2179"/>
<SP HEIGHT="48" WIDTH="24" VPOS="1736" HPOS="2240"/>
<String CONTENT="the" HEIGHT="53" WIDTH="95" VPOS="1732" HPOS="2265"/>
</TextLine>
<TextLine HEIGHT="145" WIDTH="1900" VPOS="1809" HPOS="436" STYLEREFS="StyleId-1297C391-B3C5-4DEF-879D-33FE932ADD70-" CS="1">
<String CONTENT="courts" HEIGHT="48" WIDTH="187" VPOS="1814" HPOS="436"/>
<SP HEIGHT="33" WIDTH="33" VPOS="1829" HPOS="624"/>
<String CONTENT="of" HEIGHT="53" WIDTH="62" VPOS="1809" HPOS="658"/>
<SP HEIGHT="53" WIDTH="31" VPOS="1809" HPOS="721"/>
<String CONTENT="Iowa," HEIGHT="63" WIDTH="175" VPOS="1812" HPOS="753"/>
<SP HEIGHT="64" WIDTH="31" VPOS="1811" HPOS="929"/>
<String CONTENT="Michigan," HEIGHT="67" WIDTH="313" VPOS="1809" HPOS="961"/>
<SP HEIGHT="65" WIDTH="31" VPOS="1811" HPOS="1275"/>
<String CONTENT="Minnesota," HEIGHT="66" WIDTH="341" VPOS="1809" HPOS="1307"/>
<SP HEIGHT="64" WIDTH="31" VPOS="1811" HPOS="1649"/>
<String CONTENT="Nebraska," HEIGHT="66" WIDTH="312" VPOS="1810" HPOS="1681"/>
<SP HEIGHT="64" WIDTH="31" VPOS="1812" HPOS="1994"/>
<String CONTENT="North" HEIGHT="51" WIDTH="185" VPOS="1812" HPOS="2026"/>
<SP HEIGHT="52" WIDTH="33" VPOS="1812" HPOS="2212"/>
<String CONTENT="Dakota," HEIGHT="142" WIDTH="1900" VPOS="1812" HPOS="436"/>
<SP HEIGHT="68" WIDTH="42" VPOS="1886" HPOS="590"/>
<String CONTENT="South" HEIGHT="55" WIDTH="179" VPOS="1886" HPOS="633"/>
<SP HEIGHT="52" WIDTH="43" VPOS="1888" HPOS="813"/>
<String CONTENT="Dakota," HEIGHT="62" WIDTH="246" VPOS="1887" HPOS="857"/>
</TextLine>
<TextLine HEIGHT="146" WIDTH="1924" VPOS="1887" HPOS="438" STYLEREFS="StyleId-1297C391-B3C5-4DEF-879D-33FE932ADD70-" CS="1">
<String CONTENT="Wisconsin," HEIGHT="66" WIDTH="341" VPOS="1888" HPOS="1139"/>
<SP HEIGHT="47" WIDTH="39" VPOS="1907" HPOS="1481"/>
<String CONTENT="with" HEIGHT="52" WIDTH="139" VPOS="1887" HPOS="1521"/>
<SP HEIGHT="51" WIDTH="40" VPOS="1888" HPOS="1661"/>
<String CONTENT="key" HEIGHT="67" WIDTH="107" VPOS="1888" HPOS="1702"/>
<SP HEIGHT="48" WIDTH="38" VPOS="1907" HPOS="1810"/>
<String CONTENT="number" HEIGHT="51" WIDTH="238" VPOS="1889" HPOS="1849"/>
<SP HEIGHT="33" WIDTH="38" VPOS="1907" HPOS="2088"/>
<String CONTENT="annotation." HEIGHT="124" WIDTH="1898" VPOS="1894" HPOS="438"/>
<SP HEIGHT="33" WIDTH="69" VPOS="1985" HPOS="575"/>
<String CONTENT="v." HEIGHT="33" WIDTH="51" VPOS="1985" HPOS="645"/>
<SP HEIGHT="49" WIDTH="34" VPOS="1969" HPOS="697"/>
<String CONTENT="256." HEIGHT="50" WIDTH="117" VPOS="1967" HPOS="732"/>
<SP HEIGHT="55" WIDTH="73" VPOS="1964" HPOS="850"/>
<String CONTENT="September-November," HEIGHT="69" WIDTH="703" VPOS="1964" HPOS="924"/>
<SP HEIGHT="63" WIDTH="36" VPOS="1969" HPOS="1628"/>
<String CONTENT="1934." HEIGHT="53" WIDTH="149" VPOS="1969" HPOS="1665"/>
<SP HEIGHT="55" WIDTH="73" VPOS="1968" HPOS="1815"/>
<String CONTENT="St." HEIGHT="55" WIDTH="82" VPOS="1968" HPOS="1889"/>
<SP HEIGHT="51" WIDTH="31" VPOS="1969" HPOS="1972"/>
<String CONTENT="Paul," HEIGHT="65" WIDTH="164" VPOS="1968" HPOS="2004"/>
<SP HEIGHT="65" WIDTH="31" VPOS="1968" HPOS="2169"/>
<String CONTENT="West" HEIGHT="53" WIDTH="161" VPOS="1968" HPOS="2201"/>
</TextLine>
<TextLine HEIGHT="67" WIDTH="432" VPOS="2043" HPOS="435" STYLEREFS="StyleId-1297C391-B3C5-4DEF-879D-33FE932ADD70-">
<String CONTENT="pub." HEIGHT="67" WIDTH="131" VPOS="2043" HPOS="435"/>
<SP HEIGHT="34" WIDTH="24" VPOS="2062" HPOS="567"/>
<String CONTENT="co.," HEIGHT="48" WIDTH="97" VPOS="2062" HPOS="592"/>
<SP HEIGHT="59" WIDTH="27" VPOS="2051" HPOS="690"/>
<String CONTENT="1935." HEIGHT="51" WIDTH="149" VPOS="2047" HPOS="718"/>
</TextLine>
<TextLine HEIGHT="48" WIDTH="482" VPOS="2116" HPOS="436">
<String CONTENT="xvi," HEIGHT="46" WIDTH="96" VPOS="2117" HPOS="436"/>
<SP HEIGHT="45" WIDTH="28" VPOS="2118" HPOS="533"/>
<String CONTENT="1008" HEIGHT="41" WIDTH="117" VPOS="2116" HPOS="562"/>
<SP HEIGHT="47" WIDTH="23" VPOS="2117" HPOS="680"/>
<String CONTENT="p." HEIGHT="37" WIDTH="41" VPOS="2127" HPOS="704"/>
<SP HEIGHT="39" WIDTH="56" VPOS="2116" HPOS="746"/>
<String CONTENT="26" HEIGHT="40" WIDTH="59" VPOS="2116" HPOS="803"/>
<String STYLE="superscript" CONTENT="cm" HEIGHT="21" WIDTH="44" VPOS="2118" HPOS="862"/>
<String CONTENT="." HEIGHT="8" WIDTH="8" VPOS="2147" HPOS="910"/>
</TextLine>
<TextLine HEIGHT="52" WIDTH="1696" VPOS="2170" HPOS="371" CS="1">
<String CONTENT="&#169;" HEIGHT="52" WIDTH="52" VPOS="2170" HPOS="371"/>
<SP HEIGHT="52" WIDTH="26" VPOS="2170" HPOS="424"/>
<String CONTENT="Jan." HEIGHT="39" WIDTH="108" VPOS="2175" HPOS="451"/>
<SP HEIGHT="38" WIDTH="26" VPOS="2174" HPOS="560"/>
<String CONTENT="18," HEIGHT="46" WIDTH="69" VPOS="2174" HPOS="587"/>
<SP HEIGHT="46" WIDTH="24" VPOS="2174" HPOS="657"/>
<String CS="1" CONTENT="1935;" HEIGHT="41" WIDTH="114" VPOS="2172" HPOS="682"/>
<SP HEIGHT="47" WIDTH="28" VPOS="2173" HPOS="823"/>
<String CONTENT="2c." HEIGHT="40" WIDTH="67" VPOS="2173" HPOS="852"/>
<SP HEIGHT="30" WIDTH="27" VPOS="2183" HPOS="920"/>
<String CONTENT="and" HEIGHT="39" WIDTH="95" VPOS="2174" HPOS="948"/>
<SP HEIGHT="39" WIDTH="28" VPOS="2174" HPOS="1044"/>
<String CONTENT="aff." HEIGHT="41" WIDTH="79" VPOS="2171" HPOS="1073"/>
<SP HEIGHT="38" WIDTH="29" VPOS="2173" HPOS="1153"/>
<String CONTENT="Feb." HEIGHT="39" WIDTH="109" VPOS="2173" HPOS="1183"/>
<SP HEIGHT="39" WIDTH="27" VPOS="2172" HPOS="1293"/>
<String CONTENT="28;" HEIGHT="47" WIDTH="82" VPOS="2172" HPOS="1321"/>
<SP HEIGHT="46" WIDTH="29" VPOS="2173" HPOS="1404"/>
<!-- cceid 857E7ED5-6D82-1014-B070-FDFD250A9EDA --><String CONTENT="A" HEIGHT="38" WIDTH="40" VPOS="2173" HPOS="1434"/>
<SP HEIGHT="40" WIDTH="27" VPOS="2173" HPOS="1475"/>
<String CONTENT="80717;" HEIGHT="47" WIDTH="168" VPOS="2173" HPOS="1503"/>
<SP HEIGHT="47" WIDTH="29" VPOS="2173" HPOS="1672"/>
<String CONTENT="West" HEIGHT="40" WIDTH="134" VPOS="2173" HPOS="1702"/>
<SP HEIGHT="45" WIDTH="26" VPOS="2175" HPOS="1837"/>
<String CONTENT="pub." HEIGHT="46" WIDTH="106" VPOS="2174" HPOS="1864"/>
<SP HEIGHT="28" WIDTH="29" VPOS="2185" HPOS="1971"/>
<String CONTENT="co." HEIGHT="30" WIDTH="66" VPOS="2183" HPOS="2001"/>
</TextLine>
<TextLine HEIGHT="66" WIDTH="1083" VPOS="2276" HPOS="364" STYLEREFS="StyleId-1297C391-B3C5-4DEF-879D-33FE932ADD70-">
<String CONTENT="O&#8217;Neill," HEIGHT="66" WIDTH="241" VPOS="2276" HPOS="364"/>
<SP HEIGHT="63" WIDTH="29" VPOS="2279" HPOS="606"/>
<String CONTENT="Eugene" HEIGHT="63" WIDTH="241" VPOS="2279" HPOS="636"/>
<SP HEIGHT="54" WIDTH="28" VPOS="2278" HPOS="878"/>
<String CONTENT="Gladstone," HEIGHT="65" WIDTH="337" VPOS="2277" HPOS="907"/>
<SP HEIGHT="58" WIDTH="31" VPOS="2284" HPOS="1245"/>
<String CONTENT="1888-" HEIGHT="50" WIDTH="170" VPOS="2283" HPOS="1277"/>
</TextLine>
<TextLine HEIGHT="67" WIDTH="1929" VPOS="2356" HPOS="429" STYLEREFS="StyleId-1297C391-B3C5-4DEF-879D-33FE932ADD70-" CS="1">
<String CONTENT="The" HEIGHT="51" WIDTH="121" VPOS="2356" HPOS="429"/>
<SP HEIGHT="49" WIDTH="21" VPOS="2374" HPOS="551"/>
<String CONTENT="plays" HEIGHT="65" WIDTH="163" VPOS="2358" HPOS="573"/>
<SP HEIGHT="34" WIDTH="22" VPOS="2374" HPOS="737"/>
<String CONTENT="of" HEIGHT="52" WIDTH="63" VPOS="2356" HPOS="760"/>
<SP HEIGHT="53" WIDTH="22" VPOS="2356" HPOS="824"/>
<String CONTENT="Eugene" HEIGHT="65" WIDTH="233" VPOS="2358" HPOS="847"/>
<SP HEIGHT="55" WIDTH="23" VPOS="2356" HPOS="1081"/>
<String CONTENT="O&#8217;Neill" HEIGHT="55" WIDTH="224" VPOS="2356" HPOS="1105"/>
<SP HEIGHT="51" WIDTH="28" VPOS="2356" HPOS="1330"/>
<String CS="1" CONTENT="&#8230;"/>
<SP HEIGHT="34" WIDTH="61" VPOS="2373" HPOS="1415"/>
<String CS="1" CONTENT="V-VII." HEIGHT="17" WIDTH="132" VPOS="2391" HPOS="1510"/>
<SP HEIGHT="53" WIDTH="59" VPOS="2357" HPOS="1643"/>
<String CONTENT="Wilderness" HEIGHT="54" WIDTH="349" VPOS="2356" HPOS="1703"/>
<SP HEIGHT="34" WIDTH="22" VPOS="2374" HPOS="2053"/>
<String CONTENT="ed." HEIGHT="53" WIDTH="84" VPOS="2356" HPOS="2076"/>
<SP HEIGHT="53" WIDTH="58" VPOS="2356" HPOS="2161"/>
<String CONTENT="New" HEIGHT="52" WIDTH="138" VPOS="2356" HPOS="2220"/>
</TextLine>
<TextLine HEIGHT="68" WIDTH="983" VPOS="2432" HPOS="365" STYLEREFS="StyleId-1297C391-B3C5-4DEF-879D-33FE932ADD70-" CS="1">
<String CONTENT="York," HEIGHT="65" WIDTH="178" VPOS="2434" HPOS="365"/>
<SP HEIGHT="64" WIDTH="26" VPOS="2435" HPOS="544"/>
<String CONTENT="C." HEIGHT="54" WIDTH="60" VPOS="2435" HPOS="571"/>
<SP HEIGHT="55" WIDTH="28" VPOS="2432" HPOS="632"/>
<String CONTENT="Scribner&#8217;s" HEIGHT="55" WIDTH="310" VPOS="2432" HPOS="661"/>
<SP HEIGHT="32" WIDTH="24" VPOS="2454" HPOS="972"/>
<String CONTENT="sons" HEIGHT="34" WIDTH="128" VPOS="2452" HPOS="997"/>
<SP HEIGHT="46" WIDTH="30" VPOS="2454" HPOS="1126"/>
<String CS="1" CONTENT="[c1935]" HEIGHT="62" WIDTH="191" VPOS="2438" HPOS="1157"/>
</TextLine>
<TextLine HEIGHT="51" WIDTH="737" VPOS="2506" HPOS="433" CS="1">
<String CONTENT="3" HEIGHT="39" WIDTH="25" VPOS="2508" HPOS="433"/>
<SP HEIGHT="39" WIDTH="26" VPOS="2508" HPOS="459"/>
<String CONTENT="v." HEIGHT="28" WIDTH="41" VPOS="2518" HPOS="486"/>
<SP HEIGHT="39" WIDTH="53" VPOS="2518" HPOS="528"/>
<String CONTENT="plates," HEIGHT="49" WIDTH="171" VPOS="2508" HPOS="582"/>
<SP HEIGHT="47" WIDTH="26" VPOS="2506" HPOS="754"/>
<String CONTENT="facsim." HEIGHT="40" WIDTH="190" VPOS="2506" HPOS="781"/>
<SP HEIGHT="40" WIDTH="53" VPOS="2506" HPOS="972"/>
<String CS="1" CONTENT="24&#189;" HEIGHT="39" WIDTH="56" VPOS="2506" HPOS="1026"/>
<String STYLE="superscript" CONTENT="cm" HEIGHT="22" WIDTH="42" VPOS="2508" HPOS="1115"/>
<String CONTENT="." HEIGHT="8" WIDTH="8" VPOS="2537" HPOS="1162"/>
</TextLine>
<TextLine HEIGHT="49" WIDTH="1923" VPOS="2562" HPOS="439" CS="1">
<String CONTENT="&#8220;This" HEIGHT="39" WIDTH="145" VPOS="2564" HPOS="439"/>
<SP HEIGHT="39" WIDTH="41" VPOS="2564" HPOS="585"/>
<String CONTENT="Wilderness" HEIGHT="40" WIDTH="297" VPOS="2563" HPOS="627"/>
<SP HEIGHT="29" WIDTH="41" VPOS="2574" HPOS="925"/>
<String CONTENT="edition" HEIGHT="41" WIDTH="182" VPOS="2562" HPOS="967"/>
<SP HEIGHT="29" WIDTH="46" VPOS="2574" HPOS="1150"/>
<String CS="1" CONTENT="&#8230;"/>
<SP HEIGHT="37" WIDTH="45" VPOS="2574" HPOS="1245"/>
<String CONTENT="printed" HEIGHT="49" WIDTH="192" VPOS="2562" HPOS="1291"/>
<SP HEIGHT="40" WIDTH="41" VPOS="2563" HPOS="1484"/>
<String CONTENT="from" HEIGHT="39" WIDTH="127" VPOS="2563" HPOS="1526"/>
<SP HEIGHT="38" WIDTH="43" VPOS="2565" HPOS="1654"/>
<String CONTENT="type" HEIGHT="45" WIDTH="113" VPOS="2565" HPOS="1698"/>
<SP HEIGHT="29" WIDTH="39" VPOS="2573" HPOS="1812"/>
<String CONTENT="now" HEIGHT="29" WIDTH="107" VPOS="2573" HPOS="1852"/>
<SP HEIGHT="39" WIDTH="42" VPOS="2563" HPOS="1960"/>
<String CONTENT="destroyed," HEIGHT="47" WIDTH="270" VPOS="2562" HPOS="2003"/>
<SP HEIGHT="47" WIDTH="42" VPOS="2562" HPOS="2274"/>
<String CONTENT="is" HEIGHT="40" WIDTH="45" VPOS="2562" HPOS="2317"/>
</TextLine>
<TextLine HEIGHT="49" WIDTH="1994" VPOS="2618" HPOS="368">
<String CONTENT="limited" HEIGHT="41" WIDTH="187" VPOS="2620" HPOS="368"/>
<SP HEIGHT="39" WIDTH="39" VPOS="2621" HPOS="556"/>
<String CONTENT="to" HEIGHT="38" WIDTH="48" VPOS="2622" HPOS="596"/>
<SP HEIGHT="30" WIDTH="40" VPOS="2630" HPOS="645"/>
<String CONTENT="seven" HEIGHT="29" WIDTH="143" VPOS="2630" HPOS="686"/>
<SP HEIGHT="39" WIDTH="39" VPOS="2620" HPOS="830"/>
<String CONTENT="hundred" HEIGHT="40" WIDTH="220" VPOS="2620" HPOS="870"/>
<SP HEIGHT="39" WIDTH="38" VPOS="2621" HPOS="1091"/>
<String CONTENT="and" HEIGHT="39" WIDTH="95" VPOS="2621" HPOS="1130"/>
<SP HEIGHT="38" WIDTH="40" VPOS="2621" HPOS="1226"/>
<String CONTENT="seventy" HEIGHT="45" WIDTH="198" VPOS="2622" HPOS="1267"/>
<SP HEIGHT="37" WIDTH="41" VPOS="2630" HPOS="1466"/>
<String CONTENT="sets" HEIGHT="38" WIDTH="98" VPOS="2622" HPOS="1508"/>
<SP HEIGHT="28" WIDTH="39" VPOS="2631" HPOS="1607"/>
<String CONTENT="of" HEIGHT="40" WIDTH="51" VPOS="2619" HPOS="1647"/>
<SP HEIGHT="40" WIDTH="37" VPOS="2619" HPOS="1699"/>
<String CONTENT="which" HEIGHT="41" WIDTH="159" VPOS="2618" HPOS="1737"/>
<SP HEIGHT="39" WIDTH="38" VPOS="2621" HPOS="1897"/>
<String CONTENT="twenty" HEIGHT="46" WIDTH="182" VPOS="2621" HPOS="1936"/>
<SP HEIGHT="37" WIDTH="40" VPOS="2630" HPOS="2119"/>
<String CONTENT="are" HEIGHT="30" WIDTH="83" VPOS="2629" HPOS="2160"/>
<SP HEIGHT="40" WIDTH="36" VPOS="2619" HPOS="2244"/>
<String CONTENT="for" HEIGHT="40" WIDTH="81" VPOS="2619" HPOS="2281"/>
</TextLine>
<TextLine HEIGHT="50" WIDTH="375" VPOS="2676" HPOS="362">
<String CONTENT="presentation.&#8221;" HEIGHT="50" WIDTH="375" VPOS="2676" HPOS="362"/>
</TextLine>
<TextLine HEIGHT="49" WIDTH="1586" VPOS="2731" HPOS="772" CS="1">
<String CS="1" CONTENT="CONTENTS.&#8212;V." HEIGHT="34" WIDTH="52" VPOS="2739" HPOS="772"/>
<SP HEIGHT="40" WIDTH="32" VPOS="2733" HPOS="825"/>
<String CONTENT="&#8220;Marco" HEIGHT="40" WIDTH="192" VPOS="2733" HPOS="858"/>
<SP HEIGHT="28" WIDTH="33" VPOS="2745" HPOS="1051"/>
<String CONTENT="millions.&#8221;" HEIGHT="40" WIDTH="255" VPOS="2732" HPOS="1085"/>
<SP HEIGHT="17" WIDTH="64" VPOS="2732" HPOS="1341"/>
<String CONTENT="&#8220;The" HEIGHT="39" WIDTH="129" VPOS="2733" HPOS="1406"/>
<SP HEIGHT="38" WIDTH="29" VPOS="2734" HPOS="1536"/>
<String CONTENT="hairy" HEIGHT="47" WIDTH="144" VPOS="2732" HPOS="1566"/>
<SP HEIGHT="36" WIDTH="32" VPOS="2743" HPOS="1711"/>
<String CONTENT="ape.&#8221;&#8212;VI." HEIGHT="49" WIDTH="264" VPOS="2731" HPOS="1744"/>
<SP HEIGHT="39" WIDTH="34" VPOS="2733" HPOS="2009"/>
<String CONTENT="Beyond" HEIGHT="47" WIDTH="197" VPOS="2733" HPOS="2044"/>
<SP HEIGHT="39" WIDTH="33" VPOS="2733" HPOS="2242"/>
<String CONTENT="the" HEIGHT="39" WIDTH="82" VPOS="2733" HPOS="2276"/>
</TextLine>
<TextLine HEIGHT="48" WIDTH="1213" VPOS="2789" HPOS="361">
<String CONTENT="horizon." HEIGHT="39" WIDTH="211" VPOS="2791" HPOS="361"/>
<SP HEIGHT="39" WIDTH="57" VPOS="2791" HPOS="573"/>
<String CONTENT="Welded.&#8212;VII." HEIGHT="40" WIDTH="365" VPOS="2790" HPOS="631"/>
<SP HEIGHT="40" WIDTH="31" VPOS="2790" HPOS="997"/>
<String CONTENT="Dynamo." HEIGHT="47" WIDTH="233" VPOS="2790" HPOS="1029"/>
<SP HEIGHT="39" WIDTH="57" VPOS="2790" HPOS="1263"/>
<String CONTENT="Different." HEIGHT="40" WIDTH="253" VPOS="2789" HPOS="1321"/>
</TextLine>
<TextLine HEIGHT="53" WIDTH="1986" VPOS="2843" HPOS="371">
<String CONTENT="&#169;" HEIGHT="52" WIDTH="54" VPOS="2844" HPOS="371"/>
<SP HEIGHT="52" WIDTH="31" VPOS="2844" HPOS="426"/>
<String CONTENT="Jan." HEIGHT="40" WIDTH="109" VPOS="2848" HPOS="458"/>
<SP HEIGHT="39" WIDTH="34" VPOS="2848" HPOS="568"/>
<String CONTENT="30," HEIGHT="45" WIDTH="69" VPOS="2847" HPOS="603"/>
<SP HEIGHT="45" WIDTH="36" VPOS="2847" HPOS="673"/>
<String CONTENT="1935;" HEIGHT="47" WIDTH="139" VPOS="2846" HPOS="710"/>
<SP HEIGHT="47" WIDTH="38" VPOS="2846" HPOS="850"/>
<String CONTENT="2c." HEIGHT="41" WIDTH="65" VPOS="2846" HPOS="889"/>
<SP HEIGHT="29" WIDTH="36" VPOS="2858" HPOS="955"/>
<String CONTENT="each" HEIGHT="39" WIDTH="118" VPOS="2848" HPOS="992"/>
<SP HEIGHT="38" WIDTH="34" VPOS="2848" HPOS="1111"/>
<String CONTENT="and" HEIGHT="38" WIDTH="95" VPOS="2848" HPOS="1146"/>
<SP HEIGHT="38" WIDTH="36" VPOS="2848" HPOS="1242"/>
<String CONTENT="affis." HEIGHT="41" WIDTH="107" VPOS="2845" HPOS="1279"/>
<SP HEIGHT="39" WIDTH="36" VPOS="2846" HPOS="1387"/>
<String CONTENT="Feb." HEIGHT="39" WIDTH="109" VPOS="2846" HPOS="1424"/>
<SP HEIGHT="38" WIDTH="37" VPOS="2846" HPOS="1534"/>
<String CONTENT="21;" HEIGHT="46" WIDTH="82" VPOS="2846" HPOS="1572"/>
<SP HEIGHT="45" WIDTH="36" VPOS="2847" HPOS="1655"/>
<!-- cceid 857F37A2-6D82-1014-B070-FDFD250A9EDA --><String CONTENT="A" HEIGHT="38" WIDTH="40" VPOS="2847" HPOS="1692"/>
<SP HEIGHT="38" WIDTH="37" VPOS="2847" HPOS="1733"/>
<String CONTENT="79762-79764;" HEIGHT="49" WIDTH="345" VPOS="2843" HPOS="1771"/>
<SP HEIGHT="48" WIDTH="38" VPOS="2844" HPOS="2117"/>
<String CONTENT="Charles" HEIGHT="41" WIDTH="201" VPOS="2844" HPOS="2156"/>
</TextLine>
<TextLine HEIGHT="42" WIDTH="420" VPOS="2903" HPOS="438">
<String CONTENT="Scribner&#8217;s" HEIGHT="42" WIDTH="263" VPOS="2903" HPOS="438"/>
<SP HEIGHT="30" WIDTH="31" VPOS="2914" HPOS="702"/>
<String CONTENT="sons." HEIGHT="29" WIDTH="124" VPOS="2914" HPOS="734"/>
</TextLine>
<TextLine HEIGHT="68" WIDTH="874" VPOS="3006" HPOS="363" STYLEREFS="StyleId-AB94A0EE-6E9E-48EA-B31E-4513E64AA61E-">
<String CONTENT="Outhwaite," HEIGHT="65" WIDTH="357" VPOS="3006" HPOS="363"/>
<SP HEIGHT="62" WIDTH="27" VPOS="3009" HPOS="721"/>
<String CONTENT="Leonard," HEIGHT="66" WIDTH="286" VPOS="3008" HPOS="749"/>
<SP HEIGHT="60" WIDTH="31" VPOS="3014" HPOS="1036"/>
<String CONTENT="1892-" HEIGHT="48" WIDTH="169" VPOS="3013" HPOS="1068"/>
</TextLine>
<TextLine HEIGHT="150" WIDTH="1964" VPOS="3081" HPOS="366" STYLEREFS="StyleId-1297C391-B3C5-4DEF-879D-33FE932ADD70-" CS="1">
<String CS="1" CONTENT="&#8230;"/>
<SP HEIGHT="53" WIDTH="34" VPOS="3086" HPOS="496"/>
<String CONTENT="Unrolling" HEIGHT="68" WIDTH="313" VPOS="3083" HPOS="531"/>
<SP HEIGHT="61" WIDTH="23" VPOS="3090" HPOS="845"/>
<String CONTENT="the" HEIGHT="52" WIDTH="97" VPOS="3085" HPOS="869"/>
<SP HEIGHT="33" WIDTH="26" VPOS="3104" HPOS="967"/>
<String CONTENT="map;" HEIGHT="48" WIDTH="161" VPOS="3103" HPOS="994"/>
<SP HEIGHT="59" WIDTH="30" VPOS="3091" HPOS="1156"/>
<String CONTENT="the" HEIGHT="52" WIDTH="95" VPOS="3085" HPOS="1187"/>
<SP HEIGHT="33" WIDTH="27" VPOS="3104" HPOS="1283"/>
<String CONTENT="story" HEIGHT="59" WIDTH="156" VPOS="3091" HPOS="1311"/>
<SP HEIGHT="49" WIDTH="27" VPOS="3101" HPOS="1468"/>
<String CONTENT="of" HEIGHT="53" WIDTH="63" VPOS="3084" HPOS="1496"/>
<SP HEIGHT="52" WIDTH="24" VPOS="3084" HPOS="1560"/>
<String CONTENT="exploration;" HEIGHT="67" WIDTH="385" VPOS="3084" HPOS="1585"/>
<SP HEIGHT="48" WIDTH="31" VPOS="3101" HPOS="1971"/>
<String CONTENT="with" HEIGHT="52" WIDTH="139" VPOS="3082" HPOS="2003"/>
<SP HEIGHT="53" WIDTH="28" VPOS="3081" HPOS="2143"/>
<String CONTENT="drawings" HEIGHT="150" WIDTH="1964" VPOS="3081" HPOS="366"/>
<SP HEIGHT="35" WIDTH="27" VPOS="3180" HPOS="494"/>
<String CONTENT="of" HEIGHT="51" WIDTH="63" VPOS="3163" HPOS="522"/>
<SP HEIGHT="52" WIDTH="27" VPOS="3163" HPOS="586"/>
<String CONTENT="ships" HEIGHT="68" WIDTH="157" VPOS="3161" HPOS="614"/>
<SP HEIGHT="54" WIDTH="26" VPOS="3161" HPOS="772"/>
<String CONTENT="by" HEIGHT="67" WIDTH="74" VPOS="3161" HPOS="799"/>
</TextLine>
<TextLine HEIGHT="69" WIDTH="1448" VPOS="3159" HPOS="904" STYLEREFS="StyleId-1297C391-B3C5-4DEF-879D-33FE932ADD70-">
<String CONTENT="Gordon" HEIGHT="55" WIDTH="234" VPOS="3162" HPOS="904"/>
<SP HEIGHT="54" WIDTH="29" VPOS="3163" HPOS="1139"/>
<String CONTENT="Grant," HEIGHT="59" WIDTH="203" VPOS="3163" HPOS="1169"/>
<SP HEIGHT="41" WIDTH="29" VPOS="3181" HPOS="1373"/>
<String CONTENT="and" HEIGHT="52" WIDTH="112" VPOS="3162" HPOS="1403"/>
<SP HEIGHT="54" WIDTH="29" VPOS="3160" HPOS="1516"/>
<String CONTENT="fifty-six" HEIGHT="68" WIDTH="248" VPOS="3160" HPOS="1546"/>
<SP HEIGHT="33" WIDTH="28" VPOS="3180" HPOS="1795"/>
<String CONTENT="specially" HEIGHT="67" WIDTH="272" VPOS="3161" HPOS="1824"/>
<SP HEIGHT="67" WIDTH="28" VPOS="3160" HPOS="2097"/>
<String CONTENT="devised" HEIGHT="54" WIDTH="226" VPOS="3159" HPOS="2126"/>
</TextLine>
<TextLine HEIGHT="68" WIDTH="1475" VPOS="3240" HPOS="361" STYLEREFS="StyleId-1297C391-B3C5-4DEF-879D-33FE932ADD70-">
<String CONTENT="maps." HEIGHT="49" WIDTH="175" VPOS="3259" HPOS="361"/>
<SP HEIGHT="53" WIDTH="64" VPOS="3240" HPOS="537"/>
<String CONTENT="New" HEIGHT="52" WIDTH="138" VPOS="3240" HPOS="602"/>
<SP HEIGHT="50" WIDTH="27" VPOS="3242" HPOS="741"/>
<String CONTENT="York," HEIGHT="66" WIDTH="179" VPOS="3240" HPOS="769"/>
<SP HEIGHT="63" WIDTH="26" VPOS="3243" HPOS="949"/>
<String CONTENT="Reynal" HEIGHT="65" WIDTH="219" VPOS="3242" HPOS="976"/>
<SP HEIGHT="52" WIDTH="23" VPOS="3242" HPOS="1196"/>
<String CONTENT="&amp;" HEIGHT="49" WIDTH="45" VPOS="3245" HPOS="1220"/>
<SP HEIGHT="52" WIDTH="25" VPOS="3242" HPOS="1266"/>
<String CONTENT="Hitchcock" HEIGHT="53" WIDTH="320" VPOS="3240" HPOS="1292"/>
<SP HEIGHT="66" WIDTH="31" VPOS="3240" HPOS="1613"/>
<String STYLE="subscript" CONTENT="[" HEIGHT="33" WIDTH="12" VPOS="3273" HPOS="1645"/>
<String STYLE="superscript" CONTENT="c" HEIGHT="21" WIDTH="17" VPOS="3246" HPOS="1663"/>
<String CONTENT="1935" HEIGHT="48" WIDTH="132" VPOS="3243" HPOS="1685"/>
<String STYLE="subscript" CONTENT="]" HEIGHT="33" WIDTH="12" VPOS="3273" HPOS="1824"/>
</TextLine>
<TextLine HEIGHT="48" WIDTH="855" VPOS="3313" HPOS="434" STYLEREFS="StyleId-1297C391-B3C5-4DEF-879D-33FE932ADD70-" CS="1">
<String CONTENT="xiv," HEIGHT="47" WIDTH="97" VPOS="3314" HPOS="434"/>
<SP HEIGHT="47" WIDTH="22" VPOS="3314" HPOS="532"/>
<String CONTENT="351" HEIGHT="40" WIDTH="85" VPOS="3314" HPOS="555"/>
<SP HEIGHT="46" WIDTH="27" VPOS="3314" HPOS="641"/>
<String CONTENT="p." HEIGHT="36" WIDTH="41" VPOS="3324" HPOS="669"/>
<SP HEIGHT="37" WIDTH="56" VPOS="3314" HPOS="711"/>
<String CONTENT="illus.," HEIGHT="46" WIDTH="141" VPOS="3313" HPOS="768"/>
<SP HEIGHT="35" WIDTH="26" VPOS="3324" HPOS="910"/>
<String CONTENT="maps." HEIGHT="38" WIDTH="150" VPOS="3323" HPOS="937"/>
<SP HEIGHT="39" WIDTH="56" VPOS="3313" HPOS="1088"/>
<String CS="1" CONTENT="26&#189;" HEIGHT="39" WIDTH="58" VPOS="3313" HPOS="1145"/>
<String STYLE="superscript" CONTENT="cm" HEIGHT="21" WIDTH="44" VPOS="3315" HPOS="1233"/>
<String CONTENT="." HEIGHT="7" WIDTH="8" VPOS="3344" HPOS="1281"/>
</TextLine>
<TextLine HEIGHT="47" WIDTH="552" VPOS="3369" HPOS="436">
<String CONTENT="&#8220;A" HEIGHT="39" WIDTH="67" VPOS="3371" HPOS="436"/>
<SP HEIGHT="39" WIDTH="27" VPOS="3371" HPOS="504"/>
<String CONTENT="John" HEIGHT="39" WIDTH="128" VPOS="3371" HPOS="532"/>
<SP HEIGHT="38" WIDTH="25" VPOS="3371" HPOS="661"/>
<String CONTENT="Day" HEIGHT="45" WIDTH="109" VPOS="3371" HPOS="687"/>
<SP HEIGHT="46" WIDTH="26" VPOS="3370" HPOS="797"/>
<String CONTENT="book.&#8221;" HEIGHT="39" WIDTH="164" VPOS="3369" HPOS="824"/>
</TextLine>
<TextLine HEIGHT="48" WIDTH="774" VPOS="3425" HPOS="437" CS="1">
<String CONTENT="&#8220;Books" HEIGHT="40" WIDTH="187" VPOS="3427" HPOS="437"/>
<SP HEIGHT="37" WIDTH="24" VPOS="3429" HPOS="625"/>
<String CONTENT="to" HEIGHT="37" WIDTH="48" VPOS="3429" HPOS="650"/>
<SP HEIGHT="29" WIDTH="27" VPOS="3437" HPOS="699"/>
<String CS="1" CONTENT="read&#8221;:" HEIGHT="40" WIDTH="144" VPOS="3425" HPOS="727"/>
<SP HEIGHT="37" WIDTH="26" VPOS="3436" HPOS="900"/>
<String CONTENT="p." HEIGHT="36" WIDTH="42" VPOS="3437" HPOS="927"/>
<SP HEIGHT="39" WIDTH="25" VPOS="3426" HPOS="970"/>
<String CONTENT="335-340." HEIGHT="40" WIDTH="215" VPOS="3426" HPOS="996"/>
</TextLine>
<TextLine HEIGHT="55" WIDTH="1984" VPOS="3477" HPOS="369" CS="1">
<String CONTENT="&#169;" HEIGHT="52" WIDTH="52" VPOS="3480" HPOS="369"/>
<SP HEIGHT="52" WIDTH="26" VPOS="3480" HPOS="422"/>
<String CONTENT="Feb." HEIGHT="41" WIDTH="110" VPOS="3483" HPOS="449"/>
<SP HEIGHT="38" WIDTH="27" VPOS="3484" HPOS="560"/>
<String CONTENT="18," HEIGHT="46" WIDTH="69" VPOS="3483" HPOS="588"/>
<SP HEIGHT="46" WIDTH="26" VPOS="3483" HPOS="658"/>
<String CS="1" CONTENT="1935;" HEIGHT="41" WIDTH="113" VPOS="3481" HPOS="685"/>
<SP HEIGHT="46" WIDTH="28" VPOS="3481" HPOS="826"/>
<String CONTENT="2c." HEIGHT="40" WIDTH="65" VPOS="3481" HPOS="855"/>
<SP HEIGHT="37" WIDTH="29" VPOS="3483" HPOS="921"/>
<String CONTENT="Feb." HEIGHT="38" WIDTH="109" VPOS="3483" HPOS="951"/>
<SP HEIGHT="38" WIDTH="27" VPOS="3482" HPOS="1061"/>
<String CONTENT="21;" HEIGHT="46" WIDTH="80" VPOS="3482" HPOS="1089"/>
<SP HEIGHT="35" WIDTH="31" VPOS="3493" HPOS="1170"/>
<String CONTENT="aff." HEIGHT="40" WIDTH="80" VPOS="3482" HPOS="1202"/>
<SP HEIGHT="40" WIDTH="30" VPOS="3481" HPOS="1283"/>
<String CONTENT="Feb." HEIGHT="40" WIDTH="109" VPOS="3481" HPOS="1314"/>
<SP HEIGHT="39" WIDTH="28" VPOS="3482" HPOS="1424"/>
<String CONTENT="26;" HEIGHT="42" WIDTH="81" VPOS="3481" HPOS="1453"/>
<SP HEIGHT="41" WIDTH="30" VPOS="3482" HPOS="1535"/>
<!-- cceid 857FF5E0-6D82-1014-B070-FDFD250A9EDA --><String CONTENT="A" HEIGHT="38" WIDTH="40" VPOS="3482" HPOS="1566"/>
<SP HEIGHT="38" WIDTH="25" VPOS="3482" HPOS="1607"/>
<String CONTENT="79824;" HEIGHT="47" WIDTH="168" VPOS="3479" HPOS="1633"/>
<SP HEIGHT="46" WIDTH="30" VPOS="3480" HPOS="1802"/>
<String CONTENT="L." HEIGHT="38" WIDTH="48" VPOS="3480" HPOS="1833"/>
<SP HEIGHT="40" WIDTH="32" VPOS="3479" HPOS="1882"/>
<String CONTENT="Outhwaite," HEIGHT="46" WIDTH="291" VPOS="3477" HPOS="1915"/>
<SP HEIGHT="45" WIDTH="29" VPOS="3478" HPOS="2207"/>
<String CONTENT="New" HEIGHT="38" WIDTH="116" VPOS="3478" HPOS="2237"/>
</TextLine>
<TextLine HEIGHT="49" WIDTH="465" VPOS="3537" HPOS="435">
<String CONTENT="York." HEIGHT="40" WIDTH="143" VPOS="3540" HPOS="435"/>
<SP HEIGHT="48" WIDTH="69" VPOS="3538" HPOS="579"/>
<String CONTENT="(35-3056)" HEIGHT="49" WIDTH="251" VPOS="3537" HPOS="649"/>
</TextLine>
<TextLine HEIGHT="67" WIDTH="1004" VPOS="3641" HPOS="361" STYLEREFS="StyleId-0654AB8C-8572-4023-88E7-A29A97B89DE5-">
<String CONTENT="Pennsylvania." HEIGHT="65" WIDTH="452" VPOS="3641" HPOS="361"/>
<SP HEIGHT="51" WIDTH="72" VPOS="3643" HPOS="814"/>
<String CONTENT="Superior" HEIGHT="66" WIDTH="278" VPOS="3642" HPOS="887"/>
<SP HEIGHT="34" WIDTH="25" VPOS="3661" HPOS="1166"/>
<String CONTENT="court." HEIGHT="50" WIDTH="173" VPOS="3645" HPOS="1192"/>
</TextLine>
<TextLine HEIGHT="73" WIDTH="1917" VPOS="3713" HPOS="435" STYLEREFS="StyleId-1297C391-B3C5-4DEF-879D-33FE932ADD70-">
<String CONTENT="Pennsylvania" HEIGHT="69" WIDTH="422" VPOS="3717" HPOS="435"/>
<SP HEIGHT="55" WIDTH="40" VPOS="3717" HPOS="858"/>
<String CONTENT="Superior" HEIGHT="68" WIDTH="272" VPOS="3717" HPOS="899"/>
<SP HEIGHT="33" WIDTH="36" VPOS="3737" HPOS="1172"/>
<String CONTENT="court" HEIGHT="46" WIDTH="160" VPOS="3724" HPOS="1209"/>
<SP HEIGHT="46" WIDTH="37" VPOS="3724" HPOS="1370"/>
<String CONTENT="reports," HEIGHT="62" WIDTH="234" VPOS="3723" HPOS="1408"/>
<SP HEIGHT="39" WIDTH="74" VPOS="3733" HPOS="1643"/>
<String CONTENT="v." HEIGHT="35" WIDTH="50" VPOS="3733" HPOS="1718"/>
<SP HEIGHT="49" WIDTH="40" VPOS="3719" HPOS="1769"/>
<String CONTENT="112." HEIGHT="49" WIDTH="113" VPOS="3718" HPOS="1810"/>
<SP HEIGHT="54" WIDTH="76" VPOS="3716" HPOS="1924"/>
<String CONTENT="Containing" HEIGHT="67" WIDTH="351" VPOS="3713" HPOS="2001"/>
</TextLine>
<TextLine HEIGHT="70" WIDTH="1983" VPOS="3791" HPOS="366" STYLEREFS="StyleId-1297C391-B3C5-4DEF-879D-33FE932ADD70-" CS="1">
<String CONTENT="cases" HEIGHT="35" WIDTH="149" VPOS="3813" HPOS="366"/>
<SP HEIGHT="51" WIDTH="29" VPOS="3797" HPOS="516"/>
<String CONTENT="decided" HEIGHT="53" WIDTH="233" VPOS="3795" HPOS="546"/>
<SP HEIGHT="51" WIDTH="36" VPOS="3796" HPOS="780"/>
<String CS="1" CONTENT="&#8230;"/>
<SP HEIGHT="49" WIDTH="35" VPOS="3797" HPOS="872"/>
<String CONTENT="March" HEIGHT="50" WIDTH="199" VPOS="3796" HPOS="908"/>
<SP HEIGHT="50" WIDTH="31" VPOS="3796" HPOS="1108"/>
<String CONTENT="3," HEIGHT="61" WIDTH="48" VPOS="3799" HPOS="1140"/>
<SP HEIGHT="59" WIDTH="32" VPOS="3801" HPOS="1189"/>
<String CONTENT="1934" HEIGHT="50" WIDTH="135" VPOS="3798" HPOS="1222"/>
<SP HEIGHT="49" WIDTH="24" VPOS="3798" HPOS="1358"/>
<String CONTENT="to" HEIGHT="49" WIDTH="59" VPOS="3800" HPOS="1383"/>
<SP HEIGHT="52" WIDTH="30" VPOS="3797" HPOS="1443"/>
<String CONTENT="May" HEIGHT="64" WIDTH="138" VPOS="3797" HPOS="1474"/>
<SP HEIGHT="64" WIDTH="27" VPOS="3797" HPOS="1613"/>
<String CONTENT="4," HEIGHT="63" WIDTH="50" VPOS="3797" HPOS="1641"/>
<SP HEIGHT="63" WIDTH="31" VPOS="3797" HPOS="1692"/>
<String CONTENT="1934" HEIGHT="49" WIDTH="134" VPOS="3796" HPOS="1724"/>
<SP HEIGHT="51" WIDTH="27" VPOS="3793" HPOS="1859"/>
<String CONTENT="inc." HEIGHT="51" WIDTH="108" VPOS="3793" HPOS="1887"/>
<SP HEIGHT="51" WIDTH="65" VPOS="3793" HPOS="1996"/>
<String CONTENT="Reported" HEIGHT="67" WIDTH="287" VPOS="3791" HPOS="2062"/>
</TextLine>
<TextLine HEIGHT="71" WIDTH="1987" VPOS="3868" HPOS="365" STYLEREFS="StyleId-1297C391-B3C5-4DEF-879D-33FE932ADD70-">
<String CONTENT="by" HEIGHT="66" WIDTH="74" VPOS="3873" HPOS="365"/>
<SP HEIGHT="65" WIDTH="40" VPOS="3874" HPOS="440"/>
<String CONTENT="C." HEIGHT="54" WIDTH="59" VPOS="3874" HPOS="481"/>
<SP HEIGHT="50" WIDTH="43" VPOS="3875" HPOS="541"/>
<String CONTENT="Brewster" HEIGHT="49" WIDTH="284" VPOS="3875" HPOS="585"/>
<SP HEIGHT="51" WIDTH="38" VPOS="3873" HPOS="870"/>
<String CONTENT="Rhoads," HEIGHT="65" WIDTH="249" VPOS="3873" HPOS="909"/>
<SP HEIGHT="46" WIDTH="38" VPOS="3892" HPOS="1159"/>
<String CONTENT="state" HEIGHT="47" WIDTH="145" VPOS="3878" HPOS="1198"/>
<SP HEIGHT="34" WIDTH="39" VPOS="3891" HPOS="1344"/>
<String CONTENT="reporter" HEIGHT="63" WIDTH="255" VPOS="3876" HPOS="1384"/>
<SP HEIGHT="32" WIDTH="41" VPOS="3891" HPOS="1640"/>
<String CONTENT="and" HEIGHT="52" WIDTH="112" VPOS="3871" HPOS="1682"/>
<SP HEIGHT="55" WIDTH="44" VPOS="3871" HPOS="1795"/>
<String CONTENT="Spencer" HEIGHT="65" WIDTH="243" VPOS="3871" HPOS="1840"/>
<SP HEIGHT="54" WIDTH="41" VPOS="3868" HPOS="2084"/>
<String CONTENT="Gilbert" HEIGHT="54" WIDTH="226" VPOS="3868" HPOS="2126"/>
</TextLine>
<TextLine HEIGHT="71" WIDTH="1985" VPOS="3945" HPOS="363" STYLEREFS="StyleId-1297C391-B3C5-4DEF-879D-33FE932ADD70-">
<String CONTENT="Nauman," HEIGHT="65" WIDTH="281" VPOS="3951" HPOS="363"/>
<SP HEIGHT="47" WIDTH="28" VPOS="3969" HPOS="645"/>
<String CONTENT="assistant" HEIGHT="52" WIDTH="267" VPOS="3950" HPOS="674"/>
<SP HEIGHT="47" WIDTH="25" VPOS="3955" HPOS="942"/>
<String CONTENT="state" HEIGHT="48" WIDTH="144" VPOS="3954" HPOS="968"/>
<SP HEIGHT="33" WIDTH="26" VPOS="3968" HPOS="1113"/>
<String CONTENT="reporter." HEIGHT="62" WIDTH="271" VPOS="3954" HPOS="1140"/>
<SP HEIGHT="55" WIDTH="62" VPOS="3950" HPOS="1412"/>
<String CONTENT="Harrisburg," HEIGHT="67" WIDTH="375" VPOS="3947" HPOS="1475"/>
<SP HEIGHT="63" WIDTH="26" VPOS="3950" HPOS="1851"/>
<String CONTENT="The" HEIGHT="52" WIDTH="122" VPOS="3948" HPOS="1878"/>
<SP HEIGHT="51" WIDTH="26" VPOS="3949" HPOS="2001"/>
<String CONTENT="Telegraph" HEIGHT="68" WIDTH="320" VPOS="3945" HPOS="2028"/>
</TextLine>
<TextLine HEIGHT="64" WIDTH="348" VPOS="4030" HPOS="366" STYLEREFS="StyleId-1297C391-B3C5-4DEF-879D-33FE932ADD70-">
<String CONTENT="press," HEIGHT="47" WIDTH="171" VPOS="4047" HPOS="366"/>
<SP HEIGHT="63" WIDTH="27" VPOS="4031" HPOS="538"/>
<String CONTENT="1934." HEIGHT="49" WIDTH="148" VPOS="4030" HPOS="566"/>
</TextLine>
</TextBlock>
</PrintSpace>
</Page>
</Layout>
</alto>