2424 4375
1051 4077 129 51 1673

142 455 314 54 American
484 455 112 53 law
624 455 295 54 institute.

211 530 385 53 Restatement
631 529 64 53 of
731 530 93 51 the
860 532 109 51 law
1009 529 63 51 of
1110 534 192 61 trusts,
1344 547 59 33 as
1442 527 246 67 adopted
1728 528 111 52 and
140 528 1961 147 promulgated
350 606 74 68 by

464 606 95 54 the
601 606 300 52 American
943 604 109 54 law
1093 605 258 53 institute
1394 613 60 46 at
1494 602 397 69 Washington,
1935 604 68 50 D.
2050 602 80 68 C.,

141 679 1988 72 May 11, 1935 … St. Paul, American law institute publishers,
143 763 149 50 1935.

208 830 28 40 2
263 842 43 30 v.
365 830 55 41 23½
453 833 43 21 cm
501 862 9 9 .

208 887 161 48 Paged
400 887 352 47 continuously.

208 943 67 40 To
312 945 82 39 the
431 944 91 40 end
558 945 109 39 that
703 945 82 39 the
819 944 148 39 bench
1005 945 95 39 and
1136 944 87 40 bar
1256 943 53 40 of
1342 943 119 41 each
1497 944 129 40 state
1660 952 112 39 may
1809 943 57 41 be
1902 945 224 47 apprised

139 999 52 40 of
222 1010 95 37 any
349 1001 123 39 local
507 1000 283 47 variations,
825 1001 81 39 the
939 1001 129 39 state
1098 1000 89 40 bar
1218 999 335 50 associations,
1588 1000 120 40 with
1742 1001 82 39 the
1858 1001 271 39 assistance

139 1055 53 41 of
222 1056 236 41 members
492 1056 52 40 of
577 1056 123 40 local
736 1056 160 40 school
930 1055 232 42 faculties
1197 1056 96 40 and
1328 1057 139 39 other
1499 1057 209 47 experts,
1744 1067 84 31 are
1863 1055 266 50 producing

138 1114 128 39 state
307 1113 311 40 annotations
660 1112 79 40 for
781 1112 128 40 their
952 1112 266 47 respective
1260 1113 153 40 states
1457 1112 50 40 in
1549 1114 83 39 the
1675 1113 197 40 various
1914 1112 214 47 subjects

139 1168 301 41 undertaken
467 1168 80 40 for
575 1167 329 42 restatement,
965 1168 62 48 cf.
1057 1168 186 41 Introd.

139 1224 52 53 ©
219 1228 100 41 Oct.
348 1228 70 47 22,
447 1228 138 40 1935;
616 1228 67 39 2c.
709 1228 120 39 each
856 1227 117 40 Nov.
1003 1227 57 39 16;
1117 1226 108 40 affs.
1254 1227 116 38 Nov.
1397 1226 55 39 21;
1512 1227 41 38 A
1581 1226 157 48 89517,
1768 1226 143 41 89518;
1970 1228 144 39 Amer.

205 1286 95 38 law
326 1284 238 47 institute,
593 1284 351 47 Philadelphia.
1015 1283 279 47 (35-30986)

139 1375 594 64 Ancelet-Hustache,
764 1375 241 55 Jeanne.

268 1448 1717 70 … Les sœurs des prisons … [Paris] B. Grasset [1934]
206 1520 1921 50 2 p. l. , vii-xv, 314 p., 1 l. 19cm. (Collection “Les grands ordres
137 1578 328 48 monastiques
517 1580 47 38 et
615 1578 223 39 instituts
887 1576 265 49 religieux”
1204 1576 181 48 dirigée
1436 1588 87 38 par
1574 1577 224 40 Édouard
1853 1578 274 41 Schneider,

138 1645 82 30 xvi
228 1634 15 46 )

135 1690 1993 60 © Oct. 15, 1934; 1c. Mar. 6, 1935; A- Foreign 28516; Éditions Bernard
205 1758 212 40 Grasset.
492 1758 278 47 (35-33137)

137 1839 207 64 Arkin,
374 1839 275 54 Herbert.

138 1914 1964 148 Statistical methods as applied to economics, business, education, social and physical sciences, etc., by Herbert Arkin …
142 2071 1983 69 [ and] Raymond R. Colton … with a preface by Justin H.
137 2149 1987 68 Moore … Rev. and enl. New York, Barnes & Noble, inc.
142 2263 13 33 [
158 2236 20 21 c
183 2233 151 62 1935]

207 2301 896 48 6 p. l. , 228, 47 p. diagrs. 21½ cm .
206 2357 135 41 With
367 2356 100 41 this
491 2357 42 40 is
559 2358 159 39 bound
744 2357 81 41 the
850 2357 216 40 authors’
1094 2356 174 41 Tables
1294 2357 51 41 of
1369 2365 216 39 squares,
1612 2364 177 40 square
1812 2357 145 47 roots,
1982 2358 144 40 cubes

136 2412 997 50 and cube roots … New York [ c 1934]
207 2471 170 39 Issued
407 2470 104 39 also
538 2470 153 40 under
714 2469 109 40 title:
880 2470 73 38 An
983 2468 184 42 outline
1192 2469 53 40 of
1272 2468 266 42 statistical
1564 2468 236 42 methods.

209 2525 264 47 “Eighteen
497 2525 234 41 standard
760 2524 282 42 textbooks”:
1099 2525 83 40 5th
1205 2524 186 49 prelim,
1417 2524 116 42 leaf.
1585 2523 348 51 Bibliography
1960 2528 52 38 at
2035 2527 90 39 end

136 2581 52 39 of
214 2583 118 39 each
358 2582 215 48 chapter.

136 2634 52 52 ©
213 2638 101 40 Oct.
341 2637 70 48 21,
435 2638 117 40 1935;
603 2637 26 39 2
656 2648 37 29 c.
721 2638 95 39 and
843 2637 80 40 aff.
952 2637 102 40 Oct.
1078 2637 82 47 29;
1189 2638 41 38 A
1256 2637 141 41 88053;
1456 2639 186 39 Barnes
1668 2639 37 40 &
1732 2639 163 41 Noble,
1924 2639 91 40 inc.

218 2695 277 46 (35-30515)

139 2775 373 53 Association
547 2776 96 54 for
676 2776 274 53 research
988 2776 58 52 in
1081 2792 256 37 nervous
1370 2776 116 53 and
1520 2777 223 53 mental
1776 2778 247 53 disease.

137 2852 1961 143 … Sensation: its mechanisms and disturbances; an investigation of
477 2931 94 52 the
614 2937 146 47 most
800 2937 187 48 recent
1029 2932 304 66 advances;
1378 2932 95 52 the
1515 2932 369 67 proceedings
1925 2932 63 52 of
2029 2932 96 53 the

137 3008 375 60 Association,
552 3009 137 52 New
730 3009 177 66 York,
945 3009 307 53 December
1290 3009 133 53 27th
1462 3011 112 51 and
1613 3010 151 56 28th.
1806 3013 161 51 1934;
138 3010 1955 128 editorial
350 3086 207 53 board:
605 3087 267 54 Clarence
916 3088 69 52 A.
1032 3089 226 58 Patten,
1357 3130 10 9 M.
1450 3129 30 21 D.,
1522 3089 201 65 Angus
1768 3089 77 52 M.
1891 3089 233 52 Frantz.

191 3204 11 11 M.
268 3206 10 9 D.
334 3165 129 65 [and]
500 3164 269 54 Clarence
799 3166 62 54 C.
890 3165 177 57 Hare,
1152 3208 9 9 M.
1230 3208 9 9 D.;
1302 3165 141 53 with
1475 3169 96 48 153
1602 3165 379 54 illustrations
2012 3166 107 51 and

137 3242 63 49 31
225 3241 195 53 tables.
498 3241 330 58 Baltimore,
855 3243 118 52 The
997 3242 287 54 Williams
1310 3247 45 50 &
1379 3242 250 55 Wilkins
1654 3260 296 49 company.
1977 3248 146 48 1935.

136 3312 1970 97 xxiii, [1], 541 p. incl. illus., tables, diagrs. 23½c m . (Its Series of research
334 3370 338 48 publications,
731 3373 91 38 vol.
853 3381 63 30 xv
950 3370 169 52 [1934])

207 3425 132 41 “List
366 3426 51 40 of
442 3426 263 41 members”:
763 3439 43 37 p.
833 3426 215 43 531-541.

207 3480 347 51 Bibliography
581 3485 52 38 at
666 3484 90 40 end
788 3484 52 41 of
869 3486 117 39 each
1017 3486 200 48 chapter
1246 3489 170 46 except
1446 3488 149 39 three.

137 3534 51 52 ©
217 3539 101 41 Oct.
346 3539 69 48 28,
442 3539 140 46 1935;
615 3540 66 40 2c.
712 3542 96 38 and
836 3541 82 40 aff.
948 3542 118 39 Nov.
1097 3544 24 38 7;
1180 3543 50 39 A.
1252 3542 169 42 88143:
1455 3542 304 41 Association
1791 3543 78 41 for
1901 3544 223 39 research

198 3595 51 40 in
281 3606 208 30 nervous
520 3597 35 39 &
587 3598 181 39 mental
801 3597 200 44 disease,
1036 3599 117 39 New
1184 3600 143 39 York.
1398 3599 280 47 (35-30534)

137 3671 255 64 Atticks,
417 3672 221 63 Kelsey
666 3674 61 54 C.

207 3746 1916 74 A first course in bookkeeping, by Kelsey C. Atticks … New
139 3825 1807 73 York, Cincinnati [etc.] American book company [ c 1935]
205 3897 83 48 xii,
313 3898 85 40 322
424 3909 42 37 p.
494 3898 109 41 incl.
628 3899 143 43 illus.,
798 3899 166 41 forms.
1025 3900 55 40 23
1083 3902 43 21 cm
1133 3931 8 8 .

135 3948 52 52 ©
214 3953 117 40 Nov.
361 3955 68 46 13,
459 3953 116 41 1935;
630 3954 28 39 2
686 3965 37 30 c.
753 3957 94 37 and
877 3956 82 39 aff.
990 3957 117 39 Nov.
1138 3957 53 38 18;
1253 3958 40 38 A
1323 3957 170 44 88272;
1527 3960 156 39 Amer,
1713 3959 125 40 book
1864 3970 68 29 co.

214 4009 277 50 (35-30507)
