2568 4342
0 0 0 0 32
369 473 322 65 Underhill,
720 476 137 52 Mrs.
887 476 154 51 Lora
1068 473 200 53 Altine
1301 473 395 65 (Woodbury)
1736 478 171 50 1844-

436 552 387 52 Descendants
868 551 63 54 of
974 551 255 52 Edward
1276 550 181 55 Small
1501 550 63 53 of
1606 550 140 53 New
1789 550 274 66 England
2109 552 111 51 and
2263 553 94 50 the

367 628 172 54 allied
583 628 268 68 families,
895 628 140 53 with
1078 627 254 68 tracings
1374 627 63 54 of
1481 628 246 66 English
1773 633 275 61 ancestry,
2091 628 77 67 by
2209 629 150 52 Lora

367 705 197 54 Altine
586 706 334 66 Woodbury
943 705 326 54 Underhill.
1328 706 139 52 Rev.
1492 705 86 53 ed.
1639 706 216 51 Boston
1881 706 111 51 and
2016 705 140 52 New
2181 706 178 65 York,

366 782 316 69 Houghton
714 783 203 52 Mifflin
950 800 297 50 company,
1282 785 153 55 1934.

433 855 28 40 3
534 887 9 10 v.
602 855 189 47 fronts.,
832 855 158 49 plates
1019 854 47 48 (1
1108 855 196 48 double)
1354 857 163 46 ports.,
1557 865 137 38 maps
1723 855 133 48 (port
1897 855 196 47 double)
2144 855 210 41 facsims.

375 912 135 48 (part
534 911 195 49 double)
763 911 29 39 2
815 915 135 37 coats
977 911 52 41 of
1053 921 132 30 arms
1214 910 132 48 (incl.
1374 911 164 47 front.,
1564 922 43 30 v.
1632 910 51 48 3)
1746 911 115 40 23cm.

435 969 160 49 Paged
631 969 354 47 continuously.

434 1025 159 41 Allied
631 1024 242 49 families;
915 1024 182 48 Heard,
1140 1023 177 48 Hatch,
1360 1022 212 49 Sawyer,
1612 1023 294 48 McKenney,
1949 1025 243 42 Mitchells
2230 1027 124 39 from

366 1082 271 50 Plymouth,
672 1080 172 50 Cooke,
878 1081 200 48 Jenney,
1115 1079 259 47 Cushman,
1408 1079 234 49 Allerton,
1677 1080 247 43 Andrews.
1959 1082 207 47 Stetson,
2202 1084 153 40 Pratt.

365 1138 256 50 Chandler,
650 1139 220 46 Roberts,
900 1138 230 47 Mariner,
1162 1138 144 47 Dyer,
1337 1136 244 42 Mitchells
1607 1138 128 41 from
1765 1138 209 48 Kittery,
2004 1140 186 41 Talbot.

370 1208 51 52 ©
447 1213 110 39 Dec.
580 1210 69 47 21,
675 1209 114 41 1934;
842 1208 67 41 2c.
937 1208 119 40 each
1080 1208 108 39 Jan.
1217 1206 69 48 10,
1312 1206 114 41 1935;
1482 1205 81 42 aff.
1591 1208 110 39 Jan.
1728 1206 26 41 9;
1810 1209 41 38 A
1877 1207 141 41 79121;
2076 1209 104 40 Ada
2210 1210 147 39 Small

436 1270 176 45 Moore,
646 1268 117 39 New
795 1265 143 40 York.
1010 1264 221 49 (35-637)

366 1371 121 52 The
513 1369 218 56 United
760 1371 202 53 States
990 1372 227 64 patents
1244 1369 290 66 quarterly;
1594 1373 221 62 reports
1843 1369 63 52 of
1934 1388 150 35 cases
2111 1369 247 68 relating

435 1445 1898 149 to patents, trade marks and copyrights … v. 22 … Washington,
685 1528 71 51 D.
790 1527 81 65 C.,
901 1526 121 52 The
1052 1527 228 50 Bureau
1311 1524 63 54 of
1403 1524 257 54 national
1691 1522 213 69 affairs,
1933 1528 127 65 inc.,
2087 1529 172 50 c1934.

472 1632 8 15 x,
509 1599 89 40 459
623 1611 32 37 p
723 1599 178 46 diagrs.
960 1598 145 40 23½cm.

436 1658 70 40 On
540 1656 225 48 binding:
801 1656 294 47 July-Sept.,
1127 1653 127 42 1934.

369 1724 51 52 ©
456 1729 108 38 Dec.
601 1727 70 47 28,
706 1726 139 47 1934;
883 1725 66 41 2c.
984 1726 96 39 and
1114 1724 82 41 aff.
1233 1725 107 40 Jan.
1379 1725 40 47 8,
1455 1723 141 48 1935;
1634 1725 41 39 A
1711 1724 169 48 78931;
1919 1726 197 39 Bureau
2153 1727 51 38 of
2240 1727 117 40 natl.

436 1784 185 48 affairs,
655 1784 89 39 inc.

366 1889 130 54 Van
524 1890 104 52 der
654 1888 171 65 Veer,
853 1886 349 57 Katherine.

435 1961 1924 71 The fire’s by [by] Katherine Van der V eer. Dallas, Tex.,
365 2044 121 52 The
516 2040 435 70 Kaleidograph
984 2059 156 50 press
1179 2042 191 66 [c1934]

439 2113 1091 52 4 p. l., xi-xiii p., 1 l., 17-80, [1] p. 20cm.
437 2174 183 40 Poems.

370 2238 51 52 ©
458 2243 101 40 Oct.
593 2244 41 46 4,
671 2241 140 48 1934;
847 2241 67 42 2c.
953 2242 108 40 Jan.
1098 2243 40 46 3,
1175 2241 141 47 1935;
1354 2240 81 41 aff.
1472 2241 108 39 Jan.
1617 2240 53 48 2;
1709 2241 41 39 A
1786 2240 170 48 77992;
1995 2241 361 48 Kaleidograph

436 2310 147 37 press.
655 2298 219 50 (35-881)

366 2400 253 67 Vernon,
646 2402 137 52 Mrs.
811 2400 291 67 Virginia,
1132 2406 170 50 1894-

439 2477 121 52 The
596 2476 165 69 diary
795 2477 64 53 of
894 2499 31 33 a
959 2477 309 67 murderer,
1303 2476 75 68 by
1412 2475 268 69 Virginia
1716 2477 112 53 and
1866 2475 196 54 Frank
2097 2476 258 67 Vernon;

371 2553 245 67 adapted
653 2552 150 53 from
836 2553 133 54 Aux
1006 2553 172 68 abois,
1214 2554 74 66 by
1326 2554 233 52 Tristan
1596 2552 276 54 Bernard.
1947 2552 256 68 London,
2238 2553 121 52 The

372 2628 220 55 Cresset
629 2648 155 49 press
823 2632 171 65 [1934]

440 2700 64 47 ix,
530 2698 99 50 229,
658 2699 54 49 [1]
739 2710 43 38 p.
841 2699 117 42 19cm.

371 2768 1986 53 © 1c. Jan. 21. 1935; A ad int. 19888; pubd. Nov. 26, 1934; V. Vernon
437 2830 96 39 and
560 2829 164 40 Frank
750 2830 206 48 Vernon,
985 2830 153 40 Paris.
1210 2830 250 49 (35-1596)

365 2928 216 67 White,
609 2931 219 54 Harold
857 2933 222 63 Ogden.

435 3004 347 69 Plagiarism
810 3008 111 52 and
950 3008 286 53 imitation
1269 3009 214 68 during
1509 3009 96 53 the
1633 3007 246 70 English
1908 3007 381 68 renaissance;
2324 3028 31 33 a

366 3083 170 68 study
566 3082 59 53 in
655 3082 219 54 critical
904 3084 378 68 distinctions,
1313 3086 74 68 by
1417 3086 227 52 Harold
1677 3085 203 69 Ogden
1908 3085 214 54 White.

368 3084 1963 143 Cambridge,
611 3159 273 54 Harvard
911 3163 317 68 university
1256 3181 172 50 press,
1459 3166 149 49 1935.

473 3230 1882 55 x p., 2 l., [3]-209 p. 21½cm. (Half-title: Harvard studies in English,
371 3287 87 40 vol.
567 3289 14 48 XII)

441 3343 1912 53 “The purpose … is to define the attitude of English writers between
370 3397 112 41 1500
510 3402 96 38 and
634 3399 113 41 1625
775 3402 185 39 toward
990 3404 82 40 the
1098 3406 223 45 question
1351 3405 54 39 of
1430 3405 205 47 literary
1659 3407 229 46 property
1916 3406 171 47 rights,
2118 3405 51 41 of
371 3405 1965 98 imitation,

511 3457 52 38 of
587 3457 134 40 what
745 3458 149 45 today
916 3457 43 40 is
984 3459 152 41 called
1162 3460 522 48 plagiarism.”—Pref.

371 3522 51 52 ©
453 3527 107 39 Jan.
590 3526 40 49 2,
662 3527 112 41 1935;
835 3528 64 40 2c.
933 3531 94 38 and
1058 3529 81 41 aff.
1172 3532 109 39 Jan.
1312 3534 26 38 7;
1398 3533 41 39 A
1467 3531 169 49 79058;
1671 3533 253 41 President
1957 3535 94 38 and
2083 3534 191 40 fellows
2304 3533 52 41 of

438 3584 230 40 Harvard
702 3585 191 47 college,
929 3584 299 51 Cambridge,
1267 3589 144 39 Mass.
1483 3589 220 50 (35-893)

370 3683 1803 76 The … Year book of urology [1934] Edited by John H.
437 3693 1893 144 Cunningham … Chicago, The Year book publishers,
435 3773 1895 132 incorporated
707 3844 190 63 [c1934]

437 3911 85 40 461
551 3923 42 36 p.
651 3913 143 47 illus.,
824 3914 177 47 diagrs.
1091 3914 113 41 18½cm.

372 3963 51 52 ©
450 3968 110 40 Dec.
587 3967 69 48 28,
683 3967 139 49 1934;
849 3969 65 41 2c.
942 3971 108 39 Jan.
1077 3970 40 49 9,
1145 3970 139 49 1935;
1315 3974 80 39 aff.
1424 3975 109 39 Jan.
1562 3975 82 48 10;
1674 3977 41 39 A
1741 3975 169 49 78939;
1939 3977 131 39 Year
2094 3977 121 39 book
437 3976 1899 97 publishers,
653 4024 89 41 inc.
