2424 4375
1105 4046 134 54 1397

172 437 176 64 Field,
379 437 195 54 Peter.

240 512 219 67 Gringo
501 530 161 49 guns,
704 512 73 67 by
821 512 166 51 Peter
1032 511 181 52 Field.
1288 510 135 54 New
1470 510 177 66 York,
1691 510 87 51 W.
1824 510 247 53 Morrow
2116 512 45 50 &

171 608 94 47 co.,
294 592 148 49 1935.

239 659 26 40 5
290 670 43 37 p.
381 691 8 9 l.,
431 658 145 41 3-307
600 670 43 37 p.
733 658 28 41 19½cm.

171 716 52 53 ©
252 720 126 47 Sept.
404 719 69 47 25,
499 718 117 41 1935;
668 718 65 40 2c.
762 720 95 38 and
882 718 82 40 aff.
992 719 102 40 Oct.
1121 718 81 47 12;
1232 719 40 38 A
1299 718 169 42 86745;
1500 716 201 42 Francis
1729 719 196 47 Thayer
1950 719 211 47 Hobson,

234 776 279 47 Ridgefield,
549 776 146 39 Conn.
765 774 278 49 (35-18842)

173 877 294 66 Fishbein,
495 878 234 64 Morris,
761 882 168 50 1889-
1142 878 83 52 ed.

238 955 241 52 Modern
528 954 166 52 home
739 952 242 55 medical
1029 953 252 65 adviser;
1332 972 144 46 your
1523 953 195 53 health
1767 954 112 52 and
1928 954 125 51 how
2104 960 57 47 to

172 1051 256 50 preserve
451 1033 64 66 it,
540 1031 189 53 edited
750 1032 76 68 by
847 1030 211 55 Morris
1082 1031 291 68 Fishbein,
1451 1074 9 9 M.
1524 1074 9 9 D.;
1592 1032 141 51 with
1756 1050 173 49 many
1953 1029 210 56 linecut

171 1111 112 53 and
323 1108 261 55 halftone
624 1108 396 54 illustrations.
1095 1108 232 54 Garden
1367 1106 154 70 City,
1564 1110 69 51 N.
1677 1110 90 67 Y.,
1807 1107 357 72 Donbleday,

170 1190 197 52 Doran
393 1190 46 50 &
463 1205 298 50 company,
790 1186 125 69 inc.,
946 1190 149 49 1935.

242 1260 1831 49 xxxi p., 1 l., 905 p. col. front., illus., plates (part col.) diagrs. 25½cm.
243 1319 202 41 Colored
475 1319 157 46 plates
663 1317 340 47 accompanied
1036 1318 61 47 by
1129 1317 161 40 leaves
1320 1316 120 41 with
1471 1316 291 49 descriptive
1792 1319 118 40 text.

244 1375 162 41 “First
437 1373 227 42 edition.”

169 1428 51 53 ©
251 1432 125 48 Sept.
404 1432 69 47 20,
503 1430 116 41 1935;
673 1430 66 41 2c.
770 1432 96 38 and
894 1429 80 41 aff.
1007 1430 101 40 Oct.
1139 1432 18 36 1:
1220 1431 41 38 A
1291 1430 142 40 87455;
1492 1432 298 47 Doubleday,
1821 1433 166 38 Doran
2016 1432 37 41 &
2082 1441 81 40 co.,

243 1488 89 41 inc.
403 1487 280 49 (35-18797)

175 1593 118 52 The
322 1591 401 64 Fortnightly,
796 1610 89 33 no.
913 1591 118 66 827,
1057 1612 52 31 n.
1140 1611 59 45 s.,
1228 1593 161 64 Nov.,
1420 1595 148 49 1935.

175 1661 1991 53 © 1c. Nov. 7, 1935; A ad int. 20710; pubd. Nov. 1; Fortnightly review,
238 1723 86 38 ltd.,
365 1721 211 40 London.

179 1822 238 67 France,
445 1823 270 64 Anatole,
745 1827 324 51 1844-1924.

307 1898 1851 72 … Jean Servien; abridged and edited with notes, syntax
180 1976 1980 72 and vocabulary by Edwin B. Williams … New York, H.
176 2057 618 68 Holt and company [c1935]
247 2128 80 50 vii,
357 2129 98 48 144,
485 2129 178 40 lxxxiii
693 2139 43 37 p.
795 2129 148 41 front.
972 2129 197 48 (double
1198 2128 136 49 map)
1402 2130 115 40 17cm.

245 2186 242 47 Abridged
515 2186 127 39 from
670 2187 91 39 Les
790 2185 154 42 désirs
972 2187 58 39 de
1060 2187 122 39 Jean
1216 2186 212 41 Servien.

180 2240 50 53 ©
264 2245 125 47 Sept.
422 2245 68 46 25,
524 2244 116 40 1935;
699 2243 66 41 2c.
798 2245 94 39 and
925 2243 82 42 aff.
1041 2244 101 40 Oct.
1172 2246 27 36 4;
1262 2245 41 37 A
1334 2243 144 41 86588;
1540 2244 167 48 Henry
1740 2245 119 39 Holt
1892 2245 36 39 &
1961 2256 81 35 co.,
2076 2245 90 41 inc.

253 2301 277 48 (35-18816)

180 2404 297 64 Franklin,
508 2404 202 53 James
735 2403 275 55 Thomas.

248 2480 193 66 Depth
483 2480 64 53 of
588 2481 95 53 the
725 2479 237 66 infinite,
1002 2480 77 68 by
1120 2481 194 53 James
1355 2483 66 53 T.
1466 2480 296 54 Franklin.
1844 2482 321 67 [Memphis,

182 2559 190 67 Tenn.,
403 2558 241 53 Printed
676 2557 93 52 for
798 2558 95 52 the
923 2559 222 65 author,
1174 2557 256 54 Haskins
1461 2559 160 66 print
1650 2560 141 65 shop]
1849 2562 149 51 1935.

249 2630 84 42 213
364 2642 42 38 p.
466 2630 115 40 20cm.

252 2686 72 42 On
357 2696 167 31 cover:
560 2686 42 40 A
636 2687 285 40 theoretical
957 2685 376 49 interpretation
1369 2687 51 39 of
1456 2687 254 47 mysteries
1743 2686 128 40 from
1908 2688 81 39 the
2025 2688 140 39 dawn

184 2742 50 40 of
256 2741 215 42 creation
495 2745 49 38 to
570 2743 81 39 the
677 2743 91 39 end
796 2742 52 40 of
873 2743 81 40 the
980 2742 166 41 world.

184 2796 50 53 ©
272 2801 124 47 Sept.
434 2800 68 49 16,
538 2799 141 41 1935;
716 2800 67 39 2c.
823 2800 126 47 Sept.
986 2798 82 48 19;
1106 2800 82 39 aff.
1228 2799 101 40 Oct.
1366 2799 52 41 3:
1458 2800 40 38 A
1535 2799 170 42 87083:
1745 2800 44 39 J.
1826 2800 50 38 T.
1917 2798 251 48 Franklin,

246 2857 249 48 Memphis.
565 2855 279 49 (35-18956)

185 2956 246 65 Gordon,
457 2959 235 54 Samuel
719 2956 241 65 Dickey,
990 2963 170 50 1859-

251 3034 1910 69 Prayer and the Bible, by S. D. Gordon … New York [etc.]
186 3112 259 69 Fleming
474 3114 76 53 H.
581 3114 198 52 Revell
807 3131 277 49 company
1119 3117 190 62 [c1935]

253 3184 593 49 3 p. l., 5-126 p. 19 cm .
184 3237 51 52 ©
265 3242 124 49 Sept.
419 3244 69 45 14,
517 3242 113 40 1935;
687 3241 67 41 2c.
785 3244 94 38 and
909 3240 82 43 aff.
1024 3242 127 47 Sept.
1180 3242 54 39 23;
1295 3242 40 38 A
1365 3240 146 41 87129;
1566 3239 221 48 Fleming
1815 3240 60 39 H.
1907 3240 165 39 Revell
2102 3252 67 28 co.

253 3298 277 49 [Copyright
561 3299 44 39 is
633 3298 204 40 claimed
869 3309 59 29 on
957 3298 273 48 Foreword]
1303 3296 279 49 (35-18955)

190 3398 209 65 Gordy,
427 3400 224 54 Wilbur
677 3400 160 64 Fisk,
866 3405 323 51 1854-1929.

253 3472 1854 72 Stories of later American history, by Wilbur F. Gordy …
186 3549 133 54 with
361 3571 160 50 maps
567 3554 113 53 and
725 3554 393 53 illustrations.
1198 3553 139 52 New
1382 3551 180 68 York,
1609 3549 252 70 Chicago
1912 3555 138 64 [etc.]
2105 3549 64 56 C.

187 3624 493 72 Scribner’s sons [c1935]
251 3701 94 46 xvi,
367 3702 86 40 404
475 3713 43 37 p.
544 3703 109 41 incl.
677 3703 164 47 front.,
867 3702 128 42 illus.
1046 3712 136 38 maps
1212 3702 48 47 (1
1288 3699 195 50 double)
1547 3699 146 42 19½cm.

254 3755 170 44 Period
458 3760 200 40 covered
691 3761 200 40 extends
922 3759 127 41 from
1084 3760 82 40 the
1198 3757 262 50 beginning
1492 3757 53 41 of
1578 3758 80 40 the
1694 3756 273 42 revolution
2002 3758 49 40 to
2088 3756 82 41 the

186 3810 122 42 close
333 3815 53 37 of
408 3814 128 41 1933.

190 3864 51 52 ©
272 3870 124 49 Sept.
427 3872 67 47 10,
524 3872 112 41 1935;
693 3874 66 39 2c.
792 3873 98 41 Oct.
922 3874 81 46 14;
1037 3873 82 40 aff.
1150 3873 101 40 Oct.
1283 3873 81 44 10;
1397 3873 40 38 A
1468 3872 141 41 87648;
1672 3873 205 40 Charles
1908 3870 263 42 Scribner’s

255 3935 123 31 sons.
440 3927 278 50 [Copyright
750 3930 40 38 is
823 3929 203 40 claimed
1058 3940 60 29 on
1149 3940 104 28 new
1285 3929 225 40 material
1541 3930 94 38 and
1667 3927 250 49 revisions]

270 3981 274 51 (35-18985)
