<alto xmlns="http://www.loc.gov/standards/alto/ns-v3#" xmlns:xsi="http://www.w3.org/2001/XMLSchema-instance" xsi:schemaLocation="http://www.loc.gov/standards/alto/ns-v3# http://www.loc.gov/alto/v3/alto-3-0.xsd"><Description>
<MeasurementUnit>pixel</MeasurementUnit>
<sourceImageInformation>
<fileName>1935_v32_Part1.pdf</fileName>
</sourceImageInformation>
<OCRProcessing ID="IdOcr">
<ocrProcessingStep>
<processingDateTime>2019-01-15</processingDateTime>
<processingSoftware>
<softwareCreator>ABBYY</softwareCreator>
<softwareName>ABBYY Recognition Server</softwareName>
<softwareVersion>4.0</softwareVersion>
</processingSoftware>
</ocrProcessingStep>
</OCRProcessing>
</Description>
<Styles>
<ParagraphStyle ALIGN="Left" FIRSTLINE="0." ID="StyleId-FFFFFFFF-FFFF-FFFF-FFFF-FFFFFFFFFFFF-" LEFT="0." RIGHT="0." />
<ParagraphStyle ALIGN="Left" FIRSTLINE="0." ID="StyleId-09A13A44-4F77-4ABE-84F3-84CC8B3C72CE-" LEFT="0." LINESPACE="7.699999809" RIGHT="0." />
<ParagraphStyle ALIGN="Left" FIRSTLINE="-10." ID="StyleId-1F945060-F8CD-4435-B69A-5FF49DB0C586-" LEFT="0." LINESPACE="12.19999981" RIGHT="0." />
<ParagraphStyle ALIGN="Block" FIRSTLINE="-14." ID="StyleId-C6CAE747-F5A4-4D0D-8D74-D452DA7E2C1C-" LEFT="0." LINESPACE="8.350000381" RIGHT="0." />
<ParagraphStyle ALIGN="Left" FIRSTLINE="0." ID="StyleId-FC0F3374-189A-459E-BE29-2DC14180F022-" LEFT="0." RIGHT="0." />
<ParagraphStyle ALIGN="Left" FIRSTLINE="-12." ID="StyleId-49397C49-A894-4B3E-BA5E-1126226BA375-" LEFT="0." LINESPACE="11.09000015" RIGHT="0." />
<ParagraphStyle ALIGN="Block" FIRSTLINE="-14." ID="StyleId-9E34DD3A-E661-48BD-A3A1-6A3D48346F00-" LEFT="0." LINESPACE="11.09000015" RIGHT="0." />
<ParagraphStyle ALIGN="Left" FIRSTLINE="0." ID="StyleId-56CE54AA-A08B-4BAA-8605-F26020A0E36E-" LEFT="0." LINESPACE="9.399999619" RIGHT="0." />
<ParagraphStyle ALIGN="Left" FIRSTLINE="-11." ID="StyleId-77814FFC-C42F-4AA9-9880-EF33B947DEC8-" LEFT="0." LINESPACE="11.06999969" RIGHT="0." />
<ParagraphStyle ALIGN="Center" FIRSTLINE="0." ID="StyleId-FDE92EC0-67DC-4C7B-8A24-094B12C38B6C-" LEFT="0." LINESPACE="11.30000019" RIGHT="0." />
<ParagraphStyle ALIGN="Left" FIRSTLINE="0." ID="StyleId-65180E3B-4C93-4FB8-81EE-E026DD63DBF3-" LEFT="0." LINESPACE="11.10000038" RIGHT="0." />
<ParagraphStyle ALIGN="Left" FIRSTLINE="0." ID="StyleId-10E885C2-5813-4620-B0AA-0FBA30CF7A32-" LEFT="0." LINESPACE="9.5" RIGHT="0." />
<ParagraphStyle ALIGN="Left" FIRSTLINE="0." ID="StyleId-913C2DB5-9F02-4067-BAF7-0AED37B60BBE-" LEFT="0." LINESPACE="6.099999905" RIGHT="0." />
<ParagraphStyle ALIGN="Left" FIRSTLINE="0." ID="StyleId-9C79A9D2-8F08-4A8F-985D-B00E253ED1E5-" LEFT="0." LINESPACE="4.400000095" RIGHT="0." />
<ParagraphStyle ALIGN="Left" FIRSTLINE="0." ID="StyleId-A41F0407-FEFE-4738-9EC5-E05AFFF62781-" LEFT="0." LINESPACE="7.300000191" RIGHT="0." />
<ParagraphStyle ALIGN="Left" FIRSTLINE="0." ID="StyleId-61D37176-94E8-408D-9B87-01C406CE8AB2-" LEFT="0." LINESPACE="8.050000191" RIGHT="0." />
</Styles>
<Layout>
<Page HEIGHT="4375" ID="Page1406" PHYSICAL_IMG_NR="1406" WIDTH="2424">
<TopMargin HEIGHT="448" HPOS="0" VPOS="0" WIDTH="2424">
</TopMargin>
<LeftMargin HEIGHT="3584" HPOS="0" VPOS="448" WIDTH="190">
</LeftMargin>
<RightMargin HEIGHT="3584" HPOS="2228" VPOS="448" WIDTH="196">
</RightMargin>
<BottomMargin HEIGHT="343" HPOS="0" VPOS="4032" WIDTH="2424">
<TextBlock HEIGHT="70" HPOS="1110" ID="Page1406_Block1" LANG="en-US" STYLEREFS="StyleId-5311BD3C-C431-4354-ABD4-026E03A6FD30-" VPOS="4062" WIDTH="154">
<TextLine HEIGHT="50" HPOS="1121" VPOS="4072" WIDTH="133">
<String CONTENT="1406" HEIGHT="50" HPOS="1121" VPOS="4072" WIDTH="133" />
</TextLine>
</TextBlock>
</BottomMargin>
<PrintSpace HEIGHT="3584" HPOS="190" VPOS="448" WIDTH="2038">
<TextBlock CS="1" HEIGHT="3584" HPOS="190" ID="Page1406_Block2" LANG="en-US" STYLEREFS="StyleId-8919D81C-5523-4978-BD4D-26E29987A528-" VPOS="448" WIDTH="2038">
<TextLine CS="1" HEIGHT="49" HPOS="294" VPOS="546" WIDTH="489">
<String CONTENT="ix," HEIGHT="47" HPOS="294" VPOS="547" WIDTH="66" />
<SP HEIGHT="48" HPOS="361" VPOS="546" WIDTH="30" />
<String CONTENT="11-32" HEIGHT="41" HPOS="392" VPOS="546" WIDTH="145" />
<SP HEIGHT="49" HPOS="538" VPOS="546" WIDTH="26" />
<String CONTENT="p." HEIGHT="38" HPOS="565" VPOS="557" WIDTH="43" />
<SP HEIGHT="40" HPOS="609" VPOS="547" WIDTH="58" />
<String CONTENT="21cm." CS="1" HEIGHT="40" HPOS="668" VPOS="547" WIDTH="115" />
</TextLine>
<TextLine HEIGHT="65" HPOS="221" VPOS="598" WIDTH="1996">
<String CONTENT="&#169;" HEIGHT="54" HPOS="221" VPOS="598" WIDTH="54" />
<SP HEIGHT="54" HPOS="276" VPOS="598" WIDTH="30" />
<String CONTENT="Sept." HEIGHT="47" HPOS="307" VPOS="604" WIDTH="126" />
<SP HEIGHT="39" HPOS="434" VPOS="604" WIDTH="28" />
<String CONTENT="16," HEIGHT="48" HPOS="463" VPOS="604" WIDTH="70" />
<SP HEIGHT="48" HPOS="534" VPOS="604" WIDTH="25" />
<String CONTENT="1935;" HEIGHT="49" HPOS="560" VPOS="603" WIDTH="142" />
<SP HEIGHT="47" HPOS="703" VPOS="605" WIDTH="28" />
<String CONTENT="2c." HEIGHT="40" HPOS="732" VPOS="605" WIDTH="66" />
<SP HEIGHT="40" HPOS="799" VPOS="606" WIDTH="33" />
<String CONTENT="Sept." HEIGHT="48" HPOS="833" VPOS="606" WIDTH="125" />
<SP HEIGHT="41" HPOS="959" VPOS="606" WIDTH="27" />
<String CONTENT="21;" HEIGHT="48" HPOS="987" VPOS="606" WIDTH="82" />
<SP HEIGHT="37" HPOS="1070" VPOS="617" WIDTH="31" />
<String CONTENT="aff." HEIGHT="41" HPOS="1102" VPOS="607" WIDTH="83" />
<SP HEIGHT="41" HPOS="1186" VPOS="608" WIDTH="31" />
<String CONTENT="Sept." HEIGHT="48" HPOS="1218" VPOS="608" WIDTH="127" />
<SP HEIGHT="40" HPOS="1346" VPOS="608" WIDTH="28" />
<String CONTENT="20;" HEIGHT="48" HPOS="1375" VPOS="608" WIDTH="83" />
<SP HEIGHT="46" HPOS="1459" VPOS="610" WIDTH="30" />
<String CONTENT="A" HEIGHT="39" HPOS="1490" VPOS="610" WIDTH="41" />
<SP HEIGHT="41" HPOS="1532" VPOS="610" WIDTH="27" />
<String CONTENT="87119;" HEIGHT="49" HPOS="1560" VPOS="609" WIDTH="169" />
<SP HEIGHT="48" HPOS="1730" VPOS="610" WIDTH="32" />
<String CONTENT="Christopher" HEIGHT="50" HPOS="1763" VPOS="610" WIDTH="318" />
<SP HEIGHT="40" HPOS="2082" VPOS="623" WIDTH="25" />
<String CONTENT="pub." HEIGHT="49" HPOS="2108" VPOS="614" WIDTH="109" />
</TextLine>
<TextLine CS="1" HEIGHT="47" HPOS="289" VPOS="660" WIDTH="515">
<String CONTENT="house." HEIGHT="41" HPOS="289" VPOS="660" WIDTH="164" />
<SP HEIGHT="47" HPOS="454" VPOS="660" WIDTH="69" />
<String CONTENT="(35-18822)" HEIGHT="47" HPOS="524" VPOS="660" WIDTH="280" />
<SP />
</TextLine>
<TextLine HEIGHT="66" HPOS="224" STYLEREFS="StyleId-366EFC2C-2875-458E-ABC0-A79D4E294B9F-" VPOS="756" WIDTH="627">
<String CONTENT="Siedler," HEIGHT="66" HPOS="224" VPOS="756" WIDTH="241" />
<SP HEIGHT="63" HPOS="466" VPOS="759" WIDTH="27" />
<String CONTENT="Charles" HEIGHT="55" HPOS="494" VPOS="757" WIDTH="245" />
<SP HEIGHT="55" HPOS="740" VPOS="759" WIDTH="21" />
<String CONTENT="W." HEIGHT="56" HPOS="762" VPOS="759" WIDTH="89" />
</TextLine>
<TextLine CS="1" HEIGHT="151" HPOS="223" STYLEREFS="StyleId-455B2233-2DB6-40B5-A419-44C39D750252-" VPOS="832" WIDTH="1966">
<String CONTENT="Guide" HEIGHT="56" HPOS="292" VPOS="832" WIDTH="189" />
<SP HEIGHT="47" HPOS="482" VPOS="839" WIDTH="25" />
<String CONTENT="to" HEIGHT="48" HPOS="508" VPOS="839" WIDTH="57" />
<SP HEIGHT="55" HPOS="566" VPOS="834" WIDTH="30" />
<String CONTENT="Cicero," HEIGHT="69" HPOS="597" VPOS="834" WIDTH="216" />
<SP HEIGHT="67" HPOS="814" VPOS="836" WIDTH="24" />
<String CONTENT="by" HEIGHT="68" HPOS="839" VPOS="836" WIDTH="76" />
<SP HEIGHT="67" HPOS="916" VPOS="837" WIDTH="29" />
<String CONTENT="Charles" HEIGHT="55" HPOS="946" VPOS="837" WIDTH="235" />
<SP HEIGHT="54" HPOS="1182" VPOS="839" WIDTH="27" />
<String CONTENT="W." HEIGHT="54" HPOS="1210" VPOS="839" WIDTH="88" />
<SP HEIGHT="55" HPOS="1299" VPOS="839" WIDTH="31" />
<String CONTENT="Siedler" HEIGHT="57" HPOS="1331" VPOS="837" WIDTH="222" />
<SP HEIGHT="36" HPOS="1554" VPOS="858" WIDTH="31" />
<String CONTENT="&#8230;" CS="1" />
<SP HEIGHT="54" HPOS="1643" VPOS="841" WIDTH="76" />
<String CONTENT="New" HEIGHT="53" HPOS="1720" VPOS="841" WIDTH="140" />
<SP HEIGHT="52" HPOS="1861" VPOS="843" WIDTH="26" />
<String CONTENT="York," HEIGHT="67" HPOS="1888" VPOS="843" WIDTH="179" />
<SP HEIGHT="67" HPOS="2068" VPOS="843" WIDTH="29" />
<String CONTENT="Oxford" HEIGHT="122" HPOS="223" VPOS="843" WIDTH="1966" />
<SP HEIGHT="53" HPOS="357" VPOS="912" WIDTH="29" />
<String CONTENT="book" HEIGHT="56" HPOS="387" VPOS="911" WIDTH="147" />
<SP HEIGHT="54" HPOS="535" VPOS="911" WIDTH="27" />
<String CONTENT="company" HEIGHT="49" HPOS="563" VPOS="932" WIDTH="280" />
<SP HEIGHT="50" HPOS="844" VPOS="932" WIDTH="33" />
<String CONTENT="[" CS="1" />
<String CONTENT="c" HEIGHT="23" HPOS="896" STYLE="superscript" VPOS="919" WIDTH="18" />
<String CONTENT="1935" HEIGHT="50" HPOS="919" VPOS="918" WIDTH="133" />
<String CONTENT="]" HEIGHT="33" HPOS="1058" STYLE="subscript" VPOS="950" WIDTH="12" />
</TextLine>
<TextLine CS="1" HEIGHT="51" HPOS="295" STYLEREFS="StyleId-455B2233-2DB6-40B5-A419-44C39D750252-" VPOS="984" WIDTH="945">
<String CONTENT="iv," HEIGHT="49" HPOS="295" VPOS="984" WIDTH="61" />
<SP HEIGHT="31" HPOS="357" VPOS="1004" WIDTH="28" />
<String CONTENT="[2]," HEIGHT="51" HPOS="386" VPOS="984" WIDTH="71" />
<SP HEIGHT="48" HPOS="458" VPOS="985" WIDTH="25" />
<String CONTENT="204," HEIGHT="48" HPOS="484" VPOS="985" WIDTH="100" />
<SP HEIGHT="30" HPOS="585" VPOS="1005" WIDTH="29" />
<String CONTENT="[12]" HEIGHT="51" HPOS="615" VPOS="984" WIDTH="85" />
<SP HEIGHT="39" HPOS="701" VPOS="996" WIDTH="27" />
<String CONTENT="p." HEIGHT="37" HPOS="729" VPOS="996" WIDTH="43" />
<SP HEIGHT="41" HPOS="773" VPOS="986" WIDTH="58" />
<String CONTENT="illus.," HEIGHT="49" HPOS="832" VPOS="986" WIDTH="143" />
<SP HEIGHT="38" HPOS="976" VPOS="997" WIDTH="25" />
<String CONTENT="pl." CS="1" HEIGHT="38" HPOS="1002" VPOS="997" WIDTH="61" />
<SP HEIGHT="38" HPOS="1064" VPOS="988" WIDTH="60" />
<String CONTENT="19" HEIGHT="40" HPOS="1125" VPOS="987" WIDTH="55" />
<String CONTENT="cm" HEIGHT="21" HPOS="1183" STYLE="superscript" VPOS="990" WIDTH="44" />
<String CONTENT="." HEIGHT="8" HPOS="1232" VPOS="1019" WIDTH="8" />
</TextLine>
<TextLine HEIGHT="57" HPOS="218" VPOS="1038" WIDTH="1996">
<String CONTENT="&#169;" HEIGHT="53" HPOS="218" VPOS="1038" WIDTH="53" />
<SP HEIGHT="53" HPOS="272" VPOS="1038" WIDTH="30" />
<String CONTENT="Aug." HEIGHT="48" HPOS="303" VPOS="1043" WIDTH="119" />
<SP HEIGHT="39" HPOS="423" VPOS="1043" WIDTH="31" />
<String CONTENT="28," HEIGHT="47" HPOS="455" VPOS="1043" WIDTH="71" />
<SP HEIGHT="46" HPOS="527" VPOS="1044" WIDTH="30" />
<String CONTENT="1935;" HEIGHT="48" HPOS="558" VPOS="1042" WIDTH="141" />
<SP HEIGHT="46" HPOS="700" VPOS="1044" WIDTH="33" />
<String CONTENT="2c." HEIGHT="40" HPOS="734" VPOS="1044" WIDTH="68" />
<SP HEIGHT="29" HPOS="803" VPOS="1055" WIDTH="31" />
<String CONTENT="and" HEIGHT="39" HPOS="835" VPOS="1045" WIDTH="95" />
<SP HEIGHT="39" HPOS="931" VPOS="1045" WIDTH="32" />
<String CONTENT="aff." HEIGHT="41" HPOS="964" VPOS="1044" WIDTH="82" />
<SP HEIGHT="41" HPOS="1047" VPOS="1044" WIDTH="31" />
<String CONTENT="Aug." HEIGHT="49" HPOS="1079" VPOS="1044" WIDTH="119" />
<SP HEIGHT="39" HPOS="1199" VPOS="1046" WIDTH="32" />
<String CONTENT="30;" HEIGHT="47" HPOS="1232" VPOS="1045" WIDTH="83" />
<SP HEIGHT="46" HPOS="1316" VPOS="1046" WIDTH="35" />
<String CONTENT="A" HEIGHT="39" HPOS="1352" VPOS="1046" WIDTH="39" />
<SP HEIGHT="41" HPOS="1392" VPOS="1046" WIDTH="31" />
<String CONTENT="85698;" HEIGHT="48" HPOS="1424" VPOS="1046" WIDTH="170" />
<SP HEIGHT="47" HPOS="1595" VPOS="1047" WIDTH="35" />
<String CONTENT="Oxford" HEIGHT="41" HPOS="1631" VPOS="1047" WIDTH="186" />
<SP HEIGHT="39" HPOS="1818" VPOS="1049" WIDTH="33" />
<String CONTENT="book" HEIGHT="39" HPOS="1852" VPOS="1049" WIDTH="121" />
<SP HEIGHT="40" HPOS="1974" VPOS="1049" WIDTH="32" />
<String CONTENT="co.," HEIGHT="36" HPOS="2007" VPOS="1059" WIDTH="83" />
<SP HEIGHT="45" HPOS="2091" VPOS="1050" WIDTH="31" />
<String CONTENT="inc." HEIGHT="41" HPOS="2123" VPOS="1050" WIDTH="91" />
</TextLine>
<TextLine HEIGHT="50" HPOS="297" VPOS="1099" WIDTH="281">
<String CONTENT="(35-18939)" HEIGHT="50" HPOS="297" VPOS="1099" WIDTH="281" />
</TextLine>
<TextLine HEIGHT="66" HPOS="221" STYLEREFS="StyleId-366EFC2C-2875-458E-ABC0-A79D4E294B9F-" VPOS="1196" WIDTH="771">
<String CONTENT="Skinner," HEIGHT="66" HPOS="221" VPOS="1196" WIDTH="272" />
<SP HEIGHT="64" HPOS="494" VPOS="1198" WIDTH="26" />
<String CONTENT="Richard" HEIGHT="56" HPOS="521" VPOS="1196" WIDTH="259" />
<SP HEIGHT="54" HPOS="781" VPOS="1198" WIDTH="25" />
<String CONTENT="Dana." HEIGHT="55" HPOS="807" VPOS="1198" WIDTH="185" />
</TextLine>
<TextLine HEIGHT="72" HPOS="290" STYLEREFS="StyleId-455B2233-2DB6-40B5-A419-44C39D750252-" VPOS="1272" WIDTH="1921">
<String CONTENT="Eugene" HEIGHT="69" HPOS="290" VPOS="1273" WIDTH="234" />
<SP HEIGHT="56" HPOS="525" VPOS="1272" WIDTH="36" />
<String CONTENT="O&#8217;Neill;" HEIGHT="71" HPOS="562" VPOS="1272" WIDTH="253" />
<SP HEIGHT="49" HPOS="816" VPOS="1294" WIDTH="40" />
<String CONTENT="a" HEIGHT="33" HPOS="857" VPOS="1294" WIDTH="30" />
<SP HEIGHT="49" HPOS="888" VPOS="1294" WIDTH="37" />
<String CONTENT="poet&#8217;s" HEIGHT="69" HPOS="926" VPOS="1274" WIDTH="176" />
<SP HEIGHT="51" HPOS="1103" VPOS="1293" WIDTH="35" />
<String CONTENT="quest," HEIGHT="62" HPOS="1139" VPOS="1282" WIDTH="178" />
<SP HEIGHT="68" HPOS="1318" VPOS="1276" WIDTH="33" />
<String CONTENT="by" HEIGHT="67" HPOS="1352" VPOS="1276" WIDTH="76" />
<SP HEIGHT="66" HPOS="1429" VPOS="1277" WIDTH="36" />
<String CONTENT="Richard" HEIGHT="57" HPOS="1466" VPOS="1275" WIDTH="254" />
<SP HEIGHT="52" HPOS="1721" VPOS="1280" WIDTH="35" />
<String CONTENT="Dana" HEIGHT="52" HPOS="1757" VPOS="1280" WIDTH="167" />
<SP HEIGHT="56" HPOS="1925" VPOS="1280" WIDTH="40" />
<String CONTENT="Skinner" HEIGHT="57" HPOS="1966" VPOS="1279" WIDTH="245" />
</TextLine>
<TextLine CS="1" HEIGHT="73" HPOS="281" STYLEREFS="StyleId-455B2233-2DB6-40B5-A419-44C39D750252-" VPOS="1351" WIDTH="1928">
<String CONTENT="&#8230;" CS="1" />
<SP HEIGHT="33" HPOS="281" VPOS="1371" WIDTH="32" />
<String CONTENT="with" HEIGHT="54" HPOS="314" VPOS="1351" WIDTH="140" />
<SP HEIGHT="51" HPOS="455" VPOS="1354" WIDTH="27" />
<String CONTENT="a" HEIGHT="33" HPOS="483" VPOS="1372" WIDTH="31" />
<SP HEIGHT="33" HPOS="515" VPOS="1372" WIDTH="26" />
<String CONTENT="correct" HEIGHT="47" HPOS="542" VPOS="1358" WIDTH="215" />
<SP HEIGHT="47" HPOS="758" VPOS="1358" WIDTH="24" />
<String CONTENT="chronology" HEIGHT="67" HPOS="783" VPOS="1354" WIDTH="348" />
<SP HEIGHT="49" HPOS="1132" VPOS="1372" WIDTH="25" />
<String CONTENT="of" HEIGHT="53" HPOS="1158" VPOS="1353" WIDTH="63" />
<SP HEIGHT="54" HPOS="1222" VPOS="1353" WIDTH="24" />
<String CONTENT="the" HEIGHT="52" HPOS="1247" VPOS="1355" WIDTH="97" />
<SP HEIGHT="56" HPOS="1345" VPOS="1354" WIDTH="26" />
<String CONTENT="O&#8217;Neill" HEIGHT="57" HPOS="1372" VPOS="1353" WIDTH="225" />
<SP HEIGHT="67" HPOS="1598" VPOS="1356" WIDTH="28" />
<String CONTENT="plays" HEIGHT="68" HPOS="1627" VPOS="1356" WIDTH="164" />
<SP HEIGHT="34" HPOS="1792" VPOS="1376" WIDTH="27" />
<String CONTENT="as" HEIGHT="34" HPOS="1820" VPOS="1376" WIDTH="60" />
<SP HEIGHT="54" HPOS="1881" VPOS="1356" WIDTH="28" />
<String CONTENT="furnished" HEIGHT="55" HPOS="1910" VPOS="1356" WIDTH="299" />
</TextLine>
<TextLine HEIGHT="74" HPOS="218" STYLEREFS="StyleId-455B2233-2DB6-40B5-A419-44C39D750252-" VPOS="1428" WIDTH="1991">
<String CONTENT="by" HEIGHT="70" HPOS="218" VPOS="1428" WIDTH="75" />
<SP HEIGHT="67" HPOS="294" VPOS="1431" WIDTH="40" />
<String CONTENT="Eugene" HEIGHT="68" HPOS="335" VPOS="1431" WIDTH="234" />
<SP HEIGHT="55" HPOS="570" VPOS="1430" WIDTH="40" />
<String CONTENT="O&#8217;Neill." HEIGHT="55" HPOS="611" VPOS="1430" WIDTH="241" />
<SP HEIGHT="52" HPOS="853" VPOS="1432" WIDTH="73" />
<String CONTENT="New" HEIGHT="53" HPOS="927" VPOS="1432" WIDTH="139" />
<SP HEIGHT="52" HPOS="1067" VPOS="1433" WIDTH="40" />
<String CONTENT="York," HEIGHT="66" HPOS="1108" VPOS="1432" WIDTH="179" />
<SP HEIGHT="64" HPOS="1288" VPOS="1434" WIDTH="41" />
<String CONTENT="Toronto," HEIGHT="66" HPOS="1330" VPOS="1434" WIDTH="269" />
<SP HEIGHT="66" HPOS="1600" VPOS="1434" WIDTH="37" />
<String CONTENT="Longmans," HEIGHT="68" HPOS="1638" VPOS="1434" WIDTH="343" />
<SP HEIGHT="66" HPOS="1982" VPOS="1436" WIDTH="41" />
<String CONTENT="Green" HEIGHT="55" HPOS="2024" VPOS="1436" WIDTH="185" />
</TextLine>
<TextLine HEIGHT="67" HPOS="217" STYLEREFS="StyleId-455B2233-2DB6-40B5-A419-44C39D750252-" VPOS="1509" WIDTH="419">
<String CONTENT="and" HEIGHT="53" HPOS="217" VPOS="1509" WIDTH="113" />
<SP HEIGHT="53" HPOS="331" VPOS="1509" WIDTH="27" />
<String CONTENT="co.," HEIGHT="50" HPOS="359" VPOS="1526" WIDTH="97" />
<SP HEIGHT="62" HPOS="457" VPOS="1514" WIDTH="29" />
<String CONTENT="1935." HEIGHT="52" HPOS="487" VPOS="1512" WIDTH="149" />
</TextLine>
<TextLine CS="1" HEIGHT="49" HPOS="288" STYLEREFS="StyleId-455B2233-2DB6-40B5-A419-44C39D750252-" VPOS="1580" WIDTH="462">
<String CONTENT="xiv," HEIGHT="49" HPOS="288" VPOS="1580" WIDTH="97" />
<SP HEIGHT="48" HPOS="386" VPOS="1581" WIDTH="28" />
<String CONTENT="242" HEIGHT="40" HPOS="415" VPOS="1581" WIDTH="87" />
<SP HEIGHT="48" HPOS="503" VPOS="1581" WIDTH="26" />
<String CONTENT="p." HEIGHT="37" HPOS="530" VPOS="1592" WIDTH="43" />
<SP HEIGHT="40" HPOS="574" VPOS="1580" WIDTH="58" />
<String CONTENT="20cm." CS="1" HEIGHT="42" HPOS="633" VPOS="1580" WIDTH="117" />
</TextLine>
<TextLine HEIGHT="42" HPOS="291" VPOS="1636" WIDTH="417">
<String CONTENT="&#8220;First" HEIGHT="41" HPOS="291" VPOS="1637" WIDTH="162" />
<SP HEIGHT="38" HPOS="454" VPOS="1640" WIDTH="26" />
<String CONTENT="edition.&#8221;" HEIGHT="41" HPOS="481" VPOS="1636" WIDTH="227" />
</TextLine>
<TextLine HEIGHT="55" HPOS="213" VPOS="1691" WIDTH="1995">
<String CONTENT="&#169;" HEIGHT="53" HPOS="213" VPOS="1691" WIDTH="53" />
<SP HEIGHT="53" HPOS="267" VPOS="1691" WIDTH="31" />
<String CONTENT="Sept." HEIGHT="47" HPOS="299" VPOS="1695" WIDTH="127" />
<SP HEIGHT="41" HPOS="427" VPOS="1693" WIDTH="29" />
<String CONTENT="26," HEIGHT="48" HPOS="457" VPOS="1693" WIDTH="70" />
<SP HEIGHT="46" HPOS="528" VPOS="1695" WIDTH="30" />
<String CONTENT="1935;" HEIGHT="47" HPOS="559" VPOS="1694" WIDTH="141" />
<SP HEIGHT="47" HPOS="701" VPOS="1694" WIDTH="31" />
<String CONTENT="2c." HEIGHT="40" HPOS="733" VPOS="1694" WIDTH="64" />
<SP HEIGHT="40" HPOS="798" VPOS="1694" WIDTH="32" />
<String CONTENT="Oct." HEIGHT="40" HPOS="831" VPOS="1694" WIDTH="99" />
<SP HEIGHT="38" HPOS="931" VPOS="1696" WIDTH="29" />
<String CONTENT="3;" HEIGHT="43" HPOS="961" VPOS="1696" WIDTH="53" />
<SP HEIGHT="34" HPOS="1015" VPOS="1705" WIDTH="33" />
<String CONTENT="aff." HEIGHT="41" HPOS="1049" VPOS="1693" WIDTH="81" />
<SP HEIGHT="41" HPOS="1131" VPOS="1694" WIDTH="32" />
<String CONTENT="Oct." HEIGHT="41" HPOS="1164" VPOS="1694" WIDTH="102" />
<SP HEIGHT="40" HPOS="1267" VPOS="1694" WIDTH="29" />
<String CONTENT="2;" HEIGHT="47" HPOS="1297" VPOS="1694" WIDTH="54" />
<SP HEIGHT="46" HPOS="1352" VPOS="1695" WIDTH="31" />
<String CONTENT="A" HEIGHT="39" HPOS="1384" VPOS="1695" WIDTH="41" />
<SP HEIGHT="40" HPOS="1426" VPOS="1695" WIDTH="29" />
<String CONTENT="87423;" HEIGHT="47" HPOS="1456" VPOS="1695" WIDTH="170" />
<SP HEIGHT="47" HPOS="1627" VPOS="1695" WIDTH="33" />
<String CONTENT="R." HEIGHT="40" HPOS="1661" VPOS="1695" WIDTH="55" />
<SP HEIGHT="38" HPOS="1717" VPOS="1697" WIDTH="31" />
<String CONTENT="D." HEIGHT="38" HPOS="1749" VPOS="1697" WIDTH="55" />
<SP HEIGHT="41" HPOS="1805" VPOS="1696" WIDTH="35" />
<String CONTENT="Skinner," HEIGHT="51" HPOS="1841" VPOS="1695" WIDTH="219" />
<SP HEIGHT="47" HPOS="2061" VPOS="1699" WIDTH="31" />
<String CONTENT="New" HEIGHT="39" HPOS="2093" VPOS="1699" WIDTH="115" />
</TextLine>
<TextLine HEIGHT="50" HPOS="280" VPOS="1749" WIDTH="497">
<String CONTENT="York." HEIGHT="40" HPOS="280" VPOS="1751" WIDTH="144" />
<SP HEIGHT="48" HPOS="425" VPOS="1751" WIDTH="72" />
<String CONTENT="(35-18942)" HEIGHT="50" HPOS="498" VPOS="1749" WIDTH="279" />
</TextLine>
<TextLine CS="1" HEIGHT="228" HPOS="214" STYLEREFS="StyleId-455B2233-2DB6-40B5-A419-44C39D750252-" VPOS="1845" WIDTH="1968">
<String CONTENT="Snappy" HEIGHT="67" HPOS="214" VPOS="1845" WIDTH="240" />
<SP HEIGHT="64" HPOS="455" VPOS="1848" WIDTH="23" />
<String CONTENT="black-outs;" HEIGHT="68" HPOS="479" VPOS="1847" WIDTH="348" />
<SP HEIGHT="61" HPOS="828" VPOS="1854" WIDTH="27" />
<String CONTENT="twenty-five" HEIGHT="70" HPOS="856" VPOS="1846" WIDTH="350" />
<SP HEIGHT="34" HPOS="1207" VPOS="1867" WIDTH="24" />
<String CONTENT="revue" HEIGHT="35" HPOS="1232" VPOS="1867" WIDTH="169" />
<SP HEIGHT="34" HPOS="1402" VPOS="1869" WIDTH="23" />
<String CONTENT="sketches," HEIGHT="68" HPOS="1426" VPOS="1848" WIDTH="269" />
<SP HEIGHT="67" HPOS="1696" VPOS="1849" WIDTH="22" />
<String CONTENT="by" HEIGHT="68" HPOS="1719" VPOS="1849" WIDTH="75" />
<SP HEIGHT="65" HPOS="1795" VPOS="1852" WIDTH="23" />
<String CONTENT="Len" HEIGHT="52" HPOS="1819" VPOS="1852" WIDTH="119" />
<SP HEIGHT="53" HPOS="1939" VPOS="1851" WIDTH="22" />
<String CONTENT="D." HEIGHT="53" HPOS="1962" VPOS="1851" WIDTH="71" />
<SP HEIGHT="53" HPOS="2034" VPOS="1851" WIDTH="29" />
<String CONTENT="Hollister," HEIGHT="143" HPOS="285" VPOS="1851" WIDTH="1897" />
<SP HEIGHT="68" HPOS="463" VPOS="1926" WIDTH="43" />
<String CONTENT="Edwin" HEIGHT="55" HPOS="507" VPOS="1925" WIDTH="210" />
<SP HEIGHT="57" HPOS="718" VPOS="1925" WIDTH="41" />
<String CONTENT="Scribner," HEIGHT="68" HPOS="760" VPOS="1925" WIDTH="284" />
<SP HEIGHT="66" HPOS="1045" VPOS="1927" WIDTH="39" />
<String CONTENT="Jay" HEIGHT="67" HPOS="1085" VPOS="1927" WIDTH="116" />
<SP HEIGHT="66" HPOS="1202" VPOS="1928" WIDTH="39" />
<String CONTENT="Tobias" HEIGHT="55" HPOS="1242" VPOS="1925" WIDTH="209" />
<SP HEIGHT="49" HPOS="1452" VPOS="1946" WIDTH="47" />
<String CONTENT="[and" CS="1" HEIGHT="52" HPOS="1518" VPOS="1928" WIDTH="113" />
<SP HEIGHT="52" HPOS="1632" VPOS="1928" WIDTH="41" />
<String CONTENT="others]" CS="1" HEIGHT="52" HPOS="1674" VPOS="1929" WIDTH="188" />
<SP HEIGHT="35" HPOS="1881" VPOS="1961" WIDTH="53" />
<String CONTENT="&#8230;" CS="1" />
<SP HEIGHT="56" HPOS="1992" VPOS="1929" WIDTH="79" />
<String CONTENT="Chicago," HEIGHT="146" HPOS="284" VPOS="1927" WIDTH="1893" />
<SP HEIGHT="66" HPOS="442" VPOS="2006" WIDTH="24" />
<String CONTENT="T." HEIGHT="51" HPOS="467" VPOS="2006" WIDTH="64" />
<SP HEIGHT="57" HPOS="532" VPOS="2003" WIDTH="30" />
<String CONTENT="S." HEIGHT="57" HPOS="563" VPOS="2003" WIDTH="56" />
<SP HEIGHT="54" HPOS="620" VPOS="2004" WIDTH="25" />
<String CONTENT="Denison" HEIGHT="55" HPOS="646" VPOS="2003" WIDTH="253" />
<SP HEIGHT="50" HPOS="900" VPOS="2008" WIDTH="25" />
<String CONTENT="&amp;" HEIGHT="50" HPOS="926" VPOS="2008" WIDTH="45" />
<SP HEIGHT="50" HPOS="972" VPOS="2008" WIDTH="25" />
<String CONTENT="company" HEIGHT="50" HPOS="998" VPOS="2022" WIDTH="279" />
<SP HEIGHT="51" HPOS="1278" VPOS="2022" WIDTH="29" />
<String CONTENT="[" CS="1" />
<String CONTENT="c" HEIGHT="23" HPOS="1326" STYLE="superscript" VPOS="2010" WIDTH="18" />
<String CONTENT="1935]" HEIGHT="64" HPOS="1349" VPOS="2009" WIDTH="151" />
</TextLine>
<TextLine CS="1" HEIGHT="49" HPOS="284" STYLEREFS="StyleId-55C187C0-5D30-49FC-B0E0-5C48ACFA07A4-" VPOS="2076" WIDTH="363">
<String CONTENT="158" HEIGHT="42" HPOS="284" VPOS="2076" WIDTH="87" />
<SP HEIGHT="47" HPOS="372" VPOS="2078" WIDTH="24" />
<String CONTENT="p." HEIGHT="38" HPOS="397" VPOS="2087" WIDTH="44" />
<SP HEIGHT="41" HPOS="442" VPOS="2077" WIDTH="58" />
<String CONTENT="18&#189;cm." CS="1" HEIGHT="41" HPOS="501" VPOS="2077" WIDTH="146" />
</TextLine>
<TextLine CS="1" HEIGHT="54" HPOS="210" VPOS="2130" WIDTH="1994">
<String CONTENT="&#169;" HEIGHT="54" HPOS="210" VPOS="2130" WIDTH="53" />
<SP HEIGHT="54" HPOS="264" VPOS="2130" WIDTH="32" />
<String CONTENT="Sept." HEIGHT="48" HPOS="297" VPOS="2135" WIDTH="127" />
<SP HEIGHT="40" HPOS="425" VPOS="2134" WIDTH="32" />
<String CONTENT="20," HEIGHT="49" HPOS="458" VPOS="2134" WIDTH="70" />
<SP HEIGHT="47" HPOS="529" VPOS="2136" WIDTH="32" />
<String CONTENT="1935;" CS="1" HEIGHT="41" HPOS="562" VPOS="2133" WIDTH="116" />
<SP HEIGHT="43" HPOS="703" VPOS="2133" WIDTH="33" />
<String CONTENT="2c." HEIGHT="41" HPOS="737" VPOS="2133" WIDTH="68" />
<SP HEIGHT="29" HPOS="806" VPOS="2145" WIDTH="33" />
<String CONTENT="and" HEIGHT="39" HPOS="840" VPOS="2135" WIDTH="95" />
<SP HEIGHT="39" HPOS="936" VPOS="2135" WIDTH="33" />
<String CONTENT="aff." HEIGHT="42" HPOS="970" VPOS="2132" WIDTH="79" />
<SP HEIGHT="40" HPOS="1050" VPOS="2134" WIDTH="38" />
<String CONTENT="Sept." HEIGHT="48" HPOS="1089" VPOS="2134" WIDTH="126" />
<SP HEIGHT="40" HPOS="1216" VPOS="2134" WIDTH="33" />
<String CONTENT="23;" HEIGHT="46" HPOS="1250" VPOS="2134" WIDTH="81" />
<SP HEIGHT="45" HPOS="1332" VPOS="2135" WIDTH="37" />
<String CONTENT="A" HEIGHT="38" HPOS="1370" VPOS="2135" WIDTH="42" />
<SP HEIGHT="40" HPOS="1413" VPOS="2135" WIDTH="30" />
<String CONTENT="87143;" HEIGHT="47" HPOS="1444" VPOS="2135" WIDTH="169" />
<SP HEIGHT="47" HPOS="1614" VPOS="2135" WIDTH="35" />
<String CONTENT="T." HEIGHT="40" HPOS="1650" VPOS="2135" WIDTH="51" />
<SP HEIGHT="41" HPOS="1702" VPOS="2135" WIDTH="35" />
<String CONTENT="S." HEIGHT="41" HPOS="1738" VPOS="2135" WIDTH="45" />
<SP HEIGHT="39" HPOS="1784" VPOS="2136" WIDTH="34" />
<String CONTENT="Denison" HEIGHT="41" HPOS="1819" VPOS="2134" WIDTH="214" />
<SP HEIGHT="40" HPOS="2034" VPOS="2137" WIDTH="32" />
<String CONTENT="&amp;" HEIGHT="40" HPOS="2067" VPOS="2137" WIDTH="36" />
<SP HEIGHT="40" HPOS="2104" VPOS="2137" WIDTH="31" />
<String CONTENT="co." HEIGHT="31" HPOS="2136" VPOS="2145" WIDTH="68" />
</TextLine>
<TextLine HEIGHT="47" HPOS="291" VPOS="2190" WIDTH="279">
<String CONTENT="(35-18821)" HEIGHT="47" HPOS="291" VPOS="2190" WIDTH="279" />
</TextLine>
<TextLine HEIGHT="63" HPOS="214" STYLEREFS="StyleId-366EFC2C-2875-458E-ABC0-A79D4E294B9F-" VPOS="2287" WIDTH="686">
<String CONTENT="Snell," HEIGHT="63" HPOS="214" VPOS="2287" WIDTH="173" />
<SP HEIGHT="62" HPOS="388" VPOS="2288" WIDTH="27" />
<String CONTENT="Edwin" HEIGHT="54" HPOS="416" VPOS="2287" WIDTH="207" />
<SP HEIGHT="52" HPOS="624" VPOS="2289" WIDTH="26" />
<String CONTENT="Marian." HEIGHT="56" HPOS="651" VPOS="2287" WIDTH="249" />
</TextLine>
<TextLine HEIGHT="69" HPOS="282" STYLEREFS="StyleId-455B2233-2DB6-40B5-A419-44C39D750252-" VPOS="2363" WIDTH="1918">
<String CONTENT="The" HEIGHT="52" HPOS="282" VPOS="2363" WIDTH="122" />
<SP HEIGHT="34" HPOS="405" VPOS="2382" WIDTH="46" />
<String CONTENT="modern" HEIGHT="52" HPOS="452" VPOS="2364" WIDTH="235" />
<SP HEIGHT="53" HPOS="688" VPOS="2363" WIDTH="49" />
<String CONTENT="fables" HEIGHT="54" HPOS="738" VPOS="2363" WIDTH="180" />
<SP HEIGHT="36" HPOS="919" VPOS="2381" WIDTH="48" />
<String CONTENT="of" HEIGHT="53" HPOS="968" VPOS="2363" WIDTH="64" />
<SP HEIGHT="52" HPOS="1033" VPOS="2363" WIDTH="45" />
<String CONTENT="Henry" HEIGHT="66" HPOS="1079" VPOS="2364" WIDTH="203" />
<SP HEIGHT="66" HPOS="1283" VPOS="2364" WIDTH="46" />
<String CONTENT="James," HEIGHT="66" HPOS="1330" VPOS="2364" WIDTH="213" />
<SP HEIGHT="66" HPOS="1544" VPOS="2364" WIDTH="44" />
<String CONTENT="by" HEIGHT="68" HPOS="1589" VPOS="2364" WIDTH="75" />
<SP HEIGHT="67" HPOS="1665" VPOS="2365" WIDTH="49" />
<String CONTENT="Edwin" HEIGHT="54" HPOS="1715" VPOS="2364" WIDTH="209" />
<SP HEIGHT="51" HPOS="1925" VPOS="2367" WIDTH="46" />
<String CONTENT="Marion" HEIGHT="54" HPOS="1972" VPOS="2365" WIDTH="228" />
</TextLine>
<TextLine HEIGHT="69" HPOS="214" STYLEREFS="StyleId-455B2233-2DB6-40B5-A419-44C39D750252-" VPOS="2440" WIDTH="1885">
<String CONTENT="Snell." HEIGHT="55" HPOS="214" VPOS="2440" WIDTH="173" />
<SP HEIGHT="55" HPOS="388" VPOS="2440" WIDTH="75" />
<String CONTENT="Cambridge," HEIGHT="69" HPOS="464" VPOS="2440" WIDTH="362" />
<SP HEIGHT="67" HPOS="827" VPOS="2441" WIDTH="33" />
<String CONTENT="Mass.," HEIGHT="66" HPOS="861" VPOS="2441" WIDTH="189" />
<SP HEIGHT="65" HPOS="1051" VPOS="2442" WIDTH="30" />
<String CONTENT="Harvard" HEIGHT="52" HPOS="1082" VPOS="2442" WIDTH="274" />
<SP HEIGHT="52" HPOS="1357" VPOS="2443" WIDTH="32" />
<String CONTENT="university" HEIGHT="68" HPOS="1390" VPOS="2440" WIDTH="317" />
<SP HEIGHT="48" HPOS="1708" VPOS="2460" WIDTH="32" />
<String CONTENT="press," HEIGHT="50" HPOS="1741" VPOS="2459" WIDTH="173" />
<SP HEIGHT="62" HPOS="1915" VPOS="2447" WIDTH="34" />
<String CONTENT="1935." HEIGHT="49" HPOS="1950" VPOS="2447" WIDTH="149" />
</TextLine>
<TextLine CS="1" HEIGHT="50" HPOS="281" VPOS="2513" WIDTH="1904">
<String CONTENT="3" HEIGHT="40" HPOS="281" VPOS="2515" WIDTH="27" />
<SP HEIGHT="47" HPOS="309" VPOS="2515" WIDTH="28" />
<String CONTENT="p." CS="1" />
<SP />
<String CONTENT="l.," CS="1" HEIGHT="17" HPOS="446" VPOS="2545" WIDTH="9" />
<SP HEIGHT="47" HPOS="456" VPOS="2515" WIDTH="28" />
<String CONTENT="3-75" HEIGHT="40" HPOS="485" VPOS="2514" WIDTH="114" />
<SP HEIGHT="48" HPOS="600" VPOS="2514" WIDTH="27" />
<String CONTENT="p." HEIGHT="38" HPOS="628" VPOS="2524" WIDTH="42" />
<SP HEIGHT="39" HPOS="671" VPOS="2514" WIDTH="60" />
<String CONTENT="20cm." CS="1" HEIGHT="41" HPOS="732" VPOS="2513" WIDTH="115" />
<SP />
<String CONTENT="(Half-title:" HEIGHT="50" HPOS="918" VPOS="2513" WIDTH="298" />
<SP HEIGHT="41" HPOS="1217" VPOS="2513" WIDTH="28" />
<String CONTENT="Harvard" HEIGHT="40" HPOS="1246" VPOS="2513" WIDTH="229" />
<SP HEIGHT="40" HPOS="1476" VPOS="2513" WIDTH="29" />
<String CONTENT="honors" HEIGHT="40" HPOS="1506" VPOS="2514" WIDTH="177" />
<SP HEIGHT="39" HPOS="1684" VPOS="2515" WIDTH="29" />
<String CONTENT="theses" HEIGHT="40" HPOS="1714" VPOS="2514" WIDTH="160" />
<SP HEIGHT="41" HPOS="1875" VPOS="2513" WIDTH="29" />
<String CONTENT="in" HEIGHT="40" HPOS="1905" VPOS="2513" WIDTH="48" />
<SP HEIGHT="39" HPOS="1954" VPOS="2515" WIDTH="29" />
<String CONTENT="English." CS="1" HEIGHT="49" HPOS="1984" VPOS="2514" WIDTH="201" />
</TextLine>
<TextLine HEIGHT="48" HPOS="211" VPOS="2571" WIDTH="154">
<String CONTENT="no." HEIGHT="32" HPOS="211" VPOS="2582" WIDTH="76" />
<SP HEIGHT="43" HPOS="288" VPOS="2571" WIDTH="25" />
<String CONTENT="8)" HEIGHT="48" HPOS="314" VPOS="2571" WIDTH="51" />
</TextLine>
<TextLine HEIGHT="50" HPOS="282" VPOS="2626" WIDTH="640">
<String CONTENT="Bibliography:" HEIGHT="49" HPOS="282" VPOS="2627" WIDTH="375" />
<SP HEIGHT="38" HPOS="658" VPOS="2638" WIDTH="30" />
<String CONTENT="p." HEIGHT="38" HPOS="689" VPOS="2638" WIDTH="43" />
<SP HEIGHT="40" HPOS="733" VPOS="2628" WIDTH="31" />
<String CONTENT="72-75." HEIGHT="43" HPOS="765" VPOS="2626" WIDTH="157" />
</TextLine>
<TextLine HEIGHT="53" HPOS="207" VPOS="2681" WIDTH="1992">
<String CONTENT="&#169;" HEIGHT="53" HPOS="207" VPOS="2681" WIDTH="53" />
<SP HEIGHT="53" HPOS="261" VPOS="2681" WIDTH="24" />
<String CONTENT="Sept." HEIGHT="48" HPOS="286" VPOS="2686" WIDTH="126" />
<SP HEIGHT="40" HPOS="413" VPOS="2685" WIDTH="23" />
<String CONTENT="24," HEIGHT="48" HPOS="437" VPOS="2685" WIDTH="69" />
<SP HEIGHT="47" HPOS="507" VPOS="2686" WIDTH="22" />
<String CONTENT="1935;" HEIGHT="49" HPOS="530" VPOS="2683" WIDTH="139" />
<SP HEIGHT="48" HPOS="670" VPOS="2684" WIDTH="24" />
<String CONTENT="2c." HEIGHT="40" HPOS="695" VPOS="2684" WIDTH="66" />
<SP HEIGHT="29" HPOS="762" VPOS="2695" WIDTH="23" />
<String CONTENT="and" HEIGHT="39" HPOS="786" VPOS="2685" WIDTH="95" />
<SP HEIGHT="39" HPOS="882" VPOS="2685" WIDTH="23" />
<String CONTENT="aff." HEIGHT="40" HPOS="906" VPOS="2684" WIDTH="82" />
<SP HEIGHT="40" HPOS="989" VPOS="2685" WIDTH="26" />
<String CONTENT="Sept." HEIGHT="47" HPOS="1016" VPOS="2685" WIDTH="126" />
<SP HEIGHT="41" HPOS="1143" VPOS="2683" WIDTH="23" />
<String CONTENT="28;" HEIGHT="46" HPOS="1167" VPOS="2683" WIDTH="82" />
<SP HEIGHT="45" HPOS="1250" VPOS="2684" WIDTH="25" />
<String CONTENT="A" HEIGHT="38" HPOS="1276" VPOS="2684" WIDTH="40" />
<SP HEIGHT="40" HPOS="1317" VPOS="2683" WIDTH="23" />
<String CONTENT="86506;" HEIGHT="47" HPOS="1341" VPOS="2683" WIDTH="170" />
<SP HEIGHT="47" HPOS="1512" VPOS="2683" WIDTH="24" />
<String CONTENT="President" HEIGHT="41" HPOS="1537" VPOS="2683" WIDTH="255" />
<SP HEIGHT="38" HPOS="1793" VPOS="2685" WIDTH="24" />
<String CONTENT="and" HEIGHT="40" HPOS="1818" VPOS="2684" WIDTH="96" />
<SP HEIGHT="41" HPOS="1915" VPOS="2683" WIDTH="21" />
<String CONTENT="fellows" HEIGHT="41" HPOS="1937" VPOS="2683" WIDTH="188" />
<SP HEIGHT="30" HPOS="2126" VPOS="2695" WIDTH="20" />
<String CONTENT="of" HEIGHT="40" HPOS="2147" VPOS="2685" WIDTH="52" />
</TextLine>
<TextLine HEIGHT="50" HPOS="271" VPOS="2738" WIDTH="1316">
<String CONTENT="Harvard" HEIGHT="39" HPOS="271" VPOS="2742" WIDTH="228" />
<SP HEIGHT="39" HPOS="500" VPOS="2742" WIDTH="31" />
<String CONTENT="college," HEIGHT="46" HPOS="532" VPOS="2742" WIDTH="193" />
<SP HEIGHT="47" HPOS="726" VPOS="2740" WIDTH="30" />
<String CONTENT="Cambridge," HEIGHT="49" HPOS="757" VPOS="2738" WIDTH="300" />
<SP HEIGHT="47" HPOS="1058" VPOS="2740" WIDTH="32" />
<String CONTENT="Mass." HEIGHT="39" HPOS="1091" VPOS="2740" WIDTH="145" />
<SP HEIGHT="48" HPOS="1237" VPOS="2738" WIDTH="70" />
<String CONTENT="(35-18945)" HEIGHT="49" HPOS="1308" VPOS="2738" WIDTH="279" />
</TextLine>
<TextLine CS="1" HEIGHT="70" HPOS="208" STYLEREFS="StyleId-455B2233-2DB6-40B5-A419-44C39D750252-" VPOS="2833" WIDTH="1982">
<String CONTENT="Southern" HEIGHT="53" HPOS="208" VPOS="2837" WIDTH="300" />
<SP HEIGHT="53" HPOS="509" VPOS="2836" WIDTH="23" />
<String CONTENT="digest." HEIGHT="67" HPOS="533" VPOS="2836" WIDTH="200" />
<SP HEIGHT="49" HPOS="734" VPOS="2840" WIDTH="77" />
<String CONTENT="1935" HEIGHT="48" HPOS="812" VPOS="2840" WIDTH="131" />
<SP HEIGHT="48" HPOS="944" VPOS="2840" WIDTH="24" />
<String CONTENT="cumulative" HEIGHT="53" HPOS="969" VPOS="2835" WIDTH="344" />
<SP HEIGHT="33" HPOS="1314" VPOS="2854" WIDTH="26" />
<String CONTENT="annual" HEIGHT="50" HPOS="1341" VPOS="2837" WIDTH="210" />
<SP HEIGHT="65" HPOS="1552" VPOS="2837" WIDTH="24" />
<String CONTENT="pocket" HEIGHT="67" HPOS="1577" VPOS="2835" WIDTH="203" />
<SP HEIGHT="61" HPOS="1781" VPOS="2842" WIDTH="23" />
<String CONTENT="part" HEIGHT="62" HPOS="1805" VPOS="2841" WIDTH="134" />
<SP HEIGHT="47" HPOS="1940" VPOS="2841" WIDTH="27" />
<String CONTENT="&#8230;" CS="1" />
<SP HEIGHT="34" HPOS="2025" VPOS="2868" WIDTH="36" />
<String CONTENT="[for]" CS="1" HEIGHT="67" HPOS="2080" VPOS="2833" WIDTH="110" />
</TextLine>
<TextLine CS="1" HEIGHT="69" HPOS="279" STYLEREFS="StyleId-455B2233-2DB6-40B5-A419-44C39D750252-" VPOS="2912" WIDTH="1897">
<String CONTENT="Descriptive-word" HEIGHT="67" HPOS="279" VPOS="2914" WIDTH="544" />
<SP HEIGHT="53" HPOS="824" VPOS="2913" WIDTH="38" />
<String CONTENT="index" HEIGHT="53" HPOS="863" VPOS="2913" WIDTH="171" />
<SP HEIGHT="33" HPOS="1035" VPOS="2932" WIDTH="44" />
<String CONTENT="&#8230;" CS="1" />
<SP HEIGHT="54" HPOS="1136" VPOS="2914" WIDTH="81" />
<String CONTENT="St." HEIGHT="54" HPOS="1218" VPOS="2914" WIDTH="81" />
<SP HEIGHT="51" HPOS="1300" VPOS="2916" WIDTH="42" />
<String CONTENT="Paul," HEIGHT="66" HPOS="1343" VPOS="2913" WIDTH="165" />
<SP HEIGHT="65" HPOS="1509" VPOS="2914" WIDTH="35" />
<String CONTENT="West" HEIGHT="53" HPOS="1545" VPOS="2914" WIDTH="161" />
<SP HEIGHT="62" HPOS="1707" VPOS="2918" WIDTH="37" />
<String CONTENT="publishing" HEIGHT="69" HPOS="1745" VPOS="2912" WIDTH="333" />
<SP HEIGHT="50" HPOS="2079" VPOS="2931" WIDTH="35" />
<String CONTENT="co." CS="1" HEIGHT="34" HPOS="2115" VPOS="2931" WIDTH="61" />
</TextLine>
<TextLine HEIGHT="63" HPOS="283" STYLEREFS="StyleId-455B2233-2DB6-40B5-A419-44C39D750252-" VPOS="2996" WIDTH="191">
<String CONTENT="[" HEIGHT="34" HPOS="283" STYLE="subscript" VPOS="3025" WIDTH="12" />
<String CONTENT="c" HEIGHT="20" HPOS="302" STYLE="superscript" VPOS="3000" WIDTH="17" />
<String CONTENT="1935" HEIGHT="49" HPOS="325" VPOS="2996" WIDTH="131" />
<String CONTENT="]" HEIGHT="33" HPOS="462" STYLE="subscript" VPOS="3025" WIDTH="12" />
</TextLine>
<TextLine HEIGHT="49" HPOS="274" VPOS="3064" WIDTH="301">
<String CONTENT="68" HEIGHT="40" HPOS="274" VPOS="3066" WIDTH="57" />
<SP HEIGHT="47" HPOS="332" VPOS="3066" WIDTH="25" />
<String CONTENT="p." HEIGHT="37" HPOS="358" VPOS="3076" WIDTH="40" />
<SP HEIGHT="40" HPOS="399" VPOS="3064" WIDTH="59" />
<String CONTENT="25" HEIGHT="40" HPOS="459" VPOS="3064" WIDTH="56" />
<String CONTENT="cm" HEIGHT="21" HPOS="517" STYLE="superscript" VPOS="3066" WIDTH="44" />
<String CONTENT="." HEIGHT="7" HPOS="567" VPOS="3097" WIDTH="8" />
</TextLine>
<TextLine HEIGHT="50" HPOS="275" VPOS="3119" WIDTH="1919">
<String CONTENT="This" HEIGHT="39" HPOS="275" VPOS="3122" WIDTH="117" />
<SP HEIGHT="37" HPOS="393" VPOS="3132" WIDTH="22" />
<String CONTENT="pamphlet" HEIGHT="47" HPOS="416" VPOS="3122" WIDTH="250" />
<SP HEIGHT="41" HPOS="667" VPOS="3120" WIDTH="19" />
<String CONTENT="is" HEIGHT="41" HPOS="687" VPOS="3120" WIDTH="41" />
<SP HEIGHT="38" HPOS="729" VPOS="3123" WIDTH="23" />
<String CONTENT="to" HEIGHT="38" HPOS="753" VPOS="3123" WIDTH="48" />
<SP HEIGHT="39" HPOS="802" VPOS="3121" WIDTH="23" />
<String CONTENT="be" HEIGHT="39" HPOS="826" VPOS="3121" WIDTH="56" />
<SP HEIGHT="40" HPOS="883" VPOS="3120" WIDTH="20" />
<String CONTENT="fitted" HEIGHT="40" HPOS="904" VPOS="3120" WIDTH="139" />
<SP HEIGHT="39" HPOS="1044" VPOS="3120" WIDTH="22" />
<String CONTENT="into" HEIGHT="40" HPOS="1067" VPOS="3120" WIDTH="102" />
<SP HEIGHT="38" HPOS="1170" VPOS="3122" WIDTH="24" />
<String CONTENT="the" HEIGHT="39" HPOS="1195" VPOS="3120" WIDTH="82" />
<SP HEIGHT="37" HPOS="1278" VPOS="3130" WIDTH="22" />
<String CONTENT="pocket" HEIGHT="47" HPOS="1301" VPOS="3120" WIDTH="170" />
<SP HEIGHT="37" HPOS="1472" VPOS="3122" WIDTH="23" />
<String CONTENT="at" HEIGHT="37" HPOS="1496" VPOS="3122" WIDTH="53" />
<SP HEIGHT="38" HPOS="1550" VPOS="3121" WIDTH="20" />
<String CONTENT="the" HEIGHT="39" HPOS="1571" VPOS="3120" WIDTH="84" />
<SP HEIGHT="39" HPOS="1656" VPOS="3120" WIDTH="19" />
<String CONTENT="back" HEIGHT="40" HPOS="1676" VPOS="3119" WIDTH="122" />
<SP HEIGHT="39" HPOS="1799" VPOS="3119" WIDTH="22" />
<String CONTENT="of" HEIGHT="39" HPOS="1822" VPOS="3119" WIDTH="55" />
<SP HEIGHT="40" HPOS="1878" VPOS="3119" WIDTH="20" />
<String CONTENT="the" HEIGHT="39" HPOS="1899" VPOS="3120" WIDTH="81" />
<SP HEIGHT="30" HPOS="1981" VPOS="3129" WIDTH="22" />
<String CONTENT="volume" HEIGHT="39" HPOS="2004" VPOS="3120" WIDTH="190" />
</TextLine>
<TextLine HEIGHT="46" HPOS="203" VPOS="3177" WIDTH="823">
<String CONTENT="of" HEIGHT="38" HPOS="203" VPOS="3179" WIDTH="51" />
<SP HEIGHT="39" HPOS="255" VPOS="3179" WIDTH="25" />
<String CONTENT="the" HEIGHT="39" HPOS="281" VPOS="3179" WIDTH="82" />
<SP HEIGHT="29" HPOS="364" VPOS="3188" WIDTH="25" />
<String CONTENT="set" HEIGHT="37" HPOS="390" VPOS="3180" WIDTH="73" />
<SP HEIGHT="37" HPOS="464" VPOS="3180" WIDTH="26" />
<String CONTENT="to" HEIGHT="37" HPOS="491" VPOS="3180" WIDTH="47" />
<SP HEIGHT="29" HPOS="544" VPOS="3188" WIDTH="23" />
<String CONTENT="which" HEIGHT="40" HPOS="568" VPOS="3177" WIDTH="157" />
<SP HEIGHT="38" HPOS="726" VPOS="3177" WIDTH="26" />
<String CONTENT="it" HEIGHT="40" HPOS="753" VPOS="3177" WIDTH="38" />
<SP HEIGHT="40" HPOS="792" VPOS="3177" WIDTH="26" />
<String CONTENT="belongs." HEIGHT="46" HPOS="819" VPOS="3177" WIDTH="207" />
</TextLine>
<TextLine CS="1" HEIGHT="52" HPOS="207" VPOS="3230" WIDTH="1872">
<String CONTENT="&#169;" HEIGHT="52" HPOS="207" VPOS="3230" WIDTH="53" />
<SP HEIGHT="52" HPOS="261" VPOS="3230" WIDTH="31" />
<String CONTENT="Sept." HEIGHT="48" HPOS="293" VPOS="3234" WIDTH="127" />
<SP HEIGHT="40" HPOS="421" VPOS="3233" WIDTH="27" />
<String CONTENT="26," HEIGHT="48" HPOS="449" VPOS="3233" WIDTH="70" />
<SP HEIGHT="46" HPOS="520" VPOS="3235" WIDTH="30" />
<String CONTENT="1935;" CS="1" HEIGHT="48" HPOS="579" VPOS="3232" WIDTH="111" />
<SP HEIGHT="48" HPOS="691" VPOS="3232" WIDTH="31" />
<String CONTENT="2c." HEIGHT="41" HPOS="723" VPOS="3232" WIDTH="67" />
<SP HEIGHT="40" HPOS="791" VPOS="3233" WIDTH="31" />
<String CONTENT="Oct," HEIGHT="40" HPOS="823" VPOS="3233" WIDTH="100" />
<SP HEIGHT="39" HPOS="924" VPOS="3233" WIDTH="29" />
<String CONTENT="12;" HEIGHT="46" HPOS="954" VPOS="3232" WIDTH="82" />
<SP HEIGHT="35" HPOS="1037" VPOS="3243" WIDTH="31" />
<String CONTENT="aff." HEIGHT="39" HPOS="1069" VPOS="3232" WIDTH="81" />
<SP HEIGHT="40" HPOS="1151" VPOS="3231" WIDTH="31" />
<String CONTENT="Oct." HEIGHT="40" HPOS="1183" VPOS="3231" WIDTH="99" />
<SP HEIGHT="39" HPOS="1283" VPOS="3231" WIDTH="32" />
<String CONTENT="14;" CS="1" HEIGHT="39" HPOS="1316" VPOS="3231" WIDTH="54" />
<SP HEIGHT="40" HPOS="1398" VPOS="3232" WIDTH="33" />
<String CONTENT="A" HEIGHT="38" HPOS="1432" VPOS="3232" WIDTH="39" />
<SP HEIGHT="39" HPOS="1472" VPOS="3231" WIDTH="29" />
<String CONTENT="86800;" HEIGHT="47" HPOS="1502" VPOS="3230" WIDTH="169" />
<SP HEIGHT="45" HPOS="1672" VPOS="3232" WIDTH="32" />
<String CONTENT="West" HEIGHT="39" HPOS="1705" VPOS="3232" WIDTH="134" />
<SP HEIGHT="46" HPOS="1840" VPOS="3233" WIDTH="30" />
<String CONTENT="pub." HEIGHT="47" HPOS="1871" VPOS="3232" WIDTH="107" />
<SP HEIGHT="28" HPOS="1979" VPOS="3243" WIDTH="31" />
<String CONTENT="co." HEIGHT="30" HPOS="2011" VPOS="3241" WIDTH="68" />
</TextLine>
<TextLine CS="1" HEIGHT="71" HPOS="205" STYLEREFS="StyleId-455B2233-2DB6-40B5-A419-44C39D750252-" VPOS="3382" WIDTH="1983">
<String CONTENT="Southern" HEIGHT="53" HPOS="205" VPOS="3385" WIDTH="298" />
<SP HEIGHT="52" HPOS="504" VPOS="3386" WIDTH="29" />
<String CONTENT="digest." HEIGHT="67" HPOS="534" VPOS="3386" WIDTH="200" />
<SP HEIGHT="50" HPOS="735" VPOS="3389" WIDTH="76" />
<String CONTENT="1935" HEIGHT="49" HPOS="812" VPOS="3389" WIDTH="130" />
<SP HEIGHT="47" HPOS="943" VPOS="3390" WIDTH="35" />
<String CONTENT="cumulative" HEIGHT="53" HPOS="979" VPOS="3385" WIDTH="344" />
<SP HEIGHT="49" HPOS="1324" VPOS="3403" WIDTH="28" />
<String CONTENT="pocket" HEIGHT="68" HPOS="1353" VPOS="3384" WIDTH="204" />
<SP HEIGHT="62" HPOS="1558" VPOS="3389" WIDTH="30" />
<String CONTENT="parts" HEIGHT="62" HPOS="1589" VPOS="3389" WIDTH="158" />
<SP HEIGHT="34" HPOS="1748" VPOS="3404" WIDTH="37" />
<String CONTENT="&#8230;" CS="1" />
<SP HEIGHT="34" HPOS="1842" VPOS="3417" WIDTH="40" />
<String CONTENT="[for]" HEIGHT="68" HPOS="1883" VPOS="3383" WIDTH="130" />
<SP HEIGHT="50" HPOS="2014" VPOS="3400" WIDTH="37" />
<String CONTENT="vols." HEIGHT="53" HPOS="2052" VPOS="3382" WIDTH="136" />
</TextLine>
<TextLine CS="1" HEIGHT="68" HPOS="277" STYLEREFS="StyleId-455B2233-2DB6-40B5-A419-44C39D750252-" VPOS="3462" WIDTH="1445">
<String CONTENT="1-30" HEIGHT="49" HPOS="277" VPOS="3466" WIDTH="134" />
<SP HEIGHT="49" HPOS="412" VPOS="3466" WIDTH="30" />
<String CONTENT="&#8230;" CS="1" />
<SP HEIGHT="54" HPOS="498" VPOS="3463" WIDTH="81" />
<String CONTENT="St." HEIGHT="54" HPOS="580" VPOS="3463" WIDTH="80" />
<SP HEIGHT="50" HPOS="661" VPOS="3466" WIDTH="27" />
<String CONTENT="Paul," HEIGHT="67" HPOS="689" VPOS="3462" WIDTH="165" />
<SP HEIGHT="64" HPOS="855" VPOS="3465" WIDTH="21" />
<String CONTENT="West" HEIGHT="52" HPOS="877" VPOS="3465" WIDTH="160" />
<SP HEIGHT="62" HPOS="1038" VPOS="3468" WIDTH="23" />
<String CONTENT="publishing" HEIGHT="67" HPOS="1062" VPOS="3463" WIDTH="333" />
<SP HEIGHT="49" HPOS="1396" VPOS="3480" WIDTH="24" />
<String CONTENT="co." HEIGHT="33" HPOS="1421" VPOS="3482" WIDTH="78" />
<SP HEIGHT="33" HPOS="1500" VPOS="3495" WIDTH="31" />
<String CONTENT="[c1935]" CS="1" HEIGHT="63" HPOS="1532" VPOS="3465" WIDTH="190" />
</TextLine>
<TextLine HEIGHT="40" HPOS="270" VPOS="3536" WIDTH="300">
<String CONTENT="30" HEIGHT="39" HPOS="270" VPOS="3536" WIDTH="58" />
<SP HEIGHT="39" HPOS="329" VPOS="3536" WIDTH="25" />
<String CONTENT="v." HEIGHT="28" HPOS="355" VPOS="3547" WIDTH="41" />
<SP HEIGHT="39" HPOS="397" VPOS="3536" WIDTH="57" />
<String CONTENT="25" HEIGHT="40" HPOS="455" VPOS="3536" WIDTH="55" />
<String CONTENT="cm" HEIGHT="21" HPOS="513" STYLE="superscript" VPOS="3538" WIDTH="44" />
<String CONTENT="." HEIGHT="8" HPOS="562" VPOS="3568" WIDTH="8" />
</TextLine>
<TextLine HEIGHT="51" HPOS="273" VPOS="3588" WIDTH="1916">
<String CONTENT="These" HEIGHT="39" HPOS="273" VPOS="3592" WIDTH="155" />
<SP HEIGHT="37" HPOS="429" VPOS="3602" WIDTH="26" />
<String CONTENT="pamphlets" HEIGHT="47" HPOS="456" VPOS="3592" WIDTH="272" />
<SP HEIGHT="29" HPOS="729" VPOS="3602" WIDTH="30" />
<String CONTENT="are" HEIGHT="29" HPOS="760" VPOS="3602" WIDTH="86" />
<SP HEIGHT="37" HPOS="847" VPOS="3594" WIDTH="25" />
<String CONTENT="to" HEIGHT="37" HPOS="873" VPOS="3594" WIDTH="48" />
<SP HEIGHT="39" HPOS="922" VPOS="3592" WIDTH="28" />
<String CONTENT="be" HEIGHT="39" HPOS="951" VPOS="3592" WIDTH="56" />
<SP HEIGHT="41" HPOS="1008" VPOS="3590" WIDTH="29" />
<String CONTENT="fitted" HEIGHT="41" HPOS="1038" VPOS="3590" WIDTH="138" />
<SP HEIGHT="40" HPOS="1177" VPOS="3590" WIDTH="29" />
<String CONTENT="into" HEIGHT="40" HPOS="1207" VPOS="3590" WIDTH="106" />
<SP HEIGHT="38" HPOS="1314" VPOS="3592" WIDTH="25" />
<String CONTENT="the" HEIGHT="39" HPOS="1340" VPOS="3591" WIDTH="85" />
<SP HEIGHT="37" HPOS="1426" VPOS="3600" WIDTH="24" />
<String CONTENT="pockets" HEIGHT="47" HPOS="1451" VPOS="3590" WIDTH="198" />
<SP HEIGHT="30" HPOS="1650" VPOS="3599" WIDTH="28" />
<String CONTENT="at" HEIGHT="38" HPOS="1679" VPOS="3591" WIDTH="53" />
<SP HEIGHT="38" HPOS="1733" VPOS="3591" WIDTH="28" />
<String CONTENT="the" HEIGHT="40" HPOS="1762" VPOS="3589" WIDTH="84" />
<SP HEIGHT="39" HPOS="1847" VPOS="3589" WIDTH="26" />
<String CONTENT="back" HEIGHT="39" HPOS="1874" VPOS="3589" WIDTH="123" />
<SP HEIGHT="38" HPOS="1998" VPOS="3589" WIDTH="26" />
<String CONTENT="of" HEIGHT="39" HPOS="2025" VPOS="3588" WIDTH="54" />
<SP HEIGHT="40" HPOS="2080" VPOS="3588" WIDTH="26" />
<String CONTENT="the" HEIGHT="40" HPOS="2107" VPOS="3588" WIDTH="82" />
</TextLine>
<TextLine HEIGHT="48" HPOS="201" VPOS="3646" WIDTH="1115">
<String CONTENT="volumes" HEIGHT="38" HPOS="201" VPOS="3649" WIDTH="214" />
<SP HEIGHT="29" HPOS="416" VPOS="3658" WIDTH="27" />
<String CONTENT="of" HEIGHT="39" HPOS="444" VPOS="3648" WIDTH="52" />
<SP HEIGHT="39" HPOS="497" VPOS="3648" WIDTH="25" />
<String CONTENT="the" HEIGHT="39" HPOS="523" VPOS="3648" WIDTH="83" />
<SP HEIGHT="29" HPOS="607" VPOS="3658" WIDTH="22" />
<String CONTENT="set" HEIGHT="37" HPOS="630" VPOS="3650" WIDTH="75" />
<SP HEIGHT="37" HPOS="706" VPOS="3650" WIDTH="24" />
<String CONTENT="to" HEIGHT="37" HPOS="731" VPOS="3650" WIDTH="48" />
<SP HEIGHT="29" HPOS="780" VPOS="3658" WIDTH="26" />
<String CONTENT="which" HEIGHT="40" HPOS="807" VPOS="3646" WIDTH="158" />
<SP HEIGHT="39" HPOS="966" VPOS="3648" WIDTH="26" />
<String CONTENT="they" HEIGHT="48" HPOS="993" VPOS="3646" WIDTH="113" />
<SP HEIGHT="47" HPOS="1107" VPOS="3647" WIDTH="25" />
<String CONTENT="belong." HEIGHT="47" HPOS="1133" VPOS="3647" WIDTH="183" />
</TextLine>
<TextLine HEIGHT="53" HPOS="203" VPOS="3700" WIDTH="1982">
<String CONTENT="&#169;" HEIGHT="53" HPOS="203" VPOS="3700" WIDTH="53" />
<SP HEIGHT="53" HPOS="257" VPOS="3700" WIDTH="28" />
<String CONTENT="Sept." HEIGHT="47" HPOS="286" VPOS="3704" WIDTH="126" />
<SP HEIGHT="39" HPOS="413" VPOS="3704" WIDTH="26" />
<String CONTENT="28," HEIGHT="47" HPOS="440" VPOS="3704" WIDTH="70" />
<SP HEIGHT="46" HPOS="511" VPOS="3705" WIDTH="25" />
<String CONTENT="1935;" HEIGHT="47" HPOS="537" VPOS="3703" WIDTH="141" />
<SP HEIGHT="46" HPOS="679" VPOS="3704" WIDTH="28" />
<String CONTENT="2c." HEIGHT="39" HPOS="708" VPOS="3704" WIDTH="66" />
<SP HEIGHT="28" HPOS="775" VPOS="3715" WIDTH="29" />
<String CONTENT="each" HEIGHT="39" HPOS="805" VPOS="3704" WIDTH="116" />
<SP HEIGHT="40" HPOS="922" VPOS="3703" WIDTH="28" />
<String CONTENT="Oct." HEIGHT="40" HPOS="951" VPOS="3703" WIDTH="100" />
<SP HEIGHT="37" HPOS="1052" VPOS="3705" WIDTH="29" />
<String CONTENT="12;" HEIGHT="47" HPOS="1082" VPOS="3702" WIDTH="82" />
<SP HEIGHT="36" HPOS="1165" VPOS="3713" WIDTH="30" />
<String CONTENT="aff." HEIGHT="40" HPOS="1196" VPOS="3702" WIDTH="81" />
<SP HEIGHT="40" HPOS="1278" VPOS="3702" WIDTH="27" />
<String CONTENT="Oct." HEIGHT="40" HPOS="1306" VPOS="3702" WIDTH="100" />
<SP HEIGHT="39" HPOS="1407" VPOS="3702" WIDTH="28" />
<String CONTENT="14;&#183;" HEIGHT="46" HPOS="1436" VPOS="3702" WIDTH="98" />
<SP HEIGHT="38" HPOS="1535" VPOS="3702" WIDTH="13" />
<String CONTENT="A" HEIGHT="38" HPOS="1549" VPOS="3702" WIDTH="41" />
<SP HEIGHT="41" HPOS="1591" VPOS="3700" WIDTH="27" />
<String CONTENT="86801;" HEIGHT="48" HPOS="1619" VPOS="3700" WIDTH="168" />
<SP HEIGHT="47" HPOS="1788" VPOS="3701" WIDTH="30" />
<String CONTENT="West" HEIGHT="39" HPOS="1819" VPOS="3701" WIDTH="138" />
<SP HEIGHT="46" HPOS="1958" VPOS="3702" WIDTH="24" />
<String CONTENT="pub." HEIGHT="48" HPOS="1983" VPOS="3700" WIDTH="106" />
<SP HEIGHT="29" HPOS="2090" VPOS="3710" WIDTH="29" />
<String CONTENT="co." HEIGHT="31" HPOS="2120" VPOS="3708" WIDTH="65" />
</TextLine>
<TextLine HEIGHT="63" HPOS="203" STYLEREFS="StyleId-366EFC2C-2875-458E-ABC0-A79D4E294B9F-" VPOS="3805" WIDTH="820">
<String CONTENT="Stevens," HEIGHT="63" HPOS="203" VPOS="3805" WIDTH="268" />
<SP HEIGHT="61" HPOS="472" VPOS="3807" WIDTH="26" />
<String CONTENT="Mrs." HEIGHT="50" HPOS="499" VPOS="3807" WIDTH="138" />
<SP HEIGHT="51" HPOS="638" VPOS="3806" WIDTH="26" />
<String CONTENT="Barbara" HEIGHT="52" HPOS="665" VPOS="3805" WIDTH="264" />
<SP HEIGHT="52" HPOS="930" VPOS="3805" WIDTH="25" />
<String CONTENT="B." HEIGHT="54" HPOS="956" VPOS="3805" WIDTH="67" />
</TextLine>
<TextLine CS="1" HEIGHT="74" HPOS="270" STYLEREFS="StyleId-455B2233-2DB6-40B5-A419-44C39D750252-" VPOS="3872" WIDTH="1912">
<String CONTENT="Walk" HEIGHT="54" HPOS="270" VPOS="3877" WIDTH="172" />
<SP HEIGHT="53" HPOS="443" VPOS="3877" WIDTH="35" />
<String CONTENT="humbly" HEIGHT="68" HPOS="479" VPOS="3878" WIDTH="236" />
<SP HEIGHT="48" HPOS="716" VPOS="3898" WIDTH="42" />
<String CONTENT="[by]" CS="1" HEIGHT="69" HPOS="759" VPOS="3877" WIDTH="91" />
<SP HEIGHT="68" HPOS="868" VPOS="3878" WIDTH="42" />
<String CONTENT="Barbara" HEIGHT="52" HPOS="911" VPOS="3878" WIDTH="257" />
<SP HEIGHT="52" HPOS="1169" VPOS="3877" WIDTH="37" />
<String CONTENT="B." HEIGHT="54" HPOS="1207" VPOS="3877" WIDTH="65" />
<SP HEIGHT="55" HPOS="1273" VPOS="3876" WIDTH="44" />
<String CONTENT="Stevens." HEIGHT="54" HPOS="1318" VPOS="3876" WIDTH="248" />
<SP HEIGHT="53" HPOS="1567" VPOS="3875" WIDTH="72" />
<String CONTENT="Boston" HEIGHT="54" HPOS="1640" VPOS="3875" WIDTH="215" />
<SP HEIGHT="33" HPOS="1856" VPOS="3893" WIDTH="40" />
<String CONTENT="and" HEIGHT="52" HPOS="1897" VPOS="3875" WIDTH="111" />
<SP HEIGHT="55" HPOS="2009" VPOS="3872" WIDTH="37" />
<String CONTENT="New" HEIGHT="52" HPOS="2047" VPOS="3872" WIDTH="135" />
</TextLine>
<TextLine CS="1" HEIGHT="70" HPOS="203" STYLEREFS="StyleId-455B2233-2DB6-40B5-A419-44C39D750252-" VPOS="3951" WIDTH="1242">
<String CONTENT="York," HEIGHT="64" HPOS="203" VPOS="3955" WIDTH="176" />
<SP HEIGHT="63" HPOS="380" VPOS="3956" WIDTH="24" />
<String CONTENT="Houghton" CS="1" HEIGHT="52" HPOS="405" VPOS="3954" WIDTH="312" />
<SP HEIGHT="51" HPOS="718" VPOS="3955" WIDTH="26" />
<String CONTENT="Mifflin" HEIGHT="56" HPOS="745" VPOS="3951" WIDTH="201" />
<SP HEIGHT="34" HPOS="947" VPOS="3973" WIDTH="26" />
<String CONTENT="company," HEIGHT="50" HPOS="974" VPOS="3971" WIDTH="292" />
<SP HEIGHT="65" HPOS="1267" VPOS="3956" WIDTH="27" />
<String CONTENT="1935." HEIGHT="50" HPOS="1295" VPOS="3955" WIDTH="150" />
</TextLine>
</TextBlock>
</PrintSpace>
</Page>
</Layout>
</alto>