2424 4375
1077 4045 132 54 1877

219 512 159 38 Blank
408 522 150 37 pages
586 515 55 36 at
668 514 91 38 end
791 513 81 38 for
902 512 219 40 “Notes”.

151 563 51 53 ©
227 568 116 39 Nov.
371 567 39 47 9,
438 568 114 39 1935;
607 568 67 41 2c.
702 570 95 38 and
825 568 77 40 aff.
933 570 111 38 Dec.
1071 569 27 40 3;
1151 569 40 38 A
1218 567 169 48 89705;
1419 569 212 48 Popular
1658 567 274 42 mechanics
1959 580 68 29 co.

148 685 249 64 Curtiss,
427 686 304 64 Anthony.

218 762 114 55 Out
370 763 63 54 of
469 765 225 64 Egypt;
734 783 31 33 a
802 764 293 53 collection
1130 764 63 53 of
1229 765 95 51 the
1361 782 182 35 verses
1580 765 62 52 of
1680 764 277 67 Anthony
149 764 1964 132 Curtiss.
308 842 58 51 in
412 860 102 33 one
558 841 240 65 volume,
844 840 397 67 accompanied
1285 842 74 66 by
1405 860 30 34 a
1480 841 245 67 preface.
1806 842 332 67 [Brooklyn,

205 960 10 11 N.
245 918 90 57 Y.,
363 917 187 55 Guide
578 918 263 66 printing
866 936 295 49 company,
1190 919 126 65 inc.,
1348 922 150 63 1935]

220 990 56 39 54
303 1001 43 37 p.
403 990 58 39 19½
490 992 44 21 cm
540 1022 7 8 .

149 1041 1994 54 © June 21, 1935; 2c. and aff. June 26; A 84433; A. Curtiss ℅ Berle &
219 1103 155 47 Berle,
397 1104 119 39 New
539 1103 145 41 York.

147 1192 201 62 Davie,
373 1192 154 53 John
556 1193 66 55 G.

215 1269 257 59 Hermes,
529 1270 94 52 the
680 1276 296 59 geometer.
1058 1269 162 67 [book
1280 1274 46 61 1]
1411 1271 126 65 [By]
1598 1271 156 54 John
1811 1270 68 54 G.
1937 1268 200 56 Davie.

148 1345 182 53 Third
363 1354 133 59 part
526 1347 62 52 of
619 1348 97 51 the
746 1346 387 54 introduction
1165 1352 58 48 to
1255 1348 93 51 the
1382 1347 247 53 solution
1662 1347 63 52 of
1758 1348 284 65 problems
2074 1348 63 52 of

148 1424 92 51 the
266 1424 282 65 pyramid.
625 1421 219 68 Griffin,
872 1422 122 57 Ga.,
1021 1426 54 51 J.
1106 1425 70 54 G.
1204 1423 182 54 Davie
1421 1457 11 33 [
1439 1430 17 21 c
1462 1428 151 62 1935]

219 1495 83 40 125
330 1507 57 37 p.,
414 1497 25 38 1
487 1526 8 9 l.
554 1495 178 48 diagrs.
787 1496 56 39 21½
874 1498 15 21 cm
924 1528 8 9 .

149 1548 51 53 ©
227 1552 100 41 Oct.
353 1552 70 48 30,
450 1550 140 49 1935;
619 1552 66 41 2c.
714 1554 95 39 and
837 1552 82 41 aff.
946 1553 116 39 Nov.
1091 1554 54 45 4;
1174 1553 44 38 A
1242 1551 169 48 89191;
1443 1553 44 40 J.
1516 1552 52 41 G.
1597 1551 168 41 Davie.

147 1640 199 64 Davis,
375 1640 269 56 Eleanor.

148 1715 1991 147 Personnel programs in banks, by Eleanor Davis … Princeton, N. J., Industrial relations section, Princeton university,
152 1875 145 50 1935.

219 1944 56 40 56
300 1955 42 37 p.
399 1944 142 40 form.
595 1943 57 41 25½
684 1946 46 21 cm
733 1977 8 9 .

151 1995 51 53 ©
235 2001 113 47 Apr.
382 2001 40 47 3,
457 1999 113 41 1935;
632 2000 68 40 2c.
735 2001 128 39 June
895 1999 82 47 19;
1015 2000 82 40 aff.
1134 2001 125 39 June
1294 2000 55 39 24;
1416 2000 39 39 A
1491 1999 169 47 84662;
1699 1999 259 40 Princeton
1993 2000 144 49 univ.,

220 2057 268 41 Industrial
518 2057 234 40 relations
781 2056 286 41 committee.

149 2148 81 52 De
259 2148 291 64 Jarnette,
578 2149 313 54 Bertrand.

218 2223 1859 68 Chiropractic first aid, by Major Bertrand DeJarnette …
152 2302 284 53 Nebraska
466 2302 152 66 City,
644 2302 158 66 Neb.,
827 2304 66 51 B.
921 2302 85 53 De
1033 2304 279 56 Jarnette,
1340 2307 17 21 c
1363 2304 148 50 1935.

218 2375 56 39 76
301 2385 43 37 p.
404 2374 143 47 illus.,
577 2373 178 49 diagrs.
813 2373 55 40 23
871 2375 43 21 cm
920 2405 8 9 .

151 2426 51 53 ©
234 2432 116 39 Nov.
385 2431 68 46 12,
489 2431 112 39 1935;
664 2431 67 40 2c.
764 2431 117 39 Nov.
916 2429 81 47 16;
1035 2429 82 41 aff.
1149 2430 116 39 Nov.
1304 2429 53 39 14;
1422 2429 39 39 A
1497 2429 144 40 89415;
1706 2429 51 38 B.
1795 2429 70 39 De
1901 2429 238 40 Jarnette.

149 2561 285 65 Disciples
473 2562 63 53 of
577 2562 221 55 Christ.
872 2561 427 54 International
1340 2561 369 64 convention,
1747 2563 115 53 Des
1901 2561 237 59 Moines,

219 2641 149 52 1934.

217 2716 418 53 International
678 2717 352 63 convention,
1069 2714 283 67 Disciples
1392 2717 62 50 of
1495 2715 213 56 Christ,
1746 2717 114 50 Des
1899 2715 239 57 Moines,

150 2792 170 59 Iowa,
366 2792 244 55 October
655 2796 186 61 16-21,
886 2795 148 50 1934.
1114 2791 263 55 Sermons
1422 2792 113 51 and
1580 2791 305 54 addresses.
152 2793 1961 129 Foreword
331 2870 75 66 by
433 2870 259 55 William
723 2871 65 52 F.
818 2869 450 66 Rothenburger,
1297 2869 305 65 president.
1672 2869 81 54 St.
1784 2868 191 62 Louis,
2003 2868 134 67 Mo.,

154 2945 1908 68 Christian board of publication (The Bethany press) [ c 1935]
221 3019 80 39 231
334 3031 43 37 p.
436 3019 56 39 22½
524 3021 44 21 cm
574 3051 8 9 .

154 3070 51 53 ©
231 3076 118 47 Aug.
377 3076 69 45 22,
475 3074 117 41 1935;
645 3074 66 41 2c.
742 3074 102 41 Oct.
872 3073 81 48 25;
985 3074 83 41 aff.
1097 3074 117 41 Nov.
1244 3075 55 38 14;
1357 3075 39 37 A
1426 3072 169 48 87946;
1629 3072 247 42 Christian
1908 3074 149 40 board
2087 3074 55 42 of

221 3132 310 47 publication.

152 3203 310 66 DiVenuti,
491 3205 227 65 Biagio.

221 3282 173 65 Legal
447 3282 309 67 principles
811 3283 111 52 and
975 3281 274 67 practices
1302 3282 93 51 for
1448 3287 301 60 reporters,
1800 3281 75 66 by
1928 3281 207 65 Biagio

153 3356 1983 61 DiVenuti … Ann Arbor, Mich., Edwards brothers, inc., 1935.
221 3431 79 46 vii,
328 3431 55 40 85
408 3442 43 37 p.
506 3432 53 38 21
564 3434 44 21 cm
612 3462 8 8 .

224 3487 407 48 “Lithoprinted.”

156 3537 50 52 ©
235 3542 100 43 Oct.
365 3545 69 42 14,
462 3543 140 48 1935;
633 3544 66 40 2c.
730 3545 96 39 and
856 3544 80 40 aff.
968 3544 101 40 Oct.
1100 3543 55 40 23;
1215 3545 42 38 A
1280 3544 144 39 87855;
1484 3542 52 40 B.
1569 3540 258 48 DiVenuti,
1858 3542 195 40 Boston.

154 3658 302 69 Duxbury,
482 3663 250 54 Arthur.

221 3735 1917 69 The effective speaker … pt. 1-12. Comprising full text of
157 3813 1919 59 records 1-24, with lessons 1-23. instructions and conclusion …
154 3886 1959 148 by Arthur Duxbury. Oct., 1934. London, The Duxbury institute [ c 1934]
