2424 4375
1111 4088 103 51 433

156 456 243 66 Loeher,
427 457 266 53 Bernard
725 456 260 66 Charles,
1017 462 171 50 1895-
1401 474 178 50 comp.

221 533 322 68 Following
580 532 198 55 Christ
810 533 251 68 through
1096 534 96 52 the
1225 551 179 49 mass;
1442 552 74 34 an
1551 533 370 68 explanation
1958 533 66 53 of
2054 534 97 52 the

150 610 261 67 mystical
438 610 268 67 meaning
737 611 66 53 of
830 611 96 53 the
954 609 338 55 ceremonies
1325 609 66 55 of
1419 611 97 54 the
1544 629 168 48 mass,
1743 611 185 53 which
154 629 1975 109 represent
301 687 95 53 the
424 692 191 48 events
645 688 60 52 in
733 687 95 53 the
854 687 105 53 life
989 685 66 55 of
1083 686 124 56 Our
1232 687 160 54 Lord
1420 687 168 55 Jesus
1617 686 198 56 Christ
1842 687 182 54 under
2052 687 99 54 the

153 765 152 54 form
331 765 65 54 of
423 785 30 33 a
482 764 336 56 continuous
847 766 270 68 allegory,
1146 766 114 54 and
1287 766 186 53 which
1500 766 305 54 constitute
1832 766 97 54 the
1958 768 193 53 sacred

149 844 198 53 drama
385 844 65 53 of
485 845 95 53 the
619 862 165 36 mass.
878 843 300 69 Compiled
1217 845 112 52 and
1370 845 248 67 adapted
1661 844 152 53 from
1856 846 292 66 approved

150 940 220 35 sources
403 922 75 67 by
513 922 139 53 Rev.
689 923 261 52 Bernard
989 920 62 56 C.
1083 922 236 53 Loeher.
1410 922 361 68 Milwaukee,
1807 923 121 53 The
1967 925 184 51 Bruce

150 1000 333 67 publishing
512 1017 280 51 company
844 1003 176 64 [c1935]

226 1072 56 41 94
311 1084 42 38 p.
409 1073 144 41 16½cm.

227 1130 377 49 Bibliography:
636 1140 42 39 p.
711 1128 157 43 98-94.

160 1183 53 53 ©
240 1188 111 39 Feb.
380 1188 68 45 13,
477 1186 140 43 1935;
648 1187 67 39 2c.
745 1188 95 39 and
869 1186 81 41 aff.
979 1188 123 38 Mar.
1131 1187 51 45 1;
1213 1187 41 38 A
1283 1186 171 47 80652;
1486 1187 157 39 Bruce
1672 1187 110 48 pub.
1813 1197 67 30 co.

238 1243 250 50 (35-5130)

156 1344 241 64 Lothar,
427 1346 203 65 Ernst,
660 1350 172 50 1890-

232 1419 1922 71 The mills of God, by Ernst Lothar … London, M. Secker,
167 1502 149 51 1935.

233 1568 98 49 809,
365 1570 55 49 [1]
453 1580 42 37 p.
556 1569 115 41 19cm.

233 1627 319 39 “Translated
581 1627 62 46 by
672 1626 145 39 Willa
846 1628 93 37 and
971 1626 173 40 Edwin
1173 1626 172 40 Muir.”

160 1681 1993 53 © 1c. Mar. 15, 1935; A ad int. 20023; pubd. Jan. 24; G. P. Putnam’s sons,
229 1743 117 39 New
373 1743 144 39 York.
588 1741 250 50 (35-5264)

162 1843 317 68 [Lucchini,
504 1842 221 70 Pierre]
759 1849 169 51 1889-

337 1920 1810 70 … Marianne et les prétendants. Paris, B. Grasset [1934]
231 1994 741 50 2 p. l., [7]-378 p., 2 1. 19cm.
231 2051 229 40 Author’s
493 2052 179 47 pseud.,
704 2051 166 40 Pierre
901 2050 303 48 Dominique,
1235 2053 53 38 at
1318 2051 125 40 head
1474 2050 52 41 of
1556 2050 121 42 title.

163 2106 1992 58 © Oct. 2, 1934; 1c. Mar. 5, 1935; A-Foreign 27088; Éditions Bernard
233 2171 214 41 Grasset.
517 2171 251 50 (35-5203)

158 2261 319 64 Matschat,
505 2263 139 52 Mrs.
675 2260 187 56 Cecile
888 2261 203 56 Hulse.

231 2338 263 53 Mexican
545 2339 192 67 plants
791 2338 95 54 for
935 2339 308 53 American
1294 2339 263 66 gardens,
1607 2339 75 65 by
1735 2338 185 56 Cecile
1972 2338 182 54 Hulse

159 2414 1968 145 Matschat; with a preface by Dorothy Ebel Hansell … Boston and New York, Houghton Mifflin company, 1935.
234 2571 78 38 XV,
341 2562 70 49 [1],
440 2562 99 48 268,
571 2563 56 49 [1]
657 2573 43 37 p.
759 2562 163 48 front.,
952 2563 143 49 illus.,
1124 2563 170 48 plates.
1354 2563 148 43 22½cm.

232 2619 442 51 “Bibliographical
705 2621 298 42 references”
1022 2631 11 31 :
1065 2632 44 38 p.
1138 2621 235 51 249-[250]

163 2675 53 53 ©
246 2680 123 39 Mar.
399 2677 71 49 19,
501 2678 117 40 1935;
676 2678 67 40 2c.
774 2679 97 39 and
901 2677 81 41 aff.
1014 2679 122 39 Mar.
1168 2678 55 40 23;
1285 2678 44 40 A
1359 2677 170 49 82149;
1564 2678 51 41 C.
1649 2678 60 40 H.
1744 2679 260 47 Matschat,
2037 2679 122 40 New

232 2735 144 40 York.
447 2734 249 49 (35-5214)

160 2825 341 66 Maugham,
526 2826 209 56 Diana.

230 2902 312 69 Rhapsody
569 2903 60 52 in
656 2904 150 66 gold.
887 2903 387 66 [Instalments
1305 2906 117 63 1-6]

244 2977 84 48 (In
350 2973 202 43 London
575 2972 147 53 Daily
748 2972 131 52 mail,
907 2973 116 43 Feb.
1051 2974 164 50 20-23,
1243 2973 72 50 25,
1342 2974 72 50 26,
1442 2973 144 49 1935)

165 3029 1990 53 © 1c. each Apr. 18, 1935; A ad int. 20144; pubd. Feb. 20, 21, 22, 23, 25,
233 3089 83 48 26;
346 3089 160 41 Diana
536 3091 136 39 Marr
699 3090 231 47 Johnson,
958 3090 213 40 London.

162 3178 202 66 Mazel,
393 3180 203 63 Henri,
629 3184 172 51 1864-

355 3253 1799 72 … Histoire et psychologie de l’affaire Dreyfus. Paris,
167 3334 210 53 Boivin
404 3336 47 49 &
479 3332 65 54 cie
598 3336 151 64 [1934]

235 3406 771 50 2 p. l., [7]-216 p., 2 l. 22 ½ cm.
238 3462 391 48 “Bibliographie
661 3463 300 40 essentielle”
980 3475 9 29 :
1026 3474 42 37 p.
1107 3462 247 50 [213]-216.

239 3518 346 48 “Chronologie
616 3518 244 41 résumée”
878 3530 9 29 :
920 3529 44 37 p.
998 3518 247 49 [209]-211.

166 3570 1879 53 © Nov. 27, 1934; 1c. Mar. 4, 1935; A- Foreign 27047; Boivin et cie.
244 3630 249 50 (35-5205)

163 3716 221 68 Meyer,
412 3718 308 67 Fulgence,
747 3719 194 68 father
945 3763 12 24 ,
986 3720 171 55 1876-

229 3796 263 68 Waiting
519 3796 95 53 for
641 3798 95 51 the
760 3797 321 67 Paraclete;
1111 3803 214 47 retreat
1352 3798 241 52 lectures
1622 3796 93 52 for
1743 3795 273 67 religious
2045 3795 112 51 and

159 3871 1999 71 other pious souls, by Rev. Fulgence Meyer … Cincinnati, O.,
162 3949 82 55 St.
275 3948 240 56 Francis
541 3950 147 54 book
715 3952 161 67 shop,
902 3954 151 51 1930.

234 4022 27 40 2
321 4054 10 10 v.
386 4024 174 40 fronts.
616 4024 116 40 17cm.
