2424 4375
1235 4052 100 49 460

354 532 903 47 viii, 276 p. illus., diagrs. 23 ½cm .
282 602 53 53 ©
367 608 122 38 Mar.
520 606 70 47 30,
624 606 116 40 1935;
799 606 65 40 2c.
898 607 113 47 Apr.
1043 606 25 40 3;
1134 606 81 39 aff.
1250 606 113 48 Apr.
1398 606 25 38 2;
1487 606 43 40 A
1560 606 144 41 81258;
1767 606 348 40 McGraw-Hill
2151 607 122 40 book

350 674 82 37 co.,
466 663 90 40 inc.
627 663 249 47 (35-5408)
2067 662 115 41 2985

278 779 162 66 Dale,
471 780 217 66 Edgar,
718 786 170 50 1900-

353 856 1858 69 Children’s attendance at motion pictures, by Edgar Dale …
282 935 138 52 New
449 934 178 66 York,
655 934 121 55 The
801 934 333 54 Macmillan
1163 954 297 47 company,
1490 939 150 50 1935.

353 1006 1918 51 ix, 81 p. illus. (map) diagrs. 20 cm . [Motion pictures and youth; the
282 1077 162 49 Payne
470 1078 121 41 fund
620 1079 201 50 studies]

355 1148 132 41 With
521 1150 80 41 the
633 1150 219 40 author’s
882 1150 101 41 The
1014 1151 195 40 content
1241 1150 52 41 of
1321 1150 182 41 motion
1533 1150 228 49 pictures.
1822 1150 113 41 New
1970 1151 141 46 York,
2148 1151 123 40 1935.

285 1217 53 53 ©
370 1223 122 38 Mar.
524 1221 69 47 19,
626 1220 116 41 1935;
800 1220 67 41 2c.
898 1222 96 39 and
1028 1220 80 40 aff.
1145 1222 121 38 Mar.
1300 1220 55 40 20;
1417 1222 41 38 A
1490 1221 140 40 82021;
1697 1221 279 40 Macmillan
2010 1232 67 30 co.

365 1278 251 48 (35-5518)

354 1378 1917 68 The content of motion pictures, by Edgar Dale … New
287 1455 177 66 York,
492 1456 122 54 The
642 1455 332 54 Macmillan
1004 1475 296 48 company,
1332 1460 150 51 1935.

355 1550 78 39 XV,
462 1540 86 41 234
575 1552 44 38 p.
651 1541 109 41 incl.
791 1541 168 42 tables.
1020 1541 55 40 20
1077 1544 44 22 cm
1126 1575 9 8 .
1198 1541 198 51 [Motion
1425 1542 212 49 pictures
1668 1543 96 40 and
1794 1543 149 46 youth;
2002 1544 81 40 the
2115 1544 159 48 Payne

282 1597 123 41 fund
442 1598 201 49 studies]

354 1667 134 41 With
514 1668 98 40 this
640 1668 41 40 is
707 1668 156 41 bound
888 1667 75 41 his
987 1668 271 41 Children’s
1282 1670 290 40 attendance
1596 1671 52 39 at
1670 1669 183 41 motion
1878 1669 227 49 pictures.
2160 1671 110 41 New

286 1724 141 48 York,
462 1724 127 42 1935.

285 1792 53 53 ©
369 1798 123 38 Mar.
523 1795 68 48 19,
624 1796 144 47 1935;
799 1797 68 40 2c.
900 1798 94 38 and
1028 1796 79 40 aff.
1143 1798 122 38 Mar.
1298 1796 83 47 20;
1417 1798 41 38 A
1489 1796 169 48 82021;
1695 1796 280 42 Macmillan
2009 1809 67 29 co.

365 1853 250 49 (35-5519)

284 1955 236 65 Davies,
551 1957 211 54 Alfred
792 1959 268 62 Mervyn.

359 2032 246 70 Strange
644 2033 251 69 destiny;
938 2053 31 34 a
1007 2033 323 69 biography
1368 2035 63 53 of
1469 2037 242 54 Warren
1750 2035 300 69 Hastings,
2089 2035 72 68 by
2202 2037 71 51 A.

285 2110 1896 70 Mervyn Davies … New York, G. P. Putnam’s sons [ c 1935]
359 2202 1914 51 X p., 2 l., 3-168 p. front., plates (1 fold.) ports., fold, facsim. 24 cm .
362 2273 114 47 Map
511 2282 60 30 on
605 2273 361 48 lining-papers.

360 2329 358 41 “Authorities”;
782 2341 43 37 p.
857 2329 218 42 448-462.

289 2399 53 53 ©
381 2405 121 38 Mar.
542 2404 69 46 14,
651 2403 139 46 1935;
832 2403 64 40 2c.
939 2405 122 38 Mar.
1101 2405 80 45 15;
1225 2404 80 39 aff.
1346 2405 112 47 Apr.
1499 2403 53 48 9;
1594 2404 41 38 A
1674 2404 169 46 82564;
1887 2405 51 39 A.
1980 2406 61 38 M.
2082 2403 194 48 Davies,

357 2461 119 39 New
510 2461 145 39 York.
724 2460 278 49 (35-27134)

285 2562 85 53 De
398 2563 84 53 La
509 2564 213 64 Roche,
750 2565 183 63 Mazo,
964 2569 169 49 1885-

364 2639 207 69 Young
608 2640 202 68 Renny
858 2641 401 67 (Jalna-1906)
1306 2640 74 67 by
1414 2641 167 53 Mazo
1617 2642 87 51 De
1738 2641 82 51 La
1858 2641 204 52 Roche.
291 2643 1961 138 Boston,
434 2717 192 68 Little,

655 2720 228 64 Brown,
910 2721 111 50 and
1051 2736 295 49 company,
1377 2723 148 48 1935.

361 2801 100 50 viii,
491 2803 85 40 324
607 2814 42 37 p.
708 2803 56 40 19½
795 2806 43 21 cm
844 2835 9 9 .

291 2872 53 53 ©
382 2875 112 48 Apr.
533 2875 70 48 16,
643 2874 140 48 1935;
823 2874 67 41 2c.
931 2876 95 39 and
1065 2875 81 40 aff.
1188 2875 113 48 Apr.
1341 2876 82 45 17;
1466 2875 41 38 A
1547 2874 170 47 82545;
1759 2874 162 46 Little,
1962 2874 177 38 Brown
2179 2874 96 39 and

358 2942 244 38 company.
674 2931 249 48 (35-5464)

349 3033 1805 68 … The desk Standard dictionary of the English language,
358 3032 1893 147 designed
603 3117 59 46 to
710 3109 130 70 give
887 3111 94 52 the
1029 3110 410 68 orthography,
1488 3108 455 69 pronunciation,
1993 3108 282 67 meaning,

359 3189 113 52 and
513 3188 324 68 etymology
877 3188 65 51 of
983 3188 174 52 about
1196 3190 187 63 83,000
1424 3188 185 53 words
1652 3188 111 52 and
1806 3187 232 66 phrases
2078 3186 60 51 in
2180 3187 96 52 the

358 3266 199 67 speech
586 3266 111 52 and
727 3265 293 53 literature
1046 3265 64 52 of
1136 3266 96 52 the
1260 3262 547 70 English-speaking
1836 3266 254 65 peoples;
2124 3265 150 64 1,200

359 3343 266 66 pictorial
655 3343 403 66 illustrations;
1093 3342 274 69 abridged
1400 3343 151 51 from
1580 3342 94 53 the
1706 3341 169 52 Funk
1903 3344 46 49 &
1977 3339 298 70 Wagnalls

358 3438 121 33 new
545 3420 289 54 Standard
894 3419 321 68 dictionary
1276 3420 64 52 of
1398 3421 94 50 the
1553 3418 243 69 English
1857 3418 284 69 language
2199 3418 74 67 by

359 3496 1915 69 James C. Fernald … A new ed., augmented and carefully
361 3572 1912 71 rev. by Frank H. Vizetelly … New York and London,
361 3651 169 52 Funk
555 3654 45 49 &
626 3652 297 68 Wagnalls
951 3670 295 50 company,
1277 3654 147 50 1935.

363 3737 99 47 viii,
491 3737 88 40 910
605 3748 42 37 p.
707 3736 128 42 illus.
893 3738 54 40 23
951 3740 43 21 cm
1000 3770 9 8 .

364 3806 74 40 On
465 3816 166 30 cover;
663 3806 140 40 Funk
831 3803 46 44 &
904 3808 248 46 Wagnalls
1182 3807 117 39 desk
1329 3807 245 39 Standard
1603 3806 286 46 dictionary.

365 3861 201 41 “School
592 3860 226 42 edition.”

292 3926 53 53 ©
376 3932 121 39 Mar.
529 3931 70 47 22,
630 3931 140 48 1935;
803 3932 67 40 2c.
903 3932 94 41 and
1030 3932 81 40 aff.
1144 3933 113 47 Apr.
1290 3931 81 46 10;
1407 3931 41 39 A
1480 3930 169 48 82449;
1685 3933 138 39 Funk
1854 3933 37 39 &
1924 3931 251 47 Wagnalls
2204 3942 66 28 co.

370 3988 249 44 (35-5439)
