2526 4384
1107 4021 98 56 147

243 484 81 47 vii,
352 485 115 39 1144
493 496 32 37 p
590 484 60 40 25
649 487 44 21 cm
697 515 8 8 .

175 538 51 51 ©
254 542 107 38 Feb.
388 542 39 41 5,
454 541 116 40 1935;
621 541 66 40 2c.
712 544 95 37 and
833 541 81 40 aff.
943 542 110 39 Feb.
1080 542 51 45 6,;
1158 543 41 38 A
1224 541 147 41 79563;
1424 543 239 39 Matthew
1686 542 194 39 Bender
1902 542 36 39 &
1965 551 82 38 co.,
2074 542 91 40 inc.

171 701 212 64 Coxon,
414 702 213 52 Muriel
657 702 214 64 (Hine)
908 703 171 51 “Mrs.
1110 702 219 63 Sidney
1358 702 254 55 Coxon.”

239 778 121 53 The
385 779 139 51 door
546 797 191 49 opens,
761 779 74 67 by
858 779 211 53 Muriel
1093 779 171 54 Hine.
1338 779 259 66 London,
1622 778 157 54 John
1804 779 155 52 Lane
2011 781 151 64 [1935]

237 850 631 50 4 p. l., [3]-370 p. 19 cm .
173 903 1976 110 © 1c. Jan. 21, 1935; A ad int. 19897; pubd. Jan 18; D. Appleton-Century co., inc., New York. (35-2619)
169 1067 232 64 Cronin,
431 1067 320 54 Archibald
779 1068 239 64 Joseph.

234 1144 122 52 The
379 1149 146 49 stars
551 1145 131 51 look
708 1145 183 52 down.
959 1145 362 66 [Instalment
1346 1150 49 60 3]

244 1219 83 47 (In
354 1213 319 44 Nash’s-Pall
703 1214 117 42 mall
852 1214 275 52 magazine,
1159 1214 132 51 Feb.,
1323 1215 142 49 1935)

171 1269 1970 102 © 1c. Mar. 13, 1935; A ad int. 20018; pubd. Jan. 18; International magazine
370 1342 55 29 co
442 1363 10 16 .
481 1331 105 46 inc.,
615 1332 119 39 New
761 1331 144 39 York.

167 1422 281 64 Deverell,
481 1422 381 65 Evangeline.

235 1497 152 53 Alan
415 1497 184 69 Singh;
655 1517 80 49 or,
760 1499 121 52 The
906 1499 134 52 land
1066 1497 63 56 of
1153 1499 206 68 magic,
1382 1497 77 71 by
1485 1497 356 70 Evangeline
1863 1496 265 54 Deverell;

169 1574 1992 70 illustrations by Edward Scott-Snell … London, Houghton &
166 1650 363 70 Scott-Snell,
557 1659 20 21 c
581 1656 151 50 1934.

233 1725 97 48 179,
361 1726 55 50 [1]
446 1737 43 36 p.
549 1726 86 40 col.
662 1726 163 48 front.,
853 1726 143 46 illus.,
1025 1725 172 49 plates.
1254 1724 57 41 22
1314 1727 47 22 cm
1362 1758 10 10 .

168 1779 1991 53 © 1c. Jan. 15, 1935; A ad int. 19939; pubd. Dec. 15, 1934; E. Deverell,
234 1841 92 39 Los
351 1842 219 47 Angeles.
642 1840 251 50 (35-2895)

164 1932 264 66 Duffield,
458 1934 189 55 Anne.

231 2008 186 54 Silver
446 2009 189 68 peaks.
707 2010 388 66 [Instalments
1124 2013 186 63 12-15]

243 2084 84 46 (In
348 2079 251 43 Woman’s
627 2080 203 51 weekly,
856 2080 111 42 Jan.
995 2081 72 49 26,
1094 2080 114 43 Feb.
1234 2081 40 49 2,
1303 2082 42 48 9,
1374 2082 70 48 16,
1475 2080 142 49 1935)

168 2135 1988 53 © 1c. each Mar. 7, 1935; A ad int. 19992; pubd. Jan. 22, 29, Feb. 5, 12;
232 2197 218 47 Dorothy
482 2198 134 38 Duer
644 2197 220 47 Duffield,
897 2198 290 45 Aldbourne,
1217 2197 157 46 Wilts,
1407 2198 234 45 England.

165 2285 249 56 Edward
442 2287 227 66 Albert,
697 2287 195 68 prince
921 2289 63 66 of
1014 2288 203 66 Wales,
1245 2291 170 50 1894-

299 2363 1860 69 … Sport and travel in East Africa; an account of two
168 2439 177 70 visits,
391 2444 132 49 1928
568 2442 111 51 and
725 2444 151 66 1930,
920 2442 278 67 compiled
1245 2442 150 52 from
1438 2444 94 52 the
1577 2444 222 65 private
1845 2441 210 54 diaries
2096 2440 63 53 of

168 2518 74 53 H.
277 2519 67 52 R.
377 2519 77 51 H.
489 2519 94 51 the
615 2520 204 53 Prince
855 2520 61 52 of
951 2520 191 54 Wales
1172 2520 74 67 by
1281 2518 236 54 Patrick
1552 2520 67 51 R.
1658 2519 322 65 Chalmers;
2018 2519 138 54 with

166 2596 153 53 three
369 2614 162 51 maps
582 2597 110 53 and
746 2597 373 67 thirty-seven
1171 2598 429 67 reproductions
1651 2597 63 54 of
1766 2596 390 69 photographs

165 2673 168 53 taken
363 2673 74 69 by
469 2674 111 53 His
611 2674 184 69 Royal
828 2675 289 68 Highness
1151 2675 112 52 and
1295 2676 201 52 others.
1572 2675 256 67 London,
1863 2676 65 52 P.
1965 2675 191 68 Allan,

172 2754 148 50 1934.

234 2823 84 47 xii,
345 2822 100 48 273,
477 2823 54 49 [1]
562 2835 42 36 p.
636 2823 108 41 incl.
770 2824 150 41 front.
981 2826 171 46 plates,
1179 2827 162 46 ports.,
1370 2825 118 41 fold.
1517 2836 152 38 maps.
1729 2826 55 39 22½
1818 2829 43 21 cm
1867 2860 8 7 .

236 2879 62 39 At
322 2880 121 40 head
471 2880 51 39 of
548 2881 110 39 title;
712 2881 60 40 H.
801 2882 55 40 R.
883 2882 62 40 H.
970 2883 82 38 the
1079 2882 172 40 Prince
1278 2883 51 38 of
1355 2883 175 39 Wales.

166 2934 1988 55 © 1c. Jan. 2, 1935; A ad int. 19835; pubd. Nov. 5, 1934; Patrick Reginald
229 2996 262 47 Chalmers,
528 2997 503 47 Goring-on-Thames,
1067 2999 234 46 England.
1372 2998 249 46 (35-2986)

161 3084 285 68 Fletcher,
477 3087 255 54 William
763 3089 225 56 Meade.

230 3162 261 53 Fletcher
544 3164 327 68 cyclopedia
925 3165 62 53 of
1039 3165 96 52 the
1186 3166 109 50 law
1349 3165 62 51 of
1465 3165 225 67 private
1743 3165 407 67 corporations.

173 3240 369 64 (Permanent
576 3243 113 66 ed.)
775 3245 131 50 1935
944 3244 342 51 cumulative
1323 3244 376 66 supplement,
1735 3244 74 65 by
1846 3243 197 52 Frank
2078 3244 72 50 D.

161 3316 1990 73 Moore … [for] volumes 1-20 … Chicago, Callaghan and
161 3413 291 52 company,
482 3401 148 49 1935.

228 3468 57 41 20
310 3482 40 27 v.
408 3470 54 41 23
466 3473 45 21 cm
515 3501 8 8 .

231 3526 155 40 These
414 3528 272 47 pamphlets
718 3538 82 29 are
832 3530 48 38 to
912 3529 60 38 be
998 3527 138 40 fitted
1167 3527 102 40 into
1302 3529 82 38 the
1412 3528 196 47 pockets
1639 3530 51 37 at
1721 3528 81 39 the
1834 3526 121 40 back
1988 3528 52 38 of
2071 3528 84 40 the

162 3583 215 40 volumes
397 3584 53 40 of
475 3585 83 39 the
582 3586 76 38 set
682 3587 48 37 to
757 3583 157 41 which
943 3585 113 46 they
1082 3585 181 46 belong.

166 3633 53 51 ©
243 3639 106 40 Jan.
378 3639 68 48 30,
474 3639 142 48 1935;
645 3641 66 39 2c.
742 3642 117 38 each
889 3641 109 39 Feb.
1025 3642 27 37 4;
1111 3641 80 39 aff.
1221 3641 109 39 Feb.
1362 3642 22 36 1;
1445 3642 42 37 A
1514 3639 169 43 79488;
1718 3639 268 47 Callaghan
2018 3640 36 39 &
2082 3650 66 30 co.

163 3754 289 68 Frankau,
484 3758 244 64 Gilbert,
762 3764 168 49 1884-

228 3831 182 54 Three
444 3833 392 68 Englishmen,
871 3853 30 33 a
937 3853 259 34 romance
1232 3834 63 52 of
1330 3833 248 53 married
1617 3834 157 66 lives,
1810 3833 76 69 by
1922 3833 223 55 Gilbert

161 3903 283 59 Frankau.
504 3910 258 56 London,
788 3911 362 53 Hutchinson
1177 3914 45 50 &
1250 3929 97 48 co.,
1376 3912 102 52 ltd.
1535 3914 150 64 [1935]
