2424 4375
1090 4051 130 48 1031

247 501 578 46 2 p. l., 3-51 p. 18½ cm .
181 553 52 52 ©
260 558 115 45 July
402 557 67 41 11,
498 556 115 39 1935;
668 556 66 39 2c.
763 557 93 38 and
885 554 80 40 aff.
995 556 116 46 July
1138 555 82 40 24:
1252 555 41 38 A
1320 555 112 40 85138;
1521 556 156 39 Bruce
1706 555 109 47 pub.
1844 564 66 30 co.

256 613 276 48 (35-11286)

181 715 276 61 Thomen,
485 714 236 64 August
750 714 199 62 Astor,
980 719 169 49 1892-

246 790 171 51 Don't
451 788 209 53 believe
690 790 74 51 it!
799 806 126 50 says
958 790 94 51 the
1086 789 223 67 doctor;
1344 788 143 53 false
1521 787 243 70 notions,
1797 806 202 49 errors,
177 788 1962 146 misconceptions
590 867 110 52 and
758 865 481 54 misinformation
1301 866 331 69 pertaining
1685 870 59 49 to
1798 866 193 53 health
2048 865 114 53 and

179 943 255 69 hygiene,
461 943 185 69 major
675 944 260 52 ailments
963 944 111 52 and
1102 961 215 50 cancer,
1341 943 188 53 minor
1557 943 261 54 ailments
1846 944 111 52 and
178 962 1960 126 remedies,
362 1021 136 53 food
546 1022 111 51 and
706 1020 133 66 diet,
884 1021 159 52 mind
1092 1021 114 53 and
1252 1039 199 48 senses,
1498 1021 168 69 body,
1714 1021 285 69 marriage
2047 1021 114 53 and

177 1097 1982 147 death; and health fallacies derived from superstition and folklore, explained and corrected, by August A. Thomen … with
178 1252 1985 71 a foreword by Harlow Brooks … New York city, N. Y., The
176 1332 205 51 author
415 1364 13 34 [
432 1337 17 22 c
455 1334 132 49 1935]

245 1401 587 49 3 p. l., 5-348 p. 21 cm .
178 1458 52 52 ©
264 1462 127 39 June
421 1461 68 47 10,
525 1461 112 40 1935;
701 1461 67 39 2c.
801 1462 95 38 and
931 1460 81 40 aff.
1048 1462 126 39 June
1207 1460 81 46 20;
1326 1462 41 38 A
1401 1461 170 47 84666;
1608 1462 53 39 A.
1696 1462 52 39 A.
1784 1463 227 42 Thomen,
2047 1464 116 39 New

244 1519 141 39 York.
456 1518 278 47 (35-11341)

178 1620 327 63 Tomaselli,
535 1622 340 60 Francesco,
909 1626 168 48 1893-

305 1693 1853 70 … Ecco il Giappone. Con 110 illustrazioni e due carte.
175 1772 235 66 Milano,
437 1773 70 52 A.
539 1773 339 52 Mondadori
919 1805 13 32 r
939 1775 151 63 1935]

248 1843 1603 52 6 p. l., [3]-258 p., 1 l. plates, ports., 2 fold. maps. 24½ cm .
248 1901 62 41 At
336 1902 123 40 head
487 1902 52 39 of
565 1901 134 41 title:
728 1900 144 41 Cesco
900 1900 276 41 Tomaselli.

178 1956 1985 52 © Dec. 10, 1934; 1c. May 25, 1935; A-Foreign 27948; Casa editrice A.
245 2016 299 41 Mondadori.
618 2016 277 47 (35-11759)

177 2105 208 60 Torok,
414 2106 214 53 Elmer.

173 2181 1991 225 Psychrometric notes and tables; a handbook on psychrometric principles, tables and calculations for textile manufacturers, engineers and students, by Elmer Torok … New York.
173 2418 69 52 N.
274 2418 91 65 Y.,
394 2417 184 53 North
609 2416 306 53 American
942 2433 180 49 rayon
1149 2415 381 68 corporation,
1559 2422 19 22 c
1582 2418 150 50 1935.

240 2488 1085 50 4 p. l., 3-89 p., 1 l. double front. 18 cm .
177 2544 52 52 ©
257 2548 115 46 July
403 2547 41 42 3,
473 2545 139 47 1935;
643 2545 65 40 2c.
740 2547 95 38 and
863 2545 81 40 aff.
976 2546 116 47 July
1121 2545 81 46 12;
1234 2546 43 38 A
1306 2544 168 47 85015;
1508 2546 155 38 North
1694 2545 157 40 Amer.
1884 2556 151 37 rayon
243 2557 1901 95 corporation.
551 2602 277 48 (35-11310)

177 2692 287 62 Webster,
495 2692 188 63 Noah,
701 2692 336 53 1758-1843.

307 2765 1852 69 … Webster’s twentieth-century dictionary of the English
179 2846 297 66 language,
502 2846 138 51 with
667 2864 31 33 a
723 2845 455 67 comprehensive
1202 2844 258 52 addenda
1486 2844 63 53 of
1573 2851 210 46 newest
1806 2845 184 53 words
179 2863 1958 127 compiled
368 2923 75 66 by
479 2923 214 66 Joseph
732 2924 226 60 Devlin,
1051 2966 9 9 M.
1140 2965 28 16 A.,
1206 2922 112 52 and
1354 2940 171 48 many
1562 2921 466 68 supplementary
177 2940 1957 113 vocabularies
533 3001 110 52 and
689 3002 240 56 articles,
971 3002 215 50 several
1228 3000 283 53 thousand
1552 3000 398 65 illustrations,
1993 3001 169 52 latest

178 3095 192 36 census
411 3076 224 67 figures,
675 3079 143 51 atlas
861 3078 61 51 of
963 3079 95 52 the
1098 3077 195 52 world.
1370 3077 375 67 Unabridged
1785 3078 83 53 ed.
1946 3078 213 53 Edited

180 3155 1917 61 under the supervision of Thomas H. Russell … A. C. Bean …
178 3229 1977 150 and L. B. Vaughan … and a staff of eminent scholars, educators, and specialists; prepared for publication by George W.
182 3386 242 68 Ogilvie.
497 3388 324 56 Cleveland,
854 3388 85 56 O.,
973 3389 136 51 New
1144 3387 178 63 York,
1354 3389 70 50 N.
1457 3388 90 63 Y.,
1580 3387 121 52 The
1730 3389 203 53 World
178 3390 1953 127 syndicate
321 3465 333 66 publishing
681 3483 292 48 company,
1004 3469 148 49 1935.

248 3536 1908 51 xvii, [2], xviii-xxii, [4], 1956, 3-320, [1] p. incl. front., illus. maps. 28½cm.
247 3649 61 38 At
346 3648 120 38 head
508 3648 50 38 of
596 3648 132 38 title;
770 3648 115 39 This
924 3648 272 46 dictionary
1236 3648 42 38 is
1315 3650 83 37 not
1437 3647 253 48 published
1729 3648 60 47 by
1828 3649 83 40 the
1947 3648 204 49 original

175 3704 271 47 publishers
476 3704 52 38 of
557 3704 258 41 Webster's
847 3704 270 49 dictionary
1146 3715 53 29 or
1229 3705 62 47 by
1320 3703 127 41 their
1478 3714 285 32 successors.

246 3759 71 41 On
348 3770 164 31 cover:
547 3760 99 40 The
677 3760 145 41 latest
854 3762 229 46 complete
1115 3760 273 48 dictionary
1420 3762 94 38 and
1546 3761 128 40 atlas
1707 3761 118 40 with
1858 3772 60 29 an
176 3763 1960 93 exhaustive
303 3816 255 48 appendix.

174 3869 56 52 ©
254 3875 119 38 Mar.
402 3873 68 46 25,
501 3873 116 39 1935;
673 3873 65 40 2c.
769 3874 113 47 July
912 3874 82 45 25;
1028 3873 79 39 aff.
1139 3875 117 46 July
1282 3874 84 45 23;
1395 3873 40 39 A
1465 3873 169 47 84742;
1666 3873 177 41 Louise
1870 3875 53 39 A.
1954 3875 197 47 Cooper,

239 3930 295 43 Allenhurst,
562 3931 53 37 N.
680 3961 8 7 J.
754 3928 276 50 [Copyright
1057 3931 41 39 is
1125 3930 201 40 claimed
1356 3940 58 28 on
1443 3929 219 41 addenda
1688 3931 53 40 of
1770 3933 179 37 newest
1978 3930 171 49 words]

254 3986 276 48 (35-11326)
