2526 4384
0 0 0 0 111
242 534 915 55 5 p. l., [156] p. of illus., 1 l. 31 cm .
246 602 1919 57 “These pictures range from 1865 … to the summer of 1934.”—Introd.
244 668 161 40 “First
442 666 227 42 edition.”

177 737 51 51 ©
253 741 107 39 Jan.
385 740 69 46 21,
479 738 117 40 1935;
645 738 66 39 2c.
736 737 107 39 Jan.
869 735 82 46 26;
979 734 83 40 aff.
1086 734 108 39 Jan.
1221 733 81 46 25;
1331 733 40 38 A
1397 730 171 48 80244;
1597 731 172 40 Alfred
1794 732 53 38 A.
1874 729 166 48 Knopf.
2079 730 90 39 inc.

254 795 249 50 (35-2177)

173 916 197 61 Stone,
400 913 275 54 Clarence
703 914 67 53 R.

173 997 1994 230 Stone’s silent reading. bk. 6. By Clarence R. Stone … Illustrated by Billie Chapman. Boston, New York [etc.] Houghton Mifflin company; Cambridge, The Riverside press [ c 1935 ]
245 1248 149 46 xxvii,
425 1248 70 48 [1],
522 1247 86 40 324
633 1258 42 36 p.
731 1247 127 38 illus.
889 1247 134 46 (part
1050 1245 111 48 col.)
1197 1244 177 47 diagrs.
1432 1242 54 40 19c
1506 1246 28 20 m
1538 1274 8 7 .

180 1316 51 51 ©
271 1320 107 39 Jan.
416 1318 70 47 25,
524 1318 112 40 1935;
703 1317 65 40 2c.
809 1318 95 39 and
943 1316 81 40 aff.
1063 1316 108 39 Feb.
1210 1317 54 44 4;
1306 1316 40 38 A
1384 1313 169 47 79508;
1595 1314 264 47 Houghton
1900 1313 168 39 Mifflin
2107 1322 66 29 co.

250 1375 282 52 [Copyright
559 1376 44 39 is
633 1374 206 42 claimed
868 1386 59 29 on
958 1385 105 29 new
1094 1375 182 38 matter
1304 1373 62 48 by
1398 1373 250 47 Margaret
1682 1372 52 39 B.
1770 1371 275 48 Pumphrey
2080 1371 95 40 and

248 1435 202 39 Hanson
481 1434 129 39 Hart
640 1433 235 47 Webster]

176 1538 217 63 Storm,
425 1536 196 57 Elliot.

180 1624 1970 148 Strange bedmates, by Elliot Storm … New York, W. Godwin, inc. [ c 1935]
247 1790 88 40 264
366 1801 43 38 p.
470 1789 57 41 19
528 1791 44 21 cm
576 1821 10 9 .

184 1859 51 51 ©
266 1862 109 40 Feb.
406 1862 40 47 1,
476 1860 140 47 1935;
648 1861 65 39 2c.
745 1860 110 39 Feb.
888 1859 51 47 9;
975 1859 81 41 aff.
1090 1859 107 39 Feb.
1231 1860 51 43 7;
1316 1860 40 38 A
1388 1859 169 46 80373;
1591 1858 215 41 William
1837 1858 216 47 Godwin,
2087 1859 88 41 inc.

259 1918 249 49 (35-2183)

181 2019 341 67 Strakosch,
549 2021 101 53 Sir
674 2021 223 63 Henry,
927 2019 172 54 1871-

251 2113 122 53 The
403 2113 139 52 road
573 2117 58 47 to
662 2130 284 50 recovery,
977 2110 140 54 with
1147 2109 210 69 special
1390 2110 286 53 reference
1707 2115 59 48 to
1796 2111 94 53 the
1923 2111 254 68 problem

182 2192 64 51 of
279 2191 285 67 exchange
598 2189 260 68 stability
893 2190 113 52 and
1039 2189 94 53 the
1167 2189 342 52 restoration
1542 2189 64 52 of
1640 2188 94 54 the
1768 2189 410 53 international

182 2265 1997 73 gold standard. By Sir Henry Strakosch … New York,
184 2348 305 53 Economic
519 2347 210 67 forum,
761 2347 125 67 inc.,
920 2348 149 51 1935.

254 2433 837 51 3 p. l., [9]-70 p. diagrs. 23 cm .
188 2503 51 51 ©
270 2507 108 39 Jan.
411 2505 69 43 12,
514 2504 117 41 1935;
690 2504 64 40 2c.
791 2506 109 39 Jan.
935 2506 55 39 31;
1055 2504 79 40 aff.
1171 2505 108 39 Jan.
1314 2504 82 47 29;
1432 2506 40 37 A
1506 2504 170 48 79430;
1714 2505 256 40 Economic
2005 2506 175 41 forum,

253 2563 89 40 inc.
414 2562 249 49 (35-2193)

181 2666 347 53 Tennessee.
603 2667 277 65 Supreme
911 2671 175 48 court.

178 2757 2002 146 Reports of cases argued and determined … Western division, April term, 1934. Eastern division, September term, 1933.
186 2912 222 53 Middle
437 2913 266 65 division,
735 2912 309 54 December
1071 2920 161 47 term,
1267 2916 150 51 1933.
1486 2914 126 65 Roy
1644 2916 76 51 H.
1756 2914 216 65 Beeler,

187 2919 1969 138 attorney-general
583 2992 112 51 and
728 2996 259 62 reporter.
1069 3010 51 33 v.
1157 2992 114 52 167.
1342 2992 317 65 Columbia,
1689 2993 135 63 Mo.,
1858 2994 66 50 E.
1958 2994 65 50 F.
184 2992 1971 142 Stephens
389 3070 334 66 publishing
752 3088 77 34 co.
867 3103 12 33 [
885 3076 17 20 c
908 3073 150 62 1934]

257 3157 151 46 xxxii,
438 3157 87 40 814
550 3168 41 37 p.
649 3157 56 38 22½
737 3160 44 19 cm
786 3188 8 7 .

193 3224 51 52 ©
268 3228 117 40 Nov.
412 3228 69 48 15,
508 3227 140 48 1934;
677 3228 65 40 2c.
771 3229 117 39 Nov.
916 3228 82 45 10;
1027 3227 80 41 aff.
1136 3228 108 40 Jan.
1271 3227 69 49 25,
1366 3227 140 47 1935;
1534 3229 42 39 A
1603 3228 170 47 86212;
1803 3228 198 41 Central
2030 3232 153 39 states

259 3286 121 39 book
408 3295 64 30 co.

189 3385 272 65 Virginia
491 3389 110 51 and
637 3389 182 54 South
849 3395 221 47 eastern
1101 3390 201 66 digest,
1333 3389 269 67 covering
1632 3390 77 51 all
1736 3409 150 35 cases
1917 3391 265 65 reported

258 3465 62 52 in
350 3465 269 68 Virginia
654 3472 238 61 reports,
929 3468 183 55 South
1145 3473 222 47 eastern
1400 3473 257 60 reporter
1691 3468 112 52 and
1837 3467 227 53 various
260 3488 1897 121 reports
451 3545 63 51 of
551 3543 182 55 South
767 3549 221 48 eastern
1019 3550 172 51 states
1226 3545 152 51 from
1413 3545 227 53 earliest
1672 3546 182 65 times,
1887 3546 140 52 with
259 3565 1900 109 current
414 3622 341 52 cumulative
788 3623 201 66 pocket
1021 3624 208 52 service
1261 3623 247 67 keeping
1537 3624 94 52 the
1664 3624 185 66 digest
1883 3623 211 67 always
2124 3629 59 47 to

263 3697 145 67 date,
446 3699 75 67 by
559 3699 97 52 the
692 3700 338 67 publisher’s
1070 3701 266 52 editorial
1373 3699 149 55 staff.
1597 3701 269 54 Volumes
1905 3705 116 49 5-8.
2100 3702 81 54 St.

261 3774 1037 71 Paul, West publishing co. [ c 1935]
263 3861 27 38 4
317 3873 42 28 v.
413 3862 54 40 26
471 3865 44 20 cm
519 3892 8 8 .

266 3931 71 40 On
363 3942 165 30 cover:
558 3933 112 40 1729
700 3936 47 38 to
777 3936 123 38 dace.

267 3988 133 48 “Key
427 3991 201 38 number
657 3991 223 49 system.”
