2526 4384
1273 4049 100 50 308

376 536 66 41 At
464 536 124 39 head
612 535 52 40 of
686 534 110 41 title:
849 535 104 41 The
974 534 345 49 Metropolitan
1344 544 217 31 museum
1587 534 55 41 of
1664 535 93 40 art.

378 590 93 42 “Of
497 592 99 41 this
622 590 122 43 book
769 590 131 48 1,000
924 592 158 48 copies
1109 602 126 32 were
1257 591 209 48 printed,
1497 591 262 47 February,
1787 589 158 42 1935.”

377 647 374 50 Bibliography:
782 658 44 39 p.
855 648 160 42 40-42.

309 715 52 53 ©
390 720 109 40 Feb.
530 720 69 48 18,
626 719 114 42 1935;
798 720 66 41 2c.
893 722 96 39 and
1016 719 84 42 aff.
1128 722 123 39 Mar.
1279 721 29 39 4;
1364 721 41 38 A
1432 719 143 42 80777;
1635 720 350 48 Metropolitan
2010 730 222 31 museum
2258 721 52 41 of

381 779 94 46 art,
502 778 117 39 New
647 778 145 39 York.
863 777 252 49 (35-4064)

331 877 224 69 [Nilsen,
584 881 245 53 Anthon
858 880 309 55 Bernhard
1197 881 181 68 Elias]
1414 886 170 50 1855-

442 957 1462 70 … Paa livets hpislette. Oslo, Gyldendal, 1934.
383 1030 1454 51 3 p. l., [9]-245 p. illus. (incl. ports., facsims.) 22 cm .
383 1100 230 42 Author’s
644 1103 181 47 pseud.,
856 1101 136 41 Elias
1022 1102 280 46 Kræmmer,
1334 1105 53 37 at
1418 1103 124 39 head
1573 1101 51 42 of
1657 1100 121 41 title.

384 1158 168 40 Added
586 1160 114 46 t.-p.,
734 1158 280 41 illustrated:
1079 1159 152 39 Korte
1266 1168 225 30 romaner
1521 1158 80 41 fra
1636 1160 48 39 et
1716 1158 137 47 langt
1886 1156 80 41 liv.

385 1214 402 41 Reminiscences:

311 1280 1998 54 © Nov. 15, 1934; 1c. Dec. 21; A-Foreign 26544; Gyldendal Norsk
378 1342 174 50 forlag.
625 1342 251 51 (35-4124)

315 1445 258 66 [Nutter,
605 1444 253 56 William
891 1446 275 68 Herbert]
1205 1448 170 55 1874-

379 1522 1870 70 Liverpool Jarge [by] Halliday Witherspoon [pseud.] …
318 1601 253 67 [Boston,
599 1599 217 69 Square
843 1601 194 68 rigger
1066 1620 97 49 co.,
1188 1608 20 22 c
1212 1605 154 63 1933]

385 1672 113 51 [120]
536 1684 43 38 p.
640 1673 56 40 19½
728 1676 44 21 cm
776 1707 9 9 .

386 1741 209 49 “Repeal
629 1743 185 40 edition
845 1744 194 48 strictly
1073 1743 187 42 limited
1294 1746 51 39 to
1377 1743 188 49 100,000
1596 1743 173 50 copies,
1806 1744 116 40 with
1957 1753 27 30 a
2021 1743 195 49 preface
2249 1744 56 47 by

319 1797 158 50 Philip
510 1798 140 42 Hale.
713 1799 113 41 1000
871 1800 160 49 (only)
1074 1801 334 48 autographed
1442 1801 61 47 by
1538 1801 81 40 the
1652 1801 192 40 author.
1909 1800 141 41 Made
2084 1811 62 38 up
2178 1800 131 41 after

316 1854 137 42 those
488 1857 314 39 crustaceans
839 1856 158 41 which
1033 1867 59 39 go
1124 1856 214 42 for’ards
1373 1856 314 42 backw’rds.”
1749 1856 119 42 This
1903 1867 119 39 copy
2058 1860 84 38 not
313 1860 1982 101 autographed.

385 1966 156 44 Order
570 1969 53 41 of
650 1970 226 48 chapters
909 1970 238 41 reversed.

316 2035 52 53 ©
398 2039 129 49 Sept.
555 2039 69 47 16,
654 2039 141 48 1933;
824 2039 69 41 2C.
921 2039 95 41 and
1045 2039 82 40 aff.
1157 2039 110 40 Jan.
1295 2039 71 47 26,
1396 2037 142 49 1935;
1568 2039 41 39 A
1637 2038 170 48 80229;
1843 2040 186 48 Square
2056 2038 160 50 rigger
2243 2050 68 30 co.

388 2097 280 48 [Copyright
700 2097 46 39 is
774 2097 205 40 claimed
1010 2107 64 29 on
1106 2097 209 48 preface]
1388 2095 251 50 (35-4043)

318 2195 326 56 Oklahoma
677 2199 186 67 digest
897 2200 111 52 and
1041 2204 211 48 statute
1283 2199 240 65 service;
1560 2218 30 33 a
1623 2199 209 53 service
1866 2197 185 55 which
387 2198 1899 133 supplements

604 2279 98 52 the
737 2276 186 70 digest
961 2278 112 53 and
1109 2281 212 50 statute
1358 2277 378 54 annotations,
1810 2282 135 63 part
2002 2278 128 53 I—A
390 2294 1897 127 complete
571 2355 188 68 digest
787 2356 76 52 of
881 2357 95 52 the
1009 2363 226 46 current

1267 2356 322 55 Oklahoma
1620 2373 165 36 cases,
1856 2361 133 61 part
2065 2356 245 52 II—Notes

385 2438 61 49 to
473 2433 398 53 constitutions
901 2433 218 54 revised
1150 2438 237 48 statutes
1419 2434 111 51 and
1561 2435 210 52 session
1800 2434 153 52 laws.
2019 2433 292 68 Prepared

389 2510 76 68 by
496 2510 209 54 Daniel
733 2513 89 53 W.
858 2511 283 67 Crockett,
1175 2509 236 55 assisted
1442 2512 76 66 by
1549 2512 96 53 the
1675 2510 338 68 publisher’s
2046 2510 266 54 editorial

389 2585 149 58 staff.
613 2592 135 48 1934
781 2589 212 52 annual
1027 2591 238 50 volume.
1337 2588 417 68 Indianapolis,
1788 2590 121 53 The
387 2589 1900 131 Bobbs-Merrill
513 2685 279 48 company
825 2670 191 63 [c1935]

388 2751 517 50 1 p. l., 535 p. 26 cm .
321 2818 52 53 ©
403 2823 120 38 Mar.
554 2822 70 49 15,
653 2820 114 42 1935;
824 2821 68 41 2c.
922 2823 121 39 Mar.
1075 2820 83 49 29;
1190 2820 83 41 aff.
1305 2822 122 39 Mar.
1456 2821 83 47 18;
1572 2820 42 40 A
1642 2820 171 48 82245;
1847 2817 368 44 Bobbs-Merrill
2245 2828 69 33 co.

317 2938 454 65 Pennsylvania.
849 2941 221 52 Courts.

390 3016 247 53 District
668 3017 113 53 and
814 3021 210 63 county
1056 3021 238 64 reports,
1327 3015 334 69 containing
1692 3035 148 35 cases
1872 3016 234 53 decided
2139 3016 60 52 in
2234 3016 77 53 all

323 3093 1926 68 the judicial districts of the state of Pennsylvania, v. 18 …
319 3171 425 68 Philadelphia,
775 3173 119 51 The
923 3174 179 66 Legal
1130 3172 407 68 intelligencer,
1570 3176 150 49 1933.

394 3258 136 49 xviii,
559 3259 87 40 809
669 3270 43 38 p.
770 3259 60 40 23
830 3261 44 21 cm
877 3290 10 9 .

325 3321 52 53 ©
400 3326 112 39 Dec.
537 3326 69 47 15,
631 3325 140 47 1933;
798 3324 68 42 2c.
891 3326 96 40 and
1013 3325 81 40 aff.
1121 3326 120 39 Mar.
1267 3324 68 48 23,
1362 3323 140 48 1935;
1532 3326 41 38 A
1597 3324 169 47 81162;
1796 3325 147 47 Legal
1968 3321 345 49 intelligencer.

325 3444 221 65 [Ponet,
575 3446 169 50 Mme.
772 3444 237 52 Marthe
1040 3443 397 66 (Bordeaux)]

457 3517 1857 70 … La fête du Sacré-cœur; texte de Jeanne Danemarie
331 3598 230 67 [pseud.];
630 3598 381 53 illustrations
1046 3599 68 52 de
1146 3596 200 54 Pierre
1376 3596 298 54 Dubreuil.
1747 3595 185 67 Paris,
1965 3595 247 66 Desclée,
2249 3594 67 52 de

327 3676 274 52 Brouwer
628 3676 46 51 &
704 3675 97 53 cie.
998 3708 14 35 [1934]

395 3743 1917 53 2 p. l., 7-168 p., 1.1. incl. illus., plates. 19 ½ cm . (L’année en fêtes pour
325 3801 1430 52 nos enfants, sous la direction de Renée Zeller. [ 12])
396 3861 38 39 A
463 3862 128 48 play.

327 3925 1988 53 © May 22, 1934; 1c. Aug. 14; A- Foreign 25427; Desclée, de Brouwer &
397 3987 83 40 cie.
551 3987 249 48 (35-4081)
