2526 4384
1345 4015 100 48 228

446 476 1923 57 with the collaboration of Rev. James Gillis … Admiral
445 555 1930 70 W. S. Benson, J. J. Walsh … and many others. New York,
448 636 263 55 Catholic
741 635 148 54 book
920 653 297 52 company,
1253 638 151 50 1935.

455 722 26 40 5
509 733 43 30 v.
612 721 189 47 fronts.,
833 722 170 47 plates,
1034 723 148 46 ports.
1242 719 54 40 21
1300 722 43 21 cm
1349 752 9 8 .

455 791 72 40 On
555 801 167 30 cover:
756 790 266 41 Cathedral
1051 789 197 42 edition.

455 847 226 41 Includes
708 846 392 49 bibliographies.

733 911 94 33 CONTENTS.—I.
858 903 314 42 Catholicism
1203 903 49 40 in
1283 905 81 39 the
1393 903 220 48 building
1644 903 51 40 of
1724 904 82 39 the

1836 903 297 41 nation.—II.
383 904 1974 98 Catholicism
524 962 95 39 and
643 960 81 42 the
744 960 210 41 nation’s
976 960 147 41 social

1148 961 483 46 development.—III.
1654 960 245 41 Catholics
1925 962 47 38 in
1995 960 198 48 science,
385 962 1975 103 industry
507 1019 94 39 and
647 1017 197 41 service.
860 1040 59 6 —
936 1024 70 34 IV.
1051 1018 245 41 Catholics

1341 1018 49 39 in
1436 1019 81 39 the
1561 1018 171 39 liberal
1778 1017 311 48 professions.
2108 1040 57 5 —
2183 1024 50 33 V.
2276 1018 100 40 The

385 1074 222 41 Catholic
637 1074 327 41 contribution
995 1078 49 37 to
1076 1074 201 49 religion
1309 1076 96 39 and
1435 1074 270 41 education.

384 1143 53 53 ©
478 1148 107 39 Jan.
629 1148 41 47 5,
711 1147 141 47 1935;
895 1148 66 39 2c.
1006 1148 116 40 each
1166 1147 108 40 Feb.
1321 1147 82 47 21;
1448 1147 81 39 aff.
1573 1147 111 39 Feb.
1728 1147 82 46 23;
1855 1147 41 39 A
1939 1145 170 49 80559;
2156 1147 127 40 John
2329 1147 51 38 F.

453 1205 265 46 Eberhard,
757 1205 118 39 New
914 1205 144 39 York.
1122 1204 282 49 [Copyright
1440 1204 45 40 is
1521 1203 205 41 claimed
1765 1215 59 29 on
1866 1202 237 42 revisions
2142 1203 96 41 and
2277 1212 104 30 new

452 1261 344 50 illustrations]
869 1260 250 49 (35-3511)

383 1362 234 66 Center,
641 1362 184 57 Stella
850 1364 277 63 Stewart,
1156 1367 172 52 1878-

518 1437 1861 71 … Elements of English … by Stella S. Center … and Ethel
386 1519 1992 69 E. Holmes … bk. 1. Boston, New York [etc.] Allyn and
384 1597 192 52 Bacon
656 1601 150 63 [c1935]

454 1695 43 36 v,
522 1683 100 47 412,
649 1683 25 40 6
702 1694 42 36 p.
801 1685 87 38 col.
914 1683 165 49 front.,
1105 1683 144 48 illus.,
1275 1682 179 49 diagrs.
1513 1683 54 40 19c
1588 1686 27 20 m
1619 1715 9 9 .

459 1751 63 40 At
548 1751 123 39 head
697 1750 51 40 of
774 1751 136 40 title:
936 1751 175 40 Junior
1137 1752 117 48 high
1282 1751 161 41 school
1472 1752 215 48 English.

459 1808 138 47 Maps
633 1818 60 28 on
728 1807 362 48 lining-papers.

387 1877 53 53 ©
466 1881 109 40 Feb.
603 1880 69 48 19,
699 1881 141 47 1935;
868 1881 67 39 2c.
963 1882 121 38 Mar.
1111 1881 53 47 2;
1194 1880 82 41 aff.
1305 1882 120 38 Mar.
1454 1882 54 46 4;
1538 1881 41 39 A
1606 1881 170 47 80767;
1805 1882 146 47 Allyu
1979 1882 37 39 &
2044 1883 176 39 Bacon.

468 1938 251 49 (35-3485)

387 2037 269 69 Chorley,
686 2040 253 54 Edward
969 2040 240 65 Clowes,
1241 2045 172 50 1865-

458 2117 122 53 The
622 2117 320 54 centennial
981 2117 222 68 history
1242 2117 66 54 of
1347 2117 169 55 Saint
1557 2117 472 55 Bartholomew’s
2070 2118 209 53 church
2324 2117 56 51 in

387 2194 1934 69 the city of New York, 1835-1935, by E. Clowes Chorley …
391 2273 157 68 [New
578 2272 179 70 York,
786 2279 19 22 c
810 2276 133 51 1935]

458 2362 99 46 xix,
582 2361 86 40 435
691 2371 43 38 p.
788 2360 163 47 front.,
978 2362 171 47 plates,
1176 2362 148 47 ports.
1380 2360 56 39 24
1439 2362 44 21 cm
1487 2391 9 9 .

460 2430 375 49 Bibliography:
868 2441 40 38 p.
940 2431 216 40 415-418.

392 2497 53 53 ©
484 2502 109 39 Jan.
631 2501 70 46 10,
738 2500 140 48 1935;
917 2501 68 39 2c.
1025 2501 108 39 Feb.
1172 2500 83 47 27;
1295 2499 82 41 aff.
1417 2500 109 39 Feb.
1565 2501 82 45 25;
1688 2500 40 39 A
1764 2500 171 46 80614;
1976 2500 190 47 Rector,
2204 2500 181 39 church

461 2560 225 38 wardens
719 2559 96 38 and
845 2560 277 45 vestrymen
1156 2558 53 39 of
1245 2558 65 40 St.
1348 2556 401 41 Bartholomew's
1784 2557 181 40 church
1999 2557 53 38 in
2084 2556 84 41 the
2199 2556 99 47 city
2333 2557 54 40 of

458 2616 117 39 New
600 2615 145 48 York,
771 2615 119 40 New
915 2615 143 39 York.
1129 2613 250 48 (35-3556)

390 2714 269 65 Clausen,
691 2717 175 54 Clara
894 2717 294 64 Augusta.

464 2791 1919 70 Steps in creative poetry, by Clara A. Clausen … St. Cloud,
389 2870 203 67 Minn.,
623 2870 121 53 The
773 2871 188 52 Times
992 2870 333 69 publishing
1353 2887 296 51 company,
1682 2873 150 51 1934.

461 2943 788 48 3 p. l., vii p., 2 l., 88 p. 23 cm .
463 3013 279 40 Half-title:
770 3014 41 38 A
838 3014 123 40 book
983 3014 79 39 for
1089 3016 168 46 poetry
1284 3015 173 38 lovers.

394 3077 53 53 ©
471 3083 118 39 Nov.
613 3082 70 49 19,
708 3082 142 49 1934;
878 3083 67 40 2c.
971 3084 97 39 and
1092 3083 81 40 aff.
1200 3084 112 39 Dec.
1339 3082 83 48 29;
1450 3083 44 40 A
1517 3083 171 47 78943;
1717 3082 50 41 C,
1793 3083 54 39 A.
1878 3082 222 48 Clausen,
2130 3080 253 50 Brainerd,

464 3139 148 40 Minn.
711 3140 250 47 (35-3565)

393 3242 227 66 Collier,
647 3244 254 54 William
929 3246 169 54 Ross.

464 3319 122 54 The
617 3320 163 69 reign
810 3320 65 54 of
910 3321 194 69 Soapy
1139 3320 208 70 Smith,
1378 3321 272 53 monarch
1686 3320 64 54 of
1782 3321 234 54 misrule
2052 3321 59 52 in
2144 3321 97 52 the
2275 3321 108 51 last

394 3397 142 68 days
564 3397 65 54 of
657 3399 96 53 the
781 3400 97 52 old
903 3399 162 55 West
1091 3400 112 52 and
1229 3399 99 53 the
1353 3398 292 54 Klondike
1673 3399 136 67 gold
1838 3398 154 67 rush,
2021 3397 77 68 by
2126 3396 258 56 William

395 3475 144 53 Ross
585 3474 214 55 Collier
843 3478 114 52 and
1001 3476 210 54 Edwin
1255 3474 201 57 Victor
1500 3476 312 66 Westrate;
1859 3475 325 53 illustrated
2232 3473 148 54 from

394 3552 411 68 photographs.
872 3552 233 56 Garden
1139 3552 151 70 City,
1321 3553 71 54 N.
1425 3553 92 68 Y.,
1547 3552 356 68 Doubleday,
1932 3552 199 53 Doran
2161 3553 47 51 &
393 3569 1968 129 company,
595 3627 126 71 inc.,
753 3632 151 52 1935.

472 3701 1159 49 vi p., 2 l., 299 p. front. (port.) plates. 20½cm.
471 3766 288 41 Illustrated
789 3767 357 49 lining-papers.

472 3822 163 42 “First
661 3823 225 43 edition.”

397 3888 53 53 ©
478 3893 107 40 Feb.
614 3894 68 46 15,
709 3894 113 39 1935;
878 3893 66 41 2c.
972 3895 96 39 and
1094 3894 80 39 aff.
1203 3895 109 39 Feb.
1341 3895 80 45 28;
1452 3895 43 37 A
1518 3892 169 41 79888:
1718 3893 297 46 Doubleday,
2043 3894 164 37 Doran
2237 3892 35 39 &
2300 3900 53 30 co
2373 3922 9 16 ,

467 3949 90 41 inc.
627 3950 249 47 (35-3509)
