2424 4375
1208 4104 133 48 1344

354 564 130 47 xxvi,
514 563 89 42 480
629 574 43 38 p.
731 565 163 48 front.,
926 565 142 47 illus.,
1101 565 153 46 diagr.
1315 563 145 43 19½cm.

289 620 52 53 ©
367 625 128 47 Sept.
516 623 40 49 9,
580 624 140 46 1935;
745 624 67 40 2c.
839 624 126 47 Sept.
989 624 82 39 11:
1098 623 81 40 aff.
1208 624 124 47 Sept.
1358 622 53 39 12:
1465 624 40 38 A
1527 624 170 45 77515;
1724 624 56 39 D.
1805 622 473 49 Appleton-Century

359 692 81 36 co.,
466 681 90 40 inc.
627 680 279 49 (35-17506)

289 762 266 64 Hughes,
579 764 135 62 Ray
740 763 250 64 Osgood,
1020 767 171 50 1879-

356 836 1923 71 The making of today’s world, by R. O. Hughes … Boston,
286 916 135 53 New
452 915 162 54 York
754 949 28 34 [etc.]
814 915 179 70 Allyn
1022 916 111 52 and
1160 916 192 53 Bacon
1424 918 151 65 [c1935]

357 987 100 49 viii,
494 986 71 51 [2],
598 986 98 50 807,
728 987 60 40 25
818 998 43 38 p.
921 988 86 42 col.
1038 987 163 48 front.,
1236 988 142 48 illus.,
1414 989 86 40 col.
1536 989 169 48 plates,
1741 998 136 38 maps
1905 990 135 47 (part
2071 989 198 48 double)

286 1043 55 40 21
345 1046 44 22 cm
393 1075 9 9 .

357 1101 287 40 Illustrated
671 1101 362 47 lining-papers.

358 1154 196 44 “Places
584 1157 80 40 for
694 1158 195 40 further
922 1158 226 46 reading”
1183 1160 52 38 at
1264 1159 92 39 end
1388 1159 52 39 of
1472 1160 119 39 each
1624 1159 121 40 unit.

291 1214 52 53 ©
378 1219 126 47 Sept.
535 1218 68 47 10,
637 1216 139 48 1935;
810 1217 67 40 2c:
911 1217 129 48 Sept.
1069 1217 83 47 24;
1187 1216 82 41 aff.
1304 1218 128 46 Sept.
1463 1216 83 48 25;
1581 1218 40 38 A
1655 1218 168 46 87243;
1859 1218 145 48 Allyn
2037 1219 37 40 &
2104 1219 174 39 Bacon.

369 1274 279 49 (35-17504)

286 1350 185 64 Hunt,
498 1349 224 54 Walter
748 1350 284 63 Bernard,
1062 1355 171 49 1888-

358 1425 170 70 Sixty
565 1424 313 70 alphabets,
911 1426 75 68 by
1018 1427 90 53 W.
1144 1427 123 50 Ben
1299 1426 168 53 Hunt
1503 1427 112 52 and
1652 1426 107 53 Ed.
1797 1425 61 54 C.
1894 1425 183 53 Hunt.

286 1426 1971 145 Milwaukee,
554 1504 140 53 New
718 1502 161 54 York
1015 1538 29 33 [etc.]
1074 1504 120 53 The
1216 1505 184 52 Bruce
1423 1502 333 70 publishing
1779 1520 277 53 company
2263 1536 12 34 [c1935]

358 1577 87 41 120
475 1589 42 37 p.
578 1577 128 40 illus.
765 1577 60 40 26
825 1580 43 21 cm
872 1609 8 8 .

360 1635 128 38 “The
521 1634 309 47 predecessor
862 1634 52 40 of
943 1634 99 39 this
1074 1634 134 46 book,
1241 1633 136 47 Fifty
1408 1634 268 47 alphabets,
1709 1643 100 30 was
1839 1643 52 30 so
1923 1634 109 39 well
2064 1635 215 40 received

291 1690 107 40 that
431 1689 83 40 the
548 1690 203 39 authors
787 1688 194 42 devised
1015 1693 81 36 ten
1128 1699 132 30 more
1294 1689 255 48 alphabets
1583 1691 48 39 to
1666 1691 195 45 enlarge
1897 1691 81 39 the
2013 1700 138 38 scope
2184 1693 96 39 and

287 1745 302 48 helpfulness
619 1747 51 39 of
699 1745 98 41 this
824 1756 105 29 new
957 1745 419 40 edition.”—Pref.

290 1799 54 52 ©
374 1803 117 48 July
520 1803 70 46 25,
622 1803 140 46 1935;
796 1803 66 39 2c.
894 1803 119 46 Aug.
1045 1803 81 45 31;
1162 1802 82 40 aff.
1279 1803 124 47 Sept.
1436 1802 81 46 16;
1552 1803 41 38 A
1624 1803 169 47 86344.;
1829 1805 70 39 W.
1932 1805 54 39 B.
2019 1805 141 40 Hunt
2184 1805 97 40 and

361 1859 173 40 Edwin
570 1859 252 41 Cornelius
860 1859 150 47 Hunt,
1049 1859 152 39 Hales
1240 1859 220 48 Corners,
1500 1860 116 39 Wis.
1680 1860 282 49 [Copyright
1998 1861 44 41 is
2079 1861 203 40 claimed

364 1925 59 30 on
451 1927 107 29 new
586 1918 194 46 matter]
853 1915 278 49 (35-27275)

287 1991 259 63 Ingram,
577 1991 301 54 Christine
903 1993 228 52 Porter.

289 2065 1967 147 Education of the slow-learning child, by Christine P. Ingram … with
290 2145 1966 147 an introduction by Elise H. Martens … Yonkers-on-Hudson,
836 2223 71 52 N.
940 2223 91 67 Y.,
1061 2223 203 54 World
1294 2223 146 53 book
1470 2242 278 51 company
1964 2259 12 33 [c1935]

360 2299 83 47 xii,
471 2297 87 41 419
584 2309 42 38 p.
655 2298 109 40 incl.
791 2298 141 48 illus.,
958 2299 168 39 forms.
1186 2298 57 40 20½
1275 2301 44 20 cm
1323 2330 9 9 .

361 2355 224 41 Includes
620 2355 388 48 bibliographies.

292 2409 52 53 ©
378 2414 126 47 Sept.
536 2413 68 46 10,
637 2411 140 49 1935;
811 2413 66 39 2c.
913 2412 127 48 Sept.
1072 2413 54 39 13;
1191 2412 78 39 aff.
1308 2413 127 47 Sept.
1468 2412 81 47 12;
1584 2414 41 38 A
1657 2412 169 48 86285;
1862 2414 166 39 World
2059 2415 123 39 book
2212 2426 67 30 co.

373 2470 279 48 (35-17534)

290 2544 276 64 Jackson,
601 2545 259 63 Eugene.

361 2618 1916 69 New approach to French, by Eugene Jackson … and I. A.
292 2695 1987 68 Schwartz … illustrated by Juanita Piccoli … New York,
294 2772 249 68 Chicago
588 2779 136 61 [etc.]
766 2771 341 69 Longmans,
1146 2771 183 54 Green
1369 2774 111 52 and
1519 2788 293 52 company,
1851 2776 149 48 1935.

360 2844 129 47 xxvi,
522 2842 83 41 381
641 2854 43 37 p.
745 2844 127 39 illus.
900 2842 133 48 (incl.
1068 2842 161 49 maps)
1297 2842 57 41 19½cm.

361 2901 139 46 Maps
529 2910 59 29 on
615 2900 362 47 lining-papers.

359 2957 225 40 Includes
615 2958 166 39 music.

363 3014 161 40 “First
553 3011 225 42 edition.”

295 3069 1982 52 © Sept. 11, 1935; 2c. and aff. Sept. 20; A 87109; Longmans, Green & co.
372 3129 279 48 (35-17515)

289 3197 281 64 Johnsen,
598 3196 157 54 Julia
783 3195 212 65 Emily,
1026 3214 178 48 comp.

425 3270 1849 69 … Socialization of medicine, compiled by Julia E. Johnsen.
295 3349 134 52 New
461 3348 178 68 York,
670 3349 120 51 The
820 3349 74 50 H.
929 3348 85 52 W.
1047 3347 219 54 Wilson
1297 3366 295 51 company,
1626 3351 148 50 1935.

359 3420 86 40 335
468 3430 43 37 p.
571 3419 57 40 20
628 3422 46 21 cm
678 3451 9 9 .
757 3419 122 48 (The
906 3418 245 41 reference
1177 3419 140 48 shelf,
1343 3430 40 30 v.
1412 3420 68 48 10,
1505 3430 74 30 no.
1606 3421 50 46 5)

362 3476 1869 50 “This number of the Reference shelf supplements … [vol. VII, no. 1]
291 3532 51 39 of
364 3534 86 42 the
481 3543 131 30 same
642 3533 108 40 title
782 3533 232 46 compiled
1047 3533 59 46 by
1138 3533 147 38 Edith
1319 3534 62 38 M.
1413 3533 187 48 Phelps,
1634 3532 249 48 published
1921 3535 47 37 in
2000 3534 271 42 December,

291 3588 403 41 1930.”—Introd.

360 3645 375 47 Bibliography:
763 3655 44 37 p.
839 3643 187 50 [41]-83.

295 3700 51 52 ©
374 3705 117 47 Aug.
522 3705 68 46 22,
621 3704 112 40 1935;
791 3704 68 39 2c.
888 3704 119 46 Aug.
1037 3702 81 42 30;
1152 3702 81 39 aff.
1264 3703 118 46 Aug.
1413 3702 98 40 29;.
1527 3704 40 37 A
1598 3703 169 42 86116;
1800 3704 59 38 H.
1892 3705 70 38 W.
1994 3702 183 41 Wilson
2206 3712 63 31 co.

373 3760 278 48 (35-17343)

288 3827 204 62 Joslin,
524 3826 205 52 Elliott
759 3827 260 61 Proctor,
1055 3831 170 48 1869-

360 3898 1849 68 The treatment of diabetes mellitus, by Elliott P. Joslin …
292 3974 1976 69 with the cooperation of Howard F. Root, M. D., Priscilla
