2526 4384
1148 4022 101 50 221

175 402 273 63 Penrose,
477 398 261 65 Stephen
767 395 252 65 Beasley
1045 393 280 66 Linnard,
1356 397 173 51 1864-

241 466 1866 77 Whitman, an unfinished story, by Stephen B. L. Penrose …
174 554 376 55 illustrations
582 552 76 70 by
690 552 209 52 Ernest
930 549 195 69 Ralph
1159 547 264 70 Norling.
1492 545 193 56 Walla
1716 543 211 69 Walla,
1957 540 216 68 Wash.,

174 631 295 55 Whitman
497 628 335 71 publishing
860 646 78 35 co.
1151 659 13 35 [c1935]

248 696 1046 56 ix, 256 p. incl. front. (port.) illus. 23½cm.
180 754 1994 60 © Jan. 23, 1935; 2c. Feb. 21; aff. Feb. 23; A 79782; S. B. L. Penrose,
244 821 159 39 Walla
436 820 174 46 Walla,
643 818 162 40 Wash.
877 814 250 51 (35-3307)

179 924 245 66 Rapeer,
451 922 181 55 Louis
656 920 151 65 Win,
837 923 171 53 1879-

250 991 1927 77 How to think, by Louis Win Rapeer … bk. 1. The thinking
181 1079 237 55 technic.
492 1077 404 69 Washington,
935 1080 73 50 D.
1050 1077 82 66 C.,
1170 1076 122 53 The
1332 1074 282 54 Research
1653 1072 339 69 publishing
179 1090 1973 137 company
368 1190 13 34 [
383 1163 23 21 c
409 1160 151 63 1935]

250 1231 100 47 viii,
379 1230 89 40 160
492 1240 42 38 p.
590 1228 55 40 22
649 1231 46 21 cm
698 1260 8 8 .

183 1279 1809 59 © Feb. 15, 1935; 2c. and aff. Feb. 16; A 80467; Research pub. co.
262 1344 250 50 (35-3328)

181 1433 315 67 Robinson,
528 1435 161 52 Tom.

255 1512 249 67 Trigger
540 1510 203 57 John’s
783 1529 147 48 sons,
969 1510 77 67 by
1084 1511 147 52 Tom
1269 1506 310 56 Robinson.
1656 1508 139 53 New
1835 1505 181 69 York,
2056 1506 124 52 The

182 1589 220 69 Viking
431 1608 175 49 press,
640 1591 150 50 1934.

282 1663 30 47 vi,
342 1662 90 41 270
457 1673 43 37 p.
558 1661 149 41 front.
765 1661 56 39 21
825 1663 44 21 cm
873 1691 8 9 .

249 1719 371 48 Lining-papers
649 1718 283 40 illustrated
963 1717 50 39 in
1045 1718 169 40 colors.

187 1768 1995 59 © Nov. 5, 1934; 2c. Nov. 7; aff. Nov. 6; A 77119; Thomas P. Robinson,
249 1834 196 40 Boston.
517 1830 279 51 (35-27094)

185 1921 172 67 Roos,
387 1919 247 58 Charles
659 1920 335 66 Frederick,
1025 1925 169 51 1901-

259 1996 283 70 Dynamic
568 1996 335 69 economics;
931 1994 329 57 theoretical
1288 1997 113 53 and
1430 1992 305 58 statistical
1759 1992 213 55 studies
1998 1990 65 56 of

190 1991 1970 154 demand, production and prices, by Charles Frederick Roos …
191 2150 422 71 Bloomington,
646 2152 146 67 Ind.,
823 2152 119 52 The
976 2150 296 69 Principia
1304 2167 174 53 press,
1507 2150 109 53 inc.
1653 2183 14 35 [
1670 2154 19 23 c
1694 2151 135 50 1934
1833 2181 15 36 ]

260 2224 96 48 xvi,
395 2223 87 41 275
516 2235 43 37 p.
634 2224 178 47 diagrs.
888 2223 56 40 26
946 2224 44 23 cm
995 2254 9 9 .
1088 2221 300 52 (Half-title:
1425 2223 325 49 Monographs
1790 2222 52 40 of
1878 2223 83 39 the
1998 2222 185 41 Cowles

191 2281 305 41 commission
525 2281 78 40 for
632 2281 224 40 research
885 2281 50 39 in
961 2279 280 43 economics,
1301 2289 76 33 no.
1405 2280 50 49 1)

188 2336 53 55 ©
265 2343 112 39 Dec.
405 2342 39 46 5,
470 2340 142 48 1934;
639 2341 68 40 2c.
733 2342 109 38 Jan.
867 2340 71 48 28,
964 2339 142 49 1935;
1133 2352 84 28 aff.
1246 2340 110 40 Jan.
1381 2339 84 49 26;
1493 2339 44 39 A
1561 2338 171 48 80230;
1760 2336 247 50 Principia
2035 2347 151 39 press,

254 2397 92 42 inc.
416 2396 251 51 (35-3292)

189 2485 181 68 Rusk,
399 2487 256 55 William
684 2489 200 64 Sener,
917 2492 171 50 1892-
1298 2487 86 54 ed.

258 2564 267 55 Methods
557 2565 64 53 of
655 2566 265 66 teaching
951 2564 97 54 the
1079 2564 108 54 fine
1221 2570 134 61 arts,
1388 2563 191 54 edited
1608 2563 76 66 by
1715 2562 262 55 William
2011 2560 175 56 Sener

189 2641 177 54 Rusk.
436 2640 219 70 Chapel
689 2643 148 66 Hill,
869 2643 121 52 The
1023 2642 336 67 University
1393 2641 62 54 of
1486 2641 188 52 North
1707 2638 272 57 Carolina
2011 2657 175 49 press,

191 2722 149 52 1935.

259 2801 48 37 x,
334 2790 88 41 220
450 2802 46 37 p.
551 2790 56 40 22
610 2792 44 23 cm
658 2822 9 9 .

261 2846 42 39 A
336 2847 149 41 series
521 2847 53 41 of
606 2846 198 42 articles
837 2847 275 50 describing
1143 2847 83 41 the
1258 2847 198 41 various
1489 2847 222 41 methods
1746 2846 52 41 of
1830 2846 228 50 teaching
2090 2848 93 46 art,

191 2902 127 44 from
346 2903 348 50 kindergarten
723 2908 49 37 to
800 2905 140 40 adult
968 2914 190 39 groups.

194 2952 1993 61 © Jan. 29, 1935; 2c. Feb. 21; aff. Feb. 25; A 80590; University of North
261 3018 228 41 Carolina
521 3027 151 38 press.
743 3016 250 49 (35-3234)

193 3104 481 72 Schermerhorn,
702 3109 221 63 James,
950 3110 172 53 1865-

269 3181 488 59 Schermerhorn’s
798 3184 259 68 speeches
1099 3185 92 53 for
1231 3185 77 53 all
1350 3182 300 72 occasions,
1692 3183 299 70 including
2032 3183 152 54 “new

199 3257 1960 155 deal” speeches, by James Schermerhorn … New York, Chicago, A. L. Burt company [c1935]
272 3411 812 51 1 p. l., v-vii p., 1 l., 320 p. 21 cm.
197 3461 1994 62 © Feb. 28, 1935; 2c. and aff. Mar. 1; A 80675; A. L. Burt co. [Copyright
264 3527 43 39 is
337 3527 205 40 claimed
575 3536 60 31 on
670 3528 257 48 appendix]
1000 3526 249 49 (35-3345)

198 3615 410 67 Sherbowsky,
639 3617 209 56 David.

273 3691 95 54 An
419 3692 214 55 outline
683 3694 64 53 of
798 3692 607 71 behaviorology—the
1456 3694 364 68 psychology,
1876 3694 69 68 by
1997 3694 188 52 David

204 3767 391 71 Sherbowsky.
671 3773 136 51 New
841 3774 176 65 York,
1048 3776 148 49 1935.

274 3841 87 42 119
388 3852 43 38 p.
491 3841 178 50 diagrs.
729 3843 52 39 21
787 3846 43 21 cm
835 3878 10 8 .

203 3890 1987 62 © Feb. 15, 1935; 2c. and aff. Feb. 21; A 80533; D. Sherbowsky, Brooklyn.
277 3956 248 48 (35-3327)
