2526 4384
1338 4079 98 48 140

395 451 262 68 Nicolay,
688 453 204 64 Helen,
925 459 171 50 1866-

466 528 171 71 Sixty
687 548 163 50 years
902 530 64 53 of
1017 532 95 51 the
1162 530 268 69 Literary
1482 530 228 69 society,
1762 530 77 70 by
1891 531 185 52 Helen
2130 530 256 69 Nicolay.

393 607 400 69 Washington,
818 608 71 52 D.
922 607 80 68 C.,
1028 608 157 52 Priv.
1213 609 195 67 print.,
1436 612 151 49 1934.

463 682 437 50 35, [1 ] p. 24½cm.
467 739 129 41 “One
628 740 220 39 hundred
880 741 95 38 and
1006 739 112 47 fifty
1148 738 163 48 copies
1341 749 125 30 were
1498 739 193 48 printed
1724 739 80 39 for
1837 740 80 39 the
1951 739 224 48 Literary
2209 738 181 49 society

396 799 52 37 of
483 795 320 49 Washington
842 795 50 40 in
928 795 235 48 January,
1200 794 128 49 1935,
1368 797 60 46 by
1466 797 59 38 H.
1564 797 49 38 L.
1653 796 35 39 &
1723 797 42 39 J.
1807 797 51 38 B.
1901 796 255 47 McQueen,
2198 796 103 46 inc.,
2339 797 51 39 of

398 854 330 47 Washington,
759 854 54 38 D.
844 852 78 41 C.”

467 911 135 41 “List
627 911 52 40 of
705 909 265 41 members”
989 920 10 30 :
1028 921 42 37 p.
1099 910 156 40 23-35.

399 978 51 51 ©
477 982 108 39 Jan.
612 980 70 48 26,
709 980 141 46 1935;
878 980 65 40 2c.
974 982 95 38 and
1097 980 80 39 aff.
1206 981 108 38 Jan.
1343 980 82 42 26;
1454 981 41 38 A
1522 979 169 48 79386;
1722 981 58 38 H.
1810 981 215 46 Nicolay,
2056 977 332 48 Washington.

475 1038 249 48 (35-2633)

393 1140 183 65 Novo,
605 1139 300 67 Salvador,
939 1145 171 49 1904-

467 1216 196 53 Nuevo
695 1235 174 49 amor,
899 1218 75 66 by
1006 1216 279 57 Salvador
1316 1219 161 51 Novo;
1539 1218 312 51 translated
1886 1217 119 52 into
2037 1214 245 69 English
2312 1215 73 67 by

403 1296 162 51 Edna
621 1295 300 68 Worthley
981 1295 378 58 Underwood.
1435 1295 299 65 Portland,
1790 1296 130 57 Me.,
1979 1295 120 51 The
2157 1295 228 52 Mosher

399 1392 170 49 press,
602 1378 148 50 1935.

467 1446 57 40 26
575 1478 8 8 l.
644 1446 116 42 19cm.

469 1503 199 40 Printed
697 1514 59 28 on
783 1513 88 30 one
899 1503 103 40 side
1027 1503 52 39 of
1105 1502 99 41 leaf
1231 1504 125 46 only.

469 1560 182 40 Poems.

398 1628 51 51 ©
473 1634 107 38 Jan.
607 1631 70 47 22,
703 1631 114 40 1935;
871 1632 64 39 2c.
965 1631 109 40 Feb.
1100 1631 53 38 11;
1209 1629 81 41 aff.
1319 1631 109 39 Feb.
1455 1631 52 45 8;
1536 1631 40 38 A
1603 1629 168 48 79589;
1804 1631 42 39 S.
1874 1630 148 46 Novo,
2050 1627 187 43 Mexico
2263 1628 123 48 City.

475 1688 250 49 (35-2663)

392 1790 246 65 Osborn,
667 1788 218 56 Minott
914 1791 227 63 Augur,
1173 1794 171 50 1884-
1555 1790 86 53 ed.

470 1865 181 70 Camp
692 1865 245 69 Dudley,
976 1866 95 55 the
1109 1871 156 63 story
1305 1865 63 54 of
1405 1866 96 53 the
1537 1864 123 55 first
1699 1863 135 71 fifty
1870 1882 179 51 years,
2088 1863 188 54 edited
2315 1863 72 69 by

401 1942 1886 70 Minott A. Osborn … New York, Huntington press, 1934.
464 2013 88 41 230
578 2025 28 37 p.,
661 2015 24 38 1
734 2046 8 8 l.
803 2015 128 39 illus.
992 2015 115 40 26cm.

468 2072 139 47 Maps
635 2082 59 28 on
723 2071 363 47 lining-papers.

468 2129 140 38 “Two
644 2129 241 39 thousand
918 2129 159 46 copies
1109 2128 50 40 of
1190 2129 100 40 this
1321 2129 107 40 first
1459 2129 184 40 edition
1676 2130 122 39 have
1831 2130 117 39 been
1981 2128 234 49 printed.”

466 2185 250 40 Half-title
734 2195 9 29 :
787 2185 150 48 Camp
975 2185 202 47 Dudley,
1220 2186 480 46 Westport-on-Lake
1739 2185 302 49 Champlain,
2082 2186 117 39 New
2239 2185 143 48 York,

398 2243 78 38 the
505 2242 154 39 oldest
688 2242 257 46 organized
972 2251 139 38 camp
1134 2241 87 39 for
1240 2242 130 46 boys.

396 2297 1971 106 “Camp Dudley golden jubilee celebration … Minott A. Osborn, chairman.”—p. 16.
395 2426 51 51 ©
474 2432 119 37 Mar.
620 2431 68 45 15,
714 2428 113 41 1934;
882 2428 66 41 2c.
975 2430 95 38 and
1098 2428 78 40 aff.
1205 2429 116 38 Nov.
1348 2428 59 40 26;
1458 2428 80 40 aff.
1568 2430 109 38 Jan.
1702 2429 70 40 30.
1801 2428 112 40 1935
1932 2440 8 30 :
1971 2429 40 38 A
2036 2428 141 40 79433;
2234 2428 151 48 Camp

463 2488 202 45 Dudley,
693 2487 116 38 New
834 2486 143 39 York.
1049 2485 278 45 (34-27136)

389 2588 206 64 Parry,
630 2588 206 53 Edwin
869 2587 262 64 Francis,
1167 2592 169 50 1860-
1548 2606 179 48 comp.

469 2663 214 57 Stories
727 2665 171 54 about
940 2666 216 65 Joseph
1201 2664 207 66 Smith,
1452 2666 93 51 the
1591 2666 271 66 prophet;
1907 2684 31 33 a
1981 2665 294 54 collection
2318 2666 61 51 of

396 2740 1982 69 incidents related by friends who knew him … Compiled by
398 2818 207 54 Edwin
647 2822 65 52 F.
753 2822 202 65 Parry.
1033 2820 124 54 Salt
1196 2820 154 53 Lake
1392 2820 151 67 City,
1583 2821 176 65 Utah,
1800 2822 119 51 The
1958 2822 233 51 Deseret
2230 2839 148 34 news

396 2916 172 49 press,
601 2901 148 50 1934.

464 2969 85 40 192
580 2981 43 37 p.
682 2970 129 41 illus.
870 2970 145 43 15½cm.

469 3025 67 40 “A
566 3024 282 48 companion
879 3028 189 38 volume
1100 3030 47 36 to
1178 3026 194 47 ‘Joseph
1406 3024 196 43 Smith’s
1631 3026 306 46 teachings’.”

395 3080 51 51 ©
471 3085 110 39 Dec.
607 3083 69 47 22,
701 3083 114 41 1934;
865 3084 66 40 2c.
960 3085 108 38 Jan.
1094 3085 39 45 3,
1159 3084 115 39 1935;
1328 3083 80 40 aff.
1436 3084 110 39 Feb.
1572 3085 26 37 4;
1654 3084 40 38 A
1720 3083 141 40 79026;
1919 3085 50 37 E.
2000 3084 49 37 F.
2077 3084 168 45 Parry,
2276 3084 104 39 Salt

460 3141 130 38 Lake
617 3140 122 47 City.
811 3141 249 48 (35-2674)

391 3242 333 65 Patterson,
754 3243 236 54 Samuel
1017 3245 272 62 Howard,
1322 3249 169 49 1892-

466 3318 186 54 Social
688 3326 216 60 aspects
938 3319 63 52 of
1033 3319 293 68 industry;
1360 3336 30 34 a
1426 3337 201 51 survey
1661 3318 64 54 of
1756 3319 160 52 labor
1951 3317 282 69 problems
2267 3319 112 52 and

394 3394 1982 71 causes of industrial unrest, by S. Howard Patterson … 2d ed.
397 3472 136 52 New
584 3471 161 53 York
790 3473 108 51 and
949 3473 254 66 London,
1251 3472 421 54 McGraw-Hill
1723 3472 144 54 book
1914 3490 292 50 company,
2254 3471 108 54 inc.,

396 3552 150 49 1935.

464 3621 135 44 xviii,
630 3619 85 41 578
743 3630 43 37 p.
846 3620 177 47 diagrs.
1085 3620 143 41 23½cm.

465 3676 292 41 “Collateral
791 3677 227 46 reading”
1049 3679 91 38 and
1177 3678 346 40 “References”
1558 3683 50 35 at
1640 3680 90 38 end
1764 3679 50 38 of
1846 3680 115 37 each
1996 3680 211 45 chapter.

395 3732 51 51 ©
477 3737 107 39 Jan.
617 3737 68 45 18,
715 3735 115 40 1935;
887 3735 67 39 2c.
986 3737 106 38 Jan.
1122 3737 53 37 21;
1237 3736 80 40 aff.
1350 3738 94 38 Jan.
1490 3737 58 38 22;
1605 3738 43 38 A
1677 3737 141 39 80124
1837 3748 8 30 :
1878 3736 347 40 McGraw-Hill
2289 3737 88 38 book

463 3804 80 35 co.,
572 3793 90 39 inc.
732 3791 278 48 (35-27039)

386 3892 222 54 Punch.
723 3941 10 9 v.
766 3895 114 65 187,
907 3914 89 35 no.
1026 3895 151 66 4879,
1205 3897 306 52 December
1544 3900 80 63 12,
1656 3900 147 48 1934.

396 3964 1980 52 © 1c. Feb. 9, 1935; A ad int. 19960; pubd. Dec. 12. 1934 : Herbert
461 4024 231 45 Heather,
719 4024 210 39 London.
