2424 4375
1077 3995 101 55 781

129 376 1984 69 Chesterfield, Philip Dormer Stanhope, 4 th earl of , 1694-1773.
252 452 1862 72 … Letters and other pieces, selected and edited by Richmond
126 529 1964 150 P. Bond … Garden City, N . Y., Doubleday, Doran & company, inc. [c1935]
197 678 1922 53 lvii, 321 p. front. (port.) 18½cm. (Half-title: The Doubleday-Doran
127 741 147 39 series
299 740 48 40 in
374 740 269 51 literature,
667 739 55 41 R.
749 738 188 47 Shafer,
967 740 195 46 general
1186 738 182 48 editor)

193 797 62 40 At
283 797 123 39 head
435 796 54 39 of
516 796 107 40 title
641 806 9 30 :
680 796 328 41 Chesterfield.

197 852 160 41 “First
381 852 226 41 edition.”

198 908 243 41 “Selected
469 909 392 48 bibliography”:
888 920 45 37 p.
977 909 111 40 l-lvi.

130 964 51 52 ©
207 969 112 46 May
342 968 68 46 31,
437 967 140 42 1935;
605 968 65 40 2c.
698 968 96 39 and
819 967 80 41 aff.
926 968 129 39 June
1079 968 53 39 13;
1188 968 41 38 A
1253 966 169 47 84245;
1452 968 298 47 Doubleday,
1780 968 166 38 Doran
1971 967 36 39 &
2036 976 81 37 co.,

198 1024 88 41 inc.
357 1025 250 47 (35-8451)

131 1125 268 66 Derville,
427 1127 179 53 René.

261 1201 1638 69 … Napoléon II, 1811-1832. [Paris] Hachette [1934]
197 1276 711 49 4 p. l. , [7]-247, [1] p. 20 m .
131 1330 1992 52 © Nov. 28, 1934; 1c. Apr. 16, 1935; A-Foreign 27589; Librairie
201 1391 253 40 Hachette.
525 1389 249 48 (35-8603)

133 1480 81 51 De
244 1480 203 63 Wolfe,
477 1479 175 65 Elsie,
683 1485 170 50 1865-

206 1554 1915 70 After all, by Elsie de Wolfe … New York and London,
138 1634 224 66 Harper
388 1634 45 49 &
461 1632 274 69 brothers,
766 1636 148 50 1935.

201 1706 1379 50 x p., 1 l., 278 p., 1 l. plates, ports., facsims. 22½ cm .
194 1763 410 49 Autobiography.

198 1820 161 40 “First
387 1818 227 42 edition.”

133 1873 51 52 ©
209 1879 111 45 May
345 1878 39 46 1,
412 1876 116 41 1935;
579 1877 66 40 2c.
671 1878 112 47 Apr.
809 1877 82 48 30;
920 1877 82 40 aff.
1030 1878 114 48 May
1167 1877 53 47 3;
1250 1878 43 39 A
1317 1875 170 50 83594;
1516 1877 129 39 Elsie
1672 1878 58 38 de
1758 1876 159 41 Wolfe
1944 1876 175 48 Mendl,

200 1934 152 40 Paris.
423 1934 251 49 (35-8597)

134 2034 267 67 Dickens,
433 2036 261 64 Charles,
727 2038 323 54 1812-1870.

201 2113 51 51 A
282 2112 317 54 Christmas
631 2114 171 66 carol,
833 2113 60 52 in
927 2131 161 49 prose;
1149 2113 171 68 being
1353 2131 32 34 a
1416 2113 167 68 ghost
1614 2116 157 65 story
1804 2111 63 55 of
134 2111 1962 146 Christmas,
299 2190 74 68 by

412 2189 236 55 Charles
684 2190 277 68 Dickens;
999 2191 139 51 with
1177 2189 378 53 illustrations
1591 2190 76 68 by
1706 2189 233 55 Gordon
1978 2190 142 53 Ross

131 2268 103 51 and
268 2286 69 33 an
366 2267 388 53 introduction
779 2268 77 68 by
883 2267 251 68 Stephen
1160 2267 268 53 Leacock.
1491 2269 234 57 Boston,
1754 2267 239 53 Printed
2025 2267 95 53 for

132 2343 89 53 the
251 2345 272 52 members
556 2344 64 53 of
650 2346 94 51 the
778 2345 250 53 Limited
1060 2344 244 54 editions
1339 2345 127 53 club
1503 2351 57 47 at
1595 2345 94 53 the
1724 2345 396 69 Merrymount

133 2439 166 51 press,
329 2425 148 50 1934.

205 2494 1408 48 xi, 100 p., 1 l. col. front., illus., col. plates. 26½ cm .
206 2549 1913 51 “Fifteen hundred copies … the illustrations are by Gordon Ross,
137 2607 102 40 who
267 2609 112 39 here
410 2608 132 45 signs
559 2619 9 29 :
603 2608 191 40 Gordon
822 2608 135 41 Ross.
1016 2608 117 40 This
1163 2617 118 38 copy
1309 2609 203 40 number
1538 2609 254 47 copyright
1822 2609 154 47 copy.”

138 2661 51 52 ©
218 2667 109 39 Dec.
358 2666 68 47 19,
460 2667 113 39 1934;
634 2667 67 39 2c.
731 2669 95 38 and
859 2667 80 40 aff.
974 2669 114 45 May
1117 2668 69 47 25,
1220 2666 117 41 1935;
1396 2668 41 38 A
1467 2667 143 43 84204;
1672 2667 210 41 Limited
1915 2667 208 41 editions

205 2723 120 46 club,
367 2723 107 47 inc.,
518 2724 117 38 New
677 2723 145 39 York.
885 2723 282 48 [Copyright
1209 2724 43 39 is
1295 2723 208 40 claimed
1545 2734 62 29 on
1650 2724 330 40 introduction
2028 2725 94 38 and

203 2778 340 50 illustrations]
618 2779 250 48 (35-8460)

141 2876 344 69 Dictionary
513 2882 63 52 of
607 2881 304 53 American
940 2883 340 66 biography,
1310 2882 181 52 under
1521 2883 95 52 the
1648 2883 252 68 auspices
1933 2883 62 52 of
2026 2882 96 53 the

207 2957 303 54 American
550 2959 218 53 council
811 2958 62 53 of
915 2960 229 54 learned
1186 2961 267 52 societies.
1534 2960 213 54 Edited
1788 2961 74 67 by
1904 2962 216 51 Dumas

207 3036 1914 68 Malone … Volume 16. Robert-Seward. New York, Charles
212 3113 306 55 Scribner’s
547 3134 146 47 sons,
725 3119 147 50 1935.

207 3197 44 36 x,
277 3187 82 40 621
384 3198 43 37 p.
481 3188 59 39 26
539 3190 47 21 cm
589 3219 8 8 .

142 3238 51 52 ©
219 3244 124 40 June
371 3244 69 46 12,
471 3244 140 46 1935;
642 3244 66 40 2c.
740 3244 129 40 June
892 3244 82 47 21;
1009 3243 81 41 aff.
1121 3244 126 40 June
1275 3244 82 47 25;
1392 3246 41 38 A
1464 3245 168 47 83761;
1664 3245 145 38 Amer.
1855 3245 187 40 council
2072 3247 53 38 of

208 3300 194 41 learned
437 3300 238 49 societies,
711 3301 331 48 Washington.

141 3399 213 68 Dodge,
381 3403 256 54 Richard
666 3403 252 64 Elwood,
950 3409 169 50 1868-

213 3478 243 70 Europe,
502 3481 95 52 the
643 3482 137 52 land
826 3481 62 52 of
935 3500 102 33 our
1084 3487 282 49 ancestors
1418 3481 92 68 [by]
1581 3481 250 53 Richard
1883 3483 239 52 Elwood

146 3555 1913 71 Dodge … Earl Emmet Lackey … and William E. Grady …
146 3632 1880 72 New York, Chicago [etc.] Rand, McNally & company [ c 1935]
214 3704 79 48 vii,
333 3707 70 48 [1],
439 3708 85 39 212
558 3718 44 37 p.
638 3708 109 41 incl.
782 3708 161 48 front.,
982 3708 142 48 illus.,
1160 3719 137 37 maps
1324 3708 136 48 (part
1495 3708 196 46 double)
1737 3710 178 46 diagrs.
1976 3708 83 42 254
2063 3712 43 21 cm
2112 3742 8 9 .

156 3760 97 45 (On
278 3772 161 32 cover:
465 3764 110 48 City
603 3765 52 40 of
681 3766 118 39 New
826 3766 128 39 York
982 3766 327 47 geographies.
1370 3765 94 45 6B)

146 3813 50 51 ©
220 3820 112 47 May
352 3821 68 42 16,
445 3821 111 40 1935;
609 3822 67 39 2c.
701 3824 115 45 May
837 3822 53 38 22;
945 3822 81 39 aff.
1054 3824 113 45 May
1191 3823 58 38 20;
1300 3823 41 37 A
1366 3821 146 41 83219;
1563 3822 154 46 Rand,
1743 3823 224 46 McNally
1991 3823 38 38 &
2053 3830 67 31 co.

217 3874 277 50 [Copyright
522 3878 42 39 is
595 3877 204 41 claimed
831 3888 58 29 on
920 3877 225 48 revision,
1179 3878 249 40 reference
1460 3879 157 39 tables!
1648 3879 96 39 and
1777 3877 256 50 appendix]

223 3929 245 51 (35-8575)
