2424 4375
1062 4019 132 50 1061

223 489 86 40 408
338 500 40 37 p.
440 489 176 48 diagrs.
677 490 58 40 18½
764 492 44 22 cm
813 521 9 9 .

226 546 183 39 “Based
440 555 59 29 on
530 545 380 48 Milne-Downey
941 546 180 41 Second
1153 556 168 32 course
1351 547 48 40 in
1428 547 239 48 algebra.”

224 601 69 40 On
319 612 165 30 cover:
515 601 221 42 Without
764 612 228 32 answers.

157 654 50 52 ©
236 658 114 47 July
378 658 67 44 12,
477 657 138 47 1935;
647 658 67 41 2c.
742 660 94 38 and
865 659 81 40 aff.
977 659 114 47 July
1120 659 81 46 16;
1234 659 40 38 A
1305 658 168 47 84669;
1507 660 157 39 Amer.
1696 660 122 39 book
1848 670 66 30 co.
223 659 1900 101 [Copyright
382 714 40 40 is
452 714 203 40 claimed
691 726 60 29 on
783 715 223 48 revision]
1079 715 279 48 (35-12635)

177 801 235 67 [Nelson,
441 803 183 53 Oscar
648 803 263 53 Nordahl]
966 806 168 53 1887-

227 878 113 55 Son:
437 881 225 66 [Beloit,
687 880 158 67 Wis.,
871 888 15 21 c
893 884 151 64 1935]

242 952 340 49 [62] p. 17½ cm .
219 1010 181 39 Poems.

223 1065 1067 52 “Copyright … by O. N. Nelson.”—p. [2]
155 1119 1984 54 © June 10, 1935; 2c. and aff. July 10; A 83995; Oscar Nelson, Beloit,
225 1180 112 39 Wis.
409 1178 279 48 (35-12526)

151 1266 143 52 New
323 1267 159 52 York
517 1267 216 67 (State)
818 1268 181 67 Laws,
1028 1275 255 62 statutes,
1312 1277 99 45 etc.

222 1346 118 51 The
369 1346 385 51 consolidated
784 1347 135 51 laws
950 1346 62 52 of
1043 1348 139 51 New
1212 1347 178 68 York,
1420 1350 325 66 annotated,
1776 1368 58 35 as
1865 1350 273 52 amended

154 1428 56 46 to
244 1423 94 52 the
372 1425 143 50 close
549 1423 62 52 of
644 1423 95 52 the
769 1426 229 65 regular
1030 1424 208 53 session
1273 1425 62 52 of
1368 1427 95 51 the
1497 1427 355 67 Legislature
1889 1428 62 51 of
1988 1431 150 66 1935,

153 1500 185 53 edited
366 1500 73 67 by
466 1501 193 52 Minor
685 1502 330 67 Bronaugh,
1042 1500 234 55 assisted
1304 1504 75 67 by
1405 1505 192 67 Ralph
1628 1506 226 55 Straub,
1918 1507 146 51 book
2090 1510 47 49 3.

152 1578 292 52 Alcoholic
486 1579 271 65 beverage
800 1580 216 51 control
1057 1582 124 50 law.
1260 1582 339 67 Northport,
1640 1586 69 51 N.
1753 1586 89 63 Y.,
1885 1586 253 52 Edward

154 1655 323 66 Thompson
507 1673 295 49 company,
834 1659 146 49 1935.

221 1739 28 27 vii
325 1727 59 40 80
406 1738 40 37 p.
503 1728 55 38 24
562 1730 43 20 cm
609 1759 8 7 .

154 1780 50 52 ©
231 1784 118 47 Aug.
379 1785 38 45 5,
447 1783 138 47 1935;
615 1784 67 40 2c.
711 1785 95 39 and
835 1783 81 41 aff.
944 1785 119 47 Aug.
1092 1784 53 47 9;
1179 1786 40 37 A
1246 1785 169 50 85426;
1449 1790 209 38 Edward
1687 1790 274 47 Thompson
1991 1801 65 30 co.

157 1858 231 63 Pettitt,
417 1859 229 63 George
668 1859 73 57 A.

223 1933 73 55 So
325 1936 246 51 Boulder
597 1935 130 52 dam
752 1954 113 34 was
890 1934 162 65 built,
1077 1934 75 68 by
1177 1935 221 65 George
1424 1933 70 51 A.
1520 1930 222 54 Pettitt.
1824 1931 312 67 [Berkeley.

155 2011 188 57 Calif.,
373 2013 165 52 Press
568 2012 63 52 of
659 2013 260 67 Lederer,
952 2013 185 55 Street
1166 2015 45 50 &
1239 2011 139 52 Zeus
1408 2028 99 45 co.,
1538 2008 125 60 inc.,
1694 2015 16 21 c
1718 2013 130 49 1935]

223 2083 1160 51 2 p. l.. iii, [1], 116 p. front., plates. 21½ cm .
225 2143 127 39 Each
389 2142 199 46 chapter
622 2143 230 46 preceded
887 2142 61 47 by
983 2152 24 29 a
1046 2140 234 40 half-title
1315 2143 83 36 not
1432 2139 220 39 included
1694 2138 44 38 in
1779 2139 78 37 the
1893 2139 188 45 paging.

153 2195 50 52 ©
237 2200 127 39 June
393 2199 69 44 27,
495 2199 139 46 1935;
673 2198 66 41 2c.
774 2199 96 39 and
902 2199 80 40 aff.
1020 2199 125 39 June
1179 2197 83 47 20;
1299 2198 40 38 A
1375 2195 170 47 85110;
1586 2195 83 41 Six
1708 2194 287 48 companies,
2033 2194 104 47 inc.,

219 2256 234 47 Oakland,
485 2256 144 40 Calif.
699 2255 277 48 (35-11611)

156 2344 268 64 Richard,
453 2345 255 65 Marthe,
739 2351 167 49 1889-

282 2417 1855 72 … Ma vie d’espionne au service de la France. Paris, Les
154 2499 261 52 Editions
444 2499 69 53 de
540 2499 234 67 France,
802 2505 18 22 c
825 2501 148 50 1935.

220 2569 720 48 2 p. l., ii, 292 p., 2 l. 19 cm .
220 2626 62 40 At
307 2626 122 40 head
457 2626 52 40 of
535 2627 135 39 title:
702 2626 190 40 Marthe
919 2627 190 39 Richer.

153 2688 1903 52 © Apr. 11, 1935; 1c. May 31; A-Foreign 27996; Éditions de France.
229 2747 277 48 (35-12605)

155 2834 164 62 Rose,
348 2838 134 52 Mrs.
514 2838 171 63 Mary
713 2836 218 54 Davies
961 2837 287 66 (Swartz)
1286 2839 169 53 1874-

221 2910 167 54 Child
423 2912 281 53 nutrition
736 2931 71 34 on
840 2932 30 33 a
901 2912 331 68 low-priced
1265 2912 134 67 diet,
1431 2911 138 53 with
1605 2910 208 68 special
1849 2908 282 54 reference

156 2993 53 47 to
237 2989 90 51 the
356 2989 462 68 supplementary
848 2990 161 52 value
1040 2989 64 52 of
1130 3008 72 34 an
1231 3007 108 51 egg
1366 3009 31 33 a
1427 2989 130 68 day,
1587 2990 94 51 the
1711 2987 160 53 effect
1904 2987 62 52 of
157 2988 1949 141 adding
294 3084 206 48 orange
548 3065 146 68 juice
742 3067 111 53 and
902 3066 63 53 of
1017 3066 292 69 replacing
1354 3085 108 50 egg
1509 3066 74 69 by
1634 3065 160 65 liver,
1839 3064 73 70 by
1964 3066 166 67 Mary

156 3138 1972 73 Swartz Rose … and Gertrude M. Borgeson … New York
152 3215 129 70 city.
317 3220 274 52 Teachers
625 3221 227 68 college,
890 3220 296 54 Columbia
1227 3220 333 69 university,
1600 3223 148 49 1935.

224 3290 1910 51 xiv p., 1 l., 109 p. inch diagrs., forms. front., pl. 23½ cm . (Half-title:
155 3342 133 43 Child
315 3348 329 47 development
667 3350 332 46 monographs.
1055 3349 297 46 Monograph
1382 3359 72 33 no.
1483 3349 78 42 17)

153 3398 50 52 ©
236 3405 110 47 Apr.
378 3406 68 46 24,
479 3406 139 46 1935;
651 3407 66 40 2c.
751 3409 112 46 May
894 3407 53 40 23;
1010 3407 81 40 aff.
1127 3408 113 47 May
1270 3406 83 48 27;
1392 3408 39 38 A
1464 3407 169 46 83346;
1668 3408 243 40 Teachers
1940 3408 191 47 college,

219 3460 242 43 Columbia
492 3464 127 39 univ.
689 3464 277 47 (35-11866)

154 3546 251 66 Schulte,
436 3552 224 63 George
688 3553 259 63 Nichols,
979 3559 170 49 1901-

157 3627 1978 148 … Further studies of 7, 7'-dimethyl-8, 8'-diquinolyl: improvements in its synthesis and a study of its behavior towards
152 3780 1978 72 oxidizing and resolving agents … by Reverend George N.
154 3853 242 71 Schulte,
425 3877 65 33 m.
523 3877 40 35 s.
636 3860 399 69 Washington,
1063 3862 72 52 D.
1169 3861 81 67 C.,
1278 3861 119 53 The
1432 3860 259 56 Catholic
1721 3861 316 67 university
2068 3861 65 52 of

150 3932 277 69 America,
459 3939 149 51 1935.
