2568 4342
1155 4037 64 51 83

256 487 44 36 x,
332 477 86 40 246
449 488 42 37 p.
552 477 128 40 illus.
710 475 132 49 (incl.
875 475 174 51 ports.)
1116 477 57 39 21
1178 478 43 22 cm
1225 508 9 9 .

194 530 50 52 ©
271 534 99 41 Oct.
396 533 68 47 25,
491 533 114 41 1934;
658 534 65 39 2c.
751 534 109 39 Jan.
884 534 69 47 23,
981 532 140 48 1935;
1151 532 80 41 aff.
1260 533 111 40 Jan.
1395 534 82 47 12;
1506 535 41 39 A
1572 533 169 48 79323;

1772 534 274 48 Greenberg
259 534 1908 104 publisher,
451 591 87 40 inc.
611 589 250 51 (35-2039)

186 695 239 62 Carroll,
457 695 253 53 Eleanor
737 693 226 56 Elliott.

258 770 121 54 The
408 771 259 68 brighter
696 772 181 68 flame,
909 791 31 33 a
971 772 123 53 love
1125 777 175 62 story,
1329 772 76 67 by
1436 771 248 54 Eleanor
1715 772 210 52 Elliott
1955 772 226 54 Carroll

250 848 1304 69 … New York, N. Y., Chelsea house [ c 1935]
258 923 26 40 3
310 934 43 37 p.
414 954 8 16 l.,
451 922 203 50 [11]-253
679 934 43 37 p.
782 922 56 40 19½
870 925 44 21 cm
919 955 8 8 .

191 977 54 51 ©
267 981 108 40 Feb.
405 982 39 46 1,
470 979 139 47 1935;
639 981 66 39 2c.
736 981 95 39 and
857 979 82 41 aff.
968 980 110 39 Feb.
1108 981 53 45 7;
1191 979 42 39 A
1259 979 170 47 80360;
1460 979 202 41 Chelsea
1691 980 163 39 house.

268 1036 248 51 (35-2099)

188 1127 430 65 Chamberlain,
650 1128 229 64 George
906 1128 245 63 Agnew,
1180 1129 171 53 1879-

259 1205 138 52 Two
442 1223 72 34 on
559 1203 197 68 safari,
802 1223 31 33 a
879 1204 182 68 novel,
1107 1203 73 68 by
1229 1201 222 70 George
1495 1202 218 68 Agnew
1763 1201 419 55 Chamberlain.

194 1280 408 69 Indianapolis,
640 1280 137 53 New
815 1280 178 69 York,
1029 1280 121 55 The
1186 1279 442 53 Bobbs-Merrill
1665 1296 277 52 company
1985 1313 14 35 [
2003 1286 18 22 c
2026 1282 134 49 1935
2167 1313 12 35 ]

260 1352 26 40 3
314 1363 43 37 p.
423 1384 8 16 l.,
463 1351 145 41 9-314
637 1364 43 37 p.
740 1352 56 40 20
799 1353 44 22 cm
847 1383 10 9 .

261 1410 161 39 “First
449 1408 227 41 edition.”

194 1466 50 52 ©
277 1470 108 39 Jan.
417 1470 70 47 31,
519 1468 141 47 1935;
694 1468 66 40 2c.
794 1467 109 40 Feb.
939 1468 52 47 6;
1028 1467 81 40 aff.
1143 1467 110 40 Feb.
1287 1469 52 46 7;
1375 1468 43 39 A
1448 1467 170 48 80344;
1654 1468 52 40 G.
1741 1469 53 38 A.
1828 1466 357 49 Chamberlain,

258 1526 224 48 Quinton,
513 1527 57 38 N.
599 1526 41 40 J.
713 1524 250 49 (35-1985)

187 1616 375 65 Clendening,
591 1617 221 65 Logan,
843 1622 172 49 1884-

189 1694 1970 132 Methods of treatment, by Logan Clendening … With chapters
342 1791 72 35 on
454 1770 209 71 special
705 1773 244 68 subjects
990 1773 75 67 by
1105 1774 77 52 H.
1224 1773 62 54 C.
1326 1773 350 65 Andersson,
1772 1813 11 12 M.
1862 1813 10 10 D.;
1945 1772 238 56 Ursulla

187 1848 1995 69 Brunner, R. N.; J. B. Cowherd, M. D. … [and others] 5th ed.
189 1926 82 56 St.
299 1927 191 67 Louis,
515 1929 123 53 The
665 1931 61 54 C.
755 1929 70 54 Y.
853 1928 164 54 Mosby
1084 1946 298 49 company,
1411 1930 150 53 1935.

255 2000 86 41 879
367 2010 44 38 p.
470 2000 141 47 illus.,
644 2000 86 41 col.
828 2031 9 14 pl.,
867 2000 179 47 diagrs.
1106 1998 59 42 25
1167 2001 44 22 cm
1214 2031 10 9 .

255 2056 191 42 Earlier
473 2057 211 40 editions
709 2056 255 49 published
991 2058 156 39 under
1173 2056 136 41 title:
1339 2055 202 42 Modern
1570 2056 222 41 methods
1820 2055 54 41 of
1902 2058 277 38 treatment.

257 2113 346 41 “References”
628 2116 52 38 at
705 2115 92 39 end
822 2114 52 39 of
899 2115 119 41 each
1042 2114 203 47 chapter
1267 2114 173 47 except
1463 2115 110 39 two.

194 2168 51 51 ©
275 2173 108 39 Jan.
410 2171 39 48 2,
479 2171 141 48 1935;
649 2171 67 41 2c.
748 2172 108 40 Jan.
886 2171 53 48 9;
972 2171 79 41 aff.
1084 2172 108 40 Jan.
1225 2172 52 47 8;
1311 2172 44 39 A
1381 2171 170 48 78945;
1624 2202 9 9 C.
1664 2172 54 40 V.
1750 2172 170 47 Mosby
1950 2183 66 30 co.

268 2228 249 50 (35-2004)

188 2319 387 54 Commission
603 2336 72 36 on
705 2319 202 55 Cuban
935 2317 228 57 affairs.

259 2396 293 54 Problems
592 2396 63 53 of
693 2396 97 53 the
827 2415 123 34 new
991 2396 187 67 Cuba;
1222 2401 196 62 report
1456 2395 63 54 of
1557 2396 98 53 the
1694 2395 380 56 Commission
2112 2416 71 33 on

187 2471 198 56 Cuban
420 2472 213 70 affairs,
666 2475 304 67 Raymond
1002 2473 186 55 Leslie
1221 2475 186 65 Buell,
1439 2474 199 53 Frank
1669 2473 269 56 Whitson
1968 2475 215 67 Fetter,

187 2550 1974 148 Frank Dunstone Graham … [and others] [New York] Foreign policy association, incorporated, 1935.
259 2689 1483 64 xi p., 1 l.’ 523 p. fold. front., fold. maps, diagrs. 24 cm .
256 2756 54 41 R.
338 2758 50 40 L.
415 2758 152 47 Buell,
594 2758 265 40 chairman.

259 2813 1923 51 “A Spanish edition, entitled Problemas de la nueva Cuba … is being
189 2868 160 43 issued
376 2871 403 46 simultaneously
804 2871 121 40 with
951 2872 82 39 the
1062 2870 203 49 English
1295 2870 474 43 edition.”—Introd.

195 2924 51 51 ©
273 2929 105 40 Jan.
404 2929 69 47 27,
498 2929 141 42 1935;
665 2929 65 40 2c.
759 2929 109 40 Jan.
896 2930 82 46 18;
1006 2928 81 41 aff.
1114 2929 107 40 Jan.
1249 2928 82 48 29;
1360 2930 42 39 A
1426 2928 169 49 79418;
1626 2930 210 40 Foreicrn
1857 2930 159 49 policy
2042 2941 142 39 assn.,

259 2985 89 41 inc.
419 2985 250 49 (35-1996)

188 3075 343 64 Daughters
555 3076 66 52 of
645 3076 290 53 founders
959 3077 114 52 and
1099 3076 254 64 patriots
1382 3076 64 53 of
1474 3077 294 56 America.

257 3151 247 69 Lineage
527 3153 147 52 book
699 3154 63 53 of
788 3154 96 52 the
908 3153 273 54 National
1206 3153 210 68 society
1441 3154 63 53 of
1530 3156 327 66 Daughters
1885 3156 63 52 of
190 3156 1969 127 founders
302 3232 110 52 and
440 3232 247 67 patriots

712 3232 63 52 of
803 3230 281 55 America.
1147 3232 244 53 Volume
1557 3276 11 23 XXII,
1598 3235 148 51 1933.
1817 3234 179 66 [West
190 3234 1969 142 Somerville,
426 3312 189 65 Mass.,
645 3309 336 57 Somerville

1006 3311 266 67 printing
1297 3329 98 49 co.,
1419 3319 21 21 c
1445 3314 151 64 1934]

260 3381 85 41 179
372 3394 40 37 p.
473 3384 54 38 24
531 3386 43 21 cm
579 3414 8 8 .

263 3439 275 49 “Compiled!
565 3441 61 46 by
654 3441 115 38 Mrs.
801 3439 168 40 Frank
995 3440 50 39 L.
1077 3441 184 42 Mason,
1292 3439 221 40 national
1544 3439 249 48 registrar.
1824 3439 305 41 1931-1934.”

196 3491 51 51 ©
273 3497 109 39 Dec.
411 3497 38 46 8,
479 3496 116 40 1934;
649 3497 66 39 2c.
743 3497 110 39 Dec.
884 3495 81 48 10;
997 3496 82 40 aff.
1107 3497 111 39 Dec.
1249 3496 81 47 11;
1361 3496 42 40 A
1429 3495 171 49 79166;
1631 3497 130 40 Natl.
1790 3507 92 30 soc.
1912 3497 54 40 of

260 3496 1909 97 Daughters
386 3553 51 40 of
461 3554 234 39 founders
721 3555 95 38 and
842 3554 209 47 patriots
1079 3552 53 41 of
1155 3553 236 47 America,
1421 3553 335 48 Washington.

193 3641 225 67 Dawes,
443 3646 137 52 Mrs.
608 3644 281 53 Adelaide
916 3645 64 54 T.

260 3719 199 54 Poems
484 3722 60 51 in
567 3722 223 65 variety
835 3721 93 67 [by]
957 3720 284 53 Adelaide
1263 3721 67 53 T.
1354 3721 222 53 Dawes.
1641 3721 328 66 [Marlboro,
1991 3721 72 53 N.
2090 3720 91 66 Y.,

194 3793 236 56 Printed
458 3798 75 66 by
560 3798 97 52 the
685 3798 244 52 Hudson
957 3798 189 67 valley
1174 3815 173 49 press]
1380 3804 18 21 c
1403 3801 151 49 1934.

262 3866 26 39 2
315 3879 43 37 p.
388 3869 44 46 l.,
463 3869 55 40 84
547 3881 43 37 p.
649 3869 147 40 20½cm.

197 3919 52 51 ©
275 3924 98 40 Oct.
403 3925 69 41 24.
501 3926 112 40 1934;
672 3926 67 40 2c.
770 3927 96 39 and
895 3925 81 40 aff.
1008 3925 101 40 Oct.
1139 3925 83 47 27;
1254 3925 44 40 A
1325 3924 171 54 79820;
1573 3957 8 13 A,
1614 3927 50 38 T.
1699 3927 190 51 Dawes,
1921 3928 261 48 Marlboro,

261 3981 53 38 N.
345 3982 52 38 Y.
467 3982 249 48 (35-1965)
