2424 4375
1017 4060 132 52 1617

195 508 214 41 Selected
442 509 363 49 bibliography“;
867 522 42 36 p.
942 511 157 40 79-81.

125 562 51 52 ©
205 566 127 48 Sept.
357 566 69 45 18,
454 566 112 40 1935;
621 567 65 39 2c.
716 567 127 47 Sept.
870 567 53 40 23;
982 567 79 39 aff.
1092 568 101 40 Oct.
1219 567 30 39 2;
1302 569 41 38 A
1369 569 142 39 87360;
1569 568 284 50 University
1877 571 52 38 of
1956 572 158 39 North

193 622 226 41 Carolina
444 634 149 37 press.
664 623 278 48 (35-25767)

122 697 219 65 Kelley,
370 699 232 53 Arthur
632 700 192 64 Caryl,
856 704 169 49 1891-

190 776 1920 71 Essentials of accounting [by] Arthur Caryl Kelley … New
123 852 1772 72 York, Cincinnati c etc.] American book company [ c 1935]
189 927 101 47 viii,
323 927 86 40 416
441 938 43 37 p.
547 927 127 41 illus.
704 927 261 49 (facsims.)
1009 929 179 48 diagrs.
1247 928 55 40 23
1307 932 43 21 cm
1355 962 9 9 .

123 981 51 52 ©
197 986 119 47 Aug.
342 984 68 47 19,
437 985 112 40 1935;
602 984 67 41 2c.
695 986 99 39 and.
815 985 82 40 aff.
922 986 120 47 Aug.
1067 986 56 39 23;
1179 986 43 39 A
1245 987 143 40 85588;
1443 987 159 40 Amer,
1626 988 123 39 book
1775 999 67 29 co.

199 1042 278 47 (35-25773)

118 1117 174 64 King,
319 1117 250 55 Marian.

117 1195 1969 147 Kees and Kleintje, by Marian King; illustrated by Elizabeth Enright … Chicago, A. Whitman & co. [ c 1934]
215 1346 39 46 79,
288 1348 53 48 [1]
371 1357 43 37 p.
468 1348 86 38 col.
584 1346 126 39 illus.
768 1346 59 39 26½
856 1348 43 21 cm
904 1378 9 8 .

185 1404 286 39 Illustrated
503 1405 95 45 t.-p.
628 1402 51 39 in
706 1404 168 38 colors.

184 1460 201 39 “Junior
417 1470 138 37 press
585 1459 190 40 books.”

187 1517 41 38 A
257 1516 334 40 continuation
621 1516 51 39 of
699 1516 81 40 the
809 1515 216 41 author’s
1055 1519 134 45 story
1220 1516 197 47 “Kees”,
1446 1516 255 49 published
1730 1516 128 42 1930.

119 1570 51 52 ©
200 1575 121 38 Mar.
346 1575 39 45 1,
414 1572 113 40 1934;
584 1572 67 41 2c.
681 1574 127 39 June
835 1573 54 40 27;
947 1572 82 41 aff.
1058 1574 127 38 June
1211 1574 54 37 11;
1324 1574 41 38 A
1394 1573 143 40 73253;
1595 1575 169 39 Albert
1795 1573 249 41 Whitman
2073 1576 37 40 &

186 1641 66 28 co.
323 1630 250 47 (34-5687)

116 1702 379 66 Lanchester,
528 1703 315 53 Frederick
873 1701 271 67 William,
1179 1707 171 50 1868-

184 1781 317 68 Relativity;
556 1801 70 33 an
650 1784 344 64 elementary
1017 1780 368 69 explanation
1409 1781 64 54 of
1496 1783 95 51 the
1614 1782 328 67 space-time

116 1785 1965 128 relations
290 1879 58 35 as
375 1859 341 54 established
741 1860 75 66 by
840 1859 363 67 Minkowski,
1231 1860 112 52 and
1370 1879 31 33 a
1428 1860 313 54 discussion

1766 1860 64 53 of
116 1861 1965 130 gravitational
332 1939 202 66 theory
572 1938 172 52 based
783 1938 259 66 thereon;
1085 1936 325 55 illustrated
1450 1938 76 67 by
1563 1940 68 53 72
1670 1936 317 70 diagrams;
2030 1940 74 68 by

114 2015 1985 70 F. W. Lanchester … London, Constable & co., limited [1935]
182 2089 96 48 xiv,
307 2089 85 38 222
420 2101 44 37 p.
522 2088 141 49 illus.,
694 2100 78 37 pl.,
803 2088 177 49 diagrs.
1040 2087 57 41 20½
1130 2090 44 21 cm
1178 2120 9 9 .

183 2145 1918 50 Appendix IX; The expansion of the universe; being a reprint of an
113 2202 170 41 article
316 2203 195 39 written
543 2203 61 47 by
636 2203 83 39 the
749 2203 176 39 author
956 2203 95 39 and
1083 2202 255 48 published
1370 2203 47 39 in
1451 2202 396 50 “Engineering”,
1880 2203 222 49 January

111 2260 96 47 5th,
237 2259 114 41 1934
390 2260 66 48 (p.
485 2258 226 47 206-210)

111 2314 51 52 ©
222 2328 37 28 1c.
291 2318 118 38 Nov.
441 2318 39 46 1,
513 2315 140 47 1935;
688 2317 39 37 A
760 2317 61 38 ad
852 2316 86 39 int.
968 2315 171 46 20685;
1176 2316 142 47 pubd.
1355 2316 126 48 Sept.
1516 2317 52 45 5;
1605 2317 51 39 F.
1686 2318 71 39 W.
1794 2317 309 48 Lanchester,

176 2375 225 46 Moseley,
434 2372 349 48 Birmingham,
817 2373 234 46 England.
1122 2372 279 47 (35-30535)

111 2449 546 64 Langdon-Davies,
686 2448 174 55 John.

182 2524 186 53 Radio;
428 2524 96 52 the
553 2529 157 63 story
742 2523 64 52 of
836 2524 94 52 the
962 2527 233 63 capture
1228 2523 113 53 and
1373 2541 96 35 use
1501 2523 65 52 of
1596 2523 162 54 radio
1791 2543 201 50 waves,
2024 2525 75 69 by

110 2600 1988 70 John Langdon-Davies … illustrated by Betty Barr. New
111 2678 176 68 York,
315 2679 189 66 Dodd,
531 2679 171 52 Mead
730 2681 45 49 &
800 2696 295 49 company,
1127 2681 150 50 1935.

179 2750 967 48 4 p. l., 3-278 p. front., illus. 21 cm .
105 2805 51 52 ©
177 2810 116 39 Nov.
317 2810 40 45 6,
381 2810 113 39 1935;
545 2809 67 40 2c.
636 2810 95 38 and
755 2808 79 40 aff.
858 2809 116 39 Nov.
997 2808 52 42 9;
1076 2809 41 38 A
1140 2808 142 40 88171;
1337 2809 44 40 J.
1405 2809 457 48 Langdon-Davies,
1889 2809 211 41 London.

189 2865 278 47 (35-25793)

109 2943 255 64 Lennox,
394 2944 190 62 Mary.

179 3018 1914 69 The wishing tree, by Mary Lennox … pictures by Eulalie.
111 3097 114 54 San
263 3098 320 65 Francisco,
620 3097 193 66 Calif.,
847 3098 118 51 The
1001 3097 272 52 Farallon
1308 3116 175 47 press,
1517 3103 17 22 c
1539 3101 148 49 1935.

178 3168 1001 49 2 p. l., 59 p. incl. front., illus. 19½ cm .
178 3227 286 39 Illustrated
494 3226 347 48 lining-papers
869 3226 48 39 in
948 3227 166 38 colors.

109 3280 51 52 ©
186 3285 117 38 Nov.
331 3285 39 45 8,
397 3283 140 47 1935;
565 3283 66 40 2c.
661 3284 95 39 and
784 3283 80 40 aff.
892 3283 118 39 Nov.
1038 3282 55 40 18;
1147 3283 40 38 A
1215 3281 169 47 89395;
1415 3283 231 38 Farallon
1674 3292 148 37 press.
184 3339 278 48 (35-28730)

105 3414 211 65 Leven,
344 3416 278 54 Maurice.

172 3493 310 52 America’s
518 3492 259 66 capacity
813 3497 58 47 to
908 3509 277 48 consume,
1221 3491 74 66 by
1331 3490 258 52 Maurice
1622 3491 206 65 Leven,
1865 3490 227 53 Harold

104 3569 66 54 G.
208 3570 263 51 Moulton
509 3570 112 51 and
659 3570 176 54 Clark
867 3570 365 53 Warburton.
1304 3567 401 66 Washington,
1742 3570 70 50 D.
1854 3568 80 65 C.,
1970 3569 121 51 The

104 3647 319 66 Brookings
452 3646 343 64 institution,
825 3649 148 49 1934.

171 3720 64 46 xi,
259 3719 83 40 272
367 3730 42 36 p.
469 3729 125 36 map,
618 3718 178 47 diagrs.
856 3718 53 38 21
913 3720 43 20 cm
962 3749 8 7 .
1062 3716 254 48 (Half-title;
1362 3718 100 37 The
1488 3715 233 41 Institute
1747 3716 52 40 of
1822 3715 266 42 economics

100 3775 50 39 of
177 3777 80 38 the
284 3775 269 47 Brookings
581 3774 295 40 institution.
934 3774 305 39 Publication
1269 3784 73 29 no.
1374 3773 79 46 56)

176 3832 101 38 Vol.
319 3831 26 37 2
388 3831 51 39 of
482 3831 127 39 "The
652 3829 314 40 distribution
1010 3830 53 39 of
1103 3830 180 38 wealth
1326 3829 95 38 and
1465 3828 184 40 income
1691 3828 50 38 in
1786 3828 208 39 relation
2038 3829 47 38 to

99 3887 238 39 economic
362 3886 264 48 progress.”
686 3888 60 45 cf.
774 3885 262 40 Director’s
1065 3886 120 47 pref.

102 3939 52 52 ©
185 3944 126 46 Sept.
341 3944 68 46 27,
439 3942 139 47 1934;
610 3942 65 40 2c.
709 3942 101 40 Oct.
841 3944 80 45 11;
954 3942 82 40 aff.
1068 3942 101 40 Oct.
1201 3941 81 47 10;
1316 3942 40 37 A
1388 3940 169 47 76470;
1591 3940 272 46 Brookings
167 3938 1901 101 institution.
353 3999 277 48 (34-27273)
