2424 4375
1109 4078 98 51 927

153 454 201 64 Sigma
378 457 103 49 tau
506 453 175 52 delta.
757 453 111 51 Chi
889 470 228 48 gamma
1139 452 250 66 chapter,
1417 451 335 53 Oklahoma.
1825 450 164 53 State
221 467 1898 116 normal
360 532 208 63 school,
592 531 282 51 Edmond.

222 606 334 66 Anthology
601 606 63 53 of
708 612 228 60 poetry;
987 605 107 56 Chi
1142 624 226 47 gamma
1411 605 234 63 chapter
1689 603 63 52 of
1799 602 198 67 Sigma
2041 608 98 47 tau

153 685 181 64 delta;
376 684 229 52 student
645 683 239 53 editors:
926 684 245 51 Frances
1211 683 250 61 Ranson,
1500 680 133 53 Lois
1674 680 271 66 Gougler,
1984 680 154 54 John

153 761 215 66 Dillon,
400 760 111 53 and
542 760 138 52 Effie
711 759 214 66 Ferril;
962 758 221 65 faculty
1214 759 201 63 editor,
1443 758 199 51 Mollie
1670 757 161 53 Ruth
1863 758 277 51 Bottoms.

154 838 283 65 Edmond,
469 837 184 66 Okla.,
685 837 233 54 Central
947 840 145 49 state
1120 836 250 52 teachers
1400 836 227 65 college,
1657 837 151 50 1935.

222 910 56 41 32
307 921 42 37 p.
409 909 55 38 22
468 911 44 21 cm
516 941 8 8 .

157 963 52 53 ©
243 967 115 47 July
394 967 40 45 5,
467 965 139 48 1935;
642 966 65 39 2c.
744 966 96 39 and
873 964 81 40 aff.
990 966 115 45 July
1138 965 52 46 8;
1226 964 40 39 A
1300 963 168 46 83938;
1509 962 88 41 Chi
1632 973 190 38 gamma
1857 964 199 45 chapter
2093 964 50 38 of

231 1023 161 49 Sigma
425 1026 85 37 tau
542 1024 144 38 delta.
758 1020 223 49 (35-9526)

154 1123 216 64 Slobin,
396 1125 260 52 Hermon
683 1125 227 64 Lester,
939 1130 170 49 1883-

227 1200 56 52 A
309 1199 125 55 first
462 1218 191 35 course
678 1200 60 51 in
769 1199 262 68 calculus,
1059 1199 76 69 by
1162 1199 255 52 Hermon
1443 1199 64 51 L.
1540 1197 201 56 Slobin
1772 1198 112 54 and
1912 1197 228 54 Marvin

158 1274 1776 71 R. Solt … New York, Farrar & Rinehart, inc. [c1935]
227 1349 65 47 xi,
322 1348 87 40 426
439 1359 43 38 p.
542 1349 177 47 diagrs.
780 1348 55 39 21
838 1350 43 22 cm
886 1379 9 8 .

157 1404 52 53 ©
237 1409 114 47 May
375 1408 40 48 2,
442 1407 140 46 1935;
611 1408 67 39 2c.
706 1409 113 46 May
845 1408 52 46 4;
927 1407 82 39 aff.
1039 1408 113 47 May
1180 1408 53 45 3;
1264 1408 40 39 A
1332 1407 169 47 81688;
1532 1408 60 39 H.
1621 1408 50 39 L.
1704 1407 164 41 Slobin
1898 1408 95 39 and
225 1409 1903 96 Marvin
338 1466 53 38 R.
428 1466 115 45 Solt,

576 1466 233 45 Durham,
841 1465 54 38 N.
928 1464 59 40 H.
1058 1464 251 48 (35-9508)

156 1554 320 64 Stanbury,
501 1552 225 55 Walter
752 1554 227 55 Albert.

224 1630 1779 66 Victories of the cross [by] Walter Albert Stanbury, D. D.
155 1705 312 68 Nashville,
497 1707 194 67 Tenn.,
722 1706 328 68 Cokesbury
1077 1725 156 49 press
1268 1740 192 34 [c1935]

227 1777 84 41 192
341 1790 44 38 p.
445 1778 55 39 22
504 1781 44 21 cm
552 1811 8 9 .

157 1831 52 53 ©
237 1836 113 47 Apr.
379 1836 40 47 2,
448 1835 139 47 1935;
618 1835 65 40 2c.
714 1837 112 46 May
855 1836 81 46 31;
967 1835 81 40 aff.
1082 1837 113 46 May
1225 1834 81 49 29;
1340 1836 40 38 A
1410 1836 168 46 84037;
1612 1836 268 40 Whitmore
1909 1837 36 39 &
1976 1836 170 49 Smith,

228 1892 264 40 Nashville.
563 1891 249 50 (35-9532)

163 1981 338 65 Studenski,
527 1982 163 55 Paul.

233 2059 121 53 The
385 2063 98 48 tax
515 2057 216 54 finance
764 2060 163 66 plan;
962 2059 96 53 the
1091 2059 294 53 collection
1419 2059 62 52 of
1516 2059 329 67 delinquent

1878 2060 112 52 and
165 2077 1958 112 current
318 2137 117 51 real
467 2141 173 48 estate
671 2143 156 47 taxes
859 2136 138 52 with
1030 2137 94 51 the
1157 2135 94 54 aid
1283 2137 62 51 of
1376 2138 225 66 private
1632 2138 207 66 credit;

1876 2156 71 33 an
161 2156 1961 124 exposition,
377 2215 74 67 by
478 2217 146 50 Paul
654 2214 324 66 Studenski,
1004 2213 64 53 of
1094 2234 31 33 a
1151 2221 99 46 tax
1277 2213 216 54 finance
1519 2218 137 63 plan
1684 2215 322 67 originated
2035 2217 106 51 and

165 2292 348 52 formulated
537 2293 75 64 by
637 2295 65 50 B.
728 2293 69 54 G.
826 2293 225 65 Orlove,
1077 2292 71 66 jr.
1209 2293 137 52 New
1374 2294 162 52 York
1561 2294 132 66 city,
1722 2297 148 49 1934.

229 2365 58 39 15
312 2376 42 37 p.
414 2365 55 38 14
472 2367 43 21 cm
519 2395 8 8 .

160 2417 52 53 ©
245 2423 111 38 Dec.
385 2422 69 46 11,
485 2420 139 45 1934;
657 2421 65 40 2c.
755 2423 94 38 and
879 2421 82 39 aff.
994 2422 111 39 Dec.
1139 2421 81 47 15;
1255 2422 40 38 A
1326 2422 169 45 78581;
1530 2423 53 37 B.
1617 2422 53 40 G.
1703 2422 188 47 Orlove,
1924 2432 75 38 jr.,
2033 2423 115 38 New

230 2479 143 38 York.

163 2566 202 64 Truss,
394 2568 228 54 Seldon.

235 2645 201 53 Escort
459 2649 58 47 to
545 2645 230 65 danger.
856 2645 385 66 [Instalments
1268 2643 119 67 7-9]

238 2718 84 46 (In
346 2713 251 49 Answers,
624 2713 130 42 June
781 2715 71 47 22,
881 2715 71 48 29,
979 2713 115 51 July
1124 2715 41 47 6,
1194 2714 143 49 1935)

162 2767 1985 54 © 1c. each Aug. 20, 1935; A ad int. 20503; pubd. June 22, 29, July 6;
230 2830 48 37 L.
313 2829 173 40 Seldon
514 2829 164 46 Truss,
709 2829 267 46 Ticehurst,
1010 2829 191 45 Sussex,
1233 2830 234 46 England.

162 2902 330 53 Twentieth
523 2906 247 60 century
798 2904 167 53 fund.

230 2978 188 54 Labor
464 2980 112 52 and
622 2980 96 53 the
764 2985 396 60 government;
1209 3000 72 34 an
1326 2981 407 65 investigation
1781 2980 63 54 of
1889 2981 96 53 the
2030 2982 117 52 role

163 3054 61 53 of
253 3055 95 54 the
377 3064 367 57 government
773 3058 61 51 in
860 3057 161 54 labor
1051 3058 298 64 relations;
1378 3058 256 53 research
1661 3056 152 65 staff,
1841 3056 212 54 Alfred
2082 3059 63 51 L.

164 3132 1922 68 Bernheim, director, David J. Saposs … Sterling D. Spero …
186 3208 112 52 [and
326 3208 238 67 others];
597 3208 228 67 editors,
855 3208 211 55 Alfred
1096 3210 64 52 L.
1193 3210 311 52 Bernheim
1673 3241 13 35 [and]
1722 3209 264 70 Dorothy
2017 3209 128 55 Van

164 3284 206 55 Doren.
440 3287 139 53 New
617 3287 159 53 York
810 3288 111 52 and
956 3288 258 63 London,
1247 3288 145 53 Pub.
1428 3288 94 53 for
1558 3288 320 54 Twentieth
1914 3295 231 58 century

166 3360 162 68 fund,
353 3363 127 66 inc.,
507 3364 75 66 by
607 3364 95 53 the
729 3363 426 54 McGraw-Hill
1183 3365 146 52 book
1358 3382 294 47 company,
1678 3365 127 64 inc.,
1836 3368 149 49 1935.

232 3432 634 52 xii, 413 p. diagrs. 23½ cm.
235 3489 117 41 This
387 3491 344 49 investigation
768 3503 99 30 was
901 3493 284 41 authorized
1223 3494 58 47 by
1316 3494 80 39 the
1431 3494 210 39 trustees
1676 3492 51 41 of
1761 3495 80 39 the
1876 3495 269 41 Twentieth

164 3548 201 46 century
400 3547 121 41 fund
561 3549 107 39 who
701 3549 259 47 appointed
996 3559 28 30 a
1062 3549 179 48 special
1277 3548 274 41 committee
1587 3551 50 38 to
1671 3550 166 40 advise
1877 3552 45 38 in
1963 3552 79 39 the
166 3563 1964 79 research

360 3605 94 38 and
481 3606 49 38 to
557 3605 174 39 review
758 3606 81 39 the
863 3604 235 49 findings;
1127 3606 70 39 W.
1275 3636 10 9 H.
1311 3604 164 43 Davis,
1503 3604 264 40 chairman,
1851 3607 32 45 cf.
1912 3607 128 40 Pref.

167 3654 52 53 ©
249 3660 115 46 May
391 3660 67 46 28,
490 3662 138 40 1935;
661 3661 66 40 2c.
758 3662 111 47 May
897 3662 82 45 31;
1015 3660 80 41 aff.
1129 3661 128 41 June
1284 3662 27 37 4;
1373 3661 41 38 A
1443 3661 141 40 83442;
1645 3662 273 40 Twentieth
1949 3663 201 46 century

237 3715 135 48 fund,
399 3717 89 40 inc.
559 3718 249 46 (35-9534)

167 3801 266 65 Voelker,
461 3806 153 51 John
641 3806 240 56 Martin.

301 3879 1849 71 … The diocesan superintendent of schools; a study of the
169 3952 292 57 historical
499 3959 391 67 development
926 3961 111 51 and
1077 3959 319 53 functional
1432 3964 179 49 status
1648 3960 64 52 of
1746 3959 89 54 his
1873 3961 165 67 office,
2074 3962 76 67 by
