2424 4375
1254 4085 99 52 476

302 476 305 65 Berkeley,
634 477 203 53 James
862 478 62 54 P.

373 551 121 53 The
522 557 112 48 two
662 570 168 50 ways.
894 557 79 63 pt.
1008 556 45 49 1.
1083 552 244 68 Making
1355 553 231 53 choices.
1652 554 221 68 Pupil’s
1902 554 190 54 books.
305 556 1964 141 Prepared

509 630 72 67 by
605 632 192 54 James
825 634 62 50 P.
916 630 292 68 Berkeley.
1272 630 424 69 Philadelphia,
1723 633 124 53 The
1871 632 223 56 Judson
2120 652 174 48 press,

304 710 150 51 1934.

373 780 58 41 94
453 792 42 37 p.
548 781 127 40 illus.
704 781 133 48 (incl.
861 781 161 48 maps)
1084 780 54 41 19
1140 783 46 24 cm
1191 812 8 9 .
1261 781 270 48 (Keystone
1556 783 181 47 graded
1761 792 210 30 courses.
2024 782 181 43 Course
2286 814 8 9 IX.

304 838 151 40 Third
486 848 117 38 year
631 838 165 47 junior
828 837 113 49 high
982 838 390 48 (intermediate)
1439 841 66 46 pt.
1538 839 39 40 1.
1639 838 117 47 Oct,.,
1789 839 132 46 Nov.,
1954 839 137 47 Dec.)

305 890 53 53 ©
387 895 130 49 Sept.
544 894 68 51 12,
641 894 114 41 1934;
813 895 66 40 2c.
911 895 127 47 Sept.
1069 894 83 48 29;
1183 894 81 41 aff.
1299 895 127 48 Sept.
1456 895 82 47 28;
1571 896 41 39 A
1641 895 170 47 76249;
1845 896 187 39 Judson
2064 906 147 38 press.

375 1054 122 52 The
521 1060 113 47 two
664 1072 169 50 ways.
899 1059 79 63 pt.
1013 1058 43 49 1.
1089 1055 243 67 Making
1361 1053 233 55 choices.
1660 1055 295 56 Teacher’s
1985 1055 308 55 text-book.

307 1133 291 67 Prepared
636 1133 73 67 by
748 1135 190 53 James
978 1136 66 51 P.
1083 1133 294 67 Berkeley.
1449 1131 426 71 Philadelphia,
1912 1133 121 53 The
2071 1134 224 55 Judson

305 1229 172 49 press,
507 1214 148 50 1934.

375 1284 88 40 240
494 1295 43 37 p.
600 1283 126 41 illus.
756 1283 131 48 (incl.
924 1283 161 49 maps)
1131 1282 178 49 diagrs.
1374 1283 55 40 19
1431 1286 44 20 cm
1481 1314 8 9 .
1565 1283 271 49 (Keystone
1872 1285 181 46 graded
2089 1292 206 34 courses.

307 1341 181 41 Course
581 1372 8 8 IX.
656 1340 152 41 Third
845 1350 114 38 year
997 1338 165 50 junior
1199 1340 116 47 high
1362 1339 390 50 (intermediate)
1797 1341 66 47 pt.
1903 1341 38 38 1.
2009 1340 117 48 Oct.,
2164 1342 132 46 Nov.,

303 1397 137 48 Dec.)

307 1451 53 53 ©
390 1456 126 47 Sept.
545 1454 70 48 25,
643 1453 141 48 1934;
815 1454 66 40 2c.
916 1455 127 47 Sept.
1073 1452 82 48 29;
1189 1454 81 39 aff.
1304 1454 127 47 Sept.
1462 1453 82 47 28;
1577 1453 40 39 A
1646 1453 170 47 76250;
1849 1453 187 40 Judson
2066 1461 148 41 press.

306 1574 162 64 Betz,
498 1572 274 57 William.

378 1648 210 55 Junior
620 1647 391 54 mathematics
1046 1648 94 53 for
1172 1649 190 66 today.
1433 1648 161 53 Book
1626 1651 47 50 3.
1743 1650 90 65 By
1864 1649 258 55 William
2155 1651 139 50 Betz

369 1725 1692 69 … Boston, New York [etc.] Ginn and company [ c 1935]
375 1801 97 47 xiv,
499 1799 87 41 562
608 1813 42 37 p.
678 1800 108 40 incl.
812 1799 164 48 front.,
1002 1799 143 47 illus.,
1171 1798 179 48 diagrs.
1405 1798 55 40 19½
1492 1801 16 21 cm
1540 1829 8 9 .

308 1854 53 53 ©
390 1858 112 48 Apr.
533 1858 70 47 12,
633 1857 114 40 1935;
806 1856 67 41 2c.
905 1857 114 47 May
1049 1857 29 39 6;
1134 1855 82 41 aff.
1247 1857 115 47 May
1389 1856 30 38 2;
1475 1857 44 38 A
1546 1855 143 41 82922;
1751 1857 71 39 W.
1855 1856 132 47 Betz,
2020 1855 276 47 Rochester,

375 1915 54 39 N.
459 1915 53 39 Y.

304 1973 182 56 Bible.
564 1976 66 53 O.
663 1979 63 50 T.
799 1973 237 55 Psalms.
1112 1974 263 68 English.
1449 1978 152 52 1934.

371 2053 121 52 The
525 2051 223 53 Psalms
783 2050 92 54 for
907 2051 235 53 modern
1175 2049 123 69 life,
1333 2049 349 69 interpreted
1719 2048 139 54 with
1895 2047 289 72 drawings
2221 2048 72 70 by

304 2125 1926 72 Arthur Wragg; with an introduction by H. R. L. Sheppard …
307 2206 155 67 [New
499 2206 175 66 York,
703 2205 62 55 C.
795 2205 269 68 Kendall,
1092 2211 18 22 c
1116 2208 134 50 1934]

379 2278 97 49 [231]
522 2289 42 39 p.
625 2278 128 41 illus.
813 2278 55 40 19
871 2280 43 21 cm
918 2309 8 9 .

377 2335 280 41 Illustrated
693 2335 358 48 lining-papers.

308 2390 53 53 ©
387 2395 111 39 Dec.
524 2395 40 47 7,
590 2393 139 47 1934;
757 2394 66 40 2c.
850 2394 111 39 Dec.
987 2393 80 46 10;
1098 2392 82 40 aff.
1209 2393 122 39 Mar.
1357 2391 70 48 22,
1454 2391 140 47 1935;
1624 2392 42 39 A
1692 2392 169 46 82338;
1892 2393 187 39 Arthur
2104 2393 192 48 Wragg,

377 2450 210 40 London.
658 2450 250 49 (35-5632)

307 2535 181 60 Bible.
555 2541 65 53 O.
648 2541 62 52 T.
771 2540 247 53 Samuel.
1081 2539 249 53 German
1360 2536 248 68 (Middle
1633 2539 137 52 Low
1797 2538 275 64 German)
2142 2541 103 53 1934.

375 2614 53 53 A
447 2614 224 54 Middle
692 2615 138 52 Low
852 2613 248 56 German
1123 2614 147 53 book
1291 2613 64 54 of
1378 2613 189 70 Kings;
1622 2613 152 53 from
1800 2632 32 34 a
1857 2613 354 69 manuscript
2235 2613 59 52 in

306 2692 91 51 the
435 2691 227 52 Lübeck
695 2690 313 69 municipal
1045 2691 247 68 library;
1331 2690 207 67 edited,
1576 2690 140 52 with
1754 2690 387 53 introduction
2181 2690 111 54 and

304 2774 174 60 notes,
510 2768 73 69 by
617 2767 135 55 Carl
786 2769 64 51 F.
883 2768 451 68 Bayerschmidt.
1406 2768 138 52 New
1579 2765 181 69 York,
1793 2767 157 53 Priv.
1988 2766 174 69 print,
2199 2765 95 54 for

303 2845 96 53 the
425 2846 223 56 author,
678 2848 149 50 1934.

397 2917 98 47 lviii,
523 2918 86 40 269
634 2928 43 37 p.
737 2918 55 39 20½
825 2919 45 22 cm
873 2948 8 9 .

381 2974 167 40 Issued
576 2973 102 41 also
706 2984 55 30 as
788 2974 153 40 thesis
977 2974 105 48 (ph.
1112 2970 388 51 d.)—Columbia
1528 2971 284 50 university.

377 3029 100 42 The
509 3031 105 40 text
645 3029 42 41 is
720 3031 110 40 that
860 3030 52 41 of
940 3041 27 29 a
1001 3029 181 41 Middle
1215 3029 114 40 Low
1363 3028 207 42 German

1602 3029 301 47 manuscript
1934 3029 48 40 in
2018 3030 80 40 the
308 3028 1987 99 Stadt-bibliothek
598 3086 52 40 of
673 3086 190 40 Lübeck
896 3086 112 48 (Ms.
1035 3086 143 41 theol.
1201 3095 145 38 germ.
1370 3086 72 47 8°)
1504 3084 118 42 This
1645 3084 299 49 manuscript

1970 3085 42 40 is
2036 3097 27 29 a
309 3085 1969 104 reworking
420 3144 94 39 and
545 3142 295 41 translation
870 3142 52 41 of
951 3142 80 41 the
1060 3142 111 41 first
1198 3141 182 42 Middle
1410 3142 163 40 Dutch
1603 3141 187 48 history
1824 3141 151 49 Bible,
2007 3143 81 41 the
2118 3143 178 39 author

308 3199 53 38 of
398 3199 155 40 which
592 3198 41 41 is
671 3201 83 38 not
791 3198 365 41 ascertainable.
1221 3199 100 40 The
1359 3200 195 45 present
1590 3198 182 41 edition
1810 3198 217 41 includes
2064 3199 111 46 only
2212 3200 81 39 the

311 3254 1983 49 two books of Samuel (I and II Kings according to the numbering of the
307 3309 231 50 Vulgate)

312 3365 53 53 ©
391 3370 110 39 Dec.
529 3370 38 46 1,
595 3368 113 41 1934;
763 3369 66 40 2c.
859 3370 106 39 Jan.
993 3369 69 47 23,
1090 3368 115 41 1935;
1262 3369 81 40 aff.
1373 3370 122 38 Mar.
1522 3370 56 39 15;
1632 3370 40 39 A
1698 3370 143 40 81044;
1898 3370 113 41 Carl
2040 3371 50 40 F.
379 3371 1899 101 Bayerschmidt,

630 3426 116 38 New
775 3425 300 48 Brunswick,
1103 3426 57 39 N.
1190 3426 43 39 J.
1303 3425 249 47 (35-5630)

310 3511 256 67 Blondel,
595 3512 277 65 Maurice,
901 3520 169 48 1861-

381 3590 1909 69 La pensée, par Maurice Blondel … t. 2. Les responsabilités
316 3667 66 54 de
424 3670 57 50 la
519 3667 199 68 pensée
757 3674 56 47 et
850 3669 54 50 la
945 3667 314 67 possibilité
1301 3668 68 52 de
1408 3686 100 34 son
1551 3668 373 53 achèvement.
2001 3668 182 67 Paris,
2224 3670 65 51 F.

311 3744 203 67 Alcan,
541 3747 150 50 1934.

382 3814 1913 50 3 p. l., [9]-558 p., 1 l. 23 ½ . (On cover; Bibliothèque de philosophie
310 3872 414 48 contemporaine)

313 3924 53 53 ©
394 3930 110 38 Dec.
536 3929 39 45 1,
606 3927 113 41 1934;
836 3959 8 7 1c.
874 3927 113 48 Apr.
1019 3926 67 49 16,
1119 3927 116 41 1935;
1293 3928 100 38 A-
1395 3926 205 49 Foreign
1632 3927 146 40 27665;
1837 3928 60 38 M.
1933 3927 214 46 Blondel,
381 3927 1892 99 Aixen-Provence
739 3985 76 47 (B.
843 3984 62 39 du
933 3984 81 48 R.)
1049 3983 197 41 France.
