2424 4375
1063 4033 97 51 665

130 438 233 66 Aspley,
390 440 153 53 John
571 440 302 64 Cameron,
903 445 169 49 1888-

195 517 237 65 Getting
470 517 96 52 the
603 523 147 46 most
788 523 100 47 out
926 516 63 53 of
1027 519 301 58 salesmen;
1371 538 31 32 a
1441 518 264 51 Dartnell
1745 518 229 51 manual
2014 518 93 50 for

128 593 90 52 the
251 611 96 35 use
381 593 62 53 of
476 595 144 52 sales
651 611 297 49 managers
983 594 112 52 and
1128 594 158 52 those
1319 594 56 52 in
1412 594 205 65 charge
1652 593 61 53 of
1746 594 210 53 branch
1996 595 107 51 and

128 670 1981 67 district selling organizations, by J. C. Aspley … Chicago
127 747 1552 67 and New York, The Dartnell corporation [ c 1935]
193 832 1157 51 4 p. l. , 11-211, [8] p. forms (1 folds) 17 cm .
129 902 50 53 ©
209 906 110 47 Apr.
350 904 68 46 12,
450 904 140 47 1935;
625 904 67 40 2c.
724 905 95 39 and
851 904 80 39 aff.
963 905 113 47 May
1107 904 81 41 16:
1223 904 41 39 A
1294 904 169 47 81851;
1498 906 43 38 J.
1575 906 46 40 C.
1658 906 190 48 Asplev,
1886 906 221 49 Chicago.

204 961 248 48 (35-7321)

125 1067 244 62 Aubert,
398 1067 62 53 P.

129 1143 1954 132 Exercices d’algèbre élémentaire, par P. Aubert et G. Papelier … t.
459 1228 44 48 6.
535 1221 255 67 Limites,
819 1222 266 66 dérivées,
1114 1222 312 53 variations
1458 1223 67 52 de
1556 1222 302 54 fonctions.
1925 1226 184 67 Paris,

178 1300 200 66 Vuibert,
407 1304 149 49 1935.

194 1385 853 50 2 p. l., 254 p., 1 l. diagrs. 19 cm .
127 1454 1872 53 © Mar. 29, 1935; 1c. May 31; A- Foreign 27982; Librairie Vuibert.
127 1574 267 65 Bainton,
422 1575 222 54 Roland
671 1577 274 64 Herbert,
976 1582 170 49 1894-

199 1651 412 68 Bibliography
633 1651 63 54 of
717 1652 94 51 the
832 1652 343 53 continental
1197 1649 372 56 reformation:
1623 1651 288 55 materials
131 1651 1954 132 available
280 1729 60 52 in
368 1728 261 69 English,

658 1727 1450 70 by Roland H. Bainton … Chicago, Ill., The
133 1808 295 52 American
455 1807 206 69 society
688 1807 64 54 of
778 1806 208 54 church
1012 1806 237 69 history,
1279 1809 150 51 1935.

197 1891 54 40 54
281 1902 42 38 p.
383 1891 55 40 25½c
486 1894 27 21 m
520 1923 8 9 .
597 1892 97 47 (On
727 1903 160 32 cover:
917 1893 324 47 Monographs
1274 1893 49 39 in
1353 1894 179 39 church
1566 1894 202 48 history,
1827 1905 74 39 no,
1936 1894 51 47 1)

128 1963 50 53 ©
200 1968 112 48 Apr.
338 1967 39 45 1,
404 1966 116 41 1935;
571 1967 67 39 2c.
665 1967 113 47 May
804 1967 54 38 11;
915 1966 80 40 aff.
1027 1967 114 46 May
1166 1965 59 41 10;
1275 1966 42 39 A
1345 1966 142 40 83039;
1542 1967 157 40 Amer.
1729 1978 90 30 soc.
1850 1965 51 42 of
1928 1969 180 39 church

193 2023 197 49 history.
462 2023 249 49 (35-7248)

127 2125 258 65 Balfour,
414 2126 258 54 Patrick.

197 2201 195 55 Grand
423 2208 155 59 tour;
612 2201 164 69 diary
808 2201 63 54 of
902 2220 71 34 an
1004 2200 277 55 eastward
1314 2199 256 71 journey,
1599 2200 75 70 by
1706 2201 233 54 Patrick
133 2202 1950 128 Balfour;

318 2278 319 55 illustrated
668 2280 139 52 with
838 2279 389 69 photographs
1257 2279 170 53 taken
1456 2279 75 69 by
1561 2279 96 53 the
1685 2279 221 67 author,
1937 2297 170 52 many

129 2356 1949 146 of which are unique. New York, Harçoùrt, Brace and company [ c 1935]
197 2506 68 39 xii
297 2516 56 37 p.,
384 2509 24 38 1
476 2538 8 14 l.,
518 2505 173 41 15-318
721 2516 43 37 p.
824 2506 161 47 front.,
1020 2506 127 40 illus.
1176 2505 237 48 (facsim.)
1452 2508 170 49 plates.
1682 2509 55 38 24
1740 2511 43 20 cm

200 2576 135 47 Maps
369 2587 59 29 on
461 2577 361 47 lining-papers.

198 2632 160 41 “First
393 2632 225 42 edition.”

129 2702 50 52 ©
207 2709 111 44 May
347 2708 67 40 10,
444 2707 139 46 1935;
613 2707 68 39 2c.
709 2708 96 38 and
835 2707 80 38 aff.
946 2709 112 45 May
1088 2708 53 37 15;
1204 2708 41 37 A
1276 2707 141 39 83096;
1477 2709 50 37 P.
1558 2709 219 46 Balfour,
1809 2709 296 43 Edinburgh.

205 2764 246 47 (35-7238)

128 2861 234 68 Bessey,
392 2867 182 52 Ernst
604 2866 287 64 Athearn,
924 2867 169 54 1877-

198 2942 1864 68 A text-book of mycology, by Ernst Athéarn Bessey … with
130 3036 100 38 one
257 3021 254 53 hundred
545 3019 337 69 thirty-nine
913 3020 391 54 illustrations.
1377 3020 425 69 Philadelphia,
1835 3024 62 50 P.
132 3022 1949 128 Blakiston’s

346 3117 95 36 son
474 3103 45 49 &
544 3117 96 43 co.,
668 3099 107 54 inc.
811 3103 189 63 [c1935]

199 3181 75 35 xv,
303 3170 85 41 495
417 3182 41 37 p.
519 3171 126 40 illus.
705 3171 56 39 22
764 3174 42 21 cm
811 3206 10 9 .

203 3240 180 41 “Guide
413 3244 47 38 to
490 3243 82 38 the
601 3242 258 39 literature
886 3241 78 40 for
995 3241 81 40 the
1107 3240 349 41 identification
1491 3241 57 38 of
1570 3240 167 49 fungi”:
1802 3252 40 35 p.
1876 3241 227 43 393-468:

135 3296 298 43 “Literature
460 3298 154 41 cited”
642 3301 50 37 at
718 3300 90 38 end
836 3298 50 40 of
913 3298 116 40 each
1057 3299 212 47 chapter.

133 3364 50 53 ©
207 3370 110 47 Apr.
342 3371 67 40 17,
434 3369 140 43 1935;
602 3370 66 40 2c.
697 3367 96 43 and
821 3370 80 39 aff.
928 3370 113 47 Apr.
1067 3369 82 46 18;
1180 3370 40 38 A
1246 3366 142 43 81486:
1446 3370 49 38 P.
1524 3368 295 41 Blakiston’s
1850 3379 83 29 son
1962 3370 37 39 &
2024 3379 81 39 co.,

199 3425 87 40 inc.
356 3426 246 47 (35-7271)

132 3523 277 66 Brawley,
439 3529 314 63 Benjamin
786 3526 251 65 Griffith,
1072 3533 170 50 1882-
1450 3528 84 51 ed.

201 3603 175 67 Early
402 3604 190 66 Negro
617 3604 303 53 American
948 3602 247 64 writers;
1227 3601 292 56 selections
1546 3602 139 53 with
1713 3603 389 66 biographical

134 3678 1967 70 and critical introductions, by Benjamin Brawley … Chapel
135 3755 139 64 Hill,
307 3758 117 52 The
456 3757 334 68 University
823 3758 63 50 of
918 3758 182 51 North
1140 3757 267 54 Carolina
1441 3776 173 48 press,
1649 3761 147 49 1935.

202 3842 62 48 ix,
289 3843 86 41 305
398 3853 42 38 p.
499 3842 55 40 22
557 3845 43 21 cm
606 3874 9 9 .

135 3909 50 51 ©
208 3914 109 47 Apr.
345 3914 69 46 30,
442 3914 138 45 1935;
610 3913 68 40 2c.
706 3914 115 46 May
845 3913 50 46 2;
928 3913 81 40 aff.
1038 3914 113 46 May
1179 3913 80 41 18:
1294 3913 39 38 A
1363 3911 141 42 81896;
1563 3913 281 49 University
1872 3915 51 38 of
1949 3915 156 39 North

202 3970 220 40 Carolina
450 3979 147 39 press.
667 3968 246 50 (35-7296)
