2424 4375
1067 3981 104 56 785

167 447 57 39 44
250 456 42 38 p.
322 446 108 39 inch
458 445 149 39 front.
666 443 55 41 23
725 445 44 22 cm
774 475 8 9 .

169 501 333 42 Introduction
532 500 194 47 signed:
757 500 129 39 Lena
915 498 141 40 Allen
1085 497 119 41 Hill.

98 557 52 52 ©
171 562 115 45 May
309 559 69 48 22,
403 558 140 47 1935;
570 558 65 39 2c.
661 558 95 39 and
780 556 81 40 aff.
887 557 114 46 May
1022 555 84 47 24;
1132 555 41 38 A
1198 552 169 49 83299;
1395 554 49 38 L.
1472 555 54 39 A.
1552 553 118 41 Hill.

175 616 248 49 (35-8561)

107 719 353 67 [Holmgren,
495 717 285 65 Ephraim
815 719 74 65 S.]
930 722 172 49 1902-
1315 733 177 49 comp.

172 799 170 50 Rules
372 797 93 53 for
496 796 307 53 admission
833 802 57 47 to
918 796 96 53 the
1043 796 103 51 bar
1174 795 60 51 in
1264 795 96 52 the
1388 797 215 50 several
1633 798 171 49 states
1837 794 112 51 and
105 798 1959 130 territories

356 875 62 54 of
448 875 95 52 the
574 875 220 54 United.
825 873 187 54 States
1041 875 64 52 in
1133 873 159 52 force
1320 874 201 52 March
1557 878 46 55 1,
1637 875 161 62 1935;
1830 873 260 66 together

107 954 134 52 with
272 954 92 53 the
397 954 153 54 Code
578 953 63 53 of
672 954 176 51 ethics
878 952 247 67 adopted
1154 952 76 67 by
1259 953 96 51 the
1383 951 306 53 American
1719 952 103 51 bar
108 952 1958 136 association,

272 1034 305 52 annotated
607 1036 58 47 to
697 1048 149 35 cases
876 1034 60 50 in
966 1030 182 67 point,
1177 1030 112 53 and
1320 1031 99 52 list
1449 1029 63 52 of
1542 1030 110 54 law
1680 1030 235 52 schools.
1983 1030 107 51 22d

105 1112 81 52 ed.
252 1110 82 54 St.
362 1113 164 62 Paul,
552 1109 202 67 Minn.,
779 1111 158 52 West
966 1109 334 67 publishing
1328 1126 296 50 company.
1655 1112 149 49 1935.

170 1184 115 47 xxii,
315 1183 83 40 178
427 1194 41 37 p.
527 1182 56 39 24
586 1184 47 21 cm
635 1214 9 8 .

172 1241 229 39 Previous
428 1239 208 40 editions
662 1239 234 48 compiled
920 1240 61 46 by
1009 1240 52 38 E.
1093 1239 44 39 S.
1163 1238 277 49 Holmgren.

177 1298 249 39 “Includes
470 1297 226 39 valuable
736 1295 319 40 information
1098 1295 49 39 in
1191 1296 176 47 regard
1408 1299 48 37 to
1497 1297 228 45 statutes,
1769 1296 189 46 reports
1999 1295 98 39 and

106 1355 179 46 digests
315 1354 51 40 of
396 1355 116 40 each
546 1356 143 45 state,
722 1353 259 48 especially
1013 1353 224 40 valuable
1274 1356 48 37 to
1357 1354 84 39 the
1470 1354 184 46 lawyer
1687 1352 207 48 opening
1926 1363 29 29 a
1990 1362 105 29 new

107 1411 361 41 office.”—Pref.

108 1465 50 53 ©
182 1470 108 47 Apr.
315 1468 68 46 16,
407 1467 140 47 1935;
574 1467 67 41 2c.
666 1468 96 39 and
787 1467 83 40 aff.
897 1467 124 40 June
1045 1467 82 46 17;
1158 1467 41 38 A
1225 1466 169 47 83616;
1423 1467 138 39 West
1584 1467 108 47 pub.
1720 1476 64 30 co.

185 1526 249 48 (35-8697)

106 1615 274 63 Huntley,
412 1616 225 62 George
664 1615 232 61 Haydn.

179 1691 226 53 Andrea
459 1689 334 66 Sansovino,
842 1690 251 67 sculptor
1142 1691 111 52 and
1305 1690 274 52 architect
1625 1689 63 52 of
1735 1691 96 51 the
1881 1687 214 55 Italian

115 1768 358 67 renaissance,
507 1769 76 67 by
617 1769 69 54 G.
720 1769 217 67 Haydn
970 1769 277 66 Huntley.
1324 1767 362 68 Cambridge,
1720 1769 191 64 Mass.,
116 1769 1957 132 Harvard
276 1845 314 69 university
619 1865 173 49 press,
824 1851 149 49 1935.

181 1920 92 42 xvi,
306 1920 82 39 155
419 1930 42 37 p.
522 1919 162 48 front.,
717 1921 169 46 plates.
946 1919 57 39 25½
1034 1921 44 21 cm
1083 1948 8 9 .

183 1977 370 47 Bibliography:
586 1987 42 37 p.
677 1976 233 49 [137]-143.

115 2031 50 52 ©
187 2036 111 46 May
321 2035 67 47 31,
413 2033 141 48 1935;
581 2035 65 39 2c.
675 2035 128 39 June
828 2034 51 46 5;
906 2033 83 40 aff.
1015 2034 130 39 June
1167 2033 52 46 6;
1246 2034 40 38 A
1312 2033 170 47 83511;
1510 2032 255 41 President
1791 2035 94 38 and
1912 2032 192 41 fellows

180 2092 50 39 of
259 2093 227 38 Harvard
518 2092 191 46 college,
740 2091 299 47 Cambridge,
1072 2092 146 38 Mass.
1292 2089 252 49 (35-8569)

115 2179 201 64 Hyatt,
346 2182 201 62 Harry
573 2179 341 65 Middleton,
947 2186 170 49 1890-

120 2256 1960 147 Folk-lore from Adams county, Illinois, by Harry Middleton Hyatt … [New
775 2335 179 69 York,
980 2335 122 53 The
1126 2335 173 52 Alma
1326 2335 167 68 Egan
1521 2335 191 68 Hyatt
1738 2333 361 67 foundation]

122 2415 142 51 1935.

187 2487 93 47 xvi,
322 2487 82 40 723
446 2497 43 37 p.
530 2486 110 40 inch
680 2496 151 38 maps.
890 2486 55 40 25
948 2488 45 21 cm
998 2517 9 8 .
1077 2485 253 49 (Memoirs
1372 2486 53 41 of
1466 2488 82 38 the
1588 2486 140 40 Alma
1771 2487 137 46 Egan
1949 2486 157 47 Hyatt

121 2541 295 51 foundation,
445 2544 117 39 New
587 2543 155 48 York)

121 2594 50 52 ©
192 2600 110 47 May
324 2599 231 47 23,1935:
580 2601 67 39 2c.
669 2601 95 39 and
787 2600 81 39 aff.
891 2600 115 48 May
1026 2599 82 48 24;
1135 2601 40 37 A
1199 2599 170 48 83286;
1393 2600 142 40 Alma
1562 2602 135 46 Egan
1722 2601 157 47 Hyatt

191 2601 1898 95 foundation.
373 2657 249 48 (35-8487)

126 2742 420 55 International
589 2745 221 65 clinics;
858 2764 29 33 a
930 2748 291 65 quarterly
1264 2745 61 52 of
1368 2746 324 53 illustrated
1735 2746 225 53 clinical
192 2749 1891 126 lectures

370 2823 1741 68 and especiaity prepared original articles … by leading
192 2902 267 52 members
500 2902 66 51 of
603 2903 95 52 the
738 2903 238 51 medical
1016 2902 322 67 profession
1379 2903 354 67 throughout
1774 2904 94 51 the
1911 2903 197 52 world.

196 2979 1912 67 Edited by Louis Hamman, M. D. … with the collaboration of
199 3057 1849 68 Francis Gilman Blake, M. D. … Vernon C. David, M. D. …
220 3137 108 50 [and
360 3137 208 65 others]
641 3137 241 53 Volume
914 3140 46 49 2.
997 3135 346 69 Forty-fifth
1377 3139 186 64 series,
1600 3141 148 49 1935.
198 3138 1888 141 Philadelphia,
377 3216 284 51 Montreal
714 3220 118 61 [etc.]
867 3217 53 52 J.
952 3218 66 49 B.
1047 3215 337 67 Lippincott
1412 3233 279 50 company
1725 3249 12 33 [
1742 3223 17 20 c
1765 3219 150 63 1935]

196 3286 97 47 viii,
318 3286 84 41 327
426 3298 41 37 p.
524 3289 87 38 col.
636 3288 164 46 front.,
830 3289 155 46 plates
1014 3287 47 47 (1
1087 3288 112 47 col.)
1236 3288 177 47 diagrs.
1469 3288 55 41 23½
1557 3290 45 21 cm
1607 3320 8 7 .

201 3343 339 48 “Supplement
563 3344 138 47 June,
727 3342 128 41 1935.
907 3344 205 40 Clinical
1139 3355 112 29 case
1274 3343 413 51 studies.”'—([12]
1715 3345 69 47 p.)
1816 3345 103 40 laid
1944 3345 63 40 in.

132 3393 50 52 ©
210 3400 110 47 May
347 3399 69 49 29,
446 3400 139 47 1935;
617 3400 64 40 2c.
713 3402 94 38 and
837 3400 80 40 aff.
948 3401 129 39 June
1103 3401 53 47 6;
1188 3402 41 38 A
1260 3399 169 49 83491;
1462 3402 43 39 J.
1540 3402 52 39 B.
1627 3401 277 49 Lippincott
1935 3412 65 29 co.

135 3515 165 66 Lacy,
327 3519 182 52 Helen
539 3520 232 54 Maude.

135 3594 1953 128 … French lyric poetry in English and American translations: a
409 3671 1704 70 bibliography, by Helen Maude Lacy … Nashville,
133 3742 150 55 Tenn.,
346 3747 217 68 George
590 3749 269 68 Peabody
884 3749 212 68 college
1120 3748 93 53 for
1237 3749 270 67 teachers,
1538 3752 150 51 1934.

204 3816 24 38 1
253 3828 43 36 p.
322 3820 43 44 h,
390 3821 54 37 14
470 3829 43 37 p.
567 3819 54 40 23½
655 3823 45 20 cm
704 3855 9 8 .
778 3820 225 49 ([George
1027 3821 224 46 Peabody
1276 3822 177 46 college
1482 3822 78 39 for
1586 3823 236 45 teachers,
1849 3822 266 48 Nashville]

140 3867 215 47 Abstract
383 3875 52 40 of
459 3875 338 41 Contribution
824 3879 49 37 to
897 3877 270 46 education,
1196 3887 73 29 no.
1299 3875 109 49 143)
