2424 4375
1267 4026 104 55 784

312 405 238 65 Gaddis,
580 407 222 63 Peggy.

385 482 119 55 Eve
537 481 58 55 in
628 484 94 51 the
755 484 231 66 garden,
1018 484 75 66 by
1125 485 201 65 Peggy
1359 483 236 55 Gaddis.
1670 485 137 52 New
1844 483 179 66 York,
2056 483 245 55 Godwin

358 564 152 65 [c1935]

382 646 99 48 278,
514 646 54 50 [1]
601 656 42 39 p.
700 644 58 42 19½
787 647 45 22 cm
835 677 9 9 .

313 714 53 52 ©
392 718 127 39 June
540 717 69 46 14,
634 715 113 41 1935;
799 716 66 40 2c.
891 716 124 40 June
1038 715 83 48 20';
1148 716 81 40 aff.
1257 716 125 40 June
1406 716 55 39 19;
1514 717 40 38 A
1578 716 170 47 84385;
1776 715 216 49 Godwin,
2018 713 286 51 publishers,

382 774 89 40 inc.
542 773 249 49 (35-8483)

313 875 378 64 Georgiadès,
720 875 253 55 Patrice.

445 951 1458 69 … De Freud à Platon. Paris, Fasquelle [1934]
385 1024 726 51 3 p. l. , [9]-191, [1] p. 19cm.
387 1094 692 50 Bibliothèque-Charpentier.

316 1163 1854 52 © Feb. 8, 1935; 1c. Apr. 16; A-Foreign 27574; Fasquelle éditeurs.
395 1222 251 51 (35-8492)

317 1324 424 66 Gulapingslög
768 1326 101 52 hin
899 1325 163 54 eldri.

385 1403 120 54 The
539 1404 226 52 earliest
798 1404 343 67 Norwegian
1175 1406 155 64 laws,
1364 1404 172 65 being
1566 1405 95 54 the
1696 1403 321 67 Gulathing
2051 1405 110 51 law
2196 1402 110 54 and

315 1480 94 53 the
446 1480 377 68 Frostathing
857 1483 137 64 law;
1032 1482 317 52 translated
1386 1481 153 53 from
1573 1482 98 53 the
1707 1480 115 55 Old
1856 1481 344 67 Norwegian
2235 1481 73 66 by

319 1557 1988 69 Laurence M. Larson … New York, Columbia university press,
324 1639 142 49 1935.

373 1707 50 39 ix
468 1719 58 36 p.,
571 1707 28 39 2
675 1739 9 17 l.,
733 1707 174 49 [3]-451
953 1718 43 37 p.
1070 1706 55 42 23½
1158 1709 45 21 cm
1207 1738 9 9 .
1301 1706 300 49 (Half-title:
1646 1707 214 40 Records
1904 1707 52 39 of
2000 1705 310 42 civilization.

321 1764 201 40 Sources
562 1765 93 39 and
696 1764 199 48 studies,
936 1764 70 40 ed.
1049 1765 154 40 under
1243 1765 83 39 the
1364 1763 222 49 auspices
1625 1765 52 39 of
1716 1764 85 40 the
1838 1764 128 46 Dept.
2019 1764 52 39 of
2108 1762 201 50 history,

316 1820 883 50 Columbia university … no. xx)
388 1892 100 41 The
520 1890 296 42 translation
848 1892 111 39 that
987 1891 45 41 is
1061 1892 257 47 presented
1349 1889 52 41 in
1432 1890 97 41 this
1561 1890 191 41 volume
1783 1891 42 39 is
1857 1891 147 39 based
2036 1902 61 29 on
2129 1890 182 48 Norges

318 1950 157 44 garnie
515 1949 106 39 love
663 1947 144 41 indtil
851 1947 126 46 1387,
1022 1949 90 39 vol.
1180 1979 9 16 I,
1231 1947 162 40 edited
1437 1948 62 48 by
1543 1948 143 40 Peter
1729 1948 221 40 Andreas
1994 1947 179 41 Munch
2217 1947 93 40 and

320 2005 221 49 Rudolph
570 2005 185 48 Keyser
783 2004 94 40 and
905 2003 257 49 published
1186 2005 51 39 in
1265 2004 127 41 1846.
1448 2004 60 48 cf.
1536 2006 184 39 Introd.

387 2063 373 47 Bibliography:
791 2073 44 38 p.
869 2061 247 50 [431]-436.

319 2128 53 52 ©
398 2134 113 45 May
536 2133 68 46 13,
632 2131 141 48 1935;
801 2131 66 41 2c.
895 2133 95 39 and
1016 2131 82 41 aff.
1124 2133 116 47 May
1266 2132 81 47 16;
1378 2133 40 38 A
1444 2132 169 47 81834;
1646 2130 249 42 Columbia
1925 2130 129 41 univ.
2084 2139 148 40 press.

399 2189 249 48 (35-8523)

323 2295 290 63 [Harvard
649 2292 350 64 university.
1073 2295 156 65 Dept.
1280 2294 64 66 of
1375 2293 363 67 philosophy]

394 2370 221 62 George
665 2369 250 53 Herbert
966 2370 246 65 Palmer,
1267 2371 336 63 1842-1933;
1658 2367 293 52 memorial
2004 2367 302 54 addresses.

322 2447 361 66 Cambridge,
714 2447 188 66 Mass.,
933 2448 275 52 Harvard
1241 2446 318 69 university
1590 2465 173 49 press,
1798 2448 150 50 1935.

390 2520 592 50 4 p. l. , [3]-80 p. 20 cm .
393 2590 269 40 Addresses
705 2588 142 49 given
890 2591 54 39 at
987 2600 27 30 a
1061 2589 212 48 meeting
1315 2589 113 40 held
1471 2589 265 41 December
1778 2590 39 46 7,
1864 2587 127 49 1933,
2035 2590 153 38 under
2231 2589 80 39 the

323 2645 224 50 auspices
572 2646 52 40 of
652 2645 83 40 the
763 2645 139 48 Dept.
932 2646 52 40 of
1010 2645 288 48 philosophy
1326 2646 52 40 of
1405 2645 232 40 Harvard
1666 2645 284 48 university,
1979 2646 56 40 R.
2065 2645 55 40 B.
2149 2645 160 47 Perry,

323 2701 259 50 presiding,
644 2701 60 47 cf.
735 2701 130 41 Pref.

730 2757 105 40 CONTENTS.—The
856 2756 287 48 philosophy
1164 2757 52 40 of
1241 2756 184 48 George
1448 2757 211 40 Herbert

1681 2756 207 47 Palmer,
1912 2757 62 47 by
1998 2754 49 44 C.
2073 2758 63 39 M.
323 2757 1986 98 Bake-well.—Personal

774 2812 146 41 traits
951 2812 53 41 of
1034 2813 184 47 George
1249 2813 211 40 Herbert
1493 2813 207 47 Palmer,
1734 2814 59 47 by
1829 2814 70 40 W.
1934 2814 53 40 E.
325 2812 1988 105 Hocking.—Faculty

561 2869 187 40 minute
776 2881 60 28 on
867 2870 79 39 the
976 2868 88 40 life
1094 2870 96 38 and
1220 2868 183 41 service
1433 2870 53 39 of
1516 2868 255 41 Professor
1802 2870 206 40 Palmer.

324 2936 52 51 ©
405 2940 113 47 Apr.
550 2940 68 45 10,
647 2939 141 47 1935;
820 2938 66 40 2c.
915 2939 112 46 Apr.
1059 2937 81 47 12;
1174 2938 82 40 aff.
1285 2939 112 48 Apr.
1429 2940 81 41 13:
1544 2941 41 37 A
1615 2939 142 40 81407;
1819 2940 258 42 President
2103 2942 97 38 and
2228 2940 83 39 fel·

391 2997 117 39 lows
540 2996 50 39 of
622 2995 230 40 Harvard
880 2996 191 46 college,
1103 2994 301 49 Cambridge,
1434 2998 147 37 Mass.
1652 2996 249 49 (35-8495)

326 3097 326 66 Hennessy,
679 3099 251 53 Michael
956 3099 291 64 Edmund,
1279 3105 170 50 1866-

390 3175 154 51 Four
609 3175 233 52 decades
905 3174 65 53 of
1032 3175 440 53 Massachusetts
1538 3176 245 67 politics,
1848 3178 325 62 1890-1935,
2235 3174 73 65 by

326 3250 239 53 Michael
599 3252 65 51 E.
697 3251 312 69 Hennessy.
1086 3252 321 68 [Norwood,
1439 3253 191 66 Mass.]
1668 3254 121 51 The
1820 3254 283 52 Norwood
2138 3268 170 53 press,

329 3330 142 50 1935.

391 3413 69 38 xii
486 3423 28 37 p.,
570 3413 16 37 1
656 3444 8 15 l.,
693 3411 84 40 562
801 3422 43 37 p.
904 3412 162 46 front.,
1091 3415 148 45 ports.
1299 3412 57 41 20½
1388 3415 44 21 cm
1436 3448 8 9 .

327 3478 53 52 ©
408 3483 128 40 June
561 3484 69 45 11,
660 3484 140 46 1935;
830 3484 65 39 2c.
926 3485 96 38 and
1052 3484 81 40 aff.
1164 3484 129 40 June
1321 3486 80 45 13;
1433 3486 41 38 A
1501 3486 169 47 84233;
1705 3488 60 37 M.
1799 3488 50 37 E.
1881 3488 266 45 Hennessy,
2180 3484 132 41 West

396 3539 244 49 Roxbury,
669 3542 146 38 Mass.
888 3540 248 47 (35-8546)

328 3639 133 63 Hill,
491 3643 136 50 Mrs.
658 3643 161 51 Lena
847 3642 187 55 Alien.

402 3716 51 52 A
488 3716 151 52 brief
676 3720 171 65 study
881 3719 63 51 of
981 3720 94 51 the
1114 3719 386 53 Constitution
1540 3721 62 51 of
1641 3722 92 51 the
1770 3722 213 53 United
2024 3722 212 63 States;
2277 3737 28 33 a

328 3811 287 50 summary
654 3795 64 51 of
757 3796 305 66 preceding
1101 3801 217 62 events;
1364 3797 338 52 discussions
1742 3798 211 66 during
1992 3800 94 49 the

330 3796 1954 141 drafting
453 3872 111 52 and
589 3870 333 68 subsequent
946 3875 222 65 growth
1193 3874 249 66 through
1466 3875 452 65 interpretation.
1995 3874 310 62 Elizabeth,

331 3947 68 53 N.
428 3948 74 67 J.,
529 3949 62 51 L.
621 3949 70 53 A.
721 3947 129 54 Hill
883 3983 13 33 [
900 3956 18 21 c
923 3953 151 64 1935]
