2424 4375
1021 4095 133 49 1181

165 544 366 46 311 p. 19 ½ cm .
100 595 52 52 ©
181 599 126 48 Sept.
334 600 40 46 5,
399 599 113 40 1935;
569 599 67 41 2c.
667 600 127 48 Sept.
820 599 25 40 9;
902 600 81 39 aff.
1016 601 127 48 Sept.
1171 602 25 39 7;
1254 602 42 38 A
1320 600 142 41 86222;
1520 602 266 47 Vanguard
1814 610 149 39 press,
1992 602 90 40 inc.

179 655 278 50 (35-14887)

98 757 149 65 Cole,
276 758 222 64 George
526 758 261 65 Douglas
813 760 273 65 Howard,
1116 766 170 49 1889-

166 835 100 53 Dr.
301 836 257 52 Tancred
588 834 225 70 begins;
847 855 79 48 or,
957 838 121 53 The
1109 838 319 52 Pendexter
1458 856 156 47 saga,
1643 836 125 54 first
1797 841 165 49 canto
100 838 1958 140 being

230 930 71 35 an
335 914 157 65 early
526 912 228 67 episode
785 914 62 53 in
878 914 95 53 the
1008 932 188 35 career
1230 915 63 53 of
1325 915 104 52 Dr.
1462 914 308 66 Benjamin
1805 915 276 66 Tancred,

99 988 288 67 detective,
414 990 216 53 related
657 990 76 66 by
757 991 89 53 his
872 990 194 53 friend
1090 992 148 51 Paul
1266 991 272 66 Graham,
1565 992 74 64 by
1666 991 69 55 G.
1762 991 72 53 D.
1863 991 76 53 H.
1969 994 111 50 and

98 1065 292 68 Margaret
419 1066 152 55 Cole.
638 1067 231 55 Garden
897 1067 154 67 City,
1077 1068 71 53 N.
1179 1068 90 66 Y.,
1297 1068 142 53 Pub.
1470 1067 96 54 for
1593 1069 94 52 the
1717 1067 191 56 Crime
1938 1069 144 65 club,

98 1142 122 67 inc.,
246 1143 77 66 by
347 1143 354 67 Doubleday,
726 1144 197 53 Doran
949 1147 46 50 &
1022 1162 294 49 company,
1343 1145 126 64 inc.,
1498 1148 150 49 1935.

165 1215 938 50 4 p. l. , vii-viii p., 1 l., 308 p. 20 cm .
168 1272 160 41 “First
364 1272 226 41 edition.”

100 1338 51 53 ©
174 1343 119 49 Aug.
321 1342 69 48 23,
417 1342 113 41 1935;
586 1342 68 40 2c.
681 1344 98 38 and
803 1342 79 40 aff.
910 1342 122 48 Aug.
1058 1341 83 47 30;
1170 1343 42 38 A
1238 1342 169 46 85757;
1439 1342 53 40 G.
1519 1343 57 39 D.
1604 1343 61 39 H.
1694 1342 112 41 Cole
1835 1343 96 40 and
167 1344 1902 103 Margaret

333 1400 159 40 Isabel
526 1400 126 48 Cole,
685 1400 219 47 Hendon,
936 1400 237 47 England.
1242 1399 280 50 (35-14575)

103 1501 170 65 Cook,
301 1502 205 54 Elliott
533 1502 344 64 Wilkinson,
907 1508 171 50 1818-

166 1578 162 52 Land
366 1579 103 53 ho!
546 1578 122 55 The
703 1578 246 68 original
987 1578 167 68 diary
1191 1578 62 52 of
1290 1598 32 34 a
1362 1577 363 68 forty-niner,
1763 1576 75 68 by
1874 1577 212 53 Elliott

98 1653 318 56 Wilkinson
455 1654 157 56 Cook
652 1699 57 10 …
751 1654 188 56 edited
976 1655 75 68 by
1090 1655 145 53 Jane
1274 1654 192 54 James
1506 1653 170 56 Cook.
1750 1653 334 69 Baltimore,

97 1731 1480 70 The Remington-Putnam book company [ c1935 ]
165 1803 56 41 43
246 1814 42 38 p.
347 1804 57 40 23½
436 1806 44 22 cm
484 1837 9 9 .

96 1873 51 53 ©
167 1878 118 47 Aug.
308 1877 68 41 12,
399 1878 113 40 1935;
564 1878 67 40 2c.
654 1878 96 40 and
773 1877 80 40 aff.
876 1878 119 47 Aug.
1020 1877 81 47 16;
1128 1877 40 39 A
1192 1876 141 42 85521;
1386 1877 126 41 Jane
1531 1878 166 41 James
1721 1878 145 48 Cook,
168 1879 1898 103 Stevenson,

295 1936 95 39 Md.
462 1934 278 48 (35-14529)

98 2038 234 64 Cooper,
361 2039 209 53 Alfred
600 2038 162 57 Duff.

164 2115 158 68 Haig
348 2116 217 67 speaks,
593 2115 154 53 from
775 2116 95 55 the
898 2113 197 56 official
1124 2115 323 69 biography
1473 2115 76 67 by
1575 2116 70 52 A.
1674 2112 143 56 Duff
1846 2116 236 67 Cooper.

100 2195 357 65 [Instalment
483 2197 49 63 2]

178 2267 82 48 (In
286 2263 201 43 London
515 2263 202 52 Sunday
745 2262 243 53 pictorial,
1013 2262 131 53 Aug.
1174 2264 69 50 11,
1275 2264 143 49 1935)

103 2319 1980 53 © 1c. Oct. 3, 1935; A ad int. 20607; pubd. Aug. 11; A. D. Cooper, London.
101 2442 217 62 Credle,
349 2442 163 55 Ellis.

166 2517 206 54 Across
411 2518 96 52 the
547 2522 190 48 cotton
778 2518 188 69 patch,
1005 2517 77 69 by
1121 2517 147 53 Ellis
1311 2516 219 55 Credle.
1610 2517 139 53 New
1790 2515 182 71 York,
2012 2515 67 54 T.

100 2592 205 55 Nelson
336 2596 113 52 and
476 2613 145 48 sons,
655 2598 149 50 1935.

172 2667 666 51 [59] p. illus. 23 × 28½ cm .
103 2721 50 52 ©
183 2726 123 47 Sept
336 2728 40 44 4,
407 2725 117 40 1935;
581 2726 67 39 2c.
681 2728 96 37 and
808 2726 80 39 aff.
921 2726 127 47 Sept.
1079 2726 52 46 6;
1164 2727 41 37 A
1236 2725 169 47 86190;
1439 2727 211 38 Thomas
1681 2727 179 38 Nelson
1891 2726 38 39 &
1958 2734 126 30 sons.

180 2781 277 48 (35-14724)

101 2883 250 66 Daniels,
381 2888 136 51 Mrs.
548 2884 269 56 Caroline
842 2887 63 51 T.
937 2886 108 65 (Le
1074 2885 248 64 Favor).

170 2959 166 54 Facts
374 2961 113 52 and
525 2960 215 54 fancies
778 2962 112 52 and
927 2960 333 69 repetitions
1302 2960 170 54 about
1511 2960 164 53 Dark
1714 2959 250 68 Harbor,
2003 2959 76 69 by

103 3052 98 36 one
252 3037 64 52 of
363 3038 97 52 the
509 3056 138 51 very
695 3038 180 53 oldest
926 3042 279 65 cottagers
1254 3037 384 68 <(1890-1932)>
1689 3037 139 54 Mrs.
1884 3038 67 52 E.
2007 3036 72 53 A.

104 3111 229 57 Daniels
370 3114 297 69 (Caroline
690 3117 65 51 T.
783 3115 263 68 Daniels)
1085 3116 229 53 written
1343 3121 58 47 at
1432 3115 314 53 four-score
1774 3133 163 51 years
1967 3114 112 54 and

104 3207 167 52 many
313 3210 153 35 more
514 3192 96 53 for
651 3211 98 50 my
793 3193 170 68 niece,
1009 3193 169 53 Edna
1222 3193 300 52 Holbrook
1568 3194 236 67 Barger.
104 3189 1952 148 [Cambridge,

344 3269 190 67 Mass.]
571 3270 158 53 Priv.
763 3271 173 68 print.
974 3271 140 66 [The
1144 3269 231 55 Cosmos
1405 3288 175 50 press]
1620 3273 150 50 1935.

171 3339 481 51 3 p. l., 58 p. 18 cm .
107 3392 51 53 ©
183 3399 116 48 Aug.
327 3400 40 47 5,
395 3400 116 41 1935;
565 3401 67 40 2c.
659 3401 120 48 Aug.
807 3401 26 40 9;
889 3401 81 40 aff.
998 3402 119 47 Aug.
1146 3400 57 41 27;
1261 3402 42 38 A
1331 3401 144 40 85447;
1534 3400 227 42 Caroline
1787 3401 52 40 T.
1867 3400 217 49 Daniels,

172 3456 191 40 Boston.
434 3457 277 48 (35-14830)

103 3553 266 68 Dickens,
401 3558 260 65 Charles,
693 3562 321 52 1812-1870.

169 3631 119 56 The
320 3637 156 65 story
511 3634 65 52 of
610 3634 197 55 Oliver
839 3634 196 69 Twist,
1069 3636 76 67 by
1183 3634 234 55 Charles
1453 3632 265 68 Dickens,
1753 3632 183 55 retold
1972 3633 108 54 and

103 3706 316 57 illustrated
464 3712 139 51 with
651 3711 98 54 178
795 3731 122 35 new
962 3710 264 70 pictures,
1275 3711 288 69 drawings
1608 3712 76 67 by
1727 3710 232 53 Morton
2005 3711 76 53 H.

106 3782 1952 74 Cowen. Racine, Wis., Whitman publishing company [ c 1935]
171 3857 798 52 3 p. l., 11-188 p. illus. 26 cm .
174 3912 70 41 On
274 3925 138 31 cover;
468 3917 101 40 The
598 3916 169 42 child’s
798 3919 185 46 picture
1014 3921 134 37 storv
1177 3917 51 40 of
1259 3917 163 41 Oliver
1451 3915 165 42 Twist.

109 3961 51 53 ©
190 3969 114 49 July
331 3972 41 47 8,
399 3972 114 41 1935;
570 3973 67 41 2c.
669 3975 119 46 Aug.
821 3974 81 47 12;
938 3974 82 40 aff.
1053 3974 119 47 Aug.
1202 3973 82 47 10;
1316 3974 42 38 A
1388 3973 170 48 84913;
1592 3975 249 39 Whitman
1873 3973 109 48 pub,
2015 3982 68 30 co.

188 4024 274 52 (35-14890)
