2424 4375
1062 4050 129 49 1849

204 508 229 40 Author's
461 509 178 46 pseud.,
672 507 197 41 Colette,
897 510 58 37 at
981 508 124 38 head
1135 507 53 39 of
1216 506 121 40 title.

139 571 1974 56 [t. 1], © July 12, 1934; 1c. Mar. 6, 1935; [t. 2]. © July 16; 1c. Nov. 20;
202 635 308 48 A-Foreign
538 633 156 47 27103,
722 633 168 42 29673;
922 634 43 39 J.
994 632 227 40 Ferenczi
1248 635 47 37 et
1323 631 88 41 fils.

135 738 207 63 Keller,
369 739 172 62 Mary
568 738 248 55 Conrad.

201 818 55 50 A
296 815 214 53 wreath
552 814 63 55 of
655 814 380 65 immortelles,
1077 831 189 49 poems
1307 813 74 66 by
1420 814 170 65 Mary
1632 813 229 55 Conrad
1904 812 210 54 Keller.

135 893 237 52 Revised
403 892 111 52 and
545 892 188 53 edited
762 891 76 67 by
867 891 159 53 Alice
1057 891 249 53 Fernald
1337 892 290 51 Emerson.
1702 890 415 67 Indianapolis.

134 971 145 66 Ind.,
308 970 156 53 Priv.
494 970 174 66 print.
705 1001 12 34 [
722 976 17 21 c
746 972 130 49 1935]

200 1053 27 40 3
254 1062 43 39 p.
358 1082 10 18 l.,
393 1051 129 48 3-84,
549 1050 49 41 iv
623 1061 44 38 p.
726 1050 56 40 19½cm.

134 1122 53 53 ©
215 1127 111 39 Dec.
356 1127 39 45 7,
424 1125 139 46 1935;
594 1124 66 41 2c.
691 1125 96 39 and
817 1124 77 40 aff.
925 1125 109 38 Dec.
1066 1124 81 40 26:
1181 1125 38 38 A
1252 1123 168 43 88880;
1456 1125 141 38 Peter
1628 1124 121 39 Paul

1781 1124 180 46 Keller,
204 1122 1898 109 Indianapolis.
507 1181 221 48 (36-129)

132 1286 257 64 Kipling,
422 1286 300 63 Rudyard,
757 1287 322 51 1865-1936.

200 1360 344 55 “Teem”—a
580 1360 501 68 treasure-hunter,
1118 1360 75 68 by
1231 1360 279 69 Rudyard
1549 1360 265 69 Kipling.
1889 1360 229 55 Garden

134 1440 151 69 City,
319 1440 68 53 N.
425 1440 91 64 Y.,
547 1438 355 69 Doubleday,
934 1439 195 52 Doran
1164 1440 45 50 &
1244 1456 295 50 company,
1574 1438 124 66 inc.,
1736 1442 149 49 1935.

203 1528 27 40 3
260 1539 43 37 p.
368 1558 9 17 l.,
409 1526 115 41 3-25
554 1537 42 37 p.
656 1524 115 42 19cm.

136 1593 53 51 ©
220 1598 110 39 Dec.
362 1597 68 46 28,
463 1595 117 41 1935;
636 1595 67 41 2c.
736 1596 96 39 and
863 1594 80 42 aff.
977 1596 111 39 Dec.
1119 1594 83 47 30;
1232 1595 43 39 A
1304 1594 170 47 90035;
1510 1596 54 39 It.
1597 1596 213 46 Kipling,
1843 1596 278 42 Batemans,

204 1653 252 46 Burwash,
493 1653 190 46 Sussex,
718 1651 233 47 England.
1022 1650 192 47 (36-76)

204 1758 136 53 Two
366 1756 314 54 forewords
711 1756 91 67 [by]
851 1755 278 67 Rudyard
1156 1755 264 68 Kipling.
1495 1755 233 55 Garden
1755 1757 150 66 City,
1932 1757 69 53 N.
2031 1757 90 65 Y.,

134 1835 353 66 Doubleday,
513 1835 197 52 Doran
735 1837 45 50 &
804 1851 95 49 co.,
926 1833 124 63 inc.,
1077 1836 148 50 1935.

205 1904 1457 51 6 p. 1., 3-4 numb. l., 2 l., 11-31 numb. l. illus. 20cm.
207 1977 200 40 Printed
435 1987 60 30 on
521 1987 90 29 one
636 1976 105 40 side
765 1975 53 41 of
841 1976 101 40 leaf
967 1986 60 30 on
1053 1975 218 48 opposite
1293 1985 160 39 pages.

209 2033 144 41 “This
380 2033 108 40 first
513 2031 182 42 edition
721 2031 43 42 is
790 2031 186 41 limited
1002 2035 48 37 to
1072 2031 85 41 950
1184 2031 201 49 copies.”

207 2089 285 41 Forewords
516 2090 49 39 to
590 2090 82 39 the
695 2088 108 42 first
827 2087 200 50 Kipling
1049 2092 73 37 set
1147 2088 253 49 published
1425 2089 60 48 by
1512 2088 263 42 Scribner’s
1800 2090 47 39 in
1876 2090 110 41 1897
2017 2091 105 46 (the

138 2147 233 40 Outward
415 2145 159 41 bound
616 2144 208 48 edition)
874 2146 95 39 and
1015 2148 48 37 to
1108 2145 80 41 the
1231 2144 261 48 anthology
1535 2145 68 40 “A
1646 2146 202 48 Kipling
1886 2147 236 47 pageant”

138 2202 254 49 published
415 2202 62 48 by
502 2200 297 49 Doubleday,
827 2201 165 41 Doran
1017 2202 35 40 &
1079 2211 233 38 company
1337 2202 51 39 in
1410 2201 128 42 1935.
1598 2202 61 48 cf.
1685 2203 41 39 A
1753 2206 109 37 note
1890 2203 126 41 from
2043 2205 81 40 the

136 2258 263 50 publisher.

140 2325 53 53 ©
222 2331 115 39 Nov.
369 2329 69 47 29,
470 2329 116 41 1935;
642 2330 67 39 2c.
740 2331 96 38 and
866 2330 80 39 aff.
980 2331 111 39 Dec.
1124 2330 80 46 16;
1236 2331 42 38 A
1308 2329 167 42 88729:
1513 2331 52 39 R.
1600 2331 213 48 Kipling,
1848 2332 276 49 Batemans,

209 2388 251 46 Burwash,
494 2388 192 45 Sussex,
718 2386 233 47 England.
1022 2386 191 47 (36-16)

138 2489 429 67 Koenigswald,
597 2490 222 53 Harald
847 2506 130 48 von,
1009 2496 170 48 1906-

211 2566 333 69 Sickingens
619 2568 164 52 letzte
841 2568 187 66 fehde,
1085 2585 110 34 von
1252 2568 226 52 Harald
1536 2586 109 34 von
1701 2568 422 68 Koenigswald.

139 2645 254 66 Leipzig,
421 2647 64 51 P.
517 2645 228 52 Reclam
775 2644 118 68 jun.
929 2648 171 64 [1934]

211 2719 66 43 71,
310 2718 53 48 [1]
393 2728 41 36 p.
492 2718 57 37 16
550 2719 43 20 cm
598 2748 9 9 .
674 2718 92 46 (On
797 2727 159 28 cover:
986 2717 222 39 Reclams
1236 2717 248 40 universal
1514 2716 279 47 bibliothek,
1821 2728 72 29 nr.
1923 2717 139 47 7267)

143 2783 1983 53 © Sept. 11, 1934; 1c. Jan. 21, 1935; A-Foreign 26680: Philipp Reclam
211 2843 101 47 jun.
386 2843 248 49 (35-7694)

143 2945 382 65 Kournakoff,
557 2946 204 65 Sergei
791 2945 296 66 Nicholas,
1126 2949 167 50 1892-

213 3022 1909 69 Savage squadrons, by Sergei Kournakoff … Boston, New
145 3100 176 64 York,
349 3100 166 67 Hale,
542 3099 290 56 Cushman
859 3103 44 50 &
931 3100 161 53 Flint
1144 3104 152 63 [1935]

212 3187 27 40 8
264 3198 43 38 p.
368 3219 8 16 l.,
404 3184 143 42 3-360
573 3198 43 37 p.
676 3186 163 47 front.,
866 3187 169 49 plates,
1063 3188 161 47 ports.,
1252 3197 124 39 map.
1436 3187 143 40 21½cm.

213 3256 139 50 Maps
379 3268 61 30 on
468 3257 361 50 lining-papers.

214 3314 162 41 “First
400 3314 230 49 printing,
657 3313 216 48 October,
902 3313 159 41 1935.”

145 3380 53 53 ©
230 3384 100 41 Oct.
360 3385 69 45 28,
458 3384 113 40 1935;
630 3384 66 41 2c.
729 3385 95 39 and
855 3384 78 40 aff.
967 3386 109 38 Dec.
1108 3385 80 40 13:
1219 3385 41 38 A
1291 3384 168 46 88647;
1497 3384 42 40 S.
1572 3385 56 40 N.
1661 3383 318 43 Kournakoff,
2011 3385 118 40 New

215 3442 143 39 York.
429 3441 191 47 (36-80)

146 3543 248 64 Laidler,
424 3545 198 63 Harry
649 3544 372 64 Wellington,
1055 3550 169 49 1884-

216 3621 263 52 America
524 3623 58 50 in
627 3622 93 51 the
767 3622 350 65 depression;
1162 3621 358 65 supplement
1565 3620 62 51 of
1672 3622 148 50 How
1863 3621 266 52 America

148 3697 1955 143 lives, by Harry W. Laidler … New York, League of industrial democracy [ c 1935]
221 3859 56 40 32
304 3869 42 37 p.
403 3857 142 40 20½cm.

151 3925 53 52 ©
227 3930 120 38 Mar.
373 3928 68 48 30,
469 3927 116 41 1935;
637 3929 66 39 2c.
732 3929 109 47 Apr.
869 3929 52 45 2;
950 3927 81 41 aff.
1060 3929 111 46 May
1199 3928 52 43 2;
1281 3929 39 37 A
1376 3926 140 41 82878:
1549 3928 191 45 League
1763 3928 78 40 for
1869 3925 262 42 industrial

220 3987 291 46 democracy.
