2526 4384
1109 4067 97 53 187

229 522 149 46 xxvii,
407 522 86 39 666
519 533 40 36 p.
618 522 54 39 23
677 524 43 20 cm
725 554 8 7 .

165 575 51 52 ©
244 580 108 38 Feb.
379 579 69 45 14,
476 577 117 41 1935;
644 576 65 42 2c.
739 580 95 38 and
862 578 80 40 aff.
972 578 109 39 Feb.
1109 577 57 40 26;
1220 578 42 38 A
1288 577 143 41 79822;
1490 577 412 41 Commonwealth
1928 576 55 41 of

234 578 1908 105 Pennsylvania,
499 635 316 49 Harrisburg,
844 636 81 38 Pa.

159 723 263 67 Phillips,
450 726 125 52 Asa
602 726 239 64 Emory,
872 730 171 50 1869-

229 801 292 53 Monsieur
557 803 206 66 Boyer,
801 821 30 34 a
867 803 224 52 French
1124 801 315 67 Huguenot
1473 801 126 54 who
1632 802 224 52 became
1892 819 72 35 an

162 801 1970 130 English
311 897 133 34 man
483 879 63 53 of
582 880 225 65 letters;
847 880 160 65 born,
1044 879 196 54 Pierre
1278 879 149 53 Abel
1464 879 68 53 de
1569 880 206 64 Boyer,
1814 884 56 47 at
1911 878 245 65 Castres,

162 957 234 65 France,
437 956 151 53 June
631 958 84 65 24,
759 956 164 66 1667;
969 956 150 67 died,
1160 956 147 53 Abel
1350 958 207 63 Boyer,
1601 962 59 47 at
1702 955 255 67 Chelsea,
161 955 1973 143 England,

161 1031 1972 143 November 16, 1729. By Asa E. Phillips … Washington, D.
422 1109 82 66 C.,
538 1110 139 53 Leet
711 1110 260 53 brothers
1008 1128 296 48 company,
1341 1110 439 65 Photo-process
1817 1110 340 66 publishers,

166 1191 146 49 1935.

229 1257 1465 50 3 p. l. , 3-22 p., 1 l. incl. illus. (ports.) facsims. 22½ cm .
216 1313 333 42 Descendants
588 1315 51 41 of
674 1316 83 40 the
795 1316 137 40 three
970 1315 219 40 kinsmen:
1257 1314 167 43 Pierre
1461 1316 121 39 Abel
1617 1316 58 40 de
1713 1316 170 47 Boyer,
1923 1317 233 47 François

161 1371 57 43 de
243 1370 171 50 Boyer,
443 1370 276 44 Guillaume
744 1372 59 42 de
830 1371 157 49 Boyer:
1043 1373 24 38 1
1096 1371 100 42 leaf
1222 1375 51 38 at
1301 1372 105 42 end.

165 1426 51 52 ©
241 1431 110 39 Feb.
377 1430 38 47 8,
441 1429 116 41 1935;
606 1429 66 41 2c.
701 1431 95 38 and
821 1428 84 40 aff.
930 1430 110 39 Feb.
1067 1429 27 39 9;
1146 1430 42 38 A
1215 1428 145 41 79598;
1410 1430 54 38 A.
1493 1431 52 38 E.
1573 1429 221 49 Phillips,
1821 1429 336 49 Washington.

240 1486 249 49 (35-3099)

162 1576 278 64 Pierpont
467 1577 251 64 Morgan
745 1575 243 66 library,
1013 1578 139 52 New
1181 1577 178 53 York.

231 1654 120 53 The
405 1653 280 67 Pierpont
738 1653 245 67 Morgan
1037 1653 219 66 library
1309 1654 317 53 exhibition
1680 1653 63 54 of
1795 1653 363 54 illuminated

163 1729 377 69 manuscripts
575 1731 134 52 held
747 1736 60 48 at
838 1731 97 53 the
972 1731 140 52 New
1148 1731 164 53 York
1346 1731 197 67 public
1576 1731 249 66 library;
163 1732 1968 129 introduction

162 1807 1969 146 by Charles Rufus Morey … catalogue of the manuscripts by
524 1885 1572 55 Belle da Costa Greene and Meta P. Harrsen …
165 1962 133 54 New
333 1963 178 66 York,
543 1961 319 55 November
898 1966 132 49 1933
1065 1968 58 48 to
1156 1961 176 68 April

1366 1965 153 50 1934.
1609 1962 141 54 [New
1784 1963 180 65 York,
1998 1964 160 52 Priv.

162 2041 191 66 print.,
390 2043 153 63 1934]

230 2110 1428 52 3 p. l. , xxii p., 1 l., 85 p., 2 l. plates, facsims. 31½cm.
234 2168 1924 50 “350 copies privately printed for the Pierpont Morgan library … at
167 2228 77 39 the
274 2227 198 40 Plantin
501 2226 178 49 press.”

233 2284 159 50 “[The]
422 2284 332 41 introduction
777 2283 44 41 is
848 2293 27 31 a
902 2282 285 49 reprinting,
1216 2282 121 42 with
1366 2282 251 42 additions
1644 2284 92 40 and
1769 2282 309 48 corrections,
2106 2282 54 42 of

167 2344 91 37 two
298 2341 197 41 articles
538 2340 158 41 which
737 2342 82 39 the
855 2340 171 42 writer
1063 2340 308 41 contributed
1407 2344 51 37 to
1498 2341 83 41 the
1621 2341 131 48 Arts,
1791 2340 53 41 of
1882 2337 139 52 April
2061 2340 96 41 and

163 2398 137 47 June,
331 2397 263 49 1925.”—p.
626 2398 119 47 xxii,
774 2398 251 40 foot-note.

230 2455 227 41 Includes
481 2454 393 49 bibliographies.

167 2507 51 52 ©
241 2513 117 47 Aug.
383 2514 69 46 17,
477 2511 141 42 1934;
645 2511 66 41 2c.
736 2513 97 38 and
856 2511 81 40 aff.
964 2512 111 39 Dec.
1101 2512 57 39 17;
1209 2512 42 38 A
1274 2510 171 48 77690;
1473 2511 232 48 Pierpont
1731 2512 204 46 Morgan
1959 2510 199 47 library,

232 2569 115 39 New
374 2570 143 39 York.
589 2568 222 49 (35-271)

163 2655 222 68 Potter,
411 2656 239 55 Pitman
676 2657 336 65 Benjamin,
1043 2663 170 50 1892-

231 2734 94 53 An
358 2733 389 56 introduction
779 2741 58 47 to
869 2736 96 52 the
998 2736 170 67 study
1202 2734 64 55 of
1299 2734 410 54 international
1743 2733 412 69 organization,

166 2810 1987 69 by Pitman B. Potter … 4th ed. New York, London. D.
166 2889 1545 70 Appleton-Century company, incorporated [ c 1935]
231 2964 135 47 xviii,
394 2964 85 41 645
506 2976 42 37 p.
605 2964 57 41 23
664 2967 47 21 cm
713 2996 8 7 .
782 2965 116 49 [The
926 2964 214 48 Century
1169 2963 220 49 political
1417 2963 186 41 science
1633 2961 164 48 series,
1827 2962 70 43 ed.
1929 2963 61 47 by
2021 2962 51 41 F.
2102 2963 53 39 A.

165 3020 112 49 Ogg]

233 3078 322 41 “Documents
587 3077 307 49 illustrating
926 3076 352 42 international
1312 3075 366 50 organization”:
1746 3086 41 38 p.
1822 3073 219 42 495-622.

233 3134 348 48 Bibliography:
637 3146 41 37 p.
709 3134 215 40 623-640.

165 3185 51 53 ©
239 3190 109 42 Feb.
372 3192 69 47 15,
465 3192 115 41 1935;
634 3192 66 40 2c.
726 3191 111 41 Feb.
862 3190 60 42 20:
973 3191 81 41 aff.
1083 3191 109 41 Feb.
1220 3190 54 39 21;
1330 3191 43 38 A
1397 3190 142 41 80521;
1596 3190 58 39 D.
1680 3189 477 49 Appleton-Century

232 3259 80 37 co.,
340 3249 90 40 inc.
501 3249 251 48 (35-3148)

159 3332 218 56 Punch,
451 3357 50 34 v.
532 3342 116 62 188,
673 3358 90 34 no.
790 3342 153 63 4884,
970 3340 262 65 January
1261 3341 81 63 16,
1371 3341 151 49 1935.

168 3406 1986 53 © 1c. Mar. 14, 1935; A ad int. 20034; pubd. Jan. 16; Herbert Heather,
231 3467 209 42 London.

160 3540 202 69 Reilly,
391 3543 253 54 William
673 3544 173 65 John,
879 3549 172 49 1899-

233 3617 259 70 Straight
524 3621 298 68 thinking:
857 3622 127 50 how
1015 3628 58 46 to
1106 3622 153 52 solve
1286 3638 144 48 your
1460 3619 254 52 business
1745 3617 301 68 problems,
2077 3617 75 67 by

160 3695 1967 144 William J. Reilly … New York and London, Harper & brothers, 1935.
228 3857 32 28 x
284 3859 56 36 p.,
365 3850 24 37 1
450 3878 9 17 l.,
486 3848 87 40 168
595 3859 42 37 p.
692 3848 177 48 diagrs.
925 3847 59 40 20½
1014 3849 46 22 cm
1062 3878 8 8 .

230 3903 159 41 “First
419 3904 224 40 edition.”

167 3954 54 51 ©
247 3959 109 40 Feb.
386 3960 39 47 6,
453 3959 114 41 1935;
623 3960 67 41 2c.
721 3961 110 39 Feb.
863 3962 82 46 14;
978 3960 81 40 aff.
1092 3960 110 39 Feb.
1232 3959 81 47 16;
1348 3960 42 38 A
1420 3959 170 46 80474;
1623 3959 194 45 Harper
1848 3957 38 39 &
1914 3958 124 39 bros.

241 4015 248 49 (35-3141)
