2424 4375
1065 3998 97 53 879

183 499 82 41 287
296 509 42 37 p.
398 497 58 40 19
456 499 44 21 cm
505 528 9 9 .

114 564 1978 58 © 1c. May 24, 1935; A ad int. 20250; pubd. Apr. 1; Margaret Grant Cook,
183 629 206 39 London.
461 626 249 47 (35-9390)

112 728 330 63 Shepherds
475 727 349 63 consistory.
897 728 276 64 Supreme
1205 725 181 67 lodge.

183 797 1914 74 Shepherds consistory, the accepted Christian rite … adopted
115 901 58 34 as
212 882 92 52 the
350 880 197 53 official
592 880 174 52 ritual
811 881 111 51 and
964 878 250 67 manual,
1260 878 140 52 with
1445 876 386 69 instructions,
1879 876 94 53 for
2020 876 77 52 all

113 959 188 68 lodges
352 958 63 53 of
469 957 325 68 Shepherds
846 956 313 68 consistory
1208 956 75 68 by
1334 956 93 52 the
1484 954 275 69 Supreme
1810 955 166 68 lodge
2030 951 65 55 of

112 1032 1675 72 Shepherds consistory. Boston, C. C. Ashurst [ c 1934]
180 1136 46 35 x,
253 1123 55 42 82
334 1135 41 38 p.
433 1124 54 39 15½
519 1126 45 21 cm
568 1154 8 9 .

117 1192 51 53 ©
193 1196 106 40 Jan.
329 1196 67 45 14,
426 1195 139 45 1935;
595 1194 66 40 2c.
691 1196 95 37 and
816 1193 80 40 aff.
927 1194 107 39 Jan.
1066 1193 82 46 23.;
1179 1194 43 38 A
1247 1192 169 47 79312;
1450 1193 201 40 Charles
1680 1193 50 41 C.
1760 1192 211 41 Ashurst

192 1252 246 48 (35-9160)

115 1356 289 53 Standard
438 1356 420 66 Pennsylvania
892 1355 274 67 practice;
1203 1373 31 34 a
1268 1354 275 66 complete
1574 1358 304 49 statement
1908 1354 61 51 of
2003 1354 96 51 the

180 1436 243 65 practice
446 1436 61 52 in
531 1433 133 53 civil
687 1452 149 34 cases
860 1433 58 51 in
942 1433 94 54 the
1061 1433 206 54 Courts
1291 1431 63 53 of
1379 1449 256 35 common
1658 1431 174 67 pleas,
179 1430 1893 149 Municipal
297 1516 159 48 court
478 1511 62 52 of
563 1509 423 66 Philadelphia,
1012 1511 225 64 County
1261 1517 160 47 court
1444 1508 63 53 of
1528 1509 321 67 Allegheny
1873 1516 226 61 county,

184 1590 109 51 and
320 1590 61 51 in
410 1589 92 52 the
536 1588 273 67 Superior
839 1588 110 52 and
981 1589 274 63 Supreme
1284 1592 203 48 courts.
1552 1588 164 53 With
1745 1587 197 53 forms.
2009 1590 89 64 By

181 1665 94 53 the
302 1666 319 67 publishers
650 1665 263 52 editorial
941 1661 162 69 staff;
1136 1666 150 52 Hon.
1317 1665 215 53 Robert
1560 1683 110 33 von
1700 1664 399 68 Moschzisker,

182 1743 319 67 consulting
530 1743 184 53 editor.
795 1760 51 35 v.
872 1745 46 50 2.
965 1742 374 67 [Abatement.
1405 1742 340 53 Limitation
1775 1743 62 52 of
1868 1743 229 54 actions.

187 1821 235 53 Parties.
497 1821 250 52 Motions
786 1820 112 52 and
935 1820 167 66 rules]
1182 1821 321 66 Rochester,
1542 1823 68 50 N.
1652 1823 89 64 Y.,
1780 1822 121 51 The
180 1824 1895 142 Lawyers
334 1897 380 69 co-operative
746 1896 331 70 publishing
1109 1917 296 48 company,
1439 1902 148 49 1935.

187 1986 80 46 vii,
295 1986 82 40 571
405 1996 43 37 p.
505 1985 134 39 front.
681 1984 196 48 (ports.)
942 1984 55 40 23½
1030 1986 44 21 cm
1080 2015 8 8 .

121 2051 51 53 ©
202 2056 108 39 Feb.
342 2055 68 48 27,
446 2055 139 46 1935;
621 2055 66 40 2c.
722 2056 94 38 and
850 2054 80 40 aff.
965 2054 119 48 July
1114 2054 82 45 25;
1233 2055 40 38 A
1306 2053 169 47 85202;
1513 2055 228 47 Lawyers
1777 2054 326 48 co-operative

186 2113 106 47 pub.
321 2123 66 30 co.

119 2216 188 63 Stern,
338 2216 242 53 Gerson.

184 2292 142 65 Weg
366 2292 142 53 ohne
548 2291 167 54 ende:
759 2292 119 52 eine
918 2289 289 67 jüdischer
1249 2309 214 40 roman,
1503 2309 111 35 von
1654 2291 215 55 Gerson
1914 2291 184 52 Stern.

120 2368 703 64 Berlin, E. Reiss [ c 1934]
186 2452 27 42 3
238 2464 43 39 p.
343 2485 8 16 l.,
379 2453 141 42 9-475
549 2465 57 37 p.,
633 2454 22 39 1
706 2486 8 8 l.
777 2453 54 41 19
834 2455 42 21 cm
881 2485 9 9 .

189 2523 193 42 “Erstes
411 2525 73 39 bis
513 2524 190 41 fünftes
734 2525 217 39 tausend."

123 2588 1976 56 © Nov. 8, 1934; 1c. Apr. 26, 1935; A -Foreign 27697; Erich Reiss vertag,
191 2660 39 38 g.
258 2661 59 29 m.
347 2651 40 39 b.
419 2651 42 38 h.
533 2649 249 50 (35-9270)

122 2751 293 64 Stoddart,
445 2752 253 53 William
728 2751 255 63 Wright.

191 2827 254 67 Cleland,
469 2830 35 51 by
569 2829 261 54 William
853 2829 237 67 Wright
1115 2828 304 68 Stoddart;
1452 2828 141 54 with
1619 2848 72 34 an
1718 2829 386 54 introduction

122 2904 73 69 by
235 2906 101 53 Dr.
378 2906 229 55 Samuel
649 2906 80 53 M.
773 2907 262 52 Zwemer.
1128 2907 234 67 Boston,
1403 2907 191 68 Mass.,
1638 2908 120 53 The
1806 2908 295 55 Stratford

124 2987 498 65 company [ c 1935]
189 3057 1385 48 4 p. l.. iv p., 1 l., 357 p. front., plates, ports. 20 cm .
190 3113 40 38 A
251 3113 262 46 biography
535 3114 51 39 of
611 3114 196 39 Cleland
831 3114 69 39 W.
931 3112 232 42 Stoddart
1189 3113 118 40 with
1335 3113 294 42 “Selections
1653 3113 129 40 from
1805 3114 77 41 his
1906 3116 196 40 letters”

134 3166 62 49 (p.
225 3169 222 47 163-216)
486 3170 95 39 and
611 3170 209 47 “Papers
850 3170 95 40 and
975 3178 216 32 sermons
1220 3170 61 47 by
1312 3168 228 42 Cleland”
1568 3168 66 50 (p.
1684 3170 243 50 [217]-357)

129 3220 49 52 ©
204 3226 125 39 June
353 3227 67 46 13,
446 3225 138 47 1935;
614 3226 66 40 2c.
707 3228 128 38 June
859 3227 79 45 15;
967 3225 80 40 aff.
1076 3226 124 39 June
1227 3227 81 45 17;
1338 3227 40 38 A
1404 3225 168 47 84289;
1606 3226 251 41 Stratford
1886 3235 80 39 co.,
195 3227 1893 95 publishers.
449 3281 247 49 (35-9199)

129 3378 338 57 Tennessee.
540 3384 165 51 Laws
712 3428 11 19 ,
750 3389 253 60 statutes,
1030 3390 100 47 etc.

195 3459 128 53 1935
363 3460 341 52 cumulative
740 3462 357 65 supplement
1135 3467 58 46 to
1231 3460 256 53 Michie’s
1523 3464 309 50 Tennessee
1869 3463 133 52 code
2042 3462 62 53 of

136 3536 155 64 1932;
327 3536 331 68 containing
691 3537 76 52 all
800 3538 95 53 the
928 3539 227 65 general
1189 3541 137 51 laws
1359 3538 61 52 of
1457 3542 132 49 1933
1625 3540 111 51 and
1774 3543 151 63 1935,
129 3559 1950 117 complete
299 3616 372 51 annotations.
735 3614 198 55 Under
957 3616 95 51 the
1078 3615 264 53 editorial
1368 3616 354 66 supervision
1749 3616 63 54 of
1837 3618 70 52 A.

126 3619 1954 120 Hewson
246 3689 225 53 Michie.
497 3692 233 52 assisted
753 3693 74 64 by
854 3692 163 54 Chas.
1043 3694 88 52 W.
1162 3692 240 53 Sublett.
1479 3692 476 69 Charlottesville,
1980 3696 125 65 Va.,

130 3764 115 53 The
271 3767 210 52 Michie
510 3785 294 49 company,
837 3772 146 49 1935.

199 3837 541 49 3 p. l., 207 p. 26½ cm .
134 3885 50 53 ©
211 3892 112 49 July
350 3894 68 48 16,
447 3893 139 48 1935;
617 3895 67 40 2c.
715 3895 95 39 and
841 3896 80 40 aff.
952 3897 115 46 July
1098 3896 81 47 19;
1213 3897 40 39 A
1284 3897 169 47 85084;
1486 3897 174 40 Michie
1691 3909 66 29 co.
