2526 4384
1177 4094 64 49 95

258 523 516 50 xvi, 1228 p. 26 ½ cm .
194 579 52 51 ©
275 583 110 39 Dec.
414 581 70 48 28,
509 581 116 41 1934
641 592 9 36 ;
679 581 66 40 2c.
776 582 109 39 Jan.
913 580 69 48 21,
1011 579 140 48 1935;
1184 578 80 41 aff.
1295 580 108 39 Jan.
1432 578 83 48 24;
1545 578 42 39 A
1615 578 169 47 80170';
1817 579 138 39 West
1981 577 109 49 pub.
2120 588 68 30 co.

190 699 272 65 Spencer,
491 699 227 55 Wilbur
745 698 227 65 Daniel,
1001 699 170 54 1872-

260 777 175 53 From
459 783 100 48 out
579 776 97 54 the
700 777 163 65 void;
890 797 30 33 a
945 777 223 52 volume
1191 775 62 54 of
1277 794 175 46 verse,
1473 775 75 66 by
1570 774 229 54 Wilbur
1824 775 71 52 D.
1923 774 265 67 Spencer.

190 855 282 66 Augusta,
502 854 130 65 Me.,
667 857 150 50 1934.

261 923 1028 52 3 p. l. , 97 p. col. front., plates. 21 cm .
195 981 52 51 ©
273 985 110 39 Dec.
407 982 71 49 24,
503 982 141 48 1934;
671 982 67 41 2c.
764 983 107 39 Jan.
899 982 68 48 15,
995 981 140 48 1935;
1163 981 80 40 aff.
1270 982 109 39 Jan.
1404 981 83 47 28;
1516 982 43 39 A
1584 981 170 47 80258;
1782 982 70 40 W.
1881 982 55 39 D.
1968 981 220 49 Spencer,

260 1041 234 47 Augusta,
526 1041 89 39 Me.
687 1038 251 50 (35-1968)

193 1130 197 65 Stock,
417 1129 211 55 Alfred
657 1130 273 65 Edward,
960 1130 171 55 1876-

264 1206 400 65 Quantitative
713 1206 271 53 chemical
1035 1204 265 71 analysis,
1349 1206 76 68 by
1472 1205 213 54 Alfred
1738 1205 174 55 Stock
1966 1222 56 36 :..
2078 1206 112 52 and

193 1283 1996 56 Dr. Arthur Stahler … translated from the fourth German
195 1360 1999 72 edition by Winton Patnode … and L. M. Dennis … 1st ed.
194 1443 138 53 New
382 1443 163 52 York
590 1443 114 51 and
749 1442 257 66 London,
1053 1439 430 56 McGraw-Hill
1528 1441 149 53 book
1722 1459 297 50 company,
2065 1442 128 67 inc.,

196 1524 152 52 1935.

266 1606 45 36 x,
358 1594 87 41 176
489 1605 43 37 p.
592 1593 143 48 illus.,
782 1593 179 48 diagrs.
1020 1592 57 40 21
1080 1595 43 21 cm
1128 1623 9 9 .
1208 1592 300 49 (Half-title:
1553 1592 360 41 International
1961 1593 231 40 chemical

197 1649 1231 50 series, James F. Norris … consulting editor)
198 1705 52 51 ©
281 1709 109 39 Jan.
422 1707 69 48 25,
523 1707 140 47 1935;
695 1707 66 41 2c.
797 1709 95 38 and
924 1707 80 39 aff.
1037 1708 108 39 Jan.
1178 1705 81 48 29;
1293 1707 41 39 A
1367 1706 170 47 80248;
1573 1706 352 41 McGraw-Hill
1956 1707 122 40 book
2111 1717 82 36 co.,

263 1766 88 40 inc.
423 1764 251 49 (35-2054)

194 1854 290 66 Stolberg,
514 1854 337 66 Benjamin,
883 1860 170 50 1891-

267 1933 122 55 The
428 1933 284 53 economic
750 1950 401 50 consequences
1189 1932 63 53 of
1292 1933 97 52 the
1426 1951 125 34 new
1589 1933 145 67 deal,
1773 1934 76 66 by
1887 1934 308 67 Benjamin

198 2010 264 69 Stolberg
515 2012 113 52 and
677 2013 246 55 Warren
973 2012 115 66 Jay
1138 2011 234 54 Vinton.
1463 2012 140 53 New
1655 2011 181 67 York,
1887 2013 308 57 Harcourt,

195 2091 180 52 Brace
404 2090 111 53 and
544 2108 281 50 company
857 2122 13 35 [
875 2095 18 22 c
898 2091 133 51 1935
1037 2122 13 34 ]

266 2160 580 50 6 p. l. , 3-85 p. 19½cm.
270 2217 164 43 “First
462 2217 227 42 edition.”

203 2273 51 54 ©
286 2278 107 40 Jan.
420 2277 71 48 24,
519 2275 118 43 1935
651 2287 9 37 ;
691 2276 68 41 2c.
789 2277 96 40 and
915 2275 81 42 aff.
1029 2276 108 40 Feb.
1168 2277 54 47 1;
1252 2276 44 40 A
1322 2276 171 49 79475;
1526 2277 52 40 B.
1616 2277 221 49 Stolberg
1866 2278 97 41 and
1994 2279 207 41 Warren

268 2336 94 47 Jay
394 2335 194 47 Vinton,
621 2334 117 40 New
770 2334 146 40 York.
987 2332 250 51 (35-1989)

199 2423 204 66 Terry,
430 2422 259 56 Thomas
713 2422 213 67 Philip,
957 2428 171 50 1864-

269 2501 227 67 Terry’s
523 2501 174 67 guide
723 2506 58 49 to
809 2502 254 65 Mexico;
1091 2502 97 54 the
1213 2520 125 34 new
1364 2502 278 52 standard
1668 2502 323 65 guidebook
2015 2508 60 48 to
2102 2503 97 54 the

201 2578 265 53 Mexican
513 2578 274 68 republic,
835 2578 140 53 with
1026 2578 263 67 chapters
1337 2597 73 34 on
1456 2579 96 53 the
1602 2579 286 67 railways,
1937 2581 262 67 airways,

203 2655 1994 69 automobile roads and the ocean routes to Mexico … by T.
202 2732 1997 68 Philip Terry … Rev. ed., remodelled and augmented with
202 2828 150 35 some
388 2828 124 34 new
549 2828 164 48 maps
750 2810 113 52 and
900 2812 184 64 plans.
1156 2810 219 53 Boston
1412 2811 112 52 and
1561 2811 141 53 New
1740 2811 180 67 York,
201 2812 1974 128 Houghton
328 2887 204 52 Mifflin
560 2904 308 49 company;
903 2891 138 62 [etc.,
1067 2890 120 63 etc.]
1224 2889 152 51 1935.

273 2944 1927 67 2 p. l. , [iii]-ccxlix (i. e. cclxvii), [1], 625 (i. e. 687), [3] p. maps (part
204 3015 132 48 fold.,
364 3018 112 47 part
503 3015 196 48 double)
735 3015 140 48 plans
905 3014 135 48 (part
1065 3014 133 48 fold.,
1225 3017 113 46 part
1365 3016 196 48 double)
1625 3017 55 40 16½
1714 3020 43 20 cm
1762 3050 8 7 .

276 3072 158 40 Blank
461 3082 147 39 pages
634 3072 79 39 for
743 3070 423 42 “Memorandum”
1206 3071 81 50 ([3]
1318 3074 53 38 at
1398 3073 116 48 end)

275 3129 374 49 Bibliography:
688 3140 43 37 p.
770 3127 378 41 ccxlvii-ccxlix.

209 3184 52 52 ©
294 3189 108 38 Jan.
436 3187 68 48 15,
538 3185 139 48 1935;
714 3185 65 40 2c.
814 3186 96 38 and
943 3184 80 41 aff.
1057 3184 110 39 Feb.
1199 3185 53 47 4;
1289 3185 41 38 A
1363 3184 170 50 79500;
1569 3185 51 41 T.
1656 3188 48 38 P.
1740 3188 166 50 Terry,
1939 3190 261 49 Hingham,

276 3247 144 38 Mass.
492 3243 250 49 (35-2037)

204 3322 208 51 Texas.
491 3321 178 53 Court
699 3320 64 65 of
792 3318 263 53 criminal
1084 3319 249 66 appeals.

210 3395 1967 149 The Texas criminal reports; cases determined … during February,
440 3475 220 67 March,
701 3473 191 69 April,
935 3474 113 52 and
1086 3480 132 61 part
1260 3473 63 53 of
1365 3474 157 68 May,
1565 3478 150 52 1933.
1794 3480 290 66 Reported
2125 3481 76 67 by

210 3553 219 68 George
458 3554 278 55 Calhoun,
797 3570 52 34 v.
881 3554 116 50 123.
1066 3551 247 67 [Austin,
1339 3555 155 64 Tex.]
1528 3553 120 55 The
1680 3556 176 62 State,
1887 3560 149 50 1934.

277 3627 136 47 xxiii,
444 3626 88 40 702;
554 3637 43 37 p.
655 3626 54 39 23½
743 3628 46 20 cm
790 3654 8 8 .

212 3680 52 51 ©
291 3685 108 39 Jan.
426 3685 69 46 17,
522 3682 140 47 1935;
691 3682 65 40 2c.
785 3682 96 40 and
909 3680 81 41 aff.
1020 3681 105 40 Jan.
1154 3680 83 47 21;
1266 3681 43 39 A
1334 3681 169 48 79286;
1537 3681 183 50 George
1749 3684 232 48 Calhoun,
2011 3686 191 48 Austin,

279 3742 112 39 Tex.

208 3816 217 63 Truax,
453 3815 225 55 Rhoda.

287 3888 1915 69 Barry Scott, M. D. … a novel by Rhoda Truax … New
218 3966 1173 68 York, E. P. Dutton & co., inc. [ c 1935]
285 4038 85 41 279
399 4050 43 37 p.
501 4037 59 41 19½
589 4039 45 23 cm
638 4069 9 9 .
