2424 4375
1257 4105 63 49 584

302 479 274 66 Walters,
607 482 137 51 Mrs.
775 480 212 53 Maude
1019 480 271 64 (Owens)
1329 486 171 49 1891-

377 556 121 53 The
535 556 266 68 teaching
837 557 62 52 of
939 556 244 68 English
1221 557 59 52 in
1318 559 95 52 the
1451 558 258 66 primary
1745 559 202 66 grades
1986 558 63 52 of
2086 561 212 51 Puerto

306 632 140 54 Rico;
504 654 30 33 a
559 653 192 35 course
775 635 63 51 of
861 635 170 66 study
1058 635 112 52 and
1194 635 268 53 teacher’s
1487 637 249 66 manual,
1761 637 73 66 by
1857 637 210 53 Maude
2093 638 204 54 Owens

303 710 1991 73 Walters … Josefita Monserrate … Herminia Acevedo … [and]
303 789 1970 147 Manuela Dalm á u de Blanco … [Rio Piedras, P. R., The University,
565 872 150 63 1935]

305 940 1977 107 7 p., 1 l., 9-251 p. 23 cm . (On cover; University of Puerto Rico. College of education publications, no. 12)
377 1070 72 41 On
494 1080 141 30 cover;
710 1070 319 47 Department
1075 1069 51 41 of
1171 1071 298 46 elementary
1514 1069 271 42 education.
1862 1068 217 43 Bulletin
2126 1082 73 29 no.
2246 1073 25 38 4;

306 1128 154 39 whole
482 1137 77 30 no.
583 1127 40 39 4.

372 1185 224 39 Includes
627 1183 389 48 bibliographies.

377 1241 166 48 Songs,
568 1240 120 41 with
717 1240 155 41 music;
925 1251 44 37 p.
997 1240 157 41 68-70.

307 1307 54 52 ©
399 1312 120 39 Mar.
559 1312 41 46 8,
637 1310 141 47 1935;
817 1310 67 40 2c.
922 1311 95 39 and
1056 1309 83 41 aff.
1177 1311 123 38 Mar.
1338 1309 81 48 19;
1460 1310 41 39 A
1539 1309 143 40 81049;
1752 1311 61 38 M.
1855 1310 51 42 O.
1945 1312 227 48 Walters,
2211 1310 90 43 Rio

374 1368 217 47 Piedras,
621 1368 181 39 Puerto
830 1367 132 40 Rico.
1032 1366 280 48 (35-27699)

304 1470 200 65 Webb,
533 1471 284 55 Barbara.

374 1546 180 69 Misty
580 1546 314 55 mountain.
963 1548 388 66 [Instalments
1379 1551 151 63 1-26]

386 1636 79 46 (In
504 1631 206 42 Dundee
743 1631 204 43 Courier
982 1631 96 42 and
1114 1630 294 51 advertiser,
1446 1630 122 52 Apr.
1604 1633 42 48 5,
1683 1632 41 49 6,
1762 1632 134 48 8-13,
1935 1632 163 49 15-20,
2135 1634 164 50 22-27,

307 1690 72 48 29,
408 1690 72 49 30,
506 1689 119 51 May
656 1688 101 50 1-4,
787 1687 142 51 1935)

305 1759 1994 53 © 1c. each May 28, 1935; A ad int. 20273; pubd. Apr. 5, 6, 8, 9, 10, 11,
377 1820 69 46 12,
471 1820 68 47 13,
567 1820 69 46 15,
664 1819 68 47 16,
761 1819 68 47 17,
855 1818 68 47 18,
950 1817 69 47 19,
1045 1818 70 48 20,
1140 1818 70 48 22,
1236 1818 71 47 23,
1332 1819 71 46 24,
1429 1817 69 48 25,
1526 1818 70 47 26,
1623 1817 72 48 27,
1721 1818 70 48 29,
1817 1818 69 48 30,
1914 1819 114 47 May
2056 1821 38 45 1,
2124 1819 40 46 2,
2190 1820 40 46 3,
2257 1819 42 48 4,

376 1876 140 48 1935;
545 1877 298 47 Doubleday,
871 1876 165 39 Doran
1063 1875 37 40 &
1125 1886 82 38 co.,
1234 1875 104 48 inc.,
1369 1875 193 40 Garden
1590 1874 125 48 City,
1742 1876 56 38 N.
1826 1876 54 40 Y.

303 1978 289 66 Webster,
624 1981 206 62 Henry
857 1978 273 66 Kitchell,
1165 1980 324 54 1875-1932.

377 2056 121 54 The
533 2058 219 67 alleged
786 2061 343 64 great-aunt,
1166 2058 184 66 begun
1387 2057 73 67 by
1496 2059 202 64 Henry
1735 2057 255 53 Kitchell
2025 2057 273 67 Webster,

303 2135 316 68 completed
642 2136 73 66 by
739 2136 173 54 Janet
935 2136 156 66 Ayer
1115 2135 294 52 Fairbank
1433 2135 112 52 and
1568 2137 296 65 Margaret
1885 2136 156 66 Ayer
2066 2138 231 50 Barnes.

305 2213 416 67 Indianapolis,
746 2215 136 52 New
908 2213 178 65 York,
1111 2214 120 52 The
1258 2212 440 54 Bobbs-Merrill
1723 2231 279 49 company
2032 2246 12 34 [
2050 2220 17 20 c
2073 2217 150 62 1935]

373 2286 359 49 309 p. 20 ½cm .
374 2344 162 40 “First
567 2342 226 42 edition.”

305 2412 54 52 ©
390 2416 113 46 May
535 2414 69 47 10,
637 2414 141 46 1935;
811 2413 66 40 2c.
909 2415 116 46 May
1055 2413 82 47 15;
1172 2412 82 40 aff.
1288 2414 113 46 May
1433 2412 57 40 16;
1551 2412 41 40 A
1624 2412 169 47 81830;
1832 2412 367 40 Bobbs-Merrill
2231 2424 66 29 co.

385 2471 279 49 (35-27183)

308 2572 305 66 Williams,
645 2574 256 55 Thomas
932 2574 209 59 David,
1177 2576 165 52 1872-

379 2652 123 52 The
538 2657 156 61 story
735 2651 64 53 of
837 2669 31 34 a
906 2650 239 67 mother,
1184 2651 73 67 by
1298 2651 135 52 Rev.
1476 2650 247 53 Thomas
1763 2647 192 55 David
1994 2649 303 54 Williams.

308 2730 131 51 New
483 2729 178 65 York,
698 2727 325 54 Cincinnati
1084 2732 119 61 [etc.]
1245 2725 279 69 Benziger
1560 2726 276 67 brothers,
1874 2729 147 48 1935.

416 2833 9 16 x,
457 2802 85 40 374
573 2812 42 37 p.
677 2812 76 37 pl.,
786 2803 148 46 ports.
994 2800 56 40 19
1052 2804 43 20 cm
1101 2833 8 8 .

307 2869 54 52 ©
391 2874 122 39 Mar.
542 2873 70 47 25,
642 2872 113 41 1935;
816 2873 66 39 2c.
913 2873 113 47 Apr.
1060 2872 55 40 18;
1176 2872 80 38 aff.
1289 2872 113 47 Apr.
1434 2871 24 38 1;
1519 2871 40 38 A
1590 2870 143 41 82558;
1795 2870 233 48 Benziger
2060 2871 124 39 bros.

387 2929 250 49 (35-5952)

315 3031 325 66 [Woolfolk,
672 3033 203 53 Josiah
908 3031 158 54 Pitts]
1127 3038 166 48 1894-

379 3108 161 53 Trial
572 3109 112 52 and
713 3128 182 47 error;
931 3129 33 33 a
992 3106 330 70 dithyramb
1352 3127 71 34 on
1454 3108 97 53 the
1577 3108 220 67 subject
1825 3107 63 54 of
1918 3107 234 68 writing
2183 3108 111 52 and

307 3185 221 69 selling,
565 3187 74 66 by
674 3186 147 55 Jack
854 3187 323 54 Woodford
1218 3186 230 67 [pseud.]
1525 3187 137 53 New
1698 3186 163 53 York
1896 3185 131 67 city,
2067 3185 229 68 Carlyle

307 3264 187 62 house,
529 3268 148 49 1935.

382 3345 46 36 X,
476 3333 56 49 [2],
561 3332 172 41 13-298
761 3344 42 37 p.
864 3333 53 39 21
921 3335 43 21 cm
970 3365 8 7 .

383 3404 234 39 “Revised
651 3402 355 41 edition—fifth
1038 3403 257 49 printing.”

311 3472 52 53 ©
391 3476 114 48 Apr.
538 3476 68 47 15,
637 3476 139 46 1935;
809 3477 66 38 2c.
908 3477 95 38 and
1034 3476 81 39 aff.
1146 3476 114 47 Apr.
1292 3476 82 46 27;
1407 3476 41 39 A
1480 3475 169 47 81606;
1685 3477 43 38 J.
1761 3477 50 38 P.
1844 3475 256 47 Wool-folk,
377 3474 1901 106 Hollywood,
554 3533 141 40 Calif.
761 3532 277 50 [Copyright
1066 3533 41 39 is
1134 3532 203 40 claimed
1365 3544 59 28 on
1452 3533 223 47 changes,
1746 3532 249 47 (35-6138)

309 3637 357 64 Yanagawa,
698 3637 257 63 Shuuyo,
990 3637 322 54 1877-1918.

382 3713 120 52 The
531 3731 141 47 vow,
703 3715 73 63 by
811 3714 232 64 Shunyo
1075 3716 359 63 Yanagawa;
1465 3713 313 52 translated
1809 3713 152 52 from
1991 3712 96 53 the
312 3714 1955 126 Japanese
461 3790 73 66 by
559 3792 101 50 Dr.
687 3794 62 48 T.
777 3791 236 50 Kihara.
1076 3792 231 52 Boston,
1333 3793 65 49 B.
1425 3790 370 66 Humphries,
1819 3791 105 50 inc.
1957 3793 190 62 [c1935]

378 3876 85 40 536
490 3887 43 37 p.
591 3874 55 40 19½
678 3878 44 21 cm
725 3906 9 8 .

313 3941 52 53 ©
387 3945 109 40 Feb.
521 3945 68 48 14,
613 3945 139 46 1935;
778 3945 68 40 2c.
870 3946 114 46 May
1006 3945 81 47 13;
1114 3944 81 40 aff.
1222 3945 113 47 May
1360 3944 80 46 17;
1468 3944 39 39 A
1532 3943 141 42 83131;
1728 3943 51 40 T.
1806 3942 204 48 Kihara,
2035 3942 256 47 Pocatello,

382 4003 70 39 Id.
