2424 4375
1235 4012 133 54 1728

319 399 322 66 Vanlande,
671 400 178 66 René,
879 405 170 50 1886-

453 478 1764 69 … Comptoirs en Chine. Paris, J. Peyronnet et cie. [ c 1935]
391 562 1912 51 3 p. l., [9]-206 p., 1 l. front. (port.) 19 ½ cm. (Collection “Outre mer)
321 632 1908 53 © May 10, 1935; 1c. Aug. 29; A- Foreign 28914; J. Peyronnet et cie.
401 692 279 49 (35-35406)

321 818 291 66 Weinper,
646 817 192 65 Zishe,
873 820 170 51 1893-

391 894 81 54 At
509 895 94 52 the
641 893 123 54 rich
801 893 176 53 man’s
1016 899 159 62 gate;
1218 910 190 51 poems
1446 892 74 69 by
1560 892 57 53 Z.
1658 892 298 68 Weinper;
2001 893 307 53 translated

321 972 72 69 by
429 973 231 52 Morton
699 971 276 66 Deutsch;
1015 970 386 53 introduction
1439 970 73 69 by
1550 969 189 54 Isidor
1778 970 323 53 Schneider.
2178 971 132 53 New

323 1049 177 69 York,
533 1045 527 59 Coward-McCann
1098 1083 12 34 [
1116 1055 17 22 c
1139 1050 132 50 1935
1278 1082 13 34 ]

388 1135 594 50 3 p. l. , 5-62 p. 19½cm.
322 1207 53 53 ©
401 1212 116 46 Aug.
548 1210 70 47 22,
645 1210 117 40 1935;
816 1210 66 39 2c.
912 1209 95 40 and
1036 1208 81 40 aff.
1145 1208 120 48 Aug.
1294 1208 54 40 23;
1408 1208 39 39 A
1476 1208 147 40 85610;
1679 1209 45 39 Z.
1755 1207 238 50 Weinper,
2023 1209 116 40 New
2166 1206 145 44 York.

400 1267 279 48 (35-23928)

320 1392 287 64 Whipple,
634 1394 138 52 Mrs.
801 1391 286 64 Dorothy.

393 1469 91 55 On
532 1468 296 69 approval,
872 1467 74 69 by
992 1467 263 67 Dorothy
1299 1465 292 69 Whipple.
1671 1466 256 66 London,
1970 1466 57 53 J.
2076 1466 232 69 Murray

345 1551 153 63 [1935]

388 1633 87 42 308
501 1643 45 40 p.
606 1632 116 41 19cm.

393 1704 146 42 Short
568 1702 190 43 stories.

391 1774 163 42 “First
580 1772 228 44 edition.”

323 1843 53 53 ©
400 1848 18 38 3
429 1858 37 29 c.
491 1847 117 39 Nov.
634 1845 69 49 30,
729 1844 142 47 1935;
897 1844 41 39 A
963 1844 63 39 ad
1052 1844 85 39 int.
1164 1843 142 40 20833;
1362 1843 141 47 pubd.
1533 1843 101 40 Oct.
1662 1844 52 44 4;
1745 1845 57 39 D.
1830 1844 234 49 Whipple,
391 1843 1903 108 Nottingham,
544 1903 234 47 England.
853 1901 278 48 (35-37762)
2076 1899 145 43 10999

319 2028 123 53 The
471 2025 199 56 White
699 2046 92 34 sea
821 2026 189 66 canal;
1044 2026 171 66 being
1245 2043 72 35 an
1348 2030 235 48 account
1614 2024 64 52 of
1709 2025 95 53 the
1835 2023 381 56 construction
2248 2027 62 52 of

389 2105 97 53 the
525 2123 123 34 new
690 2104 161 53 canal
892 2103 249 53 between
1182 2101 95 54 the
1314 2101 195 55 White
1549 2120 91 34 sea
1682 2101 113 54 and
1835 2101 96 54 the
1972 2101 189 54 Baltic
2201 2120 108 35 sea.

391 2181 226 54 written
647 2182 74 68 by
747 2180 64 54 L.
842 2179 318 66 Auerbach,
1192 2181 68 51 B.
1292 2179 262 69 Agapov,
1583 2178 58 56 S.
1671 2178 233 54 Alimov
1956 2179 112 53 [and
2099 2180 206 67 others]

453 2255 1856 72 … and edited by Maxim Gorky [pseud.] L. Auerbach and
392 2337 58 55 S.
493 2337 67 56 G.
604 2335 183 54 Firm.
865 2334 244 70 English
1153 2334 216 53 edition
1412 2335 279 68 prepared
1734 2334 154 54 from
1931 2335 95 54 the
2064 2333 245 56 Russian

390 2415 221 53 version
647 2414 112 54 and
794 2412 207 69 edited,
1037 2411 140 55 with
1213 2432 31 33 a
1277 2411 210 69 special
1522 2412 405 67 introduction,
1961 2413 75 69 by
2071 2413 235 55 Amabel

389 2491 465 55 Williams-Ellis:
915 2490 137 52 with
1084 2493 66 49 32
1183 2489 376 53 illustrations
1588 2490 112 53 and
1727 2490 372 70 sketch-map.
389 2492 1895 146 London,
547 2569 157 56 John
730 2569 155 53 Lane
918 2571 173 65 [1935]

389 2653 1918 54 3 p. l., ix-xvii p., 1 l., 356 p. front., illus. (map) plates, ports. 22cm.
390 2727 257 41 American
689 2725 183 42 edition
924 2725 140 48 (New
1106 2725 143 46 York,
1292 2725 60 39 H.
1396 2724 157 40 Smith
1595 2724 97 40 and
1733 2725 54 39 R.
1829 2725 160 48 Haas)
2040 2727 89 39 has
2171 2728 133 39 title:

322 2782 222 43 Belomor;
602 2793 63 30 an
696 2783 203 39 account
930 2781 52 41 of
1012 2780 82 42 the
1123 2779 330 42 construction
1484 2779 53 42 of
1567 2781 81 41 the
1677 2791 105 31 new
1812 2784 139 37 canal
1984 2782 213 42 between
2228 2785 77 39 the

320 2841 162 42 White
509 2850 81 31 sea
619 2838 97 41 and
745 2839 81 41 the
855 2837 160 41 Baltic
1042 2846 96 32 sea.

391 2909 348 50 Bibliography:
794 2920 43 38 p.
865 2909 96 41 xiv.

324 2978 1985 53 © 1c. Nov. 16, 1935; A ad int. 20751; pubd. Nov. 8; Harrison Smith &
392 3039 179 39 Robert
596 3039 150 44 Haas,
769 3037 105 46 inc.,
898 3037 115 38 New
1038 3036 143 38 York.
1252 3034 278 48 (35-36732)

322 3161 327 62 Whitelaw,
681 3160 208 55 David.

391 3238 175 53 Hotel
597 3237 243 64 sinister,
872 3238 72 65 by
976 3236 191 55 David
1196 3237 323 53 Whitelaw.
1586 3237 257 63 London,
1874 3237 68 55 G.
1976 3239 147 64 Bles,
2157 3241 145 49 1935.

393 3323 552 50 2 p. l. , 284 p. 19cm.
324 3390 1981 53 © 1c. Nov. 21, 1935; A ad int. 20783; pubd. Sept. 23; D. Whitelaw,
390 3451 239 45 Roedeau,
666 3451 192 46 Sussex,
889 3449 235 48 England.
1194 3448 278 47 (35-86,774)

321 3572 302 65 Williams,
658 3573 259 63 Charles,
953 3576 171 51 1886-

391 3650 322 67 Rochester,
753 3651 74 67 by
867 3650 237 54 Charles
1141 3648 302 54 Williams.
1519 3648 255 66 London,
1817 3646 68 54 A.
1928 3646 236 67 Barker,
2202 3645 100 54 ltd.

327 3730 171 63 [1935]

390 3812 844 48 vi, 274 p. front. (port.) 22cm.
325 3878 52 52 ©
400 3883 18 38 3
430 3893 36 29 c.
491 3882 100 39 Oct.
616 3882 69 46 30,
710 3881 139 42 1935;
876 3884 39 37 A
939 3884 62 38 ad
1025 3883 85 39 int.
1136 3882 169 47 20673;
1334 3882 141 47 pubd.
1505 3882 126 46 Sept.
1656 3880 52 48 2;
1737 3881 49 40 C.
1812 3879 255 46 Williams,
2094 3878 205 39 London.

405 3938 278 47 (35-34903)
