2424 4375
1259 4089 134 50 1764

403 550 56 41 95
489 562 43 37 p.
592 551 59 40 20
650 553 43 22 cm
700 583 8 8 .

405 609 183 39 Poems.

331 661 1827 52 © Nov. 20, 1935; 2c. and aff. Nov. 29; A 88400; Story book press.
409 722 280 48 (35-34892)

332 804 217 63 Brady,
578 804 155 53 John
765 805 215 60 Edson,
1010 805 84 51 eel.

402 881 120 52 The
550 880 277 54 Uniform
853 880 322 69 negotiable
1200 880 368 53 instruments
1598 884 102 49 act.
1769 883 134 49 1932
1931 879 84 52 ed.

334 878 1964 133 Supplemented
594 958 73 68 by
703 958 96 52 the
836 958 168 52 Bank
1039 958 295 52 collection
1372 958 152 66 code,
1562 958 95 53 the
1693 957 274 55 Uniform
2003 957 319 54 fiduciaries

334 1041 105 60 act,
479 1036 258 67 Holiday
775 1040 256 61 statutes,
1070 1036 112 52 and
1221 1036 162 53 other
1420 1040 237 48 statutes
1699 1034 269 70 affecting
2006 1035 317 70 negotiable

336 1131 193 50 paper,
555 1111 136 55 with
720 1113 76 53 all
822 1113 385 54 amendments
1230 1117 60 49 to
1315 1113 262 68 January
1606 1117 46 63 1,
1679 1116 153 64 1932,
1855 1113 188 54 edited
2070 1114 73 68 by
2169 1114 151 54 John

333 1190 1967 144 Edson Brady … New York city, Brady publishing corporation, 1932.
405 1342 134 43 xviii,
568 1342 86 40 340
687 1353 41 37 p.
792 1343 52 38 17½
877 1344 42 20 cm
924 1373 8 8 .

332 1396 1992 55 © Mar. 20, 1032; 2c. Nov. 15. 1935; aff. Dec. 11; A 89805; J. E. Brady,
402 1456 302 47 Cambridge,
732 1458 143 37 Mass.
947 1455 279 47 (35-35097)

335 1539 264 62 Browne,
629 1539 267 54 Eleanor.

406 1614 183 52 Diane
626 1613 156 53 looks
820 1620 55 44 at
913 1612 120 68 life,
1070 1612 71 68 by
1184 1612 245 51 Eleanor
1467 1612 254 52 Browne.
1802 1613 155 68 [New
1996 1614 177 68 Yorkj
335 1617 1966 127 Arcadia
523 1690 171 53 house
908 1723 12 34 [c1935]

403 1761 86 41 284
514 1771 44 39 p.
617 1760 57 41 19½
704 1763 45 21 cm
754 1792 8 8 .

333 1817 53 53 ©
408 1823 108 38 Dec.
542 1822 38 46 6,
605 1819 112 42 1935;
769 1820 67 40 2c.
861 1821 109 39 Dec.
995 1820 80 44 14;
1103 1819 80 40 aff.
1209 1821 110 39 Dec.
1344 1821 53 39 13;
1453 1821 38 37 A
1516 1820 168 46 88657;
1712 1821 208 40 Arcadia
1947 1823 152 39 house

405 1821 1904 104 publications,
578 1879 115 38 New
722 1878 144 38 York.
937 1876 278 48 (35-35084)

335 1955 249 62 Bryant,
612 1954 250 53 Arthur.

409 2030 228 54 Samuel
661 2033 204 65 Pepys.
947 2049 50 33 [v.
1024 2033 49 63 2]
1102 2031 121 51 The
1245 2049 162 47 years
1432 2029 63 55 of
1521 2031 161 66 peril.
1742 2034 89 64 By
1856 2032 225 53 Arthur
2105 2035 217 64 Bryant

337 2107 1966 142 … New York, The Macmillan company; Cambridge, England, The
665 2186 333 66 University
1025 2204 174 48 press,
1229 2189 148 49 1935.

401 2271 76 30 xv,
505 2259 89 39 486
621 2270 41 36 p.
719 2259 162 46 front.,
912 2260 171 45 plates,
1112 2259 149 47 ports.
1319 2258 54 38 22½cm.

434 2315 413 49 "Bibliographical
876 2314 165 40 notes”:
1106 2335 55 29 [v.
1192 2314 41 49 2]
1267 2326 39 36 p.
1346 2315 245 49 [417]-444.

334 2369 53 53 ©
411 2374 116 39 Nov.
554 2373 68 46 20,
649 2372 140 46 1935;
817 2372 65 40 2c.
908 2373 95 38 and
1029 2371 81 40 aff.
1135 2372 118 39 Nov.
1277 2372 82 44 27;
1389 2373 39 37 A
1454 2371 170 47 89643;
1655 2372 280 40 Macmillan
1961 2385 67 28 co.

337 2447 296 64 Burrows,
669 2448 225 63 George
929 2444 308 65 Sherman,
1274 2450 170 49 1865-

406 2524 120 52 The
547 2524 214 53 diocese
783 2523 64 53 of
867 2525 260 53 Western
1148 2524 137 51 New
1309 2523 178 64 York,
1512 2524 324 66 1897-1931,
1859 2523 72 68 by
1956 2525 67 55 G.
2050 2525 273 56 Sherman

345 2603 280 51 Burrows.
699 2601 265 67 [Buffalo]
1000 2602 121 51 The
1149 2599 235 55 Diocese
1413 2600 63 52 of
1505 2602 260 53 Western
1796 2603 137 51 New
1966 2603 177 65 York,
2176 2608 148 49 1935.

412 2673 1533 48 xix, 565 p., 1 l. front., plates, ports., map, diagr. 24 cm .
412 2731 129 38 “The
566 2730 121 39 book
714 2729 41 40 is
781 2729 226 38 intended
1036 2733 48 35 to
1112 2729 56 38 be
1194 2729 392 46 supplementary
1613 2732 48 35 to
1688 2730 83 38 the
1800 2738 113 37 very
1942 2731 233 38 excellent
341 2731 1969 94 ‘Diocese

472 2786 52 41 of
552 2786 220 39 Western
799 2786 116 38 New
942 2784 143 39 York’
1113 2784 252 47 published
1392 2785 61 46 by
1481 2785 82 39 the
1588 2784 116 40 Rev.
1731 2784 201 41 Charles
1964 2785 172 40 Welles
2166 2786 161 48 Hayes

344 2841 367 51 [1904]”—Pref.

336 2896 1991 53 © Nov. 9, 1935; 2c. and aff. Nov. 12: A 88201; G. S. Burrows, Buffalo.
416 2956 280 49 (35-34894)

341 3032 406 64 Christopher,
778 3032 151 53 Ann.

409 3110 219 65 Poems,
680 3109 75 65 by
805 3108 135 51 Ann
993 3106 391 67 Christopher.
1465 3105 289 69 [Chicago,
1802 3108 66 50 B.
1921 3107 63 52 P.
2036 3107 288 52 Branham

339 3204 296 49 company,
667 3191 20 22 c
692 3188 151 63 1935]

415 3258 83 50 [26]
542 3269 41 37 p.
645 3258 55 39 18½cm.

340 3310 53 53 ©
417 3316 115 47 July
557 3315 70 48 26,
652 3314 117 41 1935;
819 3314 64 40 2c.
912 3315 95 39 and
1032 3314 82 40 aff.
1141 3315 119 46 Aug.
1286 3314 52 45 5;
1367 3315 39 37 A
1433 3314 168 45 85331;
1633 3314 259 38 Lawrence
1918 3314 54 39 R.
2002 3312 326 47 Christopher,

410 3371 222 48 Chicago.
703 3371 278 48 (35-36743)

343 3444 239 65 Craker,
611 3447 182 63 Ruth,
826 3449 169 49 1894-

412 3520 158 53 First
600 3520 324 54 Protestant
956 3521 233 52 mission
1220 3520 59 51 in
1312 3522 94 51 the
1438 3518 199 54 Grand
1667 3519 273 52 Traverse
1972 3517 211 70 region.
2258 3518 70 51 2d

341 3596 84 53 ed.
501 3597 90 67 By
632 3597 156 52 Ruth
834 3597 226 53 Craker.
1141 3631 13 33 [
1158 3596 236 67 Leland,
1434 3595 192 68 Mich.,
1667 3596 121 53 The
1829 3595 281 53 Leelanau
343 3600 1963 140 enterprise,
543 3676 150 65 1935]

413 3742 1579 51 6 p. l., 51 p., 2 l., 25 p., 1 l. 1 illus., plates, ports. 20 cm .
413 3797 162 41 “First
601 3800 230 47 printing,
859 3799 127 40 1932.
1049 3800 181 39 Second
1258 3799 230 48 printing,
1515 3798 157 42 1935.”

688 3857 132 47 CONTENTS.—pt.
854 3864 33 32 I.
920 3855 135 40 First
1089 3856 282 39 Protestant
1405 3854 348 51 mission.—pt.
1787 3862 55 33 II.
1878 3854 128 40 “The
2041 3855 127 40 Wild
2205 3856 123 39 Rose

341 3906 53 41 of
422 3907 227 51 Omena”,
679 3910 61 47 by
771 3911 139 46 Mary
938 3911 58 41 K.
1030 3911 148 40 Buck.

344 3962 53 53 ©
426 3967 118 48 Aug.
573 3967 40 49 6,
643 3967 140 46 1935;
815 3970 65 38 2c.
911 3971 117 44 Aug.
1060 3971 79 39 12:
1173 3970 81 38 aff.
1286 3970 118 45 Aug.
1435 3969 80 45 10;
1549 3970 38 37 A
1618 3969 168 45 86383;
1820 3969 54 39 R.
1907 3968 195 47 Craker,
2135 3967 192 46 Omena,

411 4024 141 43 Mich.
624 4024 278 54 (35-35679)
