2424 4375
1084 4048 133 54 1887

158 524 205 47 Imprint
399 523 159 40 varies:
622 524 73 38 1st
730 534 86 35 ed.,
851 522 334 46 Washington.
1220 522 55 38 D.
1313 521 65 45 C.,
1412 522 103 37 The
1547 520 232 39 National
1815 519 182 40 service
223 521 1903 105 publishing
430 589 80 37 co.,

546 577 247 41 1933.—2d
825 580 85 44 ed.,
947 577 312 47 Harrisburg,
1295 578 95 44 Pa.,
1425 577 100 39 The
1561 574 222 49 Military
1816 575 181 40 service
227 575 1898 110 publishing
435 648 83 35 co.,
547 636 128 39 1935.

156 690 52 53 ©
247 696 128 46 Sept.
411 694 41 46 4,
489 692 113 41 1935;
667 693 66 39 2c.
776 692 125 47 Sept.
940 691 51 46 6;
1032 690 83 40 aff.
1154 690 128 48 Sept.
1320 691 52 45 7;
1413 690 38 38 A
1490 688 169 42 86207:
1702 687 225 49 Military
1960 688 185 40 service

225 751 109 47 pub.
359 761 66 29 co.

153 825 273 63 Thomas,
456 825 196 52 Frank
684 824 259 55 Charles.

223 901 202 54 Initial
468 900 341 67 proceeding
849 901 180 51 under
1070 900 93 51 the
1206 899 215 52 Armed
1465 899 111 51 and
1618 900 170 50 naval
1829 897 182 54 forces
2054 903 89 47 act

155 979 62 53 of
246 979 296 66 Congress,
569 979 73 65 by
671 978 195 51 Frank
896 979 59 54 C.
986 978 262 52 Thomas.
1346 994 53 34 [n.
1430 994 52 49 p.,
1531 982 16 20 c
1554 979 150 63 1935]

226 1051 280 46 cover-title,
537 1052 54 37 15
621 1062 42 37 p.
721 1051 54 38 23
780 1053 43 21 cm
829 1082 9 8 .

157 1104 52 53 ©
237 1110 126 39 June
388 1108 70 46 21,
486 1108 140 45 1935;
657 1107 65 40 2c.
752 1109 94 38 and
873 1107 82 39 aff.
985 1107 129 39 June
1138 1106 83 46 24;
1252 1106 41 39 A
1321 1104 170 47 84409;
1525 1105 49 40 F.
1647 1136 9 8 C.
1685 1104 224 48 Thomas,
1942 1104 201 39 Denver.

152 1182 352 65 Thompson,
536 1183 177 62 Clyde
742 1182 211 64 Ordell,
986 1184 170 52 1874-

224 1259 239 53 Answer
503 1260 144 52 book
688 1260 111 51 and
840 1258 267 53 teacher’s
1148 1258 248 64 manual,
1438 1259 287 52 Elements
1766 1258 63 52 of
1870 1259 269 65 practical

157 1336 1984 67 arithmetic, by Clyde O. Thompson … New York, Prentice-
155 1416 158 63 Hall,
344 1415 124 64 inc.,
502 1418 148 49 1935.

225 1499 43 35 v,
298 1486 88 41 190
410 1498 42 37 p.
512 1486 179 48 diagrs.
748 1486 54 39 21
806 1488 44 20 cm
856 1518 9 8 .

158 1539 52 53 ©
240 1545 118 46 Aug.
392 1544 69 46 22,
494 1542 138 46 1935;
667 1542 68 41 2c.
766 1544 116 45 Aug.
916 1543 83 45 30;
1031 1542 81 40 aff.
1147 1542 100 40 Oct.
1281 1541 53 46 2;
1368 1543 41 38 A
1440 1541 170 47 85890;
1646 1540 374 49 Prentice-Hall,
2055 1542 90 40 inc.

153 1619 284 62 Tressler,
463 1619 154 54 John
647 1619 198 62 Cloyd.

228 1693 244 68 English
500 1694 61 52 in
592 1695 202 52 action,
862 1712 190 35 course
1084 1712 117 34 one.
1269 1695 136 51 Rev.
1438 1695 83 52 ed.
1591 1697 89 64 By
1711 1698 54 51 J.
1800 1696 61 55 C.
1894 1698 251 52 Tressler

219 1771 1925 69 … cartoons by A. B. Savrann. New York, Boston [etc.] D. C.
157 1851 192 52 Heath
378 1850 113 52 and
520 1867 278 48 company
1010 1882 12 34 [c1935]

227 1922 102 48 xiii,
358 1922 83 40 361
472 1932 43 37 p.
573 1922 86 40 col.
687 1921 164 48 front.,
880 1921 143 47 illus.,
1053 1920 180 50 diagrs.
1290 1920 60 40 20½
1378 1923 43 21 cm
1428 1953 9 8 .

160 1975 52 53 ©
235 1980 121 47 Aug.
384 1980 39 46 7,
450 1977 140 47 1935;
619 1977 67 41 2c.
712 1979 118 47 Aug.
860 1979 80 44 17;
971 1977 81 41 aff.
1081 1978 120 47 Aug.
1229 1977 81 46 19;
1341 1979 41 37 A
1411 1978 170 46 85551;
1613 1979 42 39 J.
1687 1979 47 41 C.
1765 1979 233 47 Tressler,
2029 1981 118 39 Kew

230 2035 232 46 Gardens,
490 2035 51 40 L.
569 2036 51 46 I.,
648 2035 57 40 N.
732 2035 53 38 Y.
846 2034 276 49 [Copyright
1151 2034 40 39 is
1220 2034 202 40 claimed
1453 2045 60 29 on
1542 2035 251 49 revisions]

158 2112 67 53 U.
256 2112 57 53 S.
386 2113 369 52 Declaration
784 2112 63 64 of
873 2112 434 65 independence.

226 2189 365 53 Declaration
639 2190 62 51 of
750 2189 445 66 independence;
1247 2187 387 56 Constitution
1681 2189 63 53 of
1788 2192 94 50 the
1931 2189 214 55 United

159 2265 185 55 States
401 2267 62 52 of
518 2265 293 66 America;
872 2267 429 66 reproductions
1357 2267 110 51 and
1525 2268 340 65 quotations,
1922 2268 224 55 famous

157 2343 489 54 men—historical
677 2344 200 67 places,
905 2343 255 53 national
1185 2363 273 48 songs—a
1487 2351 171 61 story.
1722 2345 425 68 Philadelphia,

161 2424 116 62 Pa.,
312 2422 239 53 Printed
587 2423 111 53 and
735 2422 336 53 distributed
1112 2422 59 52 in
1207 2424 94 50 the
1338 2422 260 53 interests
1634 2421 64 54 of
1732 2423 414 53 Americanism

161 2499 1592 67 by The “Minute men and women of today” [ c 1935]
226 2571 1335 50 45, [1] p., 1 l. illus. (incl. ports., facsims.) 23 cm .
230 2629 231 40 Contains
491 2628 164 40 music.

163 2680 52 53 ©
238 2685 114 48 July
376 2685 69 48 27,
470 2684 140 47 1935;
636 2685 68 40 2c.
729 2686 95 39 and
849 2685 82 40 aff.
956 2686 120 46 Aug.
1101 2685 82 45 28;
1210 2685 40 39 A
1305 2685 140 46 85674;
1474 2685 259 47 Benjamin
1759 2686 163 40 Waite
231 2687 1899 101 Blanchard,
369 2741 353 48 Philadelphia.

161 2813 270 67 Vaughn,
458 2817 69 53 A.
556 2817 250 54 Gordon.

231 2890 75 56 So
342 2911 171 48 many
552 2893 224 56 worlds,
813 2894 72 66 by
923 2893 69 51 A.
1033 2892 233 54 Gordon
1305 2894 266 65 Vaughn.
1653 2894 262 66 [Detroit,
1955 2894 191 65 Mich.,

164 2972 147 64 1935]

231 3042 753 49 4 p. l., 32, [1] 1. illus. 24 cm .
163 3092 52 54 ©
246 3098 128 41 June
403 3100 39 47 1,
475 3099 140 46 1935;
650 3099 65 40 2c.
750 3101 94 38 and
874 3099 83 40 aff.
988 3099 122 48 Aug.
1141 3100 52 45 5;
1230 3099 40 38 A
1303 3099 170 46 85316;
1508 3100 56 39 A.
1598 3099 52 40 G.
1685 3099 218 47 Vaughn,
1939 3098 208 41 Detroit.

163 3170 282 66 Virginia.
521 3174 364 63 University.
960 3178 170 61 Dept.
1175 3181 65 59 of
1277 3176 277 64 graduate
1595 3176 231 53 studies.

291 3250 1856 69 … Abstracts of dissertations accepted in partial fulfilment
165 3324 62 53 of
264 3327 92 52 the
397 3328 402 66 requirements
840 3329 94 51 for
971 3328 97 52 the
1106 3329 199 66 degree
1345 3330 62 51 of
1447 3329 196 53 doctor
1682 3330 62 51 of
1786 3331 361 68 philosophy,

166 3405 144 51 1935.
387 3404 477 67 Charlottesville,
893 3407 125 52 Va.,
1050 3407 118 51 The
1201 3406 333 66 University
1614 3410 150 62 [c1935]

235 3477 24 37 5
286 3487 42 37 p.
391 3508 9 15 l.,
433 3477 141 48 [3]-64
603 3489 43 36 p.
703 3478 54 39 23
758 3480 46 20 cm
811 3509 7 8 .

166 3526 51 52 ©
245 3532 119 48 Aug.
393 3533 70 46 22,
495 3532 140 48 1935;
666 3534 66 39 2c.
767 3534 126 47 Sept.
921 3533 83 47 19;
1038 3534 80 39 aff.
1153 3534 103 40 Oct.
1288 3535 52 45 7;
1372 3534 40 39 A
1445 3535 170 46 87534;
1650 3533 280 49 University
1962 3536 52 39 of
237 3536 1894 99 Virginia.

164 3659 260 68 Warren,
454 3664 62 56 L.
547 3665 61 54 P.
640 3666 68 53 D.

231 3737 235 56 Manual
494 3741 62 50 of
586 3742 461 53 administration
1075 3743 62 52 of
1165 3743 96 52 the
1289 3742 231 53 civilian
1548 3743 390 52 conservation
1967 3762 180 48 corps,

166 3812 93 52 for
294 3816 94 50 the
426 3833 95 35 use
561 3818 62 52 of
665 3836 275 48 company
980 3816 225 67 officers,
1244 3820 75 64 by
1361 3824 84 46 1st
1481 3820 343 51 Lieutenant
1862 3822 62 50 L.
1967 3824 64 49 P.
2073 3822 71 51 D.

165 3889 1981 73 Warren … First ed. Harrisburg, Pa., The Military service
168 3967 326 68 publishing
522 3989 277 48 company
834 4005 11 33 [
852 3978 17 21 c
874 3975 150 63 1935]
