2526 4384
1105 4098 95 48 115

158 472 215 67 Burke,
402 475 233 53 Arthur
661 475 264 66 Devries,
957 481 170 50 1893-

232 550 283 54 Practical
540 550 165 69 dairy
728 555 137 50 tests
887 553 111 52 and
1023 551 425 55 fundamentals
1473 552 65 55 of
1560 554 285 68 dairying.
1920 554 55 51 A
162 572 1970 107 manual
297 627 93 53 for
428 628 385 63 laboratories,
851 628 257 56 students
1147 631 112 53 and
1299 632 77 52 all
1416 631 159 54 those
1614 630 306 55 interested
1960 631 60 53 in
2060 633 95 54 the

160 705 1969 150 practical testing of dairy products, by A. D. Burke … Milwaukee, Wis., The Olsen publishing company [ c 1935 ]
227 854 1117 50 4 p. l., viii, 398 p. illus., diagrs. 21½ cm .
228 911 160 39 Blank
417 922 122 37 page
566 912 79 39 for
677 912 372 40 “Memoranda”
1092 913 133 49 (396)

226 967 315 49 Advertising
569 970 207 39 matter:
811 980 43 37 p.
886 969 218 42 397-398.

229 1025 224 40 Includes
483 1025 285 41 references.

160 1081 51 52 ©
240 1086 108 39 Jan.
378 1086 68 47 10,
476 1086 140 46 1935;
647 1085 65 40 2c.
743 1086 95 39 and
867 1085 83 40 aff.
975 1086 109 40 Jan.
1113 1086 82 47 21;
1228 1087 42 39 A
1296 1087 170 47 79304;
1498 1088 151 44 Olsem
1673 1090 108 48 pub.
1813 1102 65 29 co.

235 1142 250 48 (35-2408)

152 1234 267 64 Carfrae,
449 1233 327 57 Elizabeth.

218 1311 165 68 Lady
411 1312 75 67 by
514 1311 300 69 marriage.
896 1313 362 66 [Instalment
1288 1316 82 64 13]

233 1387 81 48 (In
344 1382 161 44 Home
529 1382 129 52 chat,
687 1382 111 45 Jan.
830 1385 70 50 12,
932 1385 142 49 1935)

156 1439 1997 53 © 1c. Mar. 4, 1935; A ad int. 19984; pubd. Jan. 7; Elizabeth Carfrae
224 1500 231 48 Cradock,
485 1502 192 47 Hadley
705 1502 165 46 Wood,
903 1501 193 47 Sussex,
1125 1502 236 47 England.

152 1587 373 69 Chesterton,
555 1589 227 55 Gilbert
809 1589 201 66 Keith,
1040 1591 171 55 1874-

225 1666 269 55 Avowals
522 1669 113 53 and
663 1667 233 68 denials,
927 1687 31 33 a
985 1668 147 54 book
1160 1667 65 53 of
1253 1686 202 50 essays,
1485 1669 76 67 by
1589 1669 69 54 G.
1689 1669 72 54 K.
1793 1670 353 54 Chesterton.

155 1745 139 52 New
321 1746 178 67 York,
523 1747 191 67 Dodd,
737 1746 172 54 Mead
934 1750 46 50 &
1004 1765 297 49 company,
1329 1751 149 49 1935.

224 1819 86 39 viii
335 1830 57 37 p.,
418 1820 24 39 1
489 1851 22 17 l.,
536 1820 86 40 237
647 1831 41 37 p.
749 1818 57 41 20½
838 1821 43 22 cm
887 1851 9 9 .

225 1874 1923 50 “The essays … are reprinted, often with slight alterations, from the
153 1933 286 41 Illustrated
473 1933 198 40 London
700 1933 175 41 news.”

155 1986 51 52 ©
235 1991 109 40 Feb.
373 1991 39 46 6,
439 1990 113 42 1935;
610 1990 66 42 2c.
707 1991 109 40 Feb.
845 1992 26 39 7;
927 1991 83 40 aff.
1039 1991 110 40 Feb.
1177 1991 52 46 8;
1260 1991 42 39 A
1329 1990 169 47 79578;
1531 1992 154 45 Dodd,
1717 1991 143 39 Mead
1888 1991 36 40 &
1951 2002 81 37 co.,
2061 1992 88 40 inc.

232 2048 249 48 (35-2324)

153 2137 192 67 Clark,
374 2139 315 54 Lawrence
718 2139 293 65 Edmund,
1041 2144 170 50 1893-

218 2215 234 55 Central
480 2216 256 68 banking
765 2217 181 53 under
974 2217 98 53 the
1101 2216 219 53 federal
1349 2234 218 35 reserve
1596 2223 228 60 system,
1854 2216 140 53 with
151 2234 1971 114 special
295 2294 416 55 consideration
747 2293 65 56 of
845 2295 95 53 the
977 2294 242 54 Federal
1255 2313 220 34 reserve
1508 2294 153 53 bank
1693 2292 66 56 of
1791 2293 141 54 New
1968 2293 180 65 York,

151 2370 73 69 by
247 2372 303 53 Lawrence
574 2373 68 52 E.
670 2373 195 67 Clark,
978 2416 9 10 PH.
1053 2415 10 10 D.
1122 2372 141 53 New
1289 2372 179 65 York,
1494 2372 120 53 The
1639 2371 337 53 Macmillan
150 2390 1975 126 company,
351 2454 152 50 1935.

217 2520 83 40 xiv
328 2534 58 37 p.,
416 2522 26 39 2
493 2554 23 15 l.,
546 2522 87 41 437
662 2534 44 37 p.
765 2522 129 42 illus.
924 2522 183 49 (maps)
1146 2522 156 41 tables
1331 2522 48 48 (1
1410 2522 143 48 fold.)
1592 2523 181 48 diagrs.
1832 2521 56 40 22½
1922 2524 43 21 cm
1970 2554 9 9 .

219 2578 373 50 Bibliography:
624 2591 43 37 p.
698 2578 217 41 413-420.

151 2633 51 52 ©
231 2638 108 39 Jan.
369 2637 68 47 29,
468 2637 112 40 1935;
637 2629 66 48 2c.
734 2639 95 38 and
857 2636 82 41 aff.
969 2637 107 39 Jan.
1107 2636 81 47 30;
1220 2636 40 39 A
1289 2635 170 48 79411;
1493 2636 284 40 Macmillan
1804 2647 66 30 co.

232 2694 250 48 (35-2397)

148 2770 226 65 Clarke,
402 2770 332 57 Henriette.

216 2846 180 57 Little
455 2855 200 61 towns,
715 2847 77 69 by
852 2847 304 54 Henriette
1218 2846 225 56 Clarke.
1534 2846 429 69 Philadelphia,
2027 2846 122 67 Pa.,

146 2926 212 69 Poetry
393 2926 341 69 publishers,
772 2929 153 51 1934.

214 2998 58 40 40
298 3009 44 37 p.
372 2999 110 41 incl.
511 2998 148 41 front.
719 2998 56 40 22
778 3000 46 22 cm
826 3031 9 9 .

217 3054 182 41 Poems.

153 3108 51 52 ©
230 3115 111 38 Dec.
367 3113 69 43 26,
464 3112 116 41 1934;
630 3112 67 41 2c.
723 3114 96 39 and
847 3112 81 41 aff.
958 3113 109 39 Feb.
1096 3112 68 47 12,
1191 3111 140 48 1935;
1362 3113 41 38 A
1430 3111 169 48 80401;
1630 3113 61 39 H.
1720 3112 189 46 Clarke,
1942 3112 204 47 Sydney,

219 3170 133 40 Nova
386 3171 174 46 Scotia,
590 3170 213 41 Canada.
875 3169 250 48 (35-2548)

150 3245 209 67 Coryn,
393 3246 304 66 Marjorie,
735 3253 171 49 1894-

221 3320 1924 71 The Black Prince, 1330-1376, by M. Coryn … London,
146 3400 69 53 A.
249 3402 237 66 Barker,
518 3402 104 53 ltd.
659 3404 172 65 [1934]

221 3472 64 47 ix,
315 3472 85 42 270
428 3485 44 38 p.
531 3474 127 40 illus.
689 3473 133 48 (incl.
852 3483 152 38 maps,
1034 3471 163 51 plans)
1267 3471 55 39 22
1326 3474 43 21 cm
1374 3505 9 9 .

218 3528 275 50 “Principal
522 3530 161 41 works
714 3529 307 42 consulted”:
1052 3540 45 38 p.
1128 3528 216 41 261-262.

156 3582 1989 52 © 1c. Jan. 19, 1935; A ad int. 19885; pubd. Nov. 21, 1934; M. S. Coryn,
218 3644 151 40 Paris.
441 3643 250 49 (35-2291)

150 3719 423 66 Cruickshank,
601 3721 141 52 Earl
769 3722 132 54 Fee.

221 3795 260 55 Morocco
524 3802 59 48 at
624 3798 96 52 the
762 3798 237 66 parting
1042 3797 63 53 of
1145 3798 95 52 the
1283 3814 184 48 ways;
1510 3795 97 53 the
1647 3799 159 60 story
1848 3792 64 54 of
1952 3792 194 53 native

156 3868 1991 72 protection to 1885, by Earl Fee Cruickshank … Philadelphia,
154 3947 331 70 University
522 3951 64 53 of
623 3951 425 67 Pennsylvania
1085 3967 186 51 press;
1310 3949 260 67 London,
1607 3947 79 54 H.
1722 3945 268 68 Milford,
155 3944 1966 134 Oxford
322 4027 316 67 university
676 4045 173 49 press,
889 4031 151 50 1935.
