2526 4384
1342 4009 101 49 210

430 455 1210 53 xvi p., 1 l., 258 p. illus., diagrs. 17×25½cm.
436 528 225 42 Includes
688 528 148 41 blank
862 539 147 38 pages
1035 528 78 41 for
1142 527 387 42 “Memoranda”.

435 584 1876 49 “The graphic records presented in this monograph have been …
361 640 1996 50 chosen from more than 7500 tracings taken during … 1930-1934, from
364 699 211 46 patients
606 702 52 37 at
691 700 81 39 the
805 698 295 41 Morrisania
1128 698 99 49 city
1256 698 227 48 hospital,
1516 698 119 41 New
1667 698 130 41 York
1828 697 335 48 city.”—Pref.

365 766 53 53 ©
443 770 109 41 Feb.
578 771 69 47 15,
674 770 114 41 1935;
842 770 68 41 2c.
938 771 108 39 Feb.
1071 771 57 40 18;
1181 770 83 40 aff.
1291 771 111 40 Feb.
1428 770 55 39 21;
1539 771 41 39 A
1606 770 143 41 80520;
1806 772 55 37 D.
1888 771 475 48 Appleton-Century

433 838 82 37 co.,
541 828 90 39 inc.
702 827 251 49 (35-3284)

364 930 275 64 Bennett,
671 930 304 56 Estelline.

441 1006 116 55 Old
609 1007 163 52 Dead
776 1007 162 52 wood
989 1007 158 68 days,
1200 1006 73 68 by
1327 1004 277 56 Estelline
1657 1006 261 54 Bennett.
2009 1005 138 52 New
2205 1005 161 54 York

370 1084 61 55 C.
465 1084 313 55 Scribner’s
806 1103 147 48 sons,
982 1088 149 50 1935.

441 1171 1184 50 8 p. l., 3-319 p. front., plates, ports. 21cm.
365 1238 53 53 ©
449 1243 109 40 Feb.
592 1243 69 45 20,
692 1243 114 40 1935;
867 1242 67 41 2c.
968 1243 111 40 Feb.
1110 1242 28 39 21;
1228 1242 82 41 aff.
1343 1244 122 39 Mar.
1498 1244 24 37 1;
1584 1244 39 38 A
1656 1243 143 40 80643;
1864 1242 201 41 Charles
2102 1241 265 42 Scribner’s

439 1310 125 30 sons.
628 1299 283 50 [Copyright
939 1300 42 40 is
1013 1300 204 41 claimed
1251 1310 61 31 on
1344 1300 195 48 preface
1572 1301 62 47 by
1665 1299 166 49 Philip
1858 1301 188 39 Ashton
2080 1297 202 51 Rollins]

445 1357 251 49 (35-3352)

374 1459 216 66 Benns,
619 1461 197 53 Frank
844 1462 134 62 Lee,
1009 1467 170 49 1889-

381 1536 1965 146 Europe since 1914, by F. Lee Benns … Rev. ed., with January,
573 1617 150 63 1935,
757 1613 375 69 supplement.
1207 1614 135 53 New
1380 1614 176 68 York,
1589 1615 64 51 F.
1688 1614 57 54 S.
1780 1613 197 55 Crofts
2008 1615 46 50 &
2087 1632 97 48 co.,
2221 1615 148 51 1935.

380 1685 1975 106 xiv, 770, 71 p., 1 l., 773-862 p. front., plates, ports., maps (part double)
513 1743 153 48 diagr.
728 1742 116 43 22cm.

450 1813 1921 50 “Supplement … inserted between pages 770 and 771 … is a complete
378 1871 107 40 unit
510 1871 251 47 including
787 1872 63 38 its
880 1881 107 29 own
1015 1870 334 48 bibliography
1377 1872 94 39 and
1501 1870 187 42 index.”

447 1927 348 49 Bibliography:
856 1939 43 37 p.
927 1925 215 43 773-837.

377 1998 53 53 ©
460 2002 108 40 Feb.
600 2001 67 47 18,
698 2000 113 42 1935;
870 2000 67 41 2c.
969 2001 96 40 and
1095 2000 81 40 aff.
1208 2001 111 39 Feb.
1349 2001 54 40 23;
1464 2001 43 38 A
1536 1999 143 42 79779;
1741 2001 51 39 F.
1828 2002 42 40 S.
1905 2001 165 41 Crofts
2101 2001 38 40 &
2167 2011 81 39 co.,
2281 1999 90 41 inc.

453 2059 251 47 (35-3224)

377 2159 334 67 Bernstein,
742 2162 283 62 Herman,
1058 2164 170 52 1876-

454 2237 122 52 The
615 2237 162 54 truth
818 2237 171 54 about
1029 2236 155 54 “The
1228 2235 280 70 protocols
1550 2236 64 52 of
1651 2234 204 67 Zion”;
1899 2253 25 34 a
1972 2235 273 68 complete
383 2253 1970 130 exposure,
651 2314 74 70 by

775 2315 254 52 Herman
1081 2315 315 54 Bernstein.
1490 2314 135 53 New
1680 2313 179 68 York,
1911 2313 212 69 Covici,
2174 2314 199 52 Friede

428 2395 152 65 [c 1935]
457 2464 95 47 xiv,
584 2463 173 42 15-397
790 2475 45 37 p.
893 2463 215 41 facsims.
1167 2464 116 41 21cm.

458 2533 234 42 Contains
722 2545 27 30 a
781 2536 114 47 long
922 2536 250 40 historical
1207 2536 329 40 introduction
1569 2546 60 29 on
1660 2537 82 40 the
1773 2537 182 47 origins
1989 2537 50 40 of
2071 2538 82 39 the
383 2538 1977 93 “Protocols”

546 2593 94 38 and
675 2601 60 30 on
773 2593 82 39 the
890 2601 261 31 numerous
1187 2593 218 40 versions
1441 2593 49 39 in
1529 2594 156 39 which
1722 2594 113 47 they
1871 2595 123 38 have
2029 2594 258 39 continued
2324 2596 47 37 to

387 2657 194 38 appear,
610 2648 96 40 and
734 2648 211 48 reprints
974 2649 50 39 of
1049 2650 65 39 all
1143 2649 80 40 the
1249 2650 280 40 documents
1560 2650 209 47 relating
1796 2653 47 37 to
1871 2650 81 40 the
1980 2660 122 33 case,
2132 2651 245 44 including

388 2705 290 47 “Dialogues
709 2705 49 39 in
788 2705 95 40 hell
915 2706 213 39 between
1161 2705 310 40 Machiavelli
1501 2707 95 38 and
1629 2706 364 47 Montesquieu”
2037 2708 65 46 (p.
2140 2706 228 51 [75]-258)

389 2762 95 39 and
515 2762 276 40 “Protocols
820 2761 52 40 of
901 2763 81 39 the
1011 2762 115 39 wise
1154 2771 106 30 men
1290 2761 52 40 of
1370 2762 145 39 Zion”
1553 2762 67 47 (p.
1650 2762 227 47 295-359)

387 2832 53 53 ©
470 2836 109 40 Feb.
612 2836 39 47 8,
684 2835 117 41 1935;
857 2836 67 40 2c.
957 2836 111 39 Feb.
1100 2836 56 39 15;
1213 2835 81 40 aff.
1329 2835 111 40 Feb.
1472 2836 54 39 13;
1588 2836 41 38 A
1659 2834 142 41 79641;
1864 2837 59 38 H.
1957 2835 273 47 Bernstein,
2262 2836 117 39 New

450 2894 145 39 York.
666 2893 250 47 (35-3225)

385 2994 147 65 Bial,
560 2992 223 57 Victor.

523 3068 1687 70 … Molaine, chair féminine … récit passionné. Paris,
391 3059 1961 142 Éditions
566 3150 79 50 Le
671 3165 174 50 rouge
870 3154 53 47 et
948 3150 51 52 le
1024 3148 125 53 noir
1199 3152 175 63 [c1935]

461 3220 769 50 2 p. l., [7]-189 p., 1 l. 18 ½c m.
463 3290 207 46 Imprint
700 3292 169 38 erased:
927 3292 48 38 in
1005 3290 300 48 manuscript
1335 3302 57 28 on
1422 3301 140 29 cover:
1622 3289 153 47 Paris,
1806 3289 125 41 Chez
1962 3289 222 40 l’auteur.

390 3359 1988 53 © Sept. 30, 1934; 1c. Feb. 2, 1935; A-Foreign 26780·; Victor Bialobos,
456 3418 152 40 Paris.
681 3419 249 47 (35-3674)

389 3519 170 65 Böer,
587 3516 322 68 Friedrich,
939 3524 171 49 1904-

524 3592 1856 70 … Klaus, der herr der eisenbahnen; ein bilderbuch mit
395 3671 151 53 fotos
598 3672 118 52 und
769 3671 267 67 farbigen
1087 3672 429 66 bildmontagen;
1634 3671 355 65 zeichnungen
2040 3688 110 34 von
2202 3670 176 51 Ernst

394 3748 181 53 Graef
612 3749 116 51 und
765 3747 177 53 Erich
975 3748 240 53 Krantz.
1287 3749 218 63 Berlin,
1540 3748 75 52 H.
1651 3746 156 56 Stuff
1809 3765 76 46 er,
1922 3749 152 49 1933.

463 3817 949 51 27, [1] p. illus. (part col.) 21 ½ cm.
391 3883 1990 52 © Dec. 31, 1932; 1c. Mar. 13, 1934; A -Foreign 24098; Herbert Stuffer
461 3953 178 38 verlag.
709 3943 251 49 (35-3649)
