2526 4384
1105 4017 94 48 191

139 403 253 66 Walker,
421 401 208 55 Hattie
657 400 187 56 Adell.

240 475 1894 72 Read a new story now, by Hattie Adell Walker … with
139 559 377 53 illustrations
556 558 75 66 by
670 556 179 53 Keith
888 556 199 54 Ward.
1165 555 272 66 Chicago,
1477 553 473 67 Beckley-Cardy
138 570 1972 134 company
330 639 193 64 [c1935]

208 708 84 41 152
326 720 44 37 p.
430 707 128 40 illus.
588 707 134 48 (part
758 705 111 47 col.)
939 704 57 41 19½
1027 707 44 21 cm
1075 738 9 9 .

210 778 286 41 Illustrated
527 781 97 45 t.-p.
654 778 48 39 in
731 777 169 41 colors.

143 845 53 52 ©
222 850 96 39 Feb.
357 849 40 47 2,
425 849 113 40 1935;
595 849 67 39 2c.
692 848 109 39 Feb.
828 847 56 39 21;
940 847 80 40 aff.
1051 847 108 39 Feb.
1188 847 55 39 15;
1300 847 42 38 A
1369 845 143 41 79767;
1570 844 392 49 Beckley-Cardy
1990 855 68 30 co.

220 905 249 48 (35-3089)

141 1009 248 65 Waugh,
416 1011 139 51 Mrs.
585 1008 157 54 Julia
773 1008 210 65 (Nott)
1019 1012 170 51 1888-

211 1086 227 55 Castro-
443 1086 135 53 ville
619 1086 113 53 and
773 1086 203 66 Henry
1016 1085 220 66 Castro,
1276 1084 363 67 empresario,
1677 1084 76 66 by
1792 1084 161 54 Julia
1994 1084 145 52 Nott

145 1163 245 67 Waugh.
479 1163 119 56 San
647 1163 275 66 Antonio,
975 1164 154 65 Tex.,
1182 1161 294 56 Standard
1526 1162 264 66 printing
1842 1179 298 49 company,

144 1244 147 51 1934.

209 1310 1111 52 4 p. l., 97, [4] p. front. (port.) pl. 23 cm .
212 1368 333 42 “Adventures
582 1368 51 42 of
668 1380 28 30 a
735 1367 362 49 Castrovillian,
1134 1368 275 41 translated
1445 1368 129 41 from
1610 1369 82 40 the
1730 1366 210 52 original
142 1379 1979 97 manuscript

318 1427 218 48 penciled
564 1427 61 47 by
651 1427 217 47 Auguste
897 1424 310 42 Frétellière”;
1265 1437 44 37 p.
1340 1425 190 51 [79]-96.

212 1483 348 50 Bibliography;
620 1495 44 37 p.
695 1482 158 42 96-97.

147 1551 51 53 ©
225 1556 119 48 Aug.
371 1555 70 47 25,
469 1553 114 42 1934;
641 1554 64 40 2c.
736 1555 95 38 and
860 1552 80 40 aff.
970 1553 109 39 Feb.
1109 1552 66 41 12.
1206 1551 113 41 1935;
1378 1553 42 38 A
1447 1552 148 41 80400;
1650 1553 42 40 J.
1721 1553 55 39 N.
1807 1553 205 48 Waugh,
2045 1554 97 40 San

211 1612 224 41 Antonio.
506 1610 250 50 (35-2948)

143 1717 288 65 Webster,
463 1716 185 55 Glenn
675 1716 70 55 R.

215 1793 246 69 Scenery
493 1790 337 71 simplified;
868 1812 29 33 a
934 1790 295 55 director’s
1258 1791 189 69 digest
1478 1791 66 54 of
1576 1809 230 50 scenery
1840 1793 114 53 and
1989 1797 157 64 stage

143 1870 1939 71 management, by Glenn R. Webster and William Wetzel …
145 1950 299 68 Franklin,
491 1949 87 68 O.,
624 1949 247 68 Denver,
918 1947 176 69 Colo.,
1140 1947 284 69 Eldridge
1470 1948 444 53 entertainment
1958 1950 191 64 house,

142 2026 631 71 incorporated [ c 1934]
214 2101 101 49 viii,
345 2102 85 40 167
457 2112 44 38 p.
561 2101 127 41 illus.
719 2100 133 47 (incl.
881 2100 164 50 plans)
1113 2099 54 41 19½
1200 2101 43 22 cm
1248 2132 10 10 .

217 2158 68 40 “A
318 2159 208 41 selected
561 2157 337 49 bibliography
933 2157 52 41 of
1018 2157 148 41 books
1199 2156 164 41 useful
1396 2156 79 41 for
1509 2158 83 40 the
1625 2156 212 41 director
1872 2159 96 39 and
2002 2168 140 31 scene

146 2215 248 51 designer”;
453 2227 43 37 p.
527 2215 99 40 167.

151 2283 51 54 ©
225 2289 114 47 May
362 2288 69 46 17,
455 2286 115 41 1934;
623 2286 66 41 2c.
716 2286 109 40 Jan.
851 2285 69 48 22,
947 2283 113 43 1935;
1117 2283 81 43 aff.
1226 2285 108 40 Jan.
1360 2283 83 49 19;
1470 2286 42 39 A
1537 2284 142 42 79311;
1736 2284 229 50 Eldridge
214 2286 1914 100 entertainment

481 2346 164 45 house,
676 2343 89 40 inc.
837 2341 250 50 (35-2902)

147 2447 332 65 Windham,
508 2449 168 53 Joan.

222 2522 104 55 Six
359 2523 207 53 o’clock
595 2524 196 67 saints,
825 2522 73 69 by
930 2522 150 54 Joan
1111 2521 307 54 Windham;
1484 2522 139 53 with
1657 2521 379 54 illustrations
2069 2522 73 69 by

150 2600 288 69 Marigold
469 2601 181 53 Hunt.
726 2599 257 68 London,
1015 2598 182 55 Sheed
1228 2601 45 50 &
1303 2598 199 69 Ward,
1533 2602 151 51 1934.

218 2672 80 47 vii,
329 2671 87 41 107
446 2682 42 37 p.
550 2672 127 39 illus.
736 2671 56 38 22½cm.

152 2740 1990 53 © 1c. Jan. 23, 1935; A ad int. 19904; pubd. Nov. 25, 1934; Sheed & Ward,
215 2802 89 41 inc.
375 2803 249 48 (35-3186)

148 2903 119 54 The
293 2904 274 55 Winston
595 2903 308 70 simplified
933 2905 338 68 dictionary.
1335 2906 315 53 Advanced
1679 2906 84 56 ed.
1830 2906 213 53 Edited
2067 2907 76 67 by

215 2980 1929 71 William Dodge Lewis … Henry Seidel Canby … [and]
218 3060 1931 69 Thomas Kite Brown, jr. … 3000 illustrations and an atlas
220 3138 63 52 of
323 3140 97 52 the
462 3139 197 52 world.
753 3137 426 70 Philadelphia,
1222 3138 255 69 Chicago
1526 3144 138 63 [etc.]
1714 3140 124 52 The
1880 3139 158 54 John
2085 3139 62 55 C.

215 3215 811 71 Winston company [ c 1935]
292 3321 8 16 xx,
340 3289 115 41 1260
490 3301 44 37 p.
572 3291 110 41 incl.
720 3292 143 46 illus.,
902 3302 149 37 maps,
1081 3291 134 49 (part
1253 3291 195 48 double)
1519 3292 86 40 col.
1644 3291 164 47 front.,
1847 3290 85 41 col.
1972 3292 171 48 plates.
151 3343 55 41 22½
237 3348 43 22 cm
285 3378 9 9 .

221 3401 303 50 Descriptive
550 3405 283 47 letterpress
861 3416 59 28 on
946 3415 141 29 verso
1113 3403 50 41 of
1188 3405 119 39 each
1334 3405 145 48 plate.

157 3467 53 53 ©
244 3473 110 42 Feb.
389 3476 41 48 4,
467 3476 141 47 1935;
646 3475 67 41 2c.
752 3477 96 39 and
886 3475 81 41 aff.
1007 3476 110 39 Feb.
1154 3477 81 45 18;
1274 3477 42 38 A
1352 3475 170 47 79712;
1563 3477 129 39 John
1770 3507 9 8 C.
1816 3476 225 41 Winston
2077 3487 64 30 co.

225 3531 277 49 [Copyright
526 3533 45 39 is
593 3533 204 39 claimed
824 3543 60 30 on
909 3533 236 39 revisions
1170 3534 96 38 and
1294 3532 261 49 additions]
1622 3532 252 49 (35-2904)

152 3628 121 56 The
296 3633 272 55 Winston
596 3633 308 69 simplified
933 3635 336 67 dictionary.
1335 3635 420 68 Encyclopedic
1782 3636 85 54 ed.
1932 3637 212 52 Edited

222 3708 1923 73 by William Dodge Lewis … Henry Seidel Canby … [and]
223 3786 1927 72 Thomas Kite Brown, jr. … 3000 illustrations and an atlas
223 3863 63 53 of
326 3866 95 52 the
462 3868 197 52 world.
750 3868 428 68 Philadelphia,
1224 3867 252 69 Chicago
1527 3873 138 63 [etc.]
1714 3869 121 53 The
1880 3869 157 54 John
2084 3869 61 55 C.

219 3940 266 56 Winston
514 3962 296 51 company,
844 3948 150 51 1935.
