2424 4375
1207 4101 131 51 1508

380 546 113 36 xxx,
522 535 86 40 475
637 547 42 36 p.
737 537 127 39 illus.
891 537 134 49 (incl.
1054 541 163 46 ports.,
1247 540 165 47 plans)
1450 542 178 47 diagrs.
1689 544 145 39 24½cm.

383 591 246 42 “Selected
662 594 96 39 and
791 596 263 39 annotated
1085 594 366 50 bibliography”
1483 601 52 37 at
1565 600 92 39 end
1687 599 51 39 of
1768 601 118 39 each
1918 602 214 48 chapter.

719 650 100 40 CONTENTS.—The
854 651 336 47 pupils.—The
1226 653 339 42 school.—The
1600 657 233 40 teachers.

308 702 52 52 ©
397 706 100 41 Oct.
534 707 70 46 11,
638 706 140 48 1935;
815 707 66 41 2c.
919 708 100 41 Oct.
1057 709 80 47 16;
1177 710 81 40 aff.
1297 710 101 40 Oct.
1435 711 82 48 21;
1555 713 41 38 A
1632 712 169 49 87794;
1839 715 315 48 Christopher
2191 718 106 47 pub.

375 764 162 40 house.
609 764 278 50 (35-20941)

310 866 305 65 Rockwell,
644 867 314 55 Frederick
988 869 172 64 Frye,
1189 874 170 50 1884-

379 945 224 52 Flower
653 954 414 60 arrangement,
1119 947 72 68 by
1242 949 65 53 F.
1358 950 65 52 F.
1472 950 289 53 Rockwell
1811 953 112 53 and
1975 954 209 55 Esther
2233 956 61 56 C.

308 1021 291 69 Grayson;
646 1022 189 69 jacket
876 1025 114 52 and
1034 1023 113 54 line
1190 1024 289 70 drawings
1522 1027 75 68 by
1640 1029 209 53 Esther
1894 1031 61 55 C.
2001 1031 288 69 Grayson;

309 1098 139 54 with
474 1119 31 34 a
535 1099 284 56 foreword
845 1101 75 68 by
945 1103 157 55 John
1130 1103 213 67 Taylor
1370 1105 189 54 Arms.
1623 1107 138 51 New

1789 1108 177 66 York,
1995 1109 120 52 The
306 1111 1966 121 Macmillan
535 1197 297 50 company,
865 1185 149 50 1935.

376 1251 84 40 xiv
487 1262 58 37 p.,
572 1253 25 38 1
661 1282 9 17 l.,
698 1252 85 41 137
811 1262 43 37 p.
913 1252 162 48 front.,
1104 1253 142 46 illus.,
1277 1253 169 47 plates.
1507 1254 115 42 21cm.

305 1306 52 52 ©
389 1309 102 40 Oct.
523 1310 68 46 15,
624 1309 113 40 1935;
797 1310 65 39 2c.
896 1311 95 38 and
1022 1310 82 40 aff.
1138 1311 101 41 Oct.
1272 1311 81 46 16;
1389 1312 40 38 A
1461 1312 169 40 87732:
1667 1313 50 39 F.
1752 1313 50 40 F.
1838 1314 257 48 Rockwell,

375 1316 1906 99 Ridgewood,
551 1366 55 40 N.
633 1366 58 47 J.,
719 1369 94 37 and
840 1368 179 39 Esther
1043 1366 48 41 C.
1118 1366 235 49 Grayson,
1380 1367 185 48 Ithaca,
1592 1369 53 38 N.
1676 1370 51 37 Y.

383 1423 280 49 (35-21517)

309 1526 273 66 [Salmon,
614 1526 309 55 Geraldine
957 1526 252 67 Gordon]
1247 1529 170 53 1897-

436 1602 1855 70 … The Caspian song. London, Hutchinson & co., ltd. [1935]
371 1672 86 41 304
485 1683 43 37 p.
588 1672 116 41 19cm.

373 1729 228 41 Author’s
629 1730 178 48 pseud.,
836 1730 42 41 J.
910 1730 53 41 G.
995 1731 213 47 Sarasin,
1239 1733 52 39 at
1320 1731 122 41 head
1470 1732 52 40 of
1549 1733 121 40 title.

304 1786 1989 57 © 1c. Oct. 12, 1935; A ad int. 20621; pubd. Aug. 15; G. G. Salmon,
370 1848 341 46 Harbledown,
744 1846 317 48 Canterbury,
1095 1847 235 46 England.
1402 1847 278 47 (35-21580)

304 1951 429 64 Scarborough,
761 1953 139 52 Mrs.
929 1952 181 54 Neve.

373 2027 121 69 Shy
534 2027 297 68 virginity,
873 2026 71 68 by
985 2025 152 54 Neve
1180 2025 412 69 Scarborough.
1684 2026 254 68 London,
1978 2030 64 51 P.
2086 2028 208 54 Davies
307 2109 172 65 [1935]

369 2176 86 40 309
483 2187 42 37 p.
586 2175 55 40 19
644 2178 43 21 cm
693 2207 8 8 .

299 2233 1991 53 © 1c. Oct. 17, 1935; A ad int. 20625; pubd. Aug. 26; N. Scarborough,
367 2295 121 38 Kew
524 2293 231 46 Gardens,
793 2292 192 48 Surrey,
1021 2292 235 46 England.
1331 2290 278 48 (35-21577)

301 2396 257 64 Seybolt,
587 2396 221 53 Robert
840 2395 261 63 Francis,
1134 2398 170 49 1888-

372 2474 120 51 The
529 2471 223 69 private
790 2472 215 54 schools
1041 2471 63 52 of
1140 2471 241 54 colonial
1420 2474 231 63 Boston,
1690 2472 75 67 by
1801 2474 213 53 Robert
2050 2473 236 55 Francis

303 2550 247 62 Seybolt.
617 2547 360 65 Cambridge,
1004 2549 190 63 Mass.,
1221 2550 273 53 Harvard
1522 2549 317 63 university
1866 2569 171 43 press,
2068 2555 148 51 1935.

372 2625 27 40 6
423 2636 43 37 p.
530 2655 9 17 l.,
570 2622 176 50 [3]-106
772 2633 43 37 p.
874 2623 26 39 21½c
978 2624 29 22 m
1010 2654 10 10 .

372 2677 1816 50 “This little study supplements … [the author’s] ‘Public schools of
302 2690 1967 86 colonial
491 2736 210 40 Boston’.
771 2736 46 39 It
855 2736 41 39 is
933 2735 205 40 another
1175 2734 194 47 pioneer
1408 2736 205 45 attempt
1654 2735 47 38 to
1739 2735 173 46 gather
1948 2736 219 46 together
2206 2737 80 38 the

302 2801 195 32 sources
525 2792 79 39 for
634 2802 62 29 an
726 2793 202 38 account
959 2790 53 41 of
1039 2791 81 40 the
1151 2790 302 40 intellectual
1482 2789 87 41 life
1599 2789 52 41 of
1680 2791 82 40 the
1792 2790 493 42 time.”—Foreword.

710 2848 197 40 CONTENTS.—Private
945 2847 189 41 schools
1169 2847 52 39 of
1256 2847 81 40 the
1373 2847 313 40 seventeenth
1722 2847 449 47 century.—School
302 2858 1966 88 announcements
699 2904 52 41 of

801 2905 80 39 the
934 2903 279 48 eighteenth
1263 2905 214 44 century.
1495 2926 59 5 —
1571 2903 353 47 Commentary.
1941 2926 60 5 —
2016 2903 265 49 Appendix.

304 2963 402 49 Supplementary
733 2960 83 42 list
845 2961 50 42 of
924 2961 234 41 teachers.

299 3018 52 52 ©
378 3021 101 40 Oct.
503 3020 41 47 2,
569 3019 117 40 1935;
736 3019 67 39 2c.
831 3019 98 40 Oct.
956 3018 52 47 5;
1036 3016 82 42 aff.
1144 3018 99 40 Oct.
1272 3019 51 39 7:
1352 3018 42 37 A
1419 3016 168 47 87506;
1617 3017 256 40 President
1898 3018 95 39 and
2020 3017 189 40 fellows
2233 3016 52 41 of

366 3076 229 40 Harvard
630 3077 191 46 college,
857 3074 299 48 Cambridge,
1194 3076 145 37 Mass.
1410 3072 278 49 (35-20937)

298 3179 231 64 Shadle,
561 3179 209 53 Albert
799 3179 146 64 Ray,
978 3181 170 50 1885-

431 3252 1787 71 … Laboratory guide in zoology, by Albert R. Shadle …
299 3332 877 68 1935 ed. … [Buffalo, c 1935]
368 3402 1219 52 3 p. l., 87 numb. l., xxxi forms. illus. 23 cm .
370 3462 213 41 “Second
616 3461 253 41 revision.”

297 3516 52 52 ©
377 3520 100 40 Oct.
503 3519 40 47 2,
571 3519 140 46 1935;
740 3518 66 40 2c.
835 3519 96 38 and
958 3517 81 40 aff.
1069 3517 101 40 Oct.
1199 3516 80 41 15;
1310 3515 40 39 A
1378 3516 168 46 86814;
1574 3515 51 39 A.
1656 3515 53 38 R.
1743 3514 189 46 Shadle,
1961 3512 208 41 Buffalo.

374 3574 278 50 (35-20929)

297 3672 308 64 Shearing,
634 3672 238 63 Joseph.

366 3749 121 51 The
520 3749 165 67 angel
718 3747 65 53 of
814 3747 93 52 the
941 3746 431 66 assassination;
1408 3742 509 54 Marie-Charlotte
1950 3741 70 52 de
2053 3737 224 66 Corday

297 3826 321 64 d’Armont,
668 3825 320 52 Jean-Paul
1036 3824 209 65 Marat,
1296 3822 360 53 Jean-Adam
1707 3821 154 63 Lux;
1916 3837 28 33 a
1997 3818 169 65 study
2214 3812 62 52 of

296 3903 157 51 three
479 3902 264 67 disciples
771 3900 64 54 of
859 3901 412 67 Jean-Jacques
1300 3900 306 64 Rousseau,
1634 3899 73 66 by
1735 3897 213 67 Joseph
1981 3893 293 66 Shearing.

296 3980 138 51 New
462 3979 178 66 York,
668 3980 76 51 H.
776 3978 186 55 Smith
993 3979 112 52 and
1134 3979 67 51 R.
1228 3977 176 67 Haas,
1438 3980 147 49 1935.
