2424 4375
1248 4089 134 51 1434

327 466 273 65 Kitchen,
628 468 135 55 Carl
788 469 61 54 C.

397 542 203 67 Digest
628 542 63 53 of
720 543 272 53 decisions
1025 543 63 52 of
1116 544 94 51 the
1241 542 274 69 Supreme
1544 549 159 47 court
1730 542 63 53 of
1824 542 202 68 Idaho,
2057 540 265 70 covering

329 619 76 54 all
449 638 147 35 cases
639 619 263 68 reported
944 621 60 53 in
1046 621 250 52 volumes
1337 623 65 48 41
1446 626 60 48 to
1548 622 83 67 53,
1676 619 182 54 Idaho
1899 626 238 61 reports,
2179 620 142 53 with

328 696 311 55 references
667 703 58 48 to
755 695 361 55 annotations
1143 698 62 53 in
1233 696 304 55 American
1566 698 109 52 law
1706 702 238 63 reports,
1974 697 250 54 volumes
2255 699 67 50 40

327 780 57 47 to
424 777 83 64 90,
544 773 292 69 inclusive,
874 774 112 52 and
1027 795 33 34 a
1100 772 292 56 combined
1432 774 150 56 table
1622 773 63 54 of
1725 792 149 36 cases
1912 772 254 71 digested
2208 774 113 55 and

328 850 165 70 cited,
521 852 178 53 direct
728 851 111 52 and
868 869 234 51 reverse,
1130 852 258 67 showing
1416 851 183 53 where
1626 852 97 55 the
1754 870 149 35 cases
1934 870 93 34 are
2057 851 264 69 reported

329 929 112 51 and
481 928 183 55 where
704 929 134 68 they
877 946 93 35 are
1011 928 182 54 found
1233 930 60 52 in
1333 930 94 53 the
1469 927 202 71 digest,
1708 931 184 52 where
1934 928 184 53 Idaho
2156 946 165 52 cases,

327 1007 194 53 herein
554 1005 273 70 digested,
859 1007 143 52 have
1033 1006 137 54 been
1202 1007 148 53 cited
1382 1024 63 34 or
1473 1006 295 54 overruled
1801 1008 61 52 in
1896 1006 95 53 the
2024 1006 183 55 Idaho
329 1025 1968 126 reports,
532 1102 61 33 or
622 1081 264 70 affirmed,
916 1081 313 70 dismissed,
1256 1102 64 35 or
1347 1084 257 53 reversed
1632 1083 74 69 by
1735 1083 96 55 the
1860 1082 271 69 Supreme
2162 1090 161 48 court

328 1159 64 54 of
432 1161 96 53 the
569 1160 218 55 United
831 1160 187 55 States
1060 1160 333 68 subsequent
1435 1168 59 47 to
1539 1159 221 56 Clark’s
1802 1160 200 69 Digest
2046 1161 113 55 and
2206 1160 115 55 also

328 1236 257 70 showing
620 1238 184 52 where
834 1238 137 54 such
1004 1238 185 54 Idaho
1225 1256 149 37 cases
1407 1239 144 53 have
1586 1238 137 54 been
1758 1238 147 54 cited
1943 1238 57 52 in
2035 1239 94 54 the
2166 1245 155 48 notes

328 1315 63 54 of
426 1315 304 54 American
764 1316 108 51 law
907 1320 238 65 reports,
1182 1315 115 53 also
1333 1315 178 54 tables
1546 1315 256 68 showing
1839 1315 76 54 all
1954 1316 183 53 Idaho
2173 1334 148 36 cases

328 1394 295 52 overruled
656 1393 60 53 in
749 1391 182 54 Idaho
964 1399 238 63 reports,
1233 1412 63 33 or
1329 1390 264 71 affirmed,
1627 1392 312 69 dismissed,
1972 1411 62 34 or
2065 1394 253 53 reversed

328 1469 73 68 by
450 1469 95 54 the
595 1469 274 69 Supreme
919 1478 160 46 court
1128 1470 63 52 of
1237 1471 96 54 the
1380 1469 216 56 United
1646 1469 187 55 States
1883 1471 333 67 subsequent
2262 1478 58 47 to

329 1546 221 56 Clark’s
583 1547 220 70 Digest,
836 1547 73 69 by
945 1546 134 56 Carl
1115 1546 60 56 C.
1212 1547 267 54 Kitchen.
1555 1546 292 71 Caldwell,
1881 1548 107 69 Id.,
2019 1548 121 54 The
327 1547 1969 130 Caxton

451 1625 266 67 printers,
744 1625 122 67 ltd.,
895 1626 149 51 1934.

429 1725 9 17 v,
465 1694 86 42 928
576 1705 44 38 p.
679 1694 145 41 25½cm.

399 1752 129 40 “The
565 1752 344 40 classification
948 1754 179 46 system
1168 1753 52 39 of
1258 1754 90 40 Mr.
1389 1753 188 42 Clark’s
1617 1754 134 40 work
1790 1755 89 40 has
1918 1755 117 40 been
2073 1757 244 47 generally

326 1809 245 48 observed,
603 1809 199 48 making
833 1809 98 41 this
962 1808 299 51 publication
1294 1821 26 29 a
1355 1820 115 38 very
1506 1809 243 42 workable
1781 1811 536 48 supplement.”—Pref.

328 1878 52 52 ©
406 1883 109 39 Dec.
541 1882 69 48 31,
635 1881 113 41 1934;
802 1881 67 41 2c.
895 1882 101 40 Oct.
1022 1883 71 43 14,
1119 1882 113 40 1935;
1290 1881 81 41 aff.
1400 1882 102 41 Oct.
1528 1881 29 41 9;
1610 1883 41 38 A
1676 1882 147 41 86808;
1876 1883 189 41 Caxton
2093 1882 224 49 printers,

393 1940 85 39 ltd.
549 1938 280 50 (35-19523)

329 2040 165 64 Lian,
522 2041 260 66 Camille,
811 2047 171 51 1882-

508 2114 1809 71 … Maladies du cœur et des vaisseaux, par le dr Camille
328 2193 1986 69 Lian … et le dr André Finot … 47 gravures, 1 hors-texte en
328 2274 268 52 couleurs.
671 2272 183 68 Paris,
888 2273 273 53 Larousse
1203 2275 192 65 [c1934]

395 2342 1831 52 235 p. illus., 2 pl. (1 col.) diagrs. 20 ½ cm. (“Prévenir et guérir”)
328 2406 1988 53 © Oct. 30, 1934; 1c. Aug. 29, 1935; A- Foreign 28944; Augé, Gillon,
395 2467 461 48 Huilier-Larousse,
890 2468 198 39 Moreau
1122 2469 48 38 et
1200 2466 84 40 cie.
1356 2465 267 49 (Librairie
1653 2467 265 47 Larousse)

407 2523 280 50 (35-19830)

328 2628 313 65 Lumpkin,
670 2628 202 54 Grace.

399 2707 56 51 A
483 2708 127 63 sign
641 2705 94 52 for
766 2705 163 65 Cain,
958 2705 78 66 by
1063 2705 182 54 Grace
1273 2704 308 67 Lumpkin.
1648 2705 138 51 New
1822 2703 179 67 York,
2030 2705 110 50 Lee
328 2703 1963 145 Furman,
506 2782 106 53 inc.
687 2786 153 63 [c1935]

398 2855 88 41 376
517 2865 42 38 p.
620 2854 145 41 19½cm.

329 2915 53 53 ©
410 2919 100 41 Oct.
540 2920 70 45 14,
638 2917 114 42 1935
770 2930 8 29 :
808 2917 65 41 2c.
904 2919 95 39 and
1028 2917 83 42 aff.
1141 2917 102 42 Oct.
1272 2917 58 39 22;
1385 2918 40 38 A
1454 2916 142 41 86891;
1656 2917 95 40 Lee
1776 2917 228 47 Furman,
2034 2916 91 41 inc.

409 2974 280 50 (35-19422)

327 3079 262 62 Lunden,
618 3078 225 53 Walter
868 3076 194 57 Albin.

329 3151 1980 147 A systematic outline of criminology with selected bibliography [by] Walter A. Lunden … Pittsburgh, Pa., University
326 3311 66 52 of
420 3310 360 68 Pittsburgh,
808 3314 147 50 1935.

395 3386 87 39 115
510 3396 43 37 p.
614 3384 145 40 20½cm.

329 3444 53 52 ©
407 3448 121 39 Mar.
554 3448 41 46 4,
622 3445 116 41 1935;
791 3445 67 41 2c.
885 3446 101 40 Oct.
1014 3444 58 41 19;
1127 3444 78 41 aff.
1237 3443 99 41 Oct.
1366 3444 58 40 18;
1478 3443 40 39 A
1546 3443 144 40 87777;
1745 3443 71 39 W.
1845 3442 52 40 A.
1929 3442 212 46 Lunden,
396 3438 1897 113 Pittsburgh.
633 3502 279 49 (35-16345)

327 3605 234 63 Luster,
589 3608 137 51 Mrs.
755 3606 173 63 Mary
952 3606 68 50 R.
1052 3603 345 64 (Spangler)
1436 3606 171 50 1853-

400 3685 123 51 The
567 3682 454 67 autobiography
1066 3682 62 54 of
1170 3682 171 66 Mary
1383 3682 67 51 R.
1496 3680 222 65 Luster,
1763 3675 366 70 Springfield,
330 3672 1953 155 Missouri,
552 3760 230 53 written
833 3758 59 53 in
942 3760 102 51 her
1096 3756 347 69 eighty-first
1493 3757 112 53 and
1659 3753 423 70 eighty-second
2134 3767 169 52 years.

334 3835 369 68 Springfield,
730 3838 134 63 Mo.,
888 3835 242 54 Printed
1155 3834 74 67 by
1260 3835 143 54 Cain
1430 3835 263 65 printing
1719 3850 78 35 co.
1833 3834 190 64 [c1935]

399 3904 98 47 196,
535 3905 54 49 [1]
622 3916 42 37 p.
724 3905 135 40 front.
901 3903 172 49 (port.)
1140 3905 115 38 21cm.

331 3968 53 53 ©
418 3973 116 46 July
565 3971 59 46 9,.
639 3971 140 46 1935;
816 3972 67 39 2c.
919 3971 116 47 July
1069 3970 81 45 12;
1188 3969 81 41 aff.
1306 3970 115 46 July
1456 3968 54 40 13;
1575 3969 41 38 A
1650 3966 168 46 86666;
1857 3967 139 46 Mary
2032 3965 54 38 R.
2123 3962 180 44 Luster,

401 4027 301 50 Springfield,
731 4029 91 39 Mo.
892 4025 280 50 (35-19401)
