<alto xmlns="http://www.loc.gov/standards/alto/ns-v3#" xmlns:xsi="http://www.w3.org/2001/XMLSchema-instance" xsi:schemaLocation="http://www.loc.gov/standards/alto/ns-v3# http://www.loc.gov/alto/v3/alto-3-0.xsd"><Description>
<MeasurementUnit>pixel</MeasurementUnit>
<sourceImageInformation>
<fileName>1935_v32_Part1.pdf</fileName>
</sourceImageInformation>
<OCRProcessing ID="IdOcr">
<ocrProcessingStep>
<processingDateTime>2019-01-15</processingDateTime>
<processingSoftware>
<softwareCreator>ABBYY</softwareCreator>
<softwareName>ABBYY Recognition Server</softwareName>
<softwareVersion>4.0</softwareVersion>
</processingSoftware>
</ocrProcessingStep>
</OCRProcessing>
</Description>
<Styles>
<ParagraphStyle ALIGN="Left" FIRSTLINE="0." ID="StyleId-FFFFFFFF-FFFF-FFFF-FFFF-FFFFFFFFFFFF-" LEFT="0." RIGHT="0." />
<ParagraphStyle ALIGN="Left" FIRSTLINE="0." ID="StyleId-09A13A44-4F77-4ABE-84F3-84CC8B3C72CE-" LEFT="0." LINESPACE="7.699999809" RIGHT="0." />
<ParagraphStyle ALIGN="Left" FIRSTLINE="-10." ID="StyleId-1F945060-F8CD-4435-B69A-5FF49DB0C586-" LEFT="0." LINESPACE="12.19999981" RIGHT="0." />
<ParagraphStyle ALIGN="Block" FIRSTLINE="-14." ID="StyleId-C6CAE747-F5A4-4D0D-8D74-D452DA7E2C1C-" LEFT="0." LINESPACE="8.350000381" RIGHT="0." />
<ParagraphStyle ALIGN="Left" FIRSTLINE="0." ID="StyleId-FC0F3374-189A-459E-BE29-2DC14180F022-" LEFT="0." RIGHT="0." />
<ParagraphStyle ALIGN="Left" FIRSTLINE="-12." ID="StyleId-49397C49-A894-4B3E-BA5E-1126226BA375-" LEFT="0." LINESPACE="11.09000015" RIGHT="0." />
<ParagraphStyle ALIGN="Block" FIRSTLINE="-14." ID="StyleId-9E34DD3A-E661-48BD-A3A1-6A3D48346F00-" LEFT="0." LINESPACE="11.09000015" RIGHT="0." />
<ParagraphStyle ALIGN="Left" FIRSTLINE="0." ID="StyleId-56CE54AA-A08B-4BAA-8605-F26020A0E36E-" LEFT="0." LINESPACE="9.399999619" RIGHT="0." />
<ParagraphStyle ALIGN="Left" FIRSTLINE="-11." ID="StyleId-77814FFC-C42F-4AA9-9880-EF33B947DEC8-" LEFT="0." LINESPACE="11.06999969" RIGHT="0." />
<ParagraphStyle ALIGN="Center" FIRSTLINE="0." ID="StyleId-FDE92EC0-67DC-4C7B-8A24-094B12C38B6C-" LEFT="0." LINESPACE="11.30000019" RIGHT="0." />
<ParagraphStyle ALIGN="Left" FIRSTLINE="0." ID="StyleId-65180E3B-4C93-4FB8-81EE-E026DD63DBF3-" LEFT="0." LINESPACE="11.10000038" RIGHT="0." />
<ParagraphStyle ALIGN="Left" FIRSTLINE="0." ID="StyleId-10E885C2-5813-4620-B0AA-0FBA30CF7A32-" LEFT="0." LINESPACE="9.5" RIGHT="0." />
<ParagraphStyle ALIGN="Left" FIRSTLINE="0." ID="StyleId-913C2DB5-9F02-4067-BAF7-0AED37B60BBE-" LEFT="0." LINESPACE="6.099999905" RIGHT="0." />
<ParagraphStyle ALIGN="Left" FIRSTLINE="0." ID="StyleId-9C79A9D2-8F08-4A8F-985D-B00E253ED1E5-" LEFT="0." LINESPACE="4.400000095" RIGHT="0." />
<ParagraphStyle ALIGN="Left" FIRSTLINE="0." ID="StyleId-A41F0407-FEFE-4738-9EC5-E05AFFF62781-" LEFT="0." LINESPACE="7.300000191" RIGHT="0." />
<ParagraphStyle ALIGN="Left" FIRSTLINE="0." ID="StyleId-61D37176-94E8-408D-9B87-01C406CE8AB2-" LEFT="0." LINESPACE="8.050000191" RIGHT="0." />
</Styles>
<Layout>
<Page HEIGHT="4375" ID="Page1302" PHYSICAL_IMG_NR="1302" WIDTH="2424">
<TopMargin HEIGHT="440" HPOS="0" VPOS="0" WIDTH="2424">
</TopMargin>
<LeftMargin HEIGHT="3706" HPOS="0" VPOS="440" WIDTH="274">
</LeftMargin>
<RightMargin HEIGHT="3706" HPOS="2312" VPOS="440" WIDTH="112">
</RightMargin>
<BottomMargin HEIGHT="229" HPOS="0" VPOS="4146" WIDTH="2424">
</BottomMargin>
<PrintSpace HEIGHT="3706" HPOS="274" VPOS="440" WIDTH="2038">
<TextBlock HEIGHT="72" HPOS="1194" ID="Page1302_Block1" LANG="en-US" STYLEREFS="StyleId-E1E3B636-5116-4634-A538-D2AF05AE719A-" VPOS="4074" WIDTH="154">
<TextLine HEIGHT="51" HPOS="1204" VPOS="4085" WIDTH="134">
<String CONTENT="1302" HEIGHT="51" HPOS="1204" VPOS="4085" WIDTH="134" />
</TextLine>
</TextBlock>
<TextBlock CS="1" HEIGHT="3642" HPOS="274" ID="Page1302_Block2" LANG="en-US" STYLEREFS="StyleId-5A439861-8656-40FA-88DD-8143248C00DC-" VPOS="440" WIDTH="2038">
<TextLine HEIGHT="67" HPOS="306" STYLEREFS="StyleId-990144F6-0183-469A-9B71-C4A6301F7CAB-" VPOS="450" WIDTH="717">
<String CONTENT="Masefield," HEIGHT="66" HPOS="306" VPOS="450" WIDTH="318" />
<SP HEIGHT="65" HPOS="625" VPOS="451" WIDTH="25" />
<String CONTENT="John," HEIGHT="66" HPOS="651" VPOS="451" WIDTH="174" />
<SP HEIGHT="58" HPOS="826" VPOS="459" WIDTH="27" />
<String CONTENT="1878-" HEIGHT="54" HPOS="854" VPOS="454" WIDTH="169" />
</TextLine>
<TextLine HEIGHT="76" HPOS="375" STYLEREFS="StyleId-990144F6-0183-469A-9B71-C4A6301F7CAB-" VPOS="529" WIDTH="1928">
<String CONTENT="The" HEIGHT="53" HPOS="375" VPOS="530" WIDTH="122" />
<SP HEIGHT="53" HPOS="498" VPOS="530" WIDTH="38" />
<String CONTENT="box" HEIGHT="52" HPOS="537" VPOS="530" WIDTH="111" />
<SP HEIGHT="35" HPOS="649" VPOS="547" WIDTH="39" />
<String CONTENT="of" HEIGHT="53" HPOS="689" VPOS="529" WIDTH="65" />
<SP HEIGHT="53" HPOS="755" VPOS="529" WIDTH="39" />
<String CONTENT="delights;" HEIGHT="69" HPOS="795" VPOS="529" WIDTH="278" />
<SP HEIGHT="49" HPOS="1074" VPOS="548" WIDTH="39" />
<String CONTENT="or," HEIGHT="50" HPOS="1114" VPOS="548" WIDTH="83" />
<SP HEIGHT="67" HPOS="1198" VPOS="531" WIDTH="35" />
<String CONTENT="When" HEIGHT="54" HPOS="1234" VPOS="531" WIDTH="187" />
<SP HEIGHT="49" HPOS="1422" VPOS="536" WIDTH="39" />
<String CONTENT="the" HEIGHT="52" HPOS="1462" VPOS="533" WIDTH="97" />
<SP HEIGHT="34" HPOS="1560" VPOS="551" WIDTH="41" />
<String CONTENT="wolves" HEIGHT="55" HPOS="1602" VPOS="532" WIDTH="206" />
<SP HEIGHT="35" HPOS="1809" VPOS="552" WIDTH="39" />
<String CONTENT="were" HEIGHT="36" HPOS="1849" VPOS="552" WIDTH="145" />
<SP HEIGHT="36" HPOS="1995" VPOS="552" WIDTH="40" />
<String CONTENT="running," HEIGHT="70" HPOS="2036" VPOS="535" WIDTH="267" />
</TextLine>
<TextLine HEIGHT="76" HPOS="306" STYLEREFS="StyleId-990144F6-0183-469A-9B71-C4A6301F7CAB-" VPOS="606" WIDTH="1995">
<String CONTENT="by" HEIGHT="69" HPOS="306" LANG="en-US" VPOS="606" WIDTH="73" />
<SP HEIGHT="68" HPOS="380" VPOS="607" WIDTH="41" />
<String CONTENT="John" HEIGHT="54" HPOS="422" LANG="en-US" VPOS="607" WIDTH="157" />
<SP HEIGHT="54" HPOS="580" VPOS="607" WIDTH="39" />
<String CONTENT="Masefield." HEIGHT="55" HPOS="620" LANG="en-US" VPOS="606" WIDTH="312" />
<SP HEIGHT="53" HPOS="933" VPOS="608" WIDTH="89" />
<String CONTENT="London," HEIGHT="69" HPOS="1023" LANG="en-US" VPOS="608" WIDTH="261" />
<SP HEIGHT="67" HPOS="1285" VPOS="610" WIDTH="40" />
<String CONTENT="Toronto," HEIGHT="68" HPOS="1326" LANG="en-US" VPOS="610" WIDTH="273" />
<SP HEIGHT="67" HPOS="1600" VPOS="611" WIDTH="41" />
<String CONTENT="W." HEIGHT="54" HPOS="1642" LANG="en-US" VPOS="611" WIDTH="91" />
<SP HEIGHT="54" HPOS="1734" VPOS="611" WIDTH="41" />
<String CONTENT="Heinemann," HEIGHT="71" HPOS="1776" LANG="fr" VPOS="611" WIDTH="380" />
<SP HEIGHT="68" HPOS="2157" VPOS="614" WIDTH="41" />
<String CONTENT="ltd." HEIGHT="55" HPOS="2199" LANG="en-US" VPOS="614" WIDTH="102" />
</TextLine>
<TextLine CS="1" HEIGHT="66" HPOS="309" STYLEREFS="StyleId-990144F6-0183-469A-9B71-C4A6301F7CAB-" VPOS="688" WIDTH="155">
<String CONTENT="[1935]" CS="1" HEIGHT="66" HPOS="309" VPOS="688" WIDTH="155" />
</TextLine>
<TextLine CS="1" HEIGHT="50" HPOS="366" VPOS="772" WIDTH="739">
<String CONTENT="4" HEIGHT="40" HPOS="366" LANG="en-US" VPOS="773" WIDTH="28" />
<SP HEIGHT="49" HPOS="395" VPOS="773" WIDTH="22" />
<String CONTENT="p." HEIGHT="38" HPOS="418" LANG="en-US" VPOS="784" WIDTH="43" />
<SP />
<String CONTENT="l.," CS="1" HEIGHT="16" HPOS="525" LANG="en-US" VPOS="804" WIDTH="9" />
<SP HEIGHT="47" HPOS="535" VPOS="773" WIDTH="20" />
<String CONTENT="418" HEIGHT="41" HPOS="556" LANG="en-US" VPOS="773" WIDTH="88" />
<SP HEIGHT="49" HPOS="645" VPOS="773" WIDTH="22" />
<String CONTENT="p." HEIGHT="38" HPOS="668" LANG="en-US" VPOS="784" WIDTH="45" />
<SP HEIGHT="43" HPOS="714" VPOS="772" WIDTH="56" />
<String CONTENT="ill" HEIGHT="41" HPOS="771" LANG="en-US" VPOS="772" WIDTH="53" />
<SP HEIGHT="39" HPOS="825" VPOS="774" WIDTH="4" />
<String CONTENT="us." HEIGHT="31" HPOS="830" LANG="fr" VPOS="783" WIDTH="68" />
<SP HEIGHT="40" HPOS="899" VPOS="773" WIDTH="59" />
<String CONTENT="19" HEIGHT="42" HPOS="959" LANG="fr" VPOS="772" WIDTH="59" />
<String CONTENT="&#189;cm" CS="1" LANG="en-US" />
<String CONTENT="." HEIGHT="10" HPOS="1095" LANG="fr" VPOS="804" WIDTH="10" />
</TextLine>
<TextLine HEIGHT="50" HPOS="369" VPOS="829" WIDTH="948">
<String CONTENT="Lining-papers" HEIGHT="50" HPOS="369" VPOS="829" WIDTH="368" />
<SP HEIGHT="42" HPOS="738" VPOS="829" WIDTH="25" />
<String CONTENT="illustrated" HEIGHT="43" HPOS="764" VPOS="829" WIDTH="278" />
<SP HEIGHT="43" HPOS="1043" VPOS="829" WIDTH="26" />
<String CONTENT="in" HEIGHT="42" HPOS="1070" VPOS="829" WIDTH="51" />
<SP HEIGHT="32" HPOS="1122" VPOS="839" WIDTH="25" />
<String CONTENT="colors." HEIGHT="42" HPOS="1148" VPOS="830" WIDTH="169" />
</TextLine>
<TextLine CS="1" HEIGHT="59" HPOS="305" VPOS="897" WIDTH="1993">
<String CONTENT="&#169;" HEIGHT="53" HPOS="305" VPOS="897" WIDTH="53" />
<SP />
<String CONTENT="1c." CS="1" />
<SP HEIGHT="40" HPOS="463" VPOS="902" WIDTH="41" />
<String CONTENT="Sept." HEIGHT="48" HPOS="505" VPOS="902" WIDTH="128" />
<SP HEIGHT="39" HPOS="634" VPOS="902" WIDTH="39" />
<String CONTENT="18," HEIGHT="48" HPOS="674" VPOS="901" WIDTH="69" />
<SP HEIGHT="47" HPOS="744" VPOS="902" WIDTH="38" />
<String CONTENT="1935" HEIGHT="41" HPOS="783" VPOS="900" WIDTH="113" />
<SP HEIGHT="45" HPOS="897" VPOS="902" WIDTH="17" />
<String CONTENT=";" HEIGHT="35" HPOS="915" VPOS="912" WIDTH="8" />
<SP HEIGHT="45" HPOS="924" VPOS="902" WIDTH="39" />
<String CONTENT="A" HEIGHT="38" HPOS="964" VPOS="902" WIDTH="40" />
<SP HEIGHT="39" HPOS="1005" VPOS="902" WIDTH="38" />
<String CONTENT="ad" HEIGHT="39" HPOS="1044" VPOS="902" WIDTH="61" />
<SP HEIGHT="39" HPOS="1106" VPOS="902" WIDTH="39" />
<String CONTENT="int." HEIGHT="39" HPOS="1146" VPOS="902" WIDTH="86" />
<SP HEIGHT="40" HPOS="1233" VPOS="901" WIDTH="38" />
<String CONTENT="20578;" HEIGHT="48" HPOS="1272" VPOS="901" WIDTH="171" />
<SP HEIGHT="38" HPOS="1444" VPOS="912" WIDTH="39" />
<String CONTENT="pubd." HEIGHT="47" HPOS="1484" VPOS="903" WIDTH="141" />
<SP HEIGHT="39" HPOS="1626" VPOS="903" WIDTH="38" />
<String CONTENT="Aug." HEIGHT="48" HPOS="1665" VPOS="903" WIDTH="121" />
<SP HEIGHT="40" HPOS="1787" VPOS="903" WIDTH="39" />
<String CONTENT="30;" HEIGHT="48" HPOS="1827" VPOS="902" WIDTH="83" />
<SP HEIGHT="46" HPOS="1911" VPOS="904" WIDTH="41" />
<String CONTENT="J." HEIGHT="40" HPOS="1953" VPOS="904" WIDTH="43" />
<SP HEIGHT="39" HPOS="1997" VPOS="905" WIDTH="38" />
<String CONTENT="Masefield," HEIGHT="52" HPOS="2036" VPOS="904" WIDTH="262" />
</TextLine>
<TextLine HEIGHT="52" HPOS="375" VPOS="957" WIDTH="1388">
<String CONTENT="Cirencester," HEIGHT="48" HPOS="375" VPOS="958" WIDTH="315" />
<SP HEIGHT="48" HPOS="691" VPOS="958" WIDTH="27" />
<String CONTENT="Gloucestershire," HEIGHT="48" HPOS="719" VPOS="957" WIDTH="429" />
<SP HEIGHT="46" HPOS="1149" VPOS="959" WIDTH="24" />
<String CONTENT="England." HEIGHT="48" HPOS="1174" VPOS="958" WIDTH="234" />
<SP HEIGHT="48" HPOS="1409" VPOS="958" WIDTH="73" />
<String CONTENT="(35-17391)" HEIGHT="51" HPOS="1483" VPOS="958" WIDTH="280" />
</TextLine>
<TextLine HEIGHT="65" HPOS="299" STYLEREFS="StyleId-990144F6-0183-469A-9B71-C4A6301F7CAB-" VPOS="1062" WIDTH="780">
<String CONTENT="Merriman," HEIGHT="65" HPOS="299" VPOS="1062" WIDTH="342" />
<SP HEIGHT="64" HPOS="642" VPOS="1063" WIDTH="31" />
<String CONTENT="Charlotte" HEIGHT="55" HPOS="674" VPOS="1062" WIDTH="306" />
<SP HEIGHT="53" HPOS="981" VPOS="1062" WIDTH="30" />
<String CONTENT="E." HEIGHT="58" HPOS="1012" VPOS="1062" WIDTH="67" />
</TextLine>
<TextLine CS="1" HEIGHT="70" HPOS="371" STYLEREFS="StyleId-94448D83-1B11-4BAC-AB8B-4DF41397EF5B-" VPOS="1138" WIDTH="1923">
<String CONTENT="Tales" HEIGHT="55" HPOS="371" VPOS="1139" WIDTH="167" />
<SP HEIGHT="35" HPOS="539" VPOS="1158" WIDTH="27" />
<String CONTENT="of" HEIGHT="54" HPOS="567" VPOS="1138" WIDTH="63" />
<SP HEIGHT="57" HPOS="631" VPOS="1138" WIDTH="28" />
<String CONTENT="Sint" HEIGHT="57" HPOS="660" VPOS="1138" WIDTH="132" />
<SP HEIGHT="57" HPOS="793" VPOS="1138" WIDTH="27" />
<String CONTENT="Sink," HEIGHT="69" HPOS="821" VPOS="1138" WIDTH="163" />
<SP HEIGHT="66" HPOS="985" VPOS="1141" WIDTH="22" />
<String CONTENT="by" HEIGHT="67" HPOS="1008" VPOS="1141" WIDTH="76" />
<SP HEIGHT="68" HPOS="1085" VPOS="1140" WIDTH="26" />
<String CONTENT="Charlotte" HEIGHT="56" HPOS="1112" VPOS="1140" WIDTH="297" />
<SP HEIGHT="53" HPOS="1410" VPOS="1141" WIDTH="26" />
<String CONTENT="E." HEIGHT="54" HPOS="1437" VPOS="1141" WIDTH="68" />
<SP HEIGHT="55" HPOS="1506" VPOS="1140" WIDTH="27" />
<String CONTENT="Merriman" HEIGHT="54" HPOS="1534" VPOS="1140" WIDTH="316" />
<SP HEIGHT="35" HPOS="1851" VPOS="1160" WIDTH="32" />
<String CONTENT="&#8230;" CS="1" />
<SP HEIGHT="55" HPOS="1940" VPOS="1140" WIDTH="33" />
<String CONTENT="illustrated" HEIGHT="56" HPOS="1974" VPOS="1140" WIDTH="320" />
</TextLine>
<TextLine CS="1" HEIGHT="72" HPOS="300" STYLEREFS="StyleId-94448D83-1B11-4BAC-AB8B-4DF41397EF5B-" VPOS="1216" WIDTH="1885">
<String CONTENT="by" HEIGHT="70" HPOS="300" VPOS="1216" WIDTH="74" />
<SP HEIGHT="68" HPOS="375" VPOS="1218" WIDTH="24" />
<String CONTENT="Lyman" HEIGHT="68" HPOS="400" VPOS="1218" WIDTH="224" />
<SP HEIGHT="53" HPOS="625" VPOS="1218" WIDTH="25" />
<String CONTENT="A." HEIGHT="53" HPOS="651" VPOS="1218" WIDTH="72" />
<SP HEIGHT="52" HPOS="724" VPOS="1219" WIDTH="25" />
<String CONTENT="Langdon" HEIGHT="68" HPOS="750" VPOS="1218" WIDTH="280" />
<SP HEIGHT="35" HPOS="1031" VPOS="1237" WIDTH="32" />
<String CONTENT="&#8230;" CS="1" />
<SP HEIGHT="52" HPOS="1121" VPOS="1220" WIDTH="67" />
<String CONTENT="Port" HEIGHT="52" HPOS="1189" VPOS="1220" WIDTH="143" />
<SP HEIGHT="53" HPOS="1333" VPOS="1220" WIDTH="23" />
<String CONTENT="Washington," HEIGHT="67" HPOS="1357" VPOS="1219" WIDTH="402" />
<SP HEIGHT="63" HPOS="1760" VPOS="1220" WIDTH="27" />
<String CONTENT="N." HEIGHT="53" HPOS="1788" LANG="fi" VPOS="1220" WIDTH="68" />
<SP HEIGHT="52" HPOS="1857" VPOS="1220" WIDTH="31" />
<String CONTENT="Y." HEIGHT="53" HPOS="1889" VPOS="1220" WIDTH="70" />
<SP HEIGHT="33" HPOS="1960" VPOS="1254" WIDTH="33" />
<String CONTENT="[" CS="1" />
<String CONTENT="c" HEIGHT="22" HPOS="2011" STYLE="superscript" VPOS="1226" WIDTH="17" />
<String CONTENT="1935]" HEIGHT="64" HPOS="2036" VPOS="1224" WIDTH="149" />
</TextLine>
<TextLine CS="1" HEIGHT="51" HPOS="372" VPOS="1302" WIDTH="1442">
<String CONTENT="6" HEIGHT="41" HPOS="372" VPOS="1303" WIDTH="28" />
<SP HEIGHT="49" HPOS="401" VPOS="1303" WIDTH="20" />
<String CONTENT="p." HEIGHT="38" HPOS="422" LANG="fr" VPOS="1314" WIDTH="42" />
<SP />
<String CONTENT="l." CS="1" LANG="fr" />
<String CONTENT="," HEIGHT="17" HPOS="525" VPOS="1334" WIDTH="11" />
<SP HEIGHT="48" HPOS="537" VPOS="1303" WIDTH="22" />
<String CONTENT="258," HEIGHT="48" HPOS="560" VPOS="1302" WIDTH="98" />
<SP HEIGHT="31" HPOS="659" VPOS="1322" WIDTH="27" />
<String CONTENT="[1]" HEIGHT="50" HPOS="687" VPOS="1303" WIDTH="55" />
<SP HEIGHT="39" HPOS="743" VPOS="1313" WIDTH="25" />
<String CONTENT="p.," HEIGHT="38" HPOS="769" LANG="fr" VPOS="1313" WIDTH="58" />
<SP HEIGHT="46" HPOS="828" VPOS="1304" WIDTH="23" />
<String CONTENT="1" HEIGHT="38" HPOS="852" VPOS="1304" WIDTH="23" />
<SP />
<String CONTENT="l." CS="1" />
<SP HEIGHT="42" HPOS="932" VPOS="1302" WIDTH="24" />
<String CONTENT="incl." HEIGHT="42" HPOS="957" VPOS="1302" WIDTH="111" />
<SP HEIGHT="42" HPOS="1069" VPOS="1302" WIDTH="23" />
<String CONTENT="front." HEIGHT="42" HPOS="1093" VPOS="1302" WIDTH="150" />
<SP HEIGHT="37" HPOS="1244" VPOS="1313" WIDTH="51" />
<String CONTENT="plates," HEIGHT="48" HPOS="1296" VPOS="1303" WIDTH="171" />
<SP HEIGHT="37" HPOS="1468" VPOS="1314" WIDTH="24" />
<String CONTENT="maps." HEIGHT="38" HPOS="1493" VPOS="1314" WIDTH="149" />
<SP HEIGHT="40" HPOS="1643" VPOS="1304" WIDTH="54" />
<String CONTENT="28" HEIGHT="41" HPOS="1698" VPOS="1304" WIDTH="57" />
<String CONTENT="cm" HEIGHT="21" HPOS="1757" STYLE="superscript" VPOS="1306" WIDTH="43" />
<String CONTENT="." HEIGHT="9" HPOS="1806" VPOS="1336" WIDTH="8" />
</TextLine>
<TextLine HEIGHT="48" HPOS="374" VPOS="1360" WIDTH="684">
<String CONTENT="Illustrated" HEIGHT="40" HPOS="374" VPOS="1361" WIDTH="287" />
<SP HEIGHT="41" HPOS="662" VPOS="1360" WIDTH="32" />
<String CONTENT="lining-papers." HEIGHT="48" HPOS="695" VPOS="1360" WIDTH="363" />
</TextLine>
<TextLine HEIGHT="53" HPOS="372" VPOS="1415" WIDTH="1923">
<String CONTENT="Each" HEIGHT="42" HPOS="372" VPOS="1416" WIDTH="134" />
<SP HEIGHT="50" HPOS="507" VPOS="1416" WIDTH="23" />
<String CONTENT="part" HEIGHT="45" HPOS="531" VPOS="1421" WIDTH="112" />
<SP HEIGHT="45" HPOS="644" VPOS="1421" WIDTH="22" />
<String CONTENT="preceded" HEIGHT="48" HPOS="667" VPOS="1418" WIDTH="230" />
<SP HEIGHT="40" HPOS="898" VPOS="1417" WIDTH="27" />
<String CONTENT="by" HEIGHT="48" HPOS="926" VPOS="1417" WIDTH="60" />
<SP HEIGHT="49" HPOS="987" VPOS="1416" WIDTH="23" />
<String CONTENT="illustrated" HEIGHT="42" HPOS="1011" VPOS="1416" WIDTH="279" />
<SP HEIGHT="40" HPOS="1291" VPOS="1418" WIDTH="27" />
<String CONTENT="half-title" HEIGHT="43" HPOS="1319" VPOS="1415" WIDTH="237" />
<SP HEIGHT="30" HPOS="1557" VPOS="1427" WIDTH="21" />
<String CONTENT="not" HEIGHT="38" HPOS="1579" VPOS="1420" WIDTH="84" />
<SP HEIGHT="41" HPOS="1664" VPOS="1417" WIDTH="21" />
<String CONTENT="included" HEIGHT="42" HPOS="1686" VPOS="1417" WIDTH="225" />
<SP HEIGHT="41" HPOS="1912" VPOS="1418" WIDTH="25" />
<String CONTENT="in" HEIGHT="40" HPOS="1938" VPOS="1418" WIDTH="48" />
<SP HEIGHT="37" HPOS="1987" VPOS="1422" WIDTH="25" />
<String CONTENT="the" HEIGHT="40" HPOS="2013" VPOS="1419" WIDTH="81" />
<SP HEIGHT="39" HPOS="2095" VPOS="1429" WIDTH="25" />
<String CONTENT="paging" HEIGHT="47" HPOS="2121" VPOS="1421" WIDTH="174" />
</TextLine>
<TextLine HEIGHT="52" HPOS="309" VPOS="1473" WIDTH="267">
<String CONTENT="(4" HEIGHT="50" HPOS="309" VPOS="1475" WIDTH="52" />
<SP HEIGHT="40" HPOS="362" VPOS="1475" WIDTH="24" />
<String CONTENT="leaves)" HEIGHT="49" HPOS="387" VPOS="1473" WIDTH="189" />
</TextLine>
<TextLine CS="1" HEIGHT="107" HPOS="301" VPOS="1529" WIDTH="1974">
<String CONTENT="&#8220;The" HEIGHT="42" HPOS="373" VPOS="1530" WIDTH="129" />
<SP HEIGHT="38" HPOS="503" VPOS="1541" WIDTH="21" />
<String CONTENT="publication" HEIGHT="50" HPOS="525" VPOS="1529" WIDTH="300" />
<SP HEIGHT="30" HPOS="826" VPOS="1541" WIDTH="21" />
<String CONTENT="of" HEIGHT="41" HPOS="848" VPOS="1530" WIDTH="51" />
<SP HEIGHT="41" HPOS="900" VPOS="1530" WIDTH="23" />
<String CONTENT="this" HEIGHT="42" HPOS="924" VPOS="1529" WIDTH="99" />
<SP HEIGHT="38" HPOS="1024" VPOS="1531" WIDTH="21" />
<String CONTENT="book" HEIGHT="40" HPOS="1046" VPOS="1530" WIDTH="122" />
<SP HEIGHT="40" HPOS="1169" VPOS="1530" WIDTH="21" />
<String CONTENT="has" HEIGHT="40" HPOS="1191" VPOS="1530" WIDTH="90" />
<SP HEIGHT="40" HPOS="1282" VPOS="1530" WIDTH="21" />
<String CONTENT="been" HEIGHT="41" HPOS="1304" VPOS="1530" WIDTH="118" />
<SP HEIGHT="29" HPOS="1423" VPOS="1541" WIDTH="24" />
<String CONTENT="made" HEIGHT="39" HPOS="1448" VPOS="1532" WIDTH="140" />
<SP HEIGHT="38" HPOS="1589" VPOS="1541" WIDTH="23" />
<String CONTENT="possible" HEIGHT="48" HPOS="1613" VPOS="1531" WIDTH="208" />
<SP HEIGHT="38" HPOS="1822" VPOS="1534" WIDTH="24" />
<String CONTENT="through" HEIGHT="46" HPOS="1847" VPOS="1533" WIDTH="210" />
<SP HEIGHT="39" HPOS="2058" VPOS="1533" WIDTH="22" />
<String CONTENT="the" HEIGHT="41" HPOS="2081" VPOS="1532" WIDTH="82" />
<SP HEIGHT="38" HPOS="2164" VPOS="1543" WIDTH="23" />
<String CONTENT="generosity" HEIGHT="92" HPOS="301" VPOS="1543" WIDTH="1974" />
<SP HEIGHT="37" HPOS="485" VPOS="1598" WIDTH="24" />
<String CONTENT="of" HEIGHT="39" HPOS="510" VPOS="1588" WIDTH="52" />
<SP HEIGHT="40" HPOS="563" VPOS="1588" WIDTH="24" />
<String CONTENT="the" HEIGHT="40" HPOS="588" VPOS="1588" WIDTH="82" />
<SP HEIGHT="40" HPOS="671" VPOS="1588" WIDTH="24" />
<String CONTENT="Board" HEIGHT="40" HPOS="696" VPOS="1588" WIDTH="162" />
<SP HEIGHT="39" HPOS="859" VPOS="1588" WIDTH="24" />
<String CONTENT="of" HEIGHT="41" HPOS="884" VPOS="1586" WIDTH="51" />
<SP HEIGHT="41" HPOS="936" VPOS="1586" WIDTH="23" />
<String CONTENT="education" HEIGHT="41" HPOS="960" VPOS="1586" WIDTH="258" />
<SP HEIGHT="30" HPOS="1219" VPOS="1597" WIDTH="25" />
<String CONTENT="of" HEIGHT="40" HPOS="1245" VPOS="1587" WIDTH="53" />
<SP HEIGHT="40" HPOS="1299" VPOS="1587" WIDTH="22" />
<String CONTENT="Port" HEIGHT="41" HPOS="1322" VPOS="1587" WIDTH="118" />
<SP HEIGHT="41" HPOS="1441" VPOS="1587" WIDTH="24" />
<String CONTENT="Washington," HEIGHT="49" HPOS="1466" VPOS="1587" WIDTH="335" />
<SP HEIGHT="48" HPOS="1802" VPOS="1588" WIDTH="25" />
<String CONTENT="N." HEIGHT="40" HPOS="1828" LANG="fi" VPOS="1588" WIDTH="54" />
<SP HEIGHT="39" HPOS="1883" VPOS="1589" WIDTH="28" />
<String CONTENT="Y.&#8221;" HEIGHT="41" HPOS="1912" VPOS="1588" WIDTH="82" />
</TextLine>
<TextLine HEIGHT="49" HPOS="370" VPOS="1643" WIDTH="770">
<String CONTENT="Bibliography" HEIGHT="48" HPOS="370" VPOS="1644" WIDTH="350" />
<SP HEIGHT="39" HPOS="721" VPOS="1653" WIDTH="15" />
<String CONTENT=":" HEIGHT="31" HPOS="737" VPOS="1653" WIDTH="12" />
<SP HEIGHT="40" HPOS="750" VPOS="1644" WIDTH="25" />
<String CONTENT="1" HEIGHT="40" HPOS="776" VPOS="1644" WIDTH="26" />
<SP HEIGHT="40" HPOS="803" VPOS="1644" WIDTH="25" />
<String CONTENT="leaf" HEIGHT="41" HPOS="829" VPOS="1643" WIDTH="102" />
<SP HEIGHT="41" HPOS="932" VPOS="1643" WIDTH="20" />
<String CONTENT="at" HEIGHT="38" HPOS="953" VPOS="1646" WIDTH="55" />
<SP HEIGHT="38" HPOS="1009" VPOS="1646" WIDTH="24" />
<String CONTENT="end." HEIGHT="41" HPOS="1034" VPOS="1643" WIDTH="106" />
</TextLine>
<TextLine HEIGHT="54" HPOS="299" VPOS="1710" WIDTH="1996">
<String CONTENT="&#169;" HEIGHT="54" HPOS="299" VPOS="1710" WIDTH="55" />
<SP HEIGHT="54" HPOS="355" VPOS="1710" WIDTH="28" />
<String CONTENT="Sept." HEIGHT="47" HPOS="384" VPOS="1716" WIDTH="128" />
<SP HEIGHT="39" HPOS="513" VPOS="1715" WIDTH="29" />
<String CONTENT="16," HEIGHT="47" HPOS="543" VPOS="1714" WIDTH="69" />
<SP HEIGHT="45" HPOS="613" VPOS="1716" WIDTH="28" />
<String CONTENT="1935;" HEIGHT="47" HPOS="642" VPOS="1713" WIDTH="141" />
<SP HEIGHT="48" HPOS="784" VPOS="1712" WIDTH="27" />
<String CONTENT="2c." HEIGHT="41" HPOS="812" VPOS="1712" WIDTH="65" />
<SP HEIGHT="29" HPOS="878" VPOS="1724" WIDTH="30" />
<String CONTENT="and" HEIGHT="39" HPOS="909" VPOS="1714" WIDTH="95" />
<SP HEIGHT="39" HPOS="1005" VPOS="1714" WIDTH="29" />
<String CONTENT="aff." HEIGHT="40" HPOS="1035" VPOS="1713" WIDTH="82" />
<SP HEIGHT="40" HPOS="1118" VPOS="1714" WIDTH="33" />
<String CONTENT="Sept." HEIGHT="48" HPOS="1152" VPOS="1714" WIDTH="127" />
<SP HEIGHT="39" HPOS="1280" VPOS="1714" WIDTH="30" />
<String CONTENT="18;" HEIGHT="47" HPOS="1311" VPOS="1713" WIDTH="81" />
<SP HEIGHT="46" HPOS="1393" VPOS="1714" WIDTH="28" />
<String CONTENT="A" HEIGHT="38" HPOS="1422" VPOS="1714" WIDTH="41" />
<SP HEIGHT="41" HPOS="1464" VPOS="1713" WIDTH="29" />
<String CONTENT="87059;" HEIGHT="49" HPOS="1494" VPOS="1712" WIDTH="170" />
<SP HEIGHT="48" HPOS="1665" VPOS="1713" WIDTH="34" />
<String CONTENT="C." HEIGHT="42" HPOS="1700" VPOS="1713" WIDTH="49" />
<SP HEIGHT="39" HPOS="1750" VPOS="1715" WIDTH="30" />
<String CONTENT="E." HEIGHT="40" HPOS="1781" VPOS="1715" WIDTH="52" />
<SP HEIGHT="40" HPOS="1834" VPOS="1715" WIDTH="33" />
<String CONTENT="Merriman," HEIGHT="48" HPOS="1868" VPOS="1713" WIDTH="280" />
<SP HEIGHT="46" HPOS="2149" VPOS="1715" WIDTH="28" />
<String CONTENT="Port" HEIGHT="41" HPOS="2178" VPOS="1715" WIDTH="117" />
</TextLine>
<TextLine HEIGHT="51" HPOS="366" VPOS="1769" WIDTH="859">
<String CONTENT="Washington," HEIGHT="49" HPOS="366" VPOS="1771" WIDTH="335" />
<SP HEIGHT="47" HPOS="702" VPOS="1771" WIDTH="30" />
<String CONTENT="N." HEIGHT="40" HPOS="733" LANG="fi" VPOS="1771" WIDTH="56" />
<SP HEIGHT="40" HPOS="790" VPOS="1771" WIDTH="29" />
<String CONTENT="Y." HEIGHT="39" HPOS="820" VPOS="1771" WIDTH="54" />
<SP HEIGHT="48" HPOS="875" VPOS="1770" WIDTH="68" />
<String CONTENT="(35-17055)" HEIGHT="49" HPOS="944" VPOS="1769" WIDTH="281" />
</TextLine>
<TextLine HEIGHT="66" HPOS="295" STYLEREFS="StyleId-990144F6-0183-469A-9B71-C4A6301F7CAB-" VPOS="1874" WIDTH="679">
<String CONTENT="Monseth," HEIGHT="65" HPOS="295" VPOS="1875" WIDTH="296" />
<SP HEIGHT="64" HPOS="592" VPOS="1876" WIDTH="26" />
<String CONTENT="Ingwald" HEIGHT="65" HPOS="619" VPOS="1874" WIDTH="262" />
<SP HEIGHT="53" HPOS="882" VPOS="1875" WIDTH="27" />
<String CONTENT="T." HEIGHT="55" HPOS="910" VPOS="1875" WIDTH="64" />
</TextLine>
<TextLine CS="1" HEIGHT="68" HPOS="367" STYLEREFS="StyleId-94448D83-1B11-4BAC-AB8B-4DF41397EF5B-" VPOS="1952" WIDTH="1860">
<String CONTENT="Relay" HEIGHT="68" HPOS="367" VPOS="1952" WIDTH="181" />
<SP HEIGHT="51" HPOS="549" VPOS="1969" WIDTH="28" />
<String CONTENT="systems;" HEIGHT="63" HPOS="578" VPOS="1957" WIDTH="264" />
<SP HEIGHT="61" HPOS="843" VPOS="1958" WIDTH="31" />
<String CONTENT="theory" HEIGHT="67" HPOS="875" VPOS="1953" WIDTH="201" />
<SP HEIGHT="50" HPOS="1077" VPOS="1970" WIDTH="28" />
<String CONTENT="and" HEIGHT="53" HPOS="1106" VPOS="1953" WIDTH="111" />
<SP HEIGHT="53" HPOS="1218" VPOS="1953" WIDTH="30" />
<String CONTENT="application," HEIGHT="68" HPOS="1249" VPOS="1952" WIDTH="371" />
<SP HEIGHT="65" HPOS="1621" VPOS="1953" WIDTH="27" />
<String CONTENT="by" HEIGHT="67" HPOS="1649" VPOS="1953" WIDTH="77" />
<SP HEIGHT="67" HPOS="1727" VPOS="1953" WIDTH="27" />
<String CONTENT="I." HEIGHT="52" HPOS="1755" VPOS="1953" WIDTH="47" />
<SP HEIGHT="53" HPOS="1803" VPOS="1953" WIDTH="30" />
<String CONTENT="T." HEIGHT="54" HPOS="1834" VPOS="1953" WIDTH="64" />
<SP HEIGHT="53" HPOS="1899" VPOS="1954" WIDTH="29" />
<String CONTENT="Monseth" HEIGHT="53" HPOS="1929" VPOS="1954" WIDTH="262" />
<SP HEIGHT="53" HPOS="2192" VPOS="1955" WIDTH="35" />
<String CONTENT="&#8230;" CS="1" />
</TextLine>
<TextLine CS="1" HEIGHT="70" HPOS="299" STYLEREFS="StyleId-94448D83-1B11-4BAC-AB8B-4DF41397EF5B-" VPOS="2030" WIDTH="1989">
<String CONTENT="and" HEIGHT="53" HPOS="299" VPOS="2031" WIDTH="112" />
<SP HEIGHT="53" HPOS="412" VPOS="2031" WIDTH="45" />
<String CONTENT="P." HEIGHT="53" HPOS="458" LANG="fr" VPOS="2032" WIDTH="65" />
<SP HEIGHT="54" HPOS="524" VPOS="2031" WIDTH="46" />
<String CONTENT="H." HEIGHT="53" HPOS="571" VPOS="2031" WIDTH="76" />
<SP HEIGHT="53" HPOS="648" VPOS="2031" WIDTH="48" />
<String CONTENT="Robinson" HEIGHT="54" HPOS="697" VPOS="2030" WIDTH="287" />
<SP HEIGHT="34" HPOS="985" VPOS="2049" WIDTH="54" />
<String CONTENT="&#8230;" CS="1" />
<SP HEIGHT="48" HPOS="1097" VPOS="2036" WIDTH="89" />
<String CONTENT="1st" HEIGHT="47" HPOS="1187" VPOS="2036" WIDTH="81" />
<SP HEIGHT="45" HPOS="1269" VPOS="2037" WIDTH="44" />
<String CONTENT="ed." HEIGHT="53" HPOS="1314" VPOS="2031" WIDTH="85" />
<SP HEIGHT="53" HPOS="1400" VPOS="2031" WIDTH="79" />
<String CONTENT="New" HEIGHT="53" HPOS="1480" VPOS="2031" WIDTH="138" />
<SP HEIGHT="52" HPOS="1619" VPOS="2032" WIDTH="45" />
<String CONTENT="York" HEIGHT="52" HPOS="1665" VPOS="2032" WIDTH="163" />
<SP HEIGHT="52" HPOS="1829" VPOS="2032" WIDTH="44" />
<String CONTENT="and" HEIGHT="52" HPOS="1874" VPOS="2033" WIDTH="112" />
<SP HEIGHT="52" HPOS="1987" VPOS="2033" WIDTH="44" />
<String CONTENT="London," HEIGHT="67" HPOS="2032" VPOS="2033" WIDTH="256" />
</TextLine>
<TextLine HEIGHT="69" HPOS="295" STYLEREFS="StyleId-94448D83-1B11-4BAC-AB8B-4DF41397EF5B-" VPOS="2107" WIDTH="1267">
<String CONTENT="McGraw-Hill" HEIGHT="57" HPOS="295" VPOS="2107" WIDTH="429" />
<SP HEIGHT="53" HPOS="725" VPOS="2108" WIDTH="28" />
<String CONTENT="book" HEIGHT="53" HPOS="754" VPOS="2108" WIDTH="146" />
<SP HEIGHT="54" HPOS="901" VPOS="2108" WIDTH="28" />
<String CONTENT="company," HEIGHT="50" HPOS="930" VPOS="2126" WIDTH="295" />
<SP HEIGHT="68" HPOS="1226" VPOS="2107" WIDTH="29" />
<String CONTENT="inc.," HEIGHT="68" HPOS="1256" VPOS="2107" WIDTH="126" />
<SP HEIGHT="61" HPOS="1383" VPOS="2114" WIDTH="30" />
<String CONTENT="1935." HEIGHT="49" HPOS="1414" VPOS="2113" WIDTH="148" />
</TextLine>
<TextLine CS="1" HEIGHT="50" HPOS="368" STYLEREFS="StyleId-94448D83-1B11-4BAC-AB8B-4DF41397EF5B-" VPOS="2193" WIDTH="848">
<String CONTENT="xi," HEIGHT="47" HPOS="368" VPOS="2196" WIDTH="64" />
<SP HEIGHT="47" HPOS="433" VPOS="2196" WIDTH="26" />
<String CONTENT="549" HEIGHT="41" HPOS="460" VPOS="2195" WIDTH="86" />
<SP HEIGHT="47" HPOS="547" VPOS="2195" WIDTH="21" />
<String CONTENT="p." HEIGHT="38" HPOS="569" VPOS="2204" WIDTH="43" />
<SP HEIGHT="41" HPOS="613" VPOS="2195" WIDTH="54" />
<String CONTENT="illus.," HEIGHT="48" HPOS="668" VPOS="2195" WIDTH="142" />
<SP HEIGHT="46" HPOS="811" VPOS="2197" WIDTH="27" />
<String CONTENT="diagrs." HEIGHT="47" HPOS="839" VPOS="2195" WIDTH="178" />
<SP HEIGHT="43" HPOS="1018" VPOS="2193" WIDTH="54" />
<String CONTENT="23&#189;" CS="1" HEIGHT="41" HPOS="1073" VPOS="2193" WIDTH="55" />
<String CONTENT="cm" HEIGHT="21" HPOS="1160" STYLE="superscript" VPOS="2196" WIDTH="44" />
<String CONTENT="." HEIGHT="9" HPOS="1208" VPOS="2225" WIDTH="8" />
</TextLine>
<TextLine CS="1" HEIGHT="106" HPOS="298" VPOS="2250" WIDTH="1974">
<String CONTENT="&#8220;This" HEIGHT="41" HPOS="369" VPOS="2253" WIDTH="145" />
<SP HEIGHT="31" HPOS="515" VPOS="2263" WIDTH="23" />
<String CONTENT="volume" HEIGHT="40" HPOS="539" VPOS="2253" WIDTH="190" />
<SP HEIGHT="40" HPOS="730" VPOS="2252" WIDTH="23" />
<String CONTENT="has" HEIGHT="40" HPOS="754" VPOS="2252" WIDTH="89" />
<SP HEIGHT="41" HPOS="844" VPOS="2251" WIDTH="23" />
<String CONTENT="been" HEIGHT="41" HPOS="868" VPOS="2251" WIDTH="117" />
<SP HEIGHT="39" HPOS="986" VPOS="2253" WIDTH="22" />
<String CONTENT="developed" HEIGHT="47" HPOS="1009" VPOS="2251" WIDTH="259" />
<SP HEIGHT="40" HPOS="1269" VPOS="2250" WIDTH="24" />
<String CONTENT="from" HEIGHT="40" HPOS="1294" VPOS="2250" WIDTH="127" />
<SP HEIGHT="29" HPOS="1422" VPOS="2261" WIDTH="25" />
<String CONTENT="a" HEIGHT="29" HPOS="1448" VPOS="2261" WIDTH="27" />
<SP HEIGHT="30" HPOS="1476" VPOS="2261" WIDTH="25" />
<String CONTENT="series" HEIGHT="40" HPOS="1502" VPOS="2251" WIDTH="150" />
<SP HEIGHT="30" HPOS="1653" VPOS="2261" WIDTH="24" />
<String CONTENT="of" HEIGHT="40" HPOS="1678" VPOS="2251" WIDTH="51" />
<SP HEIGHT="40" HPOS="1730" VPOS="2251" WIDTH="23" />
<String CONTENT="articles" HEIGHT="40" HPOS="1754" VPOS="2252" WIDTH="198" />
<SP HEIGHT="41" HPOS="1953" VPOS="2251" WIDTH="23" />
<String CONTENT="in" HEIGHT="39" HPOS="1977" VPOS="2251" WIDTH="48" />
<SP HEIGHT="36" HPOS="2026" VPOS="2256" WIDTH="26" />
<String CONTENT="the" HEIGHT="39" HPOS="2053" VPOS="2254" WIDTH="81" />
<SP HEIGHT="40" HPOS="2135" VPOS="2253" WIDTH="23" />
<String CONTENT="Electric" HEIGHT="97" HPOS="298" VPOS="2253" WIDTH="1974" />
<SP HEIGHT="48" HPOS="393" VPOS="2308" WIDTH="23" />
<String CONTENT="journal" HEIGHT="48" HPOS="417" VPOS="2308" WIDTH="196" />
<SP HEIGHT="39" HPOS="614" VPOS="2309" WIDTH="29" />
<String CONTENT="written" HEIGHT="40" HPOS="644" VPOS="2308" WIDTH="196" />
<SP HEIGHT="39" HPOS="841" VPOS="2309" WIDTH="27" />
<String CONTENT="by" HEIGHT="47" HPOS="869" VPOS="2309" WIDTH="60" />
<SP HEIGHT="45" HPOS="930" VPOS="2311" WIDTH="31" />
<String CONTENT="the" HEIGHT="39" HPOS="962" VPOS="2309" WIDTH="80" />
<SP HEIGHT="30" HPOS="1043" VPOS="2318" WIDTH="28" />
<String CONTENT="authors" HEIGHT="40" HPOS="1072" VPOS="2308" WIDTH="203" />
<SP HEIGHT="40" HPOS="1276" VPOS="2308" WIDTH="29" />
<String CONTENT="in" HEIGHT="40" HPOS="1306" VPOS="2308" WIDTH="48" />
<SP HEIGHT="38" HPOS="1355" VPOS="2308" WIDTH="30" />
<String CONTENT="1930," HEIGHT="49" HPOS="1386" VPOS="2307" WIDTH="126" />
<SP HEIGHT="48" HPOS="1513" VPOS="2308" WIDTH="27" />
<String CONTENT="1931," HEIGHT="47" HPOS="1541" VPOS="2308" WIDTH="128" />
<SP HEIGHT="37" HPOS="1670" VPOS="2318" WIDTH="30" />
<String CONTENT="and" HEIGHT="40" HPOS="1701" VPOS="2308" WIDTH="92" />
<SP HEIGHT="40" HPOS="1794" VPOS="2308" WIDTH="32" />
<String CONTENT="1932.&#8221;&#8212;Pref." HEIGHT="42" HPOS="1827" VPOS="2307" WIDTH="350" />
</TextLine>
<TextLine HEIGHT="49" HPOS="370" VPOS="2364" WIDTH="1727">
<String CONTENT="&#8220;Additional" HEIGHT="41" HPOS="370" VPOS="2365" WIDTH="308" />
<SP HEIGHT="39" HPOS="679" VPOS="2366" WIDTH="26" />
<String CONTENT="references&#8221;" HEIGHT="41" HPOS="706" VPOS="2364" WIDTH="299" />
<SP HEIGHT="39" HPOS="1006" VPOS="2365" WIDTH="26" />
<String CONTENT="at" HEIGHT="36" HPOS="1033" VPOS="2369" WIDTH="50" />
<SP HEIGHT="36" HPOS="1084" VPOS="2369" WIDTH="25" />
<String CONTENT="end" HEIGHT="39" HPOS="1110" VPOS="2366" WIDTH="90" />
<SP HEIGHT="39" HPOS="1201" VPOS="2366" WIDTH="26" />
<String CONTENT="of" HEIGHT="39" HPOS="1228" VPOS="2365" WIDTH="52" />
<SP HEIGHT="39" HPOS="1281" VPOS="2365" WIDTH="21" />
<String CONTENT="chapters" HEIGHT="48" HPOS="1303" VPOS="2365" WIDTH="226" />
<SP HEIGHT="31" HPOS="1530" VPOS="2374" WIDTH="24" />
<String CONTENT="eleven" HEIGHT="39" HPOS="1555" VPOS="2365" WIDTH="165" />
<SP HEIGHT="30" HPOS="1721" VPOS="2375" WIDTH="26" />
<String CONTENT="and" HEIGHT="39" HPOS="1748" VPOS="2366" WIDTH="94" />
<SP HEIGHT="39" HPOS="1843" VPOS="2366" WIDTH="28" />
<String CONTENT="thirteen." HEIGHT="43" HPOS="1872" VPOS="2365" WIDTH="225" />
</TextLine>
<TextLine HEIGHT="53" HPOS="294" VPOS="2434" WIDTH="1991">
<String CONTENT="&#169;" HEIGHT="53" HPOS="294" VPOS="2434" WIDTH="53" />
<SP HEIGHT="53" HPOS="348" VPOS="2434" WIDTH="26" />
<String CONTENT="Sept." HEIGHT="48" HPOS="375" VPOS="2438" WIDTH="127" />
<SP HEIGHT="38" HPOS="503" VPOS="2439" WIDTH="27" />
<String CONTENT="16," HEIGHT="48" HPOS="531" VPOS="2437" WIDTH="69" />
<SP HEIGHT="46" HPOS="601" VPOS="2439" WIDTH="27" />
<String CONTENT="1935" HEIGHT="40" HPOS="629" VPOS="2437" WIDTH="113" />
<SP HEIGHT="46" HPOS="743" VPOS="2437" WIDTH="16" />
<String CONTENT=";" HEIGHT="35" HPOS="760" VPOS="2448" WIDTH="9" />
<SP HEIGHT="46" HPOS="770" VPOS="2437" WIDTH="30" />
<String CONTENT="2c." HEIGHT="39" HPOS="801" VPOS="2437" WIDTH="66" />
<SP HEIGHT="29" HPOS="868" VPOS="2447" WIDTH="27" />
<String CONTENT="and" HEIGHT="39" HPOS="896" VPOS="2437" WIDTH="97" />
<SP HEIGHT="39" HPOS="994" VPOS="2437" WIDTH="26" />
<String CONTENT="aff." HEIGHT="41" HPOS="1021" VPOS="2435" WIDTH="81" />
<SP HEIGHT="40" HPOS="1103" VPOS="2436" WIDTH="33" />
<String CONTENT="Sept." HEIGHT="47" HPOS="1137" VPOS="2436" WIDTH="128" />
<SP HEIGHT="39" HPOS="1266" VPOS="2437" WIDTH="25" />
<String CONTENT="19" HEIGHT="40" HPOS="1292" VPOS="2435" WIDTH="54" />
<SP HEIGHT="48" HPOS="1347" VPOS="2435" WIDTH="16" />
<String CONTENT=";" HEIGHT="37" HPOS="1364" VPOS="2446" WIDTH="10" />
<SP HEIGHT="47" HPOS="1375" VPOS="2436" WIDTH="28" />
<String CONTENT="A" HEIGHT="38" HPOS="1404" VPOS="2436" WIDTH="41" />
<SP HEIGHT="40" HPOS="1446" VPOS="2436" WIDTH="27" />
<String CONTENT="86362" HEIGHT="41" HPOS="1474" VPOS="2435" WIDTH="143" />
<SP HEIGHT="47" HPOS="1618" VPOS="2435" WIDTH="16" />
<String CONTENT=";" HEIGHT="35" HPOS="1635" VPOS="2447" WIDTH="9" />
<SP HEIGHT="45" HPOS="1645" VPOS="2437" WIDTH="30" />
<String CONTENT="McGraw-Hill" HEIGHT="41" HPOS="1676" VPOS="2436" WIDTH="355" />
<SP HEIGHT="40" HPOS="2032" VPOS="2437" WIDTH="23" />
<String CONTENT="book" HEIGHT="40" HPOS="2056" VPOS="2437" WIDTH="124" />
<SP HEIGHT="41" HPOS="2181" VPOS="2437" WIDTH="23" />
<String CONTENT="co.," HEIGHT="40" HPOS="2205" VPOS="2446" WIDTH="80" />
</TextLine>
<TextLine HEIGHT="50" HPOS="363" VPOS="2492" WIDTH="441">
<String CONTENT="inc." HEIGHT="41" HPOS="363" VPOS="2494" WIDTH="90" />
<SP HEIGHT="48" HPOS="454" VPOS="2494" WIDTH="68" />
<String CONTENT="(35-17043)" HEIGHT="50" HPOS="523" VPOS="2492" WIDTH="281" />
</TextLine>
<TextLine HEIGHT="68" HPOS="292" STYLEREFS="StyleId-990144F6-0183-469A-9B71-C4A6301F7CAB-" VPOS="2594" WIDTH="1270">
<String CONTENT="Morley," HEIGHT="65" HPOS="292" VPOS="2597" WIDTH="243" />
<SP HEIGHT="64" HPOS="536" VPOS="2598" WIDTH="32" />
<String CONTENT="Christopher" HEIGHT="64" HPOS="569" VPOS="2595" WIDTH="390" />
<SP HEIGHT="52" HPOS="960" VPOS="2596" WIDTH="26" />
<String CONTENT="Darlington," HEIGHT="66" HPOS="987" VPOS="2594" WIDTH="373" />
<SP HEIGHT="58" HPOS="1361" VPOS="2602" WIDTH="29" />
<String CONTENT="1890-" HEIGHT="51" HPOS="1391" VPOS="2599" WIDTH="171" />
</TextLine>
<TextLine CS="1" HEIGHT="146" HPOS="294" STYLEREFS="StyleId-94448D83-1B11-4BAC-AB8B-4DF41397EF5B-" VPOS="2673" WIDTH="1965">
<String CONTENT="Old" HEIGHT="56" HPOS="366" VPOS="2674" WIDTH="115" />
<SP HEIGHT="52" HPOS="482" VPOS="2676" WIDTH="29" />
<String CONTENT="Loopy" HEIGHT="65" HPOS="512" VPOS="2676" WIDTH="201" />
<SP HEIGHT="49" HPOS="714" VPOS="2692" WIDTH="14" />
<String CONTENT=";" HEIGHT="48" HPOS="729" VPOS="2693" WIDTH="13" />
<SP HEIGHT="48" HPOS="743" VPOS="2693" WIDTH="32" />
<String CONTENT="a" HEIGHT="33" HPOS="776" VPOS="2694" WIDTH="31" />
<SP HEIGHT="51" HPOS="808" VPOS="2677" WIDTH="29" />
<String CONTENT="love" HEIGHT="51" HPOS="838" VPOS="2677" WIDTH="125" />
<SP HEIGHT="51" HPOS="964" VPOS="2675" WIDTH="27" />
<String CONTENT="letter" HEIGHT="52" HPOS="992" VPOS="2675" WIDTH="167" />
<SP HEIGHT="53" HPOS="1160" VPOS="2673" WIDTH="29" />
<String CONTENT="for" HEIGHT="54" HPOS="1190" VPOS="2673" WIDTH="95" />
<SP HEIGHT="55" HPOS="1286" VPOS="2674" WIDTH="30" />
<String CONTENT="Chicago," HEIGHT="66" HPOS="1317" VPOS="2674" WIDTH="271" />
<SP HEIGHT="66" HPOS="1589" VPOS="2674" WIDTH="26" />
<String CONTENT="by" HEIGHT="66" HPOS="1616" VPOS="2674" WIDTH="76" />
<SP HEIGHT="66" HPOS="1693" VPOS="2674" WIDTH="30" />
<String CONTENT="Christopher" HEIGHT="66" HPOS="1724" VPOS="2674" WIDTH="376" />
<SP HEIGHT="55" HPOS="2101" VPOS="2673" WIDTH="28" />
<String CONTENT="Morley;" HEIGHT="146" HPOS="294" VPOS="2673" WIDTH="1965" />
</TextLine>
<TextLine HEIGHT="69" HPOS="438" STYLEREFS="StyleId-94448D83-1B11-4BAC-AB8B-4DF41397EF5B-" VPOS="2750" WIDTH="1843">
<String CONTENT="photographs" HEIGHT="68" HPOS="438" VPOS="2751" WIDTH="395" />
<SP HEIGHT="55" HPOS="834" VPOS="2751" WIDTH="21" />
<String CONTENT="by" HEIGHT="67" HPOS="856" VPOS="2751" WIDTH="73" />
<SP HEIGHT="68" HPOS="930" VPOS="2750" WIDTH="22" />
<String CONTENT="Guy" HEIGHT="67" HPOS="953" VPOS="2750" WIDTH="131" />
<SP HEIGHT="65" HPOS="1085" VPOS="2752" WIDTH="24" />
<String CONTENT="Ederheimer," HEIGHT="67" HPOS="1110" VPOS="2750" WIDTH="387" />
<SP HEIGHT="67" HPOS="1498" VPOS="2751" WIDTH="21" />
<String CONTENT="jr." HEIGHT="67" HPOS="1520" VPOS="2751" WIDTH="71" />
<SP HEIGHT="55" HPOS="1592" VPOS="2750" WIDTH="59" />
<String CONTENT="Chicago," HEIGHT="68" HPOS="1652" VPOS="2750" WIDTH="271" />
<SP HEIGHT="66" HPOS="1924" VPOS="2752" WIDTH="21" />
<String CONTENT="The" HEIGHT="52" HPOS="1946" VPOS="2751" WIDTH="121" />
<SP HEIGHT="53" HPOS="2068" VPOS="2750" WIDTH="21" />
<String CONTENT="Argus" HEIGHT="68" HPOS="2090" VPOS="2750" WIDTH="191" />
</TextLine>
<TextLine HEIGHT="66" HPOS="293" STYLEREFS="StyleId-94448D83-1B11-4BAC-AB8B-4DF41397EF5B-" VPOS="2830" WIDTH="664">
<String CONTENT="book" HEIGHT="54" HPOS="293" VPOS="2830" WIDTH="148" />
<SP HEIGHT="52" HPOS="442" VPOS="2830" WIDTH="22" />
<String CONTENT="shop," HEIGHT="66" HPOS="465" VPOS="2830" WIDTH="161" />
<SP HEIGHT="64" HPOS="627" VPOS="2831" WIDTH="25" />
<String CONTENT="inc.," HEIGHT="62" HPOS="653" VPOS="2831" WIDTH="126" />
<SP HEIGHT="61" HPOS="780" VPOS="2832" WIDTH="28" />
<String CONTENT="1935." HEIGHT="50" HPOS="809" VPOS="2831" WIDTH="148" />
</TextLine>
<TextLine CS="1" HEIGHT="51" HPOS="361" VPOS="2900" WIDTH="660">
<String CONTENT="16," HEIGHT="49" HPOS="361" VPOS="2902" WIDTH="70" />
<SP HEIGHT="29" HPOS="432" VPOS="2922" WIDTH="31" />
<String CONTENT="[1]" HEIGHT="49" HPOS="464" VPOS="2902" WIDTH="55" />
<SP HEIGHT="39" HPOS="520" VPOS="2912" WIDTH="28" />
<String CONTENT="p." HEIGHT="38" HPOS="549" VPOS="2912" WIDTH="44" />
<SP HEIGHT="38" HPOS="594" VPOS="2912" WIDTH="54" />
<String CONTENT="plates." HEIGHT="48" HPOS="649" VPOS="2902" WIDTH="172" />
<SP HEIGHT="41" HPOS="822" VPOS="2900" WIDTH="51" />
<String CONTENT="23&#189;" CS="1" HEIGHT="41" HPOS="874" VPOS="2900" WIDTH="56" />
<String CONTENT="cm" HEIGHT="21" HPOS="963" STYLE="superscript" VPOS="2902" WIDTH="44" />
<String CONTENT="." HEIGHT="9" HPOS="1012" VPOS="2932" WIDTH="9" />
</TextLine>
<TextLine HEIGHT="53" HPOS="293" VPOS="2970" WIDTH="1985">
<String CONTENT="&#169;" HEIGHT="53" HPOS="293" VPOS="2970" WIDTH="53" />
<SP HEIGHT="53" HPOS="347" VPOS="2970" WIDTH="26" />
<String CONTENT="Aug." HEIGHT="48" HPOS="374" VPOS="2974" WIDTH="120" />
<SP HEIGHT="42" HPOS="495" VPOS="2972" WIDTH="29" />
<String CONTENT="26," HEIGHT="49" HPOS="525" VPOS="2972" WIDTH="70" />
<SP HEIGHT="47" HPOS="596" VPOS="2974" WIDTH="28" />
<String CONTENT="1935;" HEIGHT="48" HPOS="625" VPOS="2972" WIDTH="141" />
<SP HEIGHT="48" HPOS="767" VPOS="2972" WIDTH="29" />
<String CONTENT="2c." HEIGHT="41" HPOS="797" VPOS="2972" WIDTH="67" />
<SP HEIGHT="29" HPOS="865" VPOS="2983" WIDTH="29" />
<String CONTENT="and" HEIGHT="39" HPOS="895" VPOS="2974" WIDTH="94" />
<SP HEIGHT="39" HPOS="990" VPOS="2974" WIDTH="31" />
<String CONTENT="aff." HEIGHT="41" HPOS="1022" VPOS="2972" WIDTH="82" />
<SP HEIGHT="41" HPOS="1105" VPOS="2972" WIDTH="30" />
<String CONTENT="Aug." HEIGHT="48" HPOS="1136" VPOS="2972" WIDTH="120" />
<SP HEIGHT="41" HPOS="1257" VPOS="2971" WIDTH="30" />
<String CONTENT="28;" HEIGHT="47" HPOS="1288" VPOS="2971" WIDTH="83" />
<SP HEIGHT="46" HPOS="1372" VPOS="2972" WIDTH="29" />
<String CONTENT="A" HEIGHT="39" HPOS="1402" VPOS="2972" WIDTH="41" />
<SP HEIGHT="40" HPOS="1444" VPOS="2972" WIDTH="30" />
<String CONTENT="85662;" HEIGHT="46" HPOS="1475" VPOS="2972" WIDTH="170" />
<SP HEIGHT="46" HPOS="1646" VPOS="2972" WIDTH="33" />
<String CONTENT="Argus" HEIGHT="48" HPOS="1680" VPOS="2972" WIDTH="159" />
<SP HEIGHT="40" HPOS="1840" VPOS="2972" WIDTH="29" />
<String CONTENT="book" HEIGHT="39" HPOS="1870" VPOS="2972" WIDTH="125" />
<SP HEIGHT="39" HPOS="1996" VPOS="2972" WIDTH="29" />
<String CONTENT="shop," HEIGHT="47" HPOS="2026" VPOS="2972" WIDTH="133" />
<SP HEIGHT="46" HPOS="2160" VPOS="2971" WIDTH="30" />
<String CONTENT="inc." HEIGHT="39" HPOS="2191" VPOS="2971" WIDTH="87" />
</TextLine>
<TextLine HEIGHT="49" HPOS="371" VPOS="3030" WIDTH="280">
<String CONTENT="(35-16300)" HEIGHT="49" HPOS="371" VPOS="3030" WIDTH="280" />
</TextLine>
<TextLine HEIGHT="65" HPOS="291" STYLEREFS="StyleId-94448D83-1B11-4BAC-AB8B-4DF41397EF5B-" VPOS="3132" WIDTH="1103">
<String CONTENT="Nesbitt," HEIGHT="64" HPOS="291" VPOS="3132" WIDTH="259" />
<SP HEIGHT="63" HPOS="551" VPOS="3133" WIDTH="28" />
<String CONTENT="Ludovico" HEIGHT="55" HPOS="580" VPOS="3132" WIDTH="296" />
<SP HEIGHT="52" HPOS="877" VPOS="3134" WIDTH="26" />
<String CONTENT="Mariano," HEIGHT="65" HPOS="904" VPOS="3132" WIDTH="285" />
<SP HEIGHT="58" HPOS="1190" VPOS="3139" WIDTH="33" />
<String CONTENT="1891-" HEIGHT="49" HPOS="1224" VPOS="3138" WIDTH="170" />
</TextLine>
<TextLine HEIGHT="70" HPOS="359" STYLEREFS="StyleId-94448D83-1B11-4BAC-AB8B-4DF41397EF5B-" VPOS="3207" WIDTH="1916">
<String CONTENT="Desolate" HEIGHT="53" HPOS="359" VPOS="3210" WIDTH="267" />
<SP HEIGHT="34" HPOS="627" VPOS="3229" WIDTH="20" />
<String CONTENT="marches;" HEIGHT="67" HPOS="648" VPOS="3210" WIDTH="280" />
<SP HEIGHT="62" HPOS="929" VPOS="3215" WIDTH="24" />
<String CONTENT="travels" HEIGHT="53" HPOS="954" VPOS="3210" WIDTH="211" />
<SP HEIGHT="54" HPOS="1166" VPOS="3209" WIDTH="20" />
<String CONTENT="in" HEIGHT="53" HPOS="1187" VPOS="3209" WIDTH="58" />
<SP HEIGHT="45" HPOS="1246" VPOS="3217" WIDTH="22" />
<String CONTENT="the" HEIGHT="52" HPOS="1269" VPOS="3210" WIDTH="95" />
<SP HEIGHT="56" HPOS="1365" VPOS="3208" WIDTH="20" />
<String CONTENT="Orinoco" HEIGHT="57" HPOS="1386" VPOS="3207" WIDTH="246" />
<SP HEIGHT="53" HPOS="1633" VPOS="3208" WIDTH="22" />
<String CONTENT="llanos" HEIGHT="54" HPOS="1656" VPOS="3208" WIDTH="182" />
<SP HEIGHT="34" HPOS="1839" VPOS="3227" WIDTH="21" />
<String CONTENT="of" HEIGHT="54" HPOS="1861" VPOS="3207" WIDTH="63" />
<SP HEIGHT="56" HPOS="1925" VPOS="3207" WIDTH="19" />
<String CONTENT="Venezuela," HEIGHT="65" HPOS="1945" VPOS="3208" WIDTH="330" />
</TextLine>
<TextLine CS="1" HEIGHT="72" HPOS="291" STYLEREFS="StyleId-94448D83-1B11-4BAC-AB8B-4DF41397EF5B-" VPOS="3284" WIDTH="1982">
<String CONTENT="by" HEIGHT="69" HPOS="291" VPOS="3287" WIDTH="75" />
<SP HEIGHT="68" HPOS="367" VPOS="3288" WIDTH="36" />
<String CONTENT="L." HEIGHT="54" HPOS="404" VPOS="3288" WIDTH="65" />
<SP HEIGHT="54" HPOS="470" VPOS="3288" WIDTH="38" />
<String CONTENT="M." HEIGHT="53" HPOS="509" VPOS="3288" WIDTH="79" />
<SP HEIGHT="54" HPOS="589" VPOS="3287" WIDTH="39" />
<String CONTENT="Nesbitt;" HEIGHT="70" HPOS="629" VPOS="3284" WIDTH="251" />
<SP HEIGHT="67" HPOS="881" VPOS="3287" WIDTH="42" />
<String CONTENT="illustrated" HEIGHT="54" HPOS="924" VPOS="3287" WIDTH="324" />
<SP HEIGHT="56" HPOS="1249" VPOS="3285" WIDTH="39" />
<String CONTENT="from" HEIGHT="55" HPOS="1289" VPOS="3285" WIDTH="152" />
<SP HEIGHT="53" HPOS="1442" VPOS="3287" WIDTH="38" />
<String CONTENT="drawings" HEIGHT="67" HPOS="1481" VPOS="3286" WIDTH="289" />
<SP HEIGHT="53" HPOS="1771" VPOS="3286" WIDTH="35" />
<String CONTENT="by" HEIGHT="67" HPOS="1807" VPOS="3286" WIDTH="76" />
<SP HEIGHT="61" HPOS="1884" VPOS="3292" WIDTH="35" />
<String CONTENT="the" HEIGHT="53" HPOS="1920" VPOS="3286" WIDTH="96" />
<SP HEIGHT="35" HPOS="2017" VPOS="3303" WIDTH="38" />
<String CONTENT="author." HEIGHT="52" HPOS="2056" VPOS="3286" WIDTH="217" />
</TextLine>
<TextLine CS="1" HEIGHT="67" HPOS="290" STYLEREFS="StyleId-94448D83-1B11-4BAC-AB8B-4DF41397EF5B-" VPOS="3365" WIDTH="727">
<String CONTENT="London," HEIGHT="66" HPOS="290" VPOS="3366" WIDTH="256" />
<SP HEIGHT="66" HPOS="547" VPOS="3366" WIDTH="25" />
<String CONTENT="J." HEIGHT="54" HPOS="573" VPOS="3366" WIDTH="56" />
<SP HEIGHT="56" HPOS="630" VPOS="3365" WIDTH="28" />
<String CONTENT="Cape" HEIGHT="67" HPOS="659" VPOS="3365" WIDTH="156" />
<SP HEIGHT="48" HPOS="816" VPOS="3384" WIDTH="30" />
<String CONTENT="[1935]" CS="1" HEIGHT="63" HPOS="867" VPOS="3368" WIDTH="150" />
</TextLine>
<TextLine CS="1" HEIGHT="51" HPOS="361" VPOS="3434" WIDTH="1000">
<String CONTENT="320" HEIGHT="42" HPOS="361" VPOS="3436" WIDTH="88" />
<SP HEIGHT="49" HPOS="450" VPOS="3436" WIDTH="22" />
<String CONTENT="p." HEIGHT="38" HPOS="473" VPOS="3447" WIDTH="44" />
<SP HEIGHT="43" HPOS="518" VPOS="3436" WIDTH="24" />
<String CONTENT="incl." HEIGHT="42" HPOS="543" VPOS="3436" WIDTH="109" />
<SP HEIGHT="41" HPOS="653" VPOS="3436" WIDTH="23" />
<String CONTENT="front.," HEIGHT="47" HPOS="677" VPOS="3436" WIDTH="165" />
<SP HEIGHT="47" HPOS="843" VPOS="3436" WIDTH="26" />
<String CONTENT="illus.," HEIGHT="48" HPOS="870" VPOS="3436" WIDTH="141" />
<SP HEIGHT="37" HPOS="1012" VPOS="3447" WIDTH="25" />
<String CONTENT="map." HEIGHT="37" HPOS="1038" VPOS="3446" WIDTH="124" />
<SP HEIGHT="41" HPOS="1163" VPOS="3436" WIDTH="52" />
<String CONTENT="20&#189;" CS="1" HEIGHT="41" HPOS="1216" VPOS="3434" WIDTH="59" />
<String CONTENT="cm" HEIGHT="22" HPOS="1304" STYLE="superscript" VPOS="3437" WIDTH="44" />
<String CONTENT="." HEIGHT="10" HPOS="1351" VPOS="3466" WIDTH="10" />
</TextLine>
<TextLine CS="1" HEIGHT="108" HPOS="292" VPOS="3490" WIDTH="1963">
<String CONTENT="The" HEIGHT="40" HPOS="362" VPOS="3493" WIDTH="102" />
<SP HEIGHT="30" HPOS="465" VPOS="3503" WIDTH="24" />
<String CONTENT="record" HEIGHT="40" HPOS="490" VPOS="3494" WIDTH="167" />
<SP HEIGHT="39" HPOS="658" VPOS="3494" WIDTH="27" />
<String CONTENT="of" HEIGHT="41" HPOS="686" VPOS="3492" WIDTH="53" />
<SP HEIGHT="41" HPOS="740" VPOS="3492" WIDTH="23" />
<String CONTENT="an" HEIGHT="30" HPOS="764" VPOS="3503" WIDTH="62" />
<SP HEIGHT="30" HPOS="827" VPOS="3503" WIDTH="26" />
<String CONTENT="engineering" HEIGHT="48" HPOS="854" VPOS="3492" WIDTH="309" />
<SP HEIGHT="38" HPOS="1164" VPOS="3502" WIDTH="23" />
<String CONTENT="survey" HEIGHT="37" HPOS="1188" VPOS="3502" WIDTH="175" />
<SP HEIGHT="47" HPOS="1364" VPOS="3492" WIDTH="23" />
<String CONTENT="for" HEIGHT="39" HPOS="1388" VPOS="3492" WIDTH="79" />
<SP HEIGHT="29" HPOS="1468" VPOS="3502" WIDTH="23" />
<String CONTENT="an" HEIGHT="29" HPOS="1492" VPOS="3502" WIDTH="62" />
<SP HEIGHT="39" HPOS="1555" VPOS="3491" WIDTH="25" />
<String CONTENT="American" HEIGHT="41" HPOS="1581" VPOS="3490" WIDTH="256" />
<SP HEIGHT="38" HPOS="1838" VPOS="3500" WIDTH="25" />
<String CONTENT="petroleum" HEIGHT="48" HPOS="1864" VPOS="3490" WIDTH="264" />
<SP HEIGHT="29" HPOS="2129" VPOS="3501" WIDTH="26" />
<String CONTENT="company." HEIGHT="98" HPOS="292" VPOS="3500" WIDTH="1963" />
</TextLine>
<TextLine CS="1" HEIGHT="53" HPOS="289" VPOS="3615" WIDTH="1984">
<String CONTENT="&#169;" HEIGHT="53" HPOS="289" VPOS="3615" WIDTH="55" />
<SP />
<String CONTENT="1c." CS="1" />
<SP HEIGHT="40" HPOS="435" VPOS="3620" WIDTH="28" />
<String CONTENT="Sept." HEIGHT="48" HPOS="464" VPOS="3620" WIDTH="125" />
<SP HEIGHT="38" HPOS="590" VPOS="3621" WIDTH="26" />
<String CONTENT="4," HEIGHT="46" HPOS="617" VPOS="3621" WIDTH="41" />
<SP HEIGHT="47" HPOS="659" VPOS="3620" WIDTH="25" />
<String CONTENT="1935;" HEIGHT="48" HPOS="685" VPOS="3619" WIDTH="142" />
<SP HEIGHT="47" HPOS="828" VPOS="3620" WIDTH="26" />
<String CONTENT="A" HEIGHT="38" HPOS="855" VPOS="3620" WIDTH="40" />
<SP HEIGHT="39" HPOS="896" VPOS="3620" WIDTH="25" />
<String CONTENT="ad" HEIGHT="39" HPOS="922" VPOS="3620" WIDTH="62" />
<SP HEIGHT="39" HPOS="985" VPOS="3619" WIDTH="20" />
<String CONTENT="int." HEIGHT="39" HPOS="1006" VPOS="3619" WIDTH="87" />
<SP HEIGHT="40" HPOS="1094" VPOS="3618" WIDTH="24" />
<String CONTENT="20541" HEIGHT="40" HPOS="1119" VPOS="3618" WIDTH="142" />
<SP HEIGHT="46" HPOS="1262" VPOS="3619" WIDTH="17" />
<String CONTENT=";" HEIGHT="36" HPOS="1280" VPOS="3629" WIDTH="10" />
<SP HEIGHT="37" HPOS="1291" VPOS="3629" WIDTH="27" />
<String CONTENT="pubd." HEIGHT="49" HPOS="1319" VPOS="3617" WIDTH="142" />
<SP HEIGHT="39" HPOS="1462" VPOS="3618" WIDTH="26" />
<String CONTENT="July" HEIGHT="47" HPOS="1489" VPOS="3618" WIDTH="116" />
<SP HEIGHT="47" HPOS="1606" VPOS="3618" WIDTH="24" />
<String CONTENT="8;" HEIGHT="46" HPOS="1631" VPOS="3618" WIDTH="51" />
<SP HEIGHT="46" HPOS="1683" VPOS="3618" WIDTH="27" />
<String CONTENT="L." HEIGHT="39" HPOS="1711" VPOS="3618" WIDTH="51" />
<SP HEIGHT="39" HPOS="1763" VPOS="3618" WIDTH="27" />
<String CONTENT="M." HEIGHT="39" HPOS="1791" VPOS="3618" WIDTH="61" />
<SP HEIGHT="40" HPOS="1853" VPOS="3617" WIDTH="26" />
<String CONTENT="Nesbitt," HEIGHT="48" HPOS="1880" VPOS="3615" WIDTH="205" />
<SP HEIGHT="47" HPOS="2086" VPOS="3616" WIDTH="27" />
<String CONTENT="Rome." HEIGHT="39" HPOS="2114" VPOS="3616" WIDTH="159" />
</TextLine>
<TextLine HEIGHT="48" HPOS="369" VPOS="3676" WIDTH="278">
<String CONTENT="(35-17058)" HEIGHT="48" HPOS="369" VPOS="3676" WIDTH="278" />
</TextLine>
<TextLine HEIGHT="66" HPOS="285" STYLEREFS="StyleId-990144F6-0183-469A-9B71-C4A6301F7CAB-" VPOS="3774" WIDTH="916">
<String CONTENT="Paine," HEIGHT="64" HPOS="285" VPOS="3774" WIDTH="198" />
<SP HEIGHT="62" HPOS="484" VPOS="3776" WIDTH="27" />
<String CONTENT="Bayard" HEIGHT="63" HPOS="512" VPOS="3776" WIDTH="237" />
<SP HEIGHT="51" HPOS="750" VPOS="3778" WIDTH="27" />
<String CONTENT="Henry," HEIGHT="62" HPOS="778" VPOS="3778" WIDTH="221" />
<SP HEIGHT="58" HPOS="1000" VPOS="3782" WIDTH="30" />
<String CONTENT="1872-" HEIGHT="54" HPOS="1031" VPOS="3777" WIDTH="170" />
</TextLine>
<TextLine HEIGHT="72" HPOS="358" STYLEREFS="StyleId-94448D83-1B11-4BAC-AB8B-4DF41397EF5B-" VPOS="3847" WIDTH="1907">
<String CONTENT="Pioneers," HEIGHT="69" HPOS="358" VPOS="3850" WIDTH="286" />
<SP HEIGHT="66" HPOS="645" VPOS="3853" WIDTH="29" />
<String CONTENT="Indians" HEIGHT="55" HPOS="675" VPOS="3851" WIDTH="240" />
<SP HEIGHT="34" HPOS="916" VPOS="3872" WIDTH="30" />
<String CONTENT="and" HEIGHT="52" HPOS="947" VPOS="3855" WIDTH="112" />
<SP HEIGHT="55" HPOS="1060" VPOS="3852" WIDTH="28" />
<String CONTENT="buffaloes," HEIGHT="66" HPOS="1089" VPOS="3852" WIDTH="291" />
<SP HEIGHT="66" HPOS="1381" VPOS="3852" WIDTH="28" />
<String CONTENT="by" HEIGHT="66" HPOS="1410" VPOS="3852" WIDTH="75" />
<SP HEIGHT="64" HPOS="1486" VPOS="3854" WIDTH="30" />
<String CONTENT="Bayard" HEIGHT="65" HPOS="1517" VPOS="3852" WIDTH="232" />
<SP HEIGHT="52" HPOS="1750" VPOS="3852" WIDTH="29" />
<String CONTENT="H." HEIGHT="52" HPOS="1780" VPOS="3852" WIDTH="75" />
<SP HEIGHT="50" HPOS="1856" VPOS="3853" WIDTH="33" />
<String CONTENT="Paine;" HEIGHT="61" HPOS="1890" VPOS="3849" WIDTH="205" />
<SP HEIGHT="41" HPOS="2096" VPOS="3869" WIDTH="35" />
<String CONTENT="with" HEIGHT="55" HPOS="2132" VPOS="3847" WIDTH="133" />
</TextLine>
<TextLine HEIGHT="73" HPOS="290" STYLEREFS="StyleId-94448D83-1B11-4BAC-AB8B-4DF41397EF5B-" VPOS="3924" WIDTH="1976">
<String CONTENT="a" HEIGHT="33" HPOS="290" VPOS="3947" WIDTH="31" />
<SP HEIGHT="53" HPOS="322" VPOS="3927" WIDTH="27" />
<String CONTENT="foreword" HEIGHT="55" HPOS="350" VPOS="3927" WIDTH="283" />
<SP HEIGHT="53" HPOS="634" VPOS="3929" WIDTH="26" />
<String CONTENT="by" HEIGHT="68" HPOS="661" VPOS="3929" WIDTH="75" />
<SP HEIGHT="67" HPOS="737" VPOS="3930" WIDTH="24" />
<String CONTENT="Addison" HEIGHT="54" HPOS="762" VPOS="3929" WIDTH="260" />
<SP HEIGHT="51" HPOS="1023" VPOS="3931" WIDTH="25" />
<String CONTENT="E." HEIGHT="52" HPOS="1049" VPOS="3931" WIDTH="68" />
<SP HEIGHT="55" HPOS="1118" VPOS="3930" WIDTH="29" />
<String CONTENT="Sheldon." HEIGHT="56" HPOS="1148" VPOS="3929" WIDTH="266" />
<SP HEIGHT="55" HPOS="1415" VPOS="3928" WIDTH="58" />
<String CONTENT="Curtis," HEIGHT="66" HPOS="1474" VPOS="3928" WIDTH="210" />
<SP HEIGHT="65" HPOS="1685" VPOS="3929" WIDTH="27" />
<String CONTENT="Nebr.," HEIGHT="64" HPOS="1713" VPOS="3928" WIDTH="186" />
<SP HEIGHT="63" HPOS="1900" VPOS="3929" WIDTH="27" />
<String CONTENT="The" HEIGHT="52" HPOS="1928" VPOS="3928" WIDTH="120" />
<SP HEIGHT="55" HPOS="2049" VPOS="3927" WIDTH="28" />
<String CONTENT="Curtis" HEIGHT="58" HPOS="2078" VPOS="3924" WIDTH="188" />
</TextLine>
<TextLine HEIGHT="68" HPOS="288" STYLEREFS="StyleId-94448D83-1B11-4BAC-AB8B-4DF41397EF5B-" VPOS="4005" WIDTH="507">
<String CONTENT="enterprise," HEIGHT="68" HPOS="288" VPOS="4005" WIDTH="329" />
<SP HEIGHT="63" HPOS="618" VPOS="4010" WIDTH="28" />
<String CONTENT="1935." HEIGHT="50" HPOS="647" VPOS="4010" WIDTH="148" />
</TextLine>
</TextBlock>
</PrintSpace>
</Page>
</Layout>
</alto>