2526 4384
1325 4025 96 49 178

362 520 299 53 Friedrich
690 521 252 53 Richter.
1009 521 98 66 17.,
1136 525 79 49 18.
1243 540 53 33 u.
1328 525 77 48 19.
1433 521 93 54 bd.
1556 522 81 53 als
1663 524 330 65 ergänzung
2018 521 95 52 des
2145 519 98 67 17.,
2273 523 81 52 18.

359 616 53 35 u.
445 603 79 50 19.
553 600 211 53 bandes
795 600 94 52 des
919 600 412 67 hauptwerkes.
1400 598 216 68 Berlin,
1647 602 55 53 J.
1736 599 297 68 Springer,
2065 602 151 49 1934.

429 699 114 36 xxx,
572 686 99 47 901,
705 688 54 48 [1]
790 698 42 37 p.
890 687 55 39 25
949 689 43 21 cm
997 718 8 7 .

363 754 1994 51 © Dec. 15, 1934; 1c. Feb. 19, 1935; A -Foreign 27007; Julius Springer.
364 915 142 54 Bird
545 922 216 63 stamps
799 917 63 53 of
902 917 76 53 all
1016 916 299 66 countries,
1351 916 139 52 with
1530 935 29 33 a
1597 916 230 52 natural
1864 917 222 66 history
2122 914 65 55 of
2222 915 136 53 each

429 994 129 53 bird
611 996 137 51 [New
778 995 178 66 York]
991 995 230 54 Grosset
1250 998 46 50 &
1319 995 235 67 Dunlap
1590 1027 12 34 [
1608 1000 17 21 c
1631 997 151 63 1935]

429 1080 1679 50 4 p. l., [7]-57 p. col. front., illus. 28½cm. [Stampolog series]
367 1148 52 52 ©
450 1153 109 39 Jan.
590 1152 68 41 22.
690 1151 114 41 1935;
863 1152 65 40 2c.
962 1153 95 39 and
1089 1151 80 40 aff.
1199 1152 110 39 Jan.
1341 1152 82 46 25;
1457 1152 39 39 A
1528 1150 143 41 79372;
1734 1150 198 41 Grosset
1963 1151 36 40 &
2030 1151 209 46 Dunlap,
2272 1151 89 40 inc.

443 1209 280 48 (35-27100)

363 1269 314 66 Bjørnson,
705 1271 206 64 Bjørn,
943 1277 170 48 1859-

496 1347 1658 69 … Bare ungdom. Oslo, H. Aschenhoug & co., 1934.
435 1421 527 50 4 p. l. , 306 p. 20 cm .
439 1491 396 41 Reminiscences.

367 1558 1912 52 © Oct. 19, 1934; 1c. Dec. 21; A-Foreign 26515; H. Aschehoug & co.
445 1618 250 48 (35-3027)

365 1721 198 67 Black,
593 1723 246 56 Charles
866 1722 227 64 Clarke,
1124 1727 170 50 1858-

440 1812 137 53 Law
610 1813 64 53 of
704 1813 259 54 taxation
994 1811 138 54 with
1165 1812 209 68 special
1407 1811 286 55 reference
1723 1818 58 47 to
1813 1812 73 54 its
1918 1811 353 69 application
2302 1812 59 55 in

371 1890 93 53 the
507 1896 144 49 state
694 1892 64 52 of
800 1892 138 53 New
982 1892 216 66 Jersey,
1241 1891 298 67 including
1583 1889 276 56 decisions
1902 1890 64 52 of
2006 1891 95 52 the
2145 1889 216 56 United

374 1966 187 56 States
605 1968 273 68 Supreme
919 1975 177 61 court,
1136 1969 94 53 the
1272 1975 144 47 state
1457 1974 187 48 courts
1688 1970 112 52 and
1841 1974 238 48 statutes
2120 1968 63 54 of
2224 1969 137 53 New

371 2047 1992 68 Jersey, by Charles C. Black … 4th ed. Newark, N. J., Soney
366 2128 47 51 &
441 2125 146 69 Sage
617 2143 96 49 co.,
744 2130 149 50 1935.

435 2223 40 37 L,
504 2213 87 40 540
616 2224 41 37 p.
715 2212 116 40 24cm.

368 2280 52 53 ©
447 2285 109 40 Feb.
583 2285 70 47 14,
679 2283 113 42 1935;
847 2283 66 42 2c.
941 2285 96 39 and
1065 2282 79 41 aff.
1175 2283 109 40 Feb.
1310 2281 53 41 19;
1421 2283 40 39 A
1488 2281 146 42 80506;
1690 2283 48 41 C.
1769 2282 47 42 O.
1845 2283 167 48 Black,
2039 2284 171 48 Jersey
2239 2281 122 50 City.

447 2342 251 48 (35-3145)

371 2445 199 67 Black,
597 2445 219 67 Teddy,
847 2450 172 52 1919-

441 2536 187 53 Know
666 2554 144 51 your
849 2541 232 63 stamps,
1122 2537 75 67 by
1238 2538 120 53 Ted
1398 2538 79 51 M.
1521 2536 208 67 Black;
1775 2555 73 34 an
1888 2537 368 68 explanation
2296 2538 64 54 of

371 2616 184 52 words
586 2616 112 52 and
730 2621 172 47 terms
932 2616 136 51 used
1100 2615 58 52 in
1188 2620 187 61 stamp
1407 2614 317 68 collecting.
1798 2616 139 52 New
1969 2615 179 67 York,
2178 2617 91 53 W.
2302 2618 55 53 J.

376 2693 559 68 Black, inc. [ c 1934]
440 2778 730 51 4 p. l. , 3-53 p. illus. 21cm.
371 2847 52 52 ©
447 2852 110 38 Dec.
581 2848 69 48 22,
675 2849 113 40 1934;
843 2848 66 40 2c.
934 2849 107 39 Jan.
1068 2848 67 42 10.
1159 2848 113 40 1935;
1328 2848 79 40 aff.
1435 2849 109 39 Jan.
1569 2848 53 47 9;
1650 2849 42 38 A
1715 2847 170 48 79116;
1913 2849 186 40 Walter
2124 2851 43 39 J.
2195 2850 165 48 Black,

438 2907 90 40 inc.
600 2905 250 50 (35-3139)

369 3008 278 64 Christie,
674 3010 159 62 May.

442 3081 1921 71 The affairs of Patricia, a novel by May Christie … New
370 3161 983 70 York, Grosset & Dunlap [ c 1935]
441 3248 571 51 2 p. l. , 249 p. 19½cm.
373 3315 51 53 ©
456 3320 109 40 Feb.
596 3319 69 47 25,
696 3319 112 40 1935;
867 3319 66 40 2c.
965 3319 94 39 and
1091 3318 79 40 aff.
1203 3319 108 39 Feb.
1345 3319 55 38 27;
1461 3319 39 38 A
1530 3318 141 40 80623;
1735 3319 201 40 Grosset
1964 3320 38 39 &
2031 3320 207 46 Dunlap,
2272 3318 90 41 inc.

449 3376 250 49 (35-2966)

374 3478 212 67 [Clark,
614 3479 237 53 Briscoe
877 3477 281 67 Baldwin]

366 3554 1970 146 New York law of contracts … Supplement, 1934 … [Northport, N. Y., Edward Thompson company, c 1935]
436 3721 31 39 2
490 3732 41 28 v.
587 3719 115 40 23cm.

441 3790 154 38 These
625 3790 277 46 pamphlets;
929 3798 84 29 are
1044 3790 48 37 to
1122 3789 58 37 be
1207 3787 138 40 fitted
1377 3786 106 40 into
1511 3788 82 39 the
1622 3788 201 46 pockets
1849 3790 54 37 at
1932 3789 81 38 the
2044 3787 121 39 back
2198 3787 50 39 of
2280 3789 82 39 the

370 3847 220 39 volumes
612 3846 53 39 of
691 3847 81 38 the
799 3849 74 36 set
903 3847 47 37 to
978 3844 157 40 which
1165 3846 113 45 they
1306 3843 183 47 belong.

376 3911 52 53 ©
471 3916 109 40 Feb.
622 3916 68 45 13,
731 3914 140 49 1935;
911 3915 69 40 2c.
1021 3916 118 38 each
1181 3915 108 39 Feb.
1331 3914 82 46 16;
1457 3913 80 40 aff.
1580 3914 110 39 Feb.
1731 3915 81 45 14;
1857 3915 40 37 A
1939 3912 169 47 79707;
2153 3912 210 39 Edward

440 3973 274 51 Thompson
739 3983 66 32 co.
