2424 4375
1213 4085 103 49 414

331 544 87 40 175
444 553 45 39 p.
547 544 27 39 2
601 546 125 46 port,
754 544 132 49 (incl.
916 545 175 48 front.)
1159 544 57 40 20½
1248 546 45 21 cm
1297 576 9 10 .

265 597 1995 55 © 1c. Mar. 2, 1935; A ad int. 20003 ; pubd. Jan. 7; J. W. Drawbell,
330 659 243 41 Dormans
606 660 145 47 Park,
790 660 193 49 Surrey,
1018 660 236 48 England.
1326 660 252 49 (35-5047)

268 761 232 67 [Eager,
529 763 236 54 Samuel
791 763 274 54 Watkins]
1118 768 172 50 1900-

337 839 271 54 Bender’s
651 840 181 53 forms
873 840 94 54 for
1006 841 97 53 the
1144 840 408 56 Consolidated
1591 843 138 51 laws
1771 842 63 53 of
1874 842 96 53 the
2008 845 147 50 state
2194 841 65 54 of

267 916 138 54 New
449 918 180 67 York,
673 918 140 53 with
857 920 376 67 explanatory
1275 925 160 49 notes
1478 920 113 53 and
1634 938 150 35 cross
1828 919 313 55 references
2184 921 75 66 by

269 992 1989 61 Samuel M. Hesson … and B. G. Bonomi … For use with
264 1072 374 70 McKinney’s
673 1075 405 55 Consolidated
1108 1077 138 52 laws
1275 1076 64 53 of
1369 1078 139 52 New
1539 1076 179 69 York,
1750 1078 325 53 annotated,
266 1078 1970 128 volume

431 1152 48 54 7.
555 1152 278 54 Railroad
871 1161 57 48 to
968 1154 113 53 and
1118 1154 301 68 including
1460 1154 174 56 Stock
1673 1156 391 67 corporations
2115 1156 146 69 (real

269 1235 291 64 property,
593 1232 224 52 volume
851 1232 56 67 6)
987 1231 250 69 Albany,
1270 1234 69 52 N.
1375 1235 91 66 Y.,
1496 1235 138 52 New
1669 1234 179 67 York,
1881 1235 70 53 N.
1987 1237 91 66 Y.,
264 1235 1973 127 Matthew

441 1310 226 53 Bender
695 1314 46 50 &
768 1328 295 50 company,
1090 1310 418 69 incorporated,
1539 1315 149 52 1935.

334 1381 134 51 xxix,
495 1382 116 41 1079
637 1395 44 37 p.
734 1382 58 41 24
794 1385 45 21 cm
843 1414 9 10 .

267 1449 53 54 ©
346 1455 122 39 Mar.
496 1452 70 50 29,
594 1452 114 42 1935
726 1464 9 37 ;
765 1454 67 40 2c.
861 1454 114 49 Apr.
1003 1455 53 46 1;
1086 1453 82 41 aff.
1199 1454 120 40 Mar.
1350 1453 84 48 30;
1465 1454 40 40 A
1536 1454 170 48 81234;
1740 1455 237 41 Matthew
2007 1456 196 41 Bendert
2226 1457 37 40 &

336 1521 82 38 co.,
443 1511 91 41 inc.

264 1613 224 66 Elliott,
519 1615 253 53 Edward
804 1614 261 65 Charles,
1098 1616 172 53 1874-

339 1692 124 53 The
494 1696 374 64 government
898 1689 66 56 of
995 1690 206 70 higher
1234 1691 328 68 education;
1598 1691 271 69 designed
1907 1691 95 55 for
2035 1693 99 53 the
2166 1710 95 36 use

269 1768 1928 70 of university and college trustees, by Edward C. Elliott …
269 1845 1995 70 M. M. Chambers … and William A. Ashbrook … New York,
270 1924 1543 70 Cincinnati [etc.] American book company [ c 1935]
337 1997 97 48 xiv,
463 1996 85 41 289
578 2008 43 37 p.
680 1996 59 41 20½
785 1998 28 22 cm
817 2027 9 10 .

340 2054 389 47 “Documentary
757 2052 250 42 sources”:
1037 2065 44 37 p.
1112 2053 217 40 247-255.

267 2110 53 54 ©
350 2114 122 40 Mar.
501 2113 70 49 23,
602 2113 141 48 1935;
775 2112 69 42 2c.
874 2113 96 40 and
1002 2113 83 39 aff.
1117 2113 121 39 Mar.
1268 2111 83 48 29;
1384 2112 40 40 A
1455 2111 170 49 82260;
1658 2112 158 40 Amer.
1848 2113 122 39 book
2000 2122 69 31 co.

343 2169 251 51 (35-4940)

266 2275 305 64 Emerson,
602 2273 247 56 Charles
873 2272 265 66 Phillips,
1170 2275 171 54 1872-

335 2350 123 53 The
498 2366 243 37 nervous
781 2349 250 69 patient;
1077 2368 31 34 a
1155 2347 247 54 frontier
1444 2347 66 55 of
1553 2347 248 54 internal
1844 2347 296 71 medicine,
2183 2348 78 71 by

265 2425 1988 71 Charles Phillips Emerson … Philadelphia, London [etc.]
264 2504 1061 70 J. B. Lippincott company [ c 1935]
336 2577 104 50 xiii,
467 2577 86 41 453
580 2587 43 39 p.
682 2577 56 40 21
742 2579 45 22 cm
790 2609 9 9 .

339 2632 238 43 “Limited
607 2632 364 50 bibliography”
1002 2634 55 40 at
1085 2634 91 40 end
1210 2632 53 41 of
1290 2633 119 40 each
1440 2632 202 48 chapter
1669 2634 170 47 except
1869 2633 201 48 chapter
2101 2632 72 44 28.

268 2687 53 53 ©
350 2691 112 41 Feb.
489 2691 71 47 27,
588 2691 115 42 1935
719 2702 10 36 ;
760 2692 68 40 2c.
858 2692 96 40 and
982 2691 84 41 aff.
1096 2692 122 39 Mar.
1247 2691 83 46 16;
1362 2691 40 40 A
1435 2690 170 48 80969;
1639 2692 43 40 J.
1716 2692 55 40 B.
1802 2690 282 49 Lippincott
2109 2701 69 31 co.

347 2747 250 50 (35-5062)

267 2852 161 64 Ertz,
457 2852 209 56 Susan.

339 2927 142 54 Now
506 2946 81 35 we
611 2933 85 48 set
720 2932 115 63 out,
858 2928 76 68 by
960 2927 185 56 Susan
1170 2927 157 53 Ertz.
1389 2927 138 54 New
1554 2927 179 66 York,
1756 2927 258 68 London,
2039 2927 73 53 D.

270 2926 1964 146 Appleton-Century
780 3023 295 49 company,
1109 3004 417 67 incorporated,
1560 3008 151 49 1935.

337 3062 537 64 3 p. l. , 337 p. 20 cm .
269 3128 53 54 ©
351 3134 113 47 Apr.
497 3134 39 47 5,
567 3132 113 41 1936
699 3144 9 36 ;
741 3133 68 40 2c.
841 3133 113 49 Apr.
986 3134 53 47 8;
1072 3132 82 41 aff.
1186 3133 114 48 Apr.
1332 3132 53 48 9;
1418 3133 42 39 A
1491 3132 170 49 81342;
1696 3134 57 39 D.
1784 3132 477 50 Appleton-Century

339 3201 81 37 co.,
451 3190 89 40 inc.
611 3189 250 49 (35-5086)

267 3291 217 66 Evans,
515 3293 136 52 Mrs.
685 3292 278 55 Florence
992 3293 258 65 (Watts)
1290 3294 171 54 1871-

345 3365 122 55 Our
500 3367 262 53 invisible
795 3367 201 66 selves;
1032 3367 95 52 the
1160 3364 356 57 educational
1550 3366 254 69 problem
1858 3366 93 68 [by]
1991 3365 269 54 Florence

275 3443 1267 69 Evans … Boston, R. G. Badger [ c 1935 ]
343 3514 718 49 8 p., 2 l., 15-113 p. 20 ½cm .
270 3570 52 53 ©
351 3574 109 40 Feb.
491 3575 39 47 1,
559 3573 140 48 1936;
729 3572 67 42 2c.
827 3575 95 39 and
950 3574 83 40 aff.
1063 3574 111 40 Feb.
1203 3574 82 47 18;
1316 3574 42 39 A
1388 3573 169 48 79690;
1592 3574 229 40 Florence
1854 3576 176 45 Evans,
2061 3574 197 41 Boston.

348 3631 250 48 (35-5067)

271 3732 225 66 Finlay,
520 3736 137 51 Mrs.
685 3734 304 62 Margaret
1016 3734 228 55 Curtin.

335 3809 122 54 Our
494 3809 305 53 American
836 3811 216 65 maples
1090 3812 47 49 &
1172 3828 151 35 some
1359 3809 206 66 others,
1602 3809 76 67 by
1716 3809 297 66 Margaret
2051 3807 205 54 Curtin

263 3886 237 68 Finlay;
544 3883 381 57 illustrations
966 3885 151 54 from
1159 3886 394 68 photographs
1594 3885 76 68 by
1706 3885 65 52 L.
1815 3885 89 54 W.
1949 3883 304 55 Brownell.

262 3963 1213 69 New York, The Georgian press [ c 1934]
