2424 4375
1016 3980 101 54 793

77 361 238 64 Abbott,
343 361 236 54 Austin.

144 436 1910 68 Abbott New York digest … Consolidated ed. May, 1935,
75 516 337 52 cumulative
439 514 289 68 quarterly
757 516 312 66 pamphlet,
1098 514 138 52 with
1266 513 342 54 cumulative
1635 515 154 54 table
1814 515 62 51 of
1905 533 120 33 cases

76 591 1952 149 digested … Rochester and New York city, The Lawyers cooperative
389 670 335 68 publishing
751 688 279 49 company
1046 689 10 48 ;
1091 672 82 55 St.
1205 670 164 66 Paul,
1473 676 83 47 West
1584 670 333 67 publishing
1942 689 108 48 co.;

75 752 134 51 New
235 749 160 53 York
419 750 133 66 city,
578 749 205 67 Baker,
810 749 245 53 Voorhis
1081 752 45 50 &
1150 766 78 35 co.
1304 752 150 63 [1935]

140 824 84 39 257
250 833 41 38 p.
347 823 56 38 24
405 824 42 21 cm
452 853 8 8 .

75 877 51 52 ©
163 882 111 45 May
311 880 67 46 13·,
418 878 139 47 1935;
596 878 66 40 2c.
701 880 96 38 and
835 877 80 40 aff.
955 878 126 44 June
1121 879 79 46 17;
1242 878 40 39 A
1318 878 170 46 83619;
1533 878 137 39 West
1706 878 108 46 pub.
1852 888 67 29 co.
1960 880 96 39 and

144 937 224 47 Lawyers
397 935 325 48 co-operative
748 936 107 47 pub.
887 946 66 29 co.

72 1038 231 65 Alvaro,
333 1041 273 62 Corrado,
640 1044 168 49 1895-

199 1114 1266 69 … Il mare. Milano, A. Mondadori [1934]
138 1188 770 51 3 p. l., [9]-250 p., 1 l. 19½ cm .
403 1245 297 40 CONTENTS.—L’ultima
729 1246 123 40 delle
880 1244 133 42 Mille
1039 1257 24 29 e
1091 1254 97 31 una
1215 1244 605 42 notte.—Solitudine.—11
1846 1256 208 30 mare.—

74 1303 189 41 L’uomo
297 1304 77 40 nel
409 1302 243 41 labirinto.

76 1356 1980 53 © Oct. 25, 1934 ; 1c. Mar. 29, 1935 ; A-Foreign 27504 ; Casa éditrice
142 1418 52 39 A.
223 1416 297 41 Mondadori.
591 1414 251 51 (35-8795)

74 1519 252 66 Aragon,
356 1519 195 64 Louis,
585 1521 169 54 1897-

201 1596 1856 66 … Les cloches de Bâle; roman. Paris, Denoël et Steele
77 1677 166 63 [1934]

139 1745 465 50 441 p., 2 l. 19 cm .
143 1803 59 40 At
228 1804 122 40 head
380 1803 52 41 of
457 1803 108 41 title
583 1813 10 30 :
623 1801 208 50 Aragon.

77 1856 1979 53 © Oct. 10, 1934 ; 1c. Apr. 16, 1935 ; A-Foreign 27657 ; Denoël et Steele.
152 1917 246 48 (35-8791)

76 2020 432 54 Architectural
539 2021 216 55 forum.

147 2096 117 52 The
300 2096 171 53 house
509 2095 94 54 for
638 2094 232 55 modern
906 2093 212 70 living;
1162 2091 99 55 107
1300 2094 164 53 small
1500 2095 173 53 house
1713 2094 225 68 designs
82 2095 1950 147 including

339 2176 65 49 54
438 2175 154 65 prize
625 2173 243 52 winners
899 2171 60 54 in
993 2172 95 53 the
1125 2171 241 54 General
1401 2172 222 53 electric
1660 2170 397 57 architectural

81 2252 374 67 competition,
488 2251 140 53 with
660 2253 67 49 48
762 2249 234 54 selected
1031 2248 206 55 entries
1273 2249 109 52 and
1418 2248 31 52 7
1486 2250 155 67 prize
1674 2250 199 53 houses
1907 2249 147 53 from

83 2328 86 52 the
199 2331 129 50 1935
357 2328 230 53 “Better
613 2328 189 53 homes
831 2330 58 52 in
919 2327 296 53 America”
1246 2326 378 68 competition.
1701 2327 90 68 By
1819 2328 96 54 the
82 2326 1952 133 editors

220 2406 63 52 of
309 2406 95 54 the
434 2405 422 54 Architectural
884 2405 207 51 forum.
1165 2404 137 54 New
1334 2404 177 67 York,
1542 2405 307 68 Harcourt,
1879 2406 179 53 Brace

81 2484 42 49 &
149 2501 287 50 company,
464 2490 18 21 c
487 2484 149 50 1935.

148 2555 1209 49 1 p. l. , p. 275-414. illus. (incl. plans) 31 cm .
149 2613 259 47 Reprinted
443 2613 125 39 from
607 2613 79 40 the
722 2612 150 47 April,
904 2612 127 42 1935,
1066 2612 129 40 issue
1230 2612 51 40 of
1317 2614 80 38 the
1433 2611 358 51 Architectural
1827 2612 173 40 forum.

82 2665 49 52 ©
159 2671 112 46 May
293 2670 40 47 9,
360 2669 112 41 1935
490 2681 8 35 ;
530 2669 64 41 2c.
626 2671 112 46 May
767 2670 81 45 21;
878 2669 82 39 aff.
991 2671 113 46 May
1132 2668 83 48 29;
1245 2671 41 37 A
1314 2669 170 47 84025;
1518 2671 180 47 Rogers
1729 2673 95 38 and
1856 2672 201 40 Manson

147 2727 317 47 corporation,
494 2727 116 38 New
641 2727 144 37 York.
856 2725 277 47 (35-27210)

80 2827 206 64 Bemis,
315 2829 234 54 Samuel
577 2829 204 64 Flagg,
812 2832 168 49 1891-

206 2905 1845 68 … The diplomacy of the American revolution, by Samuel
82 2981 1973 70 Flagg Bemis … New York, London, D. Appleton-Century
81 3075 286 50 company,
396 3061 397 66 incorporated
830 3094 13 33 [
849 3066 17 21 c
871 3064 131 49 1935
1008 3094 13 32 1

146 3130 100 48 xiii,
274 3131 83 41 293
383 3143 44 37 p.
486 3134 26 39 5
541 3133 116 40 fold.
687 3143 150 38 maps.
896 3132 54 39 22½
984 3136 14 20 cm
1032 3165 8 8 .
1108 3133 114 48 (His
1252 3134 99 41 The
1380 3133 315 40 foundations
1725 3133 50 39 of
1805 3135 250 40 American

80 3185 276 50 diplomacy,
388 3189 271 40 1775-1823.
736 3200 41 30 [v.
811 3191 64 47 1])

148 3243 60 41 At
231 3245 123 40 head
380 3245 51 40 of
454 3246 128 40 title:
608 3246 100 40 The
734 3246 253 40 American
1013 3245 249 42 historical
1293 3246 305 40 association.

149 3298 1906 52 “This volume is published from a fund contributed to the American
83 3353 244 45 historical
370 3357 292 42 association
709 3359 59 46 by
812 3359 81 39 the
939 3356 233 51 Carnegie
1217 3360 305 47 corporation
1570 3360 49 40 of
1668 3360 110 40 New
1832 3363 225 39 York.”—

84 3422 37 38 p.
157 3414 74 50 [iv]

150 3469 434 50 “Bibliographical
611 3470 139 41 note”
769 3480 10 30 :
810 3482 42 37 p.
880 3470 214 41 265-273.

87 3522 49 52 ©
167 3529 110 46 May
307 3528 69 47 24,
411 3528 139 47 1935;
586 3527 67 40 2c.
689 3528 114 46 May
834 3527 81 46 27;
951 3526 80 40 aff.
1068 3528 113 46 May
1215 3527 82 46 28;
1334 3528 40 39 A
1408 3528 167 48 81976;
1614 3531 157 40 Amer.
1804 3532 255 41 historical

152 3595 136 36 assn.,
316 3585 331 47 Washington.
717 3583 248 48 (35-8172)

89 3670 265 68 Bennett,
382 3675 152 52 John
562 3673 292 63 Coleman,
883 3678 171 48 1902-

159 3749 181 55 Social
379 3752 309 63 salvation;
734 3770 31 33 a
805 3750 268 61 religious
1114 3751 288 66 approach
1443 3757 58 48 to
1539 3753 94 53 the
1674 3756 281 65 problems
1996 3757 63 50 of

92 3828 162 53 social
295 3829 229 66 change,
560 3828 75 65 by
673 3828 155 53 John
868 3828 60 54 C.
970 3830 260 50 Bennett.
1305 3828 138 52 New
1482 3830 179 66 York,
1699 3832 256 66 London,
1995 3834 62 56 C.

93 3905 299 54 Scribner’s
421 3924 144 47 sons,
597 3907 148 49 1935.
