2424 4375
1050 4053 129 49 1859

141 512 108 52 ical
291 512 352 55 association,
686 513 111 50 and
838 512 306 52 submitted
1185 515 58 51 to
1283 513 95 49 the
1417 511 242 52 Interim
1701 513 316 52 committee
2059 532 70 33 on

142 588 405 68 investigation
578 589 62 51 of
670 588 94 53 the
794 590 139 66 high
967 595 115 46 cost
1114 588 62 52 of
1206 589 247 53 sickness
1483 589 63 52 of
1577 590 95 51 the
1706 590 203 54 Senate
1940 590 63 53 of
2033 591 95 52 the

143 666 321 55 California
546 667 288 66 legislature.
904 666 115 55 San
1048 666 321 66 Francisco,
1401 666 193 55 Calif.,
1626 667 324 54 California
142 669 1964 128 medical
279 744 336 54 association
693 748 151 63 [c1935]

213 819 64 46 ix,
304 817 59 40 49
389 828 42 37 p.
489 817 25 38 21
577 819 43 20 cm
626 848 8 8 .

143 884 51 53 ©
222 888 113 48 Apr.
363 888 69 46 19,
462 886 140 41 1935;
632 887 66 39 2c·.
728 887 111 47 Apr.
871 887 57 39 26
943 898 8 35 ;
985 886 81 41 aff.
1096 887 112 47 Apr.
1238 885 55 40 29
1311 896 8 37 ;
1352 887 40 38 A
1422 887 143 40 82832
1583 896 9 37 ;
1623 886 271 41 California
1926 886 205 41 medical

212 953 127 31 assn.

142 1047 341 66 Carpenter,
512 1048 197 52 Frank
740 1047 244 65 George,
1016 1050 322 51 1855-1924.

207 1122 358 70 Carpenter’s
608 1142 124 34 new
773 1123 405 70 geographical
1223 1123 226 67 reader;
1494 1123 189 53 North
1726 1123 284 58 America,
2054 1122 74 69 by

137 1199 1988 70 Frank G. Carpenter … New York, Cincinnati [etc.] American
136 1277 678 70 book company [ c 1935]
205 1351 87 40 510
313 1360 44 39 p.
417 1351 85 40 col.
530 1352 163 47 front.,
722 1351 129 40 illus.
878 1350 132 49 (incl.
1038 1351 161 48 maps)
1236 1350 178 49 diagrs.
1474 1350 57 41 19
1534 1352 45 22 cm
1582 1381 9 8 .

143 1419 51 53 ©
230 1425 111 38 Dec.
373 1424 68 46 21,
479 1422 140 41 1935;
657 1422 66 42 2c.
760 1424 111 39 Dec.
907 1423 82 46 26;
1030 1422 81 40 aff.
1149 1424 112 39 Dec.
1297 1423 82 40 24:
1419 1424 39 37 A
1496 1423 169 41 88889:
1705 1424 159 39 Amer.
1903 1425 121 38 book
2062 1437 67 27 co.

213 1480 279 49 [Copyright
523 1481 44 39 is
598 1480 205 40 claimed
836 1491 60 28 on
929 1480 223 48 changes]
1225 1479 220 48 (36-162)

142 1582 234 64 Carver,
411 1583 243 55 Charles
688 1581 304 56 Cornelius
1022 1580 306 66 Williams,
1363 1587 171 49 1884-
1746 1584 83 53 ed.

211 1659 168 56 Office
429 1659 64 54 of
543 1660 290 67 tenebrae;
888 1678 31 35 a
971 1657 324 56 devotional
1346 1659 152 53 office
1547 1659 231 54 derived
1832 1659 153 54 from
2033 1660 98 53 the

143 1739 222 53 ancient
390 1738 239 54 services
658 1737 63 54 of
750 1737 258 69 Maundy
1040 1737 322 69 Thursday,
1392 1738 77 67 by
1496 1737 98 53 the
1623 1738 137 53 Rev.
1795 1737 235 55 Charles
2066 1738 61 55 C.

135 1815 1968 148 Williams Carver … New York, Milwaukee, Morehouse publishing co. [ c 1935]
203 1969 68 48 15,
304 1969 54 49 [1]
389 1979 41 37 p.
486 1968 55 39 21½
574 1970 44 21 cm
622 1999 8 8 .

143 2034 51 52 ©
224 2038 100 40 Oct.
354 2039 68 41 14.
453 2038 140 41 1935;
624 2037 66 41 2c.
723 2038 101 40 Oct.
854 2038 57 39 25
926 2048 9 35 ;
968 2037 83 40 aff.
1083 2037 101 40 Oct.
1216 2036 55 40 24
1289 2047 8 36 ;
1330 2039 42 37 A
1400 2036 144 42 87915
1561 2049 8 30 :
1605 2039 287 39 Morehouse
1920 2039 108 47 pub.
2059 2049 67 30 co.

216 2094 277 48 (35-30039)

140 2199 347 64 Castaneda,
518 2199 202 55 Carlos
751 2200 66 52 E.

268 2276 1797 67 … Silent years in Texas history, by Carlos E. Castaneda …
143 2353 1984 68 [Austin, Tex., Printed by Von Boeckmann-Jones company,
139 2437 16 21 c
161 2435 147 64 1935]

210 2505 56 39 15
297 2516 41 37 p.
402 2504 57 41 23½
490 2507 45 20 cm
539 2537 8 7 .
621 2504 345 48 (Preliminary
1002 2504 186 40 studies
1223 2505 51 39 of
1309 2506 83 39 the
1425 2506 161 39 Texas
1617 2504 225 41 Catholic
1873 2503 255 42 historical

142 2561 191 49 society,
390 2573 43 29 v.
461 2561 41 47 2,
530 2572 76 29 no.
636 2562 40 46 8,
706 2562 127 47 Apr.,
864 2561 138 47 1935)

209 2618 231 48 “Reprint
471 2618 127 40 from
631 2619 84 39 the
747 2618 365 40 Southwestern
1143 2617 254 41 historical
1430 2619 264 47 quarterly,
1728 2629 43 28 v.
1805 2617 68 43 38.
1909 2617 217 41 October.

142 2673 152 41 1934.”

143 2727 51 51 ©
225 2732 112 46 Apr.
371 2732 39 45 3,
446 2731 115 40 1935
577 2741 8 35 ;
623 2731 67 39 2c.
726 2732 95 38 and
856 2730 79 39 aff.
971 2732 114 46 Apr.
1121 2731 54 38 16
1194 2741 8 31 ;
1242 2731 39 37 A
1317 2731 142 38 81455
1478 2740 8 36 ;
1525 2731 123 38 Paul
1683 2731 44 38 J.
1764 2731 134 40 Folk,
1935 2731 189 39 Austin.

210 2788 112 39 Tex.

141 2888 231 66 Cauley,
400 2891 173 63 Mary
598 2890 310 55 Winifred.

206 2964 120 53 The
372 2964 210 56 science
628 2967 112 52 and
788 2972 89 47 art
924 2965 63 53 of
1033 2964 419 70 homemaking,
1495 2964 75 68 by
1616 2964 171 68 Mary
1831 2964 293 54 Winifred

140 3040 1961 147 Cauley … New York, Cincinnati [ etc.] American book company [ c 1935]
209 3192 99 48 viii,
329 3194 84 40 312
442 3205 42 37 p.
542 3194 142 47 illus.,
709 3195 87 40 col.
825 3196 169 47 plates.
1049 3194 57 41 18½c
1154 3196 27 21 m
1186 3226 10 9 .

143 3256 50 53 ©
223 3263 116 47 Aug.
371 3264 69 48 20,
474 3263 112 41 1935
605 3274 9 37 ;
648 3264 67 39 2c.
749 3266 95 37 and
876 3264 83 40 aff.
990 3265 118 48 Aug.
1142 3264 54 41 23
1215 3275 9 30 :
1258 3264 40 39 A
1331 3264 145 40 85585
1492 3274 9 36 ;
1536 3265 157 39 Amer.
1728 3263 124 40 book
1883 3274 68 29 co.

219 3317 218 50 (36-198)

142 3416 336 70 Chambers,
504 3420 254 56 William
784 3424 223 63 Henry,
1034 3424 172 55 1873-

206 3493 119 55 The
363 3497 288 67 explosive
693 3498 201 69 theory
937 3498 65 53 of
1041 3499 98 54 the
1181 3499 277 68 universe,
1500 3499 76 68 by
1618 3496 260 55 William
1921 3498 200 67 Henry

142 3567 1880 77 Chambers … East Aurora, N. Y., The Roycrofters [ c 1935]
208 3642 25 39 7
257 3653 43 38 p.
360 3676 10 16 l.,
399 3645 169 42 19-291
597 3657 44 37 p.
701 3646 55 40 22½
789 3650 44 21 cm
837 3679 8 8 .

210 3698 93 41 “Of
330 3702 99 40 this
463 3703 181 40 edition
678 3704 136 41 there
848 3714 123 32 were
1006 3706 193 46 printed
1233 3705 88 42 but
1355 3718 88 29 one
1478 3705 242 41 thousand
1756 3704 172 49 copies.
1992 3703 133 40 Each

142 3749 118 45 book
283 3756 42 41 is
348 3758 260 41 numbered
631 3761 95 39 and
752 3760 208 48 signed.”
1021 3762 118 40 This
1164 3772 117 39 copy
1306 3767 83 37 not
1414 3762 275 41 numbered.

210 3809 160 44 “First
394 3814 225 40 edition.”

212 3865 125 43 “The
363 3869 105 41 first
492 3871 53 38 of
571 3881 26 29 a
628 3871 176 48 trilogy
832 3883 57 30 on
919 3875 81 39 the
1030 3874 157 47 origin
1216 3876 97 39 and
1342 3874 191 46 destiny
1562 3874 53 40 of
1641 3872 349 43 man.”—Pref.

144 3917 1965 117 © Nov. 27, 1935; 2c. and aff. Dec. 4: A 89710: W . H. Chambers. McKeesport, Pa. (36-202)
