2424 4375
1199 4084 102 50 546

250 452 342 66 Rockwood,
621 454 146 63 Roy,
797 452 194 66 pseud.

330 529 235 66 Bomba,
605 528 98 54 the
740 528 198 67 jungle
975 530 109 65 boy
1122 528 246 67 trapped
1408 528 75 66 by
1520 528 97 52 the
1656 529 254 64 cyclone;
1953 545 80 48 or,
256 526 1964 132 Shipwrecked

550 604 1684 68 on the swirling seas, by Roy Rockwood … New
254 682 1234 68 York, Cupples & Leon company [ c 1935]
316 753 1327 50 2 p. l., 210 p. front. 19½cm. (His Bomba books)
252 808 53 53 ©
334 814 119 38 Mar.
485 812 68 47 15,
582 811 116 41 1935;
755 812 67 39 2c.
853 812 96 39 and
979 810 82 41 aff.
1092 812 113 47 May
1235 811 26 39 4;
1322 812 41 38 A
1393 810 142 41 81707;
1598 811 207 48 Cupples
1838 811 39 40 &
1904 811 127 38 Leon
2062 822 66 29 co.

355 868 249 50 (35-6272)

251 958 174 66 Ruef,
455 960 271 63 Dorothy
749 959 327 63 Northrup,
1110 964 169 49 1898-

321 1036 213 53 Health
581 1035 299 54 education
927 1037 59 51 in
1032 1035 185 54 senior
1262 1036 140 66 high
1449 1036 246 64 schools;
1744 1055 31 34 a
1819 1035 172 67 study
2037 1034 62 53 of
2143 1034 97 53 the

247 1112 433 70 qualifications,
714 1118 198 62 status,
948 1112 337 66 affiliations,
1322 1113 106 52 and
1470 1112 289 53 functions
1794 1112 64 53 of
1891 1130 228 49 persons

248 1129 1968 129 responsible
578 1190 94 53 for
716 1191 194 52 health
955 1190 299 54 education
1299 1189 61 53 in
1403 1190 186 53 senior
1633 1190 142 65 high
1818 1190 236 66 schools,
2099 1190 136 52 with

248 1266 1989 69 special reference to New Jersey, by Dorothy Ruef … New
253 1344 161 53 York
444 1344 134 67 city,
611 1345 275 52 Teachers
919 1346 227 65 college,
1179 1343 299 56 Columbia
1513 1343 334 67 university,
1883 1346 151 50 1934.

251 1414 1969 107 3 p. l., 106 p. 23½cm. (Teachers college. Columbia university. Contributions to education, no. 636)
322 1528 167 43 Issued
517 1530 105 41 also
647 1539 55 31 as
729 1529 151 41 thesis
916 1529 107 47 (PH.
1082 1530 34 47 D.)
1155 1527 249 42 Columbia
1434 1529 285 48 university.

322 1587 343 49 Bibliography;
726 1597 44 38 p.
805 1585 213 40 105-106.

251 1640 53 52 ©
330 1646 109 38 Dec.
466 1643 68 49 31,
562 1641 116 41 1934;
732 1642 66 40 2c.
828 1642 94 39 and
948 1641 81 39 aff.
1059 1641 111 47 Apr.
1200 1641 40 47 8,
1268 1640 113 40 1935;
1437 1642 41 38 A
1504 1641 148 41 82438;
1705 1643 219 47 Dorothy
1952 1641 142 48 Ruef,
2123 1642 117 40 Fort

319 1701 184 40 Worth.
574 1698 250 50 (35-6379)

245 1787 86 54 St.
356 1789 314 53 Lawrence
695 1786 349 66 university,
1072 1790 241 61 Canton,
1335 1789 71 53 N.
1434 1790 71 52 Y.
1579 1788 298 67 Brooklyn
1899 1790 108 53 law
2031 1788 205 55 school.

315 1865 211 52 Recent
566 1882 150 36 cases
758 1883 71 33 on
874 1863 428 53 constitutional
1346 1864 127 53 law.
1559 1862 332 70 [Brooklyn]
1942 1862 293 69 Brooklyn

247 1943 107 52 law
378 1943 208 64 school,
613 1940 84 56 St.
723 1941 303 53 Lawrence
1049 1941 334 67 university,
1413 1944 150 50 1935.

315 2015 55 39 55
399 2025 40 38 p.
493 2015 116 40 23cm.

591 2070 215 41 CONTENTS.—Home
832 2070 218 48 building
1075 2069 37 40 &
1138 2071 110 39 loan
1274 2069 293 41 association
1594 2081 42 29 v.
1665 2069 234 41 Blaisdell
1939 2069 294 49 (Minnesota

249 2129 244 47 mortgage
532 2128 316 39 moratorium
891 2127 405 49 case).—Nebbia
1334 2137 44 31 v.
1421 2126 117 41 New
1582 2127 128 40 York
1764 2127 139 48 (New
1947 2127 127 40 York
2117 2126 119 40 milk

248 2184 435 47 case).—Panama
736 2183 202 49 refining
986 2195 66 29 co.
1105 2195 41 29 v.
1198 2184 152 47 Ryan.
1432 2183 213 41 Amazon
1696 2184 265 47 petroleum
2016 2193 126 39 corp.
2194 2193 42 31 v.

248 2239 136 47 Ryan
423 2241 123 47 (Hot
574 2241 63 40 oil
669 2241 458 47 cases).—Norman
1157 2251 42 30 v.
1230 2242 81 40 the
1341 2240 268 41 Baltimore
1639 2241 95 40 and
1767 2240 121 41 Ohio
1922 2240 212 41 railroad
2166 2250 67 29 co.

246 2296 176 41 United
453 2296 163 42 States
645 2308 42 30 v.
719 2297 220 41 Bankers
968 2300 129 38 trust
1127 2307 232 38 company
1400 2297 146 48 (Gold
1574 2297 162 41 clause
1765 2297 394 49 cases).—Perry
2190 2308 42 29 v.

246 2355 80 38 the
350 2353 176 41 United
555 2353 163 41 States
754 2353 142 47 (Gold
925 2355 164 41 clause
1114 2354 156 46 case).

269 2408 52 52 ©
349 2413 113 47 Apr.
491 2413 38 47 1,
559 2412 117 40 1935;
729 2412 68 40 2c.
829 2414 93 38 and
952 2412 82 40 aff.
1064 2414 113 46 Apr.
1206 2413 26 39 3;
1292 2414 41 38 A
1363 2412 142 40 82351;
1565 2413 248 48 Brooklyn
1843 2414 94 39 law
1968 2412 176 41 school.

345 2468 250 50 (35-6241)

263 2556 315 66 Schuman,
608 2557 313 54 Frederick
953 2557 208 65 Lewis,
1196 2565 170 49 1904-

325 2634 122 52 The
494 2634 141 52 Nazi
685 2633 405 69 dictatorship;
1141 2653 30 34 a
1221 2635 170 68 study
1440 2636 59 51 in
1546 2635 170 53 social
1767 2635 312 68 pathology
2129 2635 111 52 and

257 2710 1984 68 the politics of fascism, by Frederick L. Schuman … New
264 2788 178 67 York,
468 2788 70 52 A.
566 2787 71 52 A.
666 2786 221 69 Knopf,
917 2791 149 50 1935.

366 2860 1021 49 x p., 1 l., xi-xiii, 494, xiv p., 1 1. 21cm.
336 2918 161 39 “First
525 2916 225 41 edition.”

337 2972 234 41 “Errata”
605 2972 95 49 slip
730 2972 99 40 laid
864 2973 61 40 in.

265 3026 53 53 ©
347 3031 113 46 Apr.
492 3029 71 48 22,
595 3028 112 41 1935;
767 3028 68 41 2c.
868 3030 110 46 Apr.
1011 3030 55 39 23;
1128 3029 81 40 aff.
1242 3031 111 46 Apr.
1387 3030 56 39 24;
1504 3031 41 38 A
1576 3030 142 41 82640;
1780 3030 172 41 Alfred
1981 3032 54 38 A.
2069 3029 178 48 Knopf,

329 3086 89 41 inc.
489 3086 250 49 (35-6206)

249 3168 347 65 Scrugham,
626 3171 202 52 James
860 3170 240 64 Graves,
1134 3177 170 49 1880-
1513 3173 85 55 ed.

322 3247 261 65 Nevada;
631 3265 31 34 a
707 3246 287 52 narrative
1037 3246 64 51 of
1145 3246 94 53 the
1284 3255 265 60 conquest
1593 3247 65 52 of
1701 3267 30 33 a
1778 3246 243 55 frontier
2066 3248 164 67 land;

251 3324 350 68 comprising
631 3325 99 51 the
759 3329 155 62 story
946 3323 64 53 of
1042 3325 100 51 her
1175 3325 202 66 people
1408 3325 151 52 from
1593 3325 94 52 the
1721 3326 166 51 dawn
1920 3324 64 53 of
2015 3325 215 68 history

255 3400 1981 70 to the present time; James G. Scrugham, editor … Chicago
254 3479 112 52 and
397 3478 137 52 New
565 3478 177 66 York,
774 3479 118 52 The
922 3476 304 54 American
1255 3478 290 53 historical
1575 3478 227 69 society,
1831 3480 126 66 inc.,
1989 3483 150 49 1935.

326 3552 26 39 3
380 3562 41 30 v.
481 3552 163 46 front.,
671 3551 127 40 illus.
827 3551 131 42 (incl.
987 3551 134 47 map)
1157 3552 75 46 ph,
1263 3554 146 44 ports.
1468 3552 145 40 26½cm.

329 3608 225 38 “Nevada
591 3606 306 49 biographies
935 3608 60 46 by
1033 3617 27 29 a
1098 3605 177 48 special
1314 3607 118 39 staff
1469 3608 51 39 of
1557 3607 219 40 writers”;
1844 3608 117 39 vols.
1997 3607 26 38 2
2061 3609 94 38 and
2194 3608 39 40 3.

251 3658 53 53 ©
336 3664 114 47 Apr.
483 3662 68 48 22,
587 3662 139 47 1935;
761 3663 67 39 2c.
863 3664 115 39 each
1012 3663 112 48 Apr.
1159 3662 81 47 25;
1278 3663 81 40 aff.
1395 3664 111 48 Apr.
1543 3664 82 47 24;
1662 3665 40 38 A
1738 3664 169 47 81587;
1943 3665 157 39 Amer,
323 3664 1890 95 historical
524 3730 106 36 soc.,
658 3719 90 40 inc.
818 3718 248 49 (35-6372)

258 3804 423 68 Shakespeare,
715 3807 270 65 William,
1022 3813 322 49 1564-1616.

330 3883 251 66 Hamlet,
618 3882 74 67 by
728 3882 258 54 William
1026 3882 400 68 Shakespeare.
1498 3884 257 64 London,
1793 3884 55 53 J.
1888 3884 79 53 M.
2006 3885 152 52 Dent
2195 3886 45 49 &

258 3978 146 47 sons,
435 3960 132 66 ltd.;
601 3960 138 52 New
772 3959 177 68 York,
980 3961 66 50 E.
1078 3961 66 51 P.
1174 3960 223 52 Dutton
1426 3962 46 51 &
1503 3979 96 49 co.,
1630 3961 106 53 inc.
1776 3964 190 63 [c1935]
