2526 4384
1196 4036 100 50 269

315 490 88 41 160
426 500 44 38 p.
529 488 117 42 20cm.

316 558 121 42 Case
466 557 229 41 histories
724 558 53 40 of
804 556 199 41 marital
1032 556 442 49 maladjustments,
1503 558 122 39 with
1654 556 233 41 remedial
1918 557 319 48 suggestions.

244 626 1993 54 © Dec. 12, 1934; 2c. Feb. 21, 1935; aff. Feb. 18; A 80538; P. L . Rohrer,
313 687 222 48 Chicago.
605 686 251 49 (35-3861)

240 791 274 65 Sanders,
544 791 293 64 Jennings
861 790 221 64 Bryan.

237 865 2003 150 Evolution of executive departments of the Continental congress, 1774-1789, by Jennings B. Sanders … Chapel Hill,
238 1025 122 54 The
385 1023 338 69 University
749 1022 66 55 of
839 1023 189 54 North
1058 1022 271 56 Carolina
1355 1041 176 51 press,
1561 1026 152 50 1935.

312 1096 64 48 ix,
401 1094 86 42 213
509 1105 43 39 p.
612 1094 56 41 23½
702 1098 15 21 cm
750 1128 8 8 .

315 1164 136 43 With
481 1167 80 39 the
594 1164 253 49 exception
881 1164 55 41 of
967 1166 81 40 the
1080 1166 95 39 two
1209 1164 100 41 last
1339 1165 242 49 chapters,
1614 1165 82 40 the
1730 1165 197 46 present
1962 1164 136 40 work
247 1174 1972 88 consists
390 1221 348 47 substantially
766 1222 54 40 of
848 1223 82 38 the
960 1222 216 40 doctoral
1205 1220 319 42 dissertation
1553 1221 258 48 presented
1844 1224 51 38 at
1927 1222 81 41 the
243 1220 1981 105 University
363 1278 53 41 of
440 1278 208 48 Chicago
675 1278 49 40 in
749 1278 128 41 1928.
937 1278 61 47 cf.
1026 1278 129 42 Pref.

311 1334 374 49 Bibliography:
723 1346 45 39 p.
807 1334 248 52 [193]-203.

244 1403 52 54 ©
324 1409 110 40 Jan.
461 1408 41 49 9,
530 1408 140 48 1935;
700 1408 68 41 2c.
799 1409 111 40 Feb.
938 1409 84 46 21;
1053 1407 80 42 aff.
1166 1409 108 39 Feb.
1304 1408 83 48 25;
1418 1408 41 40 A
1488 1407 170 49 80592;
1690 1408 283 50 University
2001 1410 54 40 of
2082 1409 158 40 North

314 1465 228 41 Carolina
570 1475 146 39 press.
788 1465 251 50 (35-3939)

266 1570 306 66 [Saternus,
598 1571 220 66 Marfa]

309 1647 122 54 Das
465 1649 281 61 zögernde
779 1649 151 61 herz,
965 1665 216 45 roman,
1218 1665 110 36 von
1364 1647 79 54 M.
1482 1647 189 63 Coray
1733 1649 191 61 [pseud.]
2024 1647 218 63 Berlin,

240 1725 250 55 Ullstein
525 1728 172 66 [1934]

314 1813 99 47 247,
449 1812 55 50 [1]
536 1824 43 36 p.
640 1812 55 40 17
698 1814 43 21 cm
746 1843 9 9 .
826 1812 100 48 (On
955 1822 164 31 cover:
1148 1811 210 41 Ullstein
1388 1811 194 41 bücher.
1645 1811 112 50 [25])

247 1876 1992 53 © Oct. 18, 1934; 1c. Jan. 21, 1935; A-Foreign 26727; Ullstein a.-g.
323 1937 250 49 (35-3828)

241 2040 308 67 Seashore,
580 2044 135 54 Carl
744 2042 172 67 Emil,
948 2048 172 51 1866-

240 2120 2003 148 Elementary experiments in psychology, by Carl E. Seashore … revised and enlarged in cooperation with Robert
240 2275 1978 71 Holmes Seashore … New York, H. Holt and company [ c 1935]
316 2350 81 49 vii,
428 2350 87 41 219
543 2362 44 36 p.
646 2350 143 49 illus.,
821 2351 178 48 diagrs.
1059 2352 56 39 27½
1146 2354 44 21 cm
1195 2383 9 10 .

317 2406 165 41 Plates
506 2408 95 39 and
626 2408 130 39 color
780 2408 209 47 samples
1014 2407 50 40 in
1089 2408 226 47 envelope
1341 2408 229 39 mounted
1596 2418 61 31 on
1680 2405 156 43 inside
1861 2406 53 41 of
1937 2407 121 40 back
2085 2417 153 32 cover.

318 2463 291 40 References
635 2466 52 38 at
712 2465 90 39 end
830 2464 53 39 of
907 2473 131 32 some
1062 2464 52 40 of
1138 2465 81 39 the
1246 2464 241 47 chapters.

249 2525 51 52 ©
331 2530 110 41 Feb.
471 2531 69 46 13,
569 2530 140 48 1935;
742 2532 65 40 2c.
841 2532 112 41 Feb.
983 2531 83 48 27;
1098 2532 80 42 aff.
1209 2533 112 40 Feb.
1350 2532 83 48 28;
1466 2532 41 39 A
1538 2532 171 48 79856;
1745 2532 168 48 Henry
1944 2532 120 41 Holt
2093 2532 36 40 &
2159 2542 81 38 co.,

315 2586 89 41 inc.
476 2587 249 50 (35-3982)

242 2688 296 69 Shelnutt,
567 2693 201 54 James
795 2693 283 66 Bunkett,
1110 2699 170 50 1863-

315 2767 1922 71 Christian living, by James B. Shelnutt, sr. … [East Point,
246 2843 122 68 Ga.,
402 2846 240 53 Printed
675 2847 76 67 by
783 2848 505 54 Martin-Johnson
1323 2849 265 66 printing
1623 2868 97 47 co.]
1757 2854 18 22 c
1780 2851 151 50 1935.

314 2916 87 41 220
437 2929 43 38 p.
541 2919 56 40 19½
629 2921 43 22 cm
677 2952 9 9 .

246 2980 51 52 ©
323 2985 109 42 Jan.
453 2987 69 48 22,
545 2987 140 47 1935;
709 2989 67 40 2c.
802 2991 96 38 and
923 2989 82 41 aff.
1029 2990 111 40 Feb.
1162 2989 54 48 4;
1241 2990 41 39 A
1306 2989 170 48 79484;
1503 2989 43 42 J.
1570 2990 54 39 B.
1653 2989 240 49 Shelnutt,
1920 3000 77 38 sr.,
2025 2990 210 48 Monroe,

312 3041 85 43 Ga.
469 3044 249 50 (35-3900)

249 3142 295 59 Southern
571 3155 284 62 reporter;
889 3170 150 34 cases
1069 3152 213 67 argued
1314 3152 111 52 and
1456 3152 351 53 determined
1836 3152 61 53 in
1924 3152 98 53 the
2050 3155 187 49 courts

317 3225 63 53 of
409 3226 299 69 Alabama,
738 3229 254 67 Florida,
1021 3228 326 70 Louisiana,
1373 3231 368 68 Mississippi,
1771 3229 141 54 with
1940 3231 108 68 key
318 3249 1896 106 number
462 3306 377 56 annotations.
920 3309 241 52 Volume
1209 3307 115 56 157.
1406 3309 334 66 November,
1788 3310 450 68 1934-January,

319 3384 148 50 1935.
533 3381 82 54 St.
645 3384 164 65 Paul,
834 3385 160 53 West
1020 3385 333 69 publishing
1380 3404 97 50 co.,
1508 3390 148 51 1935.

316 3453 133 47 xviii,
477 3452 116 41 1020
617 3463 44 38 p.
720 3453 57 41 26
781 3457 44 21 cm
828 3487 8 8 .

252 3515 51 52 ©
340 3521 112 42 Feb.
487 3523 71 48 20,
593 3523 140 49 1935;
773 3525 66 40 2c.
877 3526 122 42 Mar.
1036 3527 82 47 18;
1158 3527 83 40 aff.
1280 3527 123 41 Mar.
1442 3527 82 47 21;
1564 3527 41 39 A
1640 3527 171 47 82056;
1852 3527 133 41 West
2024 3528 108 48 pub.
2172 3538 67 29 co.

248 3639 446 58 Southwestern
724 3650 268 59 reporter
1023 3647 101 65 (2d
1156 3647 145 65 ser.)

319 3717 304 70 Kentucky
679 3721 273 54 decisions
1005 3725 264 66 reported
1322 3724 59 52 in
1438 3725 183 55 South
1674 3730 237 48 western
1964 3732 272 62 reporter.

251 3791 1986 157 Second series. Vols. 73 (2d) to 75 (2d) September-December, 1934, with key number annotations … St. Paul, West
251 3950 333 69 publishing
610 3971 96 49 co.,
739 3957 148 49 1935.
