2526 4384
1315 4095 97 50 186

370 471 266 66 Morgan,
663 473 257 54 Stewart
947 474 75 64 S.,
1050 474 83 54 ed.

443 547 282 68 Opinions
766 550 112 52 and
920 550 272 53 attitudes
1228 551 62 52 in
1327 552 95 52 the
1460 552 295 53 twentieth
1795 557 253 61 century,
2085 551 278 68 compiled

372 620 1993 73 and edited by Stewart Morgan and William Thomas … New
379 702 173 67 York,
579 704 66 52 T.
673 703 213 54 Nelson
915 704 111 53 and
1056 722 146 44 sons,
1234 707 151 50 1934.

443 774 100 48 viii,
574 774 87 41 586
688 785 43 38 p.
792 774 127 41 illus.
979 774 56 40 21
1038 776 45 21 cm
1086 806 10 10 .
1165 775 299 49 (Half-title:
1494 775 219 42 Nelson’s
1744 777 201 48 English
1974 777 165 48 series,
2169 779 196 48 general

370 831 312 41 ed.—Ernest
718 832 300 47 Bernbaum)

374 885 52 52 ©
454 890 120 47 Aug.
603 888 69 49 28,
701 888 142 48 1934;
873 888 65 41 2c.
970 889 111 40 Feb.
1107 888 68 47 21,
1207 888 139 48 1935;
1379 889 80 40 aff.
1491 890 110 39 Feb.
1630 890 83 46 23;
1746 891 40 38 A
1817 889 142 42 79780;
2019 891 210 40 Thomas
439 892 1909 94 Nelson
553 946 37 40 &
612 957 126 29 sons.
809 945 251 49 (35-3097)

371 1051 269 63 Munger,
669 1050 243 53 Martha
938 1048 262 57 Perrine.

441 1127 122 51 The
595 1126 147 54 book
778 1128 62 51 of
875 1133 275 61 puppets;
1188 1131 159 62 stage
1378 1145 247 50 scenery,
1660 1133 248 62 puppets
1944 1128 111 53 and
2091 1128 164 68 plays
2289 1129 75 67 by

368 1205 232 52 Martha
626 1205 239 54 Perrine
888 1205 273 67 Munger;
1191 1210 274 48 costumes
1492 1206 111 52 and
1629 1205 422 68 manipulation
2074 1206 77 68 by
2175 1206 191 55 Annie

369 1283 109 53 Lee
516 1283 204 67 Elder;
760 1283 286 52 foreword
1083 1283 73 67 by
1191 1283 261 53 Helenka
1489 1283 412 68 Adamowska;
1939 1284 140 53 with
369 1284 1970 130 illustrations
544 1362 76 68 by
645 1364 54 54 J.
731 1363 67 53 B.

826 1362 129 54 Van
982 1358 502 58 Rossum-Shiffer.
1550 1364 233 65 Boston,
1808 1362 276 68 Lothrop,
2111 1364 110 53 Lee
2251 1363 107 53 and

371 1439 261 69 Shepard
661 1459 297 48 company,
989 1443 147 54 1934.

443 1511 95 48 xiv,
566 1513 88 41 206
680 1524 42 37 p.
751 1514 111 40 incl.
889 1512 163 44 front.,
1082 1513 169 48 plates.
1311 1511 55 40 21½
1399 1514 44 22 cm
1448 1544 9 10 .

374 1567 52 52 ©
456 1573 111 39 Dec.
599 1572 39 46 5,
669 1570 140 48 1934;
841 1570 65 41 2c.
940 1571 109 39 Dec.
1082 1572 51 45 7;
1164 1569 81 41 aff.
1277 1571 120 39 Mar.
1430 1571 40 46 8,
1500 1570 139 47 1935;
1672 1571 43 39 A
1743 1570 170 47 80884;
1947 1571 227 47 Lothrop,
2206 1571 96 40 Lee
2330 1571 36 40 &

439 1628 218 48 Shepard
686 1639 63 29 co.
822 1626 281 51 (35-27010)

365 1730 194 54 North
590 1734 256 50 western
877 1737 269 62 reporter.
1214 1731 169 55 Cases
1414 1731 213 68 argued
1659 1732 111 52 and
1800 1731 349 54 determined
2179 1732 60 52 in
2265 1732 95 53 the

436 1814 187 48 courts
658 1809 62 53 of
753 1812 175 63 Iowa,
961 1809 313 67 Michigan,
1307 1809 341 66 Minnesota,
1681 1810 312 66 Nebraska,
2026 1812 185 51 North
436 1812 1900 142 Dakota,
633 1886 179 55 South
857 1887 246 62 Dakota,

1139 1888 341 66 Wisconsin,
1521 1887 139 52 with
1702 1888 107 67 key
1849 1889 238 51 number
438 1894 1898 124 annotation.
645 1985 51 33 v.
732 1967 117 50 256.
924 1964 703 69 September-November,
1665 1969 149 53 1934.
1889 1968 82 55 St.
2004 1968 164 65 Paul,
2201 1968 161 53 West

435 2043 131 67 pub.
592 2062 97 48 co.,
718 2047 149 51 1935.

436 2117 96 46 xvi,
562 2116 117 41 1008
704 2127 41 37 p.
803 2116 59 40 26
862 2118 44 21 cm
910 2147 8 8 .

371 2170 52 52 ©
451 2175 108 39 Jan.
587 2174 69 46 18,
682 2172 114 41 1935;
852 2173 67 40 2c.
948 2174 95 39 and
1073 2171 79 41 aff.
1183 2173 109 39 Feb.
1321 2172 82 47 28;
1434 2173 40 38 A
1503 2173 168 47 80717;
1702 2173 134 40 West
1864 2174 106 46 pub.
2001 2183 66 30 co.

364 2276 241 66 O’Neill,
636 2279 241 63 Eugene
907 2277 337 65 Gladstone,
1277 2283 170 50 1888-

429 2356 1929 67 The plays of Eugene O’Neill … V-VII. Wilderness ed. New
365 2434 178 65 York,
571 2435 60 54 C.
661 2432 310 55 Scribner’s
997 2452 128 34 sons
1157 2438 191 62 [c1935]

433 2508 25 39 3
486 2518 41 28 v.
582 2508 171 49 plates,
781 2506 190 40 facsim.
1026 2506 56 39 24½
1115 2508 42 22 cm
1162 2537 8 8 .

439 2562 1923 49 “This Wilderness edition … printed from type now destroyed, is
368 2620 187 41 limited
596 2622 48 38 to
686 2630 143 29 seven
870 2620 220 40 hundred
1130 2621 95 39 and
1267 2622 198 45 seventy
1508 2622 98 38 sets
1647 2619 51 40 of
1737 2618 159 41 which
1936 2621 182 46 twenty
2160 2629 83 30 are
2281 2619 81 40 for

362 2676 375 50 presentation.”

772 2739 52 34 CONTENTS.—V.
858 2733 192 40 “Marco
1085 2732 255 40 millions.”
1406 2733 129 39 “The
1566 2732 144 47 hairy
1744 2731 264 49 ape.”—VI.
2044 2733 197 47 Beyond
2276 2733 82 39 the

361 2791 211 39 horizon.
631 2790 365 40 Welded.—VII.
1029 2790 233 47 Dynamo.
1321 2789 253 40 Different.

371 2844 54 52 ©
458 2848 109 40 Jan.
603 2847 69 45 30,
710 2846 139 47 1935;
889 2846 65 41 2c.
992 2848 118 39 each
1146 2848 95 38 and
1279 2845 107 41 affis.
1424 2846 109 39 Feb.
1572 2846 82 46 21;
1692 2847 40 38 A
1771 2843 345 49 79762-79764;
2156 2844 201 41 Charles

438 2903 263 42 Scribner’s
734 2914 124 29 sons.

363 3006 357 65 Outhwaite,
749 3008 286 66 Leonard,
1068 3013 169 48 1892-

366 3081 1964 150 … Unrolling the map; the story of exploration; with drawings of ships by
904 3162 234 55 Gordon
1169 3163 203 59 Grant,
1403 3162 112 52 and
1546 3160 248 68 fifty-six
1824 3161 272 67 specially
2126 3159 226 54 devised

361 3259 175 49 maps.
602 3240 138 52 New
769 3240 179 66 York,
976 3242 219 65 Reynal
1220 3245 45 49 &
1292 3240 320 53 Hitchcock
1645 3273 12 33 [
1663 3246 17 21 c
1685 3243 132 48 1935
1824 3273 12 33 ]

434 3314 97 47 xiv,
555 3314 85 40 351
669 3324 41 36 p.
768 3313 141 46 illus.,
937 3323 150 38 maps.
1145 3313 58 39 26½
1233 3315 44 21 cm
1281 3344 8 7 .

436 3371 67 39 “A
532 3371 128 39 John
687 3371 109 45 Day
824 3369 164 39 book.”

437 3427 187 40 “Books
650 3429 48 37 to
727 3425 144 40 read”:
927 3437 42 36 p.
996 3426 215 40 335-340.

369 3480 52 52 ©
449 3483 110 41 Feb.
588 3483 69 46 18,
685 3481 113 41 1935;
855 3481 65 40 2c.
951 3483 109 38 Feb.
1089 3482 80 46 21;
1202 3482 80 40 aff.
1314 3481 109 40 Feb.
1453 3481 81 42 26;
1566 3482 40 38 A
1633 3479 168 47 79824;
1833 3480 48 38 L.
1915 3477 291 46 Outhwaite,
2237 3478 116 38 New

435 3540 143 40 York.
649 3537 251 49 (35-3056)

361 3641 452 65 Pennsylvania.
887 3642 278 66 Superior
1192 3645 173 50 court.

435 3717 422 69 Pennsylvania
899 3717 272 68 Superior
1209 3724 160 46 court
1408 3723 234 62 reports,
1718 3733 50 35 v.
1810 3718 113 49 112.
2001 3713 351 67 Containing

366 3791 1983 70 cases decided … March 3, 1934 to May 4, 1934 inc. Reported
365 3873 74 66 by
481 3874 59 54 C.
585 3875 284 49 Brewster
909 3873 249 65 Rhoads,
1198 3878 145 47 state
1384 3876 255 63 reporter
1682 3871 112 52 and
1840 3871 243 65 Spencer
2126 3868 226 54 Gilbert

363 3951 281 65 Nauman,
674 3950 267 52 assistant
968 3954 144 48 state
1140 3954 271 62 reporter.
1475 3947 375 67 Harrisburg,
1878 3948 122 52 The
2028 3945 320 68 Telegraph

366 4047 171 47 press,
566 4030 148 49 1934.
