2568 4342
0 0 0 0 27
226 441 270 66 Meynell,
523 442 301 52 Laurence
850 440 243 64 Walter,
1125 446 169 50 1899-

298 516 162 56 Odds
496 536 72 34 on
604 517 392 67 Bluefeather,
1031 518 171 68 being
1238 519 94 52 the
1368 518 230 53 further
1635 519 340 52 adventures
2011 515 65 54 of
2111 516 112 52 Mr.

227 593 221 70 George
503 596 265 67 Berkley,
821 596 75 66 by
949 597 290 53 Laurence
1293 597 90 54 W.
1437 596 268 68 Meynell.
1797 593 428 68 Philadelphia,

226 673 257 66 London,
510 675 55 54 J.
594 675 67 51 B.
690 673 340 68 Lippincott
1058 691 280 50 company
1371 707 12 34 [
1387 680 21 22 c
1412 677 151 64 1935]

294 745 100 49 271,
427 748 41 48 1]
504 757 45 38 p.
608 745 58 42 19½
698 748 43 22 cm
745 778 10 9 .

229 812 54 53 ©
310 817 107 39 Jan.
446 817 40 46 3,
514 815 140 48 1935;
683 816 66 40 2c.
778 817 97 39 and
902 815 80 39 aff.
1012 817 109 39 Jan.
1149 817 83 46 11;
1261 816 42 39 A
1330 815 171 48 78975;
1532 816 42 39 J.
1605 816 53 39 B.
1688 815 279 48 Lippincott
1994 825 68 30 co.

309 873 221 48 (35-751)

228 974 234 69 Millett,
490 977 152 53 Fred
669 975 335 66 Benjamin,
1035 981 172 50 1890-

298 1051 1930 70 The art of the drama, by Fred B. Millett … and Gerald
230 1129 1999 71 Eades Bentley … New York, London, D. Appleton-Century
230 1211 967 68 company, incorporated [ c 1935]
300 1285 99 48 viii,
430 1285 89 40 253
546 1296 44 37 p.
650 1284 129 41 illus.
807 1284 191 49 (plans)
1064 1284 147 41 23½cm.

232 1351 51 52 ©
316 1356 108 39 Jan.
456 1357 41 46 4,
530 1354 141 47 1935;
704 1354 67 41 2c.
806 1355 109 40 Jan.
949 1356 52 45 5;
1036 1354 82 41 aff.
1152 1355 108 39 Jan.
1294 1356 53 45 7;
1382 1355 43 38 A
1454 1353 171 48 79078;
1660 1355 57 38 D.
1752 1352 482 50 Appleton-Century

299 1424 81 36 co.,
410 1412 88 40 inc.
570 1413 221 48 (35-871)

230 1515 321 65 Moreland,
579 1514 242 56 Patrick
848 1516 70 55 D.

303 1591 263 56 Slumber
604 1598 60 47 at
697 1611 150 33 noon
906 1592 94 68 [by]
1043 1591 238 54 Patrick
1316 1592 71 52 D.
1427 1590 318 55 Moreland.
1820 1590 220 68 Dallas,
2077 1592 156 66 Tex.,

231 1669 1007 69 The Kaleidograph press [ c 1934 ]
303 1744 29 39 4
357 1755 43 37 p.
462 1775 10 17 l.,
499 1744 175 40 xi-xiii
701 1754 58 38 p.,
788 1746 26 38 1
876 1776 10 16 l.,
914 1745 145 40 17-77
1086 1755 42 37 p.
1188 1744 59 40 20
1248 1746 44 21 cm
1297 1776 10 9 .

307 1800 144 41 “This
491 1801 253 40 collection
783 1801 52 40 of
873 1811 162 38 poems
1075 1800 220 40 received
1332 1801 84 39 the
1453 1802 169 38 award
1659 1799 52 40 in
1749 1799 83 40 the
1867 1799 369 48 Kaleidograph

235 1858 171 40 fourth
439 1858 124 41 book
597 1857 300 48 publication
931 1859 201 44 contest,
1169 1856 49 40 in
1253 1856 314 49 competition
1599 1855 123 41 with
1757 1866 90 30 one
1878 1855 225 41 hundred
2138 1858 97 38 and

234 1914 298 48 eighty-four
564 1914 292 48 typescripts
885 1914 130 40 from
1044 1915 69 39 all
1142 1912 209 42 sections
1383 1914 52 40 of
1464 1912 102 43 this
1594 1910 248 50 country.”

235 1988 54 53 ©
322 1993 99 41 Oct.
457 1993 69 48 23,
561 1992 140 49 1934;
736 1992 67 41 2c.
839 1994 109 39 Jan.
983 1993 41 48 3,
1057 1992 141 48 1935;
1236 1992 81 40 aff.
1353 1993 109 40 Jan.
1496 1992 54 48 2;
1584 1993 45 42 A
1658 1991 173 49 77991;
1866 1991 369 49 Kaleidograph

301 2059 149 38 press.
521 2049 221 48 (35-886)

239 2152 272 67 [Morton,
540 2153 133 64 Guy
697 2150 413 69 Mainwaring]
1144 2156 172 51 1896-

367 2227 1865 65 … Carry me home. London, Grayson & Grayson [1934]
302 2302 27 39 2
355 2312 45 37 p.
462 2333 9 17 l.,
499 2302 144 41 7-287
668 2312 44 37 p.
771 2301 58 41 19
831 2303 44 22 cm
880 2337 8 8 .

303 2358 230 41 Author’s
556 2361 181 49 pseud.,
763 2358 145 41 Peter
930 2357 170 48 Traill,
1127 2359 53 39 at
1203 2356 127 41 head
1357 2358 53 40 of
1433 2357 125 42 title.

238 2426 1997 52 © 1c. Jan. 5, 1935; A ad int. 19871; pubd. Nov. 9, 1934; Guy Morton,
306 2488 209 40 London.
588 2487 251 49 (35-1319)
2057 2484 84 43 175

237 2593 171 64 Mott,
438 2592 247 54 Francis
709 2593 54 55 J.

310 2668 275 54 Haunted
617 2685 239 50 woman,
887 2667 76 68 by
994 2667 239 53 Francis
1263 2666 56 54 J.
1350 2665 181 67 Mott;
1564 2687 32 34 a
1627 2667 139 67 play
1797 2666 113 51 and
1945 2684 30 33 a
2008 2665 229 69 preface

243 2745 170 54 about
437 2746 170 68 Mary
632 2744 189 52 Baker
847 2744 173 69 Eddy
1050 2745 112 51 and
1188 2744 101 53 her
1313 2742 243 69 religion
1584 2743 63 54 of
1674 2742 293 55 Christian
1995 2743 240 67 science;

242 2820 1994 71 with a foreword by Dr. Alexander Cannon … London, The
245 2901 236 52 Francis
512 2900 152 53 Mott
696 2917 278 51 company
1030 2902 153 65 [1934]

309 2972 29 39 4
365 2982 42 37 p.
472 3003 9 17 l.,
509 2970 87 41 159
623 2982 43 38 p.
727 2972 143 48 illus.,
900 2972 153 46 diagr.
1113 2971 58 40 19
1172 2973 44 22 cm
1221 3003 9 8 .

315 3029 161 40 “First
508 3029 197 47 edition,
737 3028 283 48 November,
1053 3027 158 41 1934.”

244 3098 1994 53 © 1c. Jan. 10, 1935; A ad int. 19847; pubd. Nov. 12, 1934; F. J. Mott,
310 3161 211 39 London.
592 3158 250 50 (35-1492)

242 3263 438 66 O’Dougherty,
706 3263 222 54 Harold
954 3264 87 54 St.
1067 3264 84 63 L.,
1177 3263 85 56 ed.

314 3342 119 53 The
469 3342 356 67 Surrogate’s
860 3346 161 47 court
1056 3346 89 46 act
1177 3339 63 53 of
1273 3340 96 52 the
1404 3344 144 48 state
1584 3339 64 53 of
1682 3341 140 52 New
1860 3340 177 52 York.
2115 3339 120 52 The

247 3419 267 54 decedent
560 3425 173 48 estate
780 3422 110 51 law
937 3418 63 53 of
1046 3419 95 51 the
1183 3423 147 48 state
1376 3416 63 53 of
1484 3418 139 52 New
1669 3417 191 66 York;
1909 3416 141 54 with
2099 3421 136 49 1934

244 3495 1971 147 amendments, edited by Harold St. L. O’Dougherty … Brooklyn,
382 3576 69 53 N.
479 3577 90 66 Y.,
595 3576 121 52 The
743 3574 181 68 Eagle
947 3575 236 66 library,
1207 3574 127 65 inc.,
1358 3579 19 22 c
1382 3578 149 50 1934.

311 3648 67 47 85,
401 3650 53 48 [1]
474 3659 43 37 p.
577 3648 56 39 25½
665 3651 45 21 cm
714 3680 9 8 .
793 3648 126 47 (The
939 3648 150 47 Eagle
1111 3646 200 48 library,
1370 3647 93 41 vol.
1610 3677 8 16 XLIX,
1640 3655 75 30 no.
1737 3644 41 39 2.
1842 3643 156 41 Serial
2020 3653 75 30 no.
2117 3645 112 49 320)

245 3702 127 50 $l.25

316 3759 72 41 On
414 3771 167 31 cover:
610 3762 118 39 New
755 3762 133 39 York
915 3763 128 38 state
1069 3764 135 38 laws.

247 3814 1972 109 “Supplement … Extraordinary session. 1934 amendments, Surrogate’s court act.” (1 leaf laid in)
248 3935 50 51 ©
327 3940 116 48 July
469 3941 68 47 18,
566 3941 140 47 1934;
739 3941 65 39 2'c.
835 3942 112 38 Dec.
977 3941 83 46 31;
1092 3939 82 41 aff.
1204 3940 110 39 Dec.
1346 3938 82 47 27;
1460 3939 46 39 A
1531 3936 170 48 77967;
1734 3937 151 48 Eagle
1913 3937 201 47 library,
2144 3935 91 42 inc.

0 0 0 0 (35-657)
