2424 4375
1262 4056 31 39 1708

244 481 1987 69 bondholders, by Ernst H. Feilchenfeld … Chicago, Burdette
247 558 188 53 Smith
467 577 106 40 co.;
610 559 224 52 Kansas
868 558 149 67 City,
1048 560 228 52 Vernon
1308 562 108 50 law
1448 560 145 52 book
1624 579 97 48 co.,
1756 564 147 50 1934.

420 630 145 40 2 v. 25cm.
316 688 177 39 Pocket
518 687 163 39 device
708 698 61 28 on
793 687 158 39 inside
974 687 52 39 of
1048 688 121 38 back
1196 696 140 31 cover
1360 689 54 39 of
1438 690 118 38 each
1582 690 202 38 volume.

315 746 210 46 Chapter
559 746 67 44 18,
662 743 307 47 “Refunding
1001 745 94 38 and
1128 744 256 47 collecting
1414 744 263 49 municipal
1709 745 192 49 bonds”,
1936 747 41 39 is
2011 748 61 47 by
2109 748 41 40 S.
2188 747 45 42 S.

251 802 276 40 DuHamel;
562 802 201 45 chapter
794 800 67 42 19,
895 800 358 47 “Surcharging
1283 812 24 28 a
1344 801 210 40 trustee”
1586 802 44 39 is
1660 802 59 48 by
1753 803 180 38 Homer
1966 803 50 40 F.
2049 803 182 48 Carey;

243 860 202 46 chapter
472 858 69 46 20,
577 858 360 39 “Reclamation
973 857 311 47 proceedings
1319 858 49 38 in
1402 858 346 49 bankruptcy”,
1782 860 45 38 is
1858 860 60 47 by
1953 860 190 39 Walter
2172 862 61 38 H.

243 916 251 39 Anderson.
539 915 60 46 cf.
629 914 128 40 Pref.

247 969 52 52 ©
328 974 120 37 Mar.
478 972 69 46 13,
577 970 139 48 1934;
749 971 65 40 2c.
843 972 117 39 each
989 971 113 47 Apr.
1131 970 82 47 20;
1246 971 107 39 affs.
1384 971 110 47 Apr.
1527 971 54 40 25;
1641 972 40 38 A
1713 971 156 47 72169,
1900 972 168 44 72170;
2105 974 43 39 S.
2180 975 51 38 E.

314 1029 230 47 Quindry,
575 1028 222 47 Chicago.
869 1026 278 49 (34-13150)

244 1090 277 63 Ramsay,
549 1090 221 53 Robert
797 1090 132 62 Lee,
960 1093 170 49 1880-
1340 1090 85 53 ed.

245 1167 1987 146 … Poems by Missouri students, edited by Robert L. Ramsay; from the poems submitted in the Mahan poetry contests
247 1326 71 65 by
351 1324 258 53 students
643 1322 63 53 of
738 1323 95 52 the
867 1322 336 67 University
1234 1321 62 53 of
1330 1323 270 53 Missouri
1635 1322 153 53 from
1823 1326 134 52 1930
1988 1330 57 48 to
2082 1328 150 50 1935.

249 1401 337 68 [Columbia]
621 1401 121 52 The
770 1399 336 68 University
1134 1399 63 52 of
1224 1399 288 68 Missouri,
1542 1403 150 52 1935.

311 1470 1922 54 2 p. l., 3-64, [1] p. 22½ cm . (The Ellis booklets of student creative
245 1530 195 46 writing.
513 1539 73 30 no.
642 1530 14 46 I)

245 1585 52 52 ©
323 1589 126 46 Sept.
476 1587 68 47 21,
570 1586 112 41 1935;
738 1586 66 39 2c.
834 1586 124 47 Sept.
986 1586 81 41 27;
1098 1585 79 40 aff.
1209 1586 127 48 Sept.
1361 1586 83 46 26;
1472 1586 40 38 A
1538 1586 169 47 86472;
1738 1587 280 49 University
2043 1588 53 40 of
316 1589 1899 95 Missouri.
533 1642 279 49 (35-32226)

244 1706 183 63 Rhys,
456 1706 167 53 Jean.

317 1784 229 66 Voyage
572 1782 56 50 in
656 1782 93 50 the
777 1779 144 53 dark
964 1780 92 67 [by]
1088 1780 146 53 Jean
1260 1779 175 68 Rhys.
1498 1779 138 53 New
1664 1780 179 68 York,
1869 1782 88 53 W.
1985 1781 249 53 Morrow

243 1864 42 49 &
317 1880 96 47 co.,
445 1863 149 49 1935.

313 1936 25 37 3
368 1946 42 37 p.
475 1965 9 15 l.,
511 1933 147 41 3-266
684 1944 41 37 p.
783 1931 53 41 19½
869 1934 45 22 cm
917 1963 11 11 .

243 1988 52 52 ©
321 1993 121 37 Mar.
469 1991 67 47 13,
563 1989 140 46 1935;
731 1988 65 40 2c.
825 1990 94 38 and
946 1988 81 40 aff.
1057 1989 120 38 Mar.
1206 1988 80 40 16:
1318 1989 40 38 A
1385 1988 167 47 81036;
1585 1990 106 38 Ella
1723 1989 294 48 Gwendolyn
318 1988 1915 107 Tilden-Smith,
515 2048 208 38 London.
796 2045 277 48 (35-32208)

245 2110 163 63 Rich,
437 2108 206 53 Daniel
672 2109 234 55 Catton.

315 2184 205 55 Seurat
549 2183 112 53 and
693 2184 94 52 the
819 2183 286 52 evolution
1137 2181 63 53 of
1231 2181 117 53 “La
1382 2181 233 55 Grande
1644 2182 194 54 Jatte”
1894 2184 92 68 [by]
2023 2181 206 54 Daniel

244 2261 209 55 Catton
479 2261 163 52 Rich.
706 2259 268 70 Chicago,
1000 2261 119 50 The
1147 2259 335 69 University
1506 2258 65 56 of
1596 2258 251 70 Chicago
1872 2277 155 50 press
2075 2262 150 65 [1935]

313 2336 93 38 xvi.
435 2333 68 46 63,
537 2333 67 50 [62]
649 2343 41 37 p.
752 2333 160 48 front.,
938 2332 126 40 illus.
1121 2331 54 40 19
1180 2334 43 20 cm
1228 2363 8 9 .
1302 2332 298 46 (Half-title:
1629 2332 194 40 Studies
1853 2333 51 37 of
1930 2332 225 48 meaning
2181 2332 48 40 in

243 2393 101 43 art)

311 2447 101 39 The
437 2445 327 41 illustrations
792 2456 82 30 are
899 2445 261 40 numbered
1188 2455 54 29 as
1267 2445 170 47 plates.

248 2501 52 52 ©
328 2506 126 47 Sept.
480 2505 68 47 10,
575 2503 115 41 1935;
741 2504 68 40 2c.
835 2504 100 40 Oct.
960 2504 53 46 4;
1043 2503 80 40 aff.
1152 2503 101 40 Oct.
1279 2504 52 46 7;
1360 2504 40 38 A
1427 2503 168 46 87500;
1626 2503 281 49 University
1932 2504 52 39 of
2009 2504 221 48 Chicago,

319 2561 223 48 Chicago.
612 2560 278 48 (35-32753)

245 2620 259 66 Richter,
538 2623 194 53 Gisela
762 2621 185 54 Marie
978 2621 295 63 Augusta,
1308 2625 169 49 1882-

374 2696 1853 68 … Shapes and names of Athenian vases, by Gisela M. A.
247 2771 1959 70 Richter … and Marjorie J. Milne … New York [Plantin press]
247 2854 145 50 1935.

313 2924 137 48 xxiii,
479 2922 55 41 32
558 2932 57 39 p.,
643 2922 25 38 1
717 2954 8 7 l.
780 2922 142 48 illus.,
945 2922 172 49 plates.
1172 2921 56 40 26
1231 2924 15 21 cm
1279 2954 8 8 .

314 2980 61 39 At
401 2980 120 39 head
547 2979 52 39 of
622 2978 134 41 title:
783 2979 98 39 The
904 2978 345 48 Metropolitan
1273 2988 215 30 museum
1516 2978 52 39 of
1592 2980 89 38 art.

316 3034 94 39 “Of
435 3036 99 39 this
561 3035 123 39 book
711 3033 117 41 2400
857 3034 156 49 copies
1043 3045 125 30 were
1196 3034 207 47 printed,
1435 3033 216 46 October,
1682 3033 156 42 1935.”

317 3090 148 41 “Miss
497 3091 150 39 Milne
680 3091 42 39 is
758 3090 173 47 chiefly
966 3090 294 48 responsible
1294 3090 78 39 for
1409 3091 82 40 the
1526 3090 207 40 sections
1770 3090 193 48 dealing
1997 3091 117 39 with
2150 3090 81 39 the

247 3147 189 40 ancient
460 3157 164 30 names
651 3147 52 39 of
725 3157 150 37 vases,
903 3147 120 39 Miss
1049 3147 201 40 Richter
1274 3146 79 40 for
1376 3147 82 40 the
1484 3148 100 39 rest
1610 3146 52 40 of
1686 3146 80 41 the
1792 3149 104 38 text
1924 3148 94 39 and
2044 3146 77 41 for
2147 3146 78 40 the

244 3201 228 42 selection
499 3203 54 40 of
575 3204 82 39 the
682 3202 561 41 illustrations.”—Pref.

316 3257 245 42 “Selected
588 3258 390 48 bibliography”:
1012 3268 40 38 p.
1082 3258 271 40 xvii-xxiii.

247 3312 52 52 ©
325 3316 100 40 Oct.
452 3315 68 49 29,
547 3316 139 42 1935;
715 3318 66 39 2c.
810 3317 94 39 and
931 3316 81 40 aff.
1040 3317 116 39 Nov.
1185 3317 81 41 14;
1296 3317 40 38 A
1364 3316 168 46 88220;
1564 3316 343 49 Metropolitan
1934 3327 216 30 museum
2178 3314 51 40 of

316 3376 91 42 art,
431 3374 115 38 New
570 3374 142 39 York.
785 3373 276 48 (35-32751)

246 3433 183 63 Riley,
459 3436 241 62 Eugene
728 3435 300 54 Boniface.

317 3509 1847 69 Economics for secondary schools, by Eugene B. Riley …
248 3584 1975 70 under the editorial supervision of Edgar S. Furniss … Rev.
246 3661 110 52 and
412 3662 105 51 enl.
570 3661 83 53 ed.
708 3662 140 53 with
902 3663 392 53 illustrations.
1384 3664 232 66 Boston,
1672 3662 137 54 New
1864 3662 161 52 York
2102 3664 98 48 [etc.]

247 3736 1055 72 Houghton Mifflin company [ c 1935]
317 3808 1101 49 vi p., 1 l., 452, lii p. illus., diagrs. 19 cm .
315 3862 370 48 Bibliography:
714 3875 43 37 p.
792 3866 283 49 [xxxi]-xlii.

244 3916 51 52 ©
319 3921 115 38 Nov.
458 3921 68 46 15,
549 3921 138 47 1935;
712 3923 66 39 2c.
802 3924 116 39 Nov.
941 3924 81 47 25;
1050 3923 80 41 aff.
1155 3925 115 39 Nov.
1294 3924 82 47 21;
1400 3925 41 38 A
1464 3923 168 47 89596;
1660 3925 52 39 E.
1737 3925 53 38 B.
1816 3923 152 47 Riley,
1992 3918 229 49 Jamaica,

317 3978 53 38 N.
399 3978 52 38 Y.
521 3977 278 47 (35-32747)
