2424 4375
1216 4073 134 50 1850

316 423 270 65 Leblanc,
619 425 278 67 Maurice,
932 430 171 51 1864-

381 499 1928 71 Wanton Venus, by Maurice Leblanc … translated from the
314 575 225 55 French
581 577 77 71 by
697 577 145 55 Miss
882 578 270 55 Patience
1193 580 158 55 Ross.
1432 581 139 54 New
1615 581 181 71 York,
1838 584 125 54 The
2003 584 305 72 Macaulay

314 657 508 67 company [ c 1935]
383 726 605 52 3 p. l. , 5-246 p. 19½cm.
318 794 53 53 ©
406 800 114 47 May
554 800 40 48 3,
632 800 139 47 1935;
811 800 65 41 2c.
914 803 94 38 and
1046 801 81 42 aff.
1166 803 116 47 May
1315 802 82 48 11;
1436 805 43 38 A
1513 803 169 49 83487;
1725 806 257 49 Macaulay
2019 818 68 31 co.

395 855 281 49 (35-31970)

314 960 169 65 Lilly,
511 961 109 66 Eli,
647 962 53 52 &
725 978 305 50 company,
1058 964 417 66 Indianapolis.

383 1037 1924 78 Physician’s book of diabetic menus … prepared by the Lilly
315 1117 255 52 research
594 1116 386 55 laboratories.
1045 1119 415 67 Indianapolis,
1485 1120 149 66 Ind.,
1659 1126 18 22 c
1682 1124 150 51 1935.

383 1202 714 49 2 p. l., 146 p. 13½ × 20½ cm .
313 1255 53 53 ©
388 1259 120 40 Mar.
532 1259 70 47 21,
626 1257 141 50 1935;
792 1259 66 41 2c.
882 1260 97 40 and
1001 1259 81 41 aff.
1108 1260 112 48 May
1245 1260 24 40 6;
1322 1261 39 38 A
1385 1261 142 40 82937;
1582 1262 77 39 Eli
1683 1262 126 49 Lilly
1833 1264 35 39 &
1892 1274 66 30 co.

312 1360 309 67 Lindman,
650 1363 146 64 Maj.

387 1438 205 68 Snipp,
622 1440 219 66 Snapp,
871 1439 200 67 Snurr,
1100 1441 112 52 and
1240 1440 97 54 the
1364 1440 261 55 buttered
1653 1442 190 67 bread,
1872 1443 74 66 by
1973 1444 122 67 Maj

314 1445 1965 140 Lindman … Chicago, A. Whitman & co., 1934.
386 1589 82 50 [23]
499 1600 40 37 p.
598 1589 128 40 illus.
756 1590 133 47 (part
917 1590 110 45 col.)
1091 1589 144 40 25½cm.

383 1646 287 39 Illustrated
700 1646 96 47 t.-p.
824 1645 49 39 in
902 1645 168 41 colors.

385 1703 205 39 “Junior
614 1711 136 39 press
778 1701 191 42 books.”

313 1766 53 53 ©
407 1771 111 39 Dec.
560 1770 68 47 31,
672 1768 140 42 1934;
856 1770 65 40 2c.
965 1770 121 40 Mar.
1129 1768 69 49 25,
1240 1769 140 48 1935;
1425 1770 81 40 aff.
1550 1771 121 40 Mar.
1713 1770 82 48 22;
1841 1772 42 38 A
1922 1771 171 48 82652;
2137 1772 167 40 Albert

382 1826 248 41 Whitman
672 1826 36 40 &
747 1837 65 29 co.

311 1930 306 54 Litchfield
646 1930 216 64 school,
889 1929 305 66 Litchfield,
1241 1931 179 54 Conn.

379 2008 123 52 The
533 2008 229 67 hungry
795 2015 178 47 steam
1006 2007 192 56 shovel
1234 2009 46 51 &
1313 2008 162 53 other
1508 2008 200 53 stories
1742 2008 74 68 by
1850 2016 95 46 ten
1976 2027 196 50 young
311 2026 1967 114 authors

505 2086 63 54 of
606 2086 95 52 the
737 2084 306 55 Litchfield
1079 2085 190 53 school
1308 2086 94 52 for
1439 2103 194 50 young
1670 2087 163 66 boys;
1874 2087 139 53 with
311 2084 1966 134 illustrations
487 2164 73 67 by

588 2164 96 53 the
713 2163 231 55 authors
973 2163 112 53 and
1117 2183 31 33 a
1178 2163 230 67 preface
1437 2164 73 67 by
1541 2162 236 57 Charles
1805 2165 242 53 Hanson
2073 2166 226 55 Towne.

310 2243 327 64 Windham,
665 2241 198 66 Conn.,
887 2242 325 52 Hawthorn
1238 2241 189 65 house,
1456 2244 148 52 1935.

377 2315 57 41 36
458 2326 44 37 p.
561 2314 86 40 col.
675 2313 128 41 illus.
865 2312 144 43 15½cm.

380 2371 162 41 “First
565 2370 184 41 edition:
805 2370 188 41 limited
1016 2374 49 36 to
1088 2369 87 41 500
1198 2369 202 49 copies.”

309 2438 53 53 ©
390 2443 128 40 June
543 2442 68 46 15,
638 2441 141 45 1935;
808 2441 65 39 2c.
904 2441 94 39 and
1028 2440 81 39 aff.
1139 2440 126 39 June
1292 2439 82 48 20;
1407 2441 39 38 A
1476 2439 168 49 83709;
1678 2441 221 40 Edmund
1929 2441 55 40 B.
2012 2441 289 48 Thompson,

380 2499 273 47 Windham,
687 2498 144 40 Conn.
904 2497 192 49 (36-18)

370 2601 1660 67 … Londres et ses environs … Paris, Hachette, 1934.
378 2676 84 40 372
497 2686 42 37 p.
602 2685 136 37 maps
767 2675 136 47 (part
932 2674 144 47 fold.)
1120 2673 178 49 diagrs.
1361 2673 57 40 16
1418 2676 45 20 cm
1469 2707 7 7 .
1550 2674 116 47 (Les
1698 2673 172 48 guides
1899 2673 160 50 bleus)

381 2733 167 38 “Cette
575 2731 182 39 édition
784 2742 27 28 a
841 2730 75 39 été
944 2729 184 41 revisée
1156 2740 88 37 par
1272 2740 61 29 m.
1363 2730 208 47 Georges
1601 2731 128 38 Roth
1814 2729 23 15 …”

383 2790 138 46 Maps
549 2799 62 29 on
639 2788 285 40 end-sheets.

307 2854 1972 103 © Sept. 21, 1934; 1c. Mar. 5, 1935; A-Foreign 27118; Librairie Hachette.
305 3018 182 65 Long,
516 3018 198 53 Frank
742 3018 282 65 Belknap,
1050 3017 72 67 jr.

375 3096 123 51 The
540 3095 195 67 goblin
780 3101 177 47 tower
1002 3095 110 68 [by]
1164 3094 195 52 Frank
1404 3093 261 67 Belknap
1709 3094 182 65 Long,
1933 3091 70 68 jr.
2080 3090 214 67 Cassia,

304 3174 144 66 Fla.,
476 3170 344 69 Dragon-fly
845 3189 172 50 press,
1049 3174 150 49 1935.

374 3245 540 49 2 p. l. , 25 p. 22½cm.
377 3301 226 41 “Edition
632 3300 88 41 100
750 3300 202 49 copies.”

376 3358 184 41 Poems.

307 3410 53 53 ©
392 3415 118 38 Nov.
544 3413 70 49 25,
648 3412 112 41 1935;
825 3413 66 40 2c.
926 3414 111 38 Dec.
1073 3411 81 47 10;
1192 3411 79 39 aff.
1310 3412 107 38 Dec.
1456 3409 51 43 9;
1546 3411 39 38 A
1622 3408 168 48 88595;
1830 3409 182 40 Robert
2045 3407 246 47 Hayward

378 3472 208 45 Barlow,
618 3471 72 40 De
717 3470 151 46 Land,
899 3470 102 39 Fla.
1071 3466 191 49 (36-19)

304 3572 390 64 Lowenstein,
722 3573 239 64 Robert,
992 3574 172 51 1907-

435 3644 1850 69 … Voltaire as an historian of seventeenth-century French
306 3728 216 66 drama,
566 3727 75 68 by
684 3727 213 53 Robert
937 3724 371 55 Lowenstein.
1384 3723 331 65 Baltimore,
1760 3724 137 65 Md.,
1941 3724 120 51 The
2105 3722 183 54 Johns

306 3805 265 65 Hopkins
600 3823 184 49 press;
814 3805 257 65 London,
1098 3806 76 50 H.
1206 3802 265 65 Milford,
1498 3801 228 55 Oxford
1758 3800 314 64 university
2101 3815 183 50 press;

327 3887 120 56 [etc.,
471 3888 120 60 etc.]
625 3885 149 50 1935.

376 3949 86 41 195
497 3960 42 39 p.
599 3949 57 41 25½c
703 3952 29 22 m
736 3981 8 9 .
814 3950 126 48 (The
975 3950 155 40 Johns
1165 3948 223 50 Hopkins
1423 3949 186 40 studies
1647 3949 47 38 in
1733 3947 240 39 Romance
2007 3945 281 40 literatures

302 4008 95 39 and
422 4007 276 47 languages,
757 4006 93 42 vol.
873 4005 122 49 xxv)
