2424 4375
1229 4088 133 51 1400

368 559 156 40 These
553 559 277 48 pamphlets
860 569 85 30 are
973 561 49 38 to
1052 560 60 40 be
1140 558 137 41 fitted
1308 559 107 41 into·
1442 561 84 40 the
1554 562 197 47 pockets
1782 564 52 37 at
1867 561 83 40 the
1977 562 121 39 back
2128 562 50 39 of
2210 562 80 41 the

360 616 219 39 volumes
607 615 53 40 of
689 616 83 40 the
800 617 75 39 set
899 618 49 38 to
979 615 159 41 which
1170 617 116 47 they
1314 615 184 50 belong.

295 668 53 52 ©
379 672 127 48 Sept.
534 672 70 47 27,
633 672 116 41 1935;
805 672 67 41 2c.
901 673 120 42 each
1048 673 102 40 Oct.
1178 672 59 40 12;
1292 673 82 40 aff.
1406 673 101 40 Oct.
1536 674 58 39 14;
1650 675 41 38 A
1720 673 145 41 86797;
1922 675 137 39 West
2085 674 107 48 pub.
2223 685 65 30 co.

297 824 205 65 Keats,
529 825 173 65 John,
734 826 323 55 1795-1821.

431 902 1858 70 … Complete poems and selected letters, edited by Clarence
299 980 1991 71 De Witt Thorpe … Garden City, N. Y., Doubleday, Doran
297 1063 47 49 &
372 1077 297 51 company,
699 1057 107 57 inc.
843 1064 192 64 [c1935]

370 1130 90 51 liii,
497 1131 85 41 666
617 1140 43 38 p.
719 1132 149 40 front.
896 1131 173 50 (port.)
1137 1133 147 40 18½cm.
1354 1133 298 48 (Half-title:
1687 1134 102 39 The
1824 1133 466 48 Doubleday-Doran

302 1188 152 42 series
481 1189 50 40 in
558 1189 285 48 literature;
875 1190 56 41 R.
964 1190 190 48 Shafer,
1184 1190 196 47 general
1408 1189 183 49 editor)

372 1245 162 42 ‘‘First
565 1245 228 43 edition.”

374 1303 68 40 “A
473 1303 209 42 selected
710 1303 366 50 bibliography”:
1136 1315 43 38 p.
1211 1305 48 38 1—
1260 1304 67 40 lii.

293 1358 53 52 ©
375 1362 116 47 July
519 1361 68 48 25,
616 1361 117 42 1935;
786 1362 69 41 2c.
882 1363 120 48 Aug.
1032 1362 81 47 16;
1144 1362 82 40 aff.
1258 1363 127 47 Sept.
1415 1362 83 47 27;
1529 1363 43 38 A
1599 1362 170 47 87443;
1801 1363 298 47 Doubleday,
2130 1363 161 39 Doran

364 1418 36 40 &
430 1429 83 37 co.,
543 1419 88 40 inc.
697 1418 280 50 [Copyright
1009 1419 43 40 is
1083 1417 203 42 claimed
1319 1430 60 30 on
1410 1419 211 48 preface,
1654 1419 343 46 introduction,
2030 1420 137 39 notes
2199 1419 94 40 and

367 1475 147 40 index
551 1475 64 48 by
649 1476 297 47 Doubleday,
985 1477 166 39 Doran
1191 1476 36 40 &
1265 1487 82 36 co.,
1385 1476 106 47 inc.,
1530 1478 113 38 who
1679 1476 248 47 employed
1966 1477 80 39 the
2084 1476 206 40 editors:

365 1532 182 41 Robert
580 1533 179 40 Shafer
787 1534 95 39 and
913 1533 234 40 Clarence
1175 1534 72 39 De
1277 1532 126 41 Witt
1432 1533 204 48 Thorpe]
1712 1532 279 49 (35-18815)

298 1628 291 65 Knowles,
618 1630 198 51 Frank
846 1631 228 62 Crozer,
1107 1636 170 48 1881-

368 1704 1923 70 Diseases of the skin, by Frank Crozer Knowles … 3d ed.,
299 1783 350 69 thoroughly
684 1801 131 51 rev.,
850 1782 140 54 with
1025 1786 103 50 240
1163 1782 380 55 illustrations
1580 1784 112 52 and
1730 1785 62 49 11
1829 1782 199 68 plates.

299 1781 1971 148 Philadelphia,
578 1861 114 52 Lea
718 1863 47 50 &
790 1860 261 69 Febiger,
1080 1864 151 50 1935.

373 1934 88 41 640
487 1945 42 38 p.
590 1933 144 50 illus.,
763 1945 55 30 XI
844 1945 60 38 pl.
965 1934 146 43 24½cm.

303 1988 53 52 ©
390 1991 127 48 Sept.
550 1991 71 47 27,
651 1991 115 41 1935;
827 1991 68 41 2c.
931 1991 128 48 Sept.
1090 1991 60 41 30;
1208 1990 83 41 aff.
1326 1991 128 47 Sept.
1485 1990 56 41 28;
1602 1992 40 38 A
1676 1990 142 41 86503;
1882 1991 94 39 Lea
2012 1991 37 39 &
2081 1990 212 47 Febiger.

380 2047 278 48 (35-18799)

304 2136 262 65 Landau,
595 2137 223 65 Henry,
852 2142 170 50 1892-

374 2210 1858 71 Secrets of the White Lady [by] Captain Henry Landau …
305 2288 1272 69 New York, G. P. Putnam’s sons [ c 1935]
379 2361 1907 51 2 p. l., iii-ix p., 1 l., 13-314 p. front., plates, ports., map, facsims.
303 2415 117 42 23cm.

375 2474 42 39 A
451 2474 190 48 history
674 2473 54 40 of
762 2474 82 40 the
878 2477 156 38 secret
1069 2475 183 39 service
1289 2475 336 45 organization
1660 2474 189 40 formed
1886 2475 51 39 in
1972 2473 116 42 1916
2124 2482 54 33 as
2213 2471 79 41 the

305 2529 260 42 “Michelin
590 2529 212 41 service”
830 2530 158 41 which
1014 2539 102 32 was
1143 2531 229 40 attached
1399 2533 49 38 to
1474 2531 81 40 the
1582 2531 189 40 British
1798 2533 153 39 secret
1978 2530 182 40 service

306 2531 1970 104 during
428 2586 263 42 1917-1918
733 2588 95 39 and
871 2587 176 39 known
1091 2597 54 30 as
1189 2587 129 40 “The
1362 2587 164 41 White
1569 2586 163 47 Lady”;
1808 2587 219 47 together
2070 2587 118 40 with
2232 2594 58 30 an

303 2646 206 38 account
540 2643 53 40 of
622 2644 83 41 the
735 2643 246 41 activities
1010 2643 53 41 of
1094 2644 81 40 the
1210 2643 210 41 German
1450 2644 477 47 counter-espionage
1959 2643 194 41 service.

307 2700 53 51 ©
386 2704 127 47 Sept.
539 2704 69 46 12,
634 2703 140 45 1935;
801 2702 68 40 2c.
896 2702 127 47 Sept.
1050 2702 81 46 18;
1157 2701 81 40 aff.
1267 2702 102 39 Oct.
1396 2702 81 46 11;
1505 2703 43 37 A
1571 2701 169 46 86707;
1770 2703 60 38 H.
1858 2702 216 45 Landau,
2100 2702 192 37 Easton.

374 2760 81 39 Pa.
527 2758 280 49 (35-18833)

308 2849 294 65 LaVarre,
629 2848 253 56 William
909 2848 286 65 Johanne,
1228 2854 170 49 1898-

372 2923 1672 69 Gold, diamonds and orchids [by] William LaVarre …
302 2921 1964 149 illustrated with photographs by the author. New York [etc.]
303 3078 1140 69 Fleming H. Revell company [ c 1935]
376 3149 86 43 298
484 3162 43 37 p.
581 3152 163 47 front.,
770 3151 171 48 plates,
968 3153 148 46 ports.
1177 3149 55 40 22½cm.

378 3207 139 48 Maps
545 3218 60 29 on
636 3207 361 48 lining-papers.

380 3263 101 40 “An
510 3263 224 48 amazing
760 3266 133 44 story
919 3264 51 39 of
999 3274 28 29 a
1057 3262 155 49 year’s
1239 3262 277 49 expedition
1546 3262 102 41 into
1676 3273 28 30 a
1734 3262 95 41 lost
1858 3262 150 40 world

2043 3261 63 51 [in
306 3258 1967 100 northern
420 3318 152 42 South
599 3319 371 50 America]”—p.
1001 3320 55 49 [1]

308 3373 55 52 ©
391 3378 101 40 Oct.
520 3378 40 46 5,
586 3376 141 49 1935;
756 3378 67 40 2c.
852 3378 94 40 and
974 3378 80 39 aff.
1085 3378 101 39 Oct.
1214 3377 55 40 10;
1326 3378 39 38 A
1392 3377 169 47 86680;
1593 3378 218 47 Fleming
1838 3378 60 39 H.
1928 3377 165 40 Revell
2122 3384 66 32 co.

387 3433 279 50 (35-18989)

314 3521 221 62 Lawes,
563 3521 192 54 Lewis
781 3522 270 61 Edward,
1082 3527 169 50 1883-

382 3596 1902 71 Cell 202, Sing Sing, by Warden Lewis E. Lawes … New
313 3671 1468 71 York, Farrar & Rinehart, incorporated [ c1 935]
380 3743 591 49 5 p. l., 3-693 p. 22cm.
380 3801 73 37 An
491 3802 202 37 account
731 3800 53 39 of
819 3802 81 38 the
936 3801 121 39 lives
1094 3800 54 39 of
1181 3801 116 38 four
1333 3802 256 45 prisoners,
1629 3802 117 37 each
1786 3800 51 39 of
1874 3800 156 38 whom
2068 3794 215 50 occupied

313 3856 318 46 successively
669 3856 82 40 the
786 3865 130 30 same
953 3855 89 41 cell
1079 3857 95 39 and
1210 3856 160 40 whose
1407 3856 315 39 confinement
1759 3855 200 40 covered
1994 3854 176 40 almost
2203 3857 84 32 one

310 3911 219 39 hundred
557 3920 155 38 years,
772 3912 61 47 cf.
862 3911 247 47 Prologue.

311 3967 53 52 ©
391 3970 127 48 Sept.
543 3971 70 47 30,
638 3970 112 40 1935;
806 3971 66 39 2c.
899 3970 102 40 Oct.
1025 3969 26 39 2;
1106 3969 80 40 aff.
1214 3969 101 40 Oct.
1342 3971 24 37 1:
1422 3969 40 38 A
1489 3969 142 39 87384;
1688 3970 48 38 L.
1765 3970 51 38 E.
1845 3969 181 45 Lawes,
2055 3962 231 44 Ossining,

377 4027 56 39 N.
467 4027 53 39 Y.
590 4025 278 49 (35-18968)
