2424 4375
1026 4092 132 55 1743

105 466 387 64 Stephenson,
520 465 218 63 Joseph
767 465 66 53 B.

175 544 120 51 The
327 544 212 49 human
574 558 120 34 rose
730 540 133 65 bud,
896 540 109 51 vol.
1041 543 27 47 1
1106 539 111 52 and
1252 541 33 47 2
1318 537 313 65 combined,
1664 537 75 67 by
1773 537 217 67 Joseph
2025 538 68 50 B.

106 619 370 69 Stephenson.
538 620 232 52 Boston,
795 616 119 54 The
941 615 374 68 Christopher
1340 614 335 69 publishing
1697 615 172 52 house
1897 617 174 64 [c1935]

242 723 9 17 xv,
279 692 173 40 17-474
481 703 43 37 p.
671 692 56 39 19½cm.

175 751 72 38 On
279 751 96 46 t.-p.
394 760 10 28 :
437 748 100 41 The
569 748 143 40 circle
745 746 308 49 everlasting.

107 803 52 53 ©
192 808 118 38 Nov.
345 806 69 46 20,
450 805 140 40 1935;
628 805 67 39 2c.
731 805 111 38 Dec.
876 803 25 38 2;
968 802 82 41 aff.
1083 804 111 38 Dec.
1231 804 54 38 17;
1350 802 42 39 A
1427 802 144 41 88474;
1636 801 316 48 Christopher
1987 803 109 47 pub.

174 864 160 40 house.
406 860 278 49 (35-33559)

105 993 345 64 Stevenson,
479 993 232 53 Russell
742 991 197 64 Alger,
973 996 171 49 1890-

175 1068 320 70 Balancing
527 1070 95 53 the
660 1066 280 56 economic
972 1068 274 66 controls;
1284 1088 30 34 a
1349 1066 204 55 review
1588 1068 63 52 of
1685 1069 96 52 the
1814 1067 280 59 economic

104 1145 1987 148 studies of the Employment stabilization research institute, University of Minnesota [by] Russell A. Stevenson … and Roland
108 1301 1987 68 S. Vaile … Minneapolis, The University of Minnesota press.
107 1386 148 50 1935.

176 1453 82 49 vii,
295 1453 58 42 96
385 1463 41 38 p.
488 1452 178 49 diagrs.
736 1451 144 42 23½cm.

179 1508 359 42 “Publications
564 1508 51 41 of
642 1508 80 41 the
748 1508 335 47 Employment
1110 1506 332 41 stabilization
1469 1507 224 40 research
1718 1507 241 47 institute,
109 1507 1969 107 University
324 1567 53 40 of
409 1565 301 41 Minnesota”
729 1575 10 30 :
775 1576 43 37 p.
849 1564 157 42 87-92.

177 1622 315 47 Advertising
519 1624 206 38 matter:
756 1633 43 36 p.
830 1620 157 42 93-96.

106 1675 52 53 ©
189 1680 118 39 Nov.
340 1680 69 45 18,
442 1678 140 46 1935;
617 1678 66 40 2c.
718 1679 110 38 Dec.
862 1678 25 39 3;
950 1677 82 40 aff.
1065 1679 111 38 Dec.
1210 1677 53 46 2;
1298 1678 43 38 A
1372 1677 170 46 88486;
1580 1675 282 50 University
1896 1677 53 39 of
175 1677 1907 106 Minnesota,
394 1735 335 48 Minneapolis.
800 1735 279 47 (35-28437)

107 1854 275 62 Stewart,
409 1853 212 53 Lowell
700 1895 14 13 O.

171 1929 206 53 Public
432 1930 137 52 land
625 1947 234 51 surveys;
945 1928 237 68 history,
1242 1927 387 70 instructions,
1688 1927 277 55 methods,
2022 1927 76 69 by

102 2005 1996 69 Lowell O. Stewart … Ames, Ia., Collegiate press, inc., 1935.
175 2078 52 40 xi
253 2091 60 37 p.,
342 2082 24 38 1
418 2111 23 16 l.,
470 2079 85 40 202
586 2090 43 37 p.
688 2080 135 40 front.
867 2081 170 47 (port.)
1079 2079 126 41 illus.
1236 2078 132 48 (inch
1398 2078 165 48 plans)
1604 2089 78 42 pl.,
1714 2079 180 47 diagrs.
1954 2077 146 42 23½cm.

174 2135 347 49 Bibliography
539 2147 8 29 :
581 2146 43 38 p.
654 2136 214 41 199-200.

111 2191 52 53 ©
198 2195 102 41 Oct.
335 2195 71 47 26,
440 2195 140 41 1935;
619 2196 67 40 2c.
723 2195 95 39 and
855 2195 81 41 aff.
974 2195 102 41 Oct.
1112 2195 83 47 30;
1234 2196 41 38 A
1312 2195 170 46 89020;
1522 2195 267 48 Collegiate
1823 2205 150 39 press,
2011 2194 90 42 inc.

187 2253 278 47 (35-36164)

108 2371 346 54 Tennessee.
529 2373 182 53 Laws,
738 2378 255 51 statutes,
1020 2379 99 45 etc.

181 2447 216 55 Second
430 2451 131 51 1935
591 2449 358 66 supplement
977 2455 57 48 to
1064 2447 256 54 Michie’s
1351 2449 310 53 Tennessee
1689 2449 135 52 code
1854 2449 63 52 of
1950 2453 149 50 1932,

110 2525 330 67 containing
470 2526 77 52 all
578 2526 191 67 public
799 2526 136 54 laws
965 2526 232 52 enacted
1230 2529 57 49 at
1315 2527 94 51 the
1444 2530 131 48 1935
1607 2531 159 48 extra
1797 2527 208 52 session
2037 2527 62 52 of

109 2605 95 51 the
245 2603 358 67 Legislature
646 2603 139 52 with
830 2602 272 68 complete
1150 2603 377 53 annotations.
1602 2605 201 53 Under
1845 2606 94 51 the
109 2606 1966 129 editorial
309 2681 356 66 supervision
697 2681 63 53 of
792 2682 69 51 A.
893 2683 250 50 Hewson
1173 2681 230 65 Michie,
1435 2681 235 53 assisted
1701 2683 75 64 by
1810 2682 166 53 Chas.
2009 2686 88 50 TV

112 2756 238 55 Sublett.
428 2756 477 57 Charlottesville,
941 2759 125 56 Va.,
1104 2759 119 52 The
1260 2758 210 53 Michie
1510 2777 295 48 company,
1845 2763 147 49 1935.

177 2830 530 48 2 p. l., 65 p. 25½cm.
114 2882 52 52 ©
191 2888 117 39 Nov.
335 2887 70 47 21,
433 2886 113 40 1935;
602 2886 66 40 2c.
698 2887 94 40 and
820 2886 79 40 aff.
928 2887 116 39 Nov.
1073 2887 81 40 23:
1186 2888 39 38 A
1250 2887 170 47 88350;
1452 2887 180 41 Michie
1658 2899 67 29 co.

216 3000 1883 72 … University oratorical annual. volume 7. Compiled and
179 3079 1919 70 edited by Evan E. Anderson … New York, Noble and
179 3157 197 55 Noble,
403 3157 337 67 publishers,
769 3158 104 53 inc.
927 3162 154 49 [c1935]

178 3229 62 48 ix,
275 3230 69 48 [3],
373 3230 146 40 3—347
545 3241 43 36 p.
645 3230 128 40 illus.
831 3230 144 41 20½cm.

179 3287 63 39 At
266 3288 125 38 head
416 3286 52 39 of
492 3286 111 41 title
618 3298 9 28 :
654 3286 99 41 The
780 3297 115 38 year
922 3288 122 39 book
1071 3288 53 39 of
1149 3288 180 48 college
1349 3291 212 45 oratory.

114 3336 51 53 ©
195 3342 100 40 Oct.
326 3343 68 47 18,
425 3343 140 42 1935;
599 3344 64 39 2c.
697 3345 95 38 and
825 3343 80 40 aff.
937 3344 118 40 Nov.
1087 3343 55 41 26;
1204 3345 40 38 A
1276 3345 143 40 88382;
1481 3345 153 40 Noble
1664 3346 97 39 and
1792 3345 164 48 Noble,
181 3348 1903 99 publishers,
397 3399 89 40 inc.

114 3511 294 67 Vergilius
435 3517 184 60 Maro,
648 3516 260 56 Publius.

182 3590 168 54 Pvbli
397 3592 219 68 Vergili
665 3592 255 54 Maronis
966 3593 285 55 Aeneidos
1294 3594 143 53 liber
1483 3598 261 63 qvartvs;
1792 3594 187 53 edited
2027 3595 73 68 by

116 3664 219 56 Arthur
379 3668 237 69 Stanley
657 3670 190 53 Pease.
925 3670 363 70 Cambridge,
1329 3672 190 67 Mass.,
1560 3670 270 55 Harvard
114 3672 1962 140 university
253 3763 174 49 press,
458 3749 151 50 1935.

183 3816 64 46 ix,
274 3817 86 40 568
388 3828 44 37 p.
491 3818 145 40 24½cm.

185 3870 411 52 “Manuscripts”:
629 3886 42 37 p.
699 3875 157 41 71-79.

119 3922 51 52 ©
206 3929 125 47 Sept.
366 3931 67 46 16,
470 3930 112 41 1935
601 3943 8 29 :
646 3931 65 40 2c.
752 3933 124 47 Sept.
912 3933 59 39 20
986 3944 8 31 :
1031 3933 83 40 aff.
1153 3934 127 48 Sept.
1315 3933 54 41 23;
1437 3935 37 38 A
1510 3934 141 40 87225
1669 3946 9 31 :
1717 3935 253 42 President
2004 3938 96 38 and

184 3984 186 42 fellows
401 3987 53 40 of
482 3988 229 40 Harvard
742 3990 191 46 college,
965 3989 301 48 Cambridge,
1298 3991 145 41 Mass,
1514 3991 279 48 (35-36145)
