2424 4375
1087 4061 98 47 535

213 517 29 38 5
266 527 40 36 p.
372 546 9 16 l.,
411 515 147 40 9-352
583 527 42 36 p.
686 514 83 48 19£
773 516 45 22 cm
821 544 10 8 .

143 577 1972 112 © 1c. Apr. 5, 1935; A ad int. 20091; pubd. Feb. 8; G. W. Slaney, Glasgow. (35-6355) 3486
141 743 445 54 Southwestern
613 746 268 61 reporter
917 743 102 64 (2d
1048 742 146 64 ser.)

212 821 182 54 Texas
430 821 273 53 decisions
739 820 263 68 reported
1035 821 62 52 in
1133 819 182 56 South
1349 822 239 49 western
1621 823 273 62 reporter,
1929 816 202 54 second

141 898 183 53 series,
399 899 134 52 vols.
574 898 65 54 75
673 898 126 68 (2d)
849 898 110 54 and
997 896 66 54 76
1096 897 127 68 (2d)
1306 897 333 66 November,
1680 896 453 67 1934-January,

142 973 1964 150 1935, with key number annotations … St. Paul, West publishing co., 1935.
213 1130 26 39 1
266 1141 42 28 v.
362 1129 59 39 26
421 1131 44 21 cm
470 1160 9 8 .

213 1185 209 41 Various
449 1184 214 49 pagiugs.

144 1239 54 52 ©
223 1244 119 39 Mar.
370 1242 69 47 25,
467 1242 113 39 1935;
636 1240 67 39 2c.
731 1241 95 40 and
853 1240 80 40 aff.
961 1240 112 47 Apr.
1099 1240 83 46 26;
1210 1239 42 40 A
1277 1238 170 47 82727;
1476 1239 139 40 West
1637 1238 109 49 pub.
1774 1249 67 29 co.

141 1342 265 67 Spanier,
438 1343 198 66 Adolf,
670 1349 169 49 1883-
1050 1343 84 54 ed.

208 1420 110 53 Die
356 1420 266 53 deutsche
660 1417 369 68 Volkskunde,
1068 1417 455 70 herausgegeben
1564 1434 111 36 von
1717 1415 290 71 professor
2046 1417 83 53 dr.

144 1496 1992 70 Adolf Spanier. l. bd. Leipzig, Bibliographisches institut
144 1597 47 33 a.
220 1596 81 48 g.;
355 1580 120 63 [etc.,
503 1580 118 62 etc.,
647 1584 22 20 c
674 1578 150 63 1934]

212 1651 27 39 4
262 1661 43 37 p.
368 1681 8 16 l.,
403 1649 99 48 631,
531 1649 55 49 [1]
615 1660 42 36 p.
713 1649 127 39 illus.
869 1648 132 47 (incl.
1027 1646 178 48 music)
1241 1647 179 48 diagrs.
1475 1647 59 39 25½
1563 1649 45 21 cm
1612 1678 8 9 .

552 1703 42 42 CONTENTS.—1.
630 1701 281 44 Textband:
947 1705 174 40 Wesen
1158 1705 97 39 und
1292 1704 244 49 aufgaben
1571 1705 86 39 der
1691 1703 316 48 Volkskunde,
2044 1715 91 29 von

139 1759 149 42 Adolf
308 1761 211 48 Spamer.
575 1760 284 41 Geschichte
886 1761 85 40 der
994 1761 264 39 deutschen
1286 1759 313 47 Volkskunde,
1618 1769 91 30 von
1736 1759 156 48 Georg
1920 1757 213 42 Fischer.

143 1817 311 41 Volkskunde
480 1819 97 38 und
605 1817 343 50 Völkerkunde,
978 1827 92 30 von
1100 1817 187 39 Arthur
1316 1815 322 41 Haberlandt.
1696 1815 310 41 Volkskunde
2037 1816 98 39 und

141 1872 536 50 Siedlungsgeschichte,
714 1884 91 29 von
844 1873 145 41 Adolf
1024 1873 202 41 Helbok.
1292 1872 472 48 Vorgeschichtliche
1801 1872 213 41 wurzeln
2050 1873 87 39 der

141 1929 311 46 Volkskunde,
499 1940 92 30 von
638 1929 115 41 Carl
800 1929 349 41 Schuchhardt.
1225 1929 100 41 Der
1372 1928 325 49 Volksglaube,
1746 1939 91 30 von
1882 1928 254 41 Friedrich

142 1984 188 43 Pfister.
388 1985 126 42 Sitte
540 1987 98 40 und
667 1986 197 48 brauch,
894 1997 92 29 von
1016 1986 122 41 Lutz
1166 1985 304 41 Mackensen.
1527 1985 91 41 Die
1650 1984 361 50 Volksmedizin,
2042 1996 92 29 von

141 2041 236 42 Heinrich
403 2043 216 40 Marzell.
675 2043 365 48 Volkssprache,
1068 2052 93 31 von
1190 2042 252 40 Friedrich
1474 2043 210 40 Maurer.
1745 2042 91 41 Die
1867 2042 266 48 volkssage,

143 2109 93 31 von
260 2099 253 41 Friedrich
537 2110 91 30 von
650 2101 84 39 der
755 2100 171 46 Leyen.
978 2099 90 41 Die
1093 2100 189 40 formen
1306 2099 84 40 des
1415 2099 404 40 volkstümlichen
1844 2098 292 48 erzählguts,

144 2165 91 29 von
259 2155 171 42 Albert
456 2155 276 41 Wesselski.
786 2156 243 48 Märchen,
1058 2167 91 29 von
1178 2155 253 42 Friedrich
1459 2155 182 41 Ranke.
1700 2156 103 40 Das
1830 2156 305 45 volksrätsel,

145 2221 92 31 von
277 2213 251 40 Friedrich
574 2213 195 39 Panzer.
843 2212 170 41 Wesen
1061 2214 93 39 und
1201 2212 322 47 Wandlungen
1566 2213 84 40 des
1693 2213 304 47 Volksliedes,
2043 2224 93 28 von

143 2267 226 42 Wilhelm
395 2269 213 40 Hansen.
663 2269 101 41 Das
790 2270 234 40 Volkslied
1053 2270 49 39 in
1128 2271 86 40 der
1237 2269 507 48 Volksgemeinschaft,
1769 2280 93 29 von
1890 2269 248 41 Johannes

143 2323 181 50 Koepp.
388 2325 322 48 Volksmusik,
745 2337 91 29 von
870 2326 165 40 Erwin
1070 2325 166 42 Gniza.
1299 2326 265 40 Volkstanz
1596 2327 98 40 und
1728 2326 132 48 spiel,
1897 2337 92 29 von
143 2325 1977 96 Wilhelm
310 2382 214 40 Hansen.

591 2382 438 48 Volksschauspiel,
1067 2393 92 30 von
1199 2383 139 40 Hans
1380 2383 173 43 Moser.
1622 2382 379 48 Volkslesestoff,
2044 2393 89 29 von

144 2435 114 42 Otto
286 2437 197 43 Görner.
545 2438 286 49 Grundzüge
861 2441 84 39 der
972 2441 264 39 deutschen
1267 2439 302 51 Volkskunst,
1601 2451 93 29 von
1725 2440 201 40 Konrad
1959 2439 176 40 Hahm.

145 2492 135 46 Holz,
316 2506 93 29 von
443 2495 42 41 J.
522 2495 61 41 M.
618 2495 124 41 Ritz.
806 2496 88 40 Die
930 2497 247 47 tonerden,
1213 2507 93 29 von
1344 2495 50 42 O.
1430 2496 55 39 A.
1523 2497 160 41 Erich.
1750 2496 255 48 Textilien,
2043 2507 93 30 von

143 2548 259 51 Wolfgang
434 2551 350 42 Schuchhardt.
843 2553 194 40 Metalle
1067 2554 49 38 in
1146 2555 83 38 der
1260 2553 301 48 Volkskunst,
1594 2564 91 29 von
1717 2554 221 40 Walther
1969 2553 166 40 Bernt.

144 2605 102 43 Das
280 2609 232 39 deutsche
543 2609 136 47 haus,
714 2619 92 29 von
843 2610 163 40 Bruno
1044 2608 178 42 Schier.
1288 2609 92 43 Die
1418 2610 377 48 Volkstrachten,
1836 2621 91 29 von
1964 2609 173 41 Viktor

144 2671 91 32 von
265 2661 218 43 Geramb.
544 2665 309 41 Volkskunde
882 2668 97 38 und
1009 2667 146 46 recht,
1186 2677 91 29 von
1307 2665 252 41 Eberhard
1588 2666 212 41 freiherr
1831 2678 90 29 von
143 2667 1975 99 Künssberg.

329 2719 309 41 Volkskunde
671 2723 95 38 und
801 2722 409 48 volkserziebung,
1241 2733 91 28 von
1364 2723 209 39 Herbert
1607 2723 343 40 Freudenthal.
2014 2723 121 38 Volk

145 2776 97 38 und
266 2776 216 47 religion,
511 2787 91 29 von
629 2777 155 48 Georg
809 2778 148 40 Koch.
1010 2778 99 40 Der
1135 2779 229 40 deutsche
1391 2778 412 49 volkscharakter,
1830 2791 92 28 von
1951 2778 184 41 Martin

144 2829 209 44 Wähler.
410 2833 127 40 Ziele
565 2835 85 38 der
674 2835 263 40 deutschen
964 2834 313 47 Volkskunde,
1305 2845 90 29 von
1422 2834 165 49 Eugen
1616 2836 188 43 Fehrle.
1862 2836 90 40 Die
146 2836 1972 92 volkskundlichen

473 2889 395 47 Organisationen
901 2890 64 40 im
1000 2891 68 39 in-
1101 2893 98 38 und
1234 2892 221 47 ausland,
1493 2903 92 28 von
1622 2892 209 41 Herbert
1866 2892 269 40 Bellmann.

147 2942 1989 57 © Oct. 25, 1934; 1c. Mar. 11, 1935; A -Foreign 27222; Bibliographisches
216 3002 211 49 institut,
456 3015 105 37 a.-g.
631 3005 248 47 (35-6255)

147 3101 291 67 Stamper,
469 3105 252 55 William
751 3108 219 65 James,
1004 3114 169 50 1893-

215 3181 1919 71 Beyond the seas, by W. J. Stamper … A collection of short
147 3258 197 53 stories
389 3258 156 53 filled
593 3259 138 54 with
780 3267 266 62 mystery,
1092 3262 328 66 adventure,
1468 3263 111 53 and
1626 3263 123 53 lure
1796 3262 64 54 of
1907 3262 226 69 foreign

148 3335 279 54 countries
464 3354 58 34 as
560 3336 364 67 experienced
963 3338 111 53 and
1110 3339 265 53 narrated
1412 3340 76 65 by
1524 3359 32 32 a
1591 3340 218 53 marine
1845 3340 181 53 officer
2061 3359 70 34 on

148 3409 142 68 duty
315 3411 216 67 beyond
561 3412 97 54 the
681 3432 136 34 seas.
885 3414 284 68 [Norfolk,
1195 3416 125 65 Va.]
1355 3419 149 50 1935.

215 3481 28 40 3
271 3493 43 38 p.
366 3514 23 17 l.,
418 3483 87 41 215
532 3495 42 38 p.
634 3485 56 40 23
695 3487 42 22 cm
742 3516 10 10 .

148 3534 53 53 ©
228 3539 114 48 Apr.
370 3540 38 47 6,
440 3541 112 39 1935;
610 3542 64 39 2c.
706 3543 95 38 and
830 3542 80 40 aff.
942 3544 112 46 Apr.
1084 3543 81 47 12;
1199 3544 41 38 A
1268 3543 169 48 82481;
1468 3545 71 39 W.
1570 3545 43 39 J.
1647 3545 234 49 Stamper,
1913 3546 220 49 Norfolk,

217 3596 85 40 Va.
373 3597 249 48 (35-6156)

148 3697 205 66 Tanīn,
437 3743 15 13 O.

218 3774 333 54 Militarism
601 3778 110 51 and
761 3778 230 54 fascism
1036 3780 62 51 in
1142 3781 193 65 Japan
1405 3781 93 67 [by]
1552 3782 68 54 O.
1668 3780 189 54 Tanin
1904 3783 111 51 and
2063 3784 67 51 E.

149 3849 234 69 Yohan;
432 3853 140 52 with
618 3873 71 33 an
735 3855 385 53 introduction
1163 3857 75 67 by
1282 3859 147 52 Karl
1474 3858 215 54 Radek.
1770 3860 138 52 New
1954 3859 179 68 York,

144 3927 418 57 International
602 3932 315 66 publishers
965 3966 13 34 [
981 3939 21 22 c
1006 3937 150 63 1934]
