2424 4375
1145 4052 132 50 1009

266 517 26 39 9
326 526 41 28 v.
441 515 173 40 fronts,
658 513 135 49 (part
826 514 111 48 col.)
981 514 128 39 illus.
1153 513 132 48 (incl.
1320 515 136 48 map)
1500 515 157 46 plates
1699 513 135 49 (part
1870 514 112 50 col.)
2025 517 163 46 ports.,

196 572 177 47 charts,
401 570 178 49 diagrs.
637 570 60 42 23½c
742 573 28 21 m
773 600 10 10 .

267 628 123 40 Vols.
427 628 70 49 [2],
533 628 54 49 [3]
621 628 96 39 and
764 626 28 41 [9]
835 626 123 41 have
990 629 107 38 text
1123 626 51 41 in
1206 626 214 49 English,
1454 626 121 41 with
1605 626 208 49 Spanish
1844 626 109 42 title
1984 628 203 40 lettered

197 696 57 29 on
281 694 139 32 cover
442 685 96 39 and
561 684 119 40 with
706 684 200 48 English
929 687 97 44 t.-p.:
1081 683 100 41 The
1204 684 105 48 Key
1335 685 49 39 to

1409 683 283 48 knowledge;
1744 694 27 30 a
1799 683 390 49 comprehensive

197 742 93 39 and
317 741 281 47 systematic
629 740 329 49 presentation
989 740 52 41 of
1072 738 234 50 practical
1337 741 96 39 and
1465 739 230 42 essential
1729 739 292 50 knowledge.

266 797 260 41 Published
561 798 50 39 in
646 797 129 48 1931,
812 797 119 41 with
969 798 107 40 text
1112 797 206 49 entirely
1355 797 50 41 in
1443 796 216 49 English,
1697 798 153 39 under
1889 796 107 41 title:
199 798 1973 97 Hayward’s
399 853 90 49 key
516 856 51 39 to
592 854 292 48 knowledge.

268 912 226 39 Includes
523 911 165 40 music.

617 964 1572 53 CONTENTS. — [V. 1] Historia de las naciones. — [v. 2] Government and
197 1023 421 50 citizenship.—[v.
648 1022 40 51 3]
720 1025 138 39 Mara
863 1023 143 42 villas
1035 1024 72 40 del
1138 1024 82 41 uni
1226 1033 275 40 verso.—[V.
1529 1021 42 51 4]
1603 1023 67 40 La
1698 1023 426 49 naturaleza.—[V.
2147 1021 42 51 5]

200 1080 142 48 Story
378 1081 51 40 of
466 1081 80 40 the
582 1081 194 41 world’s
809 1082 344 40 literature.—
1174 1101 10 29 [
1188 1091 45 29 v.
1270 1078 42 52 6]
1349 1080 56 40 El
1441 1080 177 40 mundo
1656 1080 57 40 de
1747 1081 47 39 la
1834 1080 178 40 belleza
2049 1091 29 37 y
2115 1080 74 41 del

198 1135 1994 52 arte.—[v. 7] Educaciôn higiénica. —[v. 8] Invenci ó nes y descubrimientos.—
216 1204 44 28 [V.
287 1192 41 51 9]
359 1194 196 47 Stories,
583 1195 162 48 books,
771 1195 153 48 plays,
953 1194 320 48 biographies.

200 1247 52 53 ©
277 1252 125 39 June
424 1252 68 45 21,
520 1251 139 42 1935;
685 1253 66 39 2c.
779 1253 116 38 each
920 1253 95 38 and
1039 1251 80 41 aff.
1146 1252 115 47 July
1285 1252 56 38 24;
1394 1252 41 38 A
1461 1250 140 40 84772;
1657 1250 288 39 Americana
267 1257 1906 91 corporation.

447 1308 278 49 [Copyright
756 1309 42 39 is
831 1308 203 40 claimed
1067 1319 59 30 on
1162 1308 208 48 Spanish
1403 1310 104 38 text
1538 1308 96 39 and
1665 1306 210 41 revision
1908 1308 53 39 of
1992 1305 200 48 English

268 1367 118 46 text]
458 1366 279 47 (35-11036)

207 1466 240 66 Lomax,
476 1469 144 53 Paul
650 1469 273 63 Sanford,
957 1474 169 49 1890-

277 1543 1857 71 Problems of teaching typewriting, by Paul S. Lomax …
207 1623 1990 68 Helen Reynolds … and Margaret H. Ely … New York,
208 1698 448 70 Prentice-Hall,
685 1700 125 68 inc.,
844 1702 148 53 1935.

273 1786 43 29 x.
348 1773 82 40 281
464 1785 40 37 p.
566 1774 153 47 diagr.
778 1773 116 43 19cm.

277 1829 346 41 “References”
645 1832 52 39 at
723 1831 90 40 end
840 1830 51 41 of
915 1831 117 41 each
1060 1829 199 49 chapter
1287 1833 168 46 except
1483 1831 201 48 chapter
1710 1841 61 29 vi.

202 1883 54 53 ©
279 1888 118 46 July
419 1888 38 45 8,
487 1887 113 40 4935;
652 1888 66 39 2c.
748 1888 115 48 July
886 1888 82 46 16;
998 1887 82 41 aff.
1108 1888 115 47 July
1249 1888 55 39 17;
1357 1888 41 38 A
1423 1887 141 41 85073;
1622 1888 373 47 Prentice-Hall,
2023 1887 88 40 inc.

283 1944 279 48 (35-11141)

209 2036 239 62 Lorant,
477 2036 230 56 Stefan.

209 2111 1965 133 I was Hitler’s prisoner; a diary, by Stefan Lorant … translated from
580 2192 96 52 the
709 2189 250 56 German
989 2190 76 68 by
1098 2190 195 55 James
1325 2190 237 69 Cleugh.
1636 2191 139 53 New
1812 2191 179 69 York,
2026 2191 70 56 G.
2132 2192 65 54 P.

208 2268 294 54 Putnam’s
532 2287 145 49 sons,
708 2272 149 50 1935.

277 2341 770 49 318 p. front. (ports.) 22 cm .
281 2399 260 40 “Included
573 2398 50 40 in
655 2399 136 40 these
823 2399 194 41 records
1052 2407 113 41 [are]
1201 2409 27 30 a
1263 2399 203 41 number
1500 2399 52 41 of
1587 2401 216 40 extracts
1836 2401 125 39 from
1995 2413 27 29 a
2057 2401 139 48 diary

211 2456 112 48 kept
350 2455 61 48 by
438 2467 79 37 my
544 2453 351 43 wife.”—Pref.

207 2508 52 53 ©
291 2513 115 47 July
436 2513 67 44 11,
538 2512 140 45 1935;
709 2511 67 41 2c.
809 2512 115 47 July
954 2513 54 39 17;
1071 2512 81 39 aff.
1184 2512 115 48 July
1329 2512 82 46 16;
1444 2513 41 37 A
1516 2512 169 46 84762;
1723 2513 43 40 S.
1798 2513 194 49 Lorant,
274 2513 1906 104 Aldenham,

426 2570 166 45 Harts,
619 2569 235 48 England.
924 2568 278 48 (35-11019)

213 2657 383 64 McCormick,
627 2658 220 52 Robert
876 2657 387 64 Rutherford,
1297 2663 169 49 1880-

210 2732 1962 132 Constitutional principles, by Robert R. McCormick … an address delivered
725 2809 194 56 before
954 2810 97 53 the
1090 2809 281 55 Sentinels
1410 2809 63 54 of
1511 2811 97 52 the
1643 2812 273 66 republic,
1955 2813 236 52 Faneuil

212 2887 135 65 hall,
379 2888 233 65 Boston,
646 2887 138 66 May
817 2891 49 62 3,
898 2889 150 50 1935.
1124 2885 289 69 [Chicago,
1446 2888 121 52 The
1600 2888 253 53 Tribune
1888 2908 97 46 co.,
2018 2896 18 21 c
2042 2895 151 62 1935]

282 2958 544 50 1 p. l. , 5-16 p. 23 cm .
208 3012 52 53 ©
286 3018 114 46 May
423 3016 69 47 23,
518 3016 113 40 1935;
689 3016 66 39 2c.
781 3016 95 39 and
903 3015 81 39 aff.
1010 3016 129 39 June
1163 3016 26 39 7;
1245 3015 40 39 A
1311 3015 170 47 84152;
1508 3015 212 41 Tribune
1745 3028 64 28 co.

290 3072 278 49 (35-10987)

287 3162 122 52 The
434 3161 143 68 fight
605 3160 94 54 for
720 3161 98 53 the
840 3159 254 54 freedom
1120 3160 64 53 of
1208 3161 96 52 the
1326 3178 185 50 press;
1539 3179 71 35 an
1633 3162 230 54 address
1889 3163 75 68 by
1989 3164 214 54 Robert

220 3241 66 51 R.
328 3238 363 55 McCormick
729 3237 198 54 before
964 3238 99 53 the
1100 3238 139 53 New
1281 3237 167 54 York
1485 3237 355 71 advertising
1878 3242 146 67 club,
2065 3244 135 53 New

222 3318 177 65 York,
423 3318 69 52 N.
521 3318 89 66 Y.,
636 3316 174 67 April
837 3319 83 64 25,
950 3318 150 50 1935.
1179 3316 290 68 [Chicago,
1497 3319 134 50 1935]

287 3388 544 51 1 p. l. , 5-19 p. 23 cm .
215 3444 51 52 ©
292 3449 112 46 May
430 3448 68 45 17,
524 3445 113 41 1935;
691 3445 67 40 2c.
786 3446 95 39 and
907 3443 80 40 aff.
1018 3445 129 39 June
1169 3446 26 39 7;
1252 3445 41 38 A
1319 3445 142 40 84153;
1521 3446 214 39 Tribune
1758 3457 83 37 co.,
1870 3448 220 49 Chicago.

293 3503 276 49 (35-11145)

221 3594 275 60 Macleod,
524 3593 152 52 John
703 3592 203 52 James
930 3589 273 66 Rickard,
1235 3592 169 53 1876-

221 3665 1977 146 Physiology in modern medicine, by J. J. R. Macleod … assisted in the present edition by Philip Bard … Edward P.
221 3819 1978 155 Carter… [and others] 7th ed. With 297 illustrations, including 7 plates in colors. St. Louis, The C. V . Mosby company,
223 3977 147 50 1935.
