2424 4375
1234 4077 135 50 1310

313 455 388 65 Mathewson,
734 454 322 65 Champion
1089 456 277 65 Herbert,
1400 462 171 50 1881-
1782 460 84 53 ed.

446 532 1849 71 … Modern uses of nonferrous metals, by F. M. Becket, J. O.
315 610 1980 71 Betterton, F. E. Carter … [and others] Edited by C. H.
314 686 382 70 Mathewson;
735 687 300 68 published
1072 688 92 53 for
1198 691 96 50 the
1330 690 196 67 Seeley
1560 691 89 54 W.
1683 691 184 53 Mudd
1903 690 164 68 fund,
2099 691 75 69 by
2207 695 92 52 the

313 765 305 54 American
646 764 259 55 institute
930 767 64 52 of
1019 766 223 69 mining
1267 769 112 52 and
1403 768 419 68 metallurgical
1849 768 306 69 engineers.
2218 775 82 50 1st

312 846 83 53 ed.
471 845 138 53 New
641 846 178 65 York,
849 846 68 51 N.
948 846 90 65 Y.,
1070 850 149 49 1935.

421 949 7 15 x,
460 917 85 40 427
576 928 41 37 p.
679 917 141 47 illus.,
851 917 176 46 diagrs.
1087 917 51 39 21
1145 920 15 21 cm
1195 950 8 8 .
1272 916 76 47 (A.
1380 918 38 40 I.
1449 918 62 39 M.
1542 918 52 40 E.
1624 917 176 48 series)

315 971 53 52 ©
399 975 127 48 Sept.
555 974 39 48 8,
623 973 113 42 1885
755 986 8 34 ;
793 974 64 40 2c.
893 974 125 48 Sept.
1049 976 52 39 13
1121 986 8 34 ;
1160 974 82 40 aff.
1274 975 127 47 Sept.
1429 974 57 40 12
1501 986 9 36 ;
1539 976 40 38 A
1609 975 146 41 86286
1770 986 8 36 ;
1811 976 156 39 Amer.
2000 974 227 43 institute
2251 980 50 39 of

385 1030 184 49 mining
594 1032 36 39 &
656 1030 357 49 metallurgical
1038 1031 265 48 engineers,
1328 1031 106 48 inc.,
1462 1032 117 40 New
1606 1032 145 40 York.

394 1088 279 49 (35-17042)

314 1190 231 65 Michel,
574 1189 191 66 Virgil
792 1191 244 67 George,
1063 1191 214 67 father,
1306 1194 169 52 1890-

378 1266 1917 69 With mother church, by Dorn Virgil Michel … Dorn Basil
313 1342 1983 71 Stegmann … and the Sisters of the Order of St. Dominic,
308 1421 354 70 Marywood,
714 1421 195 56 Grand
969 1422 238 68 Rapids,
1260 1421 325 70 Michigan;
1644 1421 321 55 illustrated
2020 1422 73 71 by
2150 1423 146 54 Nina

310 1500 149 52 Barr
485 1500 278 54 Wheeler.
830 1500 136 52 New
1000 1499 178 68 York,
1209 1500 120 53 The
1358 1499 334 54 Macmillan
1724 1518 297 52 company,
2055 1504 147 51 1935.

380 1573 100 48 viii,
505 1573 86 41 295
614 1583 41 37 p.
685 1573 110 40 incl.
820 1573 162 48 front.,
1012 1573 141 49 illus.,
1181 1572 152 48 diagr.
1394 1572 56 41 19
1454 1574 43 21 cm
1501 1604 10 9 .
1576 1572 299 50 (Half-title:
1902 1573 100 40 The
2030 1573 264 42 Christ-life

309 1630 152 40 series
487 1630 49 39 in
561 1630 215 46 religion,
836 1629 122 39 book
982 1630 51 47 7)

382 1685 346 48 Bibliography
754 1689 51 37 at
832 1686 90 40 end
950 1685 52 41 of
1025 1695 130 31 some
1179 1684 54 41 of
1254 1686 84 39 the
1362 1685 241 47 chapters.

316 1740 52 53 ©
396 1745 118 45 Aug.
544 1745 67 45 13,
643 1743 113 41 1935
775 1755 8 35 ;
813 1743 64 40 2c.
908 1743 119 48 Aug.
1058 1743 54 39 14
1130 1754 8 36 ;
1172 1742 80 41 aff.
1282 1744 119 47 Aug.
1430 1743 59 40 28
1504 1754 8 36 ;
1545 1744 43 39 A
1615 1744 142 40 85647
1776 1755 8 36 ;
1818 1744 279 41 Macmillan
2127 1756 66 30 co.

394 1801 280 47 (35-17209)

312 1903 268 65 Morgan,
613 1904 237 53 Jerome
878 1903 174 64 John,
1088 1906 172 50 1880-

315 1980 1980 147 A textbook of American gas practice, volume 2. Distribution and utilization of city gas, by Jerome J. Morgan … with
316 2136 1922 70 advice and suggestions from A. E. Forstall … J. A. Perry …
317 2214 1978 70 F. C. Weber … W. S. Yard … 2d ed. Maplewood, N. J.,
314 2296 57 53 J.
398 2296 57 53 J.
483 2294 263 66 Morgan,
777 2296 147 51 1935.

385 2367 29 39 3
438 2377 42 37 p.
544 2398 7 15 l.,
578 2365 125 47 v-ix,
730 2365 112 40 1081
870 2376 40 37 p.
967 2365 143 47 illus.,
1137 2365 178 47 diagrs.
1368 2365 56 39 23½
1458 2367 43 21 cm
1506 2397 9 8 .

387 2421 348 42 “References”
763 2424 55 38 at
841 2422 90 39 end
959 2421 52 40 of
1036 2424 125 37 most
1188 2421 53 39 of
1266 2422 80 40 the
1375 2423 237 46 chapters.

317 2481 52 53 ©
399 2486 109 39 Feb.
538 2485 69 49 12,
636 2484 114 41 1935
768 2495 8 36 ;
807 2484 66 40 2c.
900 2485 95 39 and
1022 2483 81 41 aff.
1135 2484 101 40 Oct.
1265 2483 26 39 2
1310 2495 9 37 ;
1349 2485 42 38 A
1417 2484 143 40 87387
1578 2495 9 37 ;
1619 2485 44 39 J.
1694 2485 41 39 J.
1767 2486 215 46 Morgan.

316 2587 332 65 Nordskog,
673 2587 155 54 John
857 2586 154 64 Eric,
1040 2592 171 50 1893-

445 2658 1849 72 … Social reform in Norway; a study of nationalism and
314 2736 1980 71 social democracy, by John Eric Nordskog … Los Angeles,
313 2818 120 52 The
466 2817 334 66 University
833 2816 62 53 of
930 2815 284 55 Southern
1250 2812 320 57 California
1602 2832 172 51 press,
1812 2816 151 53 1935.

386 2892 81 47 vii,
496 2892 84 40 184
609 2902 42 37 p.
708 2891 55 40 23
767 2893 43 21 cm
815 2922 8 9 .
889 2891 123 47 (The
1042 2889 281 49 University
1352 2890 54 40 of
1435 2890 242 41 Southern
1708 2888 286 43 California.
2055 2889 166 41 School
2247 2885 48 42 of

316 2949 224 40 research
569 2947 199 42 studies,
823 2958 74 29 no.
926 2947 51 49 9)

390 3005 158 41 Social
577 3005 185 40 science
792 3003 163 45 series,
984 3014 73 29 no.
1088 3003 68 41 12.

385 3061 376 48 Bibliography:
791 3073 41 36 p.
868 3060 246 50 [161]-177.

318 3120 52 53 ©
395 3125 118 47 Aug.
540 3124 67 47 16,
636 3123 112 41 1935
767 3134 9 37 ;
804 3124 66 39 2c.
897 3123 127 48 Sept.
1052 3124 25 39 5
1095 3134 9 35 ;
1132 3122 80 40 aff.
1244 3123 127 47 Sept.
1399 3123 25 39 3
1442 3133 9 35 ;
1480 3123 40 38 A
1546 3121 146 42 86186
1706 3133 9 36 ;
1746 3119 280 51 University
2051 3122 54 40 of
384 3117 1890 103 Southern
499 3180 286 48 California,
817 3181 93 39 Los
936 3180 217 47 Angeles.
1226 3179 278 49 (35-17171)

316 3282 167 55 Ohio.
556 3285 183 65 Laws,
766 3289 255 60 statutes,
1049 3288 99 47 etc.

449 3351 1842 76 … Baldwin’s Ohio digest service; the sixty-seventh issue of
317 3438 97 53 the
445 3438 150 54 Ohio
625 3438 342 52 cumulative
1000 3437 212 67 digest;
1249 3456 33 33 a
1310 3437 187 67 digest
1526 3436 63 54 of
1620 3441 229 47 current
1876 3434 298 69 published
319 3432 1947 135 decisions
549 3515 63 52 of
638 3515 95 53 the
762 3521 185 46 courts
974 3515 63 52 of
1067 3515 167 64 Ohio,
1264 3514 152 52 from
1444 3514 173 67 April
1643 3517 49 63 2,
1723 3517 133 50 1934
1882 3521 59 46 to
1970 3510 318 70 September

319 3590 1947 145 16, 1935. [October, 1935, number] Under the editorial supervision of William Edward Baldwin … Jay S. Hudson …
317 3743 1972 70 Glenn Kitson … Cleveland, Banks-Baldwin law publishing
317 3840 279 48 company
632 3856 12 32 [
650 3830 17 20 c
673 3827 150 62 1935]

385 3895 86 40 107
502 3905 42 37 p.
606 3894 54 40 25½
693 3897 44 21 cm
743 3926 8 9 .

319 3952 53 52 ©
395 3956 99 40 Oct.
518 3955 39 48 9,
581 3955 112 41 1935
711 3967 9 37 ;
746 3957 66 39 2c.
837 3958 93 38 and
953 3956 79 40 aff.
1060 3957 101 40 Oct.
1186 3957 53 39 11
1258 3967 9 36 ;
1293 3957 41 39 A
1357 3957 168 46 87576;
1553 3954 407 42 Banks-Baldwin
1984 3955 94 39 law
2099 3951 104 49 pub.
2224 3956 62 32 co.
