2424 4375
1053 4046 133 50 1645

203 472 84 40 102
318 483 44 38 p.
424 473 128 40 ilius.
582 473 131 47 (incl.
747 475 154 47 plans,
936 474 175 48 music)
1155 474 179 49 diagrs.
1395 475 54 40 18½
1483 477 42 21 cm
1530 507 9 9 .

205 529 129 40 “Von
367 531 85 38 der
485 529 481 49 jubiläumsstiftung
998 531 84 38 für
1116 531 430 49 gastvorlesungen
1581 532 297 48 eingeladen,
1914 534 85 38 hat
2036 535 84 39 der

135 583 241 43 Verfasser
423 586 131 40 diese
600 585 227 49 vorträge
873 596 78 30 am
998 587 39 40 9.
1085 588 97 39 und
1229 587 69 40 10.
1345 589 255 40 november
1648 588 113 41 1933
1811 589 64 39 im
1922 600 197 38 grossen

135 642 193 39 hörsaal
356 643 84 39 der
469 643 174 40 Techn.
673 643 289 41 hochschule
994 646 246 46 Stuttgart
1270 644 268 48 gehalten.”

137 695 51 52 ©
220 700 119 38 Mar.
373 698 67 47 19,
474 698 115 41 1934;
650 701 64 38 1c.
751 698 100 42 Oct.
885 700 67 47 15,
986 700 114 40 1935;
1163 701 40 38 A
1204 700 271 48 -Foreign
1504 700 143 42 29518;
1711 703 53 38 R.
1802 702 320 48 Oldenbourg.

210 755 277 50 (35-30957)

133 831 264 65 Fosdick,
429 833 199 62 Harry
658 833 303 63 Emerson,
995 833 170 53 1878-

201 909 121 51 The
346 928 190 48 power
563 916 57 45 to
648 927 86 37 see
761 909 46 52 it
833 910 278 67 through;
1141 929 249 35 sermons
1417 929 73 33 on
1519 911 382 67 Christianity
1928 911 193 68 today,

132 988 73 66 by
233 988 197 66 Harry
461 988 274 52 Emerson
765 988 261 52 Fosdick.
1101 989 139 52 New
1271 988 162 52 York
1461 989 113 52 and
1602 989 259 66 London,
1889 991 232 65 Harper

132 1069 44 49 &
201 1066 274 65 brothers,
506 1068 149 50 1935.

231 1136 575 50 vi p., 1 l., 248 p. 20 cm .
203 1195 158 39 “First
392 1193 225 40 edition.”

135 1247 51 52 ©
209 1252 116 38 Nov.
351 1250 40 49 9,
415 1250 112 40 1935;
582 1250 67 41 2c.
675 1252 118 38 Nov.
819 1250 53 47 9;
901 1250 82 40 aff.
1009 1251 118 39 Nov.
1153 1250 81 47 12;
1263 1251 43 38 A
1330 1249 168 48 88199;
1528 1251 196 47 Harper
1748 1250 37 40 &
1811 1252 123 38 bros.

210 1307 276 47 (35-29152)

134 1366 258 67 Frapric,
422 1369 196 52 Frank
646 1370 145 63 Roy,
820 1369 171 53 1874-

133 1442 1965 133 … How to make enlargements, by Frank R. Fraprie and Arthur
293 1521 345 54 Hammond.
709 1522 137 52 40th
873 1521 300 67 thousand,
1204 1539 111 35 rev.
1348 1520 112 53 and
1489 1522 107 51 enl.
1670 1520 232 69 Boston,
1932 1520 190 69 Mass.,

132 1599 299 52 American
462 1596 415 70 photographic
907 1597 334 68 publishing
1273 1615 295 50 company,
1600 1599 150 50 1935.

197 1669 83 38 112
313 1679 43 37 p.
415 1670 128 39 ilius.
602 1669 55 40 19½
691 1671 44 21 cm
739 1700 9 9 .
819 1667 266 48 (Practical
1117 1670 348 47 photography,
1524 1680 75 31 no.
1634 1670 51 46 5)

201 1726 310 46 Advertising
536 1728 179 37 matter;
772 1736 44 37 p.
843 1725 215 41 107-112.

133 1782 51 52 ©
212 1787 117 46 Aug.
362 1786 39 46 6,
433 1784 139 47 1935;
605 1785 66 39 2c.
703 1785 120 48 Aug.
855 1785 50 46 8;
940 1784 80 40 aff.
1058 1783 126 49 Sept.
1217 1784 52 47 9;
1305 1785 40 38 A
1377 1784 169 48 85794;
1582 1785 158 39 Amer,
1770 1784 353 49 photographic

197 1843 106 47 pub.
336 1853 66 29 co.
473 1841 278 49 (35-29658)

133 1901 280 65 Gardner,
441 1904 206 63 Henry
673 1902 227 63 Alfred,
931 1906 169 51 1882-

199 1979 265 68 Physical
516 1979 111 51 and
681 1978 268 53 chemical
1000 1977 382 54 examination
1435 1976 64 54 of
1550 1978 209 67 paints,
1812 1978 309 68 varnishes,

132 2054 1987 70 lacquers and colors, by Henry A. Gardner … assisted in this
135 2130 1985 71 revision by G. G. Sward, M. S. … 7th ed. … Washington,
133 2210 67 53 D.
240 2210 80 68 C.,
356 2210 270 53 Institute
664 2209 62 53 of
760 2210 166 67 paint
961 2209 113 51 and
1110 2206 233 55 varnish
1379 2209 273 67 research,
1690 2211 152 52 1935.

197 2282 125 43 1178,
357 2280 360 48 A1201-A1448,
755 2281 84 49 [16]
874 2291 42 38 p.
950 2281 109 39 incl.
1094 2281 127 39 ilius.
1251 2282 134 46 (part
1419 2282 100 47 col.,
1554 2282 110 40 incl.
1698 2282 27 39 2
1758 2281 255 49 mounted)
2054 2293 63 37 pl.

140 2337 47 48 (9
214 2337 146 47 port.)
395 2338 179 47 diagrs.
633 2337 27 39 2
688 2338 62 48 pi.
779 2337 51 40 of
858 2336 128 41 color
1013 2337 222 47 samples.
1294 2337 57 39 24½
1382 2339 44 22 cm
1431 2368 9 9 .

199 2395 285 39 Illustrated
513 2394 359 47 lining-papers.

199 2451 151 40 Index
381 2451 327 47 supplements;
768 2461 42 38 p.
841 2449 360 41 A1201-A1448.

133 2507 51 53 ©
216 2512 117 39 Nov.
367 2511 40 46 6,
441 2509 141 47 1935;
615 2509 67 40 2c.
718 2509 98 39 and
849 2509 81 39 aff.
966 2509 118 39 Nov.
1120 2508 52 47 9;
1210 2509 41 39 A
1285 2509 170 47 88167;
1493 2510 59 39 H.
1587 2510 56 40 A.
1680 2510 234 48 Gardner,
201 2510 1900 105 Washington.
450 2565 279 50 (35-29659)

134 2629 140 65 Gay,
301 2630 283 62 Romney.

197 2706 119 52 The
341 2705 116 52 tale
479 2704 64 52 of
567 2704 231 65 Jeremy
820 2702 177 67 Gray,
1019 2701 228 52 written
1275 2703 112 52 and
1410 2702 324 53 illustrated
1760 2702 75 68 by
1861 2703 258 69 Romney

131 2782 139 68 Gay.
367 2782 139 51 [New
535 2780 179 67 York,
743 2778 343 69 Greenberg,
1113 2785 19 21 c
1137 2782 132 49 1935]

199 2852 982 51 1 p. l., 41 p. ilius. (part col.) 24 cm .
200 2911 286 40 Illustrated
513 2912 97 45 t.-p.
638 2910 96 39 and
759 2908 348 48 lining-papers
1132 2907 50 40 in
1208 2906 168 42 colors.

198 2966 56 39 In
279 2974 149 31 verse.

135 3019 51 52 ©
217 3025 117 46 Aug.
368 3023 69 48 20,
471 3022 116 41 1935;
646 3022 67 39 2c.
750 3022 126 48 Sept.
911 3023 57 38 17;
1030 3021 79 40 aff.
1146 3022 118 39 Nov.
1300 3021 58 40 16;
1418 3022 42 38 A
1493 3022 143 40 88261;
1699 3023 274 48 Greenberg
198 3024 1904 104 publishers,
414 3080 89 40 inc.
575 3077 278 49 (35-29216)

135 3139 156 65 Gide,
322 3141 201 53 André
551 3141 145 52 Paul
727 3138 345 65 Guillaume,
1105 3143 171 49 1869-

263 3215 1851 71 … If it die … an autobiography; translated by Dorothy
138 3295 191 67 Bussy.
395 3296 138 52 New
563 3294 179 65 York,
772 3294 261 53 Random
1063 3294 172 52 house
1270 3328 13 33 [
1287 3300 19 21 c
1310 3297 132 50 1935]

201 3366 584 49 4 p. l., 3-331 p. 24 cm .
203 3423 61 40 At
292 3424 122 39 head
442 3422 52 41 of
519 3422 110 41 title;
683 3421 164 41 André
873 3421 132 42 Gide.

206 3475 1910 49 “This edition … is limited to sixteen hundred copies. One hundred
138 3532 1976 50 are printed on special paper, signed by the author and numbered I to C.
139 3588 188 41 Fifteen
355 3590 221 40 hundred
603 3589 159 48 copies
790 3600 83 30 are
899 3589 260 40 numbered
1190 3590 25 38 1
1246 3591 49 39 to
1321 3588 128 42 1500.
1504 3587 118 41 This
1649 3588 42 40 is
1718 3599 74 30 no.
1821 3588 159 42 1068.”

208 3645 143 41 “This
386 3647 294 39 translation
714 3647 90 38 has
839 3647 116 38 been
991 3646 141 39 made
1165 3645 128 40 from
1330 3646 81 39 the
1446 3646 105 39 text
1587 3645 52 40 of
1674 3645 80 40 the
1789 3645 107 40 first
1932 3645 184 41 edition

139 3700 50 39 of
211 3700 50 41 Si
280 3702 45 39 le
346 3701 138 48 grain
505 3712 61 29 ne
587 3704 171 45 meurt,
781 3701 127 43 1920,
933 3701 51 41 of
1005 3702 156 39 which
1188 3702 111 44 only
1320 3700 57 39 12
1399 3700 158 48 copies
1583 3712 124 29 were
1731 3700 206 49 printed.
1978 3701 139 41 Some

139 3754 50 39 of
218 3756 82 40 the
329 3767 173 38 proper
532 3768 167 31 names
731 3759 121 39 have
884 3758 116 39 been
1034 3758 199 41 altered,
1268 3757 48 39 in
1352 3757 291 40 accordance
1678 3756 118 41 with
1828 3758 82 39 the
1942 3757 173 40 second

139 3811 1978 49 edition of 1924 … A short passage referring to a matter of detail has
138 3863 114 42 been
277 3868 213 48 omitted,
517 3880 54 30 as
596 3869 39 40 it
662 3879 101 29 was
789 3869 127 39 from
942 3870 82 39 the
1050 3868 182 42 edition
1259 3868 52 40 of
1336 3867 548 41 1924.”—Translator’s
1910 3870 125 39 note.

135 3918 51 52 ©
213 3924 99 40 Oct.
339 3926 67 41 22,
435 3927 112 39 1935;
604 3926 67 40 2c.
695 3927 117 39 Nov.
840 3927 24 37 1;
921 3926 82 40 aff.
1031 3926 117 39 Nov.
1178 3926 54 38 11;
1289 3926 40 38 A
1356 3924 142 41 88229;
1556 3926 201 39 Modern
1784 3925 199 46 library,
2012 3924 103 46 inc.,

204 3981 115 39 New
342 3983 141 39 York.
554 3981 278 49 (35-29202)
