<alto xmlns="http://www.loc.gov/standards/alto/ns-v3#" xmlns:xlink="http://www.w3.org/1999/xlink" xmlns:xsi="http://www.w3.org/2001/XMLSchema-instance" xsi:schemaLocation="http://www.loc.gov/standards/alto/ns-v3# http://www.loc.gov/alto/v3/alto-3-0.xsd"><Description>
<MeasurementUnit>pixel</MeasurementUnit>
<sourceImageInformation>
<fileName>1935_v32_Part1.pdf</fileName>
</sourceImageInformation>
<OCRProcessing ID="IdOcr">
<ocrProcessingStep>
<processingDateTime>2019-01-15</processingDateTime>
<processingSoftware>
<softwareCreator>ABBYY</softwareCreator>
<softwareName>ABBYY Recognition Server</softwareName>
<softwareVersion>4.0</softwareVersion>
</processingSoftware>
</ocrProcessingStep>
</OCRProcessing>
</Description>
<Styles>
<ParagraphStyle ID="StyleId-FFFFFFFF-FFFF-FFFF-FFFF-FFFFFFFFFFFF-" ALIGN="Left" LEFT="0." RIGHT="0." FIRSTLINE="0."/>
<ParagraphStyle ID="StyleId-09A13A44-4F77-4ABE-84F3-84CC8B3C72CE-" ALIGN="Left" LEFT="0." RIGHT="0." FIRSTLINE="0." LINESPACE="7.699999809"/>
<ParagraphStyle ID="StyleId-1F945060-F8CD-4435-B69A-5FF49DB0C586-" ALIGN="Left" LEFT="0." RIGHT="0." FIRSTLINE="-10." LINESPACE="12.19999981"/>
<ParagraphStyle ID="StyleId-C6CAE747-F5A4-4D0D-8D74-D452DA7E2C1C-" ALIGN="Block" LEFT="0." RIGHT="0." FIRSTLINE="-14." LINESPACE="8.350000381"/>
<ParagraphStyle ID="StyleId-FC0F3374-189A-459E-BE29-2DC14180F022-" ALIGN="Left" LEFT="0." RIGHT="0." FIRSTLINE="0."/>
<ParagraphStyle ID="StyleId-49397C49-A894-4B3E-BA5E-1126226BA375-" ALIGN="Left" LEFT="0." RIGHT="0." FIRSTLINE="-12." LINESPACE="11.09000015"/>
<ParagraphStyle ID="StyleId-9E34DD3A-E661-48BD-A3A1-6A3D48346F00-" ALIGN="Block" LEFT="0." RIGHT="0." FIRSTLINE="-14." LINESPACE="11.09000015"/>
<ParagraphStyle ID="StyleId-56CE54AA-A08B-4BAA-8605-F26020A0E36E-" ALIGN="Left" LEFT="0." RIGHT="0." FIRSTLINE="0." LINESPACE="9.399999619"/>
<ParagraphStyle ID="StyleId-77814FFC-C42F-4AA9-9880-EF33B947DEC8-" ALIGN="Left" LEFT="0." RIGHT="0." FIRSTLINE="-11." LINESPACE="11.06999969"/>
<ParagraphStyle ID="StyleId-FDE92EC0-67DC-4C7B-8A24-094B12C38B6C-" ALIGN="Center" LEFT="0." RIGHT="0." FIRSTLINE="0." LINESPACE="11.30000019"/>
<ParagraphStyle ID="StyleId-65180E3B-4C93-4FB8-81EE-E026DD63DBF3-" ALIGN="Left" LEFT="0." RIGHT="0." FIRSTLINE="0." LINESPACE="11.10000038"/>
<ParagraphStyle ID="StyleId-10E885C2-5813-4620-B0AA-0FBA30CF7A32-" ALIGN="Left" LEFT="0." RIGHT="0." FIRSTLINE="0." LINESPACE="9.5"/>
<ParagraphStyle ID="StyleId-913C2DB5-9F02-4067-BAF7-0AED37B60BBE-" ALIGN="Left" LEFT="0." RIGHT="0." FIRSTLINE="0." LINESPACE="6.099999905"/>
<ParagraphStyle ID="StyleId-9C79A9D2-8F08-4A8F-985D-B00E253ED1E5-" ALIGN="Left" LEFT="0." RIGHT="0." FIRSTLINE="0." LINESPACE="4.400000095"/>
<ParagraphStyle ID="StyleId-A41F0407-FEFE-4738-9EC5-E05AFFF62781-" ALIGN="Left" LEFT="0." RIGHT="0." FIRSTLINE="0." LINESPACE="7.300000191"/>
<ParagraphStyle ID="StyleId-61D37176-94E8-408D-9B87-01C406CE8AB2-" ALIGN="Left" LEFT="0." RIGHT="0." FIRSTLINE="0." LINESPACE="8.050000191"/>
</Styles>
<Layout>
<Page ID="Page1378" PHYSICAL_IMG_NR="1378" HEIGHT="4375" WIDTH="2424">
<TopMargin HEIGHT="397" WIDTH="2424" VPOS="0" HPOS="0">
</TopMargin>
<LeftMargin HEIGHT="3659" WIDTH="332" VPOS="397" HPOS="0">
</LeftMargin>
<RightMargin HEIGHT="3659" WIDTH="68" VPOS="397" HPOS="2356">
</RightMargin>
<BottomMargin HEIGHT="319" WIDTH="2424" VPOS="4056" HPOS="0">
<TextBlock ID="Page1378_Block1" HEIGHT="68" WIDTH="152" VPOS="4088" HPOS="1268" LANG="en-US" STYLEREFS="StyleId-E92F8B3A-DDCD-4227-9A11-D78528A420C9-">
<TextLine HEIGHT="49" WIDTH="131" VPOS="4097" HPOS="1279">
<String CONTENT="1378" HEIGHT="49" WIDTH="131" VPOS="4097" HPOS="1279"/>
</TextLine>
</TextBlock>
<GraphicalElement ID="Page1378_Block2" HEIGHT="319" WIDTH="52" VPOS="4056" HPOS="2372"/>
</BottomMargin>
<PrintSpace HEIGHT="3659" WIDTH="2024" VPOS="397" HPOS="332">
<TextBlock ID="Page1378_Block3" HEIGHT="3659" WIDTH="2024" VPOS="397" HPOS="332" LANG="en-US" CS="1" STYLEREFS="StyleId-661D5CFB-F511-4BEC-B602-89FBF8B50A3D-">
<TextLine HEIGHT="68" WIDTH="1993" VPOS="468" HPOS="343" STYLEREFS="StyleId-9573BE88-03B8-4950-BE79-CA6C1C684589-" CS="1">
<String LANG="de" CONTENT="Chicago." HEIGHT="66" WIDTH="276" VPOS="468" HPOS="343"/>
<SP HEIGHT="54" WIDTH="92" VPOS="471" HPOS="620"/>
<String LANG="de" CONTENT="Century" HEIGHT="62" WIDTH="264" VPOS="471" HPOS="713"/>
<SP HEIGHT="47" WIDTH="57" VPOS="486" HPOS="978"/>
<String LANG="en-US" CONTENT="of" HEIGHT="52" WIDTH="64" VPOS="470" HPOS="1036"/>
<SP HEIGHT="63" WIDTH="59" VPOS="470" HPOS="1101"/>
<String LANG="en-US" CONTENT="progress" HEIGHT="48" WIDTH="281" VPOS="486" HPOS="1161"/>
<SP HEIGHT="54" WIDTH="59" VPOS="469" HPOS="1443"/>
<String LANG="de" CONTENT="international" HEIGHT="55" WIDTH="421" VPOS="469" HPOS="1503"/>
<SP HEIGHT="54" WIDTH="61" VPOS="470" HPOS="1925"/>
<String LANG="en-US" CONTENT="exposition," HEIGHT="66" WIDTH="349" VPOS="470" HPOS="1987"/>
</TextLine>
<TextLine HEIGHT="52" WIDTH="326" VPOS="549" HPOS="416" STYLEREFS="StyleId-9573BE88-03B8-4950-BE79-CA6C1C684589-" LANG="de">
<String CONTENT="1933-1934." HEIGHT="52" WIDTH="326" VPOS="549" HPOS="416"/>
</TextLine>
<TextLine HEIGHT="71" WIDTH="1924" VPOS="623" HPOS="414" STYLEREFS="StyleId-424F7699-71A6-4469-801F-AD2A4D9F0AA4-">
<String CONTENT="Official" HEIGHT="56" WIDTH="219" VPOS="623" HPOS="414"/>
<SP HEIGHT="66" WIDTH="29" VPOS="627" HPOS="634"/>
<String CONTENT="guide" HEIGHT="70" WIDTH="172" VPOS="623" HPOS="664"/>
<SP HEIGHT="53" WIDTH="28" VPOS="624" HPOS="837"/>
<String CONTENT="book" HEIGHT="54" WIDTH="146" VPOS="624" HPOS="866"/>
<SP HEIGHT="53" WIDTH="27" VPOS="626" HPOS="1013"/>
<String CONTENT="of" HEIGHT="55" WIDTH="65" VPOS="624" HPOS="1041"/>
<SP HEIGHT="54" WIDTH="25" VPOS="624" HPOS="1107"/>
<String CONTENT="the" HEIGHT="55" WIDTH="96" VPOS="624" HPOS="1133"/>
<SP HEIGHT="35" WIDTH="27" VPOS="644" HPOS="1230"/>
<String CONTENT="world&#8217;s" HEIGHT="53" WIDTH="227" VPOS="625" HPOS="1258"/>
<SP HEIGHT="54" WIDTH="28" VPOS="624" HPOS="1486"/>
<String CONTENT="fair" HEIGHT="55" WIDTH="118" VPOS="623" HPOS="1515"/>
<SP HEIGHT="34" WIDTH="25" VPOS="644" HPOS="1634"/>
<String CONTENT="of" HEIGHT="54" WIDTH="65" VPOS="624" HPOS="1660"/>
<SP HEIGHT="55" WIDTH="31" VPOS="624" HPOS="1726"/>
<String CONTENT="1934." HEIGHT="51" WIDTH="150" VPOS="629" HPOS="1758"/>
<SP HEIGHT="56" WIDTH="73" VPOS="626" HPOS="1909"/>
<String CONTENT="Chicago," HEIGHT="70" WIDTH="269" VPOS="624" HPOS="1983"/>
<SP HEIGHT="67" WIDTH="29" VPOS="627" HPOS="2253"/>
<String CONTENT="A" HEIGHT="52" WIDTH="55" VPOS="627" HPOS="2283"/>
</TextLine>
<TextLine HEIGHT="73" WIDTH="1669" VPOS="701" HPOS="344" STYLEREFS="StyleId-424F7699-71A6-4469-801F-AD2A4D9F0AA4-">
<String CONTENT="Century" HEIGHT="73" WIDTH="256" VPOS="701" HPOS="344"/>
<SP HEIGHT="53" WIDTH="31" VPOS="721" HPOS="601"/>
<String CONTENT="of" HEIGHT="55" WIDTH="64" VPOS="702" HPOS="633"/>
<SP HEIGHT="68" WIDTH="33" VPOS="702" HPOS="698"/>
<String CONTENT="progress" HEIGHT="51" WIDTH="261" VPOS="720" HPOS="732"/>
<SP HEIGHT="55" WIDTH="33" VPOS="702" HPOS="994"/>
<String CONTENT="international" HEIGHT="55" WIDTH="408" VPOS="702" HPOS="1028"/>
<SP HEIGHT="53" WIDTH="31" VPOS="704" HPOS="1437"/>
<String CONTENT="exposition," HEIGHT="69" WIDTH="338" VPOS="702" HPOS="1469"/>
<SP HEIGHT="60" WIDTH="32" VPOS="710" HPOS="1808"/>
<String STYLE="superscript" CONTENT="c" HEIGHT="22" WIDTH="18" VPOS="710" HPOS="1841"/>
<String CONTENT="1934." HEIGHT="50" WIDTH="149" VPOS="708" HPOS="1864"/>
</TextLine>
<TextLine HEIGHT="51" WIDTH="1352" VPOS="774" HPOS="417" CS="1">
<String CONTENT="192" HEIGHT="42" WIDTH="87" VPOS="774" HPOS="417"/>
<SP HEIGHT="51" WIDTH="25" VPOS="774" HPOS="505"/>
<String CONTENT="p." HEIGHT="39" WIDTH="44" VPOS="786" HPOS="531"/>
<SP HEIGHT="42" WIDTH="58" VPOS="774" HPOS="576"/>
<String CONTENT="illus." HEIGHT="42" WIDTH="129" VPOS="774" HPOS="635"/>
<SP HEIGHT="50" WIDTH="26" VPOS="775" HPOS="765"/>
<String CONTENT="(incl." HEIGHT="50" WIDTH="133" VPOS="775" HPOS="792"/>
<SP HEIGHT="39" WIDTH="28" VPOS="786" HPOS="926"/>
<String CONTENT="ports.)" HEIGHT="49" WIDTH="174" VPOS="776" HPOS="955"/>
<SP HEIGHT="47" WIDTH="37" VPOS="776" HPOS="1130"/>
<String CONTENT="maps" HEIGHT="39" WIDTH="137" VPOS="784" HPOS="1168"/>
<SP HEIGHT="48" WIDTH="27" VPOS="777" HPOS="1306"/>
<String CONTENT="(1" HEIGHT="50" WIDTH="47" VPOS="775" HPOS="1334"/>
<SP HEIGHT="41" WIDTH="29" VPOS="774" HPOS="1382"/>
<String CONTENT="fold.)" HEIGHT="49" WIDTH="144" VPOS="774" HPOS="1412"/>
<SP HEIGHT="47" WIDTH="65" VPOS="776" HPOS="1557"/>
<String CS="1" CONTENT="21&#189;" HEIGHT="40" WIDTH="55" VPOS="776" HPOS="1623"/>
<String STYLE="superscript" CONTENT="cm" HEIGHT="22" WIDTH="44" VPOS="779" HPOS="1711"/>
<String CONTENT="." HEIGHT="9" WIDTH="10" VPOS="806" HPOS="1759"/>
</TextLine>
<TextLine HEIGHT="49" WIDTH="778" VPOS="833" HPOS="418">
<String CONTENT="Includes" HEIGHT="41" WIDTH="225" VPOS="833" HPOS="418"/>
<SP HEIGHT="31" WIDTH="28" VPOS="842" HPOS="644"/>
<String CONTENT="advertising" HEIGHT="49" WIDTH="302" VPOS="833" HPOS="673"/>
<SP HEIGHT="38" WIDTH="25" VPOS="844" HPOS="976"/>
<String CONTENT="matter." HEIGHT="38" WIDTH="194" VPOS="836" HPOS="1002"/>
</TextLine>
<TextLine HEIGHT="53" WIDTH="1996" VPOS="893" HPOS="343" CS="1">
<String CONTENT="&#169;" HEIGHT="53" WIDTH="55" VPOS="893" HPOS="343"/>
<SP HEIGHT="53" WIDTH="29" VPOS="893" HPOS="399"/>
<String CONTENT="May" HEIGHT="46" WIDTH="114" VPOS="899" HPOS="429"/>
<SP HEIGHT="47" WIDTH="22" VPOS="898" HPOS="544"/>
<String CONTENT="26," HEIGHT="46" WIDTH="72" VPOS="898" HPOS="567"/>
<SP HEIGHT="46" WIDTH="30" VPOS="898" HPOS="640"/>
<String CS="1" CONTENT="1934;" HEIGHT="41" WIDTH="114" VPOS="896" HPOS="671"/>
<SP HEIGHT="41" WIDTH="32" VPOS="897" HPOS="812"/>
<String CONTENT="2c." HEIGHT="40" WIDTH="67" VPOS="897" HPOS="845"/>
<SP HEIGHT="39" WIDTH="31" VPOS="898" HPOS="913"/>
<String CONTENT="Mar." HEIGHT="39" WIDTH="121" VPOS="898" HPOS="945"/>
<SP HEIGHT="39" WIDTH="28" VPOS="898" HPOS="1067"/>
<String CONTENT="4," HEIGHT="46" WIDTH="41" VPOS="898" HPOS="1096"/>
<SP HEIGHT="46" WIDTH="30" VPOS="898" HPOS="1138"/>
<String CS="1" CONTENT="1935;" HEIGHT="40" WIDTH="115" VPOS="897" HPOS="1169"/>
<SP HEIGHT="35" WIDTH="33" VPOS="908" HPOS="1310"/>
<String CONTENT="aff." HEIGHT="41" WIDTH="81" VPOS="896" HPOS="1344"/>
<SP HEIGHT="41" WIDTH="33" VPOS="896" HPOS="1426"/>
<String CONTENT="Feb." HEIGHT="41" WIDTH="110" VPOS="896" HPOS="1460"/>
<SP HEIGHT="39" WIDTH="31" VPOS="898" HPOS="1571"/>
<String CS="1" CONTENT="14;" HEIGHT="39" WIDTH="55" VPOS="898" HPOS="1603"/>
<SP HEIGHT="46" WIDTH="35" VPOS="897" HPOS="1685"/>
<!-- cceid 9476C197-6D82-1014-B070-FDFD250A9EDA --><String CONTENT="A" HEIGHT="40" WIDTH="38" VPOS="897" HPOS="1721"/>
<SP HEIGHT="41" WIDTH="30" VPOS="897" HPOS="1760"/>
<String CS="1" CONTENT="79915;" HEIGHT="41" WIDTH="145" VPOS="897" HPOS="1791"/>
<SP HEIGHT="45" WIDTH="33" VPOS="898" HPOS="1962"/>
<String CONTENT="Cuneo" HEIGHT="41" WIDTH="162" VPOS="898" HPOS="1996"/>
<SP HEIGHT="37" WIDTH="30" VPOS="909" HPOS="2159"/>
<String CONTENT="press," HEIGHT="38" WIDTH="149" VPOS="908" HPOS="2190"/>
</TextLine>
<TextLine HEIGHT="49" WIDTH="708" VPOS="953" HPOS="414">
<String CONTENT="inc.," HEIGHT="48" WIDTH="105" VPOS="954" HPOS="414"/>
<SP HEIGHT="47" WIDTH="25" VPOS="955" HPOS="520"/>
<String CONTENT="Chicago." HEIGHT="48" WIDTH="222" VPOS="954" HPOS="546"/>
<SP HEIGHT="47" WIDTH="72" VPOS="954" HPOS="769"/>
<String CONTENT="(35-18680)" HEIGHT="48" WIDTH="280" VPOS="953" HPOS="842"/>
</TextLine>
<TextLine HEIGHT="66" WIDTH="1135" VPOS="1057" HPOS="346" STYLEREFS="StyleId-424F7699-71A6-4469-801F-AD2A4D9F0AA4-">
<String CONTENT="Coatsworth," HEIGHT="66" WIDTH="394" VPOS="1057" HPOS="346"/>
<SP HEIGHT="63" WIDTH="31" VPOS="1060" HPOS="741"/>
<String CONTENT="Elizabeth" HEIGHT="55" WIDTH="306" VPOS="1057" HPOS="773"/>
<SP HEIGHT="54" WIDTH="29" VPOS="1059" HPOS="1080"/>
<String CONTENT="Jane," HEIGHT="63" WIDTH="166" VPOS="1060" HPOS="1110"/>
<SP HEIGHT="58" WIDTH="33" VPOS="1065" HPOS="1277"/>
<String CONTENT="1893-" HEIGHT="50" WIDTH="170" VPOS="1063" HPOS="1311"/>
</TextLine>
<TextLine HEIGHT="68" WIDTH="1923" VPOS="1136" HPOS="416" STYLEREFS="StyleId-424F7699-71A6-4469-801F-AD2A4D9F0AA4-">
<String CONTENT="The" HEIGHT="52" WIDTH="122" VPOS="1137" HPOS="416"/>
<SP HEIGHT="48" WIDTH="28" VPOS="1156" HPOS="539"/>
<String CONTENT="golden" HEIGHT="67" WIDTH="207" VPOS="1137" HPOS="568"/>
<SP HEIGHT="51" WIDTH="30" VPOS="1138" HPOS="776"/>
<String CONTENT="horseshoe," HEIGHT="52" WIDTH="315" VPOS="1138" HPOS="807"/>
<SP HEIGHT="52" WIDTH="29" VPOS="1138" HPOS="1123"/>
<String CONTENT="by" HEIGHT="65" WIDTH="75" VPOS="1138" HPOS="1153"/>
<SP HEIGHT="64" WIDTH="32" VPOS="1139" HPOS="1229"/>
<String CONTENT="Elizabeth" HEIGHT="52" WIDTH="299" VPOS="1138" HPOS="1262"/>
<SP HEIGHT="54" WIDTH="33" VPOS="1138" HPOS="1562"/>
<String CONTENT="Coatsworth;" HEIGHT="66" WIDTH="387" VPOS="1138" HPOS="1596"/>
<SP HEIGHT="67" WIDTH="33" VPOS="1137" HPOS="1984"/>
<String CONTENT="illustrated" HEIGHT="55" WIDTH="321" VPOS="1136" HPOS="2018"/>
</TextLine>
<TextLine HEIGHT="68" WIDTH="1992" VPOS="1216" HPOS="347" STYLEREFS="StyleId-424F7699-71A6-4469-801F-AD2A4D9F0AA4-">
<String CONTENT="by" HEIGHT="65" WIDTH="73" VPOS="1217" HPOS="347"/>
<SP HEIGHT="64" WIDTH="22" VPOS="1218" HPOS="421"/>
<String CONTENT="Robert" HEIGHT="52" WIDTH="213" VPOS="1217" HPOS="444"/>
<SP HEIGHT="51" WIDTH="17" VPOS="1218" HPOS="658"/>
<String CONTENT="Lawson." HEIGHT="51" WIDTH="255" VPOS="1218" HPOS="676"/>
<SP HEIGHT="51" WIDTH="76" VPOS="1217" HPOS="932"/>
<String CONTENT="New" HEIGHT="52" WIDTH="137" VPOS="1217" HPOS="1009"/>
<SP HEIGHT="51" WIDTH="22" VPOS="1218" HPOS="1147"/>
<String CONTENT="York," HEIGHT="66" WIDTH="179" VPOS="1216" HPOS="1170"/>
<SP HEIGHT="64" WIDTH="21" VPOS="1218" HPOS="1350"/>
<String CONTENT="The" HEIGHT="53" WIDTH="119" VPOS="1217" HPOS="1372"/>
<SP HEIGHT="52" WIDTH="21" VPOS="1218" HPOS="1492"/>
<String CONTENT="Macmillan" HEIGHT="53" WIDTH="332" VPOS="1217" HPOS="1514"/>
<SP HEIGHT="34" WIDTH="21" VPOS="1235" HPOS="1847"/>
<String CONTENT="company," HEIGHT="50" WIDTH="296" VPOS="1234" HPOS="1869"/>
<SP HEIGHT="63" WIDTH="23" VPOS="1220" HPOS="2166"/>
<String CONTENT="1935." HEIGHT="50" WIDTH="149" VPOS="1220" HPOS="2190"/>
</TextLine>
<TextLine HEIGHT="49" WIDTH="1385" VPOS="1289" HPOS="417" STYLEREFS="StyleId-424F7699-71A6-4469-801F-AD2A4D9F0AA4-" CS="1">
<String CONTENT="7" HEIGHT="40" WIDTH="28" VPOS="1290" HPOS="417"/>
<SP HEIGHT="48" WIDTH="21" VPOS="1290" HPOS="446"/>
<String LANG="fr" CONTENT="p." HEIGHT="37" WIDTH="42" VPOS="1301" HPOS="468"/>
<SP/>
<String LANG="fr" CS="1" CONTENT="l.,"/>
<SP/>
<String CONTENT="3-151," HEIGHT="47" WIDTH="159" VPOS="1289" HPOS="606"/>
<SP HEIGHT="29" WIDTH="29" VPOS="1309" HPOS="766"/>
<String CONTENT="[2]" HEIGHT="48" WIDTH="54" VPOS="1290" HPOS="796"/>
<SP HEIGHT="37" WIDTH="26" VPOS="1301" HPOS="851"/>
<String CONTENT="p." HEIGHT="37" WIDTH="42" VPOS="1301" HPOS="878"/>
<SP HEIGHT="39" WIDTH="28" VPOS="1290" HPOS="921"/>
<String CONTENT="incl." HEIGHT="40" WIDTH="108" VPOS="1290" HPOS="950"/>
<SP HEIGHT="39" WIDTH="27" VPOS="1290" HPOS="1059"/>
<String CONTENT="illus.," HEIGHT="45" WIDTH="142" VPOS="1290" HPOS="1087"/>
<SP HEIGHT="37" WIDTH="27" VPOS="1300" HPOS="1230"/>
<String CONTENT="plates," HEIGHT="47" WIDTH="169" VPOS="1290" HPOS="1258"/>
<SP HEIGHT="40" WIDTH="54" VPOS="1289" HPOS="1428"/>
<String CONTENT="front." HEIGHT="40" WIDTH="149" VPOS="1289" HPOS="1483"/>
<SP HEIGHT="40" WIDTH="52" VPOS="1289" HPOS="1633"/>
<String CONTENT="21" HEIGHT="40" WIDTH="56" VPOS="1289" HPOS="1686"/>
<String STYLE="superscript" CS="1" CONTENT="cm" HEIGHT="21" WIDTH="15" VPOS="1292" HPOS="1745"/>
<String CONTENT="." HEIGHT="8" WIDTH="8" VPOS="1321" HPOS="1794"/>
</TextLine>
<TextLine HEIGHT="50" WIDTH="685" VPOS="1345" HPOS="419">
<String CONTENT="Illustrated" HEIGHT="40" WIDTH="288" VPOS="1347" HPOS="419"/>
<SP HEIGHT="39" WIDTH="33" VPOS="1347" HPOS="708"/>
<String CONTENT="lining-papers." HEIGHT="50" WIDTH="362" VPOS="1345" HPOS="742"/>
</TextLine>
<TextLine HEIGHT="109" WIDTH="1608" VPOS="1406" HPOS="347" CS="1">
<String CONTENT="&#169;" HEIGHT="54" WIDTH="53" VPOS="1406" HPOS="347"/>
<SP HEIGHT="54" WIDTH="24" VPOS="1406" HPOS="401"/>
<String CONTENT="Oct." HEIGHT="40" WIDTH="101" VPOS="1411" HPOS="426"/>
<SP HEIGHT="40" WIDTH="24" VPOS="1411" HPOS="528"/>
<String CONTENT="8," HEIGHT="43" WIDTH="39" VPOS="1411" HPOS="553"/>
<SP HEIGHT="42" WIDTH="25" VPOS="1412" HPOS="593"/>
<String CS="1" CONTENT="1935;" HEIGHT="41" WIDTH="115" VPOS="1410" HPOS="619"/>
<SP HEIGHT="41" WIDTH="26" VPOS="1410" HPOS="759"/>
<String CONTENT="2c." HEIGHT="40" WIDTH="67" VPOS="1410" HPOS="786"/>
<SP HEIGHT="29" WIDTH="22" VPOS="1421" HPOS="854"/>
<String CONTENT="and" HEIGHT="39" WIDTH="97" VPOS="1411" HPOS="877"/>
<SP HEIGHT="39" WIDTH="23" VPOS="1411" HPOS="975"/>
<String CONTENT="aff." HEIGHT="40" WIDTH="80" VPOS="1410" HPOS="999"/>
<SP HEIGHT="40" WIDTH="26" VPOS="1410" HPOS="1080"/>
<String CONTENT="Oct." HEIGHT="40" WIDTH="102" VPOS="1410" HPOS="1107"/>
<SP HEIGHT="40" WIDTH="23" VPOS="1410" HPOS="1210"/>
<String CS="1" CONTENT="9;" HEIGHT="39" WIDTH="30" VPOS="1410" HPOS="1234"/>
<SP HEIGHT="45" WIDTH="27" VPOS="1411" HPOS="1288"/>
<!-- cceid 94770D47-6D82-1014-B070-FDFD250A9EDA --><String CONTENT="A" HEIGHT="38" WIDTH="40" VPOS="1411" HPOS="1316"/>
<SP HEIGHT="40" WIDTH="24" VPOS="1411" HPOS="1357"/>
<String CS="1" CONTENT="87539;" HEIGHT="42" WIDTH="143" VPOS="1409" HPOS="1382"/>
<SP HEIGHT="45" WIDTH="27" VPOS="1411" HPOS="1553"/>
<String CONTENT="Macmillan" HEIGHT="41" WIDTH="282" VPOS="1409" HPOS="1581"/>
<SP HEIGHT="29" WIDTH="23" VPOS="1421" HPOS="1864"/>
<String LANG="ru" CONTENT="co." HEIGHT="29" WIDTH="67" VPOS="1421" HPOS="1888"/>
<SP/>
<String CONTENT="(35-18415)" HEIGHT="47" WIDTH="279" VPOS="1468" HPOS="428"/>
</TextLine>
<TextLine HEIGHT="66" WIDTH="956" VPOS="1568" HPOS="352" STYLEREFS="StyleId-52C9ECBF-FB30-4707-9985-90F30D1D8822-">
<String CONTENT="Collins," HEIGHT="65" WIDTH="234" VPOS="1569" HPOS="352"/>
<SP HEIGHT="64" WIDTH="27" VPOS="1570" HPOS="587"/>
<String CONTENT="Alan" HEIGHT="55" WIDTH="152" VPOS="1568" HPOS="615"/>
<SP HEIGHT="54" WIDTH="27" VPOS="1571" HPOS="768"/>
<String CONTENT="Copeland," HEIGHT="66" WIDTH="311" VPOS="1568" HPOS="796"/>
<SP HEIGHT="57" WIDTH="29" VPOS="1576" HPOS="1108"/>
<String CONTENT="1902-" HEIGHT="50" WIDTH="170" VPOS="1575" HPOS="1138"/>
</TextLine>
<TextLine HEIGHT="133" WIDTH="1964" VPOS="1643" HPOS="353" STYLEREFS="StyleId-424F7699-71A6-4469-801F-AD2A4D9F0AA4-" CS="1">
<String CONTENT="The" HEIGHT="53" WIDTH="121" VPOS="1646" HPOS="420"/>
<SP HEIGHT="35" WIDTH="25" VPOS="1664" HPOS="542"/>
<String CONTENT="story" HEIGHT="63" WIDTH="159" VPOS="1651" HPOS="568"/>
<SP HEIGHT="50" WIDTH="26" VPOS="1664" HPOS="728"/>
<String CONTENT="of" HEIGHT="54" WIDTH="64" VPOS="1645" HPOS="755"/>
<SP HEIGHT="53" WIDTH="25" VPOS="1645" HPOS="820"/>
<String CONTENT="America" HEIGHT="54" WIDTH="264" VPOS="1644" HPOS="846"/>
<SP HEIGHT="53" WIDTH="27" VPOS="1645" HPOS="1111"/>
<String CONTENT="in" HEIGHT="53" WIDTH="59" VPOS="1645" HPOS="1139"/>
<SP HEIGHT="51" WIDTH="30" VPOS="1663" HPOS="1199"/>
<String CONTENT="pictures," HEIGHT="70" WIDTH="267" VPOS="1644" HPOS="1230"/>
<SP HEIGHT="49" WIDTH="26" VPOS="1663" HPOS="1498"/>
<String CONTENT="arranged" HEIGHT="69" WIDTH="282" VPOS="1644" HPOS="1525"/>
<SP HEIGHT="54" WIDTH="25" VPOS="1644" HPOS="1808"/>
<String CONTENT="by" HEIGHT="68" WIDTH="75" VPOS="1644" HPOS="1834"/>
<SP HEIGHT="69" WIDTH="26" VPOS="1643" HPOS="1910"/>
<String CONTENT="Alan" HEIGHT="55" WIDTH="154" VPOS="1643" HPOS="1937"/>
<SP HEIGHT="56" WIDTH="26" VPOS="1644" HPOS="2092"/>
<String CONTENT="C." HEIGHT="56" WIDTH="66" VPOS="1644" HPOS="2119"/>
<SP HEIGHT="56" WIDTH="26" VPOS="1644" HPOS="2186"/>
<String CS="1" CONTENT="Collins;" HEIGHT="132" WIDTH="1964" VPOS="1644" HPOS="353"/>
</TextLine>
<TextLine HEIGHT="71" WIDTH="1820" VPOS="1721" HPOS="522" STYLEREFS="StyleId-424F7699-71A6-4469-801F-AD2A4D9F0AA4-">
<String CONTENT="introduction" HEIGHT="55" WIDTH="388" VPOS="1722" HPOS="522"/>
<SP HEIGHT="54" WIDTH="30" VPOS="1722" HPOS="911"/>
<String CONTENT="by" HEIGHT="70" WIDTH="75" VPOS="1722" HPOS="942"/>
<SP HEIGHT="69" WIDTH="26" VPOS="1723" HPOS="1018"/>
<String CONTENT="Claude" HEIGHT="57" WIDTH="220" VPOS="1722" HPOS="1045"/>
<SP HEIGHT="56" WIDTH="26" VPOS="1722" HPOS="1266"/>
<String CONTENT="G." HEIGHT="56" WIDTH="70" VPOS="1722" HPOS="1293"/>
<SP HEIGHT="51" WIDTH="29" VPOS="1724" HPOS="1364"/>
<String CONTENT="Bowers." HEIGHT="52" WIDTH="249" VPOS="1724" HPOS="1394"/>
<SP HEIGHT="56" WIDTH="62" VPOS="1722" HPOS="1644"/>
<String CONTENT="Garden" HEIGHT="56" WIDTH="231" VPOS="1722" HPOS="1707"/>
<SP HEIGHT="57" WIDTH="28" VPOS="1721" HPOS="1939"/>
<String CONTENT="City," HEIGHT="69" WIDTH="155" VPOS="1721" HPOS="1968"/>
<SP HEIGHT="68" WIDTH="25" VPOS="1722" HPOS="2124"/>
<String CONTENT="N." HEIGHT="54" WIDTH="70" VPOS="1722" HPOS="2150"/>
<SP HEIGHT="53" WIDTH="31" VPOS="1723" HPOS="2221"/>
<String CONTENT="Y.," HEIGHT="64" WIDTH="89" VPOS="1723" HPOS="2253"/>
</TextLine>
<TextLine HEIGHT="71" WIDTH="1315" VPOS="1799" HPOS="350" STYLEREFS="StyleId-424F7699-71A6-4469-801F-AD2A4D9F0AA4-">
<String CONTENT="Doubleday," HEIGHT="71" WIDTH="357" VPOS="1799" HPOS="350"/>
<SP HEIGHT="67" WIDTH="25" VPOS="1801" HPOS="708"/>
<String CONTENT="Doran" HEIGHT="53" WIDTH="196" VPOS="1801" HPOS="734"/>
<SP HEIGHT="51" WIDTH="26" VPOS="1803" HPOS="931"/>
<String CONTENT="&amp;" HEIGHT="51" WIDTH="47" VPOS="1803" HPOS="958"/>
<SP HEIGHT="51" WIDTH="25" VPOS="1803" HPOS="1006"/>
<String CONTENT="company," HEIGHT="50" WIDTH="297" VPOS="1818" HPOS="1032"/>
<SP HEIGHT="66" WIDTH="25" VPOS="1801" HPOS="1330"/>
<String CONTENT="inc.," HEIGHT="67" WIDTH="127" VPOS="1801" HPOS="1356"/>
<SP HEIGHT="63" WIDTH="30" VPOS="1805" HPOS="1484"/>
<String CONTENT="1935." HEIGHT="51" WIDTH="150" VPOS="1803" HPOS="1515"/>
</TextLine>
<TextLine HEIGHT="52" WIDTH="1443" VPOS="1872" HPOS="421" CS="1">
<String CONTENT="xiv," HEIGHT="49" WIDTH="97" VPOS="1874" HPOS="421"/>
<SP/>
<String CONTENT="15-447" HEIGHT="41" WIDTH="172" VPOS="1874" HPOS="547"/>
<SP HEIGHT="49" WIDTH="27" VPOS="1875" HPOS="720"/>
<String CONTENT="p." HEIGHT="39" WIDTH="45" VPOS="1885" HPOS="748"/>
<SP HEIGHT="30" WIDTH="25" VPOS="1886" HPOS="794"/>
<String CONTENT="of" HEIGHT="43" WIDTH="52" VPOS="1873" HPOS="820"/>
<SP HEIGHT="41" WIDTH="24" VPOS="1873" HPOS="873"/>
<String CONTENT="illus." HEIGHT="41" WIDTH="126" VPOS="1874" HPOS="898"/>
<SP HEIGHT="48" WIDTH="28" VPOS="1874" HPOS="1025"/>
<String CONTENT="(incl." HEIGHT="48" WIDTH="134" VPOS="1874" HPOS="1054"/>
<SP HEIGHT="39" WIDTH="27" VPOS="1884" HPOS="1189"/>
<String CONTENT="ports.," HEIGHT="47" WIDTH="164" VPOS="1876" HPOS="1217"/>
<SP HEIGHT="48" WIDTH="27" VPOS="1874" HPOS="1382"/>
<String CONTENT="facsims.)" HEIGHT="48" WIDTH="240" VPOS="1874" HPOS="1410"/>
<SP HEIGHT="50" WIDTH="66" VPOS="1872" HPOS="1651"/>
<String CS="1" CONTENT="23&#189;cm." HEIGHT="42" WIDTH="146" VPOS="1872" HPOS="1718"/>
</TextLine>
<TextLine HEIGHT="42" WIDTH="421" VPOS="1931" HPOS="421">
<String CONTENT="&#8220;First" HEIGHT="41" WIDTH="163" VPOS="1932" HPOS="421"/>
<SP HEIGHT="38" WIDTH="27" VPOS="1935" HPOS="585"/>
<String CONTENT="edition.&#8221;" HEIGHT="42" WIDTH="229" VPOS="1931" HPOS="613"/>
</TextLine>
<TextLine HEIGHT="53" WIDTH="1992" VPOS="1993" HPOS="350" CS="1">
<String CONTENT="&#169;" HEIGHT="53" WIDTH="53" VPOS="1993" HPOS="350"/>
<SP HEIGHT="53" WIDTH="28" VPOS="1993" HPOS="404"/>
<String CONTENT="Sept." HEIGHT="47" WIDTH="127" VPOS="1998" HPOS="433"/>
<SP HEIGHT="39" WIDTH="26" VPOS="1996" HPOS="561"/>
<String CONTENT="27," HEIGHT="46" WIDTH="70" VPOS="1996" HPOS="588"/>
<SP HEIGHT="45" WIDTH="27" VPOS="1997" HPOS="659"/>
<String CS="1" CONTENT="1935;" HEIGHT="41" WIDTH="117" VPOS="1995" HPOS="687"/>
<SP HEIGHT="47" WIDTH="28" VPOS="1995" HPOS="828"/>
<String CONTENT="2c." HEIGHT="40" WIDTH="64" VPOS="1995" HPOS="857"/>
<SP HEIGHT="29" WIDTH="29" VPOS="2006" HPOS="922"/>
<String CONTENT="and" HEIGHT="39" WIDTH="95" VPOS="1996" HPOS="952"/>
<SP HEIGHT="39" WIDTH="27" VPOS="1996" HPOS="1048"/>
<String CONTENT="aff." HEIGHT="41" WIDTH="81" VPOS="1993" HPOS="1076"/>
<SP HEIGHT="41" WIDTH="29" VPOS="1994" HPOS="1158"/>
<String CONTENT="Oct." HEIGHT="41" WIDTH="102" VPOS="1994" HPOS="1188"/>
<SP HEIGHT="40" WIDTH="26" VPOS="1994" HPOS="1291"/>
<String CS="1" CONTENT="2;" HEIGHT="39" WIDTH="26" VPOS="1994" HPOS="1318"/>
<SP HEIGHT="46" WIDTH="31" VPOS="1994" HPOS="1372"/>
<!-- cceid 947757EE-6D82-1014-B070-FDFD250A9EDA --><String CONTENT="A" HEIGHT="39" WIDTH="39" VPOS="1994" HPOS="1404"/>
<SP HEIGHT="40" WIDTH="27" VPOS="1994" HPOS="1444"/>
<String CS="1" CONTENT="87454;" HEIGHT="40" WIDTH="143" VPOS="1994" HPOS="1472"/>
<SP HEIGHT="45" WIDTH="29" VPOS="1995" HPOS="1643"/>
<String CONTENT="Doubleday," HEIGHT="48" WIDTH="297" VPOS="1994" HPOS="1673"/>
<SP HEIGHT="47" WIDTH="29" VPOS="1995" HPOS="1971"/>
<String CONTENT="Doran" HEIGHT="39" WIDTH="165" VPOS="1995" HPOS="2001"/>
<SP HEIGHT="39" WIDTH="29" VPOS="1995" HPOS="2167"/>
<String CONTENT="&amp;" HEIGHT="39" WIDTH="37" VPOS="1995" HPOS="2197"/>
<SP HEIGHT="39" WIDTH="25" VPOS="1995" HPOS="2235"/>
<String LANG="ru" CONTENT="co.," HEIGHT="37" WIDTH="81" VPOS="2005" HPOS="2261"/>
</TextLine>
<TextLine HEIGHT="48" WIDTH="415" VPOS="2052" HPOS="423" CS="1">
<String CONTENT="inc." HEIGHT="39" WIDTH="90" VPOS="2055" HPOS="423"/>
<SP HEIGHT="47" WIDTH="68" VPOS="2053" HPOS="514"/>
<String CS="1" CONTENT="(35-18405)" HEIGHT="48" WIDTH="255" VPOS="2052" HPOS="583"/>
</TextLine>
<TextLine HEIGHT="66" WIDTH="643" VPOS="2155" HPOS="348" STYLEREFS="StyleId-52C9ECBF-FB30-4707-9985-90F30D1D8822-">
<String CONTENT="Cook," HEIGHT="65" WIDTH="175" VPOS="2156" HPOS="348"/>
<SP HEIGHT="65" WIDTH="28" VPOS="2156" HPOS="524"/>
<String CONTENT="Glen" HEIGHT="54" WIDTH="143" VPOS="2156" HPOS="553"/>
<SP HEIGHT="54" WIDTH="31" VPOS="2156" HPOS="697"/>
<String CONTENT="Charles." HEIGHT="55" WIDTH="262" VPOS="2155" HPOS="729"/>
</TextLine>
<TextLine HEIGHT="72" WIDTH="1923" VPOS="2227" HPOS="417" STYLEREFS="StyleId-424F7699-71A6-4469-801F-AD2A4D9F0AA4-">
<String CONTENT="Farm" HEIGHT="52" WIDTH="176" VPOS="2232" HPOS="417"/>
<SP HEIGHT="35" WIDTH="23" VPOS="2249" HPOS="594"/>
<String CONTENT="mechanics" HEIGHT="54" WIDTH="317" VPOS="2230" HPOS="618"/>
<SP HEIGHT="48" WIDTH="26" VPOS="2236" HPOS="936"/>
<String CONTENT="text" HEIGHT="48" WIDTH="121" VPOS="2235" HPOS="963"/>
<SP HEIGHT="48" WIDTH="25" VPOS="2235" HPOS="1085"/>
<String CONTENT="and" HEIGHT="53" WIDTH="113" VPOS="2230" HPOS="1111"/>
<SP HEIGHT="53" WIDTH="27" VPOS="2230" HPOS="1225"/>
<String CONTENT="handbook," HEIGHT="67" WIDTH="323" VPOS="2229" HPOS="1253"/>
<SP HEIGHT="67" WIDTH="26" VPOS="2229" HPOS="1577"/>
<String CONTENT="by" HEIGHT="70" WIDTH="75" VPOS="2229" HPOS="1604"/>
<SP HEIGHT="71" WIDTH="26" VPOS="2228" HPOS="1680"/>
<String LANG="fr" CONTENT="G." HEIGHT="56" WIDTH="70" VPOS="2228" HPOS="1707"/>
<SP HEIGHT="57" WIDTH="28" VPOS="2227" HPOS="1778"/>
<String CONTENT="C." HEIGHT="57" WIDTH="62" VPOS="2227" HPOS="1807"/>
<SP HEIGHT="56" WIDTH="31" VPOS="2228" HPOS="1870"/>
<String CONTENT="Cook" HEIGHT="56" WIDTH="158" VPOS="2228" HPOS="1902"/>
<SP HEIGHT="52" WIDTH="29" VPOS="2229" HPOS="2061"/>
<String CONTENT="&#8230;" HEIGHT="10" WIDTH="56" VPOS="2272" HPOS="2091"/>
<SP HEIGHT="54" WIDTH="33" VPOS="2228" HPOS="2148"/>
<String CONTENT="L." HEIGHT="54" WIDTH="64" VPOS="2228" HPOS="2182"/>
<SP HEIGHT="53" WIDTH="27" VPOS="2229" HPOS="2247"/>
<String CONTENT="L." HEIGHT="53" WIDTH="65" VPOS="2229" HPOS="2275"/>
</TextLine>
<TextLine HEIGHT="134" WIDTH="1973" VPOS="2306" HPOS="346" STYLEREFS="StyleId-424F7699-71A6-4469-801F-AD2A4D9F0AA4-" CS="1">
<String CONTENT="Scranton" HEIGHT="56" WIDTH="281" VPOS="2307" HPOS="348"/>
<SP HEIGHT="34" WIDTH="33" VPOS="2327" HPOS="630"/>
<String CONTENT="&#8230;" HEIGHT="10" WIDTH="57" VPOS="2351" HPOS="664"/>
<SP HEIGHT="35" WIDTH="33" VPOS="2326" HPOS="722"/>
<String CONTENT="and" HEIGHT="53" WIDTH="113" VPOS="2308" HPOS="756"/>
<SP HEIGHT="54" WIDTH="23" VPOS="2307" HPOS="870"/>
<String LANG="fr" CONTENT="H." HEIGHT="54" WIDTH="78" VPOS="2307" HPOS="894"/>
<SP HEIGHT="53" WIDTH="26" VPOS="2308" HPOS="973"/>
<String CONTENT="F." HEIGHT="52" WIDTH="65" VPOS="2308" HPOS="1000"/>
<SP HEIGHT="53" WIDTH="27" VPOS="2307" HPOS="1066"/>
<String CONTENT="McColly" HEIGHT="70" WIDTH="266" VPOS="2306" HPOS="1094"/>
<SP HEIGHT="50" WIDTH="34" VPOS="2326" HPOS="1361"/>
<String CONTENT="&#8230;" HEIGHT="10" WIDTH="56" VPOS="2350" HPOS="1396"/>
<SP HEIGHT="35" WIDTH="73" VPOS="2339" HPOS="1453"/>
<String CONTENT="[Danville," HEIGHT="70" WIDTH="306" VPOS="2306" HPOS="1527"/>
<SP HEIGHT="69" WIDTH="27" VPOS="2307" HPOS="1834"/>
<String CONTENT="Ill.," HEIGHT="69" WIDTH="115" VPOS="2307" HPOS="1862"/>
<SP HEIGHT="68" WIDTH="26" VPOS="2308" HPOS="1978"/>
<String CONTENT="The" HEIGHT="53" WIDTH="121" VPOS="2308" HPOS="2005"/>
<SP HEIGHT="54" WIDTH="28" VPOS="2307" HPOS="2127"/>
<String CONTENT="Interstate" HEIGHT="133" WIDTH="1973" VPOS="2307" HPOS="346"/>
</TextLine>
<TextLine HEIGHT="69" WIDTH="569" VPOS="2386" HPOS="518" STYLEREFS="StyleId-424F7699-71A6-4469-801F-AD2A4D9F0AA4-">
<String LANG="en-US" CONTENT="printing" HEIGHT="69" WIDTH="265" VPOS="2386" HPOS="518"/>
<SP HEIGHT="50" WIDTH="23" VPOS="2404" HPOS="784"/>
<String LANG="ru" CONTENT="co.," HEIGHT="49" WIDTH="99" VPOS="2404" HPOS="808"/>
<SP HEIGHT="64" WIDTH="28" VPOS="2389" HPOS="908"/>
<String LANG="en-US" CONTENT="1935." HEIGHT="51" WIDTH="150" VPOS="2388" HPOS="937"/>
</TextLine>
<TextLine HEIGHT="53" WIDTH="650" VPOS="2457" HPOS="417" CS="1">
<String CONTENT="450," HEIGHT="48" WIDTH="99" VPOS="2458" HPOS="417"/>
<SP HEIGHT="31" WIDTH="30" VPOS="2479" HPOS="517"/>
<String CONTENT="[4]" HEIGHT="50" WIDTH="54" VPOS="2460" HPOS="548"/>
<SP HEIGHT="40" WIDTH="26" VPOS="2470" HPOS="603"/>
<String CONTENT="p." HEIGHT="38" WIDTH="43" VPOS="2470" HPOS="630"/>
<SP HEIGHT="42" WIDTH="59" VPOS="2458" HPOS="674"/>
<String CONTENT="illus." HEIGHT="41" WIDTH="128" VPOS="2458" HPOS="734"/>
<SP HEIGHT="42" WIDTH="57" VPOS="2457" HPOS="863"/>
<String CS="1" CONTENT="23&#189;" HEIGHT="41" WIDTH="56" VPOS="2457" HPOS="921"/>
<String STYLE="superscript" CONTENT="cm" HEIGHT="21" WIDTH="45" VPOS="2460" HPOS="1010"/>
<String CONTENT="." HEIGHT="9" WIDTH="9" VPOS="2490" HPOS="1058"/>
</TextLine>
<TextLine HEIGHT="48" WIDTH="986" VPOS="2513" HPOS="419" CS="1">
<String CONTENT="On" HEIGHT="42" WIDTH="72" VPOS="2514" HPOS="419"/>
<SP HEIGHT="30" WIDTH="22" VPOS="2526" HPOS="492"/>
<String CS="1" CONTENT="cover;" HEIGHT="30" WIDTH="141" VPOS="2526" HPOS="515"/>
<SP HEIGHT="41" WIDTH="27" VPOS="2514" HPOS="682"/>
<String CONTENT="Edited" HEIGHT="42" WIDTH="175" VPOS="2514" HPOS="710"/>
<SP HEIGHT="41" WIDTH="23" VPOS="2514" HPOS="886"/>
<String CONTENT="by" HEIGHT="47" WIDTH="62" VPOS="2514" HPOS="910"/>
<SP HEIGHT="47" WIDTH="25" VPOS="2514" HPOS="973"/>
<String LANG="fr" CONTENT="L." HEIGHT="41" WIDTH="50" VPOS="2514" HPOS="999"/>
<SP HEIGHT="41" WIDTH="23" VPOS="2514" HPOS="1050"/>
<String CONTENT="L." HEIGHT="40" WIDTH="51" VPOS="2514" HPOS="1074"/>
<SP HEIGHT="41" WIDTH="27" VPOS="2513" HPOS="1126"/>
<String CONTENT="Scranton." HEIGHT="41" WIDTH="251" VPOS="2513" HPOS="1154"/>
</TextLine>
<TextLine HEIGHT="49" WIDTH="1004" VPOS="2571" HPOS="418">
<String CONTENT="Bibliography" HEIGHT="49" WIDTH="348" VPOS="2571" HPOS="418"/>
<SP HEIGHT="37" WIDTH="24" VPOS="2582" HPOS="767"/>
<String CONTENT="at" HEIGHT="39" WIDTH="53" VPOS="2573" HPOS="792"/>
<SP HEIGHT="41" WIDTH="24" VPOS="2573" HPOS="846"/>
<String CONTENT="end" HEIGHT="41" WIDTH="90" VPOS="2573" HPOS="871"/>
<SP HEIGHT="39" WIDTH="24" VPOS="2573" HPOS="962"/>
<String CONTENT="of" HEIGHT="40" WIDTH="54" VPOS="2571" HPOS="987"/>
<SP HEIGHT="41" WIDTH="20" VPOS="2571" HPOS="1042"/>
<String CONTENT="each" HEIGHT="41" WIDTH="119" VPOS="2571" HPOS="1063"/>
<SP HEIGHT="39" WIDTH="26" VPOS="2571" HPOS="1183"/>
<String CONTENT="chapter." HEIGHT="47" WIDTH="212" VPOS="2571" HPOS="1210"/>
</TextLine>
<TextLine HEIGHT="53" WIDTH="1992" VPOS="2627" HPOS="353" CS="1">
<String CONTENT="&#169;" HEIGHT="53" WIDTH="53" VPOS="2627" HPOS="353"/>
<SP HEIGHT="53" WIDTH="24" VPOS="2627" HPOS="407"/>
<String CONTENT="Aug." HEIGHT="47" WIDTH="119" VPOS="2632" HPOS="432"/>
<SP HEIGHT="40" WIDTH="27" VPOS="2631" HPOS="552"/>
<String CONTENT="12," HEIGHT="47" WIDTH="68" VPOS="2630" HPOS="580"/>
<SP HEIGHT="46" WIDTH="27" VPOS="2631" HPOS="649"/>
<String CS="1" CONTENT="1935;" HEIGHT="41" WIDTH="117" VPOS="2629" HPOS="677"/>
<SP HEIGHT="46" WIDTH="27" VPOS="2630" HPOS="819"/>
<String CONTENT="2c." HEIGHT="40" WIDTH="66" VPOS="2630" HPOS="847"/>
<SP HEIGHT="40" WIDTH="31" VPOS="2630" HPOS="914"/>
<String CONTENT="Sept." HEIGHT="48" WIDTH="126" VPOS="2630" HPOS="946"/>
<SP HEIGHT="40" WIDTH="24" VPOS="2629" HPOS="1073"/>
<String CS="1" CONTENT="21;" HEIGHT="39" WIDTH="54" VPOS="2629" HPOS="1098"/>
<SP HEIGHT="36" WIDTH="28" VPOS="2640" HPOS="1182"/>
<String CONTENT="aff." HEIGHT="40" WIDTH="83" VPOS="2629" HPOS="1211"/>
<SP HEIGHT="41" WIDTH="30" VPOS="2629" HPOS="1295"/>
<String CONTENT="Sept." HEIGHT="49" WIDTH="126" VPOS="2629" HPOS="1326"/>
<SP HEIGHT="39" WIDTH="27" VPOS="2630" HPOS="1453"/>
<String CS="1" CONTENT="3;" HEIGHT="39" WIDTH="28" VPOS="2630" HPOS="1481"/>
<SP HEIGHT="45" WIDTH="28" VPOS="2630" HPOS="1535"/>
<!-- cceid 9477A001-6D82-1014-B070-FDFD250A9EDA --><String CONTENT="A" HEIGHT="38" WIDTH="41" VPOS="2630" HPOS="1564"/>
<SP HEIGHT="40" WIDTH="24" VPOS="2630" HPOS="1606"/>
<String CS="1" CONTENT="87199;" HEIGHT="40" WIDTH="147" VPOS="2630" HPOS="1631"/>
<SP HEIGHT="46" WIDTH="32" VPOS="2631" HPOS="1802"/>
<String CONTENT="Interstate" HEIGHT="41" WIDTH="266" VPOS="2631" HPOS="1835"/>
<SP HEIGHT="37" WIDTH="26" VPOS="2642" HPOS="2102"/>
<String CONTENT="printing" HEIGHT="51" WIDTH="216" VPOS="2629" HPOS="2129"/>
</TextLine>
<TextLine HEIGHT="48" WIDTH="397" VPOS="2686" HPOS="421" CS="1">
<String LANG="ru" CONTENT="co." HEIGHT="29" WIDTH="68" VPOS="2699" HPOS="421"/>
<SP HEIGHT="46" WIDTH="69" VPOS="2688" HPOS="490"/>
<String LANG="en-US" CS="1" CONTENT="(35-18669)" HEIGHT="48" WIDTH="258" VPOS="2686" HPOS="560"/>
</TextLine>
<TextLine HEIGHT="66" WIDTH="896" VPOS="2787" HPOS="352" STYLEREFS="StyleId-52C9ECBF-FB30-4707-9985-90F30D1D8822-">
<String CONTENT="Ellis," HEIGHT="65" WIDTH="163" VPOS="2787" HPOS="352"/>
<SP HEIGHT="63" WIDTH="26" VPOS="2789" HPOS="516"/>
<String CONTENT="Samuel" HEIGHT="54" WIDTH="234" VPOS="2789" HPOS="543"/>
<SP HEIGHT="52" WIDTH="26" VPOS="2789" HPOS="778"/>
<String CONTENT="Robert," HEIGHT="65" WIDTH="240" VPOS="2788" HPOS="805"/>
<SP HEIGHT="60" WIDTH="30" VPOS="2793" HPOS="1046"/>
<String CONTENT="1893-" HEIGHT="51" WIDTH="171" VPOS="2792" HPOS="1077"/>
</TextLine>
<TextLine HEIGHT="71" WIDTH="1922" VPOS="2861" HPOS="419" STYLEREFS="StyleId-424F7699-71A6-4469-801F-AD2A4D9F0AA4-">
<String CONTENT="Jesus," HEIGHT="67" WIDTH="183" VPOS="2864" HPOS="419"/>
<SP HEIGHT="62" WIDTH="22" VPOS="2869" HPOS="603"/>
<String CONTENT="the" HEIGHT="54" WIDTH="95" VPOS="2862" HPOS="626"/>
<SP HEIGHT="50" WIDTH="25" VPOS="2882" HPOS="722"/>
<String CONTENT="great" HEIGHT="64" WIDTH="160" VPOS="2868" HPOS="748"/>
<SP HEIGHT="48" WIDTH="21" VPOS="2868" HPOS="909"/>
<String CONTENT="teacher," HEIGHT="67" WIDTH="243" VPOS="2863" HPOS="931"/>
<SP HEIGHT="68" WIDTH="24" VPOS="2862" HPOS="1175"/>
<String CONTENT="by" HEIGHT="69" WIDTH="75" VPOS="2862" HPOS="1200"/>
<SP HEIGHT="70" WIDTH="28" VPOS="2861" HPOS="1276"/>
<String CONTENT="Samuel" HEIGHT="56" WIDTH="229" VPOS="2861" HPOS="1305"/>
<SP HEIGHT="52" WIDTH="26" VPOS="2863" HPOS="1535"/>
<String CONTENT="Robert" HEIGHT="54" WIDTH="215" VPOS="2862" HPOS="1562"/>
<SP HEIGHT="54" WIDTH="24" VPOS="2862" HPOS="1778"/>
<String CONTENT="Ellis" HEIGHT="54" WIDTH="148" VPOS="2862" HPOS="1803"/>
<SP HEIGHT="34" WIDTH="32" VPOS="2882" HPOS="1952"/>
<String CONTENT="&#8230;" HEIGHT="11" WIDTH="56" VPOS="2905" HPOS="1985"/>
<SP HEIGHT="52" WIDTH="67" VPOS="2863" HPOS="2042"/>
<String CONTENT="Boston," HEIGHT="67" WIDTH="231" VPOS="2863" HPOS="2110"/>
</TextLine>
<TextLine HEIGHT="70" WIDTH="1306" VPOS="2939" HPOS="348" STYLEREFS="StyleId-424F7699-71A6-4469-801F-AD2A4D9F0AA4-" CS="1">
<String CONTENT="The" HEIGHT="54" WIDTH="121" VPOS="2941" HPOS="348"/>
<SP HEIGHT="56" WIDTH="26" VPOS="2940" HPOS="470"/>
<String CONTENT="Christopher" HEIGHT="69" WIDTH="375" VPOS="2940" HPOS="497"/>
<SP HEIGHT="49" WIDTH="25" VPOS="2958" HPOS="873"/>
<String CONTENT="publishing" HEIGHT="70" WIDTH="335" VPOS="2939" HPOS="899"/>
<SP HEIGHT="69" WIDTH="21" VPOS="2940" HPOS="1235"/>
<String CONTENT="house" HEIGHT="53" WIDTH="171" VPOS="2940" HPOS="1257"/>
<SP HEIGHT="48" WIDTH="32" VPOS="2959" HPOS="1429"/>
<String CS="1" CONTENT="["/>
<String STYLE="superscript" CONTENT="c" HEIGHT="22" WIDTH="18" VPOS="2945" HPOS="1480"/>
<String CONTENT="1935]" HEIGHT="64" WIDTH="151" VPOS="2943" HPOS="1503"/>
</TextLine>
<TextLine HEIGHT="50" WIDTH="550" VPOS="3012" HPOS="419" CS="1">
<String LANG="en-US" CONTENT="3" HEIGHT="40" WIDTH="26" VPOS="3014" HPOS="419"/>
<SP/>
<String LANG="en-US" CONTENT="p." HEIGHT="38" WIDTH="42" VPOS="3024" HPOS="471"/>
<SP/>
<String LANG="en-US" CS="1" CONTENT="l.,"/>
<SP/>
<String LANG="en-US" CONTENT="9-98" HEIGHT="42" WIDTH="116" VPOS="3012" HPOS="611"/>
<SP HEIGHT="49" WIDTH="22" VPOS="3012" HPOS="728"/>
<String LANG="fr" CONTENT="p." HEIGHT="38" WIDTH="44" VPOS="3023" HPOS="751"/>
<SP HEIGHT="42" WIDTH="56" VPOS="3012" HPOS="796"/>
<String LANG="ru" CONTENT="20" HEIGHT="41" WIDTH="58" VPOS="3012" HPOS="853"/>
<String LANG="en-US" CS="1" CONTENT="cm"/>
<String LANG="ru" CONTENT="." HEIGHT="10" WIDTH="10" VPOS="3044" HPOS="959"/>
</TextLine>
<TextLine HEIGHT="53" WIDTH="1989" VPOS="3068" HPOS="353" CS="1">
<String CONTENT="&#169;" HEIGHT="53" WIDTH="55" VPOS="3068" HPOS="353"/>
<SP HEIGHT="53" WIDTH="28" VPOS="3068" HPOS="409"/>
<String CONTENT="Sept." HEIGHT="47" WIDTH="128" VPOS="3073" HPOS="438"/>
<SP HEIGHT="38" WIDTH="25" VPOS="3073" HPOS="567"/>
<String CONTENT="12," HEIGHT="46" WIDTH="68" VPOS="3072" HPOS="593"/>
<SP HEIGHT="46" WIDTH="28" VPOS="3072" HPOS="662"/>
<String CS="1" CONTENT="1935;" HEIGHT="42" WIDTH="114" VPOS="3070" HPOS="691"/>
<SP HEIGHT="47" WIDTH="28" VPOS="3071" HPOS="832"/>
<String CONTENT="2c." HEIGHT="40" WIDTH="66" VPOS="3071" HPOS="861"/>
<SP HEIGHT="40" WIDTH="33" VPOS="3071" HPOS="928"/>
<String CONTENT="Sept." HEIGHT="47" WIDTH="127" VPOS="3071" HPOS="962"/>
<SP HEIGHT="40" WIDTH="25" VPOS="3070" HPOS="1090"/>
<String CS="1" CONTENT="21;" HEIGHT="39" WIDTH="54" VPOS="3070" HPOS="1116"/>
<SP HEIGHT="30" WIDTH="31" VPOS="3082" HPOS="1199"/>
<String CONTENT="aff.," HEIGHT="42" WIDTH="87" VPOS="3071" HPOS="1231"/>
<SP HEIGHT="41" WIDTH="27" VPOS="3072" HPOS="1319"/>
<String CONTENT="Sept." HEIGHT="46" WIDTH="127" VPOS="3072" HPOS="1347"/>
<SP HEIGHT="39" WIDTH="27" VPOS="3071" HPOS="1475"/>
<String CS="1" CONTENT="20;" HEIGHT="40" WIDTH="60" VPOS="3070" HPOS="1503"/>
<SP HEIGHT="41" WIDTH="30" VPOS="3071" HPOS="1587"/>
<!-- cceid 9477F7AF-6D82-1014-B070-FDFD250A9EDA --><String CONTENT="A" HEIGHT="39" WIDTH="40" VPOS="3071" HPOS="1618"/>
<SP HEIGHT="39" WIDTH="26" VPOS="3071" HPOS="1659"/>
<String CS="1" CONTENT="87121;" HEIGHT="40" WIDTH="141" VPOS="3071" HPOS="1686"/>
<SP HEIGHT="40" WIDTH="32" VPOS="3072" HPOS="1856"/>
<String CONTENT="Christopher" HEIGHT="48" WIDTH="317" VPOS="3071" HPOS="1889"/>
<SP HEIGHT="37" WIDTH="27" VPOS="3083" HPOS="2207"/>
<String CONTENT="pub." HEIGHT="47" WIDTH="107" VPOS="3073" HPOS="2235"/>
</TextLine>
<TextLine HEIGHT="48" WIDTH="488" VPOS="3127" HPOS="422" CS="1">
<String CONTENT="house." HEIGHT="39" WIDTH="163" VPOS="3130" HPOS="422"/>
<SP HEIGHT="47" WIDTH="68" VPOS="3128" HPOS="586"/>
<String CS="1" CONTENT="(35-18664)" HEIGHT="48" WIDTH="255" VPOS="3127" HPOS="655"/>
</TextLine>
<TextLine HEIGHT="66" WIDTH="938" VPOS="3227" HPOS="351" STYLEREFS="StyleId-52C9ECBF-FB30-4707-9985-90F30D1D8822-">
<String CONTENT="Fahs," HEIGHT="66" WIDTH="178" VPOS="3227" HPOS="351"/>
<SP HEIGHT="63" WIDTH="28" VPOS="3230" HPOS="530"/>
<String CONTENT="Charles" HEIGHT="56" WIDTH="246" VPOS="3228" HPOS="559"/>
<SP HEIGHT="53" WIDTH="21" VPOS="3230" HPOS="806"/>
<String CONTENT="Harvey," HEIGHT="63" WIDTH="258" VPOS="3230" HPOS="828"/>
<SP HEIGHT="58" WIDTH="31" VPOS="3235" HPOS="1087"/>
<String CONTENT="1872-" HEIGHT="53" WIDTH="170" VPOS="3231" HPOS="1119"/>
</TextLine>
<TextLine HEIGHT="69" WIDTH="1913" VPOS="3303" HPOS="423" STYLEREFS="StyleId-424F7699-71A6-4469-801F-AD2A4D9F0AA4-">
<String LANG="en-US" CONTENT="Conspectus" HEIGHT="68" WIDTH="347" VPOS="3303" HPOS="423"/>
<SP HEIGHT="34" WIDTH="69" VPOS="3322" HPOS="771"/>
<String LANG="en-US" CONTENT="of" HEIGHT="51" WIDTH="62" VPOS="3304" HPOS="841"/>
<SP HEIGHT="53" WIDTH="67" VPOS="3304" HPOS="904"/>
<String LANG="fr" CONTENT="cooperative" HEIGHT="68" WIDTH="357" VPOS="3304" HPOS="972"/>
<SP HEIGHT="34" WIDTH="71" VPOS="3323" HPOS="1330"/>
<String LANG="en-US" CONTENT="missionary" HEIGHT="69" WIDTH="339" VPOS="3303" HPOS="1402"/>
<SP HEIGHT="51" WIDTH="69" VPOS="3321" HPOS="1742"/>
<String LANG="en-US" CONTENT="enterprises" HEIGHT="67" WIDTH="338" VPOS="3304" HPOS="1812"/>
<SP HEIGHT="48" WIDTH="76" VPOS="3323" HPOS="2151"/>
<String LANG="en-US" CONTENT="[by]" HEIGHT="69" WIDTH="108" VPOS="3303" HPOS="2228"/>
</TextLine>
<TextLine HEIGHT="147" WIDTH="1962" VPOS="3380" HPOS="350" STYLEREFS="StyleId-424F7699-71A6-4469-801F-AD2A4D9F0AA4-" CS="1">
<String CONTENT="Charles" HEIGHT="55" WIDTH="236" VPOS="3380" HPOS="352"/>
<SP HEIGHT="51" WIDTH="30" VPOS="3382" HPOS="589"/>
<String CONTENT="H." HEIGHT="52" WIDTH="76" VPOS="3382" HPOS="620"/>
<SP HEIGHT="53" WIDTH="32" VPOS="3381" HPOS="697"/>
<String CONTENT="Fahs" HEIGHT="53" WIDTH="152" VPOS="3381" HPOS="730"/>
<SP HEIGHT="47" WIDTH="36" VPOS="3401" HPOS="883"/>
<String CONTENT="[" HEIGHT="33" WIDTH="12" VPOS="3415" HPOS="920"/>
<String CONTENT="and]" HEIGHT="66" WIDTH="130" VPOS="3382" HPOS="939"/>
<SP HEIGHT="67" WIDTH="36" VPOS="3381" HPOS="1070"/>
<String CONTENT="Helen" HEIGHT="52" WIDTH="183" VPOS="3381" HPOS="1107"/>
<SP HEIGHT="52" WIDTH="37" VPOS="3381" HPOS="1291"/>
<String CONTENT="E." HEIGHT="52" WIDTH="60" VPOS="3381" HPOS="1329"/>
<SP HEIGHT="51" WIDTH="38" VPOS="3382" HPOS="1390"/>
<String CONTENT="Davis." HEIGHT="53" WIDTH="196" VPOS="3381" HPOS="1429"/>
<SP HEIGHT="52" WIDTH="70" VPOS="3381" HPOS="1626"/>
<String CONTENT="New" HEIGHT="53" WIDTH="135" VPOS="3381" HPOS="1697"/>
<SP HEIGHT="51" WIDTH="34" VPOS="3382" HPOS="1833"/>
<String CONTENT="York." HEIGHT="56" WIDTH="180" VPOS="3381" HPOS="1868"/>
<SP HEIGHT="55" WIDTH="32" VPOS="3382" HPOS="2049"/>
<String CONTENT="International" HEIGHT="130" WIDTH="1962" VPOS="3382" HPOS="350"/>
<SP HEIGHT="51" WIDTH="24" VPOS="3460" HPOS="529"/>
<String CONTENT="missionary" HEIGHT="69" WIDTH="337" VPOS="3458" HPOS="554"/>
<SP HEIGHT="50" WIDTH="27" VPOS="3477" HPOS="892"/>
<String CONTENT="council," HEIGHT="67" WIDTH="237" VPOS="3458" HPOS="920"/>
<SP HEIGHT="62" WIDTH="28" VPOS="3463" HPOS="1158"/>
<String CONTENT="1935." HEIGHT="50" WIDTH="149" VPOS="3461" HPOS="1187"/>
</TextLine>
<TextLine HEIGHT="53" WIDTH="489" VPOS="3529" HPOS="452" CS="1">
<String LANG="en-US" CS="1" CONTENT="v"/>
<SP HEIGHT="38" WIDTH="20" VPOS="3540" HPOS="452"/>
<String LANG="fr" CONTENT="p.," HEIGHT="42" WIDTH="57" VPOS="3540" HPOS="473"/>
<SP HEIGHT="51" WIDTH="26" VPOS="3531" HPOS="531"/>
<String LANG="en-US" CONTENT="1" HEIGHT="38" WIDTH="23" VPOS="3531" HPOS="558"/>
<SP/>
<String LANG="en-US" CS="1" CONTENT="l.,"/>
<SP/>
<String LANG="en-US" CONTENT="252" HEIGHT="40" WIDTH="85" VPOS="3530" HPOS="675"/>
<SP HEIGHT="48" WIDTH="21" VPOS="3530" HPOS="761"/>
<String LANG="en-US" CONTENT="p." HEIGHT="38" WIDTH="43" VPOS="3540" HPOS="783"/>
<SP HEIGHT="40" WIDTH="57" VPOS="3529" HPOS="827"/>
<String LANG="ru" CONTENT="23" HEIGHT="41" WIDTH="56" VPOS="3529" HPOS="885"/>
<String LANG="en-US" CS="1" CONTENT="&#189;cm."/>
</TextLine>
<TextLine HEIGHT="53" WIDTH="1985" VPOS="3584" HPOS="357" CS="1">
<String CONTENT="&#169;" HEIGHT="53" WIDTH="53" VPOS="3584" HPOS="357"/>
<SP HEIGHT="53" WIDTH="35" VPOS="3584" HPOS="411"/>
<String CONTENT="Sept." HEIGHT="49" WIDTH="125" VPOS="3588" HPOS="447"/>
<SP HEIGHT="39" WIDTH="35" VPOS="3589" HPOS="573"/>
<String CONTENT="10." HEIGHT="40" WIDTH="68" VPOS="3589" HPOS="609"/>
<SP HEIGHT="39" WIDTH="32" VPOS="3590" HPOS="678"/>
<String CONTENT="1935;" HEIGHT="46" WIDTH="140" VPOS="3588" HPOS="711"/>
<SP HEIGHT="46" WIDTH="34" VPOS="3588" HPOS="852"/>
<String CONTENT="2c." HEIGHT="40" WIDTH="65" VPOS="3588" HPOS="887"/>
<SP HEIGHT="29" WIDTH="35" VPOS="3599" HPOS="953"/>
<String CONTENT="aud" HEIGHT="38" WIDTH="95" VPOS="3590" HPOS="989"/>
<SP HEIGHT="38" WIDTH="31" VPOS="3590" HPOS="1085"/>
<String CONTENT="aff." HEIGHT="40" WIDTH="81" VPOS="3588" HPOS="1117"/>
<SP HEIGHT="40" WIDTH="36" VPOS="3588" HPOS="1199"/>
<String CONTENT="Sept." HEIGHT="43" WIDTH="127" VPOS="3588" HPOS="1236"/>
<SP HEIGHT="40" WIDTH="34" VPOS="3588" HPOS="1364"/>
<String CS="1" CONTENT="20;" HEIGHT="40" WIDTH="55" VPOS="3588" HPOS="1399"/>
<SP HEIGHT="38" WIDTH="36" VPOS="3589" HPOS="1481"/>
<!-- cceid 94784072-6D82-1014-B070-FDFD250A9EDA --><String CONTENT="A" HEIGHT="38" WIDTH="40" VPOS="3589" HPOS="1518"/>
<SP HEIGHT="40" WIDTH="33" VPOS="3589" HPOS="1559"/>
<String CONTENT="87112;" HEIGHT="48" WIDTH="169" VPOS="3588" HPOS="1593"/>
<SP HEIGHT="46" WIDTH="35" VPOS="3590" HPOS="1763"/>
<String CONTENT="John" HEIGHT="38" WIDTH="126" VPOS="3590" HPOS="1799"/>
<SP HEIGHT="38" WIDTH="35" VPOS="3589" HPOS="1926"/>
<String CONTENT="R." HEIGHT="40" WIDTH="55" VPOS="3589" HPOS="1962"/>
<SP HEIGHT="40" WIDTH="34" VPOS="3589" HPOS="2018"/>
<String CONTENT="Mott," HEIGHT="46" WIDTH="138" VPOS="3589" HPOS="2053"/>
<SP HEIGHT="45" WIDTH="33" VPOS="3590" HPOS="2192"/>
<String CONTENT="New" HEIGHT="40" WIDTH="116" VPOS="3590" HPOS="2226"/>
</TextLine>
<TextLine HEIGHT="47" WIDTH="494" VPOS="3644" HPOS="425">
<String CONTENT="York." HEIGHT="38" WIDTH="142" VPOS="3646" HPOS="425"/>
<SP HEIGHT="47" WIDTH="72" VPOS="3644" HPOS="568"/>
<String CONTENT="(35-18666)" HEIGHT="47" WIDTH="278" VPOS="3644" HPOS="641"/>
</TextLine>
<TextLine HEIGHT="63" WIDTH="446" VPOS="3746" HPOS="362" STYLEREFS="StyleId-52C9ECBF-FB30-4707-9985-90F30D1D8822-">
<String CONTENT="Ford," HEIGHT="63" WIDTH="170" VPOS="3746" HPOS="362"/>
<SP HEIGHT="61" WIDTH="31" VPOS="3748" HPOS="533"/>
<String CONTENT="Roland." HEIGHT="57" WIDTH="243" VPOS="3746" HPOS="565"/>
</TextLine>
<TextLine HEIGHT="142" WIDTH="1961" VPOS="3820" HPOS="357" STYLEREFS="StyleId-424F7699-71A6-4469-801F-AD2A4D9F0AA4-" CS="1">
<String CONTENT="New" HEIGHT="52" WIDTH="135" VPOS="3820" HPOS="428"/>
<SP HEIGHT="50" WIDTH="33" VPOS="3821" HPOS="564"/>
<String CONTENT="York" HEIGHT="52" WIDTH="161" VPOS="3820" HPOS="598"/>
<SP HEIGHT="51" WIDTH="30" VPOS="3820" HPOS="760"/>
<String CONTENT="law" HEIGHT="53" WIDTH="107" VPOS="3821" HPOS="791"/>
<SP HEIGHT="34" WIDTH="33" VPOS="3839" HPOS="899"/>
<String CONTENT="of" HEIGHT="52" WIDTH="64" VPOS="3821" HPOS="933"/>
<SP HEIGHT="51" WIDTH="26" VPOS="3821" HPOS="998"/>
<String CONTENT="evidence;" HEIGHT="63" WIDTH="290" VPOS="3821" HPOS="1025"/>
<SP HEIGHT="46" WIDTH="33" VPOS="3838" HPOS="1316"/>
<String CONTENT="examination" HEIGHT="51" WIDTH="381" VPOS="3822" HPOS="1350"/>
<SP HEIGHT="34" WIDTH="31" VPOS="3838" HPOS="1732"/>
<String CONTENT="of" HEIGHT="52" WIDTH="62" VPOS="3820" HPOS="1764"/>
<SP HEIGHT="51" WIDTH="30" VPOS="3820" HPOS="1827"/>
<String CONTENT="witnesses," HEIGHT="65" WIDTH="301" VPOS="3822" HPOS="1858"/>
<SP HEIGHT="51" WIDTH="28" VPOS="3836" HPOS="2160"/>
<String CONTENT="questions," HEIGHT="126" WIDTH="1961" VPOS="3836" HPOS="357"/>
</TextLine>
<TextLine HEIGHT="70" WIDTH="1785" VPOS="3895" HPOS="552" STYLEREFS="StyleId-424F7699-71A6-4469-801F-AD2A4D9F0AA4-">
<String CONTENT="rules" HEIGHT="54" WIDTH="149" VPOS="3896" HPOS="552"/>
<SP HEIGHT="35" WIDTH="27" VPOS="3915" HPOS="702"/>
<String CONTENT="of" HEIGHT="54" WIDTH="63" VPOS="3896" HPOS="730"/>
<SP HEIGHT="54" WIDTH="26" VPOS="3896" HPOS="794"/>
<String CONTENT="evidence," HEIGHT="68" WIDTH="277" VPOS="3896" HPOS="821"/>
<SP HEIGHT="49" WIDTH="28" VPOS="3916" HPOS="1099"/>
<String CONTENT="procedure," HEIGHT="69" WIDTH="322" VPOS="3896" HPOS="1128"/>
<SP HEIGHT="38" WIDTH="30" VPOS="3917" HPOS="1451"/>
<String CONTENT="with" HEIGHT="52" WIDTH="136" VPOS="3897" HPOS="1482"/>
<SP HEIGHT="51" WIDTH="32" VPOS="3897" HPOS="1619"/>
<String CONTENT="actual" HEIGHT="52" WIDTH="183" VPOS="3897" HPOS="1652"/>
<SP HEIGHT="51" WIDTH="30" VPOS="3897" HPOS="1836"/>
<String CONTENT="examples" HEIGHT="68" WIDTH="280" VPOS="3895" HPOS="1867"/>
<SP HEIGHT="47" WIDTH="25" VPOS="3902" HPOS="2148"/>
<String CONTENT="taken" HEIGHT="54" WIDTH="163" VPOS="3895" HPOS="2174"/>
</TextLine>
<TextLine HEIGHT="71" WIDTH="1981" VPOS="3971" HPOS="357" STYLEREFS="StyleId-424F7699-71A6-4469-801F-AD2A4D9F0AA4-" CS="1">
<String CONTENT="from" HEIGHT="62" WIDTH="150" VPOS="3971" HPOS="357"/>
<SP HEIGHT="46" WIDTH="33" VPOS="3980" HPOS="508"/>
<String CONTENT="the" HEIGHT="60" WIDTH="93" VPOS="3973" HPOS="542"/>
<SP HEIGHT="48" WIDTH="33" VPOS="3991" HPOS="636"/>
<String CONTENT="printed" HEIGHT="67" WIDTH="227" VPOS="3972" HPOS="670"/>
<SP HEIGHT="52" WIDTH="32" VPOS="3972" HPOS="898"/>
<String CONTENT="records" HEIGHT="53" WIDTH="222" VPOS="3973" HPOS="931"/>
<SP HEIGHT="34" WIDTH="35" VPOS="3992" HPOS="1154"/>
<String CONTENT="on" HEIGHT="35" WIDTH="69" VPOS="3991" HPOS="1190"/>
<SP HEIGHT="33" WIDTH="32" VPOS="3991" HPOS="1260"/>
<String CONTENT="appeal," HEIGHT="65" WIDTH="218" VPOS="3975" HPOS="1293"/>
<SP HEIGHT="53" WIDTH="35" VPOS="3973" HPOS="1512"/>
<String CONTENT="by" HEIGHT="69" WIDTH="71" VPOS="3973" HPOS="1548"/>
<SP HEIGHT="71" WIDTH="36" VPOS="3971" HPOS="1620"/>
<String CONTENT="Roland" HEIGHT="53" WIDTH="222" VPOS="3971" HPOS="1657"/>
<SP HEIGHT="51" WIDTH="36" VPOS="3973" HPOS="1880"/>
<String CONTENT="Ford" HEIGHT="52" WIDTH="152" VPOS="3973" HPOS="1917"/>
<SP HEIGHT="53" WIDTH="38" VPOS="3973" HPOS="2070"/>
<String CONTENT="&#8230;" HEIGHT="11" WIDTH="56" VPOS="4015" HPOS="2109"/>
<SP HEIGHT="52" WIDTH="78" VPOS="3972" HPOS="2166"/>
<String CS="1" CONTENT="Al-" HEIGHT="51" WIDTH="93" VPOS="3972" HPOS="2245"/>
</TextLine>
</TextBlock>
</PrintSpace>
</Page>
</Layout>
</alto>