2424 4375
1152 4061 135 49 2026

318 506 62 39 At
408 505 123 39 head
559 505 53 39 of
637 504 111 42 title
773 504 54 40 of
850 516 41 30 v.
921 505 25 39 1;
1005 505 165 46 Harry
1198 504 112 47 graf
1339 505 210 40 Kessler.

361 562 59 39 Vol.
450 561 24 39 1;
534 562 142 39 Erste
705 561 72 40 bis
805 560 168 40 fünfte
998 560 193 47 auflage
1217 559 125 41 1935.

247 614 1987 53 © May 23, 1935; 1c. Sept. 3; A-Foreign 29028; S. Fischer verlag, a. g.
327 674 280 49 (35-19582)

241 775 246 68 Kleiser,
521 775 312 66 Grenville,
867 782 168 49 1868-
1248 795 179 49 comp.

312 855 137 53 Best
488 855 257 67 speeches
787 855 73 67 by
901 856 244 51 eminent
1186 854 280 68 speakers.
1547 853 218 56 Second
1806 854 184 54 series.
241 854 1969 145 Compiled
431 933 73 66 by

539 932 293 55 Grenville
867 932 240 59 Kleiser,
1141 932 94 52 for
1269 932 93 53 the
1399 932 279 53 exclusive
1713 950 96 35 use
1845 932 62 53 of
1942 932 292 54 Grenville

242 1009 268 54 Ivleiser’s
540 1009 137 54 mail
709 1028 193 35 course
930 1010 274 53 students.
1272 1010 137 52 New
1441 1010 161 52 York
1634 1010 110 52 and
1778 1010 256 57 London,
2065 1010 169 53 Funk

239 1088 898 67 & Wagnalls company [ c 1935]
316 1160 100 48 viii,
443 1160 88 41 295
557 1171 43 37 p.
655 1160 25 39 21
713 1162 46 21 cm
763 1192 8 9 .

315 1218 71 41 On
415 1227 144 31 cover;
614 1217 168 40 Public
811 1216 245 49 speaking.

247 1270 53 53 ©
326 1276 75 38 May
462 1275 40 46 3,
527 1273 140 47 1935;
695 1274 67 40 2c.
785 1275 94 39 and
905 1274 83 40 aff.
1014 1274 112 47 May
1151 1273 26 38 9;
1232 1273 37 39 A
1296 1273 170 46 83015;
1497 1272 52 41 G.
1577 1272 205 42 Kleiser.
1810 1273 115 39 New
1953 1273 144 41 York.

239 1375 189 64 Knox,
457 1376 223 54 Ronald
711 1375 392 65 Arbuthnott,
1135 1380 169 51 1888-

311 1451 332 54 Barchester
672 1450 356 64 pilgrimage,
1057 1450 72 64 by
1159 1450 222 54 Ronald
1412 1451 71 54 A.
1513 1451 186 52 Knox.
1766 1451 254 63 London,
2050 1451 182 54 Sheed

239 1531 45 50 &
310 1529 197 67 Ward,
536 1531 149 51 1935.

314 1601 61 45 ix,
408 1601 70 47 [1],
507 1599 86 41 278
619 1610 43 36 p.
690 1600 109 41 incl.
827 1607 124 40 map,
978 1600 182 46 geneal.
1190 1601 166 40 tables.
1418 1598 58 43 20½
1506 1603 45 22 cm
1555 1632 9 9 .

312 1657 207 39 Written
549 1655 47 40 in
625 1656 81 40 the
733 1656 125 46 style
884 1655 52 40 of
962 1656 227 48 Anthony
1217 1656 237 48 Trollope,
1483 1657 141 47 being
1652 1657 80 41 the
1759 1660 132 44 story
1922 1658 51 39 of
2001 1658 230 39 Barcbes-

240 1716 72 36 ter
341 1714 139 38 down
509 1716 48 37 to
586 1712 82 41 the
695 1714 196 46 present
917 1713 109 46 day.

246 1768 1985 53 © 1c. Dec. 21, 1935; A ad int. 20970; pubd. Oct. 25; R. A. Knox, Oxford,
314 1829 233 47 England.
612 1828 250 49 (36-3535)

237 1932 185 64 Krull,
450 1933 331 53 Germaine.

308 2008 304 60 Marseille,
667 2027 105 48 par
826 2009 302 54 Germaine
1184 2009 188 52 Krull.
1464 2009 176 53 Texte
1695 2009 258 53 d’André
2007 2010 221 54 Suarès.

238 2086 182 56 Paris,
448 2075 267 65 Éditions
742 2086 290 54 d’histoire
1060 2092 52 47 et
1142 2085 147 54 d’art
1322 2089 171 65 [1935]

315 2157 883 52 [48] p. incl. front., illus. 29 ½ cm .
244 2213 1988 61 © Mar. 6, 1935; 1c. July 9; A- Foreign 28517; Éditions d’histoire
305 2283 46 37 et
373 2280 140 40 d’art.

236 2381 358 66 Lindbergh,
621 2385 136 53 Mrs.
785 2384 172 53 Anne
989 2383 312 64 (Morrow)
1339 2388 170 50 1906-

308 2461 183 53 North
538 2464 57 50 to
643 2461 94 52 the
786 2459 220 68 Orient,
1053 2461 73 65 by
1172 2460 165 53 Anne
1383 2461 248 51 Morrow
1678 2460 359 68 Lindbergh;
2088 2461 138 52 with

236 2557 162 48 maps
431 2539 72 66 by
537 2538 234 55 Charles
805 2539 69 52 A.
907 2538 347 66 Lindbergh.
1324 2539 137 52 New
1496 2538 178 59 York,
1706 2540 308 65 Harcourt,
2049 2540 178 51 Brace

237 2617 111 51 and
376 2633 279 50 company
686 2649 11 33 [
703 2621 17 22 c
727 2618 131 50 1935]

309 2689 87 40 255
427 2699 42 36 p.
529 2688 163 46 front.,
726 2688 126 40 illus.
881 2686 186 49 (maps)
1135 2687 55 39 21
1194 2688 44 22 cm
1244 2719 7 10 .

311 2746 138 46 Maps
478 2755 59 29 on
569 2743 359 48 lining-papers.

312 2802 102 39 The
449 2804 134 44 story
621 2801 51 38 of
709 2801 81 39 the
826 2799 138 48 flight
1001 2801 144 39 made
1177 2800 59 47 by
1275 2799 99 42 Col.
1412 2801 95 38 and
1547 2800 112 39 Mrs.
1700 2800 272 46 Lindbergh
2010 2798 49 41 in
2099 2798 126 50 3933,

239 2858 127 39 from
396 2858 333 46 Washington,
760 2858 57 39 D.
848 2857 62 48 C.,
940 2860 53 37 to
1018 2856 159 50 Japan
1209 2857 93 39 and
1334 2856 167 41 China.

311 2915 159 39 “First
501 2912 225 43 edition.”

242 2967 53 53 ©
316 2973 119 46 Aug.
462 2972 68 47 15,
557 2970 113 41 1935;
724 2969 67 42 2c.
818 2971 93 38 and
939 2968 80 42 aff.
1047 2971 120 45 Aug.
1193 2969 53 40 17;
1304 2970 40 38 A
1370 2968 141 41 84967;
1569 2970 53 39 A.
1651 2970 62 39 M.
1742 2968 288 48 Lindbergh,
311 2970 1900 104 Englewood,
490 3029 55 38 N.
577 3028 43 40 J.
689 3026 279 49 (35-27279)

235 3116 378 62 MacDonald,
648 3119 138 51 Mrs.
822 3114 225 55 Jessica
1080 3115 219 52 Nelson
1343 3114 256 66 (North)
1644 3120 169 50 1894-

367 3192 1854 67 … Arden acres. New York, Harcourt, Brace and company
239 3304 11 33 [
257 3277 17 22 c
281 3273 150 65 1935]

310 3344 27 38 4
362 3354 40 37 p.
431 3345 44 44 1.,
501 3342 144 41 3-277
671 3352 43 38 p.
770 3340 58 41 19½
857 3344 42 21 cm
904 3373 9 10 .

308 3401 62 39 At
402 3400 126 39 head
556 3398 53 40 of
637 3398 108 41 title;
806 3398 183 40 Jessica
1023 3398 178 39 Nelson
1230 3397 167 40 North.

314 3456 163 39 “First
504 3454 224 41 edition.”

242 3508 52 52 ©
329 3513 108 40 Feb.
473 3511 70 48 28,
579 3510 139 47 1935;
756 3510 66 41 2c.
860 3512 93 39 and
990 3510 82 41 aff.
1109 3511 121 39 Mar.
1267 3512 51 40 7;
1356 3511 40 38 A
1432 3508 168 44 79928;
1640 3510 42 40 J.
1721 3510 54 39 N.
1812 3510 55 39 N.
1905 3510 314 45 MacDonald,

306 3568 221 48 Chicago.
588 3566 278 49 (35-27102)

234 3655 245 64 Mackie,
510 3656 201 56 Edith.

305 3730 260 53 Mexican
606 3730 267 69 journey;
920 3749 74 36 an
1032 3730 263 55 intimate
1334 3730 170 69 guide
1545 3736 57 47 to
1644 3730 239 65 Mexico,
1921 3731 73 66 by
2036 3730 179 53 Edith

237 3808 222 52 Mackie
500 3809 111 52 and
654 3808 249 54 Sheldon
945 3808 177 64 Dick;
1166 3808 319 53 illustrated
1530 3810 139 51 with
1712 3809 389 65 photographs
2142 3808 75 64 by

235 3882 1957 70 the authors. New York, Dodge publishing company [ c 1935]
306 3956 82 46 xii,
413 3955 85 41 223
525 3966 42 37 p.
628 3957 171 47 plates,
824 3957 30 40 2
874 3957 118 42 fold.
1020 3967 151 39 maps.
1229 3957 146 41 19½cm.
