2424 4375
1188 4033 135 49 1094

288 400 239 66 Strong,
554 402 266 54 Leonard
851 403 207 54 Alfred
1088 403 244 65 George,
1397 409 137 50 1896-

357 479 121 53 The
508 498 166 35 seven
705 498 167 48 arms,
901 480 74 66 by
1004 481 65 52 L.
1101 481 71 52 A.
1204 481 70 55 G.
1305 481 231 66 Strong.
1600 482 257 65 London,
1889 485 69 52 V.
1990 482 206 56 Gollancz.

286 556 121 65 ltd.,
445 559 149 51 1935.

353 640 86 42 365
475 652 45 38 p.
580 641 56 40 19
638 643 45 21 cm
687 672 10 10 .

291 708 52 52 ©
376 712 66 39 1c.
476 712 115 47 July
621 711 70 47 24,
724 710 140 48 1935;
898 711 39 40 A
971 712 61 39 ad
1063 710 87 42 int.
1181 712 170 46 20425;
1386 713 142 47 pubd.
1561 714 113 47 May
1706 713 83 47 27;
1827 715 48 38 L.
1910 715 51 39 A.
1999 716 52 39 G.
2090 715 187 50 Strong,

359 769 211 39 London.
641 767 279 49 (35-12803)

287 886 236 64 Suarez,
553 886 278 64 Georges.

419 959 1835 73 … Les heures héroïques du cartel. Paris, B. Grasset [ c 193-4]
354 1045 86 41 344
472 1057 57 38 p.,
563 1046 27 40 2
641 1078 9 9 l.
710 1046 58 41 18½
798 1049 43 21 cm
847 1078 9 9 .

289 1121 1989 58 © July 31, 1934; 1c. May 31, 1935; A- Foreign 28019; Éditions Bernard
357 1185 213 41 Grasset.
641 1186 280 48 (35-12607)

284 1301 377 66 Sutherland,
690 1304 157 63 May,
878 1305 171 53 1897-

352 1378 120 55 Out
506 1379 63 54 of
604 1379 115 53 this
754 1380 184 67 chaos,
973 1380 74 67 by
1082 1380 141 68 May
1259 1379 367 56 Sutherland.
1697 1381 257 65 London,
280 1380 1966 130 Hutchinson
407 1460 45 50 &
478 1476 97 47 co.,
603 1458 103 53 ltd.
739 1460 173 63 [1935]

349 1540 86 42 288
465 1553 44 38 p.
569 1540 57 42 19½
656 1543 44 22 cm
704 1572 10 10 .

286 1610 1987 51 © 1c. June 13, 1935; A ad int. 20467; pubd. Apr. 15; May Sutherland
355 1669 198 48 Wilson,
582 1669 211 40 London.
865 1667 279 49 (35-12790)

281 1788 391 64 Tangerman,
704 1787 200 54 Elmer
929 1788 72 65 J.,
1031 1789 84 52 ed.

346 1866 201 52 Power
580 1864 309 68 operator’s
923 1863 173 71 guide
1130 1867 169 50 <1001
1338 1863 275 69 practical
1646 1863 198 67 helps>
1912 1863 55 53 A
275 1863 1972 133 compilation
433 1942 65 54 of
532 1943 174 67 ideas,
741 1941 277 69 methods,
1053 1943 111 52 and
1202 1942 144 54 tools
1385 1941 93 55 for
1514 1940 205 71 saving
1755 1942 153 69 time,
1945 1941 177 69 labor,
2159 1941 108 55 and

270 2038 203 51 money
498 2021 59 52 in
585 2020 96 54 the
707 2038 189 50 power
921 2019 165 69 plant
1113 2021 111 53 and
1253 2020 171 69 along
1450 2020 96 54 the
1571 2018 115 55 line
1710 2019 65 55 of
1801 2037 190 51 power
2016 2019 253 69 services,

270 2098 1996 69 compiled and edited by E. J. Tangerman … 1st ed. New
271 2176 163 54 York
470 2178 112 52 and
620 2177 258 67 London,
913 2175 429 56 McGraw-Hill
1379 2193 298 51 company,
1712 2177 127 67 inc.,
1879 2178 147 50 1935.

341 2263 101 50 viii,
471 2263 88 41 568
583 2274 43 38 p.
686 2262 144 50 illus.,
860 2262 178 50 diagrs.
1098 2262 56 43 23
1156 2266 45 21 cm
1205 2295 9 9 .

341 2333 42 41 A
412 2333 231 42 selection
675 2333 52 42 of
758 2333 142 41 items
931 2333 158 41 which
1121 2335 241 48 appeared
1396 2333 50 41 in
1477 2334 169 40 Power
1677 2333 79 41 for
1787 2333 81 42 the
1901 2342 141 40 years
2073 2333 115 42 1928
2219 2336 48 40 to

270 2389 127 42 1934.
458 2389 63 49 cf.
554 2389 131 42 Pref.

281 2458 52 52 ©
358 2462 118 47 July
497 2462 38 48 8,
561 2459 141 49 1935;
728 2460 67 42 2c.
821 2462 115 47 July
961 2461 52 47 6;
1043 2461 82 40 aff.
1150 2462 116 47 July
1290 2461 54 39 12;
1396 2462 42 38 A
1462 2461 143 40 85010;
1661 2461 350 41 McGraw-Hill
2036 2463 123 39 book
2184 2473 81 36 co.,

348 2518 90 40 inc.
509 2518 280 49 (35-12817)

271 2620 210 55 Texas.
556 2623 182 64 Laws,
767 2628 255 50 statutes,
1052 2629 100 47 etc.

344 2696 275 54 Vernon’s
665 2698 302 52 annotated
1015 2698 241 52 Revised
1302 2698 133 51 civil
1481 2701 237 49 statutes
1763 2696 64 52 of
1872 2697 95 52 the
2014 2702 142 48 state
2202 2696 63 54 of

275 2773 200 70 Texas,
510 2773 242 53 revision
791 2773 62 53 of
888 2776 151 67 1925,
1073 2772 297 69 including
1405 2772 333 68 subsequent
1771 2776 138 51 laws
1945 2772 62 53 of
2039 2773 225 68 general

276 2850 350 68 application
667 2849 246 69 through
954 2851 96 53 the
1090 2849 227 69 regular
1358 2850 207 53 session
1605 2850 64 53 of
1707 2850 96 55 the
1840 2850 134 53 44th
275 2850 1965 146 Legislature,
459 2928 139 54 with
643 2926 290 57 historical
976 2932 159 49 notes
1180 2928 110 54 and
1335 2935 158 46 notes
1535 2926 65 56 of
1643 2925 289 56 decisions.
2006 2928 159 69 Kept
2206 2940 58 41 to

274 3007 129 52 date
441 3008 74 66 by
553 3010 342 51 cumulative
934 3009 211 51 annual
1182 3007 200 68 pocket
1421 3014 158 61 parts.
1669 3008 224 53 volume
1932 3012 45 49 1.
2017 3008 243 55 General

276 3085 319 66 provisions
624 3086 110 53 and
764 3090 361 48 accountants
1152 3091 57 48 to
1238 3085 146 53 Bills
1411 3086 111 51 and
1549 3090 176 62 notes,
1751 3086 223 53 articles
2004 3090 27 47 1
2058 3091 57 47 to
2144 3085 114 54 578.

273 3163 225 54 Kansas
526 3164 152 66 City,
705 3166 133 63 Mo.,
862 3164 232 52 Vernon
1120 3165 109 50 law
1254 3163 147 52 book
1426 3182 296 49 company,
1751 3166 149 51 1935.

345 3261 46 30 x.
420 3249 84 40 815
534 3260 42 36 p.
634 3249 28 38 26
692 3251 43 20 cm
739 3280 8 7 .

343 3316 128 39 “The
496 3316 227 39 editorial
753 3316 130 39 work
909 3317 89 39 has
1025 3317 117 40 been
1171 3317 122 40 done
1320 3318 59 46 by
1408 3318 82 39 the
1518 3317 136 40 West
1681 3316 277 49 publishing
1984 3315 272 49 company’s

270 3372 227 40 editorial
527 3371 351 41 staff.”—Pref.

275 3441 52 52 ©
352 3446 116 46 July
494 3444 68 48 29,
592 3445 140 46 1935;
763 3445 64 40 2c.
857 3445 119 47 Aug.
1003 3444 52 47 6;
1086 3443 81 41 aff.
1195 3445 118 47 Aug.
1343 3445 52 45 5;
1427 3444 43 39 A
1496 3443 169 47 85361;
1697 3444 192 39 Vernon
1916 3445 95 38 law
2038 3444 123 40 book
2187 3453 67 31 co.

358 3501 278 48 (35-13013)

269 3602 312 65 Thomson,
610 3605 99 51 Sir
734 3604 158 52 Basil
920 3605 204 63 Home,
1157 3609 169 49 1861-

340 3679 1910 68 Richardson goes abroad, by Sir Basil Thomson … London,
270 3758 188 52 Eldon
487 3776 172 49 press,
689 3757 219 55 limited
964 3763 149 61 [1935]

339 3841 681 51 2 p. l. , 7-277, [1] p. 19 cm .
274 3909 1974 53 © 1c. July 24, 1935; A ad int. 20422; pubd. June 4; Basil Thomson,
342 3970 153 40 Paris.
566 3970 279 42 (35-12782)
