2424 4375
1057 4018 133 55 1879

162 399 419 66 Goldschmidt,
615 401 220 67 Victor,
871 409 323 51 1853-1933.

228 479 1857 76 Kursus der kristallometrie, von dr. Victor Goldschmidt † …
161 555 1985 73 aus dem nachlass herausgegeben von dr. Hans Himmel … und
158 632 1988 74 dr. Karl Müller … Mit 183 textfiguren. Berlin, Gebrüder
158 711 397 66 Borntraeger,
589 714 148 51 1934.

228 782 982 51 vii, [1], 167 p. illus., diagrs. 25 ½ cm .
158 834 1969 115 © Apr. 30, 1934; 1c. Feb. 8, 1935; A-Foreign 27355; Gebrüder Borntraeger. (35-19281)
156 985 206 62 Green,
391 986 253 52 Howard
672 986 285 64 Whipple.

154 1062 1964 152 Real property inventory of the Cleveland metropolitan district. [by] Howard Whipple Green … [Cleveland, c 1935]
224 1210 63 47 xi,
315 1211 84 40 291
430 1222 41 37 p.
502 1211 108 41 incl.
639 1213 169 46 tables,
838 1212 176 50 diagrs.
1074 1225 135 38 maps
1250 1216 43 47 (1
1327 1216 103 39 fold.
1475 1216 49 39 in
1556 1217 194 49 pocket)
1813 1220 57 39 30
1870 1221 45 22 cm
1922 1251 8 9 .
1998 1222 145 47 (Real

155 1272 226 44 property
419 1269 256 48 inventory
711 1270 55 39 of
802 1269 341 49 metropolitan
1181 1271 273 42 Cleveland.
1525 1273 182 50 Report
1744 1286 74 31 no.
1856 1276 54 48 4)

155 1321 51 53 ©
234 1326 125 38 June
385 1327 38 47 1,
451 1325 113 41 1935;
620 1326 67 40 2c.
714 1327 96 39 and
837 1323 80 44 aff.
946 1328 130 40 June
1100 1328 81 45 15;
1213 1328 82 41 aff.
1329 1330 121 39 June
1476 1332 80 44 17;
1587 1332 40 38 A
1656 1332 141 40 84303;
1858 1333 120 41 Real
228 1339 1896 95 property
378 1381 255 51 inventory
677 1384 52 38 of
773 1383 342 48 metropolitan
1161 1384 275 49 Cleveland,
1482 1386 274 42 Cleveland.

153 1470 353 67 Greenberg,
537 1474 197 64 Jacob,
770 1479 169 50 1890-

222 1549 1916 74 Elements of German, by Jacob Greenberg … and Simeon
151 1626 1987 75 H. Klafter … 2d yr. Garden City, N. Y., Doubleday, Doran
150 1702 723 71 & company, inc. [ c 1935]
224 1776 62 46 xi,
314 1775 87 41 340
425 1787 43 37 p.
496 1776 106 40 incl.
631 1777 139 40 front.
835 1776 126 40 illus.
992 1777 130 46 (incl.
1150 1777 177 44 music)
1392 1778 55 40 21½
1480 1781 44 21 cm
1529 1811 8 9 .

221 1834 138 46 Maps
388 1844 60 29 on
476 1831 362 50 lining-papers.

220 1889 159 41 “First
409 1888 226 43 edition.”

151 1941 52 54 ©
233 1945 101 41 Oct.
366 1947 40 45 3,
439 1945 113 42 1935;
612 1947 67 39 2c.
711 1948 96 39 and
839 1946 80 41 aff.
954 1947 101 41 Oct.
1089 1947 57 40 18;
1206 1947 39 40 A
1274 1948 170 47 87798;
1479 1949 42 39 J.
1557 1948 286 51 Greenberg,
1876 1950 261 50 Brooklyn,

218 2004 97 39 and
352 2003 191 41 Simeon
583 2005 59 39 H.
680 2003 215 51 Klafter,
930 2003 237 49 Jamaica,
1204 2004 57 41 N.
1300 2006 51 37 Y.

149 2093 317 64 Hamilton,
496 2095 71 52 H.
596 2094 57 54 S.

149 2168 1960 151 Tennessee, a lecture by Rev. H. S. Hamilton, A. M. … [Nashville, Tenn., Printed by The Parthenon press, 1935]
215 2320 182 48 15 p. 19cm
148 2372 51 54 ©
229 2377 124 48 Sept.
383 2377 55 39 26,
482 2375 114 42 1935;
652 2377 66 40 2c.
748 2378 96 39 and
872 2378 81 39 aff.
985 2377 102 41 Oct.
1117 2378 59 38 10;
1231 2379 39 38 A
1299 2377 170 44 86682;
1502 2379 59 40 H.
1595 2379 43 40 S.
1672 2379 265 43 Hamilton.
215 2376 1901 110 Jonesboro,
376 2435 145 39 Tenn.

146 2509 282 65 Harding,
457 2509 186 55 Marie
670 2511 257 54 Lennox.

273 2585 1797 72 … Journey to Jerusalem, by Marie Lennox Harding …
149 2665 153 66 [New
330 2664 178 66 York,
534 2667 133 58 The.
682 2667 260 52 Museum
967 2684 176 48 press,
1169 2671 18 21 c
1192 2668 152 64 1935]

214 2737 24 38 1
280 2747 42 37 p.
399 2768 9 15 l.,
451 2735 157 48 55-70,
654 2736 54 49 [2]
753 2748 41 36 p.
867 2736 126 40 illus.
1023 2736 132 47 (incl.
1198 2735 216 48 facsim.)
1492 2736 59 39 24
1551 2738 43 22 cm
1601 2769 7 8 .
1693 2736 125 48 (The
1860 2735 271 44 Children’s

145 2792 212 48 bulletin,
386 2794 90 39 vol.
586 2824 8 11 XII.
621 2804 75 29 no.
722 2793 40 47 4,
797 2793 140 48 Sept.,
967 2791 139 50 1935)

214 2850 61 39 At
302 2851 122 38 head
449 2850 52 40 of
528 2849 134 40 title:
693 2850 100 39 The
823 2847 344 50 Metropolitan
1196 2859 216 31 museum
1442 2848 51 39 of
1521 2852 92 38 art.

146 2901 51 53 ©
231 2907 125 46 Sept.
387 2907 69 41 28,
490 2905 138 42 1935;
663 2906 65 40 2c.
763 2906 95 40 and
889 2906 82 40 aff.
1006 2906 98 40 Oct.
1138 2907 81 45 25;
1256 2906 38 38 A
1326 2905 169 47 87944;
1534 2905 343 48 Metropolitan
1911 2915 218 32 museum

217 2963 50 38 of
299 2966 91 44 art,
425 2963 117 40 New
576 2964 142 39 York.

144 3039 225 65 Hasler,
394 3039 334 53 Alexander
755 3041 82 62 T.,
862 3041 85 53 eel.

212 3117 156 52 First
405 3116 214 53 edition
658 3116 63 53 of
759 3117 217 53 lexicon
1014 3133 217 51 games;
1275 3116 300 67 especially
1615 3114 227 54 devised
1882 3114 92 55 for
143 3113 1959 135 lexicon
297 3194 163 53 cards
493 3193 180 53 under
705 3195 94 50 the
832 3192 352 68 supervision
1219 3193 63 53 of
1316 3194 94 51 the
1445 3192 300 67 following
1779 3193 346 54 committee:

144 3271 105 51 Mr.
278 3270 198 53 Victor
504 3273 74 50 H.
606 3272 254 53 Watson.
886 3271 141 53 Miss
1053 3271 79 52 M.
1161 3272 63 51 L.
1254 3269 266 67 Phillips,
1549 3271 109 51 Mr.
1688 3270 189 52 David
1906 3270 218 56 White-

143 3344 1981 75 law … [and others] Edited by Alex. T. Hasler. Leeds and
143 3424 1240 68 London, John Waddington, ltd. [ c 1935]
216 3496 65 48 75,
314 3497 53 48 [1]
394 3508 42 36 p.
493 3495 54 42 12½
580 3498 43 21 cm
629 3529 8 8 .

145 3546 1980 59 © 1c. Mar. 26. 1935; A ad int. 20061; pubd. Feb. 8; John Waddington,
212 3608 84 41 ltd.

143 3681 303 68 Hickman,
476 3686 198 52 Elmer
698 3686 88 54 W.

208 3760 318 57 Titusville,
557 3761 317 68 birthplace
907 3761 64 52 of
1005 3762 93 51 the
1132 3759 312 69 petroleum
1480 3761 292 66 industry;
1810 3779 31 33 a
1875 3766 250 62 pageant

143 3834 221 54 written
399 3838 109 52 and
544 3838 286 66 produced
864 3839 73 65 by
972 3839 65 51 E.
1072 3840 89 51 W.
1197 3837 287 54 Hickman
1519 3837 111 53 and
1666 3839 126 65 Roy
1826 3836 201 59 Minet,
2062 3839 60 51 in

142 3915 490 52 commemoration
668 3916 62 51 of
764 3916 95 53 the
895 3913 393 69 seventy-fifth
1327 3915 367 60 anniversary
1730 3915 63 51 of
1829 3916 94 51 the
1960 3914 159 52 drill-
