2424 4375
0 0 0 0 942
264 471 309 65 Rossman,
601 473 300 53 Laurence
928 473 237 65 Alonzo,
1195 480 169 50 1890-

334 547 290 68 Railways
649 548 112 52 and
788 548 325 69 highways;
1143 568 32 33 a
1202 549 311 55 discussion
1539 551 65 53 of
1630 552 453 68 transportation

264 555 1962 137 relationships
594 625 92 68 [by]
720 625 63 53 L.
811 625 69 52 A.
911 627 293 52 Rossman.
1275 626 219 68 [Grand
1523 628 240 70 Rapids,

1789 630 204 68 Minn.,
2025 634 150 64 1935]

333 698 27 37 2
384 708 43 37 p.
490 728 8 16 l.,
526 698 70 46 33,
625 718 11 29 [1]
705 708 45 37 p.
811 697 57 41 23½
900 700 45 21 cm
948 730 9 9 .

337 753 233 42 “Sources
594 753 51 40 of
670 754 373 41 information”:
1072 755 26 39 1
1123 765 45 38 p.
1196 758 52 38 at
1272 757 106 40 end.

266 809 52 52 ©
340 813 108 40 Feb.
472 813 232 46 14,1935;
727 814 66 39 2c.
818 814 108 39 Feb.
951 815 80 44 18;
1057 814 80 40 aff.
1165 815 108 39 Feb.
1298 816 81 46 28;
1403 817 39 38 A
1465 816 170 48 80657;
1661 818 50 39 L.
1734 818 53 39 A.
1814 819 251 42 Rossman.
2090 820 163 40 Grand

338 869 197 49 Rapids,
562 869 147 40 Minn.
781 869 249 48 (35-9983)

262 973 250 63 Russell,
539 974 222 52 Robert
786 974 229 55 Alfred.

335 1049 1916 73 The creative silence, by Rev. Robert A. Russell … Denver,
267 1125 139 66 Col.,
435 1126 70 54 R.
532 1126 72 54 A.
634 1126 224 55 Russell
890 1161 13 34 [
908 1134 18 21 c
931 1130 152 65 1935]

335 1197 85 40 111
451 1208 44 37 p.
554 1197 56 40 15
612 1200 46 21 cm
661 1230 9 8 .

264 1255 52 52 ©
342 1260 115 46 May
483 1259 36 46 7,
547 1257 112 41 1935;
715 1258 66 40 2c.
810 1259 95 38 and
930 1258 81 40 aff.
1038 1260 115 46 May
1179 1260 82 45 13;
1291 1260 41 38 A
1358 1259 168 47 83084;
1558 1260 53 39 R.
1640 1261 51 38 A.
1720 1261 208 40 Russell.

342 1314 250 48 (35-9997)

334 1414 1916 71 God’s workshop, by Rev. Robert A. Russell … Denver,
266 1491 139 68 Col.,
433 1493 68 51 R.
530 1492 71 55 A.
629 1492 224 55 Russell
885 1527 13 34 [
903 1500 18 21 c
926 1495 132 50 1935
1065 1526 13 34 ]

334 1564 83 40 131
449 1575 43 37 p.
552 1563 55 40 15
610 1566 43 21 cm
659 1596 9 9 .

262 1621 52 51 ©
341 1626 113 45 May
481 1625 37 44 7,
545 1624 111 39 1935;
711 1623 67 40 2c.
806 1625 95 37 and
926 1624 82 39 aff.
1038 1625 114 46 May
1178 1625 81 44 13;
1286 1625 41 37 A
1353 1624 169 46 83085;
1553 1626 52 36 R.
1635 1626 52 37 A.
1717 1626 205 38 Russell.

340 1679 250 47 (35-9998)

258 1769 322 65 Rustgard,
609 1770 173 64 John,
813 1775 170 49 1863-

330 1846 122 52 The
489 1846 109 51 law
635 1844 65 53 of
737 1863 184 51 wages
957 1845 112 53 and
1107 1846 97 52 the
1239 1850 118 48 cost
1394 1845 65 54 of
1495 1845 74 54 its
1608 1843 332 71 infraction,
1977 1846 75 69 by
2088 1845 158 55 John

259 1921 1912 71 Rustgard … Minneapolis, Minn., Midwest book co. [ c 1935]
330 1994 57 41 60
411 2006 43 37 p.
515 1995 59 41 19½
604 1997 45 21 cm
653 2026 8 9 .
777 1994 130 50 $0.65

258 2051 52 52 ©
338 2056 113 46 May
475 2054 71 47 24,
573 2055 140 45 1935;
742 2054 67 40 2c.
837 2055 126 39 June
989 2056 52 44 1;
1070 2054 79 39 aff.
1182 2055 113 46 May
1322 2054 82 46 27;
1434 2055 39 38 A
1503 2055 168 46 84049;
1704 2056 41 39 J.
1775 2054 260 48 Rustgard,

329 2054 1900 105 Minneapolis.
568 2110 249 49 (35-9976)

256 2199 303 66 Schendel,
587 2201 232 53 Arthur
846 2217 133 46 van,
1009 2202 151 54 1874-

326 2278 120 53 The
503 2279 264 54 'Johanna
808 2277 206 54 Maria’
1053 2278 74 66 by
1167 2278 222 51 Arthur
1429 2296 111 33 van
1582 2277 304 66 Schendel;
1929 2279 312 52 translated

257 2355 1986 68 from the Dutch by Brian W Downs, with an introduction by
258 2434 94 55 Sir
379 2434 225 54 Arthur
633 2433 460 63 Quiller-Couch.
1158 2433 239 52 London
1430 2438 139 62 [etc.]
1602 2436 56 53 J.
1689 2434 155 66 Cape
1897 2436 151 64 [1935]

327 2507 84 40 223
444 2517 42 37 p.
547 2506 57 40 20
606 2509 43 20 cm
655 2538 8 8 .

257 2562 1988 52 © 1c. July 3. 1935; A ad int. 20360: pubd. May 7; Longmans, Green &
325 2632 81 35 co.,
431 2623 118 38 New
570 2621 143 38 York.
785 2619 252 47 (35-10050
1050 2621 11 43 )

257 2709 289 65 Simpson,
573 2711 193 50 Mabel
793 2709 324 63 Elizabeth,
1147 2715 168 48 1882-

330 2785 1847 69 Growth in English … bk. l.-2. By Mabel E. Simpson …
253 2863 1983 68 and Mary A. Adams … with illustrations by Marguerite Davis.
258 2944 138 51 New
423 2943 162 53 York
611 2943 111 51 and
750 2940 267 68 Chicago,
1044 2943 240 51 Newson
1310 2945 46 48 &
1381 2959 295 48 company,
1705 2944 147 49 1934.

322 3017 26 38 2
377 3028 42 27 v.
479 3016 124 38 illus.
635 3015 134 48 (part
796 3015 110 46 col.)
974 3014 54 39 19½
1060 3016 43 20 cm
1109 3046 7 7 .

256 3066 1980 54 bk. l. © Mar. 12, 1934; bk. 2, © May 12; 2c. each and affs. June 6;
321 3139 42 37 A
390 3135 155 48 72652,
576 3136 168 45 72653;
779 3136 204 39 Newson
1014 3134 36 39 &
1079 3144 65 29 co.
1216 3132 279 48 (34-15292)

252 3224 213 63 Smith,
496 3225 151 54 Cecil
678 3224 279 55 Lonford.

326 3300 171 54 Cider
549 3301 110 51 and
713 3299 271 61 sardines,
1032 3299 75 65 by
1158 3297 151 54 Cecil
1360 3297 262 52 Lonford
1675 3295 188 54 Smith
1912 3294 326 69 <“Plucky”

255 3377 225 66 Smith>
512 3378 245 66 original
793 3376 261 68 eulogies,
1088 3393 155 34 verse
1278 3376 112 52 and
1426 3373 286 69 proverbs.
1785 3372 250 67 Topeka,
2069 3375 167 62 Kan.,

251 3455 256 67 Hugues,
535 3455 327 52 Alexander
890 3456 44 49 &
964 3454 255 66 Hugnes,
1251 3455 148 49 1935.

324 3529 26 39 6
375 3540 39 34 p.
477 3560 9 12 l.,
516 3529 142 39 15-77
684 3540 43 37 p.
787 3528 55 39 23
846 3529 41 22 cm
893 3559 8 8 .

324 3585 162 40 “First
511 3584 223 41 edition.”

254 3637 52 52 ©
330 3642 113 39 May
465 3642 69 41 29.
558 3640 112 41 1935;
723 3642 65 38 2c.
812 3642 93 37 and
929 3640 79 39 aff.
1035 3640 114 46 July
1171 3640 52 39 8:
1249 3639 41 38 A
1314 3637 168 42 83931:
1510 3638 48 40 CL
1585 3638 50 39 L.
1664 3636 170 47 Smith,
1860 3637 169 45 Sedan,
2054 3637 123 38 Kan.

337 3697 248 47 (35-9719)

251 3784 212 61 Smith,
493 3786 218 51 Ellison
739 3787 304 57 Matthew,
1075 3790 165 48 1898-

384 3853 1844 72 … A study of failures in the Chattanooga junior high
251 3930 1978 73 schools, by Ellison Matthew Smith … Nashville. Tenn.,
253 4011 217 70 George
496 4013 267 69 Peabody
788 4014 208 67 college
1021 4012 93 52 for
1141 4012 266 66 teachers,
1438 4014 149 49 1934.
