2424 4375
1226 4085 102 49 462

262 458 285 66 Fleming,
576 461 301 56 Maureen.

337 533 319 70 Elizabeth,
681 554 246 49 empress
952 537 64 52 of
1040 536 238 54 Austria
1329 538 91 67 [by]
1452 539 273 52 Maureen
1751 539 280 67 Fleming.
2116 540 134 53 [New

268 611 179 70 York,
475 613 60 56 C.
564 613 251 54 Kendall
841 618 44 50 &
908 615 89 54 W.
1027 614 209 68 Sharp,
1262 615 123 66 inc.,
1412 621 18 21 c
1435 619 151 64 1935]

339 687 26 40 7
391 696 42 38 p.
495 717 9 17 l.,
535 686 70 50 [1],
633 685 173 42 14-255
832 698 42 37 p.
928 688 170 47 plates,
1126 690 148 45 ports.
1330 688 54 39 22
1388 691 43 20 cm
1436 719 9 10 .

339 742 197 40 London
563 742 182 41 edition
783 742 216 49 (Selwyn
1026 744 38 40 &
1089 744 194 47 Blount,
1311 744 112 47 ltd.)
1458 745 89 39 has
1573 744 135 41 title:
1736 744 40 40 A
1801 745 147 47 caged
1977 743 121 43 bird.

267 796 53 53 ©
360 801 121 39 Mar.
523 802 38 46 1,
601 800 114 41 1935;
783 800 67 41 2c.
890 800 110 41 Feb.
1042 801 81 48 12;
1168 802 80 39 aff.
1291 802 121 39 Mar.
1454 803 52 46 5;
1549 802 42 39 A
1629 802 170 46 79924;
1844 804 139 47 Mary
2025 804 231 38 Maureen

339 857 255 48 Schinner,
632 858 272 48 Princeton,
940 858 56 40 N.
1035 858 42 40 J.
1148 858 251 49 (35-3502)

264 944 241 68 Fowler,
534 946 255 56 William
817 947 300 66 Franklin,
1148 953 170 51 1886-

338 1022 229 68 Values,
597 1022 75 68 by
702 1022 258 54 William
993 1025 64 55 F.
1091 1022 238 56 Fowler.
1477 1023 271 67 [Lynbrook,
1781 1023 70 54 N.
1888 1023 88 67 Y.,
2032 1025 152 65 c1935]

337 1095 28 40 3
391 1105 42 38 p.
493 1127 10 16 l.,
529 1095 142 42 5-191
699 1107 42 38 p.
801 1097 114 40 21cm.

269 1150 53 53 ©
363 1154 111 41 Feb.
512 1154 70 48 27,
623 1155 141 48 1935;
806 1157 66 39 2c.
914 1156 122 40 Mar.
1077 1157 53 46 1;
1174 1153 80 43 aff.
1298 1158 120 38 Mar.
1461 1156 51 48 8;
1556 1159 39 37 A
1637 1156 170 48 79959;
1851 1158 69 40 W.
1964 1158 51 39 F.
2057 1157 200 48 Fowler,

338 1212 267 47 Lynbrook,
634 1213 55 39 N.
717 1213 52 39 Y.
841 1213 249 48 (35-5573)

265 1301 251 66 Frailey,
547 1303 211 53 Lester
787 1304 67 55 E.

339 1378 237 55 Smooth
611 1379 212 68 sailing
863 1413 13 35 [
881 1380 91 68 by]
1014 1381 65 53 L.
1113 1381 70 53 E.
1218 1380 251 67 Frailey.
1564 1380 85 56 [St.
1684 1380 192 67 Louis,
1910 1380 241 53 Printed
2184 1380 74 68 by

269 1456 69 51 A.
373 1457 69 52 R.
477 1457 266 66 Fleming
777 1457 264 68 printing
1073 1476 297 49 company,
1428 1461 151 63 c1935]

341 1530 24 38 1
394 1540 43 37 p.
502 1560 9 17 l.,
543 1529 68 47 iii,
641 1529 57 41 68
726 1540 45 39 p.
830 1529 55 40 23
889 1532 43 21 cm
936 1562 9 9 .

338 1586 300 48 Tail-pieces.

270 1638 53 52 ©
353 1641 110 42 Feb.
492 1643 39 46 1,
561 1641 140 48 1935;
730 1642 68 40 2c.
829 1643 96 39 and
954 1642 80 40 aff.
1066 1642 110 40 Feb.
1206 1643 82 46 28;
1320 1642 41 39 A
1392 1641 170 48 81016;
1595 1643 50 39 L.
1677 1644 53 38 E.
1762 1643 206 48 Frailey,
2003 1643 67 40 St.
2101 1641 160 42 Louis.

350 1699 251 48 (35-5477)

269 1774 130 65 Gill,
427 1776 174 56 John.

403 1851 1857 70 … In his own country; a novel. New York, E. P. Dutton
273 1933 47 50 &
347 1949 96 47 co.,
472 1931 125 66 inc.,
626 1935 149 50 1935.

345 2002 85 42 284
459 2013 43 37 p.
562 2003 57 41 19½
649 2006 44 21 cm
699 2037 8 8 .

346 2062 61 37 At
437 2060 123 40 head
588 2061 52 39 of
666 2060 135 41 title:
831 2062 71 47 By
929 2061 127 39 John
1086 2060 111 42 Gill.

349 2116 161 42 “First
540 2116 226 43 edition.”

273 2170 53 53 ©
352 2175 113 47 Apr.
493 2175 68 46 11,
589 2174 141 48 1935;
758 2175 68 40 2c.
854 2176 113 47 Apr.
995 2174 82 47 13;
1107 2174 80 40 aff.
1215 2175 112 47 Apr.
1358 2174 82 46 12;
1468 2174 42 39 A
1539 2173 168 47 82568;
1741 2175 50 39 E.
1822 2175 50 39 P.
1903 2175 187 39 Dutton
2117 2173 38 40 &
2181 2183 82 39 co.,

342 2231 91 41 inc.
503 2231 251 49 (35-5461)

276 2305 282 67 Gladwin,
586 2306 310 58 Winifred.

347 2385 55 51 A
436 2384 232 52 method
702 2384 95 52 for
831 2384 358 68 designation
1225 2383 64 55 of
1323 2385 245 52 cultures
1603 2384 112 51 and
1749 2384 150 52 their
1934 2383 330 66 variations,

277 2461 73 67 by
395 2460 294 56 Winifred
736 2463 112 51 and
893 2463 227 52 Harold
1170 2463 55 55 S.
1274 2463 284 55 Gladwin.
1640 2462 198 65 Globe,
1882 2461 176 67 Ariz.,
2105 2460 155 54 Priv.

275 2539 174 66 print,
477 2539 95 52 for
597 2540 120 53 The
742 2540 316 52 Medallion
1082 2541 74 66 by
1182 2540 134 54 Gila
1342 2540 221 67 pueblo,
1593 2543 146 49 1934.

347 2610 1916 51 1 p. l., 30 p. fold. tables, fold. diagr. 25½ cm . (Medallion papers,
274 2679 76 31 no.
376 2669 80 50 15)

278 2722 1988 52 © Aug. 6, 1934; 1c. Dec. 8; 1c. and aff. Dec. 24; A 77860; Gila pueblo.
276 2856 318 65 Goodman,
624 2858 165 55 Jack.

348 2935 31 51 I
410 2934 139 53 wish
581 2934 90 52 I’d
702 2934 125 53 said
857 2934 155 54 that!
1085 2935 186 64 Being
1302 2953 30 33 a
1363 2932 312 54 discussion
1707 2931 63 54 of
1800 2932 94 52 the
1926 2935 91 49 art
2045 2930 65 53 of

280 2948 1958 115 repartee
463 3011 75 66 by
569 3017 114 47 two
716 3012 147 65 good
895 3012 275 63 listeners,
1203 3010 147 54 Jack
1383 3009 298 56 Goodman
1716 3009 112 53 and
1862 3007 204 54 Albert
2095 3007 166 65 Rice;

283 3087 135 53 with
461 3107 71 33 an
571 3088 388 52 introduction
998 3088 74 64 by
1113 3087 256 53 Howard
1408 3087 185 52 Dietz.
1668 3085 138 54 New
1848 3084 178 65 York,
2067 3083 195 56 Simon

279 3166 111 51 and
423 3164 285 63 Schuster,
739 3167 150 51 1935.

348 3236 27 40 6
400 3247 42 38 p.
503 3268 9 15 l.,
539 3235 172 41 11-130
736 3248 44 37 p.
835 3237 125 39 illus.
1017 3235 54 40 19½
1104 3238 43 20 cm
1152 3268 9 8 .

350 3292 315 41 “Illustrated
697 3294 60 46 by
792 3292 227 49 Soglow.”

282 3345 52 52 ©
359 3350 112 47 Apr.
496 3350 42 46 2,
565 3348 112 41 1935;
731 3349 68 40 2c.
824 3349 111 47 Apr.
964 3348 52 47 6;
1045 3347 80 40 aff.
1156 3348 111 47 Apr.
1297 3348 52 45 5;
1379 3348 39 37 A
1448 3345 167 48 82406;
1648 3346 163 40 Simon
1840 3346 36 39 &
1906 3346 241 46 Schuster,
2176 3344 88 39 inc.

361 3406 249 47 (35-5517)

280 3479 250 63 Gordon,
562 3482 297 63 Margery,
889 3497 177 49 comp.

355 3557 170 53 Verse
563 3556 63 53 of
665 3574 103 34 our
807 3557 129 66 day,
975 3575 70 33 an
1087 3555 311 66 anthology
1436 3555 63 52 of
1538 3554 232 52 modern
1811 3552 302 52 American
2152 3550 111 53 and

288 3628 1914 71 British poetry, with studies in poetry, by Margery Gordon …
283 3704 1979 146 and Marie B. King … Rev. ed. New York, D. Appleton-Century company,
896 3784 627 66 incorporated [ c 1935]
354 3865 111 37 xxx,
497 3855 84 41 520
612 3866 42 38 p.
714 3854 58 41 19c
789 3857 27 21 m
820 3887 9 9 .

355 3910 374 49 “Bibliography
755 3911 95 39 and
878 3909 292 49 biography”:
1228 3920 42 38 p.
1297 3908 216 41 459-495.

285 3963 53 53 ©
363 3969 110 46 Apr.
501 3968 40 47 9,
569 3967 113 40 1935;
736 3967 67 39 2c.
831 3967 111 47 Apr.
971 3967 80 43 11;
1082 3965 81 40 aff.
1192 3966 113 44 Apr.
1332 3965 81 45 12;;
1444 3965 40 37 A

1511 3962 168 47 82468;
1710 3965 55 37 D.
1795 3959 468 51 Appleton-Century

354 4034 82 37 co.,
469 4024 89 40 inc.
629 4023 226 48 (35-5514)
