2424 4375
1105 4064 132 50 1559

168 439 308 66 Strachey,
507 440 173 64 John,
716 444 170 50 1901-

234 517 122 52 The
389 516 227 68 coming
649 515 256 69 struggle
941 516 93 52 for
1066 534 208 49 power,
1305 516 76 68 by
1415 516 157 53 John
1609 514 305 68 Strachey;
1953 513 140 53 with
2128 533 31 33 a

164 612 123 35 new
320 593 388 54 introduction
745 594 74 68 by
852 595 96 54 the
980 594 222 53 author.
1273 594 139 52 New
1448 592 180 69 York,
1662 592 122 54 The
1816 592 242 53 Modern
164 591 1971 150 library
374 705 12 33 [
392 679 18 21 c
415 675 132 49 1935
553 705 12 34 ]

237 746 98 48 xxi,
363 748 55 48 [1]
446 756 57 38 p.,
528 748 24 37 1
612 776 9 17 l.,
646 746 174 39 25-412
845 757 42 38 p.
938 746 54 39 21
997 748 44 21 cm
1045 778 9 8 .
1118 745 301 49 (Half-title:
1440 746 102 40 The
1566 745 199 42 modern
1789 744 186 48 library
2002 744 52 40 of
2079 746 82 41 the

168 802 193 41 world’s
386 803 108 40 best
519 802 173 47 books)

239 859 102 39 “An
370 858 241 41 economic
639 859 97 40 and
765 856 148 43 social
940 858 218 48 analysis
1186 858 52 41 of
1266 855 514 51 capitalism.”—Pref.

240 915 163 41 “First
430 916 199 40 Modern
659 914 187 49 library
873 914 227 41 edition.”

240 972 69 40 “A
340 973 112 39 note
486 982 60 29 on
578 971 257 41 American
869 972 166 39 events
1070 971 131 40 since
1234 972 83 39 the
1349 970 108 40 first
1490 968 301 50 publication
1823 970 52 41 of
1909 970 99 41 this
2040 971 123 41 book

185 1028 112 40 [Feb.
323 1027 159 50 1933]:
512 1039 44 37 p.
582 1026 218 42 396-407.

168 1095 52 54 ©
247 1100 128 47 Sept.
399 1100 69 47 25,
496 1098 115 42 1935;
664 1100 65 39 2c.
759 1100 101 40 Oct.
885 1099 83 47 24;
997 1099 80 40 aff.
1106 1099 101 40 Oct.
1235 1099 83 47 22;
1347 1100 41 39 A
1414 1099 169 47 87940;
1614 1099 202 41 Modern
1843 1100 200 48 library,
2071 1100 90 40 inc.

238 1156 279 51 [Copyright
545 1156 41 40 is
616 1156 203 40 claimed
849 1167 60 28 on
937 1155 346 50 introduction]
1354 1156 280 48 (35-22346)

168 1273 294 68 Strecker,
495 1276 254 53 Edward
781 1275 209 64 Adam,
1026 1280 170 49 1886-

237 1351 287 54 Practical
558 1352 225 53 clinical
815 1352 333 70 psychiatry
1182 1353 94 52 for
1308 1353 258 53 students
1598 1353 113 53 and
1746 1351 419 70 practitioners,

168 1429 1994 71 by Edward A. Strecker … and Franklin G. Ebaugh … 4th ed.
170 1507 289 55 rewritten
503 1509 112 52 and
658 1509 105 52 enl.
842 1509 162 54 With
1045 1508 155 69 sixty
1240 1508 379 54 illustrations
1662 1509 112 52 and
1818 1527 28 34 a
1888 1510 275 68 glossary.

170 1584 1539 70 Philadelphia, P. Blakiston’s son & co., inc. [ c 1935]
239 1658 1277 50 xviii, 705 p. illus., fold. plates, diagrs. 21 cm .
242 1715 346 50 Bibliography
618 1719 52 38 at
700 1717 91 40 end
821 1716 51 40 of
900 1718 118 40 each
1049 1717 214 48 chapter.

170 1783 52 54 ©
249 1788 128 48 Sept.
401 1787 68 48 20,
495 1787 113 41 1935;
659 1786 67 42 2c.
752 1788 95 39 and
871 1786 82 41 aff.
982 1786 128 49 Sept.
1134 1785 82 48 21;
1244 1788 40 38 A
1310 1787 169 45 86563;
1507 1788 50 39 P.
1584 1786 299 41 Blakiston’s
1909 1798 85 29 son
2020 1788 36 39 &
2082 1798 82 38 co.,

238 1844 91 41 inc.
399 1843 279 49 (35-22968)

172 1961 129 54 Van
330 1962 68 53 de
427 1962 221 64 Water,
679 1960 275 55 Frederic
982 1961 320 64 Franklyn,
1335 1965 171 49 1890-

171 2036 1969 146 Hidden ways, by Frederic F. Van de Water … Indianapolis,
287 2114 140 54 New
459 2114 178 68 York,
666 2115 123 53 The
817 2113 444 55 Bobbs-Merrill
1292 2132 280 52 company
1609 2147 14 34 [
1628 2120 18 21 c
1650 2118 152 63 1935]

241 2185 648 55 3 p. l. , 11-285 p. 19½cm.
246 2243 162 42 “First
436 2242 226 43 edition.”

176 2312 52 54 ©
257 2317 102 40 Oct.
387 2316 68 48 30,
485 2315 116 42 1935;
655 2317 68 40 2c.
750 2317 117 39 Nov.
897 2318 52 45 1;
980 2316 83 40 aff.
1091 2317 118 39 Nov.
1239 2317 54 46 4;
1326 2317 41 38 A
1396 2316 170 48 89172;
1596 2317 51 40 F.
1678 2317 53 41 F.
1760 2318 108 39 Van
1897 2318 61 40 de
1984 2319 182 47 Water,

245 2374 322 47 Brattleboro,
637 2377 29 37 Vt.
739 2371 278 51 (35-22397)

178 2490 226 65 Weeks,
434 2491 271 64 Edward,
737 2493 169 52 1898-

244 2567 1927 69 This trade of writing, by Edward Weeks … Boston, Little,
178 2645 226 67 Brown,
436 2646 112 52 and
581 2664 296 50 company,
909 2649 150 50 1935.

246 2726 87 40 viii
358 2737 59 38 p.,
441 2727 27 39 2
530 2758 8 16 l.,
569 2727 177 48 [3]-284
773 2737 43 38 p.
871 2726 55 40 19½
958 2729 46 22 cm
1008 2758 10 9 .

245 2783 224 40 Includes
497 2782 391 49 bibliographies.

177 2848 51 53 ©
254 2853 102 41 Oct.
381 2854 70 47 31,
478 2853 116 41 1935;
646 2854 68 40 2c.
738 2855 96 39 and
860 2854 81 40 aff.
969 2855 119 39 Nov.
1115 2856 52 44 1;
1196 2856 41 37 A
1263 2853 171 48 89094;
1465 2856 51 38 E.
1544 2854 189 48 Weeks,
1760 2854 76 48 jr.,
1863 2855 198 39 Boston.

255 2909 279 49 (35-22378)

179 3025 302 68 Wegener,
511 3027 215 55 Alfred
751 3027 242 66 Lothar,
1026 3031 324 51 1880-1930.

250 3103 391 69 Vorlesungen
745 3105 97 52 über
905 3104 210 69 physik
1177 3105 99 52 der
1342 3103 378 70 atmosphare,
1782 3120 113 35 von
1957 3103 212 53 Alfred

179 3179 1992 71 Wegenerf … und Kurt Wegener … Mit 192 abbildungen im
182 3263 117 49 text
326 3259 118 52 und
475 3259 102 53 auf
606 3264 28 47 1
662 3259 162 53 tafel.
884 3259 257 70 Leipzig,
1168 3260 57 54 J.
1254 3260 71 53 A.
1356 3260 204 67 Barth,
1592 3263 150 49 1935.

249 3337 84 48 xii,
361 3337 86 41 482
473 3349 45 38 p.
578 3338 141 48 illus.,
747 3339 179 48 diagrs.
955 3338 48 49 (1
1031 3339 142 47 fold.)
1242 3338 56 41 23
1302 3342 42 21 cm
1350 3372 9 8 .

252 3394 334 42 “Literatur”:
616 3406 43 38 p.
687 3396 100 40 4-7.

185 3460 1986 55 © Mar. 19, 1935; 1c. July 10; A-Foreign 28394; Johann Ambrosius
250 3522 168 40 Barth.
488 3523 280 49 (35-22981)

185 3637 232 67 Wilder,
444 3640 153 54 John
625 3641 264 56 Watson.

255 3714 1914 71 His name is Jesus … by John Watson Wilder; illustrated by
187 3790 198 54 Janice
419 3794 247 62 Penney.
739 3792 268 64 Chicago,
1043 3795 123 52 The
1199 3794 193 62 Reilly
1428 3797 46 49 &
1509 3794 110 52 Lee
1654 3812 279 44 company
1973 3827 12 29 r
1990 3800 18 21 c
2012 3797 153 59 1935]

256 3869 28 39 6
308 3881 44 38 p.
414 3902 9 16 l.,
452 3871 172 39 17-123
652 3883 43 37 p.
755 3873 126 40 illus.
940 3871 117 42 28cm.

191 3936 51 52 ©
272 3941 98 41 Oct.
400 3942 69 48 24,
499 3942 140 47 1935;
671 3944 66 39 2c.
768 3945 95 38 and
893 3943 82 41 aff.
1008 3943 102 41 Oct.
1140 3943 82 47 28;
1255 3944 41 38 A
1327 3943 169 47 87983;
1571 3943 119 48 Reilly
1721 3943 37 41 &
1785 3944 92 39 Lee
1908 3954 69 29 co.

266 3997 276 51 (35-22953)
