2568 4342
1179 4083 67 55 71

222 450 195 65 Leete,
448 450 254 54 Edward
730 451 278 64 Lorenzo,
1041 455 325 50 1810-1884.

297 527 121 53 The
456 526 366 54 descendants
859 526 63 52 of
956 526 260 53 William
1253 526 186 68 Leete,
1474 544 104 34 one
1616 524 64 56 of
1717 525 97 53 the
1852 523 272 54 founders
2160 524 65 54 of

228 603 292 69 Guilford,
560 603 196 69 Conn.,
791 602 291 69 president
1117 603 63 52 of
1213 604 98 54 the
1347 603 344 53 Federation
1728 601 63 53 of
1829 600 242 56 colonies
2110 602 112 53 and

226 698 277 51 governor
543 681 63 52 of
646 681 137 54 New
824 681 206 52 Haven
1072 682 113 53 and
1228 680 372 55 Connecticut
1638 681 261 66 colonies,
1941 679 282 69 compiled

226 757 1996 69 by Edward L. Leete … 2d ed. … New Haven, The Tuttle,
226 835 330 53 Morehouse
584 837 45 50 &
658 837 214 67 Taylor
901 855 96 50 co.,
1025 837 250 67 printers
1306 870 13 34 [
1324 842 18 22 c
1347 838 152 66 1934]

327 907 1475 50 x p., 1 l., 398 p. front., port., col. coat of arms. 24 cm .
294 964 263 41 Published
589 966 51 38 in
672 965 115 41 1884
821 966 155 39 under
1007 965 110 41 title
1150 965 130 41 “The
1311 966 176 48 family
1519 967 52 39 of
1603 966 217 41 William
1854 965 188 42 Leete”.
2103 967 118 39 This

221 1022 179 40 earlier
428 1022 186 40 edition
639 1032 102 30 was
769 1022 162 40 edited
959 1023 62 47 by
1046 1023 85 40 Dr.
1160 1021 158 41 Alvan
1346 1023 197 40 Talcott
1566 1025 93 39 due
1689 1026 48 38 to
1768 1024 82 40 the
1878 1024 148 40 death
2056 1024 52 40 of
2136 1025 85 39 the

222 1079 230 48 compiler
487 1080 212 39 Edward
734 1079 51 41 L.
821 1079 146 40 Leete
1001 1079 167 41 before
1202 1080 66 40 its
1305 1080 303 47 completion.
1669 1080 119 41 This
1823 1083 175 39 second
2034 1081 186 41 edition

222 1138 89 38 has
345 1137 120 40 been
499 1137 161 40 edited
696 1137 61 46 by
793 1137 149 40 Edith
981 1136 253 48 Raymond
1269 1139 95 38 and
1402 1138 89 40 has
1527 1138 118 39 been
1683 1139 242 47 arranged
1959 1149 54 29 as
2048 1138 171 49 nearly

222 1204 54 29 as
299 1193 209 48 possible
532 1195 48 38 to
603 1193 219 40 conform
846 1194 121 39 with
992 1194 83 40 the
1096 1194 209 46 original
1327 1195 191 39 volume.
1620 1194 34 49 cf.
1680 1195 138 49 Note,
1845 1196 168 47 signed;
2070 1196 152 40 Edith

223 1251 266 46 Raymond.

222 1321 53 52 ©
307 1327 110 38 Dec.
453 1325 69 47 15,
554 1323 142 48 1934;
730 1324 67 39 2c.
831 1324 111 39 Dec.
975 1323 83 47 21;
1095 1323 82 40 aff.
1212 1324 108 39 Jan.
1355 1323 70 48 24,
1460 1322 142 49 1935;
1637 1324 41 40 A
1712 1323 171 49 80259;
1919 1323 221 43 William
2176 1324 43 41 S.

287 1383 157 44 Leete,
476 1381 184 40 Leete’s
692 1382 183 46 Island,
909 1380 146 41 Conn.
1127 1380 251 50 (35-1658)

217 1483 208 66 Lewis,
455 1484 207 55 Cecille
689 1484 197 58 Zenia.

293 1559 219 69 Facing
535 1566 135 63 east,
691 1560 74 69 by
794 1559 208 56 Cecille
1023 1558 171 55 Zenia
1219 1560 199 52 Lewis.
1493 1560 235 69 Boston,
1754 1559 67 53 B.
1847 1559 375 70 Humphries,

220 1640 106 51 inc.
363 1673 13 34 [
378 1646 20 22 c
403 1640 136 50 1934
543 1672 13 34 ]

287 1711 707 50 viii p., 1 l., 11-70 p. 21 cm .
287 1770 184 43 Poems.

221 1822 53 53 ©
315 1828 114 47 Apr.
473 1827 69 47 18,
586 1826 141 44 1934;
770 1826 69 41 2c.
884 1826 126 48 Sept.
1054 1826 83 47 27;
1183 1824 81 41 aff.
1310 1827 108 39 Jan.
1462 1825 70 48 12,
1575 1824 141 43 1935;
1761 1827 44 38 A
1845 1825 170 49 78997;
2062 1828 161 41 Bruce

287 1884 311 48 Humphries,
626 1883 90 41 inc.
788 1882 252 49 (35-1611)

215 1987 232 65 McGee,
477 1988 198 63 Clyde.

290 2062 343 59 Calendaria
665 2065 91 67 [by]
805 2064 184 68 Clyde
1010 2062 230 56 McGee.
1317 2062 272 69 Chicago,
1612 2063 115 68 Ill.,
1753 2064 267 68 Bethany
2043 2064 180 54 union

214 2142 211 53 church
462 2176 13 34 [
478 2150 19 21 c
502 2146 151 64 1934]

285 2211 965 51 4 p. l., 81, [1] p. illus., port. 22 cm .
290 2270 185 40 Poems.

289 2327 218 40 Portrait
536 2327 167 47 signed
733 2327 62 47 by
824 2326 83 40 the
934 2327 192 39 author.

220 2384 53 52 ©
301 2389 110 39 Dec.
441 2388 40 47 7,
509 2386 114 41 1934;
680 2385 66 41 2c.
777 2386 109 39 Jan.
917 2385 69 47 21,
1016 2384 114 41 1935;
1190 2384 80 40 aff.
1304 2386 108 39 Jan.
1443 2385 26 40 3;
1529 2386 41 38 A
1600 2384 141 41 79291;
1803 2385 49 41 C.
1885 2386 191 48 McGee,
285 2386 1912 107 Chicago.
485 2443 250 50 (35-1723)

215 2546 332 67 McKenzie,
576 2548 256 63 Vernon,
864 2548 171 53 1887-

283 2624 140 54 War
463 2624 60 51 in
559 2623 249 68 Europe,
848 2621 168 54 1940?
1096 2620 235 55 Central
1371 2621 235 68 Europe
1644 2620 289 69 revisited,
1972 2621 143 70 July
2154 2626 60 48 to

217 2698 1998 71 September, 1934, by Vernon McKenzie … [Camas, Wash.,
216 2778 204 55 Camas
448 2778 336 69 publishing
813 2797 99 49 co.,
938 2783 18 22 c
962 2779 151 65 1934]

283 2851 59 43 68
366 2864 45 37 p.
470 2852 56 40 23
530 2854 45 21 cm
578 2884 8 9 .

288 2908 267 49 “Political,
585 2908 254 45 economic,
871 2907 162 42 social,
1063 2906 243 47 religious,
1337 2905 219 48 military
1589 2907 96 40 and
1715 2906 314 47 journalistic
219 2908 1982 99 observations.”

219 3020 51 53 ©
296 3026 109 39 Dec.
431 3026 39 45 7,
494 3023 141 48 1934;
659 3023 67 40 2c.
751 3024 96 39 and
870 3022 81 41 aff.
978 3023 107 39 Jan.
1112 3022 68 42 15,
1204 3021 141 47 1935;
1372 3022 41 38 A
1437 3021 170 47 80010·;
1633 3023 53 40 V.
1712 3024 276 47 McKenzie,
2016 3024 193 41 Seattle.

295 3082 249 49 (35-1573)

213 3186 220 64 Meyer,
462 3186 186 54 Hans.

285 3264 162 51 Buch
482 3264 99 52 der
613 3264 353 51 holznamen.
1037 3261 122 53 The
1190 3258 147 54 book
1371 3259 64 53 of
1468 3261 374 52 woodnames.
1910 3263 107 52 Les
2050 3281 161 35 noms

218 3343 94 52 des
342 3341 137 54 bois.
546 3343 111 51 Los
688 3341 262 52 nombres
981 3340 69 51 de
1081 3339 84 53 las
1195 3338 275 52 maderas.
1540 3339 130 52 Von
1702 3339 83 52 dr.
1818 3340 166 56 Hans
2014 3343 199 65 Meyer

365 3416 1845 72 … 3. [bd.] Ishan-Mureré vermelho. Hannover, M. & H.
216 3500 267 67 Schaper,
511 3501 151 50 1934.

286 3568 791 50 cover-title, 233-352 p. 25 ½ cm .
220 3627 51 52 ©
298 3632 101 40 Oct.
426 3629 69 41 29.
523 3628 114 41 1934;
754 3659 5 7 1c.
788 3627 108 39 Jan.
925 3625 69 47 21,
1022 3624 114 40 1935;
1194 3624 102 38 A-
1297 3622 209 48 Foreign
1534 3622 143 41 26761;
1738 3624 61 38 M.
1827 3624 37 40 &
1892 3625 59 38 H.
1986 3625 212 48 Schaper

217 3748 219 66 Meyer,
462 3748 154 54 John
644 3745 238 63 Joseph,
913 3743 172 55 1873-

286 3828 63 49 13
373 3824 230 54 seconds
629 3822 127 53 that
779 3820 206 53 rocked
1010 3819 94 52 the
1132 3818 181 53 world;
1371 3835 81 39 or.
1479 3817 123 53 The
1622 3821 302 65 mentator,
1949 3819 78 69 by
2051 3821 153 54 John

216 3894 1990 76 J. Meyer … a romance of a mankind director in an age of
216 3980 248 53 certified
490 3996 214 35 reason.
765 3976 139 52 New
929 3973 180 68 York,
1132 3973 68 52 R.
1226 3973 72 51 D.
1321 3972 228 52 Henkle
1579 4005 14 33 [
1598 3978 18 22 c
1620 3974 153 65 1935]
