2424 4375
1120 4038 97 48 919

269 504 1004 49 x p., 1 l., 1300 p. illus., diagrs. 21cm.
238 563 177 38 Errata
447 561 93 47 slip
572 561 102 41 laid
705 559 63 42 in.

167 626 51 52 ©
251 631 124 38 June
434 630 38 46 19,
505 628 138 47 1935;
677 630 66 39 2c.
774 630 126 40 June
926 630 81 47 22;
1043 630 81 40 aff.
1157 631 116 47 July
1303 631 51 46 5;
1386 632 41 37 A
1457 630 170 47 84591;
1662 630 156 40 Radio
1849 630 36 40 &
1914 630 237 41 technical

233 687 107 46 pub.
366 697 65 29 co.
503 686 249 48 (35-9563)

167 790 288 63 Gillespie,
485 791 151 54 Cecil
665 791 200 56 Merle.

233 866 361 68 Accounting
637 867 307 66 procedure
991 867 92 53 for
1128 868 274 52 standard
1447 870 162 65 costs,
1651 868 76 67 by
1775 866 152 54 Cecil
1972 866 181 53 Merle

168 943 1961 69 Gillespie … New York, The Ronald press company [c1935]
237 1018 25 38 1
325 1048 9 9 v.
394 1017 177 48 diagrs.
630 1018 146 41 25½cm.

238 1073 283 41 Loose-leaf.

237 1129 223 41 Includes
496 1129 389 50 bibliographies.

166 1195 51 52 ©
243 1200 112 47 May
380 1201 69 45 31,
477 1199 139 47 1935;
645 1200 67 41 2c.
740 1202 127 38 June
892 1201 51 46 6;
976 1200 81 40 aff.
1087 1202 127 39 June
1239 1202 52 46 5;
1322 1202 40 38 A
1391 1200 168 47 83495;
1593 1202 190 39 Ronald
1811 1212 134 37 press
1978 1211 67 30 co.

243 1255 249 49 (35-9418)

167 1359 212 63 Gordy,
408 1360 225 54 Wilbur
662 1360 158 66 Fisk,
853 1366 322 51 1854-1929.

236 1450 242 53 Leaders
516 1450 58 51 in
611 1450 236 69 making
880 1450 293 65 America;
1213 1470 71 33 an
1323 1452 343 66 elementary
1701 1450 220 68 history
1959 1450 64 52 of
2059 1450 95 52 the

171 1526 1982 71 United States, by Wilbur Fisk Gordy … New York, Chicago
171 1604 769 68 [etc.] C. Scribner’s sons [c1935]
236 1677 64 47 ix,
329 1678 84 40 500
441 1689 43 37 p.
544 1680 85 38 col.
659 1678 163 50 front.,
849 1679 142 48 illus.,
1020 1689 136 38 maps
1195 1678 135 49 (part
1359 1678 198 49 double)
1624 1678 57 41 19½cm.

163 1743 51 52 ©
239 1748 114 47 July
376 1748 38 46 5,
440 1748 112 39 1935;
604 1749 67 39 2c.
695 1750 115 46 July
830 1749 79 46 10;
937 1749 82 40 aff.
1044 1749 115 47 July
1182 1749 51 46 9;
1258 1749 41 39 A
1322 1747 141 42 83982;
1517 1749 201 40 Charles
1744 1746 266 42 Scribner’s
2030 1756 125 32 sons.

239 1804 278 49 [Copyright
543 1805 42 40 is
610 1805 204 41 claimed
841 1817 60 29 on
925 1805 237 41 revisions
1189 1807 96 38 and
1311 1815 107 30 new
1442 1804 241 50 material]

246 1861 249 47 (35-9408)

167 1964 93 54 Gt.
290 1964 148 53 Brit.
513 1966 369 52 Parliament.
955 1967 196 52 House
1180 1966 64 65 of
1270 1966 171 53 lords.

240 2040 120 53 The
403 2041 153 54 Fane
599 2040 287 68 fragment
926 2040 63 53 of
1028 2041 95 52 the
1168 2043 132 49 1461
1342 2039 200 53 Lords’
1583 2038 227 69 journal
1858 2038 91 68 [by]

173 2038 1957 132 William
332 2117 158 54 Huse
519 2118 285 68 Dunham,
828 2115 71 69 jr.…
1046 2118 136 52 New
1209 2117 223 68 Haven,
1461 2116 142 52 Yale
1628 2115 314 70 university
1971 2133 182 50 press;

171 2194 253 67 London,
455 2195 75 52 H.
562 2194 263 69 Milford,
859 2193 227 56 Oxford
1118 2193 316 69 university
1465 2212 172 50 press,
1670 2197 149 49 1935.

240 2265 1769 51 6 p. l., faesim. ([8] p.), 108 p. 24cm. (Half-title: Yale historical
169 2265 1966 97 publications.
467 2323 328 47 Manuscripts
829 2326 93 38 and
956 2325 160 38 edited
1152 2326 141 44 texts,
1423 2324 14 43 XIV)

239 2379 225 40 Reduced
499 2379 242 40 facsimile
779 2381 338 46 reproduction
1156 2380 50 39 of
1243 2381 82 39 the
1364 2381 132 39 Fane
1531 2380 258 47 fragment.
1829 2381 185 38 British

170 2391 1966 92 museum,
350 2437 87 39 Ms.
470 2436 119 40 Add.
622 2435 157 49 34218,
810 2436 145 40 folios
988 2436 201 40 100-103
1222 2448 42 36 v,
1299 2437 118 40 with
1449 2439 104 38 text
1584 2439 103 37 also
1720 2437 192 48 printed
1946 2437 47 39 in
2028 2437 125 46 type,

170 2493 95 38 and
299 2492 118 39 with
452 2495 327 44 commentary
813 2493 60 47 by
908 2492 82 41 the
1023 2493 159 39 editor
1216 2504 61 28 on
1310 2495 81 38 the
1423 2495 194 45 journal
1655 2494 95 39 and
1785 2494 81 39 the
1901 2493 254 48 personnel

172 2550 94 38 and
291 2550 262 46 procedure
578 2549 49 39 in
653 2549 82 39 the
759 2549 164 39 House
950 2548 52 40 of
1024 2549 131 39 lords
1181 2549 49 39 in
1257 2549 127 41 1461.

165 2605 54 52 ©
249 2611 126 38 June
401 2609 68 47 18,
500 2607 140 48 1935;
672 2608 65 40 2c.
768 2609 125 38 June
922 2607 81 47 26;
1037 2607 80 41 aff.
1149 2609 127 38 June
1306 2607 81 47 25;
1421 2608 40 38 A
1492 2608 169 46 83778;
1693 2609 124 39 Yale
1845 2607 129 41 univ.
2006 2614 147 39 press.

246 2665 248 48 (35-9504)

170 2766 425 65 Guggenheim,
623 2767 175 55 Kurt.

236 2843 426 66 Entfesselung,
704 2861 197 35 roman
944 2860 110 35 von
1097 2842 156 53 Kurt
1296 2841 412 67 Guggenheim.
1787 2839 206 54 Zürich
2035 2840 117 52 und

168 2920 252 68 Leipzig,
443 2919 383 68 Guggenbühl
849 2922 50 49 &
923 2920 216 65 Huber,
1164 2918 314 55 Schweizer
1501 2919 213 67 Spiegel
1736 2919 195 65 verlag
1958 2920 172 63 [c1935]

238 2994 84 39 263
354 3005 42 37 p.
486 2992 26 41 18½cm.

170 3045 1985 54 © Jan. 1, 1935; 1c. Apr. 26; A-Foreign 27768; Guggenbühl & Huber,
241 3107 265 40 Schweizer
535 3106 179 47 spiegel
742 3107 176 45 verlag.
990 3102 249 50 (35-9872)

173 3209 243 64 Hanley,
444 3210 218 63 James,
691 3214 170 49 1901-

243 3286 119 51 The
402 3287 215 66 Furys;
663 3306 31 34 a
737 3286 180 65 novel,
958 3285 76 67 by
1076 3286 192 52 James
1311 3282 245 67 Hanley.
1631 3283 135 52 New
1812 3280 177 64 York,
2033 3281 120 52 The

173 3363 328 54 Macmillan
535 3382 296 49 company,
867 3367 147 48 1935.

247 3435 589 48 5 p. l., 3-549 p. 21cm.
173 3489 51 52 ©
254 3494 82 39 July
397 3493 67 46 16,
494 3492 139 47 1935;
667 3491 66 41 2c.
765 3493 95 39 and
888 3491 82 40 aff.
1000 3492 115 46 July
1142 3491 81 45 17;
1255 3491 40 38 A
1324 3489 169 42 85070;
1526 3490 41 38 J.
1599 3488 205 47 Hanley,
1836 3487 209 39 London.

252 3549 248 48 (354)548)

173 3650 382 65 Harrington,
583 3652 200 62 Harry
810 3649 298 63 Franklin,
1140 3654 169 50 1882-

243 3728 238 52 Modern
521 3728 220 53 feature
777 3727 249 67 writing,
1065 3724 296 68 including
1397 3724 182 67 topics
1616 3723 93 52 for
1747 3721 310 55 discussion
2097 3727 57 46 at

176 3803 235 54 sessions
442 3804 63 53 of
534 3806 94 50 the
660 3806 143 52 Blue
835 3803 182 68 pencil
1050 3804 143 62 club,
1222 3804 77 65 by
1329 3803 198 65 Harry
1558 3800 279 52 Franklin

176 3799 1978 138 Harrington … and Elmo Scott Watson … New York and London,
177 3959 229 67 Harper
435 3963 44 49 &
503 3960 276 63 brothers,
845 3963 114 50 1935.
