2424 4375
1290 4068 132 49 1448

346 451 232 63 Harris,
607 450 254 55 William
890 451 315 55 Jefferson.

414 526 123 52 The
564 525 222 68 history
813 525 64 53 of
902 526 272 51 Bourbon
1201 525 164 69 King
1395 524 152 69 1788,
1574 527 77 67 by
1677 527 91 54 W.
1798 525 283 54 Jefferson
2111 526 226 53 Harris.

350 600 347 70 [Cleveland,
721 603 124 52 The
867 602 223 54 Judson
1116 620 298 51 company,
1442 609 17 21 c
1464 606 152 63 1934]

419 674 1289 51 [iii]—xiii, 221 p. incl. illus., plates, ports. 21 ½ cm .
421 732 102 40 “An
550 731 241 42 intensive
820 732 144 46 study
994 733 96 39 and
1118 732 220 48 analysis
1363 732 53 40 of
1445 733 84 40 the
1557 731 231 49 breeding
1814 734 194 40 records
2037 734 94 40 and

345 743 1980 93 accomplishments of … Bourbon King.”—Introd.
417 844 372 49 “Biographical
819 844 269 49 appendix”:
1147 855 44 38 p.
1223 844 218 42 205-221.

350 901 1759 53 © Sept. 1, 1935; 2c. and aff. Sept. 30; A 87343; W. J. Harris,
417 905 1911 103 Lexington,
539 961 90 47 Ky.
701 960 279 49 (35-20662)

350 1063 275 54 Harvard
663 1064 212 53 studies
915 1065 111 51 and
1062 1068 160 49 notes
1260 1065 59 51 in
1356 1064 300 68 philology
1692 1066 112 52 and
1841 1066 310 54 literature,
420 1069 1899 126 volume
585 1146 78 50 18.
738 1142 211 53 Edited

987 1142 94 53 for
1115 1141 97 54 the
1248 1142 265 53 Division
1551 1142 63 53 of
1649 1145 237 51 modern
1922 1145 310 68 languages
2268 1145 76 68 by

421 1220 1923 71 F. P. Magoun, jr., chairman … Arthur Burkhard … [and
420 1300 207 66 others]
708 1298 363 69 Cambridge,
1099 1300 275 52 Harvard
1404 1299 317 68 university
1752 1319 174 49 press,
1958 1303 148 51 1935.

418 1372 844 50 4 p. l. , [3]-285 p. plates. 23 cm .
353 1427 52 52 ©
430 1430 102 41 Oct.
557 1431 67 44 17,
651 1428 113 41 1935;
818 1429 66 40 2c.
911 1429 101 40 Oct.
1037 1428 25 39 21;
1148 1428 82 40 aff.
1257 1428 100 40 Oct.
1384 1428 55 40 26;
1494 1429 41 39 A
1560 1428 145 41 89015;
1758 1428 253 41 President
2038 1431 95 39 and
2158 1429 188 42 fellows

420 1487 53 40 of
498 1487 231 39 Harvard
757 1487 190 46 college,
976 1484 301 49 Cambridge,
1305 1486 146 39 Mass.

355 1576 206 65 Hawk,
590 1575 193 65 Philip
809 1574 232 65 Bovier,
1070 1577 171 54 1874-

425 1649 1922 71 Streamline for health, by Philip B. Hawk … illustrated by
351 1730 193 54 David
569 1729 158 55 Oser.
803 1729 137 52 New
966 1729 163 52 York
1152 1730 113 51 and
1290 1729 258 66 London,
1570 1729 233 68 Harper
1827 1731 46 50 &
1894 1729 276 67 brothers,
2197 1732 148 51 1935.

425 1802 1914 50 xviii p., 1 l., 186, [18] p. incl. illus., plates, diagrs. front. (fold, diagr.)
352 1861 62 40 22½
442 1863 45 21 cm
491 1891 9 10 .

426 1916 160 41 Blank
614 1925 148 39 pages
787 1914 81 41 for
893 1911 287 43 “Reducer’s
1208 1913 169 47 diary”
1416 1913 112 50 ([18]
1558 1917 52 37 at
1637 1914 117 47 end)

428 1972 162 40 “First
621 1969 227 43 edition.”

356 2026 52 52 ©
433 2030 102 40 Oct.
563 2028 67 47 10,
658 2027 116 41 1935;
826 2028 65 39 2c.
921 2027 101 40 Oct.
1050 2027 26 39 9;
1133 2024 82 42 aff.
1245 2025 99 41 Oct.
1373 2025 53 39 12;
1484 2027 40 38 A
1552 2026 143 40 86730;

1753 2027 129 40 Food
1912 2029 223 39 research
427 2030 1904 103 laboratories,
621 2086 105 45 inc.,
757 2085 119 39 New
902 2083 145 40 York.
1118 2081 279 51 (35-20125)

357 2171 296 67 Henning,
685 2173 225 63 George
940 2170 205 66 Neely,
1181 2173 169 52 1871-
1562 2171 84 53 ed.

427 2248 466 70 Representative
918 2251 47 50 F
971 2250 169 52 rench
1166 2247 171 69 lyrics
1356 2246 64 56 of
1436 2249 95 52 the
1548 2249 327 55 nineteenth
1900 2255 249 64 century.
2211 2252 136 54 Rev.

358 2324 1990 151 ed. Edited by George Neely Henning … Boston, New York [etc.]
540 2406 838 66 Ginn and company [ c 1935]
431 2477 100 50 xix,
561 2478 85 41 557
672 2489 43 37 p.
743 2477 110 41 incl.
880 2478 163 47 front.,
1073 2477 129 40 illus.
1262 2477 171 47 plates,
1463 2477 148 46 ports.
1671 2476 56 40 19
1729 2478 44 22 cm
1777 2507 10 9 .

435 2534 311 42 “Additional
778 2543 162 39 poems
970 2533 363 42 recommended
1364 2533 79 39 for
1476 2531 228 49 reading”:
1766 2543 43 38 p.
1841 2531 201 41 536-541;
2105 2533 244 41 “Selected

362 2591 364 50 bibliography”:
785 2602 42 38 p.
857 2590 216 41 542-549.

362 2648 52 52 ©
440 2651 101 40 Oct.
567 2651 39 48 1,
633 2650 116 40 1935;
801 2649 67 40 2c.
895 2648 100 41 Oct.
1023 2648 83 46 21;
1136 2647 81 40 aff.
1247 2646 101 41 Oct.
1376 2646 81 47 19;
1487 2647 39 38 A
1551 2646 170 47 87824;
1752 2646 52 40 G.
1832 2646 56 40 N.

1916 2645 238 49 Henning,
431 2646 1903 108 Washington.
677 2704 283 50 [Copyright
993 2704 42 39 is
1076 2702 204 41 claimed
1320 2713 63 28 on
1420 2703 134 38 work

1593 2703 55 38 of
1685 2703 139 38 three
1861 2713 134 28 more
2031 2704 148 45 poets,
431 2702 1904 101 additional
619 2764 151 44 notes,
807 2759 319 49 explications
1162 2760 58 39 de
1256 2762 170 44 textes,
1463 2757 376 48 bibliographies
1876 2759 96 39 and
2008 2756 340 49 versification]

445 2818 280 48 (35-20685)

362 2905 211 65 Hicky,
604 2905 208 53 Daniel
841 2903 371 67 Whitehead,
1244 2906 172 50 1902-

435 2981 129 57 Call
602 2982 144 52 back
785 2983 94 53 the
920 2980 216 69 spring,
1176 2981 76 67 by
1292 2980 208 53 Daniel
1540 2978 342 57 Whitehead
1923 2979 210 68 Hicky.
2211 2980 136 52 New

365 3061 1125 67 York, H. Holt and company [ c 1935]
436 3134 101 47 viii,
568 3134 55 40 57
651 3143 44 38 p.
752 3132 60 39 22
811 3134 44 21 cm
860 3164 9 9 .

441 3187 349 48 “Seventy-five
822 3188 157 47 copies
1013 3190 123 37 have
1168 3187 119 39 been
1318 3185 232 48 specially
1581 3185 192 48 printed
1808 3185 95 39 and
1935 3184 172 46 bound,
2143 3184 95 39 and

369 3193 1963 100 autographed
666 3244 61 47 by
758 3244 82 40 the
871 3242 219 41 author.”
1148 3241 119 42 This
1297 3252 119 38 copy
1445 3242 43 41 is
1516 3244 84 37 not
1628 3241 262 40 numbered
1921 3250 53 29 or
2005 3239 343 48 autographed.

438 3303 184 40 Poems.

440 3358 161 41 “First
630 3356 257 50 printing.”

367 3412 52 52 ©
452 3416 102 40 Oct.
587 3415 68 48 10,
689 3414 140 47 1935;
862 3414 66 39 2c.
960 3414 96 38 and
1088 3412 82 40 aff.
1203 3412 99 40 Oct.
1338 3412 80 46 16;
1455 3411 41 39 A
1528 3410 170 47 87720;
1734 3410 56 39 D.
1823 3410 70 39 W.
1930 3406 172 50 Hicky,
2136 3408 213 39 Atlanta.

448 3471 279 49 (35-20689)

368 3562 283 62 Hoerner,
681 3560 149 53 Suse
860 3557 308 66 (Heintze)
1207 3574 131 47 von,
1372 3560 171 49 1890-

497 3625 1850 78 … Mädels im kriegsdienst, ein stuck leben. München, H. A.
367 3714 389 66 Wiechmann,
795 3715 148 52 1935.

440 3784 654 49 2 p. l. , 409, [1] p. 20½ cm .
440 3842 64 38 At
530 3841 124 39 head
681 3841 52 39 of
757 3840 109 40 title:
921 3839 120 41 Suse
1067 3849 92 30 von
1184 3836 459 41 Hoerner-Heintze.

442 3896 139 40 “1.-5.
614 3895 232 48 auflage.”

370 3945 1697 55 © Dec. 3, 1934; 1c. Feb. 19. 1935; A-Foreign 26913; Hermann
2090 3946 55 38 A.
437 3939 1893 108 Wiechmann.
666 4006 277 49 (35-201190
