2424 4375
1212 4099 133 50 1484

275 539 281 53 Lauchlin
603 538 221 64 Currie,
951 581 10 10 PH.
1044 578 10 10 D.
1134 538 72 52 2d
1251 538 103 66 ed.,
1400 554 113 35 rev.
1595 535 364 68 Cambridge,
2001 535 274 52 Harvard

277 615 315 70 university
620 634 174 51 press,
825 618 150 50 1935.

344 692 1935 54 3 p. l., ix-xviii, 199 p. diagrs. (1 fold.) 22½ cm . (Half-title: Harvard
275 755 242 39 economic
542 752 202 42 studies,
805 752 90 41 vol.
1069 752 13 47 XLVII)

279 824 53 53 ©
366 830 128 46 Sept.
528 828 71 47 28,
633 827 113 41 1935;
810 828 66 39 2c.
911 827 96 40 and
1042 827 82 40 aff.
1161 827 101 40 Oct.
1298 826 25 39 2;
1389 827 43 39 A
1463 826 144 41 87417;
1673 826 254 41 President
1960 827 97 39 and
2091 826 190 40 fellows

348 886 52 39 of
450 886 230 39 Harvard
731 885 192 46 college,
975 883 303 48 Cambridge,
1332 884 145 39 Mass.
1541 882 280 51 [Copyright
1871 884 42 40 is
1965 883 205 40 claimed
2220 892 62 32 on

350 953 121 37 page
500 942 50 39 xi
581 943 94 39 and
706 943 195 46 general
934 940 211 41 revision
1178 941 50 39 of
1259 951 146 38 pages
1434 939 159 50 3-199]
1669 939 280 51 (35-19976)

281 1046 203 64 Davis,
513 1048 137 51 Mrs.
684 1045 220 54 Estelle
936 1045 283 64 Headley.

351 1122 467 68 Shakespearean
858 1120 211 71 nights,
1112 1120 211 54 unified
1365 1125 427 64 arrangements
1833 1120 63 53 of
1937 1120 344 53 interwoven

279 1198 2005 149 scenes, by Estelle H. Davis … and Edward Stasheff … introduction by Dr. Letitia Raubichek … New York, N. Y., The
282 1359 141 54 Bass
458 1356 321 70 publishers
815 1390 12 34 [
833 1364 17 21 c
857 1359 150 65 1935]

352 1438 88 40 240
468 1449 41 37 p.
572 1437 144 47 illus.,
746 1436 171 48 plates.
977 1436 56 39 22½
1066 1439 44 21 cm
1116 1469 8 8 .

353 1509 148 46 Plays
530 1506 284 49 containing
842 1517 165 30 scenes
1035 1507 127 39 from
1196 1506 333 47 Shakespeare
1559 1507 240 48 arranged
1827 1506 79 39 for
1937 1506 221 41 teachers
2189 1508 93 39 and

283 1566 237 41 students.

356 1621 161 39 “First
551 1619 230 49 printing,
815 1619 294 47 September,
1143 1618 141 47 1935;
1320 1620 174 39 second
1525 1620 219 46 printing
1773 1618 167 42 before
1972 1619 311 48 publication,

285 1676 293 50 September,
610 1675 157 40 1935.”

634 1731 163 41 CONTENTS.—The
848 1731 270 40 enchanted
1168 1730 415 48 isle.—Midnight
1631 1733 54 39 at
1735 1732 83 40 the
1868 1730 416 42 Mermaid.—The

282 1791 185 48 garden
500 1791 52 38 at
585 1789 267 41 Stratford.

282 1857 53 53 ©
365 1861 127 47 Sept.
520 1859 69 47 30,
618 1859 114 40 1935;
789 1859 67 40 2c.
884 1858 101 41 Oct.
1015 1858 51 46 2;
1098 1858 81 40 aff.
1208 1859 117 39 Nov.
1352 1859 82 46 11;
1464 1859 41 39 A
1533 1859 170 47 86709;
1734 1860 124 40 Bass
1888 1859 287 49 publishers.

364 1916 280 49 (35-20115)

287 2021 182 63 Dean,
501 2020 263 54 Graham
796 2020 78 55 M.

354 2096 123 52 Bob
515 2094 254 68 Gordon,
803 2094 103 53 cub
942 2099 257 63 reporter
1257 2094 93 69 [by]
1392 2093 256 56 Graham
1683 2095 79 53 M.
1798 2095 179 56 Dean.
2051 2095 230 55 Garden

285 2172 153 70 City,
469 2174 68 51 N.
569 2173 90 67 Y.,
689 2172 356 69 Doubleday,
1076 2174 199 51 Doran
1305 2175 46 50 &
1380 2190 299 52 company,
1708 2174 126 67 inc.,
1868 2176 148 50 1935.

355 2245 878 49 4 p. l. , 280 p. col. front. 20½ cm .
355 2317 288 40 Illustrated
673 2316 362 49 lining-papers.

356 2373 163 41 “First
549 2373 228 41 edition.”

287 2441 52 53 ©
370 2446 101 40 Oct.
503 2447 68 47 18,
601 2445 114 40 1935;
775 2446 65 39 2c.
872 2447 95 38 and
995 2444 81 42 aff.
1110 2445 100 40 Oct.
1241 2446 82 46 26;
1357 2447 40 37 A
1427 2446 170 47 87962;
1632 2447 52 40 G.
1718 2448 62 40 M.
1812 2449 151 47 Dean,
1996 2449 131 39 Iowa
2159 2448 124 48 City,

355 2504 70 38 la.
496 2502 281 48 (35-19987)

287 2605 374 65 Dubouquet,
694 2605 244 54 Amélie.

358 2681 187 53 Petite
575 2682 167 52 étude
771 2701 97 33 sur
897 2683 77 51 les
1006 2685 169 49 tissus
1211 2717 12 32 [
1229 2701 122 48 par]
1388 2681 223 53 Amélie
1641 2684 357 67 Dubouquet.
2073 2718 12 33 [
2093 2686 186 53 Saint-

289 2759 227 68 Saulve,
545 2760 288 67 L’auteur]
868 2766 18 21 c
892 2763 149 51 1934.

360 2830 1558 50 5 p. l., 50, 50, 50 numb. 1., 2 l. plates (1 mounted) 23 cm .
361 2902 202 44 Printed
591 2913 60 30 on
679 2913 88 29 one
795 2902 104 41 side
925 2903 51 39 of
1004 2903 101 40 leaf
1134 2904 124 46 only.

361 2960 172 40 Issued
564 2960 50 39 in
644 2958 244 49 portfolio.

287 3034 1994 53 © Nov. 10, 1934; 1c. Feb. 2, 1935; A-Foreign 26782; Geneviève Emilie
356 3093 337 48 Dreyfus-Sée,
737 3094 340 40 Saint-Saulve
1126 3094 180 48 (Nord)
1356 3094 198 39 France.
1626 3093 279 48 (35-20943)

312 3196 278 65 [Edgerly,
621 3197 291 66 Webster]
951 3200 323 51 1852-1926.

360 3271 179 55 Life’s
576 3280 203 47 secrets
817 3274 284 66 revealed;
1143 3275 95 51 the
1272 3275 136 66 keys
1445 3280 59 48 to
1540 3275 97 53 the
1672 3273 107 54 five
1815 3279 208 48 master
2061 3291 214 50 powers

288 3349 127 54 that
442 3351 208 53 unlock
677 3352 96 52 the
803 3352 202 67 deeper
1031 3352 293 66 mysteries
1353 3351 64 54 of
1443 3351 278 53 existence;
1782 3370 30 33 a
1842 3352 193 52 search
2066 3351 93 52 for
2185 3352 92 50 the

288 3427 1987 69 solution of life, by Edmund Shaftesbury [pseud.] … Meriden,
289 3504 198 69 Conn.,
515 3508 122 51 The
666 3507 239 52 Ralston
934 3506 227 67 society,
1194 3510 148 50 1936.

359 3578 586 48 3 p. l. , 5-419 p. 25 cm .
289 3646 52 51 ©
367 3650 101 39 Oct.
495 3650 38 46 8,
561 3649 139 47 1935;
727 3651 67 39 2c.
821 3652 95 38 and
943 3650 81 40 aff.
1054 3651 101 39 Oct.
1182 3650 83 46 21;
1292 3650 40 38 A
1359 3649 170 46 86920;
1557 3650 205 38 Ralston
1789 3658 82 36 co.,
1898 3648 227 46 Trenton,
2153 3646 54 39 N.
2234 3643 41 40 J.

361 3706 279 48 [Copyright
668 3707 41 39 is
737 3707 204 39 claimed
969 3718 61 29 on
1056 3718 106 28 new
1189 3710 193 44 matter]
1455 3704 280 49 (35-20274)

289 3806 422 65 Encyclopedic
761 3811 187 64 digest
996 3810 63 51 of
1108 3810 237 50 Florida
1396 3812 236 62 reports.
1722 3810 132 49 1935
1904 3807 369 66 supplement,

358 3883 1912 65 volumes 1-15 … Charlottesville, Va., The Michie company;
357 3962 260 66 Atlanta,
647 3964 123 68 Ga.,
799 3966 120 52 The
947 3964 283 52 Harrison
1262 3981 279 48 company
1575 3996 11 32 [
1589 3969 21 20 c
1615 3965 150 63 1935]

357 4035 54 39 15
441 4046 41 28 v.
540 4035 55 49 28
599 4038 44 20 cm
648 4068 8 16 ,
