2526 4384
1070 4065 98 52 315

130 427 245 65 Borden,
405 428 191 64 Mary.

201 505 120 52 The
348 504 163 69 King
538 505 64 53 of
629 505 98 53 the
748 505 170 67 Jews,
943 504 75 69 by
1043 505 170 67 Mary
1242 506 246 53 Borden.
1562 506 258 67 London,
1852 507 270 65 Toronto,

209 625 9 9 W.
245 582 379 68 Heinemann,
647 583 105 54 ltd.
785 585 172 65 [1935]

197 654 615 50 4 p. l., 3-273 p. 19cm.
198 711 348 49 Bibliography;
602 723 42 38 p.
676 712 216 41 271-273.

132 778 1987 53 © 1c. Feb. 19, 1935; A ad int. 19958; pubd. Jan. 28; Little, Brown, and
198 850 246 37 company,
480 840 197 39 Boston.
746 840 251 47 (35-4118)

127 941 280 66 Boucher,
439 942 315 65 Chauncey
782 944 252 63 Samuel,
1065 947 170 52 1886-

200 1018 1859 71 The Chicago college plan [by] Chauncey Samuel Boucher …
133 1095 265 70 Chicago,
426 1098 113 67 Ill.,
568 1098 121 53 The
714 1096 339 71 University
1080 1098 63 54 of
1172 1097 252 69 Chicago
1453 1116 157 51 press
1665 1100 152 66 [1935]

197 1169 65 48 xi,
289 1169 87 41 344
401 1180 43 37 p.
470 1169 109 42 incl.
606 1169 168 40 forms.
834 1169 55 39 21½
922 1171 43 21 cm
970 1201 9 9 .

129 1239 1973 109 © Feb. 25, 1935; 2c. Mar. 21; aff. Mar. 18; A 81099; University of Chicago, Chicago. (35-27069)
126 1404 241 63 Brauer,
395 1404 208 55 Herta.

257 1479 1861 67 … Flucht aus dem zwielicht, roman. Zürich [etc.] Rascher
126 1559 562 65 & cie. a.-g. [ c 1934]
194 1629 365 50 294 p. 19 ½ cm .
196 1686 193 41 “Erstes
422 1687 98 41 und
553 1687 193 41 zweites
779 1685 249 43 tausend.”

129 1754 1988 53 © Oct. 30, 1934; 1c. Jan. 8, 1935; A -Foreign 26612; Rascher & cie.,
197 1825 116 38 a.-g.,
346 1815 177 48 verlag.
595 1813 250 49 (35-4256)

125 1916 235 68 Bristol,
384 1920 138 52 Mrs.
547 1920 307 62 Margaret
885 1916 327 66 (Cochran)
1248 1922 171 50 1904-
1631 1918 83 54 ed.

258 1993 1855 70 … Handbook for field work students (family welfare) edited
130 2072 1982 70 by Margaret Cochran Bristol … assisted by Catherine M.
132 2150 1982 70 Dunn … Chicago, Ill., The University of Chicago press
133 2233 166 66 [1935]

198 2301 62 52 ix,
288 2304 54 41 55
370 2313 42 38 p.
472 2301 55 43 23
530 2304 44 22 cm
579 2332 8 9 .
659 2301 184 49 (Social
869 2300 183 44 service
1078 2302 335 48 monographs,
1441 2312 75 31 no.
1545 2301 81 48 26)

200 2376 40 39 A
275 2375 142 48 guide
453 2377 49 39 to
538 2376 84 40 the
654 2374 175 47 family
864 2373 202 41 welfare
1101 2374 220 47 agencies
1361 2373 52 40 of
1450 2372 223 50 Chicago,
1709 2374 80 40 for
1826 2375 79 40 the
1944 2387 84 29 use
2063 2378 51 38 of

131 2431 107 42 field
268 2433 134 39 work
433 2432 224 41 students
687 2432 51 39 of
767 2432 82 40 the
882 2431 170 41 School
1082 2431 52 40 of
1164 2429 148 42 social
1345 2432 183 39 service
1559 2432 411 42 administration.
131 2434 1962 104 University
337 2491 52 40 of
417 2488 224 50 Chicago.

129 2558 51 53 ©
210 2564 106 38 Jan.
350 2562 39 47 9,
421 2562 114 40 1935;
595 2562 69 40 2c.·
693 2561 109 40 Feb.
837 2561 55 39 14;
954 2560 82 40 aff.
1070 2561 110 39 Feb.
1212 2560 53 40 13;
1328 2561 41 38 A
1402 2560 145 41 80457;
1609 2561 282 49 University
1923 2563 52 39 of
195 2562 1904 105 Chicago,
353 2620 222 47 Chicago.
647 2618 250 48 (35-4157)

127 2722 356 64 Bustanoby,
511 2722 256 63 Jacques
791 2720 203 56 Henri.

195 2798 375 69 Bustanoby’s
603 2798 151 54 How
790 2804 60 47 to
884 2797 122 54 mix
1042 2799 179 52 colors
1260 2797 91 68 [by
1356 2830 13 34 3
1408 2797 244 69 Jacques
1686 2798 186 54 Henri
126 2801 1963 143 Bustanoby.

361 2878 121 53 The
508 2874 224 71 mixing
760 2876 64 53 of
853 2877 182 52 colors
1060 2875 139 53 with
1230 2875 78 53 all
1335 2875 94 54 the
1458 2893 164 50 guess
1648 2876 158 53 work
1835 2879 278 52 removed.

130 2953 51 53 A
217 2955 146 54 book
403 2955 93 54 for
535 2955 274 67 students,
852 2954 211 66 artists,
1105 2953 154 54 show
1302 2953 134 53 card
1479 2952 240 69 writers,
1762 2955 184 68 dyers,
1986 2955 126 70 sign

128 3034 265 68 painters,
434 3033 268 69 printers,
740 3033 273 68 painters,
1050 3031 111 55 and
1205 3031 339 67 decorators,
1587 3031 259 69 showing
1887 3033 126 53 how
2054 3040 58 47 to

128 3111 190 54 obtain
357 3112 275 54 standard
670 3112 182 52 colors
891 3110 113 53 and
1042 3110 245 68 popular
1326 3108 154 53 hues.
1554 3109 139 53 New
1734 3111 180 65 York,
1955 3112 55 54 J.
2057 3112 55 55 S.

127 3187 225 70 Ogilvie
379 3186 334 73 publishing
737 3204 280 53 company
1051 3220 15 35 [
1067 3193 21 22 c
1092 3190 151 65 1935]

195 3273 1426 55 6 p. l., [7]-119, [3] p. cal. front., illus., col. pl. 19½ cm .
129 3330 51 53 ©
203 3337 119 39 Mar.
348 3337 37 45 5,
410 3335 117 41 1935;
576 3335 66 39 2c.
668 3335 96 39 and
789 3333 81 40 aff.
897 3334 119 38 Mar.
1044 3332 58 39 13;
1152 3332 41 38 A
1217 3330 141 42 80923;
1416 3332 43 39 J.
1487 3333 60 37 H.
1573 3333 298 47 Bustanoby,
1899 3336 69 39 W.
194 3337 1900 102 Norwood,
374 3393 55 39 N.
462 3393 42 39 J.
569 3391 282 49 [Copyright
878 3390 44 40 is
951 3388 205 42 claimed
1186 3399 61 29 on
1278 3398 106 29 new
1416 3388 226 40 material
1675 3390 96 39 and
1803 3391 251 50 revisions]

205 3448 247 49 (35-4189)

127 3550 286 64 Carleton,
439 3549 260 59 Patrick.

196 3625 120 55 One
341 3627 217 67 breath,
588 3646 30 33 a
645 3626 183 61 novel,
855 3625 75 67 by
955 3624 237 53 Patrick
1220 3624 287 54 Carleton.
1571 3624 139 54 New
1742 3626 175 55 York.
1946 3629 68 52 E.
2043 3630 64 50 P.

127 3701 216 55 Dutton
372 3707 45 50 &
444 3722 96 42 co.,
565 3703 109 53 inc.
709 3737 13 33 [
724 3709 21 22 c
748 3704 154 64 1935]

192 3774 84 41 392
307 3787 43 37 p.
410 3776 56 40 19½
497 3778 43 21 cm
545 3809 9 8 .

193 3831 285 42 Illustrated
510 3835 97 46 t.-p.

196 3887 158 42 “First
388 3886 226 43 edition.”

130 3939 51 53 ©
205 3945 117 39 Mar.
349 3945 69 46 22,
445 3944 139 47 1935;
614 3944 66 40 2c.
708 3945 95 39 and
831 3943 81 41 aff.
941 3944 121 41 Mar.
1091 3942 80 46 23;
1202 3943 42 38 A
1270 3942 168 48 82118;
1471 3944 51 39 E.
1550 3944 50 40 P.
1629 3945 188 41 Dutton
1846 3947 36 39 &
1910 3957 52 27 co
1982 3980 8 9 .
2020 3948 88 40 inc.

229 4001 201 35 (35-4224)
