2526 4384
1327 4011 101 50 216

441 487 672 49 3 p. l. , 258 p., 1 l. 18½c m .
372 554 1994 56 © Nov. 3, 1934; 1c. Feb. 1, 1935; A-Foreign 26815; O. H. Hirseh,
435 618 154 40 Paris.
660 615 250 50 (35-3678)

370 716 342 67 Hitchcock,
740 717 191 55 David
959 718 305 64 Ingersoll,
1295 722 170 50 1893-

444 794 269 68 Physical
741 795 306 69 chemistry
1075 795 93 52 for
1196 795 257 54 students
1482 795 63 52 of
1572 796 232 66 biology
1833 795 112 51 and
1972 793 294 67 medicine,
2292 792 76 68 by

374 870 1992 150 David Ingersoll Hitchcock … 2d ed. (With laboratory directions) Springfield, Ill., Baltimore, Md., C. C. Thomas,
375 1034 150 50 1934.

447 1115 1001 50 xi, 214 p., 1 l. illus., diagrs. 23p m .
447 1186 175 41 Tables
652 1198 60 29 on
740 1185 364 50 lining-papers.

450 1243 638 42 “First edition … 1932.”
450 1298 376 51 Bibliography:
862 1310 44 37 p.
939 1300 230 48 201-207;
1207 1298 349 42 “References”
1591 1300 52 39 at
1676 1299 91 40 end
1802 1298 53 40 of
1886 1299 120 40 each
2040 1298 201 49 chapter
2275 1299 94 40 and

378 1358 120 40 each
527 1357 316 49 experiment.

375 1425 53 53 ©
459 1431 119 39 Nov.
610 1430 70 47 26,
714 1431 142 46 1934;
892 1429 67 41 2c.
994 1430 111 40 Feb.
1138 1429 70 49 25,
1242 1429 142 48 1935;
1421 1429 83 40 aff.
1538 1429 111 40 Feb.
1684 1429 83 47 23;
1803 1429 41 39 A
1876 1428 169 47 80563;
2084 1427 202 41 Charles
2320 1427 50 41 O.

442 1487 222 41 Thomas.
737 1486 250 51 (35-3389)

375 1589 254 68 Hurrell,
659 1590 249 55 Francis
933 1591 252 64 Gordon,
1216 1596 172 50 1885-

444 1668 156 53 John
635 1668 277 68 Lillibud,
950 1669 75 67 by
1062 1669 65 53 F.
1165 1669 68 55 G.
1272 1668 257 53 Hurrell.
1624 1668 138 53 [New
1802 1666 179 66 York,
2018 1666 65 56 C.
2117 1666 251 53 Kendall

374 1748 45 50 &
446 1745 90 54 W.
567 1745 209 67 Sharp,
803 1747 127 65 inc.,
960 1751 18 22 c
982 1726 134 73 1935]

443 1816 634 51 3 p. l. , [5]-286 p. 20 cm .
447 1886 162 41 “First
644 1886 227 42 edition.”

376 1953 53 53 ©
454 1958 110 40 Feb.
588 1958 69 47 15,
682 1957 114 41 1935
814 1969 9 36 ;
849 1958 67 40 2c.
939 1958 112 40 Feb.
1075 1958 53 47 1;
1157 1957 82 41 aff.
1265 1959 122 39 Mar.
1414 1958 52 47 5;
1495 1958 40 39 A
1559 1956 170 48 79923;
1760 1957 50 41 F.
1840 1957 52 40 G.
1919 1957 215 48 Hurrell,
2161 1957 210 40 London.

455 2014 249 49 (35-3242)

376 2117 117 64 Ide,
524 2116 223 66 Gladys
772 2117 287 66 Genevra,
1092 2122 170 51 1888-

443 2192 1929 64 Why children fail [by] Gladys G. Ide … Boston, Chapman
372 2269 45 51 &
445 2269 225 57 Grimes
702 2303 14 36 [
720 2277 18 22 c
743 2274 152 66 1934]

446 2358 778 48 2 p. l. , 3-346 p. illus. 20 cm .
379 2426 53 52 ©
464 2431 109 39 Dec.
609 2430 69 48 26,
714 2430 140 48 1934;
889 2431 69 40 2c.
994 2432 111 39 Feb.
1138 2432 40 49 1,
1212 2430 141 48 1935;
1392 2430 82 41 aff.
1510 2431 107 40 Jan.
1651 2430 82 47 16;
1771 2431 43 39 A
1846 2429 170 49 79429;
2052 2430 249 48 Chapman
2337 2432 37 40 &

449 2486 201 41 Grimes.
722 2487 250 50 (35-3808)

377 2588 239 54 Illinois.
690 2592 184 66 Laws,
908 2597 256 61 statutes,
1198 2597 100 47 etc.

447 2665 175 56 Jones
649 2668 227 53 Illinois
903 2673 238 49 statutes
1171 2669 326 66 annotated,
1522 2668 328 67 embracing
1876 2671 77 50 all
1978 2672 228 63 general
2235 2671 136 50 laws

382 2743 62 51 of
473 2744 96 53 the
597 2750 144 48 state
770 2746 62 51 of
862 2744 225 54 Illinois
1116 2748 61 50 in
1205 2746 160 52 force
1391 2746 245 55 October
1668 2750 46 63 1,
1746 2749 151 64 1934,
1926 2747 140 52 with
2096 2748 275 66 complete

381 2822 380 68 annotations,
788 2824 280 67 compiled
1097 2824 111 52 and
1234 2824 190 52 edited
1449 2824 75 67 by
1551 2824 160 54 Basil
1738 2827 173 52 Jones
1940 2826 112 51 and
2077 2825 196 51 Frank
2298 2827 72 53 D.

377 2898 212 53 Moore.
697 2918 51 34 [v.
802 2904 80 62 10]
939 2901 703 69 Elections-Foundlings.
1730 2902 269 68 Chicago,
2051 2902 320 69 Callaghan

379 2977 112 52 and
523 2993 296 52 company,
854 2982 150 51 1935.

447 3062 552 49 3 p. l. , 687 p. 24½ cm .
381 3128 52 53 ©
460 3134 121 38 Mar.
610 3133 38 46 1,
676 3131 140 48 1935;
845 3133 65 40 2c.
941 3135 95 39 and
1064 3134 79 40 aff.
1174 3135 120 39 Mar.
1324 3135 53 46 4;
1406 3134 41 39 A
1476 3134 168 46 80759;
1676 3134 269 48 Callaghan
1973 3134 36 40 &
2036 3144 66 30 co.

451 3229 389 58 Smith-Hurd
895 3236 227 52 Illinois
1178 3237 307 53 annotated
1541 3240 253 49 statutes.
1887 3239 346 51 Permanent
2284 3236 84 52 ed.

385 3307 368 71 Comprising
790 3312 95 52 the
921 3316 137 51 laws
1100 3314 65 52 of
1204 3334 32 33 a
1274 3315 229 67 general
1544 3315 111 51 and
1696 3322 336 60 permanent
2068 3319 201 47 nature
2309 3313 60 52 in

382 3385 156 53 force
573 3393 58 47 at
664 3389 95 51 the
793 3390 108 51 end
937 3390 63 52 of
1032 3391 95 52 the
1162 3389 359 70 fifty-eighth
1558 3393 244 54 General
1839 3392 292 67 assembly,
2168 3391 199 53 fourth

381 3463 210 67 special
624 3465 226 67 session,
884 3469 315 51 November
1233 3472 84 63 23,
1352 3472 149 53 1934.
1571 3471 160 66 Kept
1760 3475 57 49 to
1851 3469 130 53 date
2013 3470 74 67 by
382 3470 1961 124 cumulative

524 3546 209 50 annual
759 3543 205 66 pocket
990 3550 185 62 parts;
1208 3547 138 51 with
1373 3549 361 51 annotations
1763 3547 152 53 from
1943 3548 95 52 the
2065 3565 147 34 cases
381 3565 1962 121 construing

658 3638 63 33 or
771 3620 282 68 applying
1100 3623 95 51 the
1245 3626 135 49 laws
1434 3625 111 51 and
1598 3624 139 51 with
1788 3625 178 51 tables
2018 3625 111 51 and
2178 3625 188 52 index.

386 3726 68 33 [v.
508 3696 153 65 7-10]
719 3697 262 67 chapters
1033 3700 298 52 24½-37.
1422 3703 89 63 By
1565 3702 94 50 the
1713 3702 335 66 publishers’
2103 3702 264 53 editorial

379 3770 150 57 staff.
591 3773 268 68 Chicago,
883 3776 111 66 Ill.,
1018 3777 276 53 Burdette
1321 3779 188 54 Smith
1535 3796 305 50 company;
1871 3781 82 54 St.
1978 3780 164 65 Paul,
2167 3779 199 68 Minn.,

379 3849 159 53 West
565 3850 334 68 publishing
925 3871 107 47 co.;
1063 3854 225 53 Kansas
1318 3856 151 66 City,
1496 3858 133 65 Mo.,
1657 3858 230 52 Vernon
1912 3858 109 50 law
2048 3857 145 51 book
381 3875 1961 118 company

586 3931 173 63 [ c 1935]
