2424 4375
1224 4109 134 49 1438

395 559 247 42 “Selected
672 559 301 42 references”
1001 563 53 39 at
1080 562 92 40 end
1200 561 52 41 of
1277 563 119 39 each
1422 562 201 49 chapter
1651 565 170 47 except
1848 564 202 49 chapter
2129 595 10 10 IV.
321 565 1978 93 “General
454 617 300 42 references”
773 628 10 31 :
814 629 41 38 p.
884 618 217 41 360-361.

321 685 53 53 ©
411 690 127 47 Sept.
574 689 70 47 26,
680 690 116 40 1935;
859 690 66 40 2c.
962 691 96 39 and
1091 689 80 41 aff.
1211 690 102 41 Oct.
1349 692 25 38 1;
1438 692 44 38 A
1514 690 147 41 86524;
1726 692 169 49 Silver,
1932 694 211 39 Burdett
2178 694 38 40 &
2248 705 67 30 co.

398 745 280 49 (35-19367)

320 849 280 65 Schucht,
629 849 323 64 Friedrich,
985 851 173 55 1870-

390 925 109 53 Die
547 925 572 54 muschelkalkböden
1169 925 598 55 Mitteldeutschlands
1815 927 117 52 und
1983 928 123 53 ihre
319 929 1970 127 landund

478 1002 1833 70 forstwirtschaftliche nutzung, von dr. Friedrich Schucht …
425 1079 1889 72 unter mitarbeit von prof. dr. A. Gehring … forstmeister
318 1157 1992 72 W. Hampe … landesgeologe dr. W. Hoppe … [u. a.] mit 94
318 1234 401 71 abbildungen.
795 1234 215 70 Berlin,
1061 1235 523 56 Reichsnährstand
1636 1239 245 68 Verlags-
1934 1256 52 51 g.
2036 1257 71 33 m.
2158 1239 50 53 b.
2258 1240 54 53 h.

322 1317 193 66 [c1935]

385 1385 1018 49 426 p. illus. (incl. maps) diagr. 24 ½ cm.
387 1442 225 41 Includes
644 1441 390 49 bibliographies.

308 1506 2004 109 © Apr. 12, 1935; 1c. Sept. 3; A- Foreign 29130; Reichsnährstand verlags- g. m. b. h. (35-19516)
316 1670 186 63 Scott,
527 1670 229 64 George
781 1667 274 64 Gilmore,
1084 1670 172 55 1873-

379 1744 1923 135 The microscopic anatomy of vertebrates, by George G. Scott … and
568 1823 1735 72 James I. Kendall … illustrated with 167 engravings.
315 1900 426 70 Philadelphia,
769 1903 114 52 Lea
912 1906 47 50 &
988 1900 261 70 Febiger,
1280 1907 150 49 1935.

385 1976 88 41 306
503 1987 42 38 p.
605 1975 129 41 illus.
794 1975 115 40 24cm.

386 2032 377 49 Bibliography:
797 2042 42 38 p.
887 2030 246 50 [289]-290;
1169 2030 349 42 “References”
1550 2034 52 38 at
1630 2033 91 39 end
1752 2031 53 41 of
1834 2033 118 40 each
1983 2034 214 48 chapter.

314 2101 53 53 ©
391 2105 120 48 Aug.
537 2104 70 47 20,
634 2103 140 47 1935;
803 2103 66 41 2c.
897 2103 127 48 Sept.
1050 2103 81 45 16;
1162 2102 81 40 aff.
1272 2102 119 48 Aug.
1420 2102 82 47 21;
1532 2103 40 39 A
1598 2101 170 49 79891;
1800 2103 95 41 Lea
1923 2104 35 40 &
1986 2104 214 48 Febiger.

393 2159 280 51 (35-19529)

314 2265 307 62 Shosteck,
650 2264 240 55 Robert.

383 2343 121 51 The
536 2344 272 52 Potomac
839 2339 135 54 trail
1006 2340 163 67 book,
1201 2341 75 66 by
1311 2341 215 52 Robert
1560 2340 292 67 Shosteck,
1885 2341 205 68 hiking
2122 2342 181 52 editor

309 2420 65 54 of
419 2421 97 51 the
558 2416 384 70 Washington
988 2423 145 62 post,
1176 2414 403 71 Washington,
1621 2418 71 52 D.
1739 2416 62 55 C.
1889 2417 412 71 [Washington,

313 2501 71 51 D.
415 2499 80 66 C.,
521 2497 191 54 Rufus
741 2498 76 52 H.
844 2497 199 67 Darby
1067 2497 265 67 printing
1358 2515 297 49 company,
1681 2500 177 64 c1935]

380 2571 87 41 127
493 2581 43 38 p.
596 2569 59 40 15cm.

382 2627 182 41 Folded
593 2637 113 37 map
728 2626 227 40 mounted
985 2636 60 30 on
1072 2636 43 38 p.
1146 2626 55 48 [3]
1230 2625 53 40 of
1309 2634 153 31 cover.

381 2684 349 47 Bibliography
757 2684 53 39 at
834 2682 90 40 end
951 2681 52 41 of
1028 2683 126 39 most
1180 2681 52 41 of
1257 2681 80 41 the
1365 2681 240 47 chapters.

311 2750 53 53 ©
399 2755 126 46 Sept.
557 2753 68 48 23,
658 2753 113 39 1935;
832 2752 66 40 2c.
931 2752 97 39 and
1059 2750 82 40 aff.
1175 2751 101 40 Oct.
1306 2752 27 37 4;
1392 2752 42 37 A
1465 2751 146 40 87486;
1671 2752 194 47 Eugene
1897 2753 168 47 Meyer
2094 2753 37 40 &
2160 2763 79 36 co.,
2272 2762 25 29 a

379 2810 326 49 partnership,
745 2807 146 49 doing
928 2806 221 42 business
1189 2808 156 39 under
1382 2808 81 39 the
1502 2818 141 29 name
1682 2808 101 41 The
1822 2808 320 49 Washington
2181 2812 116 45 post,

376 2867 336 48 Washington.
783 2864 278 49 (35-19385)

315 2969 268 66 [Simson,
611 2968 254 56 William
893 2970 326 65 Raymond]
1257 2970 171 53 1872-
1639 2969 82 52 ed.

310 3046 1979 147 … 1935 cumulative supplement, 1932-1935, to Bender’s consolidated statutory index. volumes 1-4 … Albany, N. Y.
312 3205 111 51 and
461 3206 137 50 New
637 3204 179 60 York,
854 3204 68 52 N.
961 3205 90 64 Y.,
1087 3203 80 52 M.
1207 3203 225 52 Bender
1468 3206 45 49 &
1550 3221 296 49 company,
1882 3201 409 70 incorporated,

311 3286 150 49 1935.

375 3357 29 38 4
429 3366 42 29 V.
527 3354 56 40 24½cm.

381 3413 154 38 These
565 3412 273 47 pamphlets
869 3420 82 30 are
982 3413 48 36 to
1060 3410 59 40 be
1145 3409 138 40 fitted
1316 3409 101 40 into
1448 3410 83 39 the
1560 3410 199 47 pockets
1787 3412 54 37 at
1870 3410 84 39 the
1981 3410 121 39 back
2132 3409 53 40 of
2213 3408 77 40 the

305 3469 217 39 volumes
548 3468 53 40 of
627 3469 81 39 the
735 3471 73 36 set
835 3470 47 37 to
910 3466 163 40 which,
1097 3466 114 47 they
1240 3466 183 47 belong.

308 3533 55 53 ©
390 3538 101 40 Oct.
519 3538 69 47 17,
614 3536 139 47 1935;
784 3536 65 41 2c.
878 3537 118 39 each
1025 3537 95 39 and
1150 3535 81 40 aff.
1262 3536 101 39 Oct.
1393 3536 81 45 18;
1506 3536 40 38 A
1576 3535 169 46 87776;
1778 3536 235 39 Matthew
2042 3535 185 39 Bender
2254 3532 35 39 &

375 3604 82 36 co.,
484 3594 90 40 inc.

308 3695 214 66 Smith,
550 3696 316 53 Lawrence
889 3696 67 54 B.

378 3770 240 54 Modern
671 3770 243 67 shotgun
964 3769 279 67 shooting,
1294 3769 74 67 by
1419 3769 302 53 Lawrence
1772 3768 66 51 B.
1892 3766 188 55 Smith
2142 3764 141 68 (Lon

309 3845 216 68 Smith)
606 3846 137 51 New
780 3845 177 68 York,
996 3845 60 55 C.
1095 3845 309 54 Scribner’s
1443 3861 142 51 sons,
1624 3846 150 51 1935.

375 3916 964 48 xvi p., 1 l., 171 p. front., illus. 21cm.
308 3985 52 52 ©
392 3989 127 48 Sept.
550 3989 67 42 12,
648 3989 113 41 1935;
820 3990 63 39 2c.
917 3990 100 39 Oct.
1050 3990 52 38 11;
1163 3989 82 39 aff.
1277 3989 101 39 Oct.
1411 3988 56 40 10;
1522 3989 37 38 A
1590 3988 146 40 87595;
1794 3988 201 40 Charles
2028 3980 254 46 Scribner’s

379 4056 125 29 sons.
575 4045 252 48 (35-19515)
