2424 4375
1282 4015 100 51 686

324 398 276 64 Hackett,
629 398 260 64 Francis,
921 403 169 49 1883-

328 474 1957 131 … Henry the Eighth [by] Francis Hackett … with the author’s new
681 550 1630 69 preface to the Star edition … Garden City, N. Y.,
325 630 230 54 Garden
586 632 134 66 City
749 630 331 68 publishing
1107 647 296 50 company,
1431 630 105 53 inc.
1570 632 191 65 [c1931]

396 716 103 48 xiii,
522 717 90 39 452
633 728 41 37 p.
701 718 108 39 incl.
834 717 145 39 front.
1034 718 149 47 ports.
1237 715 145 40 21½cm.
1445 715 63 49 (A
1537 718 104 38 star
1665 714 147 48 book)

327 784 52 52 ©
409 788 117 38 Mar.
558 787 67 47 10,
657 786 139 47 1931;
826 786 66 41 2c.
920 787 96 40 and
1044 786 80 40 aff.
1157 787 112 47 May
1298 786 68 46 14,
1397 785 139 48 1935;
1568 786 40 38 A
1640 785 167 42 83176;
1842 785 193 40 Garden
2066 784 109 48 City
2204 786 109 46 pub.

396 855 82 36 co.,
505 844 89 40 inc.
659 844 277 49 [Copyright
962 843 42 40 is
1031 843 203 40 claimed
1262 854 60 29 on
1349 853 106 29 new
1479 842 209 49 preface]
1760 840 278 49 (31-21846)

329 945 305 65 Harrison,
666 947 222 63 Henry,
925 952 169 48 1903-
1305 947 83 51 ed.

329 1019 1961 133 … A poetry concert [by] Lawrence Turnbull McAtee, Elizabeth
495 1101 224 52 Russell
757 1100 269 67 Beddow,
1063 1101 241 52 Pauline
1340 1100 237 53 Francis
1617 1099 278 66 Stephens
1956 1098 111 53 [and
2104 1098 204 66 others]

389 1177 869 67 … New York, H. Harrison [c1935]
400 1250 83 41 192
516 1262 42 37 p.
618 1248 55 40 22½cm.

401 1320 62 39 At
490 1320 122 39 head
642 1319 52 41 of
719 1319 135 41 title:
884 1320 174 40 Edited
1086 1320 60 47 by
1173 1320 166 47 Henry
1368 1319 254 41 Harrison.

331 1387 52 52 ©
412 1393 115 45 May
549 1392 68 46 15,
645 1390 117 41 1935;
813 1390 65 40 2c.
906 1392 114 46 May
1046 1390 81 47 22;
1159 1390 81 40 aff.
1270 1391 113 47 May
1412 1391 80 45 17;
1523 1391 41 38 A
1589 1390 169 46 83225;
1789 1391 60 39 H.
1879 1389 254 40 Harrison.

409 1448 249 48 (35-7588)

329 1548 354 65 Hartmann,
715 1549 225 65 George
971 1549 288 66 Wilfried,
1293 1555 168 50 1904-

406 1625 220 53 Gestalt
671 1626 374 67 psychology;
1092 1644 31 33 a
1168 1642 200 51 survey
1416 1626 63 52 of
1526 1625 145 53 facts
1717 1626 111 51 and
1875 1624 326 68 principles,
2245 1624 69 67 by

337 1701 218 68 George
584 1702 86 52 W.
704 1702 321 53 Hartmann
1066 1746 10 10 .…
1200 1701 137 55 New
1371 1701 179 67 York,
1581 1701 120 54 The
1732 1701 224 53 Ronald
1988 1719 155 50 press
337 1718 1958 128 company
533 1783 192 65 [c1935]

405 1851 102 42 xiii.
545 1850 85 40 325
670 1862 42 37 p.
773 1851 141 48 illus.,
956 1852 178 47 diagrs.
1195 1851 115 39 21cm.
1380 1852 321 48 (Psychology
1741 1853 162 47 series,
1944 1853 54 39 A.
2039 1852 50 42 T.
338 1850 1960 104 Poffenberger,
620 1941 9 10 PH.
687 1942 22 16 D.,
739 1906 180 48 editor)

408 1965 66 39 “A
508 1967 112 38 note
651 1974 57 30 on
742 1963 432 49 bibliographies”:
1211 1976 42 37 p.
1288 1964 98 41 302.

336 2036 52 52 ©
416 2041 113 45 May
558 2038 69 48 10,
655 2038 139 47 1935;
824 2039 66 39 2c.
919 2037 95 41 and
1044 2038 82 39 aff.
1157 2039 113 46 May
1300 2038 81 46 15;
1413 2038 40 38 A
1481 2037 168 48 81835;
1683 2038 188 40 Ronald
1901 2048 135 37 press
2064 2047 67 31 co.

415 2095 249 49 (35-7594)

338 2199 345 63 Hayworth,
711 2198 242 53 Donald.

406 2274 1913 68 Public speaking, by Donald Hayworth … New York, The
340 2352 220 52 Ronald
590 2370 156 48 press
775 2369 278 50 company
1104 2355 174 63 [c1935]

406 2423 81 48 xii,
522 2423 85 39 442
641 2435 43 38 p.
744 2424 178 49 diagrs.
980 2423 117 43 21cm.

409 2479 24 17 “
453 2479 175 41 ‘Ideals
655 2480 52 40 of
734 2479 125 41 1917’
888 2480 60 48 by
977 2480 180 40 Leland
1187 2478 201 42 Austin”:
1448 2491 42 38 p.
1519 2478 215 43 426-430.

410 2537 222 41 Includes
665 2536 386 49 bibliographies.

339 2604 52 52 ©
417 2609 112 46 May
557 2609 67 44 17,
651 2606 113 41 1935;
820 2606 64 41 2c.
914 2609 113 46 May
1052 2607 54 38 22:
1164 2607 81 40 aff.
1276 2609 113 46 May
1416 2607 55 39 21;
1529 2608 41 38 A
1597 2607 145 41 83218;
1797 2608 187 39 Ronald
2012 2617 135 39 press
2176 2616 67 31 co.

417 2663 249 49 (35-7512)

341 2768 250 63 Hunter,
620 2768 206 62 Henry
854 2768 60 54 C.

410 2842 148 54 How
582 2843 269 66 England
877 2848 101 62 got
999 2845 75 52 its
1098 2845 292 51 merchant
1413 2845 234 63 marine,
1675 2845 326 66 1066-1776,
2023 2845 75 66 by
2122 2844 198 66 Henry

340 2919 1957 144 C. Hunter … New York, National council of American shipbuilders, 1935.
409 3070 64 41 xi.
501 3068 86 42 369
617 3080 42 38 p.
719 3068 55 41 23½cm.

413 3126 344 48 Bibliography:
818 3137 42 38 p.
890 3125 217 40 367-369.

343 3192 52 52 ©
427 3197 113 46 May
574 3198 37 40 7.
644 3195 140 47 1935;
817 3195 66 41 2c.
916 3197 94 38 and
1045 3196 80 40 aff.
1163 3197 112 46 May
1308 3196 81 46 15;
1424 3197 40 38 A
1496 3195 168 47 83109;
1700 3198 129 39 Natl.
1864 3197 185 40 council
2083 3197 51 40 of
2166 3197 154 38 Amer.

412 3252 338 48 shipbuilders.
821 3252 247 49 (35-7560)

342 3355 238 53 Illinois.
656 3357 180 63 Laws,
862 3362 253 59 statutes,
1143 3363 98 45 etc.

415 3432 386 54 Smith-Hurd
857 3434 225 52 Illinois
1138 3434 299 51 annotated
1497 3439 253 50 statutes.
1841 3437 342 51 Permanent
2237 3433 80 52 ed.

349 3509 364 67 Comprising
752 3511 95 51 the
885 3510 135 53 laws
1061 3511 62 51 of
1164 3530 31 33 a
1235 3514 227 63 general
1501 3513 110 52 and
1652 3520 335 59 permanent
2023 3519 199 45 nature
2262 3511 58 50 in

348 3587 154 52 force
539 3592 56 47 at
628 3588 93 53 the
757 3590 106 52 end
898 3588 62 51 of
994 3589 95 52 the
1124 3587 358 68 fifty-eighth
1518 3590 237 55 General
1795 3590 291 67 assembly,
2123 3587 194 54 fourth

346 3665 208 58 special
591 3663 225 55 session,
852 3666 257 65 together
1145 3666 135 53 with
1320 3667 134 53 laws
1491 3667 61 51 of
1588 3667 93 51 the
1718 3665 325 68 fifty-ninth
2080 3665 239 57 General

348 3742 274 65 assembly
655 3747 58 46 to
745 3743 197 52 March
972 3744 83 56 20.
1091 3747 147 49 1935.
1308 3744 154 65 Kept
1496 3751 57 46 to
1587 3745 129 51 date
1747 3745 74 65 by
1854 3745 339 51 cumulative
346 3760 1949 109 annual
511 3819 199 63 pocket
743 3825 173 57 parts,
948 3820 137 51 with
1120 3822 359 52 annotations
1510 3821 151 52 from
1690 3822 93 50 the
1815 3837 148 35 cases
1995 3820 325 64 construing

343 3912 63 32 or
428 3896 281 65 applying
728 3896 93 52 the
844 3898 135 50 laws
1003 3897 110 53 and
1138 3897 138 51 with
1299 3897 177 52 tables
1501 3897 112 52 and
1634 3897 185 52 index,
1880 3897 232 66 chapter
2134 3896 181 54 47-51.
