2424 4375
1037 4048 131 49 1325

116 430 288 67 Simonds,
434 433 197 51 Frank
664 431 273 64 Herbert,
970 430 171 54 1878-

190 551 55 9 …
277 511 304 51 American
610 509 228 66 foreign
864 509 189 66 policy
1082 508 59 51 in
1168 509 96 50 the
1291 512 274 62 post-war
1592 525 180 48 years,
1799 507 76 65 by
1902 505 197 51 Frank

114 583 1985 68 H. Simonds, LITT . D . Baltimore, The Johns Hopkins press,
117 667 148 50 1935.

116 732 1967 107 6 p. l., 160 p. 20 cm . (The Albert Shaw lectures on diplomatic history, 1935.
459 793 103 41 The
593 792 190 39 Walter
813 791 151 39 Hines
1000 791 131 48 Page
1164 791 161 39 school
1361 789 52 40 of
1449 788 350 42 international
1834 788 258 48 relations)

117 846 51 52 ©
200 850 118 46 Aug.
351 848 69 48 29,
455 848 113 40 1935;
631 848 66 40 2c.
735 848 126 47 Sept.
894 848 57 39 16;
1014 847 82 40 aff.
1132 848 124 46 Sept.
1291 847 56 38 17;
1409 847 40 38 A
1484 846 146 41 86335;
1691 846 153 40 Johns
1879 846 221 47 Hopkins

186 916 149 37 press.
405 904 278 49 (35-17947)

117 986 245 68 [Skrine,
393 988 173 63 Mary
595 988 198 65 Lesta]
830 992 169 49 1904-

185 1064 134 53 Full
364 1063 173 53 house;
611 1081 32 34 a
687 1062 183 62 novel,
912 1063 75 61 by
1029 1062 81 54 M.
1153 1062 55 54 J.
1255 1062 224 53 Farrell
1548 1060 194 64 [pseud.]
1844 1060 258 64 London,

115 1141 234 68 Collins,
387 1144 151 50 1935.

182 1213 84 42 315
304 1225 43 38 p.
407 1214 55 40 20½
496 1216 43 21 cm
543 1246 9 9 .

188 1270 161 41 “First
381 1270 284 48 impression
700 1269 115 49 July
849 1270 111 40 1935
997 1300 46 9 …
1079 1270 133 40 third
1244 1269 287 49 impression
1565 1268 117 49 July
1716 1268 153 42 1935.”

118 1325 1986 53 © 1c. Sept. 13, 1935; A ad int. 20588; pubd. Aug. 1; Little, Brown, and
184 1396 246 38 company,
464 1386 195 39 Boston.
730 1383 278 50 (35-17501)

113 1467 212 65 Smith,
354 1468 245 55 Charles
628 1466 331 64 Frederick,
992 1472 169 49 1883-

187 1544 181 69 Camp
416 1546 129 52 fires
594 1546 111 52 and
754 1544 256 68 cooking,
1058 1544 74 67 by
1183 1544 235 55 Charles
1467 1545 63 52 F.
1584 1544 188 56 Smith
1827 1589 55 9 …
1961 1546 138 53 New

117 1624 176 67 York,
323 1626 126 64 Boy
478 1629 183 46 scouts
690 1622 64 54 of
782 1622 281 67 America,
1093 1629 18 20 c
1116 1626 148 48 1935.

187 1694 67 48 iii,
298 1695 71 50 [1],
407 1694 57 40 42
503 1703 44 38 p.
607 1694 128 40 illus.
763 1694 132 48 (incl.
935 1694 147 47 port.)
1150 1693 56 40 20½
1238 1695 44 21 cm
1287 1726 9 7 .
1366 1693 99 48 (On
1505 1703 141 31 cover;
1706 1694 103 47 Boy
1849 1697 162 37 scouts
2052 1695 51 39 of

118 1750 219 42 America
365 1752 182 40 service
574 1751 199 47 library,
833 1761 74 30 no.
932 1751 128 47 3121,
1090 1750 148 41 series
1302 1750 13 47 D)

190 1809 130 39 “The
359 1808 226 40 material
626 1809 50 38 in
717 1809 98 39 this
855 1808 247 47 pamphlet
1143 1808 88 39 has
1271 1807 119 40 been
1430 1807 146 40 taken
1618 1807 127 40 from
1790 1807 173 41 Games
2008 1810 91 38 and

119 1865 319 41 recreational
467 1865 219 40 methods
721 1896 46 10 …
799 1866 95 39 and
926 1865 173 41 Games
1129 1865 94 39 and
1254 1875 137 38 game
1421 1864 278 48 leadership
1730 1895 47 9 …
1812 1865 57 47 by
1902 1865 200 40 Charles

119 1922 51 42 F.
203 1922 199 42 Smith.”

113 1976 52 53 ©
188 1980 110 40 Feb.
321 1980 38 47 8,
382 1979 116 41 1935;
543 1979 66 41 2c.
634 1979 110 41 Feb.
767 1979 60 40 20;
876 1980 81 39 aff.
979 1980 110 40 Feb.
1114 1980 54 38 21;
1219 1980 40 38 A
1284 1979 145 41 80547;
1481 1980 103 47 Boy
1607 1983 161 36 scouts
1794 1979 54 39 of
1868 1979 237 40 America.

198 2036 277 50 (35-18054)

120 2117 210 65 Smith,
359 2119 313 53 Lawrence
702 2119 68 55 B.

184 2193 121 55 The
345 2193 273 68 Sunlight
657 2191 122 56 Kid
820 2193 110 53 and
973 2194 159 53 other
1171 2199 237 48 western
1448 2210 202 48 verses,
1688 2192 75 68 by
1802 2192 301 55 Lawrence

118 2270 67 54 B.
210 2271 189 54 Smith
435 2271 149 68 (Lon
611 2270 216 69 Smith)
867 2269 364 69 frontispiece
1257 2270 228 68 etching
1511 2269 74 69 by
1611 2269 254 55 Edward
1893 2270 209 54 Borein

119 2347 109 53 and
264 2347 295 69 thirty-six
594 2348 405 68 photographs.
1074 2347 136 53 New
1248 2347 178 69 York,
1461 2347 67 52 E.
1568 2347 62 52 P.
1669 2347 221 53 Dutton
1927 2349 45 50 &
2008 2367 96 49 co.,

117 2425 330 68 inc. [ c 1935]
186 2495 98 49 120,
316 2496 55 49 [1]
400 2506 44 38 p.
474 2496 107 41 incl.
610 2496 164 49 front.,
803 2496 126 41 illus.
987 2496 57 40 23½
1076 2498 44 22 cm
1124 2527 9 9 .

188 2552 158 42 “First
381 2552 224 42 edition.”

120 2607 54 53 ©
202 2613 126 47 Sept.
353 2613 69 47 26,
449 2612 139 47 1935;
618 2612 66 40 2c.
710 2613 95 39 and
832 2611 80 40 aff.
940 2612 128 48 Sept.
1094 2612 83 46 28;
1207 2612 43 39 A
1272 2611 142 41 87301;
1470 2613 52 39 E.
1549 2613 50 39 P.
1628 2613 189 40 Dutton
1843 2614 36 39 &
1905 2623 80 38 co.,
2014 2613 90 41 inc.

198 2668 275 48 (35-17814)

121 2747 184 53 South
335 2748 272 55 Carolina
631 2750 111 53 and
771 2750 180 54 South
978 2752 218 51 eastern
1222 2749 201 67 digest,
1449 2749 266 69 covering
1742 2750 78 52 all
1847 2769 148 34 cases

189 2769 1892 124 reported
431 2827 60 52 in
539 2829 179 54 South
763 2827 267 55 Carolina
1074 2832 239 62 reports,
1358 2827 182 56 South
1587 2833 220 48 eastern
1849 2835 256 60 reporter

191 2904 110 52 and
346 2904 227 53 various
618 2911 220 60 reports
882 2904 62 53 of
988 2905 167 52 south
1199 2909 220 48 eastern
1463 2910 172 47 states
1681 2906 152 51 from
1879 2905 226 54 earliest

190 2981 179 66 times,
409 2981 138 53 with
590 2988 226 46 current
856 2982 341 51 cumulative
1237 2982 203 67 pocket
1478 2982 211 53 service
1722 2982 248 69 keeping
2007 2986 97 51 the

191 3056 183 69 digest
406 3061 209 64 always
648 3065 56 46 to
738 3059 130 53 date
907 3101 55 9 …
1034 3061 89 65 By
1156 3059 95 52 the
1285 3059 336 67 publisher’s
1656 3060 266 52 editorial
1954 3059 148 57 staff,

190 3134 1734 71 volume 33-34. St. Paul, West publishing co. [ c 1935]
192 3206 30 39 2
246 3218 43 29 V.
345 3207 58 40 26
403 3210 43 21 cm
450 3239 9 8 .

195 3262 69 41 On
294 3274 138 29 cover;
490 3265 116 40 1783
630 3268 47 37 to
708 3266 126 38 date.

192 3319 131 48 “Key
352 3321 198 39 number
581 3320 220 47 system.”

464 3387 107 28 CONTENTS.—v.
597 3375 71 42 33.
694 3377 562 39 Trusts-Wharves.—v.
1283 3374 71 43 34.
1381 3376 322 41 Wills-Work
1729 3380 94 39 and
1849 3380 148 40 labor.

127 3424 52 53 ©
211 3430 126 49 Sept.
366 3432 69 48 26,
465 3433 139 46 1935;
637 3432 66 41 2c.
733 3434 125 39 each
887 3433 99 40 Oct.
1020 3433 82 45 12;
1138 3432 82 41 aff.
1253 3433 100 40 Oct.
1388 3434 81 45 14;
1501 3434 41 38 A
1574 3434 158 47 86773,
1766 3435 170 41 86774;
1971 3437 133 39 West

194 3488 106 45 pub.
335 3498 67 30 co.

126 3562 289 57 Southern
446 3575 282 60 reporter;
761 3588 148 34 cases
939 3570 213 67 argued
1183 3570 112 51 and
1324 3570 347 55 determined
1703 3574 60 51 in
1793 3574 95 51 the
1918 3578 186 47 courts

195 3642 65 51 of
283 3643 297 68 Alabama,
609 3647 254 66 Florida,
891 3648 325 65 Louisiana,
1245 3647 366 68 Mississippi,
1642 3651 137 52 with
1810 3650 106 66 key
193 3668 1888 103 number

320 3724 374 52 annotations.
769 3724 241 52 Volume
1041 3727 113 50 161.
1231 3726 346 67 June-July,
1609 3730 147 50 1935.
1827 3728 81 54 St.
1940 3728 165 67 Paul,

193 3795 157 55 West
377 3798 331 67 publishing
735 3819 97 35 co.,
863 3804 146 48 1935.

261 3897 9 17 xv,
297 3868 112 40 1031
438 3879 43 37 p.
536 3869 115 40 26cm.

131 3915 51 53 ©
214 3922 124 48 Sept.
369 3925 39 47 6,
440 3924 112 41 1935;
610 3925 66 41 2c.
707 3926 101 40 Oct.
839 3926 52 40 12;
953 3928 82 39 aff.
1069 3927 99 40 Oct.
1202 3929 55 38 14;
1317 3929 40 38 A
1389 3929 143 40 86767;
1592 3931 133 39 West
1756 3931 109 48 pub.
1898 3941 66 30 co.
