2424 4375
1064 4012 98 50 845

434 474 239 46 CONTENTS.—Henry
709 474 85 39 the
832 472 200 49 Fourth,
1071 474 112 46 part
1225 472 39 47 3,
1302 471 101 41 The
1442 471 204 47 tragedy
1687 470 51 40 of
1777 469 214 48 Hamlet,
2028 467 62 48 by

111 532 203 38 William
350 529 599 47 Shakespeare.—Essays,
984 529 59 46 by
1080 528 79 40 Sir
1187 527 202 40 Francis
1422 527 425 44 Bacon.—Poems,
1880 526 61 47 by
108 524 1967 104 Robert
213 584 588 48 Browning.—Gulliver’s
840 584 194 48 travels,
1067 584 60 48 by
1163 584 249 40 Jonathan
1449 582 370 41 Swift.—Notes
1855 582 94 39 and
109 589 1968 100 suggestions
343 644 73 37 for
440 643 156 45 study.

113 698 50 55 ©
191 702 124 39 June
344 700 68 44 21,
444 699 139 47 1935;
615 699 65 40 2c.
783 710 64 33 June
872 699 81 47 25;
988 699 82 40 aff.
1102 700 130 39 June
1260 698 84 47 22;
1381 700 41 37 A
1454 698 170 54 83796;
1660 698 51 40 G.
1747 699 348 46 Montgomery,

177 758 241 47 Berkeley,
447 756 143 43 Calif.
661 755 248 49 (35-8985)

171 857 1895 147 … New universal self-pronouncing dictionary with an encyclopedic
525 933 1506 70 appendix. Handy ed. Edited by W. J. Pelo …
176 1012 420 68 Philadelphia,
624 1011 249 70 Chicago
926 1017 118 61 [etc.]
1077 1011 120 53 The
1223 1012 157 54 John
1410 1010 63 56 C.
1501 1011 268 54 Winston
1797 1027 298 51 company,

180 1094 143 49 1935.

174 1164 25 39 3
233 1173 40 37 p.
328 1195 21 10 l.,
386 1162 84 39 624
501 1172 43 37 p.
604 1162 53 39 13½c
709 1164 27 21 m
740 1193 8 8 .
820 1162 514 47 (Winston-universal
1369 1162 272 45 dictionary
1678 1160 173 44 series)

176 1220 69 39 On
268 1229 166 31 cover:
464 1218 259 41 Universal
750 1218 442 48 self-pronouncing
1220 1218 274 48 dictionary
1523 1219 146 40 based
1698 1228 126 37 upon
1852 1219 81 40 the

111 1218 1969 97 foundation
299 1276 93 39 laid
417 1275 61 48 by
504 1276 135 39 Noab
666 1274 232 42 Webster.

165 1333 1930 48 © May 20, 1935; 2c. and aff. June 17; A 84292 ; John C. Winston co.
182 1392 274 49 [Copyright
480 1392 43 38 is
544 1390 204 41 claimed
773 1402 58 29 on
854 1391 236 40 revisions
1114 1393 95 38 and
1233 1391 261 49 additions]
1568 1390 250 49 (35-8949)

116 1494 139 52 New
287 1495 159 51 York
481 1494 217 67 (State)
784 1494 178 54 Court
996 1495 63 66 of
1090 1495 249 67 appeals.

185 1572 1913 69 Reports of cases decided … from and including decisions of
119 1650 309 51 November
458 1649 84 57 27,
576 1652 150 62 1934,
758 1656 57 46 to
848 1649 274 53 decisions
1154 1649 62 53 of
1248 1649 173 69 April
1456 1653 81 56 16,
1571 1653 150 63 1935,
1754 1651 139 52 with
1925 1657 174 54 notes,

112 1727 306 53 references
442 1730 110 51 and
576 1727 186 53 index.
821 1729 173 53 Louis
1017 1729 56 53 J.
1098 1728 341 67 Rezzemini,
1462 1732 144 50 state
1631 1735 271 61 reporter.
118 1729 1956 129 Volume
262 1807 115 52 266.
442 1805 247 67 Albany,
715 1807 55 53 J.
802 1808 64 50 B.
894 1807 164 65 Lyon
1087 1824 296 49 company,
1414 1810 148 49 1935.

182 1880 61 44 lx,
270 1879 82 38 825
379 1889 42 36 p.
477 1877 54 40 23½
564 1880 44 20 cm.

115 1931 51 53 ©
193 1936 96 39 June
345 1937 68 38 27.
447 1935 139 45 1935;
619 1934 66 40 2c.
716 1935 116 47 July
864 1935 51 46 1;
953 1933 80 41 aff.
1067 1935 115 47 July
1214 1936 55 40 13
1286 1946 9 35 ;
1330 1936 40 38 A
1403 1935 170 46 83863;
1608 1937 213 39 Edward
1853 1937 41 39 J.
1929 1937 170 48 Flynn,

185 1995 244 44 secretary
463 1992 52 38 of
546 1992 84 40 the
664 1994 131 38 state
826 1991 50 39 of
911 1992 117 38 New
1061 1992 144 46 York,
1241 1992 51 38 in
1328 1996 129 37 trust
1492 1993 79 39 for
1608 1995 82 37 the
1722 1993 175 40 benefit
1962 1994 22 39 of
2021 1995 82 39 the

185 2050 165 46 people
379 2049 50 39 of
462 2049 84 39 the
575 2050 142 46 state·,
749 2048 202 48 Albany.

116 2149 259 65 O’Brien,
405 2152 252 52 Edward
685 2151 218 64 Joseph
931 2149 388 67 Harrington,
1350 2157 170 50 1890-
1732 2154 84 52 ed.

183 2229 117 51 The
341 2228 158 54 short
541 2232 158 64 story
739 2247 121 34 case
899 2227 164 68 book,
1104 2228 76 68 by
1223 2229 253 53 Edward
1518 2229 55 53 J.
1618 2228 265 56 O’Brien.
1963 2232 138 51 New

119 2305 1480 69 York, Farrar & Rinehart, incorporated [ c 1935]
186 2379 84 41 635
302 2392 40 36 p.
403 2379 55 39 21
461 2381 44 21 cm
511 2411 8 8 .

190 2435 141 48 Story
358 2437 95 39 and
481 2438 327 45 commentary
835 2447 61 29 on
922 2435 218 48 opposite
1167 2446 159 38 pages.

188 2492 371 48 Bibliography:
590 2503 43 37 p.
662 2491 215 41 633-635.

121 2543 50 53 ©
193 2550 123 39 June
339 2549 68 46 10,
432 2548 112 41 1935
562 2560 8 35 ;
597 2549 67 40 2c.
688 2549 126 39 June
837 2549 53 38 12
909 2560 8 34 ;
946 2548 82 40 aff.
1055 2549 124 39 June
1203 2550 54 38 11
1275 2560 9 36 ;
1313 2550 41 38 A
1378 2549 169 47 84479;
1579 2551 210 42 Edward
1814 2553 42 39 J.
1885 2552 218 48 O'Brien,

185 2605 197 48 Oxford,
413 2606 232 48 England.
720 2604 249 51 (35-8977)

122 2706 235 66 O’Neill,
385 2710 240 61 Eugene
655 2708 335 64 Gladstone,
1021 2714 170 48 1888-

190 2784 1913 68 The plays of Eugene O’Neill … [Vol.] 10-12. Wilderness
122 2862 1466 69 ed. New York, Charles Scribner’s sons [ c 1935]
185 2936 521 47 3 v plates. 24½c m .
125 2991 1963 98 “This Wilderness edition. … printed from type now destroyed, is limited
243 3053 18 36 to
313 3059 141 30 seven
477 3050 222 39 hundred
723 3049 95 38 and
845 3052 197 43 seventy
1067 3051 98 38 sets
1190 3049 52 40 of
1264 3049 157 40 which
1447 3052 184 46 twenty
1654 3062 85 32 are
1760 3052 80 39 for
122 3056 1965 89 presentation.”

191 3163 379 39 CONTENTS.—v.
609 3159 70 41 10.
717 3162 101 38 The
857 3164 139 44 great
1033 3162 90 46 god
1161 3162 177 38 Brown
1424 3163 166 39 “Anna
1630 3163 366 43 Christie.”—v.
2037 3164 71 43 11.

126 3219 168 40 Desire
318 3220 150 39 under
495 3218 80 40 the
602 3219 129 38 elms.
790 3218 99 39 The
916 3217 348 41 fountain.—v.
1295 3217 69 41 12.
1395 3219 123 39 Nine
1548 3223 191 37 one-act
1764 3221 152 47 plays,

125 3286 40 28 v.
191 3276 66 43 10,
285 3277 68 45 11,
379 3272 53 51 ©
459 3276 113 46 May
599 3274 69 43 28,
695 3273 139 43 1935;
865 3274 66 39 2c.
959 3275 115 38 each
1106 3275 125 40 June
1256 3273 82 48 21;
1369 3275 107 40 affs.
1507 3276 118 47 July
1650 3276 52 47 9;
1732 3289 40 27 v.
1801 3278 69 47 12,
1900 3275 52 52 ©
1981 3279 128 41 June

191 3332 80 46 28;
303 3333 64 39 2c.
396 3333 115 46 July
535 3331 52 42 9;
617 3330 81 40 aff.
727 3331 115 47 July
868 3331 80 46 16;
975 3331 41 38 A
1043 3331 156 47 84563,
1228 3331 156 46 84564,
1413 3331 142 40 84659
1574 3343 8 35 ;
1612 3333 201 41 Charles
1843 3334 263 42 Scribner’s

195 3399 122 30 sons.

127 3478 173 53 Pérez
329 3479 329 62 Marchant,
688 3477 236 54 Hécior.

254 3554 1851 71 … Juá rez, ed impasible. por Héctor Pérez Marchant; carta-
130 3630 1977 78 prégo del dr. José Manuel Puig Casauranc … 1. ed. Madrid,
131 3710 437 67 Espasa-Calpe,
594 3729 42 32 s.
664 3728 65 39 a.,
759 3712 147 50 1934.

197 3784 85 41 276
313 3795 42 36 p.
417 3782 157 39 fronts
594 3780 195 48 (ports.)
834 3781 125 38 illus.
989 3780 238 48 (facsim.)
1269 3792 61 36 pl.
1393 3780 55 41 19
1449 3785 45 20 cm
1500 3815 7 7 .
1583 3783 172 47 (Vidas
1792 3789 256 43 españolas
2085 3803 25 27 e

162 3838 72 49 hisp
251 3838 381 40 moamericanas
658 3837 75 38 del
761 3836 118 46 siglo
1000 3866 7 7 XIX.
1062 3831 83 50 40)

130 3892 50 52 ©
210 3897 123 40 June
361 3895 68 46 15,
458 3894 139 41 1934;
657 3903 36 28 1c.
723 3892 109 39 Dec.
861 3890 81 47 27;
972 3891 309 47 A-Foreign
1310 3891 170 49 26570;
1513 3895 368 51 Espasa-Calpe,
1914 3910 35 30 s.
1980 3911 42 29 a.
