2424 4375
1234 4088 131 47 1356

379 561 104 48 xiii,
512 561 85 41 432
627 572 43 38 p.
727 559 148 43 23½cm,

383 622 1917 51 “First printing, September; 1925 … Fourth edition, seventh printing,
310 682 202 48 August,
544 681 158 42 1935.”

313 746 53 55 ©
393 747 127 52 Sept.
546 748 69 51 25,
640 751 114 41 1935;
807 750 66 41 2c.
901 750 100 41 Oct.
1028 751 26 40 3;
1110 750 83 40 aff.
1221 750 100 41 Oct.
1348 750 25 39 1;
1430 749 40 40 A
1497 749 141 41 86575;
1697 749 51 40 F.
1777 748 44 41 S.
1850 748 168 42 Crofts
2042 748 35 40 &
2103 756 81 40 co.,
2212 747 89 42 inc.

388 808 280 48 (35-17621)

308 911 234 66 Dewey,
571 910 242 66 Martin,
845 916 169 51 1881-

377 979 1925 76 Practical orthodontia, by Martin Dewey … revised by
311 1061 1988 74 George M. Anderson … 5th rev. ed. St. Louis, The C. V.
307 1141 204 70 Mosby
541 1160 298 51 company,
872 1144 150 51 1935.

380 1215 85 39 514
490 1225 44 38 p.
594 1214 142 49 illus.,
762 1214 179 48 diagrs.
1000 1213 148 43 26½cm.

379 1270 351 49 Bibliography
754 1274 55 39 at
836 1272 90 41 end
951 1271 53 40 of
1029 1272 202 47 chapter
1388 1305 9 10 XVIII.

315 1340 52 53 ©
399 1344 127 48 Sept.
555 1344 39 47 3,
625 1343 141 49 1935;
797 1343 68 41 2c.
895 1345 97 39 and
1019 1343 81 41 aff.
1135 1344 126 48 Sept.
1292 1343 83 47 25;
1408 1344 40 38 A
1478 1342 170 49 87232;
1679 1342 49 42 C.
1760 1344 54 39 V.
1845 1343 183 48 Mosby
2044 1354 68 29 co.

397 1399 280 51 (35-17639)

313 1503 266 65 Duffield,
609 1504 188 56 Anne.

383 1582 225 65 Emmy.
689 1582 386 65 [Instalments
1109 1582 186 64 13-16]

396 1653 85 49 (In
505 1649 251 43 Woman’s
784 1649 203 52 weekly,
1018 1650 137 51 Sept.
1181 1651 70 49 14,
1282 1650 71 50 21,
1383 1651 71 49 28,
1484 1649 108 43 Oct.
1622 1650 41 50 5,
1693 1648 144 50 1935)

315 1711 1961 62 © 1c. each Oct. 29, 1935; A ad int. 20669; pubd. Sept. 10, 17, 24, Oct. 1;
382 1781 220 47 Dorothy
631 1781 134 39 Duer
793 1780 219 47 Duffield,
1045 1780 290 46 Aldbourne,
1367 1778 268 50 Wiltshire,
1668 1779 234 48 England.

311 1883 247 65 Eggert,
585 1884 273 64 William,
889 1885 171 54 1857-

380 1959 122 52 The
535 1957 267 54 fountain
836 1958 64 53 of
932 1959 197 68 youth,
1160 1958 195 57 health
1390 1959 114 53 and
1536 1957 423 69 rejuvenation;
1997 1958 187 52 Ponce
2216 1956 88 53 De

311 2036 200 54 Leon’s
544 2035 268 57 fountain
843 2036 282 55 relocated
1156 2037 114 53 and
1298 2036 165 53 made
1496 2033 282 55 available;
1838 2034 212 55 nitrate
2083 2033 65 55 of
311 2037 1969 129 potasti
454 2112 326 71 (saltpeter)
819 2114 96 53 the
946 2118 197 64 agent;
1179 2115 118 51 also
1330 2133 31 33 a
1392 2113 211 53 section
1636 2131 71 35 on
1738 2112 376 70 agricultural
311 2128 1969 131 processes,
499 2192 105 53 soil
637 2190 250 70 fertility
915 2193 113 51 and
1061 2190 306 55 fertilizers
1399 2190 119 54 free
1553 2189 153 54 from
1736 2189 568 70 quality-degrading

311 2269 307 67 materials,
665 2268 475 69 seed-producing
1190 2268 190 68 plants
1429 2267 266 69 supplied
1744 2267 139 54 with
1933 2267 370 69 appropriate

312 2346 250 54 luxuries
590 2345 196 54 before
814 2345 295 70 ripening;
1144 2346 186 68 copies
1361 2344 65 54 of
1454 2351 225 63 patents
1709 2346 186 53 issued
1927 2346 114 53 and
2072 2344 232 70 applied

314 2422 1987 71 for … researched, conclusions and suggestions. By William
311 2500 238 70 Eggert,
572 2500 72 69 jr.
707 2500 313 69 Brooklyn,
1045 2500 69 54 N.
1146 2501 70 52 Y.
1250 2503 192 64 [c1935]

383 2574 99 47 viii,
509 2573 85 41 232
621 2583 57 39 p.,
705 2574 25 39 1
779 2604 9 8 l.
847 2573 128 41 illus.
1034 2571 146 42 23½cm.

383 2629 350 49 Bibliography
755 2631 52 39 at
833 2630 92 40 end
949 2629 52 41 of
1025 2630 202 47 chapter
1252 2639 102 31 one.

316 2696 52 52 ©
394 2701 116 46 July
536 2700 68 47 29,
632 2700 116 40 1935;
800 2701 68 39 2c.
894 2701 95 38 and
1017 2700 80 39 aff.
1125 2701 120 46 Aug.
1271 2701 52 45 1;
1353 2701 42 38 A
1421 2701 170 46 85520;
1621 2702 72 39 W.
1721 2702 193 46 Eggert,
1940 2701 76 47 jr.,
2045 2701 256 48 Brooklyn.

398 2757 279 48 (35-17638)

313 2859 253 66 Elwood,
596 2859 281 54 Franklin
909 2859 245 64 George.

318 2933 1982 149 Problems in architectural drawing … by Franklin G. Elwood … bk. 1. Rev. ed. Peoria, Ill., The Manual arts press
321 3095 192 64 [c1935]

384 3165 84 39 131
497 3174 42 37 p.
596 3163 129 40 illus.
754 3162 132 49 (incl.
915 3163 165 48 plans)
1146 3163 116 41 28cm.

387 3219 293 40 “Reference
707 3218 204 41 books”:
940 3219 124 40 book
1090 3219 39 47 1,
1157 3229 42 38 p.
1228 3217 215 42 127-128.

319 3284 52 53 ©
408 3289 125 47 Sept
572 3288 38 47 9,
648 3287 140 49 1935;
826 3288 66 40 2c.
932 3288 126 47 Sept.
1096 3288 80 46 14;
1217 3288 53 39 aff.
1340 3288 128 47 Sept.
1504 3288 81 47 12;
1624 3288 42 39 A
1702 3287 170 49 85994;
1912 3289 50 39 F.
2002 3289 51 40 G.
2091 3289 207 47 Elwood,

386 3346 320 47 Mooseheart,
738 3346 74 38 Ill.
882 3344 279 48 (35-17675)

316 3445 257 65 Emrich,
602 3447 153 53 John
785 3447 200 63 Oscar,
1018 3452 169 49 1881-
1399 3464 179 49 comp.

385 3524 121 51 The
535 3523 203 54 voter’s
771 3524 198 66 guide;
1004 3542 31 33 a
1066 3523 185 68 digest
1281 3522 64 53 of
1373 3524 96 52 the
1499 3525 237 51 election
1765 3525 136 52 laws
1932 3524 62 53 of
312 3525 1962 142 Pennsylvania;
552 3619 31 33 a
623 3601 273 66 complete
940 3601 347 66 description
1328 3601 63 52 of
1432 3601 96 53 the
1568 3602 230 57 method
1838 3601 63 54 of
1941 3600 240 68 holding
2222 3603 75 51 all

321 3677 262 56 elections
621 3678 61 51 in
714 3678 115 53 this
861 3681 161 62 state,
1059 3681 116 50 also
1211 3676 252 69 defining
1497 3680 97 51 the
1626 3679 183 52 duties
1844 3678 63 53 of
1942 3684 206 62 county
2186 3678 108 53 and

316 3753 236 54 election
583 3752 224 68 officers,
837 3755 328 65 constables,
1197 3772 267 36 assessors
1497 3756 111 51 and
1640 3756 317 66 registrars,
1990 3774 58 35 as
2081 3756 126 53 well
2239 3773 56 34 as

315 3824 1889 75 candidates’ information. Rev. and enl. by J. Oscar Emrich …
318 3905 353 68 Pittsburgh,
695 3908 122 66 Pa.,
844 3909 87 53 W.
960 3908 67 54 G.
1059 3908 284 54 Johnston
1372 3926 294 50 company,
1699 3911 149 52 1935.

385 3979 99 48 337,
513 3980 55 49 [3]
597 3979 180 48 p.incl.
804 3979 166 48 diagr.,
998 3980 167 40 forms.
1220 3979 116 41 23cm.
