2526 4384
1334 4070 64 50 98

426 538 82 39 751
542 549 43 36 p.
647 539 148 38 front.
825 536 210 48 (facsim.
1057 549 8 27 :
1101 537 176 45 music)
1323 538 127 39 illus.
1480 536 201 48 (music)
1725 536 177 48 diagrs.
1934 537 45 47 (1
2018 537 143 46 fold.)
2236 534 53 41 19
2292 538 16 20 cm
2341 566 7 7 .

359 590 50 54 ©
442 596 64 37 1c.
537 594 108 41 Jan.
678 594 39 47 9,
748 594 140 46 1935;
920 595 44 41 A
991 596 61 37 ad
1082 594 85 40 int.
1198 593 170 48 19868;
1402 595 140 47 pubd.
1573 594 117 39 Nov.
1723 594 69 46 12,
1824 593 140 47 1934;
1998 594 52 39 A.
2085 594 47 38 L.
426 593 1905 104 Bacharach,

592 652 209 39 London.
874 650 249 47 (35-2374)

354 727 192 64 Baldt,
575 727 195 52 Laura
799 728 187 54 Irene.

428 803 276 66 Clothing
742 803 94 53 for
874 822 244 46 women;
1156 804 266 53 selection
1462 804 110 52 and
1612 802 402 65 construction,
2048 802 74 65 by
2160 802 188 52 Laura

394 878 1953 69 l. Baldt … 8 color plates, 367 illustrations in text, by M. R.
358 956 306 53 Pritchard
709 958 112 51 and
863 956 197 68 Emily
1103 958 74 51 H.
1222 956 315 56 Schreiber.
1615 956 270 66 Chicago,
1926 955 425 67 Philadelphia.

355 1034 1041 67 J. B. Lippincott company [ c 1935]
428 1106 1831 49 vii p., 1 l., 552 p. incl. col. front., illus. (part col.) diagrs. VII col. pl.
355 1161 145 43 21½cm.

428 1218 73 41 On
528 1230 167 29 cover:
726 1219 175 42 Edited
931 1219 58 48 by
1019 1219 52 40 B.
1099 1220 55 39 It.
1181 1219 246 42 Andrews.

430 1276 345 49 Bibliography
794 1288 8 27 :
838 1288 42 37 p.
911 1275 215 41 513-529.

361 1330 52 52 ©
451 1336 107 38 Jan.
600 1335 66 45 11,
705 1333 139 46 1935;
883 1332 68 41 2c.
989 1334 96 39 and
1122 1331 80 41 aff.
1240 1334 108 38 Jan.
1387 1332 82 46 25;
1509 1333 40 38 A
1586 1331 169 47 79358;
1797 1333 41 40 J.
1878 1333 51 39 B.
1971 1331 251 50 Lippincott
2286 1344 66 28 co.

433 1392 279 49 [Copyright
737 1393 44 38 is
802 1390 205 41 claimed
1033 1402 60 28 on
1117 1390 307 48 corrections]
1498 1390 251 48 (35-2178)

359 1469 260 62 Barrett,
651 1468 204 53 James
884 1466 262 56 Francis.

432 1543 288 53 Elements
752 1542 65 55 of
848 1543 349 68 psychology
1233 1542 94 52 for
1360 1560 213 50 nurses,
1607 1543 72 67 by
1712 1543 137 52 Rev.
1885 1542 193 54 James
2115 1541 238 53 Francis

368 1622 253 64 Barrett;
659 1621 139 51 with
832 1640 71 33 an
937 1620 387 52 introduction
1361 1620 74 68 by
1469 1620 103 54 Dr.
1610 1620 194 53 James
1839 1620 55 54 J.
1929 1620 218 53 Walsh.
364 1618 1964 147 Milwaukee,
631 1698 159 67 Wis.,
818 1698 137 52 New
981 1697 162 53 York
1196 1703 118 61 [etc.]
1348 1698 121 52 The
1497 1698 185 52 Bruce
1710 1697 334 69 publishing
2074 1714 278 52 company

363 1808 12 33 [
381 1781 17 21 c
403 1779 134 50 1935
542 1810 12 33 ]

427 1849 99 45 xxi,
553 1847 87 42 400
666 1857 43 39 p.
770 1846 163 49 front.,
963 1847 143 49 illus.,
1132 1848 171 48 plates.
1363 1847 54 39 21½
1452 1849 44 21 cm
1501 1879 8 9 .

429 1903 236 43 “Revised
696 1904 380 41 edition—third
1109 1903 259 48 printing.”

432 1960 318 42 “References
775 1962 79 39 for
883 1960 254 49 reading”:
1168 1971 42 37 p.
1239 1959 217 43 373-376.

364 2015 54 52 ©
449 2021 108 39 Jan.
588 2019 69 44 24,
690 2018 116 41 1935
821 2030 9 36 ;
862 2020 66 39 2c.
961 2020 99 39 and
1088 2018 79 40 aff.
1202 2019 109 39 Feb.
1343 2020 53 45 4;
1430 2020 45 38 A
1500 2018 169 48 79523;
1706 2021 155 39 Bruce
1894 2019 280 49 publishing
2204 2032 65 29 co.

441 2075 250 50 (35-2269)

361 2150 197 65 Bates,
589 2151 209 64 Ralph,
832 2156 170 49 1899-

434 2227 1916 69 Lean men, an episode in a life, by Ralph Bates … New
367 2305 172 68 York,
568 2308 121 52 The
717 2305 335 55 Macmillan
1081 2325 294 49 company,
1408 2311 147 50 1935.

434 2380 85 39 555
546 2390 43 38 p.
649 2380 56 38 22
708 2382 44 21 cm
757 2412 8 7 .

367 2433 51 52 ©
450 2438 108 39 Feb.
590 2438 38 41 5.
660 2437 140 47 1935;
833 2436 66 41 2c.
929 2438 94 39 and
1055 2436 78 41 aff.
1166 2437 109 39 Feb.
1308 2436 52 47 6;
1392 2437 40 38 A
1463 2436 137 41 79561
1624 2448 9 27 :
1667 2438 53 38 R.
1755 2438 163 46 Bates,
1949 2438 211 39 London.

443 2494 250 47 (35-2100)

359 2568 182 53 Bible.
616 2570 264 65 English.
954 2573 151 49 1935.
1181 2570 370 52 Authorized.

433 2645 122 52 The
590 2644 160 69 Holy
788 2645 166 52 Bible
989 2644 333 69 containing
1358 2646 96 51 the
1490 2644 115 55 Old
1643 2645 112 52 and
1792 2645 138 52 New
1970 2646 381 61 Testaments;

363 2722 315 52 translated
717 2727 100 47 out
854 2721 64 53 of
953 2723 96 51 the
1086 2721 247 69 original
1369 2727 266 63 tongues:
1674 2723 113 52 and
1826 2722 140 52 with
2006 2723 93 52 the
2140 2721 215 53 former

364 2799 369 52 translations
787 2799 306 68 diligently
1147 2801 303 66 compared
1505 2800 113 52 and
1673 2799 236 53 revised.
1999 2799 352 52 Authorized

365 2874 161 69 King
555 2876 193 53 James
778 2876 241 68 version,
1053 2879 149 50 1611.
1270 2875 335 69 Appointed
1638 2882 56 47 to
1726 2877 67 53 be
1824 2878 135 52 read
1994 2877 59 52 in
2086 2878 269 52 churches

425 2952 1077 67 … New York, J. A. Fellows [ c 1935]
434 3024 1199 49 2 p. l. , 1109, 339, 5 p. 12 maps on 6 l. 19 cm .
369 3077 51 52 ©
451 3084 107 39 Jan.
587 3081 41 48 9,
658 3082 139 48 1935;
827 3082 65 41 2c.
924 3085 99 42 and
1049 3083 79 40 aff.
1161 3084 107 39 Jan.
1299 3084 82 46 12;
1413 3084 40 39 A
1481 3083 169 47 78978;
1685 3085 127 40 John
1842 3086 53 38 A.
1927 3086 220 46 Fellows,
2178 3087 178 46 Bronx,

434 3140 54 37 N.
520 3140 51 37 Y.
638 3138 278 50 [Copyright
947 3140 41 40 is
1019 3141 204 39 claimed
1252 3152 59 28 on
1344 3141 245 39 reference
1620 3141 146 40 index
1797 3143 59 46 by
1889 3143 127 38 John
2047 3143 52 38 A.
2135 3142 219 49 Fellows]

445 3195 250 48 (35-2278)

365 3269 182 66 Boyd,
574 3271 240 65 Robert,
845 3273 170 54 1870-

366 3347 1990 148 Boyd shorthand is a system of shorthand in which characters represent syllables … By Robert Boyd, b. a. Chicago,
366 3501 112 67 Ill.,
515 3501 248 69 Sydney,
796 3502 314 69 Australia,
1146 3505 166 67 Boyd
1347 3523 155 49 press
1544 3538 12 33 [
1562 3511 17 21 c
1584 3507 151 63 1934]

438 3575 624 49 1 p. l. , [7]-92 p. 19½ cm .
370 3627 52 51 ©
450 3632 109 39 Dec.
588 3631 70 47 20,
685 3630 139 48 1934;
855 3632 65 40 2c.
951 3633 110 39 Dec.
1089 3634 80 46 31;
1201 3631 80 42 aff.
1311 3635 108 39 Jan.
1448 3633 68 48 19,
1547 3634 139 42 1935;
1716 3635 42 38 A
1785 3633 167 46 79319;
1986 3635 53 38 R.
2071 3635 148 47 Boyd,
437 3635 1901 99 Chicago.
631 3687 281 49 [Copyright
937 3688 41 40 is
1008 3689 203 41 claimed
1240 3702 62 29 on
1330 3691 239 39 revisions
1593 3693 95 38 and
1719 3690 259 49 additions]

448 3743 250 48 (35-2046)

365 3817 305 65 Braibant,
702 3819 262 56 Charles.

437 3893 121 53 The
579 3894 124 53 iron
726 3895 237 66 mother,
984 3896 75 66 by
1082 3895 234 55 Charles
1340 3898 307 61 Braibant;
1675 3898 311 53 translated
2010 3899 73 66 by
2108 3901 239 64 Vyvyan

371 3970 271 56 Holland.
717 3973 138 53 New
883 3973 160 52 York
1068 3975 111 51 and
1202 3975 257 61 London,
1484 3976 232 60 Harper
1741 3979 43 49 &
1809 3976 274 56 brothers,
2112 3981 146 48 1935.
