2424 4375
1237 4085 135 54 1174

303 455 200 66 Meier,
534 457 173 65 John,
740 463 169 50 1864-
1121 458 85 54 ed.

375 535 1923 72 Balladen… 1. t . Herausgegeben von John Meier. Leipzig,
309 614 64 51 P.
403 613 233 52 Reclam
661 612 138 67 jun.,
829 616 146 50 1935.

303 684 2006 109 289 p. pl. 22cm. (Added t.-p.: Deutsche literatur; Sammlung literarischer kunst- und kulturdenkmäler in entwicklungsreihen … hrsg. von.
308 798 1871 51 Heinz Kindermann. Reihe [10]: Das deutsche Volkslied … bd. 1)
311 865 1990 55 © Mar. 21, 1935; 1c. July 10; A -Foreign 28450; Philipp Reclam jun.
389 926 279 49 (35-14418)

309 1027 209 67 Miller,
545 1029 238 64 Dayton
812 1030 293 61 Clarence,
1137 1035 169 50 1866-

378 1104 317 54 Anecdotal
729 1105 220 69 history
982 1105 65 54 of
1078 1106 96 53 the
1205 1106 212 53 science
1452 1105 65 54 of
1548 1107 181 52 sound
1761 1113 59 46 to
1854 1107 94 52 the
1982 1105 314 70 beginning

308 1182 1988 70 of the 20th century, by Dayton Clarence Miller … New York,
308 1260 122 53 The
456 1260 335 54 Macmillan
821 1278 297 51 company,
1152 1263 150 52 1935.

382 1332 1747 50 xii p., 1 l., 114 p. front., illus.. xv pl. (incl. ports.) diagr. 22cm.
381 1389 41 39 A
453 1391 265 40 somewhat
748 1390 242 47 amplified
1021 1390 127 41 form
1180 1391 51 40 of
1263 1392 82 39 the
1376 1390 217 41 author’s
1624 1392 201 39 address
1859 1390 242 42 delivered
2136 1394 51 38 at
2217 1391 80 40 the

310 1444 167 48 eighth
499 1447 211 47 meeting
730 1446 53 41 of
806 1447 80 41 the
912 1447 278 41 Acoustical
1213 1447 182 47 society
1421 1448 52 40 of
1494 1447 237 46 America,
1758 1449 52 40 at
1834 1449 80 40 the
1940 1447 282 49 University
2245 1448 54 41 of

311 1501 243 49 Michigan
580 1503 50 40 in
652 1502 280 53 November,
960 1502 127 43 1932.
1148 1503 61 47 cf.
1233 1503 130 45 Pref.

381 1559 372 49 Bibliography:
786 1569 42 39 p.
862 1559 214 42 101-107.

312 1614 53 52 ©
390 1618 119 46 Aug.
538 1619 68 46 13,
634 1618 141 47 1935;
804 1619 65 39 2c.
898 1620 94 38 and
1019 1618 82 40 aff.
1129 1619 118 47 Aug.
1276 1619 81 46 14;
1388 1619 41 38 A
1453 1618 170 48 85496;
1653 1620 282 39 Macmillan
1961 1630 68 30 co.

391 1673 279 48 (35-14519)

311 1776 226 68 [Miller,
569 1778 221 54 Robert
820 1777 311 69 Wickliffe]
1172 1784 171 50 1900-

378 1854 176 68 Hula,
595 1855 175 53 dance
811 1855 63 54 of
915 1856 95 53 the
1051 1856 244 53 Islands.
1373 1856 314 67 Honolulu,
1728 1856 249 66 Hawaii,
2016 1856 122 53 The
309 1855 1964 130 Hawaiian
546 1933 189 52 school
765 1933 64 54 of
856 1934 136 53 hula
1023 1933 249 67 dancing
1322 1937 178 63 [c1935]

379 2005 55 40 64
461 2016 42 37 p.
532 2005 110 41 inch
668 2006 138 40 front.
848 2005 171 49 (port.)
1056 2006 127 40 illus.
1241 2006 114 40 23cm.

378 2063 141 48 Maps
548 2073 62 30 on
635 2061 361 50 lining-papers.

380 2119 259 40 Foreword
664 2119 194 48 signed:
885 2119 56 41 R.
965 2120 72 40 W.
1062 2120 62 39 M.
1155 2117 41 51 (i.
1225 2129 36 30 e.
1288 2119 184 41 Robert
1497 2119 71 41 W.
1595 2118 176 51 Miller]

383 2175 315 49 Advertising
722 2178 179 38 matter
918 2187 9 29 :
958 2187 42 37 p.
1029 2176 155 40 61-63.

314 2229 53 53 ©
398 2232 116 48 July
545 2233 40 47 5,
618 2232 141 46 1935;
793 2233 68 39 2c.
892 2234 95 38 and
1018 2232 81 40 aff.
1134 2233 118 47 July
1282 2232 82 46 24;
1400 2232 44 43 A
1472 2232 170 47 85142;
1678 2232 182 40 Robert
1892 2231 50 41 L.
1976 2231 196 41 Lukens
2203 2232 96 40 and

384 2290 179 40 Robert
587 2291 72 38 W.
682 2289 175 48 Miller,
882 2288 261 41 Honolulu.
1214 2289 280 47 (35-14364)

312 2379 182 64 Nebe,
523 2379 188 53 Klaus
738 2380 322 54 Hermann.

381 2454 291 69 Schippen
707 2454 342 54 aufnehmen
1070 2454 10 53 !
1153 2456 91 52 Im
1276 2454 443 68 gleichschritt—
1740 2456 220 51 marsch
1981 2454 12 53 !
2064 2455 114 52 Ein
310 2473 1963 113 roman
485 2552 129 34 vom
658 2531 413 68 arbeitsdienst,
1115 2551 109 34 von
1267 2533 183 52 Klaus
1492 2533 297 52 Hermann
1828 2532 169 53 Nebe.
309 2533 1964 143 Braunschweig
604 2615 121 62 [etc.]
760 2609 69 55 G.
858 2609 395 55 Westermann
1288 2612 193 64 [c1934]

380 2683 358 48 181 p. 18 ½ cm.
316 2734 1966 108 © Sept. 30, 1934; 1c. Apr. 26, 1935; A -Foreign 27779; Georg Westermann. (35-14548)
312 2884 195 52 North
542 2889 255 49 western
830 2891 282 61 reporter;
1148 2902 150 35 cases
1332 2883 213 68 argued
1579 2883 113 52 and
1727 2882 348 53 determined
2110 2881 60 52 in
2203 2881 95 52 the

383 2969 186 46 courts
601 2963 63 54 of
697 2964 175 64 Iowa,
906 2963 313 66 Michigan,
1252 2963 339 63 Minnesota,
1624 2960 309 65 Nebraska,
1964 2960 186 53 North
383 2960 1889 146 Dakota,
581 3041 180 54 South
802 3040 245 65 Dakota,
1083 3040 340 65 Wisconsin,
1462 3038 140 52 with
1641 3038 107 67 key
1788 3038 238 52 number
379 3043 1893 128 annotations.
618 3119 225 51 volume
876 3120 116 50 260.
1034 3119 344 65 May-June,
1417 3119 148 51 1935.
1641 3116 81 54 St.
1761 3117 165 65 Paul,
1960 3116 160 54 West
384 3114 1888 148 publishing
624 3215 97 47 co.,
750 3199 147 51 1935.

383 3267 97 48 xiv,
508 3268 113 40 1014
647 3278 43 37 p.
748 3267 116 40 26cm.

317 3320 53 53 ©
399 3325 119 48 Aug.
551 3325 69 47 12,
651 3323 113 41 1935;
824 3324 66 39 2c.
922 3325 96 38 and
1050 3323 81 40 aff.
1169 3324 127 47 Sept.
1330 3322 58 39 12;
1447 3323 40 38 A
1520 3321 144 41 85928;
1724 3322 137 40 West
1890 3321 106 48 pub.
2032 3331 67 30 co.

313 3468 212 56 Pacific
551 3475 269 62 reporter.
888 3470 217 54 Second
1132 3470 182 52 series.
1378 3469 166 53 Cases
1571 3468 212 66 argued
1811 3467 111 52 and
1948 3463 345 56 determined

383 3546 61 54 in
471 3549 99 51 the
596 3553 187 48 courts
813 3547 63 53 of
906 3547 268 65 Arizona,
1205 3545 341 66 California,
1578 3545 297 65 Colorado,
1906 3543 201 65 Idaho,
386 3543 1885 146 Kansas,
541 3626 294 64 Montana,
885 3625 253 65 Nevada,
1188 3626 137 51 New
1372 3624 239 64 Mexico,
1662 3622 337 64 Oklahoma,
2051 3620 242 67 Oregon,

385 3703 175 65 Utah,
586 3702 397 67 Washington,
1008 3701 326 68 Wyoming,
1360 3701 138 52 with
1522 3700 108 67 key
1655 3700 236 52 number
1918 3699 357 51 annotations.

385 3779 222 52 volume
641 3783 65 47 43
740 3778 126 66 (2d)
908 3780 155 64 May,
1101 3783 147 47 1935.
1324 3777 81 53 St.
1440 3777 165 66 Paul,
1638 3779 158 51 West
1829 3776 333 67 publishing
2198 3792 94 45 co.,

390 3859 148 50 1935.

386 3928 96 47 xvi,
509 3927 113 40 1231
651 3939 42 36 p.
748 3927 116 41 26cm.

319 3981 53 52 ©
398 3985 119 47 Aug.
542 3984 40 47 4,
610 3983 139 47 1935;
779 3984 67 40 2c.
874 3985 93 38 and
995 3983 81 40 aff.
1109 3983 125 47 Sept.
1264 3982 80 47 12;
1375 3983 40 38 A
1442 3981 167 46 85930;
1640 3982 133 39 West
1801 3979 106 48 pub.
1937 3990 67 30 co.
