2568 4342
1389 4073 63 48 80

779 552 60 5 CONTENTS.—
841 540 47 30 v.
916 528 39 42 1.
987 529 462 48 Descriptive-word
1473 530 269 41 index.—v.
1771 529 41 42 2.
1843 531 585 49 Abandonment-Appeal

435 586 95 40 and
555 597 146 29 error.
756 585 208 42 492.—v.
989 587 42 41 3.
1057 587 185 47 Appeal
1269 588 94 38 and
1389 597 149 30 error.
1591 586 89 41 493
1704 590 52 38 to
1779 589 211 39 end.—v.
2017 587 42 42 4.
2087 589 345 48 Appearance-

434 644 328 48 Bankruptcy.

437 696 51 52 ©
521 701 110 39 Dec.
662 701 70 42 31,
762 699 143 48 1934;
936 701 66 39 2c.
1037 701 118 39 each
1186 699 110 41 Jan.
1328 700 70 47 21,
1431 699 141 48 1935;
1608 700 107 41 affs.
1749 701 108 40 Jan.
1890 700 82 48 24;
2007 702 40 40 A
2080 700 345 50 80145-80148;

504 757 134 41 West
664 758 107 47 pub.
801 767 66 31 co.
939 756 250 50 (35-1653)

433 846 260 64 Weston,
722 845 220 65 Sidney
968 846 243 64 Adams,
1243 846 172 55 1877-

433 922 1966 147 Disco vering Jesus, by Sidney A. Weston … Boston, Chicago,
618 1001 807 69 The Pilgrim press [ c 1934]
505 1074 750 49 3 p. l., 137 p. illus. 19 ½cm .
510 1133 124 40 “Not
665 1143 28 29 a
726 1131 355 49 chronological
1112 1131 88 41 life
1232 1131 52 40 of
1313 1132 158 47 Jesus,
1502 1132 86 40 but
1621 1133 169 39 rather
1820 1141 27 30 a
1879 1131 174 48 logical
2084 1133 144 47 study
2262 1133 51 39 of
2346 1135 79 38 the

435 1189 317 48 outstanding
778 1190 220 40 features
1027 1190 52 39 of
1106 1189 77 40 his
1213 1188 191 41 life.”—
1407 1200 42 37 p.
1480 1189 38 43 1.

436 1244 51 51 ©
520 1249 111 38 Dec.
659 1246 69 45 20,
760 1245 114 42 1934;
934 1247 65 39 2c.
1034 1247 107 39 Jan.
1174 1248 40 45 7,
1248 1245 113 41 1935;
1424 1246 81 41 aff.
1540 1247 109 39 Jan.
1682 1247 29 40 8;
1769 1247 45 39 A
1841 1245 143 42 78897;
2049 1247 44 40 S.
2126 1247 53 39 A.
2213 1248 212 47 Weston,

502 1305 196 39 Boston.
770 1304 220 48 (35-762)

432 1393 230 65 Wheat,
691 1393 199 53 Frank
917 1392 242 57 Merrill.

501 1468 1860 70 Everyday problems in health [by] Frank Merrill Wheat …
454 1546 1944 70 [and] Elizabeth T. Fitzpatrick … New York, Cincinnati [etc.]
430 1623 305 56 American
759 1626 146 53 book
930 1643 279 50 company
1241 1660 13 33 [
1258 1632 18 21 c
1281 1630 151 63 1935]

501 1697 62 49 vi,
591 1698 87 41 456
704 1708 43 38 p.
806 1698 143 48 illus.,
976 1709 77 38 pl.,
1082 1698 178 48 diagrs.
1321 1697 56 42 19
1379 1700 44 22 cm
1427 1729 9 9 .

503 1754 346 41 “References”
876 1758 52 37 at
954 1756 92 39 end
1069 1754 53 41 of
1146 1755 202 47 chapter
1374 1753 69 42 28.

433 1810 1974 108 © Jan. 2, 1935; 2c. Jan. 12; aff. Jan. 4; A 79012; Amer, book co. [Copyright
663 1870 42 39 is
737 1870 205 40 claimed
976 1880 63 29 on
1070 1871 208 47 changes
1312 1871 96 38 and
1443 1869 271 40 additional
1749 1870 202 47 chapter
1985 1880 62 30 on
2081 1868 241 49 “Alcohol,
499 1873 1908 94 tobacco
673 1928 92 39 and
797 1928 137 39 other
965 1926 191 50 drugs”]
1228 1926 250 50 (35-1253)

427 2014 573 68 Wheeler-Bennett,
1029 2017 155 54 John
1213 2016 287 65 Wheeler,
1534 2021 170 50 1902-

498 2092 123 53 The
653 2092 137 68 pipe
820 2093 194 52 dream
1048 2092 65 54 of
1144 2111 196 50 peace;
1378 2092 96 53 the
1505 2098 160 63 story
1698 2091 65 54 of
1797 2092 96 52 the
1926 2091 247 68 collapse
2207 2089 65 55 of
428 2091 1968 147 disarmament,

791 2168 1627 70 by John W. Wheeler-Bennett … New York, W.
425 2246 250 54 Morrow
701 2249 47 50 &
773 2264 297 51 company,
1099 2249 150 51 1935.

495 2318 669 49 xvi p., 1 l., 302 p. 22½ cm .
498 2374 146 42 “This
680 2375 123 40 book
841 2375 123 40 aims
1004 2378 53 39 at
1094 2376 142 47 being
1275 2386 61 29 an
1377 2376 204 39 account
1618 2375 52 40 of
1709 2376 81 39 the
1831 2375 193 47 general
2069 2373 350 42 disarmament

429 2431 282 41 conference
737 2432 159 39 which
920 2434 181 45 opened
1126 2444 58 28 on
1212 2432 92 40 2nd
1331 2432 263 46 February,
1622 2430 348 41 3932.”—Pref.

429 2486 51 51 ©
513 2490 108 39 Jan.
654 2490 39 47 9,
725 2489 112 41 1935;
897 2490 66 40 2c.
994 2492 95 38 and
1122 2489 79 42 aff.
1236 2491 108 40 Jan.
1377 2491 54 38 11;
1493 2491 42 38 A
1566 2489 146 41 79136;
1771 2491 42 39 J.
1847 2491 71 39 W.
1952 2490 465 48 Wheeler-Bennett,

495 2548 210 38 London.
776 2547 248 48 (35-1107)

427 2619 327 68 Whitbeck,
781 2624 131 63 Ray
936 2623 266 65 Hughes,
1233 2627 171 50 1871-

497 2696 1918 71 Economic geography, by R. H. Whitbeck … and V. C.
424 2771 1991 73 Finch … 3d ed. New York and London, McGraw-Hill book
424 2868 298 52 company,
747 2853 128 68 inc.,
904 2856 150 50 1935.

529 2953 8 15 x,
563 2923 85 41 565
671 2934 43 38 p.
775 2925 127 40 illus.
933 2925 132 48 (incl.
1092 2926 161 47 maps)
1289 2925 179 47 diagrs.
1528 2923 55 40 23½
1616 2926 44 22 cm
1665 2956 10 10 .

496 2979 346 42 “References”
877 2984 53 38 at
961 2983 92 39 end
1087 2982 53 41 of
1171 2982 119 41 each
1325 2983 202 46 chapter
1559 2982 170 47 except
1762 2982 81 39 the
1875 2980 133 48 first;
2048 2979 236 42 “General
424 2990 1947 86 references”;
703 3047 42 37 p.
772 3036 216 43 534-537.

431 3090 52 50 ©
515 3095 106 39 Jan.
654 3094 40 48 2,
725 3094 139 48 1935;
898 3095 65 41 2c.
997 3096 110 40 Jan.
1138 3099 53 44 4;
1227 3097 79 40 aff.
1342 3098 108 38 Jan.
1485 3096 52 47 8;
1571 3097 42 38 A
1643 3094 169 49 78919;
1849 3096 55 40 R.
1939 3097 58 38 H.
2031 3095 257 41 Whitbeck
2320 3097 95 38 and

497 3151 52 39 V.
616 3182 8 6 C.
654 3151 165 47 Finch,
847 3152 236 49 Madison,
1111 3153 115 40 Wis.
1298 3153 250 48 (35-1100)

428 3223 152 66 Why
610 3243 146 36 wars
785 3233 152 47 must
967 3246 170 50 cease,
1166 3229 74 67 by
1276 3229 198 56 Carrie
1507 3229 299 66 Chapman
1839 3229 152 64 Catt,
2022 3230 137 52 Mrs.

493 3225 1896 129 Franklin
614 3303 72 52 D.
723 3305 317 67 Roosevelt,
1078 3307 146 53 Jane
1263 3306 276 66 Addams,
1577 3306 192 65 Judge
1807 3306 274 52 Florence
2116 3305 70 51 E.
2223 3303 188 64 Allen,

495 3377 138 55 Mrs.
672 3380 148 54 Wm.
861 3382 211 52 Brown
1110 3383 280 66 Meloney,
1430 3384 103 51 Dr.
1574 3382 161 52 Alice
1776 3381 321 66 Hamilton,
2136 3380 169 65 Mary
2342 3380 68 51 E.

496 3455 276 67 Woolley,
824 3457 272 55 Florence
1147 3460 229 52 Brewer
1427 3459 261 66 Boeckel,
1737 3459 197 65 Emily
1983 3458 216 52 Newell
2249 3457 164 53 Blair

519 3531 129 66 [and]
689 3531 263 68 Dorothy
989 3534 258 55 Canfield
1284 3537 231 65 Fisher;
1552 3537 148 53 Rose
1737 3535 226 65 Young,
1999 3535 200 52 editor.
2271 3535 136 52 New

496 3605 177 68 York,
705 3609 121 52 The
855 3608 333 55 Macmillan
1220 3631 294 47 company,
1551 3616 148 49 1935.

494 3679 677 49 xiv p., 1 l., 156 p. 19½ cm .
497 3733 127 42 “The
651 3734 231 41 National
909 3737 273 41 committee
1209 3750 60 28 on
1296 3740 81 40 the
1405 3749 144 31 cause
1576 3740 95 39 and
1700 3750 111 30 cure
1839 3740 51 39 of
1915 3748 114 36 war,
2060 3750 59 28 on
2148 3739 96 39 this
2270 3740 135 39 tenth

425 3789 320 49 anniversary
778 3792 52 40 of
862 3792 64 40 its
959 3791 256 50 existence,
1249 3795 155 41 issues
1436 3796 99 39 this
1569 3795 501 41 book.”—Foreword.

495 3845 347 50 Bibliography
867 3851 52 37 at
946 3849 91 39 end
1065 3849 51 40 of
1141 3860 129 30 some
1297 3851 52 39 of
1373 3852 81 40 the
1481 3852 238 47 chapters.

429 3900 1983 55 © Jan. 22, 1935; 2c. and aff. Jan. 23; A 79335; Carrie Chapman Catt for
495 3962 81 38 the
605 3961 117 39 Natl.
765 3961 275 40 committee
1069 3973 59 28 on
1160 3963 83 38 the
1273 3973 143 29 cause
1449 3965 94 38 and
1576 3975 112 28 cure
1719 3964 51 41 of
1801 3974 116 38 war,
1949 3965 120 40 New
2097 3963 143 40 York.

504 4017 247 48 (35-1766)
