2424 4375
1234 4065 135 49 1240

404 510 63 47 vi,
494 509 86 41 253
606 522 44 37 p.
708 511 56 40 23½
798 514 45 22 cm
845 544 10 9 .

406 565 68 39 “A
502 567 188 50 reprint
715 568 53 41 of
794 570 196 41 articles
1019 568 129 44 from
1176 571 240 43 Teachers
1443 574 177 49 college
1649 575 167 42 record
1848 574 274 51 [1928-1929;
2181 577 142 43 1932-

332 621 162 51 1935]”

405 678 77 43 “It
510 680 43 41 is
581 682 82 41 the
691 692 206 39 purpose
927 683 53 41 of
1006 684 81 41 the
1116 685 193 41 writers
1339 688 52 39 to
1416 686 226 43 continue
1671 688 83 42 the
1782 689 198 42 articles
2009 701 58 30 on
2098 693 145 47 study
2272 692 49 41 in

333 734 167 44 future
525 738 154 41 issues
705 740 52 40 of
779 740 81 41 the
884 739 239 43 Teachers
1151 742 177 49 college
1354 743 547 44 record.”—Foreword.

405 792 68 40 “A
502 794 182 50 partial
712 795 335 50 bibliography
1078 809 58 30 on
1166 797 174 50 study”;
1397 811 42 37 p.
1469 800 145 41 17-44;
1672 799 67 41 “A
1766 804 393 48 supplementary
333 801 1969 102 bibliography

575 863 60 30 on
659 851 173 49 study”;
886 865 45 37 p.
956 854 202 41 134-151;
1214 854 68 40 “A
1307 856 134 40 third
1466 856 335 52 bibliography
1826 871 59 30 on
1911 860 172 47 study”;
2139 873 43 37 p.
2208 862 109 41 217-

331 906 100 43 230.

332 962 53 53 ©
415 967 119 48 July
559 967 71 47 22,
661 966 113 42 1935;
834 967 66 41 2c.
928 967 121 49 Aug.
1081 968 83 47 21;
1199 968 80 41 aff.
1315 970 119 48 Aug.
1468 972 82 46 17;
1584 972 45 43 A
1654 971 169 50 86015;
1857 974 239 41 Teachers
2130 976 190 48 college,

400 1024 252 40 Columbia
679 1022 130 44 univ.
879 1024 280 49 (35-15581)

334 1113 364 65 Woodward,
729 1112 341 66 Hildegard.

399 1187 307 71 Everyday
765 1186 271 71 children,
1097 1189 75 69 by
1230 1188 325 71 Hildegard
1614 1190 360 57 Woodward.
2064 1194 255 71 London,

329 1262 1536 77 New York [etc.] Oxford university press [ c 1935]
414 1339 677 51 [48] p. illus. 18½ × 18½ cm .
398 1396 228 41 “Printed
654 1397 48 40 in
730 1398 83 39 the
836 1396 177 42 United
1042 1399 161 40 States
1233 1398 51 40 of
1309 1398 265 42 America.”

332 1449 53 53 ©
413 1455 127 47 Sept.
566 1453 40 49 5,
631 1452 116 44 1935;
799 1454 67 41 2c.
895 1455 128 48 Sept.
1046 1454 53 40 12;
1156 1455 83 41 aff.
1269 1457 127 47 Sept.
1424 1456 58 41 26;
1537 1457 41 39 A
1604 1457 145 42 86260;
1801 1458 187 42 Oxford
2014 1458 130 42 univ.
2170 1468 149 42 press,

394 1510 117 41 New
542 1512 144 46 York,
719 1511 91 40 inc.
880 1510 280 51 (35-15459)

328 1599 196 63 Work,
554 1601 237 63 Ernest,
824 1602 169 53 1877-

397 1673 294 70 Ethiopia,
723 1695 32 33 a
787 1694 165 50 pawn
985 1675 60 55 in
1078 1678 306 67 European
1416 1677 342 71 diplomacy,
1789 1680 75 67 by
1897 1681 205 53 Ernest
2137 1682 176 54 Work

333 1795 58 11 …
468 1753 138 53 New
636 1754 276 68 Concord,
941 1754 86 68 O.,
1055 1757 122 51 The
1203 1755 206 54 author
1462 1761 151 63 [1935]

397 1824 1527 53 xii p., 1 l., 354 p. front. (port.) maps (1 fold.) 22½ cm .
400 1882 348 50 Bibliography;
807 1894 44 37 p.
878 1883 219 43 341-348.

331 1936 56 54 ©
416 1941 120 47 Aug.
570 1940 71 50 24,
674 1939 141 49 1935;
849 1941 67 41 2c.
952 1941 95 41 and
1084 1940 82 42 aff.
1202 1943 119 47 Aug.
1359 1942 81 48 30;
1478 1944 41 38 A
1551 1943 170 47 85690;
1760 1945 53 40 E.
1849 1944 162 50 Work,
2046 1945 117 41 New
393 1942 1905 107 Concord,

552 1997 52 41 O.
674 1997 279 50 (35-15133)

326 2072 292 66 Wratten,
649 2072 242 55 Harriet
920 2073 72 56 A.

393 2148 75 54 Jo
504 2148 168 55 Anne
703 2149 141 54 lives
877 2150 149 67 here,
1059 2155 158 62 story
1250 2151 75 67 by
1358 2149 241 55 Harriet
1629 2150 73 53 A.
1735 2151 292 68 Wratten;
2064 2151 244 70 pictures

326 2226 75 68 by
436 2226 171 53 Edna
641 2223 250 72 Billings
932 2270 55 10 …
1065 2227 271 69 Chicago,
1372 2227 70 54 A.
1476 2227 299 57 Whitman
1809 2231 46 51 &
1890 2247 97 48 co.,
2024 2233 151 51 1935.

398 2299 84 50 [64]
511 2310 44 38 p.
584 2299 110 42 incl.
723 2298 163 50 front.,
914 2300 129 41 illus.
1102 2299 57 42 26½
1190 2302 16 20 cm
1238 2332 11 10 .

393 2355 288 42 Illustrated
723 2355 360 50 lining-papers.

394 2412 202 42 “Junior
627 2422 135 40 press
794 2412 191 42 books.”

324 2467 53 53 ©
402 2471 117 47 Aug.
550 2472 38 45 1,
617 2468 140 48 1935;
786 2469 68 41 2c.
884 2470 128 47 Sept.
1037 2468 82 47 16;
1149 2468 82 42 aff.
1263 2470 128 46 Sept.
1421 2469 82 47 13;
1535 2469 41 39 A
1604 2469 169 48 87006;
1801 2471 172 41 Albert
1997 2469 247 42 Whitman
2272 2473 35 40 &

390 2538 67 30 co.
528 2523 280 53 (35-16049)

320 2600 315 66 Xantippe,
663 2600 195 68 pseud.

388 2676 190 54 Death
616 2674 221 57 catches
876 2694 80 49 up
994 2676 140 53 with
1174 2676 112 53 Mr.
1325 2675 210 69 Kluck,
1571 2676 77 68 by
1686 2674 316 69 Xantippe.
2078 2675 227 57 Garden

321 2752 154 70 City,
521 2754 70 53 N.
639 2752 89 69 Y.,
773 2753 143 53 Pub.
962 2752 95 55 for
1099 2753 97 55 the
1241 2752 192 56 Crime
1476 2753 144 69 club,
1665 2752 126 69 inc.,
1835 2754 76 67 by
1955 2752 350 69 Doubleday,

319 2830 756 69 Doran & co., inc. [ c 1935]
392 2902 632 52 5 p. l., 305, [1] p. 20cm.
392 2960 163 41 “First
586 2958 226 43 edition.”

322 3012 53 53 ©
401 3017 115 47 July
540 3015 69 48 19,
636 3016 140 47 1935;
802 3016 67 40 2c.
892 3017 96 39 and
1014 3015 82 40 aff.
1123 3016 120 47 Aug.
1270 3014 83 48 29;
1382 3016 41 39 A
1448 3016 169 47 85763;
1642 3016 299 48 Doubleday,
1968 3017 167 40 Doran
2161 3017 38 40 &
2222 3023 78 41 co.,

390 3072 91 41 inc.
551 3072 280 50 (35-15165)

322 3146 254 65 Zinsser,
607 3148 185 63 Hans,
824 3149 170 54 1878-

388 3223 56 50 A
483 3221 268 56 textbook
791 3222 63 53 of
894 3220 402 70 bacteriology,
1338 3223 140 52 with
1523 3241 29 33 a
1598 3222 209 54 section
1850 3240 73 36 on
1965 3221 333 70 pathogenic

318 3305 295 62 protozoa;
651 3301 97 53 the
782 3300 351 67 application
1168 3298 64 56 of
1265 3296 379 71 bacteriology
1680 3297 110 54 and
1825 3298 385 68 immunology
2244 3303 52 46 to

317 3376 95 53 the
444 3376 264 69 etiology,
743 3374 303 70 diagnosis,
1078 3374 222 72 specific
1333 3376 242 69 therapy
1608 3375 112 53 and
1753 3374 333 70 prevention
2120 3375 64 55 of
319 3373 1954 138 infectious

599 3451 257 69 diseases,
896 3453 94 52 for
1031 3454 255 53 students
1330 3454 112 53 and
1485 3452 398 71 practitioners
1924 3452 63 53 of
2029 3450 265 56 medicine

317 3530 113 53 and
466 3528 192 69 public
689 3530 211 67 health,
934 3530 74 69 by
1043 3530 165 52 Hans
1244 3529 220 55 Zinsser
1504 3573 58 11 …
1604 3529 110 53 and
1753 3530 291 68 Stanhope
316 3526 1975 138 Bayne-Jones

529 3650 56 10 …
637 3607 332 67 (rewritten,
1004 3626 111 34 rev.
1154 3607 111 53 and
1300 3607 169 68 reset)
1515 3607 140 54 with
1693 3604 100 55 174
1828 3607 375 53 illustrations
2239 3602 51 54 in

315 3682 95 54 the
444 3688 134 48 text.
653 3682 98 55 7th
786 3683 85 54 ed.
944 3682 136 55 New
1118 3681 177 70 York,
1329 3682 257 70 London,
1620 3682 71 53 D.
1727 3681 563 72 Appleton-Century

316 3776 293 51 company,
637 3758 396 70 incorporated
1067 3794 14 34 [
1085 3767 18 22 c
1108 3761 132 51 1935
1246 3793 13 35 ]

387 3831 1089 51 xix p., 1 l., 1226 p. illus., diagrs. 24cm.
386 3884 1849 52 “References” at end of each chapter except chapters XX and LXXIV.
319 3940 54 52 ©
395 3945 120 47 Aug.
540 3944 69 47 30,
635 3944 141 48 1935;
803 3946 67 39 2c.
896 3945 127 48 Sept.
1049 3945 53 47 6;
1131 3945 82 41 aff.
1244 3946 126 47 Sept.
1400 3946 52 46 7;
1481 3946 40 38 A
1545 3944 168 48 86211;
1742 3946 56 40 D.
1826 3944 462 50 Appleton-Century

387 4011 82 36 co.,
500 4002 89 39 inc.
658 4000 255 50 (35-16033)
