2424 4375
1238 4052 100 53 728

313 442 164 52 West
507 442 272 64 Virginia
809 443 110 52 and
950 444 180 55 South
1159 449 219 48 eastern
1408 444 202 68 digest,
1640 446 266 69 covering
1934 449 77 51 all
2041 467 147 34 cases
382 468 1894 118 reported
611 521 61 50 in
697 523 159 52 West
884 521 267 66 Virginia
1179 528 239 61 reports,
1448 521 181 55 South
1658 529 218 47 eastern
1905 533 256 59 reporter
2190 527 110 50 and

383 598 227 52 various
648 603 224 62 reports
904 599 63 52 of
1003 600 167 51 south
1206 604 220 47 eastern
1462 605 172 48 states
1671 600 152 54 from
1860 602 227 53 earliest
2121 602 180 69 times,

382 676 1918 146 with current cumulative pocket service keeping the digest always to date … By the publisher’s editorial staff. Volumes
385 833 1399 68 13-18. St. Paul, West publishing co. [ c 1935]
381 905 29 40 6
431 916 42 29 v.
533 904 55 41 26
589 906 47 28 pm
640 936 10 8 .

384 976 72 41 On
482 985 168 31 cover:
677 975 113 42 1863
818 977 51 39 to
891 976 128 40 date.

384 1033 133 48 “Key
544 1033 204 40 number
777 1032 221 48 system.”

311 1101 1972 107 CONTENTS. — v. 13. Easements-Estates tail. — v. 14. Estoppel-Exchanges.—v. 15. Execution-Executors and administrators.—v. 16.
310 1164 1973 101 Exemptions-Guaranty.
867 1240 60 5 —
942 1229 44 28 v.
1039 1216 74 41 17.
1162 1216 250 41 Guardian
1464 1218 97 40 and
1610 1216 431 43 ward-Homieide.
2060 1240 60 7 -—
2135 1231 47 29 v.
2231 1220 69 42 18.

309 1274 583 48 Hospitals-Injunction.

311 1356 42 29 v.
385 1345 157 47 13-15,
573 1342 52 52 ©
654 1346 120 39 Mar.
805 1346 68 48 15,
905 1344 140 47 1935;
1078 1356 41 29 v.
1155 1345 68 47 16,
1257 1346 68 45 17,
1357 1341 52 52 ©
1441 1345 121 40 Mar.
1593 1346 81 46 27;
1706 1357 40 29 v.
1778 1346 69 47 18,
1879 1343 52 52 ©
1965 1346 120 40 Mar.
2116 1346 58 40 28;
2232 1347 64 39 2c.

379 1404 120 39 each
523 1404 95 39 and
643 1402 107 40 affs.
777 1403 112 47 Apr.
914 1401 83 48 26;
1024 1403 40 38 A
1092 1401 317 42 82698-82703;
1465 1403 138 40 West
1625 1403 108 48 pub.
1762 1413 66 30 co.

309 1506 270 52 Western
609 1505 257 65 surgical
893 1505 376 56 association.

377 1582 206 53 Names
629 1583 63 53 of
735 1582 248 66 surgical
1029 1583 341 65 operations,
1416 1583 278 64 compiled
1740 1583 111 52 and
1898 1582 274 64 arranged
2226 1584 66 63 by

307 1657 1988 145 the Western surgical association through its special committee; edited by Carl E. Black … Saint Paul, Minn., Bruce
310 1813 331 66 publishing
672 1831 294 48 company,
997 1815 150 51 1935.

375 1884 99 49 xxi,
503 1884 85 42 102
616 1885 54 49 (i.
697 1896 37 30 e.
762 1885 108 48 110)
907 1896 44 38 p.
1010 1883 57 41 23
1069 1887 44 21 cm
1116 1917 8 9 .

375 1952 234 44 Contains
638 1955 148 41 blank
811 1965 147 40 pages
985 1955 79 41 for
1096 1953 385 44 “Memoranda”.

307 2024 52 52 ©
387 2028 122 39 Mar.
536 2027 70 48 28,
634 2026 141 48 1935;
805 2026 67 41 2c.
901 2027 99 39 and
1028 2026 81 40 aff.
1144 2027 112 47 Apr.
1287 2026 82 47 19;
1402 2027 41 38 A
1471 2026 169 47 82554;
1672 2027 220 40 Western
1924 2026 210 48 surgical
2166 2037 125 31 assn.

372 2083 264 50 (35-7886)

308 2184 1983 70 Who’s who in the major leagues … [Chicago, B. E. Callahan,
373 2272 18 21 c
396 2268 132 51 1935]

374 2339 28 38 2
424 2351 41 27 v.
491 2339 49 38 in
566 2339 39 39 1.
658 2340 163 46 ports.,
850 2338 152 48 diagr.
1056 2337 146 41 23½cm.

307 2409 197 41 Editor:
531 2408 127 48 1935,
683 2409 188 40 Harold
895 2409 229 40 Johnson.

374 2465 263 41 Half-title.
702 2463 232 43 Contains
968 2468 95 38 two
1099 2465 160 47 books,
1296 2465 161 40 Who’s
1491 2466 108 39 who
1632 2465 47 39 in
1717 2465 80 40 the
1832 2464 253 40 American
2122 2465 166 48 league

303 2523 95 39 and
430 2522 161 40 Who’s
621 2523 110 39 who
759 2523 48 38 in
839 2523 80 40 the
950 2521 229 41 National
1213 2522 180 48 league,
1423 2523 117 39 each
1571 2521 118 40 with
1720 2521 178 48 special
1931 2527 95 42 t.-p.
2058 2522 92 38 and
2185 2522 102 40 also

302 2580 162 41 issued
497 2581 288 47 separately.

305 2647 52 52 ©
385 2652 122 38 Mar.
537 2652 38 46 1,
604 2651 140 45 1935;
775 2651 65 38 2c.
872 2651 94 38 and
995 2649 82 41 aff.
1107 2651 120 37 Mar.
1258 2649 82 47 22;
1370 2649 41 39 A
1442 2647 168 48 82034;
1644 2650 220 38 Bernard
1894 2648 209 40 Edward
372 2648 1898 99 Callahan.
553 2706 249 47 (35-7879)

304 2806 203 65 Wiley,
539 2808 221 54 Carroll
788 2810 239 60 Carson,
1060 2813 169 49 1884-

371 2885 321 66 Principles
753 2884 63 54 of
874 2884 272 67 highway
1206 2883 383 67 engineering,
1648 2884 75 65 by
1784 2883 224 54 Carroll
2070 2881 216 56 Carson

301 2958 1986 147 Wiley … 2d ed. New York and London, McGraw-Hill book company, inc., 1935.
370 3109 97 50 xiv,
496 3111 84 40 542
607 3121 45 38 p.
710 3110 142 48 illus.,
882 3110 178 49 diagrs.
1120 3109 54 40 23½
1208 3111 43 21 cm
1256 3142 10 8 .

303 3177 52 52 ©
382 3181 111 48 Apr.
525 3181 69 47 24,
623 3179 112 41 1935;
795 3180 65 39 2c.
890 3180 112 47 Apr.
1032 3179 81 46 25;
1148 3179 81 39 aff.
1258 3179 112 48 Apr.
1400 3179 82 47 27;
1515 3179 41 38 A
1586 3178 169 47 81610;
1787 3176 348 42 McGraw-Hill
2162 3177 123 40 book

372 3248 80 37 co.,
477 3237 90 40 inc.
638 3236 228 49 (35-7875)

301 3351 285 67 Wilhelm,
615 3354 220 53 Robert
863 3356 223 62 Mason,
1120 3359 169 49 1889-
1499 3353 83 52 ed.

371 3431 125 66 Tag
535 3433 224 50 manual
803 3431 92 52 for
934 3434 310 64 inspectors
1285 3429 63 53 of
1385 3431 332 66 petroleum,
1754 3428 189 53 edited
1981 3427 76 67 by
2093 3427 71 52 R.
2201 3425 79 52 M.

305 3506 282 53 Wilhelm.
652 3508 105 52 23d
787 3508 85 52 ed.
935 3508 310 66 Brooklyn,
1273 3508 71 51 N.
1375 3507 90 64 Y.,
1494 3506 63 55 C.
1584 3506 56 54 J.
1671 3505 313 66 Tagliabue
2012 3503 143 67 mfg.
2184 3522 95 47 co.,

299 3588 18 23 c
321 3587 150 50 1935.

357 3653 83 39 142
466 3666 43 37 p.
539 3656 108 39 incl.
676 3656 142 41 illus..
846 3656 165 40 tables.
1071 3656 54 39 20
1130 3658 42 21 cm
1178 3687 8 7 .

372 3709 71 41 On
469 3722 166 30 cover:
663 3712 115 41 New
806 3713 94 40 and
927 3712 187 41 revised
1140 3714 85 47 tag
1248 3712 196 40 manual
1470 3711 80 41 for
1575 3710 267 49 inspectors
1869 3709 51 42 of
1945 3711 277 47 petroleum.

372 3765 230 43 Previous
641 3769 209 40 editions
887 3769 122 40 have
1047 3768 160 40 titles:
1250 3767 197 40 Manual
1488 3767 78 39 for
1605 3767 266 48 inspectors
1911 3766 51 41 of
2000 3766 276 49 petroleum,

301 3821 160 42 edited
489 3824 62 46 by
577 3823 200 41 Charles
806 3824 42 40 J.
876 3824 264 48 Tagliabue
1168 3825 94 37 and
1293 3823 115 39 New
1434 3824 95 38 and
1558 3824 187 39 revised
1773 3825 85 45 tag
1882 3822 198 40 manual
2106 3822 78 38 for
299 3822 1960 104 inspectors
539 3880 51 39 of
615 3878 278 50 petroleum,
922 3879 158 41 edited
1109 3880 60 45 by
1198 3880 52 38 K.
1281 3878 60 39 M.
1371 3879 237 39 Wilhelm.

304 3932 52 52 ©
380 3937 121 39 Mar.
524 3936 69 47 29,
616 3936 139 47 1935;
779 3935 66 41 2c.
868 3936 110 47 Apr.
1001 3936 83 46 26;
1111 3935 81 39 aff.
1216 3935 113 47 Apr.
1352 3933 83 48 24;
1461 3935 40 38 A
1526 3932 167 49 81619;
1761 3966 8 8 C.
1797 3935 42 40 J.
1865 3935 263 47 Tagliabue
371 3942 1888 99 manufacturing
685 4004 66 29 co.
822 3991 247 50 (35-7873)
