2424 4375
1038 4082 133 54 1187

173 541 644 50 xi p., 1 l., 330 p. 19½ cm .
175 612 160 41 “First
371 610 224 42 edition.”

107 680 52 53 ©
179 684 118 47 Aug.
321 682 69 48 23,
415 682 113 41 1935;
581 683 67 39 2c.
672 682 94 39 and
791 680 81 40 aff.
896 681 120 47 Aug.
1042 680 59 40 30;
1151 681 40 38 A
1216 679 112 40 85758;
1412 680 55 39 A.
1493 681 53 38 E.
1571 680 70 39 W.
1669 680 184 46 Mason,
1877 678 211 39 London.

185 739 277 49 (35-14570)

102 842 206 63 Miller,
338 842 166 54 Jane.

173 919 83 53 To
292 918 220 53 market
548 936 81 34 we
665 935 89 52 go,
789 917 77 69 by
900 917 147 54 Jane
1081 916 223 67 Miller;
1343 916 325 53 illustrated
1703 915 77 68 by
1817 915 272 53 Florence

106 998 110 51 and
256 996 295 69 Margaret
593 996 247 67 Hoopes.
918 996 233 65 Boston,
1193 994 139 52 New
1376 993 161 52 York
1603 997 121 62 [etc.]
1772 992 312 69 Houghton

104 1075 200 53 Mifflin
340 1091 278 49 company
659 1106 13 35 [
676 1080 19 21 c
699 1078 133 49 1935]

207 1142 1881 54 v, 88 p., 1 l., incl. col. front., col. illus. 19½ cm . (Half-title; Community
105 1204 85 42 life
222 1204 163 48 series,
415 1204 74 40 ed.
518 1203 62 48 by
610 1201 50 42 L.
692 1202 52 41 T.
777 1202 220 49 Hopkins
1032 1233 46 9 …
1113 1203 96 38 and
1243 1202 233 41 Lorraine
1506 1201 63 41 M.
1603 1200 198 49 Sherer)

173 1274 288 41 Illustrated
498 1274 361 48 lining-papers.

108 1343 52 53 ©
180 1348 118 46 Aug.
322 1344 68 49 19,
413 1345 114 41 1935;
579 1345 67 39 2c.
671 1344 119 47 Aug.
814 1343 57 40 23;
923 1342 81 40 aff.
1029 1344 120 46 Aug.
1172 1341 56 40 22;
1281 1343 41 38 A
1346 1342 144 41 86045;
1542 1343 44 39 J.
1612 1341 174 49 Miller,
1812 1342 279 49 Alhambra,

176 1403 143 42 Calif.
392 1401 278 50 (35-14973)

106 1504 205 65 Miller,
338 1504 254 55 William
618 1503 303 65 Anthony,
945 1503 73 66 jr.

174 1579 180 53 Block
395 1580 188 66 prints
627 1578 64 53 of
736 1579 95 53 old
878 1577 152 67 Cape
1078 1576 121 55 Cod
1244 1576 307 68 buildings,
1595 1578 75 66 by
1718 1574 257 56 William
2020 1576 71 53 A.

105 1653 1983 71 Miller, jr. 1st ed. [Yarmouth Port, Mass.] The artist [ c 1935]
175 1729 58 40 47
258 1739 43 38 p.
328 1728 109 40 incl.
464 1727 164 49 front.,
656 1728 170 48 plates.
885 1726 58 41 19½
973 1729 45 21 cm
1022 1758 8 8 .

175 1799 304 48 Descriptive
509 1799 283 47 letterpress
823 1808 60 29 on
914 1807 167 31 versos
1110 1798 168 47 facing
1306 1800 84 39 the
1419 1798 171 49 plates.

111 1869 50 53 ©
190 1874 119 46 Aug.
342 1873 38 47 5,
414 1872 139 46 1935;
587 1872 67 40 2c.
687 1873 96 38 and
814 1870 79 40 aff.
925 1872 118 46 Aug.
1077 1870 81 47 12;
1192 1871 41 38 A
1266 1870 169 47 85456;
1471 1872 71 39 W.
1575 1871 54 39 A.
1663 1871 174 47 Miller,
1871 1871 74 47 jr.,
175 1872 1902 98 Yarmouth
373 1931 129 45 Port,
535 1930 147 38 Mass.
755 1927 278 49 (35-14528)

106 2033 293 51 Missouri.
473 2033 182 65 Laws,
683 2036 255 62 statutes,
967 2036 100 47 etc.

177 2153 53 9 …
261 2109 269 53 Missouri
558 2114 255 61 statutes,
840 2108 322 53 annotated.
1225 2109 347 51 Permanent
1595 2109 85 52 ed.
1745 2112 131 49 1935
112 2127 1959 114 cumulative

308 2190 209 50 annual
542 2186 204 69 pocket
768 2192 159 62 parts
952 2186 95 53 for
1069 2188 251 50 volumes
1348 2190 131 48 1-15
1512 2229 55 9 …
1636 2185 82 55 St.
1746 2189 165 65 Paul,
1934 2190 160 53 West

112 2265 331 67 publishing
467 2282 77 35 co.;
607 2265 226 53 Kansas
862 2266 150 65 City,
1035 2266 234 52 Vernon
1292 2265 109 53 law
1428 2265 146 53 book
1599 2283 78 35 co.
1710 2299 14 33 [
1726 2273 20 20 c
1751 2269 152 63 1935]

177 2339 57 39 15
294 2370 8 7 v.
357 2338 55 39 23½
445 2340 43 21 cm
493 2368 9 8 .

183 2396 152 39 These
364 2394 274 47 pamphlets
669 2404 84 29 are
782 2396 48 37 to
861 2394 59 39 be
944 2393 138 40 fitted
1112 2393 102 40 into
1246 2395 82 39 the
1358 2395 197 47 pockets
1587 2396 51 38 at
1670 2396 80 38 the
1781 2395 122 39 back
1933 2396 53 39 of
2014 2397 85 39 the

113 2453 211 38 volumes
348 2451 53 40 of
427 2452 82 38 the
539 2452 76 38 set
637 2452 48 38 to
712 2449 159 41 which
898 2451 115 47 they
1039 2450 183 48 belong.

109 2518 57 52 ©
192 2523 117 46 Aug.
338 2521 68 46 16,
434 2521 113 40 1935;
604 2520 68 40 2c.
701 2521 118 39 each
847 2522 95 38 and
971 2520 82 39 aff.
1086 2521 128 47 Sept.
1245 2520 55 39 12;
1359 2521 40 38 A
1458 2519 116 42 85917;
1630 2521 192 39 Vernon
1850 2523 96 38 law
1975 2523 123 39 book

182 2588 65 30 co.
275 2580 97 38 and
400 2579 134 39 West
560 2578 109 47 pub.
700 2587 66 30 co.

113 2680 212 65 Moore,
355 2681 245 53 Charles
624 2680 265 65 Ulysses,
919 2684 170 52 1877-

180 2755 298 54 Nutrition
506 2756 62 52 of
595 2756 222 53 mother
845 2757 112 53 and
985 2757 170 66 child,
1182 2757 76 66 by
1286 2757 63 55 C.
1376 2758 232 65 Ulysses
1636 2758 195 53 Moore
1866 2801 57 10 …
1956 2758 138 54 with

113 2835 65 50 46
200 2833 393 54 illustrations.
651 2834 100 52 4th
773 2833 102 68 ed.,
899 2834 336 66 completely
1258 2853 114 34 rev.
1399 2836 111 51 and
1534 2834 307 53 rewritten.

116 2836 1955 141 Philadelphia and London, J. B. Lippincott company [ c 1935]
252 3014 8 14 xx,
287 2982 83 41 258
395 2994 44 37 p.
493 2983 142 47 illus.,
663 2982 179 50 diagrs.
901 2982 55 40 21
960 2984 42 21 cm
1007 3014 9 9 .
1081 2983 99 48 (On
1204 2992 142 32 cover;
1394 2983 317 49 Lippincott’s
1737 2985 204 48 nursing
115 2995 1962 93 manuals)

185 3106 316 43 “References
528 3108 81 41 for
635 3108 196 40 further
860 3106 227 51 reading”;
1145 3120 43 37 p.
1217 3107 216 43 239-246.

118 3172 50 53 ©
197 3178 114 48 July
339 3178 39 47 9,
410 3178 139 48 1935;
583 3178 67 40 2c.
681 3180 96 39 and
807 3178 80 40 aff.
919 3179 115 46 July
1063 3178 56 39 26;
1179 3180 41 37 A
1280 3178 139 47 85206;
1454 3180 41 39 J.
1529 3180 53 38 B.
1614 3177 276 50 Lippincott
1923 3191 66 28 co.

196 3235 276 48 (35-14690)

116 3333 261 68 Morgan,
405 3336 256 55 William
688 3339 222 62 Henry,
943 3343 171 50 1886-

188 3410 243 56 Student
465 3414 243 65 religion
742 3413 210 67 during
986 3414 136 66 fifty
1154 3432 191 49 years;
1383 3432 298 48 programs
1716 3416 112 51 and
1865 3416 230 65 policies

120 3487 62 51 of
215 3489 94 54 the
346 3490 459 67 Intercollegiate
842 3491 72 52 Y.
952 3491 80 52 M.
1071 3491 63 55 C.
1174 3492 89 64 A.,
1299 3492 76 65 by
1410 3490 260 54 William
1707 3491 75 54 H.
1819 3492 274 67 Morgan;

120 3563 135 54 with
291 3585 31 34 a
357 3566 284 55 foreword
673 3568 77 66 by
782 3567 284 54 Harrison
1102 3567 230 55 Sackett
1365 3567 210 54 Elliott
1614 3610 56 11 …
1743 3568 139 53 New
1918 3568 178 66 York,

121 3639 353 56 Association
500 3662 173 47 press,
705 3646 149 51 1935.

185 3713 866 51 xiv p., 1 l., 233 p. diagrs. 21 cm .
185 3781 166 41 Thesis
388 3785 106 45 (PH.
554 3784 355 47 D.)—Columbia
941 3784 283 48 university,
1251 3783 129 42 1935.

187 3837 166 41 Issued
382 3841 101 38 also
511 3839 121 40 with
657 3840 116 40 vita.

184 3893 343 51 Bibliography;
585 3908 43 36 p.
660 3896 215 40 223-229.

125 3955 51 52 ©
206 3962 118 40 Mar.
357 3964 68 46 12,
458 3965 113 40 1935;
632 3966 67 40 2c.
734 3966 127 39 June
890 3967 54 39 13;
1008 3965 80 41 aff.
1124 3966 125 40 June
1280 3965 57 40 21;
1399 3966 42 39 A
1474 3967 141 40 85091;
1680 3968 72 39 W.
1786 3968 61 38 H.
1883 3968 215 46 Morgan,

191 4018 127 40 Iowa
349 4020 122 46 City,
499 4023 69 38 la.
639 4022 276 44 (35-14705)
