2424 4375
1073 4075 131 53 1003

212 522 59 37 At
298 521 123 38 head
445 520 52 39 of
523 519 106 39 title:
684 520 74 45 By
784 519 126 38 John
936 518 214 38 Buchan.

141 586 51 51 ©
217 590 115 47 July
356 588 68 47 23,
453 587 114 41 1035;
620 587 65 40 2c.
715 588 114 47 July
855 586 81 47 29;
968 586 82 40 aff.
1079 588 116 46 July
1220 586 82 47 27;
1332 588 41 37 A
1400 586 168 46 85235;
1601 588 41 38 J.
1672 588 215 45 Buchan,
2068 589 61 45 E'sfield,

209 645 330 47 Oxfordshire,
582 645 234 47 England.
885 643 279 47 (35-10859)

147 749 296 64 Chrétien,
471 749 280 64 Douglas.

212 825 120 54 The
375 825 177 54 battle
595 824 148 53 book
785 826 64 52 of
891 824 95 53 the
1032 823 348 55 O’Donnells
1424 824 74 66 by
1541 824 257 67 Douglas
1842 823 284 55 Chretien.

143 902 292 62 Berkeley,
468 901 193 63 Calif.,
693 901 334 63 University
1057 901 64 54 of
1153 899 324 57 California
1508 919 174 45 press,
1715 903 149 51 1935.

213 975 495 49 4 p. l. , 48 p. 19 cm .
215 1032 238 42 “Written
480 1032 107 40 first
615 1042 53 30 as
697 1042 26 30 a
753 1041 161 38 paper,
944 1031 95 40 and
1069 1032 114 39 read
1211 1030 165 41 before
1405 1031 82 41 the
1515 1030 135 41 Folio
1679 1031 121 48 club,
1830 1037 50 35 at

1911 1033 80 38 the
144 1033 1966 104 University
353 1089 53 41 of
431 1088 285 47 California,
743 1098 59 29 on
830 1089 168 39 March
1023 1086 68 48 18,
1118 1086 351 42 1935.”—Pref.

216 1145 203 41 “Notes”:
479 1156 43 37 p.
553 1144 157 42 43-48.

143 1212 51 53 ©
227 1218 124 38 June
383 1216 68 46 10,
487 1216 140 46 1935;
663 1215 66 40 2c.
764 1217 128 38 June
923 1215 55 39 17;
1042 1214 81 40 aff.
1158 1216 130 38 June.
1317 1214 81 47 22;
1438 1216 39 38 A
1510 1215 169 47 83746;
1717 1216 210 48 Regents
1961 1218 53 38 of
2049 1219 81 41 the

207 1273 137 40 Univ.
376 1274 51 39 of
458 1272 286 47 California,
777 1273 247 47 Berkeley,
1056 1271 143 41 Calif.
1270 1272 279 47 (35-11171)

149 1374 427 66 Christiansen,
604 1375 133 55 Carl
766 1376 175 51 Peter
969 1374 328 64 Ostenfeld,
1329 1376 171 53 1887-

210 1451 1916 68 Rids gennem verdenshistorien af C. P. O. Christiansen … I.
145 1531 371 65 Kobenhavn,
546 1530 383 67 Gyldenclahl,
960 1532 149 51 1933.

211 1602 610 48 5 p. l. , [3]-108 p. 25 cm .
206 1659 183 47 “Trykt
419 1669 104 30 soni
548 1657 342 49 manuscript.”

216 1713 493 58 “Ôversigtsværker”:
770 1735 42 28 v.
846 1724 70 48 [1],
947 1723 84 39 4th
1062 1722 186 48 prelim,
1278 1723 114 39 leaf.

142 1775 1989 53 © Oct. 14, 1933; 1c. Jan. 12, 1934; A-Foreign 23816; Gyldendalske
204 1837 281 47 boghandel,
516 1835 211 41 Nordisk
755 1835 172 48 forlag.

149 1940 416 62 Churchward,
592 1941 219 54 James.

214 2016 220 54 Cosmic
475 2017 182 53 forces
700 2036 58 34 as
799 2017 133 66 they
974 2035 143 34 were
1158 2017 208 67 taught
1401 2017 63 51 in
1503 2017 104 51 Mu
1647 2017 248 67 relating
1934 2023 59 46 to
2035 2018 98 52 the

142 2094 1963 131 earth, volume 2. By Colonel James Churchward … Illustrated. Mount
662 2174 248 62 Vernon,
948 2173 67 51 N.
1058 2173 89 57 Y.,
1186 2172 120 52 The
1346 2173 232 64 author;
1619 2174 138 51 New
1796 2174 163 52 York
1997 2175 132 67 city,

147 2251 119 51 The
292 2250 188 52 Baker
508 2251 112 51 and
645 2250 213 66 Taylor
884 2269 76 33 co.
996 2283 12 33 [
1015 2257 16 20 c
1037 2252 150 63 1935]

208 2321 1921 50 3 p. l. , 9-269 p. incl. front. (port.) illus., maps (1 fold.) diagrs. 24 cm .
139 2376 51 52 ©
224 2381 124 38 June
385 2380 68 45 17,
491 2379 140 45 1935;
669 2379 67 40 2c.
772 2380 95 38 and
903 2379 80 39 aff.
1022 2379 120 47 Aug.
1176 2378 81 46 10;
1296 2379 39 38 A
1371 2378 170 46 84909;
1580 2380 43 38 J.
1660 2379 345 47 Churchward,
2045 2382 85 38 Mt.

209 2437 204 42 Vernon,
439 2437 55 39 N.
518 2437 55 38 Y.

146 2538 272 65 D’Arlon,
447 2539 299 61 Benedict,
778 2544 169 49 1895-

211 2613 1858 69 Two and three years living Spanish, by Benedict D’Arlon …
143 2691 1999 68 supervised by Eugene Jackson … New York city, College.
143 2769 958 66 entrance book company [ c 1935]
212 2840 1294 50 vi, 212, [6] p. illus. (incl. ports., maps) 18½ cm .
215 2898 157 49 “High
401 2898 161 40 school
590 2897 343 41 examination.
993 2895 511 49 Spanish-two[-three]
1550 2897 198 46 years”:
1784 2897 53 49 [6]
1870 2909 42 37 p.
1942 2904 47 33 at
2086 2900 41 38 end.

145 2951 51 52 ©
225 2956 108 39 Feb.
363 2957 38 44 1,
428 2954 112 41 1935;
599 2954 65 39 2c.
693 2954 94 39 and
815 2951 80 41 aff.
926 2953 110 38 Feb.
1066 2954 25 38 7;
1148 2953 41 38 A
1217 2951 142 41 80369;
1422 2953 189 47 College
1641 2956 228 37 entrance
1898 2955 121 38 book
2048 2964 82 39 co.,

208 3012 87 40 inc.
367 3010 277 49 (35-10880)

149 3114 146 63 Day,
322 3115 202 52 James
548 3111 386 63 Wentworth,
965 3116 170 49 1899-

212 3192 56 52 A
295 3191 192 53 falcon
514 3209 73 34 on
613 3189 83 55 St.
725 3189 191 53 Paul’s;
974 3187 172 68 being
1174 3206 31 35 a
1229 3187 148 53 book
1407 3188 172 53 about
1607 3188 96 54 the
1730 3188 175 63 birds,
1932 3190 201 63 beasts,

145 3266 1983 71 sports & games of London, by J. Wentworth Day … with an
145 3346 385 54 introduction
552 3346 77 67 by
654 3345 98 53 the
773 3344 277 55 Viscount
1075 3342 370 68 Castlerosse;
1478 3343 140 53 with
1646 3347 65 49 33
1737 3344 393 54 illustrations.

145 3425 255 66 London,
427 3423 366 53 Hutchinson
818 3424 47 50 &
891 3440 98 49 co.,
1012 3421 104 53 ltd.
1173 3424 150 64 [1935]

211 3493 1171 53 3 p. l. , 9-254 p. front., plates, ports. 22 cm .
147 3550 1983 52 © 1c. July 5, 1935; A ad int. 20365; pubd. May 9; J. W. Day, London.
218 3610 276 48 (35-11305)

151 3711 279 66 Deeping,
461 3710 308 65 Warwick,
805 3712 167 53 1877-

149 3784 1957 149 … Keir baut Sybille ein haus, roman; berechtigte Übersetzung des
431 3863 324 68 englischen
792 3861 273 69 originals
1102 3860 261 55 “Smith”
1399 3880 110 34 von
1543 3859 215 57 Vivian
150 3862 1978 133 Rodewald-Grebin.
453 3941 259 66 Bremen,

744 3938 720 70 C. Schünemann [ c 1934]
217 4013 434 51 263, [1 ] p. 20cm.
