2526 4384
1328 4128 100 49 330

359 437 230 69 Boillot,
619 439 164 56 Félix
813 441 298 68 François,
1142 447 170 50 1880-

361 519 1976 147 … L’humour d’Anatole France. Paris, Les Presses universitaires de France [1933]
429 669 71 40 34.
532 671 54 48 [1]
618 679 43 38 p.
721 669 56 38 24
780 672 14 21 cm
829 701 7 8 .

432 726 64 39 At
522 727 124 39 head
672 726 52 39 of
751 725 109 41 title:
918 725 140 41 Félix
1087 726 193 40 Boillot.

433 780 314 48 Advertising
776 784 204 38 matter:
1013 792 44 37 p.
1086 781 176 52 33-[35]

362 836 2000 52 © Dec. 8, 1933: 1c. Oct. 26; A-Foreign 25906; Presses universitaires
433 898 60 39 de
521 897 198 40 France.
791 896 251 49 (35-4439)

498 998 1866 68 … Modestes conseils à un conférencier … [Paris] Les
366 1078 225 53 Presses
620 1078 428 54 universitaires
1074 1080 68 51 de
1169 1078 222 53 France
1423 1080 172 65 [1933]

435 1148 802 51 109, [1] p., 1 l. diagrs. 22cm.
433 1206 232 40 Author's
687 1207 179 46 pseud.,
892 1206 139 41 Félix
1056 1207 59 40 de
1136 1205 373 49 Grand’Combe,
1534 1207 52 40 at
1612 1206 124 40 head
1760 1205 52 40 of
1839 1205 120 40 title.

438 1261 224 42 Includes
691 1262 391 48 bibliographies.

366 1317 1998 52 © Dec. 21, 1933; 1c. Oct. 20, 1934; A-Foreign 25965; Félix Boillot,
435 1378 197 48 Bristol,
665 1378 236 47 England.
972 1377 252 50 (35-4441)

363 1481 183 63 Bond,
576 1483 275 53 Frederic
880 1482 273 56 William.

441 1558 53 51 A
523 1558 150 53 little
700 1558 219 68 history
949 1558 64 54 of
1039 1579 30 34 a
1100 1563 162 63 great
1290 1557 114 68 city
1457 1558 91 67 [by]
1582 1557 268 53 Frederic
1878 1556 257 54 William
2168 1556 193 65 Bond;

372 1654 71 33 an
486 1635 273 53 informal
802 1638 379 65 presentation
1225 1635 64 53 of
1330 1635 95 53 the
1469 1636 249 52 author’s
1759 1633 365 69 impressions
2168 1634 61 52 of
2269 1635 94 51 the

373 1720 143 46 most
555 1711 324 70 significant
918 1713 253 67 episodes
1213 1713 58 52 in
1313 1714 94 52 the
1452 1711 170 68 birth,
1664 1712 281 68 struggles
1989 1713 111 51 and
2142 1711 222 69 growth

373 1789 63 53 of
459 1791 95 51 the
578 1789 229 55 wonder
832 1792 116 67 city
974 1790 64 53 of
1062 1791 93 51 the
1179 1790 196 69 world,
1403 1789 250 69 Chicago;
1710 1789 380 54 illustrations
2118 1789 71 69 by
2217 1789 150 54 Kate

375 1867 191 53 Bacon
620 1866 181 55 Bond.
895 1867 324 69 Winnetka,
1273 1867 113 69 Ill.,
1439 1869 122 51 The
1613 1867 162 54 Book
1828 1867 111 53 and
1993 1868 158 67 print
2205 1867 160 68 guild

380 1979 12 34 [
398 1951 18 22 c
421 1947 134 49 1934
560 1979 13 33 ]

442 2015 1375 51 6 p. l. , 15-137, [1] p., 1 l. illus. (incl. maps) 27cm.
445 2072 73 40 On
559 2083 139 30 cover:
770 2074 223 46 Chicago,
1036 2074 126 39 from
1205 2075 81 39 the
1328 2075 188 47 coming
1558 2075 51 39 of
1652 2076 277 46 Marquette
1970 2077 95 38 and
2110 2076 66 40 La
2222 2076 141 42 Salle,

374 2129 125 47 1673,
528 2131 49 38 to
601 2140 25 29 a
654 2130 214 47 Century
892 2130 51 39 of
968 2139 220 39 progress
1215 2131 286 47 exposition,
1529 2131 214 40 1933-34.

372 2186 53 52 ©
450 2191 120 47 Aug.
598 2190 69 43 25,
695 2189 140 43 1934;
866 2191 65 38 2c.
961 2191 94 38 and
1083 2189 79 40 aff.
1193 2190 119 39 Mar.
1343 2189 69 47 22,
1441 2189 140 47 1935;
1612 2190 39 38 A
1679 2189 169 48 82035;
1881 2191 50 39 F.
1961 2192 70 38 W.

2060 2191 151 40 Bend.
440 2191 1911 103 Winnetka,
633 2249 74 37 Ill.
779 2247 249 47 (35-4383)

376 2350 199 66 [Bond,
606 2352 145 51 Paul
782 2349 261 68 Stanley]
1082 2353 170 52 1879-
1463 2351 83 54 ed.

445 2427 122 52 The
602 2429 66 51 R.
710 2428 66 55 O.
816 2430 64 50 T.
923 2428 60 54 C.
1021 2428 246 53 manual.
1341 2428 293 53 Infantry.
1708 2429 56 52 A
1799 2433 122 49 text
1956 2428 146 52 book
2141 2426 95 53 for
2271 2429 97 51 the

374 2504 241 55 Reserve
644 2502 206 57 officers
879 2505 256 68 training
1162 2525 178 48 corps.
1406 2506 126 53 Vol.
1590 2551 11 22 I,
1679 2548 9 9 II.
1754 2505 130 53 17th
1913 2506 84 52 ed.
2074 2506 292 67 (Includes

377 2584 77 53 all
487 2584 278 52 technical
798 2585 242 65 changes
1073 2589 58 47 to
1162 2586 169 63 June,
1365 2584 160 65 1935)
1602 2584 401 66 Washington,
2034 2586 72 52 D.
2142 2586 80 63 C.,
2254 2586 112 51 and

371 2659 377 69 Harrisburg,
779 2664 120 65 Pa.,
930 2662 123 51 The
1081 2661 264 67 Military
1376 2662 210 52 service
1617 2661 336 68 publishing
1983 2679 77 34 co.
2099 2694 12 34 [
2118 2668 16 21 c
2140 2664 131 49 1935
2278 2694 12 34 ]

444 2735 25 38 2
499 2746 42 27 v.
597 2734 126 39 illus.
755 2734 132 48 (incl.
915 2735 161 47 maps)
1113 2734 177 47 diagrs.
1348 2733 114 39 24cm.

783 2797 33 32 CONTENTS.—I.
843 2791 75 39 1st
944 2801 116 36 year
1087 2790 262 40 basic.—II.
1374 2790 95 40 2nd
1496 2801 119 37 year
1640 2790 146 40 basic.

377 2844 53 52 ©
453 2848 112 47 Apr.
592 2847 39 47 2,
658 2847 140 46 1935;
827 2846 67 41 2c.
919 2848 119 39 each
1065 2849 94 38 and
1186 2845 107 42 affs.
1322 2848 114 46 Apr.
1462 2849 53 45 4;
1544 2848 40 38 A
1612 2847 156 47 81281,
1796 2846 141 41 81282;
1996 2846 221 47 Military
445 2856 1908 90 service
548 2905 109 46 pub.
691 2915 65 29 co.

374 3004 184 67 Bonn,
587 3007 228 63 Emma,
847 3006 169 54 1879-

512 3080 1622 69 … Abkehr. Zürich [etc.] Rascher & cie., a. g., 1934.
450 3151 25 39 2
507 3162 42 37 p.
617 3183 8 17 l.,
657 3152 55 39 94
744 3163 43 37 p.
847 3152 145 40 18½cm.

451 3208 40 40 A
524 3210 152 39 novel.

379 3265 1990 52 © July 24, 1934; 1c. Jan. 8, 1936; A-Foreign 26614; Rascher & cie.,
448 3336 118 37 a.-g.,
595 3327 178 46 verlag.
844 3326 250 48 (35-4305)

376 3412 234 66 Bright,
638 3415 200 52 James
865 3414 239 63 Wilson,
1134 3419 324 49 1852-1926.

455 3489 253 68 Bright’s
734 3489 408 69 Anglo-Saxon
1170 3489 213 67 reader,
1407 3487 218 55 revised
1651 3488 111 51 and
1789 3486 267 67 enlarged
2079 3486 75 67 by
2178 3485 191 53 James

384 3564 1813 70 R. Hulbert … New York, H. Holt and company [1935]
452 3637 178 45 cxxxii,
662 3636 85 40 395
777 3647 42 37 p.
880 3637 144 40 19½cm.

382 3692 53 52 ©
466 3697 108 39 Feb.
609 3697 38 47 5,
681 3695 138 47 1935;
853 3695 66 41 2c.
954 3696 109 40 Feb.
1098 3697 80 45 27;
1213 3695 80 41 aff.
1329 3694 111 40 Feb.
1472 3695 82 46 28;
1590 3695 41 38 A
1662 3692 170 48 79853;
1868 3694 167 47 Henry
2068 3694 118 39 Holt
2219 3693 36 39 &
2285 3703 82 35 co.,

450 3752 89 40 inc.
605 3752 279 49 [Copyright
911 3751 45 41 is:
981 3752 202 39 claimed
1211 3762 63 29 on
1302 3751 240 40 revisions:
1567 3751 94 39 and
1690 3749 260 49 additions]

458 3810 13 47 (
481 3809 227 48 35-4304)

378 3896 208 65 Brock,
618 3899 171 55 Alan.

379 3969 1964 145 … After the fact. [London] I. Nicholson and Watson limited, 1935.
