2424 4375
1027 4035 131 49 1151

105 487 244 67 adapted
396 487 153 54 from
594 489 97 53 the
737 508 126 34 rare
909 487 125 55 first
1078 489 218 54 edition
1340 489 75 66 by
1461 486 161 56 Fritz
1669 487 243 66 Kredel;
1962 505 124 34 now

103 562 244 70 printed,
374 564 93 52 for
492 565 96 53 the
613 564 126 55 first
764 565 153 66 time,
944 565 95 54 for
1063 567 96 52 the
1185 565 274 54 members
1484 564 64 55 of
1572 565 96 54 the
1694 562 251 56 Limited
103 564 1959 130 editions
283 641 144 53 club.
497 642 139 52 New
671 640 180 67 York,
882 642 122 53 The
1038 642 384 53 Marchbanks
1456 660 175 49 press,
1667 644 152 51 1935.

168 714 1151 49 2 p. l., 3-34 numb. l., 1 l. col. illus. 32 cm .
170 770 200 41 Printed
395 781 62 30 on
482 781 89 31 one
598 770 105 42 side
728 770 54 42 of
803 772 102 39 leaf
930 782 62 29 on
1018 771 218 48 opposite
1266 782 159 38 pages.

170 826 1493 50 “1500 copies … This is copy number Copyright copy.”
104 880 51 53 ©
185 884 115 48 July
329 885 70 46 23,
429 885 140 46 1935;
603 885 66 40 2c.
701 886 96 39 and
828 885 81 39 aff.
941 885 118 48 Aug.
1092 885 82 47 28;
1209 886 40 38 A
1280 885 169 46 85676;
1484 884 209 39 Limited
1726 883 208 41 editions
1967 883 122 47 club,

172 940 104 47 inc.,
304 942 116 39 New
447 942 144 39 York.
661 941 278 48 (35-14240)

104 1004 195 63 Howe,
326 1004 226 63 George
579 1004 209 56 Locke.

171 1079 196 55 Slaves
391 1084 237 64 cottage,
651 1080 76 68 by
749 1080 219 68 George
991 1080 184 54 Locke
1200 1082 196 51 Howe.
1456 1080 138 53 New
1618 1079 179 66 York,
1821 1080 265 55 Coward-

101 1157 259 56 McCann
401 1191 13 34 r
418 1163 19 22 c
441 1161 153 63 1935]

169 1229 85 42 345
284 1241 44 38 p.
415 1229 29 42 19½
475 1231 43 23 cm
523 1262 8 9 .

105 1282 1985 53 © Aug. 22, 1935; 2c. and aff. Aug. 23; A 85609; Coward-McCann, inc.
184 1342 278 49 (35-13904)

101 1405 358 65 Hümmeler,
489 1407 185 54 Hans.

168 1483 227 54 Helden
426 1483 118 52 und
577 1483 227 68 heilige,
835 1502 115 37 von
978 1485 166 51 Hans
1179 1485 351 52 Hiimmeler.
1597 1483 126 55 Juli
1756 1483 87 52 bis
101 1484 1965 130 dezember.

275 1562 167 51 Bonn
470 1580 47 34 a.
545 1561 205 66 Rhein,
775 1562 213 66 Verlag
1015 1561 102 53 der
1142 1562 476 67 Buchgemeinde,
1647 1565 149 50 1934.

174 1633 1919 49 2 p. l., 7-297, [1] p., 1 l. 25 cm . ( Added t.-p.: Buchgemeinde Bonn.
105 1689 237 49 Religiöse
365 1689 394 49 Schriftenreihe,
785 1690 69 40 10.
879 1691 91 47 bd.,
998 1690 308 47 jahresreihe
1330 1689 128 50 1984,
1486 1692 41 39 3.
1553 1691 125 47 bd.).

172 1746 194 41 Initials
393 1748 51 38 in
471 1748 99 40 red.

105 1799 51 53 ©
185 1803 100 41 Oct.
311 1804 69 46 28,
409 1802 113 42 1934
540 1814 9 36 ;
579 1804 66 40 1c.
679 1804 127 48 Sept.
832 1805 40 46 3,
901 1802 114 42 1935
1033 1814 8 36 ;
1072 1804 40 38 A
1114 1803 269 48 -Foreign
1409 1802 143 42 29181
1570 1814 9 37 ;
1611 1803 482 41 Borromläus-verein

174 1871 37 29 e.
234 1872 56 36 V.,
313 1861 249 47 abteilung
582 1859 399 49 Buchgemeinde,
1006 1862 179 47 verlag.

103 1922 189 64 Innes,
318 1924 64 54 T.
409 1923 90 65 A.,
526 1924 83 52 ed.

175 1999 319 55 Covenants
528 2001 138 53 with
698 2001 188 65 death,
919 2000 190 53 edited
1140 2001 75 67 by
1247 2003 64 51 T.
1346 2002 71 52 A.
1449 2002 173 51 Innés
1653 2004 45 50 &
1731 2001 137 52 Ivor
1901 2000 191 54 Castle

163 2078 1390 68 … London, Daily express publications, 1934.
176 2150 111 50 [192]
318 2163 43 36 p.
390 2152 53 38 of
467 2152 128 39 illus.
624 2150 132 48 (incl.
785 2151 135 48 map)
985 2151 56 40 28½
1073 2153 44 21 cm
1122 2183 8 8 .

176 2208 128 40 “The
343 2219 210 37 purpose
591 2208 53 40 of
684 2208 97 40 this
823 2209 121 39 book
988 2209 41 39 is
1070 2210 48 38 to
1161 2209 162 39 reveal
1365 2209 84 39 the
1489 2209 185 47 horror,
1718 2208 237 48 suffering
1997 2210 95 38 and

107 2264 1985 49 essential bestiality of modern war … All the pictures are taken from
104 2320 251 42 authentic
383 2321 371 48 photographs.”

107 2374 1966 109 © 1c. Dec. 29,1934 ; A ad int. 19841 ; pubd. Nov. 1 ; Daily express publications. (35-14058)
107 2497 425 53 International
563 2498 495 63 correspondence
1089 2496 247 64 schools,
1369 2499 299 61 Scranton,
1696 2499 103 51 Pa.

168 2574 120 54 The
321 2572 134 54 civil
489 2573 308 69 engineer’s
830 2572 331 67 handbook;
1198 2592 31 34 a
1263 2573 332 53 convenient
1630 2571 286 55 reference
1947 2571 146 54 book

102 2649 90 55 for
225 2651 314 68 chainmen,
571 2652 252 66 rodmen,
856 2651 356 68 transitmen,
1244 2650 251 67 levelers,
1526 2667 319 51 surveyors,
100 2649 1967 146 draftsmen,

264 2731 336 65 computers,
624 2729 112 51 and
758 2729 269 66 railroad,
1049 2729 274 67 sanitary,
1343 2728 290 68 highway,
1655 2729 113 51 and
1790 2726 302 69 hydraulic

101 2805 306 69 engineers,
441 2805 76 69 by
552 2806 419 53 International
1008 2805 476 68 correspondence
1520 2806 234 65 schools,
1794 2804 299 66 Scranton,

102 2882 96 54 Pa.
266 2884 72 52 3d
370 2884 103 67 ed.,
503 2883 108 54 72d
643 2883 300 53 thousand.
1014 2883 298 67 Scranton,
1342 2884 121 67 Pa.,
1495 2882 420 54 International
101 2888 1968 125 textbook
273 2979 279 50 company
586 2994 13 33 [
603 2966 19 22 c
626 2964 133 49 1935
765 2994 13 34 ]

170 3033 1922 50 2 p. l. , iii-xiii, 368 p. incl. illus., tables, diagrs. 14 cm . [I. C. S. little
103 3089 135 48 giant
267 3091 297 50 handbooks]

174 3146 133 42 First
333 3147 183 41 edition
543 3148 236 47 prepared
807 3149 62 46 by
896 3147 50 42 C.
974 3147 58 42 K.
1066 3147 202 47 Smoley.

109 3198 51 52 ©
186 3204 119 47 Aug.
331 3204 41 46 2,
400 3204 139 47 1935;
569 3204 66 40 2c.
665 3205 95 39 and
787 3203 82 40 aff.
896 3204 120 47 Aug.
1045 3204 52 46 8;
1127 3204 40 38 A
1196 3203 144 41 84887
1356 3214 9 35 ;
1397 3204 258 39 Internatl.
1684 3204 229 39 textbook
1942 3215 67 28 co.

185 3259 278 49 (35-13926)

105 3317 299 68 Ishimoto,
437 3321 252 53 Shidzué
720 3321 271 64 (Hirota)
1031 3322 281 57 baroness.
1343 3325 168 48 1897-

175 3395 221 70 Facing
419 3401 112 49 two
558 3416 182 51 ways;
767 3398 96 53 the
884 3402 158 63 story
1065 3396 65 55 of
1154 3416 96 50 my
1277 3396 123 57 life,
1425 3396 76 69 by
1529 3398 280 53 Baroness
1839 3396 250 56 Shidzué

108 3470 1978 73 Ishimoto … New York, Farrar & Rinehart, incorporated
130 3553 154 51 [ c 1935]
178 3623 50 40 vi
248 3633 59 39 p.,
334 3625 28 39 2
422 3655 10 16 l.,
459 3624 147 41 3-373
628 3635 43 38 p.
731 3624 162 44 front.,
918 3626 172 46 plates,
1117 3627 148 45 ports.
1325 3623 55 41 22
1384 3626 44 22 cm
1432 3655 9 9 .

113 3675 51 53 ©
190 3681 116 48 Aug.
333 3681 69 47 27,
430 3682 141 47 1935;
601 3683 66 40 2c.
696 3684 117 46 Aug.
844 3683 81 46 29;
957 3683 82 40 aff.
1069 3684 118 46 Aug.
1217 3683 82 47 28;
1332 3683 40 39 A
1400 3683 169 47 86108;
1604 3683 210 41 Shidzué
1843 3683 248 48 Ishimoto,

178 3737 175 49 Tokyo,
384 3740 173 47 Japan.
631 3740 278 47 (35-14203)

105 3795 254 67 Jeffries,
389 3800 219 62 Joseph
638 3802 173 62 Mary
840 3801 206 62 Nagle,
1079 3808 171 47 1885-

110 3874 1953 132 … Front everywhere; with 23 illustrations. London, Hutchinson & co., ltd. [1935]
