2424 4375
1242 4036 99 53 720

364 507 145 40 “This
532 507 181 40 edition
737 508 41 39 is
804 507 185 40 limited
1015 511 48 37 to
1089 519 87 29 one
1202 509 219 38 hundred
1448 509 159 46 copies
1632 508 52 39 of
1709 507 156 40 which
1891 508 99 39 this
2016 508 41 39 is
2080 518 74 30 no.
2180 505 99 42 25.”

363 562 181 41 Poems.

297 630 53 52 ©
378 635 113 46 May
520 633 38 48 9,
589 634 139 46 1935;
761 634 64 40 2c.
858 636 112 47 May
1000 635 82 47 22;
1116 635 82 40 aff.
1230 636 113 47 May
1376 635 81 47 21;
1491 636 40 39 A
1563 634 168 49 81935;
1767 637 61 38 M.
1864 636 42 40 S.
1941 636 218 46 Hosmer,
2190 636 92 39 Los

365 691 219 48 Angeles.
654 691 248 49 (35-7814)

295 807 197 64 Jacob,
520 810 212 52 Naomi
760 809 317 65 Ellington,
1108 814 171 50 1889-

298 886 1955 145 “Honour come back—” by Naomi Jacob … London, Hutchinson & co.ltd. [1935]
365 1050 26 38 4
419 1060 41 37 p.
524 1081 8 14 l.,
563 1048 171 41 11-351
761 1060 43 37 p.
866 1050 53 39 19
923 1052 42 20 cm
970 1082 8 8 .

299 1116 1985 53 © 1c. May 15, 1935; A ad int. 20219; pubd. Mar. 21; Naomi Jacob,
369 1178 210 39 London.
649 1176 249 50 (35-8107)

298 1277 234 65 Jeffers,
561 1280 314 64 Robinson,
907 1282 168 53 1887-

369 1357 161 53 Roan
557 1357 247 66 stallion,
831 1360 209 51 Tamar
1065 1358 111 53 and
1205 1358 161 53 other
1393 1377 208 49 poems,
1627 1360 75 66 by
1728 1360 287 52 Robinson
2046 1356 234 69 Jeffers;

306 1435 1977 68 with a new introduction by the author … New York, The
297 1514 236 53 Modern
563 1514 217 67 library
811 1517 191 64 [c1935]

366 1600 82 45 xii.
477 1600 85 39 295
589 1610 43 36 p.
689 1599 54 39 17
747 1601 44 21 cm
796 1632 8 8 .
872 1598 297 48 (Half-title:
1198 1598 101 41 The
1328 1600 195 39 modern
1555 1599 181 46 library
1766 1599 51 39 of
1848 1600 80 39 the
1957 1598 192 41 world’s
2177 1598 106 41 best

296 1655 170 45 books)

368 1725 160 41 “First
558 1726 197 39 Modern
781 1725 182 46 library
987 1724 225 43 edition.”

299 1793 52 53 ©
375 1799 113 45 May
511 1796 70 48 25,
607 1796 139 48 1935;
774 1796 66 40 2c.
866 1797 113 47 May
1004 1795 55 40 29;
1115 1796 80 40 aff.
1224 1797 113 47 May
1364 1796 56 40 28;
1475 1797 41 38 A
1543 1795 169 48 81989;
1743 1798 199 39 Modern
1968 1797 198 47 library,
2194 1798 89 39 inc.

371 1853 281 51 [Copyright
678 1854 44 40 is
749 1853 204 41 claimed
982 1864 61 29 on
1072 1852 344 50 introduction]
1489 1853 248 48 (35-7817)

299 1958 281 63 Johnson,
612 1958 185 53 Davis
823 1959 140 53 Ben.

423 2032 1861 70 … A bouquet of verse, by Davis Ben Johnson. Philadelphia,
303 2112 845 67 Dorrance & co., inc. [ c 1935]
369 2198 68 42 75.
481 2199 41 47 [1]
550 2207 41 37 p.
647 2195 55 41 19½
735 2199 44 21 cm
784 2229 8 8 .
858 2195 401 49 (Contemporary
1288 2198 135 46 poets
1451 2197 52 39 of
1530 2197 262 45 Dorrance,
1819 2195 109 44 136)

302 2266 53 52 ©
389 2272 111 45 May
536 2271 67 41 13,
637 2268 140 48 1935;
812 2269 66 41 2c.
914 2271 113 46 May
1061 2269 80 47 25;
1182 2269 80 40 aff.
1300 2271 113 47 May
1447 2269 82 48 27;
1570 2270 42 38 A
1644 2269 169 48 83315;
1852 2271 246 38 Dorrance
2134 2269 35 40 &
2202 2279 84 38 co.,

370 2326 87 40 inc.
529 2326 249 49 (35-7827)

305 2432 213 65 [Jones,
549 2432 216 51 Ernest
795 2432 80 65 F.]

368 2507 191 53 Jones’
594 2507 326 67 estimating
953 2508 178 52 tables
1167 2525 70 34 on
1273 2507 86 52 air
1394 2506 403 66 requirements
1833 2506 112 53 and
1979 2507 134 52 duct
2146 2505 138 54 sizes

302 2584 91 52 for
437 2583 233 67 heating
714 2584 112 52 and
871 2583 85 53 air
999 2582 409 68 conditioning.
1488 2583 268 66 Chicago,
1800 2583 288 53 Domestic
301 2583 1956 143 engineering
564 2660 379 67 publications
982 2694 13 33 [
1000 2667 18 21 c
1022 2663 152 62 1934]

370 2744 54 41 68
454 2756 42 37 p.
557 2744 140 47 illus.,
729 2745 151 48 diagr.
940 2743 55 39 22½
1028 2747 43 20 cm
1077 2776 8 8 .

302 2812 52 53 ©
381 2818 118 38 Nov.
529 2815 68 48 28,
628 2814 140 48 1934;
799 2815 66 40 2c.
898 2816 111 39 Dec.
1040 2816 52 45 3;
1126 2814 82 40 aff.
1240 2815 110 39 Dec.
1381 2814 56 41 28;
1497 2815 41 38 A
1566 2815 168 46 78886;
1766 2814 249 41 Domestic
370 2816 1900 105 engineering
479 2884 66 29 co.
617 2871 249 49 (35-7876)

303 2973 307 60 Ketcham,
637 2974 220 53 Robert
883 2972 274 63 Thomas,
1189 2978 167 49 1889-

371 3052 165 53 Jesus
589 3050 224 57 Christ!
868 3050 173 66 Deity
1093 3069 62 34 or
1205 3050 324 53 demoniac?
1596 3051 140 67 (and
1787 3051 161 52 other
1995 3050 277 67 sermons)

311 3131 82 65 By
421 3132 133 50 Rev.
583 3130 213 52 Robert
820 3132 63 51 T.
909 3129 298 67 Ketcham,
1269 3170 10 11 D.
1344 3171 9 9 D.
1416 3128 322 68 Rochester,
1764 3130 69 52 N.
1861 3130 90 65 Y.,
1975 3129 309 52 Interstate

303 3208 363 67 evangelistic
694 3207 350 55 association,
1070 3205 105 53 inc.
1212 3240 7 32 [
1230 3213 16 20 c
1256 3210 127 48 1935]

376 3291 84 40 148
500 3302 41 36 p.
602 3290 54 39 20
659 3292 43 21 cm
708 3321 8 8 .

303 3361 53 52 ©
386 3366 113 46 Apr.
527 3364 69 43 27.
626 3362 112 41 1935;
798 3362 65 41 2c.
894 3364 96 38 and
1022 3361 81 40 aff.
1137 3362 111 47 Apr.
1278 3361 83 47 30;
1397 3362 41 39 A
1470 3362 167 46 81630;
1674 3362 264 40 Interstate
1970 3362 314 49 evangelistic

372 3431 142 36 assn.,
540 3421 90 39 inc.
700 3418 246 49 (35-7849)

307 3523 172 63 Lake,
510 3523 224 63 George
763 3522 165 53 Burt.

377 3598 143 53 Eros
552 3599 111 51 and
694 3598 96 53 the
819 3616 147 49 sage,
995 3598 75 66 by
1101 3598 219 66 George
1351 3600 147 50 Burt
1527 3596 170 54 Lake.
1771 3596 367 67 [Waukegan,
2167 3596 113 66 Ill.,

305 3676 263 51 National
598 3672 146 57 office
771 3676 207 66 supply
1006 3694 96 46 co.]
1141 3678 144 49 1935.

367 3759 56 39 48
484 3790 8 7 p.
556 3759 54 39 18½
642 3759 44 22 cm
691 3789 8 8 .

369 3822 181 40 Poems.

304 3876 53 52 ©
382 3882 113 46 May
520 3880 68 47 16,
615 3878 139 48 1935;
781 3880 67 39 2c.
877 3881 112 46 May
1015 3879 82 47 20;
1127 3878 81 40 aff.
1236 3880 113 46 May
1374 3879 81 46 18;
1484 3879 41 39 A
1549 3878 169 47 81900;
1747 3878 51 40 G.
1828 3879 51 38 B.
1907 3878 143 47 Lake,
373 3878 1892 106 Waukegan,
508 3938 74 38 Ill.
652 3936 247 48 (35-7829)
