2424 4375
1292 4041 134 50 1594

350 404 238 65 Birney,
617 403 301 63 Hoffman,
949 407 170 50 1891-

413 481 270 67 Ay-chee,
715 499 100 35 son
846 480 64 54 of
939 480 96 53 the
1067 481 186 53 desert
1289 481 109 67 [by]
1432 480 279 53 Hoffman
1745 482 244 67 Birney;
2026 480 323 54 illustrated

350 559 72 68 by
466 559 297 52 Ha-so-de.
845 558 427 69 Philadelphia,
1317 559 122 53 The
1484 559 161 53 Penn
1692 559 335 70 publishing
2071 576 278 53 company

356 671 12 33 [
373 644 18 21 c
397 640 152 65 1935]

419 711 83 40 112
530 722 42 38 p.
600 711 110 41 incl.
737 712 142 48 illus.,
905 714 172 47 plates,
1133 712 86 41 col.
1248 713 170 48 plates.
1474 711 56 42 19
1547 722 32 30 x
1595 712 118 42 25cm.

423 770 287 39 Illustrated
739 768 362 49 lining-papers.

353 821 53 53 ©
429 827 117 38 Nov.
573 826 39 47 8,
638 826 140 46 1935;
805 825 67 41 2c.
898 827 96 39 and
1020 825 81 41 ail.
1128 826 117 40 Nov.
1273 826 81 47 18;
1383 826 40 39 A
1449 825 170 49 89406;
1649 827 135 39 Penn
1808 828 106 47 pub.
1943 838 68 30 co.

431 882 280 49 (35-25382)

351 987 214 66 Bowie,
594 988 224 54 Walter
845 988 250 65 Russell,
1128 991 171 50 1882-

484 1065 1867 68 … The renewing gospel [by] Walter Russell Bowie. New
357 1144 176 66 York,
560 1144 259 63 London,
847 1144 60 56 C.
941 1144 311 57 Scribner’s
1280 1162 146 48 sons,
1457 1148 152 51 1935.

423 1214 1693 51 viii p., 2 l., 296 p. 19½cm. (The Yale lectures on preaching)
355 1270 52 54 ©
441 1276 100 39 Oct.
574 1275 68 46 18,
676 1274 113 40 1935;
850 1274 66 40 2c.
950 1274 101 40 Oct.
1085 1273 82 47 24;
1203 1273 81 41 ail.
1319 1275 101 40 Oct.
1454 1273 82 48 25;
1571 1274 43 39 A
1644 1273 170 48 89037;
1851 1274 206 41 Charles.
2089 1274 266 42 Scribner’s

424 1343 126 29 sons.
621 1330 280 50 (35-24910)

355 1436 281 64 Calahan,
667 1435 221 54 Harold
917 1436 324 64 Augustin.

426 1512 1865 67 Back to Treasure island, by Harold Augustin Calahan …
356 1592 139 51 with
522 1590 382 55 illustrations
934 1590 74 66 by
1037 1592 63 50 L.
1133 1592 62 50 F.
1227 1590 205 54 Grant.
1506 1590 138 52 New
1676 1590 179 66 York,
1884 1591 122 52 The
2035 1592 315 65 Vanguard

359 1687 151 49 press
544 1701 12 35 [
562 1675 18 21 c
586 1671 151 64 1935]

450 1737 1740 50 2 p. l., iii-ix p., 1 l., 13-246 p. incl. front. (map) plates. 21½cm.
427 1798 40 38 A
495 1797 163 47 sequel
687 1798 47 38 to
764 1796 180 40 Robert
972 1795 145 41 Louis
1150 1795 305 41 Stevenson’s
1484 1795 241 41 Treasure
1751 1796 176 40 island.

357 1851 53 53 ©
433 1855 118 40 Nov.
577 1855 68 46 14,
669 1853 140 47 1935;
835 1853 67 40 2c.
926 1853 117 40 Nov.
1069 1853 82 47 18;
1178 1852 82 41 aff.
1285 1853 119 40 Nov.
1429 1852 81 47 16;
1538 1853 43 39 A
1602 1852 170 48 88262;
1799 1853 266 48 Vanguard
2089 1863 149 39 press,
2265 1853 87 41 inc.

435 1910 280 50 (35-24894)

358 2017 157 54 Char
520 2017 130 63 don,
679 2016 242 54 Jeanne.

428 2093 119 52 The
573 2093 207 68 golden
805 2090 163 54 chick
993 2090 112 53 and
1131 2090 95 54 the
1250 2091 187 69 magic
1462 2088 202 71 frying
1689 2107 143 51 pan;
1859 2090 315 52 translated
2205 2089 149 53 from

358 2171 95 53 the
495 2171 222 52 French
759 2170 64 53 of
864 2170 219 54 Jeanne
1126 2168 271 55 Chardon
1439 2169 111 52 and
1594 2169 157 52 Ruth
1794 2169 286 52 Peckham
2122 2168 232 70 Tubby;

359 2247 1998 70 illustrated by Emma L. Brock … Chicago, A. Whitman &
358 2347 98 41 co.,
489 2331 150 50 1935.

429 2403 83 40 148
538 2413 41 37 p.
607 2401 107 41 incl.
743 2403 87 38 col.
857 2401 163 44 front.,
1047 2401 143 48 illus.,
1219 2403 84 39 col.
1333 2401 169 48 plates.
1558 2400 146 42 23½cm.

429 2459 203 40 “Junior
659 2469 135 37 press
823 2457 190 41 books.”

361 2512 53 53 ©
442 2516 102 40 Oct.
573 2516 70 46 24,
672 2514 140 48 1935;
842 2515 65 40 2c.
938 2515 117 39 Nov.
1085 2515 81 46 11;
1199 2514 81 40 aff.
1311 2515 116 39 Nov.
1458 2515 53 39 13;
1572 2516 42 38 A
1641 2514 170 47 88217;
1843 2515 168 40 Albert
2042 2514 249 40 Whitman
2321 2516 36 40 &

428 2584 66 29 co.
566 2571 280 49 (35-25384)

362 2678 210 62 Chase,
603 2677 336 63 Josephine,
971 2677 56 53 d.
1060 2679 148 52 1931.

431 2754 121 52 The
587 2752 129 54 blue
752 2752 232 54 shadow
1020 2758 270 61 mystery,
1324 2752 75 67 by
1433 2751 312 68 Josephine
1782 2752 210 67 Chase;
2030 2752 285 53 illustrated

362 2831 73 67 by
467 2831 197 52 Frank
697 2830 130 53 Lea.
898 2828 427 68 Philadelphia,
1360 2828 121 55 The
1515 2831 161 52 Penn
1709 2828 336 69 publishing
2077 2847 278 51 company

366 2943 13 34 [
385 2916 17 21 c
408 2912 151 63 1935]

433 2980 86 41 205
547 2990 43 38 p.
650 2979 149 40 front.
860 2978 114 41 19cm.

364 3034 53 53 ©
444 3039 117 39 Nov.
590 3039 41 46 4,
658 3036 141 48 1935;
830 3037 65 40 2c.
925 3037 97 39 and
1050 3031 80 45 aff.
1161 3036 118 40 Nov.
1308 3037 82 46 18;
1420 3037 40 38 A
1490 3034 169 49 89404;
1690 3036 133 40 Penn
1852 3036 107 48 pub.
1990 3046 68 30 co.

443 3093 280 50 (35-24896)

365 3198 209 64 Chase,
602 3199 173 62 Mary
805 3196 183 63 Ellen,
1020 3200 170 50 1887-

437 3272 150 56 Silas
638 3273 283 67 Crockett,
970 3272 76 68 by
1094 3272 171 68 Mary
1316 3272 168 51 Ellen
1534 3269 200 56 Chase.
1818 3270 139 53 New
2008 3269 179 67 York,
2238 3268 117 53 The

362 3352 334 53 Macmillan
729 3368 296 51 company,
1061 3353 149 50 1935.

434 3424 679 50 x p., 2 l., 3-404 p. 20½cm.
433 3483 287 39 Illustrated
753 3480 360 49 lining-papers.

367 3534 53 53 ©
443 3540 117 39 Nov.
587 3539 70 46 12,
684 3537 116 41 1935;
852 3538 64 39 2c.
945 3538 96 39 and
1067 3537 82 40 aff.
1176 3537 116 39 Nov.
1321 3537 81 45 13;
1432 3537 40 38 A
1499 3535 169 48 89338;

1698 3536 63 39 M.
1789 3536 53 39 E.
1872 3534 169 47 Ohase,
435 3534 1903 109 Northampton,
557 3596 146 39 Mass.
773 3593 279 49 (35-25387)

367 3698 188 53 China
580 3697 278 53 institute
885 3697 59 53 in
971 3697 293 55 America.

438 3774 230 53 China’s
716 3774 289 67 changing
1050 3772 378 66 civilization;
1478 3793 31 33 a
1556 3771 238 54 selected
1840 3769 404 67 bibliography
2290 3763 61 55 of

367 3850 173 54 books
574 3850 59 53 in
666 3851 97 52 the
797 3850 243 68 English
1078 3852 300 65 language,
1410 3849 75 67 by
1518 3851 118 50 Loo
1671 3847 264 54 Lai-han.
2004 3846 138 53 New
2176 3841 174 65 York,

366 3927 1283 67 N. Y., China institute in America [c1935 ]
