2424 4375
1232 4059 138 51 2114

324 417 279 65 Lindsay,
637 418 262 55 Maurice
931 420 259 64 Monroe,
1228 426 171 50 1886-

397 493 315 68 Corporate
744 495 395 68 organization
1172 500 113 52 and
1319 503 280 62 accounts,
1633 499 75 67 by
1740 500 255 53 Maurice
2028 502 79 52 M.
325 503 1968 137 Lindsay,
474 589 47 36 c.
553 589 47 36 p.
632 591 53 34 a.
761 574 232 65 Boston,
1022 574 189 67 Mass.,
1241 574 122 53 The
1394 575 242 69 Bentley
1667 577 191 52 school
1888 577 64 52 of
1982 581 339 68 accounting

323 652 113 52 and
467 650 218 55 finance
737 655 175 64 [c1935]

395 723 70 48 24,
493 722 246 49 25A-25B,
766 723 174 41 25-194
965 735 43 38 p.
1036 724 109 42 incl.
1170 724 171 42 forms.
1393 724 57 42 27cm.

326 782 53 54 ©
407 788 111 39 Dec.
549 788 68 49 17,
647 786 117 41 1935;
818 787 66 41 2c.
912 787 96 40 and
1038 787 80 40 aff.
1149 788 112 40 Dec.
1290 787 83 49 20;
1404 789 42 39 A
1475 788 170 49 88768;
1677 791 63 39 M.
1771 791 63 39 M.
1865 790 227 49 Lindsay,
2123 792 197 43 Boston.

399 843 280 50 [Copyright
711 844 42 40 is
784 844 205 40 claimed
1021 855 57 27 on
1112 856 105 29 new
1250 848 183 38 matter
1462 847 98 40 and
1589 847 225 50 changes]

402 900 253 49 (36-5087)

321 1003 243 66 Locard,
592 994 207 66 Émile.

390 1082 82 52 La
511 1084 169 50 malle
718 1082 296 67 sanglante
1055 1082 67 52 de
1162 1084 251 67 Millery,
1450 1101 106 50 par
1589 1071 192 66 Émile
1820 1085 237 54 Locard.
2134 1086 185 69 Paris,

321 1160 527 67 Gallimard [ 1934]
391 1235 25 38 1
483 1265 8 8 v.

323 1291 1978 102 © Dec. 10, 1934; 1c. Mar. 5, 1935; A-Foreign 27072; Librairie Gallimard.
318 1456 337 54 Louisiana.
729 1458 277 67 Supreme
1034 1464 175 47 court.

388 1534 308 53 Louisiana
746 1541 220 61 reports.
1057 1554 50 34 v.
1162 1538 113 50 182.
1325 1534 170 55 Cases
1542 1536 214 67 argued
1805 1536 111 53 and
1965 1537 349 54 determined

319 1612 59 52 in
412 1613 95 52 the
543 1613 275 66 Supreme
851 1618 160 47 court
1044 1612 63 52 of
1139 1611 309 54 Louisiana
1480 1614 204 66 sitting
1719 1620 59 46 at
1811 1615 138 51 New
1983 1615 240 53 Orleans
2258 1620 59 47 at

318 1687 1997 152 term beginning first Monday of October, 1934 … Edited under the direction of the court. St. Paul, West publishing co.,
319 1849 151 52 1935.

391 1919 119 40 xxix
538 1930 57 38 p.,
625 1917 116 41 1206
766 1919 157 39 numb.
955 1919 86 40 col.
1099 1918 146 40 22½cm.

321 1979 53 53 ©
401 1983 116 40 Nov.
546 1984 67 45 14,
642 1982 115 40 1935;
811 1981 65 41 2c.
905 1983 111 40 Dec.
1045 1982 81 46 16;
1157 1981 82 41 aff.
1268 1982 111 40 Dec.
1406 1980 82 49 19;
1518 1982 43 39 A
1582 1980 145 42 90049;
1784 1982 139 41 West
1946 1983 108 49 pub.
2083 1993 68 30 co.

316 2102 403 64 Marchwitza,
746 2102 183 54 Hans.

386 2180 109 52 Die
524 2179 300 65 Kumiaks,
853 2196 107 35 von
990 2178 166 53 Hans
1185 2177 387 53 Marchwitza.
1645 2178 242 68 [Zürich,
1914 2182 120 65 etc.,
315 2179 1974 146 Büchergilde
498 2257 347 67 Gutenberg,
873 2259 151 64 1934]

389 2331 99 46 207,
520 2331 55 49 [1]
606 2341 41 36 p.
677 2329 110 41 incl.
815 2340 61 36 pl.
933 2329 116 40 24cm.

389 2389 39 37 A
458 2388 155 39 novel.

319 2446 1996 54 © Nov. 30, 1934; 1c. July 10, 1935; A-Foreign 28432; Büchergilde
391 2507 288 47 Gutenberg.
749 2504 249 50 (36-5952)

315 2611 157 64 May,
498 2610 259 54 Herbert
786 2610 251 54 Gordon.

315 2685 1994 146 … Material remains of the Megiddo cult, by Herbert Gordon May; with a chapter by Robert M. Engberg. Chicago,
321 2840 106 68 Ill.,
464 2839 120 55 The
623 2840 331 65 University
994 2838 63 52 of
1094 2836 251 69 Chicago
1384 2855 155 51 press
1580 2839 172 65 [1935]

384 2908 1926 51 xiv, 51 p. illus., XLI pl. (incl. plans) 30½cm. (The University of
313 2968 210 48 Chicago
551 2967 221 42 Oriental
800 2966 226 42 institute
1050 2965 339 49 publications,
1417 2966 91 40 vol.
1664 2965 15 48 XXVI)

385 3025 133 41 “List
546 3024 52 41 of
625 3021 389 44 abbreviations”
1032 3033 11 31 :
1074 3033 43 38 p.
1146 3023 219 40 xiii-xiv.

318 3085 52 54 ©
395 3092 119 39 Nov.
540 3089 70 48 29,
637 3089 117 41 1935;
807 3089 65 40 2c.
900 3090 111 40 Dec.
1038 3088 81 47 16;
1150 3087 81 41 aff.
1261 3089 121 39 Mar.
1410 3087 68 49 23,
1508 3086 140 48 1936;
1678 3088 40 39 A
1746 3087 170 48 89893;
1948 3086 281 48 University
2256 3086 54 40 of

387 3148 223 48 Chicago,
641 3147 223 47 Chicago.
931 3144 250 49 (36-3487)

314 3251 287 64 Meersch,
629 3252 282 52 Maxence
939 3266 114 36 van
1084 3250 119 64 der,
1236 3251 170 52 1907-

442 3321 1857 71 … Maria, fille de Flandre; roman. Paris, A. Michel [1935]
380 3397 724 52 3 p. l., [9]-255, [1] p. 19cm.
317 3453 1768 54 © Apr. 15, 1935; 1c. June 12; A-Foreign 28164; Albin Michel.
396 3514 251 49 (36-5130)

313 3616 219 64 Meyer,
563 3616 310 65 Fulgence,
904 3616 211 65 father,
1147 3616 168 53 1876-

383 3693 83 53 To
510 3690 121 55 Our
669 3692 200 53 Lord’s
907 3697 265 61 country;
1214 3711 32 33 a
1290 3690 255 53 familiar
1585 3688 288 54 narrative
1915 3686 64 54 of
2018 3707 31 33 a
2090 3703 214 51 voyage

317 3768 146 53 from
491 3770 96 52 the
614 3769 216 54 United
861 3768 187 55 States
1077 3768 63 53 of
1169 3767 262 52 America
1461 3773 57 47 to
1548 3765 302 66 Palestine,
1878 3764 156 66 Asia,
2062 3765 75 66 by
2165 3762 137 55 Rev.

316 3844 277 68 Fulgence
629 3847 212 67 Meyer,
917 3888 9 12 O.
1001 3886 11 11 F.
1107 3885 11 11 M.
1194 3843 341 69 Cincinnati,
1574 3840 86 69 O.,
1697 3842 120 51 The
1855 3841 254 54 Mountel
2149 3858 154 51 press

313 3940 293 50 company,
634 3925 147 49 1935.

382 3993 746 48 7 p. l., 213 p. illus. 20½cm.
