<alto xmlns="http://www.loc.gov/standards/alto/ns-v3#" xmlns:xlink="http://www.w3.org/1999/xlink" xmlns:xsi="http://www.w3.org/2001/XMLSchema-instance" xsi:schemaLocation="http://www.loc.gov/standards/alto/ns-v3# http://www.loc.gov/alto/v3/alto-3-0.xsd"><Description>
<MeasurementUnit>pixel</MeasurementUnit>
<sourceImageInformation>
<fileName>1935_v32_Part1.pdf</fileName>
</sourceImageInformation>
<OCRProcessing ID="IdOcr">
<ocrProcessingStep>
<processingDateTime>2019-01-15</processingDateTime>
<processingSoftware>
<softwareCreator>ABBYY</softwareCreator>
<softwareName>ABBYY Recognition Server</softwareName>
<softwareVersion>4.0</softwareVersion>
</processingSoftware>
</ocrProcessingStep>
</OCRProcessing>
</Description>
<Styles>
<ParagraphStyle ID="StyleId-FFFFFFFF-FFFF-FFFF-FFFF-FFFFFFFFFFFF-" ALIGN="Left" LEFT="0." RIGHT="0." FIRSTLINE="0."/>
<ParagraphStyle ID="StyleId-09A13A44-4F77-4ABE-84F3-84CC8B3C72CE-" ALIGN="Left" LEFT="0." RIGHT="0." FIRSTLINE="0." LINESPACE="7.699999809"/>
<ParagraphStyle ID="StyleId-1F945060-F8CD-4435-B69A-5FF49DB0C586-" ALIGN="Left" LEFT="0." RIGHT="0." FIRSTLINE="-10." LINESPACE="12.19999981"/>
<ParagraphStyle ID="StyleId-C6CAE747-F5A4-4D0D-8D74-D452DA7E2C1C-" ALIGN="Block" LEFT="0." RIGHT="0." FIRSTLINE="-14." LINESPACE="8.350000381"/>
<ParagraphStyle ID="StyleId-FC0F3374-189A-459E-BE29-2DC14180F022-" ALIGN="Left" LEFT="0." RIGHT="0." FIRSTLINE="0."/>
<ParagraphStyle ID="StyleId-49397C49-A894-4B3E-BA5E-1126226BA375-" ALIGN="Left" LEFT="0." RIGHT="0." FIRSTLINE="-12." LINESPACE="11.09000015"/>
<ParagraphStyle ID="StyleId-9E34DD3A-E661-48BD-A3A1-6A3D48346F00-" ALIGN="Block" LEFT="0." RIGHT="0." FIRSTLINE="-14." LINESPACE="11.09000015"/>
<ParagraphStyle ID="StyleId-56CE54AA-A08B-4BAA-8605-F26020A0E36E-" ALIGN="Left" LEFT="0." RIGHT="0." FIRSTLINE="0." LINESPACE="9.399999619"/>
<ParagraphStyle ID="StyleId-77814FFC-C42F-4AA9-9880-EF33B947DEC8-" ALIGN="Left" LEFT="0." RIGHT="0." FIRSTLINE="-11." LINESPACE="11.06999969"/>
<ParagraphStyle ID="StyleId-FDE92EC0-67DC-4C7B-8A24-094B12C38B6C-" ALIGN="Center" LEFT="0." RIGHT="0." FIRSTLINE="0." LINESPACE="11.30000019"/>
<ParagraphStyle ID="StyleId-65180E3B-4C93-4FB8-81EE-E026DD63DBF3-" ALIGN="Left" LEFT="0." RIGHT="0." FIRSTLINE="0." LINESPACE="11.10000038"/>
<ParagraphStyle ID="StyleId-10E885C2-5813-4620-B0AA-0FBA30CF7A32-" ALIGN="Left" LEFT="0." RIGHT="0." FIRSTLINE="0." LINESPACE="9.5"/>
<ParagraphStyle ID="StyleId-913C2DB5-9F02-4067-BAF7-0AED37B60BBE-" ALIGN="Left" LEFT="0." RIGHT="0." FIRSTLINE="0." LINESPACE="6.099999905"/>
<ParagraphStyle ID="StyleId-9C79A9D2-8F08-4A8F-985D-B00E253ED1E5-" ALIGN="Left" LEFT="0." RIGHT="0." FIRSTLINE="0." LINESPACE="4.400000095"/>
<ParagraphStyle ID="StyleId-A41F0407-FEFE-4738-9EC5-E05AFFF62781-" ALIGN="Left" LEFT="0." RIGHT="0." FIRSTLINE="0." LINESPACE="7.300000191"/>
<ParagraphStyle ID="StyleId-61D37176-94E8-408D-9B87-01C406CE8AB2-" ALIGN="Left" LEFT="0." RIGHT="0." FIRSTLINE="0." LINESPACE="8.050000191"/>
</Styles>
<Layout>
<Page ID="Page1479" PHYSICAL_IMG_NR="1479" HEIGHT="4375" WIDTH="2424">
<TopMargin HEIGHT="377" WIDTH="2424" VPOS="0" HPOS="0">
</TopMargin>
<LeftMargin HEIGHT="3673" WIDTH="36" VPOS="377" HPOS="0">
</LeftMargin>
<RightMargin HEIGHT="3673" WIDTH="294" VPOS="377" HPOS="2130">
</RightMargin>
<BottomMargin HEIGHT="325" WIDTH="2424" VPOS="4050" HPOS="0">
<TextBlock ID="Page1479_Block1" HEIGHT="71" WIDTH="272" VPOS="4057" HPOS="1018" LANG="en-US" STYLEREFS="StyleId-ABB6506A-3430-4C91-B669-D39AFB7E04C6-">
<TextLine HEIGHT="54" WIDTH="133" VPOS="4060" HPOS="1054">
<String CONTENT="1479" HEIGHT="54" WIDTH="133" VPOS="4060" HPOS="1054"/>
</TextLine>
</TextBlock>
</BottomMargin>
<PrintSpace HEIGHT="3673" WIDTH="2094" VPOS="377" HPOS="36">
<TextBlock ID="Page1479_Block2" HEIGHT="3673" WIDTH="2094" VPOS="377" HPOS="36" LANG="en-US" CS="1" STYLEREFS="StyleId-199F2F03-2EAF-40EA-9D0D-7D5A4079DF17-">
<Shape>
<Polygon POINTS="108,377 2130,377 2130,4050 130,4050 130,3574 96,3574 96,3372 42,3372 42,3348 40,3348 40,3338 105,3338 105,2108 38,2108 38,2064 36,2064 36,2060 115,2060 115,1776 100,1776 100,1700 106,1700 106,1698 108,1698 108,377"/>
</Shape>
<TextLine HEIGHT="67" WIDTH="857" VPOS="443" HPOS="126" STYLEREFS="StyleId-46935669-F3EA-4A00-984F-E75123BAD6CB-">
<String LANG="fr" CONTENT="Williams," HEIGHT="67" WIDTH="301" VPOS="443" HPOS="126"/>
<SP HEIGHT="65" WIDTH="26" VPOS="445" HPOS="428"/>
<String LANG="de" CONTENT="Valentine," HEIGHT="66" WIDTH="330" VPOS="444" HPOS="455"/>
<SP HEIGHT="58" WIDTH="28" VPOS="452" HPOS="786"/>
<String LANG="fr" CONTENT="1883-" HEIGHT="50" WIDTH="168" VPOS="451" HPOS="815"/>
</TextLine>
<TextLine HEIGHT="70" WIDTH="1717" VPOS="519" HPOS="191" STYLEREFS="StyleId-5EFB75E8-C177-4A47-8200-6C9740D7B0C2-" CS="1">
<String LANG="fr" CONTENT="&#8230;" HEIGHT="11" WIDTH="57" VPOS="560" HPOS="191"/>
<SP HEIGHT="51" WIDTH="27" VPOS="521" HPOS="249"/>
<String CONTENT="The" HEIGHT="51" WIDTH="120" VPOS="521" HPOS="277"/>
<SP HEIGHT="33" WIDTH="20" VPOS="539" HPOS="398"/>
<String CONTENT="clue" HEIGHT="51" WIDTH="121" VPOS="521" HPOS="419"/>
<SP HEIGHT="34" WIDTH="21" VPOS="539" HPOS="541"/>
<String CONTENT="of" HEIGHT="52" WIDTH="63" VPOS="521" HPOS="563"/>
<SP HEIGHT="52" WIDTH="23" VPOS="521" HPOS="627"/>
<String CONTENT="the" HEIGHT="52" WIDTH="94" VPOS="521" HPOS="651"/>
<SP HEIGHT="33" WIDTH="22" VPOS="540" HPOS="746"/>
<String CONTENT="rising" HEIGHT="69" WIDTH="182" VPOS="520" HPOS="769"/>
<SP HEIGHT="51" WIDTH="17" VPOS="538" HPOS="952"/>
<String CONTENT="moon," HEIGHT="48" WIDTH="185" VPOS="538" HPOS="970"/>
<SP HEIGHT="65" WIDTH="22" VPOS="521" HPOS="1156"/>
<String CONTENT="by" HEIGHT="67" WIDTH="74" VPOS="521" HPOS="1179"/>
<SP HEIGHT="68" WIDTH="23" VPOS="520" HPOS="1254"/>
<String CONTENT="Valentine" HEIGHT="54" WIDTH="303" VPOS="519" HPOS="1278"/>
<SP HEIGHT="53" WIDTH="21" VPOS="520" HPOS="1582"/>
<String CONTENT="Williams." HEIGHT="54" WIDTH="304" VPOS="520" HPOS="1604"/>
</TextLine>
<TextLine HEIGHT="144" WIDTH="1967" VPOS="522" HPOS="117" STYLEREFS="StyleId-5EFB75E8-C177-4A47-8200-6C9740D7B0C2-" CS="1">
<String CONTENT="Boston" HEIGHT="126" WIDTH="1967" VPOS="522" HPOS="117"/>
<SP HEIGHT="35" WIDTH="34" VPOS="614" HPOS="215"/>
<String CONTENT="and" HEIGHT="53" WIDTH="111" VPOS="597" HPOS="250"/>
<SP HEIGHT="54" WIDTH="34" VPOS="596" HPOS="362"/>
<String CONTENT="New" HEIGHT="53" WIDTH="136" VPOS="596" HPOS="397"/>
<SP HEIGHT="52" WIDTH="37" VPOS="597" HPOS="534"/>
<String CONTENT="York," HEIGHT="66" WIDTH="179" VPOS="597" HPOS="572"/>
<SP HEIGHT="66" WIDTH="30" VPOS="597" HPOS="752"/>
<String CONTENT="Houghton" HEIGHT="69" WIDTH="317" VPOS="597" HPOS="783"/>
<SP HEIGHT="52" WIDTH="35" VPOS="597" HPOS="1101"/>
<String CONTENT="Mifflin" HEIGHT="53" WIDTH="202" VPOS="596" HPOS="1137"/>
<SP HEIGHT="34" WIDTH="35" VPOS="615" HPOS="1340"/>
<String CONTENT="company," HEIGHT="52" WIDTH="297" VPOS="614" HPOS="1376"/>
<SP HEIGHT="65" WIDTH="36" VPOS="600" HPOS="1674"/>
<String CONTENT="1935." HEIGHT="50" WIDTH="151" VPOS="600" HPOS="1711"/>
</TextLine>
<TextLine HEIGHT="51" WIDTH="645" VPOS="668" HPOS="187" CS="1">
<String LANG="en-US" CONTENT="3" HEIGHT="42" WIDTH="27" VPOS="668" HPOS="187"/>
<SP HEIGHT="49" WIDTH="24" VPOS="668" HPOS="215"/>
<String LANG="fr" CONTENT="p." HEIGHT="37" WIDTH="43" VPOS="680" HPOS="240"/>
<SP/>
<String LANG="fr" CS="1" CONTENT="l.,"/>
<SP/>
<String LANG="en-US" CS="1" CONTENT="[3]-268" HEIGHT="51" WIDTH="173" VPOS="668" HPOS="385"/>
<SP HEIGHT="49" WIDTH="26" VPOS="668" HPOS="559"/>
<String LANG="en-US" CONTENT="p." HEIGHT="37" WIDTH="39" VPOS="680" HPOS="586"/>
<SP HEIGHT="39" WIDTH="62" VPOS="670" HPOS="626"/>
<String LANG="en-US" CS="1" CONTENT="19&#189;" HEIGHT="40" WIDTH="54" VPOS="669" HPOS="689"/>
<String STYLE="superscript" LANG="en-US" CONTENT="cm" HEIGHT="22" WIDTH="43" VPOS="671" HPOS="776"/>
<String LANG="en-US" CONTENT="." HEIGHT="8" WIDTH="8" VPOS="705" HPOS="824"/>
</TextLine>
<TextLine HEIGHT="48" WIDTH="1081" VPOS="726" HPOS="189" CS="1">
<String CONTENT="At" HEIGHT="41" WIDTH="63" VPOS="726" HPOS="189"/>
<SP HEIGHT="40" WIDTH="22" VPOS="727" HPOS="253"/>
<String CONTENT="head" HEIGHT="40" WIDTH="122" VPOS="727" HPOS="276"/>
<SP HEIGHT="39" WIDTH="23" VPOS="728" HPOS="399"/>
<String CONTENT="of" HEIGHT="40" WIDTH="52" VPOS="726" HPOS="423"/>
<SP HEIGHT="41" WIDTH="21" VPOS="726" HPOS="476"/>
<String CS="1" CONTENT="title;" HEIGHT="41" WIDTH="108" VPOS="726" HPOS="498"/>
<SP HEIGHT="39" WIDTH="29" VPOS="727" HPOS="633"/>
<String CONTENT="A" HEIGHT="37" WIDTH="35" VPOS="727" HPOS="663"/>
<SP HEIGHT="37" WIDTH="28" VPOS="727" HPOS="699"/>
<String CONTENT="black" HEIGHT="39" WIDTH="138" VPOS="727" HPOS="728"/>
<SP HEIGHT="39" WIDTH="21" VPOS="726" HPOS="867"/>
<String CONTENT="band" HEIGHT="40" WIDTH="125" VPOS="726" HPOS="889"/>
<SP HEIGHT="39" WIDTH="28" VPOS="727" HPOS="1015"/>
<String CONTENT="mystery." HEIGHT="44" WIDTH="226" VPOS="730" HPOS="1044"/>
</TextLine>
<TextLine HEIGHT="54" WIDTH="1990" VPOS="793" HPOS="121">
<String CONTENT="&#169;" HEIGHT="53" WIDTH="51" VPOS="793" HPOS="121"/>
<SP HEIGHT="53" WIDTH="34" VPOS="793" HPOS="173"/>
<String CONTENT="Sept." HEIGHT="47" WIDTH="127" VPOS="798" HPOS="208"/>
<SP HEIGHT="38" WIDTH="31" VPOS="799" HPOS="336"/>
<String CONTENT="24." HEIGHT="40" WIDTH="69" VPOS="799" HPOS="368"/>
<SP HEIGHT="41" WIDTH="31" VPOS="798" HPOS="438"/>
<String CONTENT="1935;" HEIGHT="46" WIDTH="138" VPOS="798" HPOS="470"/>
<SP HEIGHT="46" WIDTH="33" VPOS="798" HPOS="609"/>
<String CONTENT="2c." HEIGHT="40" WIDTH="67" VPOS="798" HPOS="643"/>
<SP HEIGHT="29" WIDTH="32" VPOS="809" HPOS="711"/>
<String CONTENT="and" HEIGHT="39" WIDTH="94" VPOS="799" HPOS="744"/>
<SP HEIGHT="39" WIDTH="31" VPOS="799" HPOS="839"/>
<String CONTENT="aff." HEIGHT="40" WIDTH="81" VPOS="798" HPOS="871"/>
<SP HEIGHT="41" WIDTH="34" VPOS="798" HPOS="953"/>
<String CONTENT="Oct." HEIGHT="41" WIDTH="101" VPOS="798" HPOS="988"/>
<SP HEIGHT="39" WIDTH="34" VPOS="799" HPOS="1090"/>
<String CONTENT="14;" HEIGHT="46" WIDTH="80" VPOS="798" HPOS="1125"/>
<SP HEIGHT="45" WIDTH="35" VPOS="799" HPOS="1206"/>
<!-- cceid 9520A6F3-6D82-1014-B070-FDFD250A9EDA --><String CONTENT="A" HEIGHT="38" WIDTH="41" VPOS="799" HPOS="1242"/>
<SP HEIGHT="40" WIDTH="30" VPOS="798" HPOS="1284"/>
<String CONTENT="87682;" HEIGHT="47" WIDTH="169" VPOS="798" HPOS="1315"/>
<SP HEIGHT="46" WIDTH="35" VPOS="799" HPOS="1485"/>
<String CONTENT="V." HEIGHT="40" WIDTH="53" VPOS="799" HPOS="1521"/>
<SP HEIGHT="39" WIDTH="33" VPOS="800" HPOS="1575"/>
<String CONTENT="Williams," HEIGHT="49" WIDTH="255" VPOS="798" HPOS="1609"/>
<SP HEIGHT="48" WIDTH="33" VPOS="799" HPOS="1865"/>
<String CONTENT="London." HEIGHT="41" WIDTH="212" VPOS="799" HPOS="1899"/>
</TextLine>
<TextLine HEIGHT="48" WIDTH="277" VPOS="854" HPOS="201">
<String CONTENT="(35-19000)" HEIGHT="48" WIDTH="277" VPOS="854" HPOS="201"/>
</TextLine>
<TextLine HEIGHT="68" WIDTH="1041" VPOS="958" HPOS="128" STYLEREFS="StyleId-5EFB75E8-C177-4A47-8200-6C9740D7B0C2-">
<String CONTENT="[Wilmot," HEIGHT="68" WIDTH="274" VPOS="958" HPOS="128"/>
<SP HEIGHT="64" WIDTH="26" VPOS="959" HPOS="403"/>
<String CONTENT="James" HEIGHT="54" WIDTH="202" VPOS="959" HPOS="430"/>
<SP HEIGHT="53" WIDTH="25" VPOS="960" HPOS="633"/>
<String CONTENT="Reginald]" HEIGHT="67" WIDTH="304" VPOS="958" HPOS="659"/>
<SP HEIGHT="60" WIDTH="35" VPOS="965" HPOS="964"/>
<String CONTENT="1897-" HEIGHT="54" WIDTH="169" VPOS="961" HPOS="1000"/>
</TextLine>
<TextLine HEIGHT="70" WIDTH="1914" VPOS="1033" HPOS="190" STYLEREFS="StyleId-5EFB75E8-C177-4A47-8200-6C9740D7B0C2-" CS="1">
<String CONTENT="The" HEIGHT="54" WIDTH="121" VPOS="1033" HPOS="190"/>
<SP HEIGHT="53" WIDTH="24" VPOS="1034" HPOS="312"/>
<String CONTENT="Moorcroft" HEIGHT="53" WIDTH="319" VPOS="1034" HPOS="337"/>
<SP HEIGHT="47" WIDTH="27" VPOS="1040" HPOS="657"/>
<String CONTENT="manor" HEIGHT="34" WIDTH="197" VPOS="1053" HPOS="685"/>
<SP HEIGHT="34" WIDTH="26" VPOS="1053" HPOS="883"/>
<String CONTENT="mystery," HEIGHT="63" WIDTH="269" VPOS="1040" HPOS="910"/>
<SP HEIGHT="67" WIDTH="25" VPOS="1035" HPOS="1180"/>
<String CONTENT="by" HEIGHT="68" WIDTH="74" VPOS="1035" HPOS="1206"/>
<SP HEIGHT="68" WIDTH="28" VPOS="1035" HPOS="1281"/>
<String CONTENT="Ralph" HEIGHT="69" WIDTH="191" VPOS="1034" HPOS="1310"/>
<SP HEIGHT="52" WIDTH="31" VPOS="1035" HPOS="1502"/>
<String CONTENT="Trevor" HEIGHT="52" WIDTH="219" VPOS="1035" HPOS="1534"/>
<SP HEIGHT="47" WIDTH="22" VPOS="1053" HPOS="1754"/>
<String CS="1" CONTENT="[pseud.]" HEIGHT="67" WIDTH="209" VPOS="1036" HPOS="1798"/>
<SP HEIGHT="35" WIDTH="39" VPOS="1068" HPOS="2008"/>
<String CONTENT="&#8230;" HEIGHT="11" WIDTH="56" VPOS="1078" HPOS="2048"/>
</TextLine>
<TextLine HEIGHT="71" WIDTH="1030" VPOS="1110" HPOS="122" STYLEREFS="StyleId-5EFB75E8-C177-4A47-8200-6C9740D7B0C2-">
<String CONTENT="London," HEIGHT="69" WIDTH="255" VPOS="1110" HPOS="122"/>
<SP HEIGHT="67" WIDTH="23" VPOS="1112" HPOS="378"/>
<String CONTENT="Wright" HEIGHT="69" WIDTH="233" VPOS="1112" HPOS="402"/>
<SP HEIGHT="53" WIDTH="27" VPOS="1112" HPOS="636"/>
<String CONTENT="&amp;" HEIGHT="49" WIDTH="44" VPOS="1112" HPOS="664"/>
<SP HEIGHT="51" WIDTH="29" VPOS="1112" HPOS="709"/>
<String CONTENT="Brown" HEIGHT="51" WIDTH="209" VPOS="1114" HPOS="739"/>
<SP HEIGHT="49" WIDTH="31" VPOS="1130" HPOS="949"/>
<String CONTENT="[1935]" HEIGHT="64" WIDTH="171" VPOS="1115" HPOS="981"/>
</TextLine>
<TextLine HEIGHT="50" WIDTH="332" VPOS="1182" HPOS="190">
<String CONTENT="249" HEIGHT="42" WIDTH="85" VPOS="1182" HPOS="190"/>
<SP HEIGHT="48" WIDTH="29" VPOS="1184" HPOS="276"/>
<String CONTENT="p." HEIGHT="37" WIDTH="40" VPOS="1195" HPOS="306"/>
<SP HEIGHT="41" WIDTH="59" VPOS="1184" HPOS="347"/>
<String CONTENT="19" HEIGHT="40" WIDTH="55" VPOS="1184" HPOS="407"/>
<String STYLE="superscript" CONTENT="cm" HEIGHT="21" WIDTH="43" VPOS="1186" HPOS="466"/>
<String CONTENT="." HEIGHT="9" WIDTH="9" VPOS="1216" HPOS="513"/>
</TextLine>
<TextLine HEIGHT="54" WIDTH="1991" VPOS="1252" HPOS="123" CS="1">
<String CONTENT="&#169;" HEIGHT="53" WIDTH="51" VPOS="1252" HPOS="123"/>
<SP/>
<String CS="1" CONTENT="1c."/>
<SP/>
<String CONTENT="Apr." HEIGHT="48" WIDTH="112" VPOS="1257" HPOS="285"/>
<SP HEIGHT="38" WIDTH="21" VPOS="1258" HPOS="398"/>
<String CONTENT="20," HEIGHT="46" WIDTH="68" VPOS="1257" HPOS="420"/>
<SP HEIGHT="45" WIDTH="23" VPOS="1258" HPOS="489"/>
<String CS="1" CONTENT="1935;" HEIGHT="40" WIDTH="112" VPOS="1256" HPOS="513"/>
<SP HEIGHT="46" WIDTH="25" VPOS="1256" HPOS="652"/>
<!-- cceid 9520F6A7-6D82-1014-B070-FDFD250A9EDA --><String CONTENT="A" HEIGHT="39" WIDTH="38" VPOS="1256" HPOS="678"/>
<SP HEIGHT="40" WIDTH="23" VPOS="1256" HPOS="717"/>
<String CONTENT="ad" HEIGHT="38" WIDTH="57" VPOS="1258" HPOS="741"/>
<SP HEIGHT="40" WIDTH="26" VPOS="1256" HPOS="799"/>
<String CONTENT="int." HEIGHT="40" WIDTH="83" VPOS="1256" HPOS="826"/>
<SP HEIGHT="37" WIDTH="23" VPOS="1258" HPOS="910"/>
<String CS="1" CONTENT="20148;" HEIGHT="40" WIDTH="142" VPOS="1257" HPOS="934"/>
<SP HEIGHT="38" WIDTH="26" VPOS="1267" HPOS="1104"/>
<String CONTENT="pubd." HEIGHT="48" WIDTH="141" VPOS="1257" HPOS="1131"/>
<SP HEIGHT="39" WIDTH="24" VPOS="1257" HPOS="1273"/>
<String CONTENT="Feb." HEIGHT="39" WIDTH="108" VPOS="1257" HPOS="1298"/>
<SP HEIGHT="38" WIDTH="24" VPOS="1258" HPOS="1407"/>
<String CS="1" CONTENT="20;" HEIGHT="38" WIDTH="54" VPOS="1258" HPOS="1432"/>
<SP HEIGHT="45" WIDTH="26" VPOS="1259" HPOS="1513"/>
<String LANG="fr" CONTENT="J." HEIGHT="39" WIDTH="44" VPOS="1259" HPOS="1540"/>
<SP HEIGHT="39" WIDTH="24" VPOS="1259" HPOS="1585"/>
<String CONTENT="R." HEIGHT="39" WIDTH="54" VPOS="1259" HPOS="1610"/>
<SP HEIGHT="39" WIDTH="24" VPOS="1259" HPOS="1665"/>
<String CONTENT="Wilmot," HEIGHT="50" WIDTH="211" VPOS="1256" HPOS="1690"/>
<SP HEIGHT="46" WIDTH="25" VPOS="1260" HPOS="1902"/>
<String CONTENT="Higher" HEIGHT="48" WIDTH="186" VPOS="1256" HPOS="1928"/>
</TextLine>
<TextLine HEIGHT="48" WIDTH="1166" VPOS="1313" HPOS="195">
<String CONTENT="Bebington," HEIGHT="48" WIDTH="282" VPOS="1313" HPOS="195"/>
<SP HEIGHT="46" WIDTH="26" VPOS="1314" HPOS="478"/>
<String CONTENT="Cheshire," HEIGHT="48" WIDTH="245" VPOS="1313" HPOS="505"/>
<SP HEIGHT="47" WIDTH="26" VPOS="1314" HPOS="751"/>
<String CONTENT="England." HEIGHT="47" WIDTH="234" VPOS="1313" HPOS="778"/>
<SP HEIGHT="47" WIDTH="68" VPOS="1314" HPOS="1013"/>
<String CONTENT="(35-19998)" HEIGHT="47" WIDTH="279" VPOS="1314" HPOS="1082"/>
</TextLine>
<TextLine HEIGHT="67" WIDTH="909" VPOS="1414" HPOS="125" STYLEREFS="StyleId-46935669-F3EA-4A00-984F-E75123BAD6CB-">
<String CONTENT="Winbray," HEIGHT="67" WIDTH="300" VPOS="1414" HPOS="125"/>
<SP HEIGHT="65" WIDTH="29" VPOS="1416" HPOS="426"/>
<String CONTENT="David" HEIGHT="54" WIDTH="188" VPOS="1415" HPOS="456"/>
<SP HEIGHT="53" WIDTH="27" VPOS="1416" HPOS="645"/>
<String CONTENT="Neel," HEIGHT="64" WIDTH="162" VPOS="1416" HPOS="673"/>
<SP HEIGHT="57" WIDTH="26" VPOS="1423" HPOS="836"/>
<String CONTENT="1866-" HEIGHT="50" WIDTH="171" VPOS="1420" HPOS="863"/>
</TextLine>
<TextLine HEIGHT="71" WIDTH="1922" VPOS="1491" HPOS="192" STYLEREFS="StyleId-5EFB75E8-C177-4A47-8200-6C9740D7B0C2-" CS="1">
<String CONTENT="Ozarka," HEIGHT="68" WIDTH="246" VPOS="1492" HPOS="192"/>
<SP HEIGHT="67" WIDTH="42" VPOS="1493" HPOS="439"/>
<String CONTENT="by" HEIGHT="67" WIDTH="76" VPOS="1493" HPOS="482"/>
<SP HEIGHT="68" WIDTH="42" VPOS="1492" HPOS="559"/>
<String CONTENT="Dave" HEIGHT="52" WIDTH="161" VPOS="1492" HPOS="602"/>
<SP HEIGHT="53" WIDTH="44" VPOS="1493" HPOS="764"/>
<String CONTENT="Winbray." HEIGHT="70" WIDTH="295" VPOS="1491" HPOS="809"/>
<SP HEIGHT="33" WIDTH="87" VPOS="1526" HPOS="1105"/>
<String CS="1" CONTENT="[San" HEIGHT="55" WIDTH="116" VPOS="1492" HPOS="1213"/>
<SP HEIGHT="52" WIDTH="43" VPOS="1493" HPOS="1330"/>
<String CONTENT="Antonio," HEIGHT="69" WIDTH="273" VPOS="1492" HPOS="1374"/>
<SP HEIGHT="67" WIDTH="45" VPOS="1494" HPOS="1648"/>
<String CONTENT="Tex.," HEIGHT="67" WIDTH="155" VPOS="1494" HPOS="1694"/>
<SP HEIGHT="68" WIDTH="44" VPOS="1493" HPOS="1850"/>
<String CONTENT="Naylor" HEIGHT="70" WIDTH="219" VPOS="1492" HPOS="1895"/>
</TextLine>
<TextLine HEIGHT="70" WIDTH="591" VPOS="1569" HPOS="123" STYLEREFS="StyleId-5EFB75E8-C177-4A47-8200-6C9740D7B0C2-">
<String LANG="en-US" CONTENT="printing" HEIGHT="70" WIDTH="261" VPOS="1569" HPOS="123"/>
<SP HEIGHT="50" WIDTH="27" VPOS="1589" HPOS="385"/>
<String LANG="ru" CONTENT="co.," HEIGHT="51" WIDTH="97" VPOS="1588" HPOS="413"/>
<SP HEIGHT="62" WIDTH="28" VPOS="1577" HPOS="511"/>
<String STYLE="superscript" LANG="en-US" CONTENT="c" HEIGHT="22" WIDTH="18" VPOS="1577" HPOS="540"/>
<String LANG="en-US" CONTENT="1935]" HEIGHT="64" WIDTH="150" VPOS="1573" HPOS="564"/>
</TextLine>
<TextLine HEIGHT="50" WIDTH="735" VPOS="1642" HPOS="195" CS="1">
<String CONTENT="1" HEIGHT="40" WIDTH="25" VPOS="1643" HPOS="195"/>
<SP HEIGHT="49" WIDTH="25" VPOS="1643" HPOS="221"/>
<String CONTENT="p." HEIGHT="39" WIDTH="44" VPOS="1653" HPOS="247"/>
<SP/>
<String CS="1" CONTENT="l.,"/>
<SP/>
<String CONTENT="22" HEIGHT="40" WIDTH="60" VPOS="1643" HPOS="390"/>
<SP HEIGHT="49" WIDTH="22" VPOS="1643" HPOS="451"/>
<String CONTENT="p." HEIGHT="38" WIDTH="42" VPOS="1654" HPOS="474"/>
<SP HEIGHT="40" WIDTH="58" VPOS="1643" HPOS="517"/>
<String CONTENT="front." HEIGHT="41" WIDTH="149" VPOS="1643" HPOS="576"/>
<SP HEIGHT="40" WIDTH="58" VPOS="1643" HPOS="726"/>
<String CS="1" CONTENT="19&#189;cm." HEIGHT="42" WIDTH="145" VPOS="1642" HPOS="785"/>
</TextLine>
<TextLine HEIGHT="53" WIDTH="1987" VPOS="1709" HPOS="125" CS="1">
<String CONTENT="&#169;" HEIGHT="53" WIDTH="51" VPOS="1709" HPOS="125"/>
<SP HEIGHT="53" WIDTH="24" VPOS="1709" HPOS="177"/>
<String CONTENT="July" HEIGHT="47" WIDTH="114" VPOS="1714" HPOS="202"/>
<SP HEIGHT="48" WIDTH="25" VPOS="1713" HPOS="317"/>
<String CONTENT="20," HEIGHT="47" WIDTH="69" VPOS="1713" HPOS="343"/>
<SP HEIGHT="47" WIDTH="27" VPOS="1713" HPOS="413"/>
<String CONTENT="1935;" HEIGHT="46" WIDTH="140" VPOS="1713" HPOS="441"/>
<SP HEIGHT="46" WIDTH="26" VPOS="1713" HPOS="582"/>
<String CONTENT="2c." HEIGHT="40" WIDTH="67" VPOS="1713" HPOS="609"/>
<SP HEIGHT="40" WIDTH="26" VPOS="1713" HPOS="677"/>
<String CONTENT="Aug." HEIGHT="48" WIDTH="119" VPOS="1713" HPOS="704"/>
<SP HEIGHT="39" WIDTH="28" VPOS="1714" HPOS="824"/>
<String CONTENT="3;" HEIGHT="46" WIDTH="51" VPOS="1714" HPOS="853"/>
<SP HEIGHT="36" WIDTH="28" VPOS="1724" HPOS="905"/>
<String CONTENT="aff." HEIGHT="40" WIDTH="82" VPOS="1713" HPOS="934"/>
<SP HEIGHT="40" WIDTH="28" VPOS="1713" HPOS="1017"/>
<String CONTENT="July" HEIGHT="47" WIDTH="115" VPOS="1713" HPOS="1046"/>
<SP HEIGHT="47" WIDTH="26" VPOS="1713" HPOS="1162"/>
<String CS="1" CONTENT="27;" HEIGHT="40" WIDTH="54" VPOS="1713" HPOS="1189"/>
<SP HEIGHT="46" WIDTH="30" VPOS="1713" HPOS="1272"/>
<!-- cceid 9521367F-6D82-1014-B070-FDFD250A9EDA --><String CONTENT="A" HEIGHT="39" WIDTH="39" VPOS="1713" HPOS="1303"/>
<SP HEIGHT="40" WIDTH="28" VPOS="1713" HPOS="1343"/>
<String CONTENT="85323;" HEIGHT="47" WIDTH="168" VPOS="1713" HPOS="1372"/>
<SP HEIGHT="45" WIDTH="32" VPOS="1715" HPOS="1541"/>
<String CONTENT="Dave" HEIGHT="40" WIDTH="136" VPOS="1715" HPOS="1574"/>
<SP HEIGHT="40" WIDTH="25" VPOS="1715" HPOS="1711"/>
<String CONTENT="Winbray," HEIGHT="47" WIDTH="247" VPOS="1714" HPOS="1737"/>
<SP HEIGHT="44" WIDTH="32" VPOS="1717" HPOS="1985"/>
<String CONTENT="San" HEIGHT="40" WIDTH="94" VPOS="1717" HPOS="2018"/>
</TextLine>
<TextLine HEIGHT="51" WIDTH="571" VPOS="1768" HPOS="194">
<String CONTENT="Antonio." HEIGHT="42" WIDTH="221" VPOS="1769" HPOS="194"/>
<SP HEIGHT="49" WIDTH="69" VPOS="1768" HPOS="416"/>
<String CONTENT="(35-20675)" HEIGHT="51" WIDTH="279" VPOS="1768" HPOS="486"/>
</TextLine>
<TextLine HEIGHT="66" WIDTH="585" VPOS="1873" HPOS="127" STYLEREFS="StyleId-46935669-F3EA-4A00-984F-E75123BAD6CB-">
<String CONTENT="Winslow," HEIGHT="66" WIDTH="292" VPOS="1873" HPOS="127"/>
<SP HEIGHT="66" WIDTH="25" VPOS="1873" HPOS="420"/>
<String CONTENT="Ann," HEIGHT="64" WIDTH="154" VPOS="1873" HPOS="446"/>
<SP HEIGHT="46" WIDTH="26" VPOS="1891" HPOS="601"/>
<String CONTENT="ed." HEIGHT="54" WIDTH="84" VPOS="1873" HPOS="628"/>
</TextLine>
<TextLine HEIGHT="71" WIDTH="1918" VPOS="1949" HPOS="196" STYLEREFS="StyleId-5EFB75E8-C177-4A47-8200-6C9740D7B0C2-">
<String CONTENT="Trial" HEIGHT="53" WIDTH="162" VPOS="1949" HPOS="196"/>
<SP HEIGHT="54" WIDTH="37" VPOS="1949" HPOS="359"/>
<String CONTENT="balances," HEIGHT="69" WIDTH="277" VPOS="1949" HPOS="397"/>
<SP HEIGHT="49" WIDTH="39" VPOS="1969" HPOS="675"/>
<String CONTENT="edited" HEIGHT="54" WIDTH="186" VPOS="1950" HPOS="715"/>
<SP HEIGHT="53" WIDTH="37" VPOS="1950" HPOS="902"/>
<String CONTENT="by" HEIGHT="68" WIDTH="76" VPOS="1950" HPOS="940"/>
<SP HEIGHT="66" WIDTH="36" VPOS="1952" HPOS="1017"/>
<String CONTENT="Ann" HEIGHT="51" WIDTH="134" VPOS="1952" HPOS="1054"/>
<SP HEIGHT="53" WIDTH="38" VPOS="1953" HPOS="1189"/>
<String CONTENT="Winslow." HEIGHT="55" WIDTH="292" VPOS="1951" HPOS="1228"/>
<SP HEIGHT="53" WIDTH="74" VPOS="1953" HPOS="1521"/>
<String CONTENT="New" HEIGHT="53" WIDTH="137" VPOS="1953" HPOS="1596"/>
<SP HEIGHT="52" WIDTH="40" VPOS="1954" HPOS="1734"/>
<String CONTENT="York," HEIGHT="66" WIDTH="178" VPOS="1954" HPOS="1775"/>
<SP HEIGHT="64" WIDTH="39" VPOS="1956" HPOS="1954"/>
<String CONTENT="The" HEIGHT="52" WIDTH="120" VPOS="1955" HPOS="1994"/>
</TextLine>
<TextLine HEIGHT="69" WIDTH="841" VPOS="2027" HPOS="125" STYLEREFS="StyleId-5EFB75E8-C177-4A47-8200-6C9740D7B0C2-">
<String CONTENT="Macmillan" HEIGHT="55" WIDTH="331" VPOS="2027" HPOS="125"/>
<SP HEIGHT="35" WIDTH="32" VPOS="2047" HPOS="457"/>
<String CONTENT="company," HEIGHT="50" WIDTH="295" VPOS="2046" HPOS="490"/>
<SP HEIGHT="61" WIDTH="32" VPOS="2034" HPOS="786"/>
<String CONTENT="1935." HEIGHT="50" WIDTH="147" VPOS="2033" HPOS="819"/>
</TextLine>
<TextLine HEIGHT="51" WIDTH="683" VPOS="2099" HPOS="197" STYLEREFS="StyleId-5EFB75E8-C177-4A47-8200-6C9740D7B0C2-" CS="1">
<String CONTENT="xvi" HEIGHT="42" WIDTH="83" VPOS="2100" HPOS="197"/>
<SP HEIGHT="50" WIDTH="25" VPOS="2100" HPOS="281"/>
<String LANG="fr" CONTENT="p.," HEIGHT="39" WIDTH="58" VPOS="2111" HPOS="307"/>
<SP HEIGHT="48" WIDTH="26" VPOS="2101" HPOS="366"/>
<String CONTENT="1" HEIGHT="40" WIDTH="25" VPOS="2101" HPOS="393"/>
<SP/>
<String CS="1" CONTENT="l.,"/>
<SP/>
<String CONTENT="225" HEIGHT="41" WIDTH="85" VPOS="2099" HPOS="520"/>
<SP HEIGHT="49" WIDTH="26" VPOS="2099" HPOS="606"/>
<String CONTENT="p." HEIGHT="37" WIDTH="42" VPOS="2111" HPOS="633"/>
<SP HEIGHT="39" WIDTH="58" VPOS="2101" HPOS="676"/>
<String CS="1" CONTENT="22&#189;" HEIGHT="39" WIDTH="55" VPOS="2101" HPOS="735"/>
<String STYLE="superscript" CONTENT="cm" HEIGHT="22" WIDTH="45" VPOS="2102" HPOS="822"/>
<String CONTENT="." HEIGHT="10" WIDTH="9" VPOS="2132" HPOS="871"/>
</TextLine>
<TextLine HEIGHT="49" WIDTH="1077" VPOS="2156" HPOS="200" CS="1">
<String CONTENT="On" HEIGHT="41" WIDTH="72" VPOS="2157" HPOS="200"/>
<SP HEIGHT="30" WIDTH="26" VPOS="2168" HPOS="273"/>
<String CS="1" CONTENT="cover;" HEIGHT="31" WIDTH="140" VPOS="2167" HPOS="300"/>
<SP HEIGHT="40" WIDTH="29" VPOS="2157" HPOS="467"/>
<String CONTENT="An" HEIGHT="39" WIDTH="73" VPOS="2157" HPOS="497"/>
<SP HEIGHT="30" WIDTH="25" VPOS="2168" HPOS="571"/>
<String CONTENT="anthology" HEIGHT="48" WIDTH="262" VPOS="2157" HPOS="597"/>
<SP HEIGHT="37" WIDTH="23" VPOS="2168" HPOS="860"/>
<String CONTENT="of" HEIGHT="41" WIDTH="52" VPOS="2156" HPOS="884"/>
<SP HEIGHT="41" WIDTH="23" VPOS="2156" HPOS="937"/>
<String CONTENT="new" HEIGHT="30" WIDTH="106" VPOS="2167" HPOS="961"/>
<SP HEIGHT="37" WIDTH="25" VPOS="2168" HPOS="1068"/>
<String CONTENT="poetry." HEIGHT="47" WIDTH="183" VPOS="2158" HPOS="1094"/>
</TextLine>
<TextLine HEIGHT="50" WIDTH="1914" VPOS="2213" HPOS="200">
<String CONTENT="Includes" HEIGHT="41" WIDTH="224" VPOS="2213" HPOS="200"/>
<SP HEIGHT="40" WIDTH="33" VPOS="2214" HPOS="425"/>
<String CONTENT="&#8220;Critical" HEIGHT="42" WIDTH="228" VPOS="2213" HPOS="459"/>
<SP HEIGHT="40" WIDTH="34" VPOS="2214" HPOS="688"/>
<String CONTENT="articles" HEIGHT="40" WIDTH="197" VPOS="2214" HPOS="723"/>
<SP HEIGHT="40" WIDTH="33" VPOS="2213" HPOS="921"/>
<String CONTENT="in" HEIGHT="40" WIDTH="48" VPOS="2213" HPOS="955"/>
<SP HEIGHT="29" WIDTH="34" VPOS="2224" HPOS="1004"/>
<String CONTENT="which" HEIGHT="41" WIDTH="158" VPOS="2213" HPOS="1039"/>
<SP HEIGHT="39" WIDTH="30" VPOS="2213" HPOS="1198"/>
<String CONTENT="important" HEIGHT="49" WIDTH="267" VPOS="2213" HPOS="1229"/>
<SP HEIGHT="48" WIDTH="33" VPOS="2215" HPOS="1497"/>
<String CONTENT="poets" HEIGHT="48" WIDTH="135" VPOS="2215" HPOS="1531"/>
<SP HEIGHT="30" WIDTH="32" VPOS="2224" HPOS="1667"/>
<String CONTENT="and" HEIGHT="39" WIDTH="95" VPOS="2215" HPOS="1700"/>
<SP HEIGHT="40" WIDTH="34" VPOS="2215" HPOS="1796"/>
<String CONTENT="critics" HEIGHT="43" WIDTH="165" VPOS="2213" HPOS="1831"/>
<SP HEIGHT="37" WIDTH="33" VPOS="2219" HPOS="1997"/>
<String CONTENT="tell" HEIGHT="40" WIDTH="83" VPOS="2216" HPOS="2031"/>
</TextLine>
<TextLine HEIGHT="50" WIDTH="1351" VPOS="2269" HPOS="131">
<String CONTENT="their" HEIGHT="42" WIDTH="126" VPOS="2269" HPOS="131"/>
<SP HEIGHT="31" WIDTH="24" VPOS="2281" HPOS="258"/>
<String CONTENT="opinions" HEIGHT="50" WIDTH="222" VPOS="2269" HPOS="283"/>
<SP HEIGHT="30" WIDTH="27" VPOS="2281" HPOS="506"/>
<String CONTENT="of" HEIGHT="40" WIDTH="51" VPOS="2271" HPOS="534"/>
<SP HEIGHT="40" WIDTH="28" VPOS="2271" HPOS="586"/>
<String CONTENT="the" HEIGHT="40" WIDTH="81" VPOS="2271" HPOS="615"/>
<SP HEIGHT="37" WIDTH="26" VPOS="2281" HPOS="697"/>
<String CONTENT="young" HEIGHT="40" WIDTH="158" VPOS="2279" HPOS="724"/>
<SP HEIGHT="38" WIDTH="28" VPOS="2281" HPOS="883"/>
<String CONTENT="writers.&#8221;&#8212;Foreword." HEIGHT="43" WIDTH="570" VPOS="2269" HPOS="912"/>
</TextLine>
<TextLine HEIGHT="50" WIDTH="924" VPOS="2326" HPOS="201" CS="1">
<String CONTENT="&#8220;Biographical" HEIGHT="50" WIDTH="368" VPOS="2326" HPOS="201"/>
<SP HEIGHT="40" WIDTH="33" VPOS="2328" HPOS="570"/>
<String CS="1" CONTENT="notes&#8221;;" HEIGHT="41" WIDTH="163" VPOS="2327" HPOS="604"/>
<SP HEIGHT="39" WIDTH="32" VPOS="2337" HPOS="799"/>
<String CONTENT="p." HEIGHT="38" WIDTH="41" VPOS="2338" HPOS="832"/>
<SP HEIGHT="40" WIDTH="33" VPOS="2328" HPOS="874"/>
<String CONTENT="213-217." HEIGHT="41" WIDTH="217" VPOS="2328" HPOS="908"/>
</TextLine>
<TextLine HEIGHT="53" WIDTH="1598" VPOS="2395" HPOS="129" CS="1">
<String CONTENT="&#169;" HEIGHT="53" WIDTH="51" VPOS="2395" HPOS="129"/>
<SP HEIGHT="53" WIDTH="22" VPOS="2395" HPOS="181"/>
<String CONTENT="Oct." HEIGHT="41" WIDTH="100" VPOS="2399" HPOS="204"/>
<SP HEIGHT="40" WIDTH="23" VPOS="2400" HPOS="305"/>
<String CONTENT="8," HEIGHT="47" WIDTH="39" VPOS="2400" HPOS="329"/>
<SP HEIGHT="48" WIDTH="24" VPOS="2399" HPOS="369"/>
<String CS="1" CONTENT="1935;" HEIGHT="41" WIDTH="111" VPOS="2398" HPOS="394"/>
<SP HEIGHT="46" WIDTH="25" VPOS="2399" HPOS="533"/>
<String CONTENT="2c." HEIGHT="41" WIDTH="68" VPOS="2399" HPOS="559"/>
<SP HEIGHT="30" WIDTH="24" VPOS="2410" HPOS="628"/>
<String CONTENT="and" HEIGHT="39" WIDTH="95" VPOS="2400" HPOS="653"/>
<SP HEIGHT="39" WIDTH="23" VPOS="2400" HPOS="749"/>
<String CONTENT="aff." HEIGHT="41" WIDTH="82" VPOS="2398" HPOS="773"/>
<SP HEIGHT="42" WIDTH="24" VPOS="2397" HPOS="856"/>
<String CONTENT="Oct." HEIGHT="42" WIDTH="101" VPOS="2397" HPOS="881"/>
<SP HEIGHT="42" WIDTH="24" VPOS="2397" HPOS="983"/>
<String CS="1" CONTENT="9;" HEIGHT="40" WIDTH="29" VPOS="2397" HPOS="1008"/>
<SP HEIGHT="47" WIDTH="27" VPOS="2399" HPOS="1061"/>
<!-- cceid 9521752F-6D82-1014-B070-FDFD250A9EDA --><String CONTENT="A" HEIGHT="38" WIDTH="39" VPOS="2399" HPOS="1089"/>
<SP HEIGHT="40" WIDTH="23" VPOS="2399" HPOS="1129"/>
<String CS="1" CONTENT="87540;" HEIGHT="41" WIDTH="145" VPOS="2398" HPOS="1153"/>
<SP HEIGHT="46" WIDTH="29" VPOS="2399" HPOS="1323"/>
<String CONTENT="Macmillan" HEIGHT="40" WIDTH="279" VPOS="2398" HPOS="1353"/>
<SP HEIGHT="30" WIDTH="26" VPOS="2409" HPOS="1633"/>
<String LANG="ru" CONTENT="co." HEIGHT="29" WIDTH="67" VPOS="2410" HPOS="1660"/>
</TextLine>
<TextLine HEIGHT="49" WIDTH="278" VPOS="2455" HPOS="207">
<String CONTENT="(35-18932)" HEIGHT="49" WIDTH="278" VPOS="2455" HPOS="207"/>
</TextLine>
<TextLine HEIGHT="66" WIDTH="670" VPOS="2559" HPOS="130" STYLEREFS="StyleId-46935669-F3EA-4A00-984F-E75123BAD6CB-">
<String CONTENT="Wise," HEIGHT="64" WIDTH="175" VPOS="2559" HPOS="130"/>
<SP HEIGHT="62" WIDTH="22" VPOS="2561" HPOS="306"/>
<String CONTENT="W." HEIGHT="52" WIDTH="88" VPOS="2561" HPOS="329"/>
<SP HEIGHT="51" WIDTH="25" VPOS="2561" HPOS="418"/>
<String CONTENT="Harvey," HEIGHT="63" WIDTH="260" VPOS="2561" HPOS="444"/>
<SP HEIGHT="64" WIDTH="23" VPOS="2561" HPOS="705"/>
<String CONTENT="jr." HEIGHT="64" WIDTH="71" VPOS="2561" HPOS="729"/>
</TextLine>
<TextLine HEIGHT="147" WIDTH="1961" VPOS="2632" HPOS="133" STYLEREFS="StyleId-5EFB75E8-C177-4A47-8200-6C9740D7B0C2-" CS="1">
<String CONTENT="A" HEIGHT="51" WIDTH="55" VPOS="2635" HPOS="197"/>
<SP HEIGHT="53" WIDTH="29" VPOS="2634" HPOS="253"/>
<String CONTENT="bibliography" HEIGHT="70" WIDTH="402" VPOS="2634" HPOS="283"/>
<SP HEIGHT="49" WIDTH="31" VPOS="2653" HPOS="686"/>
<String CONTENT="of" HEIGHT="54" WIDTH="63" VPOS="2634" HPOS="718"/>
<SP HEIGHT="52" WIDTH="30" VPOS="2634" HPOS="782"/>
<String CONTENT="Thomas" HEIGHT="52" WIDTH="247" VPOS="2635" HPOS="813"/>
<SP HEIGHT="53" WIDTH="30" VPOS="2634" HPOS="1061"/>
<String CONTENT="Jefferson," HEIGHT="70" WIDTH="300" VPOS="2632" HPOS="1092"/>
<SP HEIGHT="50" WIDTH="30" VPOS="2652" HPOS="1393"/>
<String CONTENT="compiled" HEIGHT="68" WIDTH="278" VPOS="2633" HPOS="1424"/>
<SP HEIGHT="54" WIDTH="30" VPOS="2633" HPOS="1703"/>
<String CONTENT="by" HEIGHT="68" WIDTH="75" VPOS="2633" HPOS="1734"/>
<SP HEIGHT="68" WIDTH="33" VPOS="2633" HPOS="1810"/>
<String CONTENT="W." HEIGHT="53" WIDTH="87" VPOS="2633" HPOS="1844"/>
<SP HEIGHT="51" WIDTH="35" VPOS="2634" HPOS="1932"/>
<String CONTENT="Harvey" HEIGHT="145" WIDTH="1961" VPOS="2634" HPOS="133"/>
</TextLine>
<TextLine HEIGHT="71" WIDTH="1835" VPOS="2709" HPOS="283" STYLEREFS="StyleId-5EFB75E8-C177-4A47-8200-6C9740D7B0C2-">
<String CONTENT="Wise," HEIGHT="65" WIDTH="171" VPOS="2712" HPOS="283"/>
<SP HEIGHT="68" WIDTH="46" VPOS="2710" HPOS="455"/>
<String CONTENT="jr.," HEIGHT="69" WIDTH="89" VPOS="2710" HPOS="502"/>
<SP HEIGHT="48" WIDTH="46" VPOS="2731" HPOS="592"/>
<String CONTENT="and" HEIGHT="52" WIDTH="111" VPOS="2712" HPOS="639"/>
<SP HEIGHT="53" WIDTH="49" VPOS="2712" HPOS="751"/>
<String CONTENT="John" HEIGHT="54" WIDTH="151" VPOS="2711" HPOS="801"/>
<SP HEIGHT="52" WIDTH="49" VPOS="2711" HPOS="953"/>
<String CONTENT="W." HEIGHT="52" WIDTH="86" VPOS="2711" HPOS="1003"/>
<SP HEIGHT="53" WIDTH="54" VPOS="2711" HPOS="1090"/>
<String CONTENT="Cronin." HEIGHT="55" WIDTH="230" VPOS="2709" HPOS="1145"/>
<SP HEIGHT="52" WIDTH="90" VPOS="2711" HPOS="1376"/>
<String CONTENT="Washington," HEIGHT="70" WIDTH="396" VPOS="2709" HPOS="1467"/>
<SP HEIGHT="68" WIDTH="50" VPOS="2711" HPOS="1864"/>
<String LANG="fr" CONTENT="D." HEIGHT="52" WIDTH="68" VPOS="2711" HPOS="1915"/>
<SP HEIGHT="54" WIDTH="53" VPOS="2711" HPOS="1984"/>
<String CONTENT="C.," HEIGHT="69" WIDTH="80" VPOS="2711" HPOS="2038"/>
</TextLine>
<TextLine HEIGHT="69" WIDTH="1168" VPOS="2786" HPOS="132" STYLEREFS="StyleId-5EFB75E8-C177-4A47-8200-6C9740D7B0C2-">
<String CONTENT="Riverford" HEIGHT="56" WIDTH="307" VPOS="2786" HPOS="132"/>
<SP HEIGHT="67" WIDTH="28" VPOS="2788" HPOS="440"/>
<String CONTENT="publishing" HEIGHT="68" WIDTH="331" VPOS="2787" HPOS="469"/>
<SP HEIGHT="50" WIDTH="26" VPOS="2805" HPOS="801"/>
<String CONTENT="company," HEIGHT="50" WIDTH="290" VPOS="2805" HPOS="828"/>
<SP HEIGHT="63" WIDTH="32" VPOS="2791" HPOS="1119"/>
<String CONTENT="1935." HEIGHT="50" WIDTH="148" VPOS="2790" HPOS="1152"/>
</TextLine>
<TextLine HEIGHT="50" WIDTH="1911" VPOS="2858" HPOS="197" CS="1">
<String CONTENT="72" HEIGHT="41" WIDTH="56" VPOS="2858" HPOS="197"/>
<SP HEIGHT="49" WIDTH="25" VPOS="2858" HPOS="254"/>
<String CONTENT="p." HEIGHT="38" WIDTH="44" VPOS="2869" HPOS="280"/>
<SP HEIGHT="41" WIDTH="57" VPOS="2859" HPOS="325"/>
<String CONTENT="26" HEIGHT="40" WIDTH="57" VPOS="2859" HPOS="383"/>
<String STYLE="superscript" CONTENT="cm" HEIGHT="21" WIDTH="44" VPOS="2862" HPOS="441"/>
<String CONTENT="." HEIGHT="9" WIDTH="8" VPOS="2890" HPOS="490"/>
<SP HEIGHT="47" WIDTH="68" VPOS="2859" HPOS="499"/>
<String CONTENT="(On" HEIGHT="47" WIDTH="98" VPOS="2859" HPOS="568"/>
<SP HEIGHT="30" WIDTH="27" VPOS="2872" HPOS="667"/>
<String CS="1" CONTENT="cover;" HEIGHT="30" WIDTH="139" VPOS="2872" HPOS="695"/>
<SP HEIGHT="41" WIDTH="28" VPOS="2860" HPOS="857"/>
<String CONTENT="&#8220;Presidential" HEIGHT="40" WIDTH="350" VPOS="2860" HPOS="886"/>
<SP HEIGHT="39" WIDTH="30" VPOS="2861" HPOS="1237"/>
<String CONTENT="bibliographical" HEIGHT="48" WIDTH="399" VPOS="2860" HPOS="1268"/>
<SP HEIGHT="39" WIDTH="31" VPOS="2862" HPOS="1668"/>
<String CONTENT="series," HEIGHT="40" WIDTH="164" VPOS="2861" HPOS="1700"/>
<SP HEIGHT="28" WIDTH="57" VPOS="2872" HPOS="1865"/>
<String CONTENT="no." HEIGHT="29" WIDTH="74" VPOS="2872" HPOS="1923"/>
<SP HEIGHT="41" WIDTH="29" VPOS="2860" HPOS="1998"/>
<String CONTENT="3&#8221;)" HEIGHT="49" WIDTH="80" VPOS="2859" HPOS="2028"/>
</TextLine>
<TextLine HEIGHT="50" WIDTH="800" VPOS="2915" HPOS="201">
<String CONTENT="Includes" HEIGHT="42" WIDTH="222" VPOS="2915" HPOS="201"/>
<SP HEIGHT="40" WIDTH="27" VPOS="2916" HPOS="424"/>
<String CONTENT="blank" HEIGHT="40" WIDTH="146" VPOS="2916" HPOS="452"/>
<SP HEIGHT="49" WIDTH="27" VPOS="2916" HPOS="599"/>
<String CONTENT="pages" HEIGHT="39" WIDTH="145" VPOS="2926" HPOS="627"/>
<SP HEIGHT="45" WIDTH="36" VPOS="2917" HPOS="773"/>
<String CONTENT="(67-72)" HEIGHT="46" WIDTH="191" VPOS="2916" HPOS="810"/>
</TextLine>
<TextLine HEIGHT="54" WIDTH="1983" VPOS="2977" HPOS="134" CS="1">
<String CONTENT="&#169;" HEIGHT="53" WIDTH="51" VPOS="2977" HPOS="134"/>
<SP HEIGHT="53" WIDTH="30" VPOS="2977" HPOS="186"/>
<String CONTENT="Oct." HEIGHT="41" WIDTH="100" VPOS="2982" HPOS="217"/>
<SP HEIGHT="39" WIDTH="35" VPOS="2983" HPOS="318"/>
<String CONTENT="17," HEIGHT="46" WIDTH="67" VPOS="2983" HPOS="354"/>
<SP HEIGHT="46" WIDTH="35" VPOS="2983" HPOS="422"/>
<String CONTENT="1935;" HEIGHT="48" WIDTH="139" VPOS="2981" HPOS="458"/>
<SP HEIGHT="46" WIDTH="34" VPOS="2983" HPOS="598"/>
<String CONTENT="2c." HEIGHT="38" WIDTH="65" VPOS="2983" HPOS="633"/>
<SP HEIGHT="28" WIDTH="35" VPOS="2993" HPOS="699"/>
<String CONTENT="and" HEIGHT="38" WIDTH="94" VPOS="2983" HPOS="735"/>
<SP HEIGHT="38" WIDTH="35" VPOS="2983" HPOS="830"/>
<String CONTENT="aff." HEIGHT="40" WIDTH="80" VPOS="2981" HPOS="866"/>
<SP HEIGHT="40" WIDTH="35" VPOS="2981" HPOS="947"/>
<String CONTENT="Oct." HEIGHT="40" WIDTH="100" VPOS="2981" HPOS="983"/>
<SP HEIGHT="39" WIDTH="37" VPOS="2981" HPOS="1084"/>
<String CS="1" CONTENT="18;" HEIGHT="39" WIDTH="53" VPOS="2981" HPOS="1122"/>
<SP HEIGHT="39" WIDTH="38" VPOS="2982" HPOS="1203"/>
<!-- cceid 9521B251-6D82-1014-B070-FDFD250A9EDA --><String CONTENT="A" HEIGHT="38" WIDTH="42" VPOS="2982" HPOS="1242"/>
<SP HEIGHT="40" WIDTH="31" VPOS="2981" HPOS="1285"/>
<String CONTENT="87770;" HEIGHT="47" WIDTH="169" VPOS="2981" HPOS="1317"/>
<SP HEIGHT="46" WIDTH="37" VPOS="2982" HPOS="1487"/>
<String LANG="fr" CONTENT="W." HEIGHT="40" WIDTH="71" VPOS="2982" HPOS="1525"/>
<SP HEIGHT="39" WIDTH="35" VPOS="2982" HPOS="1597"/>
<String CONTENT="H." HEIGHT="39" WIDTH="60" VPOS="2982" HPOS="1633"/>
<SP HEIGHT="40" WIDTH="34" VPOS="2982" HPOS="1694"/>
<String CONTENT="Wise," HEIGHT="51" WIDTH="144" VPOS="2980" HPOS="1729"/>
<SP HEIGHT="50" WIDTH="35" VPOS="2981" HPOS="1874"/>
<String CONTENT="jr.," HEIGHT="48" WIDTH="76" VPOS="2981" HPOS="1910"/>
<SP HEIGHT="36" WIDTH="34" VPOS="2993" HPOS="1987"/>
<String CONTENT="and" HEIGHT="39" WIDTH="95" VPOS="2983" HPOS="2022"/>
</TextLine>
<TextLine HEIGHT="49" WIDTH="1154" VPOS="3037" HPOS="201">
<String CONTENT="John" HEIGHT="39" WIDTH="126" VPOS="3039" HPOS="201"/>
<SP HEIGHT="39" WIDTH="25" VPOS="3040" HPOS="328"/>
<String CONTENT="W." HEIGHT="39" WIDTH="70" VPOS="3040" HPOS="354"/>
<SP HEIGHT="39" WIDTH="27" VPOS="3040" HPOS="425"/>
<String CONTENT="Cronin," HEIGHT="47" WIDTH="192" VPOS="3038" HPOS="453"/>
<SP HEIGHT="45" WIDTH="28" VPOS="3040" HPOS="646"/>
<String CONTENT="Washington." HEIGHT="47" WIDTH="330" VPOS="3038" HPOS="675"/>
<SP HEIGHT="47" WIDTH="70" VPOS="3038" HPOS="1006"/>
<String CONTENT="(35-20260)" HEIGHT="49" WIDTH="278" VPOS="3037" HPOS="1077"/>
</TextLine>
<TextLine HEIGHT="65" WIDTH="804" VPOS="3142" HPOS="135" STYLEREFS="StyleId-46935669-F3EA-4A00-984F-E75123BAD6CB-">
<String CONTENT="Wolber," HEIGHT="65" WIDTH="245" VPOS="3142" HPOS="135"/>
<SP HEIGHT="64" WIDTH="25" VPOS="3143" HPOS="381"/>
<String CONTENT="Joseph" HEIGHT="63" WIDTH="219" VPOS="3143" HPOS="407"/>
<SP HEIGHT="54" WIDTH="29" VPOS="3142" HPOS="627"/>
<String CONTENT="Gregory." HEIGHT="64" WIDTH="282" VPOS="3142" HPOS="657"/>
</TextLine>
<TextLine HEIGHT="71" WIDTH="1909" VPOS="3215" HPOS="209" STYLEREFS="StyleId-5EFB75E8-C177-4A47-8200-6C9740D7B0C2-">
<String CONTENT="&#8230;" HEIGHT="11" WIDTH="55" VPOS="3260" HPOS="209"/>
<SP HEIGHT="51" WIDTH="53" VPOS="3220" HPOS="265"/>
<String CONTENT="Practical" HEIGHT="54" WIDTH="283" VPOS="3217" HPOS="319"/>
<SP HEIGHT="52" WIDTH="51" VPOS="3218" HPOS="603"/>
<String CONTENT="and" HEIGHT="52" WIDTH="112" VPOS="3218" HPOS="655"/>
<SP HEIGHT="52" WIDTH="49" VPOS="3218" HPOS="768"/>
<String CONTENT="technical" HEIGHT="53" WIDTH="276" VPOS="3216" HPOS="818"/>
<SP HEIGHT="53" WIDTH="51" VPOS="3218" HPOS="1095"/>
<String CONTENT="electricity;" HEIGHT="70" WIDTH="341" VPOS="3215" HPOS="1147"/>
<SP HEIGHT="68" WIDTH="51" VPOS="3217" HPOS="1489"/>
<String CONTENT="house" HEIGHT="52" WIDTH="175" VPOS="3217" HPOS="1541"/>
<SP HEIGHT="35" WIDTH="48" VPOS="3234" HPOS="1717"/>
<String CONTENT="wiring," HEIGHT="68" WIDTH="227" VPOS="3217" HPOS="1766"/>
<SP HEIGHT="67" WIDTH="46" VPOS="3218" HPOS="1994"/>
<String CONTENT="by" HEIGHT="68" WIDTH="77" VPOS="3218" HPOS="2041"/>
</TextLine>
<TextLine HEIGHT="70" WIDTH="1985" VPOS="3294" HPOS="134" STYLEREFS="StyleId-5EFB75E8-C177-4A47-8200-6C9740D7B0C2-">
<String CONTENT="Joseph" HEIGHT="69" WIDTH="211" VPOS="3294" HPOS="134"/>
<SP HEIGHT="56" WIDTH="28" VPOS="3294" HPOS="346"/>
<String CONTENT="G." HEIGHT="56" WIDTH="68" VPOS="3294" HPOS="375"/>
<SP HEIGHT="53" WIDTH="26" VPOS="3296" HPOS="444"/>
<String CONTENT="Wolber" HEIGHT="54" WIDTH="233" VPOS="3295" HPOS="471"/>
<SP HEIGHT="32" WIDTH="31" VPOS="3316" HPOS="705"/>
<String CONTENT="&#8230;" HEIGHT="9" WIDTH="55" VPOS="3338" HPOS="737"/>
<SP HEIGHT="33" WIDTH="36" VPOS="3315" HPOS="793"/>
<String CONTENT="and" HEIGHT="52" WIDTH="112" VPOS="3296" HPOS="830"/>
<SP HEIGHT="55" WIDTH="31" VPOS="3294" HPOS="943"/>
<String CONTENT="Otto" HEIGHT="55" WIDTH="138" VPOS="3294" HPOS="975"/>
<SP HEIGHT="51" WIDTH="30" VPOS="3296" HPOS="1114"/>
<String CONTENT="K." HEIGHT="52" WIDTH="74" VPOS="3296" HPOS="1145"/>
<SP HEIGHT="53" WIDTH="30" VPOS="3295" HPOS="1220"/>
<String CONTENT="Rose" HEIGHT="54" WIDTH="148" VPOS="3295" HPOS="1251"/>
<SP HEIGHT="34" WIDTH="31" VPOS="3315" HPOS="1400"/>
<String CONTENT="&#8230;" HEIGHT="10" WIDTH="55" VPOS="3337" HPOS="1432"/>
<SP HEIGHT="49" WIDTH="69" VPOS="3298" HPOS="1488"/>
<String CONTENT="4th" HEIGHT="52" WIDTH="98" VPOS="3295" HPOS="1558"/>
<SP HEIGHT="52" WIDTH="31" VPOS="3295" HPOS="1657"/>
<String CONTENT="ed." HEIGHT="53" WIDTH="83" VPOS="3294" HPOS="1689"/>
<SP HEIGHT="55" WIDTH="76" VPOS="3294" HPOS="1773"/>
<String CONTENT="Chicago," HEIGHT="70" WIDTH="269" VPOS="3294" HPOS="1850"/>
</TextLine>
<TextLine HEIGHT="68" WIDTH="1396" VPOS="3372" HPOS="135" STYLEREFS="StyleId-5EFB75E8-C177-4A47-8200-6C9740D7B0C2-">
<String CONTENT="The" HEIGHT="53" WIDTH="117" VPOS="3372" HPOS="135"/>
<SP HEIGHT="55" WIDTH="25" VPOS="3372" HPOS="253"/>
<String CONTENT="Goodheart-Willcox" HEIGHT="55" WIDTH="599" VPOS="3372" HPOS="279"/>
<SP HEIGHT="34" WIDTH="25" VPOS="3391" HPOS="879"/>
<String CONTENT="company," HEIGHT="50" WIDTH="297" VPOS="3390" HPOS="905"/>
<SP HEIGHT="66" WIDTH="25" VPOS="3374" HPOS="1203"/>
<String CONTENT="inc.," HEIGHT="66" WIDTH="125" VPOS="3374" HPOS="1229"/>
<SP HEIGHT="64" WIDTH="26" VPOS="3376" HPOS="1355"/>
<String CONTENT="1935." HEIGHT="50" WIDTH="149" VPOS="3374" HPOS="1382"/>
</TextLine>
<TextLine HEIGHT="51" WIDTH="1906" VPOS="3443" HPOS="205" CS="1">
<String CONTENT="5" HEIGHT="40" WIDTH="26" VPOS="3445" HPOS="205"/>
<SP/>
<String CONTENT="p." HEIGHT="38" WIDTH="42" VPOS="3456" HPOS="250"/>
<SP/>
<String CS="1" CONTENT="l.,"/>
<SP/>
<String CONTENT="348" HEIGHT="40" WIDTH="88" VPOS="3446" HPOS="380"/>
<SP HEIGHT="48" WIDTH="19" VPOS="3446" HPOS="469"/>
<String CONTENT="p." HEIGHT="37" WIDTH="41" VPOS="3457" HPOS="489"/>
<SP HEIGHT="39" WIDTH="60" VPOS="3446" HPOS="531"/>
<String CONTENT="illus.," HEIGHT="47" WIDTH="141" VPOS="3446" HPOS="592"/>
<SP HEIGHT="46" WIDTH="22" VPOS="3447" HPOS="734"/>
<String CONTENT="diagrs." HEIGHT="48" WIDTH="176" VPOS="3445" HPOS="757"/>
<SP HEIGHT="41" WIDTH="59" VPOS="3445" HPOS="934"/>
<String CS="1" CONTENT="20&#189;" HEIGHT="40" WIDTH="58" VPOS="3445" HPOS="994"/>
<String STYLE="superscript" CONTENT="cm" HEIGHT="21" WIDTH="44" VPOS="3448" HPOS="1082"/>
<String CONTENT="." HEIGHT="8" WIDTH="8" VPOS="3477" HPOS="1131"/>
<SP HEIGHT="48" WIDTH="69" VPOS="3444" HPOS="1140"/>
<String CONTENT="(The" HEIGHT="48" WIDTH="124" VPOS="3444" HPOS="1210"/>
<SP HEIGHT="39" WIDTH="19" VPOS="3446" HPOS="1335"/>
<String CONTENT="American" HEIGHT="40" WIDTH="255" VPOS="3445" HPOS="1355"/>
<SP HEIGHT="29" WIDTH="21" VPOS="3456" HPOS="1611"/>
<String CONTENT="electrician" HEIGHT="42" WIDTH="279" VPOS="3443" HPOS="1633"/>
<SP HEIGHT="31" WIDTH="22" VPOS="3453" HPOS="1913"/>
<String CONTENT="series)" HEIGHT="48" WIDTH="175" VPOS="3446" HPOS="1936"/>
</TextLine>
<TextLine HEIGHT="57" WIDTH="1979" VPOS="3496" HPOS="139">
<String CONTENT="&#169;" HEIGHT="53" WIDTH="49" VPOS="3496" HPOS="139"/>
<SP HEIGHT="53" WIDTH="30" VPOS="3496" HPOS="189"/>
<String CONTENT="Oct." HEIGHT="42" WIDTH="99" VPOS="3501" HPOS="220"/>
<SP HEIGHT="40" WIDTH="31" VPOS="3503" HPOS="320"/>
<String CONTENT="15," HEIGHT="46" WIDTH="67" VPOS="3503" HPOS="352"/>
<SP HEIGHT="45" WIDTH="31" VPOS="3504" HPOS="420"/>
<String CONTENT="1935;" HEIGHT="47" WIDTH="139" VPOS="3502" HPOS="452"/>
<SP HEIGHT="46" WIDTH="33" VPOS="3503" HPOS="592"/>
<String CONTENT="2c." HEIGHT="40" WIDTH="67" VPOS="3503" HPOS="626"/>
<SP HEIGHT="29" WIDTH="31" VPOS="3514" HPOS="694"/>
<String CONTENT="and" HEIGHT="39" WIDTH="94" VPOS="3503" HPOS="726"/>
<SP HEIGHT="39" WIDTH="32" VPOS="3503" HPOS="821"/>
<String CONTENT="aff." HEIGHT="40" WIDTH="79" VPOS="3503" HPOS="854"/>
<SP HEIGHT="41" WIDTH="33" VPOS="3502" HPOS="934"/>
<String CONTENT="Oct." HEIGHT="41" WIDTH="102" VPOS="3502" HPOS="968"/>
<SP HEIGHT="39" WIDTH="32" VPOS="3503" HPOS="1071"/>
<String CONTENT="18;" HEIGHT="46" WIDTH="80" VPOS="3503" HPOS="1104"/>
<SP HEIGHT="46" WIDTH="34" VPOS="3503" HPOS="1185"/>
<!-- cceid 9521F2FA-6D82-1014-B070-FDFD250A9EDA --><String CONTENT="A" HEIGHT="38" WIDTH="42" VPOS="3503" HPOS="1220"/>
<SP HEIGHT="40" WIDTH="30" VPOS="3503" HPOS="1263"/>
<String CONTENT="87760;" HEIGHT="47" WIDTH="168" VPOS="3502" HPOS="1294"/>
<SP HEIGHT="47" WIDTH="36" VPOS="3502" HPOS="1463"/>
<String CONTENT="Goodheart-Willcox" HEIGHT="41" WIDTH="504" VPOS="3502" HPOS="1500"/>
<SP HEIGHT="30" WIDTH="31" VPOS="3514" HPOS="2005"/>
<String LANG="ru" CONTENT="co.," HEIGHT="38" WIDTH="81" VPOS="3515" HPOS="2037"/>
</TextLine>
<TextLine HEIGHT="51" WIDTH="435" VPOS="3557" HPOS="205">
<String CONTENT="inc." HEIGHT="42" WIDTH="87" VPOS="3557" HPOS="205"/>
<SP HEIGHT="49" WIDTH="69" VPOS="3559" HPOS="293"/>
<String CONTENT="(35-21233)" HEIGHT="49" WIDTH="277" VPOS="3559" HPOS="363"/>
</TextLine>
<TextLine HEIGHT="68" WIDTH="521" VPOS="3658" HPOS="139" STYLEREFS="StyleId-46935669-F3EA-4A00-984F-E75123BAD6CB-">
<String CONTENT="Wons," HEIGHT="68" WIDTH="191" VPOS="3658" HPOS="139"/>
<SP HEIGHT="64" WIDTH="28" VPOS="3662" HPOS="331"/>
<String CONTENT="Anthony." HEIGHT="63" WIDTH="300" VPOS="3662" HPOS="360"/>
</TextLine>
<TextLine HEIGHT="146" WIDTH="1952" VPOS="3737" HPOS="142" STYLEREFS="StyleId-5EFB75E8-C177-4A47-8200-6C9740D7B0C2-" CS="1">
<String CONTENT="Tony&#8217;s" HEIGHT="67" WIDTH="204" VPOS="3738" HPOS="208"/>
<SP HEIGHT="34" WIDTH="29" VPOS="3758" HPOS="413"/>
<String CONTENT="scrap" HEIGHT="49" WIDTH="162" VPOS="3757" HPOS="443"/>
<SP HEIGHT="66" WIDTH="31" VPOS="3740" HPOS="606"/>
<String CONTENT="book." HEIGHT="52" WIDTH="159" VPOS="3740" HPOS="638"/>
<SP HEIGHT="48" WIDTH="76" VPOS="3743" HPOS="798"/>
<String CONTENT="1935-36" HEIGHT="49" WIDTH="237" VPOS="3742" HPOS="875"/>
<SP HEIGHT="49" WIDTH="30" VPOS="3742" HPOS="1113"/>
<String CONTENT="ed." HEIGHT="52" WIDTH="83" VPOS="3739" HPOS="1144"/>
<SP HEIGHT="50" WIDTH="68" VPOS="3741" HPOS="1228"/>
<String CONTENT="By" HEIGHT="64" WIDTH="89" VPOS="3741" HPOS="1297"/>
<SP HEIGHT="65" WIDTH="30" VPOS="3740" HPOS="1387"/>
<String CONTENT="Anthony" HEIGHT="67" WIDTH="275" VPOS="3739" HPOS="1418"/>
<SP HEIGHT="65" WIDTH="27" VPOS="3741" HPOS="1694"/>
<String CONTENT="Wons." HEIGHT="53" WIDTH="194" VPOS="3741" HPOS="1722"/>
<SP HEIGHT="54" WIDTH="66" VPOS="3739" HPOS="1917"/>
<String CONTENT="Chicago," HEIGHT="143" WIDTH="1952" VPOS="3737" HPOS="142"/>
<SP HEIGHT="63" WIDTH="24" VPOS="3817" HPOS="293"/>
<String CONTENT="The" HEIGHT="52" WIDTH="119" VPOS="3816" HPOS="318"/>
<SP HEIGHT="49" WIDTH="27" VPOS="3819" HPOS="438"/>
<String CONTENT="Reilly" HEIGHT="66" WIDTH="188" VPOS="3816" HPOS="466"/>
<SP HEIGHT="61" WIDTH="26" VPOS="3821" HPOS="655"/>
<String CONTENT="&amp;" HEIGHT="48" WIDTH="45" VPOS="3821" HPOS="682"/>
<SP HEIGHT="51" WIDTH="25" VPOS="3818" HPOS="728"/>
<String CONTENT="Lee" HEIGHT="50" WIDTH="108" VPOS="3818" HPOS="754"/>
<SP HEIGHT="33" WIDTH="25" VPOS="3835" HPOS="863"/>
<String LANG="ru" CONTENT="co." HEIGHT="34" WIDTH="76" VPOS="3835" HPOS="889"/>
<SP HEIGHT="33" WIDTH="36" VPOS="3850" HPOS="966"/>
<String CONTENT="[" HEIGHT="33" WIDTH="11" VPOS="3850" HPOS="1003"/>
<String STYLE="superscript" CONTENT="c" HEIGHT="19" WIDTH="18" VPOS="3825" HPOS="1020"/>
<String CONTENT="1935]" HEIGHT="62" WIDTH="151" VPOS="3820" HPOS="1043"/>
</TextLine>
<TextLine HEIGHT="50" WIDTH="759" VPOS="3887" HPOS="208" CS="1">
<String CONTENT="113" HEIGHT="40" WIDTH="80" VPOS="3887" HPOS="208"/>
<SP HEIGHT="48" WIDTH="26" VPOS="3887" HPOS="289"/>
<String CONTENT="p." HEIGHT="37" WIDTH="42" VPOS="3898" HPOS="316"/>
<SP HEIGHT="39" WIDTH="53" VPOS="3888" HPOS="359"/>
<String CONTENT="front." HEIGHT="40" WIDTH="147" VPOS="3888" HPOS="413"/>
<SP HEIGHT="49" WIDTH="28" VPOS="3887" HPOS="561"/>
<String CONTENT="(port.)" HEIGHT="50" WIDTH="170" VPOS="3887" HPOS="590"/>
<SP HEIGHT="48" WIDTH="62" VPOS="3889" HPOS="761"/>
<String CS="1" CONTENT="21&#189;" HEIGHT="39" WIDTH="54" VPOS="3889" HPOS="824"/>
<String STYLE="superscript" CONTENT="cm" HEIGHT="21" WIDTH="44" VPOS="3891" HPOS="911"/>
<String CONTENT="." HEIGHT="9" WIDTH="8" VPOS="3919" HPOS="959"/>
</TextLine>
<TextLine HEIGHT="62" WIDTH="1976" VPOS="3929" HPOS="143" CS="1">
<String CONTENT="&#169;" HEIGHT="53" WIDTH="50" VPOS="3935" HPOS="143"/>
<SP HEIGHT="53" WIDTH="21" VPOS="3935" HPOS="194"/>
<String CONTENT="Oct." HEIGHT="41" WIDTH="99" VPOS="3942" HPOS="216"/>
<SP HEIGHT="38" WIDTH="22" VPOS="3945" HPOS="316"/>
<String CONTENT="7," HEIGHT="46" WIDTH="37" VPOS="3945" HPOS="339"/>
<SP HEIGHT="47" WIDTH="23" VPOS="3944" HPOS="377"/>
<String CS="1" CONTENT="1935;" HEIGHT="41" WIDTH="111" VPOS="3944" HPOS="401"/>
<SP HEIGHT="45" WIDTH="25" VPOS="3945" HPOS="540"/>
<String CONTENT="2c." HEIGHT="40" WIDTH="66" VPOS="3945" HPOS="566"/>
<SP HEIGHT="29" WIDTH="24" VPOS="3956" HPOS="633"/>
<String CONTENT="and" HEIGHT="39" WIDTH="93" VPOS="3946" HPOS="658"/>
<SP HEIGHT="38" WIDTH="24" VPOS="3946" HPOS="752"/>
<String CONTENT="aff." HEIGHT="40" WIDTH="80" VPOS="3944" HPOS="777"/>
<SP HEIGHT="56" WIDTH="24" VPOS="3929" HPOS="858"/>
<String CS="1" CONTENT="Oct." HEIGHT="38" WIDTH="59" VPOS="3947" HPOS="925"/>
<SP HEIGHT="39" WIDTH="25" VPOS="3945" HPOS="985"/>
<String CS="1" CONTENT="10;" HEIGHT="40" WIDTH="53" VPOS="3944" HPOS="1011"/>
<SP HEIGHT="44" WIDTH="25" VPOS="3945" HPOS="1091"/>
<!-- cceid 952232B2-6D82-1014-B070-FDFD250A9EDA --><String CONTENT="A" HEIGHT="38" WIDTH="38" VPOS="3945" HPOS="1117"/>
<SP HEIGHT="40" WIDTH="22" VPOS="3945" HPOS="1156"/>
<String CS="1" CONTENT="86684;" HEIGHT="41" WIDTH="141" VPOS="3944" HPOS="1179"/>
<SP HEIGHT="46" WIDTH="27" VPOS="3944" HPOS="1348"/>
<String CONTENT="A." HEIGHT="40" WIDTH="53" VPOS="3944" HPOS="1376"/>
<SP HEIGHT="40" WIDTH="25" VPOS="3944" HPOS="1430"/>
<String CONTENT="Wons," HEIGHT="47" WIDTH="159" VPOS="3944" HPOS="1456"/>
<SP HEIGHT="46" WIDTH="24" VPOS="3945" HPOS="1616"/>
<String CONTENT="Eagle" HEIGHT="46" WIDTH="151" VPOS="3944" HPOS="1641"/>
<SP HEIGHT="40" WIDTH="22" VPOS="3944" HPOS="1793"/>
<String CONTENT="River," HEIGHT="47" WIDTH="160" VPOS="3943" HPOS="1816"/>
<SP HEIGHT="47" WIDTH="25" VPOS="3943" HPOS="1977"/>
<String CONTENT="Wis." HEIGHT="43" WIDTH="116" VPOS="3941" HPOS="2003"/>
</TextLine>
</TextBlock>
<GraphicalElement ID="Page1479_Block3" HEIGHT="3655" WIDTH="22" VPOS="377" HPOS="36"/>
<GraphicalElement ID="Page1479_Block4" HEIGHT="144" WIDTH="6" VPOS="2538" HPOS="58"/>
<GraphicalElement ID="Page1479_Block5" HEIGHT="310" WIDTH="10" VPOS="3648" HPOS="60"/>
<GraphicalElement ID="Page1479_Block6" HEIGHT="214" WIDTH="12" VPOS="3186" HPOS="64"/>
</PrintSpace>
</Page>
</Layout>
</alto>