2424 4375
1228 4081 132 49 1416

301 464 219 66 James,
549 467 151 65 Will,
731 471 170 50 1892-

372 545 186 52 Home
608 547 193 64 ranch,
848 547 73 65 by
969 547 143 54 Will
1162 550 221 56 James;
1434 548 324 55 illustrated
1807 551 74 67 by
1929 552 93 53 the
2073 553 219 53 author.

302 622 139 51 New
486 623 179 57 York,
714 624 60 54 C.
823 624 311 56 Scribner's
1178 645 156 38 sons;
1382 628 257 59 London,
1685 627 61 55 C.
1796 628 310 56 Scribner’s
2150 649 144 48 sons,

300 699 122 61 ltd.,
454 704 149 50 1935.

370 773 117 47 xvii,
516 774 88 39 346
631 785 42 37 p.
704 775 110 40 incl.
843 776 163 46 front.,
1038 776 142 46 illus.,
1211 778 169 47 plates.
1441 779 54 38 21½cm.

301 826 53 53 ©
386 830 102 41 Oct.
521 832 68 44 11,
622 830 114 41 1935;
797 832 68 40 2c.
898 832 102 41 Oct.
1033 832 81 43 19;
1151 833 81 40 aff.
1266 833 101 41 Oct.
1398 833 84 42 25:
1517 836 38 38 A
1589 834 169 42 89040:
1796 835 201 40 Charles
2035 835 262 42 Scribner’s

373 898 123 28 sons.
569 887 254 48 (35-27364)

302 975 186 64 Kaye,
518 976 305 67 Etheldra,
853 983 169 50 1890-

368 1049 222 56 Scarlet
628 1051 276 70 children,
941 1053 76 70 by
1055 1053 279 54 Etheldra
1376 1054 181 70 Kaye.
1634 1056 138 52 New
1815 1056 178 69 York,
2033 1055 261 54 Alliance

297 1146 155 50 press
485 1163 13 34 [
504 1136 16 21 c
527 1134 151 63 1935]

366 1200 86 42 264
478 1212 44 39 p.
581 1202 58 41 20
641 1205 44 21 cm
688 1234 10 9 .

301 1256 53 53 ©
392 1262 126 39 June
557 1261 68 47 10,
665 1261 140 47 1935;
846 1261 65 41 2c.
953 1262 127 49 Sept.
1118 1262 52 41 9:
1212 1263 80 40 aff.
1335 1264 126 47 Sept.
1503 1266 50 44 7;
1594 1265 40 38 A
1674 1265 171 46 86625;
1887 1266 233 40 Etheldra
2161 1266 137 49 Kaye

369 1318 191 48 Polsky,
587 1319 260 47 Brooklyn.
918 1318 280 48 (35-19002)

301 1406 1933 73 Kentucky digest. 1935 cumulative annual pocket parts …
379 1486 1765 71 [for] vols. 1-20 … St. Paul, West publishing co. [ c 1935 3
369 1560 58 40 20
454 1572 41 27 v.
554 1560 56 40 25
612 1562 44 21 cm
661 1592 9 8 .

372 1618 154 37 These
557 1617 276 46 pamphlets
862 1627 84 28 are
977 1622 48 34 to
1055 1617 55 39 be
1141 1617 137 39 fitted
1309 1618 105 38 into
1443 1619 80 37 the
1556 1618 197 46 pockets
1784 1621 51 36 at
1867 1618 83 39 the
1981 1618 121 39 back
2133 1619 52 38 of
2215 1619 81 39 the

300 1674 217 38 volumes
542 1672 52 40 of
620 1674 82 38 the
727 1675 73 38 set
827 1677 47 35 to
902 1672 157 40 which
1089 1673 113 47 they
1230 1673 184 47 belong.

302 1725 53 53 ©
383 1730 127 47 Sept.
541 1731 67 41 11.
638 1728 114 41 1935;
810 1729 65 39 2c.
905 1729 118 43 each
1053 1729 101 41 Oct.
1186 1729 81 40 12:
1299 1728 83 41 aff.
1413 1729 101 41 Oct.
1545 1730 80 40 14:
1658 1731 41 37 A
1726 1728 169 49 86798;
1926 1731 140 40 West
2090 1732 109 46 pub.
2228 1738 67 32 co.

302 1816 275 66 Kimball,
608 1818 226 53 Dexter
863 1815 292 67 Simpson,
1188 1822 170 50 1865-

375 1893 1920 71 Elements of machine design, by Dexter S. Kimball … and
305 1973 1991 68 John H. Barr … 3d ed., thoroughly rev. and enl. New York,
303 2054 55 54 J.
385 2051 191 68 Wiley
601 2054 45 49 &
669 2071 145 48 sons,
840 2053 136 65 inc.;
1006 2052 259 66 London,
1292 2053 299 67 Chapman
1618 2057 45 50 &
1690 2053 160 67 Hall,
1877 2053 240 67 limited,
2147 2057 145 50 1935.

374 2136 45 35 x,
448 2126 87 40 476
560 2136 42 38 p.
659 2125 142 48 illus.,
830 2125 178 48 diagrs.
1065 2124 56 42 23½
1154 2127 44 21 cm
1203 2156 9 9 .
1328 2124 129 49 $4.00

376 2181 349 42 “References”
754 2187 51 35 at
832 2183 90 39 end
948 2183 52 39 of
1025 2186 125 36 most
1176 2182 53 40 of
1258 2182 81 43 the
1366 2183 242 47 chapters.

303 2235 53 53 ©
383 2240 125 48 Sept.
535 2239 68 46 10,
630 2238 114 41 1935;
799 2239 67 40 2c.
896 2240 125 47 Sept.
1049 2240 81 43 13;
1158 2239 81 39 aff.
1269 2239 127 47 Sept.
1424 2239 80 41 12:
1533 2241 42 37 A
1601 2239 168 42 86289;
1801 2241 56 38 D.
1889 2240 42 39 S.
1961 2239 214 40 Kimball
2202 2241 92 39 and

371 2297 128 39 John
532 2297 58 38 H.
625 2297 141 43 Barr,
800 2297 184 46 Ithaca,
1064 2327 7 8 N.
1105 2296 54 39 Y.
1232 2296 279 47 (35-27343)

302 2383 362 66 Kokovt͡sov,
694 2384 290 54 Vladīmir
1014 2382 406 67 Nīkolaevīch,
1450 2385 154 67 graf,
1635 2389 170 51 1853-

304 2461 1965 131 … Out of my past; the memoirs of Count Kokovtsov, Russian
452 2538 260 55 minister
737 2539 64 53 of
826 2540 233 67 finance,
1088 2543 325 61 1904-1914,
1440 2540 292 52 chairman
1759 2539 64 53 of
1847 2541 94 51 the
1970 2539 235 57 Council
2231 2538 61 54 of

305 2615 304 70 ministers,
650 2621 335 64 1911-1914;
1026 2617 188 53 edited
1251 2617 77 67 by
1363 2617 77 54 H.
1479 2618 76 53 H.
1596 2617 229 66 Fisher;
1868 2618 313 52 translated
2218 2616 72 66 by

307 2695 186 52 Laura
536 2696 280 51 Matveev.
892 2693 283 56 Stanford
1217 2693 354 67 University,
1613 2693 193 66 Calif.,
1850 2693 280 55 Stanford

307 2692 1959 147 university
559 2789 184 50 press;
783 2771 258 67 London,
1078 2772 78 53 H.
1194 2769 265 67 Milford,
1499 2770 230 55 Oxford
1766 2768 319 70 university
2123 2787 166 50 press,

308 2853 150 50 1935.

376 2931 80 37 xx,
499 2920 86 41 615
625 2930 44 37 p.
726 2918 163 49 front.,
999 2951 9 17 pl.,
1052 2922 148 46 ports.
1260 2920 54 39 23
1318 2921 44 21 cm
1367 2950 9 8 .
1444 2919 225 49 ([Leland
1715 2918 232 41 Stanford
1989 2918 164 47 junior
307 2916 1966 107 university.

564 2976 221 51 Library]
847 2977 193 40 Hoover
1069 2988 104 29 war
1201 2976 183 47 library
1414 2976 460 48 publications—no.
1905 2974 51 46 6)

306 3031 53 53 ©
391 3036 127 47 Sept.
549 3035 68 47 20,
650 3035 141 46 1935;
824 3035 66 40 2c.
926 3035 128 47 Sept.
1084 3033 83 47 28;
1202 3034 80 40 aff.
1316 3034 102 40 Oct.
1447 3033 53 47 2;
1533 3034 40 39 A
1605 3034 170 45 87433;
1810 3033 161 39 Board
2002 3032 54 40 of
2087 3034 203 38 trustees

373 3092 52 39 of
456 3093 80 39 the
570 3091 183 40 Leland
791 3091 231 41 Stanford
1057 3090 165 48 junior
1256 3090 115 39 univ.,
1438 3090 233 40 Stanford
1706 3086 295 50 University,
2035 3086 140 43 Oalif.

386 3147 280 48 (35-18544)

306 3234 298 65 Kuehner,
637 3235 229 64 Quincy
891 3235 245 63 Adams,
1171 3236 170 54 1879-
1553 3252 177 48 comp.

375 3311 55 50 A
462 3310 344 69 philosophy
841 3310 62 53 of
935 3308 315 69 education,
1282 3309 169 52 based
1486 3327 71 34 on
1591 3326 235 49 sources,
1859 3308 75 67 by
1966 3305 220 67 Quincy
2221 3303 65 52 A.

306 3385 1618 69 Kuehner … New York, Prentice-Hall, inc., 1935.
376 3469 77 35 xv,
480 3458 85 39 624
592 3468 44 37 p.
694 3458 54 38 21
753 3460 44 21 cm
802 3490 9 8 .

379 3513 239 41 “Editor’s
651 3513 357 41 introduction”
1041 3514 194 47 signed:
1269 3514 52 41 E.
1354 3514 184 47 George
1567 3514 177 46 Payne.

375 3570 374 48 Bibliography:
782 3581 42 37 p.
858 3568 213 43 587-607.

307 3626 53 51 ©
389 3629 101 40 Oct.
519 3630 39 42 1,
587 3630 139 46 1935;
757 3630 66 39 2c.
854 3629 101 40 Oct.
981 3628 82 46 10;
1094 3628 80 40 aff.
1206 3628 100 40 Oct.
1337 3629 81 40 11:
1450 3629 41 37 A
1520 3627 169 41 87622:
1721 3626 370 45 Prentice-Hall,
2122 3625 85 38 inc.

387 3685 279 48 (35-19105)

308 3773 289 62 Lanning,
624 3774 153 52 John
803 3774 164 54 Tate.

376 3837 1905 77 The Spanish missions of Georgia [by] John Tate Lanning;
310 3924 136 52 with
480 3924 379 52 illustrations
893 3923 73 67 by
1001 3922 192 52 Willis
1228 3921 258 69 Physioc.
1564 3921 215 68 Chapel
1813 3919 146 68 Hill,
1994 3919 120 51 The
307 3910 1949 154 University
548 3999 63 51 of
640 3999 185 54 North
860 3998 264 55 Carolina
1155 4017 155 47 press
1524 4032 12 32 [c1935]
