2424 4375
1245 4048 132 52 1752

321 510 286 67 full-page
647 511 396 66 illustrations,
1085 511 113 51 and
1237 529 133 34 over
1410 516 112 47 two
1561 511 261 52 hundred
1865 511 341 68 engravings
2247 512 61 53 of

319 585 158 68 lines,
502 592 243 62 mounts,
772 587 111 53 and
908 586 190 53 marks;
1156 587 288 69 drawings
1472 588 62 53 of
1561 588 94 53 the
1679 606 164 35 seven
1870 596 161 61 types
2057 590 74 67 by
2155 589 155 53 Theo

319 665 153 52 Doré;
548 664 429 69 reproductions
1021 664 63 54 of
1127 665 225 54 famous
1394 666 201 66 hands,
1638 667 117 52 also
1797 669 220 50 normal
2060 666 113 54 and
319 667 1967 128 abnormal
580 743 183 52 hands

802 741 1508 74 taken from life … Enl. 25th ed., containing
321 820 374 69 descriptions
731 819 64 55 of
828 820 181 53 hands
1043 822 75 66 by
1150 821 96 53 the
1281 821 205 53 author
1519 822 139 52 with
1694 822 366 54 instructions
2094 823 127 53 how
2253 830 58 47 to

322 898 157 53 make
506 899 147 52 clear
677 897 380 69 impressions.
1115 898 111 53 Los
1251 898 265 69 Angeles,
1541 898 196 69 Calif.,
1762 900 120 52 The
1908 901 238 52 London
321 902 1966 142 publishing
562 993 108 49 co.;

700 975 256 69 London,
986 976 76 52 H.
1091 975 260 68 Jenkins,
1380 976 103 54 ltd.
1519 1010 12 33 [
1537 982 18 22 c
1560 980 133 49 1935
1700 1010 11 34 ]

459 1081 9 16 xv,
497 1048 85 41 197
613 1060 44 37 p.
714 1048 150 41 front.
892 1049 171 48 (port.)
1101 1049 172 49 plates,
1303 1050 154 49 diagr.
1516 1050 57 40 26
1576 1052 44 21 cm
1624 1082 9 9 .

392 1105 213 42 “Second
635 1105 227 42 edition.”

320 1160 53 53 ©
405 1164 127 47 Sept.
563 1164 69 46 16,
662 1162 140 47 1935;
832 1162 65 41 2c.
929 1163 96 39 and
1056 1162 78 40 aff.
1170 1163 101 40 Oct.
1303 1163 59 38 19;
1420 1165 38 37 A
1489 1162 147 42 89550;
1694 1165 49 39 L.
1776 1165 205 47 Hamon,
2013 1166 300 49 Hollywood,

392 1220 143 41 Calif.
606 1220 278 49 (35-38560)

320 1325 289 64 Harding,
637 1324 234 53 Arthur
896 1324 380 63 McCracken,
1307 1328 166 49 1884-

392 1401 365 67 Astronomy,
798 1400 91 54 the
933 1399 266 68 splendor
1242 1400 61 51 of
1344 1400 95 53 the
1481 1400 241 53 heavens
1764 1400 245 68 brought
2051 1401 163 52 down
2257 1410 57 46 to

322 1476 1990 71 earth, by Arthur M. Harding … drawings by Claude H. Dyer.
323 1555 230 54 Garden
600 1554 151 69 City,
796 1554 69 54 N.
911 1553 89 68 Y.,
1043 1553 231 54 Garden
1321 1553 132 69 City
1497 1552 334 70 publishing
1874 1571 291 53 company,
2209 1555 105 56 inc.

327 1635 174 65 [c1935]

424 1701 1201 49 x p., 1 l., 418 p. front., illus., diagrs. 25½ cm .
392 1758 288 41 Illustrated
713 1758 360 47 lining-papers.

325 1815 53 53 ©
412 1820 117 38 Nov.
566 1820 68 44 14,
669 1818 141 46 1935;
845 1817 65 40 2c.
948 1818 96 38 and
1079 1817 81 40 aff.
1198 1818 107 38 Dec.
1343 1818 24 37 5;
1432 1818 41 38 A
1508 1816 169 49 89731;
1717 1818 193 40 Garden
1947 1819 110 41 City
2090 1820 105 48 pub.
2233 1830 81 36 co.,

394 1875 89 40 inc.
555 1874 280 49 (35-34860)

324 1978 257 63 Haslett,
611 1978 235 53 Arthur
872 1979 229 53 Woods.

395 2051 1919 70 Unsolved problems of science, by A. W. Haslett … New
328 2132 177 68 York,
536 2131 118 51 The
685 2129 332 54 Macmillan
1047 2147 294 50 company,
1374 2132 148 50 1935.

393 2199 1248 51 xi p., 1 l., 317 p. illus. (maps) diagrs. 20½ cm .
325 2259 53 53 ©
406 2264 117 38 Nov.
552 2261 68 48 19,
649 2261 113 40 1935;
817 2261 66 40 2c.
913 2261 97 39 and
1037 2260 82 40 aff.
1149 2261 117 39 Nov.
1295 2260 55 38 20;
1409 2261 40 37 A
1478 2259 169 48 89475;
1680 2262 51 38 A.
1765 2262 69 38 W.
1864 2261 210 47 Haslett,
2105 2261 209 40 London.

406 2318 280 47 (35-34862)

325 2422 382 63 Hawthorne,
737 2421 375 63 Hildegarde.

396 2497 154 55 Enos
584 2497 161 52 Mills
779 2495 63 53 of
872 2495 95 55 the
1000 2494 238 55 Rockies
1298 2495 90 67 [by]
1428 2493 354 69 Hildegarde
1820 2495 351 54 Hawthorne
2206 2495 110 52 and

327 2575 208 53 Esther
585 2571 236 54 Burnell
869 2572 174 55 Mills.
1136 2572 232 67 Boston,
1414 2571 315 68 Houghton
1776 2569 201 54 Mifflin
2025 2589 291 51 company,

328 2655 149 49 1935.

397 2720 1238 50 5 p. l., [3]-260 p. front., plates, ports. 21½ cm .
327 2777 53 53 ©
410 2782 117 39 Nov.
558 2781 68 46 19,
658 2779 139 47 1935;
830 2781 65 38 2c.
928 2780 115 38 Nov.
1077 2779 82 46 25;
1194 2778 80 40 aff.
1308 2779 117 39 Nov.
1458 2777 81 48 21;
1574 2779 41 38 A
1643 2778 146 41 89598;
1847 2779 300 47 Hildegarde
399 2780 1901 97 Hawthorne

610 2837 221 47 Oskison,
870 2836 248 48 Berkeley,
1158 2835 160 47 Calif.,
1356 2836 93 38 and
1488 2836 177 39 Esther
1703 2836 53 39 B.
1797 2834 143 49 Hills,
1979 2836 157 46 Longs
2173 2836 141 45 Peak,

397 2895 97 40 Col.
566 2893 279 48 (35-34859)

328 2995 222 64 Henry,
581 2996 225 63 George
833 2993 271 66 William,
1135 2997 170 52 1889-

399 3067 1855 71 Essentials of psychopathology, by George W. Henry …
331 3149 328 67 Baltimore,
687 3148 89 53 W.
805 3148 182 52 Wood
1013 3148 45 50 &
1085 3164 294 50 company,
1411 3147 149 52 1935.

398 3220 63 46 ix,
496 3218 85 41 312
614 3228 43 38 p.
717 3219 153 46 diagr.
929 3218 56 40 23½
1016 3219 44 22 cm
1065 3248 10 10 .

398 3275 348 47 Bibliography;
802 3285 42 37 p.
872 3273 216 41 303-305.

332 3332 52 51 ©
417 3336 118 38 Nov.
569 3335 39 46 9,
644 3334 112 39 1935;
820 3332 66 41 2c.
919 3334 116 37 Nov.
1072 3333 80 41 18;
1190 3332 81 39 aff.
1306 3332 118 39 Nov.
1460 3331 57 39 16;
1579 3334 39 35 A
1652 3331 143 40 88267;
1859 3331 240 40 Williams
2135 3331 35 38 &
399 3329 1898 101 Wilkins
536 3403 80 35 co.,
645 3390 279 40 Baltimore.
998 3388 279 47 (35-34007)

330 3494 267 63 Holland,
626 3493 206 64 Lydia.

401 3569 334 54 Greenwich
781 3569 93 52 old
918 3570 46 49 &
1004 3586 151 47 new;
1205 3586 30 33 a
1282 3568 237 66 history,
1565 3566 324 52 illustrated
1935 3565 138 51 with
330 3564 1961 150 photographs,
594 3646 64 52 of

690 3646 350 66 Greenwich,
1076 3643 386 67 Connecticut,
1498 3644 151 51 from
1682 3644 242 51 colonial
1958 3644 138 65 days
2130 3648 57 47 to
2222 3641 91 50 the

334 3731 241 59 present,
615 3724 73 67 by
730 3724 185 67 Lydia
956 3723 258 52 Holland
1256 3723 112 51 and
1408 3722 294 67 Margaret
1745 3721 160 51 Leaf.
1984 3717 327 57 Greenwich

356 3801 159 52 [Conn]
588 3802 119 49 The
739 3800 332 53 Greenwich
1100 3818 173 49 press,
1308 3803 147 47 1935.

402 3871 1086 51 6 p. l., [3]-164, [9] p. incl. plates. 24½ cm .
335 3926 52 52 ©
421 3930 101 40 Oct.
555 3931 69 43 17,
658 3928 116 40 1935;
832 3930 66 39 2c.
932 3931 115 38 Nov.
1082 3931 56 38 18;
1201 3929 80 39 aff.
1317 3929 117 39 Nov.
1468 3928 58 40 20;
1586 3930 40 36 A
1660 3927 138 40 89471;
1866 3924 281 41 Greenwich
2180 3934 132 37 press

400 3998 81 35 co.,
511 3985 89 39 inc.
675 3986 220 46 (35-34878)
