2424 4375
1013 4021 133 50 1599

191 483 114 44 “Six
343 487 254 40 addresses
632 487 241 42 delivered
910 490 53 39 at
999 488 308 43 conferences
1343 490 110 40 held
1490 490 232 49 annually
1761 491 49 40 in
1847 491 262 42 December

121 541 1987 53 in New York, by Morrill Goddard … editor of the American weekly.”—
120 596 270 43 Foreword.

462 655 208 42 CONTENTS.—What
702 657 229 41 interests
959 658 167 48 people
1140 681 58 6 —
1217 660 94 39 and
1345 660 123 47 why.
1484 683 59 5 —
1560 660 198 42 Modern
1796 661 234 42 miracles.
2050 685 57 6 —

121 709 311 43 Underneath
461 712 83 41 the
574 720 173 35 veneer
779 713 54 41 of
862 714 220 41 civilized
1114 715 290 42 man.—The
1437 716 187 42 sixteen
1656 717 234 43 elements
1920 718 53 41 of
119 715 1969 96 universal
301 768 470 43 interest.—Letters
797 772 50 39 to
872 772 81 39 the
975 771 306 43 editor.—No
1307 772 225 49 humbug.

117 822 51 53 ©
196 827 117 47 Aug.
343 827 68 47 27,
442 826 139 48 1935;
613 828 65 40 2c.
713 828 126 49 Sept.
869 830 52 46 5;
953 829 80 41 aff.
1066 830 101 41 Oct.
1196 829 82 48 22;
1310 833 41 37 A
1380 832 169 48 89202;
1580 834 159 41 Amer.
1769 836 198 47 weekly,
2000 836 105 47 inc.,

182 883 116 41 New
326 884 143 40 York.
536 883 283 51 [Copyright
846 886 40 41 is
918 887 204 40 claimed
1152 898 59 29 on
1242 898 105 29 new
1377 891 194 47 matter]

194 938 278 50 (35-24917)

118 1032 350 65 [Gompertz,
496 1032 222 54 Martin
747 1033 179 54 Louis
952 1035 152 52 Alan
1111 1068 12 34 3

181 1109 119 53 The
329 1114 61 48 13
417 1116 175 61 gates,
615 1109 74 69 by
716 1111 234 67 Ganpat
996 1114 195 65 [pseud.]

187 1183 85 49 (In
294 1180 104 43 The
422 1180 230 52 Thriller,
679 1181 106 43 Oct.
816 1183 70 49 12,
916 1183 144 48 1935)

114 1236 1989 59 © 1c. Dec. 2, 1935; A ad int. 20823; pubd. Oct. 5; M. L. A. Gompertz,
179 1297 54 39 A.
261 1298 59 39 H.
349 1298 35 39 &
412 1297 52 47 Q.
493 1298 60 39 M.
585 1297 51 40 G.
666 1298 165 41 Kohat
857 1298 210 40 District
1092 1300 177 48 Kohat,
1298 1301 56 39 N.
1385 1302 69 38 W.
1485 1301 50 40 F.
1565 1302 48 37 P.
1646 1300 152 42 India.

111 1386 302 66 Griswold,
440 1388 198 52 Frank
668 1388 178 65 Gray,
874 1392 171 51 1854-

179 1462 333 56 Plantation
548 1465 157 67 days,
739 1465 75 67 by
850 1465 310 68 “Anthony
1196 1466 234 68 Ashley,
1462 1467 108 67 jr.”
1616 1468 92 68 (F.
1746 1468 159 68 Gray
110 1464 1966 147 Griswold)

373 1541 321 68 [Norwood,
730 1543 189 67 Mass.]
962 1544 158 53 Priv.
1156 1544 176 68 print.
1376 1546 317 67 [Plimpton
1730 1566 173 48 press]
1949 1552 149 50 1935.

177 1613 582 50 ix, 116 p., 1 l. 19½cm.
455 1668 344 43 CONTENTS.—Plantation
836 1671 147 47 days:
1021 1671 178 40 Before
1235 1671 83 40 the
1355 1671 111 41 civil
1502 1683 118 37 war,
1655 1672 145 48 1859;
1836 1674 142 40 After
2016 1677 83 39 the

109 1726 110 39 civil
250 1737 116 37 war,
394 1726 141 48 1875;
569 1727 144 47 Sport
740 1738 60 29 on
829 1727 81 40 the
937 1727 491 49 plantation.—Dona
1460 1729 185 41 Clarita
1678 1730 50 40 of
1760 1730 338 42 Anastasia.—

109 1782 204 48 Lorette,
352 1785 223 39 countess
611 1783 52 41 of
700 1783 345 49 Starkenburg.

109 1836 51 53 ©
197 1840 127 50 Sept.
358 1841 68 48 16,
461 1840 141 47 1935;
638 1841 67 41 2c.
740 1841 128 48 Sept.
901 1841 82 47 20;
1021 1841 81 41 aff.
1138 1841 118 42 Nov.
1289 1841 53 43 9:
1382 1844 40 38 A
1456 1842 168 48 89263;
1664 1844 51 41 F.
1754 1844 50 40 G.
1843 1844 254 50 Griswold,

173 1897 116 41 New
318 1898 144 39 York.
532 1896 279 50 (35-24879)

108 1987 293 66 Grizzard,
430 1989 127 52 Eva
583 1989 210 54 Eakin.

176 2064 334 56 Characters
543 2066 112 52 and
685 2065 348 67 community
1063 2067 63 52 of
1156 2066 120 54 The
1306 2067 283 66 shepherd
1620 2065 63 54 of
1713 2069 94 51 the
1837 2067 152 68 hills,
2020 2069 74 66 by

108 2145 122 52 Eva
284 2143 190 53 Eakin
527 2144 296 55 Grizzard.
896 2145 394 54 Illustrations
1341 2145 77 66 by
1467 2145 96 52 the
1616 2148 196 65 Payne
1865 2146 221 68 picture

105 2240 290 50 company.
471 2224 172 51 Point
682 2221 277 63 Lookout,
995 2225 133 62 Mo.,
1167 2224 212 51 Textor
1417 2224 261 67 printery
1721 2258 12 33 [
1737 2230 19 21 c
1762 2227 151 64 1934]

173 2296 83 40 113
293 2296 51 48 (i.
372 2306 35 29 e.
435 2295 109 47 168)
579 2306 43 37 p.
676 2296 129 40 illus.
834 2295 131 48 (incl.
992 2296 174 47 ports.)
1231 2296 144 40 15½cm.

106 2348 51 53 ©
190 2352 114 49 July
337 2352 68 47 31,
441 2352 112 40 1934;
616 2351 67 41 2c.
717 2353 95 40 and
847 2353 79 39 aff.
966 2352 127 48 Sept.
1127 2352 82 46 26;
1246 2353 41 39 A
1323 2352 168 41 76114;
1530 2353 182 40 Textor
1745 2353 232 48 printery.

104 2469 405 65 Hammerton,
544 2472 99 53 Sir
675 2469 155 55 John
865 2469 352 66 Alexander,
1254 2474 171 50 1871-
1636 2472 85 53 ed.

172 2548 118 53 The
339 2547 324 53 illustrated
711 2547 178 55 world
937 2548 248 66 history;
1239 2567 31 34 a
1317 2549 195 52 record
1560 2548 63 53 of
1671 2548 179 54 world
1898 2555 191 47 events

103 2624 150 54 from
282 2625 227 53 earliest
534 2623 295 56 historical
858 2626 165 53 times
1046 2631 61 47 to
1134 2625 97 54 the
1256 2633 228 59 present
1511 2626 131 66 day,
1668 2625 192 55 edited
1887 2626 77 66 by
1996 2627 95 55 Sir

101 2700 1963 136 John Hammerton … and Dr. Harry Elmer Barnes … illustrated with
525 2778 197 69 nearly
771 2798 101 34 one
921 2780 283 53 thousand
1254 2780 294 53 historical
1598 2780 327 54 documents
1976 2780 107 53 and

101 2874 176 35 scores
316 2856 63 53 of
414 2857 273 67 specially
723 2858 197 53 drawn
958 2876 177 48 maps.
1211 2858 140 53 New
1386 2857 181 66 York,
1603 2859 91 53 W.
1734 2859 76 52 H.
1851 2857 155 55 Wise
2044 2861 45 51 &

101 2951 95 43 co.,
225 2936 147 52 1935.

169 3001 1488 53 viii, 1144 p. inch front., illus. (inch ports., maps) 23½ cm.
169 3059 285 41 Illustrated
481 3060 362 49 lining-papers.

99 3114 56 53 ©
186 3119 101 42 Oct.
319 3119 41 48 2,
392 3118 116 42 1935;
565 3119 68 40 2c.
666 3118 104 43 Oct.
799 3121 56 45 3;
887 3119 82 40 aff.
1005 3119 101 41 Oct.
1141 3118 81 48 18;
1257 3121 40 38 A
1331 3120 170 45 87887;
1536 3119 122 40 Wm.
1692 3119 62 41 H.
1785 3118 133 42 Wise
1949 3120 35 40 &
2017 3130 68 31 co.

172 3175 279 51 [Copyright
476 3177 43 39 is
546 3176 205 41 claimed
779 3186 61 29 on
866 3187 105 29 new
998 3175 241 50 material]
1311 3175 280 48 (35-24900)

102 3278 268 65 Howard,
400 3279 153 54 John
583 3280 242 63 Tasker,
860 3283 167 50 1890-

169 3352 249 70 Stephen
473 3355 218 62 Foster,
742 3354 312 54 America’s
1106 3353 368 67 troubadour,
1527 3354 76 68 by
1658 3353 154 55 John
1868 3353 215 54 Tasker

100 3428 1941 73 Howard … New York, Thomas Y. Crowell company [1935]
173 3502 133 51 xviii,
346 3504 86 40 445
469 3514 43 38 p.
573 3506 84 39 col.
698 3505 164 48 front.,
898 3506 171 47 plates,
1109 3507 164 46 ports.,
1314 3513 124 39 map,
1477 3503 216 40 facsims.
1722 3503 130 49 (inch
1896 3502 177 48 music)

101 3556 142 51 22½cm.

169 3613 328 51 Frontispiece
523 3616 340 50 accompanied
888 3617 63 47 by
978 3618 153 47 guard
1159 3618 136 40 sheet
1320 3617 120 40 with
1467 3615 290 50 descriptive
1783 3619 299 45 letterpress.

168 3670 213 44 “Fourth
408 3673 230 48 printing,
669 3672 157 44 1935.”

172 3726 127 43 “The
332 3729 253 48 published
618 3729 160 42 works
809 3730 53 40 of
894 3729 209 48 Stephen
1138 3728 50 42 C.
1222 3729 227 40 Foster”:
1485 3739 43 36 p.
1565 3728 214 43 389-398.
103 3726 1962 106 “Bibliography.

290 3786 232 46 compiled
547 3786 63 45 by
635 3785 225 43 Fletcher
885 3787 209 45 Hodges,
1121 3784 116 49 jr.”;
1265 3796 43 36 p.
1333 3785 215 40 402-429.

100 3835 51 52 ©
181 3841 99 41 Oct.
309 3843 69 45 30,
408 3842 140 48 1935;
581 3843 67 40 2c.
679 3844 118 39 Nov.
827 3844 52 46 2;
913 3844 82 40 aff.
1026 3845 119 39 Nov.
1177 3845 52 45 1;
1263 3844 42 38 A
1335 3842 168 47 89132;
1539 3845 41 39 J.
1614 3844 50 39 T.
1698 3845 228 47 Howard,
1962 3844 120 40 Glen

170 3896 164 49 Ridge,
370 3900 55 39 N.
462 3901 41 39 J.
569 3899 281 51 [Copyright
883 3901 40 39 is
960 3899 203 41 claimed
1201 3909 61 32 on
1295 3911 106 28 new
1436 3900 241 47 material,
1712 3899 236 42 revisions
1985 3901 95 39 and

165 3955 305 44 correctionsi
541 3955 279 47 (35-25367)
