2526 4384
1352 4095 101 49 328

476 536 86 42 367
590 547 43 38 p.
694 536 164 49 front.,
884 536 172 49 plates,
1083 538 164 47 ports.,
1278 535 191 42 facsim.
1528 535 145 42 23½cm.

474 593 66 41 At
562 594 126 41 head
713 593 54 41 of
787 592 135 42 title:
949 594 43 40 J.
1016 593 45 42 J.
1084 593 55 41 A.
1163 592 248 43 Worsaae.

409 649 1999 53 © Nov. 28, 1934; 1c. Jan. 8, 1935; A-Foreign 26604; Gyldendalske
477 710 284 47 boghandel,
790 709 214 40 Nordisk
1031 709 172 48 forlag.
1276 708 251 48 (35-4209)

408 782 271 68 Yahuda,
708 784 307 54 Abraham
1044 783 257 67 Shalom,
1334 784 171 57 1877-

481 861 122 53 The
631 878 271 52 accuracy
926 860 63 53 of
1014 861 97 53 the
1135 860 195 68 Bible;
1358 861 98 53 the
1482 860 199 55 stories
1706 859 64 55 of
1796 860 234 69 Joseph,
2055 862 95 52 the
2175 861 233 54 Exodus

412 938 113 53 and
548 936 248 71 Genesis,
819 937 304 55 confirmed
1148 938 114 53 and
1283 937 326 55 illustrated
1633 939 75 69 by
1732 938 300 70 Egyptian
2054 945 353 50 monuments

413 1015 113 53 and
555 1017 302 69 language,
886 1017 76 68 by
994 1015 71 54 A.
1100 1015 57 56 S.
1194 1015 276 68 Yahuda;
1506 1015 143 56 with
1682 1037 31 33 a
1746 1017 265 54 coloured
2043 1016 365 71 frontispiece

413 1093 112 53 and
569 1092 380 56 illustrations
995 1093 353 70 throughout
1390 1093 98 56 the
1533 1099 136 48 text.
1761 1094 258 70 London,
2064 1095 88 54 W.
410 1094 1976 146 Heinemann,

627 1170 103 55 ltd.
761 1174 174 66 [1934]

480 1243 186 48 xxxvii,
691 1243 87 40 226
803 1254 43 38 p.
906 1244 87 40 col.
1020 1242 163 51 front.,
1210 1244 143 49 illus.,
1378 1244 172 48 plates.
1609 1244 56 39 22
1669 1247 44 22 cm
1717 1276 9 10 .

482 1299 234 41 “Notes”:
749 1309 43 39 p.
843 1299 235 50 [215]-226.

409 1356 1998 56 © 1c. Jan. 30, 1935; A ad int. 19917; pubd. Dec. 3, 1934; Abraham
480 1419 199 41 Shalom
710 1418 196 41 Ezekiel
937 1419 220 46 Yahuda,
1192 1418 211 40 London.
1476 1419 251 48 (35-3185)

405 1492 143 53 Yale
582 1494 352 64 university.
1008 1496 172 67 Dept.
1213 1495 65 67 of
1303 1495 242 53 French.

481 1569 207 56 Contes
719 1572 313 68 modernes,
1065 1572 188 53 edited
1285 1573 75 67 by
1391 1573 276 52 members
1698 1572 63 52 of
1794 1574 95 52 the
1920 1574 223 53 French
407 1574 1976 144 department,
626 1652 145 51 Yale
815 1650 334 68 university.

1232 1651 139 53 New
1417 1650 162 54 York
1624 1651 113 53 and
1782 1652 258 68 London,
2084 1654 234 67 Harper
2360 1657 45 50 &

405 1728 279 68 brothers,
714 1731 149 51 1935.

475 1802 154 48 xxxii,
656 1802 89 40 240
769 1813 43 37 p.
868 1801 116 41 19cm.

477 1860 166 40 “First
669 1858 228 42 edition.”

407 1912 53 53 ©
484 1917 111 39 Jan.
620 1916 39 49 2,
688 1916 141 48 1935;
857 1916 68 41 2c.
953 1918 95 39 and
1077 1916 81 40 aff.
1186 1918 110 39 Jan.
1323 1918 54 46 4;
1408 1916 40 40 A
1474 1915 170 48 79017;
1676 1917 197 47 Harper
1897 1917 36 39 &
1958 1917 124 40 bros.

486 1973 252 49 (35-1615)

405 2047 204 67 Yeats,
637 2047 257 56 William
925 2049 225 65 Butler,
1186 2055 171 49 1865-

477 2126 121 53 The
625 2126 143 69 king
793 2126 64 54 of
883 2128 96 52 the
1005 2133 163 63 great
1194 2127 157 54 clock
1377 2133 194 61 tower,
1598 2127 427 55 commentaries
2054 2128 111 52 and
2193 2147 209 49 poems,

405 2204 75 68 by
504 2205 263 55 William
791 2207 205 51 Butler
1022 2208 191 51 Yeats.
1275 2206 238 66 Dublin,
1538 2207 130 66 Ire.,
1694 2206 121 53 The
1842 2206 181 56 Cuala
2049 2223 174 51 press,
2252 2210 148 50 1934.

475 2278 719 51 4 p. l., 44, [1] p., 1 l. 22 cm .
478 2337 160 40 “Four
669 2337 224 39 hundred
923 2336 160 48 copies
1115 2337 51 40 of
1199 2336 103 40 this
1330 2336 124 39 book
1486 2336 126 42 have
1642 2337 119 40 been
1793 2336 194 48 printed
2021 2337 97 39 and
2151 2336 252 48 published

405 2393 61 48 by
493 2392 255 41 Elizabeth
777 2393 178 41 Corbet
980 2392 192 41 Yeats.”

477 2450 312 41 Illustration
818 2461 63 29 on
911 2453 97 45 t-p.

407 2502 1994 53 © 1c. Jan. 16, 1935; A ad int. 19881; pubd. Dec. 15, 1934; W. B. Yeats,
475 2563 196 48 Dublin,
698 2564 211 39 Ireland.
980 2562 250 50 (35-1971)

402 2624 174 64 Yore,
605 2625 284 64 Clement,
919 2628 172 53 1875-

475 2698 1926 71 Hard country and gold, by Clem Yore … New York, The
403 2775 307 71 Macaulay
735 2795 280 51 company
1048 2810 14 35 [
1066 2783 18 23 c
1089 2780 132 50 1935
1226 2810 14 35 ]

472 2847 86 42 313
585 2860 44 38 p.
689 2849 56 41 19
748 2852 45 22 cm
797 2885 8 8 .

407 2903 53 53 ©
488 2907 123 40 Mar.
641 2907 68 48 12,
738 2907 114 41 1935;
910 2908 67 40 2c.
1007 2909 122 39 Mar.
1158 2907 82 47 19;
1273 2908 82 39 aff.
1386 2908 122 39 Mar.
1538 2907 83 47 16;
1652 2906 41 40 A
1723 2906 170 49 81054;
1926 2907 132 41 Clem
2089 2908 138 46 Yore,
2259 2908 141 40 Estes

476 2965 143 46 Park,
645 2965 97 40 Col.
814 2964 250 50 (35-3927)

402 3026 216 64 Yorke,
645 3027 185 55 Dane.

479 3100 83 55 As
603 3104 167 51 much
815 3122 61 34 as
917 3102 180 69 twice,
1139 3104 75 67 by
1257 3104 162 51 Dane
1463 3101 208 55 Yorke.
1747 3102 138 53 New
1930 3102 178 66 York,
2151 3102 246 67 Minton,

409 3179 179 55 Balch
617 3184 47 51 &
691 3198 280 50 company
1079 3185 117 64 [c1935]

472 3254 28 39 4
525 3265 44 37 p.
634 3285 8 12 l..
672 3253 144 41 3-272
845 3265 41 37 p.
945 3254 58 40 19½c
1049 3257 28 21 m
1080 3285 9 9 .

408 3307 52 52 ©
486 3311 111 40 Feb.
624 3311 69 41 21,
722 3311 139 45 1935;
891 3310 66 40 2c.
987 3312 121 38 Mar.
1135 3312 52 45 7;
1217 3310 82 41 aff.
1329 3311 121 39 Mar.
1478 3310 53 46 6;
1561 3310 41 38 A
1628 3309 169 46 80825;
1829 3309 56 39 D.
1914 3308 171 49 Yorke,
2117 3307 281 49 Biddeford,

476 3368 90 39 Me.
637 3366 251 49 (35-3429)

404 3427 230 64 Young,
664 3426 301 56 Jeremiah
995 3427 253 64 Simeon,
1279 3433 171 50 1866-

480 3502 231 56 Unified
750 3503 304 53 American
1093 3507 384 64 government,
1515 3501 299 68 including
1851 3500 75 54 its
1963 3498 281 57 economic
2284 3498 113 54 and

411 3576 1986 72 social aspects, by Jeremiah S. Young … and Elizabeth Young
409 3653 1983 72 Wright … Semester ed. New York and London, McGraw-
409 3733 128 53 Hill
562 3733 146 53 book
731 3750 295 52 company,
1052 3732 105 54 inc.
1192 3736 192 65 [c1935]

480 3805 83 46 xii,
598 3803 86 41 569
713 3815 43 37 p.
786 3805 108 40 incl.
924 3805 162 46 front.,
1118 3805 141 43 illus.,
1293 3805 178 46 diagrs.
1531 3804 55 39 21
1589 3806 44 21 cm
1637 3835 9 9 .
1716 3803 299 49 (Half-title:
2044 3805 348 40 McGraw-Hill

409 3860 151 40 series
586 3861 51 39 in
661 3861 150 39 social
838 3862 95 39 and
961 3861 303 39 commercial
1293 3860 209 48 studies)

479 3916 375 48 Bibliography:
886 3927 43 38 p.
960 3915 215 42 531-537.

409 3971 54 52 ©
492 3976 110 39 Jan.
633 3976 70 46 28,
737 3975 140 46 1935;
911 3976 65 39 2c.
1011 3975 107 40 Jan.
1150 3976 81 45 31;
1267 3974 81 40 aff.
1383 3975 108 39 Feb.
1526 3975 52 46 1;
1612 3975 41 38 A
1685 3974 169 44 79477;
1891 3975 349 40 McGraw-Hill
2272 3974 121 40 book

477 4042 81 38 co.,
586 4032 90 41 inc.
746 4032 226 48 (35-2698)
