2424 4375
1266 4085 133 49 1036

397 534 86 40 252
514 547 41 36 p.
617 535 53 39 19
674 538 43 20 cm
723 567 7 8 .

325 588 1988 53 © 1c. July 24, 1935; A ad int. 20420; pubd. May 27; A. Dudeney, Lewes,
399 649 191 45 Sussex,
618 650 235 47 England.
923 648 278 47 (35-12188)

329 736 239 65 Fagley,
598 737 313 53 Frederick
941 736 197 63 Louis,
1169 741 170 52 1879-

396 812 1858 71 An outline of church history, by Frederick L. Fagley …
329 893 229 53 Boston.
590 890 269 68 Chicago,
887 892 120 53 The
1034 891 246 68 Pilgrim
1311 908 157 52 press
1502 925 12 33 [
1519 898 19 22 c
1543 895 150 63 1935]

398 964 1259 50 2 p. l., 75 p. 19½ cm . (Adult education series)
424 1021 265 42 "Reference
714 1021 203 42 books”:
945 1033 137 30 verso
1108 1022 51 40 of
1186 1022 56 40 2d
1274 1022 182 49 prelim,
1484 1022 113 41 leaf.

328 1075 53 54 ©
402 1080 128 39 June
552 1079 69 46 20,
647 1078 115 41 1935;
812 1079 65 40 2c.
902 1080 116 47 July
1038 1081 52 45 3;
1117 1079 82 43 aff.
1224 1080 115 47 July
1364 1079 50 46 5;
1440 1080 39 38 A
1502 1079 169 47 83883;
1701 1079 176 49 Sidney
1901 1080 180 40 Adams
2106 1081 209 48 Weston,

396 1137 194 40 Boston.
663 1135 278 50 (35-12050)

333 1226 302 64 Faingold,
662 1226 218 65 Joseph
910 1228 66 53 E.

400 1302 120 53 The
561 1302 352 67 chiropodial
955 1301 318 69 formulary
1317 1301 108 55 and
1472 1301 374 70 prescription
1892 1299 259 70 writing;
330 1320 1963 128 containing
597 1380 194 60 nearly
835 1382 99 49 600
980 1379 405 70 prescriptions
1428 1378 62 53 of
1537 1397 91 36 use
1670 1380 60 53 in
1772 1379 95 54 the
1911 1385 302 49 treatment
2256 1380 61 53 of

330 1457 156 54 those
536 1456 259 55 ailments
845 1456 366 69 confronting
1260 1457 94 54 the
1403 1456 351 69 chiropodist
1801 1458 57 52 in
1909 1455 87 55 his
2045 1457 270 67 practice;

331 1535 115 53 also
498 1554 26 33 a
579 1534 305 55 discussion
934 1553 68 35 on
1057 1535 92 53 the
1202 1534 233 68 writing
1484 1534 63 53 of
1599 1534 394 69 chiropodists’
333 1534 1961 131 prescriptions—and
695 1613 160 51 other
885 1612 183 52 useful
1107 1612 386 52 information.
1570 1612 288 67 Prepared
1890 1613 92 51 for
2012 1613 92 51 the
2140 1630 89 33 use
2260 1613 60 51 of

334 1687 1926 71 the practitioner and the student by Joseph E. Faingold …
335 1765 266 69 Chicago,
635 1765 110 69 Ill.,
776 1767 300 54 Universal
1111 1765 317 71 publishers
1463 1800 14 35 [
1481 1773 17 21 c
1505 1769 151 65 1935]

402 1838 96 48 xvi,
531 1837 85 41 195
648 1849 42 37 p.
751 1838 56 39 22
809 1840 44 22 cm
859 1869 9 9 .

404 1895 159 40 Blank
592 1905 146 38 pages
767 1895 80 40 for
876 1895 313 40 “Notations”
1222 1896 338 47 interspersed.

336 1951 64 53 ©.
417 1956 115 47 July
559 1956 38 46 6,
627 1955 140 45 1935;
799 1955 66 40 2c.
895 1955 95 39 and
1018 1953 81 41 aff.
1130 1955 115 46 July
1274 1954 81 45 11;
1387 1955 39 38 A
1457 1953 170 48 84594;
1660 1955 42 39 J.
1735 1956 50 38 E.
1817 1954 236 50 Faingold
2083 1957 96 39 and
404 1953 1900 99 Universal
594 2012 285 48 publishers,
909 2011 221 47 Chicago.
1202 2010 279 48 (35-11598)

340 2101 243 53 Federal
630 2108 269 61 reporter.
984 2102 218 55 Second
1247 2102 183 53 series.
1514 2101 168 55 Cases
1729 2103 212 67 argued
1988 2104 111 51 and
409 2103 1891 131 determined
624 2181 59 51 in
708 2181 95 52 the
828 2179 213 56 United
1072 2180 188 55 States
1286 2180 220 55 Circuit
1531 2185 187 50 courts
1743 2180 62 55 of
1833 2181 249 66 appeals,
2165 2180 154 54 United

412 2259 186 54 States
626 2260 180 54 Court
829 2258 61 52 of
916 2259 233 66 appeals
1173 2257 95 53 for
1291 2259 94 51 the
1410 2258 243 54 District
1677 2258 62 52 of
1767 2259 316 66 Columbia,
2108 2259 213 55 United

415 2337 186 55 States
631 2337 180 55 Court
841 2336 61 53 of
932 2341 245 48 customs
1207 2336 112 53 and
1348 2339 202 63 patent
1579 2336 249 68 appeals,
1858 2337 139 52 with
2027 2337 110 66 key
410 2355 1888 112 number
560 2415 360 53 annotations.
1024 2415 222 51 volume
1295 2413 64 50 75
1394 2413 127 67 (2d)
1582 2414 367 67 April-May,
2002 2418 148 49 1935.
2241 2415 81 55 St.

411 2495 164 58 Paul,
601 2495 159 52 West
787 2491 334 68 publishing
1148 2509 97 45 co.,
1277 2495 148 49 1935.

407 2566 129 47 xxiv,
565 2565 117 39 1115
709 2576 40 36 p.
781 2565 108 39 incl.
920 2565 145 39 front.
1097 2563 158 49 (map)
1320 2563 54 40 26
1378 2565 43 21 cm
1428 2596 7 7 .

341 2619 52 53 ©
417 2623 115 47 July
554 2622 68 46 10,
645 2619 112 42 1935;
809 2621 65 39 2c.
898 2621 118 48 Aug.
1041 2621 51 46 6;
1120 2620 81 40 aff.
1224 2620 118 47 Aug.
1365 2621 25 39 5;
1445 2621 38 38 A
1506 2621 141 40 85387;
1702 2621 136 39 West
1858 2620 106 48 pub.
1990 2630 67 30 co.

342 2710 182 65 Felix,
551 2710 276 63 Richard,
853 2709 212 66 father,
1093 2713 170 48 1890-

410 2787 120 53 The
564 2785 285 68 Apostles’
884 2785 178 66 creed,
1097 2785 73 67 by
1207 2785 135 51 Rev.
1382 2783 251 54 Richard
1670 2783 182 68 Felix,
1886 2802 46 35 o.
1971 2802 41 35 s.
2049 2804 47 32 b.
2171 2784 154 53 Pilot

340 2866 206 66 Grove,
573 2864 134 67 Mo.,
734 2863 68 53 R.
831 2861 164 53 Felix
1027 2894 13 34 [
1044 2869 19 22 c
1067 2865 152 64 1935]

411 2935 668 52 4 p. l., 184, [5] p. 18½cm.
415 2992 307 51 “Apologetic
751 2991 202 42 books”:
986 3002 43 38 p.
1063 2991 113 50 [186]

344 3048 52 53 ©
424 3052 124 39 June
577 3052 38 46 7,
643 3050 140 46 1935;
815 3049 66 40 2c.
910 3049 125 39 June
1062 3049 81 45 11;
1173 3046 82 41 aff.
1285 3048 126 39 June
1441 3046 80 47 10;
1552 3048 41 38 A
1620 3048 169 46 84191;
1821 3048 54 39 R.
1906 3048 149 40 Felix.

422 3107 280 49 (35-12052)

347 3197 231 63 Fulton,
603 3198 136 51 Mrs.
825 3194 94 53 Viva
945 3195 247 63 Norton,
1223 3195 168 54 1878-

414 3270 276 53 Rainbow
717 3276 204 63 system
951 3269 63 53 of
1042 3269 206 68 beauty
1276 3269 235 67 culture,
1541 3268 280 68 compiled
1852 3269 111 52 and
1995 3268 226 53 written
2251 3268 71 67 by

347 3345 1974 69 Viva Norton Fulton … revised by Herma Norton … 5th ed.
345 3424 435 68 [Indianapolis,
816 3423 275 53 Rainbow
1130 3422 268 68 academy
1432 3422 63 53 of
1531 3422 206 69 beauty
1772 3422 235 67 culture]
2047 3428 18 21 c
2070 3425 149 50 1935.

417 3497 112 47 xvii,
558 3497 86 40 336
671 3507 41 37 p.
740 3496 106 42 incl.
872 3496 140 44 illus.,
1040 3499 120 44 port.
1221 3494 54 41 19½
1308 3497 44 21 cm
1356 3526 9 9 .

348 3551 52 53 ©
432 3556 111 47 Apr.
574 3555 70 47 23,
675 3555 117 40 1935;
847 3554 66 39 2c.
946 3554 116 48 July
1093 3554 53 45 2;
1182 3553 83 40 aff.
1296 3553 115 47 July
1442 3553 51 47 1;
1527 3553 41 39 A
1603 3551 168 48 85159;
1805 3553 183 40 Herma
2020 3554 198 47 Norton,
416 3554 1893 105 Indianapolis.
773 3610 276 49 (35-11867)

350 3684 227 63 Glover,
606 3685 209 52 Terrot
844 3683 308 64 Reaveley,
1185 3689 169 49 1869-

417 3760 121 53 The
575 3761 223 51 ancient
834 3760 207 64 world;
1085 3781 30 33 a
1155 3759 327 68 beginning,
1520 3758 75 68 by
1632 3757 65 55 T.
1738 3756 67 51 R.
1849 3756 221 54 Glover.
349 3755 1948 147 Cambridge
581 3836 182 68 [Eng.]
797 3835 117 52 The
944 3835 333 68 University
1307 3852 173 50 press,
1512 3836 148 49 1935.

419 3903 1904 51 viii p., 2 l., 388 p. illus., VIII pl. (incl. front.) maps (1 fold.) 20½cm.
350 3961 1974 53 © 1c. June 19, 1935; A ad int. 20316; pubd. June 3; Macmillan co., New
418 4022 141 40 York.
631 4021 277 49 (35-12595)
