2526 4384
1361 4067 97 45 100

383 441 229 70 [Digest
649 442 63 53 of
744 444 96 52 the
875 444 216 54 United
1128 445 187 55 States
1354 441 273 70 Supreme
1662 449 163 48 court
1856 445 263 67 Reports]
2197 444 171 55 Court

451 522 148 51 rules
633 521 325 68 (including
993 523 94 51 the
1123 525 229 64 general
1390 522 191 51 orders
1620 522 60 51 in
1715 522 379 67 bankruptcy,
2132 523 111 52 and
2280 524 95 51 the

449 598 1903 146 copyright rules) Supplement no. 2 … of v. 1-A of the Digest
451 676 1902 144 of the United States Supreme court Reports … Rochester,
592 755 69 52 N.
702 757 89 64 Y.,
830 756 120 52 The
988 756 264 64 Lawyers
1290 755 381 67 co-operative
1711 755 335 68 publishing
2082 773 296 50 company,

455 836 148 48 1934.

455 906 83 40 153
568 917 40 36 p,
667 906 55 39 24
725 908 43 21 cm
775 938 8 7 .

457 962 117 40 This
598 964 248 46 pamphlet
870 963 45 39 is;
934 965 49 37 to
1008 964 55 38 be
1088 962 137 40 fitted
1250 962 102 40 into
1378 963 81 39 the
1484 962 171 47 pocket
1680 964 51 38 at
1757 963 80 40 the
1862 962 121 40 back
2011 963 52 39 of
2087 964 80 39 the
2193 964 188 42 volume

386 1018 51 39 of
463 1020 81 39 the
571 1021 73 38 set
672 1021 47 38 to
748 1018 157 41 which
934 1020 37 39 it
998 1020 207 46 belongs.

390 1071 51 52 ©
466 1077 97 38 Dec
601 1076 67 46 21,
695 1075 112 40 1884
826 1087 8 31 :
859 1076 65 39 2c.
951 1077 93 38 and
1071 1075 79 40 aff.
1176 1076 108 39 Jan.
1310 1075 38 47 2,
1375 1074 139 47 1935';
1542 1075 40 38 A
1608 1074 167 47 77949;
1805 1076 227 47 Lawyers
2059 1074 322 49 co-operative

458 1132 106 47 pub.
591 1143 65 29 co.

386 1192 184 65 Dopp,
597 1193 332 54 Katharine
957 1192 325 65 Elizabeth,
1311 1199 170 49 1863-

462 1268 175 55 Little
674 1270 219 54 friends
929 1278 57 46 at
1021 1271 205 65 school,
1262 1272 73 66 by
1371 1270 321 53 Katharine
1729 1272 65 51 E.
1832 1273 190 65 Dopp,
2056 1273 138 66 May
2229 1272 152 52 Pitts

392 1348 111 52 and
535 1349 54 55 S.
625 1348 61 54 C.
719 1347 304 69 Garrison;
1058 1348 321 54 illustrated
1411 1348 75 69 by
1515 1349 156 53 Ruth
1704 1349 266 56 Caroline
2001 1351 166 67 Eger.
2245 1351 132 51 New

394 1425 1785 70 York, Chicago [etc.] Rand, McNally & company [ c 1935]
467 1509 40 38 v,
537 1499 83 39 122
649 1509 42 37 p.
752 1501 86 38 col.
864 1500 127 40 illus.
1052 1501 54 39 19
1110 1503 41 20 cm
1159 1533 8 7 .

466 1555 72 40 Oil
565 1566 166 29 cover:
762 1557 175 46 Happy
963 1561 117 37 road
1109 1560 46 35 to
1186 1557 208 43 reading.

397 1609 51 52 ©
477 1615 107 37 Jan.
612 1613 68 44 28,
708 1613 112 40 1935
840 1625 8 30 :
877 1614 64 40 2c.
973 1614 107 40 Feb.
1109 1615 18 37 1
1152 1625 8 35 ;
1190 1612 81 42 aff.
1302 1614 108 39 Jan.
1438 1614 82 46 31;
1550 1614 40 38 A
1619 1612 168 48 79425;
1820 1614 152 46 Rand,
2004 1614 223 44 McNally
2257 1614 35 39 &
2320 1625 64 28 co.

474 1669 248 48 (35-2229)

389 1731 311 65 Douglass,
726 1733 224 51 Harlan
978 1733 161 63 Paul,
1171 1734 170 52 1871-

462 1809 120 51 The
622 1810 333 51 Protestant
992 1810 210 52 church
1243 1829 58 33 as
1342 1830 30 32 a
1412 1810 173 53 social
1624 1808 346 68 institution,
2008 1810 75 66 by
2121 1811 76 51 H.
2238 1811 147 52 Paul

392 1886 284 67 Douglass
713 1887 111 51 and
863 1887 270 52 Edmund
1169 1888 68 51 de
1275 1889 56 54 S.
1368 1891 278 49 Brunner.
1720 1889 138 51 New
1896 1889 163 51 York
2093 1887 111 53 and
396 1889 1966 140 London,

557 1964 142 54 Pub.
733 1963 97 52 for
858 1965 98 51 the
984 1964 273 54 Institute
1288 1965 62 53 of
1383 1965 171 53 social
1584 1965 112 52 and
1726 1964 269 68 religious
2028 1965 254 53 research
2314 1965 73 66 by

391 2041 885 69 Harper and brothers [ c 1935]
467 2125 76 35 XV,
571 2114 89 40 368
686 2125 41 37 p,
785 2115 177 47 diagrs.
1020 2115 58 40 23½
1109 2117 41 21 cm
1157 2147 8 8 .

469 2169 1920 50 “The Institute of social and religious; research … is responsible for
399 2227 100 40 this
525 2227 447 48 publication.”—p.
1021 2227 48 49 [ii]

471 2284 159 41 “First
662 2283 225 42 edition.”

469 2341 374 48 Bibliography:
876 2353 41 36 p.
948 2341 216 41 356-362.

402 2392 51 52 ©
515 2408 61 28 Jan
617 2396 68 47 30,
714 2398 116 39 1935
845 2409 8 35 ;
881 2399 66 39 2c.
976 2399 107 39 Jan.
1112 2399 80 45 31;
1222 2398 81 39 aff.
1333 2398 108 39 Feb.
1472 2399 51 45 1;
1552 2398 43 38 A
1621 2396 168 48 79449;
1820 2398 193 47 Harper
2040 2398 36 39 &
2102 2399 123 38 bros.

479 2453 248 47 (35-2275)

400 2514 262 65 Duncan,
692 2515 254 55 Garfield
975 2517 243 64 George,
1248 2521 171 49 1901-

479 2590 1850 70 Diabetes mellitus and obesity, by Garfield G. Duncan …
405 2666 1983 72 with an introduction by Thomas McCrae … Philadelphia.
406 2747 108 52 Lea
546 2750 43 50 &
618 2747 257 68 Febiger,
906 2752 148 50 1935.

473 2819 82 47 xii,
584 2819 84 39 215
699 2830 40 37 p.
797 2820 142 45 illus.,
971 2820 176 48 diagrs.
1207 2820 55 39 20½
1295 2821 43 22 cm
1343 2851 7 8 .

476 2876 292 47 “Appendix.
829 2876 326 48 Composition
1186 2877 52 39 of
1266 2877 140 39 foods
1440 2876 263 49 [including
1731 2873 380 50 bibliography]”
2132 2885 8 28 :
2173 2884 42 37 p.
400 2873 1995 99 [187]-263

407 2983 51 52 ©
485 2989 106 39 Jan.
618 2987 39 47 9,
684 2987 139 48 1935;
851 2988 66 41 2c.
943 2990 109 39 Jan.
1080 2991 80 42 11;
1189 2989 81 40 aff.
1296 2989 108 39 Jan.
1432 2988 81 46 10;
1543 2989 40 38 A
1608 2987 169 46 78962;
1807 2988 95 39 Lea
1931 2988 35 39 &
1994 2986 213 47 Febiger.

485 3044 249 48 (35-2250)

405 3105 217 64 Edgar,
652 3105 189 55 David
870 3108 275 54 Stewart.

475 3182 136 54 Law
647 3182 62 53 of
746 3182 129 54 bills
912 3184 112 53 and
1060 3187 174 50 notes.
1308 3187 84 49 1st
1427 3183 103 66 ed.,
1568 3186 150 49 1935.
1790 3184 91 63 By
1916 3180 193 54 David
2147 3180 243 55 Stewart

407 3258 1980 68 Edgar … and David Stewart Edgar, jr. … [Brooklyn, c 1935]
477 3334 23 37 1
529 3342 42 37 p.
633 3362 8 10 l.,
670 3331 210 49 v-xxvii,
907 3331 85 41 200
1019 3344 42 37 p.
1122 3332 52 40 23½
1210 3335 42 20 cm
1257 3364 7 8 .

479 3385 174 43 “Table
683 3388 53 40 of
762 3397 134 31 cases
926 3388 125 40 cited
1083 3390 49 38 in
1162 3388 98 40 this
1290 3388 244 40 volume”:
1566 3399 41 37 p.
1639 3387 259 40 xiii-xxiii.

479 3443 372 49 Bibliography:
881 3456 44 36 p.
952 3444 64 40 ix.

411 3497 53 51 ©
491 3502 107 39 Feb.
625 3502 39 46 4,
692 3500 112 40 1935
823 3511 8 35 ;
859 3500 65 40 2c.
953 3501 108 39 Feb.
1090 3500 50 41 9:
1170 3500 81 40 aff.
1280 3500 109 39 Feb.
1418 3501 51 44 8;
1490 3500 39 38 A
1547 3498 142 41 79585
1707 3510 8 34 ;
1737 3500 55 38 D.
1815 3498 42 40 S.
1878 3499 161 46 Edgar
2058 3498 94 38 and
2171 3494 158 43 David
2351 3497 41 40 S.

482 3559 174 45 Edgar,
683 3557 74 46 jr.,
787 3557 259 46 Brooklyn.
1117 3556 248 48 (35-2171)

407 3619 303 62 Edwards,
741 3619 128 51 Eva
895 3618 70 54 D.

412 3691 1958 137 Haruko, child of Japan, by Eva D. Edwards … San Francisco,
603 3768 1556 68 Calif., Harr Wagner publishing company [ c 1934]
486 3843 99 41 viii.
610 3843 85 39 200
719 3853 42 36 p.
788 3842 108 40 inch
921 3842 161 40 front.,
1109 3843 124 39 illus.
1295 3842 56 39 19½
1382 3844 43 21 cm
1431 3874 8 8 .

484 3900 114 46 Map
627 3910 59 28 on
715 3898 347 47 lining-papers

415 3953 51 51 ©
496 3958 109 38 Dec.
634 3955 67 45 24,
732 3955 138 39 1934;
899 3954 65 40 2c.
994 3955 107 38 Jan.
1129 3954 68 47 30,
1227 3954 139 47 1935;
1398 3954 82 40 aff.
1510 3954 107 39 Jan.
1647 3955 82 43 28;
1758 3954 39 38 A
1826 3952 168 45 80286;
2028 3953 132 37 Harr
2189 3953 119 42 Wagnor

483 4013 105 43 pub.
618 4023 65 31 co,
755 4010 248 46 (35-2102)
