2424 4375
1038 4050 136 50 1293

115 439 318 64 McDaniel,
468 441 137 51 Mrs.
643 439 293 64 Douglass
967 438 472 66 (Scarborough)

183 515 149 52 Love
369 515 158 53 looks
565 521 58 46 at
658 516 170 51 death
871 515 108 68 [by]
1020 516 284 67 Douglass
1343 515 398 68 Scarborough
1777 515 324 54 McDaniel.

116 591 1303 70 Nashville, Tenn., Broadman press [ c 1935]
182 665 84 41 103
298 676 43 38 p.
401 664 56 42 19½
490 667 43 22 cm
537 698 9 9 .

116 719 52 53 ©
191 725 119 46 Aug.
334 722 69 48 29,
431 723 139 47 1935;
597 723 66 40 2c.
693 724 127 46 Sept.
847 723 50 46 9;
927 723 82 39 aff.
1039 723 127 47 Sept.
1193 724 51 45 7;
1275 724 41 38 A
1341 723 169 47 85817;
1542 723 197 48 Sunday
1765 724 161 39 school
1953 724 150 41 board

183 780 52 40 of
258 780 84 40 the
368 780 240 40 Southern
637 779 197 48 Baptist
861 778 299 48 convention,
1187 778 266 42 Nashville.
1523 779 280 49 (35-16924)

116 883 369 64 Macfadden,
514 883 261 54 Bernarr
802 882 323 66 Adolphus,
1157 888 169 50 1868-

182 960 185 53 Man’s
406 979 95 34 sex
539 959 123 69 life,
702 960 75 68 by
818 962 250 51 Bernarr
1106 960 367 55 Macfadden.
1548 962 138 52 New
1728 962 180 66 York,
116 963 1960 129 Macfadden
357 1037 146 55 book
531 1055 295 51 company,
856 1038 124 59 inc.,
1013 1042 149 51 1935.

184 1122 43 37 v,
259 1111 83 40 153
375 1122 43 37 p.
507 1110 26 41 19½
565 1113 44 21 cm
614 1143 9 9 .

116 1164 52 53 ©
191 1169 113 47 May
328 1168 69 47 31,
420 1167 140 48 1935;
584 1168 67 40 2c.
677 1169 95 39 and
798 1168 81 39 aff.
908 1169 125 47 Sept.
1060 1168 81 46 18;
1169 1169 41 38 A
1236 1168 168 47 87073;
1436 1168 293 40 Macfadden
1754 1169 125 39 book
1904 1178 82 39 co.,
2014 1170 90 39 inc.

194 1225 279 48 (35-16867)

182 1327 289 54 Woman’s
499 1346 95 35 sex
622 1327 124 68 life,
771 1328 76 69 by
873 1331 252 51 Bernarr
1152 1328 367 55 Macfadden.
1575 1330 139 53 New
1743 1329 180 65 York,
117 1330 1963 129 Macfadden
358 1406 147 53 book
534 1425 296 49 company,
859 1405 124 68 inc.,
1015 1411 150 50 1935.

186 1489 42 37 v,
258 1478 85 41 152
371 1489 43 38 p.
504 1478 28 41 19½
561 1482 44 21 cm
611 1511 9 9 .

119 1532 52 52 ©
194 1537 113 46 May
330 1536 69 47 31,
425 1536 140 47 1935;
592 1536 67 40 2c.
686 1538 94 38 and
807 1536 78 40 aff.
916 1537 127 47 Sept.
1069 1536 82 47 18;
1177 1537 41 38 A
1243 1535 169 48 87074;
1442 1536 291 40 Macfadden
1758 1537 121 39 book
1906 1545 82 38 co.,
2015 1536 90 40 inc.

194 1592 278 49 (35-16868)

115 1694 288 64 McGraw,
434 1696 218 63 Myrtle
683 1695 239 65 Byram,
957 1699 170 50 1899-

248 1771 1857 71 … Growth, a study of Johnny and Jimmy. by Myrtle B.
119 1847 1986 72 McGraw … with a preface by Dr. Frederick Tilney and an
119 1925 384 56 introduction
525 1928 75 69 by
622 1927 156 55 John
801 1928 238 68 Dewey;
1066 1928 289 69 drawings
1378 1928 75 68 by
1475 1927 267 55 Kenneth
1766 1929 90 53 W.
1882 1930 223 51 Breeze.

118 2004 137 54 New
291 2006 176 67 York,
503 2006 256 67 London,
794 2006 71 54 D.
901 2005 580 70 Appleton-Century
1516 2024 297 51 company,
118 2008 1964 128 incorporated
319 2117 13 34 [
336 2089 19 22 c
360 2087 151 65 1935]

186 2155 98 49 xxi,
319 2157 87 40 319
439 2167 43 38 p.
542 2156 142 49 illus.,
716 2157 170 48 plates,
922 2157 180 49 diagrs.
1131 2157 134 49 (part
1299 2157 142 48 fold.)
1512 2156 54 42 23½
1600 2159 44 21 cm
1649 2189 10 10 .
1731 2158 125 50 (The
1891 2157 212 50 Century

119 2214 286 48 psychology
435 2214 163 48 series,
626 2214 55 41 R.
711 2213 62 41 M.
803 2212 184 49 Elliott,
1016 2213 183 50 editor)

188 2270 374 42 “References”:
594 2281 42 39 p.
667 2268 217 43 313-316.

122 2325 50 52 ©
201 2329 127 47 Sept.
354 2330 39 46 4,
422 2327 140 47 1935;
588 2328 68 40 2c.
688 2329 126 47 Sept.
843 2328 51 46 6;
924 2327 80 40 aff.
1037 2328 128 46 Sept.
1193 2329 52 45 7;
1277 2328 40 38 A
1345 2327 169 48 86210;
1548 2329 56 39 D.
1632 2328 474 49 Appleton-Century

187 2396 80 36 co.,
296 2386 89 39 inc.
456 2383 279 50 (35-16926)

117 2488 301 66 Mucklow,
450 2488 242 66 Walter,
724 2494 171 49 1864-

190 2564 1915 70 Cemetery accounts, by Walter Mucklow … New York,
122 2642 302 54 American
452 2641 259 55 institute
741 2641 334 69 publishing
1103 2661 97 49 co.,
1228 2643 127 66 inc.,
1386 2644 151 51 1935.

189 2727 45 37 x,
262 2716 87 41 208
376 2728 42 37 p.
449 2716 109 39 incl.
586 2716 167 39 forms.
812 2715 57 38 24½
900 2717 44 21 cm
948 2746 9 9 .

124 2769 52 53 ©
201 2775 117 46 Aug.
345 2772 39 50 9,
408 2773 140 45 1935;
575 2772 65 40 2c.
669 2773 119 46 Aug.
815 2772 79 45 14;
925 2771 82 40 aff.
1037 2772 125 46 Sept.
1190 2771 81 46 12;
1299 2772 42 38 A
1365 2771 169 47 86264;
1564 2772 158 39 Amer.
1747 2771 227 42 institute
1999 2774 107 46 pub.

190 2842 81 35 co.,
296 2831 91 38 inc.
456 2828 279 49 (35-16752)

123 2932 252 65 Mullins,
406 2933 201 63 Edgar
634 2931 231 63 Young,
897 2934 324 51 1860-1928.

193 3006 1914 69 Studies in Ephesians [by] E. Y. Mullins … Nashville, Tenn.,
125 3085 117 54 The
275 3086 237 62 Sunday
541 3085 189 53 school
761 3084 176 53 board
970 3083 63 54 of
1063 3084 95 53 the
1191 3082 281 55 Southern
1507 3085 233 63 Baptist
1772 3085 336 53 convention

130 3168 189 63 [c1935]

193 3238 83 39 144
311 3248 44 38 p.
414 3236 55 40 19
472 3237 45 22 cm
519 3266 12 11 .

196 3294 237 40 “Editor’s
461 3291 356 42 introduction”
849 3289 193 50 signed:
1074 3290 51 40 G.
1158 3292 45 38 S.
1235 3290 226 41 Dobbins.

197 3351 131 41 First
369 3349 253 50 published
666 3348 49 39 in
760 3347 111 41 1913
915 3348 49 39 in
1008 3346 128 41 “The
1178 3344 298 43 Convention
1518 3346 177 41 series”
1738 3357 55 30 as
1835 3354 112 43 part
1989 3352 24 37 1
2058 3351 50 40 of

128 3406 220 43 “Studies
374 3408 48 39 in
451 3406 269 49 Ephesians
747 3405 96 39 and
872 3402 317 42 Colossians.”

195 3464 99 42 The
327 3463 136 42 Bible
496 3465 103 38 text
632 3463 49 38 in
715 3462 82 40 the
830 3460 105 41 first
966 3458 184 43 edition
1183 3459 42 40 is
1255 3459 193 49 printed
1482 3463 51 36 at
1565 3462 81 47 top
1679 3461 52 40 of
1761 3471 147 40 page;
1942 3463 50 39 in
2025 3464 80 42 the

128 3523 188 45 present
342 3519 181 42 edition
551 3522 51 37 at
630 3516 257 50 beginning
913 3516 51 41 of
989 3517 119 39 each
1134 3517 213 47 chapter.

197 3578 371 48 Bibliography:
599 3586 44 38 p.
673 3575 97 39 144.

131 3631 53 52 ©
216 3637 117 45 Aug.
370 3636 38 46 8,
445 3631 138 48 1935;
622 3631 67 40 2c.
727 3631 96 39 and
859 3630 79 39 aff.
980 3630 127 46 Sept.
1143 3628 53 46 3;
1238 3629 39 37 A
1316 3626 168 48 85769;
1529 3629 197 48 Sunday
1762 3631 161 40 school
1960 3631 150 40 board

198 3693 49 37 of
273 3693 80 39 the
382 3691 241 40 Southern
645 3686 198 49 Baptist
867 3684 298 41 convention.
1235 3683 279 50 (35-16932)

131 3796 213 62 Nance,
376 3796 226 59 Nancy.

197 3869 127 55 Girl
361 3874 183 48 scouts
579 3867 61 52 in
674 3866 95 53 the
804 3861 235 70 Ozarks,
1073 3862 76 66 by
1186 3863 200 63 Nancy
1419 3861 219 64 Nance;
1677 3863 323 57 illustrated
2035 3868 73 64 by

131 3947 295 67 Raymond
457 3944 235 66 Bishop.
766 3942 137 52 New
935 3939 177 68 York,
1141 3939 72 52 A.
1243 3939 73 53 A.
1345 3938 225 70 Knopf,
1601 3943 151 52 1935.
