2424 4375
1063 4045 132 48 1359

197 523 155 38 These
374 521 276 48 pamphlets
681 531 84 28 are
796 522 47 36 to
873 519 59 38 be
958 518 139 38 fitted
1126 517 101 38 into
1259 517 82 39 the
1370 515 198 47 pockets
1601 516 54 37 at
1685 515 81 38 the
1796 513 122 39 back
1948 513 55 39 of
2032 514 80 38 the

127 579 213 40 volumes
367 578 51 39 of
446 577 82 41 the
553 579 73 37 set
654 578 48 37 to
729 574 157 40 which
915 574 113 47 they
1055 573 183 47 belong.

128 644 53 53 ©
211 648 125 47 Sept.
365 647 70 47 27,
463 645 113 41 1935;
633 645 65 40 2c.
728 646 118 38 each
874 644 102 40 Oct.
1004 643 59 38 12;
1119 642 82 40 aff.
1232 642 100 39 Oct
1363 641 54 38 14;
1474 641 41 38 A
1542 638 143 41 86802;
1743 639 139 40 West
1907 638 108 48 pub.
2044 648 69 29 co.

197 705 96 39 and
317 701 484 47 Bancroft-Whitney
829 711 66 29 co.
1906 692 119 42 8687

124 808 175 64 Reck,
328 806 281 54 Franklin
637 804 250 65 Mering,
919 808 170 51 1896-

192 882 393 53 Automobiles
629 880 152 53 from
823 885 143 48 start
1008 885 57 46 to
1110 877 171 53 finish
1330 875 110 70 [by]
1488 872 283 56 Franklin
1815 874 80 53 M.
1942 873 170 54 Reck.

123 958 138 55 New
287 959 179 69 York,
489 959 248 52 Thomas
763 958 70 52 Y.
863 957 243 54 Crowell
1132 972 297 51 company,
1459 955 150 51 1935.

193 1027 1087 55 2 p. l., 88, [4] p. incl. front., illus. 26½cm.
129 1101 53 53 ©
207 1106 127 47 Sept.
357 1104 69 48 19,
449 1104 113 40 1935;
613 1103 66 40 2c.
706 1103 127 47 Sept.
857 1102 54 38 24;
965 1100 82 40 aff.
1075 1100 125 47 Sept.
1227 1100 54 38 21;
1336 1100 41 38 A
1401 1098 142 41 87249;
1597 1098 210 39 Thomas
1833 1098 53 39 Y.
1912 1097 205 41 Crowell

197 1174 66 28 co.
335 1160 278 49 (35-17633)

128 1264 251 67 Revelis,
403 1263 179 56 Basil.

266 1340 1831 65 Ὁ πρ όχϵι ρ ος ὶ ατρ ὸs. ’Ιατρικ ὴ έγ κυκ λ οπαίδ ϵ ια. A παρα ί τητο ς
125 1418 1970 151 δία π ἀ σαν oὶ κ γοέvϵ ια v κα ὶ παν ἂ τομον … New York, N. Υ., Atlantis, inc. [c1934]
199 1575 91 41 320
312 1586 42 37 p.
409 1575 150 39 front.
615 1573 117 40 24cm.

199 1633 129 38 Title
358 1631 299 40 translated:
689 1631 102 38 The
819 1629 174 47 family
1022 1630 179 38 doctor.

127 1697 52 53 ©
203 1702 126 39 June
352 1700 69 48 21,
446 1700 113 40 1934;
611 1699 67 40 2c.
705 1699 96 39 and
825 1699 81 39 aff.
933 1698 116 47 July
1071 1698 55 40 28;
1181 1698 43 38 A
1248 1698 143 39 74344;
1444 1697 231 47 Atlantis,
1703 1697 104 47 inc.,
1834 1696 117 40 New
1977 1695 143 40 York.

127 1820 179 64 Rood,
335 1818 288 66 Dorothy,
655 1822 169 51 1892-

199 1895 124 53 The
354 1911 169 36 nurse
559 1895 112 51 and
708 1897 205 64 parent
949 1891 317 68 education,
1301 1891 76 69 by
1414 1889 265 70 Dorothy
1713 1890 183 69 Rood,
2020 1933 10 11 PH.
2108 1933 10 11 D.

128 1971 138 54 New
293 1970 163 55 York
481 1970 133 69 city,
642 1970 277 53 Teachers
945 1969 228 68 college,
1204 1967 299 55 Columbia
1533 1967 334 69 university,
1900 1971 149 50 1935.

200 2045 103 48 xiii,
330 2045 57 41 87
412 2055 43 37 p.
515 2043 147 41 23½cm.
732 2042 296 50 (Half-title:
1056 2041 143 41 Child
1224 2042 334 47 development
1584 2043 336 46 monographs.
131 2040 1974 109 Monograph
310 2112 74 30 no.
412 2101 79 48 19)

201 2157 170 41 Issued
397 2158 102 40 also
525 2168 55 30 as
604 2157 152 40 thesis
790 2156 106 48 (ph.
920 2156 66 48 d.)
1023 2153 251 43 Columbia
1302 2154 286 49 university.

199 2213 347 49 Bibliography
564 2224 9 29 :
600 2223 44 39 p.
673 2212 156 42 68-71.

133 2282 1990 53 © June 7, 1935; 1c. Aug. 14; 1c. Aug. 29; aff. Aug. 6; A 85777; Teachers
204 2344 191 46 college,
424 2342 251 41 Columbia
705 2342 129 39 univ.
904 2341 279 48 (35-17637)

129 2446 230 65 Schley,
388 2447 253 63 Sturges
667 2447 227 54 Mason.

295 2519 1828 71 … Deepening blue. Garden City, N. Y., Doubleday, Doran
130 2597 46 50 &
203 2616 296 50 company,
529 2598 124 68 inc.,
686 2602 149 48 1935.

197 2667 583 52 4 p. l., 3-275 p. 2lcm.
206 2726 161 41 “First
397 2727 225 40 edition.”

139 2794 53 53 ©
221 2798 126 48 Sept.
375 2798 70 48 20,
471 2799 113 39 1935;
641 2798 67 40 2c.
736 2800 95 39 and
860 2798 81 41 aff.
971 2798 102 40 Oct.
1100 2798 54 46 2;
1184 2799 43 38 A
1253 2798 144 40 87447;
1455 2799 299 48 Doubleday,
1783 2800 167 39 Doran
1979 2800 36 39 &
2044 2809 81 37 co.,

205 2854 90 41 inc.
366 2855 279 48 (35-17769)

134 2955 213 66 Smith,
377 2957 224 64 Elliott,
633 2959 169 54 1875-

209 3032 229 54 Atomic
478 3033 184 53 forces
702 3034 62 52 in
805 3034 247 53 celestial
1092 3034 211 67 bodies,
1342 3039 59 48 to
1443 3038 238 49 account
1720 3033 96 54 for
1856 3033 268 54 observed

140 3110 349 68 phenomena
518 3112 63 52 of
609 3111 96 54 the
733 3128 123 51 sun,
882 3112 96 53 the
1005 3111 185 69 major
1217 3113 242 67 planets,
1486 3112 96 52 the
1610 3130 185 48 moon,
1822 3112 96 53 the
1947 3112 178 66 earth,

141 3187 1960 146 and the stars, by Elliott S. Smith … Ann Arbor, Mich., Edwards brothers, inc., 1935.
210 3338 67 48 xi,
305 3338 56 41 62
390 3349 43 37 p.
493 3338 141 49 illus.,
663 3339 171 48 plates,
864 3348 150 39 maps,
1044 3339 178 49 diagrs.
1281 3338 117 42 28cm.

210 3394 351 49 Lithoprinted.

138 3448 53 53 ©
211 3454 114 46 May
346 3452 70 48 20,
440 3451 112 40 1935;
604 3453 66 39 2c.
695 3453 116 47 July
834 3453 25 39 5;
911 3452 81 40 aff.
1015 3453 118 47 July
1154 3454 24 37 1;
1232 3453 40 38 A
1295 3453 145 40 84543;
1492 3454 52 38 E.
1570 3453 44 40 S.
1643 3452 170 49 Smith,
1838 3453 289 42 Cincinnati.

223 3508 277 48 (35-17798)

143 3609 294 54 Southern
461 3612 201 66 digest,
688 3615 131 48 1935
844 3611 226 67 annual,
1094 3612 267 67 covering
1382 3612 249 53 volumes
1658 3613 235 53 157-161
214 3613 1890 127 Southern
351 3694 272 61 reporter,
663 3690 139 51 with
841 3689 311 53 references
1191 3695 57 47 to
1290 3690 445 67 corresponding
1774 3693 250 50 volumes
2065 3691 63 52 of

212 3771 145 47 state
385 3771 219 60 reports
634 3784 59 35 as
723 3766 95 51 far
849 3785 57 33 as
937 3767 278 52 available
1233 3786 11 33 :
1273 3767 299 65 Alabama,
1601 3769 281 51 Alabama
213 3770 1891 137 Appellate,
368 3842 254 66 Florida,
646 3841 324 67 Louisiana,
996 3843 306 52 Louisiana
1327 3843 246 67 Appeal,
1597 3843 366 68 Mississippi,
1989 3845 139 54 with

214 3919 1916 69 tables of statutes construed and cases digested … By the
