2526 4384
1317 4060 100 48 134

411 530 289 39 Illustrated
728 528 364 50 lining-papers·.

413 586 376 48 Bibliography:
820 598 44 37 p.
895 586 245 51 [329]-335.

347 652 51 52 ©
430 657 110 40 Feb.
571 657 39 47 6,
641 656 116 41 1935;
814 659 65 39 2c.
912 658 109 40 Feb.
1054 660 52 45 7;
1139 659 80 39 aff.
1252 660 95 38 Feb
1394 659 52 46 8;
1480 660 39 37 A
1550 658 169 47 79581;
1753 660 52 38 E.
1837 659 50 38 T.
1921 656 267 48 Hamilton,
2221 658 115 38 New

410 714 143 39 York.
625 714 249 49 (35-2595)

341 815 281 66 Hogrefe,
651 817 188 64 Pearl,
866 819 83 52 ed.

414 891 397 70 Interpreting
836 893 327 68 experience;
1222 893 290 53 narrative
1542 893 113 53 and
1684 891 340 69 descriptive
2052 897 164 64 types
2247 890 93 53 for

344 968 1995 71 college use, by Pearl Hogrefe and W. Paul Jones … Boston,
345 1045 138 53 New
513 1046 162 53 York
707 1053 138 61 [etc.]
878 1046 155 56 Ginn
1063 1049 111 52 and
1204 1066 280 51 company
1536 1051 175 64 [c1935]

418 1133 127 46 xxiv,
577 1134 87 40 616
691 1146 41 36 p.
791 1133 145 40 21½cm.

419 1204 347 41 “References”
786 1215 9 30 :
825 1216 42 37 p.
897 1204 98 41 600.

351 1269 51 52 ©
432 1274 109 40 Feb.
573 1276 39 46 7,
642 1274 117 41 1935;
813 1276 66 39 2c.
908 1277 95 38 and
1032 1275 81 40 aff.
1144 1276 108 39 Feb.
1283 1276 80 46 13;
1395 1276 41 39 A
1464 1275 171 48 79625;
1667 1276 49 38 P.
1748 1276 217 48 Hogrefe
1993 1275 95 39 and
2117 1276 71 39 W.
2220 1275 121 40 Paul

419 1332 161 46 Jones,
611 1333 157 46 Ames,
827 1344 41 28 Ia.
939 1331 249 50 (35-2631)

344 1433 228 65 Horler,
604 1436 255 63 Sydney.

414 1511 119 53 The
565 1514 126 50 lord
723 1512 63 53 of
816 1518 199 47 terror.
1096 1513 361 67 [Instalment
1488 1517 118 63 3-4]

428 1600 79 47 (In
537 1594 473 52 Nottinghamshire
1039 1596 259 52 guardian,
1328 1595 114 43 Jan.
1471 1597 70 50 19,
1573 1597 70 50 26,
1675 1595 143 50 1935)

353 1664 1991 52 © 1c. each Mar. 18, 1935; A ad int. 20037; pubd. Jan. 19, 26; S. Horler,
419 1727 164 45 Ewell,
618 1726 192 47 Surrey,
841 1727 235 47 England.

351 1829 223 65 Hoven,
606 1828 205 55 Victor
840 1831 302 64 Emanuel,
1178 1833 169 53 1871-

429 1905 1915 71 Shadow and substance, by Victor E. Hoven … St. Louis.
356 1985 118 51 The
504 1985 262 67 Bethany
792 2004 155 48 press
998 1990 173 63 [c1934]

428 2069 1241 49 xix. 183 p. front. (port.) illus. (plan) 20cm.
357 2138 51 52 ©
436 2143 108 38 Jan.
572 2140 39 48 9,
638 2140 141 48 1935;
805 2141 70 41 2c.
900 2144 96 38 and
1023 2140 81 42 aff.
1133 2143 108 39 Jan.
1269 2142 82 46 21;
1383 2143 41 38 A
1453 2141 142 41 79300;
1653 2143 51 38 V.
1735 2143 51 37 E.
1817 2142 183 46 Hoven,
2032 2141 206 46 Eugene,
2269 2140 78 40 Or.

434 2199 250 48 (35-2669)

356 2301 272 67 Howard,
657 2302 204 54 James
885 2302 299 66 Merriam,
1217 2309 170 49 1886-

356 2375 1966 149 The sacrament of baptism, by James M. Howard … Philadelphia, The Westminster press, 1934.
429 2543 54 39 16
514 2554 42 37 p.
617 2544 143 38 17½cm.

431 2614 37 37 A
496 2612 265 41 certificate
786 2614 51 39 of
863 2613 209 48 baptism
1099 2615 228 38 mounted
1354 2625 60 28 on
1441 2613 185 48 fly-leaf
1654 2615 55 38 at
1732 2614 104 39 end.

363 2680 51 51 ©
446 2685 110 38 Dec.
587 2684 68 47 31,
685 2683 115 41 1934;
858 2684 65 40 2c.
957 2685 109 39 Jan.
1098 2684 68 47 23,
1198 2683 113 41 1935;
1372 2684 79 39 aff.
1485 2685 108 38 Jan.
1625 2683 55 39 22;
1738 2684 41 38 A
1810 2682 145 41 80196;
2013 2680 343 43 Westminster

428 2751 147 37 press.
648 2740 250 48 (35-2626)

359 2842 250 65 Hunter,
641 2845 226 62 George
894 2844 272 63 William,
1198 2849 169 50 1873-

531 2918 1821 70 … Science in our social life [by] George W. Hunter … and
360 2995 1969 148 Walter G. Whitman … New York, Cincinnati [etc.] American book company [c1935]
433 3160 1918 51 xiv p., 1 l., 452 p. incl. front., illus., diagrs. 20½cm. (The march of
363 3219 207 48 science)

436 3289 346 48 Bibliography
809 3290 53 38 at
888 3290 91 39 end
1007 3289 50 39 of
1083 3290 115 39 each
1226 3289 121 40 unit.

367 3356 51 52 ©
449 3361 108 39 Jan.
587 3358 68 48 29,
684 3358 117 41 1935;
854 3359 68 39 2c.
949 3360 95 38 and
1071 3358 79 40 aff.
1181 3359 111 39 Feb.
1319 3359 53 45 4;
1404 3359 43 41 A
1472 3356 171 48 79524;
1674 3358 159 39 Amer.
1864 3359 122 39 book
2043 3368 38 28 co.

444 3415 249 50 (35-2604)

534 3514 1824 70 … Science in our world of progress [by] George W. Hunter
468 3591 1885 66 … and Walter G. Whitman … New York, Cincinnati [etc.]
366 3673 301 51 American
698 3671 147 53 book
875 3690 278 48 company
1207 3673 174 64 [c1935]

505 3788 9 16 xv,
544 3758 70 48 [1],
639 3755 83 41 581
746 3768 42 36 p.
814 3755 108 41 incl.
948 3756 162 46 front.,
1135 3757 126 39 illus.
1291 3755 134 49 (part
1450 3756 110 47 col.)
1595 3756 177 46 diagrs.
1833 3753 144 39 20½cm.
2041 3752 122 47 (The
2187 3754 163 38 march

368 3816 50 38 of
448 3815 208 47 science)

445 3882 342 48 Bibliography
815 3883 51 38 at
893 3882 91 39 end
1012 3881 50 40 of
1087 3882 117 39 each
1231 3881 120 40 unit.

373 3947 56 51 ©
455 3952 107 39 Feb.
590 3951 39 47 6,
657 3950 116 40 1935;
826 3951 64 39 2c.
922 3951 94 38 and
1046 3949 79 40 aff.
1158 3950 109 39 Feb.
1297 3951 53 37 11;
1409 3950 40 38 A
1478 3947 142 42 79599;
1680 3949 154 37 Amer.
1867 3947 121 39 book
2017 3958 65 28 co.

450 4007 248 47 (35-2605)
