2424 4375
1001 4081 98 50 643

56 478 328 66 McKenzie,
415 480 255 62 Vernon,
703 478 169 55 1887-
1082 476 85 54 ed.

57 549 1962 149 These stories went to market; successful “first” stories published in Collier’s, Saturday evening post, Harper’s bazaar …
56 705 1961 150 by Vernon McKenzie … New York, R. M. McBride & company [ c 1935]
125 871 784 51 xxx p., 1 l., 33-263 p. 19½ cm .
125 942 40 37 A
201 942 252 41 collection
490 941 50 41 of
578 942 137 40 short
751 942 174 39 stories
966 942 55 46 by
1062 941 223 40 students
1323 940 51 39 of
1410 941 81 40 the
1528 939 157 41 editor
1723 943 50 36 at
1814 942 79 38 the
57 941 1967 105 University
269 1000 51 40 of
353 999 332 48 Washington.

126 1056 161 40 “First
320 1055 224 42 edition.”

59 1122 51 53 ©
132 1128 114 46 May
268 1126 69 48 10,
359 1127 140 46 1935;
524 1125 67 41 2c.
615 1127 114 46 May
751 1126 82 45 17;
859 1124 80 40 all.
964 1125 115 47 May
1103 1124 81 47 16;
1212 1124 40 39 A
1274 1124 171 47 81863;
1470 1125 53 39 V.
1549 1124 274 49 McKenzie,
1850 1125 195 40 Seattle.

137 1182 250 49 (35-7024)

56 1286 218 65 Magill,
303 1287 249 53 Roswell
579 1287 228 65 Foster,
839 1291 169 49 1895-
1219 1286 82 52 ed.

129 1363 167 54 Cases
345 1383 70 34 on
465 1364 251 53 business
766 1363 394 68 organization.
1260 1363 224 52 volume
1532 1366 47 49 2.
1665 1366 90 65 By
1802 1365 245 52 Roswell

57 1441 1967 147 Magill … and Robert P. Hamilton … St. Paul, West publishing co., 1935.
128 1608 129 47 xxiv,
283 1607 113 40 1349
422 1618 42 36 p.
517 1607 59 39 26
574 1610 45 20 cm
625 1639 8 7 .

60 1674 52 52 ©
135 1678 109 40 Jan.
269 1678 40 46 2,
335 1677 139 46 1935;
501 1676 66 40 2c.
592 1677 112 47 Apr.
731 1676 82 46 26;
841 1675 81 40 aff.
950 1676 114 46 May
1089 1674 83 48 20;
1199 1676 40 38 A
1263 1673 170 49 82730;
1459 1675 138 41 West
1621 1675 108 49 pub.
1756 1686 67 30 co.
129 1675 1904 107 [Copyright
291 1735 41 39 is
364 1734 202 40 claimed
600 1744 59 28 on
692 1744 41 37 p.
767 1732 83 41 321
886 1735 48 38 to
970 1733 106 49 end]

59 1839 196 64 Mann,
284 1836 301 66 Heinrich,
617 1838 169 55 1871-

128 1915 122 51 The
273 1915 104 53 hill
403 1914 63 54 of
487 1915 119 64 lies,
630 1915 76 66 by
729 1914 280 52 Heinrich
1033 1914 208 64 Mann;
1268 1913 317 54 translated
1611 1913 154 52 from
1790 1913 94 52 the
62 1913 1964 131 German
222 1993 74 66 by
329 1992 209 52 Edwin
571 1992 112 52 and
714 1991 178 55 Willa
923 1991 173 53 Muir.
1165 1991 140 53 New
1336 1990 180 63 York,
1547 1992 69 50 E.
1649 1991 66 52 P.
1749 1991 223 52 Dutton
2004 1994 46 49 &

59 2087 295 49 company,
388 2068 107 55 inc.
537 2101 14 35 [
553 2074 21 23 c
578 2071 134 51 1935]

127 2153 622 50 3 p. l., 9-288 p. 19½ cm .
130 2225 162 41 “First
323 2224 226 42 edition.”

63 2292 51 53 ©
136 2297 118 38 Mar.
279 2297 40 45 7,
341 2295 140 47 1935;
503 2294 66 40 2c.
593 2295 120 39 Mar.
739 2294 52 46 8;
817 2293 82 40 aff.
922 2294 113 48 May
1059 2293 81 42 16;
1165 2294 42 38 A
1229 2293 170 47 83161;
1425 2295 60 39 H.
1511 2295 162 46 Mann,
1697 2294 129 48 Nice,
1850 2295 201 41 France.

140 2352 249 50 (35-7030)

60 2451 477 55 Massachusetts
591 2453 185 67 digest
833 2452 321 53 annotated.
1249 2456 136 49 1934
1440 2455 343 51 cumulative
1840 2455 210 51 annual

131 2531 1919 68 pocket parts … [fort] v. 1-20 … Boston, Little, Brown, and
130 2627 305 50 company;
467 2610 81 54 St.
577 2610 164 59 Paul,
766 2611 158 53 West
950 2609 335 68 publishing
1311 2628 78 35 co.
1424 2643 13 33 [
1441 2615 18 21 c
1465 2613 132 48 1935
1604 2642 11 34 ]

131 2683 57 40 20
211 2695 43 29 v.
310 2683 58 40 25
368 2685 43 21 cm
416 2714 8 8 .

133 2752 157 39 These
315 2752 274 47 pamphlets
621 2761 86 30 are
736 2752 47 39 to
815 2751 58 39 be
900 2750 137 41 fitted
1067 2750 101 40 into
1201 2751 84 40 the
1312 2751 200 48 pockets
1539 2753 53 38 at
1623 2751 84 40 the
1734 2751 122 40 back
1886 2751 52 40 of
1971 2752 80 39 the

63 2809 213 39 volumes
303 2808 51 39 of
383 2809 85 38 the
493 2809 74 39 set
592 2810 48 38 to
668 2807 157 40 which
854 2808 113 47 they
994 2808 181 47 belong.

66 2874 51 53 ©
143 2879 113 47 Apr.
284 2877 68 48 19,
383 2877 139 48 1935;
552 2879 68 39 2c.
649 2879 117 39 each
795 2878 94 39 and
918 2878 81 40 aff.
1031 2879 113 47 May
1173 2879 80 46 13;
1284 2879 41 38 A
1355 2878 170 47 81804;
1555 2879 138 40 West
1717 2879 108 47 pub.
1856 2888 68 30 co.
1956 2878 96 39 and

134 2936 161 47 Little,
325 2936 189 48 Brown,
541 2936 95 39 and
664 2944 247 39 company.

65 3038 185 63 Mead,
280 3038 218 53 Nelson
526 3037 289 65 Prentiss,
848 3040 170 54 1878-

69 3112 1980 147 The development of the United States since 1865 [by] Nelson P. Mead … Enl. ed. New York, Harcourt, Brace and
70 3286 272 51 company
373 3302 13 34 [
391 3274 17 22 c
414 3270 131 49 1935
552 3301 13 34 ]

130 3367 45 36 x,
203 3356 83 41 693
311 3367 43 37 p.
410 3367 137 37 maps
575 3356 47 48 (1
650 3356 144 49 fold.)
830 3355 177 49 diagrs.
1064 3356 59 41 20½
1152 3359 43 21 cm
1200 3388 9 9 .

135 3426 439 49 “Bibliographical
599 3426 140 42 note”
767 3429 52 39 at
844 3428 91 39 end
962 3428 53 40 of
1039 3428 118 41 each
1185 3428 213 48 chapter.

69 3492 51 53 ©
143 3499 113 46 May
278 3498 28 39 9,
339 3497 140 48 1935;
503 3497 67 40 2c.
596 3500 94 38 and
715 3498 81 40 aff.
820 3499 113 47 May
956 3498 81 47 15;
1063 3499 41 38 A
1128 3498 170 42 83103;
1326 3500 260 45 Harcourt,
1612 3499 157 40 Brace
1793 3499 37 40 &
1852 3508 82 37 co.,
1960 3498 90 40 inc.

145 3554 249 48 (35-7062)

67 3653 305 69 Meredith,
402 3658 137 56 Mrs.
571 3657 276 55 Florence
877 3659 305 64 (Lyndon)
1221 3664 170 50 1883-

135 3733 1910 70 Twelve hours of hygiene, by F. L. Meredith … one hundred
70 3813 108 51 and
212 3818 90 45 ten
337 3812 392 52 illustrations.
802 3813 423 67 Philadelphia,
1256 3817 64 49 P.
1359 3813 345 53 Blakiston’s
1738 3832 97 34 son
1873 3818 46 49 &
1950 3832 97 37 co.,

71 3885 307 71 inc. [ c 1935]
138 3984 43 34 x,
211 3973 96 47 387,
340 3973 83 50 [19]
454 3983 44 38 p.
557 3974 127 42 illus.
713 3975 135 48 (part
874 3977 111 46 col.)
1023 3974 179 50 diagrs.
1261 3977 55 39 22
1319 3979 44 21 cm
1368 4011 9 9 .
