2424 4375
1216 4092 134 55 1738

325 470 263 64 Marden,
617 471 161 55 Luis.

393 556 172 55 Color
610 559 405 70 photography
1060 561 139 52 with
1247 562 94 53 the
1386 562 306 55 miniature
1741 583 219 35 camera
2028 566 93 70 [by]
2174 567 138 54 Luis

321 634 257 55 Marden.
643 635 241 71 Canton,
913 637 87 69 O.,
1025 639 122 52 The
1175 639 178 54 Fomo
1382 638 336 73 publishing
1745 660 298 53 company,
2070 651 18 22 c
2093 648 150 52 1934.

390 720 84 41 104
500 732 42 38 p.
571 723 107 40 incl.
705 723 147 40 front.
882 723 48 49 (2
956 726 147 47 port.)
1143 724 140 49 illus.,
1313 725 178 48 diagrs.
1552 727 55 39 17½
1640 730 44 21 cm
1687 758 9 9 .

392 792 372 49 Bibliography:
791 804 43 38 p.
865 794 214 42 102-103.

326 861 52 53 ©
401 866 119 48 Aug.
545 866 69 48 15,
637 866 115 40 1934;
805 867 67 40 2c.
896 868 95 38 and
1016 867 81 40 aff.
1122 868 116 39 Nov.
1266 869 39 46 5,
1331 867 116 41 1935;
1496 870 39 38 A
1560 870 142 40 88125;
1759 871 149 40 Fomo
1931 874 108 47 pub.
2064 882 67 33 co.

401 923 279 49 (35-36169)

323 1041 225 64 Mason,
575 1041 129 54 Van
732 1042 203 64 Wyck.

388 1130 122 53 The
546 1130 383 69 Washington
969 1132 249 68 legation
1261 1133 275 68 murders,
1578 1132 248 69 Captain
1870 1135 232 55 North’s
2144 1137 165 54 ninth

317 1207 1994 75 case, by Van Wyck Mason … Garden City, N. Y., Pub. for
319 1285 93 53 the
450 1285 194 55 Crime
679 1286 146 67 club,
860 1286 125 69 inc.,
1023 1287 76 68 by
1134 1286 356 71 Doubleday,
1530 1289 196 53 Doran
1766 1292 47 51 &
1847 1308 297 54 company,
2185 1293 124 66 inc.,

318 1365 132 50 1935.

385 1450 905 49 4 p. l., vii-x p., 1 l., 306 p. 19½ cm .
386 1521 161 42 “First
574 1520 228 43 edition.”

321 1590 52 52 ©
408 1596 111 39 Dec.
553 1595 41 46 6,
629 1594 113 41 1935;
806 1595 67 40 2c.
909 1596 95 38 and
1037 1594 80 41 aff.
1157 1596 110 39 Dec.
1304 1594 82 47 16;
1424 1596 39 38 A
1500 1595 168 46 88673;
1709 1597 48 40 F.
1796 1598 105 39 Van
1938 1599 150 46 Wyck
2126 1601 183 45 Mason,

386 1651 280 40 Baltimore.
737 1650 279 49 (35-36177)

316 1768 263 65 Metcalf,
609 1769 286 65 Leonard,
928 1772 171 55 1870-

385 1861 305 53 American
717 1877 276 51 sewerage
1021 1862 262 66 practice.
1347 1861 241 54 Volume
1615 1865 45 49 3.
1690 1862 268 68 Disposal
1985 1863 63 53 of
2074 1883 231 51 sewage.

318 1943 87 62 By
432 1940 259 52 Leonard
718 1938 242 54 Metcalf
987 1940 111 51 and
1127 1939 284 53 Harrison
1439 1942 65 50 P.
1534 1941 187 67 Eddy.
1785 1941 241 53 Revised
2055 1943 74 68 by
316 1945 1967 126 Harrison
497 2021 64 50 P.
593 2018 186 66 Eddy.
846 2018 69 52 3d
945 2018 83 52 ed.
1095 2019 137 51 New
1265 2019 159 51 York
1454 2019 110 51 and
1593 2020 257 67 London,
1878 2021 427 55 McGraw-Hill

315 2098 144 51 book
487 2115 297 49 company,
810 2098 126 66 inc.,
965 2099 149 51 1935.

382 2184 115 48 xvii,
527 2183 87 40 892
638 2194 43 37 p.
740 2183 127 39 illus.
895 2181 131 49 (incl.
1058 2183 160 47 maps)
1258 2182 177 48 diagrs.
1494 2183 59 40 23½
1582 2186 43 21 cm
1632 2216 7 8 .

313 2251 53 53 ©
393 2256 115 39 Nov.
539 2255 68 40 25,
638 2253 139 43 1935;
808 2254 65 39 2c.
900 2254 118 40 Nov.
1046 2253 55 39 27;
1161 2252 81 41 aff.
1273 2254 116 40 Nov.
1419 2253 80 45 29;
1533 2255 41 37 A
1602 2254 145 41 88398;
1804 2255 347 40 McGraw-Hill
2183 2257 121 40 book

381 2322 81 37 co.,
489 2311 89 40 inc.

314 2427 225 65 Milton,
569 2428 173 65 John,
776 2427 320 53 1608-1674.

445 2516 1855 70 … The poetical works of John Milton, edited after the
313 2596 247 68 original
593 2600 146 49 texts
772 2596 75 67 by
879 2596 95 52 the
1006 2595 292 53 Reverend
1332 2596 75 52 H.
1445 2595 60 55 C.
1542 2596 305 67 Beeching,
1933 2640 10 10 M.
2019 2640 30 24 A.,
314 2596 1960 145 including
450 2674 260 56 William
751 2673 283 67 Cowper’s
1074 2673 368 53 translations
1483 2673 64 53 of
1584 2674 97 52 the
1718 2675 172 52 Latin
1932 2676 111 51 and
2083 2674 215 55 Italian

314 2749 1922 70 poems, with an introduction by Charles Grosvenor Osgood …
314 2828 1348 68 New York, Oxford university press [ c 1935]
379 2914 131 48 xxxi,
542 2912 84 42 599
657 2922 41 39 p.
759 2912 133 40 front.
935 2912 171 49 (port.)
1147 2912 126 40 illus.
1304 2911 261 49 (facsims.)
1634 2910 56 41 19
1693 2914 43 21 cm
1740 2943 8 8 .
1820 2910 210 49 (Oxford
2061 2914 235 40 standard

308 2971 208 48 edition)

309 3039 1971 105 CONTENTS. — Miscellaneous poems. — Paradise lost. — Paradise regain'd.—Samson Agonistes.—Appendix.
308 3167 53 52 ©
390 3172 115 45 May
529 3169 41 49 9,
600 3168 139 48 1935;
770 3170 66 39 2c.
865 3170 94 39 and
987 3168 82 41 aff.
1099 3169 118 39 Nov.
1245 3168 82 46 22;
1355 3169 40 38 A
1424 3167 170 48 89552;
1627 3168 186 41 Oxford
1844 3169 128 40 univ.
2003 3180 148 37 press,
2180 3170 115 41 New

377 3227 145 46 York,
552 3227 88 39 inc.
706 3225 277 50 [Copyright
1014 3225 41 40 is
1086 3224 203 41 claimed
1320 3236 59 28 on
1412 3225 351 48 Introduction]

388 3282 279 50 (35-32229)

309 3401 280 64 Moulton,
618 3401 221 53 Harold
872 3399 203 62 Glenn,
1108 3403 170 50 1883-

374 3490 227 54 Income
653 3490 113 53 and
816 3490 281 53 economic
1149 3507 280 51 progress,
1481 3489 74 69 by
1609 3488 226 54 Harold
1886 3487 70 56 G.
2010 3487 277 53 Moulton.

307 3567 395 69 Washington,
732 3567 72 54 D.
840 3566 81 69 C.,
949 3568 122 52 The
1103 3566 323 69 Brookings
1458 3565 343 68 institution,
1836 3568 151 50 1935.

374 3639 49 38 xi,
473 3638 83 41 191
589 3650 44 37 p.
693 3639 179 48 diagrs.
933 3638 56 40 21
992 3642 44 21 cm
1040 3672 8 7 .
1122 3638 298 49 (Half-title:
1450 3638 102 40 The
1586 3638 232 40 Institute
1854 3638 52 39 of
1938 3638 265 39 economics
2237 3634 50 42 of

307 3694 79 40 the
414 3695 269 48 Brookings
707 3695 297 41 institution.
1057 3694 306 41 Publication
1391 3704 73 34 no.
1492 3693 79 49 68)

376 3750 146 41 “This
551 3752 186 40 volume
764 3752 42 40 is
833 3752 81 40 the
942 3752 97 41 last
1066 3751 53 41 of
1147 3762 28 29 a
1204 3752 149 39 series
1382 3750 53 41 of
1462 3750 113 40 four
1603 3749 287 48 embodying
1917 3751 81 38 the
2033 3750 174 39 results
2236 3747 50 41 of

306 3818 60 26 an
393 3806 343 47 investigation
765 3808 53 38 of
845 3808 80 39 the
952 3807 327 40 Distribution
1309 3806 54 40 of
1390 3806 176 40 wealth
1595 3807 94 38 and
1719 3807 180 37 income
1930 3807 44 37 in
2008 3806 200 38 relation
2239 3808 46 34 to

304 3861 239 41 economic
578 3861 589 48 progress.”—Director’s
1201 3862 121 48 pref.

305 3928 53 46 ©
388 3933 99 40 Oct.
520 3931 40 48 9,
593 3933 116 40 1935;
767 3934 67 40 2c.
866 3935 115 40 Nov.
1016 3936 81 44 15;
1133 3934 81 41 aff.
1248 3934 117 40 Nov.
1400 3934 81 46 13;
1517 3935 39 38 A
1590 3933 168 42 89412;
1795 3933 272 47 Brookings
376 3929 1893 100 institution.
560 3988 278 50 (35-27416)
