2424 4375
1229 4092 100 50 952

341 544 82 38 xiv
449 555 57 37 p.,
533 545 24 37 1
619 575 9 16 l.,
657 545 174 39 17-176
858 556 41 36 p.
958 546 117 39 21cm.

343 599 347 50 Bibliography
708 611 9 29 :
745 612 42 37 p.
816 602 96 39 176.

273 652 53 52 ©
359 658 113 46 May
505 657 68 46 16,
609 656 139 43 1935;
783 657 66 41 2c.
884 659 113 46 May
1030 658 81 46 18;
1149 658 82 40 aff.
1266 660 113 46 May
1412 658 55 40 20;
1533 660 40 38 A
1608 659 168 46 83207;
1817 661 43 38 J.
1894 660 69 40 W.
2004 660 145 47 Hoyt,
2185 660 76 48 jr.,

344 712 117 40 Fair
485 713 143 48 Oaks,
655 713 142 41 Calif.
869 714 278 48 (35-27222)

273 801 250 66 Hunter,
554 803 225 64 George
808 803 272 65 William,
1112 807 170 52 1873-

347 878 1917 71 Problems in biology, by George W. Hunter … New York,
279 953 322 55 Cincinnati
661 961 121 62 [etc.]
819 956 301 54 American
1159 956 144 54 book
1338 974 277 52 company
1656 959 193 67 [c1935]

349 1026 81 42 xii,
464 1026 85 39 706
576 1036 43 38 p.
650 1028 109 40 incl.
789 1028 162 47 front.,
985 1028 127 40 illus.
1141 1028 134 49 (part
1307 1030 111 47 col.)
1458 1031 178 47 diagrs.
1697 1029 144 41 20½cm.

347 1083 347 47 Bibliography
723 1086 51 37 at
805 1085 89 40 end
924 1085 51 39 of
1003 1085 118 40 each
1150 1086 213 47 chapter.

275 1139 53 52 ©
355 1143 127 39 June
507 1144 66 41 15.
602 1142 139 48 1935;
772 1143 66 40 2c.
868 1145 93 38 and
988 1143 81 41 aff.
1098 1145 128 39 June
1253 1143 80 47 19;
1365 1145 40 38 A
1434 1145 168 47 84333;
1634 1146 158 39 Amer.
1822 1146 121 39 book
1974 1157 66 29 co.
344 1144 1904 102 [Copyright
503 1202 41 38 is
571 1198 203 42 claimed
805 1211 61 29 on
895 1200 250 49 revisions]
1221 1201 280 47 (35-10010)

272 1288 269 63 Jenness,
571 1291 190 61 Mary.

347 1364 1916 71 We all need each other [by] Mary Jenness … Leaders’
277 1443 229 53 manual
552 1444 328 69 presenting
925 1444 154 54 units
1126 1445 63 52 of
1235 1445 210 68 guided
1492 1446 326 67 experience
1864 1445 59 53 in
1971 1445 292 56 Christian

275 1521 298 52 education
626 1521 92 52 for
770 1520 393 55 intermediate
1214 1541 226 50 groups.
1517 1524 137 52 New
1707 1524 179 67 York,
1937 1523 326 54 Cincinnati

283 1606 136 60 [etc.]
458 1598 240 54 Printed
730 1600 93 52 for
855 1601 94 53 the
980 1600 420 52 International
1431 1602 317 53 committee
1782 1621 71 32 on
1886 1602 378 67 co-operative

277 1674 351 69 publication
655 1676 64 52 of
746 1677 261 53 vacation
1033 1679 210 51 church
1270 1679 189 53 school
1487 1678 344 54 curriculum
1857 1680 75 66 by
1958 1681 95 51 the
276 1679 1964 128 Methodist
455 1755 145 52 book
630 1773 235 36 concern
902 1759 190 64 [c1935]

348 1828 84 40 164
456 1839 41 37 p.
550 1828 145 40 21½cm.
753 1828 113 50 [The
889 1827 325 50 co-operative
1235 1828 149 41 series
1407 1829 51 39 of
1480 1830 226 39 vacation
1730 1830 180 39 church
1935 1829 161 41 school
2120 1831 146 49 texts]

377 1886 242 47 “Prepared
651 1885 128 39 from
812 1895 28 30 a
871 1884 289 49 descriptive
1193 1884 184 43 outline
1409 1887 259 47 developed
1701 1887 61 47 by
1796 1887 285 40 Protestant
279 1884 1973 98 Christian
410 1942 158 40 forces
600 1941 52 41 of
681 1942 80 40 the
793 1942 179 40 United
1002 1942 163 41 States
1198 1943 95 39 and
1326 1941 199 42 Canada
1557 1943 209 48 through
1798 1943 81 41 the
1912 1942 357 42 International

278 1999 185 39 council
489 1999 51 39 of
565 1998 228 49 religious
820 1998 270 48 education,
1118 2000 95 39 and
1242 2000 215 40 released
1487 2002 49 38 to
1565 2001 84 39 the
1672 1999 300 41 constituent
278 1997 1973 99 denominations.”

350 2113 224 39 Includes
600 2111 390 50 bibliographies.

279 2165 53 52 ©
357 2171 113 46 May
495 2170 39 40 6.
560 2168 140 48 1935;
729 2168 67 41 2c.
824 2170 96 39 and
945 2169 82 41 aff.
1055 2171 114 46 May
1196 2170 51 46 8;
1278 2170 40 38 A
1343 2169 141 40 82972;
1541 2171 58 37 M.
1630 2171 217 45 Jenness,
1876 2170 117 39 New
2019 2170 142 38 York.

360 2225 279 50 (35-10126)

278 2315 196 64 Jones,
504 2317 255 53 Howard
789 2317 319 63 Mumford,
1141 2322 169 50 1892-
1523 2318 83 51 ed.

352 2390 1916 71 Major American writers, edited by Howard Mumford Jones …
385 2468 1883 70 and Ernest E. Leisy … New York, Harcourt, Brace and
283 2563 295 51 company,
608 2549 148 50 1935.

349 2618 97 49 xvi,
473 2619 117 41 1528
613 2631 41 37 p.
709 2620 146 40 23½cm.

353 2676 293 41 “Selections
679 2677 127 39 from
842 2677 80 40 the
955 2675 131 42 chief
1121 2677 192 40 writers
1347 2676 52 41 of
1432 2678 81 40 the
1546 2676 277 48 eighteenth
1860 2678 96 39 and
1988 2677 280 41 nineteenth

278 2732 478 41 centuries.”—Pref.

354 2789 68 39 “A
446 2790 209 39 selected
681 2788 364 49 bibliography”
1064 2799 10 30 :
1101 2799 41 37 p.
1172 2787 275 42 1523-1524.

283 2841 53 52 ©
367 2846 115 47 July
513 2846 39 46 8,
585 2846 139 45 1935;
757 2844 67 41 2c.
855 2846 95 38 and
982 2844 82 41 aff.
1098 2845 116 48 July
1246 2845 81 47 16;
1361 2846 42 38 A
1436 2845 168 47 84657;
1642 2846 259 46 Harcourt,
1935 2847 157 38 Brace
2121 2846 36 39 &
2187 2856 83 36 co.,

351 2902 89 40 inc.
512 2901 278 48 (35-10025)

282 2975 196 66 Jones,
506 2978 173 63 Mary
705 2976 180 55 Alice.

285 3052 1956 142 The church and the children, by Mary Alice Jones … Nashville, Tenn., Cokesbury press [c1935]
353 3204 84 40 275
464 3216 42 37 p.
563 3203 54 40 19½cm

285 3257 53 52 ©
364 3262 113 46 Apr.
506 3260 39 45 5,
575 3259 138 47 1935;
744 3260 66 39 2c.
842 3261 112 46 May
983 3260 82 45 31;
1097 3260 81 40 aff.
1209 3261 114 46 May
1351 3259 82 47 29;
1467 3260 43 39 A
1535 3259 168 47 84035;
1735 3259 268 40 Whitmore
2032 3259 35 39 &
2100 3257 169 47 Smith,

353 3317 261 39 Nashville.
687 3316 277 48 (35-10115)

286 3390 348 65 Kavanagh,
661 3391 253 54 William
942 3391 296 63 Aloysius.

455 3465 1808 69 … Lay participation in Christ’s priesthood … by the Rev.
285 3543 1953 145 William A. Kavanagh, S . T. L. Washington, D . C., The Catholic university of America, 1935.
423 3725 8 15 xv,
463 3695 79 39 131
573 3705 41 37 p.
670 3694 115 41 23cm.

358 3753 60 38 At
451 3752 123 38 head
604 3750 51 41 of
688 3750 107 41 title
813 3761 9 30 :
857 3748 305 42 Universitas
1194 3750 240 39 catholica
1467 3748 263 46 Americae,
1764 3746 331 50 Washington,
2129 3749 56 39 D.
2219 3748 48 40 C.

291 3808 40 38 S.
365 3808 231 38 Facultas
621 3807 280 46 theologica,
930 3805 272 40 1934-1935.
1258 3816 71 27 no.
1358 3806 69 39 41.

359 3861 170 41 Thesis
565 3863 62 47 (S.
685 3893 8 9 T.
750 3860 325 48 D.)—Catholic
1100 3860 269 48 university
1395 3860 52 41 of
1470 3860 236 47 America,
1733 3859 126 41 1935.

358 3918 346 48 Bibliography
722 3929 8 29 :
761 3930 42 36 p.
833 3917 213 40 122-125.

290 3970 53 52 ©
375 3975 113 39 May
523 3973 67 49 29,
625 3973 117 41 1935;
801 3975 66 38 2c.
903 3975 127 38 June
1061 3974 24 38 1;
1148 3973 81 40 aff.
1267 3975 126 38 June
1426 3974 25 39 3;
1516 3974 41 37 A
1592 3972 146 40 84090;
1800 3970 221 41 Catholic
2055 3968 127 42 univ.
2218 3969 51 40 of

356 4029 234 41 America.
661 4030 252 47 (35-10117)
