2424 4375
1017 4067 130 52 1745

125 441 278 64 Addams,
432 442 166 65 Jane,
631 447 322 50 1860-1935.

189 518 104 68 My
336 518 209 68 friend,
584 519 160 53 Julia
783 520 276 67 Lathrop,
1100 520 73 67 by
1214 520 148 53 Jane
1401 519 275 51 Addams.
1752 518 138 51 New
1933 517 179 66 York,

121 596 117 53 The
267 595 333 53 Macmillan
629 614 296 50 company,
956 600 149 49 1935.

190 668 1057 51 ix p., 1 l., 228 p. front. (port.) 20½cm.
191 725 101 40 The
323 727 133 45 story
484 727 51 38 of
569 726 118 40 Miss
722 725 254 49 Lathrop’s
1006 725 87 42 life
1126 736 63 37 up
1220 728 49 38 to
1300 726 86 39 her
1419 723 335 50 appointment
1787 724 48 38 to
1872 724 79 39 the
120 723 1971 98 Children’s
314 780 182 41 bureau
531 781 50 40 in
616 781 112 41 1912
765 784 92 39 and
895 783 52 39 of
982 783 80 40 the
1097 783 96 39 last
1230 782 191 47 decade,
1460 779 274 42 1922-1932.
1796 779 71 40 An
1906 784 202 36 account

119 838 51 39 of
198 838 81 39 the
308 836 306 50 intervening
639 847 142 38 years
811 838 98 39 will
940 839 56 40 be
1027 838 194 40 written
1251 838 61 48 by
1341 837 156 41 Grace
1523 837 178 40 Abbott.
1776 836 62 48 cf.
1868 836 130 41 Pref.

189 893 100 40 The
314 893 115 40 final
458 893 209 41 revision
694 894 52 40 of
769 894 82 40 the
876 894 134 41 work
1035 894 129 40 after
1191 895 81 41 the
1296 892 218 41 author’s
1540 893 147 40 death
1713 894 88 39 has
1830 894 114 39 been
1972 894 137 39 made

119 949 59 48 by
204 949 133 41 Alice
366 949 252 41 Hamilton.
694 950 62 47 cf.
785 960 41 38 p.
856 950 60 40 vi.

189 1005 252 41 “Tributes
474 1008 47 38 to
553 1006 133 40 Julia
719 1005 202 42 Clifford
952 1006 229 48 Lathrop,
1211 1006 135 48 April
1378 1006 70 48 15,
1479 1005 141 42 1932”
1639 1016 11 30 :
1681 1016 43 38 p.
1754 1006 216 41 225-228.

121 1057 51 53 ©
201 1063 114 38 Nov.
346 1063 69 46 26,
446 1063 138 46 1935;
616 1063 66 40 2c.
714 1064 94 38 and
839 1063 80 40 aff.
948 1063 116 39 Nov.
1096 1064 81 46 27;
1211 1064 39 38 A
1281 1062 169 48 89639;
1484 1062 280 41 Macmillan
1794 1074 67 30 co.

197 1118 277 49 (35-33985)

116 1222 285 64 Anraths,
433 1224 251 63 Kaspar.

185 1299 106 53 Die
350 1301 239 66 richtige
647 1302 326 66 gestaltung
1029 1301 95 53 des
1182 1301 505 65 Strafverfahrens,
1746 1301 95 52 des
114 1298 1970 133 dienststrafverfahrens
650 1379 115 52 und
815 1378 94 55 des
958 1378 778 68 ehrengerichtsverfahrens,
1785 1377 321 53 entwickelt

115 1475 96 34 aus
238 1457 124 52 dem
390 1476 179 33 wesen
593 1458 94 51 des
713 1455 410 55 menschlichen
1152 1457 265 66 denkens,
1441 1476 111 33 von
1577 1458 231 66 Kaspar
1833 1458 272 51 Anraths.

116 1534 213 66 Berlin,
357 1537 62 51 F.
449 1535 237 65 Vehlen,
717 1539 147 49 1934.

186 1609 23 37 1
242 1620 40 27 v.

115 1660 1991 53 © June 19, 1934; 1c. Oct. 2; A -Foreign 25858; Verlag Franz Vallien.
113 1752 388 66 Applegarth,
531 1755 305 61 Margaret
868 1753 214 63 Tyson,
1116 1755 170 50 1886-

184 1830 476 53 Three-cornered
725 1827 306 69 continent,
1094 1829 74 67 by
1231 1827 296 69 Margaret
1590 1828 66 52 T.
1721 1826 383 70 Applegarth.

113 1908 361 68 Cambridge,
503 1907 189 67 Mass.,
721 1907 121 53 The
872 1907 234 54 Central
1135 1906 317 53 committee
1482 1924 73 34 on
1582 1906 96 52 the
1704 1905 197 53 united
1931 1905 172 68 study

112 1986 62 52 of
201 1984 227 70 foreign
456 1984 261 54 missions
767 1986 174 65 [c1935]

182 2058 83 40 127
295 2070 43 37 p.
398 2059 134 40 front.
576 2058 170 48 (port.)
790 2057 126 41 illus.,
964 2057 170 49 plates,
1167 2057 227 41 mounted
1426 2057 118 40 fold.
1574 2065 126 40 map.
1762 2056 143 40 19½cm.

113 2113 51 53 ©
190 2118 127 39 June
338 2117 40 46 4,
405 2117 111 39 1935;
571 2116 66 39 2c.
665 2116 94 39 and
785 2114 81 40 aff.
892 2115 118 38 Nov.
1037 2114 52 39 11;
1147 2113 41 39 A
1213 2113 169 47 89326;
1413 2113 196 41 Central
1634 2112 274 41 committee
1936 2125 57 27 on
2023 2114 81 40 the

180 2174 166 40 united
378 2174 144 47 study
552 2173 52 38 of
631 2171 189 48 foreign
853 2170 236 41 missions.
1162 2170 278 47 (35-33565)

113 2277 208 65 Ayres,
348 2281 137 50 Mrs.
515 2275 331 53 Katharine
873 2274 165 54 Scott
1070 2272 286 68 (Graves)
1394 2275 171 53 1876-

175 2352 321 71 Highways
531 2353 112 52 and
678 2351 229 69 byways
943 2350 64 54 of
1045 2350 248 70 Europe,
1329 2350 72 69 by
1439 2349 323 54 Katharine
1802 2349 57 55 S.
1897 2351 200 67 Ayres.

112 2430 342 68 [Montclair,
483 2430 70 53 N.
584 2429 76 69 J.,
692 2430 122 52 The
845 2427 307 54 Montclair
1187 2427 264 69 printing
1480 2444 99 52 co.,
1608 2427 127 69 inc.,
1770 2430 152 65 1935]

177 2503 84 40 167
302 2513 43 39 p.
404 2504 229 39 mounted
671 2501 127 41 illus.
859 2501 115 40 23cm.

181 2561 160 40 “First
370 2559 226 41 edition.”

112 2616 50 52 ©
191 2621 108 38 Jan.
329 2620 39 45 2,
400 2619 138 41 1935;
572 2619 65 39 2c.
669 2618 117 39 Nov.
813 2617 81 45 21;
928 2616 80 40 aff.
1040 2616 117 40 Nov.
1189 2615 82 47 20;
1304 2616 41 38 A
1376 2615 169 47 89545;
1579 2616 58 40 K.
1672 2616 43 40 S.
1748 2617 167 46 Ayres,
179 2618 1904 102 Montclair,
342 2677 54 39 N.
425 2678 42 38 J.
539 2674 278 48 (35-34027)

109 2780 241 63 Barton,
381 2779 179 62 Lucy.

176 2853 258 55 Historic
464 2858 246 49 costume
743 2851 92 54 for
867 2854 92 51 the
991 2858 174 61 stage,
1195 2852 75 67 by
1301 2854 158 65 Lucy
1491 2854 246 65 Barton;
1773 2852 320 54 illustrated

109 2932 74 69 by
209 2932 193 54 David
434 2930 212 57 Sarvis.
712 2933 231 57 Boston,
973 2930 220 54 Walter
1222 2930 75 52 H.
1331 2929 189 53 Baker
1548 2947 296 48 company,
1878 2934 148 48 1935.

177 3001 1457 52 3 p. l., v-viii p., 2 l., 3-605 p. col. front., illus. 27½cm.
179 3061 374 47 Bibliography;
582 3070 41 37 p.
653 3059 260 50 [587]-595;
942 3057 334 48 bibliography
1302 3061 51 36 at
1379 3058 88 38 end
1496 3058 51 38 of
1572 3058 116 39 each
1716 3058 212 46 chapter.

111 3109 1986 60 © Nov. 29, 1935; 2c. Dec. 2; aff. Dec. 14; A 88453; L. Barton, ℅ Miss
177 3179 138 38 Irene
340 3176 146 46 Weir,
512 3175 243 45 Katonah,
783 3175 53 37 N.
865 3174 52 39 Y.
988 3172 280 47 (35-34454)

107 3273 209 65 Beard,
345 3273 247 52 Charles
617 3268 238 65 Austin,
885 3270 171 53 1874-

175 3350 120 54 The
327 3349 316 69 presidents
677 3348 60 51 in
769 3346 305 51 American
1106 3344 222 69 history
1368 3345 109 67 [by]
1518 3344 234 54 Charles
1786 3344 70 52 A.
1893 3346 204 52 Beard.

114 3429 152 67 [New
295 3427 180 66 York]
506 3427 55 54 J.
592 3426 270 65 Messner,
889 3424 106 52 inc.
1048 3426 175 63 [c1935]

171 3504 83 39 157
282 3514 42 37 p.
349 3502 109 40 incl.
486 3502 148 47 ports.
694 3498 146 40 22½cm.

174 3556 368 51 “Biographical
573 3554 183 50 digest”
777 3567 8 28 :
817 3566 41 37 p.
889 3553 216 41 149-157.

108 3614 50 52 ©
187 3619 115 38 Nov.
329 3617 69 45 15,
428 3615 139 40 1935;
599 3614 67 39 2c.
697 3614 110 38 Dec.
838 3612 52 39 4:
924 3611 81 40 aff.
1037 3612 111 38 Dec.
1182 3611 51 45 5;
1267 3611 40 38 A
1339 3610 170 46 89709;
1544 3608 167 41 Julian
1745 3611 230 47 Messner,
2009 3613 88 39 inc.

185 3671 277 51 (35-34882)

106 3764 205 63 Beaty,
341 3763 151 53 John
523 3760 71 53 Y.

106 3830 1993 155 Story pictures of farm foods, by John Y. Beaty … photographs by J. C. Allen and others. Chicago, Beckley-Cardy
105 4013 274 50 company
415 3996 172 64 [c1935]
