2526 4384
1314 4054 103 50 320

351 441 240 55 Illinois.
665 441 310 69 Appellate
1008 447 202 50 courts.

355 517 1966 148 Reports of cases determined … with a directory of the judiciary
555 597 63 53 of
660 598 95 53 the
797 602 145 49 state
987 599 112 51 and
1142 597 277 54 abstracts
1461 597 63 52 of
1567 616 150 35 cases
1760 596 334 68 designated
2135 596 76 68 by
2252 595 99 54 the

355 674 1971 147 courts as not to be reported in full. v. 276. A. D. 1935 … Reported
589 753 75 67 by
695 754 161 53 Basil
884 756 191 53 Jones.
1143 752 269 68 Chicago,
1445 753 324 67 Callaghan
1796 756 45 50 &
1871 771 297 49 company,
2200 755 148 50 1935.

421 825 168 49 xxxix,
648 825 59 42 626
730 837 42 37 p.
829 826 56 40 23
888 828 44 21 cm
938 857 8 9 .

351 880 53 53 ©
429 885 122 39 Mar.
576 883 69 48 27,
672 883 113 40 1936;
839 882 68 41 2c.
935 884 96 39 and
1056 882 81 41 aff.
1165 883 114 47 Apr.
1307 882 25 39 1;
1388 882 43 39 A
1455 881 141 41 82291;
1655 882 270 47 Callaghan
1953 881 36 40 &
2016 891 65 30 co.

354 971 264 55 Indiana.
692 974 310 67 Appellate
1034 981 175 46 court.

426 1049 1926 68 Reports of cases decided … with tables of cases reported and
359 1126 165 69 cited,
559 1133 239 49 statutes
830 1128 149 53 cited
1016 1130 111 51 and
1162 1129 319 66 construed,
1518 1129 112 51 and
1665 1146 75 35 an
1772 1128 188 53 index.
2032 1129 205 52 Emma
2269 1129 82 53 M.

356 1204 157 69 May,
543 1202 199 57 official
773 1210 256 64 reporter;
1091 1208 148 52 Paul
1268 1207 69 53 V.
1367 1203 245 70 Wycoff,
1640 1208 170 67 Mary
1844 1205 198 69 Spain,
2073 1206 279 53 Manford

358 1283 230 66 Nelson,
613 1283 312 54 assistants,
984 1302 51 35 v.
1063 1283 80 54 97.
1205 1285 176 51 From
1402 1284 140 67 May
1568 1287 82 64 18,
1678 1287 151 64 1933,
1852 1289 59 48 to
1936 1284 310 53 December
2269 1287 84 64 20,

357 1364 149 52 1933.
574 1360 418 70 Indianapolis,
1025 1361 906 57 Bookwalter-Ball-Greathouse
1961 1362 265 69 printing
2255 1380 99 51 co.,

358 1444 150 49 1934.

527 1543 10 18 xxv,
563 1512 90 42 729
676 1523 43 39 p.
776 1512 58 40 22½
865 1515 46 21 cm
914 1544 9 9 .

357 1566 53 53 ©
437 1571 112 39 Dec.
578 1571 40 46 2,
647 1569 115 41 1934;
818 1570 68 40 2c.
915 1569 112 41 Feb.
1055 1569 69 48 18,
1153 1568 141 48 1935;
1327 1568 81 41 aff.
1438 1570 122 40 Mar.
1590 1569 82 48 21;
1704 1570 45 42 A
1774 1569 170 48 81186;
1980 1569 140 41 State
2143 1570 57 41 of
427 1570 1911 105 Indiana,
560 1626 350 48 Indianapolis.

354 1716 220 65 James,
602 1716 171 66 Rian,
805 1721 171 51 1899-

425 1792 226 70 Dining
689 1793 61 53 in
789 1793 141 55 New
972 1792 180 70 York,
1192 1811 73 36 an
1301 1793 264 54 intimate
1605 1792 191 70 guide,
1833 1793 77 69 by
1950 1793 153 54 Rian
2141 1795 211 54 James.

353 1871 215 67 Repeal
602 1870 104 67 ed.,
741 1870 338 70 completely
1115 1888 114 36 rev.
1298 1870 140 53 New
1475 1869 181 70 York,
1690 1870 123 53 The
1847 1870 159 55 John
2041 1870 132 70 Day
355 1886 1976 131 company
548 1952 193 66 [c1934]

430 2020 98 46 271,
561 2021 55 48 [1]
645 2029 43 38 p.
749 2018 56 41 20
806 2021 45 21 cm
855 2051 10 9 .

430 2076 216 40 “Fourth
681 2076 196 48 edition,
913 2076 203 44 revised,
1149 2075 157 42 1934.”

361 2132 52 54 ©
449 2137 116 39 Nov.
602 2138 39 45 1,
678 2134 116 42 1934;
859 2136 67 40 2c.
963 2134 110 41 Feb.
1110 2135 67 47 29,
1215 2134 140 48 1935;
1396 2135 83 40 aff.
1517 2136 121 40 Mar.
1674 2135 83 47 28;
1794 2137 40 38 A
1872 2135 169 47 82300;
2082 2136 55 40 R.
2175 2136 179 46 James,

428 2190 300 52 Hollywood,
759 2192 144 42 Calif.
974 2191 281 49 (34-28491)

358 2283 220 65 James,
605 2283 151 66 Will,
785 2288 171 51 1892-

431 2362 72 51 In
540 2363 94 52 the
670 2361 198 54 saddle
906 2362 142 53 with
1085 2362 181 54 Uncle
1302 2360 138 67 Bill,
1477 2362 76 65 by
1588 2361 143 55 Will
1767 2361 225 64 James;
2031 2360 322 55 illustrated

362 2439 72 66 by
468 2438 96 54 the
599 2439 224 52 author.
891 2438 141 54 New
1067 2437 179 67 York,
1280 2438 258 65 London,
1575 2438 65 56 C.
1676 2437 312 56 Scribner’s
2023 2456 146 47 sons,
2204 2439 150 51 1935.

429 2509 104 45 xiii,
559 2510 100 47 289,
735 2530 11 29 [1]
775 2522 43 37 p.
846 2510 111 42 incl.
983 2510 165 44 front.,
1177 2510 143 47 illus.,
1346 2510 171 48 plates.
1577 2509 56 40 21½
1666 2512 43 21 cm
1714 2541 8 8 .

361 2564 53 53 ©
439 2569 119 38 Mar.
587 2568 68 46 15,
683 2566 112 41 1935;
849 2568 68 39 2c.
946 2568 95 39 and
1068 2566 81 41 aff.
1178 2568 122 38 Mar.
1326 2566 59 39 25;
1437 2567 40 38 A
1505 2565 147 41 82130;
1707 2566 202 41 Charles
1939 2565 268 42 Scribner’s
2230 2575 126 31 sons.

441 2623 251 50 (35-4219)

359 2710 237 65 Jensen,
620 2712 222 65 Anker,
871 2717 172 50 1883-

432 2787 234 54 Anchor
696 2794 256 48 contract
978 2788 260 69 bidding,
1266 2790 75 67 by
1371 2790 198 53 Anker
1599 2790 228 65 Jensen,
1858 2787 60 54 in
1948 2788 407 54 collaboration

364 2863 140 55 with
554 2866 254 53 Richard
856 2868 71 52 A.
979 2867 283 53 MacHale
1312 2868 115 51 and
1477 2866 254 54 Edward
1780 2868 73 52 D.
1904 2868 240 66 Lyman.
2217 2866 137 53 New

365 2945 178 67 York,
574 2942 231 57 Oxford
834 2944 317 68 university
1182 2963 175 49 press,
1390 2949 149 50 1934.

437 3016 57 41 60
524 3025 43 38 p.
626 3016 58 40 19½
713 3018 45 22 cm
763 3049 9 9 .

436 3073 174 40 Tables
643 3083 60 29 on
733 3072 361 49 lining-papers.

437 3129 163 41 “First
631 3129 226 42 edition.”

365 3183 53 54 ©
446 3188 118 39 Nov.
593 3186 70 49 26,
695 3186 116 40 1934;
867 3187 68 40 2c.
966 3188 95 39 and
1092 3186 81 40 aff.
1205 3186 116 39 Nov.
1352 3185 83 49 30;
1470 3187 40 38 A
1541 3185 170 49 79207;
1745 3186 54 39 A.
1832 3186 191 47 Jensen,
2056 3184 214 41 Richard
2302 3187 54 38 A.

433 3245 240 41 MacHale
701 3246 98 38 and
827 3245 212 39 Edward
1070 3245 55 39 D.
1158 3245 200 47 Lyman,
1389 3244 92 40 Los
1513 3244 219 46 Angeles.
1802 3242 250 49 (35-4173)

364 3333 264 63 Jonesco,
658 3334 218 55 Barbu.

437 3409 109 52 Air
575 3410 140 51 dash
746 3409 93 52 for
870 3429 31 33 a
930 3410 218 66 throne,
1175 3410 75 66 by
1278 3409 196 53 Barbu
1503 3411 239 53 Jonesco
1772 3428 61 35 as
1860 3409 122 52 told
2010 3414 59 47 to
2099 3406 253 55 Maurice

364 3486 200 53 Lewis.

465 3560 62 38 (In
554 3555 200 42 London
782 3555 195 51 People,
1005 3555 115 43 Feb.
1151 3556 70 50 17,
1252 3555 143 50 1935)

367 3610 1988 54 © 1c. Apr. 15; 1935; A ad int. 20137; pubd. Feb. 17; Maurice Lewis,
436 3672 154 47 Kings
620 3671 226 47 Langley,
879 3671 163 46 Herts,
1075 3671 232 47 England.

364 3744 203 66 Kains,
595 3744 259 54 Maurice
884 3744 311 65 Grenville,
1226 3750 171 49 1868-

373 3819 1978 146 Five acres; a practical guide to the selection and management of the small farm, by M. G. Kains … New York,
369 3974 325 68 Greenberg
728 3979 190 63 [c1935]
