2424 4375
1169 4021 138 50 2044

251 379 293 65 Hoesslin,
573 381 219 53 Rudolf
820 398 130 38 von.

322 458 157 66 Über
507 469 266 69 multiple
803 471 271 64 sklerose;
1109 490 261 49 exogene,
1403 472 283 68 ätiologie,
1718 476 376 66 pathogenese
2126 476 117 52 und

254 547 243 64 verlauf,
539 547 310 54 bearbeitet
889 549 144 51 nach
1076 548 493 54 literaturstudien
1612 551 118 52 und
1771 552 144 51 nach
1960 552 126 53 dem
252 570 1969 107 material
451 625 102 52 der
581 625 349 53 Münchener
958 624 628 55 Universitätskliniken
1618 628 113 52 und
1767 629 100 52 der
1898 629 347 56 städtischen

251 701 560 67 krankenanstalten,
858 721 108 34 von
1015 703 82 53 dr.
1148 704 222 52 Rudolf
1416 723 110 35 von
1574 705 285 54 Hoesslin.
1941 707 305 67 München,

252 782 55 51 J.
336 782 62 50 F.
426 781 293 52 Lehmann
771 783 150 64 [1934]

327 868 23 38 1
384 878 43 29 v.

257 931 1990 56 © Oct. 15, 1934; 1c. Nov. 30; A -Foreign 28326; J. F. Lehmanns verlag.
252 1055 293 64 Hummel,
576 1055 321 56 Cornelius.

322 1146 233 67 Malaya
581 1145 172 54 kreuz
779 1146 117 52 und
924 1146 165 67 quer!
1156 1147 110 52 Mit
1296 1164 221 49 parang
1542 1147 118 52 und
1687 1147 265 67 kompass
1980 1147 57 53 in
252 1148 1967 130 tropischen
451 1224 270 65 wäldern,
752 1242 110 34 von
892 1223 408 54 forstdirektor
1332 1224 62 54 C.
1427 1225 288 53 Hummel.
1781 1226 112 52 Mit
1924 1228 66 49 25
2022 1225 225 54 bildern

252 1302 117 52 und
407 1301 218 53 karten.
701 1300 303 66 München,
1042 1303 56 54 J.
1141 1302 172 51 Kösel
1353 1305 44 50 &
1437 1304 65 51 F.
1542 1303 200 52 Pustet
1808 1306 150 63 [1935]

327 1388 97 46 166,
455 1387 54 49 [2]
538 1398 42 37 p.
609 1386 77 41 incl.
746 1386 148 40 front.
924 1386 158 48 (map)
1147 1387 170 47 plates.
1372 1386 55 40 23
1429 1389 45 21 cm
1479 1418 9 9 .
1549 1387 210 50 [Erlebte
1786 1388 139 47 weit;
1956 1388 177 41 bücher
2163 1390 84 40 der

255 1445 121 40 zeit:
406 1444 214 47 fährten,
650 1443 170 48 reisen,
850 1444 276 49 abenteuer]

255 1511 1993 53 © Apr. 9, 1935; 1c. Sept. 3; A -Foreign 29053; Verlag Josef Kösel &
326 1571 252 41 Friedrich
610 1572 184 47 Pustet,
825 1571 172 40 komm.
1030 1581 96 37 ges.
1158 1581 42 30 a.
1233 1581 42 30 a.
1346 1570 279 49 (35-30695)

252 1690 243 64 Hurley,
523 1690 145 56 Lila.

322 1779 121 53 The
483 1797 189 50 merry
714 1776 401 70 out-of-doors,
1155 1776 73 70 by
1270 1777 129 54 Lila
1442 1777 253 69 Hurley;
1740 1778 324 53 illustrated
2105 1779 137 53 with

254 1856 392 70 photographs
673 1856 75 69 by
773 1856 184 54 Lewis
986 1857 230 66 Brown,
1244 1856 256 52 Howard
1529 1846 233 65 Cleaves
1814 1855 130 67 [and]
1977 1855 263 55 Kenneth

252 1934 304 55 Rockwell.
625 1934 380 68 Brattleboro,
1036 1935 117 66 Vt.,
1183 1933 252 69 Stephen
1466 1934 163 68 Daye
1659 1952 173 51 press,
1865 1936 149 52 1935.

321 2022 58 42 80
403 2034 44 39 p.
475 2022 111 41 incl.
612 2021 174 50 plates.
841 2020 146 43 19½cm.

323 2093 169 42 Poems
520 2094 96 39 and
645 2103 140 39 prose
815 2092 234 42 sketches.

254 2161 54 53 ©
336 2167 111 38 Dec.
474 2166 39 44 7,
541 2164 140 47 1935;
712 2164 66 40 2c.
807 2164 111 40 Dec.
948 2164 80 42 11;
1061 2163 80 40 aff.
1170 2163 112 40 Dec.
1313 2163 80 45 13;
1424 2164 41 38 A
1490 2162 169 48 88641;
1693 2163 212 49 Stephen
1931 2163 136 49 Daye
2097 2171 147 40 press.

333 2220 250 50 (36-3298)

251 2339 239 54 Illinois.
564 2341 184 63 Laws,
772 2344 256 60 statutes,
1052 2344 100 48 etc.

323 2428 389 56 Smith-Hurd
769 2427 226 55 Illinois
1052 2428 305 52 annotated
1414 2432 252 48 statutes.
1759 2430 342 52 Permanent
2156 2429 85 54 ed.

250 2503 1992 148 1935 cumulative annual pocket part for chapter 120. Revenue … Chicago, Ill., Burdette Smith company; St. Paul,
250 2663 201 65 Minn.,
475 2663 160 53 West
660 2660 333 67 publishing
1020 2679 78 35 co.
1129 2693 13 34 [
1147 2666 18 21 c
1170 2663 151 63 1935]

327 2746 55 41 59
411 2758 43 37 p.
512 2746 55 41 23½
600 2747 43 22 cm
649 2777 9 8 .

325 2817 117 40 This
465 2817 250 48 pamphlet
737 2816 44 40 is
803 2817 47 38 to
874 2815 56 40 be
953 2814 139 41 fitted
1117 2814 102 40 into
1244 2815 85 40 the
1349 2814 170 49 pocket
1544 2816 51 39 at
1621 2815 84 40 the
1726 2815 122 40 back
1872 2814 54 43 of
1949 2813 79 42 the
2054 2815 187 41 volume

255 2873 53 41 of
333 2875 80 39 the
439 2877 72 37 set
539 2876 48 38 to
614 2873 158 40 which
798 2872 39 41 it
861 2872 206 47 belongs.

255 2940 53 53 ©
341 2945 117 40 Nov.
493 2943 69 48 25,
597 2941 141 49 1935;
774 2942 67 41 2c.
877 2943 109 39 Dec.
1024 2942 81 45 16;
1144 2940 82 42 aff.
1262 2942 110 39 Dec.
1408 2940 82 48 19;
1528 2942 41 38 A
1604 2940 169 48 89920;
1813 2941 233 40 Burdette
2086 2939 154 42 Smith

325 3012 66 29 co.
426 3002 94 38 and
554 3002 137 39 West
719 3000 110 48 pub.
863 3010 66 29 co.

251 3116 600 63 Kjerbüll-Petersen,
883 3116 241 55 Lorenz.

321 3205 362 69 Psychology
709 3205 64 53 of
799 3204 218 69 acting;
1049 3223 31 34 a
1107 3203 417 54 consideration
1550 3204 64 53 of
1640 3204 73 54 its
1741 3204 309 68 principles
2077 3223 60 34 as
2166 3222 67 34 an

253 3281 1984 70 art, by Lorenz Kjerbühl [ !] Petersen … translated from the
252 3359 1981 69 German by Sarah T. Barrows … Boston, Mass., Expression
250 3457 277 50 company
564 3472 13 34 [
581 3445 19 21 c
605 3442 133 50 1935
743 3472 13 34 ]

323 3524 96 48 xiv,
450 3523 87 41 260
563 3533 45 39 p.
665 3523 56 40 21
724 3525 44 22 cm
771 3554 10 11 .

325 3592 168 41 “Brief
517 3592 306 49 biographies
848 3592 50 41 of
922 3593 80 40 the
1028 3592 130 41 chief
1185 3595 160 38 actors
1371 3592 272 41 mentioned
1670 3592 48 41 in
1745 3593 79 39 the
1850 3593 175 40 book”:
2054 3604 42 37 p.
253 3593 1984 97 255-260.

323 3705 375 49 Bibliography:
726 3717 45 38 p.
797 3705 217 41 249-254.

601 3775 133 48 CONTENTS.—pt.
765 3781 34 35 I.
830 3775 99 40 The
964 3774 196 41 illusion
1194 3775 51 40 of
1280 3776 80 39 the
1393 3776 379 48 audience.—pt.
1846 3805 11 10 II.
1889 3776 100 39 The
2022 3775 211 41 creative

253 3828 133 40 work
414 3829 53 40 of
493 3829 81 41 the
603 3832 150 40 actor.

255 3893 53 53 ©
337 3899 116 39 Nov.
486 3899 68 48 15,
586 3898 139 50 1935;
758 3899 68 43 2c.
857 3901 97 40 Dec;
998 3901 25 39 5;
1084 3900 84 42 aff.
1196 3902 113 40 Dec.
1340 3901 53 47 6;
1427 3901 40 39 A
1498 3901 169 47 88513;
1703 3901 295 49 Expression
2027 3910 67 31 co.

337 3955 248 47 (36-3300)
