2424 4375
1177 4073 100 48 415

323 542 1013 49 4 p. l. , 19 p., 9 l. 43 pl., tab. 23½ cm .
327 598 146 40 “Five
506 599 219 40 hundred
762 600 94 39 and
888 599 112 46 fifty
1036 600 158 46 copies
1230 600 191 47 printed
1458 601 59 45 by
1554 601 211 40 Richard
1805 601 69 40 W.
1912 601 120 39 Ellis
2069 603 52 38 at
2158 602 82 39 the

259 655 244 39 Davidson
534 666 149 37 press,
717 655 116 40 New
866 656 172 40 York.”
1098 656 117 39 This
1250 665 117 38 copy
1398 658 84 38 not
1513 657 275 40 numbered.

253 710 53 53 ©
339 715 118 39 Nov.
491 714 69 47 30,
597 713 141 49 1934;
777 714 66 41 2c.
881 716 94 38 and
1013 714 81 40 aff.
1133 716 121 38 Mar.
1291 714 69 48 16,
1396 712 141 50 1935;
1576 716 40 38 A
1653 714 170 48 81034;
1861 716 64 39 M.
1963 715 49 41 C.
2051 714 187 48 Finlav,

320 772 298 47 Allenhurst,
645 772 56 39 N.
731 772 44 40 J.
845 771 248 48 (35-5180)

250 870 283 69 Fleming,
561 875 207 66 Berry,
799 879 169 50 1899-

325 948 1912 72 Siesta, by Berry Fleming … New York, Harcourt, Brace
253 1030 112 52 and
399 1046 278 51 company
716 1064 13 34 [
733 1036 19 21 c
757 1034 131 49 1935
894 1065 12 32 ]

323 1101 583 49 7 p. l. , 3-345 p. 21 cm .
325 1157 161 42 “First
514 1158 227 41 edition.”

249 1212 53 53 ©
327 1217 113 46 Apr.
466 1216 42 47 4,
534 1215 141 48 1935;
704 1216 66 41 2c.
798 1218 95 39 and
920 1216 84 41 aff.
1032 1217 110 47 Apr.
1171 1216 52 47 9;
1252 1217 42 38 A
1321 1215 142 41 81349
1481 1227 9 36 ;
1523 1216 51 39 B.
1606 1216 232 47 Fleming,
1869 1215 115 40 New
2012 1216 145 40 York.

328 1272 249 49 (35-5115)

248 1375 197 65 Foote,
472 1377 155 52 John
654 1375 262 66 Taintor,
948 1383 169 49 1881-

322 1451 132 53 Full
485 1452 367 70 personality,
881 1454 74 69 by
987 1456 151 53 John
1172 1453 240 54 Taintor
1443 1457 192 51 Foote.
1710 1455 138 52 New
1880 1455 178 57 York,
249 1456 1960 143 London,
406 1532 71 53 D.
509 1531 576 70 Appleton-Century
1116 1551 296 50 company,
1441 1532 417 68 incorporated,
1892 1536 149 50 1935.

320 1604 26 39 3
373 1613 42 36 p.
479 1636 9 10 l..
517 1605 84 39 148
629 1616 41 36 p.
761 1604 27 40 19½
819 1607 42 21 cm
867 1638 7 7 .

247 1657 53 53 ©
324 1662 112 47 Apr.
465 1661 40 47 5,
531 1659 140 49 1935;
700 1660 66 41 2c.
792 1662 114 48 Apr.
932 1662 52 47 8;
1013 1661 81 40 aff.
1121 1661 112 48 Apr.
1261 1661 52 47 9;
1342 1662 40 38 A
1408 1661 171 48 81344;
1609 1662 41 39 J.
1679 1662 52 39 T.
1759 1661 164 47 Foote,
1949 1661 115 40 New
2090 1661 145 40 York.

325 1718 250 48 (35-5114)

243 1804 416 69 Fülop-Miller,
688 1810 177 63 Rene,
896 1813 170 50 1891-

312 1883 263 68 Leaders,
602 1884 300 68 dreamers,
926 1885 114 53 and
1067 1883 206 69 rebels;
1304 1903 71 34 an
1403 1889 238 48 account
1663 1883 64 54 of
1753 1884 95 53 the
1876 1889 161 63 great
244 1900 1987 114 mass-movements

627 1960 64 55 of
727 1960 221 71 history
986 1962 114 53 and
1140 1961 64 54 of
1241 1962 97 53 the
1376 1961 392 54 wish-dreams
1809 1961 129 54 that
1977 1960 255 69 inspired

243 2037 169 69 them,
442 2039 75 69 by
549 2038 154 53 Rene
735 2038 440 70 Fiilop-Miller;
1210 2039 316 53 translated
1561 2038 154 54 from
1745 2039 95 54 the
1876 2037 250 56 German
2158 2035 76 71 by

245 2114 161 54 Eden
432 2117 111 52 and
574 2114 186 56 Cedar
787 2117 162 53 Paul.
1011 2116 138 54 New
1179 2116 178 67 York,
1385 2117 121 53 The
1533 2115 222 71 Viking
1782 2135 173 50 press,
1987 2119 149 51 1935.

313 2198 43 37 x,
384 2189 85 40 464
497 2199 42 38 p.
601 2189 168 48 plates,
798 2192 149 45 ports.
1006 2189 57 39 24½
1095 2190 43 23 cm
1143 2221 8 10 .

311 2244 304 42 “Literature
641 2246 78 39 for
743 2247 194 39 further
962 2246 200 48 study”:
1190 2255 43 39 p.
1259 2244 218 42 428-452.

242 2299 53 53 ©
322 2305 122 39 Mar.
472 2303 71 48 29,
571 2304 140 47 1935;
742 2304 66 41 2c.
839 2305 120 39 Mar.
987 2303 84 49 29;
1102 2304 82 41 aff.
1215 2305 121 39 Mar.
1364 2304 84 47 30;
1478 2305 41 39 A
1549 2303 170 49 81233;
1751 2304 179 48 Viking
1959 2314 148 38 press,
2141 2304 90 40 inc.

321 2359 249 50 (35-4921)

240 2447 248 67 Gilland,
516 2450 256 54 Thomas
797 2450 331 66 McDowell,
1160 2457 169 49 1886-

314 2527 122 53 The
464 2527 189 69 origin
683 2528 112 53 and
827 2528 393 68 development
1247 2527 64 54 of
1339 2528 96 53 the
1466 2546 190 50 power
1686 2527 114 53 and
1827 2526 184 54 duties
2043 2525 64 55 of
2136 2527 96 52 the

244 2604 1926 70 city-school superintendent [ by] Thomas McDowell Gilland …
246 2682 269 68 Chicago,
541 2683 113 67 Ill.,
681 2683 120 53 The
830 2684 335 67 University
1195 2683 64 53 of
1289 2683 251 68 Chicago
1570 2701 155 49 press
1781 2685 151 62 [1935]

313 2753 103 48 xiii,
451 2752 86 41 279
570 2764 41 37 p.
672 2753 56 39 24
730 2755 44 22 cm
779 2784 10 10 .

312 2809 511 48 Photolithographed.

316 2865 220 40 “Annual
571 2867 188 47 reports
793 2866 52 39 of
875 2866 162 41 school
1071 2866 218 40 districts
1324 2865 283 41 examined”
1627 2876 9 29 :
1675 2876 41 37 p.
1750 2865 42 40 3.
1852 2866 373 47 Bibliography:

243 2932 42 37 p.
313 2921 216 42 278-279.

240 2978 53 53 ©
332 2982 111 40 Feb.
481 2981 70 49 25,
590 2981 141 47 1935;
771 2981 65 40 2c.
876 2982 120 39 Mar.
1035 2980 82 47 21;
1158 2979 82 41 aff.
1280 2982 121 38 Mar.
1441 2980 81 47 18;
1563 2980 41 39 A
1643 2979 170 48 81102;
1856 2978 281 48 University
2175 2978 53 40 of

309 3038 223 48 Chicago,
561 3038 221 48 Chicago.
854 3036 249 50 (35-4943)

239 3126 207 66 Grant,
474 3128 256 53 Blanche
762 3128 194 65 Chloe,
988 3130 169 53 1874-

310 3204 187 55 When
522 3205 95 53 old
645 3202 167 57 trails
836 3222 142 36 were
1005 3223 151 48 new;
1187 3205 95 53 the
1306 3210 157 61 story
1492 3203 64 54 of
1584 3205 167 65 Taos,
1776 3202 75 69 by
1880 3202 252 53 Blanche
2164 3201 61 55 C.

242 3280 1981 69 Grant … New York, The Press of the pioneers, inc., 1934.
308 3352 51 41 ix
383 3366 60 37 p.,
469 3356 26 39 1
556 3386 9 16 l.,
589 3355 86 40 344
700 3366 44 37 p.
802 3354 162 48 front.,
991 3355 170 47 plates,
1188 3357 162 46 ports.,
1375 3355 188 40 facsim.
1624 3353 55 39 23½
1712 3356 44 20 cm
1760 3385 8 8 .

310 3411 387 42 “Authorities”:
736 3423 43 37 p.
834 3410 246 49 [315]-330:
1123 3410 373 49 Bibliography:
1538 3422 42 37 p.
1624 3409 245 50 [331]-333.

239 3464 53 53 ©
321 3468 127 49 Sept.
474 3469 69 49 15,
571 3468 141 47 1934;
740 3468 67 40 2c.
836 3469 119 38 Mar.
984 3468 69 48 27,
1081 3467 140 48 1935;
1252 3467 80 40 aff.
1362 3469 121 38 Mar.
1512 3466 81 48 28;
1624 3467 39 38 A
1692 3466 169 47 81200;
1892 3467 142 39 Press
2062 3466 53 40 of
2143 3467 81 39 the

305 3525 234 48 pioneers,
565 3526 91 39 inc.
725 3524 249 48 (35-5098)

236 3615 307 65 Harrison,
571 3614 239 65 Tinsley
835 3614 326 65 Randolph,
1194 3620 169 49 1900-

305 3688 1853 70 Failure of the circulation, by Tinsley Randolph Harrison …
237 3766 331 66 Baltimore,
599 3768 121 52 The
750 3766 287 55 Williams
1071 3768 44 49 &
1146 3767 250 54 Wilkins
1431 3784 296 50 company,
1764 3769 150 50 1935.

306 3838 84 44 xii,
421 3839 87 41 396
538 3849 44 37 p.
707 3870 9 16 pl.,
751 3838 176 48 diagrs.
987 3837 55 42 23½
1076 3840 44 22 cm
1123 3870 10 10 .

303 3893 372 49 Bibliography:
705 3905 44 37 p.
779 3894 216 42 350-365.

239 3948 53 53 ©
319 3953 121 39 Mar.
471 3952 68 47 30,
570 3951 140 44 1935;
741 3952 65 40 2c.
838 3953 94 39 and
961 3951 83 41 aff.
1075 3953 112 47 Apr.
1217 3953 53 46 3;
1302 3953 40 38 A
1374 3951 168 46 82327;
1575 3951 241 41 Williams
1847 3952 36 40 &
1913 3951 208 41 Wilkins
2152 3961 67 30 co.

316 4007 248 45 (35-5061)
