2424 4375
1245 4069 133 49 1196

381 525 70 39 “A
485 525 257 46 simplified
777 525 277 40 arithmetic
1087 526 309 46 curriculum,
1431 527 83 38 the
1546 527 116 39 New
1696 526 296 39 curriculum
2026 525 181 40 edition
2244 526 51 40 of

311 581 78 40 the
422 581 118 40 New
572 581 229 48 Triangle
833 580 347 42 arithmetics.”

314 652 74 39 bk.
418 652 40 47 3,
489 652 41 46 4,
560 648 52 52 ©
641 653 119 46 Aug.
790 650 39 49 9,
860 651 139 47 1935;
1029 652 76 39 bk.
1136 652 38 46 5,
1206 652 40 46 6,
1276 648 55 52 ©
1358 652 118 48 Aug.
1507 651 54 40 12;
1622 653 76 40 bk.
1728 653 41 48 7,
1799 649 52 52 ©
1882 652 119 47 Aug.
2032 652 81 46 14;
2147 652 75 40 bk.
2256 652 38 48 8,

381 705 52 52 ©
461 709 118 47 Aug.
608 708 55 40 15;
721 708 68 40 2c.
820 710 119 39 each
966 708 120 49 Aug.
1116 708 55 40 20;
1233 708 107 40 affs.
1372 709 120 47 Aug.
1522 709 58 39 17;
1637 709 40 39 A
1708 707 318 42 86002-86007;
2086 709 129 40 John
2246 708 48 40 C.

379 764 225 41 Winston
639 776 67 29 co.
772 764 279 50 [Copyright
1089 765 41 40 is
1168 764 204 41 claimed
1408 776 63 29 on
1509 765 236 40 revisions
1782 767 95 38 and
1916 765 260 48 additions]

389 821 280 49 (35-15277)

308 922 276 66 Burdick,
614 924 244 54 Thelma
887 925 166 65 Jane,
1087 930 168 50 1901-

378 998 244 71 Making
657 1021 31 33 a
722 1002 179 52 better
937 1000 445 70 neighborhood,
1416 1003 74 66 by
1526 1001 238 55 Thelma
1799 1002 53 55 J.
1892 1001 254 54 Burdick
2183 1004 110 51 and

310 1078 1986 69 Josephine Gifford … Boston, Mass., The Beacon press, inc.,
313 1161 147 51 1935.

381 1230 56 40 31
473 1239 43 38 p.
576 1227 127 42 illus.
763 1228 55 39 21
821 1230 44 22 cm
870 1261 8 9 .
948 1229 126 47 (The
1108 1230 189 39 Beacon
1332 1229 131 42 units
1499 1230 50 39 in
1585 1229 229 48 religious
1850 1229 269 42 education.
2181 1229 117 41 Unit

313 1296 75 31 no.
416 1285 52 48 2)

385 1343 373 48 Bibliography:
791 1354 44 37 p.
865 1344 68 41 31.

314 1410 52 52 ©
395 1415 119 47 Aug.
545 1414 40 46 5,
614 1414 112 40 1935;
784 1413 67 41 2c.
880 1414 96 39 and
1005 1413 81 40 aff.
1115 1415 119 46 Aug.
1263 1414 29 39 6;
1347 1414 43 38 A
1417 1414 142 39 84867;
1617 1414 190 39 Beacon
1838 1424 147 38 press,
2016 1413 90 40 inc.

397 1470 279 48 (35-15142)

309 1571 343 56 California.
726 1574 181 65 Laws,
937 1579 256 56 statutes,
1223 1580 98 47 etc.

382 1648 122 54 The
545 1647 153 56 Code
738 1647 63 53 of
840 1647 128 54 civil
1012 1648 308 68 procedure
1360 1649 110 52 and
1512 1649 97 53 the
1647 1646 244 55 Probate
1931 1646 131 54 code
2104 1646 64 53 of
2205 1646 94 55 the

311 1730 146 50 state
478 1725 65 53 of
568 1724 337 69 California,
927 1724 140 55 with
1093 1724 385 56 amendments
1502 1743 78 51 up
1604 1731 58 47 to
1688 1726 111 52 and
1825 1723 298 69 including
2143 1724 157 54 those

312 1803 64 54 of
419 1802 97 55 the
558 1801 287 70 fifty-first
886 1804 206 53 session
1137 1803 64 52 of
1243 1802 97 54 the
1384 1799 370 71 Legislature,
1799 1803 152 67 1935,
1996 1801 187 55 edited
2226 1801 74 69 by

316 1878 1984 71 Curtis Hillyer … San Francisco, Bender-Moss company, 1935.
381 1961 46 38 x,
456 1951 84 41 931
568 1962 43 38 p.
670 1951 58 41 20
729 1953 44 22 cm
778 1983 9 10 .

384 2009 210 40 Probate
617 2009 116 39 code
759 2008 231 47 preceded
1018 2009 61 47 by
1105 2007 238 42 half-title
1369 2010 85 39 not
1480 2008 225 41 included
1730 2009 50 40 in
1807 2009 83 41 the
1916 2009 191 48 paging.

385 2064 71 42 On
481 2075 141 30 cover:
675 2065 136 40 With
836 2064 171 49 pocket
1031 2065 80 39 for
1134 2065 315 47 supplement.

318 2135 52 52 ©
397 2139 120 47 Aug.
545 2138 69 47 21,
644 2137 113 41 1935;
815 2137 64 40 2c.
908 2138 95 39 and
1032 2137 82 39 aff.
1142 2137 119 47 Aug.
1288 2137 54 40 31;
1400 2138 40 38 A
1470 2136 143 40 86121;
1673 2138 339 39 Bender-Moss
2042 2148 68 29 co.

399 2195 278 48 (35-15034)

319 2296 262 64 Carlson,
612 2298 133 53 Carl
773 2297 249 62 Adolph,
1054 2301 169 50 1898-

386 2369 1910 70 Northmen who went west [by] C. A. Carlson … [Greeley,
317 2447 140 69 Col.,
483 2450 121 52 The
629 2449 221 69 McVey
876 2449 277 69 printery]
1189 2451 149 50 1935.

387 2521 57 42 68
471 2533 43 37 p.
574 2523 143 47 illus.,
746 2523 146 46 ports.
952 2521 54 41 23½
1041 2524 44 21 cm
1090 2554 7 8 .

390 2576 523 43 “Swedish-American
939 2577 324 49 publications
1290 2578 49 39 in
1369 2578 82 40 the
1476 2577 178 41 United
1687 2576 190 42 States”;
1937 2587 41 38 p.
2006 2575 155 42 10-14.

322 2639 52 52 ©
415 2643 125 40 June
578 2643 70 47 20,
686 2643 140 46 1935;
867 2641 64 41 2c.
972 2642 115 48 July
1124 2643 51 46 6;
1217 2642 81 40 aff.
1338 2642 119 48 July
1490 2642 83 47 30;
1612 2643 40 38 A
1691 2643 169 47 84797;
1903 2643 48 40 C.
1990 2643 55 39 A.
2085 2643 214 48 Carlson,

392 2700 214 47 Greeley,
632 2700 98 39 Col.
803 2698 278 49 (35-15262)

316 2799 313 66 Caronnet,
658 2800 311 66 Théodule,
1002 2806 170 49 1864—

319 2875 1957 145 Exercices d’arithmétique, par Th. Caronnet … Paris, Vuibert, 1935.
388 3026 657 49 2 p. l. , 278 p., 1 l. 19 cm .
323 3080 1871 52 © Mar. 25, 1935; 1c. May 31; A-Foreign 27983; Librairie Vuibert.
403 3140 278 48 (35-14867)

318 3241 265 63 Century
610 3242 300 52 furniture
940 3257 303 48 company,
1276 3242 198 53 Grand
1501 3241 237 66 Rapids.

390 3316 309 54 Furniture
728 3335 59 36 as
813 3318 348 66 interpreted
1187 3318 73 67 by
1287 3318 95 52 the
1411 3319 252 66 Century
1692 3316 286 55 furniture
2005 3335 289 50 company.

322 3393 200 57 Grand
553 3393 238 69 Rapids,
822 3394 171 54 Mich.
1032 3430 13 33 [
1050 3402 17 21 c
1073 3399 150 64 1935]

393 3467 85 41 168
507 3478 43 37 p.
581 3466 108 41 incl.
719 3467 143 45 illus.,
894 3468 167 46 plates.
1122 3467 46 38 21
1180 3470 15 20 cm
1229 3499 8 8 .

395 3521 1349 50 “First printing, 1926 … Seventh printing, 1935.”
325 3576 52 52 ©
406 3582 113 45 May
546 3580 69 47 10,
644 3580 140 47 1935;
812 3580 65 40 2c.
907 3582 114 45 May
1049 3580 81 47 31;
1163 3580 80 40 aff.
1272 3581 125 38 June
1426 3580 83 47 24;
1541 3581 40 38 A
1611 3580 168 45 85143;
1813 3580 213 47 Century
2055 3578 245 41 furniture

395 3647 66 29 co.
529 3636 279 50 [Copyright
828 3637 41 40 is
891 3636 202 41 claimed
1117 3648 60 29 on
1201 3646 106 30 new
1328 3638 193 47 matter]
1593 3635 277 48 (35-15029)

321 3737 270 66 Conradi,
622 3738 318 55 Catharine
970 3740 189 63 Mary,
1192 3744 170 51 1898-

453 3814 1843 67 … A dramatic service of worship, how it grew, by Catharine
323 3889 1904 69 M. Conradi … Boston, Mass., The Beacon press, inc., 1935.
394 3962 58 42 40
482 3972 43 37 p.
583 3959 54 40 21
642 3963 44 21 cm
691 3993 8 9 .
769 3962 122 47 (The
925 3964 188 40 Beacon
1149 3964 129 40 units
1313 3963 49 39 in
1397 3963 227 48 religious
1657 3963 268 40 education.
1986 3961 117 41 Unit
2136 3971 71 30 no.
2241 3962 49 46 3)
