2424 4375
0 0 0 0 1402
340 465 219 65 Manly,
584 467 155 53 John
767 468 339 64 Matthews,
1136 473 171 51 1865-

411 544 454 68 Contemporary
900 544 223 55 British
1159 545 323 68 literature;
1520 565 31 34 a
1587 547 219 54 critical
1842 568 203 48 survey
2083 551 111 54 and
2228 555 98 51 232

339 618 680 72 author-bibliographies
1042 623 76 67 by
1142 624 151 55 Fred
1321 626 67 52 B.
1413 622 232 56 Millett.
1721 627 71 52 3d
1818 645 111 35 rev.
1958 629 111 52 and
2094 629 106 53 enl.
2226 631 99 66 ed.,

339 697 170 55 based
534 718 72 35 on
632 700 95 51 the
752 700 73 52 2d
851 718 112 36 rev.
990 701 113 52 and
1130 701 106 53 enl.
1266 702 101 67 ed.,
1391 702 75 68 by
1491 702 155 55 John
1673 703 79 55 M.
1778 703 203 68 Manly
2007 706 112 52 and
2148 706 175 55 Edith

395 774 194 55 Rickert.
663 778 139 52 New
833 777 178 68 York,
1038 778 308 67 Harcourt,
1377 781 180 51 Brace
1587 782 111 52 and
1728 798 296 51 company,
2055 786 148 52 1935.

409 848 64 49 xi,
504 848 86 41 556
619 860 43 37 p.
724 849 55 40 19½
810 852 45 21 cm
859 882 10 8 .

412 905 68 40 “A
511 906 146 41 select
690 906 335 49 bibliography
1057 907 51 41 of
1139 911 367 46 contemporary
1536 908 165 49 social,
1733 909 232 49 political,
1998 911 93 40 and
2127 911 197 51 literary

341 962 243 49 history”:
617 972 41 39 p.
708 962 231 51 [525]-529.

337 1016 54 53 ©
419 1020 102 41 Oct.
551 1022 38 45 1,
619 1020 140 48 1935;
790 1021 65 40 2c.
887 1020 102 41 Oct.
1015 1022 55 46 7;
1100 1021 83 41 aff.
1214 1022 102 40 Oct.
1346 1021 27 40 9;
1431 1023 40 38 A
1502 1022 169 47 87554;
1705 1024 261 46 Harcourt,
1998 1024 154 42 Brace
2182 1025 35 40 &
2245 1034 77 40 co.,

403 1078 89 40 inc.
555 1078 282 49 [Copyright
869 1078 40 40 is
942 1077 206 42 claimed
1181 1088 61 29 on
1275 1079 234 48 complete
1544 1078 225 51 revision]

416 1134 280 49 (35-18933)

337 1239 277 63 Masters,
642 1238 202 64 Edgar
869 1238 134 63 Lee,
1032 1243 171 51 1868-

464 1315 157 52 Vachel
651 1313 273 70 Lindsay,
956 1334 31 34 a
1020 1321 132 62 poet
1183 1315 60 53 in
1273 1315 285 68 America,
1587 1316 74 68 by
1694 1317 199 68 Edgar
1925 1319 109 52 Lee
2065 1319 255 54 Masters.

335 1394 137 52 New
502 1392 179 69 York,
707 1394 257 65 London,
993 1393 62 56 C.
1086 1392 311 57 Scribner’s
1424 1412 146 42 sons,
1601 1399 149 49 1935.

407 1465 52 40 ix
482 1474 57 40 p.,
568 1467 26 38 2
641 1496 24 18 l.,
688 1465 88 41 392
801 1476 41 38 p.
902 1465 163 48 front.,
1092 1466 170 48 plates,
1290 1468 147 46 ports.
1498 1465 55 40 22
1557 1469 43 21 cm
1604 1498 9 10 .

332 1519 56 54 ©
426 1524 127 47 Sept.
588 1524 69 47 27,
695 1522 139 47 1935;
872 1522 66 42 2c.
974 1524 96 39 and
1107 1523 82 40 aff.
1228 1522 101 41 Oct.
1368 1524 80 45 11;
1488 1525 38 37 A
1564 1523 169 47 87592;
1773 1525 53 38 E.
1863 1525 48 39 L.
1949 1525 223 46 Masters,
2209 1526 111 40 New

398 1581 143 40 York.
613 1578 280 51 (35-18940)

357 1683 279 64 [Mearkle,
662 1686 140 51 Mrs.
829 1682 193 55 Annie
1046 1683 65 52 L.]

404 1759 172 54 Moon
615 1758 59 54 in
713 1761 95 53 the
848 1759 132 69 city,
1015 1759 77 69 by
1130 1759 224 69 Angela
1392 1760 198 56 Marco
1651 1761 214 67 [pseud.]
1945 1761 372 68 Brattleboro,

334 1838 791 68 Vt., S. Daye press [ c 1935]
405 1909 650 50 6 p. l., 15-118 p. 21½ cm .
405 1968 184 41 Poems.

329 2021 54 53 ©
411 2026 126 48 Sept.
566 2026 40 46 3,
634 2024 114 41 1935;
806 2025 66 40 2c.
902 2025 127 49 Sept.
1057 2026 26 39 5;
1142 2024 79 40 aff.
1256 2025 127 47 Sept.
1413 2025 52 44 7;
1497 2025 40 38 A
1566 2023 144 41 86459;
1772 2024 209 48 Stephen
2010 2026 135 46 Daye
2173 2034 141 38 press.

408 2081 279 47 (35-18934)

331 2178 275 64 Merillat,
633 2178 181 54 Louis
839 2176 250 66 Adolph,
1119 2183 170 50 1868-

455 2255 286 67 Veterinary
780 2254 257 70 military
1080 2254 220 68 history
1343 2253 64 53 of
1446 2255 95 51 the
1582 2253 217 54 United
1845 2251 214 71 States;
2105 2253 137 53 with
2282 2270 27 35 a

327 2331 150 53 brief
532 2333 197 52 record
786 2331 63 53 of
902 2331 98 54 the
1053 2332 394 67 development
1503 2329 65 54 of
1623 2330 324 70 veterinary
2003 2330 307 67 education,

326 2407 1984 71 practice, organization and legislation … by Louis A. Merillat
386 2484 1922 72 … and Del win M. Campbell … sponsored by the American
330 2564 1978 70 veterinary medical association … volume 1. Kansas City,
329 2647 132 64 Mo.,
489 2646 120 51 The
636 2643 436 55 Haver-Glover
1100 2644 387 68 laboratories,
1518 2647 147 51 1935.

392 2719 85 38 620
505 2729 42 36 p.
608 2718 125 38 illus.
764 2716 131 48 (incl.
926 2717 175 47 ports.)
1169 2716 55 39 23½
1256 2718 16 20 cm
1306 2746 8 9 .

328 2770 54 53 ©
406 2775 119 46 Aug.
553 2774 69 46 24,
650 2772 113 41 1935;
820 2772 66 40 2c.
915 2772 97 40 and
1036 2771 83 41 aff.
1147 2773 119 46 Aug.
1293 2771 82 47 28;
1405 2772 41 39 A
1473 2772 169 47 85660;
1674 2772 48 40 L.
1753 2773 53 39 A.
1836 2772 228 49 Merillat,
2094 2771 213 48 Chicago.

402 2829 281 50 (35-18779)

327 2924 205 65 Militz,
561 2928 138 51 Mrs.
728 2923 190 54 Annie
950 2921 174 69 (Rix)
1158 2924 53 54 d.
1244 2927 148 52 1924.

397 3002 268 67 Primary
691 3002 209 53 lessons
924 3001 61 52 in
1011 2999 294 58 Christian
1331 3000 184 68 living
1541 3004 112 52 and
1678 3001 257 68 healing;
1966 3021 31 34 a
2023 3007 119 48 text
2166 2999 137 55 book

328 3080 64 52 of
421 3078 231 70 healing
680 3079 75 68 by
786 3080 94 51 the
910 3097 190 49 power
1130 3078 64 53 of
1225 3080 160 51 truth
1418 3097 59 35 as
1509 3079 206 66 taught
1747 3080 112 52 and
1892 3077 406 56 demonstrated

327 3157 74 68 by
435 3158 96 52 the
563 3158 216 52 Master
810 3157 154 52 Lord
998 3157 167 55 Jesus
1200 3156 212 63 Christ,
1446 3156 72 67 by
1552 3156 188 53 Annie
1775 3156 113 53 Rix
1921 3155 204 54 Militz.
2197 3156 103 52 Los

327 3235 264 68 Angeles,
622 3233 192 67 Calif.,
843 3235 265 52 DeVorss
1136 3237 46 50 &
1211 3251 78 36 co.
1324 3237 191 63 [c1935]

396 3304 857 52 1 p. l., v-xii, 183, [17] p. 19½ cm .
399 3364 266 40 “Eleventh
695 3361 196 50 edition,
923 3361 230 42 revised.”

399 3420 183 41 “Index
610 3419 53 41 of
689 3419 138 40 Bible
856 3417 327 42 references”:
1213 3428 44 38 p.
1289 3418 246 50 [177]-183.

398 3475 262 49 “Question
684 3475 178 49 helps”,
886 3475 62 48 by
974 3476 140 46 Mary
1139 3473 211 48 Deering
1385 3473 111 50 ([17]
1524 3484 42 38 p.
1591 3476 52 37 at
1668 3474 116 45 end)

323 3530 54 53 ©
407 3535 111 47 Apr.
553 3533 68 47 12,
653 3532 113 41 1935;
828 3533 65 40 2c.
929 3534 97 38 and
1057 3532 82 40 aff.
1173 3532 116 47 July
1322 3530 82 48 29;
1440 3532 40 38 A
1514 3531 168 46 85236;
1718 3531 225 39 DeVorss
1973 3530 37 40 &
2041 3538 64 31 co.

401 3589 278 49 (35-18962)

325 3684 207 64 Miller,
561 3687 137 51 Mrs.
729 3685 327 52 Francesca
1084 3682 206 66 (Falk)

396 3757 222 68 “1812”,
650 3759 95 52 the
778 3763 155 64 story
968 3757 64 54 of
1063 3759 94 51 the
1192 3775 119 34 war
1343 3756 64 53 of
1444 3759 133 50 1812
1610 3756 58 52 in
1702 3772 143 52 song
1878 3755 111 52 and
2025 3758 169 63 story,
2223 3749 68 66 by

321 3833 310 54 Francesca
660 3834 150 52 Falk
833 3834 209 52 Miller.
1108 3833 269 68 Chicago,
1402 3833 90 53 W.
1521 3833 72 52 D.
1624 3833 278 64 Bauman,
1930 3832 148 50 1935.

392 3904 85 42 159
506 3916 45 38 p.
608 3904 56 43 23½
697 3908 44 21 cm
744 3937 9 9 .

324 3960 54 53 ©
404 3965 127 47 Sept.
554 3963 40 47 9,
620 3963 140 48 1935;
785 3965 68 39 2c.
881 3964 127 48 Sept.
1032 3963 82 47 27;
1142 3963 80 41 aff.
1253 3964 126 47 Sept.
1405 3963 82 46 30;
1513 3963 40 38 A
1579 3962 169 46 87297;
1774 3961 186 41 Walter
1986 3961 53 37 D.
2067 3959 223 39 Bauman.

399 4019 280 41 (35-18987)
