2568 4342
1378 4061 65 54 76

406 449 214 67 Smith,
648 452 173 62 Mary
850 451 164 53 Eliza
1037 450 257 56 Holmes.

481 527 104 69 My
618 527 176 69 diery,
826 525 106 57 “no
967 527 321 54 admitunce
1319 525 229 70 stricley
1582 524 352 69 pryvut!!!”
2008 525 90 69 By
2130 524 170 70 Mary
2333 525 68 54 E.

411 605 232 52 Holmes
683 603 217 68 Smith;
944 604 76 53 all
1058 603 380 54 illustrations
1476 603 73 69 by
1590 604 218 52 author.
1884 602 136 54 New
2066 602 162 52 York
2268 602 133 70 city,

411 682 65 55 B.
507 681 58 55 S.
595 682 283 56 Brewster
913 716 13 34 [
931 689 18 22 c
954 684 151 65 1934]

476 755 896 51 4 p. l., 11-102, [1] p. illus. 31 cm .
412 810 1970 107 © Sept. 17, 1934; 2c. and aff. Dec. 20; A 78977; M. E. H. Smith, Baltimore. (35-1603)
408 974 148 53 Sons
585 973 64 53 of
677 973 102 53 the
803 972 349 55 revolution.

541 1048 1863 71 … Proceedings of the adjourned triennial meeting, held at
409 1130 94 52 the
546 1127 333 70 Mayflower
921 1131 172 64 hotel,
1135 1128 402 68 Washington,
1579 1130 72 53 D.
1699 1129 80 67 C.,
1821 1130 153 54 June
2017 1132 187 65 14-15,
2251 1132 149 51 1934.

415 1206 309 68 [Menasha,
756 1208 159 66 Wis.,
950 1207 221 68 George
1205 1208 189 51 Banta
1427 1205 336 69 publishing
1794 1225 298 50 company,
2125 1213 18 22 c
2149 1210 150 64 1934]

477 1281 81 47 vii,
586 1281 84 39 157
695 1290 41 38 p.
794 1282 157 46 plates
979 1280 137 47 (part
1140 1279 144 48 fold.)
1320 1282 162 45 ports.,
1510 1280 189 39 facsim.
1757 1279 56 40 26½
1845 1282 44 20 cm
1893 1310 9 9 .

479 1339 65 39 At
567 1338 124 39 head
718 1338 53 39 of
796 1338 134 40 title;
958 1336 206 41 General
1193 1336 194 48 society,
1419 1336 119 41 Sons
1564 1336 53 41 of
1644 1337 82 40 the
1753 1335 282 42 revolution.

412 1390 51 52 ©
495 1396 111 39 Dec.
639 1395 40 47 3,
712 1392 113 42 1934;
885 1393 65 40 2c.
985 1394 107 39 Jan.
1126 1394 67 46 11,
1227 1392 114 41 1935;
1403 1393 81 40 aff.
1518 1394 108 39 Jan.
1659 1392 25 40 9;
1746 1394 41 38 A
1818 1392 143 41 79125;
2025 1394 179 39 United
2240 1393 162 41 States

480 1453 144 38 naval
650 1451 239 47 institute,
915 1449 281 49 Annapolis.

407 1553 188 54 South
625 1552 289 56 Carolina.
988 1554 278 67 Supreme
1296 1559 174 48 court.

479 1631 1926 68 Reports of cases heard and determined … Volumes clxiv-
410 1708 1991 69 clxxii, … W. M. Shand, Supreme court reporter. Columbia,
411 1788 54 55 S.
497 1788 80 67 C.,
605 1789 121 52 The
753 1790 69 50 R.
849 1790 63 53 L.
943 1790 197 65 Bryan
1169 1804 298 51 company,
1497 1790 323 52 1932-1934.

479 1861 29 40 9
565 1893 8 7 v.
633 1861 56 40 23½
721 1863 46 21 cm
769 1892 7 8 .

754 1928 106 29 CONTENTS.—v.
889 1915 104 42 164.
1019 1915 296 50 Containing
1341 1927 134 30 cases
1504 1917 51 40 of
1583 1917 168 48 spring
1778 1918 95 38 and
1902 1917 90 39 fall
2024 1919 162 45 terms,
2217 1916 187 41 1931.—

441 2006 10 9 v.
485 1972 101 50 165,
618 1973 101 42 166.
749 1974 294 47 Containing
1071 1984 135 29 cases
1236 1974 53 39 of
1316 1974 168 47 spring
1512 1974 95 39 and
1636 1974 91 39 fall
1758 1976 162 45 terms,
1952 1972 127 49 1931,
2112 1975 95 39 and
2238 1972 165 50 spring

411 2034 136 45 term,
589 2031 233 40 1932.—v.
866 2030 101 49 167,
1012 2029 101 42 168.
1155 2030 295 48 Containing
1487 2041 139 30 cases
1666 2030 54 39 of
1760 2031 168 47 spring
1968 2032 95 38 and
2105 2030 91 40 fall
2239 2036 162 41 terms,

410 2088 189 41 1932.—
600 2099 47 29 v.
681 2086 101 42 169.
818 2088 293 47 Containing
1144 2098 138 29 cases
1311 2088 53 39 of
1399 2086 169 49 spring
1599 2088 95 39 and
1726 2088 92 39 fall
1855 2089 136 46 term,
2028 2087 234 40 1932;.—v.
2301 2086 99 41 170.

411 2144 294 47 Containing
734 2155 135 30 cases
902 2145 51 39 of
981 2145 91 39 fall
1106 2146 136 44 term,
1277 2143 126 48 1932,
1437 2145 96 39 and
1565 2144 168 48 spring
1765 2146 93 38 and
1893 2144 91 39 fall
2019 2148 163 43 terms,
2216 2142 188 41 1933.—

443 2233 10 9 v.
481 2200 100 49 171,
612 2200 100 42 172.
741 2199 294 50 Containing
1059 2212 139 29 cases
1221 2201 51 40 of
1299 2200 169 49 spring
1492 2203 95 38 and
1613 2201 91 39 fall
1732 2203 162 45 terms,
1923 2199 126 42 1933.

410 2270 40 29 v.
481 2259 98 47 164,
612 2254 51 52 ©
694 2258 118 48 Aug.
845 2259 68 46 11,
945 2257 139 47 1932;
1117 2269 41 28 v.
1191 2258 97 46 165,
1322 2253 51 52 ©
1409 2258 126 47 Sept.
1566 2256 82 48 29;
1679 2269 41 28 v.
1753 2258 97 47 166,
1885 2253 55 52 ©
1968 2259 111 38 Dec.
2111 2256 82 48 22;
2226 2268 42 30 v.
2302 2255 98 48 167,

485 2312 51 51 ©
570 2316 110 39 Feb.
712 2315 69 47 28,
816 2314 139 41 1933:
991 2326 42 29 v.
1067 2315 97 47 168,
1201 2310 51 52 ©
1289 2316 113 46 May
1435 2314 82 47 24;
1553 2326 41 29 v.
1630 2313 98 48 169,
1766 2310 50 52 ©
1857 2315 124 46 Sept.
2015 2314 83 47 30;
2135 2326 42 28 v.
2213 2313 97 47 170,
2348 2309 51 52 ©

482 2373 108 39 Feb.
616 2372 69 47 28,
711 2371 114 41 1934;
878 2383 42 29 v.
947 2372 97 46 171,
1074 2367 51 52 ©
1151 2372 118 47 Aug.
1298 2372 55 39 13;
1407 2384 41 28 v.
1477 2370 98 49 172,
1605 2367 51 51 ©
1682 2371 118 40 Nov.
1825 2372 58 39 14;
1935 2370 65 41 2c.
2029 2371 119 40 each
2172 2371 95 39 and
2291 2369 109 41 affs.

480 2429 107 40 Jan.
618 2430 68 46 17,
716 2428 112 41 1935;
887 2429 43 39 A
957 2428 323 41 80015-80023;
1336 2429 54 38 R.
1423 2429 50 38 L·.
1505 2429 170 47 Bryan
1701 2437 64 31 co.

409 2518 233 65 Spittle,
674 2519 216 56 Frank.

483 2593 256 69 Legends
763 2594 93 52 for
877 2595 127 68 lazy
1029 2595 158 68 days,
1209 2594 75 69 by
1310 2592 196 53 Frank
1532 2591 226 71 Spittle.
1834 2591 423 69 Philadelphia,
2283 2591 120 69 Pa.,

415 2672 211 67 Poetry
656 2670 334 69 publishers,
1026 2674 148 51 1934.

480 2746 84 40 115
593 2757 43 37 p.
692 2745 144 40 18½cm.

413 2798 51 52 ©
491 2804 110 39 Dec.
628 2801 69 48 24,
724 2801 113 41 1934;
893 2801 65 41 2c.
986 2804 95 38 and
1107 2801 81 42 aff.
1218 2803 107 39 Jan.
1354 2802 67 48 12,
1450 2800 113 42 1935;
1621 2803 40 38 A
1687 2801 143 41 78987;
1889 2802 51 39 F.
1972 2802 188 47 Spittle,
2188 2799 212 49 Astoria,

481 2859 77 41 Or.
630 2858 250 49 (35-1604)

409 2948 305 64 Stanford,
744 2949 192 52 Mabel
965 2949 276 64 Ayretta.

483 3025 121 50 The
637 3022 123 53 first
796 3023 415 68 Californians;
1250 3042 31 34 a
1318 3030 246 64 pageant
1604 3024 108 68 [by]
1752 3023 191 53 Mabel
1978 3023 70 55 A.
2089 3022 308 67 Stanford;

414 3100 164 53 block
615 3102 186 67 prints
836 3101 75 67 by
947 3102 184 53 Lewis
1168 3101 255 69 Lawyer.
1499 3101 344 68 Claremont,
1882 3100 194 69 Calif.,
2116 3099 284 55 Saunders

415 3176 190 55 studio
636 3195 172 51 press,
839 3180 147 49 1934.

483 3248 1778 52 xix p., 1 l., 46 p., 1 1. incl. front. (mounted facsim.) illus. 24½ cm .
487 3305 185 40 “There
706 3315 84 30 are
828 3306 137 40 three
1001 3308 220 40 hundred
1258 3309 96 39 and
1390 3308 111 48 fifty
1541 3310 138 38 three
1713 3309 262 40 numbered
2013 3309 159 47 copies
2211 3309 50 39 of
2299 3308 100 40 this

414 3361 225 41 edition.”
700 3362 119 40 This
850 3372 119 38 copy
996 3366 86 37 not
1111 3365 275 40 numbered.

416 3418 51 52 ©
492 3424 110 38 Dec.
628 3423 40 46 3,
695 3422 139 46 1934;
864 3422 65 39 2c.
957 3423 109 39 Dec.
1094 3422 81 47 28;
1205 3423 80 39 aff.
1314 3424 107 39 Jan.
1449 3423 69 48 21,
1545 3423 113 41 1935;
1713 3424 41 38 A
1781 3423 168 47 79306;
1980 3425 60 38 M.
2069 3424 53 39 A.
2153 3422 246 47 Stanford,

483 3478 215 47 Ontario,
734 3478 141 41 Calif.
947 3478 249 48 (35-1657)

411 3565 353 66 Thorndike,
796 3566 251 54 Edward
1077 3568 133 66 Lee,
1243 3569 171 55 1874-

414 3644 1960 128 … The psychology of wants, interests and attitudes, by Edward
597 3722 63 50 L.
689 3720 330 54 Thorndike
1045 3722 113 52 and
1183 3724 95 51 the
1302 3720 133 56 staff
1461 3724 63 51 of
1549 3724 97 53 the
1669 3723 265 53 Division
1960 3723 63 53 of
2049 3724 348 66 psychology

415 3799 62 51 of
507 3799 96 51 the
633 3797 273 53 Institute
937 3797 63 53 of
1031 3798 357 54 educational
1419 3802 273 64 research,
1724 3801 274 53 Teachers
2032 3802 227 66 college,
414 3802 1959 125 Columbia
658 3874 332 68 university.
1056 3875 137 53 New
1224 3878 179 67 York,
1431 3878 257 67 London,
1719 3881 70 50 D.
1822 3878 576 67 Appleton-Century

413 3969 294 50 company,
737 3951 397 68 incorporated
1171 3986 12 34 [
1189 3958 18 22 c
1211 3956 132 50 1935
1349 3987 13 33 ]
