2424 4375
1019 4069 132 55 1287

183 525 164 39 “First
374 524 226 40 edition.”

115 590 53 53 ©
201 594 119 48 Aug.
356 594 68 48 12,
461 594 112 41 1935;
638 594 67 40 2c.
742 595 117 39 each
893 595 120 47 Aug.
1049 593 55 40 15;
1172 594 81 40 aff.
1290 595 102 40 Oct.
1428 595 30 40 3;
1519 595 41 39 A
1593 595 143 40 87009;
1803 596 297 48 Doubleday,

182 652 166 38 Doran
372 651 36 40 &
434 662 80 37 co.,
543 650 90 41 inc.
697 651 280 49 [Copyright
1003 653 41 38 is
1072 650 203 41 claimed
1304 662 61 29 on
1392 650 334 42 introduction
1751 653 97 39 and
1874 655 140 37 notes
2041 653 59 47 by

180 708 298 47 Doubleday,
525 709 164 38 Doran
736 708 37 40 &
818 718 80 37 co.,
943 707 104 48 inc.,
1095 709 106 39 who
1248 709 250 47 employed
1544 708 83 43 the
1673 708 197 50 editors,
1920 708 181 41 Robert

187 764 176 41 Shafer
391 766 96 39 and
515 765 122 40 Paul
668 765 165 40 Elmer
860 766 145 47 More]
1075 764 279 48 (35-15747)

113 865 294 66 Tharaud,
438 867 251 65 Jérôme,
723 869 169 54 1874-

240 943 1167 69 … Vienne la rouge. Paris, Plon [ 1934]
175 1013 644 50 4 p. l., 254 p., 1 l. 19cm.
176 1071 64 41 At
265 1072 124 41 head
414 1072 52 40 of
486 1072 108 40 title:
648 1072 190 41 Jérôme
864 1075 46 38 et
934 1072 124 42 Jean
1083 1072 245 41 Tharaud.

110 1139 1800 54 © June 27, 1934; 1c. June 12; A-Foreign 28203; Librairie Plon.
195 1200 279 49 (35-16908)

110 1302 315 67 Thinking,
462 1304 278 69 speaking
776 1306 111 52 and
922 1304 261 69 writing;
1222 1306 246 67 English
1504 1305 94 54 for
1633 1306 168 53 ninth
1837 1323 153 50 year,
2024 1306 74 66 by

182 1381 1855 59 Edwin Van B. Knickerbocker … Donald Lernen Clark …
185 1460 1914 70 [and] Benjamin Veit … New York, Newark [etc.] Silver,
180 1538 246 54 Burdett
453 1539 112 52 and
593 1557 279 50 company
905 1543 191 64 [c1935]

179 1609 84 49 xii,
290 1611 99 46 428,
420 1611 66 39 vii
515 1622 41 36 p.
614 1612 177 47 diagrs.
849 1611 113 40 19cm.

113 1675 51 53 ©
202 1680 118 49 Aug.
359 1681 40 47 8,
433 1679 141 49 1935;
612 1680 66 40 2c.
716 1682 119 47 Aug.
873 1681 82 47 20;
995 1681 81 40 aff.
1118 1681 127 49 Sept.
1283 1682 82 46 27;
1404 1682 41 39 A
1482 1680 169 48 87398;
1692 1681 176 43 Edwin
1901 1682 106 39 Van
2045 1683 53 39 B.

180 1737 404 48 Knickerbocker,
617 1738 190 40 Donald
841 1738 173 39 Lernen
1049 1738 148 41 Clark
1228 1739 96 39 and
1356 1737 259 48 Benjamin
1648 1737 123 49 Veit,
1805 1738 117 39 New
1956 1739 153 47 York.,

181 1793 282 50 [Copyright
489 1794 40 40 is
560 1794 205 41 claimed
793 1806 60 29 on
882 1793 251 51 revisions]

108 1896 248 66 Traven,
382 1898 218 55 Bruno.

180 1975 1918 68 The treasure of the Sierra Madré [by] B. Traven. New
110 2052 179 67 York,
314 2054 70 52 A.
413 2054 69 52 A.
509 2053 227 68 Knopf,
768 2056 147 51 1935.

179 2126 28 39 4
234 2136 42 38 p.
304 2128 45 46 1,
377 2127 147 39 3-366
549 2137 41 37 p.
646 2125 142 41 19½cm.

180 2182 162 41 “First
369 2183 256 40 American
654 2182 225 41 edition.”

112 2241 51 53 ©
191 2246 129 40 June
345 2245 68 48 10,
441 2246 116 40 1935;
612 2247 67 39 2c.
709 2246 125 42 June
863 2246 81 46 12;
976 2245 82 40 aff.
1088 2246 129 40 June
1242 2245 83 47 21;
1357 2245 41 39 A
1427 2245 169 47 83878;
1629 2245 173 40 Alfred
1832 2246 54 39 A.
1918 2244 180 49 Knopf,

179 2296 1749 54 inc., New York, and Bruno Traven, c/o Martinez, Mexico City.
188 2359 250 49 (35-9050)

110 2462 279 64 Tressler,
417 2463 182 53 Jacob
626 2462 198 64 Cloyd.

179 2539 367 67 Elementary
603 2540 246 67 English
901 2539 61 53 in
1017 2540 201 52 action,
1295 2539 177 67 grade
1526 2538 48 54 7.
1614 2538 316 54 Alternate.
2006 2542 90 64 By

110 2616 1987 68 J. C. Tressler … and Marguerite B. Shelmadine … Boston,
111 2695 136 52 New
275 2695 163 53 York
489 2701 119 60 [etc.]
642 2696 70 51 D.
746 2697 61 53 C.
838 2695 193 52 Heath
1063 2695 112 51 and
1204 2713 278 48 company
1557 2698 151 62 [c1935]

179 2767 83 48 xii,
289 2766 85 40 401
403 2778 41 37 p.
501 2769 85 38 col.
615 2767 163 47 front.,
809 2767 126 40 illus.
992 2767 56 40 19½cm.

109 2818 55 54 ©
186 2824 120 47 Aug.
333 2824 40 49 5,
402 2823 139 46 1935;
572 2824 63 39 2c.
665 2824 118 47 Aug.
810 2824 53 39 17;
923 2822 78 40 aff.
1032 2824 120 45 Aug.
1180 2822 80 47 19;
1292 2823 41 38 A
1360 2823 169 46 85553;
1562 2824 43 38 J.
1636 2823 49 40 C.
1715 2822 231 48 Tressler,
1978 2823 118 39 Kew

181 2880 231 47 Gardens,
441 2880 50 40 L.
518 2882 52 45 I.,
595 2881 56 38 N.
677 2881 68 46 Y.,
772 2880 94 39 and
894 2879 301 48 Marguerite
1218 2880 53 39 B.
1302 2878 320 48 Shelmadine,
1652 2879 277 48 Rochester,
1957 2880 56 39 N.
2042 2880 53 39 Y.

181 2936 280 49 [Copyright
493 2937 44 40 is
569 2936 202 41 claimed
806 2947 60 29 on
898 2937 211 46 changes
1140 2937 95 38 and
1267 2935 273 48 combining
1572 2936 51 39 of
1656 2936 173 47 grades
1864 2936 25 39 7
1924 2936 94 38 and
2054 2936 41 48 8]

111 3053 208 66 Tynes,
347 3057 136 52 Mrs.
511 3055 173 64 Mary
709 3055 249 55 Pollard.

181 3129 1914 70 The sunset hill, by Mary Pollard Tynes … Dallas, Tex.,
113 3209 117 53 The
254 3210 433 67 Kaleidograph
710 3229 159 51 press
900 3213 192 64 [c1935]

183 3282 665 49 xi p., 1 l., 15-82 p. 20cm.
179 3339 286 40 Illustrated
500 3343 95 44 t.-p.

180 3395 180 40 Poems.

115 3445 51 53 ©
205 3451 112 48 May
356 3452 68 47 24,
466 3451 115 40 1935;
647 3451 65 40 2c.
755 3452 128 42 June
920 3451 27 40 8;
1013 3450 81 40 aff.
1139 3450 126 48 Sept.
1308 3450 55 40 23;
1434 3450 41 39 A
1514 3446 147 44 84160;
1728 3450 62 39 Μ.
1830 3450 50 39 P.
1922 3449 170 48 Tynes,

178 3506 346 49 Birmingham,
552 3509 104 38 Ala.
730 3506 249 49 (35-8350)

113 3607 258 64 Watson,
399 3610 162 54 Alice
588 3610 218 63 Erwin,
836 3613 168 52 1887-

180 3684 427 69 Experimental
649 3686 212 54 studies
901 3686 58 52 in
1000 3686 97 54 the
1138 3685 350 68 psychology
1530 3685 112 52 and
1685 3684 300 67 pedagogy
2026 3681 64 54 of

112 3761 1975 69 spelling, by Alice E. Watson … New York city, Teachers
112 3836 220 70 college,
365 3840 295 54 Columbia
694 3838 330 66 university,
1060 3844 149 48 1935.

179 3907 1907 52 xi p., 1 l., 144 p. 23½cm. (Teachers college, Columbia university.
114 3962 355 46 Contributions
499 3969 51 38 to
577 3968 269 48 education,
874 3979 75 30 no.
978 3967 110 47 638)
