2424 4375
1262 4042 132 52 1748

401 511 182 39 “Three
615 510 221 40 hundred
869 511 157 46 copies
1062 510 49 39 of
1146 510 98 39 this
1278 510 121 39 book
1431 511 123 38 have
1588 509 117 40 been
1739 509 193 48 printed
1967 510 50 37 in
2052 510 263 40 November

328 566 154 41 1935.”

401 620 1915 51 “Check list of Coppard first editions … and minor contributions to
329 680 366 40 miscellaneous
724 678 173 42 books”
917 689 9 29 :
956 690 43 37 p.
1027 677 159 41 38-40.

330 747 52 53 ©
407 752 116 39 Nov.
547 753 69 40 26,
649 751 133 40 1.935:
811 751 62 39 2c.
902 752 94 38 and
1024 751 82 39 aff.
1135 751 116 38 Nov.
1278 750 80 40 29:
1389 751 40 38 A
1456 751 168 39 88444:
1656 751 52 39 A.
1737 752 50 38 E.
1818 751 236 48 Coppard,
400 751 1902 98 Walberswick.

571 809 296 40 Southwold.
900 807 233 46 England.
1205 808 278 45 (35-33554)

330 911 192 64 Coyle,
555 911 189 54 David
776 911 317 64 Cushman,
1128 915 169 50 1887-

399 989 171 52 Brass
609 987 174 54 tacks,
821 986 73 69 by
934 987 192 53 David
1168 986 290 55 Cushman
1499 986 192 69 Coyle.
1766 987 400 68 Washington,
329 987 1963 130 National
532 1065 163 53 home
724 1064 217 69 library
968 1064 360 67 foundation,
1360 1067 150 50 1935.

399 1149 96 44 viii,
526 1150 83 40 150
636 1160 40 37 p.
738 1150 107 39 17cm.
913 1151 97 46 (On
1035 1160 163 31 cover:
1225 1150 230 40 National
1482 1150 139 39 home
1649 1150 209 46 library)

400 1219 282 42 Rewritten,
712 1220 45 38 in
790 1222 123 45 part,
943 1220 124 40 from
1100 1221 81 39 the
1210 1219 217 41 author’s
1456 1220 100 40 The
1586 1219 331 48 irrepressible
1949 1220 189 41 conflict;
331 1221 1971 94 business
466 1287 66 32 vs.
564 1277 183 40 finance.
823 1277 58 43 cf.
914 1277 123 39 Pref.

333 1344 1970 109 © Nov. 15. 1935; 2c. Nov. 16: aff. Nov. 19: A 88269: D. C. Coyle. ℅ National home library foundation. Washington. (35-34469)
332 1506 1967 148 Delaware notes. Ninth series, 1935 … Newark. Del., University of Delaware [c1935]
406 1672 891 49 2 p. l., [7]-114 p. diagrs. 23½cm.
682 1744 164 38 CONTENTS.—The
873 1743 207 40 relation
1110 1744 52 38 of
1190 1745 82 38 the
1301 1744 209 39 Newark
1540 1744 231 47 academy
1800 1743 51 39 of
1880 1743 256 41 Delaware
2165 1748 47 37 to
2244 1747 81 38 the

335 1800 344 46 Presbyterian
713 1801 179 39 church
926 1801 94 39 and
1056 1804 47 36 to
1139 1800 169 47 higher
1339 1799 258 41 education
1630 1800 50 39 in
1714 1801 83 39 the
1827 1800 258 40 American
2117 1801 212 39 colonies

418 1876 9 29 [by]
456 1857 183 46 George
666 1858 59 38 H.
754 1857 181 47 Ryden.
990 1858 100 39 The
1117 1858 332 39 obsolescence
1476 1858 51 39 of
1555 1857 209 39 Webers
1792 1857 94 39 law
1931 1858 75 47 [by]
2037 1857 194 40 Kermit
2255 1859 71 39 W.

337 1913 207 40 Oberlin.
597 1914 102 40 The
721 1925 85 28 use
828 1914 50 39 of
900 1914 261 40 continued
1183 1914 239 39 fractions
1449 1914 88 48 [by]
1565 1913 112 40 Carl
1702 1914 42 39 J.
1772 1914 135 39 Rees.
1963 1914 139 40 Some
2126 1912 200 47 English

337 1971 96 38 and
471 1970 258 40 American
768 1972 156 37 words
963 1973 94 37 and
1097 1971 173 39 idioms
1310 1970 47 39 in
1400 1971 130 38 “The
1568 1969 359 49 Oppermanns”
1972 1971 89 48 [by]
2105 1971 220 39 Edmund

339 2028 51 38 E.
441 2027 175 40 Miller.
677 2028 178 39 Absolu
865 2028 128 40 listic
1042 2027 121 42 drift
1213 2028 47 38 in
1311 2030 369 45 contemporary
1727 2027 180 48 society
1973 2028 74 47 [by]
2099 2028 121 39 Ezra
2274 2028 52 37 B.

337 2084 192 39 Creeks.

337 2150 52 53 ©
418 2156 126 46 Sept.
570 2156 68 40 25.
665 2156 139 40 1935;
833 2156 66 39 2c.
925 2157 94 38 and
1046 2156 81 39 aff.
1153 2156 117 39 Nov.
1298 2155 80 40 16:
1408 2155 41 38 A
1473 2154 169 47 88468;
1673 2154 281 48 University
1979 2154 51 38 of
2058 2155 267 38 Delaware.

335 2256 338 66 Dickinson,
706 2257 211 65 Emily,
950 2262 323 51 1830-1886.

414 2334 395 68 Unpublished
834 2353 190 50 poems
1051 2335 63 53 of
1139 2336 196 68 Emily
1362 2334 332 67 Dickinson,
1721 2335 187 53 edited
1935 2335 74 67 by
2034 2335 99 51 her
2158 2333 169 64 niece,

340 2412 228 52 Martha
599 2412 314 53 Dickinson
944 2412 261 68 Bianchi,
1235 2413 111 52 and
1375 2413 211 51 Alfred
1614 2413 166 51 Leete
1811 2412 314 67 Hampson.
337 2413 1965 135 Boston,
481 2489 193 67 Little,
704 2492 227 66 Brown,
962 2491 111 52 and
1105 2508 295 50 company,
1431 2493 151 49 1935.

408 2575 1172 50 6 p. l., 3-157 p. inch front. (facsim.) 23cm.
412 2648 144 40 “This
586 2647 182 41 edition
797 2647 206 41 consists
1031 2648 52 40 of
1110 2648 92 40 five
1228 2647 218 41 hundred
1479 2647 294 48 twenty-five
1802 2647 259 41 numbered
2091 2647 157 49 copies
2277 2647 52 39 of

342 2705 153 38 which
528 2705 91 38 five
650 2705 218 39 hundred
899 2714 83 30 are
1013 2704 178 40 offered
1222 2705 78 38 for
1330 2705 115 38 sale.
1504 2705 117 38 This
1650 2705 41 39 is
1722 2714 117 37 copy
1868 2704 128 38 524.”

342 2770 52 52 ©
434 2775 117 39 Nov.
591 2775 69 40 22.
701 2774 140 42 1935;
883 2776 66 38 2c.
991 2776 94 37 and
1126 2775 80 38 aff.
1250 2774 116 39 Nov.
1406 2774 82 45 23;
1532 2775 38 37 A
1613 2774 169 40 88356:
1826 2775 196 39 Martha
2067 2773 261 41 Dickinson

409 2831 219 42 Bianchi,
660 2832 240 46 Amherst,
934 2832 145 38 Mass.
1150 2831 279 47 (35-33551)

339 2932 225 64 Duden,
597 2934 257 64 Konrad,
889 2938 323 49 1829-1911.

411 3012 119 51 Der
568 3030 189 47 grosse
798 3012 234 53 Duden:
1074 3010 500 67 rechtschreibung
1612 3011 99 51 der
1751 3011 303 52 deutschen
2096 3012 231 64 sprache

341 3090 116 50 und
519 3089 99 52 der
678 3088 410 53 fremdwörter.
1185 3090 109 51 Mit
1355 3092 439 62 Unterstützung
1854 3089 95 51 des
2009 3089 314 52 Deutschen

341 3167 445 64 Sprachvereins,
838 3168 94 51 des
985 3167 320 51 Deutschen
1357 3166 613 52 buchdruckervereins
2020 3185 42 32 e.
2117 3183 66 36 v.,
2235 3166 92 52 des

340 3244 518 66 Hauptverbandes
883 3244 99 52 der
1006 3244 378 67 graphischen
1410 3244 524 65 Unternehmungen
1964 3234 365 63 Österreichs,

343 3321 95 51 des
482 3320 505 55 Schweizerischen
1028 3322 611 53 buchdruckervereins
1681 3322 164 51 sowie
1889 3321 99 52 der
2029 3322 298 51 deutschen

342 3399 117 51 und
512 3399 494 52 österreichischen
1058 3399 611 53 korrektorenvereine.
1721 3399 142 51 nach
1919 3397 107 53 den
2080 3398 98 52 für
2231 3399 98 50 das

343 3476 281 51 Deutsche
652 3475 167 53 reich.
850 3464 317 65 Österreich
1198 3477 116 50 und
1344 3476 89 53 die
1464 3474 249 57 Schweiz
1741 3476 259 66 gültigen
2029 3476 298 52 amtlichen

345 3554 207 64 regeln,
590 3554 304 52 bearbeitet
933 3570 109 36 von
1082 3554 85 52 dr.
1207 3552 138 54 Otto
1385 3555 197 50 Basler
1620 3559 164 46 unter
1823 3553 371 66 mitwirkung
2232 3553 96 51 der

345 3629 634 68 fachschriftleitungen
1012 3632 95 52 des
1137 3630 573 67 Bibliographischen
1737 3631 272 52 instituts.
2076 3635 97 50 11.,
345 3648 1920 111 neubearb.

559 3708 117 51 und
704 3710 310 50 erweiterte
1043 3706 127 54 aufl.
1234 3706 255 68 Leipzig,
1516 3707 561 67 Bibliographisches
2103 3709 227 51 institut

348 3802 46 32 a.
424 3803 70 40 g.,
521 3788 148 48 1934.

421 3855 82 39 61*
530 3865 56 37 p.,
614 3856 23 37 1
685 3885 8 7 l.,
734 3854 97 42 669.
861 3856 53 48 [1]
944 3867 57 36 p..
1029 3857 24 38 1
1103 3888 7 7 l.
1171 3856 142 38 18½cm.

346 3918 54 53 ©
429 3923 102 40 Oct.
560 3924 40 45 4,
631 3922 113 40 1934
762 3935 8 29 :
861 3956 7 7 1c.
901 3925 108 38 Jan.
1040 3925 69 46 21,
1142 3924 113 40 1935
1273 3936 8 28 :
1316 3926 100 37 A-
1419 3924 205 47 Foreign
1654 3923 143 41 26732;
1859 3921 470 48 Bibliographisches

416 3979 211 49 institut,
659 3990 104 36 a.-g.
834 3981 248 43 (35-7697)
