2526 4384
0 0 0 0 169
146 436 290 66 Barrows,
463 435 225 54 Harlan
714 437 92 63 H.,
835 435 172 56 1877-

151 507 1966 137 Geography, United States and Canada, by Harlan H. Barrows …
435 584 1708 69 and Edith Putnam Parker … New York, Newark
174 673 119 62 [etc.]
330 666 205 70 Silver,
565 666 249 55 Burdett
842 666 114 54 and
987 683 275 51 company
1302 667 193 66 [c1934]

217 752 81 48 vii,
329 752 70 50 [1],
427 751 87 42 288
539 763 43 37 p.
642 753 128 39 illus.
800 751 133 49 (incl.
958 751 162 48 maps)
1188 752 55 39 26cm.

219 824 188 39 “Books
435 825 255 46 suggested
718 823 79 40 for
827 825 140 39 extra
998 822 227 47 reading”
1245 834 8 29 :
1284 833 44 38 p.
1358 822 99 41 283.

148 894 54 53 ©
228 900 110 38 Dec.
368 899 70 46 24,
469 896 115 42 1934;
640 896 67 41 2c.
739 898 96 39 and
863 896 82 41 aff.
977 897 108 39 Jan.
1115 897 69 46 31,
1214 895 118 41 1935;
1387 896 42 38 A
1457 895 147 41 80283.;
1664 895 169 47 Silver,
1866 896 213 39 Burdett
2107 895 36 40 &

212 966 65 29 co.
342 954 283 50 [Copyright
655 954 46 40 is
732 954 205 40 claimed
973 964 59 30 on
1066 964 106 29 new
1203 952 243 49 material]
1519 951 251 50 (35-3067)

144 1058 265 66 Billings,
437 1059 184 56 Buck.

217 1134 1919 69 The Texas rider, by Buck Billings … New York, G. H.
146 1215 161 54 Watt
342 1218 192 64 [c1934]

204 1299 86 42 250
318 1311 43 37 p.
422 1299 55 41 19½cm.

147 1369 53 53 ©
232 1373 116 49 July
380 1373 69 49 16,
483 1372 142 48 1934;
661 1372 68 41 2c.
765 1374 96 39 and
897 1371 80 41 aff.
1013 1373 122 39 Mar.
1170 1372 40 48 1,
1244 1371 141 48 1935;
1421 1371 41 39 A
1498 1370 169 48 80664;
1708 1371 186 48 George
1925 1372 216 40 Howard

209 1432 147 40 Watt.
428 1431 251 49 (35-3046)

142 1535 247 66 Binyon,
415 1536 321 65 Laurence,
765 1540 170 50 1869-

217 1615 120 52 The
378 1613 171 68 spirit
591 1613 64 53 of
696 1632 133 35 man
873 1612 60 52 in
974 1612 182 53 Asian
1198 1618 108 61 art,
1347 1612 172 67 being
1559 1611 96 53 the
1699 1612 236 55 Charles
1980 1612 156 52 Eliot

147 1692 219 54 Norton
399 1693 238 52 lectures
674 1690 284 54 delivered
996 1690 59 54 in
1089 1691 274 52 Harvard
1399 1689 334 68 university,
1773 1694 255 59 1933-34,
2063 1691 73 66 by

146 1767 1990 69 Laurence Binyon … Cambridge, Mass., Harvard university
146 1867 170 50 press,
345 1852 151 51 1935.

214 1945 77 39 XV,
319 1935 87 41 217
432 1945 45 37 p.
536 1933 57 41 70
619 1945 63 37 pl.
741 1934 57 39 22½cm.

146 2004 50 52 ©
232 2008 111 39 Feb.
375 2006 40 50 2,
450 2006 117 41 1935;
626 2006 67 40 2c.
729 2007 95 39 and
860 2005 80 40 aff.
977 2005 110 39 Feb.
1122 2005 54 39 11;
1241 2005 41 38 A
1316 2004 143 41 79604;
1526 2004 255 41 President
1818 2006 96 38 and
1949 2005 190 41 fellows

209 2065 52 39 of
290 2065 230 39 Harvard
551 2064 192 47 college,
777 2063 301 47 Cambridge,
1111 2063 146 38 Mass.
1328 2061 251 49 (35-3032)

143 2165 270 66 Bossing,
439 2166 221 53 Nelson
684 2165 198 64 Louis,
912 2170 172 50 1893-

213 2240 365 72 Progressive
619 2244 259 52 methods
920 2243 64 52 of
1025 2240 265 70 teaching
1330 2243 57 51 in
1430 2243 309 67 secondary
1783 2243 235 54 schools,
2061 2244 72 67 by

146 2321 1985 69 Nelson L. Bossing … Boston, New York [etc.] Houghton
144 2400 200 53 Mifflin
372 2418 278 50 company
686 2404 192 64 [c1935]

215 2481 76 41 XV,
333 2474 71 49 [1],
442 2473 98 48 703,
581 2474 54 49 [1]
675 2484 44 37 p.
777 2473 145 47 illus.,
960 2472 178 47 diagrs.
1198 2471 55 40 21cm.
1385 2470 300 49 (Half-title:
1722 2470 255 42 Riverside
147 2476 1971 94 textbooks

316 2531 50 40 in
392 2530 271 48 education,
690 2531 72 40 ed.
789 2531 61 47 by
876 2531 53 42 E.
956 2530 51 40 P.
1037 2528 290 49 Cubberley)

217 2601 246 40 “Selected
489 2599 366 50 bibliography”
884 2602 52 39 at
964 2602 91 39 end
1083 2600 51 40 of
1160 2601 120 39 each
1307 2600 215 48 chapter.

145 2669 50 52 ©
220 2674 107 40 Jan.
353 2673 70 49 25,
447 2673 113 41 1935;
615 2673 66 40 2c.
708 2674 96 39 and
829 2672 82 41 aff.
939 2673 108 39 Feb.
1073 2674 27 37 4;
1153 2673 41 38 A
1218 2671 170 47 79506;
1415 2673 54 38 N.
1498 2673 49 38 L.
1575 2672 221 48 Bossing,
1823 2674 206 46 Eugene,
2059 2674 76 40 Or.

218 2730 251 50 (35-2934)

141 2830 352 68 Bottomley,
520 2833 254 62 Samuel,
806 2839 172 49 1858-

212 2908 119 55 The
354 2909 337 70 impending
712 2916 297 62 monetary
1032 2910 336 68 revolution,
1393 2910 298 68 including
1714 2912 95 52 the
1833 2910 301 53 Martians’

147 2987 134 66 plan
316 2987 93 53 for
446 2989 283 54 economic
762 3007 265 49 recovery
1061 2991 112 52 and
1209 2988 171 68 guide
1417 2994 56 47 to
1512 3007 31 33 a
1577 3007 122 33 new
1735 2989 176 52 world
1952 2990 166 51 order.

145 3063 1988 70 by Samuel and Sarah E. Bottomley … Newark, N. J., The
144 3142 253 55 Martian
427 3143 335 68 publishing
792 3163 78 34 co.
925 3149 173 62 [c1935]

213 3201 594 66 4 p. l., [11]-219 p. 1 8½cm.
216 3274 160 42 “First
406 3275 226 41 edition.”

147 3340 49 52 ©
230 3346 109 40 Feb.
373 3347 68 47 11,
476 3346 118 41 1935;
653 3346 66 40 2c.
755 3348 95 38 and
885 3346 79 40 aff.
1002 3346 109 39 Feb.
1147 3345 82 47 12;
1268 3347 40 37 A
1344 3345 143 41 80398;
1554 3345 216 41 Martian
1807 3347 109 47 pub.
1951 3357 67 29 co.

218 3402 248 49 (35-2919)

141 3503 240 68 Brooks,
410 3507 228 54 Walter
665 3506 209 66 Rollin,
907 3513 172 50 1886-

146 3581 1867 132 Ernestine takes over, a novel by Walter Brooks: il lustra tions
311 3662 75 66 by
407 3661 251 53 Herbert
679 3664 192 51 Roese.
947 3662 139 53 New
1110 3662 178 60 York,
1312 3665 87 51 W.
1425 3664 251 50 Morrow
1701 3664 106 51 and
1868 3682 262 34 company.

148 3740 146 52 1935.

215 3810 716 49 3 p. l., 3-265 p. illus. 19½cm.
217 3866 284 41 Illustrated
532 3868 109 40 title
673 3879 60 29 on
763 3870 95 39 two
888 3869 177 42 leaves.

147 3930 50 52 ©
223 3937 108 40 Feb.
354 3937 69 48 20,
449 3938 139 47 1935;
615 3938 66 40 2c.
707 3940 96 38 and
829 3938 81 40 aff.
935 3939 110 39 Feb.
1070 3938 55 41 27;
1178 3940 38 37 A
1243 3939 144 42 80618;
1442 3941 71 42 W.
1541 3941 54 39 R.
1621 3941 201 46 Brooks,
1848 3942 117 38 New
1990 3940 144 39 York.

220 3993 248 45 (35-3040)
