2424 4375
1217 4110 134 48 1512

313 487 281 64 Wandeil,
624 488 236 53 Samuel
888 489 222 63 Henry,
1142 492 171 49 1860-

387 563 378 69 Supplement
795 572 57 46 to
885 566 120 51 The
1036 566 110 51 law
1179 567 58 50 in
1270 566 242 51 relation
1544 572 56 46 to
1635 566 193 67 public
1860 572 254 49 contract
2144 568 160 68 liens,

315 641 1987 69 by Samuel H. Wandell … Containing amendments to the lien
314 721 109 52 law
450 721 62 53 of
542 724 151 61 1933,
722 724 134 48 1934
883 721 111 51 and
1025 724 130 48 1935
1186 721 184 66 digest
1397 721 62 52 of
1487 726 187 48 recent
1701 722 275 55 decisions
2002 725 181 52 under
2209 726 94 53 the

314 799 114 52 lien
455 802 125 49 law.
655 799 139 52 New
823 798 177 64 York,
1028 798 206 53 Fallon
1261 799 108 52 law
1396 799 147 52 book
1570 818 296 49 company,
1895 804 148 51 1935.

380 873 53 40 31
466 883 43 37 p.
569 871 54 40 23
627 874 44 21 cm
677 903 8 8 .

314 939 53 53 ©
402 944 115 46 July
552 943 69 47 16,
657 941 139 48 1935;
834 942 66 41 2c.
936 944 95 37 and
1066 942 82 40 aff.
1185 942 116 48 July
1335 943 80 46 17;
1452 943 41 38 A
1528 942 170 48 88068;
1740 945 43 39 S.
1821 945 57 38 H.
1915 945 236 47 Wandell,
2188 947 116 38 New

385 1000 143 40 York.

312 1102 313 64 Warburg,
653 1102 202 53 James
881 1102 164 64 Paul,
1079 1104 171 51 1896-

444 1177 1856 73 … Hell bent for election. Garden City, N. Y., Doubleday,
310 1258 198 53 Doran
538 1262 45 49 &
611 1275 296 49 company,
936 1256 125 67 inc.,
1092 1260 148 50 1935.

383 1329 84 41 xiv
492 1341 58 37 p.,
578 1330 25 39 1
665 1360 8 17 l.,
701 1330 56 40 78
784 1340 43 37 p.
854 1315 8 9 '
886 1329 85 48 194
973 1331 45 22 cm
1022 1360 9 10 .

382 1386 66 41 At
474 1387 125 40 head
627 1386 53 41 of
705 1386 135 41 title:
871 1386 165 40 James
1064 1386 51 40 P.
1142 1385 255 48 Warburg.

385 1442 163 42 “First
579 1442 227 42 edition.”

311 1503 1989 53 © Oct. 4, 1935; 2c. and aff. Oct. 26; A 87963; J. P. Warburg, New York.
389 1563 280 48 (35-21227)

310 1666 227 64 Weber,
569 1665 229 65 Alfred,
832 1668 169 50 1868-

443 1741 1852 69 … Kulturgeschichte als kultursoziologie. Leiden, A. AY.
312 1819 283 69 Sijthoff’s
626 1817 728 70 uitgeversmaatschappij,
1384 1839 55 33 n.
1471 1839 70 47 v.,
1576 1823 148 50 1935.

419 1925 8 16 x,
457 1893 86 41 423
574 1904 44 37 p.
677 1892 58 40 25
736 1895 44 21 cm
785 1924 9 9 .

309 1947 1991 53 © July 1, 1935; 1c. Aug. 26; A-Foreign 28776; A. W. Sijthoff’s uitge-
379 2007 215 47 versmij,
623 2017 45 29 n.
698 2017 41 29 v.
811 2005 278 49 (35-21216)

308 2108 409 65 Weisenburg,
747 2108 300 53 Theodore
1080 2108 282 64 Herman,
1395 2107 323 53 1876-1934.

377 2184 278 69 Aphasia,
695 2203 31 34 a
767 2184 225 53 clinical
1035 2184 112 52 and
1191 2183 422 69 psychological
1657 2183 187 68 study,
1884 2183 77 69 by
2003 2183 291 53 Theodore

305 2259 1990 71 Weisenburg, M . D. and Katharine E. McBride, PH. D. New
307 2338 180 69 York,
512 2340 120 52 The
660 2338 485 55 Commonwealth
1173 2337 175 68 fund;
1379 2338 258 68 London,
1665 2338 76 52 H.
1769 2338 267 69 Milford,
2066 2338 228 56 Oxford

305 2416 317 69 university
651 2435 173 49 press,
856 2419 149 49 1935.

381 2490 97 46 xvi,
516 2489 86 41 634
637 2499 43 37 p.
748 2488 140 46 illus.,
928 2489 171 47 plates,
1140 2488 203 47 facsim.,
1385 2487 156 41 tables
1570 2487 46 49 (1
1660 2487 117 41 fold,
1817 2488 251 49 mounted)
2119 2488 175 48 diagrs.

306 2545 57 39 24
365 2548 15 21 cm

382 2601 67 40 “A
475 2602 316 48 preliminary
821 2602 217 46 analysis
1064 2601 52 40 of
1145 2602 81 40 the
1256 2600 209 48 findings
1493 2601 128 40 from
1648 2602 82 39 the
1758 2602 355 48 psychological
2142 2602 151 48 angle,

307 2658 203 41 entitled
540 2659 41 37 A
614 2658 355 48 psychological
1003 2660 145 44 study
1180 2657 53 40 of
1267 2657 203 48 aphasia
1506 2659 95 39 and
1635 2657 146 41 based
1817 2669 58 29 on
1913 2659 81 41 the
2032 2660 177 40 results
2244 2657 49 41 of

309 2715 82 39 the
425 2715 108 39 first
567 2716 134 45 forty
737 2715 199 46 aphasie
971 2725 148 36 cases,
1155 2724 102 29 was
1291 2715 236 45 prepared
1561 2713 62 48 by
1659 2715 120 38 Miss
1816 2714 226 41 McBride
2081 2716 48 39 in
2168 2713 125 42 1932.

308 2769 117 41 This
456 2770 316 40 dissertation
805 2780 99 31 was
936 2771 225 46 accepted
1192 2770 61 47 by
1286 2770 134 46 Bryn
1453 2769 156 40 Mawr
1639 2770 175 47 college
1852 2770 49 41 in
1935 2772 182 47 partial
307 2770 1969 96 fulfilment
461 2827 52 39 of
539 2827 81 40 the
647 2827 350 47 requirements
1019 2826 78 41 for
1124 2827 81 40 the
1233 2828 170 46 degree
1431 2826 52 40 of
1506 2828 168 39 doctor
1697 2826 54 41 of
1773 2826 519 49 philosophy.”—Pref.

377 2882 346 48 Bibliography
741 2894 8 29 :
778 2894 44 37 p.
854 2882 244 50 [603]-623.

307 2937 53 52 ©
397 2941 125 47 Sept.
558 2942 41 46 3,
634 2942 140 45 1935;
811 2941 66 40 2c.
915 2942 127 47 Sept.
1078 2941 55 40 30
1151 2952 9 35 ;
1198 2940 82 41 aff.
1320 2941 127 47 Sept.
1482 2941 82 47 28;
1601 2942 40 39 A
1676 2942 169 48 86512;
1884 2943 407 41 Commonwealth

371 2998 137 40 fund.
579 2997 278 49 (35-20917)

307 3099 337 64 Weschcke,
675 3099 261 55 Charles.

376 3171 383 71 Overcoming
787 3175 404 67 sleeplessness,
1221 3175 76 68 by
1332 3173 235 55 Charles
1600 3175 322 68 Weschcke,
2041 3219 9 9 PH.
2124 3218 10 9 D.
2206 3175 79 55 St.

306 3251 164 67 Paul,
492 3251 201 66 Minn.,
721 3251 120 52 The
868 3251 161 52 Book
1052 3257 252 60 masters,
1333 3254 148 50 1935.

375 3322 1120 51 1 p. l. , v p., 1 l., [9]-76, [5] p. front. 17 cm .
376 3378 212 41 “Second
615 3378 257 48 printing.”

305 3432 53 52 ©
392 3437 126 47 Sept.
549 3436 70 48 27,
651 3438 140 41 1935;
825 3437 64 40 2c.
924 3439 94 38 and
1050 3437 80 40 aff.
1165 3438 99 39 Oct.
1299 3439 24 38 7
1341 3449 8 35 ;
1385 3438 40 39 A
1458 3438 145 40 86610
1618 3450 8 36 ;
1663 3439 49 41 O.
1745 3441 272 47 Weschcke,
2055 3442 67 39 St.
2155 3441 131 39 Paul.

385 3493 278 48 (35-20920)

305 3593 317 66 Westveld,
651 3596 302 53 Ruthford
980 3597 223 63 Henry.

373 3668 255 69 Applied
653 3670 352 55 silviculture
1029 3672 59 52 in
1113 3674 94 53 the
1232 3673 216 53 United
1475 3673 203 67 States,
1703 3674 75 66 by
1801 3675 67 52 R.
1896 3676 75 51 H.
1998 3673 282 55 Westveld

367 3746 1575 71 … Ann Arbor, Mich., Edwards brothers, inc., 1935.
375 3818 61 45 vi,
468 3819 86 38 415
585 3828 42 37 p.
688 3820 128 40 illus.
844 3820 132 47 (incl.
1008 3820 135 48 map)
1210 3821 56 39 28
1268 3824 43 20 cm
1316 3851 9 9 .

378 3872 409 50 “Lithoprinted.”

378 3927 346 43 “References”
754 3933 53 38 at
836 3932 90 39 end
954 3931 54 40 of
1034 3932 116 40 each
1180 3932 213 48 chapter.

306 3981 51 52 ©
383 3986 114 47 July
522 3985 67 48 19,
616 3986 138 47 1935;
783 3986 66 41 2c.
876 3989 95 39 and
996 3986 81 42 aff.
1106 3989 101 39 Oct.
1231 3988 82 47 23;
1341 3989 43 38 A
1407 3989 168 41 87857:
1605 3989 55 40 R.
1688 3990 59 38 H.
1774 3989 259 47 Westveld,
2060 3984 219 47 Lansing,

373 4042 142 39 Mich.
585 4042 253 47 (35-21518)
