2424 4375
1242 4098 99 49 612

303 475 404 65 Moerenhout,
738 475 253 63 Jacques
1017 474 276 66 Antoine,
1326 475 362 56 1796?-1879.

301 548 1964 132 The inside story of the gold rush, by Jacques Antoine Morenhout …
569 627 314 52 translated
918 627 113 52 and
1067 627 188 53 edited
1292 625 151 54 from
1480 628 327 52 documents
1843 628 59 51 in
1938 628 95 52 the
2068 627 221 54 French

301 705 253 52 archives
578 704 78 69 by
680 704 296 53 Abraham
1002 705 66 52 P.
1096 704 250 68 Nasatir,
1374 705 59 51 in
1464 704 409 54 collaboration
1902 704 140 54 with
2071 704 222 70 George

303 782 1987 55 Ezra Dane who wrote the introduction and conclusion … San
304 859 316 69 Francisco,
651 858 323 55 California
1003 859 294 54 historical
1328 858 228 71 society,
1588 862 151 52 1935.

372 931 1922 50 1 p. l., ix, 94 p. front. (port.) plates (part col.) maps (1 fold.) 26½cm.
309 987 313 50 ([California
647 988 250 41 historical
925 989 196 50 society]
1178 988 187 48 Special
1393 988 297 48 publication
1720 1000 73 30 no.
1824 990 50 48 8)

371 1045 176 41 Consul
582 1045 357 40 Moerenhout’s
972 1046 406 47 correspondence
1411 1048 95 39 and
1544 1049 159 45 report
1740 1047 201 41 relative
1976 1051 48 37 to
2058 1049 80 39 the
305 1045 1971 98 California
505 1103 107 47 gold
653 1102 306 47 discoveries,
1002 1103 262 40 addressed
1308 1105 48 38 to
1397 1103 81 40 the
1522 1103 186 40 French
1750 1103 223 41 minister
2013 1105 52 39 of
2106 1103 187 48 foreign

301 1158 1113 49 affairs, May 15, 1848 to October 28, 1849.
304 1229 53 52 ©
394 1234 121 37 Mar.
553 1232 69 46 15,
659 1231 140 46 1935;
838 1231 66 40 2c.
942 1232 94 39 and
1076 1231 82 40 aff.
1198 1232 114 47 May
1349 1232 53 46 8;
1442 1233 41 38 A
1521 1231 169 48 82954;
1731 1232 270 41 California
2041 1232 252 41 historical

374 1300 92 29 soc.
537 1288 251 48 (35-6845)

302 1392 212 62 Morse,
544 1393 302 51 Hermann
877 1391 238 66 Nelson,
1148 1393 171 55 1887-

373 1469 246 52 Toward
669 1489 30 33 a
752 1466 293 54 Christian
1096 1466 292 68 America;
1441 1468 94 52 the
1586 1468 385 53 contribution
2019 1468 65 53 of
2132 1471 162 51 home

305 1547 275 65 missions,
629 1545 74 69 by
757 1546 293 51 Hermann
1109 1546 68 52 N.
1234 1546 203 50 Morse.
1513 1546 138 53 New
1707 1545 177 68 York,
1939 1545 237 57 Council
2230 1546 64 53 of

307 1643 211 33 women
565 1624 93 51 for
702 1624 165 49 home
909 1623 259 51 missions
1216 1624 111 50 and
1373 1622 347 68 Missionary
1765 1623 300 53 education
305 1641 1964 113 movement
493 1703 193 65 [c1935]

373 1773 657 50 viii p., 1 l., 207 p. 20cm.
375 1832 68 39 “A
469 1831 127 40 brief
623 1830 202 48 reading
847 1830 84 40 list”
978 1840 9 30 :
1019 1840 41 37 p.
1091 1828 246 50 [201]-203.

304 1885 52 53 ©
390 1890 113 46 Apr.
535 1888 72 45 22,
639 1887 116 40 1935;
815 1886 64 40 2c.
916 1887 97 38 and
1045 1885 81 40 aff.
1164 1887 114 46 May
1310 1886 53 46 3;
1399 1886 40 38 A
1473 1885 170 48 82865;
1681 1887 196 40 Council
1914 1888 51 38 of
1997 1897 184 30 women
2215 1889 76 38 for

369 1947 139 39 home
539 1944 226 40 missions
798 1945 95 38 and
925 1942 294 48 Missionary
1253 1942 257 40 education
1542 1946 283 44 movement,
1859 1945 118 39 New
2009 1945 142 39 York.

382 2002 250 48 (35-6853)

298 2105 267 64 Mowrer,
598 2105 137 51 Mrs.
770 2103 241 53 Harriet
1043 2102 384 64 (Rosenthal)
1470 2108 171 48 1899-

466 2180 1824 70 … Personality adjustment and domestic discord, by Harriet
304 2258 1986 68 R. Mowrer … New York, Cincinnati [etc.] American book
302 2355 279 51 company
654 2341 150 62 [c1935]

368 2412 149 46 xxvii,
549 2410 87 41 290
663 2423 44 36 p.
767 2410 113 40 23cm.
952 2409 279 48 (American
1264 2409 241 48 sociology
1538 2409 174 49 series)

402 2469 216 40 “Selected
646 2466 403 48 bibliographies”
1070 2477 8 28 :
1110 2477 43 37 p.
1184 2465 215 41 275-277.

303 2522 53 52 ©
383 2528 112 46 Apr.
526 2526 68 45 11,
624 2525 140 46 1935;
796 2524 67 39 2c.
892 2523 97 40 and
1018 2522 81 40 aff.
1132 2524 112 46 Apr.
1275 2522 81 47 16;
1388 2524 41 38 A
1458 2523 169 46 81431;
1660 2524 158 38 Amer.
1849 2524 121 38 book
2000 2533 66 30 co.

382 2582 250 50 (35-6821)

305 2686 272 63 Murphy,
608 2686 282 61 Gardner,
922 2688 169 50 1895-

372 2757 1916 70 A briefer general psychology, by Gardner Murphy … New
307 2840 160 52 York
492 2839 113 52 and
629 2838 256 66 London,
911 2838 231 65 Harper
1167 2839 45 49 &
1236 2835 276 63 brothers,
1541 2838 148 50 1935.

374 2907 1778 53 xviii p., 1 l., 572 p. illus. (incl. music) col. plates, diagrs. 22cm.
375 2969 163 40 “First
566 2966 226 42 edition.”

374 3026 42 40 A
443 3024 209 41 revision
681 3023 54 40 of
760 3023 80 39 the
870 3022 215 40 author’s
1115 3020 204 41 General
1348 3021 290 48 psychology.
1709 3021 60 47 cf.
1799 3020 271 41 Foreword.

377 3080 345 42 “References”
742 3090 8 28 :
785 3090 42 36 p.
859 3078 195 40 533-551;
1122 3076 347 40 “References”
1501 3080 52 37 at
1583 3078 92 38 end
1705 3077 51 39 of
1787 3077 118 40 each
1935 3078 213 47 chapter.

303 3135 53 52 ©
382 3139 113 47 Apr.
524 3139 67 45 17,
620 3136 115 40 1935;
789 3136 66 39 2c.
883 3135 112 47 Apr.
1025 3134 57 39 16;
1137 3134 80 39 aff.
1248 3135 113 46 Apr.
1389 3133 58 39 19;
1501 3135 41 38 A
1569 3133 145 41 82579;
1769 3135 196 47 Harper
1990 3134 37 40 &
2055 3135 123 39 bros.

383 3194 249 48 (35-6852)

302 3297 278 53 National
609 3295 313 55 industrial
951 3295 344 54 conference
1323 3294 200 53 board.

477 3368 1808 72 … Salary and wage policy, 1933-1934 … New York city,
306 3452 269 52 National
605 3448 305 54 industrial
940 3448 327 53 conference
1296 3446 196 66 board,
1522 3447 105 52 inc.
1682 3449 154 48 [c1935]

375 3524 69 39 vii.
484 3524 55 40 23
567 3534 42 37 p.
669 3523 116 39 23cm.
855 3521 96 47 (Its
982 3520 192 42 Studies.
1249 3528 73 31 no.
1351 3519 110 46 212)

379 3580 143 39 “This
546 3580 163 47 report
731 3588 101 30 was
852 3577 233 48 prepared
1107 3576 62 47 by
1192 3576 88 39 Mr.
1304 3575 187 39 Harold
1514 3575 51 40 F.
1589 3576 204 38 Browne
1816 3574 51 40 of
1889 3574 80 39 the
1994 3572 292 42 Conference

308 3636 188 40 hoard’s
527 3635 223 39 research
780 3631 493 42 staff.”—Foreword.

305 3688 53 52 ©
394 3692 108 38 Feb.
539 3690 70 46 21,
646 3689 140 42 1935;
826 3689 66 40 2c.
931 3689 95 39 and
1062 3687 81 40 aff.
1183 3687 113 46 Apr.
1334 3686 52 46 8;
1425 3686 41 39 A
1502 3684 170 47 82425;
1713 3686 115 39 Natl.
1882 3684 260 41 industrial
373 3694 1893 93 conference
598 3746 163 46 board,
797 3746 89 39 inc.
957 3743 248 47 (35-6928)

373 3847 120 52 The
525 3847 352 67 thirty-hour
910 3845 166 52 week.
1145 3845 139 51 New
1317 3843 161 52 York
1510 3842 132 67 city,
1674 3844 271 51 National
1976 3842 306 53 industrial

304 3924 326 53 conference
658 3924 195 65 board,
878 3926 105 50 inc.
1063 3926 148 61 [c1935]

374 3998 80 45 vii,
480 3998 54 39 23
561 4008 42 36 p.
656 3997 177 46 diagrs.
887 3995 115 40 23cm.
1063 3996 86 48 [Its
1176 3993 193 41 Studies.
1437 4004 75 28 no.
1538 3992 100 48 214]
