2526 4384
1094 4023 95 54 179

160 394 191 68 Clark,
382 394 245 57 Charles
652 396 222 64 Upson,
904 396 171 54 1875-
1286 413 178 50 comp.

228 475 352 66 Voyageurs,
619 473 160 54 robes
819 473 203 66 noires,
1063 477 55 49 et
1156 491 263 35 coureurs
1459 473 68 53 de
1566 473 152 65 bois;
1760 472 199 54 stories
2000 472 153 53 from

158 550 95 53 the
282 551 223 52 French
535 552 361 65 exploration
926 549 65 55 of
1019 550 188 53 North
1234 549 285 64 America,
1549 550 239 53 selected
1820 550 112 53 and
1962 549 190 54 edited

157 626 1996 69 by Charles Upson Clark … New York, Columbia university
161 707 192 64 [c1934]

226 774 1925 51 2 p. l. , vii-xiv, 391 p. 21 cm . (Publications of the Institute of French
155 833 198 48 studies,
390 834 115 47 inc.)

226 888 1922 53 “These extracts deal with the east and center of the continent … [and]
155 945 1994 48 are taken from the Jesuit relations, in Thwaites’s edition … and from
155 1002 1994 107 Margry’s collection of documents in the archives of the French Ministry of marine … The notes [p. 344-369] are designed to explain
153 1116 224 51 puzzling
412 1116 250 49 allusions,
701 1116 260 48 especially
999 1118 52 39 to
1085 1126 199 38 persons
1322 1117 97 38 and
1456 1118 175 47 places,
1669 1117 96 39 and
1804 1119 118 39 such
1962 1118 186 40 French

154 1174 158 40 words
349 1184 54 30 as
440 1184 85 30 are
560 1175 83 39 not
679 1174 51 40 to
766 1174 55 40 be
856 1172 154 41 found
1047 1172 50 40 in
1132 1173 84 40 the
1253 1173 232 47 ordinary
1524 1174 162 40 school
1723 1174 188 41 French
153 1174 1978 105 dictionary.”—Pref.

224 1288 375 48 Bibliography:
631 1298 44 38 p.
706 1285 219 41 370-374.

158 1354 54 54 ©
242 1358 126 50 Sept
401 1360 40 47 1,
475 1358 141 47 1934;
650 1358 67 40 2c.
751 1358 95 39 and
877 1355 82 41 aff.
993 1356 109 40 Jan.
1135 1355 69 48 21,
1239 1355 141 48 1935;
1416 1356 41 40 A
1489 1355 169 49 79283;
1695 1357 54 42 G.
1783 1358 48 39 L.
1867 1358 105 40 Van
220 1359 1914 106 Roosbroeck,
431 1417 120 40 New
575 1416 144 40 York.
790 1413 251 49 (35-2952)

152 1518 137 54 Cold
318 1519 218 65 Spring
563 1519 252 64 Harbor,
844 1519 73 54 N.
945 1517 71 53 Y.
1090 1515 317 66 Biological
1435 1517 361 66 laboratory.

221 1595 142 55 Cold
392 1596 218 69 Spring
634 1597 234 52 Harbor
893 1595 286 68 symposia
1203 1613 72 34 on
1300 1594 379 68 quantitative
1704 1596 246 68 biology.
153 1597 1971 130 Volume
372 1720 10 10 II.
462 1674 144 54 Cold
652 1673 219 69 Spring
910 1673 250 67 Harbor,
1200 1675 66 51 L.
1308 1674 68 65 I.,
1418 1675 70 52 N.
1532 1675 90 65 Y.,
1664 1675 122 51 The
1828 1674 321 68 Biological

150 1755 344 65 laboratory,
519 1755 150 51 1934.

214 1827 84 49 xii,
326 1826 86 41 284
439 1837 41 37 p.
538 1825 143 47 illus.,
709 1825 179 48 diagrs.
946 1823 56 41 28
1004 1826 16 20 cm
1053 1853 9 9 .

218 1884 232 41 Contains
483 1881 390 49 bibliographies.

155 1936 1993 110 © Dec. 23, 1934; 2c. Jan. 5, 1935; aff. Jan. 3; A 79050; Biological laboratory of the Long Island biological assn., inc., Cold Spring Harbor,
220 2055 49 39 L.
296 2056 51 45 I.,
374 2055 55 39 N.
455 2054 53 40 Y.

151 2157 235 65 Colony,
414 2156 269 56 Horatio.

220 2234 54 52 A
321 2233 179 54 brook
547 2232 64 54 of
658 2234 184 52 leaves
896 2232 110 67 [by]
1060 2231 246 53 Horatio
1356 2230 238 67 Colony.
1677 2232 233 64 Boston,
1956 2231 70 51 R.
2076 2230 68 55 G.

153 2312 463 66 Badger [ c 1935]
217 2382 584 50 3 p. l. , 5-74 p. 20½ cm .
219 2441 180 41 Poems.

155 2493 1930 110 © Feb. 1, 1935; 2c. and aff. Feb. 18; A 79689; H. Colony, Keene, N. H. (35-3098)
151 2658 387 54 Commission
566 2674 72 37 on
668 2657 202 54 Cuban
897 2655 228 56 affairs.

218 2735 330 54 Problemas
589 2734 69 53 de
696 2735 58 52 la
791 2750 186 37 nueva
1017 2732 190 65 Cuba;
1247 2730 251 55 informe
1537 2732 70 53 de
1646 2733 57 52 la
1743 2731 290 56 Comision
2075 2732 67 52 de

150 2808 1969 225 asuntos cubanos, Raymond Leslie Buell, Frank Whitson Fetter, Frank Dunstone Graham … [ and others] New York, Foreign policy association, incorporated, 1935.
217 3036 70 41 xii
318 3048 57 38 p.,
407 3037 25 39 2
465 3038 44 47 1.,
540 3036 145 41 3-574
715 3047 44 38 p.
818 3036 104 41 fold.
968 3035 163 49 front.,
1165 3035 103 42 fold.
1314 3045 152 40 maps,
1501 3035 180 49 diagrs.
1741 3035 53 40 23½
1829 3037 44 22 cm
1877 3067 9 9 .

217 3094 53 40 R.
301 3095 48 40 L.
378 3094 153 47 Buell,
561 3094 265 40 chairman.

217 3150 115 40 This
362 3151 163 48 report
553 3150 43 39 is
624 3150 104 40 also
755 3148 255 50 published
1040 3148 50 39 in
1119 3148 202 48 English
1351 3148 152 41 under
1534 3148 109 41 title:
1702 3148 244 41 Problems
1978 3150 51 38 of
2059 3151 80 39 the

150 3216 101 32 new
288 3206 147 43 Cuba.
501 3207 47 41 It
585 3207 89 41 has
712 3206 118 41 been
866 3204 272 43 translated
1177 3205 103 41 into
1320 3203 209 51 Spanish
1567 3205 58 48 by
1665 3204 253 42 Herminio
1960 3207 177 41 Portell

150 3263 74 41 Vilá
283 3266 95 39 and
408 3265 114 40 José
548 3265 220 40 Tercero.

152 3318 50 51 ©
228 3322 106 40 Jan.
357 3322 69 47 27,
451 3320 140 47 1935;
621 3320 66 41 2c.
715 3320 107 40 Jan.
849 3318 55 41 25;
959 3317 80 41 aff.
1067 3318 109 39 Feb.
1205 3318 54 39 15;
1315 3318 40 39 A
1382 3317 141 41 79661;
1582 3318 206 48 Foreign
1813 3319 157 48 policy
1999 3329 141 34 assn.,

214 3378 86 41 inc.
372 3378 249 49 (35-2947)

150 3479 240 66 Conner,
418 3480 288 63 Rearden,
735 3483 172 50 1905-

151 3552 1963 149 Salute to Aphrodite, a novel by Rearden Conner. Indianapolis, New York, The Bobbs-Merrill company [ c 1935]
219 3707 49 40 ix
294 3719 56 37 p.,
377 3708 28 38 2
452 3738 23 17 l.,
503 3705 186 48 15-301,
765 3725 11 29 [1]
805 3716 43 37 p.
908 3704 55 39 21½
997 3707 14 21 cm
1046 3736 8 9 .

218 3763 196 40 London
442 3763 183 40 edition
664 3762 69 49 (J.
763 3763 64 38 M.
858 3761 129 40 Dent
1017 3760 36 41 &
1082 3770 125 37 sons,
1237 3759 112 48 ltd.)
1389 3761 89 39 has
1508 3760 135 40 title:
1676 3760 139 39 Rude
1845 3762 155 39 earth.

220 3819 159 41 “First
411 3818 225 41 edition.”

152 3870 52 52 ©
231 3876 107 40 Feb.
366 3875 69 46 23,
463 3876 115 40 1935;
634 3875 66 40 2c.
731 3875 95 38 and
855 3872 80 41 aff.
966 3873 111 39 Feb.
1108 3871 53 40 26;
1219 3872 42 39 A
1289 3871 142 43 79827;
1490 3872 157 42 Aidan
1680 3873 224 42 Rearden
1936 3873 202 50 Conner,

214 3932 279 48 Richmond,
527 3933 192 45 Surrey,
749 3931 234 47 England.
1055 3928 249 48 (35-2969)
