2424 4375
1289 4089 132 51 1892

420 513 170 39 “Some
622 512 257 47 suggested
913 512 227 46 readings
1174 523 58 28 on
1269 513 304 46 progressive
1606 513 258 40 education
1898 515 93 39 and
2028 515 82 39 the
2143 515 204 47 activity

345 567 303 51 movement”.;
707 579 43 38 p.
785 567 216 42 186-213.

346 640 53 53 ©
425 644 127 39 June
575 643 70 46 28,
672 642 117 40 1935;
841 642 66 41 2c.
935 643 94 38 and
1057 641 81 40 aff.
1167 642 126 39 June
1321 641 55 40 29;
1432 643 40 38 A
1499 641 170 48 83840;
1703 643 43 40 S.
1776 644 51 38 E.
1856 644 142 46 Burr,
2026 644 116 39 New
2169 644 178 46 Castle,

417 702 103 39 Del.
592 700 223 48 (36-350)

345 805 257 54 Canada.
677 806 184 64 Laws,
890 807 258 61 statutes,
1178 810 100 46 etc.

480 882 1869 68 … Income war tax act. 1935 ed. The complete text of the
347 960 264 54 “Income
642 979 118 35 war
789 965 98 48 tax
918 960 125 52 act”
1074 959 64 54 of
1169 959 253 57 Canada,
1451 959 140 54 with
1621 960 75 53 all
1729 962 389 53 amendments
2148 967 57 47 to
2237 963 107 52 and

348 1037 1999 71 including 1935 statutes, with appropriate notations … New
350 1119 180 65 York,
580 1116 254 71 Chicago
888 1124 138 62 [etc.]
1083 1117 324 56 Commerce
1458 1116 253 70 clearing
1759 1118 189 67 house,
1998 1119 125 67 inc.,
2173 1121 176 52 Loose

349 1194 1976 71 leaf service division of the Corporation trust company [ c 1935]
447 1272 29 38 64
508 1283 44 37 p.
611 1270 56 39 22½
700 1272 44 21 cm
749 1302 9 9 .
819 1269 130 49 $1.00

421 1342 62 39 At
511 1342 121 39 head
664 1339 52 40 of
743 1341 107 40 title;
908 1340 259 41 Dominion
1198 1340 52 39 of
1278 1340 213 41 Canada.

350 1410 52 53 ©
432 1414 119 47 Aug.
584 1414 40 43 5,
656 1413 113 39 1935;
830 1413 66 39 2c.
928 1413 119 48 Aug.
1080 1412 57 39 10;
1196 1412 83 41 aff.
1313 1413 118 43 Aug.
1463 1411 29 40 9;
1550 1413 41 38 A
1624 1413 169 46 85445;
1830 1413 275 41 Commerce
2138 1413 215 48 clearing

421 1472 163 45 house,
620 1471 87 39 inc.
783 1469 220 47 (36-493)

350 1573 238 63 Cantor,
617 1574 320 52 Nathaniel
968 1573 307 62 Freeman,
1305 1576 170 51 1898-

420 1651 209 65 Crime,
665 1650 72 68 by
771 1649 310 53 Nathaniel
1117 1649 246 66 Cantor;
1400 1648 139 54 with
1573 1649 379 54 illustrations
1988 1649 74 69 by
2094 1650 153 52 Fred
2282 1650 68 54 G.

350 1727 238 69 Cooper.
653 1727 270 69 Chicago,
949 1727 114 68 Ill.,
1088 1728 122 52 The
1238 1726 334 70 University
1598 1727 64 54 of
1690 1727 253 69 Chicago
1971 1745 155 51 press
2154 1762 12 34 [c
2195 1732 133 49 1935
2335 1761 11 34 ]

420 1799 1649 52 3 p. l., 44, [1] p. illus. 23 cm . [American primers] $0.25
421 1872 164 42 “More
612 1873 150 41 about
787 1871 176 43 crime”;
1021 1884 43 37 p.
1091 1872 180 50 44-[45]

352 1941 52 53 ©
433 1945 101 41 Oct.
566 1946 37 47 1,
635 1943 140 48 1935;
806 1944 67 40 2c.
904 1944 101 40 Oct.
1036 1944 27 38 4;
1125 1944 81 40 aff.
1239 1943 100 41 Oct.
1373 1945 52 45 7;
1457 1944 40 38 A
1528 1943 170 47 87498;
1733 1943 283 50 University
2046 1945 53 40 of
2128 1944 224 49 Chicago,

424 2002 224 48 Chicago.
719 2001 195 48 (36-383
927 2001 13 47 )

352 2106 208 64 Carey,
590 2107 202 53 James
822 2105 299 65 Aloysius,
1157 2109 170 49 1896-

422 2186 122 51 The
572 2183 238 67 Sunday
836 2183 240 67 Gospels
1103 2183 94 52 for
1223 2183 176 67 priest
1430 2183 111 53 and
1572 2182 197 68 people
1796 2184 72 66 by
1895 2185 137 51 Rev.
2060 2186 194 53 James
2281 2185 69 53 A.

353 2259 1556 68 Carey … New York, P. J. Kenedv & sons [ c 1935]
457 2332 608 52 x p., 1 l., 532 p. 22½ cm .
426 2389 1923 51 “For each Sunday … the Gospel is given … followed by exegetical
353 2452 138 40 notes
520 2458 62 30 on
610 2448 81 40 the
723 2445 272 50 particular
1027 2445 173 49 Gospel
1232 2448 92 38 and
1358 2458 27 29 a
1418 2457 190 30 sermon
1638 2446 603 48 synopsis.”—Foreword.

426 2504 249 42 “Selected
712 2501 364 50 bibliography”;
1146 2515 44 37 p.
1232 2502 114 50 [527]

357 2573 52 53 ©
442 2577 116 40 Nov.
592 2576 69 47 27,
697 2575 141 46 1935;
873 2575 67 40 2c.
975 2575 118 39 Nov.
1126 2573 57 41 29;
1247 2574 81 41 aff.
1364 2575 117 40 Nov.
1518 2577 54 38 30;
1637 2576 42 38 A
1712 2575 170 47 89665;
1920 2577 50 40 P.
2008 2577 42 39 J.
2085 2576 203 49 Kenedy
2319 2578 36 39 &

423 2644 128 30 sons.
615 2631 221 50 (36-224)

357 2735 331 55 Children’s
721 2742 156 60 story
911 2734 163 67 book,
1106 2753 154 34 more
1293 2735 140 52 than
1468 2738 66 50 60
1566 2735 226 55 famous
1824 2737 199 53 stories
2059 2736 138 53 with
2232 2755 117 34 new

423 2811 1903 149 illustrations by Romney Gay. Racine, Wis., Whitman publishing company [ c 1934]
426 2962 1109 51 1 p. l., 7-285 p. col. front., illus. 29½ cm .
358 3032 52 53 ©
431 3037 118 38 Nov.
574 3037 67 45 15,
666 3035 113 40 1934;
832 3035 66 40 2c.
924 3036 110 38 Dec.
1059 3035 41 46 3,
1125 3033 112 41 1935;
1293 3033 80 40 aff.
1400 3035 111 38 Dec.
1535 3034 26 37 2;
1616 3034 40 38 A
1710 3033 115 40 88494;
1879 3032 248 41 Whitman
2152 3034 107 47 pub.
2288 3043 65 30 co.

432 3092 284 50 [Copyright
748 3093 46 39 is
828 3091 203 41 claimed
1069 3102 59 29 on
1165 3090 344 49 illustrations]
1589 3090 278 47 (35-33162)

357 3197 311 65 Copeland,
699 3198 185 62 Royal
916 3196 253 64 Samuel,
1204 3200 171 48 1868-

357 3271 1971 134 Doctor Copeland’s home medical book, by Royal S. Copeland …
675 3350 424 67 Philadelphia.
1142 3350 253 67 Chicago
1441 3354 137 62 [etc.]
1625 3350 122 51 The
1786 3349 156 55 John
1986 3348 60 55 C.
2086 3350 266 52 Winston

358 3432 512 64 company [ c 1935]
431 3504 25 38 2
482 3514 42 37 p.
550 3504 45 45 l.,
620 3501 152 47 iii-ix,
799 3500 81 41 603
908 3512 42 36 p.
1005 3500 148 39 front.
1184 3499 172 48 (port.)
1391 3498 127 40 illus.
1549 3498 138 48 (part
1709 3498 112 48 col.)
1883 3496 56 40 23½
1972 3499 44 20 cm
2021 3528 9 8 .

360 3569 53 53 ©
451 3574 117 38 Nov.
609 3572 69 47 29,
718 3571 140 46 1935;
898 3571 67 40 2c.
1005 3572 112 38 Dec.
1157 3571 30 38 6;
1252 3570 79 39 aff.
1372 3570 111 39 Dec.
1524 3569 52 46 5;
1617 3569 41 38 A
1698 3567 169 46 89736;
1911 3568 53 39 R.
2010 3568 41 39 S.
2095 3566 255 48 Copeland,

432 3628 206 48 Suffern,
669 3630 55 38 N.
757 3629 52 38 Y.
872 3627 282 49 [Copyright
1183 3628 45 37 is
1256 3625 207 41 claimed
1493 3636 60 28 on
1584 3624 238 40 revisions
1853 3626 94 37 and
1980 3622 261 49 additions]

443 3685 221 49 (36-395)

360 3786 245 65 Crosby,
633 3785 255 55 William
918 3785 244 64 Flower,
1194 3788 172 49 1890-

427 3861 151 53 Boat
621 3859 240 71 sailing;
908 3881 30 33 a
986 3861 215 68 primer
1246 3859 95 53 for
1384 3859 94 52 the
1523 3857 291 69 beginner,
1858 3854 77 70 by
1978 3853 262 56 William
2285 3853 64 53 F.

360 3934 1848 75 Crosby … New York, The Rudder publishing co. [ c 1935]
499 4059 8 15 xv,
541 4028 71 50 [1],
642 4027 55 40 72
726 4037 42 39 p.
827 4027 129 39 illus.
1014 4026 55 40 15½
1102 4029 43 20 cm
1150 4058 8 8 .
