2424 4375
1120 4052 98 49 925

245 509 80 48 vii,
354 510 86 40 469
466 521 43 36 p.
567 511 57 38 19½
655 513 43 21 cm
705 543 7 7 .

245 580 222 41 Includes
498 579 387 50 bibliographies.

174 648 52 52 ©
253 652 116 47 July
394 652 40 46 2,
461 652 112 40 1935;
629 652 67 40 2c.
723 654 95 38 and
849 653 81 39 aff.
960 654 116 47 July
1103 654 25 39 5;
1187 654 39 39 A
1254 654 141 40 83871;
1455 656 62 37 M.
1548 656 51 38 E.
1629 656 212 46 Pennell,
1869 656 117 39 New
2015 653 145 48 York,

240 710 95 38 and
363 710 135 41 Alice
526 711 60 37 M.
616 710 201 45 Cusack,
848 710 192 40 Kansas
1071 709 124 48 City,
1227 712 89 37 Mo.
1388 711 250 48 (35-9543)

171 810 234 65 Phusis,
433 812 278 62 Maurice,
743 814 189 65 pseud.

301 887 1859 69 … Classification universelle, systématique et coordonnée des
171 966 421 53 connaissances
625 967 310 64 humaines,
970 966 266 65 précédée
1269 967 133 53 d’un
1440 966 197 55 “Essai
1673 967 70 52 de
1777 967 252 54 discours
2064 986 95 35 sur

169 1041 1985 70 la logique” … Paris, Librairie A. Legrand, dépositaire [1934]
243 1129 82 41 143
362 1141 43 37 p.
442 1129 110 40 inch
588 1130 173 42 double
797 1131 96 40 tab.
957 1129 55 40 23
1016 1132 43 21 cm
1064 1162 8 9 .
1148 1129 287 49 (Collection
1473 1132 141 45 Phos,
1651 1130 328 49 bibliothèque
171 1132 1971 102 scientifique

365 1187 59 40 de
450 1186 464 48 perfectionnement
941 1187 215 40 humain.
1216 1187 149 50 [Série
1428 1218 8 8 A.
1497 1188 67 47 2])

173 1253 1988 52 © Sept. 15, 1934; 1c. Nov. 27; A- Foreign 26303; Maurice Manière,
241 1314 153 39 Paris.
465 1312 249 49 (35-9864)

171 1418 133 63 Poe,
332 1417 163 53 Elias
519 1419 254 54 Dodson.

241 1493 1920 67 God’s heart-touch, by Elias Dodson Poe … Nashville, Tenn.,
171 1572 725 66 Broadman press [ c 1935]
241 1643 219 48 157 p. 19½cm.
173 1711 52 52 ©
249 1715 113 47 May
383 1713 205 48 31,1935;
636 1714 67 40 2c.
727 1714 126 39 June
874 1714 55 40 27;
984 1713 81 39 aff.
1091 1714 127 39 June
1235 1713 84 46 22;
1344 1714 41 38 A
1407 1713 141 40 83801;
1606 1713 197 47 Sunday
1826 1714 163 38 school
2012 1713 151 39 board

240 1771 53 40 of
322 1772 80 40 the
436 1771 241 40 Southern
709 1770 196 48 Baptist
934 1769 301 48 convention,
1268 1769 264 40 Nashville.
1604 1769 249 47 (35-9530)

171 1875 191 64 Pratt,
388 1875 205 55 Waldo
619 1874 227 65 Selden,
876 1876 169 53 1857-

245 1952 121 52 The
399 1952 221 69 history
656 1951 63 54 of
754 1950 202 69 music;
996 1972 31 33 a
1063 1952 304 54 handbook
1403 1954 113 51 and
1553 1951 171 69 guide
1761 1951 91 53 for
1889 1952 273 65 students,

171 2029 1988 69 by Waldo Selden Pratt … with an additional chapter on the
172 2108 157 69 early
370 2108 291 54 twentieth
706 2113 251 63 century,
995 2108 75 67 by
1110 2108 223 52 Arthur
1372 2108 245 53 Mendel.
1692 2109 138 52 New
1872 2109 177 54 York,
2088 2109 68 54 G.

175 2186 667 68 Schirmer, inc. [ c 1935]
246 2259 99 49 713,
378 2259 69 50 [36]
495 2271 41 37 p.
569 2260 108 39 incl.
709 2259 159 42 front.,
899 2258 127 40 illus.
1086 2267 60 29 m
1175 2267 136 38 maps
1339 2259 49 47 (1
1420 2257 196 49 double)
1684 2258 56 38 22
1743 2260 43 21 cm
1792 2289 8 8 .

246 2317 234 41 “Revised
509 2321 95 38 and
632 2317 226 46 enlarged
885 2314 183 42 edition
1105 2314 215 50 (1935).”

246 2374 224 41 Includes
502 2373 388 48 bibliographies.

175 2443 52 52 ©
254 2448 113 45 May
392 2445 39 47 9,
457 2445 139 46 1935;
625 2446 65 39 2c.
718 2447 113 45 May
858 2445 79 44 14;
966 2444 81 40 aff.
1077 2446 112 44 May
1217 2445 54 38 17:
1327 2444 40 38 A
1393 2443 141 40 81974;
1595 2443 52 41 G.
1681 2443 255 47 Schirmer,
1964 2443 90 40 inc.

245 2503 280 49 [Copyright
551 2503 40 39 is
620 2502 202 40 claimed
853 2512 57 28 on
941 2511 105 29 new
1076 2502 214 46 chapter]
1361 2500 250 47 (35-9479)

173 2605 299 53 Problems
502 2606 62 52 of
593 2605 95 52 the
718 2606 299 52 American
1050 2605 192 65 public
1268 2603 239 66 service;
1543 2602 104 54 five
1677 2604 382 66 monographs
2088 2620 69 35 on

237 2681 223 67 specific
482 2688 218 59 aspects
723 2680 63 54 of
810 2680 297 68 personnel
1130 2677 481 70 administration,
1636 2679 71 68 by
1735 2678 136 55 Carl
1895 2679 264 54 Joachim

239 2755 1922 69 Friedrich … William C. Beyer … [and others] New York
239 2837 113 51 and
377 2836 257 65 London,
663 2833 427 55 McGraw-Hill
1114 2832 147 54 book
1290 2850 297 52 company,
1614 2832 128 69 inc.,
1772 2836 151 50 1935.

242 2906 64 47 xi,
331 2907 86 41 433
440 2918 44 37 p.
536 2907 151 46 diagr.
741 2906 55 40 23½
829 2909 43 20 cm
876 2938 9 9 .
952 2905 296 49 (Half-title:
1275 2904 318 42 Commission
1621 2905 53 40 of
1698 2905 194 47 inquiry
1918 2915 62 29 on
2004 2905 160 48 public

171 2963 180 41 service
375 2963 267 48 personnel.
700 2963 321 47 Monographs
1046 2963 25 38 7
1097 2964 48 39 to
1171 2963 79 47 31)

519 3020 374 47 CONTENTS.—Responsible
952 3020 312 47 government
1322 3018 180 41 service
1562 3019 153 39 under
1770 3019 81 40 the
1908 3017 254 42 American

173 3074 344 50 Constitution,
550 3076 59 44 by
641 3076 48 39 C.
723 3076 41 38 J.
798 3075 590 48 Friedrich.—Municipal
1422 3074 112 41 civil
1567 3075 185 41 service
1784 3076 50 38 in
1870 3076 79 40 the
1986 3076 175 40 United

175 3130 175 49 States,
379 3132 61 48 by
532 3164 9 9 W.
575 3134 48 39 C.
659 3132 484 47 Beyer.—Employer
1172 3133 95 38 and
1301 3131 243 47 employee
1574 3132 51 39 in
1656 3133 81 39 the
1769 3131 162 48 public
1965 3132 196 45 service,

173 3187 63 47 by
276 3187 44 41 S.
362 3188 57 40 D.
462 3187 431 49 Spero.—Veteran
936 3188 278 48 preference
1256 3188 51 40 in
1350 3188 83 41 the
1473 3187 161 48 public
1678 3188 197 48 service,
1917 3188 62 48 by
2022 3190 42 39 J.
2107 3188 53 40 F.

174 3244 491 41 Miller.—Personnel
694 3246 233 46 practices
955 3246 44 38 in
1027 3245 220 40 business
1276 3246 97 39 and
1399 3244 362 49 governmental
1787 3245 373 47 organizations,

171 3300 60 50 by
256 3300 53 42 G.
333 3302 55 40 A.
416 3300 228 41 Graham.

176 3369 55 53 ©
259 3374 113 47 May
399 3373 70 47 14,
498 3372 113 41 1935;
667 3373 68 40 2c.
769 3374 110 46 May
910 3374 54 39 17;
1021 3373 81 40 aff.
1135 3374 113 47 May
1275 3372 56 40 24;
1391 3374 42 37 A
1460 3372 142 41 83283;
1663 3373 348 40 McGraw-Hill
2041 3376 122 38 book

244 3440 82 36 co.,
353 3429 89 40 inc.
515 3430 249 46 (35-9431)

178 3529 220 54 Punch,
473 3551 50 34 v.
552 3536 115 62 188,
693 3551 87 34 no.
810 3531 151 68 4907,
989 3535 150 53 June
1169 3536 81 63 19,
1280 3536 148 48 1935.

180 3615 1982 52 © 1c. Aug. 16, 1935; A ad int. 20497; pubd. June 19; Herbert Heather,
246 3675 209 40 London.

179 3775 269 63 Quinlan,
476 3778 171 61 Mary
675 3778 143 62 Eva,
850 3778 168 54 1887-

247 3852 210 64 Poetry
483 3853 111 51 and
619 3871 162 45 prose
805 3853 264 64 readings
1093 3852 187 53 “from
1304 3852 133 54 four
1460 3858 61 48 to
1542 3852 268 65 sixteen”,
1831 3853 75 64 by
1929 3853 80 51 M.
2034 3853 125 51 Eva

179 3927 269 62 Quinlan.
519 3930 233 65 Boston,
785 3929 219 54 Walter
1038 3930 75 52 H.
1151 3929 189 53 Baker
1374 3947 277 48 company
1871 3963 12 33 [c1935]
