2568 4342
1371 4018 64 50 16

461 462 262 41 Published
758 464 50 38 in
841 463 116 41 1928
991 463 153 40 under
1178 461 135 41 title:
1353 462 158 40 Civics
1544 465 51 37 at
1630 464 159 46 work;
1825 474 26 29 a
1886 464 230 40 textbook
2150 465 48 39 in
2232 469 146 38 social

388 524 96 39 and
512 519 275 41 vocational
816 520 299 47 citizenship.

461 576 70 40 “A
554 578 147 39 select
725 577 84 40 list
835 577 53 40 of
912 576 175 40 books”:
1142 587 41 37 p.
1210 575 186 40 xi-xiii.

392 630 51 52 ©
467 635 116 39 Nov.
608 635 68 46 16,
702 634 116 41 1934;
867 634 66 40 2c.
956 635 108 39 Jan.
1091 634 39 47 5,
1154 632 139 48 1935;
1322 633 79 40 aff.
1428 634 108 39 Jan.
1563 635 52 46 7;
1642 635 42 38 A
1708 634 169 48 79056;
1907 637 55 39 D.
1991 636 49 40 C,
2067 637 164 40 Heath
2255 637 36 40 &
2315 650 64 29 co.

469 691 249 48 (35-1143)

389 750 239 68 Wilson,
661 752 255 66 Calvert,
950 754 171 53 1867-
1333 770 178 48 comp.

458 830 268 54 Wilson’s
763 829 224 68 mining
1020 830 167 66 laws;
1230 829 217 55 United
1487 830 206 68 States,
1731 830 269 68 Arizona,
2041 832 339 56 California.

392 908 298 67 Colorado,
725 909 252 66 Nevada,
1011 907 228 68 Oregon
1276 909 112 51 and
1422 909 176 66 Utah,
1636 908 297 68 including
1966 911 138 51 laws
2138 911 243 67 relating

392 991 55 48 to
484 986 77 52 oil
593 987 191 65 lands;
822 986 307 52 annotated
1164 986 112 52 and
1309 986 139 53 with
1485 986 195 53 forms.
1759 988 128 51 16th
1924 989 81 51 ed.
2084 989 292 67 Compiled

395 1065 74 68 by
514 1064 233 56 Calvert
789 1062 239 57 Wilson.
1103 1064 137 54 Rev.
1288 1065 112 52 and
1444 1064 188 54 edited
1676 1065 76 68 by
1794 1064 218 54 Martin
2061 1067 66 52 E.
2173 1066 206 57 Miller.

390 1144 109 52 Los
532 1143 264 67 Angeles,
829 1141 195 67 Calif.,
1054 1142 223 55 Wilson
1310 1143 333 68 publishing
1674 1161 294 50 company,
2004 1150 18 21 c
2028 1148 148 50 1934.

461 1214 87 41 240
577 1226 43 37 p.
681 1214 179 48 diagrs.
919 1214 54 39 21
977 1217 44 22 cm
1027 1247 8 7 .
1151 1213 131 50 $2.00

463 1271 225 41 Includes
720 1271 303 47 advertising
1053 1274 194 39 matter.

394 1325 52 52 ©
478 1330 113 47 Apr.
623 1329 67 48 12,
723 1328 139 48 1934;
896 1329 65 40 2c.
996 1330 109 39 Dec.
1139 1329 80 47 10;
1254 1329 81 40 aff.
1367 1330 108 39 Jan.
1509 1329 68 48 10,
1607 1328 142 49 1935;
1782 1331 42 38 A
1856 1330 168 47 78958;
2060 1330 187 41 Wilson
2278 1331 107 47 pub.

461 1397 66 29 co.
598 1385 221 49 (35-9609

417 1445 305 67 [Woolfolk,
752 1446 206 55 Josiah
987 1446 179 68 Pitts]
1202 1453 171 50 1894-

525 1525 1857 66 … Passion in the South … New York, W. Godwin, inc.
395 1636 13 34 [
413 1607 18 22 c
436 1606 132 51 1935]

459 1676 85 41 254
574 1688 41 37 p.
671 1675 117 44 19cm.

462 1733 229 40 Author’s
722 1734 180 47 pseud.,
937 1733 191 49 Sappho
1159 1732 286 41 Henderson
1479 1733 145 47 Britt,
1658 1736 51 37 at
1742 1734 121 39 head
1898 1733 53 40 of
1986 1731 118 42 title.

396 1786 55 52 ©
476 1791 107 39 Jan.
613 1790 40 48 2,
683 1790 141 48 1935;
853 1790 67 41 2c.
947 1791 108 39 Jan.
1087 1792 52 46 7;
1170 1790 81 40 aff.
1281 1791 109 40 Jan.
1421 1791 51 46 8;
1505 1790 41 39 A
1575 1789 169 49 78890;
1779 1792 42 38 J.
1853 1792 49 37 P.

1934 1790 259 47 Woolfolk,
461 1790 1910 103 Hollywood,
638 1847 143 41 Calif.
853 1848 219 47 (35-434)

525 1908 1581 69 … Possessed. New York, W. Godwin, inc. [ c 1935]
462 1982 90 41 280
575 1993 43 37 p.
672 1981 55 41 19½
760 1984 44 22 cm
809 2014 9 9 .

463 2039 65 40 At
552 2038 125 41 head
701 2039 54 40 of
777 2039 137 41 title:
939 2039 76 48 By
1042 2039 191 41 Gordon
1263 2039 152 48 Sayre
1443 2040 195 48 [pseudo

397 2092 57 51 ©
478 2096 107 39 Jan.
616 2096 40 47 2,
686 2095 139 48 1935;
857 2096 66 40 2c.
953 2097 108 39 Jan.
1093 2098 52 45 7;
1177 2096 80 40 aff.
1289 2097 107 39 Jan.
1427 2097 52 45 8;
1511 2097 41 38 A
1578 2094 169 49 78889;
1781 2096 43 40 J.
1855 2096 49 39 P.
1935 2095 260 48 Woolfolk,

462 2095 1910 104 Hollywood,
645 2153 142 40 Calif.
859 2153 221 48 (35-436)

394 2212 255 67 Wright,
677 2212 255 57 William
960 2213 223 65 Kelley,
1216 2217 169 52 1877-

466 2289 56 52 A
575 2291 273 54 student’s
904 2290 346 69 philosophy
1303 2292 64 53 of
1422 2291 259 67 religion,
1735 2292 74 67 by
1866 2290 260 55 William
2182 2291 202 66 Kelley

393 2366 1991 70 Wright … Rev. ed. New York, The Macmillan company,
394 2450 150 51 1935.

465 2520 84 39 xvi
574 2530 57 37 p.,
661 2520 24 37 1
747 2550 9 15 l.,
783 2518 86 40 566
893 2530 43 37 p.
996 2519 54 39 21
1054 2521 43 22 cm
1104 2552 8 7 .

473 2573 129 42 “The
635 2573 123 42 book
790 2576 43 38 is
867 2586 62 29 an
963 2577 275 46 outgrowth
1271 2577 51 38 of
1356 2578 182 38 lecture
1573 2586 194 30 courses
1800 2576 137 48 given
1974 2576 50 38 at

2060 2575 191 40 Cornell
394 2575 1976 104 university
604 2632 127 39 from
758 2632 113 40 1913
899 2636 47 37 to
973 2632 349 42 1916.”—Pref.

470 2688 232 40 “Notes”:
731 2699 42 37 p.
801 2688 217 47 526-555,
1046 2691 93 38 and
1170 2689 347 41 “References”
1543 2693 51 37 at
1620 2691 90 38 end
1740 2690 51 38 of
1817 2691 122 37 most
1965 2688 50 39 of
2041 2689 82 38 the
2148 2689 237 47 chapters.

401 2742 51 52 ©
480 2746 109 39 Jan.
617 2746 68 47 15,
714 2745 115 41 1935;
885 2747 66 39 2c.
978 2748 94 38 and
1102 2746 80 41 aff.
1212 2748 108 39 Jan.
1350 2748 81 46 16;
1463 2748 40 38 A
1532 2746 170 47 79190;
1735 2747 278 40 Macmillan
2044 2757 67 28 co.

477 2802 248 49 (35-1154)

397 2864 223 65 Yancy,
651 2866 218 52 Ernest
898 2865 252 55 Jerome.

466 2939 318 53 Historical
808 2940 177 68 lights
1011 2941 64 52 of
1097 2940 275 53 Liberia’s
1399 2942 301 67 yesterday
1725 2942 112 51 and
1861 2940 192 67 today,
2078 2939 77 68 by
2181 2939 208 52 Ernest

398 3015 227 55 Jerome
653 3017 218 63 Yancv,
942 3061 9 9 A.
1021 3061 9 9 B.
1122 3017 208 63 [Xenia,
1362 3017 86 63 O.,
1479 3019 123 51 The
1630 3017 215 54 Aldine
1876 3015 336 65 publishing
400 3032 1964 129 company,
604 3100 18 22 c
627 3097 150 63 1934]

469 3166 64 47 xi,
561 3166 55 51 [1]
641 3177 58 37 p.,
723 3167 26 39 1
806 3197 9 16 l.,
839 3166 175 40 15-323
1034 3177 44 37 p.
1102 3167 109 42 incl.
1234 3167 142 46 illus.,
1400 3167 124 46 port.
1583 3166 57 40 20
1643 3168 44 22 cm
1690 3198 9 9 .

472 3222 163 43 “First
659 3222 227 43 edition.”

473 3279 372 49 Bibliography:
874 3291 45 37 p.
947 3280 65 41 xi.

471 3335 181 42 Music:
683 3347 44 37 p.
755 3336 216 41 293-302.

405 3391 51 52 ©
483 3396 109 39 Dec.
620 3395 68 47 22,
714 3394 140 42 1934;
882 3395 65 39 2c.
975 3396 97 38 and
1095 3394 81 40 aff.
1204 3395 106 39 Jan.
1337 3396 40 45 4,
1404 3393 140 47 1935;
1571 3395 39 38 A
1637 3394 142 40 79022;
1837 3395 50 38 E.
1917 3395 40 39 J.
1985 3394 178 45 Yancy,
470 3390 1904 109 Wilberforce,

650 3452 50 40 O.
772 3451 220 49 (35-608)

402 3514 199 64 Zerbe,
626 3514 252 63 Jerome,
907 3517 169 50 1904-

473 3591 213 67 People
722 3610 71 34 on
829 3590 231 67 parade,
1096 3589 76 67 by
1209 3589 229 53 Jerome
1472 3588 201 66 Zerbe;
1714 3587 137 53 with
1894 3606 72 33 an
2005 3584 386 54 introduction

402 3666 76 68 by
502 3668 209 52 Lucius
739 3667 197 53 Beebe.
1011 3667 137 52 New
1175 3665 180 67 York,
1380 3666 72 52 D.
1481 3665 208 67 Kemp,
1719 3668 149 49 1934.

472 3740 99 41 105.
618 3741 40 48 [5]
691 3751 42 37 p.
790 3740 127 41 illus.
948 3740 196 47 (ports.)
1210 3739 56 40 28
1268 3741 43 21 cm
1316 3769 8 8 .

474 3797 169 40 “New's
667 3796 213 49 pictures
905 3797 52 39 of
979 3807 26 29 a
1030 3795 168 48 highly
1222 3794 286 48 specialized
1534 3796 101 38 sort
1660 3791 218 48 showing
1902 3794 193 46 elegant
2120 3802 53 30 or
2197 3791 193 42 famous

404 3864 53 28 or
485 3853 141 48 witty
651 3855 166 46 people
842 3853 50 39 in
919 3852 128 41 brief
1073 3852 213 40 instants
1314 3852 50 39 of
1391 3851 185 48 parade
1600 3861 56 29 or
1681 3847 369 51 pleasure.”—p.
2080 3849 40 39 7.

408 3906 51 52 ©
486 3911 109 39 Dec.
624 3911 39 44 3,
690 3909 113 41 1934;
856 3911 65 39 2c.
949 3911 110 39 Dec.
1087 3909 81 46 15;
1198 3907 80 42 aff.
1307 3909 108 39 Jan.
1444 3908 68 46 16,
1541 3906 139 47 1935;
1711 3908 41 38 A
1779 3905 169 47 79200;
1980 3904 161 41 David
2168 3905 165 46 Kemp.

485 3966 248 50 (35-1297)
