2424 4375
1025 3979 100 56 557

160 450 168 41 Issued
354 450 103 42 also
484 461 55 31 as
566 451 151 41 thesis
754 450 105 48 (PH.
918 453 33 46 D.)
988 448 249 43 Columbia
1266 450 281 48 university.

160 506 370 49 Bibliography:
562 518 43 37 p.
637 507 213 40 155-171.

90 559 52 52 ©
172 563 108 40 Feb.
310 564 37 45 1,
377 562 139 43 1935;
546 563 66 39 2c.
641 563 95 39 and
765 562 79 39 aff.
875 563 111 46 Apr.
1018 561 51 47 8;
1101 562 39 38 A
1170 560 169 48 82440;
1371 562 53 39 E.
1454 562 43 39 J.
1527 562 209 46 Dorgan,
1768 560 189 41 Mobile.

167 619 248 47 (35-6381)

90 719 300 66 Edwards,
420 722 198 63 Harry
647 721 184 64 Elmo,
863 726 167 48 1892-

157 796 186 53 Guide
374 798 111 51 and
515 802 109 49 test
652 797 180 54 sheets
871 797 84 52 for
985 797 482 52 denominational
1497 796 237 66 history,
1764 796 75 67 by
1869 796 197 67 Harry

89 873 1976 65 E. Edwards … and Mary E. Lamson … 3d ed. Berrien
89 949 259 68 Springs,
376 951 191 66 Mich.,
595 951 120 52 The
743 950 228 68 College
998 968 153 50 press
1364 982 12 34 [c1935]

156 1020 64 49 xi,
249 1020 69 50 82,
354 1021 70 51 [2],
453 1021 57 40 32
540 1034 42 37 p.
641 1022 55 40 23½
730 1024 44 21 cm
778 1056 8 7 .

158 1078 116 40 Part
299 1089 40 29 ii
363 1079 89 40 has
479 1078 177 48 special
685 1078 233 41 half-title
943 1079 96 39 and
1068 1081 223 46 separate
1318 1078 188 49 paging.

159 1134 1200 49 Blank pages for “Notes” (2 following p. 8 2)
428 1193 130 46 CONTENTS.—pt.
587 1198 30 33 I.
648 1191 155 40 Guide
827 1191 305 48 sheets.—pt.
1160 1197 54 34 II.
1239 1191 114 40 Test
1382 1192 170 39 sheets.

158 1247 132 48 “Key
320 1250 48 37 to
396 1247 414 40 abbreviations”:
842 1259 41 37 p.
914 1248 63 39 xi.

88 1301 52 52 ©
167 1305 109 39 Feb.
303 1305 67 45 11,
399 1304 114 40 1935;
565 1304 65 39 2c.
660 1304 109 39 Feb.
796 1304 80 46 14;
905 1303 80 40 aff.
1016 1304 119 38 Mar.
1162 1302 81 45 20;
1274 1304 40 38 A
1340 1303 169 44 81147;
1540 1304 59 39 H.
1628 1305 52 38 E.
1708 1304 237 40 Edwards
1972 1306 94 40 and

157 1363 137 46 Mary
326 1362 50 38 E.
409 1361 218 46 Lamson,
659 1360 200 39 Berrien
891 1360 213 47 Springs,
1138 1360 141 39 Mich.
1349 1360 249 47 (35-0470)

89 1461 216 64 Evans,
336 1462 245 55 Charles
605 1463 314 63 Benjamin
948 1462 254 64 Shaffer,
1234 1468 168 49 1901-

161 1536 1905 70 Sex practice in marriage, by C. B. S. Evans … introduction
93 1614 1799 69 by Rudolph W. Holmes … prefatory and other notes by
91 1614 1978 145 Norman Haire … This edition contains illustrative diagrams
92 1768 164 54 based
300 1786 70 33 on
416 1770 184 50 actual
642 1774 429 47 measurements
1115 1768 63 52 of
1220 1769 218 52 normal
1482 1768 209 52 human
1735 1768 213 68 beings,
1991 1768 74 68 by

91 1844 1973 70 Robert L. Dickinson … New York, Emerson books, inc., 1935.
161 1915 1062 49 xvi p., 1 l., 19-128 p. incl. IV pl. 19½ cm .
162 1972 1903 49 “Second edition, 1935 … Revised and enlarged from ‘Man and woman
91 2029 48 39 in
165 2028 297 48 marriage’.”

88 2085 53 53 ©
171 2090 117 38 Mar.
320 2090 67 45 14,
419 2089 138 45 1935;
589 2088 67 40 2c.
686 2089 111 47 Apr.
825 2088 53 47 3;
910 2088 81 39 aff.
1022 2089 111 46 Apr.
1164 2088 52 46 2;
1251 2089 41 38 A
1321 2087 168 48 81590;
1523 2091 229 38 Emerson
1785 2091 159 45 books,
1977 2090 89 40 inc.

167 2146 249 48 (35-6505)

89 2248 156 65 Fisk,
276 2251 208 51 Emma
512 2247 219 65 Luella,
762 2254 167 49 1892-

158 2326 1845 67 A laboratory manual of general botany, by Emma Fisk …
88 2402 1953 145 and Ruth. M. Addoms … Rev. ed. New York, The Macmillan company, 1935.
157 2563 44 37 x,
234 2553 83 39 137
347 2564 43 37 p.
449 2551 55 40 22
507 2554 44 21 cm.

159 2608 85 40 “In
278 2609 63 40 its
372 2611 193 46 present
599 2608 124 40 form
759 2609 81 40 the
872 2608 196 40 manual
1100 2609 197 39 accords
1333 2609 46 39 in
1414 2611 194 39 content
1640 2610 95 40 and
1770 2610 141 41 order
1945 2612 117 41 with

89 2665 80 40 the
204 2665 131 39 third
371 2664 181 41 edition
588 2665 51 39 of
675 2665 35 37 A
747 2664 224 40 textbook
1006 2664 51 40 of
1092 2665 191 47 general
1321 2665 177 48 botany
1535 2666 59 47 by
1632 2666 170 48 Smith,
1837 2667 225 48 Overton,

89 2720 198 46 Gilbert,
316 2721 280 44 Denniston,
627 2720 175 47 Bryan,
830 2721 92 38 and
955 2719 373 41 Allen.”—Pref.

88 2773 53 53 ©
166 2778 111 47 Apr.
304 2777 68 46 16,
398 2776 113 40 1935;
564 2776 67 40 2c.
657 2777 94 38 and
779 2775 81 40 aff.
887 2776 111 48 Apr.
1026 2776 53 40 17;
1137 2777 39 38 A
1201 2775 170 47 82540;
1402 2776 278 41 Macmillan
1707 2788 65 31 co.

167 2834 248 48 (35-6385)

92 2935 168 65 Ford,
290 2936 151 53 Ford
470 2936 231 60 Madox,
736 2936 165 54 1873-

86 3010 1951 145 Ladies whose bright eyes, by Ford Madox Ford … Philadelphia,
357 3088 255 66 London,
637 3087 55 52 J.
719 3088 64 51 B.
810 3087 333 67 Lippincott
1169 3106 296 50 company,
1492 3091 148 50 1935.

159 3161 99 42 350.
290 3162 54 48 [1]
373 3172 41 37 p.
474 3161 52 39 21
531 3162 43 23 cm
580 3192 9 9 .

91 3213 52 52 ©
171 3218 108 46 Apr.
307 3217 67 46 18,
401 3216 115 39 1935;
567 3217 68 39 2c.
663 3218 93 38 and
783 3216 80 39 aff.
894 3217 111 46 May
1033 3216 52 45 8;
1117 3216 38 39 A
1184 3215 168 46 82968;
1383 3217 49 40 F.
1463 3218 61 39 M.
1554 3217 140 46 Ford,
1724 3216 152 42 Paris.

168 3272 248 50 (35-6459)

92 3363 162 63 Foss,
284 3364 195 52 Frank
509 3363 238 64 Halsey,
778 3368 167 49 1880-

162 3440 316 68 Simplified
529 3446 250 47 contract
826 3440 258 67 bidding,
1131 3440 74 66 by
1251 3441 196 51 Frank
1493 3440 77 52 H.
1617 3441 156 52 Foss.
91 3441 1945 142 [Willimantic,
345 3516 195 63 Conn.,
569 3517 159 54 Gane
756 3520 45 50 &
826 3534 115 50 son,
969 3523 17 20 c
994 3520 130 49 1935]

159 3590 319 49 67 p., 1 l. 19½cm.
92 3643 52 52 ©
171 3646 109 41 Feb.
308 3647 69 44 27,
405 3644 112 41 1935;
573 3645 66 40 2c.
670 3647 92 38 and
792 3644 81 41 aff.
901 3646 120 39 Mar.
1051 3645 24 39 1;
1133 3645 39 39 A
1202 3644 145 40 80639;
1402 3645 51 40 F.
1483 3646 60 39 H.
1572 3646 135 54 Foss,
1734 3645 328 49 Willimantic,

160 3704 146 40 Conn.
374 3702 222 47 (35-0383
608 3702 14 47 )
1858 3702 116 42 3619

160 3791 149 54 Fred
340 3799 53 46 et
421 3794 128 50 Tim
579 3808 64 34 en
677 3790 254 66 Afrique.
1010 3791 203 65 [Paris]
1246 3791 298 63 Hachette,
1571 3799 19 21 c
1597 3795 146 49 1934.

166 3863 54 39 16
253 3872 41 37 p.
353 3863 87 41 coi.
474 3863 128 40 illus.
660 3861 56 40 26½
762 3873 29 28 x
809 3861 143 40 21½cm.

166 3919 203 47 Caption
400 3919 120 41 title.
