<alto xmlns="http://www.loc.gov/standards/alto/ns-v3#" xmlns:xsi="http://www.w3.org/2001/XMLSchema-instance" xsi:schemaLocation="http://www.loc.gov/standards/alto/ns-v3# http://www.loc.gov/alto/v3/alto-3-0.xsd"><Description>
<MeasurementUnit>pixel</MeasurementUnit>
<sourceImageInformation>
<fileName>1935_v32_Part1.pdf</fileName>
</sourceImageInformation>
<OCRProcessing ID="IdOcr">
<ocrProcessingStep>
<processingDateTime>2019-01-15</processingDateTime>
<processingSoftware>
<softwareCreator>ABBYY</softwareCreator>
<softwareName>ABBYY Recognition Server</softwareName>
<softwareVersion>4.0</softwareVersion>
</processingSoftware>
</ocrProcessingStep>
</OCRProcessing>
</Description>
<Styles>
<ParagraphStyle ALIGN="Left" FIRSTLINE="0." ID="StyleId-FFFFFFFF-FFFF-FFFF-FFFF-FFFFFFFFFFFF-" LEFT="0." RIGHT="0." />
<ParagraphStyle ALIGN="Left" FIRSTLINE="0." ID="StyleId-09A13A44-4F77-4ABE-84F3-84CC8B3C72CE-" LEFT="0." LINESPACE="7.699999809" RIGHT="0." />
<ParagraphStyle ALIGN="Left" FIRSTLINE="-10." ID="StyleId-1F945060-F8CD-4435-B69A-5FF49DB0C586-" LEFT="0." LINESPACE="12.19999981" RIGHT="0." />
<ParagraphStyle ALIGN="Block" FIRSTLINE="-14." ID="StyleId-C6CAE747-F5A4-4D0D-8D74-D452DA7E2C1C-" LEFT="0." LINESPACE="8.350000381" RIGHT="0." />
<ParagraphStyle ALIGN="Left" FIRSTLINE="0." ID="StyleId-FC0F3374-189A-459E-BE29-2DC14180F022-" LEFT="0." RIGHT="0." />
<ParagraphStyle ALIGN="Left" FIRSTLINE="-12." ID="StyleId-49397C49-A894-4B3E-BA5E-1126226BA375-" LEFT="0." LINESPACE="11.09000015" RIGHT="0." />
<ParagraphStyle ALIGN="Block" FIRSTLINE="-14." ID="StyleId-9E34DD3A-E661-48BD-A3A1-6A3D48346F00-" LEFT="0." LINESPACE="11.09000015" RIGHT="0." />
<ParagraphStyle ALIGN="Left" FIRSTLINE="0." ID="StyleId-56CE54AA-A08B-4BAA-8605-F26020A0E36E-" LEFT="0." LINESPACE="9.399999619" RIGHT="0." />
<ParagraphStyle ALIGN="Left" FIRSTLINE="-11." ID="StyleId-77814FFC-C42F-4AA9-9880-EF33B947DEC8-" LEFT="0." LINESPACE="11.06999969" RIGHT="0." />
<ParagraphStyle ALIGN="Center" FIRSTLINE="0." ID="StyleId-FDE92EC0-67DC-4C7B-8A24-094B12C38B6C-" LEFT="0." LINESPACE="11.30000019" RIGHT="0." />
<ParagraphStyle ALIGN="Left" FIRSTLINE="0." ID="StyleId-65180E3B-4C93-4FB8-81EE-E026DD63DBF3-" LEFT="0." LINESPACE="11.10000038" RIGHT="0." />
<ParagraphStyle ALIGN="Left" FIRSTLINE="0." ID="StyleId-10E885C2-5813-4620-B0AA-0FBA30CF7A32-" LEFT="0." LINESPACE="9.5" RIGHT="0." />
<ParagraphStyle ALIGN="Left" FIRSTLINE="0." ID="StyleId-913C2DB5-9F02-4067-BAF7-0AED37B60BBE-" LEFT="0." LINESPACE="6.099999905" RIGHT="0." />
<ParagraphStyle ALIGN="Left" FIRSTLINE="0." ID="StyleId-9C79A9D2-8F08-4A8F-985D-B00E253ED1E5-" LEFT="0." LINESPACE="4.400000095" RIGHT="0." />
<ParagraphStyle ALIGN="Left" FIRSTLINE="0." ID="StyleId-A41F0407-FEFE-4738-9EC5-E05AFFF62781-" LEFT="0." LINESPACE="7.300000191" RIGHT="0." />
<ParagraphStyle ALIGN="Left" FIRSTLINE="0." ID="StyleId-61D37176-94E8-408D-9B87-01C406CE8AB2-" LEFT="0." LINESPACE="8.050000191" RIGHT="0." />
</Styles>
<Layout>
<Page HEIGHT="4375" ID="Page1083" PHYSICAL_IMG_NR="1083" WIDTH="2424">
<TopMargin HEIGHT="406" HPOS="0" VPOS="0" WIDTH="2424">
<GraphicalElement HEIGHT="8" HPOS="126" ID="Page1083_Block1" VPOS="320" WIDTH="1982" />
<GraphicalElement HEIGHT="406" HPOS="0" ID="Page1083_Block2" VPOS="0" WIDTH="20" />
</TopMargin>
<LeftMargin HEIGHT="3712" HPOS="0" VPOS="406" WIDTH="65">
</LeftMargin>
<RightMargin HEIGHT="3712" HPOS="2132" VPOS="406" WIDTH="292">
</RightMargin>
<BottomMargin HEIGHT="257" HPOS="0" VPOS="4118" WIDTH="2424">
</BottomMargin>
<PrintSpace HEIGHT="3712" HPOS="65" VPOS="406" WIDTH="2067">
<TextBlock HEIGHT="72" HPOS="1022" ID="Page1083_Block3" LANG="en-US" STYLEREFS="StyleId-7BFF8797-A041-44F5-AC06-78D71A698045-" VPOS="4046" WIDTH="152">
<TextLine HEIGHT="51" HPOS="1033" VPOS="4057" WIDTH="131">
<String CONTENT="1083" HEIGHT="51" HPOS="1033" VPOS="4057" WIDTH="131" />
</TextLine>
</TextBlock>
<TextBlock CS="1" HEIGHT="3642" HPOS="65" ID="Page1083_Block4" LANG="en-US" STYLEREFS="StyleId-5ACDA22F-5B56-4B15-B452-621CE52626B5-" VPOS="406" WIDTH="2067">
<Shape>
<Polygon POINTS="65,406 2132,406 2132,3997 879,3997 879,4048 65,4048 65,406" />
</Shape>
<TextLine CS="1" HEIGHT="49" HPOS="549" VPOS="486" WIDTH="1364">
<String CONTENT="CONTENTS.&#8212;I." CS="1" HEIGHT="10" HPOS="549" VPOS="518" WIDTH="10" />
<SP HEIGHT="42" HPOS="560" VPOS="486" WIDTH="36" />
<String CONTENT="Ownership" HEIGHT="49" HPOS="597" VPOS="486" WIDTH="284" />
<SP HEIGHT="38" HPOS="882" VPOS="497" WIDTH="33" />
<String CONTENT="rights" HEIGHT="47" HPOS="916" VPOS="487" WIDTH="155" />
<SP HEIGHT="29" HPOS="1072" VPOS="498" WIDTH="33" />
<String CONTENT="of" HEIGHT="40" HPOS="1106" VPOS="487" WIDTH="50" />
<SP HEIGHT="39" HPOS="1157" VPOS="487" WIDTH="34" />
<String CONTENT="married" HEIGHT="40" HPOS="1192" VPOS="488" WIDTH="210" />
<SP HEIGHT="39" HPOS="1403" VPOS="488" WIDTH="36" />
<String CONTENT="men" HEIGHT="29" HPOS="1440" VPOS="498" WIDTH="108" />
<SP HEIGHT="29" HPOS="1549" VPOS="498" WIDTH="34" />
<String CONTENT="and" HEIGHT="39" HPOS="1584" VPOS="488" WIDTH="94" />
<SP HEIGHT="38" HPOS="1679" VPOS="488" WIDTH="37" />
<String CONTENT="women," HEIGHT="38" HPOS="1717" VPOS="497" WIDTH="196" />
</TextLine>
<TextLine CS="1" HEIGHT="102" HPOS="125" VPOS="489" WIDTH="1985">
<String CONTENT="homesteader.&#8212;II." CS="1" HEIGHT="95" HPOS="125" VPOS="489" WIDTH="1963" />
<SP HEIGHT="41" HPOS="445" VPOS="543" WIDTH="40" />
<String CONTENT="Landlord" HEIGHT="40" HPOS="486" VPOS="542" WIDTH="244" />
<SP HEIGHT="40" HPOS="731" VPOS="542" WIDTH="40" />
<String CONTENT="and" HEIGHT="38" HPOS="772" VPOS="544" WIDTH="95" />
<SP HEIGHT="38" HPOS="868" VPOS="544" WIDTH="41" />
<String CONTENT="tenants," HEIGHT="45" HPOS="910" VPOS="544" WIDTH="208" />
<SP HEIGHT="36" HPOS="1119" VPOS="553" WIDTH="42" />
<String CONTENT="automobiles," HEIGHT="43" HPOS="1162" VPOS="543" WIDTH="331" />
<SP HEIGHT="38" HPOS="1494" VPOS="553" WIDTH="44" />
<String CONTENT="personal" HEIGHT="46" HPOS="1539" VPOS="545" WIDTH="223" />
<SP HEIGHT="46" HPOS="1763" VPOS="545" WIDTH="44" />
<String CONTENT="property.&#8212;" HEIGHT="47" HPOS="1808" VPOS="544" WIDTH="302" />
</TextLine>
<TextLine CS="1" HEIGHT="49" HPOS="123" VPOS="598" WIDTH="1983">
<String CONTENT="in." HEIGHT="33" HPOS="123" VPOS="609" WIDTH="74" />
<SP HEIGHT="42" HPOS="198" VPOS="599" WIDTH="38" />
<String CONTENT="Contracts," HEIGHT="46" HPOS="237" VPOS="599" WIDTH="268" />
<SP HEIGHT="45" HPOS="506" VPOS="600" WIDTH="40" />
<String CONTENT="damages," HEIGHT="45" HPOS="547" VPOS="600" WIDTH="241" />
<SP HEIGHT="37" HPOS="789" VPOS="609" WIDTH="38" />
<String CONTENT="promissory" HEIGHT="48" HPOS="828" VPOS="598" WIDTH="294" />
<SP HEIGHT="36" HPOS="1123" VPOS="609" WIDTH="38" />
<String CONTENT="notes," HEIGHT="44" HPOS="1162" VPOS="601" WIDTH="151" />
<SP HEIGHT="37" HPOS="1314" VPOS="610" WIDTH="41" />
<String CONTENT="partnership.&#8212;IV." CS="1" HEIGHT="48" HPOS="1356" VPOS="599" WIDTH="459" />
<SP HEIGHT="40" HPOS="1816" VPOS="600" WIDTH="43" />
<String CONTENT="Shipping," HEIGHT="48" HPOS="1860" VPOS="599" WIDTH="246" />
</TextLine>
<TextLine CS="1" HEIGHT="48" HPOS="122" VPOS="655" WIDTH="1865">
<String CONTENT="insurance," HEIGHT="44" HPOS="122" VPOS="657" WIDTH="267" />
<SP HEIGHT="37" HPOS="390" VPOS="664" WIDTH="25" />
<String CONTENT="executors," HEIGHT="46" HPOS="416" VPOS="656" WIDTH="267" />
<SP HEIGHT="46" HPOS="684" VPOS="656" WIDTH="26" />
<String CONTENT="directors," HEIGHT="48" HPOS="711" VPOS="655" WIDTH="248" />
<SP HEIGHT="38" HPOS="960" VPOS="665" WIDTH="23" />
<String CONTENT="stockholders.&#8212;V." CS="1" HEIGHT="40" HPOS="984" VPOS="655" WIDTH="458" />
<SP HEIGHT="39" HPOS="1443" VPOS="656" WIDTH="24" />
<String CONTENT="Domestic" HEIGHT="40" HPOS="1468" VPOS="656" WIDTH="245" />
<SP HEIGHT="30" HPOS="1714" VPOS="666" WIDTH="26" />
<String CONTENT="relations," HEIGHT="46" HPOS="1741" VPOS="656" WIDTH="246" />
</TextLine>
<TextLine CS="1" HEIGHT="95" HPOS="124" VPOS="665" WIDTH="1983">
<String CONTENT="employer" HEIGHT="95" HPOS="124" VPOS="665" WIDTH="1962" />
<SP HEIGHT="30" HPOS="287" VPOS="721" WIDTH="33" />
<String CONTENT="and" HEIGHT="39" HPOS="321" VPOS="712" WIDTH="94" />
<SP HEIGHT="39" HPOS="416" VPOS="712" WIDTH="34" />
<String CONTENT="employee.&#8212;VI." CS="1" HEIGHT="48" HPOS="451" VPOS="711" WIDTH="389" />
<SP HEIGHT="39" HPOS="841" VPOS="712" WIDTH="34" />
<String CONTENT="Bankruptcy," HEIGHT="48" HPOS="876" VPOS="710" WIDTH="329" />
<SP HEIGHT="46" HPOS="1206" VPOS="712" WIDTH="36" />
<String CONTENT="dividends," HEIGHT="48" HPOS="1243" VPOS="711" WIDTH="267" />
<SP HEIGHT="46" HPOS="1511" VPOS="713" WIDTH="35" />
<String CONTENT="deeds," HEIGHT="45" HPOS="1547" VPOS="712" WIDTH="158" />
<SP HEIGHT="43" HPOS="1706" VPOS="714" WIDTH="34" />
<String CONTENT="leases," HEIGHT="40" HPOS="1741" VPOS="714" WIDTH="168" />
<SP HEIGHT="40" HPOS="1910" VPOS="714" WIDTH="38" />
<String CONTENT="index." HEIGHT="41" HPOS="1949" VPOS="711" WIDTH="158" />
</TextLine>
<TextLine HEIGHT="53" HPOS="129" VPOS="768" WIDTH="1978">
<String CONTENT="&#169;" HEIGHT="53" HPOS="129" VPOS="768" WIDTH="51" />
<SP HEIGHT="53" HPOS="181" VPOS="768" WIDTH="29" />
<String CONTENT="July" HEIGHT="47" HPOS="211" VPOS="772" WIDTH="116" />
<SP HEIGHT="47" HPOS="328" VPOS="772" WIDTH="24" />
<String CONTENT="31," HEIGHT="44" HPOS="353" VPOS="772" WIDTH="69" />
<SP HEIGHT="45" HPOS="423" VPOS="771" WIDTH="32" />
<String CONTENT="1835:" HEIGHT="41" HPOS="456" VPOS="770" WIDTH="140" />
<SP HEIGHT="41" HPOS="597" VPOS="770" WIDTH="32" />
<String CONTENT="2c." HEIGHT="40" HPOS="630" VPOS="770" WIDTH="67" />
<SP HEIGHT="29" HPOS="698" VPOS="780" WIDTH="31" />
<String CONTENT="each" HEIGHT="39" HPOS="730" VPOS="770" WIDTH="118" />
<SP HEIGHT="38" HPOS="849" VPOS="770" WIDTH="30" />
<String CONTENT="Aug." HEIGHT="48" HPOS="880" VPOS="770" WIDTH="120" />
<SP HEIGHT="39" HPOS="1001" VPOS="770" WIDTH="31" />
<String CONTENT="15:" HEIGHT="40" HPOS="1033" VPOS="770" WIDTH="81" />
<SP HEIGHT="39" HPOS="1115" VPOS="771" WIDTH="34" />
<String CONTENT="A" HEIGHT="38" HPOS="1150" VPOS="771" WIDTH="41" />
<SP HEIGHT="40" HPOS="1192" VPOS="770" WIDTH="30" />
<String CONTENT="85516;" HEIGHT="45" HPOS="1223" VPOS="770" WIDTH="169" />
<SP HEIGHT="44" HPOS="1393" VPOS="771" WIDTH="34" />
<String CONTENT="Doubleday," HEIGHT="47" HPOS="1428" VPOS="770" WIDTH="298" />
<SP HEIGHT="45" HPOS="1727" VPOS="771" WIDTH="29" />
<String CONTENT="Doran" HEIGHT="39" HPOS="1757" VPOS="771" WIDTH="168" />
<SP HEIGHT="40" HPOS="1926" VPOS="770" WIDTH="29" />
<String CONTENT="&amp;" HEIGHT="40" HPOS="1956" VPOS="770" WIDTH="37" />
<SP HEIGHT="40" HPOS="1994" VPOS="770" WIDTH="31" />
<String CONTENT="co.," HEIGHT="35" HPOS="2026" VPOS="781" WIDTH="81" />
</TextLine>
<TextLine HEIGHT="50" HPOS="195" VPOS="825" WIDTH="1657">
<String CONTENT="inc.," HEIGHT="46" HPOS="195" VPOS="828" WIDTH="105" />
<SP HEIGHT="46" HPOS="301" VPOS="828" WIDTH="28" />
<String CONTENT="Garden" HEIGHT="39" HPOS="330" VPOS="828" WIDTH="192" />
<SP HEIGHT="41" HPOS="523" VPOS="827" WIDTH="31" />
<String CONTENT="City," HEIGHT="47" HPOS="555" VPOS="827" WIDTH="123" />
<SP HEIGHT="47" HPOS="679" VPOS="827" WIDTH="30" />
<String CONTENT="N." HEIGHT="39" HPOS="710" VPOS="827" WIDTH="56" />
<SP HEIGHT="39" HPOS="767" VPOS="827" WIDTH="29" />
<String CONTENT="Y." HEIGHT="39" HPOS="797" VPOS="827" WIDTH="54" />
<SP HEIGHT="29" HPOS="852" VPOS="846" WIDTH="64" />
<String CONTENT="[Copyright" HEIGHT="49" HPOS="917" VPOS="826" WIDTH="283" />
<SP HEIGHT="41" HPOS="1201" VPOS="826" WIDTH="25" />
<String CONTENT="is" HEIGHT="40" HPOS="1227" VPOS="826" WIDTH="42" />
<SP HEIGHT="28" HPOS="1270" VPOS="838" WIDTH="28" />
<String CONTENT="claimed" HEIGHT="40" HPOS="1299" VPOS="826" WIDTH="204" />
<SP HEIGHT="38" HPOS="1504" VPOS="828" WIDTH="30" />
<String CONTENT="on" HEIGHT="28" HPOS="1535" VPOS="838" WIDTH="62" />
<SP HEIGHT="27" HPOS="1598" VPOS="838" WIDTH="28" />
<String CONTENT="revision]" HEIGHT="50" HPOS="1627" VPOS="825" WIDTH="225" />
</TextLine>
<TextLine HEIGHT="49" HPOS="205" VPOS="884" WIDTH="278">
<String CONTENT="(35-13014)" HEIGHT="49" HPOS="205" VPOS="884" WIDTH="278" />
</TextLine>
<TextLine CS="1" HEIGHT="145" HPOS="120" STYLEREFS="StyleId-3B993338-1A40-4192-B0DA-EEDA85BB5F14-" VPOS="971" WIDTH="1982">
<String CONTENT="The" HEIGHT="52" HPOS="120" VPOS="973" WIDTH="117" />
<SP HEIGHT="52" HPOS="238" VPOS="973" WIDTH="32" />
<String CONTENT="Book" HEIGHT="52" HPOS="271" VPOS="973" WIDTH="160" />
<SP HEIGHT="52" HPOS="432" VPOS="973" WIDTH="35" />
<String CONTENT="of" HEIGHT="54" HPOS="468" VPOS="971" WIDTH="64" />
<SP HEIGHT="53" HPOS="533" VPOS="971" WIDTH="31" />
<String CONTENT="knowledge;" HEIGHT="67" HPOS="565" VPOS="971" WIDTH="359" />
<SP HEIGHT="60" HPOS="925" VPOS="977" WIDTH="38" />
<String CONTENT="the" HEIGHT="51" HPOS="964" VPOS="973" WIDTH="95" />
<SP HEIGHT="34" HPOS="1060" VPOS="990" WIDTH="33" />
<String CONTENT="children&#8217;s" HEIGHT="53" HPOS="1094" VPOS="972" WIDTH="302" />
<SP HEIGHT="34" HPOS="1397" VPOS="991" WIDTH="34" />
<String CONTENT="encyclopedia:" HEIGHT="67" HPOS="1432" VPOS="972" WIDTH="425" />
<SP HEIGHT="37" HPOS="1858" VPOS="990" WIDTH="38" />
<String CONTENT="editor-in-chief," HEIGHT="144" HPOS="192" VPOS="972" WIDTH="1910" />
<SP HEIGHT="66" HPOS="447" VPOS="1050" WIDTH="26" />
<String CONTENT="Arthur" HEIGHT="52" HPOS="474" VPOS="1050" WIDTH="225" />
</TextLine>
<TextLine CS="1" HEIGHT="68" HPOS="723" STYLEREFS="StyleId-3B993338-1A40-4192-B0DA-EEDA85BB5F14-" VPOS="1048" WIDTH="1380">
<String CONTENT="Mee" HEIGHT="52" HPOS="723" VPOS="1050" WIDTH="127" />
<SP HEIGHT="35" HPOS="851" VPOS="1068" WIDTH="30" />
<String CONTENT="&#8230;" CS="1" />
<SP HEIGHT="34" HPOS="939" VPOS="1069" WIDTH="29" />
<String CONTENT="with" HEIGHT="53" HPOS="969" VPOS="1048" WIDTH="140" />
<SP HEIGHT="51" HPOS="1110" VPOS="1050" WIDTH="27" />
<String CONTENT="an" HEIGHT="34" HPOS="1138" VPOS="1068" WIDTH="70" />
<SP HEIGHT="54" HPOS="1209" VPOS="1048" WIDTH="25" />
<String CONTENT="introduction" HEIGHT="54" HPOS="1235" VPOS="1048" WIDTH="388" />
<SP HEIGHT="52" HPOS="1624" VPOS="1050" WIDTH="26" />
<String CONTENT="by" HEIGHT="66" HPOS="1651" VPOS="1050" WIDTH="76" />
<SP HEIGHT="66" HPOS="1728" VPOS="1050" WIDTH="23" />
<String CONTENT="H." HEIGHT="53" HPOS="1752" VPOS="1050" WIDTH="78" />
<SP HEIGHT="52" HPOS="1831" VPOS="1051" WIDTH="27" />
<String CONTENT="J." HEIGHT="52" HPOS="1859" VPOS="1051" WIDTH="55" />
<SP HEIGHT="54" HPOS="1915" VPOS="1049" WIDTH="29" />
<String CONTENT="Cody" HEIGHT="65" HPOS="1945" VPOS="1049" WIDTH="158" />
</TextLine>
<TextLine CS="1" HEIGHT="69" HPOS="252" STYLEREFS="StyleId-3B993338-1A40-4192-B0DA-EEDA85BB5F14-" VPOS="1125" WIDTH="1853">
<String CONTENT="&#8230;" CS="1" />
<SP HEIGHT="52" HPOS="252" VPOS="1128" WIDTH="76" />
<String CONTENT="Toronto," HEIGHT="66" HPOS="329" VPOS="1128" WIDTH="269" />
<SP HEIGHT="66" HPOS="599" VPOS="1128" WIDTH="50" />
<String CONTENT="The" HEIGHT="52" HPOS="650" VPOS="1127" WIDTH="120" />
<SP HEIGHT="54" HPOS="771" VPOS="1127" WIDTH="49" />
<String CONTENT="Grolier" HEIGHT="56" HPOS="821" VPOS="1125" WIDTH="225" />
<SP HEIGHT="34" HPOS="1047" VPOS="1145" WIDTH="50" />
<String CONTENT="society," HEIGHT="68" HPOS="1098" VPOS="1126" WIDTH="224" />
<SP HEIGHT="66" HPOS="1323" VPOS="1127" WIDTH="51" />
<String CONTENT="limited;" HEIGHT="67" HPOS="1375" VPOS="1126" WIDTH="250" />
<SP HEIGHT="65" HPOS="1626" VPOS="1128" WIDTH="51" />
<String CONTENT="London," HEIGHT="64" HPOS="1678" VPOS="1128" WIDTH="256" />
<SP HEIGHT="63" HPOS="1935" VPOS="1129" WIDTH="51" />
<String CONTENT="The" HEIGHT="51" HPOS="1987" VPOS="1128" WIDTH="118" />
</TextLine>
<TextLine CS="1" HEIGHT="69" HPOS="191" STYLEREFS="StyleId-3B993338-1A40-4192-B0DA-EEDA85BB5F14-" VPOS="1203" WIDTH="1094">
<String CONTENT="Educational" HEIGHT="55" HPOS="191" VPOS="1203" WIDTH="376" />
<SP HEIGHT="53" HPOS="568" VPOS="1205" WIDTH="31" />
<String CONTENT="book" HEIGHT="52" HPOS="600" VPOS="1205" WIDTH="148" />
<SP HEIGHT="52" HPOS="749" VPOS="1205" WIDTH="29" />
<String CONTENT="company" HEIGHT="49" HPOS="779" VPOS="1222" WIDTH="278" />
<SP HEIGHT="50" HPOS="1058" VPOS="1222" WIDTH="35" />
<String CONTENT="[" CS="1" />
<String CONTENT="c" HEIGHT="21" HPOS="1112" STYLE="superscript" VPOS="1211" WIDTH="17" />
<String CONTENT="1935]" HEIGHT="64" HPOS="1134" VPOS="1208" WIDTH="151" />
</TextLine>
<TextLine HEIGHT="49" HPOS="193" VPOS="1276" WIDTH="1913">
<String CONTENT="20" HEIGHT="40" HPOS="193" VPOS="1277" WIDTH="56" />
<SP HEIGHT="40" HPOS="250" VPOS="1277" WIDTH="24" />
<String CONTENT="v." HEIGHT="30" HPOS="275" VPOS="1287" WIDTH="42" />
<SP HEIGHT="40" HPOS="318" VPOS="1277" WIDTH="57" />
<String CONTENT="fronts," HEIGHT="39" HPOS="376" VPOS="1277" WIDTH="175" />
<SP HEIGHT="48" HPOS="552" VPOS="1276" WIDTH="27" />
<String CONTENT="(v." HEIGHT="48" HPOS="580" VPOS="1276" WIDTH="66" />
<SP HEIGHT="38" HPOS="647" VPOS="1278" WIDTH="27" />
<String CONTENT="1," HEIGHT="46" HPOS="675" VPOS="1278" WIDTH="39" />
<SP HEIGHT="46" HPOS="715" VPOS="1278" WIDTH="24" />
<String CONTENT="3," HEIGHT="46" HPOS="740" VPOS="1278" WIDTH="40" />
<SP HEIGHT="47" HPOS="781" VPOS="1277" WIDTH="28" />
<String CONTENT="8," HEIGHT="48" HPOS="810" VPOS="1277" WIDTH="39" />
<SP HEIGHT="47" HPOS="850" VPOS="1278" WIDTH="27" />
<String CONTENT="13," HEIGHT="47" HPOS="878" VPOS="1277" WIDTH="68" />
<SP HEIGHT="46" HPOS="947" VPOS="1278" WIDTH="27" />
<String CONTENT="16," HEIGHT="48" HPOS="975" VPOS="1276" WIDTH="69" />
<SP HEIGHT="46" HPOS="1045" VPOS="1278" WIDTH="27" />
<String CONTENT="18)" HEIGHT="46" HPOS="1073" VPOS="1277" WIDTH="80" />
<SP HEIGHT="47" HPOS="1154" VPOS="1276" WIDTH="35" />
<String CONTENT="illus." HEIGHT="41" HPOS="1190" VPOS="1276" WIDTH="129" />
<SP HEIGHT="48" HPOS="1320" VPOS="1277" WIDTH="27" />
<String CONTENT="(part" HEIGHT="48" HPOS="1348" VPOS="1277" WIDTH="133" />
<SP HEIGHT="37" HPOS="1482" VPOS="1280" WIDTH="26" />
<String CONTENT="col.)" HEIGHT="47" HPOS="1509" VPOS="1276" WIDTH="111" />
<SP HEIGHT="47" HPOS="1621" VPOS="1276" WIDTH="36" />
<String CONTENT="plates" HEIGHT="46" HPOS="1658" VPOS="1277" WIDTH="156" />
<SP HEIGHT="46" HPOS="1815" VPOS="1277" WIDTH="26" />
<String CONTENT="(part" HEIGHT="47" HPOS="1842" VPOS="1277" WIDTH="134" />
<SP HEIGHT="39" HPOS="1977" VPOS="1278" WIDTH="27" />
<String CONTENT="col.." HEIGHT="41" HPOS="2005" VPOS="1278" WIDTH="101" />
</TextLine>
<TextLine HEIGHT="48" HPOS="124" VPOS="1333" WIDTH="613">
<String CONTENT="1" HEIGHT="39" HPOS="124" VPOS="1336" WIDTH="26" />
<SP HEIGHT="39" HPOS="151" VPOS="1336" WIDTH="26" />
<String CONTENT="double)" HEIGHT="47" HPOS="178" VPOS="1333" WIDTH="194" />
<SP HEIGHT="47" HPOS="373" VPOS="1333" WIDTH="35" />
<String CONTENT="diagr." HEIGHT="48" HPOS="409" VPOS="1333" WIDTH="152" />
<SP HEIGHT="40" HPOS="562" VPOS="1334" WIDTH="57" />
<String CONTENT="25" HEIGHT="39" HPOS="620" VPOS="1334" WIDTH="57" />
<String CONTENT="cm" HEIGHT="21" HPOS="678" STYLE="superscript" VPOS="1336" WIDTH="45" />
<String CONTENT="." HEIGHT="9" HPOS="728" VPOS="1366" WIDTH="9" />
</TextLine>
<TextLine HEIGHT="49" HPOS="191" VPOS="1390" WIDTH="541">
<String CONTENT="Paged" HEIGHT="48" HPOS="191" VPOS="1391" WIDTH="160" />
<SP HEIGHT="40" HPOS="352" VPOS="1391" WIDTH="27" />
<String CONTENT="continuously." HEIGHT="48" HPOS="380" VPOS="1390" WIDTH="352" />
</TextLine>
<TextLine HEIGHT="48" HPOS="195" VPOS="1447" WIDTH="1908">
<String CONTENT="One" HEIGHT="41" HPOS="195" VPOS="1447" WIDTH="99" />
<SP HEIGHT="40" HPOS="295" VPOS="1447" WIDTH="42" />
<String CONTENT="illustration" HEIGHT="40" HPOS="338" VPOS="1447" WIDTH="300" />
<SP HEIGHT="29" HPOS="639" VPOS="1458" WIDTH="43" />
<String CONTENT="and" HEIGHT="39" HPOS="683" VPOS="1448" WIDTH="95" />
<SP HEIGHT="39" HPOS="779" VPOS="1448" WIDTH="44" />
<String CONTENT="one" HEIGHT="29" HPOS="824" VPOS="1458" WIDTH="87" />
<SP HEIGHT="29" HPOS="912" VPOS="1458" WIDTH="43" />
<String CONTENT="colored" HEIGHT="40" HPOS="956" VPOS="1447" WIDTH="190" />
<SP HEIGHT="47" HPOS="1147" VPOS="1448" WIDTH="42" />
<String CONTENT="plate" HEIGHT="47" HPOS="1190" VPOS="1448" WIDTH="130" />
<SP HEIGHT="29" HPOS="1321" VPOS="1458" WIDTH="44" />
<String CONTENT="are" HEIGHT="29" HPOS="1366" VPOS="1458" WIDTH="83" />
<SP HEIGHT="28" HPOS="1450" VPOS="1458" WIDTH="45" />
<String CONTENT="each" HEIGHT="39" HPOS="1496" VPOS="1447" WIDTH="116" />
<SP HEIGHT="38" HPOS="1613" VPOS="1447" WIDTH="45" />
<String CONTENT="accompanied" HEIGHT="47" HPOS="1659" VPOS="1447" WIDTH="338" />
<SP HEIGHT="38" HPOS="1998" VPOS="1448" WIDTH="48" />
<String CONTENT="by" HEIGHT="46" HPOS="2047" VPOS="1448" WIDTH="56" />
</TextLine>
<TextLine HEIGHT="48" HPOS="123" VPOS="1504" WIDTH="1117">
<String CONTENT="guard" HEIGHT="44" HPOS="123" VPOS="1508" WIDTH="150" />
<SP HEIGHT="39" HPOS="274" VPOS="1508" WIDTH="31" />
<String CONTENT="sheet" HEIGHT="41" HPOS="306" VPOS="1504" WIDTH="135" />
<SP HEIGHT="38" HPOS="442" VPOS="1507" WIDTH="30" />
<String CONTENT="with" HEIGHT="40" HPOS="473" VPOS="1504" WIDTH="121" />
<SP HEIGHT="39" HPOS="595" VPOS="1505" WIDTH="27" />
<String CONTENT="descriptive" HEIGHT="48" HPOS="623" VPOS="1504" WIDTH="289" />
<SP HEIGHT="40" HPOS="913" VPOS="1505" WIDTH="29" />
<String CONTENT="letterpress." HEIGHT="47" HPOS="943" VPOS="1505" WIDTH="297" />
</TextLine>
<TextLine HEIGHT="47" HPOS="192" VPOS="1561" WIDTH="648">
<String CONTENT="&#8220;Silver" HEIGHT="40" HPOS="192" VPOS="1561" WIDTH="185" />
<SP HEIGHT="47" HPOS="378" VPOS="1561" WIDTH="27" />
<String CONTENT="jubilee" HEIGHT="47" HPOS="406" VPOS="1561" WIDTH="177" />
<SP HEIGHT="29" HPOS="584" VPOS="1572" WIDTH="29" />
<String CONTENT="edition.&#8221;" HEIGHT="41" HPOS="614" VPOS="1561" WIDTH="226" />
</TextLine>
<TextLine CS="1" HEIGHT="97" HPOS="126" VPOS="1617" WIDTH="1977">
<String CONTENT="&#8220;The" HEIGHT="39" HPOS="193" VPOS="1617" WIDTH="126" />
<SP HEIGHT="29" HPOS="320" VPOS="1627" WIDTH="40" />
<String CONTENT="new" HEIGHT="29" HPOS="361" VPOS="1627" WIDTH="105" />
<SP HEIGHT="40" HPOS="467" VPOS="1618" WIDTH="38" />
<String CONTENT="Canadian" HEIGHT="40" HPOS="506" VPOS="1618" WIDTH="250" />
<SP HEIGHT="39" HPOS="757" VPOS="1618" WIDTH="41" />
<String CONTENT="Book" HEIGHT="39" HPOS="799" VPOS="1618" WIDTH="132" />
<SP HEIGHT="38" HPOS="932" VPOS="1618" WIDTH="40" />
<String CONTENT="of" HEIGHT="39" HPOS="973" VPOS="1617" WIDTH="52" />
<SP HEIGHT="39" HPOS="1026" VPOS="1617" WIDTH="37" />
<String CONTENT="knowledge" HEIGHT="46" HPOS="1064" VPOS="1618" WIDTH="279" />
<SP HEIGHT="28" HPOS="1344" VPOS="1629" WIDTH="43" />
<String CONTENT="&#8230;" CS="1" />
<SP HEIGHT="36" HPOS="1435" VPOS="1620" WIDTH="44" />
<String CONTENT="thoroughly" HEIGHT="47" HPOS="1480" VPOS="1618" WIDTH="289" />
<SP HEIGHT="36" HPOS="1770" VPOS="1628" WIDTH="44" />
<String CONTENT="revised.&quot;&#8212;Introd." HEIGHT="97" HPOS="126" VPOS="1617" WIDTH="1977" />
</TextLine>
<TextLine HEIGHT="49" HPOS="190" VPOS="1729" WIDTH="743">
<String CONTENT="Contains" HEIGHT="42" HPOS="190" VPOS="1729" WIDTH="230" />
<SP HEIGHT="30" HPOS="421" VPOS="1741" WIDTH="27" />
<String CONTENT="songs" HEIGHT="38" HPOS="449" VPOS="1740" WIDTH="142" />
<SP HEIGHT="30" HPOS="592" VPOS="1740" WIDTH="27" />
<String CONTENT="with" HEIGHT="41" HPOS="620" VPOS="1729" WIDTH="120" />
<SP HEIGHT="39" HPOS="741" VPOS="1730" WIDTH="26" />
<String CONTENT="music." HEIGHT="42" HPOS="768" VPOS="1729" WIDTH="165" />
</TextLine>
<TextLine HEIGHT="53" HPOS="127" VPOS="1783" WIDTH="1977">
<String CONTENT="&#169;" HEIGHT="52" HPOS="127" VPOS="1783" WIDTH="51" />
<SP HEIGHT="52" HPOS="179" VPOS="1783" WIDTH="30" />
<String CONTENT="Aug." HEIGHT="47" HPOS="210" VPOS="1788" WIDTH="117" />
<SP HEIGHT="38" HPOS="328" VPOS="1789" WIDTH="33" />
<String CONTENT="1," HEIGHT="45" HPOS="362" VPOS="1789" WIDTH="40" />
<SP HEIGHT="45" HPOS="403" VPOS="1789" WIDTH="30" />
<String CONTENT="1935;" HEIGHT="41" HPOS="434" VPOS="1787" WIDTH="140" />
<SP HEIGHT="41" HPOS="575" VPOS="1787" WIDTH="35" />
<String CONTENT="2c." HEIGHT="40" HPOS="611" VPOS="1787" WIDTH="67" />
<SP HEIGHT="29" HPOS="679" VPOS="1798" WIDTH="33" />
<String CONTENT="each" HEIGHT="38" HPOS="713" VPOS="1789" WIDTH="118" />
<SP HEIGHT="38" HPOS="832" VPOS="1788" WIDTH="32" />
<String CONTENT="Aug." HEIGHT="47" HPOS="865" VPOS="1788" WIDTH="117" />
<SP HEIGHT="38" HPOS="983" VPOS="1788" WIDTH="34" />
<String CONTENT="12;" HEIGHT="47" HPOS="1018" VPOS="1787" WIDTH="82" />
<SP HEIGHT="36" HPOS="1101" VPOS="1798" WIDTH="38" />
<String CONTENT="aff." HEIGHT="40" HPOS="1140" VPOS="1787" WIDTH="80" />
<SP HEIGHT="39" HPOS="1221" VPOS="1788" WIDTH="33" />
<String CONTENT="Aug." HEIGHT="48" HPOS="1255" VPOS="1788" WIDTH="118" />
<SP HEIGHT="39" HPOS="1374" VPOS="1787" WIDTH="36" />
<String CONTENT="6:" HEIGHT="41" HPOS="1411" VPOS="1787" WIDTH="52" />
<SP HEIGHT="40" HPOS="1464" VPOS="1788" WIDTH="36" />
<String CONTENT="A" HEIGHT="38" HPOS="1501" VPOS="1788" WIDTH="41" />
<SP HEIGHT="40" HPOS="1543" VPOS="1787" WIDTH="33" />
<String CONTENT="85421;" HEIGHT="45" HPOS="1577" VPOS="1787" WIDTH="170" />
<SP HEIGHT="45" HPOS="1748" VPOS="1787" WIDTH="40" />
<String CONTENT="Grolier" HEIGHT="42" HPOS="1789" VPOS="1785" WIDTH="188" />
<SP HEIGHT="28" HPOS="1978" VPOS="1798" WIDTH="33" />
<String CONTENT="soc." HEIGHT="28" HPOS="2012" VPOS="1798" WIDTH="92" />
</TextLine>
<TextLine CS="1" HEIGHT="106" HPOS="192" VPOS="1843" WIDTH="1898">
<String CONTENT="and" HEIGHT="38" HPOS="192" VPOS="1846" WIDTH="94" />
<SP HEIGHT="39" HPOS="287" VPOS="1845" WIDTH="31" />
<String CONTENT="Amalgamated" HEIGHT="47" HPOS="319" VPOS="1845" WIDTH="370" />
<SP HEIGHT="47" HPOS="690" VPOS="1845" WIDTH="34" />
<String CONTENT="press" HEIGHT="39" HPOS="725" VPOS="1853" WIDTH="137" />
<SP HEIGHT="48" HPOS="863" VPOS="1845" WIDTH="39" />
<String CONTENT="(1922)" HEIGHT="50" HPOS="903" VPOS="1843" WIDTH="162" />
<SP HEIGHT="47" HPOS="1066" VPOS="1845" WIDTH="42" />
<String CONTENT="ltd." HEIGHT="39" HPOS="1109" VPOS="1845" WIDTH="86" />
<SP HEIGHT="29" HPOS="1196" VPOS="1864" WIDTH="61" />
<String CONTENT="[Copyright" HEIGHT="50" HPOS="1258" VPOS="1843" WIDTH="281" />
<SP HEIGHT="41" HPOS="1540" VPOS="1843" WIDTH="33" />
<String CONTENT="is" HEIGHT="41" HPOS="1574" VPOS="1843" WIDTH="44" />
<SP HEIGHT="29" HPOS="1619" VPOS="1855" WIDTH="32" />
<String CONTENT="claimed" HEIGHT="40" HPOS="1652" VPOS="1844" WIDTH="203" />
<SP HEIGHT="38" HPOS="1856" VPOS="1845" WIDTH="34" />
<String CONTENT="on" HEIGHT="28" HPOS="1891" VPOS="1855" WIDTH="60" />
<SP HEIGHT="27" HPOS="1952" VPOS="1855" WIDTH="33" />
<String CONTENT="revisions," HEIGHT="104" HPOS="193" VPOS="1843" WIDTH="1897" />
<SP HEIGHT="35" HPOS="335" VPOS="1912" WIDTH="30" />
<String CONTENT="additions" HEIGHT="40" HPOS="366" VPOS="1901" WIDTH="244" />
<SP HEIGHT="29" HPOS="611" VPOS="1911" WIDTH="31" />
<String CONTENT="and" HEIGHT="39" HPOS="643" VPOS="1902" WIDTH="95" />
<SP HEIGHT="47" HPOS="739" VPOS="1902" WIDTH="29" />
<String CONTENT="pictures]" HEIGHT="48" HPOS="769" VPOS="1901" WIDTH="228" />
<SP HEIGHT="49" HPOS="998" VPOS="1900" WIDTH="70" />
<String CONTENT="(35-13062)" HEIGHT="48" HPOS="1069" VPOS="1900" WIDTH="278" />
</TextLine>
<TextLine HEIGHT="65" HPOS="120" STYLEREFS="StyleId-3B993338-1A40-4192-B0DA-EEDA85BB5F14-" VPOS="1989" WIDTH="769">
<String CONTENT="Bouchard," HEIGHT="65" HPOS="120" VPOS="1989" WIDTH="322" />
<SP HEIGHT="63" HPOS="443" VPOS="1991" WIDTH="26" />
<String CONTENT="Harry," HEIGHT="63" HPOS="470" VPOS="1991" WIDTH="218" />
<SP HEIGHT="55" HPOS="689" VPOS="1999" WIDTH="31" />
<String CONTENT="1889-" HEIGHT="50" HPOS="721" VPOS="1996" WIDTH="168" />
</TextLine>
<TextLine CS="1" HEIGHT="71" HPOS="187" STYLEREFS="StyleId-3B993338-1A40-4192-B0DA-EEDA85BB5F14-" VPOS="2065" WIDTH="1917">
<String CONTENT="Surveying," HEIGHT="69" HPOS="187" VPOS="2066" WIDTH="336" />
<SP HEIGHT="66" HPOS="524" VPOS="2067" WIDTH="32" />
<String CONTENT="by" HEIGHT="68" HPOS="557" VPOS="2067" WIDTH="76" />
<SP HEIGHT="68" HPOS="634" VPOS="2067" WIDTH="30" />
<String CONTENT="Harry" HEIGHT="69" HPOS="665" VPOS="2067" WIDTH="199" />
<SP HEIGHT="67" HPOS="865" VPOS="2069" WIDTH="31" />
<String CONTENT="Bouchard" HEIGHT="55" HPOS="897" VPOS="2066" WIDTH="306" />
<SP HEIGHT="53" HPOS="1204" VPOS="2068" WIDTH="37" />
<String CONTENT="&#8230;" CS="1" />
<SP HEIGHT="49" HPOS="1299" VPOS="2071" WIDTH="76" />
<String CONTENT="1st" HEIGHT="50" HPOS="1376" VPOS="2071" WIDTH="85" />
<SP HEIGHT="48" HPOS="1462" VPOS="2073" WIDTH="31" />
<String CONTENT="ed." HEIGHT="55" HPOS="1494" VPOS="2065" WIDTH="85" />
<SP HEIGHT="56" HPOS="1580" VPOS="2066" WIDTH="71" />
<String CONTENT="Scranton," HEIGHT="65" HPOS="1652" VPOS="2066" WIDTH="298" />
<SP HEIGHT="62" HPOS="1951" VPOS="2069" WIDTH="32" />
<String CONTENT="Pa.," HEIGHT="65" HPOS="1984" VPOS="2069" WIDTH="120" />
</TextLine>
<TextLine HEIGHT="69" HPOS="115" STYLEREFS="StyleId-3B993338-1A40-4192-B0DA-EEDA85BB5F14-" VPOS="2144" WIDTH="1229">
<String CONTENT="International" HEIGHT="53" HPOS="115" VPOS="2144" WIDTH="412" />
<SP HEIGHT="50" HPOS="528" VPOS="2146" WIDTH="33" />
<String CONTENT="textbook" HEIGHT="53" HPOS="562" VPOS="2145" WIDTH="269" />
<SP HEIGHT="53" HPOS="832" VPOS="2145" WIDTH="30" />
<String CONTENT="company," HEIGHT="49" HPOS="863" VPOS="2164" WIDTH="295" />
<SP HEIGHT="62" HPOS="1159" VPOS="2149" WIDTH="34" />
<String CONTENT="1935." HEIGHT="51" HPOS="1194" VPOS="2149" WIDTH="150" />
</TextLine>
<TextLine CS="1" HEIGHT="50" HPOS="184" VPOS="2217" WIDTH="1920">
<String CONTENT="xiii," HEIGHT="47" HPOS="184" VPOS="2218" WIDTH="98" />
<SP HEIGHT="47" HPOS="283" VPOS="2218" WIDTH="31" />
<String CONTENT="586" HEIGHT="40" HPOS="315" VPOS="2218" WIDTH="84" />
<SP HEIGHT="47" HPOS="400" VPOS="2219" WIDTH="30" />
<String CONTENT="p." HEIGHT="37" HPOS="431" VPOS="2229" WIDTH="40" />
<SP HEIGHT="38" HPOS="472" VPOS="2219" WIDTH="32" />
<String CONTENT="incl." HEIGHT="40" HPOS="505" VPOS="2219" WIDTH="107" />
<SP HEIGHT="40" HPOS="613" VPOS="2219" WIDTH="31" />
<String CONTENT="illus.," HEIGHT="46" HPOS="645" VPOS="2219" WIDTH="141" />
<SP HEIGHT="43" HPOS="787" VPOS="2222" WIDTH="32" />
<String CONTENT="tables," HEIGHT="46" HPOS="820" VPOS="2220" WIDTH="167" />
<SP HEIGHT="45" HPOS="988" VPOS="2221" WIDTH="31" />
<String CONTENT="diagrs." HEIGHT="47" HPOS="1020" VPOS="2220" WIDTH="177" />
<SP HEIGHT="39" HPOS="1198" VPOS="2219" WIDTH="58" />
<String CONTENT="fold." HEIGHT="40" HPOS="1257" VPOS="2219" WIDTH="118" />
<SP HEIGHT="28" HPOS="1376" VPOS="2230" WIDTH="31" />
<String CONTENT="map." HEIGHT="38" HPOS="1408" VPOS="2228" WIDTH="124" />
<SP HEIGHT="39" HPOS="1533" VPOS="2218" WIDTH="57" />
<String CONTENT="20&#189;c." CS="1" HEIGHT="40" HPOS="1591" VPOS="2218" WIDTH="144" />
<SP HEIGHT="43" HPOS="1736" VPOS="2217" WIDTH="70" />
<String CONTENT="(Half-title:" HEIGHT="50" HPOS="1807" VPOS="2217" WIDTH="297" />
</TextLine>
<TextLine CS="1" HEIGHT="51" HPOS="119" VPOS="2273" WIDTH="1984">
<String CONTENT="International" HEIGHT="40" HPOS="119" VPOS="2274" WIDTH="347" />
<SP HEIGHT="37" HPOS="467" VPOS="2277" WIDTH="37" />
<String CONTENT="texts" HEIGHT="38" HPOS="505" VPOS="2277" WIDTH="130" />
<SP HEIGHT="40" HPOS="636" VPOS="2275" WIDTH="36" />
<String CONTENT="in" HEIGHT="39" HPOS="673" VPOS="2275" WIDTH="49" />
<SP HEIGHT="28" HPOS="723" VPOS="2287" WIDTH="37" />
<String CONTENT="civil" HEIGHT="40" HPOS="761" VPOS="2275" WIDTH="111" />
<SP HEIGHT="38" HPOS="873" VPOS="2277" WIDTH="36" />
<String CONTENT="engineering," HEIGHT="49" HPOS="910" VPOS="2275" WIDTH="322" />
<SP HEIGHT="47" HPOS="1233" VPOS="2276" WIDTH="35" />
<String CONTENT="C." HEIGHT="40" HPOS="1269" VPOS="2276" WIDTH="48" />
<SP HEIGHT="40" HPOS="1318" VPOS="2276" WIDTH="38" />
<String CONTENT="E." HEIGHT="39" HPOS="1357" VPOS="2276" WIDTH="52" />
<SP HEIGHT="41" HPOS="1410" VPOS="2275" WIDTH="37" />
<String CONTENT="O'Rourke" HEIGHT="43" HPOS="1448" VPOS="2273" WIDTH="250" />
<SP HEIGHT="30" HPOS="1699" VPOS="2285" WIDTH="42" />
<String CONTENT="&#8230;" CS="1" />
<SP HEIGHT="26" HPOS="1791" VPOS="2289" WIDTH="39" />
<String CONTENT="consulting" HEIGHT="49" HPOS="1831" VPOS="2275" WIDTH="272" />
</TextLine>
<TextLine HEIGHT="50" HPOS="116" VPOS="2329" WIDTH="175">
<String CONTENT="editor)" HEIGHT="50" HPOS="116" VPOS="2329" WIDTH="175" />
</TextLine>
<TextLine HEIGHT="50" HPOS="185" VPOS="2385" WIDTH="1220">
<String CONTENT="Bibliography" HEIGHT="49" HPOS="185" VPOS="2385" WIDTH="343" />
<SP HEIGHT="35" HPOS="529" VPOS="2397" WIDTH="23" />
<String CONTENT="at" HEIGHT="37" HPOS="553" VPOS="2389" WIDTH="51" />
<SP HEIGHT="38" HPOS="605" VPOS="2389" WIDTH="26" />
<String CONTENT="end" HEIGHT="39" HPOS="632" VPOS="2388" WIDTH="89" />
<SP HEIGHT="38" HPOS="722" VPOS="2388" WIDTH="27" />
<String CONTENT="of" HEIGHT="39" HPOS="750" VPOS="2386" WIDTH="50" />
<SP HEIGHT="41" HPOS="801" VPOS="2386" WIDTH="25" />
<String CONTENT="some" HEIGHT="30" HPOS="827" VPOS="2397" WIDTH="127" />
<SP HEIGHT="29" HPOS="955" VPOS="2397" WIDTH="26" />
<String CONTENT="of" HEIGHT="39" HPOS="982" VPOS="2387" WIDTH="51" />
<SP HEIGHT="39" HPOS="1034" VPOS="2387" WIDTH="25" />
<String CONTENT="the" HEIGHT="40" HPOS="1060" VPOS="2387" WIDTH="80" />
<SP HEIGHT="29" HPOS="1141" VPOS="2398" WIDTH="25" />
<String CONTENT="chapters." HEIGHT="48" HPOS="1167" VPOS="2387" WIDTH="238" />
</TextLine>
<TextLine CS="1" HEIGHT="54" HPOS="126" VPOS="2437" WIDTH="1978">
<String CONTENT="&#169;" HEIGHT="52" HPOS="126" VPOS="2437" WIDTH="51" />
<SP HEIGHT="52" HPOS="178" VPOS="2437" WIDTH="25" />
<String CONTENT="June" HEIGHT="42" HPOS="204" VPOS="2443" WIDTH="121" />
<SP HEIGHT="41" HPOS="326" VPOS="2444" WIDTH="29" />
<String CONTENT="17." HEIGHT="41" HPOS="356" VPOS="2444" WIDTH="68" />
<SP HEIGHT="41" HPOS="425" VPOS="2444" WIDTH="27" />
<String CONTENT="1935;" HEIGHT="46" HPOS="453" VPOS="2442" WIDTH="140" />
<SP />
<String CONTENT="2c." CS="1" />
<SP HEIGHT="28" HPOS="692" VPOS="2455" WIDTH="28" />
<String CONTENT="and" HEIGHT="38" HPOS="721" VPOS="2445" WIDTH="95" />
<SP HEIGHT="38" HPOS="817" VPOS="2445" WIDTH="29" />
<String CONTENT="aff." HEIGHT="40" HPOS="847" VPOS="2443" WIDTH="82" />
<SP HEIGHT="39" HPOS="930" VPOS="2444" WIDTH="26" />
<String CONTENT="July" HEIGHT="47" HPOS="957" VPOS="2444" WIDTH="115" />
<SP HEIGHT="46" HPOS="1073" VPOS="2445" WIDTH="28" />
<String CONTENT="10:" HEIGHT="41" HPOS="1102" VPOS="2443" WIDTH="81" />
<SP HEIGHT="39" HPOS="1184" VPOS="2445" WIDTH="31" />
<String CONTENT="A" HEIGHT="37" HPOS="1216" VPOS="2445" WIDTH="41" />
<SP HEIGHT="40" HPOS="1258" VPOS="2444" WIDTH="28" />
<String CONTENT="84586;" HEIGHT="46" HPOS="1287" VPOS="2444" WIDTH="169" />
<SP HEIGHT="44" HPOS="1457" VPOS="2446" WIDTH="30" />
<String CONTENT="Internatl." HEIGHT="38" HPOS="1488" VPOS="2446" WIDTH="257" />
<SP HEIGHT="38" HPOS="1746" VPOS="2447" WIDTH="29" />
<String CONTENT="textbook" HEIGHT="40" HPOS="1776" VPOS="2445" WIDTH="230" />
<SP HEIGHT="39" HPOS="2007" VPOS="2447" WIDTH="28" />
<String CONTENT="co." HEIGHT="28" HPOS="2036" VPOS="2458" WIDTH="68" />
</TextLine>
<TextLine HEIGHT="46" HPOS="205" VPOS="2499" WIDTH="276">
<String CONTENT="(35-12814)" HEIGHT="46" HPOS="205" VPOS="2499" WIDTH="276" />
</TextLine>
<TextLine HEIGHT="66" HPOS="119" LANG="de" STYLEREFS="StyleId-3B993338-1A40-4192-B0DA-EEDA85BB5F14-" VPOS="2587" WIDTH="359">
<String CONTENT="Breiter," HEIGHT="66" HPOS="119" VPOS="2587" WIDTH="243" />
<SP HEIGHT="62" HPOS="363" VPOS="2591" WIDTH="28" />
<String CONTENT="W." HEIGHT="52" HPOS="392" LANG="en-US" VPOS="2591" WIDTH="86" />
</TextLine>
<TextLine HEIGHT="69" HPOS="186" STYLEREFS="StyleId-3B993338-1A40-4192-B0DA-EEDA85BB5F14-" VPOS="2665" WIDTH="1914">
<String CONTENT="Zahlenfibel" HEIGHT="54" HPOS="186" LANG="de" VPOS="2665" WIDTH="340" />
<SP HEIGHT="53" HPOS="527" VPOS="2666" WIDTH="39" />
<String CONTENT="f&#252;r" HEIGHT="53" HPOS="567" LANG="de" VPOS="2666" WIDTH="98" />
<SP HEIGHT="52" HPOS="666" VPOS="2668" WIDTH="37" />
<String CONTENT="den" HEIGHT="52" HPOS="704" LANG="en-US" VPOS="2668" WIDTH="106" />
<SP HEIGHT="33" HPOS="811" VPOS="2687" WIDTH="38" />
<String CONTENT="einzelhandel;" HEIGHT="68" HPOS="850" LANG="en-US" VPOS="2666" WIDTH="415" />
<SP HEIGHT="61" HPOS="1266" VPOS="2673" WIDTH="45" />
<String CONTENT="19" HEIGHT="48" HPOS="1312" LANG="en-US" VPOS="2673" WIDTH="62" />
<SP HEIGHT="48" HPOS="1375" VPOS="2673" WIDTH="38" />
<String CONTENT="wichtige" HEIGHT="66" HPOS="1414" LANG="de" VPOS="2668" WIDTH="264" />
<SP HEIGHT="48" HPOS="1679" VPOS="2674" WIDTH="39" />
<String CONTENT="tabellen" HEIGHT="53" HPOS="1719" LANG="en-US" VPOS="2669" WIDTH="241" />
<SP HEIGHT="52" HPOS="1961" VPOS="2669" WIDTH="40" />
<String CONTENT="f&#252;r" HEIGHT="53" HPOS="2002" LANG="de" VPOS="2669" WIDTH="98" />
</TextLine>
<TextLine CS="1" HEIGHT="148" HPOS="120" LANG="de" STYLEREFS="StyleId-3B993338-1A40-4192-B0DA-EEDA85BB5F14-" VPOS="2738" WIDTH="1957">
<String CONTENT="den" HEIGHT="53" HPOS="120" VPOS="2738" WIDTH="102" />
<SP HEIGHT="45" HPOS="223" VPOS="2748" WIDTH="31" />
<String CONTENT="t&#228;glichen" HEIGHT="66" HPOS="255" VPOS="2742" WIDTH="281" />
<SP HEIGHT="46" HPOS="537" VPOS="2762" WIDTH="35" />
<String CONTENT="gebrauch" HEIGHT="64" HPOS="573" VPOS="2744" WIDTH="282" />
<SP HEIGHT="51" HPOS="856" VPOS="2745" WIDTH="30" />
<String CONTENT="mit" HEIGHT="53" HPOS="887" VPOS="2744" WIDTH="106" />
<SP HEIGHT="61" HPOS="994" VPOS="2750" WIDTH="31" />
<String CONTENT="genauen" HEIGHT="49" HPOS="1026" VPOS="2762" WIDTH="252" />
<SP HEIGHT="34" HPOS="1279" VPOS="2764" WIDTH="33" />
<String CONTENT="erl&#228;uterungen" HEIGHT="64" HPOS="1313" VPOS="2747" WIDTH="434" />
<SP HEIGHT="33" HPOS="1748" VPOS="2764" WIDTH="31" />
<String CONTENT="und" HEIGHT="51" HPOS="1780" VPOS="2746" WIDTH="119" />
<SP HEIGHT="63" HPOS="1900" VPOS="2746" WIDTH="31" />
<String CONTENT="praktischen" HEIGHT="124" HPOS="122" VPOS="2746" WIDTH="1955" />
<SP HEIGHT="52" HPOS="328" VPOS="2819" WIDTH="28" />
<String CONTENT="beispielen," HEIGHT="67" HPOS="357" VPOS="2819" WIDTH="323" />
</TextLine>
<TextLine HEIGHT="55" HPOS="712" LANG="de" STYLEREFS="StyleId-3B993338-1A40-4192-B0DA-EEDA85BB5F14-" VPOS="2821" WIDTH="1388">
<String CONTENT="von" HEIGHT="33" HPOS="712" VPOS="2840" WIDTH="107" />
<SP HEIGHT="53" HPOS="820" VPOS="2821" WIDTH="26" />
<String CONTENT="W." HEIGHT="53" HPOS="847" VPOS="2821" WIDTH="90" />
<SP HEIGHT="49" HPOS="938" VPOS="2824" WIDTH="29" />
<String CONTENT="Breiter" HEIGHT="52" HPOS="968" VPOS="2822" WIDTH="225" />
<SP HEIGHT="33" HPOS="1194" VPOS="2840" WIDTH="25" />
<String CONTENT="und" HEIGHT="51" HPOS="1220" VPOS="2822" WIDTH="117" />
<SP HEIGHT="51" HPOS="1338" VPOS="2822" WIDTH="30" />
<String CONTENT="H." HEIGHT="51" HPOS="1369" VPOS="2822" WIDTH="75" />
<SP HEIGHT="53" HPOS="1445" VPOS="2823" WIDTH="28" />
<String CONTENT="W." HEIGHT="53" HPOS="1474" VPOS="2823" WIDTH="90" />
<SP HEIGHT="50" HPOS="1565" VPOS="2823" WIDTH="28" />
<String CONTENT="T&#252;mena." HEIGHT="51" HPOS="1594" VPOS="2823" WIDTH="270" />
<SP HEIGHT="52" HPOS="1865" VPOS="2822" WIDTH="64" />
<String CONTENT="Halle" HEIGHT="53" HPOS="1930" VPOS="2822" WIDTH="170" />
</TextLine>
<TextLine CS="1" HEIGHT="71" HPOS="130" LANG="de" STYLEREFS="StyleId-3B993338-1A40-4192-B0DA-EEDA85BB5F14-" VPOS="2892" WIDTH="790">
<String CONTENT="(Saale)" HEIGHT="67" HPOS="130" VPOS="2892" WIDTH="217" />
<SP HEIGHT="63" HPOS="348" VPOS="2896" WIDTH="33" />
<String CONTENT="W." HEIGHT="53" HPOS="382" VPOS="2897" WIDTH="89" />
<SP HEIGHT="51" HPOS="472" VPOS="2897" WIDTH="27" />
<String CONTENT="Knapp" HEIGHT="66" HPOS="500" VPOS="2897" WIDTH="217" />
<SP HEIGHT="48" HPOS="718" VPOS="2915" WIDTH="30" />
<String CONTENT="[1934]" CS="1" HEIGHT="62" HPOS="769" VPOS="2901" WIDTH="151" />
</TextLine>
<TextLine HEIGHT="53" HPOS="185" VPOS="2964" WIDTH="768">
<String CONTENT="22," HEIGHT="47" HPOS="185" LANG="de" VPOS="2964" WIDTH="67" />
<SP HEIGHT="30" HPOS="253" VPOS="2986" WIDTH="31" />
<String CONTENT="[10]" HEIGHT="49" HPOS="285" LANG="de" VPOS="2967" WIDTH="84" />
<SP HEIGHT="37" HPOS="370" VPOS="2980" WIDTH="28" />
<String CONTENT="p." HEIGHT="37" HPOS="399" LANG="de" VPOS="2980" WIDTH="43" />
<SP HEIGHT="40" HPOS="443" VPOS="2969" WIDTH="27" />
<String CONTENT="incl." HEIGHT="41" HPOS="471" LANG="de" VPOS="2968" WIDTH="109" />
<SP HEIGHT="38" HPOS="581" VPOS="2971" WIDTH="28" />
<String CONTENT="tables." HEIGHT="41" HPOS="610" LANG="en-US" VPOS="2969" WIDTH="168" />
<SP HEIGHT="39" HPOS="779" VPOS="2970" WIDTH="59" />
<String CONTENT="21" HEIGHT="38" HPOS="839" LANG="de" VPOS="2970" WIDTH="54" />
<String CONTENT="cm" HEIGHT="21" HPOS="896" LANG="de" STYLE="superscript" VPOS="2972" WIDTH="45" />
<String CONTENT="." HEIGHT="9" HPOS="944" LANG="de" VPOS="3002" WIDTH="9" />
</TextLine>
<TextLine HEIGHT="58" HPOS="125" LANG="de" VPOS="3017" WIDTH="1975">
<String CONTENT="&#169;" HEIGHT="52" HPOS="125" VPOS="3017" WIDTH="51" />
<SP HEIGHT="52" HPOS="177" VPOS="3017" WIDTH="23" />
<String CONTENT="Nov." HEIGHT="39" HPOS="201" VPOS="3024" WIDTH="115" />
<SP HEIGHT="39" HPOS="317" VPOS="3024" WIDTH="25" />
<String CONTENT="23," HEIGHT="47" HPOS="343" VPOS="3024" WIDTH="68" />
<SP HEIGHT="44" HPOS="412" VPOS="3027" WIDTH="29" />
<String CONTENT="1834:" HEIGHT="40" HPOS="442" VPOS="3025" WIDTH="139" />
<SP HEIGHT="38" HPOS="582" VPOS="3027" WIDTH="28" />
<String CONTENT="1c." HEIGHT="38" HPOS="611" VPOS="3027" WIDTH="64" />
<SP HEIGHT="39" HPOS="676" VPOS="3026" WIDTH="29" />
<String CONTENT="Jan." HEIGHT="40" HPOS="706" VPOS="3026" WIDTH="109" />
<SP HEIGHT="38" HPOS="816" VPOS="3028" WIDTH="29" />
<String CONTENT="17," HEIGHT="45" HPOS="846" VPOS="3028" WIDTH="68" />
<SP HEIGHT="45" HPOS="915" VPOS="3028" WIDTH="28" />
<String CONTENT="1835;" HEIGHT="46" HPOS="944" VPOS="3026" WIDTH="140" />
<SP HEIGHT="45" HPOS="1085" VPOS="3027" WIDTH="27" />
<String CONTENT="A-Foreign" HEIGHT="48" HPOS="1113" VPOS="3026" WIDTH="309" />
<SP HEIGHT="38" HPOS="1423" VPOS="3027" WIDTH="27" />
<String CONTENT="26635:" HEIGHT="41" HPOS="1451" VPOS="3027" WIDTH="171" />
<SP HEIGHT="40" HPOS="1623" VPOS="3028" WIDTH="30" />
<String CONTENT="Wilhelm" HEIGHT="45" HPOS="1654" VPOS="3026" WIDTH="226" />
<SP HEIGHT="38" HPOS="1881" VPOS="3028" WIDTH="29" />
<String CONTENT="Knapu." HEIGHT="47" HPOS="1911" VPOS="3028" WIDTH="189" />
</TextLine>
<TextLine HEIGHT="48" HPOS="201" LANG="de" VPOS="3080" WIDTH="275">
<String CONTENT="(35-12948)" HEIGHT="48" HPOS="201" VPOS="3080" WIDTH="275" />
</TextLine>
<TextLine HEIGHT="71" HPOS="122" STYLEREFS="StyleId-3B993338-1A40-4192-B0DA-EEDA85BB5F14-" VPOS="3165" WIDTH="813">
<String CONTENT="Bush," HEIGHT="67" HPOS="122" LANG="de" VPOS="3165" WIDTH="176" />
<SP HEIGHT="62" HPOS="299" VPOS="3170" WIDTH="29" />
<String CONTENT="Christopher," HEIGHT="67" HPOS="329" LANG="en-US" VPOS="3169" WIDTH="404" />
<SP HEIGHT="57" HPOS="734" VPOS="3179" WIDTH="31" />
<String CONTENT="1885-" HEIGHT="49" HPOS="766" LANG="de" VPOS="3177" WIDTH="169" />
</TextLine>
<TextLine CS="1" HEIGHT="143" HPOS="119" STYLEREFS="StyleId-3B993338-1A40-4192-B0DA-EEDA85BB5F14-" VPOS="3245" WIDTH="1951">
<String CONTENT="The" HEIGHT="52" HPOS="186" LANG="de" VPOS="3245" WIDTH="118" />
<SP HEIGHT="34" HPOS="305" VPOS="3264" WIDTH="31" />
<String CONTENT="case" HEIGHT="35" HPOS="337" LANG="en-US" VPOS="3264" WIDTH="119" />
<SP HEIGHT="34" HPOS="457" VPOS="3266" WIDTH="33" />
<String CONTENT="of" HEIGHT="53" HPOS="491" LANG="en-US" VPOS="3247" WIDTH="63" />
<SP HEIGHT="53" HPOS="555" VPOS="3247" WIDTH="30" />
<String CONTENT="the" HEIGHT="53" HPOS="586" LANG="en-US" VPOS="3248" WIDTH="94" />
<SP HEIGHT="55" HPOS="681" VPOS="3248" WIDTH="34" />
<String CONTENT="Chinese" HEIGHT="56" HPOS="716" LANG="de" VPOS="3247" WIDTH="238" />
<SP HEIGHT="47" HPOS="955" VPOS="3268" WIDTH="30" />
<String CONTENT="gong," HEIGHT="48" HPOS="986" LANG="de" VPOS="3268" WIDTH="169" />
<SP HEIGHT="65" HPOS="1156" VPOS="3251" WIDTH="30" />
<String CONTENT="by" HEIGHT="65" HPOS="1187" LANG="en-US" VPOS="3251" WIDTH="74" />
<SP HEIGHT="66" HPOS="1262" VPOS="3250" WIDTH="33" />
<String CONTENT="Christopher" HEIGHT="65" HPOS="1296" LANG="en-US" VPOS="3250" WIDTH="376" />
<SP HEIGHT="51" HPOS="1673" VPOS="3251" WIDTH="31" />
<String CONTENT="Bush." HEIGHT="52" HPOS="1705" LANG="de" VPOS="3250" WIDTH="175" />
<SP HEIGHT="50" HPOS="1881" VPOS="3251" WIDTH="73" />
<String CONTENT="Loudon" HEIGHT="121" HPOS="119" LANG="en-US" VPOS="3251" WIDTH="1951" />
<SP HEIGHT="49" HPOS="228" VPOS="3338" WIDTH="32" />
<String CONTENT="[" CS="1" LANG="en-US" />
<String CONTENT="etc.]" HEIGHT="61" HPOS="278" LANG="de" VPOS="3327" WIDTH="117" />
</TextLine>
<TextLine CS="1" HEIGHT="70" HPOS="429" STYLEREFS="StyleId-3B993338-1A40-4192-B0DA-EEDA85BB5F14-" VPOS="3323" WIDTH="1012">
<String CONTENT="Cassell" HEIGHT="55" HPOS="429" VPOS="3323" WIDTH="213" />
<SP HEIGHT="53" HPOS="643" VPOS="3325" WIDTH="27" />
<String CONTENT="and" HEIGHT="52" HPOS="671" VPOS="3326" WIDTH="112" />
<SP HEIGHT="52" HPOS="784" VPOS="3326" WIDTH="26" />
<String CONTENT="company," HEIGHT="49" HPOS="811" VPOS="3344" WIDTH="294" />
<SP HEIGHT="63" HPOS="1106" VPOS="3329" WIDTH="25" />
<String CONTENT="ltd." HEIGHT="52" HPOS="1132" VPOS="3327" WIDTH="104" />
<SP HEIGHT="31" HPOS="1237" VPOS="3360" WIDTH="32" />
<String CONTENT="[1935]" CS="1" HEIGHT="61" HPOS="1289" VPOS="3331" WIDTH="152" />
</TextLine>
<TextLine CS="1" HEIGHT="54" HPOS="187" VPOS="3393" WIDTH="1128">
<String CONTENT="5" HEIGHT="38" HPOS="187" VPOS="3393" WIDTH="25" />
<SP HEIGHT="47" HPOS="213" VPOS="3393" WIDTH="24" />
<String CONTENT="p." HEIGHT="38" HPOS="238" VPOS="3402" WIDTH="44" />
<SP />
<String CONTENT="l.," CS="1" HEIGHT="16" HPOS="344" VPOS="3425" WIDTH="9" />
<SP HEIGHT="45" HPOS="354" VPOS="3396" WIDTH="27" />
<String CONTENT="13-316," HEIGHT="47" HPOS="382" VPOS="3394" WIDTH="184" />
<SP HEIGHT="30" HPOS="567" VPOS="3417" WIDTH="30" />
<String CONTENT="[1]" HEIGHT="49" HPOS="598" VPOS="3398" WIDTH="54" />
<SP HEIGHT="37" HPOS="653" VPOS="3408" WIDTH="28" />
<String CONTENT="p." HEIGHT="37" HPOS="682" VPOS="3408" WIDTH="42" />
<SP HEIGHT="40" HPOS="725" VPOS="3397" WIDTH="59" />
<String CONTENT="illus." HEIGHT="40" HPOS="785" VPOS="3397" WIDTH="126" />
<SP HEIGHT="46" HPOS="912" VPOS="3398" WIDTH="27" />
<String CONTENT="(plan)" HEIGHT="47" HPOS="940" VPOS="3398" WIDTH="161" />
<SP HEIGHT="44" HPOS="1102" VPOS="3398" WIDTH="69" />
<String CONTENT="19&#189;" CS="1" HEIGHT="39" HPOS="1172" VPOS="3398" WIDTH="53" />
<String CONTENT="cm" CS="1" HEIGHT="21" HPOS="1259" STYLE="superscript" VPOS="3400" WIDTH="14" />
<String CONTENT="." HEIGHT="8" HPOS="1306" VPOS="3430" WIDTH="9" />
</TextLine>
<TextLine CS="1" HEIGHT="60" HPOS="124" VPOS="3443" WIDTH="1972">
<String CONTENT="&#169;" HEIGHT="52" HPOS="124" VPOS="3443" WIDTH="51" />
<SP />
<String CONTENT="1c." CS="1" />
<SP HEIGHT="38" HPOS="270" VPOS="3451" WIDTH="27" />
<String CONTENT="Aug." HEIGHT="47" HPOS="298" VPOS="3451" WIDTH="118" />
<SP HEIGHT="37" HPOS="417" VPOS="3453" WIDTH="29" />
<String CONTENT="1," HEIGHT="45" HPOS="447" VPOS="3453" WIDTH="40" />
<SP HEIGHT="44" HPOS="488" VPOS="3454" WIDTH="28" />
<String CONTENT="1935;" HEIGHT="47" HPOS="517" VPOS="3452" WIDTH="139" />
<SP HEIGHT="45" HPOS="657" VPOS="3454" WIDTH="31" />
<String CONTENT="A" HEIGHT="37" HPOS="689" VPOS="3454" WIDTH="41" />
<SP HEIGHT="39" HPOS="731" VPOS="3454" WIDTH="28" />
<String CONTENT="ad" HEIGHT="38" HPOS="760" VPOS="3455" WIDTH="61" />
<SP HEIGHT="39" HPOS="822" VPOS="3454" WIDTH="26" />
<String CONTENT="int." HEIGHT="40" HPOS="849" VPOS="3454" WIDTH="84" />
<SP HEIGHT="39" HPOS="934" VPOS="3454" WIDTH="30" />
<String CONTENT="20446;" HEIGHT="47" HPOS="965" VPOS="3454" WIDTH="171" />
<SP HEIGHT="37" HPOS="1137" VPOS="3465" WIDTH="31" />
<String CONTENT="pubd." HEIGHT="46" HPOS="1169" VPOS="3456" WIDTH="141" />
<SP HEIGHT="38" HPOS="1311" VPOS="3456" WIDTH="32" />
<String CONTENT="June" HEIGHT="39" HPOS="1344" VPOS="3456" WIDTH="127" />
<SP HEIGHT="39" HPOS="1472" VPOS="3456" WIDTH="25" />
<String CONTENT="13;" HEIGHT="44" HPOS="1498" VPOS="3456" WIDTH="81" />
<SP HEIGHT="45" HPOS="1580" VPOS="3455" WIDTH="34" />
<String CONTENT="G." HEIGHT="40" HPOS="1615" VPOS="3455" WIDTH="47" />
<SP HEIGHT="38" HPOS="1663" VPOS="3456" WIDTH="31" />
<String CONTENT="Bush," HEIGHT="47" HPOS="1695" VPOS="3456" WIDTH="149" />
<SP HEIGHT="46" HPOS="1845" VPOS="3457" WIDTH="30" />
<String CONTENT="Beckley," HEIGHT="46" HPOS="1876" VPOS="3457" WIDTH="220" />
</TextLine>
<TextLine HEIGHT="51" HPOS="194" VPOS="3505" WIDTH="800">
<String CONTENT="Sussex," HEIGHT="48" HPOS="194" VPOS="3505" WIDTH="188" />
<SP HEIGHT="44" HPOS="383" VPOS="3509" WIDTH="29" />
<String CONTENT="England." HEIGHT="46" HPOS="413" VPOS="3509" WIDTH="232" />
<SP HEIGHT="46" HPOS="646" VPOS="3510" WIDTH="70" />
<String CONTENT="(35-12795)" HEIGHT="46" HPOS="717" VPOS="3510" WIDTH="277" />
</TextLine>
<TextLine HEIGHT="71" HPOS="119" STYLEREFS="StyleId-3B993338-1A40-4192-B0DA-EEDA85BB5F14-" VPOS="3588" WIDTH="1083">
<String CONTENT="Buxbaum," HEIGHT="71" HPOS="119" VPOS="3588" WIDTH="323" />
<SP HEIGHT="62" HPOS="443" VPOS="3597" WIDTH="29" />
<String CONTENT="Edwin" HEIGHT="54" HPOS="473" VPOS="3596" WIDTH="205" />
<SP HEIGHT="54" HPOS="679" VPOS="3598" WIDTH="30" />
<String CONTENT="Clarence," HEIGHT="61" HPOS="710" VPOS="3598" WIDTH="291" />
<SP HEIGHT="53" HPOS="1002" VPOS="3606" WIDTH="30" />
<String CONTENT="1903-" HEIGHT="48" HPOS="1033" VPOS="3606" WIDTH="169" />
</TextLine>
<TextLine CS="1" HEIGHT="129" HPOS="113" STYLEREFS="StyleId-3B993338-1A40-4192-B0DA-EEDA85BB5F14-" VPOS="3668" WIDTH="1961">
<String CONTENT="Profitable" HEIGHT="55" HPOS="180" VPOS="3668" WIDTH="308" />
<SP HEIGHT="49" HPOS="489" VPOS="3690" WIDTH="27" />
<String CONTENT="photography" HEIGHT="69" HPOS="517" VPOS="3672" WIDTH="402" />
<SP HEIGHT="47" HPOS="920" VPOS="3694" WIDTH="31" />
<String CONTENT="with" HEIGHT="52" HPOS="952" VPOS="3676" WIDTH="137" />
<SP HEIGHT="51" HPOS="1090" VPOS="3676" WIDTH="30" />
<String CONTENT="the" HEIGHT="51" HPOS="1121" VPOS="3676" WIDTH="93" />
<SP HEIGHT="34" HPOS="1215" VPOS="3694" WIDTH="30" />
<String CONTENT="miniature" HEIGHT="53" HPOS="1246" VPOS="3676" WIDTH="304" />
<SP HEIGHT="35" HPOS="1551" VPOS="3695" WIDTH="30" />
<String CONTENT="camera" HEIGHT="36" HPOS="1582" VPOS="3694" WIDTH="219" />
<SP HEIGHT="46" HPOS="1802" VPOS="3696" WIDTH="35" />
<String CONTENT="[by]" CS="1" HEIGHT="67" HPOS="1855" VPOS="3677" WIDTH="75" />
<SP HEIGHT="62" HPOS="1947" VPOS="3679" WIDTH="37" />
<String CONTENT="Edwin" HEIGHT="119" HPOS="113" VPOS="3678" WIDTH="1961" />
</TextLine>
<TextLine CS="1" HEIGHT="77" HPOS="254" STYLEREFS="StyleId-3B993338-1A40-4192-B0DA-EEDA85BB5F14-" VPOS="3744" WIDTH="1775">
<String CONTENT="C." HEIGHT="55" HPOS="254" VPOS="3744" WIDTH="61" />
<SP HEIGHT="51" HPOS="316" VPOS="3748" WIDTH="32" />
<String CONTENT="Buxbaum" HEIGHT="53" HPOS="349" VPOS="3748" WIDTH="299" />
<SP HEIGHT="34" HPOS="649" VPOS="3768" WIDTH="37" />
<String CONTENT="&#8230;" CS="1" />
<SP HEIGHT="51" HPOS="743" VPOS="3752" WIDTH="77" />
<String CONTENT="Milwaukee." HEIGHT="57" HPOS="821" VPOS="3751" WIDTH="355" />
<SP HEIGHT="53" HPOS="1177" VPOS="3755" WIDTH="31" />
<String CONTENT="The" HEIGHT="53" HPOS="1209" VPOS="3754" WIDTH="121" />
<SP HEIGHT="51" HPOS="1331" VPOS="3756" WIDTH="31" />
<String CONTENT="Box" HEIGHT="51" HPOS="1363" VPOS="3756" WIDTH="125" />
<SP HEIGHT="46" HPOS="1489" VPOS="3760" WIDTH="30" />
<String CONTENT="tree" HEIGHT="48" HPOS="1520" VPOS="3760" WIDTH="116" />
<SP HEIGHT="49" HPOS="1637" VPOS="3772" WIDTH="32" />
<String CONTENT="press," HEIGHT="49" HPOS="1670" VPOS="3772" WIDTH="173" />
<SP HEIGHT="62" HPOS="1844" VPOS="3759" WIDTH="34" />
<String CONTENT="1935." HEIGHT="48" HPOS="1879" VPOS="3758" WIDTH="150" />
</TextLine>
<TextLine HEIGHT="49" HPOS="180" VPOS="3818" WIDTH="791">
<String CONTENT="72" HEIGHT="38" HPOS="180" VPOS="3818" WIDTH="58" />
<SP HEIGHT="48" HPOS="239" VPOS="3818" WIDTH="25" />
<String CONTENT="p." HEIGHT="38" HPOS="265" VPOS="3828" WIDTH="43" />
<SP HEIGHT="39" HPOS="309" VPOS="3819" WIDTH="28" />
<String CONTENT="inch" HEIGHT="41" HPOS="338" VPOS="3819" WIDTH="108" />
<SP HEIGHT="39" HPOS="447" VPOS="3821" WIDTH="27" />
<String CONTENT="front.," HEIGHT="46" HPOS="475" VPOS="3821" WIDTH="163" />
<SP HEIGHT="43" HPOS="639" VPOS="3824" WIDTH="29" />
<String CONTENT="illus." HEIGHT="39" HPOS="669" VPOS="3824" WIDTH="128" />
<SP HEIGHT="38" HPOS="798" VPOS="3825" WIDTH="58" />
<String CONTENT="20" HEIGHT="38" HPOS="857" VPOS="3825" WIDTH="54" />
<String CONTENT="cm" HEIGHT="20" HPOS="914" STYLE="superscript" VPOS="3827" WIDTH="43" />
<String CONTENT="." HEIGHT="7" HPOS="963" VPOS="3857" WIDTH="8" />
</TextLine>
<TextLine HEIGHT="45" HPOS="184" VPOS="3871" WIDTH="412">
<String CONTENT="&#8220;First" HEIGHT="43" HPOS="184" VPOS="3871" WIDTH="160" />
<SP HEIGHT="38" HPOS="345" VPOS="3876" WIDTH="26" />
<String CONTENT="edition.&#8221;" HEIGHT="42" HPOS="372" VPOS="3874" WIDTH="224" />
</TextLine>
<TextLine CS="1" HEIGHT="115" HPOS="125" VPOS="3921" WIDTH="1959">
<String CONTENT="&#169;" HEIGHT="53" HPOS="125" VPOS="3921" WIDTH="54" />
<SP HEIGHT="53" HPOS="180" VPOS="3921" WIDTH="26" />
<String CONTENT="July" HEIGHT="48" HPOS="207" VPOS="3928" WIDTH="114" />
<SP HEIGHT="44" HPOS="322" VPOS="3932" WIDTH="31" />
<String CONTENT="10," HEIGHT="48" HPOS="354" VPOS="3931" WIDTH="67" />
<SP HEIGHT="46" HPOS="422" VPOS="3933" WIDTH="31" />
<String CONTENT="1935;" HEIGHT="45" HPOS="454" VPOS="3932" WIDTH="140" />
<SP HEIGHT="44" HPOS="595" VPOS="3933" WIDTH="34" />
<String CONTENT="2c." HEIGHT="40" HPOS="630" VPOS="3933" WIDTH="64" />
<SP HEIGHT="28" HPOS="695" VPOS="3945" WIDTH="34" />
<String CONTENT="and" HEIGHT="39" HPOS="730" VPOS="3935" WIDTH="96" />
<SP HEIGHT="40" HPOS="827" VPOS="3935" WIDTH="30" />
<String CONTENT="aff." HEIGHT="40" HPOS="858" VPOS="3936" WIDTH="81" />
<SP HEIGHT="39" HPOS="940" VPOS="3937" WIDTH="31" />
<String CONTENT="July" HEIGHT="47" HPOS="972" VPOS="3937" WIDTH="115" />
<SP HEIGHT="47" HPOS="1088" VPOS="3937" WIDTH="31" />
<String CONTENT="17;" HEIGHT="46" HPOS="1120" VPOS="3937" WIDTH="82" />
<SP HEIGHT="45" HPOS="1203" VPOS="3938" WIDTH="34" />
<String CONTENT="A" HEIGHT="40" HPOS="1238" VPOS="3938" WIDTH="43" />
<SP HEIGHT="41" HPOS="1282" VPOS="3938" WIDTH="31" />
<String CONTENT="85100;" HEIGHT="49" HPOS="1314" VPOS="3938" WIDTH="168" />
<SP HEIGHT="46" HPOS="1483" VPOS="3941" WIDTH="33" />
<String CONTENT="E." HEIGHT="39" HPOS="1517" VPOS="3941" WIDTH="52" />
<SP HEIGHT="41" HPOS="1570" VPOS="3939" WIDTH="35" />
<String CONTENT="C." HEIGHT="41" HPOS="1606" VPOS="3939" WIDTH="50" />
<SP HEIGHT="38" HPOS="1657" VPOS="3941" WIDTH="33" />
<String CONTENT="Buxbaum," HEIGHT="47" HPOS="1691" VPOS="3939" WIDTH="269" />
<SP HEIGHT="46" HPOS="1961" VPOS="3940" WIDTH="35" />
<String CONTENT="Milwaukee." HEIGHT="87" HPOS="190" VPOS="3939" WIDTH="1894" />
<SP HEIGHT="46" HPOS="399" VPOS="3988" WIDTH="68" />
<String CONTENT="(35-12820)" HEIGHT="48" HPOS="468" VPOS="3988" WIDTH="277" />
</TextLine>
</TextBlock>
</PrintSpace>
</Page>
</Layout>
</alto>