2568 4342
1320 4081 64 50 58

364 457 300 67 Janeway,
693 457 252 56 William
972 457 210 65 Ralph,
1211 463 171 50 1884-

436 535 422 68 Bibliography
900 534 64 52 of
1005 532 393 70 immigration
1441 534 59 52 in
1543 534 95 52 the
1679 533 216 55 United
1941 533 206 70 States,
2192 539 169 50 1900-

369 610 1992 73 1930, by W. Ralph Janeway … Columbus, O., H. L. Hedrick,
366 699 17 21 c
389 695 150 51 1934.

435 765 83 41 132
548 777 43 37 p.
647 765 55 40 22½
736 768 43 21 cm
785 798 7 8 .

433 822 510 48 Photolithographed.

368 890 51 52 ©
449 896 111 38 Dec.
587 893 67 48 10,
686 893 139 47 1934;
857 892 65 40 2c.
952 893 94 39 and
1077 891 80 40 aff.
1188 893 110 38 Dec.
1330 891 82 47 31;
1445 891 41 39 A
1515 889 169 49 78839;
1719 892 188 40 Harold
1938 893 49 38 L.
2020 891 228 41 Hedrick.

444 950 250 50 (35-1215)

363 1053 131 66 Jay,
523 1054 132 53 Mae
683 1054 228 55 Foster.

433 1130 165 69 High
634 1148 72 35 on
741 1148 31 34 a
808 1130 125 67 hill,
966 1129 74 68 by
1077 1129 132 53 Mae
1244 1130 201 52 Foster
1479 1128 144 69 Jay;
1662 1128 325 54 illustrated
2021 1129 77 69 by
2132 1129 228 53 Harold

365 1208 134 55 Cue.
574 1208 232 67 Boston,
836 1208 89 53 W.
958 1207 71 53 A.
1061 1206 191 55 Wilde
1281 1224 279 51 company
1596 1240 12 33 [
1614 1213 17 21 c
1637 1209 135 50 1934
1776 1240 12 34 ]

433 1283 83 40 313
547 1293 42 37 p.
647 1282 137 40 front
855 1280 54 41 19½
942 1284 44 21 cm
990 1312 8 8 .

367 1336 53 51 ©
446 1340 125 47 Sept.
595 1341 41 44 4,
661 1338 114 42 1934;
829 1338 65 41 2c.
920 1339 108 40 Jan.
1055 1338 69 48 23,
1150 1336 141 50 1935;
1318 1335 81 43 aff.
1427 1338 107 40 Jan.
1560 1337 59 40 22;
1670 1338 41 39 A
1736 1338 170 47 80140;
1931 1339 71 40 W.
2029 1339 54 40 A.
2108 1338 158 42 Wilde
2290 1349 69 31 co.

443 1396 248 49 (35-1206)

362 1499 245 64 Jenney,
634 1500 130 62 Ray
791 1499 306 62 Freeman,
1128 1502 171 51 1891-

436 1574 1859 71 Speaking boldly; essay-sermons, by Ray Freeman Jenney …
367 1652 1984 68 with a foreword by John McDowell … New York [etc.]
364 1731 265 69 Fleming
655 1731 76 52 H.
762 1731 197 52 Revell
988 1749 280 50 company
1303 1764 12 34 [
1321 1737 17 21 c
1344 1733 131 50 1935
1482 1764 12 34 ]

434 1805 86 40 128
546 1816 43 37 p.
649 1804 55 41 19½cm.

366 1858 51 52 ©
444 1863 107 39 Jan,
576 1863 39 46 5,
642 1861 139 48 1935;
810 1861 65 41 2c.
903 1863 94 38 and
1025 1860 80 41 aff.
1135 1862 107 39 Jan.
1271 1861 81 47 18;
1383 1861 41 39 A
1449 1861 143 41 80060;
1651 1861 222 49 Fleming
1897 1862 59 39 H.
1987 1861 168 41 Revell
2182 1873 65 30 co.

443 1918 249 49 (35-1424)

361 2018 224 69 Jillson,
612 2020 240 56 Willard
880 2024 212 62 Rouse,
1122 2027 170 49 1890-

431 2098 239 54 Pioneer
703 2099 333 67 Kentucky;
1074 2118 72 35 an
1179 2100 217 53 outline
1428 2099 63 54 of
1522 2099 74 54 its
1628 2098 360 66 exploration

2023 2100 112 51 and
364 2101 1967 141 settlement,
560 2178 73 51 its
665 2178 159 64 early
852 2177 386 66 cartography
1268 2178 112 51 and
1412 2176 294 66 primitive
1735 2177 352 66 geography,
2116 2177 238 65 coupled

364 2253 137 51 with
533 2271 32 34 a
595 2253 153 52 brief
778 2253 389 66 presentation
1199 2253 63 54 of
1293 2255 96 51 the
1421 2253 288 66 principal
1741 2254 184 64 trails,
1956 2258 200 60 traces,
2189 2253 165 65 forts,

360 2330 256 66 stations,
643 2329 245 68 springs,
915 2331 159 66 licks,
1103 2329 162 54 fords
1293 2331 112 52 and
1434 2330 202 53 ferries
1663 2331 137 52 used
1828 2330 159 66 prior
2011 2335 60 48 to
2098 2331 96 52 the
2220 2348 135 48 year

365 2406 1989 67 1800, by Willard Rouse Jillson … Frankfort, Ky., The State
361 2484 225 64 journal
623 2500 295 50 company,
955 2487 152 50 1934.

430 2554 1340 51 6 p. l., [9]-152 p. incl. front., 1 illus., map. 23½ cm .
431 2610 286 43 Illustrated
755 2612 360 49 lining-papers.

434 2666 160 42 “First
619 2667 196 42 edition.
870 2667 207 42 Limited
1105 2670 49 39 to
1181 2668 86 41 400
1294 2667 203 50 copies.”

432 2723 372 50 Bibliography;
839 2736 44 37 p.
920 2724 247 49 [135]-144.

365 2777 51 52 ©
445 2782 109 39 Dec.
585 2782 38 46 6,
652 2781 140 47 1934;
824 2781 65 40 2c.
921 2783 109 38 Dec.
1063 2781 80 47 10;
1178 2781 80 40 aff.
1290 2782 108 39 Jan.
1430 2782 68 47 14,
1528 2780 140 49 1935;
1701 2782 41 39 A
1771 2781 169 42 79174:
1971 2782 71 40 W.
2076 2782 53 39 R.
2162 2782 189 48 Jillson,

431 2837 281 49 Frankfort,
740 2838 90 48 Ky.
901 2838 250 49 (35-1293)

359 2940 281 65 Johnson,
670 2942 185 63 Edna,
884 2958 177 50 comp.

360 3015 1983 144 Anthology of children’s literature, compiled by Edna Johnson … and Carrie E. Scott … Boston, New York [etc.]
360 3168 315 67 Houghton
710 3170 202 52 Mifflin
948 3188 278 49 company
1446 3203 14 34 [c1935]

429 3240 837 52 xxvii p., 2 l., [3]-914 p. 24½ cm .
430 3298 224 41 Includes
686 3299 388 48 bibliographies.

365 3351 51 52 ©
446 3356 108 39 Jan.
581 3356 68 46 11,
676 3354 139 48 1935;
845 3355 66 40 2c.
938 3357 107 39 Jan.
1074 3355 81 48 21;
1187 3355 80 41 aff.
1297 3357 107 39 Jan.
1435 3355 81 48 19;
1547 3356 41 39 A
1617 3356 169 47 79280;
1820 3358 50 38 E.
1902 3357 231 45 Johnson,

430 3356 1903 104 Bloomington,
641 3413 118 47 Ind.,
789 3413 94 39 and
914 3412 172 40 Carriei
1113 3414 51 38 E.
1200 3413 146 45 Scott,
1378 3413 347 47 Indianapolis.
1797 3411 250 50 (35-1392)

359 3514 282 64 Johnson,
669 3516 313 52 Frederick
1010 3517 236 65 Ernest,
1277 3522 171 50 1884-

429 3587 1919 73 Economics and the good life, by F. Ernest Johnson … with
360 3667 95 52 the
491 3667 405 53 collaboration
933 3669 63 53 of
1032 3687 32 34 a
1097 3688 184 49 group
1315 3671 65 52 of
1415 3672 366 51 consultants.
1851 3669 141 52 New
2025 3667 180 65 York,
359 3666 1963 130 Association
669 3762 173 47 press,
880 3747 150 51 1934.

429 3814 580 50 xii p., 1 l., 186 p. 18½cm.
429 3871 120 39 This
572 3871 122 40 book
718 3872 42 39 is
785 3873 84 39 the
893 3873 153 39 result
1072 3873 52 41 of
1148 3874 307 41 conferences
1480 3875 215 40 between
1720 3875 235 39 members
1982 3873 50 40 of
2059 3874 82 39 the
2167 3873 178 40 author

361 3937 151 38 group
541 3927 156 39 which
725 3929 236 47 prepared
991 3929 81 41 the
1101 3929 127 42 little
1255 3930 203 47 volume,
1487 3929 129 41 “Our
1644 3930 241 41 economic
1913 3929 89 41 life
2030 3930 51 38 in
2111 3930 81 40 the
2222 3929 124 48 light

361 3984 52 40 of
439 3981 250 42 Christian
717 3983 197 41 ideals”.
973 3984 137 42 Since
1138 3997 28 29 a
1194 3997 104 30 new
1326 3986 183 41 edition
1538 3986 50 41 of
1615 3986 39 40 it
1682 3997 101 29 was
1810 3989 85 38 out
1922 3986 51 40 of
1999 3987 82 40 the
2108 3985 235 49 question,
