2424 4375
1193 4080 133 48 1522

280 464 1988 70 Childcraft … v. 1-6. Chicago, W. F. Quarrie & company
353 577 12 33 [
371 551 17 20 c
395 547 130 49 1935
533 577 11 33 ]

344 617 24 38 3
398 628 41 27 v.
493 617 85 39 col.
606 616 189 46 fronts.,
822 615 140 42 illus.,
993 616 85 39 col.
1109 616 171 46 plates,
1309 616 179 47 diagrs.
1544 615 59 40 25½
1632 618 43 21 cm
1681 648 8 8 .

346 674 128 39 Vols.
503 673 83 39 1-3
617 682 126 30 were
770 671 259 49 originally
1055 671 255 48 published
1339 672 156 40 under
1521 672 135 40 title:
1687 673 103 39 The
1817 672 169 41 child’s
2017 676 252 46 treasury;

278 730 169 42 editor.
483 731 114 45 May
633 729 116 39 Hill.
814 729 102 39 The
950 728 255 41 selections
1241 728 222 41 included
1500 729 48 38 in
1586 730 83 39 the
1700 733 194 44 present
1931 729 182 41 edition
2149 732 124 39 have

277 787 114 39 been
420 787 174 39 chosen
623 785 119 40 with
771 786 82 39 the
878 785 269 40 assistance
1176 784 51 41 of
1254 784 133 41 Alice
1415 784 250 48 Dalgliesh
1693 787 96 38 and
1816 787 70 39 W.
1918 788 53 37 D.
2001 787 164 40 Howe.

349 844 127 38 Vols.
507 843 89 40 4-6
623 844 125 38 have
776 842 115 40 been
922 843 236 47 prepared
1191 842 152 39 under
1374 843 80 38 the
1485 841 237 41 direction
1753 843 51 39 of
1839 844 42 38 S.
1915 844 52 39 E.
2001 843 268 48 Farquliar,

279 900 259 47 managing
566 900 170 46 editor,
767 900 94 38 and
890 898 275 40 Bernadine
1196 899 49 39 F.
1278 898 183 48 Bailey,
1493 898 240 49 directing
1760 899 121 40 staif'
1908 900 170 41 editor.

349 958 224 39 Includes
600 956 167 40 music.

349 1014 249 47 "Reading
621 1011 299 41 references”
946 1014 52 38 at
1024 1013 91 38 end
1143 1012 52 40 of
1216 1013 118 39 each
1359 1012 200 47 chapter
1583 1012 53 40 of
1661 1023 41 29 v.
1729 1013 99 39 4-5.

625 1080 105 29 CONTENTS.—v.
771 1068 41 41 4.
853 1070 103 39 The
992 1068 128 40 child
1161 1072 50 37 at
1251 1069 164 45 home;
1459 1069 329 40 introduction
1828 1070 61 47 by
1927 1070 146 47 Patty
2117 1068 156 42 Smith

281 1127 224 40 Hill.—v.
532 1126 42 41 5.
600 1128 102 38 The
727 1126 128 40 child
882 1128 51 38 at
960 1126 282 39 school.—v.
1272 1124 45 41 6.
1340 1126 100 38 The
1467 1125 128 40 child
1623 1128 53 37 at
1701 1126 126 47 play.

279 1182 52 52 ©
354 1185 126 39 June
503 1184 70 47 20,
598 1182 139 46 1935;
764 1182 67 41 2c.
857 1183 116 39 each
999 1183 128 39 June
1146 1182 82 47 25;
1256 1181 81 40 aff.
1365 1182 125 39 June
1515 1182 82 46 22;
1625 1182 40 39 A
1691 1182 169 41 83772:
1889 1183 69 39 W.
1988 1183 50 39 F.
2066 1182 208 47 Quarrie

350 1243 34 38 &
415 1253 66 28 co.

282 1345 234 64 Collins,
543 1346 173 61 Mary
742 1344 259 54 Barrow.

349 1422 253 52 Instruct
643 1438 96 49 my
777 1419 179 67 heart,
1111 1418 171 68 Mary
1321 1419 238 51 Barrow
1601 1417 233 54 Collins.
1913 1419 138 52 New
2093 1420 180 67 York,

278 1499 68 53 N.
379 1499 91 68 Y.,
497 1499 317 52 Parnassus
842 1515 173 49 press,
1046 1499 150 50 1934.

350 1570 429 51 94 p., 1 l. 20 cm .
352 1625 1921 50 “202 copies … have been printed … on Agecroft text book paper … this
279 1695 120 37 copy
424 1683 44 40 is
494 1683 204 39 number
724 1680 99 42 77.”

350 1741 184 39 Poems.

279 1793 52 52 ©
357 1798 111 38 Dec.
494 1795 69 49 20,
590 1794 140 47 1934;
757 1795 67 39 2c.
851 1795 92 38 and
971 1793 80 40 aff.
1080 1793 101 40 Oct.
1205 1794 68 41 26,
1301 1792 139 43 1935;
1470 1793 40 39 A
1536 1792 168 47 87973;
1736 1794 61 39 M.
1826 1795 52 39 B.
1905 1792 195 50 Collins,
2129 1796 141 39 Pearl

348 1853 159 48 River,
541 1853 82 39 La.
694 1850 279 50 (35-21932)

284 1959 265 65 [Conger,
578 1957 214 65 Beach]

281 2031 1965 147 World letters, incorporated … Managua, Nicaragua, October 19,
550 2109 1694 68 1935 … [Managua, Nicaragua, World letters, inc.]
442 2233 9 10 c1935.

347 2275 40 36 p.
418 2263 156 39 25-28.
632 2263 128 38 illus.
815 2261 55 40 28
872 2263 44 21 cm
922 2293 7 8 .

349 2319 405 47 Mimeographed.

281 2373 52 52 ©
360 2377 63 39 1c.
453 2377 116 38 Nov.
598 2375 70 47 27,
697 2374 113 40 1935;
868 2375 40 37 A
934 2375 61 38 ad
1025 2373 85 40 int.
1140 2373 170 41 20805;
1342 2373 141 47 pubd.
1513 2373 101 40 Oct.
1645 2372 81 47 19;
1759 2374 164 39 World
1954 2375 182 45 letters,
2167 2373 101 44 inc.,

348 2435 121 39 East
492 2433 205 44 Aurora,
723 2431 53 39 N.
803 2432 50 37 Y.

283 2529 263 64 Cottrell,
577 2529 129 63 Roy
734 2527 301 55 Franklin.

347 2601 1858 69 Heraldos de un nuevo dia, por Roy Franklin Cottrell …
275 2681 301 53 Mountain
611 2681 178 65 View,
826 2679 194 68 Calif.,
1056 2679 241 67 Omaha,
1332 2679 138 53 Neb.
1620 2712 30 33 [etc.]
1690 2679 210 53 Pacific
1937 2698 156 48 press
276 2678 1966 149 publishing
519 2776 143 35 assn.
697 2790 13 34 [
715 2762 17 22 c
737 2760 151 63 1935]

345 2829 86 41 307
458 2841 42 37 p.
526 2830 109 43 incl.
660 2829 162 46 front.,
849 2830 170 49 plates,
1049 2829 177 46 diagrs.
1287 2826 55 40 22½cm.

347 2886 259 41 Published
645 2886 49 40 in
733 2885 201 48 English
973 2887 50 38 in
1063 2884 127 46 1934,
1231 2884 116 41 with
1390 2887 93 38 two
1525 2883 268 42 additional
1836 2886 238 46 chapters,
2118 2885 149 40 under

277 2942 134 40 title;
442 2943 100 40 The
571 2942 143 40 dawn
745 2943 53 39 of
826 2953 27 30 a
883 2952 105 31 new
1018 2944 121 45 day;
1174 2943 82 40 the
1286 2940 135 41 Bible
1455 2942 174 47 speaks
1659 2945 47 37 to
1738 2952 89 30 our
1859 2952 100 37 age.

280 2995 53 54 ©
361 3002 119 46 Aug.
508 3001 70 47 26,
608 3001 139 46 1935;
778 3000 67 41 2c.
877 3002 126 46 Sept.
1034 3002 81 40 11;
1148 3000 81 40 aff.
1259 3001 117 39 Nov.
1406 3001 81 46 25;
1520 3002 42 37 A
1590 3001 169 46 85867;
1792 3001 175 40 Pacific
1996 3012 134 37 press
2160 3001 105 48 pub.

349 3068 125 29 assn.
549 3058 279 48 (35-17205)

280 3153 143 64 Dell,
451 3154 177 53 Ethel
655 3155 158 62 May.

350 3230 206 54 Where
592 3231 157 52 three
788 3229 165 54 roads
990 3235 161 61 meet,
1188 3230 74 67 by
1300 3230 172 52 Ethel
1507 3230 79 53 M.
1623 3230 147 52 Dell.
1843 3230 238 53 London
2124 3238 133 59 [etc.]

281 3307 214 55 Cassell
526 3307 112 52 and
668 3324 295 51 company,
992 3305 222 54 limited
1250 3310 172 64 [1935]

350 3380 80 49 vii,
458 3380 85 39 424
571 3390 44 38 p.
675 3379 55 40 19½
762 3381 43 22 cm
811 3411 8 9 .

280 3433 1981 52 © 1c. Oct. 28, 1935; A ad int. 20659; pubd. Oct. 4; Ethel Mary Savage,
352 3494 217 47 Sleepers
597 3492 116 49 Hill,
742 3493 315 40 Winchester.
1086 3493 234 46 England.
1392 3492 278 48 (35-22961)

278 3594 243 64 Farrell,
553 3596 66 52 E.
649 3596 87 53 W.

351 3668 446 54 Fundamentals
823 3668 62 52 of
911 3668 316 54 tabulation
1255 3670 224 67 typing,
1506 3670 73 67 by
1607 3669 67 53 E.
1703 3669 87 52 W.
1820 3670 234 52 Farrell.
277 3669 1963 143 Boston,
423 3746 65 52 B.
522 3746 367 67 Humphries,
917 3747 107 52 inc.
1242 3779 13 34 [c1935]

348 3814 563 50 3 p. l., 30, [10] p. 27½cm.
348 3871 125 39 Text
500 3872 402 47 mimeographed.

277 3926 56 52 ©
379 3931 124 47 Sept,
551 3931 66 47 19,
662 3931 140 48 1934;
846 3932 64 38 2c.
957 3931 101 40 Oct.
1104 3932 67 47 23,
1217 3931 139 46 1935;
1405 3932 81 40 aff.
1533 3933 101 39 Oct.
1680 3934 80 46 18;
1808 3934 39 37 A
1892 3933 167 41 87873:
2108 3933 151 38 Bruce

349 3987 307 47 Humphries,
684 3987 87 45 inc,
844 3986 277 52 (35-21900)
