1558 2632
837 2418 81 30 1080

274 243 163 40 Wyman,
455 246 81 31 Mrs.
554 244 125 32 Lillian
698 244 208 39 (Kennedy)

318 290 185 33 Character
526 290 66 32 and
615 290 201 41 citizenship
837 290 150 42 through
1009 290 139 32 student
1169 294 232 38 government,
1422 291 46 41 by

275 336 1192 41 Lillian Kennedy Wyman … Philadelphia, Chicago [etc.] The
273 384 96 34 John
386 384 37 35 C.
440 384 163 34 Winston
616 394 167 31 company
804 386 115 38 [c1935]

319 425 710 31 3 p. l., v-xvi, 173 p. front. 20½cm. $1.50
320 461 52 29 “[A
390 462 100 23 record
508 461 39 29 of]
567 462 50 24 the
632 461 133 25 methods
783 461 57 24 and
859 461 109 24 results
986 460 32 25 of
1034 461 100 25 actual
1150 460 199 30 experiments
1365 460 110 30 during

278 497 110 27 twenty
402 502 85 22 years
500 495 34 24 of
544 496 121 24 student
677 496 187 29 government
880 495 29 24 in
924 495 50 25 the
988 495 128 25 William
1134 496 81 23 Penn
1228 495 68 30 high
1311 495 158 24 school.”.—

276 529 165 23 Foreword.

318 563 98 24 “Good
428 563 90 24 books
530 563 47 24 for
588 563 121 24 student
723 564 186 28 government
929 563 64 29 (for
1005 563 132 24 advisers
1152 564 57 23 and
1222 564 84 23 home
1319 563 132 29 rooms)”:

274 602 26 24 p.
319 596 128 25 167-169.

276 628 32 32 ©
325 631 68 29 May
409 631 41 28 16,
467 631 83 28 1935;
567 631 41 24 2c.
622 632 58 23 and
697 630 49 25 aff.
763 631 77 24 June
855 631 49 28 17;
921 631 25 24 A
962 630 103 29 84293;
1083 631 30 24 L.
1130 631 35 24 K.
1182 632 132 28 Wyman,
319 631 1138 61 Germantown,

421 665 41 23 Pa.
512 664 169 29 (35-11149)

276 728 123 39 Yates,
415 728 185 39 Raymond
617 727 158 40 Francis,
793 730 102 31 1895-

320 776 74 31 The
414 779 53 29 art
488 775 38 31 of
544 774 180 41 inventing
743 774 68 32 and
830 774 95 32 what
942 777 36 29 to
998 775 119 31 invent
1197 794 8 20 [by]
1227 774 181 41 Raymond
1429 775 40 31 F.

278 819 1193 41 Yates … New York, London, D. Appleton-Century company,
276 866 253 42 incorporated,
545 869 90 29 1935.

319 909 881 30 xiii p., 1 l., 284 p. front., illus., plates, diagrs. 20½ cm .
321 944 107 24 “Rules
444 944 31 24 of
489 944 132 29 practice
637 944 30 24 in
684 944 49 24 the
751 943 108 25 United
876 944 102 25 States
991 945 109 24 Patent
1117 944 112 24 office”:
1248 950 25 23 p.
1291 944 130 24 221-284.

279 974 1192 33 © June 28, 1935; 2c. and aff. June 29; A 83849; D. Appleton-Century co.,
319 1013 54 24 inc.
416 1012 149 30 (35-9690)

276 1074 188 39 Ydewalle,
481 1072 147 34 Charles
644 1072 44 40 d’,
705 1075 103 30 1901-

319 1119 123 34 Albert
470 1119 67 32 and
564 1120 58 31 the
648 1119 174 41 Belgians,
848 1119 150 42 portrait
1023 1119 39 32 of
1089 1130 19 21 a
1134 1119 95 40 king,
1255 1120 45 39 by
1329 1119 140 33 Charles

277 1166 221 33 d’Ydewalle.
534 1166 83 32 New
634 1166 107 40 York,
754 1167 54 33 W.
824 1167 151 31 Morrow
989 1168 28 30 &
1031 1177 178 30 company,
1226 1168 90 31 1935.

321 1209 653 28 ix p., 3 l., 3-281 p. front., ports. 22½cm.
323 1241 192 24 “Translated
530 1240 77 25 from
623 1241 51 25 the
688 1241 113 24 French
817 1241 37 29 by
870 1241 113 29 Phyllis
1000 1240 142 30 Migroz.”

279 1281 33 33 ©
326 1284 70 29 July
410 1285 41 27 17,
469 1284 84 28 1935;
569 1284 41 24 2c.
626 1285 58 23 and
699 1284 50 24 aff.
766 1284 70 29 July
852 1284 49 28 19;
919 1285 25 23 A
959 1284 102 28 85106;
1103 1303 5 5 C.
1125 1284 185 29 d’Ydewalle,
1327 1285 145 23 Brussels.

324 1317 169 29 (35-10865)

279 1378 123 39 Yealy,
418 1378 149 33 Francis
581 1377 144 39 Joseph,
743 1381 102 30 1888-

319 1423 121 33 Sainte
458 1424 207 40 Genevieve;
685 1424 58 32 the
761 1428 95 37 story
876 1424 38 32 of
932 1423 191 33 Missouri’s
1143 1424 110 32 oldest
1268 1425 204 40 settlement,

277 1470 1180 80 by Francis J. Yealy … Sainte Genevieve, Mo., The Bicentennial
424 1518 177 33 historical
617 1518 202 38 committee,
838 1520 89 31 1935.

323 1561 1151 31 2 p. l., ii, 150 p., 1 l. front., illus. (facsims.) plates, ports., map. 19½cm.
324 1597 82 25 “List
420 1596 31 25 of
469 1596 196 25 references”:
682 1603 25 24 p.
724 1596 131 25 144-145.

278 1626 33 33 ©
331 1630 70 29 July
420 1630 24 28 5,
464 1630 70 25 1935;
570 1629 40 25 2c.
631 1630 71 29 July
720 1630 49 28 15;
791 1630 50 24 aff.
861 1630 69 29 July
951 1630 49 28 17;
1021 1630 25 24 A
1066 1629 103 29 85063;
1191 1630 206 25 Bicentennial
322 1630 1139 59 historical
438 1664 172 28 committee,
626 1664 57 25 Ste.
699 1664 169 28 Genevieve,
885 1665 54 23 Mo.
981 1664 170 29 (35-12483)

281 1725 171 40 Yoakam,
470 1726 127 33 Gerald
614 1726 104 38 Alan,
736 1726 102 32 1887-

321 1772 159 40 Reading
511 1776 36 29 to
578 1773 104 32 learn,
734 1773 55 31 bk.
822 1775 70 29 2-3.
926 1774 33 31 A
988 1773 193 41 work-type
1211 1772 262 32 informational

282 1819 128 40 reader,
428 1820 46 40 by
492 1820 128 33 Gerald
638 1819 42 32 A.
700 1820 167 40 Yoakam,
884 1820 156 33 William
1060 1819 38 33 C.
1116 1820 133 40 Bagiev
1268 1820 68 31 and
1353 1820 120 40 Philip

281 1866 43 32 A.
348 1867 198 39 Knowlton,
568 1866 85 32 with
676 1866 173 40 drawings
872 1867 44 39 by
939 1866 134 40 George
1095 1867 48 31 M.
1167 1866 178 32 Richards.
1392 1867 82 31 New

282 1912 107 39 York,
406 1913 72 31 The
493 1912 198 33 Macmillan
709 1923 178 31 company,
905 1915 89 29 1935.

323 1956 17 24 2
355 1963 27 17 v.
414 1955 52 24 col.
482 1955 113 28 fronts.,
613 1955 75 24 illus.
707 1955 78 29 (incl.
804 1956 97 28 ports.,
918 1956 97 28 maps)
1038 1955 108 29 diagrs.
1180 1954 69 25 19cm.

492 1986 84 26 CONTENTS.—bk.
600 1987 26 25 2.
651 1988 130 30 Gaining
802 1994 64 18 new
891 1986 261 31 knowledge.—bk.
1178 1986 25 27 3.
1228 1988 161 29 Exploring
1412 1994 65 18 new

281 2022 92 24 Helds.

279 2054 1195 32 © Aug. 6, 1935; 2c. each and affs. Aug. 7; A 85340, 85341; G. A. Yoakam,
326 2091 180 29 Pittsburgh,
526 2090 128 24 William
676 2090 29 24 C.
726 2091 119 29 Bagley,
865 2091 71 23 New
956 2091 86 27 York,
1062 2091 57 23 and
1140 2090 99 30 Philip
1257 2091 34 23 A.
1311 2090 164 29 Knowlton,

321 2123 217 28 Pleasantville,
556 2124 34 23 N.
604 2124 33 23 Y.

282 2185 139 39 Young,
437 2185 149 33 Francis
600 2185 114 38 Brett,
733 2187 102 31 1884-

363 2232 991 41 … White ladies. London, W. Heinemann, ltd. [1935]
322 2275 368 30 5 p. l., 3-693 p. 20½cm.
283 2307 1181 61 © 1c. Aug. 6, 1935; A ad int. 20468; pubd. July 25; F. B. Young, Craycombe
439 2345 107 27 House,
563 2351 43 17 nr.
625 2345 150 25 Pershore,
793 2344 252 28 Worcestershire,
1062 2344 143 29 England.

331 2377 168 30 (35-12771)
