<alto xmlns="http://www.loc.gov/standards/alto/ns-v3#" xmlns:xsi="http://www.w3.org/2001/XMLSchema-instance" xsi:schemaLocation="http://www.loc.gov/standards/alto/ns-v3# http://www.loc.gov/alto/v3/alto-3-0.xsd"><Description>
<MeasurementUnit>pixel</MeasurementUnit>
<sourceImageInformation>
<fileName>1935_v32_Part1.pdf</fileName>
</sourceImageInformation>
<OCRProcessing ID="IdOcr">
<ocrProcessingStep>
<processingDateTime>2019-01-15</processingDateTime>
<processingSoftware>
<softwareCreator>ABBYY</softwareCreator>
<softwareName>ABBYY Recognition Server</softwareName>
<softwareVersion>4.0</softwareVersion>
</processingSoftware>
</ocrProcessingStep>
</OCRProcessing>
</Description>
<Styles>
<ParagraphStyle ALIGN="Left" FIRSTLINE="0." ID="StyleId-FFFFFFFF-FFFF-FFFF-FFFF-FFFFFFFFFFFF-" LEFT="0." RIGHT="0." />
<ParagraphStyle ALIGN="Left" FIRSTLINE="0." ID="StyleId-09A13A44-4F77-4ABE-84F3-84CC8B3C72CE-" LEFT="0." LINESPACE="7.699999809" RIGHT="0." />
<ParagraphStyle ALIGN="Left" FIRSTLINE="-10." ID="StyleId-1F945060-F8CD-4435-B69A-5FF49DB0C586-" LEFT="0." LINESPACE="12.19999981" RIGHT="0." />
<ParagraphStyle ALIGN="Block" FIRSTLINE="-14." ID="StyleId-C6CAE747-F5A4-4D0D-8D74-D452DA7E2C1C-" LEFT="0." LINESPACE="8.350000381" RIGHT="0." />
<ParagraphStyle ALIGN="Left" FIRSTLINE="0." ID="StyleId-FC0F3374-189A-459E-BE29-2DC14180F022-" LEFT="0." RIGHT="0." />
<ParagraphStyle ALIGN="Left" FIRSTLINE="-12." ID="StyleId-49397C49-A894-4B3E-BA5E-1126226BA375-" LEFT="0." LINESPACE="11.09000015" RIGHT="0." />
<ParagraphStyle ALIGN="Block" FIRSTLINE="-14." ID="StyleId-9E34DD3A-E661-48BD-A3A1-6A3D48346F00-" LEFT="0." LINESPACE="11.09000015" RIGHT="0." />
<ParagraphStyle ALIGN="Left" FIRSTLINE="0." ID="StyleId-56CE54AA-A08B-4BAA-8605-F26020A0E36E-" LEFT="0." LINESPACE="9.399999619" RIGHT="0." />
<ParagraphStyle ALIGN="Left" FIRSTLINE="-11." ID="StyleId-77814FFC-C42F-4AA9-9880-EF33B947DEC8-" LEFT="0." LINESPACE="11.06999969" RIGHT="0." />
<ParagraphStyle ALIGN="Center" FIRSTLINE="0." ID="StyleId-FDE92EC0-67DC-4C7B-8A24-094B12C38B6C-" LEFT="0." LINESPACE="11.30000019" RIGHT="0." />
<ParagraphStyle ALIGN="Left" FIRSTLINE="0." ID="StyleId-65180E3B-4C93-4FB8-81EE-E026DD63DBF3-" LEFT="0." LINESPACE="11.10000038" RIGHT="0." />
<ParagraphStyle ALIGN="Left" FIRSTLINE="0." ID="StyleId-10E885C2-5813-4620-B0AA-0FBA30CF7A32-" LEFT="0." LINESPACE="9.5" RIGHT="0." />
<ParagraphStyle ALIGN="Left" FIRSTLINE="0." ID="StyleId-913C2DB5-9F02-4067-BAF7-0AED37B60BBE-" LEFT="0." LINESPACE="6.099999905" RIGHT="0." />
<ParagraphStyle ALIGN="Left" FIRSTLINE="0." ID="StyleId-9C79A9D2-8F08-4A8F-985D-B00E253ED1E5-" LEFT="0." LINESPACE="4.400000095" RIGHT="0." />
<ParagraphStyle ALIGN="Left" FIRSTLINE="0." ID="StyleId-A41F0407-FEFE-4738-9EC5-E05AFFF62781-" LEFT="0." LINESPACE="7.300000191" RIGHT="0." />
<ParagraphStyle ALIGN="Left" FIRSTLINE="0." ID="StyleId-61D37176-94E8-408D-9B87-01C406CE8AB2-" LEFT="0." LINESPACE="8.050000191" RIGHT="0." />
</Styles>
<Layout>
<Page HEIGHT="4375" ID="Page2106" PHYSICAL_IMG_NR="2106" WIDTH="2424">
<TopMargin HEIGHT="408" HPOS="0" VPOS="0" WIDTH="2424">
</TopMargin>
<LeftMargin HEIGHT="3738" HPOS="0" VPOS="408" WIDTH="272">
</LeftMargin>
<RightMargin HEIGHT="3738" HPOS="2294" VPOS="408" WIDTH="130">
</RightMargin>
<BottomMargin HEIGHT="229" HPOS="0" VPOS="4146" WIDTH="2424">
</BottomMargin>
<PrintSpace HEIGHT="3738" HPOS="272" VPOS="408" WIDTH="2022">
<TextBlock HEIGHT="123" HPOS="1206" ID="Page2106_Block1" LANG="en-US" STYLEREFS="StyleId-89867E28-4805-4E9D-8A02-EBF75EBF792A-" VPOS="4023" WIDTH="219">
<TextLine HEIGHT="49" HPOS="1214" VPOS="4053" WIDTH="135">
<String CONTENT="2106" HEIGHT="49" HPOS="1214" VPOS="4053" WIDTH="135" />
</TextLine>
</TextBlock>
<TextBlock CS="1" HEIGHT="3608" HPOS="272" ID="Page2106_Block2" LANG="en-US" STYLEREFS="StyleId-3A0687F9-6BFA-4B39-9509-BEEC3BCA826B-" VPOS="408" WIDTH="2022">
<TextLine HEIGHT="67" HPOS="281" STYLEREFS="StyleId-08D12C1F-24B2-4D1C-94B1-DB093C9A7342-" VPOS="418" WIDTH="693">
<String CONTENT="Borak," HEIGHT="65" HPOS="281" VPOS="418" WIDTH="213" />
<SP HEIGHT="64" HPOS="495" VPOS="419" WIDTH="26" />
<String CONTENT="Arthur," HEIGHT="66" HPOS="522" VPOS="419" WIDTH="251" />
<SP HEIGHT="58" HPOS="774" VPOS="427" WIDTH="29" />
<String CONTENT="1900-" HEIGHT="50" HPOS="804" VPOS="425" WIDTH="170" />
</TextLine>
<TextLine CS="1" HEIGHT="59" HPOS="415" STYLEREFS="StyleId-FF3E6A37-605B-4AEF-9F53-C7EA11B37348-" VPOS="497" WIDTH="1861">
<String CONTENT="&#8230;" CS="1" />
<SP HEIGHT="51" HPOS="415" VPOS="497" WIDTH="29" />
<String CONTENT="Fees" HEIGHT="52" HPOS="445" VPOS="497" WIDTH="138" />
<SP HEIGHT="33" HPOS="584" VPOS="516" WIDTH="26" />
<String CONTENT="and" HEIGHT="51" HPOS="611" VPOS="498" WIDTH="112" />
<SP HEIGHT="52" HPOS="724" VPOS="498" WIDTH="24" />
<String CONTENT="other" HEIGHT="52" HPOS="749" VPOS="498" WIDTH="160" />
<SP HEIGHT="33" HPOS="910" VPOS="516" WIDTH="26" />
<String CONTENT="non-tax" HEIGHT="45" HPOS="937" VPOS="504" WIDTH="237" />
<SP HEIGHT="32" HPOS="1175" VPOS="517" WIDTH="25" />
<String CONTENT="revenues" HEIGHT="37" HPOS="1201" VPOS="516" WIDTH="267" />
<SP HEIGHT="34" HPOS="1469" VPOS="519" WIDTH="25" />
<String CONTENT="of" HEIGHT="52" HPOS="1495" VPOS="499" WIDTH="63" />
<SP HEIGHT="52" HPOS="1559" VPOS="499" WIDTH="24" />
<String CONTENT="Minnesota" HEIGHT="52" HPOS="1584" VPOS="500" WIDTH="321" />
<SP HEIGHT="49" HPOS="1906" VPOS="503" WIDTH="27" />
<String CONTENT="local" HEIGHT="50" HPOS="1934" VPOS="502" WIDTH="144" />
<SP HEIGHT="49" HPOS="2079" VPOS="502" WIDTH="25" />
<String CONTENT="units," HEIGHT="54" HPOS="2105" VPOS="502" WIDTH="171" />
</TextLine>
<TextLine CS="1" HEIGHT="129" HPOS="282" STYLEREFS="StyleId-FF3E6A37-605B-4AEF-9F53-C7EA11B37348-" VPOS="574" WIDTH="1969">
<String CONTENT="by" HEIGHT="67" HPOS="282" VPOS="574" WIDTH="74" />
<SP HEIGHT="66" HPOS="357" VPOS="575" WIDTH="22" />
<String CONTENT="Arthur" HEIGHT="53" HPOS="380" VPOS="574" WIDTH="226" />
<SP HEIGHT="51" HPOS="607" VPOS="576" WIDTH="20" />
<String CONTENT="M." HEIGHT="51" HPOS="628" VPOS="576" WIDTH="78" />
<SP HEIGHT="50" HPOS="707" VPOS="577" WIDTH="26" />
<String CONTENT="Borak" HEIGHT="52" HPOS="734" VPOS="575" WIDTH="192" />
<SP HEIGHT="52" HPOS="927" VPOS="575" WIDTH="29" />
<String CONTENT="&#8230;" CS="1" />
<SP HEIGHT="33" HPOS="1014" VPOS="594" WIDTH="27" />
<String CONTENT="and" HEIGHT="53" HPOS="1042" VPOS="575" WIDTH="112" />
<SP HEIGHT="55" HPOS="1155" VPOS="575" WIDTH="22" />
<String CONTENT="Gladys" HEIGHT="66" HPOS="1178" VPOS="576" WIDTH="219" />
<SP HEIGHT="54" HPOS="1398" VPOS="577" WIDTH="26" />
<String CONTENT="C." HEIGHT="54" HPOS="1425" VPOS="577" WIDTH="61" />
<SP HEIGHT="50" HPOS="1487" VPOS="579" WIDTH="27" />
<String CONTENT="Blakev," HEIGHT="68" HPOS="1515" VPOS="576" WIDTH="236" />
<SP HEIGHT="49" HPOS="1752" VPOS="595" WIDTH="20" />
<String CONTENT="under" HEIGHT="53" HPOS="1773" VPOS="577" WIDTH="182" />
<SP HEIGHT="46" HPOS="1956" VPOS="584" WIDTH="22" />
<String CONTENT="the" HEIGHT="52" HPOS="1979" VPOS="578" WIDTH="96" />
<SP HEIGHT="52" HPOS="2076" VPOS="578" WIDTH="21" />
<String CONTENT="direction" HEIGHT="126" HPOS="283" VPOS="577" WIDTH="1968" />
</TextLine>
<TextLine CS="1" HEIGHT="71" HPOS="443" STYLEREFS="StyleId-FF3E6A37-605B-4AEF-9F53-C7EA11B37348-" VPOS="652" WIDTH="1832">
<String CONTENT="of" HEIGHT="51" HPOS="443" VPOS="652" WIDTH="62" />
<SP HEIGHT="53" HPOS="506" VPOS="652" WIDTH="37" />
<String CONTENT="Rov" HEIGHT="53" HPOS="544" VPOS="653" WIDTH="126" />
<SP HEIGHT="55" HPOS="671" VPOS="652" WIDTH="37" />
<String CONTENT="G." HEIGHT="55" HPOS="709" VPOS="652" WIDTH="68" />
<SP HEIGHT="50" HPOS="778" VPOS="655" WIDTH="40" />
<String CONTENT="Blakey" HEIGHT="67" HPOS="819" VPOS="652" WIDTH="219" />
<SP HEIGHT="47" HPOS="1039" VPOS="672" WIDTH="43" />
<String CONTENT="&#8230;" CS="1" />
<SP HEIGHT="52" HPOS="1139" VPOS="653" WIDTH="95" />
<String CONTENT="Minneapolis." HEIGHT="69" HPOS="1235" VPOS="652" WIDTH="401" />
<SP HEIGHT="51" HPOS="1637" VPOS="656" WIDTH="39" />
<String CONTENT="The" HEIGHT="52" HPOS="1677" VPOS="655" WIDTH="120" />
<SP HEIGHT="53" HPOS="1798" VPOS="656" WIDTH="38" />
<String CONTENT="University" HEIGHT="68" HPOS="1837" VPOS="655" WIDTH="336" />
<SP HEIGHT="49" HPOS="2174" VPOS="674" WIDTH="37" />
<String CONTENT="of" HEIGHT="52" HPOS="2212" VPOS="657" WIDTH="63" />
</TextLine>
<TextLine HEIGHT="67" HPOS="281" STYLEREFS="StyleId-FF3E6A37-605B-4AEF-9F53-C7EA11B37348-" VPOS="730" WIDTH="730">
<String CONTENT="Minnesota" HEIGHT="53" HPOS="281" VPOS="730" WIDTH="323" />
<SP HEIGHT="49" HPOS="605" VPOS="748" WIDTH="24" />
<String CONTENT="press" HEIGHT="49" HPOS="630" VPOS="748" WIDTH="156" />
<SP HEIGHT="47" HPOS="787" VPOS="750" WIDTH="32" />
<String CONTENT="[" HEIGHT="34" HPOS="820" VPOS="763" WIDTH="12" />
<String CONTENT="c" HEIGHT="21" HPOS="835" STYLE="superscript" VPOS="736" WIDTH="19" />
<String CONTENT="1935]" HEIGHT="63" HPOS="860" VPOS="734" WIDTH="151" />
</TextLine>
<TextLine CS="1" HEIGHT="106" HPOS="285" VPOS="802" WIDTH="1975">
<String CONTENT="144" HEIGHT="38" HPOS="356" VPOS="804" WIDTH="86" />
<SP HEIGHT="46" HPOS="443" VPOS="804" WIDTH="29" />
<String CONTENT="p." HEIGHT="37" HPOS="473" VPOS="813" WIDTH="42" />
<SP HEIGHT="39" HPOS="516" VPOS="802" WIDTH="33" />
<String CONTENT="incl." HEIGHT="41" HPOS="550" VPOS="802" WIDTH="108" />
<SP HEIGHT="38" HPOS="659" VPOS="804" WIDTH="33" />
<String CONTENT="tables." HEIGHT="41" HPOS="693" VPOS="803" WIDTH="169" />
<SP HEIGHT="42" HPOS="863" VPOS="802" WIDTH="59" />
<String CONTENT="23&#189;" CS="1" HEIGHT="41" HPOS="923" VPOS="802" WIDTH="55" />
<String CONTENT="cm" HEIGHT="21" HPOS="1012" STYLE="superscript" VPOS="805" WIDTH="46" />
<String CONTENT="." HEIGHT="9" HPOS="1059" VPOS="833" WIDTH="9" />
<SP HEIGHT="47" HPOS="1069" VPOS="803" WIDTH="72" />
<String CONTENT="(University" HEIGHT="50" HPOS="1142" VPOS="802" WIDTH="307" />
<SP HEIGHT="37" HPOS="1450" VPOS="815" WIDTH="32" />
<String CONTENT="of" HEIGHT="41" HPOS="1483" VPOS="804" WIDTH="51" />
<SP HEIGHT="40" HPOS="1535" VPOS="804" WIDTH="33" />
<String CONTENT="Minnesota" HEIGHT="40" HPOS="1569" VPOS="805" WIDTH="272" />
<SP HEIGHT="31" HPOS="1842" VPOS="814" WIDTH="32" />
<String CONTENT="studies" HEIGHT="43" HPOS="1875" VPOS="803" WIDTH="188" />
<SP HEIGHT="40" HPOS="2064" VPOS="805" WIDTH="29" />
<String CONTENT="in" HEIGHT="40" HPOS="2094" VPOS="805" WIDTH="49" />
<SP HEIGHT="30" HPOS="2144" VPOS="816" WIDTH="33" />
<String CONTENT="economics" HEIGHT="84" HPOS="285" VPOS="816" WIDTH="1975" />
<SP HEIGHT="29" HPOS="469" VPOS="870" WIDTH="27" />
<String CONTENT="and" HEIGHT="39" HPOS="497" VPOS="860" WIDTH="94" />
<SP HEIGHT="39" HPOS="592" VPOS="860" WIDTH="29" />
<String CONTENT="business," HEIGHT="40" HPOS="622" VPOS="859" WIDTH="235" />
<SP HEIGHT="28" HPOS="858" VPOS="870" WIDTH="55" />
<String CONTENT="no." HEIGHT="30" HPOS="914" VPOS="870" WIDTH="76" />
<SP HEIGHT="40" HPOS="991" VPOS="860" WIDTH="29" />
<String CONTENT="13)" HEIGHT="48" HPOS="1021" VPOS="860" WIDTH="80" />
</TextLine>
<TextLine CS="1" HEIGHT="50" HPOS="359" VPOS="916" WIDTH="1542">
<String CONTENT="&#8220;Bibliography" HEIGHT="47" HPOS="359" VPOS="916" WIDTH="379" />
<SP HEIGHT="37" HPOS="739" VPOS="926" WIDTH="23" />
<String CONTENT="on" HEIGHT="29" HPOS="763" VPOS="926" WIDTH="60" />
<SP HEIGHT="38" HPOS="824" VPOS="917" WIDTH="26" />
<String CONTENT="local" HEIGHT="40" HPOS="851" VPOS="917" WIDTH="122" />
<SP HEIGHT="46" HPOS="974" VPOS="918" WIDTH="25" />
<String CONTENT="government" HEIGHT="44" HPOS="1000" VPOS="920" WIDTH="316" />
<SP HEIGHT="42" HPOS="1317" VPOS="916" WIDTH="22" />
<String CONTENT="finance&#8221;:" CS="1" HEIGHT="41" HPOS="1340" VPOS="916" WIDTH="213" />
<SP HEIGHT="38" HPOS="1584" VPOS="928" WIDTH="28" />
<String CONTENT="p." HEIGHT="37" HPOS="1613" VPOS="929" WIDTH="43" />
<SP HEIGHT="40" HPOS="1657" VPOS="918" WIDTH="27" />
<String CONTENT="143-144." HEIGHT="40" HPOS="1685" VPOS="918" WIDTH="216" />
</TextLine>
<TextLine CS="1" HEIGHT="55" HPOS="289" VPOS="982" WIDTH="1989">
<String CONTENT="&#169;" HEIGHT="53" HPOS="289" VPOS="982" WIDTH="53" />
<SP HEIGHT="53" HPOS="343" VPOS="982" WIDTH="22" />
<String CONTENT="Oct." HEIGHT="41" HPOS="366" VPOS="986" WIDTH="102" />
<SP HEIGHT="40" HPOS="469" VPOS="986" WIDTH="21" />
<String CONTENT="31," HEIGHT="46" HPOS="491" VPOS="986" WIDTH="69" />
<SP HEIGHT="44" HPOS="561" VPOS="988" WIDTH="26" />
<String CONTENT="1935;" CS="1" />
<SP HEIGHT="41" HPOS="729" VPOS="987" WIDTH="26" />
<String CONTENT="2c." HEIGHT="40" HPOS="756" VPOS="987" WIDTH="65" />
<SP HEIGHT="29" HPOS="822" VPOS="997" WIDTH="27" />
<String CONTENT="and" HEIGHT="39" HPOS="850" VPOS="987" WIDTH="96" />
<SP HEIGHT="39" HPOS="947" VPOS="987" WIDTH="23" />
<String CONTENT="aff." HEIGHT="40" HPOS="971" VPOS="986" WIDTH="82" />
<SP HEIGHT="39" HPOS="1054" VPOS="987" WIDTH="26" />
<String CONTENT="Nov." HEIGHT="40" HPOS="1081" VPOS="987" WIDTH="117" />
<SP HEIGHT="40" HPOS="1199" VPOS="987" WIDTH="26" />
<String CONTENT="18;" HEIGHT="46" HPOS="1226" VPOS="987" WIDTH="81" />
<SP HEIGHT="46" HPOS="1308" VPOS="987" WIDTH="27" />
<String CONTENT="A" HEIGHT="39" HPOS="1336" VPOS="987" WIDTH="40" />
<SP HEIGHT="41" HPOS="1377" VPOS="986" WIDTH="24" />
<String CONTENT="89431;" HEIGHT="48" HPOS="1402" VPOS="986" WIDTH="170" />
<SP HEIGHT="46" HPOS="1573" VPOS="988" WIDTH="29" />
<String CONTENT="University" HEIGHT="50" HPOS="1603" VPOS="987" WIDTH="281" />
<SP HEIGHT="38" HPOS="1885" VPOS="999" WIDTH="24" />
<String CONTENT="of" HEIGHT="40" HPOS="1910" VPOS="989" WIDTH="54" />
<SP HEIGHT="40" HPOS="1965" VPOS="989" WIDTH="23" />
<String CONTENT="Minnesota," HEIGHT="50" HPOS="1989" VPOS="987" WIDTH="289" />
</TextLine>
<TextLine HEIGHT="49" HPOS="359" VPOS="1042" WIDTH="708">
<String CONTENT="Minneapolis." HEIGHT="49" HPOS="359" VPOS="1042" WIDTH="336" />
<SP HEIGHT="47" HPOS="696" VPOS="1044" WIDTH="62" />
<String CONTENT="(A" HEIGHT="48" HPOS="759" VPOS="1043" WIDTH="67" />
<SP HEIGHT="40" HPOS="827" VPOS="1043" WIDTH="12" />
<String CONTENT="35-1808)" HEIGHT="48" HPOS="840" VPOS="1042" WIDTH="227" />
</TextLine>
<TextLine HEIGHT="67" HPOS="282" STYLEREFS="StyleId-08D12C1F-24B2-4D1C-94B1-DB093C9A7342-" VPOS="1145" WIDTH="1129">
<String CONTENT="Brigham," HEIGHT="66" HPOS="282" VPOS="1145" WIDTH="306" />
<SP HEIGHT="63" HPOS="589" VPOS="1148" WIDTH="27" />
<String CONTENT="Albert" HEIGHT="55" HPOS="617" VPOS="1146" WIDTH="209" />
<SP HEIGHT="53" HPOS="827" VPOS="1148" WIDTH="23" />
<String CONTENT="Perry," HEIGHT="64" HPOS="851" VPOS="1148" WIDTH="203" />
<SP HEIGHT="59" HPOS="1055" VPOS="1153" WIDTH="30" />
<String CONTENT="1855-1932." HEIGHT="51" HPOS="1086" VPOS="1151" WIDTH="325" />
</TextLine>
<TextLine CS="1" HEIGHT="70" HPOS="417" STYLEREFS="StyleId-FF3E6A37-605B-4AEF-9F53-C7EA11B37348-" VPOS="1224" WIDTH="1861">
<String CONTENT="&#8230;" CS="1" />
<SP HEIGHT="55" HPOS="417" VPOS="1224" WIDTH="46" />
<String CONTENT="Our" HEIGHT="55" HPOS="464" VPOS="1224" WIDTH="123" />
<SP HEIGHT="52" HPOS="588" VPOS="1225" WIDTH="39" />
<String CONTENT="home" HEIGHT="52" HPOS="628" VPOS="1225" WIDTH="165" />
<SP HEIGHT="35" HPOS="794" VPOS="1244" WIDTH="36" />
<String CONTENT="state" HEIGHT="49" HPOS="831" VPOS="1230" WIDTH="143" />
<SP HEIGHT="34" HPOS="975" VPOS="1244" WIDTH="39" />
<String CONTENT="and" HEIGHT="53" HPOS="1015" VPOS="1225" WIDTH="111" />
<SP HEIGHT="52" HPOS="1127" VPOS="1225" WIDTH="41" />
<String CONTENT="the" HEIGHT="53" HPOS="1169" VPOS="1226" WIDTH="95" />
<SP HEIGHT="35" HPOS="1265" VPOS="1244" WIDTH="39" />
<String CONTENT="new" HEIGHT="35" HPOS="1305" VPOS="1244" WIDTH="122" />
<SP HEIGHT="32" HPOS="1428" VPOS="1245" WIDTH="40" />
<String CONTENT="world" HEIGHT="53" HPOS="1469" VPOS="1226" WIDTH="178" />
<SP HEIGHT="67" HPOS="1648" VPOS="1226" WIDTH="47" />
<String CONTENT="[by]" CS="1" HEIGHT="67" HPOS="1696" VPOS="1227" WIDTH="108" />
<SP HEIGHT="66" HPOS="1805" VPOS="1228" WIDTH="46" />
<String CONTENT="Albert" HEIGHT="54" HPOS="1852" VPOS="1227" WIDTH="204" />
<SP HEIGHT="51" HPOS="2057" VPOS="1230" WIDTH="39" />
<String CONTENT="Perry" HEIGHT="64" HPOS="2097" VPOS="1230" WIDTH="181" />
</TextLine>
<TextLine CS="1" HEIGHT="68" HPOS="285" STYLEREFS="StyleId-FF3E6A37-605B-4AEF-9F53-C7EA11B37348-" VPOS="1301" WIDTH="1991">
<String CONTENT="Brigham" HEIGHT="68" HPOS="285" VPOS="1301" WIDTH="282" />
<SP HEIGHT="33" HPOS="568" VPOS="1321" WIDTH="50" />
<String CONTENT="&#8230;" CS="1" />
<SP HEIGHT="34" HPOS="676" VPOS="1322" WIDTH="54" />
<String CONTENT="and" HEIGHT="53" HPOS="731" VPOS="1303" WIDTH="112" />
<SP HEIGHT="55" HPOS="844" VPOS="1303" WIDTH="49" />
<String CONTENT="Charles" HEIGHT="55" HPOS="894" VPOS="1303" WIDTH="235" />
<SP HEIGHT="51" HPOS="1130" VPOS="1306" WIDTH="47" />
<String CONTENT="T." HEIGHT="51" HPOS="1178" VPOS="1306" WIDTH="65" />
<SP HEIGHT="52" HPOS="1244" VPOS="1305" WIDTH="49" />
<String CONTENT="McFarlane" HEIGHT="54" HPOS="1294" VPOS="1303" WIDTH="343" />
<SP HEIGHT="34" HPOS="1638" VPOS="1323" WIDTH="53" />
<String CONTENT="&#8230;" CS="1" />
<SP HEIGHT="52" HPOS="1749" VPOS="1305" WIDTH="103" />
<String CONTENT="Nebraska" HEIGHT="55" HPOS="1853" VPOS="1304" WIDTH="292" />
<SP HEIGHT="33" HPOS="2146" VPOS="1324" WIDTH="46" />
<String CONTENT="ed." HEIGHT="52" HPOS="2193" VPOS="1305" WIDTH="83" />
</TextLine>
<TextLine CS="1" HEIGHT="132" HPOS="284" STYLEREFS="StyleId-FF3E6A37-605B-4AEF-9F53-C7EA11B37348-" VPOS="1380" WIDTH="1972">
<String CONTENT="[By]" CS="1" HEIGHT="66" HPOS="290" VPOS="1382" WIDTH="127" />
<SP HEIGHT="66" HPOS="418" VPOS="1381" WIDTH="39" />
<String CONTENT="Vera" HEIGHT="53" HPOS="458" VPOS="1381" WIDTH="150" />
<SP HEIGHT="51" HPOS="609" VPOS="1382" WIDTH="32" />
<String CONTENT="E." HEIGHT="51" HPOS="642" VPOS="1382" WIDTH="65" />
<SP HEIGHT="52" HPOS="708" VPOS="1381" WIDTH="36" />
<String CONTENT="Rigdon" HEIGHT="68" HPOS="745" VPOS="1380" WIDTH="229" />
<SP HEIGHT="33" HPOS="975" VPOS="1401" WIDTH="40" />
<String CONTENT="&#8230;" CS="1" />
<SP HEIGHT="51" HPOS="1071" VPOS="1383" WIDTH="73" />
<String CONTENT="New" HEIGHT="51" HPOS="1145" VPOS="1383" WIDTH="138" />
<SP HEIGHT="50" HPOS="1284" VPOS="1384" WIDTH="34" />
<String CONTENT="York," HEIGHT="59" HPOS="1319" VPOS="1382" WIDTH="177" />
<SP HEIGHT="58" HPOS="1497" VPOS="1383" WIDTH="36" />
<String CONTENT="Cincinnati" HEIGHT="56" HPOS="1534" VPOS="1382" WIDTH="328" />
<SP HEIGHT="67" HPOS="1863" VPOS="1383" WIDTH="38" />
<String CONTENT="[etc.]" HEIGHT="64" HPOS="1902" VPOS="1386" WIDTH="138" />
<SP HEIGHT="66" HPOS="2041" VPOS="1383" WIDTH="39" />
<String CONTENT="American" HEIGHT="129" HPOS="284" VPOS="1383" WIDTH="1972" />
<SP HEIGHT="52" HPOS="411" VPOS="1459" WIDTH="25" />
<String CONTENT="book" HEIGHT="53" HPOS="437" VPOS="1458" WIDTH="146" />
</TextLine>
<TextLine CS="1" HEIGHT="119" HPOS="360" STYLEREFS="StyleId-FF3E6A37-605B-4AEF-9F53-C7EA11B37348-" VPOS="1462" WIDTH="1920">
<String CONTENT="company" HEIGHT="50" HPOS="608" VPOS="1476" WIDTH="279" />
<SP HEIGHT="47" HPOS="888" VPOS="1479" WIDTH="29" />
<String CONTENT="[" HEIGHT="34" HPOS="918" VPOS="1492" WIDTH="12" />
<String CONTENT="c" HEIGHT="21" HPOS="935" STYLE="superscript" VPOS="1465" WIDTH="18" />
<String CONTENT="1935]" HEIGHT="64" HPOS="958" VPOS="1462" WIDTH="151" />
<SP />
<String CONTENT="x," HEIGHT="34" HPOS="360" VPOS="1543" WIDTH="45" />
<SP HEIGHT="45" HPOS="406" VPOS="1532" WIDTH="32" />
<String CONTENT="406" HEIGHT="41" HPOS="439" VPOS="1530" WIDTH="85" />
<SP HEIGHT="48" HPOS="525" VPOS="1531" WIDTH="33" />
<String CONTENT="p." HEIGHT="37" HPOS="559" VPOS="1542" WIDTH="42" />
<SP HEIGHT="40" HPOS="602" VPOS="1531" WIDTH="35" />
<String CONTENT="incl." HEIGHT="40" HPOS="638" VPOS="1531" WIDTH="109" />
<SP HEIGHT="40" HPOS="748" VPOS="1531" WIDTH="34" />
<String CONTENT="front." HEIGHT="41" HPOS="783" VPOS="1531" WIDTH="146" />
<SP HEIGHT="40" HPOS="930" VPOS="1532" WIDTH="65" />
<String CONTENT="illus.," HEIGHT="47" HPOS="996" VPOS="1532" WIDTH="141" />
<SP HEIGHT="36" HPOS="1138" VPOS="1543" WIDTH="36" />
<String CONTENT="col." HEIGHT="39" HPOS="1175" VPOS="1532" WIDTH="85" />
<SP HEIGHT="36" HPOS="1261" VPOS="1543" WIDTH="35" />
<String CONTENT="plates," HEIGHT="47" HPOS="1297" VPOS="1533" WIDTH="169" />
<SP HEIGHT="36" HPOS="1467" VPOS="1544" WIDTH="35" />
<String CONTENT="maps," HEIGHT="38" HPOS="1503" VPOS="1543" WIDTH="151" />
<SP HEIGHT="46" HPOS="1655" VPOS="1533" WIDTH="34" />
<String CONTENT="diagrs." HEIGHT="49" HPOS="1690" VPOS="1531" WIDTH="180" />
<SP HEIGHT="41" HPOS="1871" VPOS="1532" WIDTH="62" />
<String CONTENT="25&#189;cm." CS="1" HEIGHT="40" HPOS="1934" VPOS="1532" WIDTH="58" />
<SP HEIGHT="47" HPOS="2080" VPOS="1534" WIDTH="75" />
<String CONTENT="(Our" HEIGHT="49" HPOS="2156" VPOS="1532" WIDTH="124" />
</TextLine>
<TextLine CS="1" HEIGHT="48" HPOS="291" STYLEREFS="StyleId-FF3E6A37-605B-4AEF-9F53-C7EA11B37348-" VPOS="1589" WIDTH="771">
<String CONTENT="world" HEIGHT="40" HPOS="291" VPOS="1589" WIDTH="150" />
<SP HEIGHT="40" HPOS="442" VPOS="1589" WIDTH="28" />
<String CONTENT="and" HEIGHT="39" HPOS="471" VPOS="1589" WIDTH="96" />
<SP HEIGHT="39" HPOS="568" VPOS="1589" WIDTH="29" />
<String CONTENT="ourselves" HEIGHT="39" HPOS="598" VPOS="1589" WIDTH="246" />
<SP HEIGHT="37" HPOS="845" VPOS="1600" WIDTH="27" />
<String CONTENT="[bk." HEIGHT="48" HPOS="873" VPOS="1589" WIDTH="90" />
<SP HEIGHT="41" HPOS="964" VPOS="1589" WIDTH="29" />
<String CONTENT="1])" CS="1" HEIGHT="45" HPOS="1049" VPOS="1589" WIDTH="13" />
</TextLine>
<TextLine HEIGHT="53" HPOS="290" VPOS="1652" WIDTH="1989">
<String CONTENT="&#169;" HEIGHT="53" HPOS="290" VPOS="1652" WIDTH="53" />
<SP HEIGHT="53" HPOS="344" VPOS="1652" WIDTH="32" />
<String CONTENT="Sept." HEIGHT="47" HPOS="377" VPOS="1657" WIDTH="127" />
<SP HEIGHT="39" HPOS="505" VPOS="1658" WIDTH="29" />
<String CONTENT="30," HEIGHT="47" HPOS="535" VPOS="1657" WIDTH="70" />
<SP HEIGHT="47" HPOS="606" VPOS="1657" WIDTH="30" />
<String CONTENT="1935;" HEIGHT="47" HPOS="637" VPOS="1656" WIDTH="140" />
<SP HEIGHT="46" HPOS="778" VPOS="1657" WIDTH="32" />
<String CONTENT="2c." HEIGHT="40" HPOS="811" VPOS="1657" WIDTH="65" />
<SP HEIGHT="29" HPOS="877" VPOS="1668" WIDTH="33" />
<String CONTENT="and" HEIGHT="39" HPOS="911" VPOS="1658" WIDTH="99" />
<SP HEIGHT="39" HPOS="1011" VPOS="1658" WIDTH="25" />
<String CONTENT="aff." HEIGHT="40" HPOS="1037" VPOS="1657" WIDTH="82" />
<SP HEIGHT="40" HPOS="1120" VPOS="1658" WIDTH="33" />
<String CONTENT="Oct." HEIGHT="40" HPOS="1154" VPOS="1658" WIDTH="100" />
<SP HEIGHT="37" HPOS="1255" VPOS="1659" WIDTH="32" />
<String CONTENT="4;" HEIGHT="45" HPOS="1288" VPOS="1659" WIDTH="53" />
<SP HEIGHT="46" HPOS="1342" VPOS="1658" WIDTH="34" />
<String CONTENT="A" HEIGHT="38" HPOS="1377" VPOS="1658" WIDTH="40" />
<SP HEIGHT="40" HPOS="1418" VPOS="1658" WIDTH="31" />
<String CONTENT="87674;" HEIGHT="47" HPOS="1450" VPOS="1657" WIDTH="170" />
<SP HEIGHT="47" HPOS="1621" VPOS="1657" WIDTH="34" />
<String CONTENT="Charles" HEIGHT="41" HPOS="1656" VPOS="1657" WIDTH="206" />
<SP HEIGHT="40" HPOS="1863" VPOS="1658" WIDTH="25" />
<String CONTENT="T." HEIGHT="40" HPOS="1889" VPOS="1658" WIDTH="53" />
<SP HEIGHT="39" HPOS="1943" VPOS="1659" WIDTH="33" />
<String CONTENT="McFarlane," HEIGHT="47" HPOS="1977" VPOS="1658" WIDTH="302" />
</TextLine>
<TextLine CS="1" HEIGHT="107" HPOS="360" VPOS="1713" WIDTH="1904">
<String CONTENT="Dobbs" HEIGHT="40" HPOS="360" VPOS="1714" WIDTH="166" />
<SP HEIGHT="39" HPOS="527" VPOS="1714" WIDTH="25" />
<String CONTENT="Ferry," HEIGHT="48" HPOS="553" VPOS="1714" WIDTH="165" />
<SP HEIGHT="47" HPOS="719" VPOS="1714" WIDTH="28" />
<String CONTENT="N." HEIGHT="40" HPOS="748" VPOS="1714" WIDTH="56" />
<SP HEIGHT="40" HPOS="805" VPOS="1714" WIDTH="28" />
<String CONTENT="Y.," HEIGHT="47" HPOS="834" VPOS="1714" WIDTH="67" />
<SP HEIGHT="36" HPOS="902" VPOS="1725" WIDTH="30" />
<String CONTENT="and" HEIGHT="39" HPOS="933" VPOS="1715" WIDTH="96" />
<SP HEIGHT="40" HPOS="1030" VPOS="1714" WIDTH="28" />
<String CONTENT="Flora" HEIGHT="40" HPOS="1059" VPOS="1714" WIDTH="144" />
<SP HEIGHT="40" HPOS="1204" VPOS="1714" WIDTH="30" />
<String CONTENT="W." HEIGHT="41" HPOS="1235" VPOS="1714" WIDTH="71" />
<SP HEIGHT="40" HPOS="1307" VPOS="1715" WIDTH="30" />
<String CONTENT="Brigham," HEIGHT="49" HPOS="1338" VPOS="1713" WIDTH="247" />
<SP HEIGHT="47" HPOS="1586" VPOS="1715" WIDTH="30" />
<String CONTENT="Hamilton," HEIGHT="50" HPOS="1617" VPOS="1713" WIDTH="268" />
<SP HEIGHT="48" HPOS="1886" VPOS="1715" WIDTH="29" />
<String CONTENT="N." HEIGHT="41" HPOS="1916" VPOS="1715" WIDTH="53" />
<SP HEIGHT="39" HPOS="1970" VPOS="1715" WIDTH="28" />
<String CONTENT="Y." HEIGHT="41" HPOS="1999" VPOS="1715" WIDTH="55" />
<SP HEIGHT="30" HPOS="2055" VPOS="1735" WIDTH="61" />
<String CONTENT="[Copyright" HEIGHT="103" HPOS="362" VPOS="1715" WIDTH="1902" />
<SP HEIGHT="40" HPOS="493" VPOS="1771" WIDTH="24" />
<String CONTENT="is" HEIGHT="40" HPOS="518" VPOS="1771" WIDTH="41" />
<SP HEIGHT="30" HPOS="560" VPOS="1781" WIDTH="24" />
<String CONTENT="claimed" HEIGHT="42" HPOS="585" VPOS="1769" WIDTH="205" />
<SP HEIGHT="40" HPOS="791" VPOS="1771" WIDTH="23" />
<String CONTENT="on" HEIGHT="30" HPOS="815" VPOS="1781" WIDTH="60" />
<SP HEIGHT="29" HPOS="876" VPOS="1782" WIDTH="24" />
<String CONTENT="changes]" HEIGHT="49" HPOS="901" VPOS="1771" WIDTH="224" />
</TextLine>
<TextLine HEIGHT="66" HPOS="285" STYLEREFS="StyleId-08D12C1F-24B2-4D1C-94B1-DB093C9A7342-" VPOS="1874" WIDTH="744">
<String CONTENT="Buchholtz," HEIGHT="66" HPOS="285" VPOS="1874" WIDTH="346" />
<SP HEIGHT="64" HPOS="632" VPOS="1876" WIDTH="26" />
<String CONTENT="Hansgeorg." HEIGHT="63" HPOS="659" VPOS="1876" WIDTH="370" />
</TextLine>
<TextLine HEIGHT="68" HPOS="356" STYLEREFS="StyleId-FF3E6A37-605B-4AEF-9F53-C7EA11B37348-" VPOS="1952" WIDTH="1925">
<String CONTENT="Der" HEIGHT="51" HPOS="356" VPOS="1953" WIDTH="117" />
<SP HEIGHT="33" HPOS="474" VPOS="1971" WIDTH="38" />
<String CONTENT="markt" HEIGHT="54" HPOS="513" VPOS="1952" WIDTH="189" />
<SP HEIGHT="46" HPOS="703" VPOS="1960" WIDTH="41" />
<String CONTENT="zu" HEIGHT="34" HPOS="745" VPOS="1970" WIDTH="68" />
<SP HEIGHT="51" HPOS="814" VPOS="1953" WIDTH="39" />
<String CONTENT="Heckenbruch:" HEIGHT="56" HPOS="854" VPOS="1952" WIDTH="441" />
<SP HEIGHT="49" HPOS="1296" VPOS="1971" WIDTH="44" />
<String CONTENT="geschichte" HEIGHT="68" HPOS="1341" VPOS="1952" WIDTH="319" />
<SP HEIGHT="34" HPOS="1661" VPOS="1970" WIDTH="39" />
<String CONTENT="einer" HEIGHT="52" HPOS="1701" VPOS="1953" WIDTH="153" />
<SP HEIGHT="67" HPOS="1855" VPOS="1952" WIDTH="39" />
<String CONTENT="jugend," HEIGHT="68" HPOS="1895" VPOS="1952" WIDTH="232" />
<SP HEIGHT="47" HPOS="2128" VPOS="1971" WIDTH="41" />
<String CONTENT="von" HEIGHT="34" HPOS="2170" VPOS="1970" WIDTH="111" />
</TextLine>
<TextLine HEIGHT="68" HPOS="286" STYLEREFS="StyleId-FF3E6A37-605B-4AEF-9F53-C7EA11B37348-" VPOS="2030" WIDTH="1487">
<String CONTENT="Hansgeorg" HEIGHT="67" HPOS="286" VPOS="2031" WIDTH="344" />
<SP HEIGHT="66" HPOS="631" VPOS="2031" WIDTH="24" />
<String CONTENT="Buchholtz." HEIGHT="54" HPOS="656" VPOS="2030" WIDTH="335" />
<SP HEIGHT="53" HPOS="992" VPOS="2031" WIDTH="73" />
<String CONTENT="Leipzig." HEIGHT="67" HPOS="1066" VPOS="2031" WIDTH="256" />
<SP HEIGHT="55" HPOS="1323" VPOS="2031" WIDTH="25" />
<String CONTENT="P." HEIGHT="52" HPOS="1349" VPOS="2031" WIDTH="65" />
<SP HEIGHT="52" HPOS="1415" VPOS="2031" WIDTH="27" />
<String CONTENT="List" HEIGHT="54" HPOS="1443" VPOS="2031" WIDTH="127" />
<SP HEIGHT="60" HPOS="1571" VPOS="2037" WIDTH="30" />
<String CONTENT="[1934]" HEIGHT="64" HPOS="1602" VPOS="2033" WIDTH="171" />
</TextLine>
<TextLine HEIGHT="39" HPOS="366" STYLEREFS="StyleId-FF3E6A37-605B-4AEF-9F53-C7EA11B37348-" VPOS="2105" WIDTH="98">
<String CONTENT="l" HEIGHT="37" HPOS="366" VPOS="2105" WIDTH="24" />
<SP HEIGHT="37" HPOS="391" VPOS="2105" WIDTH="30" />
<String CONTENT="v." HEIGHT="29" HPOS="422" VPOS="2115" WIDTH="42" />
</TextLine>
<TextLine CS="1" HEIGHT="53" HPOS="293" VPOS="2169" WIDTH="1988">
<String CONTENT="&#169;" HEIGHT="53" HPOS="293" VPOS="2169" WIDTH="53" />
<SP HEIGHT="53" HPOS="347" VPOS="2169" WIDTH="23" />
<String CONTENT="Mar." HEIGHT="37" HPOS="371" VPOS="2175" WIDTH="119" />
<SP HEIGHT="38" HPOS="491" VPOS="2173" WIDTH="25" />
<String CONTENT="22," HEIGHT="47" HPOS="517" VPOS="2173" WIDTH="68" />
<SP HEIGHT="45" HPOS="586" VPOS="2175" WIDTH="26" />
<String CONTENT="1984:" HEIGHT="43" HPOS="613" VPOS="2172" WIDTH="139" />
<SP />
<String CONTENT="1c." CS="1" />
<SP />
<String CONTENT="Mar." HEIGHT="39" HPOS="873" VPOS="2175" WIDTH="122" />
<SP HEIGHT="40" HPOS="996" VPOS="2174" WIDTH="25" />
<String CONTENT="11," HEIGHT="47" HPOS="1022" VPOS="2173" WIDTH="68" />
<SP HEIGHT="45" HPOS="1091" VPOS="2175" WIDTH="25" />
<String CONTENT="1935;" CS="1" HEIGHT="40" HPOS="1117" VPOS="2173" WIDTH="112" />
<SP HEIGHT="47" HPOS="1258" VPOS="2173" WIDTH="26" />
<String CONTENT="A-Foreign" HEIGHT="49" HPOS="1285" VPOS="2172" WIDTH="310" />
<SP HEIGHT="40" HPOS="1596" VPOS="2172" WIDTH="25" />
<String CONTENT="27244;" HEIGHT="47" HPOS="1622" VPOS="2172" WIDTH="169" />
<SP HEIGHT="45" HPOS="1792" VPOS="2174" WIDTH="29" />
<String CONTENT="Paul" HEIGHT="39" HPOS="1822" VPOS="2174" WIDTH="120" />
<SP HEIGHT="38" HPOS="1943" VPOS="2174" WIDTH="26" />
<String CONTENT="List" HEIGHT="43" HPOS="1970" VPOS="2171" WIDTH="107" />
<SP HEIGHT="37" HPOS="2078" VPOS="2177" WIDTH="23" />
<String CONTENT="verlag." HEIGHT="45" HPOS="2102" VPOS="2175" WIDTH="179" />
</TextLine>
<TextLine HEIGHT="68" HPOS="289" STYLEREFS="StyleId-FF3E6A37-605B-4AEF-9F53-C7EA11B37348-" VPOS="2291" WIDTH="1991">
<String CONTENT="California" HEIGHT="53" HPOS="289" VPOS="2291" WIDTH="325" />
<SP HEIGHT="66" HPOS="615" VPOS="2292" WIDTH="47" />
<String CONTENT="jurisprudence." HEIGHT="66" HPOS="663" VPOS="2292" WIDTH="448" />
<SP HEIGHT="51" HPOS="1112" VPOS="2293" WIDTH="86" />
<String CONTENT="Ten-year" HEIGHT="65" HPOS="1199" VPOS="2293" WIDTH="281" />
<SP HEIGHT="34" HPOS="1481" VPOS="2309" WIDTH="48" />
<String CONTENT="supplement," HEIGHT="68" HPOS="1530" VPOS="2291" WIDTH="375" />
<SP HEIGHT="63" HPOS="1906" VPOS="2296" WIDTH="51" />
<String CONTENT="1926-1936." HEIGHT="49" HPOS="1958" VPOS="2295" WIDTH="322" />
</TextLine>
<TextLine CS="1" HEIGHT="145" HPOS="357" STYLEREFS="StyleId-FF3E6A37-605B-4AEF-9F53-C7EA11B37348-" VPOS="2368" WIDTH="1900">
<String CONTENT="William" HEIGHT="54" HPOS="357" VPOS="2368" WIDTH="259" />
<SP HEIGHT="51" HPOS="617" VPOS="2371" WIDTH="30" />
<String CONTENT="M." HEIGHT="51" HPOS="648" VPOS="2371" WIDTH="79" />
<SP HEIGHT="54" HPOS="728" VPOS="2368" WIDTH="30" />
<String CONTENT="McKinney," HEIGHT="68" HPOS="759" VPOS="2368" WIDTH="345" />
<SP HEIGHT="47" HPOS="1105" VPOS="2389" WIDTH="30" />
<String CONTENT="editor," HEIGHT="52" HPOS="1136" VPOS="2370" WIDTH="199" />
<SP HEIGHT="34" HPOS="1336" VPOS="2388" WIDTH="68" />
<String CONTENT="volumes" HEIGHT="56" HPOS="1405" VPOS="2368" WIDTH="250" />
<SP HEIGHT="53" HPOS="1656" VPOS="2371" WIDTH="30" />
<String CONTENT="2-4" HEIGHT="50" HPOS="1687" VPOS="2371" WIDTH="104" />
<SP HEIGHT="48" HPOS="1792" VPOS="2373" WIDTH="30" />
<String CONTENT="&#8230;" CS="1" />
<SP HEIGHT="55" HPOS="1880" VPOS="2368" WIDTH="71" />
<String CONTENT="San" HEIGHT="55" HPOS="1952" VPOS="2368" WIDTH="115" />
<SP HEIGHT="51" HPOS="2068" VPOS="2371" WIDTH="32" />
<String CONTENT="Francisco," HEIGHT="131" HPOS="359" VPOS="2371" WIDTH="1898" />
<SP HEIGHT="53" HPOS="520" VPOS="2449" WIDTH="37" />
<String CONTENT="Bancroft-Whitney" HEIGHT="68" HPOS="558" VPOS="2445" WIDTH="583" />
<SP HEIGHT="48" HPOS="1142" VPOS="2465" WIDTH="33" />
<String CONTENT="company," HEIGHT="48" HPOS="1176" VPOS="2465" WIDTH="296" />
<SP HEIGHT="52" HPOS="1473" VPOS="2450" WIDTH="38" />
<String CONTENT="1936." HEIGHT="49" HPOS="1512" VPOS="2450" WIDTH="149" />
</TextLine>
<TextLine HEIGHT="40" HPOS="363" VPOS="2520" WIDTH="275">
<String CONTENT="3" HEIGHT="39" HPOS="363" VPOS="2521" WIDTH="28" />
<SP HEIGHT="39" HPOS="392" VPOS="2521" WIDTH="27" />
<String CONTENT="v." HEIGHT="29" HPOS="420" VPOS="2531" WIDTH="41" />
<SP HEIGHT="40" HPOS="462" VPOS="2520" WIDTH="58" />
<String CONTENT="25" HEIGHT="40" HPOS="521" VPOS="2520" WIDTH="60" />
<String CONTENT="cm" HEIGHT="21" HPOS="578" STYLE="superscript" VPOS="2522" WIDTH="46" />
<String CONTENT="." HEIGHT="7" HPOS="630" VPOS="2552" WIDTH="8" />
</TextLine>
<TextLine CS="1" HEIGHT="50" HPOS="640" VPOS="2574" WIDTH="1644">
<String CONTENT="CONTENTS.&#8212;v." CS="1" HEIGHT="30" HPOS="640" VPOS="2586" WIDTH="104" />
<SP HEIGHT="42" HPOS="745" VPOS="2574" WIDTH="38" />
<String CONTENT="2." HEIGHT="42" HPOS="784" VPOS="2574" WIDTH="42" />
<SP HEIGHT="40" HPOS="827" VPOS="2576" WIDTH="34" />
<String CONTENT="Automobiles," HEIGHT="48" HPOS="862" VPOS="2575" WIDTH="343" />
<SP HEIGHT="47" HPOS="1206" VPOS="2576" WIDTH="36" />
<String CONTENT="by" HEIGHT="47" HPOS="1243" VPOS="2576" WIDTH="60" />
<SP HEIGHT="46" HPOS="1304" VPOS="2577" WIDTH="36" />
<String CONTENT="Berkeley" HEIGHT="48" HPOS="1341" VPOS="2576" WIDTH="238" />
<SP HEIGHT="48" HPOS="1580" VPOS="2576" WIDTH="35" />
<String CONTENT="Reynolds" HEIGHT="47" HPOS="1616" VPOS="2576" WIDTH="247" />
<SP HEIGHT="39" HPOS="1864" VPOS="2576" WIDTH="32" />
<String CONTENT="Davids.&#8212;v." HEIGHT="43" HPOS="1897" VPOS="2574" WIDTH="304" />
<SP HEIGHT="42" HPOS="2202" VPOS="2575" WIDTH="39" />
<String CONTENT="3." HEIGHT="42" HPOS="2242" VPOS="2575" WIDTH="42" />
</TextLine>
<TextLine HEIGHT="52" HPOS="293" VPOS="2629" WIDTH="1990">
<String CONTENT="Bail" HEIGHT="39" HPOS="293" VPOS="2633" WIDTH="110" />
<SP HEIGHT="38" HPOS="404" VPOS="2635" WIDTH="22" />
<String CONTENT="and" HEIGHT="39" HPOS="427" VPOS="2634" WIDTH="96" />
<SP HEIGHT="39" HPOS="524" VPOS="2634" WIDTH="21" />
<String CONTENT="recognizance" HEIGHT="48" HPOS="546" VPOS="2633" WIDTH="342" />
<SP HEIGHT="38" HPOS="889" VPOS="2635" WIDTH="19" />
<String CONTENT="to" HEIGHT="38" HPOS="909" VPOS="2635" WIDTH="48" />
<SP HEIGHT="41" HPOS="958" VPOS="2632" WIDTH="22" />
<String CONTENT="Constitutional" HEIGHT="42" HPOS="981" VPOS="2631" WIDTH="382" />
<SP HEIGHT="39" HPOS="1364" VPOS="2633" WIDTH="22" />
<String CONTENT="law.&#8212;v." HEIGHT="39" HPOS="1387" VPOS="2633" WIDTH="216" />
<SP HEIGHT="43" HPOS="1604" VPOS="2629" WIDTH="22" />
<String CONTENT="4." HEIGHT="43" HPOS="1627" VPOS="2629" WIDTH="42" />
<SP HEIGHT="40" HPOS="1670" VPOS="2632" WIDTH="23" />
<String CONTENT="Contempt" HEIGHT="47" HPOS="1694" VPOS="2632" WIDTH="259" />
<SP HEIGHT="39" HPOS="1954" VPOS="2633" WIDTH="20" />
<String CONTENT="to" HEIGHT="38" HPOS="1975" VPOS="2634" WIDTH="47" />
<SP HEIGHT="41" HPOS="2023" VPOS="2632" WIDTH="25" />
<String CONTENT="Criminal" HEIGHT="42" HPOS="2049" VPOS="2631" WIDTH="234" />
</TextLine>
<TextLine HEIGHT="38" HPOS="294" VPOS="2692" WIDTH="106">
<String CONTENT="law." HEIGHT="38" HPOS="294" VPOS="2692" WIDTH="106" />
</TextLine>
<TextLine CS="1" HEIGHT="55" HPOS="294" VPOS="2739" WIDTH="1986">
<String CONTENT="v." HEIGHT="30" HPOS="294" VPOS="2757" WIDTH="43" />
<SP HEIGHT="40" HPOS="338" VPOS="2747" WIDTH="28" />
<String CONTENT="2," HEIGHT="46" HPOS="367" VPOS="2747" WIDTH="39" />
<SP HEIGHT="52" HPOS="407" VPOS="2742" WIDTH="31" />
<String CONTENT="&#169;" HEIGHT="52" HPOS="439" VPOS="2742" WIDTH="53" />
<SP HEIGHT="52" HPOS="493" VPOS="2742" WIDTH="27" />
<String CONTENT="Nov." HEIGHT="40" HPOS="521" VPOS="2746" WIDTH="117" />
<SP HEIGHT="40" HPOS="639" VPOS="2746" WIDTH="29" />
<String CONTENT="22," HEIGHT="47" HPOS="669" VPOS="2745" WIDTH="69" />
<SP HEIGHT="46" HPOS="739" VPOS="2746" WIDTH="30" />
<String CONTENT="1935;" CS="1" />
<SP HEIGHT="40" HPOS="910" VPOS="2746" WIDTH="32" />
<String CONTENT="2c." HEIGHT="39" HPOS="943" VPOS="2746" WIDTH="64" />
<SP HEIGHT="30" HPOS="1008" VPOS="2755" WIDTH="33" />
<String CONTENT="and" HEIGHT="38" HPOS="1042" VPOS="2746" WIDTH="95" />
<SP HEIGHT="38" HPOS="1138" VPOS="2746" WIDTH="29" />
<String CONTENT="aff." HEIGHT="41" HPOS="1168" VPOS="2744" WIDTH="83" />
<SP HEIGHT="40" HPOS="1252" VPOS="2745" WIDTH="30" />
<String CONTENT="Dec." HEIGHT="39" HPOS="1283" VPOS="2745" WIDTH="111" />
<SP HEIGHT="40" HPOS="1395" VPOS="2744" WIDTH="31" />
<String CONTENT="2;" HEIGHT="45" HPOS="1427" VPOS="2744" WIDTH="52" />
<SP HEIGHT="35" HPOS="1480" VPOS="2754" WIDTH="32" />
<String CONTENT="v." HEIGHT="27" HPOS="1513" VPOS="2757" WIDTH="42" />
<SP HEIGHT="39" HPOS="1556" VPOS="2745" WIDTH="26" />
<String CONTENT="3," HEIGHT="45" HPOS="1583" VPOS="2745" WIDTH="41" />
<SP HEIGHT="53" HPOS="1625" VPOS="2739" WIDTH="31" />
<String CONTENT="&#169;" HEIGHT="53" HPOS="1657" VPOS="2739" WIDTH="53" />
<SP HEIGHT="53" HPOS="1711" VPOS="2739" WIDTH="29" />
<String CONTENT="Dec." HEIGHT="38" HPOS="1741" VPOS="2745" WIDTH="112" />
<SP HEIGHT="39" HPOS="1854" VPOS="2744" WIDTH="30" />
<String CONTENT="5:" HEIGHT="39" HPOS="1885" VPOS="2744" WIDTH="52" />
<SP HEIGHT="40" HPOS="1938" VPOS="2743" WIDTH="33" />
<String CONTENT="2c." HEIGHT="41" HPOS="1972" VPOS="2743" WIDTH="67" />
<SP HEIGHT="30" HPOS="2040" VPOS="2754" WIDTH="31" />
<String CONTENT="and" HEIGHT="38" HPOS="2072" VPOS="2745" WIDTH="95" />
<SP HEIGHT="39" HPOS="2168" VPOS="2745" WIDTH="30" />
<String CONTENT="aff." HEIGHT="42" HPOS="2199" VPOS="2742" WIDTH="81" />
</TextLine>
<TextLine HEIGHT="53" HPOS="366" VPOS="2798" WIDTH="1914">
<String CONTENT="Dec." HEIGHT="40" HPOS="366" VPOS="2803" WIDTH="111" />
<SP HEIGHT="40" HPOS="478" VPOS="2803" WIDTH="23" />
<String CONTENT="10;" HEIGHT="46" HPOS="502" VPOS="2802" WIDTH="81" />
<SP HEIGHT="36" HPOS="584" VPOS="2812" WIDTH="29" />
<String CONTENT="v." HEIGHT="30" HPOS="614" VPOS="2813" WIDTH="43" />
<SP HEIGHT="40" HPOS="658" VPOS="2803" WIDTH="24" />
<String CONTENT="4," HEIGHT="46" HPOS="683" VPOS="2803" WIDTH="42" />
<SP HEIGHT="53" HPOS="726" VPOS="2798" WIDTH="26" />
<String CONTENT="&#169;" HEIGHT="53" HPOS="753" VPOS="2798" WIDTH="53" />
<SP HEIGHT="53" HPOS="807" VPOS="2798" WIDTH="25" />
<String CONTENT="Dec." HEIGHT="39" HPOS="833" VPOS="2803" WIDTH="109" />
<SP HEIGHT="37" HPOS="943" VPOS="2803" WIDTH="29" />
<String CONTENT="12;" HEIGHT="46" HPOS="973" VPOS="2802" WIDTH="82" />
<SP HEIGHT="47" HPOS="1056" VPOS="2801" WIDTH="27" />
<String CONTENT="2c." HEIGHT="40" HPOS="1084" VPOS="2801" WIDTH="67" />
<SP HEIGHT="29" HPOS="1152" VPOS="2812" WIDTH="27" />
<String CONTENT="and" HEIGHT="39" HPOS="1180" VPOS="2802" WIDTH="95" />
<SP HEIGHT="39" HPOS="1276" VPOS="2802" WIDTH="27" />
<String CONTENT="aff." HEIGHT="40" HPOS="1304" VPOS="2801" WIDTH="81" />
<SP HEIGHT="39" HPOS="1386" VPOS="2802" WIDTH="29" />
<String CONTENT="Dec." HEIGHT="40" HPOS="1416" VPOS="2802" WIDTH="111" />
<SP HEIGHT="40" HPOS="1528" VPOS="2802" WIDTH="27" />
<String CONTENT="17:" HEIGHT="39" HPOS="1556" VPOS="2802" WIDTH="81" />
<SP HEIGHT="40" HPOS="1638" VPOS="2801" WIDTH="29" />
<String CONTENT="A" HEIGHT="38" HPOS="1668" VPOS="2801" WIDTH="43" />
<SP HEIGHT="41" HPOS="1712" VPOS="2800" WIDTH="24" />
<String CONTENT="89941," HEIGHT="47" HPOS="1737" VPOS="2799" WIDTH="156" />
<SP HEIGHT="45" HPOS="1894" VPOS="2801" WIDTH="29" />
<String CONTENT="89784," HEIGHT="47" HPOS="1924" VPOS="2800" WIDTH="157" />
<SP HEIGHT="46" HPOS="2082" VPOS="2801" WIDTH="27" />
<String CONTENT="89909;" HEIGHT="49" HPOS="2110" VPOS="2798" WIDTH="170" />
</TextLine>
<TextLine HEIGHT="49" HPOS="365" VPOS="2858" WIDTH="582">
<String CONTENT="Bancroft-Whitney" HEIGHT="49" HPOS="365" VPOS="2858" WIDTH="487" />
<SP HEIGHT="38" HPOS="853" VPOS="2869" WIDTH="26" />
<String CONTENT="co." HEIGHT="30" HPOS="880" VPOS="2869" WIDTH="67" />
</TextLine>
<TextLine HEIGHT="64" HPOS="292" STYLEREFS="StyleId-08D12C1F-24B2-4D1C-94B1-DB093C9A7342-" VPOS="2961" WIDTH="646">
<String CONTENT="Campbell," HEIGHT="62" HPOS="292" VPOS="2962" WIDTH="317" />
<SP HEIGHT="61" HPOS="610" VPOS="2963" WIDTH="23" />
<String CONTENT="Reginald." HEIGHT="64" HPOS="634" VPOS="2961" WIDTH="304" />
</TextLine>
<TextLine CS="1" HEIGHT="71" HPOS="367" STYLEREFS="StyleId-FF3E6A37-605B-4AEF-9F53-C7EA11B37348-" VPOS="3034" WIDTH="1714">
<String CONTENT="[Adventures" HEIGHT="68" HPOS="367" VPOS="3037" WIDTH="378" />
<SP HEIGHT="35" HPOS="746" VPOS="3057" WIDTH="32" />
<String CONTENT="of" HEIGHT="53" HPOS="779" VPOS="3038" WIDTH="63" />
<SP HEIGHT="51" HPOS="843" VPOS="3038" WIDTH="32" />
<String CONTENT="a" HEIGHT="32" HPOS="876" VPOS="3057" WIDTH="30" />
<SP HEIGHT="46" HPOS="907" VPOS="3043" WIDTH="34" />
<String CONTENT="teak-wallah" HEIGHT="51" HPOS="942" VPOS="3038" WIDTH="365" />
<SP HEIGHT="51" HPOS="1308" VPOS="3038" WIDTH="36" />
<String CONTENT="in" HEIGHT="51" HPOS="1345" VPOS="3038" WIDTH="56" />
<SP HEIGHT="46" HPOS="1402" VPOS="3042" WIDTH="34" />
<String CONTENT="the" HEIGHT="51" HPOS="1437" VPOS="3037" WIDTH="94" />
<SP HEIGHT="51" HPOS="1532" VPOS="3036" WIDTH="34" />
<String CONTENT="forests" HEIGHT="53" HPOS="1567" VPOS="3036" WIDTH="206" />
<SP HEIGHT="35" HPOS="1774" VPOS="3054" WIDTH="33" />
<String CONTENT="of" HEIGHT="51" HPOS="1808" VPOS="3036" WIDTH="62" />
<SP HEIGHT="55" HPOS="1871" VPOS="3035" WIDTH="34" />
<String CONTENT="Siam]" HEIGHT="68" HPOS="1906" VPOS="3034" WIDTH="175" />
</TextLine>
<TextLine CS="1" HEIGHT="146" HPOS="291" STYLEREFS="StyleId-FF3E6A37-605B-4AEF-9F53-C7EA11B37348-" VPOS="3037" WIDTH="1964">
<String CONTENT="Humours" HEIGHT="132" HPOS="291" VPOS="3037" WIDTH="1964" />
<SP HEIGHT="35" HPOS="482" VPOS="3134" WIDTH="23" />
<String CONTENT="of" HEIGHT="52" HPOS="506" VPOS="3116" WIDTH="64" />
<SP HEIGHT="53" HPOS="571" VPOS="3116" WIDTH="23" />
<String CONTENT="a" HEIGHT="32" HPOS="595" VPOS="3137" WIDTH="30" />
<SP HEIGHT="66" HPOS="626" VPOS="3116" WIDTH="23" />
<String CONTENT="jungle" HEIGHT="67" HPOS="650" VPOS="3116" WIDTH="197" />
<SP HEIGHT="54" HPOS="848" VPOS="3115" WIDTH="23" />
<String CONTENT="&#8220;shoot." HEIGHT="53" HPOS="872" VPOS="3115" WIDTH="211" />
</TextLine>
<TextLine HEIGHT="52" HPOS="376" STYLEREFS="StyleId-E5EEB7FC-6AE9-4F8D-997F-5DAAE5F58526-" VPOS="3184" WIDTH="724">
<String CONTENT="(In." HEIGHT="47" HPOS="376" VPOS="3187" WIDTH="85" />
<SP HEIGHT="42" HPOS="462" VPOS="3185" WIDTH="23" />
<String CONTENT="Pearson&#8217;s," HEIGHT="50" HPOS="486" VPOS="3185" WIDTH="278" />
<SP HEIGHT="51" HPOS="765" VPOS="3184" WIDTH="28" />
<String CONTENT="July," HEIGHT="52" HPOS="794" VPOS="3184" WIDTH="130" />
<SP HEIGHT="47" HPOS="925" VPOS="3187" WIDTH="31" />
<String CONTENT="1935)" HEIGHT="49" HPOS="957" VPOS="3185" WIDTH="143" />
</TextLine>
<TextLine CS="1" HEIGHT="54" HPOS="296" VPOS="3240" WIDTH="1793">
<String CONTENT="&#169;" HEIGHT="53" HPOS="296" VPOS="3241" WIDTH="53" />
<SP />
<String CONTENT="1c." CS="1" />
<SP />
<String CONTENT="Aug." HEIGHT="46" HPOS="467" VPOS="3246" WIDTH="121" />
<SP HEIGHT="41" HPOS="589" VPOS="3244" WIDTH="24" />
<String CONTENT="27," HEIGHT="48" HPOS="614" VPOS="3244" WIDTH="69" />
<SP HEIGHT="46" HPOS="684" VPOS="3246" WIDTH="27" />
<String CONTENT="1935;" HEIGHT="46" HPOS="712" VPOS="3244" WIDTH="140" />
<SP HEIGHT="45" HPOS="853" VPOS="3245" WIDTH="24" />
<String CONTENT="A" HEIGHT="38" HPOS="878" VPOS="3245" WIDTH="40" />
<SP HEIGHT="38" HPOS="919" VPOS="3245" WIDTH="26" />
<String CONTENT="ad" HEIGHT="38" HPOS="946" VPOS="3245" WIDTH="61" />
<SP HEIGHT="39" HPOS="1008" VPOS="3244" WIDTH="25" />
<String CONTENT="int." HEIGHT="39" HPOS="1034" VPOS="3244" WIDTH="86" />
<SP HEIGHT="39" HPOS="1121" VPOS="3244" WIDTH="26" />
<String CONTENT="20524:" HEIGHT="40" HPOS="1148" VPOS="3243" WIDTH="169" />
<SP HEIGHT="37" HPOS="1318" VPOS="3253" WIDTH="29" />
<String CONTENT="pubd." HEIGHT="47" HPOS="1348" VPOS="3243" WIDTH="142" />
<SP HEIGHT="39" HPOS="1491" VPOS="3243" WIDTH="27" />
<String CONTENT="July" HEIGHT="46" HPOS="1519" VPOS="3243" WIDTH="116" />
<SP HEIGHT="46" HPOS="1636" VPOS="3243" WIDTH="24" />
<String CONTENT="1;" HEIGHT="44" HPOS="1661" VPOS="3243" WIDTH="51" />
<SP HEIGHT="45" HPOS="1713" VPOS="3242" WIDTH="30" />
<String CONTENT="R." HEIGHT="39" HPOS="1744" VPOS="3242" WIDTH="55" />
<SP HEIGHT="40" HPOS="1800" VPOS="3241" WIDTH="27" />
<String CONTENT="Campbell," HEIGHT="49" HPOS="1828" VPOS="3240" WIDTH="261" />
</TextLine>
<TextLine CS="1" HEIGHT="109" HPOS="366" VPOS="3241" WIDTH="1900">
<String CONTENT="Folkestone," HEIGHT="109" HPOS="366" VPOS="3241" WIDTH="1900" />
<SP HEIGHT="48" HPOS="518" VPOS="3302" WIDTH="29" />
<String CONTENT="Kent," HEIGHT="47" HPOS="548" VPOS="3302" WIDTH="143" />
<SP HEIGHT="47" HPOS="692" VPOS="3302" WIDTH="30" />
<String CONTENT="England." HEIGHT="48" HPOS="723" VPOS="3301" WIDTH="234" />
</TextLine>
<TextLine HEIGHT="64" HPOS="294" STYLEREFS="StyleId-08D12C1F-24B2-4D1C-94B1-DB093C9A7342-" VPOS="3403" WIDTH="722">
<String CONTENT="Cassady," HEIGHT="63" HPOS="294" VPOS="3403" WIDTH="283" />
<SP HEIGHT="60" HPOS="578" VPOS="3405" WIDTH="27" />
<String CONTENT="Ralph," HEIGHT="64" HPOS="606" VPOS="3403" WIDTH="208" />
<SP HEIGHT="60" HPOS="815" VPOS="3407" WIDTH="31" />
<String CONTENT="1900-" HEIGHT="50" HPOS="847" VPOS="3405" WIDTH="169" />
</TextLine>
<TextLine CS="1" HEIGHT="67" HPOS="425" STYLEREFS="StyleId-FF3E6A37-605B-4AEF-9F53-C7EA11B37348-" VPOS="3474" WIDTH="1855">
<String CONTENT="&#8230;" CS="1" />
<SP HEIGHT="50" HPOS="425" VPOS="3481" WIDTH="31" />
<String CONTENT="The" HEIGHT="53" HPOS="457" VPOS="3480" WIDTH="118" />
<SP HEIGHT="35" HPOS="576" VPOS="3498" WIDTH="26" />
<String CONTENT="retail" HEIGHT="52" HPOS="603" VPOS="3480" WIDTH="165" />
<SP HEIGHT="52" HPOS="769" VPOS="3480" WIDTH="26" />
<String CONTENT="distribution" HEIGHT="55" HPOS="796" VPOS="3478" WIDTH="369" />
<SP HEIGHT="34" HPOS="1166" VPOS="3498" WIDTH="24" />
<String CONTENT="structure" HEIGHT="49" HPOS="1191" VPOS="3483" WIDTH="279" />
<SP HEIGHT="34" HPOS="1471" VPOS="3496" WIDTH="26" />
<String CONTENT="of" HEIGHT="53" HPOS="1498" VPOS="3476" WIDTH="63" />
<SP HEIGHT="53" HPOS="1562" VPOS="3476" WIDTH="26" />
<String CONTENT="the" HEIGHT="52" HPOS="1589" VPOS="3477" WIDTH="96" />
<SP HEIGHT="33" HPOS="1686" VPOS="3496" WIDTH="23" />
<String CONTENT="small" HEIGHT="52" HPOS="1710" VPOS="3477" WIDTH="165" />
<SP HEIGHT="51" HPOS="1876" VPOS="3477" WIDTH="25" />
<String CONTENT="city." HEIGHT="66" HPOS="1902" VPOS="3475" WIDTH="130" />
<SP HEIGHT="52" HPOS="2033" VPOS="3476" WIDTH="62" />
<String CONTENT="Based" HEIGHT="54" HPOS="2096" VPOS="3474" WIDTH="184" />
</TextLine>
<TextLine HEIGHT="71" HPOS="293" STYLEREFS="StyleId-FF3E6A37-605B-4AEF-9F53-C7EA11B37348-" VPOS="3552" WIDTH="1987">
<String CONTENT="on" HEIGHT="33" HPOS="293" VPOS="3576" WIDTH="72" />
<SP HEIGHT="34" HPOS="366" VPOS="3575" WIDTH="37" />
<String CONTENT="a" HEIGHT="34" HPOS="404" VPOS="3575" WIDTH="31" />
<SP HEIGHT="35" HPOS="436" VPOS="3575" WIDTH="34" />
<String CONTENT="study" HEIGHT="66" HPOS="471" VPOS="3557" WIDTH="171" />
<SP HEIGHT="47" HPOS="643" VPOS="3576" WIDTH="35" />
<String CONTENT="of" HEIGHT="52" HPOS="679" VPOS="3557" WIDTH="62" />
<SP HEIGHT="52" HPOS="742" VPOS="3557" WIDTH="35" />
<String CONTENT="the" HEIGHT="52" HPOS="778" VPOS="3557" WIDTH="94" />
<SP HEIGHT="51" HPOS="873" VPOS="3559" WIDTH="32" />
<String CONTENT="Waseca," HEIGHT="63" HPOS="906" VPOS="3559" WIDTH="252" />
<SP HEIGHT="65" HPOS="1159" VPOS="3557" WIDTH="34" />
<String CONTENT="Minnesota," HEIGHT="65" HPOS="1194" VPOS="3555" WIDTH="339" />
<SP HEIGHT="47" HPOS="1534" VPOS="3573" WIDTH="35" />
<String CONTENT="retail" HEIGHT="52" HPOS="1570" VPOS="3554" WIDTH="165" />
<SP HEIGHT="64" HPOS="1736" VPOS="3555" WIDTH="34" />
<String CONTENT="plant" HEIGHT="66" HPOS="1771" VPOS="3553" WIDTH="166" />
<SP HEIGHT="47" HPOS="1938" VPOS="3557" WIDTH="32" />
<String CONTENT="and" HEIGHT="53" HPOS="1971" VPOS="3552" WIDTH="111" />
<SP HEIGHT="53" HPOS="2083" VPOS="3552" WIDTH="36" />
<String CONTENT="trade" HEIGHT="52" HPOS="2120" VPOS="3552" WIDTH="160" />
</TextLine>
<TextLine CS="1" HEIGHT="148" HPOS="293" STYLEREFS="StyleId-FF3E6A37-605B-4AEF-9F53-C7EA11B37348-" VPOS="3630" WIDTH="1963">
<String CONTENT="area," HEIGHT="43" HPOS="295" VPOS="3652" WIDTH="147" />
<SP HEIGHT="60" HPOS="443" VPOS="3635" WIDTH="24" />
<String CONTENT="by" HEIGHT="65" HPOS="468" VPOS="3635" WIDTH="75" />
<SP HEIGHT="65" HPOS="544" VPOS="3635" WIDTH="24" />
<String CONTENT="Ralph" HEIGHT="67" HPOS="569" VPOS="3634" WIDTH="193" />
<SP HEIGHT="53" HPOS="763" VPOS="3634" WIDTH="27" />
<String CONTENT="Cassady," HEIGHT="67" HPOS="791" VPOS="3633" WIDTH="270" />
<SP HEIGHT="66" HPOS="1062" VPOS="3633" WIDTH="25" />
<String CONTENT="jr." HEIGHT="66" HPOS="1088" VPOS="3633" WIDTH="69" />
<SP HEIGHT="10" HPOS="1158" VPOS="3675" WIDTH="33" />
<String CONTENT="&#8230;" CS="1" />
<SP HEIGHT="33" HPOS="1248" VPOS="3652" WIDTH="32" />
<String CONTENT="and" HEIGHT="53" HPOS="1281" VPOS="3632" WIDTH="112" />
<SP HEIGHT="53" HPOS="1394" VPOS="3632" WIDTH="23" />
<String CONTENT="Harry" HEIGHT="64" HPOS="1418" VPOS="3634" WIDTH="199" />
<SP HEIGHT="66" HPOS="1618" VPOS="3632" WIDTH="22" />
<String CONTENT="J." HEIGHT="54" HPOS="1641" VPOS="3632" WIDTH="56" />
<SP HEIGHT="55" HPOS="1698" VPOS="3630" WIDTH="28" />
<String CONTENT="Ostlund" HEIGHT="55" HPOS="1727" VPOS="3630" WIDTH="249" />
<SP HEIGHT="52" HPOS="1977" VPOS="3630" WIDTH="32" />
<String CONTENT="&#8230;" CS="1" />
<SP HEIGHT="52" HPOS="2066" VPOS="3630" WIDTH="64" />
<String CONTENT="Minneapolis," HEIGHT="148" HPOS="293" VPOS="3630" WIDTH="1963" />
</TextLine>
<TextLine HEIGHT="67" HPOS="600" STYLEREFS="StyleId-FF3E6A37-605B-4AEF-9F53-C7EA11B37348-" VPOS="3709" WIDTH="1371">
<String CONTENT="The" HEIGHT="52" HPOS="600" VPOS="3711" WIDTH="122" />
<SP HEIGHT="52" HPOS="723" VPOS="3712" WIDTH="32" />
<String CONTENT="University" HEIGHT="66" HPOS="756" VPOS="3710" WIDTH="335" />
<SP HEIGHT="48" HPOS="1092" VPOS="3728" WIDTH="34" />
<String CONTENT="of" HEIGHT="51" HPOS="1127" VPOS="3711" WIDTH="62" />
<SP HEIGHT="51" HPOS="1190" VPOS="3711" WIDTH="34" />
<String CONTENT="Minnesota" HEIGHT="53" HPOS="1225" VPOS="3709" WIDTH="323" />
<SP HEIGHT="48" HPOS="1549" VPOS="3727" WIDTH="33" />
<String CONTENT="press" HEIGHT="49" HPOS="1583" VPOS="3726" WIDTH="156" />
<SP HEIGHT="47" HPOS="1740" VPOS="3726" WIDTH="39" />
<String CONTENT="[" HEIGHT="33" HPOS="1780" VPOS="3740" WIDTH="13" />
<String CONTENT="c" HEIGHT="20" HPOS="1797" STYLE="superscript" VPOS="3713" WIDTH="17" />
<String CONTENT="1935]" HEIGHT="60" HPOS="1821" VPOS="3711" WIDTH="150" />
</TextLine>
<TextLine CS="1" HEIGHT="54" HPOS="369" VPOS="3776" WIDTH="1913">
<String CONTENT="107" HEIGHT="40" HPOS="369" VPOS="3783" WIDTH="85" />
<SP HEIGHT="46" HPOS="455" VPOS="3784" WIDTH="22" />
<String CONTENT="p." HEIGHT="36" HPOS="478" VPOS="3794" WIDTH="41" />
<SP HEIGHT="39" HPOS="520" VPOS="3784" WIDTH="27" />
<String CONTENT="incl." HEIGHT="39" HPOS="548" VPOS="3784" WIDTH="109" />
<SP HEIGHT="40" HPOS="658" VPOS="3783" WIDTH="26" />
<String CONTENT="illus.," HEIGHT="45" HPOS="685" VPOS="3783" WIDTH="142" />
<SP HEIGHT="42" HPOS="828" VPOS="3786" WIDTH="28" />
<String CONTENT="tables," HEIGHT="45" HPOS="857" VPOS="3783" WIDTH="169" />
<SP HEIGHT="44" HPOS="1027" VPOS="3784" WIDTH="24" />
<String CONTENT="diagrs." HEIGHT="46" HPOS="1052" VPOS="3782" WIDTH="177" />
<SP HEIGHT="38" HPOS="1230" VPOS="3781" WIDTH="54" />
<String CONTENT="front." HEIGHT="39" HPOS="1285" VPOS="3781" WIDTH="150" />
<SP HEIGHT="47" HPOS="1436" VPOS="3781" WIDTH="28" />
<String CONTENT="(map)" HEIGHT="49" HPOS="1465" VPOS="3779" WIDTH="158" />
<SP HEIGHT="47" HPOS="1624" VPOS="3779" WIDTH="62" />
<String CONTENT="23&#189;" CS="1" HEIGHT="40" HPOS="1687" VPOS="3779" WIDTH="60" />
<String CONTENT="cm" HEIGHT="22" HPOS="1776" STYLE="superscript" VPOS="3780" WIDTH="43" />
<String CONTENT="." HEIGHT="7" HPOS="1825" VPOS="3812" WIDTH="8" />
<SP HEIGHT="47" HPOS="1834" VPOS="3779" WIDTH="64" />
<String CONTENT="(University" HEIGHT="50" HPOS="1899" VPOS="3776" WIDTH="307" />
<SP HEIGHT="37" HPOS="2207" VPOS="3788" WIDTH="25" />
<String CONTENT="of" HEIGHT="39" HPOS="2233" VPOS="3777" WIDTH="49" />
</TextLine>
<TextLine HEIGHT="47" HPOS="303" VPOS="3834" WIDTH="1497">
<String CONTENT="Minnesota" HEIGHT="39" HPOS="303" VPOS="3839" WIDTH="269" />
<SP HEIGHT="29" HPOS="573" VPOS="3849" WIDTH="27" />
<String CONTENT="studies" HEIGHT="41" HPOS="601" VPOS="3837" WIDTH="190" />
<SP HEIGHT="39" HPOS="792" VPOS="3837" WIDTH="24" />
<String CONTENT="in" HEIGHT="39" HPOS="817" VPOS="3837" WIDTH="51" />
<SP HEIGHT="29" HPOS="869" VPOS="3848" WIDTH="26" />
<String CONTENT="economics" HEIGHT="40" HPOS="896" VPOS="3837" WIDTH="270" />
<SP HEIGHT="28" HPOS="1167" VPOS="3847" WIDTH="26" />
<String CONTENT="and" HEIGHT="38" HPOS="1194" VPOS="3837" WIDTH="93" />
<SP HEIGHT="38" HPOS="1288" VPOS="3837" WIDTH="31" />
<String CONTENT="business," HEIGHT="39" HPOS="1320" VPOS="3836" WIDTH="233" />
<SP HEIGHT="30" HPOS="1554" VPOS="3845" WIDTH="58" />
<String CONTENT="no." HEIGHT="30" HPOS="1613" VPOS="3845" WIDTH="75" />
<SP HEIGHT="38" HPOS="1689" VPOS="3836" WIDTH="30" />
<String CONTENT="12)" HEIGHT="47" HPOS="1720" VPOS="3834" WIDTH="80" />
</TextLine>
<TextLine CS="1" HEIGHT="55" HPOS="299" VPOS="3887" WIDTH="1983">
<String CONTENT="&#169;" HEIGHT="52" HPOS="299" VPOS="3890" WIDTH="53" />
<SP HEIGHT="52" HPOS="353" VPOS="3890" WIDTH="34" />
<String CONTENT="Aug." HEIGHT="46" HPOS="388" VPOS="3895" WIDTH="117" />
<SP HEIGHT="37" HPOS="506" VPOS="3896" WIDTH="36" />
<String CONTENT="19," HEIGHT="48" HPOS="543" VPOS="3894" WIDTH="69" />
<SP HEIGHT="49" HPOS="613" VPOS="3893" WIDTH="34" />
<String CONTENT="1935;" CS="1" HEIGHT="47" HPOS="648" VPOS="3893" WIDTH="141" />
<SP HEIGHT="46" HPOS="790" VPOS="3894" WIDTH="36" />
<String CONTENT="2c." HEIGHT="40" HPOS="827" VPOS="3894" WIDTH="67" />
<SP HEIGHT="40" HPOS="895" VPOS="3894" WIDTH="38" />
<String CONTENT="Sept." HEIGHT="47" HPOS="934" VPOS="3894" WIDTH="126" />
<SP HEIGHT="38" HPOS="1061" VPOS="3895" WIDTH="37" />
<String CONTENT="12;" HEIGHT="46" HPOS="1099" VPOS="3893" WIDTH="80" />
<SP HEIGHT="36" HPOS="1180" VPOS="3903" WIDTH="38" />
<String CONTENT="aff." HEIGHT="40" HPOS="1219" VPOS="3892" WIDTH="80" />
<SP HEIGHT="40" HPOS="1300" VPOS="3892" WIDTH="40" />
<String CONTENT="Sept." HEIGHT="48" HPOS="1341" VPOS="3892" WIDTH="127" />
<SP HEIGHT="38" HPOS="1469" VPOS="3893" WIDTH="36" />
<String CONTENT="11:" HEIGHT="40" HPOS="1506" VPOS="3892" WIDTH="81" />
<SP HEIGHT="40" HPOS="1588" VPOS="3892" WIDTH="38" />
<String CONTENT="A" HEIGHT="38" HPOS="1627" VPOS="3892" WIDTH="41" />
<SP HEIGHT="40" HPOS="1669" VPOS="3891" WIDTH="33" />
<String CONTENT="85905;" HEIGHT="46" HPOS="1703" VPOS="3889" WIDTH="169" />
<SP HEIGHT="45" HPOS="1873" VPOS="3890" WIDTH="39" />
<String CONTENT="University" HEIGHT="49" HPOS="1913" VPOS="3887" WIDTH="282" />
<SP HEIGHT="37" HPOS="2196" VPOS="3899" WIDTH="35" />
<String CONTENT="of" HEIGHT="41" HPOS="2232" VPOS="3887" WIDTH="50" />
</TextLine>
<TextLine HEIGHT="51" HPOS="372" VPOS="3948" WIDTH="1044">
<String CONTENT="Minnesota," HEIGHT="49" HPOS="372" VPOS="3950" WIDTH="289" />
<SP HEIGHT="48" HPOS="662" VPOS="3951" WIDTH="35" />
<String CONTENT="Minneapolis." HEIGHT="48" HPOS="698" VPOS="3950" WIDTH="334" />
<SP HEIGHT="47" HPOS="1033" VPOS="3949" WIDTH="75" />
<String CONTENT="(A" HEIGHT="47" HPOS="1109" VPOS="3949" WIDTH="65" />
<SP HEIGHT="39" HPOS="1175" VPOS="3950" WIDTH="13" />
<String CONTENT="35-1510)" HEIGHT="47" HPOS="1189" VPOS="3948" WIDTH="227" />
</TextLine>
</TextBlock>
</PrintSpace>
</Page>
</Layout>
</alto>