2424 4375
1218 4028 135 49 1600

302 444 304 66 Hubbard,
634 445 266 53 Bernard
928 446 349 62 Rosecrans,
1308 449 171 50 1888-

373 522 1924 66 Cradle of the storms, by Bernard R. Hubbard … illustrated
302 599 154 53 from
499 599 395 68 photographs
936 599 171 52 taken
1150 600 75 66 by
1268 600 94 53 the
1408 600 222 53 author.
1705 600 137 54 New
1889 601 179 65 York,
2109 602 190 57 Dodd,

301 678 169 52 Mead
497 681 45 50 &
568 695 297 48 company,
893 680 149 50 1935.

371 760 76 35 xv,
476 748 87 41 285
588 759 44 38 p.
687 748 164 49 front.,
879 750 171 47 plates,
1078 749 164 49 ports.,
1270 759 151 38 maps.
1476 750 56 40 22½
1564 751 44 22 cm
1613 781 8 9 .

373 806 139 47 Maps
542 816 59 30 on
634 805 361 49 lining-papers.

303 859 52 53 ©
378 864 118 39 Nov.
521 863 39 47 6,
585 862 116 41 1935;
753 863 67 40 2c.
845 864 118 39 Nov.
988 863 55 39 11;
1097 863 82 40 aff.
1205 864 117 39 Nov.
1348 862 27 41 9;
1431 864 37 38 A
1495 863 142 40 88172;
1693 865 153 47 Dodd,
1874 865 142 38 Mead
2041 864 36 40 &
2101 874 81 38 co.,
2209 864 89 41 inc.

381 920 281 48 (35-24884)

303 1010 264 67 Hudson,
596 1011 238 65 Manley
864 1012 254 65 Ottmer,
1152 1015 171 50 1886-

372 1089 90 66 By
495 1087 201 70 pacific
727 1108 220 49 means;
981 1090 97 53 the
1109 1088 497 69 implementation
1637 1090 63 53 of
1734 1091 197 52 article
1964 1097 112 46 two
2110 1090 63 53 of
2205 1091 92 53 the

303 1173 131 62 pact
474 1167 63 54 of
576 1168 196 67 Paris;
816 1168 290 53 addresses
1146 1167 285 54 delivered
1473 1173 58 48 at
1570 1168 93 53 the
1705 1167 264 54 Fletcher
2006 1168 191 54 school
2236 1169 61 53 of

302 1249 108 50 law
447 1246 110 53 and
595 1246 325 67 diplomacy
957 1250 58 49 at
1051 1246 176 53 Tufts
1265 1246 228 67 college,
1529 1245 201 54 March
1771 1250 151 61 1935,
1959 1247 73 66 by
2068 1247 230 67 Manley

303 1322 1995 59 O. Hudson … New Haven. Pub. for the Fletcher school of
303 1404 108 50 law
440 1401 112 53 and
581 1402 324 67 diplomacy
934 1403 74 66 by
1037 1403 147 53 Yale
1209 1400 318 69 university
1557 1421 183 48 press;
1773 1403 258 58 London,
2061 1404 74 52 H.

303 1402 1970 133 Milford,
485 1479 229 56 Oxford
744 1480 319 66 university
1090 1498 175 49 press,
1295 1484 150 50 1935.

372 1549 615 49 vi p., 1 l., 200 p. 21 cm .
376 1607 100 40 The
514 1609 131 38 texts
680 1607 53 39 of
765 1608 184 39 several
989 1609 282 38 documents
1310 1608 184 40 related
1531 1611 48 36 to
1616 1607 350 40 international
2005 1607 291 41 arbitration

303 1662 1046 52 are given as appendices (p. [ 101]—187)
303 1717 52 53 ©
385 1722 101 40 Oct.
515 1721 70 47 22,
614 1721 141 48 1935;
785 1722 67 40 2c.
883 1723 101 40 Oct.
1013 1722 83 48 25;
1128 1722 81 40 aff.
1241 1723 101 40 Oct.
1373 1723 81 45 24;
1488 1724 40 38 A
1557 1721 170 48 86998;
1759 1724 119 39 Yale
1907 1723 129 41 univ.
2067 1734 148 38 press.

381 1779 280 48 (35-24861)

301 1868 154 65 Hull,
483 1869 221 53 Osman
730 1870 278 55 Ransom.

375 1947 221 67 Survey
628 1947 63 53 of
724 1948 95 53 the
852 1950 111 52 Los
994 1946 250 69 Angeles
1276 1947 115 67 city
1425 1948 236 66 schools,
1692 1949 74 66 by
1801 1948 215 55 Osman
2049 1951 67 51 R.
2152 1950 144 54 Hull

302 2027 112 51 and
446 2026 251 54 Willard
734 2027 54 54 S.
824 2027 171 52 Ford.
1094 2028 111 50 [Los
1238 2028 264 65 Angeles]
1540 2028 110 51 Los
1682 2027 248 66 Angeles
1962 2027 117 67 city
2109 2029 187 52 school

301 2105 243 63 district,
574 2107 149 52 1934.

366 2177 170 47 xxviii,
563 2177 85 41 395
677 2189 41 36 p.
774 2188 138 36 maps
940 2177 49 48 (1
1016 2177 144 48 fold.)
1197 2178 153 47 plans,
1380 2177 178 46 diagrs.
1588 2177 135 48 (part
1750 2178 143 48 fold.)
1929 2177 169 41 forms.
2153 2178 55 41 25½
2241 2180 42 21 cm
2289 2211 7 7 .

304 2231 52 53 ©
387 2237 126 46 Sept.
541 2233 70 50 24,
640 2233 141 48 1934;
811 2234 67 40 2c.
906 2235 96 39 and
1029 2233 82 41 aff.
1142 2234 100 40 Oct.
1272 2235 54 38 15;
1384 2235 39 38 A
1451 2234 170 47 77045;
1654 2235 93 39 Los
1775 2236 205 46 Angeles
2010 2234 98 49 city
2137 2236 159 40 school

372 2292 208 40 district.

299 2381 244 64 Hurley,
574 2382 265 54 Harland
872 2381 161 66 Lyle,
1069 2385 171 50 1902-

373 2457 124 55 Our
540 2458 132 54 debt
712 2464 59 47 to
817 2459 222 53 ancient
1083 2458 113 54 and
1240 2458 276 53 medieval
1561 2457 394 69 civilizations,
1999 2458 73 68 by
2114 2457 76 53 H.
2233 2457 62 53 L.

300 2536 253 66 Hurley;
589 2537 61 52 in
687 2535 344 69 conformity
1065 2535 140 54 with
1239 2536 95 52 the
1368 2536 304 68 European
1709 2535 362 69 background
2110 2553 185 35 course

300 2613 63 52 of
408 2613 95 55 the
549 2613 184 55 South
782 2613 226 53 Dakota
1056 2615 343 66 elementary
1447 2612 357 54 curriculum.
1898 2612 178 55 Sioux
2124 2613 171 67 Falls,

302 2690 56 53 S.
391 2691 90 67 D.,
511 2691 213 52 Brown
753 2693 46 48 &
829 2690 251 68 Saenger
1114 2725 12 34 [
1131 2698 18 22 c
1154 2693 133 48 1935
1294 2725 12 32 ]

370 2761 527 48 3 p. l., 96 p. 22½ cm .
371 2818 210 49 “Pupils’
611 2818 364 49 bibliography”:
1036 2830 43 37 p.
1110 2819 156 40 93-94.
1330 2819 281 40 “Teachers’
1642 2820 364 47 bibliography”:
2068 2832 43 37 p.
2141 2819 67 41 95.

303 2875 52 53 ©
384 2881 114 46 May
526 2878 69 49 20,
625 2878 114 41 1935;
797 2879 67 39 2c.
894 2880 94 38 and
1019 2878 81 39 aff.
1133 2879 126 46 Sept.
1290 2879 54 39 13;
1404 2879 42 38 A
1474 2878 142 40 85950;
1677 2880 178 38 Brown
1883 2880 36 39 &
1952 2880 221 46 Saenger,
2204 2879 85 39 inc.

382 2935 281 49 (35-25392)

298 3027 336 65 Kahmann,
665 3029 138 51 Mrs.
834 3025 194 54 Mable
1058 3025 311 66 (Chesley)
1409 3031 171 50 1901-

369 3105 168 55 Tara,
565 3104 283 68 daughter
874 3102 64 53 of
964 3103 95 52 the
1086 3102 262 69 Gypsies,
1372 3103 75 68 by
1476 3101 240 69 Chesley
1744 3102 337 67 Kahmann;
301 3103 1965 147 drawings

455 3182 74 67 by
557 3183 64 50 F.
650 3181 140 53 Luis
815 3182 182 51 Mora.
1062 3181 139 52 New
1231 3181 180 64 York,
1438 3181 77 52 H.
1547 3180 188 54 Smith
1765 3183 45 49 &
1837 3182 67 51 R.
1935 3182 178 67 Haas,
2144 3184 142 49 1935.

371 3257 88 40 288
485 3267 44 37 p.
559 3257 111 39 incl.
697 3256 165 47 front.,
891 3256 143 46 illus.,
1065 3257 170 46 plates.
1294 3254 55 40 21½
1382 3257 45 22 cm
1431 3287 9 8 .

367 3314 289 38 Illustrated
687 3312 361 48 lining-papers.

366 3370 160 39 “First
561 3368 259 49 printing.”

301 3422 53 52 ©
381 3427 115 38 Nov.
526 3427 40 45 4,
595 3426 113 39 1935;
765 3424 67 40 2c.
861 3425 116 40 Nov.
1006 3424 29 40 9;
1090 3424 82 40 aff.
1200 3426 116 37 Nov.
1348 3424 28 40 S;
1429 3425 42 38 A
1497 3424 143 41 89247;
1699 3426 62 39 M.
1792 3425 48 40 C.
1871 3425 273 46 Kahmann,
2174 3422 112 41 New

366 3483 143 39 York.
581 3481 279 49 (35-25379)

296 3583 259 65 Kipling,
587 3586 300 62 Rudyard,
920 3590 171 49 1865-

369 3662 153 51 Ham
572 3662 110 51 and
732 3662 94 52 the
874 3662 331 66 porcupine,
1255 3662 74 65 by
1378 3661 278 66 Rudyard
1706 3661 262 67 Kipling.
2057 3658 225 56 Garden

301 3738 150 55 City.
485 3740 68 50 N.
590 3740 90 64 Y.,
713 3739 356 65 Doubledav,
1101 3741 198 50 Doran
1333 3743 45 48 &
1410 3756 296 49 company,
1739 3738 125 65 inc.,
1898 3741 147 49 1935.

368 3809 535 46 2p. l., 3-8 p. 19 cm .
300 3860 52 53 ©
391 3865 100 40 Oct.
530 3866 38 46 1,
607 3865 115 40 1935;
784 3866 67 39 2c.
889 3867 93 38 and
1021 3865 80 40 aff.
1142 3866 102 40 Oct.
1280 3866 26 38 2;
1373 3866 40 38 A
1451 3865 142 41 87446;
1663 3866 53 39 R.
1756 3865 213 48 Kipling,
2009 3866 271 40 Batemans,

369 3923 252 46 Burwasli,
654 3923 192 42 Sussex.
876 3922 235 48 England.
1182 3921 279 50 (35-24925)
