2424 4375
1245 4005 134 51 1630

314 357 236 66 Dewey,
584 358 189 65 Ralph
806 360 334 65 Lawrence,
1176 364 170 50 1901-

386 435 119 53 The
545 435 136 69 long
718 438 113 52 and
871 437 160 54 short
1067 438 136 52 haul
1244 437 283 69 principle
1565 439 64 53 of
1669 446 120 46 rate
1829 440 322 68 regulation
2196 443 105 68 [by]

314 513 1993 76 Ralph L. Dewey … Columbus, O., The Ohio state university,
316 596 150 51 1935.

386 662 64 49 ix,
480 662 85 42 287
594 673 42 38 p.
697 663 116 41 23cm.
884 663 100 49 (On
1010 674 164 32 cover:
1204 663 138 52 [Ohio
1372 667 130 39 state
1532 664 287 52 university]
1867 666 365 45 Contributions
2260 670 49 41 in

317 721 266 41 economics.
656 731 76 32 no.
765 721 51 48 1)

388 777 123 42 Ohio
541 779 129 39 state
699 778 272 48 university
998 777 201 45 studies.

388 834 281 41 “Graduate
696 835 163 40 school
888 834 194 42 series.”

386 890 173 41 Thesis
597 890 109 49 (PH.
765 890 389 49 D.)—University
1181 892 50 39 of
1262 890 259 50 Michigan,
1552 892 126 41 1929.

389 946 248 43 “Selected
671 947 366 50 bibliography”:
1099 959 43 38 p.
1174 948 217 43 275-278.

387 1003 179 42 “Table
595 1004 52 40 of
674 1015 136 30 cases
839 1005 154 41 cited”:
1053 1016 43 38 p.
1126 1004 219 43 279-284.

315 1057 53 53 ©
398 1063 114 46 May
542 1061 68 48 27,
643 1062 140 47 1935;
817 1063 66 40 2c.
914 1063 96 39 and
1040 1062 83 41 aff.
1155 1062 102 41 Oct.
1288 1063 52 46 3;
1375 1064 39 38 A
1446 1062 170 48 87440;
1650 1063 121 40 Ohio
1804 1066 128 39 state
1965 1065 128 39 univ.

394 1118 280 49 (35-28256)

314 1193 327 66 Dockeray,
670 1196 182 63 Floyd
882 1194 259 67 Carlton,
1173 1200 170 49 1880-
1555 1196 83 53 ed.

389 1273 229 55 Studies
652 1274 59 52 in
745 1274 193 55 infant
970 1275 289 66 behavior,
1291 1275 34 52 by
1397 1276 264 66 Dorothy
1693 1277 145 51 Rose
1872 1276 226 66 Disher,
2127 1278 88 53 W.
2248 1278 57 51 L.

316 1352 1994 71 Valentine and Isabelle Wagner [and others] … Edited by
316 1431 1994 72 F. C. Dockeray … [Columbus] The Ohio state university
315 1528 176 49 press,
520 1513 149 50 1934.

389 1583 63 48 ix,
489 1582 54 41 93
616 1594 42 37 p.
726 1583 143 47 illus.,
940 1583 143 47 diagrs.
1152 1582 54 41 23
1211 1586 43 20 cm
1260 1615 7 8 .
1346 1584 95 48 (On
1482 1595 162 29 cover:
1686 1584 139 49 [Ohio
1862 1588 131 37 state
2029 1585 281 50 university]

315 1640 368 40 Contributions
714 1641 49 37 in
794 1640 292 47 psychology.
1159 1649 74 30 no.
1266 1640 80 49 12)

389 1697 121 40 Ohio
541 1699 128 37 state
699 1695 272 49 university
1001 1696 199 40 studies.

385 1753 280 41 “Graduate
697 1754 164 39 school
893 1753 192 40 series.”

387 1812 128 40 “The
544 1810 372 47 investigations
945 1810 224 48 reported
1198 1810 49 38 in
1278 1811 100 38 this
1405 1811 296 48 monograph
1732 1822 84 30 are
1845 1822 26 28 a
1903 1811 338 41 continuation
2264 1812 49 40 of

317 1868 82 40 the
425 1868 134 39 work
587 1867 326 48 inaugurated
941 1866 60 48 by
1030 1867 82 39 Dr.
1142 1868 53 38 A.
1226 1867 50 40 P.
1305 1867 159 40 Weiss
1490 1866 49 40 in
1568 1869 81 38 the
1680 1868 420 48 Starling-Loving
318 1868 1980 102 university
447 1923 225 47 hospital.
748 1923 101 39 The
881 1924 196 46 general
1111 1932 175 36 survey
1318 1923 53 38 of
1404 1922 162 40 infant
1599 1922 233 40 behavior
1864 1933 100 30 was
1999 1925 222 45 reported
2253 1923 58 46 by

318 1978 155 49 Pratt,
502 1979 193 47 Nelson,
723 1981 96 38 and
849 1979 110 45 Sun,
1022 1979 101 40 ['The
1152 1979 234 40 behavior
1413 1979 53 40 of
1493 1981 81 39 the
1601 1979 226 41 newborn
1859 1980 192 51 infant’]
2081 1981 81 39 the
2193 1979 118 42 Ohio

314 2040 127 39 state
471 2038 273 47 university
773 2049 148 37 press,
952 2038 48 39 in
1031 2037 351 41 1936.”—Pref.

663 2096 162 38 CONTENTS.—The
855 2094 241 41 reactions
1127 2095 51 39 of
1204 2095 227 39 newborn
1462 2095 190 39 infants
1681 2098 48 37 to
1759 2095 234 41 chemical
2022 2095 184 41 stimuli
315 2096 1980 97 administered
627 2152 205 48 nasally,
861 2153 59 46 by
949 2152 220 46 Dorothy
1198 2151 53 39 R.
1281 2151 481 42 Disher.—Relative
1787 2164 103 28 arm
1920 2152 212 49 motility
2159 2153 48 39 in
2234 2153 78 40 the

315 2210 225 40 newborn
572 2210 178 46 infant,
780 2210 61 47 by
871 2210 68 39 W.
971 2209 48 38 L.
1051 2207 260 43 Valentine
1338 2209 96 39 and
1467 2208 206 43 Isabelle
1704 2209 462 47 Wagner.—Innate
319 2218 1975 88 emotional
513 2275 254 39 responses
806 2266 49 38 in
897 2266 203 46 infants,
1142 2266 61 47 by
1241 2265 43 39 J.
1328 2266 59 39 H.
1430 2265 527 48 Taylor.—Responses
1999 2266 50 39 of
2089 2266 221 40 newborn

317 2323 189 40 infants
533 2325 47 38 to
605 2322 116 48 pain
747 2322 319 48 stimulation,
1092 2323 62 47 by
1182 2322 50 39 F.
1261 2321 48 41 C.
1338 2322 255 47 Dockeray
1619 2323 95 38 and
1743 2322 252 41 Charlotte
2024 2322 127 40 Rice.

321 2376 51 53 ©
409 2381 109 39 Feb.
554 2380 39 47 5,
630 2380 141 41 1935;
808 2379 67 40 2c.
912 2380 98 39 and
1043 2378 82 41 aff.
1162 2378 102 41 Oct.
1300 2379 53 46 3;
1392 2379 40 38 A
1466 2377 169 48 87439;
1676 2378 121 41 Ohio
1836 2381 129 38 state
2000 2379 128 40 univ.
2166 2387 143 39 press.

399 2436 280 49 (35-28255)

318 2512 172 64 Doré,
518 2513 240 54 Robert.

391 2590 302 66 Cévennes,
728 2591 200 67 Velay,
964 2588 286 68 Vivarais,
1286 2591 318 65 Rouergue,
1638 2587 295 69 Albigeois
1986 2589 216 68 Gorges
2236 2589 73 52 du

319 2671 173 63 Tarn,
549 2668 501 66 Bas-Languedoc,
1104 2686 106 48 par
1266 2668 212 52 Robert
1533 2669 163 51 Doré.
1777 2668 183 66 Paris,
2015 2668 294 65 Hachette,

321 2750 148 49 1934.

385 2819 153 48 xlviii,
567 2820 87 39 437
683 2829 56 37 p.,
770 2819 24 38 1
847 2850 7 8 l.
912 2829 137 38 maps
1078 2817 134 48 (part
1239 2817 143 47 fold.)
1450 2817 53 40 16
1508 2820 43 20 cm
1555 2848 8 9 .
1634 2818 115 47 (Les
1778 2816 168 48 guides
1977 2818 159 48 bleus)

321 2872 1987 53 © Mar. 9, 1934; 1c. Nov. 20; A-Foreign 26210; Librairie Hachette.
320 2965 370 63 Dougherty,
721 2964 193 55 Ethel.

390 3035 1917 72 How the world drinks, by Ethel Dougherty … illustrated by
326 3119 154 51 Erna
524 3119 295 50 Borresen.
899 3116 314 67 Nashville,
1258 3117 195 66 Tenn.,
1499 3116 67 52 R.
1614 3116 67 53 R.
1726 3116 328 53 Alexander
2096 3117 46 51 &
2183 3129 123 38 sons

345 3198 174 64 [ c 1935]
393 3264 1095 51 1 p. l. , vii-x, 279 p, front., illus. 19½ cm .
320 3322 54 53 ©
402 3327 117 38 Nov.
549 3327 40 45 4,
621 3325 118 41 1935;
791 3325 67 40 2c.
890 3326 96 38 and
1016 3324 81 41 aff.
1129 3326 118 38 Nov.
1278 3323 52 46 9;
1364 3325 41 38 A
1436 3324 169 46 89266;
1640 3324 54 40 R.
1729 3325 53 39 R.
1816 3324 275 39 Alexander
2121 3324 35 39 &
2186 3330 120 32 sons.

399 3382 279 48 (35-28761)

321 3470 309 65 Duhamel,
664 3471 276 64 Georges,
976 3474 171 49 1884-

391 3549 121 51 The
542 3549 259 52 fortunes
832 3548 62 52 of
924 3548 94 52 the
1050 3548 320 67 Pasquiers,
1401 3549 73 66 by
1505 3548 247 66 Georges
1784 3548 279 51 Duhamel;
326 3551 1956 126 translated
514 3626 153 51 from
706 3626 96 52 the
838 3626 220 52 French
1098 3627 75 65 by
1213 3625 227 55 Samuel
1480 3627 264 52 Putnam.
1821 3626 137 52 New
1997 3624 161 54 York
2197 3621 104 54 and

325 3704 253 60 London,
605 3705 231 64 Harper
862 3707 44 49 &
931 3703 276 67 brothers,
1238 3706 147 50 1935.

393 3776 88 39 xiii,
525 3776 84 39 344
640 3786 40 36 p.
737 3774 53 39 21
796 3778 43 21 cm
844 3805 8 8 .

395 3830 160 40 “First
585 3830 225 40 edition.”

323 3882 53 53 ©
399 3888 117 38 Nov.
543 3888 68 45 15,
638 3887 112 39 1935;
804 3886 66 40 2c.
897 3887 116 39 Nov.
1042 3887 55 39 14;
1152 3885 81 41 aff.
1261 3887 111 39 Dec.
1399 3887 29 39 6;
1480 3887 42 38 A
1548 3884 141 43 89438;
1744 3887 194 46 Harper
1962 3886 36 39 &
2025 3886 122 38 bros.

403 3943 279 47 (35-28734)
