2424 4375
1297 4049 100 49 644

433 519 158 38 Blank
620 529 145 37 pages
793 519 79 39 for
900 519 204 41 “Notes”
1142 519 97 46 ([19]
1284 522 50 36 at
1365 519 116 47 end)

435 573 145 41 “This
620 574 190 41 volume
850 575 40 40 is
932 586 61 30 an
1035 576 229 47 abridged
1308 575 181 40 edition
1533 575 52 40 of
1625 575 260 49 ‘Hygiene:
1930 586 25 29 a
2000 577 226 40 textbook
2270 578 76 39 for

363 633 176 46 college
574 631 473 42 students’.”—Pref.

362 698 52 52 ©
441 703 112 46 Apr.
583 701 68 42 30,
682 701 139 47 1935;
853 702 64 40 2c.
949 703 96 39 and
1071 701 82 41 aff.
1184 703 116 47 May
1325 702 52 46 1;
1409 702 40 39 A
1478 702 169 47 81658;
1679 703 50 39 P.
1758 702 297 41 Blakiston’s
2085 712 84 31 son
2200 704 37 39 &
2266 713 81 37 co.,

430 760 88 39 inc.
590 758 250 48 (35-7005)

358 861 279 53 National
670 862 274 53 research
979 861 240 54 council.
1293 862 268 53 Division
1590 863 62 66 of
1685 863 304 68 chemistry
2022 864 113 53 and
428 864 1898 127 chemical
566 939 350 67 technology.

430 1016 234 53 Annual
709 1034 203 50 survey
957 1016 64 54 of
1065 1017 303 53 American
1414 1018 319 67 chemistry.
1816 1019 241 53 Volume
2102 1022 48 62 9,
2198 1021 148 49 1934.

362 1093 1985 70 Edited by Clarence J. West … New York, N. Y., Pub. for The
359 1171 273 54 National
661 1174 253 51 research
945 1174 217 51 council
1192 1174 73 53 by
1294 1174 285 52 Reinhold
1608 1174 334 67 publishing
1970 1175 378 67 corporation,

362 1253 149 50 1935.

429 1337 86 41 396
542 1348 41 37 p.
641 1337 126 40 illus.
826 1337 53 40 21½
912 1340 44 21 cm
960 1369 7 7 .

361 1406 52 55 ©
435 1410 112 47 Apr.
569 1409 69 47 26,
661 1409 140 47 1935;
826 1409 64 40 2c.
914 1409 97 39 and
1033 1408 81 41 aff.
1138 1410 113 46 May
1276 1409 80 46 17;
1382 1408 40 39 A
1444 1407 169 48 83159;
1643 1409 116 39 Natl.
1799 1409 229 47 academy
2050 1409 54 40 of
2125 1406 224 51 sciences,

430 1466 334 48 Washington.

360 1568 142 53 New
533 1568 160 53 York
727 1567 216 67 (State)
1028 1568 182 65 Laws,
1239 1573 255 60 statutes,
1521 1573 100 48 etc.

434 1643 235 55 Cahill’s
698 1647 138 51 New
866 1645 161 53 York
1056 1645 135 52 code
1219 1643 63 53 of
1310 1643 261 53 criminal
1602 1644 324 67 procedure.
1994 1646 132 50 1935
362 1663 1960 112 cumulative
576 1723 374 66 supplement,
994 1721 333 67 containing
1366 1722 97 53 the
1504 1726 136 50 laws
1683 1723 232 52 enacted
1960 1729 58 47 at
2058 1723 95 51 the
2198 1725 148 65 1929,

364 1803 150 63 1930,
549 1804 151 63 1931,
736 1803 150 62 1932,
924 1803 148 62 1933,
1111 1803 134 49 1934
1279 1800 236 53 sessions
1546 1799 327 69 (including
1904 1800 95 53 the
361 1801 1959 144 extraordinary
533 1878 264 67 sessions)
839 1878 111 52 and
979 1878 96 51 the
1102 1878 231 63 regular
1362 1881 131 49 1935
1524 1878 209 52 session
1762 1879 62 51 of
1852 1879 95 52 the
1975 1877 370 69 Legislature.

361 1953 1964 149 Edited by Austin B. Griffin … Chicago, Callaghan and company, 1935.
430 2120 612 48 1 p. l., ii, 111 p. 26½ cm .
361 2190 52 52 ©
438 2194 112 46 May
573 2192 69 47 15,
666 2191 140 48 1935;
831 2191 64 40 2c.
923 2192 95 38 and
1043 2190 80 40 aff.
1152 2191 112 47 May
1288 2190 81 47 23;
1396 2190 40 39 A
1458 2189 169 47 81945;
1658 2190 268 48 Callaghan
1953 2191 36 40 &
2012 2200 66 30 co.

359 2296 145 51 New
539 2295 179 52 York.
792 2296 269 51 Museum
1098 2294 63 52 of
1195 2294 242 52 modern
1472 2296 114 51 art.
1660 2293 170 54 Lillie
1864 2297 65 50 P.
1965 2295 152 53 Bliss
431 2295 1893 130 collection.

492 2448 1853 67 … The Lillie P. Bliss collection, 1934. New York [Plantin
359 2547 173 48 press,
562 2531 151 63 1934]

429 2611 1530 52 3 p. l., 88 p., 2 l. incl. front. (port.) illus. plates. 25½ cm .
430 2686 62 39 At
517 2686 123 38 head
667 2685 54 39 of
743 2684 135 41 title:
904 2684 101 39 The
1030 2685 219 37 Museum
1276 2683 52 38 of
1354 2682 197 40 modern
1576 2684 93 38 art.

433 2740 227 41 “Sixteen
684 2740 219 39 hundred
928 2740 161 47 copies
1112 2739 51 40 of
1189 2738 100 40 this
1311 2738 193 46 catalog
1526 2747 125 30 were
1679 2736 234 49 printed.”

432 2797 173 40 Edited
630 2798 61 46 by
713 2797 170 38 Alfred
910 2797 59 38 H.
994 2797 140 45 Barr,
1160 2795 87 47 jr.;
1276 2796 107 38 text
1405 2795 61 47 by
1490 2794 201 39 various
1712 2792 205 41 writers.

432 2855 223 39 Includes
683 2852 388 49 bibliographies.

362 2922 52 52 ©
445 2924 127 48 Sept.
599 2925 39 46 7,
670 2922 115 41 1934;
839 2922 67 40 2c.
934 2923 109 38 Jan.
1071 2921 68 47 16,
1168 2921 140 46 1935;
1338 2920 82 40 aff.
1449 2921 110 39 Dec.
1588 2921 68 47 11,
1686 2919 139 48 1934;
1856 2921 40 38 A
1925 2920 168 47 80047;
2126 2921 218 39 Museum

428 2982 54 39 of
508 2982 197 38 modern
735 2982 91 44 art,
855 2980 116 38 New
1002 2979 141 38 York.
1215 2976 279 51 (34-32469)

362 3082 120 51 The
525 3082 147 53 Ohio
715 3083 108 50 law
866 3084 269 63 reporter,
1214 3080 222 52 volume
1478 3082 82 49 40.
1652 3078 313 69 (Covering
2006 3080 94 51 the
2144 3078 197 68 period

432 3159 151 51 from
610 3160 172 66 April
810 3162 48 62 2,
887 3161 135 49 1934
1043 3163 59 47 to
1130 3158 245 53 October
1401 3160 84 62 29,
1515 3160 134 48 1934
1675 3155 299 69 inclusive)
2046 3158 55 51 A
2129 3155 211 68 weekly

432 3238 244 65 journal,
709 3235 299 68 published
1042 3235 57 52 in
1133 3236 95 52 the
1260 3237 234 50 interest
1526 3235 62 53 of
1622 3235 94 52 the
1749 3236 149 65 legal
1930 3234 319 67 profession
2280 3235 59 51 in

431 3315 93 50 the
564 3317 142 48 state
745 3314 62 52 of
846 3314 163 54 Ohio.
1085 3312 279 52 Rowland
1406 3311 277 67 Shepard,
1722 3313 197 51 editor.
1998 3310 343 67 Cincinnati,

429 3392 118 51 The
577 3393 148 53 Ohio
753 3395 108 49 law
887 3394 255 63 reporter
1168 3407 294 49 company,
1493 3392 146 51 1935.

427 3478 97 47 xiv,
551 3477 84 41 679
663 3489 40 36 p.
759 3477 56 39 24
819 3479 44 22 cm
865 3508 7 8 .

362 3545 52 52 ©
437 3550 113 45 May
570 3548 68 49 13,
663 3547 139 47 1935;
826 3547 64 41 2c.
914 3548 113 46 May
1051 3547 81 46 15;
1162 3545 79 41 aff.
1266 3546 114 47 May
1404 3546 82 46 14;
1510 3546 40 38 A
1572 3545 169 46 81824;
1770 3545 120 40 Ohio
1915 3546 94 39 law
2032 3546 216 46 reporter
2273 3552 64 30 co.

361 3666 245 63 Oshorg,
636 3667 184 53 Hans.

432 3740 283 65 Lithium;
757 3738 326 57 theoretical
1122 3739 210 54 studies
1372 3738 110 54 and
1523 3738 272 67 practical
1836 3735 392 69 applications,
2266 3734 71 67 by

363 3812 1970 147 Dr. Hans Osborg … with a foreword by Professor B. S. Hopkins … New York city, The Electrochemical society, inc.,
370 3973 146 48 1935.
