2424 4375
1237 4077 135 54 1272

320 459 280 66 Winkler,
628 462 154 53 John
810 462 303 63 Kennedy,
1144 465 170 51 1891-

389 537 1919 68 The Du Pont dynasty, by John K . Winkler. New York,
317 614 224 69 Reynal
568 617 47 51 &
642 614 318 53 Hitchcock
995 646 14 35 [
1012 620 19 21 c
1035 617 153 64 1935]

424 720 9 17 x,
461 687 86 40 342
573 699 44 38 p.
647 686 109 42 incl.
784 687 181 49 geneal.
994 686 169 50 tables,
1193 686 154 50 diagr.
1406 687 150 42 front.
1615 686 57 40 22½
1704 688 44 23 cm
1752 718 9 10 .

389 745 288 41 Illustrated
714 743 363 50 lining-papers.

319 799 53 54 ©
407 804 128 47 Sept.
568 803 69 46 11,
669 800 141 48 1935;
845 802 64 39 2c.
949 801 127 48 Sept.
1110 800 81 47 12;
1228 800 82 41 aff.
1348 801 127 48 Sept.
1510 802 81 46 13;
1627 802 40 39 A
1701 800 170 48 85952;
1908 802 43 39 J.
1986 801 59 39 K.
2081 800 229 48 Winkler,

389 861 120 40 New
526 860 145 39 York.
743 858 279 49 (35-16330)

316 949 120 52 The
470 948 198 55 World
703 947 147 54 book
883 946 426 69 encyclopedia;
1346 945 252 68 modern,
1631 947 284 67 pictorial,
386 948 1896 129 comprehensive

536 1022 1496 71 … Chicago, W. F. Quarrie & company [ c 1935]
388 1096 58 41 19
501 1128 10 10 v.
562 1096 128 41 illus.
719 1095 133 50 (incl.
874 1096 175 49 ports.)
1083 1096 158 49 plates
1269 1095 137 49 (part
1430 1095 111 50 col.)
1576 1104 136 40 maps
1740 1096 134 48 (part
1899 1096 197 48 double)
2132 1096 177 47 diagrs.

316 1152 57 41 25½
406 1155 45 22 cm
455 1189 8 8 .

386 1210 161 49 Paged
574 1209 352 48 continuously.

386 1265 231 42 Revision
643 1266 170 49 editor,
841 1265 43 42 S.
909 1265 54 42 E.
987 1265 271 50 Farquhar.

387 1322 102 45 Vol.
514 1323 57 41 19;
624 1322 222 49 Reading
871 1324 94 40 and
993 1324 146 48 study
1162 1322 157 49 guide.

392 1379 128 42 “The
550 1379 166 41 World
743 1379 124 42 book
894 1378 339 50 encyclopedia
1260 1378 338 49 bibliography;
1659 1392 28 30 a
1720 1380 84 41 list
1835 1380 52 41 of
1916 1380 149 41 books
2096 1380 79 41 for
316 1391 1975 93 supplementary

644 1436 214 48 reading,
884 1436 235 48 compiled
1142 1436 63 48 by
1230 1436 166 41 James
1421 1435 54 42 G.
1498 1436 247 48 Hodgson,
1770 1438 209 41 assisted
2003 1438 63 47 by
2090 1438 140 47 Mary
2257 1438 51 41 E.

318 1491 200 42 Foster”
552 1493 80 48 (19
655 1503 43 38 p.
726 1495 51 39 at
801 1494 91 40 end
916 1493 53 41 of
992 1504 42 30 v.
1058 1493 80 49 18)
1175 1493 90 41 has
1291 1492 180 49 special
1498 1495 98 46 t.-p.

320 1547 53 54 ©
396 1553 121 47 Aug.
540 1552 69 47 24,
636 1551 114 41 1935;
802 1552 67 40 2c.
890 1553 121 39 each
1038 1551 127 48 Sept.
1189 1552 55 39 21;
1300 1551 80 41 aff.
1410 1552 126 48 Sept.
1561 1552 54 40 12;
1668 1553 41 40 A
1736 1552 141 41 87213;
1995 1586 8 8 W.
2030 1554 51 40 F.
2108 1554 206 47 Quarrie

389 1609 37 39 &
451 1620 67 28 co.
582 1608 281 49 [Copyright
890 1608 43 40 is
961 1608 204 40 claimed
1194 1619 60 29 on
1284 1619 109 28 new
1417 1608 241 48 material]
1731 1609 280 49 (35-16713)

321 1697 303 65 Worthen,
652 1698 271 54 Edmund
950 1698 197 65 Louis,
1177 1703 170 50 1882-

389 1775 175 52 Farm
590 1774 155 68 soils,
770 1774 150 54 their
946 1780 397 63 management
1371 1775 111 53 and
1512 1774 395 68 fertilization,
1936 1776 73 67 by
2038 1775 268 54 Edmund

319 1853 65 53 L.
425 1852 281 55 Worthen
751 1894 58 11 …
887 1852 73 53 2d
1003 1853 85 53 ed.
1166 1853 139 52 New
1349 1853 179 68 York,
1570 1853 57 54 J.
1669 1853 191 69 Wiley
1898 1856 47 50 &
1983 1871 149 51 sons,
2170 1857 108 50 inc.;

319 1930 258 68 London,
605 1929 301 69 Chapman
933 1933 47 51 &
1006 1930 162 68 Hall,
1193 1929 241 68 limited,
1464 1933 151 51 1935.

387 2004 105 49 xiii,
525 2004 89 41 468
645 2015 44 37 p.
723 2003 110 41 incl.
870 2003 164 49 front.,
1070 2004 144 47 illus.,
1249 2002 180 49 diagrs.
1495 2003 56 40 21
1554 2006 44 22 cm
1603 2035 9 9 .
1688 2001 278 51 (Half-title;
2020 2005 102 39 The
2159 2005 150 48 Wiley

318 2061 132 41 farm
477 2062 163 46 series,
669 2062 70 39 ed.
767 2061 62 48 by
856 2061 53 39 A.
937 2061 60 40 K.
1027 2060 205 41 Getman
1268 2091 45 9 …
1344 2061 95 39 and
1469 2060 49 42 O.
1548 2061 53 39 E.
1631 2060 161 47 Ladd)
1915 2058 128 50 $2.75

390 2117 294 42 “Extensive
724 2117 209 49 changes
979 2148 46 10 …
1070 2118 124 40 have
1238 2117 117 40 been
1399 2117 143 40 made
1585 2118 298 48 throughout
1929 2117 99 41 this
2069 2127 106 31 new
320 2117 1970 100 edition.”—Pref.
682 2177 49 39 to
755 2174 59 41 2d
839 2175 71 40 ed.

391 2231 347 42 “References”
765 2234 55 38 at
842 2232 93 40 end
960 2230 54 41 of
1039 2231 120 40 each
1186 2231 215 47 chapter.

322 2285 52 53 ©
401 2289 121 48 Aug.
547 2289 70 46 21,
643 2287 114 41 1935;
815 2287 66 41 2c.
910 2288 95 40 and
1035 2287 82 41 aff.
1148 2287 120 48 Aug.
1295 2287 55 40 23;
1410 2288 40 38 A
1480 2286 146 41 85590;
1683 2288 52 38 E.
1765 2287 48 39 L.
1847 2287 246 47 Worthen,
2126 2289 182 46 Ithaca,

392 2347 56 39 N.
476 2347 52 38 Y.
601 2344 278 50 (35-15752)

322 2436 194 63 Wren,
543 2435 267 53 Percival
838 2434 405 64 Christopher,
1273 2438 172 50 1885-

391 2514 119 52 The
538 2514 187 52 desert
749 2513 273 66 heritage,
1048 2512 75 66 by
1149 2511 261 54 Percival
1439 2511 374 66 Christopher
1838 2512 191 53 Wren.
2096 2512 212 53 Boston

322 2592 111 53 and
461 2592 138 51 New
628 2590 179 66 York,
833 2589 318 67 Houghton
1179 2586 202 56 Mifflin
1408 2605 297 50 company,
1734 2591 148 50 1935.

389 2662 649 50 3 p. l., 337, [1] p. 19½cm.
391 2721 146 38 “This
566 2721 139 37 novel
734 2719 42 39 is
807 2719 252 47 published
1087 2719 65 45 by
1177 2717 130 40 John
1337 2718 201 45 Murray
1569 2716 49 38 in
1651 2717 222 46 England
1906 2717 152 42 under
2090 2717 81 39 the
2203 2716 106 39 title

322 2776 224 48 ‘Spanish
572 2774 218 41 maine’.”

323 2829 52 53 ©
405 2834 127 47 Sept.
555 2833 40 45 3,
622 2831 140 46 1935;
790 2831 68 40 2c.
887 2831 126 48 Sept.
1040 2831 25 39 7;
1121 2828 79 41 aff.
1232 2828 127 49 Sept.
1388 2829 51 46 6;
1469 2828 40 39 A
1535 2826 170 48 86220;
1736 2828 50 38 P.
1814 2827 49 41 C.
1891 2828 160 47 Wren,
390 2828 1901 108 Beaconsfield,

549 2888 237 49 England.
857 2886 279 49 (35-14880)

320 2978 271 64 Wrench,
621 2979 168 52 Jesse
818 2976 217 65 Erwin,
1065 2981 170 49 1882-

391 3056 123 52 The
552 3056 195 51 march
788 3054 63 54 of
891 3053 368 65 civilization,
1300 3052 240 66 ancient,
1580 3050 298 66 medieval,
1921 3050 111 53 and
2073 3050 230 53 modern

323 3134 197 65 world,
564 3133 74 66 by
686 3135 157 53 Jesse
889 3134 67 50 E.
1005 3130 248 55 Wrench
1305 3175 55 8 …
1447 3130 138 52 New
1633 3127 180 68 York,
1861 3128 251 67 Chicago
2166 3132 133 63 [etc.]

322 3213 62 54 C.
416 3210 310 56 Scribner’s
753 3229 127 34 sons
913 3242 13 34 [
928 3216 21 21 c
954 3211 151 63 1935]

390 3283 170 46 xxviii,
588 3283 87 40 867
698 3293 43 37 p.
796 3282 83 39 col.
907 3282 163 46 front.,
1098 3281 143 47 illus.,
1271 3280 86 39 col.
1385 3280 170 47 plates,
1584 3288 151 37 maps,
1766 3276 177 49 diagrs.
2001 3276 114 40 20cm.

390 3340 263 40 Published
680 3339 50 38 in
758 3338 113 40 1931
898 3338 50 38 in
975 3340 94 37 two
1099 3336 227 40 volumes.

393 3396 348 47 Bibliography
771 3398 51 37 at
851 3395 90 39 end
970 3394 53 38 of
1048 3395 128 38 most
1202 3393 52 39 of
1279 3392 84 40 the
1389 3392 239 46 chapters.

322 3449 52 53 ©
401 3454 116 46 July
543 3452 68 49 26,
639 3451 113 40 1935;
807 3450 66 40 2c.
901 3451 96 39 and
1023 3449 81 40 aff.
1132 3449 118 46 Aug.
1277 3449 55 38 17;
1387 3448 41 38 A
1454 3447 169 45 85875;
1656 3446 202 40 Charles
1889 3443 262 42 Scribner’s
2181 3452 120 32 sons.

395 3499 1605 114 [Copyright is claimed on new chapter LXXIX and revisions] (35-15886)
323 3654 250 65 Yeager,
601 3655 154 52 Dorr
783 3653 66 55 G.

391 3732 124 52 Bob
546 3732 216 65 Flame,
788 3728 197 67 Rocky
1015 3725 296 56 mountain
1340 3743 226 50 ranger,
1594 3724 77 67 by
1700 3723 158 52 Dorr
1885 3721 69 55 G.
1987 3721 222 67 Yeager
2246 3758 51 11 …

321 3809 138 52 New
483 3807 179 64 York,
687 3807 191 65 Dodd,
903 3805 171 53 Mead
1101 3806 46 50 &
1174 3819 295 49 company,
1500 3805 149 48 1935.

393 3881 27 39 5
445 3891 42 37 p.
548 3910 8 16 l.,
586 3880 87 40 278
694 3890 41 37 p.
795 3878 162 46 front.,
984 3877 169 48 plates.
1212 3875 55 39 21
1272 3877 43 21 cm
1320 3906 9 9 .

324 3932 53 54 ©
414 3937 128 47 Sept.
577 3936 68 46 18,
680 3934 139 45 1935;
857 3934 65 39 2c.
958 3933 127 47 Sept.
1119 3932 82 45 23;
1239 3931 82 39 aff.
1360 3930 126 47 Sept.
1522 3928 82 46 21;
1642 3929 40 38 A
1716 3926 168 47 87180;
1924 3927 57 38 D.
2018 3925 51 40 G.
2106 3925 192 44 Yeager,

393 3995 143 38 Estes
565 3992 142 46 Park,
738 3991 98 40 Col.
905 3986 278 51 (35-16583)
