2424 4375
1030 4018 96 49 841

108 394 233 62 Adams,
368 392 273 52 Thomas.

174 469 230 56 Outline
435 468 61 54 of
527 475 153 46 town
712 468 111 52 and
857 468 114 66 city
1003 467 298 67 planning,
1334 487 30 33 a
1397 466 203 52 review
1630 467 63 51 of
1725 471 132 63 past
1886 463 195 56 efforts

106 545 1976 67 and modern aims, by Thomas Adams … foreword by Franklin
102 628 65 50 D.
198 626 308 52 Roosevelt.
571 625 138 51 New
739 623 176 65 York,
944 622 223 53 Russell
1199 621 149 69 Sage
1374 622 361 67 foundation,
1768 626 147 49 1935.

171 700 23 38 3
220 710 40 36 p.
283 699 43 45 1,
351 697 144 40 5-368
517 706 43 37 p.
613 696 163 46 front.,
803 696 141 45 illus.,
970 695 302 47 map,-plans,
1301 694 152 49 diagr.
1509 695 58 40 23½
1596 698 15 19 cm
1644 726 7 8 .

171 753 433 48 “Bibliographical
630 752 164 40 notes”
815 763 8 29 :
852 763 42 37 p.
938 751 233 49 [339]-342.

104 823 50 52 ©
179 828 117 37 Mar.
324 825 67 46 15,
420 822 138 47 1935;
586 822 66 41 2c.
680 822 95 40 and
801 822 80 40 aff.
910 822 111 48 Apr.
1050 823 52 45 8;
1133 822 40 39 A
1200 820 169 48 82426;
1403 822 193 40 Russell
1628 822 123 48 Sage
1777 823 305 40 foundation.

102 943 180 65 Allen,
311 943 250 52 Edward
589 941 262 64 Switzer,
881 942 170 54 1887-

171 1020 285 68 Six-place
504 1018 206 67 tables;
763 1037 31 33 a
844 1016 262 55 selection
1157 1018 64 53 of
1267 1016 178 55 tables
1495 1018 64 53 of
1606 1035 244 51 squares,
1901 1020 182 66 cubes,

100 1118 192 50 square
319 1100 169 56 roots,
515 1097 136 52 cube
677 1101 169 61 roots,
872 1094 135 54 fifth
1034 1100 152 49 roots
1214 1096 112 52 and
1354 1114 235 49 powers,
1617 1095 464 55 circumferences

103 1177 105 52 and
248 1194 156 35 areas
442 1174 63 53 of
541 1174 210 67 circles,
791 1192 253 34 common
1084 1172 338 69 logarithms
1462 1173 63 54 of
1562 1174 264 55 numbers
1866 1177 109 51 and
2018 1175 64 52 of

103 1255 88 51 the
230 1253 426 68 trigonometric
698 1252 305 67 functions,
1043 1251 94 52 the
1176 1252 230 51 natural
1446 1249 431 70 trigonometric
103 1253 1955 145 functions,
305 1332 225 52 natural
577 1330 354 68 logarithms,
975 1330 362 67 exponential
1385 1330 111 52 and
1542 1329 330 69 hyperbolic
102 1332 1954 141 functions,
305 1410 111 51 and
461 1409 289 68 integrals,
796 1408 136 52 with
981 1407 376 69 explanatory
1400 1412 157 50 notes
1601 1408 76 69 by
1722 1408 252 55 Edward
2024 1410 55 55 S.

102 1485 1977 67 Allen … 5th ed. New York and London, McGraw-Hill book
100 1583 287 48 company,
421 1564 124 62 inc.,
581 1567 147 49 1935.

168 1638 134 46 xxiii,
334 1638 85 39 175
448 1648 41 37 p.
551 1640 24 36 1
609 1637 126 39 illus.
797 1637 57 39 18
855 1640 14 19 cm
902 1668 7 8 .

101 1706 50 52 ©
175 1711 124 38 June
322 1709 67 49 12,
418 1708 113 41 1935
547 1719 9 36 ;
584 1708 67 40 2c.
678 1709 128 39 June
828 1708 54 39 15
899 1719 8 35 ;
939 1707 81 41 aff.
1048 1708 126 40 June
1204 1707 54 41 18
1277 1718 8 36 ;
1314 1708 40 39 A
1382 1708 147 41 83690'
1543 1720 9 36 ;
1583 1709 348 41 McGraw-Hill
1960 1712 122 39 book

165 1777 79 36 co.,
270 1767 89 39 inc.
429 1764 250 50 (35-8365)

101 1867 1978 70 Atlantic digest. June, 1935, cumulative pamphlet … Table
165 1946 1820 70 of cases digested … St. Paul, West publishing co. [ c 1935]
165 2021 83 39 424
275 2032 42 36 p.
370 2021 55 38 24
429 2023 42 20 cm
476 2051 7 8 .

101 2088 50 52 ©
181 2093 122 41 June
331 2093 38 38 5.
399 2091 112 41 1935
531 2102 7 35 ;
567 2092 67 38 2c.
663 2091 95 39 und
785 2090 82 40 aff.
896 2091 115 47 July
1037 2090 54 40 15
1110 2100 8 36 ;
1149 2090 40 39 A
1218 2089 141 40 84629
1378 2101 8 36 ;
1420 2092 133 40 West
1580 2092 107 47 pub.
1720 2103 52 29 co.

120 2195 210 64 [Béchu,
359 2196 217 53 Marcel
605 2196 218 52 Ernest]
875 2195 172 58 1879-

225 2272 1852 70 … Murat; cavalier, maréchal de France, prince et roi, par
102 2351 205 53 Marcel
339 2352 238 65 Dupont
633 2350 189 66 [pseud.]
921 2348 183 62 Paris,
1138 2350 282 53 Hachette
1461 2355 170 63 [1934]

167 2421 1552 52 349, [1 ] p.. 1 l. front. (port.) 23 cm . (Figures du passé)
102 2477 1976 53 © Nov. 14,1931 ; 1c. Mar. 6, 1935 ; A-Foreign 27127 ; Librairie Hachette.
176 2538 248 48 (35-8922)

99 2641 266 57 Bennett,
394 2644 204 62 Henry
626 2640 272 66 Garland,
929 2646 169 50 1886-
1310 2659 177 49 comp.

222 2716 1857 69 … Trail breaking, by Henry Garland Bennett … New
99 2793 1764 70 York, Cincinnati [etc.] American book company [ c 1935]
165 2870 77 46 vii,
270 2870 87 40 620
382 2881 41 36 p.
481 2868 54 41 23½
568 2871 15 21 cm
618 2901 8 6 .
691 2868 302 48 (Literature
1014 2868 81 40 for
1121 2869 84 39 the
1228 2868 114 47 high
1373 2870 186 45 school)

169 2922 1909 49 “Examples … in poetry, of narrative, lyric, and dramatic typos; in
98 2989 145 38 prose,
273 2982 51 39 of
353 2981 84 40 the
465 2981 153 46 diary,
651 2981 82 41 the
766 2980 154 48 letter,
954 2979 386 49 autobiography
1372 2981 94 39 and
1496 2979 280 49 biography,
1812 2982 80 39 the
1926 2991 153 37 essay,

98 3036 76 40 the
199 3039 134 39 short
359 3039 148 46 story,
533 3037 94 40 and
654 3037 82 40 the
760 3035 372 41 novel.”—Pref.

162 3093 365 48 “Biographical
557 3093 145 40 index
729 3093 51 39 of
805 3092 257 41 authors”;
1091 3102 44 37 p.
1162 3091 215 42 607-618.

101 3148 49 52 ©
175 3153 126 39 June
323 3152 68 46 19,
417 3152 112 40 1935
548 3162 8 36 ;
586 3152 67 39 2c.
681 3152 93 39 and
801 3150 79 39 aff.
909 3151 129 39 June
1060 3150 55 39 22
1133 3162 8 30 ;
1172 3151 41 38 A
1238 3149 168 48 84399;
1437 3152 155 39 Amer.
1622 3152 122 39 book
1772 3163 65 30 co.

176 3208 247 48 (35-8983)

98 3311 326 64 Burkhard,
452 3312 184 53 Oscar
664 3310 151 64 Carl,
843 3311 84 52 ed.

221 3386 1853 66 … Vier kleine lustspiele, edited with notes, exercises, and
99 3462 1976 71 vocabulary, by O. C. Burkhard … Boston, New York [etc.]
95 3540 1043 69 D. C. Heath and company [ c 1935]
164 3623 41 33 V.
229 3615 84 40 212
342 3625 42 37 p.
443 3612 56 41 19
502 3616 44 20 cm
551 3645 7 8 .
630 3612 228 47 (Heath’s
884 3614 200 38 modern
1113 3614 238 47 language
1380 3615 172 44 series)

425 3688 69 19 CONTENTS.—
495 3669 93 40 Ein
620 3669 163 47 knopf,
818 3679 90 29 von
941 3668 165 41 Julius
1137 3670 234 40 Rosen.—
1375 3669 148 41 Einer
1553 3682 130 31 muss
1714 3669 243 44 heiraten!
1992 3684 91 29 von

97 3724 265 44 Alexander
409 3725 598 49 Wilhelmi.—Eigensinn,
1062 3736 88 30 von
1200 3726 241 40 Roderich
1489 3728 447 42 Benedix.—Unter
1981 3730 104 40 vier

127 3792 131 37 augen,
286 3794 91 29 von
404 3782 202 46 Ludwig
633 3782 170 42 Fulda.

103 3835 49 53 ©
180 3843 111 46 May
323 3841 67 41 27,
424 3840 112 40 1935
555 3851 8 30 ;
597 3838 66 41 2c.
695 3839 125 39 June
851 3839 54 39 21
923 3850 9 35 ;
972 3839 79 40 aff.
1086 3841 124 40 June
1241 3839 56 41 24
1316 3851 8 35 ;
1361 3842 40 38 A
1435 3841 141 41 84391
1595 3854 8 30 :
1640 3843 51 40 O.
1726 3844 48 40 C.
1809 3845 274 41 Burkhard,

168 3897 331 48 Minneapolis.
564 3895 277 49 [Copyright
874 3895 41 41 is
954 3897 204 39 claimed
1193 3908 61 30 on
1290 3898 209 50 preface,
1535 3902 149 46 notes,
1718 3899 241 42 exercises
1991 3903 96 39 and

166 3956 304 46 vocabulary]
545 3951 249 49 (35-8946)
