2526 4384
1311 4070 99 47 136

353 457 277 66 Kästner,
661 457 196 67 Erich,
889 466 170 49 1899-

515 538 1833 69 … Drei männer im schnee; eine erzählung. Zürich, Rascher
354 614 523 69 & cie a. g. [ c 1934]
425 688 581 50 277, [1] p., 1 l. 19 ½ cm.
360 756 1989 52 © Nov. 10, 1934; 1c. Jan. 8. 1935; A -Foreign 26617; Rascher & cie.,
425 828 118 36 a.-g.,
574 818 177 47 verlag.
824 817 249 48 (35-2666)

355 920 183 65 Kane,
567 920 154 53 John
750 920 263 65 Francis,
1044 926 168 49 1881-
1426 922 83 56 ed.

431 996 364 69 Picturesque
822 998 264 53 America;
1144 1018 71 33 an
1243 999 322 53 illustrated
1594 1001 221 50 volume
1844 998 139 54 with
2010 1000 339 67 descriptive

360 1080 134 61 text,
519 1075 302 69 especially
843 1078 279 65 prepared
1148 1077 93 52 for
1265 1078 145 67 park
1435 1079 111 51 and
1572 1079 363 66 playground
1959 1078 256 65 sections,
2239 1079 110 51 and

359 1170 151 37 some
534 1154 292 55 selections
854 1154 153 54 from
1032 1155 126 53 well
1181 1156 208 51 known
1417 1156 232 52 authors
1676 1154 331 69 expressing
2032 1157 94 51 the
2154 1155 194 54 varied

362 1233 204 65 appeal
599 1233 63 52 of
695 1234 264 52 out-door
989 1230 104 55 life
1126 1233 58 50 in
1217 1232 280 53 America.
1574 1233 212 55 Edited
1817 1233 75 67 by
1924 1234 156 54 John
2112 1233 237 54 Francis

362 1309 179 52 Kane.
617 1310 137 55 Rev.
794 1311 84 52 ed.
953 1312 139 51 New
1131 1311 179 66 York,
1348 1311 120 52 The
1508 1309 193 56 Union
1738 1311 218 67 library
1996 1311 353 57 association,

363 1393 148 51 1934.

426 1463 88 40 256
537 1474 42 37 p.
635 1464 84 39 col.
745 1463 164 47 front.,
937 1463 126 40 illus.
1094 1462 131 48 (incl.
1253 1463 163 48 maps)
1478 1463 145 40 25½m.

362 1530 55 52 ©
443 1535 117 39 Nov.
588 1534 69 47 22,
686 1533 141 48 1934;
858 1534 66 40 2c.
954 1535 118 39 Nov.
1102 1534 81 47 30;
1216 1534 79 40 aff.
1329 1536 110 38 Dec.
1471 1534 83 47 28;
1587 1535 42 39 A
1657 1533 170 44 79492;
1861 1535 41 39 J.
1936 1535 49 38 F.
2016 1535 152 47 Kane,
429 1535 1907 103 Montclair,
591 1593 55 39 N.
676 1592 41 39 J.
789 1591 249 48 (35-2526)

355 1691 1990 71 Kansas digest. 1934 cumulative annual pocket parts … [for]
428 1773 1555 67 V. 1-10 … St, Paul, West publishing co. [c1934]
429 1846 322 39 10 v. 25½cm.
430 1904 152 39 These
614 1903 273 47 pamphlets
918 1912 87 30 are
1032 1906 48 36 to
1110 1903 55 39 be
1196 1902 137 40 fitted
1365 1902 102 40 into
1498 1903 80 39 the
1610 1902 197 48 pockets
1838 1905 52 38 at
1922 1903 82 39 the
2035 1902 122 39 back
2189 1902 53 40 of
2271 1903 81 39 the

358 1961 214 39 volumes
601 1960 51 39 of
677 1960 81 39 the
785 1962 73 37 set
883 1962 49 37 to
960 1959 158 40 which
1143 1961 114 46 they
1285 1960 182 46 belong.

363 2028 51 51 ©
444 2033 108 39 Dec.
582 2031 68 41 19,
678 2032 112 40 1934;
847 2032 67 40 2c.
945 2032 107 39 Jan.
1082 2030 69 50 21,
1180 2032 139 46 1935;
1351 2031 80 40 aff.
1463 2032 107 38 Jan.
1600 2031 83 41 24:
1715 2031 40 39 A
1784 2030 168 41 80180:
1984 2032 134 38 West
2148 2030 106 48 pub.
2285 2039 65 30 co.

359 2151 188 63 Korff,
575 2150 224 54 Walter
825 2152 224 62 Henry.

432 2226 1918 69 Lightplane design, by Walter H. Korff … 3d ed., rev. 110
363 2303 1657 70 illustrations … Mt. Vernon, Ill. , C. A. Stelle. 1935.
429 2380 56 39 48
513 2391 41 36 p.
611 2381 171 45 plates,
812 2380 176 47 diagrs.
1047 2380 112 39 25cm.

364 2433 1988 51 © Dec. 10, 1934; 2c. Jan. 14, 1935; aff. Feb. 1: A 80329; W. H . Korff.
431 2494 83 39 Mt.
547 2494 206 45 Vernon,
784 2494 73 39 Ill.
929 2492 248 48 (35-2373)

357 2596 269 65 Lapaire,
654 2598 134 54 Leo.

357 2672 1971 149 … Die ewige maske, roman. Zürich [etc.] Kommissionsverlag Rascher & co., a. g., 1934.
430 2826 89 40 259
544 2836 39 37 p.
641 2824 146 40 20½cm.

431 2884 198 38 “Erstes
653 2881 77 40 bis
753 2880 196 41 zweites
973 2880 249 41 tausend.”

365 2934 1986 53 © Mar. 29, 1934; 1c. Jan. 8, 1935; A-Foreign 26618: Rascher & cie.,
431 3006 120 37 a.-g.,
588 2996 176 46 verlag.
837 2994 249 48 (35-2668)

363 3096 248 63 Leavell,
641 3097 299 51 Landrum
969 3094 236 65 Pinson,
1239 3097 323 54 1874-1929.

435 3171 1913 68 The new B. Y. P. U. manual, by L. P. Leavell … Nashville.
367 3251 192 59 Tenn.,
590 3252 119 52 The
742 3250 234 68 Sunday
1005 3251 188 53 school
1223 3252 172 51 board
1429 3250 64 53 of
1522 3251 92 52 the
1647 3250 280 56 Southern
1962 3250 230 66 Baptist
368 3267 1952 115 convention
647 3332 175 62 [c1934]

437 3401 85 38 114
548 3411 41 37 p.
617 3400 108 39 inch
754 3400 143 44 illus.,
925 3400 165 40 forms.
1152 3399 113 40 19cm.

439 3456 305 47 “Copyright.
775 3455 128 40 1922.
965 3455 253 40 Corrected
1253 3457 91 38 and
1379 3455 308 47 copyrighted
1724 3455 155 40 1934.”

367 3509 57 53 ©
449 3515 101 39 Oct.
579 3514 68 45 18,
677 3513 139 46 1934;
846 3512 64 40 2c.
940 3514 108 38 Jan.
1079 3513 38 45 2,
1148 3512 139 42 1935;
1321 3513 79 39 aff.
1433 3514 107 38 Jan.
1572 3513 82 45 31;
1687 3513 39 37 A
1757 3511 168 41 77955;
1962 3511 197 47 Sunday
2189 3512 161 39 school

432 3571 148 39 board
611 3570 52 39 of
694 3571 82 38 the
808 3569 240 40 Southern
1081 3569 196 47 Baptist
1307 3569 297 40 convention.
1670 3569 279 47 [Copyright
1982 3569 41 38 is
2055 3569 202 38 claimed
2291 3578 59 28 on

431 3626 225 48 revision]
729 3625 248 49 (35-2675)

363 3725 131 63 Lee,
523 3727 241 62 Dwight
793 3725 218 63 Erwin,
1043 3732 168 49 1898-

436 3801 175 55 Great
643 3803 225 53 Britain
903 3804 109 51 and
1043 3804 93 51 the
1167 3805 224 66 Cyprus
1420 3802 332 56 convention
1789 3803 185 66 policy
2002 3802 62 51 of
2097 3803 148 64 1878,
2272 3801 73 66 by

367 3879 1976 69 Dwight E. Lee … Cambridge. Harvard university press;
366 3957 254 68 London,
651 3959 76 52 H.
758 3956 263 68 Milford,
1051 3957 227 55 Oxford
1308 3957 315 67 university
1654 3976 171 48 press,
1858 3962 147 48 1934.
