2424 4375
1235 4060 137 49 2142

404 519 359 48 318 p. 19½ cm .
333 571 53 54 ©
447 587 35 29 1c.
517 577 111 39 Dec.
661 576 68 47 19,
763 574 139 43 1935;
938 576 42 40 A
1009 576 61 39 ad
1103 574 85 42 int.
1223 574 170 43 20961;
1429 576 140 48 pubd.
1605 577 102 40 Oct.
1741 576 82 48 21;
1861 578 84 39 Ivo
1981 576 170 41 Geikie
2182 578 141 48 Cobb,

401 633 212 40 London.
677 632 250 49 (36-3547)

332 734 299 65 Whitney,
658 736 72 54 U.
757 736 67 53 G.

402 811 483 69 Skeleton-digest
923 812 63 53 of
1024 830 149 37 cases
1213 812 350 54 determined
1601 812 75 69 by
1714 815 94 51 the
1852 813 272 68 Supreme
2166 820 159 47 court

330 889 63 54 of
422 891 94 52 the
546 893 145 52 state
720 890 63 55 of
811 892 173 63 Iowa,
1013 892 280 65 January,
1325 893 152 65 1930,
1505 897 59 48 to
1596 890 347 68 September,
1974 894 150 51 1935.
326 894 1974 141 Prepared
538 967 111 53 and
683 967 189 54 edited
905 968 75 66 by
1012 969 71 54 U.
1117 968 69 54 G.
1221 967 288 68 Whitney.
1584 970 114 53 Des
1731 967 239 68 Moines,
2004 970 119 51 The
2162 968 158 56 State

327 1046 63 53 of
418 1047 175 64 Iowa,
623 1048 149 51 1935.

403 1119 25 39 1
458 1130 42 29 v.

335 1170 53 54 ©
414 1176 111 40 Dec.
552 1174 68 48 16,
647 1173 116 41 1935;
817 1172 66 43 2c.
910 1175 112 40 Dec.
1049 1174 83 48 20;
1162 1174 82 41 aff.
1272 1175 110 40 Dec.
1413 1175 82 47 18;
1525 1175 41 40 A
1593 1174 170 48 88786;
1795 1176 52 38 U.
1880 1174 52 41 G.
1958 1174 241 49 Whitney,
2230 1177 97 38 Des

404 1231 201 42 Moines.

327 1319 240 66 Wilson,
594 1321 227 53 Walter
844 1319 208 56 Lewis.

397 1397 266 54 Miracles
696 1399 61 51 in
793 1416 30 34 a
860 1397 240 53 doctor’s
1136 1397 122 66 life,
1292 1398 75 66 by
1403 1398 220 53 Walter
1658 1398 183 53 Lewis
1878 1399 237 54 Wilson.
327 1398 1969 144 Chicago,
507 1476 119 52 The
652 1476 165 52 Bible
843 1475 262 54 institute
1127 1475 326 68 colportage
1482 1475 161 54 ass’n.
1675 1508 12 35 [
1693 1482 17 21 c
1716 1479 151 63 1935]

401 1548 30 39 2
454 1559 42 37 p.
523 1549 45 47 1.,
597 1547 142 41 7-121
769 1558 42 37 p.
866 1548 53 40 17½
952 1550 43 21 cm
1001 1580 8 8 .

333 1596 53 56 ©
426 1604 100 40 Oct.
566 1604 69 47 28,
674 1602 118 41 1935;
855 1604 65 40 2c.
961 1605 110 38 Dec.
1111 1604 83 46 30;
1236 1603 81 40 aff.
1357 1605 110 39 Dec.
1507 1603 82 47 28;
1633 1605 39 37 A
1710 1602 169 47 88940;
1922 1604 140 42 Bible
2098 1604 228 39 institute

398 1662 276 47 colportage
703 1671 113 29 assn.
861 1660 53 40 of
940 1657 223 50 Chicago.

325 1749 288 65 Woosley,
639 1749 153 54 John
819 1749 244 54 Brooks.

398 1825 159 54 State
590 1826 259 55 taxation
881 1826 62 53 of
974 1826 197 57 banks,
1201 1827 74 66 by
1308 1826 156 53 John
1498 1826 220 53 Brooks
1750 1828 280 65 Woosley.
2103 1825 218 69 Chapel

326 1903 146 63 Hill,
506 1904 119 52 The
660 1904 336 66 University
1029 1904 63 52 of
1125 1904 185 53 North
1346 1903 270 55 Carolina
1651 1923 173 48 press,
1860 1907 149 50 1935.

400 1978 22 37 l
457 1988 41 28 v.

330 2030 52 52 ©
408 2034 109 39 Dec.
545 2033 67 48 13,
640 2031 140 46 1935;
807 2032 67 41 2c.
901 2033 111 40 Dec.
1040 2032 81 46 23;
1151 2031 82 41 aff.
1261 2033 110 41 Dec.
1400 2031 81 47 19;
1511 2033 40 38 A
1579 2032 169 47 88862;
1778 2031 279 49 University
2085 2032 55 40 of
2165 2032 154 40 North

401 2089 228 41 Carolina
665 2098 149 40 press.

323 2178 193 63 Wyss,
542 2178 233 53 Johann
802 2177 209 56 David.

394 2255 118 53 The
562 2255 172 55 Swiss
780 2255 207 66 family
1033 2255 320 59 Robinson;
1403 2255 92 52 the
1543 2255 337 52 adventures
1927 2256 62 51 of
2036 2274 29 33 a
2111 2255 206 66 family

322 2331 389 68 shipwrecked
739 2352 72 33 on
840 2351 30 33 a
897 2339 152 47 coast
1078 2330 181 56 where
1289 2333 213 51 human
1530 2332 196 67 beings
1752 2350 168 35 never
1948 2333 129 52 trod
2104 2332 213 68 before,

321 2411 74 65 by
422 2411 232 53 Johann
681 2411 67 52 R.
773 2412 182 65 Wyss.
1030 2409 337 54 Illustrated
1394 2411 74 65 by
1493 2411 237 54 Juanita
1763 2413 262 50 Bennett.
2089 2409 228 68 Racine,

322 2487 158 61 Wis.,
504 2487 299 55 Whitman
827 2487 334 67 publishing
1184 2505 279 49 company
1516 2490 151 64 [1935]

400 2561 23 38 1
453 2572 42 29 v.

328 2612 52 52 ©
414 2617 127 47 Sept.
570 2616 70 47 27,
671 2615 140 47 1935;
843 2615 66 41 2c.
942 2617 101 40 Oct.
1074 2616 83 45 22;
1190 2615 81 41 aff.
1304 2616 101 40 Oct.
1437 2616 82 46 21;
1552 2616 43 39 A
1623 2614 169 48 87904;
1826 2614 252 42 Whitman
2107 2616 108 48 pub.
2248 2623 67 33 co.

401 2673 279 49 [Copyright
711 2673 44 39 is
783 2672 204 40 claimed
1017 2683 60 29 on
1107 2671 328 41 illustrations
1467 2673 96 39 and
1589 2673 258 48 foreword]

321 2760 230 65 Young,
577 2762 203 63 Helen,
807 2762 82 52 ed.

392 2836 381 68 Lippincott’s
808 2837 167 68 quick
1008 2838 284 53 reference
1327 2838 146 52 book
1509 2838 94 51 for
1637 2856 212 49 nurses,
1884 2836 279 69 compiled
2202 2838 110 53 and

323 2916 281 65 arranged
651 2915 152 52 from
850 2917 226 53 various
1122 2933 239 48 sources,
1405 2916 75 66 by
1526 2915 188 53 Helen
1759 2917 227 65 Young,
2033 2915 138 52 with
2218 2916 93 51 the

322 2994 302 51 assistance
648 2993 63 51 of
737 2992 245 67 Georgia
1008 2993 70 53 A.
1101 2993 289 52 Morrison
1417 2993 111 51 and
1554 2993 296 66 Margaret
1874 2993 174 53 Eliot.
2110 2994 72 51 2d
2208 2994 102 58 ed.,

320 3069 218 53 revised
585 3070 113 51 and
743 3070 284 65 enlarged.
1103 3069 425 67 Philadelphia,
1572 3072 55 53 J.
1673 3072 67 51 B.
1787 3070 335 66 Lippincott
320 3088 1967 126 company
500 3179 12 35 [
516 3153 20 21 c
541 3149 151 64 1935]

418 3205 74 54 1 v.
324 3271 53 52 ©
406 3276 110 40 Dec.
545 3275 40 50 9,
614 3274 140 47 1935;
785 3274 66 41 2c.
879 3276 95 39 and
1004 3274 80 41 aff.
1115 3276 111 40 Dec.
1255 3274 81 48 19;
1368 3276 41 38 A
1437 3274 170 48 89986;
1639 3275 43 40 J.
1714 3276 53 39 B.
1798 3273 278 50 Lippincott
2104 3284 66 31 co.

319 3393 275 53 Zubeldia
620 3409 38 47 y
683 3394 70 52 de
779 3394 160 63 Inda,
966 3393 220 53 Nestor
1212 3394 88 53 de.

320 3468 1987 145 … El apologetico; las cuestiones fundamentales y las verdades basicas de la ciencia y de la religion en 10 tratados, por
319 3625 204 51 Nestor
570 3624 66 52 de
683 3623 270 53 Zubeldia
998 3644 36 47 y
1081 3625 67 51 de
1193 3624 165 52 Inda.
1433 3624 253 52 Tratado
1734 3624 31 51 I
1769 3630 21 21 a
1794 3666 10 10 .
1881 3622 232 55 Crítica.
2192 3622 115 55 San

322 3700 314 65 Sebastian,
661 3701 246 53 Ricardo
934 3702 69 52 de
1027 3701 281 65 Leizaola,
1336 3704 148 50 1935.

392 3772 98 47 442,
522 3784 43 36 x,
613 3772 41 49 [2]
687 3784 40 37 p.
788 3772 59 41 25½
875 3775 46 21 cm
925 3805 8 8 .

395 3828 61 39 At
494 3829 126 38 head
657 3828 53 39 of
747 3828 107 40 title:
921 3828 73 40 La,
1029 3827 314 41 sensibilidad
1383 3839 28 36 y
1449 3829 48 38 la
1537 3837 160 30 razon.
1765 3828 203 39 Estudio
2007 3826 231 40 analitico
2276 3837 30 37 y

322 3882 214 41 solucion
571 3885 57 39 de
662 3886 71 37 los
768 3884 268 48 problemas
1071 3885 76 39 del
1183 3883 356 41 conocimiento.

323 3935 52 52 ©
410 3939 110 47 Apr.
555 3939 68 43 15,
659 3940 139 41 1935;
865 3951 35 29 1c.
933 3940 101 40 Oct.
1070 3941 81 45 15;
1188 3939 309 48 A-Foreign
1530 3938 169 42 29980:
1737 3939 54 40 N.
1828 3940 57 38 de
1920 3939 229 40 Zubeldia
2183 3949 29 36 y
2246 3938 59 39 de

397 3996 134 41 Inda.
566 3996 277 47 Pamplona,
880 3995 161 49 Spain.
