2526 4384
1415 4015 98 48 196

461 409 235 68 Collins,
723 411 284 65 Norman,
1038 413 171 54 1907-

593 487 1863 71 … Penang appointment. Garden City, N. Y., Doubleday,
462 566 198 53 Doran
688 568 46 50 &
761 584 296 50 company,
1088 566 124 67 inc.,
1243 569 150 49 1935.

533 640 521 49 5 p. l. , 303 p. 20 cm .
534 697 163 40 “First
725 696 207 41 editon.”

464 749 52 53 ©
543 754 108 39 Feb.
680 754 68 45 15,
776 753 115 41 1935;
944 752 64 41 2c.
1040 754 95 39 and
1162 752 81 41 aff.
1273 753 110 40 Feb.
1411 752 60 41 28;
1524 753 40 39 A
1591 752 146 41 79896;
1791 754 297 47 Doubleday,
2117 755 165 38 Doran
2310 755 36 39 &
2373 765 82 31 co.,

533 809 88 42 inc.
694 809 250 49 (35-3209)

458 911 305 55 Columbia
798 912 349 65 university.
1221 914 156 66 Dept.
1430 914 64 66 of
1523 913 363 68 philosophy.

535 988 230 55 Studies
792 992 61 51 in
881 991 98 52 the
1004 990 220 67 history
1253 990 62 53 of
1343 990 174 66 ideas,
1544 990 190 53 edited
1761 991 75 66 by
1862 991 94 52 the
1986 993 381 65 Department
2392 991 63 52 of

464 1067 345 68 philosophy
842 1067 64 53 of
941 1066 298 57 Columbia
1273 1067 334 68 university.
1675 1068 243 54 Volume
1948 1086 87 37 in.
2105 1070 138 52 New
2277 1069 179 67 York,

462 1144 302 57 Columbia
788 1144 318 69 university
1131 1164 174 49 press,
1335 1149 149 52 1935.

533 1218 608 49 4 p. l., [3]-511 p. 21 cm .
465 1272 52 53 ©
557 1276 109 40 Feb.
705 1275 69 47 23,
815 1274 141 48 1935;
997 1274 67 41 2c.
1104 1275 110 41 Feb.
1252 1275 83 46 25;
1377 1273 82 42 aff.
1500 1274 110 41 Feb.
1650 1275 82 47 26;
1773 1276 41 39 A
1853 1273 171 48 79821;
2067 1274 250 41 Columbia
535 1276 1903 104 university
744 1342 149 38 press.

464 1434 199 65 Cugle,
694 1435 246 55 Charles
967 1436 208 55 Hurst.

532 1509 226 70 Cugle’s
786 1511 357 53 two-minute
1168 1510 309 67 azimuths;
1510 1510 242 53 latitude
1781 1513 62 49 0°
1877 1517 60 46 to
1964 1513 119 64 35°,
2110 1508 343 54 declination

463 1586 1931 71 0° to 23°, same and contrary names, by Charles H. Cugle …
464 1664 1322 69 New York, E. P. Dutton & co., inc. [ c 1935]
534 1735 481 52 613 p. 28½ × 22cm.
534 1793 163 42 “First
724 1794 227 42 edition.”

466 1847 54 54 ©
547 1852 109 40 Jan.
682 1853 68 45 16,
781 1851 140 49 1935;
952 1851 67 42 2c.
1048 1854 95 39 and
1172 1852 80 40 aff.
1283 1853 109 40 Jan.
1422 1853 82 46 18;
1536 1853 45 39 A
1604 1852 170 48 80077;
1808 1853 52 39 E.
1892 1853 49 40 P.
1973 1854 190 39 Dutton
2190 1853 35 39 &
2254 1863 83 32 co.,
2368 1853 87 39 inc.

544 1908 250 49 (35-3279)

466 2011 367 66 Day-Lewis,
863 2012 171 65 Cecil,
1064 2018 169 50 1904-

540 2087 285 56 Collected
852 2106 207 51 poems,
1087 2091 326 66 1929-1933,
1439 2089 45 51 &
1513 2088 55 52 A
1592 2089 145 67 hope
1766 2087 95 54 for
1888 2094 219 62 poetry,
2134 2086 75 70 by
2238 2086 60 55 C.
2328 2087 129 68 Day

469 2164 197 54 Lewis.
740 2165 136 53 New
908 2164 177 70 York,
1113 2165 260 54 Random
1400 2166 170 52 house
1603 2199 13 35 [
1619 2173 20 22 c
1644 2168 153 66 1935]

537 2235 87 41 256
652 2247 42 37 p.
754 2236 59 39 22
814 2239 44 21 cm
862 2268 10 9 .

539 2293 102 40 The
679 2302 155 40 essay,
872 2293 41 40 A
951 2294 122 48 hope
1112 2293 78 41 for
1230 2295 184 47 poetry,
1454 2294 255 49 published
1749 2295 274 48 separately
2067 2296 47 39 in
2158 2295 112 42 1934
2313 2296 41 40 is
2395 2305 63 31 an

468 2350 332 40 examination
821 2350 54 40 of
901 2362 27 28 a
957 2352 182 39 section
1166 2350 52 40 of
1241 2353 230 47 post-war
1496 2354 183 46 poetry.

467 2406 52 53 ©
547 2410 108 40 Feb.
685 2412 39 45 7,
753 2410 114 41 1935;
923 2410 67 40 2c.
1019 2410 108 40 Feb.
1155 2410 55 40 23;
1269 2410 81 40 aff.
1380 2411 110 40 Feb.
1518 2410 53 39 21;
1629 2410 41 39 A
1699 2410 142 41 80556;
1900 2411 204 40 Modem
2126 2411 198 46 library,
2352 2412 106 46 inc.,

536 2467 117 39 New
678 2467 146 40 York.
893 2466 249 48 (35-3192)

538 2568 57 53 A
620 2568 139 54 time
786 2575 61 48 to
874 2570 178 53 dance
1078 2570 112 54 and
1219 2570 164 53 other
1411 2587 194 50 poems
1638 2568 110 69 [by]
1786 2568 63 55 C.
1878 2569 132 67 Day
2038 2568 201 54 Lewis.
470 2569 1965 145 London,

627 2646 65 53 L.
721 2648 47 51 &
796 2644 270 71 Virginia
1096 2646 200 56 Woolf
1322 2653 61 47 at
1411 2648 97 52 the
1535 2646 270 68 Hogarth
1838 2663 175 51 press,
2046 2649 150 49 1935.

540 2720 56 41 64
624 2731 44 37 p.
726 2720 57 39 22
785 2722 45 21 cm
833 2750 9 10 .

468 2772 1988 53 © 1c. Feb. 23, 1935; A ad int. 19965; pubd. Feb. 18; Modern library,
537 2832 105 48 inc.,
672 2833 118 40 New
819 2833 144 39 York.
1034 2831 249 49 (35-4020)

467 2935 224 64 Duane,
721 2935 235 56 Morris.

541 3010 121 54 The
690 3028 121 36 new
843 3010 127 54 deal
999 3009 60 53 in
1090 3017 160 47 court
1279 3008 175 55 <with
1485 3028 31 33 a
1550 3007 186 70 digest
1766 3008 64 53 of
1860 3005 309 56 decisions>·
2199 3007 74 68 by
471 3006 1960 134 Morris
586 3086 202 54 Duane

885 3085 1567 71 … Philadelphia, Pa., G. T. Bisel company, 1935.
540 3157 55 41 93
623 3168 42 38 p.
726 3158 56 38 24
785 3160 44 21 cm
834 3190 7 7 .

816 3216 163 40 CONTENTS.—The
1014 3215 132 41 NRA
1182 3217 95 39 and
1312 3216 82 40 the
1432 3218 176 39 courts,
1648 3215 118 40 with
1805 3225 26 30 a
1870 3214 391 48 comprehensive
2297 3215 155 47 digest

470 3272 52 40 of
561 3272 437 40 decisions.—Milk
1037 3273 275 46 marketing
1350 3274 301 45 agreements
1692 3272 153 40 under
1883 3274 82 37 the
2003 3272 331 47 Agricultural
469 3272 1967 104 adjustment

734 3330 79 38 act;
872 3329 130 39 their
1025 3330 218 39 contents
1271 3329 96 39 and
1393 3328 752 47 constitutionality.—Addenda
2173 3337 74 32 no.
2299 3359 9 10 I.
469 3327 1966 99 Nebbia
609 3420 8 8 v.
647 3386 81 39 the
755 3386 167 46 people;
977 3385 41 39 A
1045 3385 265 48 milestone,
1340 3386 81 39 the
1451 3384 175 40 United
1656 3383 162 41 States
1847 3384 230 47 Supreme
2103 3387 138 37 court
2269 3384 185 40 studies

472 3440 956 49 state price fixing.—Addenda no. II .
470 3498 52 53 ©
550 3502 109 40 Feb.
688 3503 69 44 11,
786 3500 116 40 1935;
958 3500 67 39 2c.
1053 3499 108 40 Feb.
1191 3498 59 40 20;
1304 3499 81 39 aff.
1416 3499 109 39 Feb.
1553 3498 59 40 26;
1666 3499 40 38 A
1736 3497 145 42 80606;
1938 3499 183 47 George
2146 3499 52 39 T.
2227 3499 135 39 Bisel
2387 3507 68 31 co.

548 3557 249 49 (35-3287)

467 3660 265 65 Duffield,
762 3661 188 54 Anne.

539 3735 187 55 Silver
754 3737 188 67 peaks.
1023 3736 389 65 [Instalments
1440 3737 186 63 16-18]

543 3811 85 47 (In
650 3805 250 43 Woman’s
928 3805 202 50 weekly,
1157 3805 115 42 Feb.
1301 3805 70 49 23,
1400 3804 126 42 Mar.
1556 3805 40 48 2,
1624 3806 41 47 9,
1697 3803 142 49 1935)

470 3859 1979 56 © 1c. each Mar. 26, 1935; A ad int. 20066; pubd. Feb. 19, 26, Mar. 5;
539 3923 220 48 Dorothy
787 3923 131 38 Duer
948 3921 219 47 Duffield,
1196 3921 291 45 Aldbourne,
1517 3919 158 47 Wilts,
1706 3919 234 47 England.
