2526 4384
1313 4040 102 54 274

354 404 250 67 Bouton,
632 403 321 56 Archibald
982 404 208 67 Lewis,
1221 406 172 54 1872-
1605 406 85 52 ed.

424 483 97 54 An
560 484 216 53 outline
814 484 223 67 history
1075 483 65 54 of
1176 484 474 67 transportation,
1689 484 190 53 edited
1920 485 75 66 by
2034 483 316 54 Archibald

354 560 2000 67 L. Bouton … a brief account of human travel and transport
357 637 1996 66 and how they have advanced civilization … Detroit, Mich.,
357 714 202 53 Fisher
587 715 152 66 body
769 714 360 55 craftsman’s
1158 715 164 67 guild
1378 717 174 65 [c1934]

426 786 857 52 2 p. l., 7-39, [1] p. illus. 24cm.
427 842 74 41 On
528 854 141 30 cover
687 855 8 27 :
727 844 74 39 An
830 843 183 42 outline
1041 843 189 48 history
1259 843 51 41 of
1338 844 390 48 transportation
1756 843 127 42 from
1913 844 114 41 1400
2085 876 8 8 B.
2154 876 8 8 C.

429 899 303 48 “Sponsored
767 901 60 47 by
865 900 171 41 Fisher
1068 901 123 47 body
1226 900 225 47 division,
1487 900 206 42 General
1728 903 183 38 motors
1945 901 353 48 corporation.”

429 956 241 43 “Written
709 956 260 50 especially
1009 956 80 41 for
1128 957 83 41 the
1252 956 288 42 Guildsman
1580 959 97 39 and
1717 957 247 50 reprinted
2005 958 127 41 from
2173 960 81 40 the
357 959 1980 96 issues
494 1015 80 40 for
600 1014 150 50 April,
781 1013 127 48 May,
937 1015 97 39 and
1061 1012 140 47 June,
1229 1012 157 43 1934.”

359 1068 53 53 ©
436 1072 127 48 Sept.
589 1072 68 47 11,
682 1070 114 42 1934;
847 1071 68 40 2c.
939 1072 94 38 and
1058 1070 81 40 aff.
1163 1070 110 40 Jan.
1297 1072 40 45 7,
1360 1069 141 49 1935;
1526 1072 41 38 A
1590 1070 142 42 80351;
1788 1072 174 39 Fisher
1985 1073 123 47 body
2133 1070 225 50 division,

428 1129 206 40 General
665 1131 183 38 motors
878 1126 321 50 corporation.
1270 1126 252 49 (35-2348)

358 1215 304 67 Brackett,
692 1216 319 55 Catherine
1039 1216 306 65 Williams,
1376 1222 171 50 1892-

428 1293 310 68 Laughing
770 1295 112 53 and
918 1294 202 67 crying
1151 1294 63 54 of
1248 1295 295 66 preschool
1575 1294 287 65 children;

1897 1314 31 33 a
1960 1295 173 65 study
2166 1293 64 54 of
2261 1294 96 52 the

357 1370 173 55 social
566 1372 111 52 and
713 1372 306 54 emotional
1053 1371 271 54 behavior
1358 1371 63 55 of
1454 1391 194 48 young
1682 1371 257 54 children
1973 1392 59 33 as
2066 1370 289 55 indicated

360 1449 75 66 by
483 1448 282 68 laughing
815 1449 112 53 and
978 1449 219 67 crying,
1244 1449 75 67 by
1369 1449 308 56 Catherine
1726 1449 289 55 Williams
2067 1449 290 65 Brackett,

359 1544 97 34 ph.
486 1544 48 34 d.
599 1526 140 53 New
771 1526 163 53 York
962 1526 48 53 ci
1016 1531 80 63 ty,
1122 1527 279 52 Teachers
1431 1528 229 65 college,
1691 1526 304 56 Columbia
2021 1527 336 66 university,

359 1605 151 51 1934.

359 1674 1979 106 xv p., 1 l., 91 p. diagrs. 23½cm. (Half-title: Child development monographs.
643 1730 300 51 Monograph
970 1743 74 30 no.
1075 1732 77 48 14)

431 1787 171 42 Issued
628 1788 106 41 also
757 1798 56 32 as
839 1786 153 44 thesis
1029 1789 107 48 (PH.
1194 1790 34 47 D.)
1267 1787 251 43 Columbia
1546 1788 286 49 university.

430 1844 376 50 Bibliography:
838 1857 44 38 p.
912 1844 69 41 91.

360 1898 53 54 ©
442 1904 121 47 Aug.
594 1903 69 48 22,
698 1901 115 41 1934;
873 1903 66 39 2c.
973 1903 113 39 Dec.
1118 1901 81 47 19;
1234 1901 82 40 aff.
1350 1903 112 39 Dec.
1494 1900 82 49 21;
1613 1902 41 39 A
1686 1903 169 47 77768;
1891 1903 241 40 Teachers
2165 1902 192 50 college,

429 1960 252 41 Columbia
715 1958 129 42 univ.
916 1958 250 48 (35-2346)

361 2046 261 68 Chaffee,
653 2048 193 65 Alney
875 2048 192 65 Earle,
1101 2049 170 55 1867-

433 2126 204 68 Digest
678 2127 63 52 of
783 2127 97 52 the
921 2129 228 65 general
1190 2126 239 53 election
1469 2127 137 51 laws
1649 2126 64 52 of
1754 2127 96 52 the
1890 2126 217 56 United
2152 2125 202 55 States.

364 2201 1987 71 Copywrited [!] … by Alney E. Chaffee. [Washington, D. C.]
363 2284 149 51 1934.

430 2356 57 40 97
536 2387 9 9 l.
601 2354 117 41 29cm.

428 2412 274 40 Loose-leaf;
759 2412 51 39 in
838 2412 184 40 binder.

429 2468 405 49 Mimeographed.

365 2522 53 53 ©
452 2527 114 47 May
597 2526 71 47 31,
702 2525 116 41 1934;
881 2526 66 39 2c.
983 2526 95 39 and
1112 2524 81 41 aff.
1230 2526 127 39 June
1389 2525 26 38 2;
1480 2526 42 38 A
1556 2524 143 41 72624;
1765 2525 53 39 A.
1854 2526 51 38 E.
1944 2524 210 48 Chaffee,
430 2526 1910 104 Washington.
682 2583 14 48 (CA
782 2582 172 41 34-370
974 2581 234 49 Unrev’d)

437 2668 304 69 Summary
772 2670 64 52 of
865 2671 96 52 the
991 2673 228 64 general
1248 2669 237 54 election
1513 2673 140 50 laws
1682 2669 67 53 of
1775 2670 96 53 the
1899 2670 217 55 United
2150 2670 204 55 States.

365 2744 1985 72 Copywrited [!] … [by] Alney E. Chaffee. [Washington, D. C.]
366 2827 148 50 1934.

434 2896 787 49 2 p. l., 31 numb. 1. 23×39cm.
430 2953 284 41 Loose-leaf.

429 3010 407 47 Mimeographed.

367 3063 53 53 ©
455 3069 115 45 May
600 3067 69 46 31,
704 3065 140 47 1934;
881 3065 65 41 2c.
983 3067 97 39 and
1114 3065 81 41 aff.
1230 3067 129 39 June
1390 3065 52 47 2;
1481 3066 42 39 A
1556 3065 169 47 72623;
1763 3066 53 38 A.
1854 3066 51 39 E.
1943 3064 211 49 Chaffee,
432 3065 1907 106 Washington.
684 3122 14 49 (CA
783 3123 174 40 34-369
976 3122 233 48 Unrev’d)

368 3208 281 67 Chaucer,
680 3211 294 67 Geoffrey,
1004 3213 52 56 d.
1090 3214 146 52 1400.

435 3289 122 53 The
589 3289 359 67 Canterbury
978 3290 157 66 tales,
1165 3289 74 66 by
1271 3286 268 70 Geoffrey
1570 3289 283 67 Chaucer;
1888 3288 313 52 translated
2232 3288 125 52 into

366 3366 238 54 modern
642 3366 244 67 English
923 3385 156 35 verse
1116 3367 74 66 by
1227 3367 198 51 Frank
1462 3369 211 50 Ernest
1704 3365 145 54 Hill.
1921 3365 257 66 London,
2216 3367 138 52 New

367 3443 162 53 York
563 3448 137 62 [etc.]
735 3445 343 66 Longmans,
1108 3444 185 54 Green
1324 3444 111 52 and
1466 3461 95 49 co.,
1594 3446 149 50 1935.

435 3515 522 50 4 p. l., 583 p. 21cm.
437 3573 163 40 “First
627 3571 224 41 edition.”

369 3624 53 53 ©
453 3630 121 38 Mar.
606 3628 38 46 6,
676 3626 114 41 1935;
851 3627 66 40 2c.
951 3629 98 38 and
1077 3627 80 40 aff.
1192 3628 120 39 Mar.
1346 3627 27 39 9;
1434 3627 43 39 A
1506 3625 143 43 82090;
1710 3626 288 47 Longmans,
2032 3625 156 40 Green
2219 3625 37 40 &
2287 3635 66 31 co.

448 3684 278 49 (35-27085)

370 3773 310 64 Converse,
707 3773 145 52 Paul
879 3772 278 63 Delaney.

438 3845 1915 69 The elements of marketing, by Paul D. Converse … Rev.
365 3924 87 52 ed.
518 3925 139 53 New
688 3924 179 68 York,
898 3924 449 66 Prentice-Hall,
1378 3924 126 63 inc.,
1534 3928 151 49 1935.
