2526 4384
1058 4004 97 52 195

188 446 484 50 1 p. l. , 67 p. 23 cm .
188 505 116 39 This
328 505 251 48 pamphlet
600 504 46 40 is
667 507 48 37 to
740 505 58 39 he
818 503 140 41 fitted
981 505 105 39 into
1110 505 84 40 the
1212 504 173 47 pocket
1410 507 53 38 at
1487 506 82 38 the
1593 505 121 39 hack
1738 504 53 40 of
1816 505 82 40 the
1923 505 188 39 volume

118 561 51 40 of
194 563 82 39 the
301 564 76 38 set
402 564 53 37 to
476 561 162 40 which
661 561 42 40 it
726 562 211 46 belongs.

118 628 52 53 ©
194 632 108 40 Feb.
326 630 70 49 27,
419 630 117 42 1935;
583 630 69 42 2c.
676 633 95 39 and
796 631 82 40 aff.
903 631 122 40 Mar.
1051 633 24 38 1;
1130 632 42 39 A
1196 631 142 40 80673;
1394 631 272 48 Callaghan
1690 632 37 40 &
1751 642 65 30 co.

115 732 253 67 Bunsen,
399 734 190 54 Marie
616 749 131 48 von,
781 739 172 50 1860-

184 811 93 53 Im
309 812 225 53 Fernen
567 811 205 68 Osten;
812 811 307 54 eindrücke
1150 812 119 53 und
1302 811 188 54 bilder
1525 830 100 35 aus
1655 812 213 68 Japan,
1902 811 210 66 Korea,

118 888 203 68 China,
357 888 233 70 Ceylon,
625 889 169 69 Java,
828 888 178 69 Siam,
1039 889 421 67 Kambodscha,
1496 889 199 53 Birma
1732 890 119 53 und
1886 889 226 64 Indien,

118 986 109 35 von
261 967 186 54 Marie
484 986 112 35 von
633 968 249 54 Bunsen.
955 967 257 68 Leipzig,
1245 967 253 54 Koehler
1533 969 46 51 &
1614 967 304 68 Amelang,
1959 969 150 50 1934.

183 1040 990 51 155 numb. l., 5 1. col. plates. 19 ½cm .
183 1098 200 41 Printed
410 1108 60 30 on
498 1099 175 40 double
698 1099 161 40 leaves
886 1097 52 41 in
966 1098 245 48 Japanese
1234 1098 138 48 style.

183 1156 58 39 In
269 1165 122 31 case.

115 1222 1975 109 © Nov. 13, 1934; 1c. Jan. 21, 1935; A-Foreign 26734; Koehler & Amelang,
338 1294 42 37 g.
409 1294 60 29 m.
501 1284 40 39 b.
571 1284 46 38 h.
687 1282 251 49 (35-3546)

113 1388 252 64 Buxton,
396 1388 225 54 Grover
650 1388 61 56 C.

183 1465 120 52 The
337 1464 212 54 science
585 1465 113 53 and
733 1471 90 47 art
857 1464 65 54 of
956 1462 232 71 selling;
1225 1464 212 69 setting
1473 1464 160 53 forth
1668 1463 95 53 the
1797 1463 311 68 principles

115 1543 59 53 in
210 1542 95 53 the
343 1543 214 53 science
596 1543 112 52 and
749 1548 90 49 art
876 1542 64 54 of
977 1542 410 68 salesmanship
1428 1562 58 34 as
1525 1542 136 68 they
1700 1542 177 52 relate
1914 1546 58 49 to
2011 1543 97 53 the

114 1623 113 51 sale
288 1623 112 52 and
462 1620 372 53 distribution
895 1620 64 53 of
1020 1618 193 55 Bibles
1275 1621 113 52 and
1449 1618 270 70 religious
1779 1619 193 68 books,
2032 1619 75 69 by

114 1696 1968 142 Grover C. Buxton … Chicago, Ill., John A. Dickson publishing
356 1779 489 59 company [ c 1935]
181 1850 85 40 315
296 1861 42 37 p.
397 1850 147 40 20½cm.

115 1903 51 53 ©
190 1906 110 41 Feb.
326 1907 70 47 12,
422 1907 141 47 1935;
591 1906 67 41 2c.
685 1908 98 40 and
804 1907 82 40 aff.
913 1907 111 40 Feb.
1050 1907 82 47 18;
1159 1907 42 39 A
1226 1906 171 48 79682;
1427 1907 129 40 John
1581 1907 54 39 A.
1661 1906 216 40 Dickson
1902 1907 109 46 pub.
2038 1917 68 30 co.

192 1963 249 49 (35-3252)

116 2064 322 57 Cervantes
465 2067 318 64 Saavedra,
813 2065 223 66 Miguel
1064 2067 87 65 de,
1184 2067 326 56 1547-1616.

184 2141 321 55 Aventuras
540 2142 67 53 de
637 2142 130 54 Don
800 2139 250 72 Quijote,
1082 2142 74 68 by
1187 2141 220 69 Miguel
1440 2141 68 53 de
1541 2141 334 67 Cervantes;
1911 2161 32 35 a
118 2142 1963 144 simplified

351 2219 223 55 version
611 2220 63 52 of
709 2220 95 54 the
841 2227 145 48 most
1025 2220 313 68 important
1374 2219 273 69 episodes,
1686 2219 190 55 edited
1915 2219 75 69 by
2029 2219 78 54 H.

118 2295 1965 150 Alpern … [and] J. Martel … Boston, New York [etc.] Houghton Mifflin company [ c 1935 ]
184 2446 64 46 xi,
285 2446 85 39 244
405 2457 43 37 p.
483 2447 111 40 incl.
630 2448 165 48 front.,
833 2448 142 48 illus.,
1014 2459 62 37 pl.
1135 2447 56 41 19½
1223 2450 44 22 cm
1272 2480 9 9 .
1345 2449 116 49 [The
1497 2449 199 49 plateau
1732 2450 164 48 series,
1933 2450 72 41 ed.
2043 2452 62 47 by

114 2500 147 42 Jacob
289 2502 286 51 Greenberg]

115 2556 51 53 ©
201 2562 105 41 Jan.
343 2562 71 47 22,
449 2563 141 47 1935;
627 2562 66 41 2c.
732 2563 111 40 Feb.
880 2563 82 47 16;
1001 2563 82 40 aff.
1121 2564 109 39 Feb.
1265 2564 83 46 14;
1387 2565 41 38 A
1466 2564 171 46 80454;
1677 2566 192 47 Hymen
1907 2566 196 47 Alpern,

184 2619 177 48 Bronx,
385 2620 56 39 N.
467 2620 68 48 Y.,
563 2622 95 39 and
685 2619 115 41 José
825 2621 192 47 Martel,
1045 2621 216 40 Jackson
1285 2620 222 49 Heights,
1536 2622 56 40 N.
1619 2622 55 40 Y.
191 2675 247 50 (35-3195)

114 2779 376 66 Christophil.

111 2854 1964 148 The promise of all ages, by Christophil … London, Simpkin, Marshall, ltd. [1934]
180 3002 606 53 3 p. l., 9-254 p. 20½cm.
118 3057 1986 57 © 1c. Jan. 11, 1935; A ad int. 19861; pubd. Nov. 12, 1934; George
181 3120 280 49 Townsend,
487 3121 313 48 Ballinasloe,
829 3122 191 49 County
1048 3122 214 49 Galway,
1291 3125 37 38 I.
1357 3124 51 39 F.
1437 3124 44 40 S.
1552 3124 250 49 (35-3597)

117 3219 220 70 Collier,
364 3224 331 55 Katharine
723 3225 307 64 Brownell,
1061 3227 171 55 1887-

185 3297 395 73 Cosmogonies
605 3303 64 53 of
691 3322 104 36 our
819 3303 218 55 fathers;
1093 3322 149 35 some
1265 3305 243 53 theories
1532 3304 64 54 of
1619 3307 96 51 the
1739 3307 358 51 seventeenth

119 3379 108 52 and
258 3378 96 55 the
386 3380 325 68 eighteenth
746 3380 295 69 centuries,
1075 3381 75 69 by
1184 3382 324 53 Katharine
1544 3384 286 51 Brownell
1870 3384 229 56 Collier,

200 3499 10 9 PH.
241 3476 46 33 D.
362 3458 138 53 New
534 3458 179 68 York,
748 3457 299 58 Columbia
1078 3461 317 66 university
1428 3479 184 49 press;
1648 3463 255 56 London,
1938 3464 65 51 P.
2042 3463 54 54 S.

117 3530 155 71 King
300 3539 44 49 &
373 3554 116 45 son,
520 3538 122 60 ltd.,
675 3542 149 48 1934.

181 3607 84 40 500
299 3619 41 37 p.
405 3608 54 41 23
463 3611 45 21 cm
511 3639 9 9 .
596 3609 276 49 (Half-title;
933 3609 197 41 Studies
1167 3610 50 40 in
1256 3610 203 49 history,
1499 3609 267 42 economics
1806 3611 95 40 and
1941 3611 159 48 public

117 3661 105 49 law,
263 3665 68 39 ed.
373 3666 63 47 by
475 3667 83 39 the
598 3666 207 48 Faculty
846 3667 51 39 of
938 3665 218 50 political
1198 3667 187 41 science
1427 3668 51 41 of
1522 3667 251 42 Columbia
1818 3668 285 49 university,

114 3728 69 30 no.
211 3720 109 48 402)

182 3776 167 42 Issued
377 3779 102 40 also
506 3790 55 29 as
589 3778 152 42 thesis
780 3780 107 48 (PH.
948 3781 35 47 D.)
1021 3779 249 42 Columbia
1300 3780 284 49 university.

181 3832 346 50 Bibliography;
580 3847 42 37 p.
651 3835 217 41 467-490.

117 3883 51 52 ©
192 3889 108 41 Dec.
327 3890 69 48 12,
421 3890 115 42 1934;
589 3892 67 40 2c.
682 3894 96 39 and
805 3893 82 40 aff.
914 3894 113 39 Dec.
1052 3894 55 40 31;
1163 3894 42 39 A
1232 3895 143 41 78787;
1434 3894 251 44 Columbia
1713 3894 130 42 univ.
1872 3905 149 38 press.

193 3945 246 50 (35-3151)
