<alto xmlns="http://www.loc.gov/standards/alto/ns-v3#" xmlns:xlink="http://www.w3.org/1999/xlink" xmlns:xsi="http://www.w3.org/2001/XMLSchema-instance" xsi:schemaLocation="http://www.loc.gov/standards/alto/ns-v3# http://www.loc.gov/alto/v3/alto-3-0.xsd"><Description>
<MeasurementUnit>pixel</MeasurementUnit>
<sourceImageInformation>
<fileName>1935_v32_Part1.pdf</fileName>
</sourceImageInformation>
<OCRProcessing ID="IdOcr">
<ocrProcessingStep>
<processingDateTime>2019-01-15</processingDateTime>
<processingSoftware>
<softwareCreator>ABBYY</softwareCreator>
<softwareName>ABBYY Recognition Server</softwareName>
<softwareVersion>4.0</softwareVersion>
</processingSoftware>
</ocrProcessingStep>
</OCRProcessing>
</Description>
<Styles>
<ParagraphStyle ID="StyleId-FFFFFFFF-FFFF-FFFF-FFFF-FFFFFFFFFFFF-" ALIGN="Left" LEFT="0." RIGHT="0." FIRSTLINE="0."/>
<ParagraphStyle ID="StyleId-09A13A44-4F77-4ABE-84F3-84CC8B3C72CE-" ALIGN="Left" LEFT="0." RIGHT="0." FIRSTLINE="0." LINESPACE="7.699999809"/>
<ParagraphStyle ID="StyleId-1F945060-F8CD-4435-B69A-5FF49DB0C586-" ALIGN="Left" LEFT="0." RIGHT="0." FIRSTLINE="-10." LINESPACE="12.19999981"/>
<ParagraphStyle ID="StyleId-C6CAE747-F5A4-4D0D-8D74-D452DA7E2C1C-" ALIGN="Block" LEFT="0." RIGHT="0." FIRSTLINE="-14." LINESPACE="8.350000381"/>
<ParagraphStyle ID="StyleId-FC0F3374-189A-459E-BE29-2DC14180F022-" ALIGN="Left" LEFT="0." RIGHT="0." FIRSTLINE="0."/>
<ParagraphStyle ID="StyleId-49397C49-A894-4B3E-BA5E-1126226BA375-" ALIGN="Left" LEFT="0." RIGHT="0." FIRSTLINE="-12." LINESPACE="11.09000015"/>
<ParagraphStyle ID="StyleId-9E34DD3A-E661-48BD-A3A1-6A3D48346F00-" ALIGN="Block" LEFT="0." RIGHT="0." FIRSTLINE="-14." LINESPACE="11.09000015"/>
<ParagraphStyle ID="StyleId-56CE54AA-A08B-4BAA-8605-F26020A0E36E-" ALIGN="Left" LEFT="0." RIGHT="0." FIRSTLINE="0." LINESPACE="9.399999619"/>
<ParagraphStyle ID="StyleId-77814FFC-C42F-4AA9-9880-EF33B947DEC8-" ALIGN="Left" LEFT="0." RIGHT="0." FIRSTLINE="-11." LINESPACE="11.06999969"/>
<ParagraphStyle ID="StyleId-FDE92EC0-67DC-4C7B-8A24-094B12C38B6C-" ALIGN="Center" LEFT="0." RIGHT="0." FIRSTLINE="0." LINESPACE="11.30000019"/>
<ParagraphStyle ID="StyleId-65180E3B-4C93-4FB8-81EE-E026DD63DBF3-" ALIGN="Left" LEFT="0." RIGHT="0." FIRSTLINE="0." LINESPACE="11.10000038"/>
<ParagraphStyle ID="StyleId-10E885C2-5813-4620-B0AA-0FBA30CF7A32-" ALIGN="Left" LEFT="0." RIGHT="0." FIRSTLINE="0." LINESPACE="9.5"/>
<ParagraphStyle ID="StyleId-913C2DB5-9F02-4067-BAF7-0AED37B60BBE-" ALIGN="Left" LEFT="0." RIGHT="0." FIRSTLINE="0." LINESPACE="6.099999905"/>
<ParagraphStyle ID="StyleId-9C79A9D2-8F08-4A8F-985D-B00E253ED1E5-" ALIGN="Left" LEFT="0." RIGHT="0." FIRSTLINE="0." LINESPACE="4.400000095"/>
<ParagraphStyle ID="StyleId-A41F0407-FEFE-4738-9EC5-E05AFFF62781-" ALIGN="Left" LEFT="0." RIGHT="0." FIRSTLINE="0." LINESPACE="7.300000191"/>
<ParagraphStyle ID="StyleId-61D37176-94E8-408D-9B87-01C406CE8AB2-" ALIGN="Left" LEFT="0." RIGHT="0." FIRSTLINE="0." LINESPACE="8.050000191"/>
</Styles>
<Layout>
<Page ID="Page397" PHYSICAL_IMG_NR="397" HEIGHT="4375" WIDTH="2424">
<TopMargin HEIGHT="460" WIDTH="2424" VPOS="0" HPOS="0">
</TopMargin>
<LeftMargin HEIGHT="3688" WIDTH="53" VPOS="460" HPOS="0">
</LeftMargin>
<RightMargin HEIGHT="3688" WIDTH="150" VPOS="460" HPOS="2274">
</RightMargin>
<BottomMargin HEIGHT="227" WIDTH="2424" VPOS="4148" HPOS="0">
</BottomMargin>
<PrintSpace HEIGHT="3688" WIDTH="2221" VPOS="460" HPOS="53">
<TextBlock ID="Page397_Block1" HEIGHT="74" WIDTH="122" VPOS="4074" HPOS="1194" LANG="en-US" STYLEREFS="StyleId-BB24E48A-DE9C-4B34-9F90-004E950DCE8F-">
<TextLine HEIGHT="54" WIDTH="101" VPOS="4083" HPOS="1205">
<String CONTENT="397" HEIGHT="54" WIDTH="101" VPOS="4083" HPOS="1205"/>
</TextLine>
</TextBlock>
<TextBlock ID="Page397_Block2" HEIGHT="3622" WIDTH="2032" VPOS="460" HPOS="220" LANG="en-US" CS="1" STYLEREFS="StyleId-D137CC00-5147-4992-9F50-30B0ED017C66-">
<TextLine HEIGHT="66" WIDTH="546" VPOS="470" HPOS="231" STYLEREFS="StyleId-9CE2A448-C91C-47A8-8645-99712D6F883A-">
<String CONTENT="Everett," HEIGHT="65" WIDTH="264" VPOS="471" HPOS="231"/>
<SP HEIGHT="64" WIDTH="28" VPOS="472" HPOS="496"/>
<String CONTENT="Samuel." HEIGHT="56" WIDTH="252" VPOS="470" HPOS="525"/>
</TextLine>
<TextLine HEIGHT="70" WIDTH="1918" VPOS="543" HPOS="304" STYLEREFS="StyleId-FFB1181E-F068-4BB2-8785-F11DB4ED6413-">
<String CONTENT="Democracy" HEIGHT="67" WIDTH="349" VPOS="546" HPOS="304"/>
<SP HEIGHT="66" WIDTH="55" VPOS="547" HPOS="654"/>
<String CONTENT="faces" HEIGHT="51" WIDTH="152" VPOS="547" HPOS="710"/>
<SP HEIGHT="47" WIDTH="53" VPOS="551" HPOS="863"/>
<String CONTENT="the" HEIGHT="51" WIDTH="98" VPOS="546" HPOS="917"/>
<SP HEIGHT="51" WIDTH="53" VPOS="544" HPOS="1016"/>
<String CONTENT="future," HEIGHT="66" WIDTH="212" VPOS="544" HPOS="1070"/>
<SP HEIGHT="65" WIDTH="53" VPOS="545" HPOS="1283"/>
<String CONTENT="by" HEIGHT="66" WIDTH="76" VPOS="545" HPOS="1337"/>
<SP HEIGHT="66" WIDTH="55" VPOS="545" HPOS="1414"/>
<String CONTENT="Samuel" HEIGHT="56" WIDTH="229" VPOS="543" HPOS="1470"/>
<SP HEIGHT="51" WIDTH="56" VPOS="543" HPOS="1700"/>
<String CONTENT="Everett." HEIGHT="52" WIDTH="251" VPOS="544" HPOS="1757"/>
<SP HEIGHT="51" WIDTH="72" VPOS="544" HPOS="2009"/>
<String CONTENT="New" HEIGHT="51" WIDTH="140" VPOS="544" HPOS="2082"/>
</TextLine>
<TextLine HEIGHT="68" WIDTH="1234" VPOS="622" HPOS="235" STYLEREFS="StyleId-FFB1181E-F068-4BB2-8785-F11DB4ED6413-">
<String CONTENT="York," HEIGHT="66" WIDTH="178" VPOS="624" HPOS="235"/>
<SP HEIGHT="66" WIDTH="29" VPOS="624" HPOS="414"/>
<String CONTENT="Columbia" HEIGHT="57" WIDTH="297" VPOS="622" HPOS="444"/>
<SP HEIGHT="34" WIDTH="27" VPOS="642" HPOS="742"/>
<String CONTENT="university" HEIGHT="67" WIDTH="316" VPOS="622" HPOS="770"/>
<SP HEIGHT="49" WIDTH="28" VPOS="640" HPOS="1087"/>
<String CONTENT="press," HEIGHT="49" WIDTH="173" VPOS="640" HPOS="1116"/>
<SP HEIGHT="62" WIDTH="30" VPOS="627" HPOS="1290"/>
<String CONTENT="1935." HEIGHT="49" WIDTH="148" VPOS="626" HPOS="1321"/>
</TextLine>
<TextLine HEIGHT="51" WIDTH="691" VPOS="694" HPOS="306" STYLEREFS="StyleId-76BE3E40-0E51-4823-A8E4-AA8F1CD46D29-" CS="1">
<String CONTENT="X" HEIGHT="28" WIDTH="32" VPOS="708" HPOS="306"/>
<SP HEIGHT="37" WIDTH="23" VPOS="707" HPOS="339"/>
<String CONTENT="p.," HEIGHT="37" WIDTH="58" VPOS="707" HPOS="363"/>
<SP HEIGHT="45" WIDTH="27" VPOS="697" HPOS="422"/>
<String CONTENT="2" HEIGHT="38" WIDTH="25" VPOS="697" HPOS="450"/>
<SP/>
<String CS="1" CONTENT="l.," HEIGHT="16" WIDTH="9" VPOS="727" HPOS="538"/>
<SP HEIGHT="30" WIDTH="28" VPOS="715" HPOS="548"/>
<String CONTENT="[3]-269" HEIGHT="50" WIDTH="177" VPOS="695" HPOS="577"/>
<SP HEIGHT="49" WIDTH="22" VPOS="695" HPOS="755"/>
<String CONTENT="p." HEIGHT="37" WIDTH="41" VPOS="707" HPOS="778"/>
<SP HEIGHT="39" WIDTH="59" VPOS="695" HPOS="820"/>
<String CONTENT="22" HEIGHT="40" WIDTH="55" VPOS="694" HPOS="880"/>
<String STYLE="superscript" CONTENT="cm" HEIGHT="21" WIDTH="44" VPOS="698" HPOS="938"/>
<String CONTENT="." HEIGHT="9" WIDTH="9" VPOS="728" HPOS="988"/>
</TextLine>
<TextLine HEIGHT="53" WIDTH="1668" VPOS="747" HPOS="309">
<String CONTENT="&#8220;Selected" HEIGHT="41" WIDTH="245" VPOS="752" HPOS="309"/>
<SP HEIGHT="40" WIDTH="27" VPOS="752" HPOS="555"/>
<String CONTENT="bibliography&#8221;" HEIGHT="49" WIDTH="363" VPOS="751" HPOS="583"/>
<SP HEIGHT="40" WIDTH="16" VPOS="751" HPOS="947"/>
<String CONTENT=":" HEIGHT="29" WIDTH="9" VPOS="762" HPOS="964"/>
<SP HEIGHT="37" WIDTH="29" VPOS="762" HPOS="974"/>
<String CONTENT="p." HEIGHT="37" WIDTH="43" VPOS="762" HPOS="1004"/>
<SP HEIGHT="30" WIDTH="31" VPOS="770" HPOS="1048"/>
<String CONTENT="[215]-223." HEIGHT="51" WIDTH="247" VPOS="749" HPOS="1080"/>
<SP HEIGHT="38" WIDTH="61" VPOS="750" HPOS="1328"/>
<String CONTENT="&#8220;Notes&#8221;" HEIGHT="41" WIDTH="204" VPOS="749" HPOS="1390"/>
<SP HEIGHT="40" WIDTH="18" VPOS="749" HPOS="1595"/>
<String CONTENT=":" HEIGHT="28" WIDTH="9" VPOS="761" HPOS="1614"/>
<SP HEIGHT="37" WIDTH="29" VPOS="761" HPOS="1624"/>
<String CONTENT="p." HEIGHT="37" WIDTH="43" VPOS="761" HPOS="1654"/>
<SP HEIGHT="30" WIDTH="30" VPOS="768" HPOS="1698"/>
<String CONTENT="[225]-245." HEIGHT="51" WIDTH="248" VPOS="747" HPOS="1729"/>
</TextLine>
<TextLine HEIGHT="55" WIDTH="1909" VPOS="818" HPOS="235">
<String CONTENT="&#169;" HEIGHT="53" WIDTH="53" VPOS="820" HPOS="235"/>
<SP HEIGHT="53" WIDTH="24" VPOS="820" HPOS="289"/>
<String CONTENT="Feb." HEIGHT="39" WIDTH="110" VPOS="824" HPOS="314"/>
<SP HEIGHT="39" WIDTH="24" VPOS="824" HPOS="425"/>
<String CONTENT="21," HEIGHT="46" WIDTH="70" VPOS="824" HPOS="450"/>
<SP HEIGHT="45" WIDTH="25" VPOS="825" HPOS="521"/>
<String CONTENT="1935" HEIGHT="41" WIDTH="116" VPOS="822" HPOS="547"/>
<SP HEIGHT="46" WIDTH="14" VPOS="824" HPOS="664"/>
<String CONTENT=";" HEIGHT="36" WIDTH="9" VPOS="834" HPOS="679"/>
<SP HEIGHT="47" WIDTH="25" VPOS="823" HPOS="689"/>
<String CONTENT="2c." HEIGHT="40" WIDTH="67" VPOS="823" HPOS="715"/>
<SP HEIGHT="30" WIDTH="25" VPOS="833" HPOS="783"/>
<String CONTENT="and" HEIGHT="39" WIDTH="96" VPOS="823" HPOS="809"/>
<SP HEIGHT="39" WIDTH="23" VPOS="823" HPOS="906"/>
<String CONTENT="aff." HEIGHT="41" WIDTH="82" VPOS="821" HPOS="930"/>
<SP HEIGHT="40" WIDTH="24" VPOS="822" HPOS="1013"/>
<String CONTENT="Feb." HEIGHT="39" WIDTH="109" VPOS="822" HPOS="1038"/>
<SP HEIGHT="39" WIDTH="27" VPOS="821" HPOS="1148"/>
<String CONTENT="25" HEIGHT="39" WIDTH="55" VPOS="821" HPOS="1176"/>
<SP HEIGHT="46" WIDTH="16" VPOS="821" HPOS="1232"/>
<String CONTENT=";" HEIGHT="35" WIDTH="8" VPOS="832" HPOS="1249"/>
<SP HEIGHT="47" WIDTH="29" VPOS="820" HPOS="1258"/>
<!-- cceid 891FEBED-6D82-1014-B070-FDFD250A9EDA --><String CONTENT="A" HEIGHT="39" WIDTH="42" VPOS="820" HPOS="1288"/>
<SP HEIGHT="41" WIDTH="23" VPOS="820" HPOS="1331"/>
<String CONTENT="80580" HEIGHT="42" WIDTH="147" VPOS="819" HPOS="1355"/>
<SP HEIGHT="42" WIDTH="12" VPOS="819" HPOS="1503"/>
<String CONTENT=":" HEIGHT="30" WIDTH="8" VPOS="831" HPOS="1516"/>
<SP HEIGHT="41" WIDTH="31" VPOS="820" HPOS="1525"/>
<String CONTENT="Columbia" HEIGHT="42" WIDTH="251" VPOS="819" HPOS="1557"/>
<SP HEIGHT="29" WIDTH="28" VPOS="830" HPOS="1809"/>
<String CONTENT="univ." HEIGHT="41" WIDTH="128" VPOS="818" HPOS="1838"/>
<SP HEIGHT="37" WIDTH="28" VPOS="830" HPOS="1967"/>
<String CONTENT="press." HEIGHT="38" WIDTH="148" VPOS="829" HPOS="1996"/>
</TextLine>
<TextLine HEIGHT="49" WIDTH="250" VPOS="880" HPOS="314">
<String CONTENT="(35-4734)" HEIGHT="49" WIDTH="250" VPOS="880" HPOS="314"/>
</TextLine>
<TextLine HEIGHT="68" WIDTH="835" VPOS="980" HPOS="236" STYLEREFS="StyleId-9CE2A448-C91C-47A8-8645-99712D6F883A-">
<String CONTENT="Faulkner," HEIGHT="67" WIDTH="312" VPOS="980" HPOS="236"/>
<SP HEIGHT="65" WIDTH="29" VPOS="982" HPOS="549"/>
<String CONTENT="Virginia," HEIGHT="68" WIDTH="289" VPOS="980" HPOS="579"/>
<SP HEIGHT="61" WIDTH="31" VPOS="987" HPOS="869"/>
<String CONTENT="1913-" HEIGHT="50" WIDTH="170" VPOS="986" HPOS="901"/>
</TextLine>
<TextLine HEIGHT="72" WIDTH="1925" VPOS="1055" HPOS="302" STYLEREFS="StyleId-FFB1181E-F068-4BB2-8785-F11DB4ED6413-">
<String CONTENT="The" HEIGHT="52" WIDTH="122" VPOS="1059" HPOS="302"/>
<SP HEIGHT="50" WIDTH="20" VPOS="1062" HPOS="425"/>
<String CONTENT="Barbarians" HEIGHT="52" WIDTH="349" VPOS="1060" HPOS="446"/>
<SP HEIGHT="48" WIDTH="28" VPOS="1078" HPOS="796"/>
<String CONTENT="[by]" HEIGHT="67" WIDTH="108" VPOS="1060" HPOS="825"/>
<SP HEIGHT="67" WIDTH="26" VPOS="1060" HPOS="934"/>
<String CONTENT="Virginian" HEIGHT="68" WIDTH="310" VPOS="1058" HPOS="961"/>
<SP HEIGHT="51" WIDTH="20" VPOS="1060" HPOS="1272"/>
<String CONTENT="Faulkner." HEIGHT="53" WIDTH="306" VPOS="1058" HPOS="1293"/>
<SP HEIGHT="53" WIDTH="58" VPOS="1058" HPOS="1600"/>
<String CONTENT="New" HEIGHT="53" WIDTH="140" VPOS="1058" HPOS="1659"/>
<SP HEIGHT="52" WIDTH="20" VPOS="1058" HPOS="1800"/>
<String CONTENT="York," HEIGHT="68" WIDTH="181" VPOS="1055" HPOS="1821"/>
<SP HEIGHT="68" WIDTH="23" VPOS="1055" HPOS="2003"/>
<String CONTENT="Simon" HEIGHT="55" WIDTH="200" VPOS="1055" HPOS="2027"/>
</TextLine>
<TextLine HEIGHT="67" WIDTH="609" VPOS="1137" HPOS="238" STYLEREFS="StyleId-FFB1181E-F068-4BB2-8785-F11DB4ED6413-">
<String CONTENT="and" HEIGHT="51" WIDTH="112" VPOS="1138" HPOS="238"/>
<SP HEIGHT="55" WIDTH="29" VPOS="1137" HPOS="351"/>
<String CONTENT="Schuster," HEIGHT="67" WIDTH="286" VPOS="1137" HPOS="381"/>
<SP HEIGHT="63" WIDTH="29" VPOS="1141" HPOS="668"/>
<String CONTENT="1935." HEIGHT="50" WIDTH="149" VPOS="1140" HPOS="698"/>
</TextLine>
<TextLine HEIGHT="49" WIDTH="717" VPOS="1209" HPOS="307" CS="1">
<String LANG="en-US" CONTENT="5" HEIGHT="39" WIDTH="28" VPOS="1211" HPOS="307"/>
<SP/>
<String LANG="fr" CONTENT="p." HEIGHT="37" WIDTH="44" VPOS="1221" HPOS="358"/>
<SP/>
<String LANG="fr" CS="1" CONTENT="l."/>
<String LANG="en-US" CONTENT="," HEIGHT="16" WIDTH="9" VPOS="1240" HPOS="463"/>
<SP HEIGHT="46" WIDTH="25" VPOS="1210" HPOS="473"/>
<String LANG="en-US" CONTENT="3-326" HEIGHT="41" WIDTH="147" VPOS="1209" HPOS="499"/>
<SP HEIGHT="48" WIDTH="22" VPOS="1209" HPOS="647"/>
<String LANG="fr" CONTENT="p." HEIGHT="37" WIDTH="44" VPOS="1220" HPOS="670"/>
<SP HEIGHT="38" WIDTH="53" VPOS="1211" HPOS="715"/>
<String LANG="en-US" CONTENT="1" HEIGHT="38" WIDTH="26" VPOS="1211" HPOS="769"/>
<SP/>
<String LANG="en-US" CS="1" CONTENT="l."/>
<SP HEIGHT="39" WIDTH="54" VPOS="1210" HPOS="851"/>
<String LANG="en-US" CONTENT="21" HEIGHT="39" WIDTH="56" VPOS="1210" HPOS="906"/>
<String STYLE="superscript" LANG="en-US" CONTENT="cm" HEIGHT="22" WIDTH="46" VPOS="1211" HPOS="965"/>
<String LANG="en-US" CONTENT="." HEIGHT="10" WIDTH="10" VPOS="1240" HPOS="1014"/>
</TextLine>
<TextLine HEIGHT="53" WIDTH="1995" VPOS="1275" HPOS="237" CS="1">
<String CONTENT="&#169;" HEIGHT="53" WIDTH="56" VPOS="1275" HPOS="237"/>
<SP HEIGHT="53" WIDTH="26" VPOS="1275" HPOS="294"/>
<String CONTENT="Mar." HEIGHT="38" WIDTH="120" VPOS="1281" HPOS="321"/>
<SP HEIGHT="39" WIDTH="28" VPOS="1280" HPOS="442"/>
<String CONTENT="18," HEIGHT="48" WIDTH="70" VPOS="1278" HPOS="471"/>
<SP HEIGHT="47" WIDTH="28" VPOS="1279" HPOS="542"/>
<String CONTENT="1935" HEIGHT="41" WIDTH="116" VPOS="1278" HPOS="571"/>
<SP HEIGHT="47" WIDTH="14" VPOS="1279" HPOS="688"/>
<String CONTENT=";" HEIGHT="37" WIDTH="9" VPOS="1289" HPOS="703"/>
<SP HEIGHT="48" WIDTH="30" VPOS="1278" HPOS="713"/>
<String CONTENT="2c." HEIGHT="41" WIDTH="69" VPOS="1278" HPOS="744"/>
<SP HEIGHT="41" WIDTH="27" VPOS="1278" HPOS="814"/>
<String CONTENT="Apr." HEIGHT="49" WIDTH="114" VPOS="1278" HPOS="842"/>
<SP HEIGHT="41" WIDTH="29" VPOS="1278" HPOS="957"/>
<String CONTENT="5;" HEIGHT="48" WIDTH="53" VPOS="1278" HPOS="987"/>
<SP HEIGHT="38" WIDTH="31" VPOS="1288" HPOS="1041"/>
<String CONTENT="aff." HEIGHT="42" WIDTH="82" VPOS="1277" HPOS="1073"/>
<SP HEIGHT="39" WIDTH="31" VPOS="1279" HPOS="1156"/>
<String CONTENT="Mar." HEIGHT="39" WIDTH="121" VPOS="1279" HPOS="1188"/>
<SP HEIGHT="39" WIDTH="31" VPOS="1279" HPOS="1310"/>
<String CONTENT="19;" HEIGHT="48" WIDTH="81" VPOS="1277" HPOS="1342"/>
<SP HEIGHT="47" WIDTH="31" VPOS="1278" HPOS="1424"/>
<!-- cceid 892096EA-6D82-1014-B070-FDFD250A9EDA --><String CONTENT="A" HEIGHT="39" WIDTH="42" VPOS="1278" HPOS="1456"/>
<SP HEIGHT="40" WIDTH="28" VPOS="1277" HPOS="1499"/>
<String CONTENT="82374;" HEIGHT="47" WIDTH="170" VPOS="1277" HPOS="1528"/>
<SP HEIGHT="47" WIDTH="32" VPOS="1277" HPOS="1699"/>
<String CS="1" CONTENT="V." HEIGHT="8" WIDTH="9" VPOS="1308" HPOS="1778"/>
<SP HEIGHT="40" WIDTH="31" VPOS="1276" HPOS="1788"/>
<String CONTENT="Faulkner," HEIGHT="48" WIDTH="260" VPOS="1276" HPOS="1820"/>
<SP HEIGHT="48" WIDTH="30" VPOS="1276" HPOS="2081"/>
<String CONTENT="New" HEIGHT="40" WIDTH="120" VPOS="1276" HPOS="2112"/>
</TextLine>
<TextLine HEIGHT="48" WIDTH="463" VPOS="1335" HPOS="306">
<String CONTENT="York." HEIGHT="40" WIDTH="143" VPOS="1336" HPOS="306"/>
<SP HEIGHT="47" WIDTH="68" VPOS="1336" HPOS="450"/>
<String CONTENT="(35-4801)" HEIGHT="48" WIDTH="250" VPOS="1335" HPOS="519"/>
</TextLine>
<TextLine HEIGHT="68" WIDTH="963" VPOS="1435" HPOS="239" STYLEREFS="StyleId-FFB1181E-F068-4BB2-8785-F11DB4ED6413-">
<String CONTENT="[Faust," HEIGHT="66" WIDTH="223" VPOS="1437" HPOS="239"/>
<SP HEIGHT="64" WIDTH="27" VPOS="1438" HPOS="463"/>
<String CONTENT="Ralph" HEIGHT="65" WIDTH="190" VPOS="1436" HPOS="491"/>
<SP HEIGHT="52" WIDTH="27" VPOS="1438" HPOS="682"/>
<String CONTENT="Milligan]" HEIGHT="68" WIDTH="284" VPOS="1435" HPOS="710"/>
<SP HEIGHT="59" WIDTH="34" VPOS="1444" HPOS="995"/>
<String CONTENT="1901-" HEIGHT="50" WIDTH="172" VPOS="1442" HPOS="1030"/>
</TextLine>
<TextLine HEIGHT="70" WIDTH="1922" VPOS="1512" HPOS="307" STYLEREFS="StyleId-FFB1181E-F068-4BB2-8785-F11DB4ED6413-">
<String CONTENT="The" HEIGHT="53" WIDTH="122" VPOS="1514" HPOS="307"/>
<SP HEIGHT="36" WIDTH="34" VPOS="1532" HPOS="430"/>
<String CONTENT="story" HEIGHT="63" WIDTH="159" VPOS="1519" HPOS="465"/>
<SP HEIGHT="50" WIDTH="34" VPOS="1532" HPOS="625"/>
<String CONTENT="of" HEIGHT="55" WIDTH="66" VPOS="1512" HPOS="660"/>
<SP HEIGHT="57" WIDTH="35" VPOS="1512" HPOS="727"/>
<String CONTENT="Oswego;" HEIGHT="70" WIDTH="268" VPOS="1512" HPOS="763"/>
<SP HEIGHT="49" WIDTH="40" VPOS="1532" HPOS="1032"/>
<String CONTENT="with" HEIGHT="53" WIDTH="142" VPOS="1514" HPOS="1073"/>
<SP HEIGHT="53" WIDTH="36" VPOS="1514" HPOS="1216"/>
<String CONTENT="notes" HEIGHT="48" WIDTH="161" VPOS="1519" HPOS="1253"/>
<SP HEIGHT="36" WIDTH="36" VPOS="1531" HPOS="1415"/>
<String CONTENT="about" HEIGHT="54" WIDTH="173" VPOS="1513" HPOS="1452"/>
<SP HEIGHT="48" WIDTH="33" VPOS="1519" HPOS="1626"/>
<String CONTENT="the" HEIGHT="53" WIDTH="99" VPOS="1514" HPOS="1660"/>
<SP HEIGHT="37" WIDTH="32" VPOS="1530" HPOS="1760"/>
<String CONTENT="several" HEIGHT="52" WIDTH="215" VPOS="1515" HPOS="1793"/>
<SP HEIGHT="51" WIDTH="38" VPOS="1515" HPOS="2009"/>
<String CONTENT="towns" HEIGHT="47" WIDTH="181" VPOS="1519" HPOS="2048"/>
</TextLine>
<TextLine HEIGHT="68" WIDTH="1655" VPOS="1590" HPOS="238" STYLEREFS="StyleId-FFB1181E-F068-4BB2-8785-F11DB4ED6413-">
<String CONTENT="in" HEIGHT="51" WIDTH="58" VPOS="1592" HPOS="238"/>
<SP HEIGHT="47" WIDTH="25" VPOS="1597" HPOS="297"/>
<String CONTENT="the" HEIGHT="52" WIDTH="95" VPOS="1592" HPOS="323"/>
<SP HEIGHT="34" WIDTH="29" VPOS="1610" HPOS="419"/>
<String CONTENT="county." HEIGHT="62" WIDTH="224" VPOS="1596" HPOS="449"/>
<SP HEIGHT="34" WIDTH="78" VPOS="1624" HPOS="674"/>
<String CONTENT="[Oswego," HEIGHT="68" WIDTH="277" VPOS="1590" HPOS="753"/>
<SP HEIGHT="67" WIDTH="26" VPOS="1591" HPOS="1031"/>
<String LANG="fr" CONTENT="N." HEIGHT="53" WIDTH="71" VPOS="1591" HPOS="1058"/>
<SP HEIGHT="52" WIDTH="29" VPOS="1591" HPOS="1130"/>
<String LANG="fr" CONTENT="Y.," HEIGHT="67" WIDTH="91" VPOS="1591" HPOS="1160"/>
<SP HEIGHT="67" WIDTH="28" VPOS="1591" HPOS="1252"/>
<String LANG="fr" CONTENT="R." HEIGHT="52" WIDTH="69" VPOS="1591" HPOS="1281"/>
<SP HEIGHT="52" WIDTH="26" VPOS="1591" HPOS="1351"/>
<String CONTENT="M." HEIGHT="52" WIDTH="83" VPOS="1591" HPOS="1378"/>
<SP HEIGHT="51" WIDTH="28" VPOS="1592" HPOS="1462"/>
<String CONTENT="Faust," HEIGHT="65" WIDTH="198" VPOS="1592" HPOS="1491"/>
<SP HEIGHT="59" WIDTH="26" VPOS="1598" HPOS="1690"/>
<String STYLE="superscript" CONTENT="c" HEIGHT="22" WIDTH="20" VPOS="1598" HPOS="1717"/>
<String CONTENT="1934]" HEIGHT="63" WIDTH="152" VPOS="1594" HPOS="1741"/>
</TextLine>
<TextLine HEIGHT="51" WIDTH="871" VPOS="1659" HPOS="313" CS="1">
<String CONTENT="3" HEIGHT="40" WIDTH="26" VPOS="1661" HPOS="313"/>
<SP HEIGHT="48" WIDTH="29" VPOS="1661" HPOS="340"/>
<String LANG="fr" CONTENT="p." HEIGHT="37" WIDTH="43" VPOS="1672" HPOS="370"/>
<SP/>
<String LANG="fr" CS="1" CONTENT="l."/>
<String CONTENT="," HEIGHT="17" WIDTH="9" VPOS="1691" HPOS="480"/>
<SP HEIGHT="47" WIDTH="31" VPOS="1661" HPOS="490"/>
<String CONTENT="107," HEIGHT="50" WIDTH="99" VPOS="1659" HPOS="522"/>
<SP HEIGHT="30" WIDTH="34" VPOS="1680" HPOS="622"/>
<String CONTENT="[4]" HEIGHT="49" WIDTH="55" VPOS="1661" HPOS="657"/>
<SP HEIGHT="38" WIDTH="33" VPOS="1672" HPOS="713"/>
<String CONTENT="p." HEIGHT="37" WIDTH="43" VPOS="1672" HPOS="747"/>
<SP HEIGHT="39" WIDTH="59" VPOS="1661" HPOS="791"/>
<String CONTENT="illus." HEIGHT="41" WIDTH="126" VPOS="1661" HPOS="851"/>
<SP HEIGHT="41" WIDTH="59" VPOS="1661" HPOS="978"/>
<String CS="1" CONTENT="18&#189;" HEIGHT="41" WIDTH="56" VPOS="1661" HPOS="1038"/>
<String STYLE="superscript" CS="1" CONTENT="cm" HEIGHT="21" WIDTH="15" VPOS="1663" HPOS="1125"/>
<String CONTENT="." HEIGHT="9" WIDTH="9" VPOS="1693" HPOS="1175"/>
</TextLine>
<TextLine HEIGHT="49" WIDTH="1373" VPOS="1717" HPOS="313">
<String CONTENT="Title" HEIGHT="39" WIDTH="128" VPOS="1719" HPOS="313"/>
<SP HEIGHT="31" WIDTH="27" VPOS="1727" HPOS="442"/>
<String CONTENT="vignette" HEIGHT="47" WIDTH="215" VPOS="1718" HPOS="470"/>
<SP HEIGHT="47" WIDTH="40" VPOS="1718" HPOS="686"/>
<String CONTENT="(seal" HEIGHT="47" WIDTH="125" VPOS="1718" HPOS="727"/>
<SP HEIGHT="39" WIDTH="26" VPOS="1719" HPOS="853"/>
<String CONTENT="of" HEIGHT="41" WIDTH="53" VPOS="1717" HPOS="880"/>
<SP HEIGHT="41" WIDTH="30" VPOS="1717" HPOS="934"/>
<String CONTENT="Oswego" HEIGHT="48" WIDTH="198" VPOS="1717" HPOS="965"/>
<SP HEIGHT="39" WIDTH="30" VPOS="1717" HPOS="1164"/>
<String CONTENT="historical" HEIGHT="41" WIDTH="252" VPOS="1717" HPOS="1195"/>
<SP HEIGHT="40" WIDTH="32" VPOS="1718" HPOS="1448"/>
<String CONTENT="society)" HEIGHT="48" WIDTH="205" VPOS="1718" HPOS="1481"/>
</TextLine>
<TextLine HEIGHT="53" WIDTH="1707" VPOS="1785" HPOS="242" CS="1">
<String CONTENT="&#169;" HEIGHT="53" WIDTH="53" VPOS="1785" HPOS="242"/>
<SP HEIGHT="53" WIDTH="29" VPOS="1785" HPOS="296"/>
<String CONTENT="Feb." HEIGHT="40" WIDTH="110" VPOS="1790" HPOS="326"/>
<SP HEIGHT="39" WIDTH="29" VPOS="1790" HPOS="437"/>
<String CONTENT="4," HEIGHT="47" WIDTH="42" VPOS="1790" HPOS="467"/>
<SP HEIGHT="46" WIDTH="28" VPOS="1791" HPOS="510"/>
<String CONTENT="1935" HEIGHT="42" WIDTH="117" VPOS="1788" HPOS="539"/>
<SP HEIGHT="46" WIDTH="13" VPOS="1790" HPOS="657"/>
<String CONTENT=";" HEIGHT="36" WIDTH="9" VPOS="1800" HPOS="671"/>
<SP HEIGHT="47" WIDTH="31" VPOS="1789" HPOS="681"/>
<String CONTENT="2c." HEIGHT="41" WIDTH="69" VPOS="1789" HPOS="713"/>
<SP HEIGHT="30" WIDTH="30" VPOS="1800" HPOS="783"/>
<String CONTENT="and" HEIGHT="41" WIDTH="97" VPOS="1789" HPOS="814"/>
<SP HEIGHT="41" WIDTH="28" VPOS="1789" HPOS="912"/>
<String CONTENT="aff." HEIGHT="42" WIDTH="80" VPOS="1788" HPOS="941"/>
<SP HEIGHT="38" WIDTH="34" VPOS="1789" HPOS="1022"/>
<String CONTENT="Feb." HEIGHT="39" WIDTH="110" VPOS="1789" HPOS="1057"/>
<SP HEIGHT="41" WIDTH="30" VPOS="1787" HPOS="1168"/>
<String CONTENT="27;" HEIGHT="49" WIDTH="83" VPOS="1787" HPOS="1199"/>
<SP HEIGHT="47" WIDTH="32" VPOS="1789" HPOS="1283"/>
<!-- cceid 89214134-6D82-1014-B070-FDFD250A9EDA --><String CONTENT="A" HEIGHT="39" WIDTH="42" VPOS="1789" HPOS="1316"/>
<SP HEIGHT="40" WIDTH="29" VPOS="1789" HPOS="1359"/>
<String CONTENT="80636;" HEIGHT="48" WIDTH="169" VPOS="1788" HPOS="1389"/>
<SP HEIGHT="48" WIDTH="35" VPOS="1788" HPOS="1559"/>
<String LANG="fr" CONTENT="R." HEIGHT="40" WIDTH="54" VPOS="1788" HPOS="1595"/>
<SP HEIGHT="39" WIDTH="33" VPOS="1789" HPOS="1650"/>
<String CONTENT="M." HEIGHT="40" WIDTH="63" VPOS="1789" HPOS="1684"/>
<SP HEIGHT="40" WIDTH="32" VPOS="1789" HPOS="1748"/>
<String CONTENT="Faust." HEIGHT="40" WIDTH="168" VPOS="1789" HPOS="1781"/>
</TextLine>
<TextLine HEIGHT="49" WIDTH="249" VPOS="1846" HPOS="322">
<String CONTENT="(35-4761)" HEIGHT="49" WIDTH="249" VPOS="1846" HPOS="322"/>
</TextLine>
<TextLine HEIGHT="67" WIDTH="1076" VPOS="1948" HPOS="240" STYLEREFS="StyleId-9CE2A448-C91C-47A8-8645-99712D6F883A-">
<String CONTENT="Ficklen," HEIGHT="66" WIDTH="255" VPOS="1949" HPOS="240"/>
<SP HEIGHT="63" WIDTH="25" VPOS="1952" HPOS="496"/>
<String CONTENT="Mrs." HEIGHT="52" WIDTH="137" VPOS="1952" HPOS="522"/>
<SP HEIGHT="52" WIDTH="25" VPOS="1950" HPOS="660"/>
<String CONTENT="Bessie" HEIGHT="55" WIDTH="203" VPOS="1948" HPOS="686"/>
<SP HEIGHT="64" WIDTH="28" VPOS="1950" HPOS="890"/>
<String CONTENT="(Alexander)" HEIGHT="66" WIDTH="397" VPOS="1948" HPOS="919"/>
</TextLine>
<TextLine HEIGHT="73" WIDTH="1915" VPOS="2021" HPOS="318" STYLEREFS="StyleId-FFB1181E-F068-4BB2-8785-F11DB4ED6413-">
<String CONTENT="A" HEIGHT="51" WIDTH="55" VPOS="2025" HPOS="318"/>
<SP HEIGHT="52" WIDTH="33" VPOS="2024" HPOS="374"/>
<String CONTENT="handbook" HEIGHT="55" WIDTH="301" VPOS="2023" HPOS="408"/>
<SP HEIGHT="54" WIDTH="33" VPOS="2023" HPOS="710"/>
<String CONTENT="of" HEIGHT="53" WIDTH="63" VPOS="2024" HPOS="744"/>
<SP HEIGHT="54" WIDTH="32" VPOS="2022" HPOS="808"/>
<String CONTENT="fist" HEIGHT="55" WIDTH="92" VPOS="2022" HPOS="841"/>
<SP HEIGHT="63" WIDTH="33" VPOS="2029" HPOS="934"/>
<String CONTENT="puppets," HEIGHT="64" WIDTH="264" VPOS="2030" HPOS="968"/>
<SP HEIGHT="70" WIDTH="36" VPOS="2023" HPOS="1233"/>
<String CONTENT="by" HEIGHT="69" WIDTH="73" VPOS="2023" HPOS="1270"/>
<SP HEIGHT="69" WIDTH="35" VPOS="2023" HPOS="1344"/>
<String CONTENT="Bessie" HEIGHT="55" WIDTH="192" VPOS="2023" HPOS="1380"/>
<SP HEIGHT="55" WIDTH="35" VPOS="2023" HPOS="1573"/>
<String CONTENT="Alexander" HEIGHT="54" WIDTH="328" VPOS="2023" HPOS="1609"/>
<SP HEIGHT="52" WIDTH="31" VPOS="2023" HPOS="1938"/>
<String CONTENT="Ficklen;" HEIGHT="69" WIDTH="263" VPOS="2021" HPOS="1970"/>
</TextLine>
<TextLine HEIGHT="72" WIDTH="1985" VPOS="2099" HPOS="250" STYLEREFS="StyleId-FFB1181E-F068-4BB2-8785-F11DB4ED6413-">
<String CONTENT="with" HEIGHT="54" WIDTH="138" VPOS="2102" HPOS="250"/>
<SP HEIGHT="54" WIDTH="25" VPOS="2102" HPOS="389"/>
<String CONTENT="eight" HEIGHT="68" WIDTH="157" VPOS="2102" HPOS="415"/>
<SP HEIGHT="46" WIDTH="27" VPOS="2109" HPOS="573"/>
<String CONTENT="reproductions" HEIGHT="72" WIDTH="427" VPOS="2099" HPOS="601"/>
<SP HEIGHT="55" WIDTH="26" VPOS="2101" HPOS="1029"/>
<String CONTENT="from" HEIGHT="53" WIDTH="150" VPOS="2101" HPOS="1056"/>
<SP HEIGHT="51" WIDTH="29" VPOS="2119" HPOS="1207"/>
<String CONTENT="photographs" HEIGHT="69" WIDTH="390" VPOS="2101" HPOS="1237"/>
<SP HEIGHT="35" WIDTH="27" VPOS="2119" HPOS="1628"/>
<String CONTENT="and" HEIGHT="53" WIDTH="111" VPOS="2101" HPOS="1656"/>
<SP HEIGHT="53" WIDTH="29" VPOS="2101" HPOS="1768"/>
<String CONTENT="numerous" HEIGHT="36" WIDTH="299" VPOS="2119" HPOS="1798"/>
<SP HEIGHT="55" WIDTH="23" VPOS="2100" HPOS="2098"/>
<String CONTENT="line" HEIGHT="55" WIDTH="113" VPOS="2099" HPOS="2122"/>
</TextLine>
<TextLine HEIGHT="70" WIDTH="1986" VPOS="2178" HPOS="249" STYLEREFS="StyleId-FFB1181E-F068-4BB2-8785-F11DB4ED6413-">
<String CONTENT="drawings" HEIGHT="69" WIDTH="288" VPOS="2179" HPOS="249"/>
<SP HEIGHT="52" WIDTH="32" VPOS="2180" HPOS="538"/>
<String CONTENT="by" HEIGHT="68" WIDTH="74" VPOS="2180" HPOS="571"/>
<SP HEIGHT="69" WIDTH="33" VPOS="2179" HPOS="646"/>
<String CONTENT="Julie" HEIGHT="55" WIDTH="157" VPOS="2179" HPOS="680"/>
<SP HEIGHT="55" WIDTH="33" VPOS="2179" HPOS="838"/>
<String CONTENT="Brown." HEIGHT="54" WIDTH="229" VPOS="2179" HPOS="872"/>
<SP HEIGHT="54" WIDTH="89" VPOS="2178" HPOS="1102"/>
<String CONTENT="New" HEIGHT="53" WIDTH="137" VPOS="2178" HPOS="1192"/>
<SP HEIGHT="52" WIDTH="38" VPOS="2179" HPOS="1330"/>
<String CONTENT="York," HEIGHT="68" WIDTH="178" VPOS="2179" HPOS="1369"/>
<SP HEIGHT="68" WIDTH="33" VPOS="2179" HPOS="1548"/>
<String CONTENT="Frederick" HEIGHT="54" WIDTH="306" VPOS="2178" HPOS="1582"/>
<SP HEIGHT="52" WIDTH="35" VPOS="2178" HPOS="1889"/>
<String CONTENT="A." HEIGHT="51" WIDTH="70" VPOS="2180" HPOS="1925"/>
<SP HEIGHT="55" WIDTH="38" VPOS="2178" HPOS="1996"/>
<String CONTENT="Stokes" HEIGHT="55" WIDTH="200" VPOS="2178" HPOS="2035"/>
</TextLine>
<TextLine HEIGHT="66" WIDTH="472" VPOS="2259" HPOS="250" STYLEREFS="StyleId-FFB1181E-F068-4BB2-8785-F11DB4ED6413-">
<String CONTENT="company," HEIGHT="51" WIDTH="293" VPOS="2274" HPOS="250"/>
<SP HEIGHT="63" WIDTH="28" VPOS="2261" HPOS="544"/>
<String CONTENT="1935." HEIGHT="51" WIDTH="149" VPOS="2259" HPOS="573"/>
</TextLine>
<TextLine HEIGHT="50" WIDTH="1063" VPOS="2327" HPOS="317">
<String CONTENT="xvii," HEIGHT="47" WIDTH="116" VPOS="2328" HPOS="317"/>
<SP HEIGHT="48" WIDTH="22" VPOS="2327" HPOS="434"/>
<String CONTENT="329" HEIGHT="41" WIDTH="88" VPOS="2327" HPOS="457"/>
<SP HEIGHT="49" WIDTH="24" VPOS="2327" HPOS="546"/>
<String CONTENT="p." HEIGHT="37" WIDTH="43" VPOS="2339" HPOS="571"/>
<SP HEIGHT="42" WIDTH="57" VPOS="2327" HPOS="615"/>
<String CONTENT="front.," HEIGHT="48" WIDTH="164" VPOS="2327" HPOS="673"/>
<SP HEIGHT="46" WIDTH="26" VPOS="2329" HPOS="838"/>
<String CONTENT="illus.," HEIGHT="48" WIDTH="140" VPOS="2328" HPOS="865"/>
<SP HEIGHT="37" WIDTH="27" VPOS="2340" HPOS="1006"/>
<String CONTENT="plates." HEIGHT="48" WIDTH="171" VPOS="2329" HPOS="1034"/>
<SP HEIGHT="40" WIDTH="57" VPOS="2329" HPOS="1206"/>
<String CONTENT="21" HEIGHT="39" WIDTH="54" VPOS="2329" HPOS="1264"/>
<String STYLE="superscript" CONTENT="cm" HEIGHT="21" WIDTH="43" VPOS="2331" HPOS="1323"/>
<String CONTENT="." HEIGHT="9" WIDTH="9" VPOS="2361" HPOS="1371"/>
</TextLine>
<TextLine HEIGHT="50" WIDTH="690" VPOS="2383" HPOS="318">
<String CONTENT="Bibliography" HEIGHT="48" WIDTH="349" VPOS="2385" HPOS="318"/>
<SP HEIGHT="37" WIDTH="15" VPOS="2395" HPOS="668"/>
<String CONTENT=":" HEIGHT="29" WIDTH="9" VPOS="2395" HPOS="684"/>
<SP HEIGHT="38" WIDTH="25" VPOS="2395" HPOS="694"/>
<String CONTENT="p." HEIGHT="38" WIDTH="44" VPOS="2395" HPOS="720"/>
<SP HEIGHT="42" WIDTH="26" VPOS="2383" HPOS="765"/>
<String CONTENT="327-329." HEIGHT="42" WIDTH="216" VPOS="2383" HPOS="792"/>
</TextLine>
<TextLine HEIGHT="53" WIDTH="1989" VPOS="2453" HPOS="246">
<String CONTENT="&#169;" HEIGHT="53" WIDTH="53" VPOS="2453" HPOS="246"/>
<SP HEIGHT="53" WIDTH="21" VPOS="2453" HPOS="300"/>
<String CONTENT="Mar." HEIGHT="39" WIDTH="122" VPOS="2458" HPOS="322"/>
<SP HEIGHT="40" WIDTH="21" VPOS="2457" HPOS="445"/>
<String CONTENT="22," HEIGHT="48" WIDTH="70" VPOS="2457" HPOS="467"/>
<SP HEIGHT="46" WIDTH="21" VPOS="2459" HPOS="538"/>
<String CONTENT="1935" HEIGHT="41" WIDTH="116" VPOS="2457" HPOS="560"/>
<SP HEIGHT="46" WIDTH="13" VPOS="2458" HPOS="677"/>
<String CONTENT=";" HEIGHT="36" WIDTH="9" VPOS="2468" HPOS="691"/>
<SP HEIGHT="47" WIDTH="25" VPOS="2457" HPOS="701"/>
<String CONTENT="2c." HEIGHT="41" WIDTH="68" VPOS="2457" HPOS="727"/>
<SP HEIGHT="29" WIDTH="22" VPOS="2469" HPOS="796"/>
<String CONTENT="and" HEIGHT="39" WIDTH="94" VPOS="2459" HPOS="819"/>
<SP HEIGHT="39" WIDTH="22" VPOS="2459" HPOS="914"/>
<String CONTENT="aff." HEIGHT="42" WIDTH="81" VPOS="2456" HPOS="937"/>
<SP HEIGHT="38" WIDTH="24" VPOS="2459" HPOS="1019"/>
<String CONTENT="Mar." HEIGHT="39" WIDTH="121" VPOS="2459" HPOS="1044"/>
<SP HEIGHT="40" WIDTH="23" VPOS="2458" HPOS="1166"/>
<String CONTENT="30;" HEIGHT="48" WIDTH="82" VPOS="2457" HPOS="1190"/>
<SP HEIGHT="47" WIDTH="25" VPOS="2458" HPOS="1273"/>
<!-- cceid 8921E9A2-6D82-1014-B070-FDFD250A9EDA --><String CONTENT="A" HEIGHT="38" WIDTH="41" VPOS="2458" HPOS="1299"/>
<SP HEIGHT="39" WIDTH="22" VPOS="2458" HPOS="1341"/>
<String CONTENT="82273" HEIGHT="40" WIDTH="142" VPOS="2457" HPOS="1364"/>
<SP HEIGHT="46" WIDTH="16" VPOS="2458" HPOS="1507"/>
<String CONTENT=";" HEIGHT="35" WIDTH="8" VPOS="2469" HPOS="1524"/>
<SP HEIGHT="45" WIDTH="27" VPOS="2459" HPOS="1533"/>
<String CONTENT="B." HEIGHT="39" WIDTH="53" VPOS="2459" HPOS="1561"/>
<SP HEIGHT="39" WIDTH="23" VPOS="2459" HPOS="1615"/>
<String CONTENT="A." HEIGHT="39" WIDTH="54" VPOS="2459" HPOS="1639"/>
<SP HEIGHT="40" WIDTH="25" VPOS="2458" HPOS="1694"/>
<String CONTENT="Ficklen," HEIGHT="47" WIDTH="212" VPOS="2458" HPOS="1720"/>
<SP HEIGHT="46" WIDTH="26" VPOS="2459" HPOS="1933"/>
<String CONTENT="Savannah," HEIGHT="46" WIDTH="275" VPOS="2459" HPOS="1960"/>
</TextLine>
<TextLine HEIGHT="49" WIDTH="405" VPOS="2513" HPOS="316">
<String CONTENT="Ga." HEIGHT="41" WIDTH="86" VPOS="2513" HPOS="316"/>
<SP HEIGHT="47" WIDTH="67" VPOS="2515" HPOS="403"/>
<String CONTENT="(35-4894)" HEIGHT="49" WIDTH="250" VPOS="2513" HPOS="471"/>
</TextLine>
<TextLine HEIGHT="67" WIDTH="897" VPOS="2615" HPOS="246" STYLEREFS="StyleId-9CE2A448-C91C-47A8-8645-99712D6F883A-">
<String CONTENT="Field," HEIGHT="67" WIDTH="179" VPOS="2615" HPOS="246"/>
<SP HEIGHT="64" WIDTH="24" VPOS="2618" HPOS="426"/>
<String CONTENT="Rachel" HEIGHT="54" WIDTH="221" VPOS="2618" HPOS="451"/>
<SP HEIGHT="52" WIDTH="22" VPOS="2619" HPOS="673"/>
<String CONTENT="Lyman," HEIGHT="63" WIDTH="246" VPOS="2619" HPOS="696"/>
<SP HEIGHT="58" WIDTH="29" VPOS="2624" HPOS="943"/>
<String CONTENT="1894-" HEIGHT="50" WIDTH="170" VPOS="2623" HPOS="973"/>
</TextLine>
<TextLine HEIGHT="146" WIDTH="1961" VPOS="2693" HPOS="250" STYLEREFS="StyleId-FFB1181E-F068-4BB2-8785-F11DB4ED6413-" CS="1">
<String CONTENT="Time" HEIGHT="54" WIDTH="162" VPOS="2693" HPOS="320"/>
<SP HEIGHT="37" WIDTH="28" VPOS="2710" HPOS="483"/>
<String CONTENT="out" HEIGHT="47" WIDTH="98" VPOS="2700" HPOS="512"/>
<SP HEIGHT="46" WIDTH="28" VPOS="2700" HPOS="611"/>
<String CONTENT="of" HEIGHT="52" WIDTH="65" VPOS="2694" HPOS="640"/>
<SP HEIGHT="53" WIDTH="26" VPOS="2694" HPOS="706"/>
<String CONTENT="mind," HEIGHT="66" WIDTH="177" VPOS="2695" HPOS="733"/>
<SP HEIGHT="66" WIDTH="29" VPOS="2695" HPOS="911"/>
<String CONTENT="by" HEIGHT="67" WIDTH="76" VPOS="2695" HPOS="941"/>
<SP HEIGHT="66" WIDTH="27" VPOS="2696" HPOS="1018"/>
<String CONTENT="Rachel" HEIGHT="51" WIDTH="213" VPOS="2696" HPOS="1046"/>
<SP HEIGHT="51" WIDTH="31" VPOS="2696" HPOS="1260"/>
<String CONTENT="Field." HEIGHT="51" WIDTH="182" VPOS="2696" HPOS="1292"/>
<SP HEIGHT="52" WIDTH="72" VPOS="2697" HPOS="1475"/>
<String CONTENT="New" HEIGHT="52" WIDTH="138" VPOS="2697" HPOS="1548"/>
<SP HEIGHT="51" WIDTH="32" VPOS="2698" HPOS="1687"/>
<String CONTENT="York," HEIGHT="64" WIDTH="176" VPOS="2698" HPOS="1720"/>
<SP HEIGHT="63" WIDTH="32" VPOS="2699" HPOS="1897"/>
<String CONTENT="The" HEIGHT="51" WIDTH="120" VPOS="2699" HPOS="1930"/>
<SP HEIGHT="51" WIDTH="30" VPOS="2699" HPOS="2051"/>
<String CONTENT="Macmillan" HEIGHT="125" WIDTH="1961" VPOS="2699" HPOS="250"/>
<SP HEIGHT="35" WIDTH="29" VPOS="2789" HPOS="452"/>
<String CONTENT="company," HEIGHT="50" WIDTH="294" VPOS="2789" HPOS="482"/>
<SP HEIGHT="62" WIDTH="32" VPOS="2777" HPOS="777"/>
<String CONTENT="1935." HEIGHT="50" WIDTH="147" VPOS="2775" HPOS="810"/>
</TextLine>
<TextLine HEIGHT="49" WIDTH="592" VPOS="2843" HPOS="324" CS="1">
<String LANG="en-US" CONTENT="5" HEIGHT="40" WIDTH="26" VPOS="2845" HPOS="324"/>
<SP HEIGHT="46" WIDTH="27" VPOS="2845" HPOS="351"/>
<String LANG="fr" CONTENT="p." HEIGHT="37" WIDTH="43" VPOS="2854" HPOS="379"/>
<SP/>
<String LANG="fr" CS="1" CONTENT="l."/>
<String LANG="en-US" CONTENT="," HEIGHT="18" WIDTH="10" VPOS="2874" HPOS="485"/>
<SP HEIGHT="48" WIDTH="27" VPOS="2844" HPOS="496"/>
<String LANG="en-US" CS="1" CONTENT="3-62" HEIGHT="41" WIDTH="145" VPOS="2843" HPOS="524"/>
<SP HEIGHT="48" WIDTH="28" VPOS="2843" HPOS="670"/>
<String LANG="en-US" CONTENT="p." HEIGHT="37" WIDTH="43" VPOS="2854" HPOS="699"/>
<SP HEIGHT="40" WIDTH="56" VPOS="2843" HPOS="743"/>
<String LANG="en-US" CONTENT="21" HEIGHT="40" WIDTH="55" VPOS="2843" HPOS="800"/>
<String STYLE="superscript" LANG="en-US" CONTENT="cm" HEIGHT="22" WIDTH="43" VPOS="2846" HPOS="859"/>
<String LANG="en-US" CONTENT="." HEIGHT="8" WIDTH="9" VPOS="2876" HPOS="907"/>
</TextLine>
<TextLine HEIGHT="56" WIDTH="1987" VPOS="2910" HPOS="250">
<String CONTENT="&#169;" HEIGHT="53" WIDTH="53" VPOS="2910" HPOS="250"/>
<SP HEIGHT="53" WIDTH="23" VPOS="2910" HPOS="304"/>
<String CONTENT="Apr." HEIGHT="49" WIDTH="115" VPOS="2913" HPOS="328"/>
<SP HEIGHT="40" WIDTH="22" VPOS="2914" HPOS="444"/>
<String CONTENT="2," HEIGHT="48" WIDTH="41" VPOS="2914" HPOS="467"/>
<SP HEIGHT="47" WIDTH="24" VPOS="2915" HPOS="509"/>
<String CONTENT="1935" HEIGHT="40" WIDTH="118" VPOS="2914" HPOS="534"/>
<SP HEIGHT="46" WIDTH="12" VPOS="2915" HPOS="653"/>
<String CONTENT=";" HEIGHT="37" WIDTH="9" VPOS="2924" HPOS="666"/>
<SP HEIGHT="48" WIDTH="25" VPOS="2913" HPOS="676"/>
<String CONTENT="2c." HEIGHT="41" WIDTH="67" VPOS="2913" HPOS="702"/>
<SP HEIGHT="29" WIDTH="25" VPOS="2925" HPOS="770"/>
<String CONTENT="and" HEIGHT="38" WIDTH="95" VPOS="2916" HPOS="796"/>
<SP HEIGHT="39" WIDTH="25" VPOS="2916" HPOS="892"/>
<String CONTENT="aff." HEIGHT="41" WIDTH="83" VPOS="2914" HPOS="918"/>
<SP HEIGHT="40" WIDTH="23" VPOS="2915" HPOS="1002"/>
<String CONTENT="Apr." HEIGHT="48" WIDTH="114" VPOS="2915" HPOS="1026"/>
<SP HEIGHT="40" WIDTH="24" VPOS="2915" HPOS="1141"/>
<String CONTENT="3" HEIGHT="39" WIDTH="27" VPOS="2915" HPOS="1166"/>
<SP HEIGHT="47" WIDTH="16" VPOS="2915" HPOS="1194"/>
<String CONTENT=";" HEIGHT="37" WIDTH="9" VPOS="2925" HPOS="1211"/>
<SP HEIGHT="46" WIDTH="27" VPOS="2916" HPOS="1221"/>
<!-- cceid 89229838-6D82-1014-B070-FDFD250A9EDA --><String CONTENT="A" HEIGHT="38" WIDTH="41" VPOS="2916" HPOS="1249"/>
<SP HEIGHT="40" WIDTH="25" VPOS="2915" HPOS="1291"/>
<String CONTENT="82346;" HEIGHT="49" WIDTH="169" VPOS="2914" HPOS="1317"/>
<SP HEIGHT="47" WIDTH="29" VPOS="2916" HPOS="1487"/>
<String CONTENT="Rachel" HEIGHT="40" WIDTH="181" VPOS="2916" HPOS="1517"/>
<SP HEIGHT="39" WIDTH="28" VPOS="2917" HPOS="1699"/>
<String CONTENT="Field," HEIGHT="47" WIDTH="150" VPOS="2917" HPOS="1728"/>
<SP HEIGHT="47" WIDTH="27" VPOS="2917" HPOS="1879"/>
<String CONTENT="Farmington," HEIGHT="50" WIDTH="330" VPOS="2916" HPOS="1907"/>
</TextLine>
<TextLine HEIGHT="49" WIDTH="466" VPOS="2971" HPOS="323">
<String CONTENT="Conn." HEIGHT="41" WIDTH="146" VPOS="2971" HPOS="323"/>
<SP HEIGHT="47" WIDTH="69" VPOS="2972" HPOS="470"/>
<String CONTENT="(35-4874)" HEIGHT="49" WIDTH="249" VPOS="2971" HPOS="540"/>
</TextLine>
<TextLine HEIGHT="68" WIDTH="685" VPOS="3070" HPOS="248" STYLEREFS="StyleId-9CE2A448-C91C-47A8-8645-99712D6F883A-">
<String CONTENT="Fischer," HEIGHT="68" WIDTH="261" VPOS="3070" HPOS="248"/>
<SP HEIGHT="66" WIDTH="25" VPOS="3072" HPOS="510"/>
<String CONTENT="Louis," HEIGHT="65" WIDTH="197" VPOS="3072" HPOS="536"/>
<SP HEIGHT="59" WIDTH="29" VPOS="3078" HPOS="734"/>
<String CONTENT="1896-" HEIGHT="51" WIDTH="169" VPOS="3076" HPOS="764"/>
</TextLine>
<TextLine HEIGHT="72" WIDTH="1912" VPOS="3147" HPOS="323" STYLEREFS="StyleId-FFB1181E-F068-4BB2-8785-F11DB4ED6413-" CS="1">
<String CONTENT="Soviet" HEIGHT="55" WIDTH="197" VPOS="3148" HPOS="323"/>
<SP HEIGHT="70" WIDTH="28" VPOS="3147" HPOS="521"/>
<String CONTENT="journey" HEIGHT="70" WIDTH="242" VPOS="3147" HPOS="550"/>
<SP HEIGHT="50" WIDTH="39" VPOS="3167" HPOS="793"/>
<String CS="1" CONTENT="[by]" HEIGHT="70" WIDTH="94" VPOS="3147" HPOS="849"/>
<SP HEIGHT="68" WIDTH="37" VPOS="3149" HPOS="944"/>
<String CONTENT="Louis" HEIGHT="54" WIDTH="176" VPOS="3149" HPOS="982"/>
<SP HEIGHT="54" WIDTH="32" VPOS="3149" HPOS="1159"/>
<String CONTENT="Fischer." HEIGHT="55" WIDTH="251" VPOS="3149" HPOS="1192"/>
<SP HEIGHT="53" WIDTH="90" VPOS="3151" HPOS="1444"/>
<String CONTENT="New" HEIGHT="53" WIDTH="138" VPOS="3151" HPOS="1535"/>
<SP HEIGHT="52" WIDTH="38" VPOS="3152" HPOS="1674"/>
<String CONTENT="York," HEIGHT="67" WIDTH="179" VPOS="3152" HPOS="1713"/>
<SP HEIGHT="66" WIDTH="35" VPOS="3153" HPOS="1893"/>
<String CONTENT="H." HEIGHT="53" WIDTH="78" VPOS="3153" HPOS="1929"/>
<SP HEIGHT="55" WIDTH="40" VPOS="3153" HPOS="2008"/>
<String CONTENT="Smith" HEIGHT="55" WIDTH="186" VPOS="3153" HPOS="2049"/>
</TextLine>
<TextLine HEIGHT="68" WIDTH="597" VPOS="3225" HPOS="249" STYLEREFS="StyleId-FFB1181E-F068-4BB2-8785-F11DB4ED6413-">
<String CONTENT="and" HEIGHT="53" WIDTH="113" VPOS="3227" HPOS="249"/>
<SP HEIGHT="55" WIDTH="23" VPOS="3225" HPOS="363"/>
<String CONTENT="R." HEIGHT="54" WIDTH="69" VPOS="3225" HPOS="387"/>
<SP HEIGHT="54" WIDTH="27" VPOS="3225" HPOS="457"/>
<String CONTENT="Haas," HEIGHT="68" WIDTH="179" VPOS="3225" HPOS="485"/>
<SP HEIGHT="64" WIDTH="27" VPOS="3229" HPOS="665"/>
<String CONTENT="1935." HEIGHT="52" WIDTH="153" VPOS="3228" HPOS="693"/>
</TextLine>
<TextLine HEIGHT="51" WIDTH="889" VPOS="3297" HPOS="326" CS="1">
<String LANG="en-US" CONTENT="308," HEIGHT="49" WIDTH="99" VPOS="3297" HPOS="326"/>
<SP HEIGHT="30" WIDTH="29" VPOS="3317" HPOS="426"/>
<String LANG="en-US" CONTENT="[1]" HEIGHT="49" WIDTH="55" VPOS="3299" HPOS="456"/>
<SP HEIGHT="39" WIDTH="27" VPOS="3309" HPOS="512"/>
<String LANG="fr" CONTENT="p." HEIGHT="37" WIDTH="44" VPOS="3309" HPOS="540"/>
<SP HEIGHT="40" WIDTH="57" VPOS="3299" HPOS="585"/>
<String LANG="en-US" CONTENT="1" HEIGHT="38" WIDTH="26" VPOS="3299" HPOS="643"/>
<SP HEIGHT="39" WIDTH="26" VPOS="3298" HPOS="670"/>
<String LANG="en-US" CONTENT="illus.," HEIGHT="47" WIDTH="142" VPOS="3298" HPOS="697"/>
<SP HEIGHT="37" WIDTH="28" VPOS="3310" HPOS="840"/>
<String LANG="en-US" CONTENT="plates." HEIGHT="49" WIDTH="169" VPOS="3298" HPOS="869"/>
<SP HEIGHT="39" WIDTH="58" VPOS="3299" HPOS="1039"/>
<String LANG="fr" CS="1" CONTENT="21cm." HEIGHT="44" WIDTH="117" VPOS="3299" HPOS="1098"/>
</TextLine>
<TextLine HEIGHT="50" WIDTH="626" VPOS="3353" HPOS="329">
<String CONTENT="Maps" HEIGHT="45" WIDTH="139" VPOS="3356" HPOS="329"/>
<SP HEIGHT="29" WIDTH="33" VPOS="3366" HPOS="469"/>
<String CONTENT="on" HEIGHT="29" WIDTH="59" VPOS="3366" HPOS="503"/>
<SP HEIGHT="40" WIDTH="30" VPOS="3355" HPOS="563"/>
<String CONTENT="lining-papers." HEIGHT="50" WIDTH="361" VPOS="3353" HPOS="594"/>
</TextLine>
<TextLine HEIGHT="51" WIDTH="1508" VPOS="3410" HPOS="327">
<String CONTENT="Descriptive" HEIGHT="46" WIDTH="305" VPOS="3411" HPOS="327"/>
<SP HEIGHT="41" WIDTH="23" VPOS="3410" HPOS="633"/>
<String CONTENT="letterpress" HEIGHT="47" WIDTH="282" VPOS="3410" HPOS="657"/>
<SP HEIGHT="30" WIDTH="24" VPOS="3421" HPOS="940"/>
<String CONTENT="on" HEIGHT="30" WIDTH="62" VPOS="3421" HPOS="965"/>
<SP HEIGHT="29" WIDTH="24" VPOS="3422" HPOS="1028"/>
<String CONTENT="versos" HEIGHT="31" WIDTH="166" VPOS="3421" HPOS="1053"/>
<SP HEIGHT="30" WIDTH="25" VPOS="3421" HPOS="1220"/>
<String CONTENT="of" HEIGHT="40" WIDTH="51" VPOS="3411" HPOS="1246"/>
<SP HEIGHT="41" WIDTH="25" VPOS="3411" HPOS="1298"/>
<String CONTENT="most" HEIGHT="38" WIDTH="124" VPOS="3415" HPOS="1324"/>
<SP HEIGHT="38" WIDTH="27" VPOS="3415" HPOS="1449"/>
<String CONTENT="of" HEIGHT="39" WIDTH="52" VPOS="3414" HPOS="1477"/>
<SP HEIGHT="39" WIDTH="27" VPOS="3414" HPOS="1530"/>
<String CONTENT="the" HEIGHT="39" WIDTH="80" VPOS="3415" HPOS="1558"/>
<SP HEIGHT="36" WIDTH="26" VPOS="3425" HPOS="1639"/>
<String CONTENT="plates." HEIGHT="46" WIDTH="169" VPOS="3415" HPOS="1666"/>
</TextLine>
<TextLine HEIGHT="58" WIDTH="1933" VPOS="3464" HPOS="256" CS="1">
<String CONTENT="&#169;" HEIGHT="53" WIDTH="53" VPOS="3464" HPOS="256"/>
<SP HEIGHT="53" WIDTH="33" VPOS="3464" HPOS="310"/>
<String CONTENT="Mar." HEIGHT="38" WIDTH="121" VPOS="3470" HPOS="344"/>
<SP HEIGHT="38" WIDTH="34" VPOS="3469" HPOS="466"/>
<String CONTENT="25," HEIGHT="47" WIDTH="70" VPOS="3469" HPOS="501"/>
<SP HEIGHT="46" WIDTH="33" VPOS="3470" HPOS="572"/>
<String CONTENT="1935;" HEIGHT="48" WIDTH="140" VPOS="3467" HPOS="606"/>
<SP HEIGHT="47" WIDTH="34" VPOS="3468" HPOS="747"/>
<String CONTENT="2c." HEIGHT="40" WIDTH="68" VPOS="3468" HPOS="782"/>
<SP HEIGHT="39" WIDTH="35" VPOS="3469" HPOS="851"/>
<String CONTENT="Mar." HEIGHT="40" WIDTH="121" VPOS="3469" HPOS="887"/>
<SP HEIGHT="41" WIDTH="34" VPOS="3468" HPOS="1009"/>
<String CONTENT="26;" HEIGHT="48" WIDTH="83" VPOS="3468" HPOS="1044"/>
<SP HEIGHT="37" WIDTH="37" VPOS="3479" HPOS="1128"/>
<String CONTENT="aff." HEIGHT="38" WIDTH="80" VPOS="3470" HPOS="1166"/>
<SP HEIGHT="38" WIDTH="37" VPOS="3471" HPOS="1247"/>
<String CONTENT="Mar." HEIGHT="39" WIDTH="120" VPOS="3471" HPOS="1285"/>
<SP HEIGHT="40" WIDTH="35" VPOS="3470" HPOS="1406"/>
<String CONTENT="27;" HEIGHT="47" WIDTH="82" VPOS="3470" HPOS="1442"/>
<SP HEIGHT="45" WIDTH="38" VPOS="3472" HPOS="1525"/>
<!-- cceid 8923489C-6D82-1014-B070-FDFD250A9EDA --><String CONTENT="A" HEIGHT="38" WIDTH="40" VPOS="3472" HPOS="1564"/>
<SP HEIGHT="40" WIDTH="35" VPOS="3471" HPOS="1605"/>
<String CONTENT="82162;" HEIGHT="47" WIDTH="169" VPOS="3471" HPOS="1641"/>
<SP HEIGHT="45" WIDTH="38" VPOS="3473" HPOS="1811"/>
<String CONTENT="L." HEIGHT="38" WIDTH="48" VPOS="3473" HPOS="1850"/>
<SP HEIGHT="38" WIDTH="38" VPOS="3473" HPOS="1899"/>
<String CONTENT="Fischer," HEIGHT="49" WIDTH="211" VPOS="3473" HPOS="1938"/>
<SP HEIGHT="52" WIDTH="39" VPOS="3470" HPOS="2150"/>
<String CS="1" CONTENT="&#8453;"/>
</TextLine>
<TextLine HEIGHT="50" WIDTH="918" VPOS="3524" HPOS="326">
<String LANG="de" CONTENT="Wertheim," HEIGHT="48" WIDTH="279" VPOS="3525" HPOS="326"/>
<SP HEIGHT="47" WIDTH="27" VPOS="3526" HPOS="606"/>
<String LANG="en-US" CONTENT="New" HEIGHT="39" WIDTH="118" VPOS="3526" HPOS="634"/>
<SP HEIGHT="39" WIDTH="27" VPOS="3525" HPOS="753"/>
<String LANG="en-US" CONTENT="York." HEIGHT="40" WIDTH="145" VPOS="3525" HPOS="781"/>
<SP HEIGHT="49" WIDTH="67" VPOS="3524" HPOS="927"/>
<String LANG="en-US" CONTENT="(35-4778)" HEIGHT="50" WIDTH="249" VPOS="3524" HPOS="995"/>
</TextLine>
<TextLine HEIGHT="68" WIDTH="637" VPOS="3623" HPOS="255" STYLEREFS="StyleId-9CE2A448-C91C-47A8-8645-99712D6F883A-">
<String CONTENT="Flynn," HEIGHT="68" WIDTH="207" VPOS="3623" HPOS="255"/>
<SP HEIGHT="65" WIDTH="27" VPOS="3626" HPOS="463"/>
<String CONTENT="Brian," HEIGHT="65" WIDTH="200" VPOS="3626" HPOS="491"/>
<SP HEIGHT="59" WIDTH="29" VPOS="3632" HPOS="692"/>
<String CONTENT="1885-" HEIGHT="50" WIDTH="170" VPOS="3631" HPOS="722"/>
</TextLine>
<TextLine HEIGHT="77" WIDTH="1909" VPOS="3701" HPOS="330" STYLEREFS="StyleId-FFB1181E-F068-4BB2-8785-F11DB4ED6413-" CS="1">
<String CONTENT="The" HEIGHT="56" WIDTH="120" VPOS="3701" HPOS="330"/>
<SP HEIGHT="51" WIDTH="26" VPOS="3706" HPOS="451"/>
<String CONTENT="ladder" HEIGHT="53" WIDTH="199" VPOS="3703" HPOS="478"/>
<SP HEIGHT="34" WIDTH="25" VPOS="3722" HPOS="678"/>
<String CONTENT="of" HEIGHT="53" WIDTH="64" VPOS="3702" HPOS="704"/>
<SP HEIGHT="54" WIDTH="26" VPOS="3702" HPOS="769"/>
<String CONTENT="death," HEIGHT="68" WIDTH="186" VPOS="3702" HPOS="796"/>
<SP HEIGHT="47" WIDTH="27" VPOS="3723" HPOS="983"/>
<String CONTENT="an" HEIGHT="35" WIDTH="70" VPOS="3721" HPOS="1011"/>
<SP HEIGHT="52" WIDTH="28" VPOS="3704" HPOS="1082"/>
<String CONTENT="Anthony" HEIGHT="68" WIDTH="278" VPOS="3704" HPOS="1111"/>
<SP HEIGHT="65" WIDTH="26" VPOS="3707" HPOS="1390"/>
<String CONTENT="Bathurst" HEIGHT="52" WIDTH="278" VPOS="3706" HPOS="1417"/>
<SP HEIGHT="47" WIDTH="28" VPOS="3712" HPOS="1696"/>
<String CONTENT="story" HEIGHT="62" WIDTH="157" VPOS="3713" HPOS="1725"/>
<SP HEIGHT="48" WIDTH="33" VPOS="3728" HPOS="1883"/>
<String CS="1" CONTENT="[by]" HEIGHT="69" WIDTH="91" VPOS="3709" HPOS="1934"/>
<SP HEIGHT="64" WIDTH="36" VPOS="3714" HPOS="2026"/>
<String CONTENT="Brian" HEIGHT="52" WIDTH="176" VPOS="3712" HPOS="2063"/>
</TextLine>
<TextLine HEIGHT="72" WIDTH="1683" VPOS="3778" HPOS="260" STYLEREFS="StyleId-FFB1181E-F068-4BB2-8785-F11DB4ED6413-">
<String CONTENT="Flynn." HEIGHT="67" WIDTH="208" VPOS="3778" HPOS="260"/>
<SP HEIGHT="50" WIDTH="72" VPOS="3780" HPOS="469"/>
<String CONTENT="Philadelphia," HEIGHT="69" WIDTH="422" VPOS="3778" HPOS="542"/>
<SP HEIGHT="65" WIDTH="28" VPOS="3782" HPOS="965"/>
<String CONTENT="Macrae-Smith-company," HEIGHT="69" WIDTH="768" VPOS="3781" HPOS="994"/>
<SP HEIGHT="57" WIDTH="31" VPOS="3791" HPOS="1763"/>
<String CONTENT="1935." HEIGHT="49" WIDTH="148" VPOS="3790" HPOS="1795"/>
</TextLine>
<TextLine HEIGHT="48" WIDTH="360" VPOS="3850" HPOS="333" CS="1">
<String CONTENT="287" HEIGHT="41" WIDTH="86" VPOS="3851" HPOS="333"/>
<SP HEIGHT="46" WIDTH="26" VPOS="3852" HPOS="420"/>
<String CONTENT="p." HEIGHT="37" WIDTH="44" VPOS="3861" HPOS="447"/>
<SP HEIGHT="41" WIDTH="56" VPOS="3851" HPOS="492"/>
<String CS="1" CONTENT="19&#189;" HEIGHT="41" WIDTH="56" VPOS="3850" HPOS="549"/>
<String STYLE="superscript" CONTENT="cm" HEIGHT="21" WIDTH="43" VPOS="3853" HPOS="637"/>
<String CONTENT="." HEIGHT="8" WIDTH="8" VPOS="3880" HPOS="685"/>
</TextLine>
<TextLine HEIGHT="57" WIDTH="1909" VPOS="3906" HPOS="333">
<String CONTENT="London" HEIGHT="41" WIDTH="199" VPOS="3906" HPOS="333"/>
<SP HEIGHT="30" WIDTH="25" VPOS="3918" HPOS="533"/>
<String CONTENT="edition" HEIGHT="41" WIDTH="183" VPOS="3907" HPOS="559"/>
<SP HEIGHT="47" WIDTH="36" VPOS="3907" HPOS="743"/>
<String CONTENT="(J." HEIGHT="47" WIDTH="68" VPOS="3907" HPOS="780"/>
<SP HEIGHT="41" WIDTH="25" VPOS="3907" HPOS="849"/>
<String CONTENT="Long," HEIGHT="46" WIDTH="145" VPOS="3907" HPOS="875"/>
<SP HEIGHT="44" WIDTH="25" VPOS="3909" HPOS="1021"/>
<String CONTENT="ltd.)" HEIGHT="46" WIDTH="111" VPOS="3907" HPOS="1047"/>
<SP HEIGHT="46" WIDTH="34" VPOS="3907" HPOS="1159"/>
<String CONTENT="has" HEIGHT="40" WIDTH="91" VPOS="3908" HPOS="1194"/>
<SP HEIGHT="38" WIDTH="26" VPOS="3910" HPOS="1286"/>
<String CONTENT="title:" HEIGHT="41" WIDTH="134" VPOS="3907" HPOS="1313"/>
<SP HEIGHT="39" WIDTH="27" VPOS="3909" HPOS="1448"/>
<String CONTENT="The" HEIGHT="40" WIDTH="102" VPOS="3909" HPOS="1476"/>
<SP HEIGHT="30" WIDTH="25" VPOS="3919" HPOS="1579"/>
<String CONTENT="case" HEIGHT="31" WIDTH="110" VPOS="3919" HPOS="1605"/>
<SP HEIGHT="30" WIDTH="27" VPOS="3921" HPOS="1716"/>
<String CONTENT="of" HEIGHT="40" WIDTH="51" VPOS="3911" HPOS="1744"/>
<SP HEIGHT="41" WIDTH="27" VPOS="3911" HPOS="1796"/>
<String CONTENT="the" HEIGHT="40" WIDTH="81" VPOS="3913" HPOS="1824"/>
<SP HEIGHT="38" WIDTH="26" VPOS="3924" HPOS="1906"/>
<String CONTENT="purple" HEIGHT="45" WIDTH="166" VPOS="3918" HPOS="1933"/>
<SP HEIGHT="30" WIDTH="29" VPOS="3927" HPOS="2100"/>
<String CONTENT="calf." HEIGHT="44" WIDTH="112" VPOS="3918" HPOS="2130"/>
</TextLine>
<TextLine HEIGHT="55" WIDTH="1888" VPOS="3960" HPOS="261">
<String CONTENT="&#169;" HEIGHT="53" WIDTH="53" VPOS="3960" HPOS="261"/>
<SP HEIGHT="53" WIDTH="23" VPOS="3960" HPOS="315"/>
<String CONTENT="Mar." HEIGHT="38" WIDTH="120" VPOS="3966" HPOS="339"/>
<SP HEIGHT="38" WIDTH="24" VPOS="3965" HPOS="460"/>
<String CONTENT="15," HEIGHT="46" WIDTH="69" VPOS="3965" HPOS="485"/>
<SP HEIGHT="45" WIDTH="25" VPOS="3966" HPOS="555"/>
<String CONTENT="1935" HEIGHT="40" WIDTH="116" VPOS="3964" HPOS="581"/>
<SP HEIGHT="46" WIDTH="12" VPOS="3965" HPOS="698"/>
<String CONTENT=";" HEIGHT="36" WIDTH="10" VPOS="3975" HPOS="711"/>
<SP HEIGHT="49" WIDTH="25" VPOS="3962" HPOS="722"/>
<String CONTENT="2c." HEIGHT="42" WIDTH="68" VPOS="3962" HPOS="748"/>
<SP HEIGHT="39" WIDTH="22" VPOS="3965" HPOS="817"/>
<String CONTENT="Apr." HEIGHT="48" WIDTH="113" VPOS="3965" HPOS="840"/>
<SP HEIGHT="39" WIDTH="22" VPOS="3965" HPOS="954"/>
<String CONTENT="4" HEIGHT="39" WIDTH="29" VPOS="3965" HPOS="977"/>
<SP HEIGHT="46" WIDTH="14" VPOS="3965" HPOS="1007"/>
<String CONTENT=";" HEIGHT="36" WIDTH="9" VPOS="3975" HPOS="1022"/>
<SP HEIGHT="36" WIDTH="29" VPOS="3975" HPOS="1032"/>
<String CONTENT="aff." HEIGHT="40" WIDTH="82" VPOS="3965" HPOS="1062"/>
<SP HEIGHT="39" WIDTH="24" VPOS="3966" HPOS="1145"/>
<String CONTENT="Mar." HEIGHT="38" WIDTH="121" VPOS="3966" HPOS="1170"/>
<SP HEIGHT="38" WIDTH="25" VPOS="3966" HPOS="1292"/>
<String CONTENT="18" HEIGHT="40" WIDTH="58" VPOS="3965" HPOS="1318"/>
<SP HEIGHT="47" WIDTH="13" VPOS="3965" HPOS="1377"/>
<String CONTENT=";" HEIGHT="36" WIDTH="9" VPOS="3976" HPOS="1391"/>
<SP HEIGHT="46" WIDTH="26" VPOS="3966" HPOS="1401"/>
<!-- cceid 8923F277-6D82-1014-B070-FDFD250A9EDA --><String CONTENT="A" HEIGHT="38" WIDTH="42" VPOS="3966" HPOS="1428"/>
<SP HEIGHT="40" WIDTH="23" VPOS="3966" HPOS="1471"/>
<String CONTENT="81272" HEIGHT="41" WIDTH="142" VPOS="3966" HPOS="1495"/>
<SP HEIGHT="48" WIDTH="16" VPOS="3967" HPOS="1638"/>
<String CONTENT=";" HEIGHT="36" WIDTH="9" VPOS="3979" HPOS="1655"/>
<SP HEIGHT="45" WIDTH="29" VPOS="3970" HPOS="1665"/>
<String CONTENT="Macrae-Smith" HEIGHT="42" WIDTH="374" VPOS="3970" HPOS="1695"/>
<SP HEIGHT="39" WIDTH="26" VPOS="3974" HPOS="2070"/>
<String CONTENT="co" HEIGHT="30" WIDTH="52" VPOS="3984" HPOS="2097"/>
</TextLine>
<TextLine HEIGHT="50" WIDTH="249" VPOS="4021" HPOS="341">
<String CONTENT="(35-4873)" HEIGHT="50" WIDTH="249" VPOS="4021" HPOS="341"/>
</TextLine>
</TextBlock>
<GraphicalElement ID="Page397_Block3" HEIGHT="2496" WIDTH="17" VPOS="1036" HPOS="53"/>
<GraphicalElement ID="Page397_Block4" HEIGHT="556" WIDTH="31" VPOS="3566" HPOS="53"/>
<GraphicalElement ID="Page397_Block5" HEIGHT="128" WIDTH="8" VPOS="2890" HPOS="64"/>
<GraphicalElement ID="Page397_Block6" HEIGHT="202" WIDTH="12" VPOS="3946" HPOS="88"/>
</PrintSpace>
</Page>
</Layout>
</alto>