2424 4375
1039 4110 132 56 1279

121 500 204 63 Harte,
354 501 162 61 Bret,
550 504 322 49 1839-1902.

189 576 122 52 The
344 576 242 52 heathen
624 574 239 68 Chinee;
903 574 159 67 plain
1098 575 280 67 language
1417 574 152 53 from
1605 573 255 54 truthful
1897 575 208 65 James,

121 654 73 67 by
227 656 140 50 Bret
398 653 212 68 Harte;
648 652 141 55 with
821 672 71 34 an
925 652 386 53 introduction
1344 652 76 67 by
1453 653 108 52 Ina
1596 651 298 56 Coolbrith
1928 652 110 53 and
2075 673 28 34 a

121 731 404 68 bibliography
567 730 76 68 by
687 730 213 54 Robert
944 732 210 51 Ernest
1197 728 239 67 Cowan;
1484 729 325 54 illustrated
1852 729 77 68 by
1970 729 137 53 Phil

120 807 191 54 Little.
388 807 116 55 San
532 807 320 69 Francisco,
878 806 324 69 Imprinted
1228 808 75 66 by
1330 808 55 54 J.
1413 808 76 52 H.
1518 808 159 52 Nash
1704 806 93 53 for
1824 808 96 52 the
1945 808 162 52 Book

119 886 126 53 club
276 885 64 53 of
370 885 341 68 California,
745 890 148 50 1934.

190 956 1306 50 xli numb. l., 1 1. incl. plates, front. 36 × 29½ cm .
190 1014 200 42 Printed
416 1024 60 30 on
503 1015 171 40 double
698 1015 162 40 leaves
885 1014 165 40 folded
1076 1013 49 40 in
1153 1013 203 41 Chinese
1384 1015 137 47 style.

192 1071 93 41 “Of
313 1070 99 41 this
442 1070 182 41 edition
655 1071 137 40 there
821 1080 82 31 are
933 1070 91 41 five
1056 1070 220 40 hundred
1308 1070 172 48 copies,
1514 1072 95 39 two
1642 1071 218 39 hundred
1895 1070 50 39 of
1978 1073 129 38 them

122 1128 223 41 reserved
371 1127 79 40 for
476 1129 101 39 sale
603 1130 50 38 to
680 1127 81 40 the
789 1128 133 40 Book
949 1128 108 39 club
1084 1127 52 41 of
1163 1126 270 42 California
1464 1158 45 9 …
1573 1127 100 40 The
1702 1137 149 38 paper
1878 1128 40 39 is
121 1127 1970 97 American
259 1185 178 39 vellum

468 1183 259 48 especially
758 1184 138 40 made
926 1184 79 40 for
1036 1184 99 40 this
1164 1183 122 41 book
1321 1215 46 9 …
1428 1184 118 39 This
1577 1194 118 38 copy
1727 1184 41 40 is
1802 1215 45 9 …
1881 1183 226 50 printers’
120 1240 161 50 copy.”

182 1296 69 39 “A
279 1296 348 48 bibliography,
659 1297 62 46 by
747 1296 182 41 Robert
958 1296 178 41 Ernest
1165 1294 205 42 Cowan”;
1433 1296 162 41 leaves
1630 1295 278 50 [xxxv]-xli.

121 1364 52 53 ©
203 1369 110 39 Dec.
343 1370 38 46 1,
410 1369 140 45 1934;
582 1369 65 39 2c.
681 1370 96 39 and
808 1368 80 40 aff.
923 1369 127 47 Sept.
1081 1369 41 46 3,
1153 1369 140 47 1935;
1327 1369 40 38 A
1398 1368 169 47 85714;
1602 1369 127 40 John
1761 1370 170 47 Henry
1960 1370 149 47 Nash,

193 1426 96 40 San
326 1426 271 39 Francisco.
661 1425 280 49 [Copyright
978 1427 44 39 is
1058 1425 204 41 claimed
1301 1436 60 29 on
1399 1424 343 49 introduction,
1782 1425 331 42 illustrations

188 1484 95 39 and
313 1482 351 49 bibliography]
739 1482 279 48 (35-16599)

124 1587 277 64 Henrion,
433 1587 237 64 Fabius,
700 1588 84 53 ed.

189 1662 333 69 Anecdotes,
551 1661 273 55 maximes
854 1669 55 47 et
939 1663 246 68 pensées,
1216 1661 234 55 choisies
1482 1662 142 53 dans
1655 1664 79 52 les
1766 1681 214 35 œuvres
2012 1663 95 53 des

121 1740 210 68 grands
370 1739 277 56 écrivains
687 1741 76 52 du
829 1782 10 10 I.
843 1746 38 22 er
919 1759 71 35 au
1109 1783 10 10 XX.
1124 1746 56 22 me
1216 1741 181 68 siècle,
1434 1759 106 50 par
1578 1740 214 53 Fabius
1831 1740 277 54 Henrion.

119 1819 198 67 Tours,
346 1818 207 68 Marne,
586 1822 152 50 1935.

187 1892 29 39 4
240 1902 44 39 p.
345 1923 9 17 l.,
383 1891 205 51 [11]-187
611 1903 44 38 p.
707 1891 149 42 front.
885 1890 139 49 (fold,
1051 1891 214 49 facsim.)
1302 1892 54 40 19
1359 1894 43 22 cm
1406 1925 9 9 .

122 1959 52 53 ©
199 1964 111 39 Dec.
336 1963 68 47 15,
432 1961 112 41 1934;
656 1993 8 8 1c.
693 1962 120 40 Mar.
841 1963 38 46 5,
907 1961 116 41 1935;
1078 1963 101 38 A-
1181 1961 207 48 Foreign
1414 1961 146 41 27135;
1612 1962 191 40 Maison
1830 1963 173 40 Marne.

201 2019 279 49 (35-16925)

123 2120 377 66 Hildebrand,
528 2120 268 56 Dietrich
820 2138 131 47 von,
981 2127 170 50 1889-

193 2238 56 11 …
280 2197 311 69 Engelbert
615 2196 279 70 Dollfuss,
920 2198 91 52 ein
1034 2197 383 54 katholischer
1441 2203 352 48 Staatsmann
1825 2240 56 11 …
119 2196 1963 146 Salzburg,

301 2275 524 67 A. Pustet [ c 1934]
184 2347 869 48 142 p. front. (port.) 19 × 11cm .
124 2415 1985 54 © Dec. 15, 1934; 1c. Apr. 26, 1935; A -Foreign 27758; Verlag Anton
190 2477 182 40 Pustet.
446 2476 280 49 (35-16906)

124 2579 286 55 Horatius
434 2580 260 63 Flaccus,
723 2580 273 63 Quintus.

195 2701 57 11 …
287 2659 239 67 Horace,
560 2658 215 55 Satires
808 2660 111 52 and
952 2658 242 68 epistles.
1271 2659 137 53 Rev.
1440 2661 83 53 ed.
1599 2659 212 53 Edited
1845 2661 74 66 by
1951 2660 157 56 John

125 2734 1977 70 C. Rolfe … Boston, New York [etc.] Allyn and Bacon [ c 1935]
193 2805 1915 52 ix p., 1 l., 500 p., 1 l., 37 p. front., illus., plates. 19 cm . (Allyn and
126 2861 198 42 Bacon’s
351 2863 177 48 college
556 2863 144 41 Latin
729 2863 162 49 series,
920 2865 195 46 general
1141 2864 169 48 editor,
1342 2865 42 40 J.
1414 2864 48 42 C.
1493 2865 168 47 Rolfe)

195 2919 131 41 “List
353 2920 53 40 of
429 2921 252 40 collateral
709 2920 227 48 reading”;
992 2931 44 38 p.
1062 2921 145 40 36-37
1233 2924 52 38 at
1312 2923 106 40 end.

127 2986 52 53 ©
206 2992 113 47 July
348 2991 68 49 10,
447 2991 114 41 1935;
620 2992 68 40 2c.
719 2994 95 38 and
846 2991 80 42 aff.
958 2993 116 47 July
1104 2993 55 40 15;
1220 2993 40 38 A
1291 2991 143 41 85056;
1496 2993 147 47 Allyn
1671 2993 37 40 &
1737 2994 178 39 Bacon.

203 3048 277 49 (35-16594)

124 3148 168 67 Horr,
321 3150 209 54 Alfred
559 3151 198 65 Reuel,
789 3155 169 52 1875-

193 3225 439 71 Embarrassing
667 3227 212 54 dollars
916 3228 112 53 and
1066 3228 155 53 hints
1258 3234 58 47 to
1353 3227 152 53 their
1539 3226 243 67 holders,
1818 3226 73 68 by
1930 3228 71 51 A.
2038 3227 70 53 R.

128 3301 179 70 Horr;
343 3303 139 55 with
515 3324 71 34 an
618 3304 389 54 introduction
1038 3305 75 69 by
1144 3305 240 53 Newton
1416 3305 73 54 D.
1523 3303 206 68 Baker,
1761 3304 113 53 and
1906 3323 31 35 a
1970 3304 134 53 final

127 3379 228 69 chapter
388 3382 76 69 by
499 3381 234 56 Colonel
768 3382 259 53 Leonard
1064 3383 66 53 P.
1168 3383 198 67 Ayres.
1439 3381 137 53 New
1614 3380 163 54 York
1812 3382 113 53 and
127 3382 1956 137 London,

283 3459 229 69 Harper
545 3462 46 51 &
619 3460 274 67 brothers,
929 3463 150 50 1935.

194 3531 684 53 xiii p., 1 l., 245 p. 20 ½cm .
195 3587 160 43 “First
386 3588 225 42 edition.”

131 3640 51 52 ©
207 3645 125 48 Sept.
357 3647 67 47 18,
449 3647 115 39 1935;
616 3645 67 42 2c.
713 3646 125 48 Sept.
868 3647 55 39 18;
976 3645 81 40 aff.
1089 3645 127 48 Sept.
1242 3644 59 41 20;
1354 3646 40 38 A
1421 3644 145 41 87102;
1620 3645 193 48 Harper
1841 3646 36 39 &
1900 3646 125 39 bros.

206 3702 275 48 (35-16751)

131 3798 229 68 Jencke,
390 3805 183 53 Grace
602 3803 324 65 Elizabeth,
956 3810 171 49 1889-

198 3877 54 53 A
291 3879 169 68 study
499 3878 65 56 of
602 3880 182 67 précis
822 3880 233 67 writing
1095 3898 59 35 as
1193 3899 31 33 a
1266 3877 372 69 composition
1677 3878 313 69 technique,
2031 3878 76 69 by

131 3951 176 58 Grace
338 3956 299 53 Elizabeth
668 3957 210 55 Jencke
914 4002 56 10 …
1049 3959 136 52 New
1217 3956 163 54 York
1410 3955 133 69 city,
1573 3957 277 53 Teachers
1879 3956 228 67 college,

133 4028 291 58 Columbia
455 4033 330 61 university,
821 4039 149 50 1935.
