2424 4375
1221 4073 131 50 1502

294 526 1217 70 of public works, by Arthur D. Gayer …
1648 529 135 50 New
1815 528 177 67 York,
2019 526 271 55 National

293 606 212 53 bureau
535 604 65 53 of
628 604 281 53 economic
938 605 274 66 research,
1244 607 149 49 1935.

366 680 27 39 3
425 690 42 37 p.
537 710 9 16 l.,
579 678 163 47 ix-xx,
776 677 89 40 460
895 687 43 38 p.
1000 676 179 49 diagrs.
1238 676 55 40 23½
1326 678 44 22 cm
1376 707 8 8 .

1455 677 299 50 (Half-title:
1785 678 306 41 Publication
2126 680 51 39 of
2210 681 81 40 the

297 735 230 41 National
553 735 184 39 bureau
764 734 51 41 of
840 733 241 41 economic
1108 735 227 39 research
1361 734 106 48 inc.,
1493 745 75 30 no.
1590 733 82 50 29)

368 792 101 39 The
507 790 187 41 studies
730 790 196 48 leading
962 793 48 37 to
1048 789 100 42 this
1185 790 189 40 volume
1411 791 153 47 began
1597 791 50 39 in
1685 790 115 41 1929
1835 793 139 39 when
2011 792 83 40 Dr.
2134 791 157 50 Gayer

297 848 210 41 assisted
539 847 83 40 Dr.
656 846 98 41 Leo
782 847 223 40 Wolman
1035 846 50 40 in
1115 846 261 49 preparing
1404 858 29 29 a
1464 849 162 46 report
1654 848 80 39 for
1764 858 25 29 a
1824 846 273 44 committee
2129 851 51 39 of
2211 851 81 39 the

298 903 295 41 President’s
623 902 283 41 conference
935 913 59 29 on
1024 904 392 46 unemployment
1445 914 128 37 upon
1602 905 82 39 the

1714 904 239 47 Planning
1980 907 94 38 and
2106 909 182 38 control

298 962 51 40 of
380 961 134 48 public
572 960 173 47 works,
777 959 256 49 published
1064 959 49 40 in
1145 958 126 41 1930.
1333 960 84 40 Dr.
1448 959 158 49 Gayer
1636 961 126 40 later
1792 962 237 41 extended

2061 962 134 42 these
299 973 1976 85 researches.
598 1016 119 41 This
749 1017 189 39 volume
970 1015 42 41 is
1045 1026 28 29 a
1107 1016 188 41 revised
1330 1016 193 40 version
1557 1017 51 41 of
1640 1019 81 39 the
1755 1017 169 41 official
1959 1021 161 45 report
2153 1020 139 41 made

298 1075 62 46 by
386 1073 82 40 Dr.
499 1073 160 47 Gayer
683 1073 51 39 in
759 1073 129 40 June
910 1071 127 42 1934.
1099 1072 61 47 cf.
1187 1072 261 48 Prefatory
1474 1075 124 38 note.

299 1140 52 53 ©
379 1144 127 48 Sept.
531 1144 68 47 12,
625 1144 140 46 1935;
792 1144 67 39 2c.
883 1144 95 38 and
1002 1142 81 41 aff.
1111 1142 101 41 Oct.
1238 1143 82 47 26;
1349 1145 40 38 A
1414 1144 170 47 87981;
1612 1146 115 39 Natl.
1769 1147 182 39 bureau
1976 1146 53 41 of
2052 1149 241 40 economic

367 1202 238 48 research,
639 1201 91 40 inc.
800 1199 279 49 (35-21231)

299 1303 308 65 Harrison,
641 1304 211 53 Carter
882 1304 224 64 Henry,
1139 1308 171 49 1860-

372 1379 233 70 Stormy
629 1398 180 51 years,
833 1380 94 53 the
954 1378 459 70 autobiography
1438 1380 64 56 of
1528 1382 201 55 Carter
1754 1384 76 52 H.
1857 1383 302 68 Harrison,
2186 1385 105 52 five

302 1456 1987 71 times mayor of Chicago … Indianapolis, New York, The
301 1535 442 56 Bobbs-Merrill
777 1554 279 50 company
1096 1570 12 34 [
1113 1542 18 22 c
1137 1540 133 49 1935]

372 1610 83 40 361
488 1620 42 37 p.
589 1609 165 47 front.,
785 1609 170 47 plates,
986 1611 148 45 ports.
1194 1608 56 39 24
1253 1611 43 21 cm
1302 1640 9 8 .

373 1666 162 40 “First
567 1664 228 42 edition.”

301 1733 52 53 ©
388 1737 100 40 Oct.
525 1737 68 46 23,
629 1735 141 48 1935;
807 1737 65 39 2c.
909 1736 102 40 Oct.
1046 1735 82 42 26:
1166 1735 81 40 aff.
1285 1735 101 41 Oct.
1422 1735 83 46 28;
1542 1736 41 38 A
1618 1735 169 44 87996;
1825 1736 368 42 Bobbs-Merrill
2226 1748 67 30 co.

380 1793 279 49 (35-21225)

299 1896 275 64 Hawkes,
606 1897 258 52 Herbert
896 1894 226 65 Edwin,
1160 1896 171 54 1872-

372 1972 158 54 First
576 1975 113 53 and
735 1975 201 51 second
980 1991 137 50 year
1162 1973 247 67 algebra,
1455 1973 311 65 combined,
1810 1974 73 67 by
1929 1975 249 53 Herbert
2224 1977 64 51 E.

300 2050 1966 147 Hawkes … William A. Luby … and Frank C. Touton … Boston, New
611 2129 164 53 York
823 2133 119 63 [etc.]
975 2127 157 57 Ginn
1161 2129 111 53 and
1302 2147 278 49 company
1688 2132 98 49 [1935]

373 2202 101 48 viii,
502 2202 99 48 735,
627 2202 48 40 vi
702 2212 43 38 p.
802 2201 141 44 illus.,
972 2202 178 47 diagrs.
1208 2199 56 41 19½
1295 2203 43 20 cm
1344 2233 9 9 .

374 2257 285 50 Previously
690 2258 255 49 published
978 2259 289 47 separately.

303 2326 52 53 ©
386 2330 126 47 Sept.
541 2329 38 47 6,
609 2328 140 47 1935;
779 2329 67 39 2c.
876 2328 102 41 Oct.
1008 2329 81 46 14;
1121 2327 81 40 aff.
1234 2328 99 39 Oct.
1365 2327 80 41 10:
1477 2328 40 38 A
1546 2328 142 40 87663;
1749 2329 58 38 H.
1840 2329 51 38 E.
1924 2329 227 47 Hawkes,
2179 2329 114 39 New

371 2387 145 46 York,
558 2385 216 41 William
814 2386 53 38 A.
910 2385 150 47 Luby,
1101 2385 195 38 Kansas
1338 2384 125 48 City,
1505 2385 105 44 Mo.,
1655 2385 96 39 and
1793 2385 164 39 Frank
2000 2385 47 41 C.
2091 2384 201 49 Touton,

371 2444 92 40 Los
492 2444 220 46 Angeles.
783 2441 278 49 (35-20927)

303 2546 184 63 Hays,
516 2545 239 55 Leland.

373 2621 333 68 Relativity,
745 2619 417 69 philosophical
1200 2622 111 51 and
1351 2618 378 68 Einsteinian,
1765 2621 74 66 by
1875 2622 217 51 Leland
2129 2623 161 65 Hays

364 2699 684 68 … [Los Angeles, 1935]
378 2771 84 50 [32]
495 2782 44 37 p.
599 2771 56 39 17½
687 2772 44 22 cm
735 2801 8 9 .

305 2837 52 53 ©
396 2842 130 39 June
622 2872 8 15 17,
668 2839 141 48 1935;
849 2839 64 40 2c.
956 2840 125 48 Sept.
1120 2839 82 46 17;
1246 2838 81 41 aff.
1368 2840 101 39 Oct.
1508 2839 81 46 11;
1632 2839 40 38 A
1709 2838 169 47 86706;
1920 2839 48 39 L.
2010 2839 151 46 Hays,
2202 2838 89 39 Los

369 2899 219 47 Angeles.
660 2895 278 50 (35-20930)

303 2998 220 53 Health
556 2998 310 54 education
898 2998 364 63 conference,
1293 3000 160 50 Iowa
1485 2998 152 66 City,
1668 2999 105 65 la.,
1807 3002 148 49 1935.

376 3074 321 68 Principles
738 3079 112 51 and
890 3072 274 70 practices
1204 3073 61 53 in
1306 3075 189 52 school
1535 3076 193 51 health
1769 3074 314 66 education,
2128 3078 155 49 1935;

308 3151 151 55 from
490 3155 95 52 the
616 3152 194 68 eighth
843 3152 215 53 Health
1091 3152 300 53 education
1422 3150 328 54 conference
1782 3152 280 66 arranged
2092 3152 74 66 by
2198 3152 90 51 the

307 3228 305 55 American
650 3229 154 53 child
842 3231 193 50 health
1076 3228 337 53 association
1452 3230 111 51 and
1601 3229 132 51 held
1771 3228 75 66 by
1883 3227 303 54 invitation
2226 3227 61 52 of

306 3310 94 50 the
429 3306 337 68 University
796 3307 64 52 of
888 3308 157 51 Iowa
1077 3312 59 48 at
1164 3307 155 51 Iowa
1352 3306 151 66 City,
1533 3307 174 64 Iowa,
1738 3306 149 53 June
1921 3309 185 62 19-22,
2139 3308 146 50 1935.

307 3386 137 52 New
479 3385 162 52 York
671 3382 133 69 city,
835 3382 305 54 American
1172 3381 153 55 child
1358 3382 192 52 health
1586 3381 351 67 association,
1972 3386 147 48 1935.

378 3458 49 39 vi
453 3468 57 37 p.,
538 3457 24 38 1
625 3487 9 17 l.,
660 3456 82 41 363
772 3468 41 37 p.
874 3455 153 48 diagr.
1083 3454 56 40 23½c
1189 3456 26 21 m
1221 3486 9 8 .

306 3510 52 53 ©
392 3516 100 39 Oct.
526 3514 39 41 2,
599 3513 140 46 1935;
774 3513 64 39 2c.
875 3513 101 39 Oct.
1010 3512 81 46 12;
1124 3511 82 39 aff.
1243 3511 100 40 Oct.
1378 3511 81 46 14;
1495 3511 43 38 A
1569 3509 168 42 87694:
1774 3511 155 38 Amer.
1964 3510 129 39 child
2125 3508 162 40 health

374 3581 126 29 assn.
572 3568 279 49 (35-20942)

306 3671 263 63 Hempel,
604 3671 245 62 Gustav,
884 3672 169 50 1902-

374 3747 108 52 Die
515 3746 264 52 deutsche
809 3743 545 67 montanindustrie;
1389 3745 123 51 ihre
1546 3741 741 68 entwicklungsgeschichte,

302 3841 110 34 von
434 3823 221 52 Gustav
674 3822 261 66 Hempel.
1012 3820 216 67 Berlin,
1249 3820 434 53 Volksverband
1705 3821 99 50 der
1823 3818 466 62 bücherfreunde,

303 3899 565 67 Wegweiser-verlag
895 3916 53 49 g.
976 3916 72 35 m.
1078 3898 51 51 b.
1160 3898 53 52 h.
1251 3930 12 33 [
1268 3904 17 21 c
1291 3899 150 63 1934]

377 3971 98 48 315,
508 3972 53 49 [1]
592 3982 42 37 p.
664 3971 109 41 incl.
803 3971 166 39 tables.
1030 3970 54 40 18½
1117 3972 44 21 cm
1166 4001 8 8 .
