<alto xmlns="http://www.loc.gov/standards/alto/ns-v3#" xmlns:xsi="http://www.w3.org/2001/XMLSchema-instance" xsi:schemaLocation="http://www.loc.gov/standards/alto/ns-v3# http://www.loc.gov/alto/v3/alto-3-0.xsd"><Description>
<MeasurementUnit>pixel</MeasurementUnit>
<sourceImageInformation>
<fileName>1935_v32_Part1.pdf</fileName>
</sourceImageInformation>
<OCRProcessing ID="IdOcr">
<ocrProcessingStep>
<processingDateTime>2019-01-15</processingDateTime>
<processingSoftware>
<softwareCreator>ABBYY</softwareCreator>
<softwareName>ABBYY Recognition Server</softwareName>
<softwareVersion>4.0</softwareVersion>
</processingSoftware>
</ocrProcessingStep>
</OCRProcessing>
</Description>
<Styles>
<ParagraphStyle ALIGN="Left" FIRSTLINE="0." ID="StyleId-FFFFFFFF-FFFF-FFFF-FFFF-FFFFFFFFFFFF-" LEFT="0." RIGHT="0." />
<ParagraphStyle ALIGN="Left" FIRSTLINE="0." ID="StyleId-09A13A44-4F77-4ABE-84F3-84CC8B3C72CE-" LEFT="0." LINESPACE="7.699999809" RIGHT="0." />
<ParagraphStyle ALIGN="Left" FIRSTLINE="-10." ID="StyleId-1F945060-F8CD-4435-B69A-5FF49DB0C586-" LEFT="0." LINESPACE="12.19999981" RIGHT="0." />
<ParagraphStyle ALIGN="Block" FIRSTLINE="-14." ID="StyleId-C6CAE747-F5A4-4D0D-8D74-D452DA7E2C1C-" LEFT="0." LINESPACE="8.350000381" RIGHT="0." />
<ParagraphStyle ALIGN="Left" FIRSTLINE="0." ID="StyleId-FC0F3374-189A-459E-BE29-2DC14180F022-" LEFT="0." RIGHT="0." />
<ParagraphStyle ALIGN="Left" FIRSTLINE="-12." ID="StyleId-49397C49-A894-4B3E-BA5E-1126226BA375-" LEFT="0." LINESPACE="11.09000015" RIGHT="0." />
<ParagraphStyle ALIGN="Block" FIRSTLINE="-14." ID="StyleId-9E34DD3A-E661-48BD-A3A1-6A3D48346F00-" LEFT="0." LINESPACE="11.09000015" RIGHT="0." />
<ParagraphStyle ALIGN="Left" FIRSTLINE="0." ID="StyleId-56CE54AA-A08B-4BAA-8605-F26020A0E36E-" LEFT="0." LINESPACE="9.399999619" RIGHT="0." />
<ParagraphStyle ALIGN="Left" FIRSTLINE="-11." ID="StyleId-77814FFC-C42F-4AA9-9880-EF33B947DEC8-" LEFT="0." LINESPACE="11.06999969" RIGHT="0." />
<ParagraphStyle ALIGN="Center" FIRSTLINE="0." ID="StyleId-FDE92EC0-67DC-4C7B-8A24-094B12C38B6C-" LEFT="0." LINESPACE="11.30000019" RIGHT="0." />
<ParagraphStyle ALIGN="Left" FIRSTLINE="0." ID="StyleId-65180E3B-4C93-4FB8-81EE-E026DD63DBF3-" LEFT="0." LINESPACE="11.10000038" RIGHT="0." />
<ParagraphStyle ALIGN="Left" FIRSTLINE="0." ID="StyleId-10E885C2-5813-4620-B0AA-0FBA30CF7A32-" LEFT="0." LINESPACE="9.5" RIGHT="0." />
<ParagraphStyle ALIGN="Left" FIRSTLINE="0." ID="StyleId-913C2DB5-9F02-4067-BAF7-0AED37B60BBE-" LEFT="0." LINESPACE="6.099999905" RIGHT="0." />
<ParagraphStyle ALIGN="Left" FIRSTLINE="0." ID="StyleId-9C79A9D2-8F08-4A8F-985D-B00E253ED1E5-" LEFT="0." LINESPACE="4.400000095" RIGHT="0." />
<ParagraphStyle ALIGN="Left" FIRSTLINE="0." ID="StyleId-A41F0407-FEFE-4738-9EC5-E05AFFF62781-" LEFT="0." LINESPACE="7.300000191" RIGHT="0." />
<ParagraphStyle ALIGN="Left" FIRSTLINE="0." ID="StyleId-61D37176-94E8-408D-9B87-01C406CE8AB2-" LEFT="0." LINESPACE="8.050000191" RIGHT="0." />
</Styles>
<Layout>
<Page HEIGHT="4375" ID="Page1673" PHYSICAL_IMG_NR="1673" WIDTH="2424">
<TopMargin HEIGHT="444" HPOS="0" VPOS="0" WIDTH="2424">
</TopMargin>
<LeftMargin HEIGHT="3694" HPOS="0" VPOS="444" WIDTH="91">
</LeftMargin>
<RightMargin HEIGHT="3694" HPOS="2188" VPOS="444" WIDTH="236">
</RightMargin>
<BottomMargin HEIGHT="237" HPOS="0" VPOS="4138" WIDTH="2424">
</BottomMargin>
<PrintSpace HEIGHT="3694" HPOS="91" VPOS="444" WIDTH="2097">
<TextBlock HEIGHT="70" HPOS="1042" ID="Page1673_Block1" LANG="en-US" STYLEREFS="StyleId-C54C7A44-52A1-4668-B879-D605BD48FC46-" VPOS="4068" WIDTH="148">
<TextLine HEIGHT="51" HPOS="1051" VPOS="4077" WIDTH="129">
<String CONTENT="1673" HEIGHT="51" HPOS="1051" VPOS="4077" WIDTH="129" />
</TextLine>
</TextBlock>
<TextBlock CS="1" HEIGHT="3632" HPOS="91" ID="Page1673_Block2" LANG="en-US" STYLEREFS="StyleId-CCA5ED8D-E86C-4741-A67E-66F3E5539BF6-" VPOS="444" WIDTH="2097">
<Shape>
<Polygon POINTS="91,444 2188,444 2188,4010 914,4010 914,4070 912,4070 912,4076 91,4076 91,444" />
</Shape>
<TextLine HEIGHT="54" HPOS="142" STYLEREFS="StyleId-DD4F98EE-211E-4408-A493-CEEFC82DCF40-" VPOS="455" WIDTH="777">
<String CONTENT="American" HEIGHT="54" HPOS="142" LANG="fr" VPOS="455" WIDTH="314" />
<SP HEIGHT="52" HPOS="457" VPOS="455" WIDTH="26" />
<String CONTENT="law" HEIGHT="53" HPOS="484" LANG="en-US" VPOS="455" WIDTH="112" />
<SP HEIGHT="52" HPOS="597" VPOS="455" WIDTH="26" />
<String CONTENT="institute." HEIGHT="54" HPOS="624" LANG="en-US" VPOS="455" WIDTH="295" />
</TextLine>
<TextLine CS="1" HEIGHT="148" HPOS="140" STYLEREFS="StyleId-DD4F98EE-211E-4408-A493-CEEFC82DCF40-" VPOS="527" WIDTH="1961">
<String CONTENT="Restatement" HEIGHT="53" HPOS="211" VPOS="530" WIDTH="385" />
<SP HEIGHT="47" HPOS="597" VPOS="535" WIDTH="33" />
<String CONTENT="of" HEIGHT="53" HPOS="631" VPOS="529" WIDTH="64" />
<SP HEIGHT="52" HPOS="696" VPOS="529" WIDTH="34" />
<String CONTENT="the" HEIGHT="51" HPOS="731" VPOS="530" WIDTH="93" />
<SP HEIGHT="51" HPOS="825" VPOS="532" WIDTH="34" />
<String CONTENT="law" HEIGHT="51" HPOS="860" VPOS="532" WIDTH="109" />
<SP HEIGHT="33" HPOS="970" VPOS="547" WIDTH="38" />
<String CONTENT="of" HEIGHT="51" HPOS="1009" VPOS="529" WIDTH="63" />
<SP HEIGHT="52" HPOS="1073" VPOS="529" WIDTH="36" />
<String CONTENT="trusts," HEIGHT="61" HPOS="1110" VPOS="534" WIDTH="192" />
<SP HEIGHT="48" HPOS="1303" VPOS="547" WIDTH="40" />
<String CONTENT="as" HEIGHT="33" HPOS="1344" VPOS="547" WIDTH="59" />
<SP HEIGHT="34" HPOS="1404" VPOS="546" WIDTH="37" />
<String CONTENT="adopted" HEIGHT="67" HPOS="1442" VPOS="527" WIDTH="246" />
<SP HEIGHT="53" HPOS="1689" VPOS="527" WIDTH="38" />
<String CONTENT="and" HEIGHT="52" HPOS="1728" VPOS="528" WIDTH="111" />
<SP HEIGHT="66" HPOS="1840" VPOS="528" WIDTH="40" />
<String CONTENT="promulgated" HEIGHT="147" HPOS="140" VPOS="528" WIDTH="1961" />
<SP HEIGHT="53" HPOS="309" VPOS="606" WIDTH="40" />
<String CONTENT="by" HEIGHT="68" HPOS="350" VPOS="606" WIDTH="74" />
</TextLine>
<TextLine HEIGHT="69" HPOS="464" STYLEREFS="StyleId-DD4F98EE-211E-4408-A493-CEEFC82DCF40-" VPOS="602" WIDTH="1666">
<String CONTENT="the" HEIGHT="54" HPOS="464" VPOS="606" WIDTH="95" />
<SP HEIGHT="53" HPOS="560" VPOS="606" WIDTH="40" />
<String CONTENT="American" HEIGHT="52" HPOS="601" VPOS="606" WIDTH="300" />
<SP HEIGHT="53" HPOS="902" VPOS="604" WIDTH="40" />
<String CONTENT="law" HEIGHT="54" HPOS="943" VPOS="604" WIDTH="109" />
<SP HEIGHT="52" HPOS="1053" VPOS="606" WIDTH="39" />
<String CONTENT="institute" HEIGHT="53" HPOS="1093" VPOS="605" WIDTH="258" />
<SP HEIGHT="35" HPOS="1352" VPOS="622" WIDTH="41" />
<String CONTENT="at" HEIGHT="46" HPOS="1394" VPOS="613" WIDTH="60" />
<SP HEIGHT="55" HPOS="1455" VPOS="604" WIDTH="38" />
<String CONTENT="Washington," HEIGHT="69" HPOS="1494" VPOS="602" WIDTH="397" />
<SP HEIGHT="65" HPOS="1892" VPOS="604" WIDTH="42" />
<String CONTENT="D." HEIGHT="50" HPOS="1935" VPOS="604" WIDTH="68" />
<SP HEIGHT="55" HPOS="2004" VPOS="602" WIDTH="45" />
<String CONTENT="C.," HEIGHT="68" HPOS="2050" VPOS="602" WIDTH="80" />
</TextLine>
<TextLine CS="1" HEIGHT="72" HPOS="141" STYLEREFS="StyleId-DD4F98EE-211E-4408-A493-CEEFC82DCF40-" VPOS="679" WIDTH="1988">
<String CONTENT="May" HEIGHT="68" HPOS="141" VPOS="683" WIDTH="137" />
<SP HEIGHT="64" HPOS="279" VPOS="687" WIDTH="30" />
<String CONTENT="11," HEIGHT="64" HPOS="310" VPOS="687" WIDTH="81" />
<SP HEIGHT="65" HPOS="392" VPOS="686" WIDTH="31" />
<String CONTENT="1935" HEIGHT="49" HPOS="424" VPOS="686" WIDTH="130" />
<SP HEIGHT="50" HPOS="555" VPOS="686" WIDTH="34" />
<String CONTENT="&#8230;" CS="1" />
<SP HEIGHT="54" HPOS="647" VPOS="681" WIDTH="78" />
<String CONTENT="St." HEIGHT="54" HPOS="726" VPOS="681" WIDTH="85" />
<SP HEIGHT="51" HPOS="812" VPOS="684" WIDTH="27" />
<String CONTENT="Paul," HEIGHT="68" HPOS="840" VPOS="681" WIDTH="163" />
<SP HEIGHT="67" HPOS="1004" VPOS="682" WIDTH="28" />
<String CONTENT="American" HEIGHT="55" HPOS="1033" VPOS="679" WIDTH="300" />
<SP HEIGHT="53" HPOS="1334" VPOS="681" WIDTH="29" />
<String CONTENT="law" HEIGHT="53" HPOS="1364" VPOS="681" WIDTH="108" />
<SP HEIGHT="52" HPOS="1473" VPOS="683" WIDTH="29" />
<String CONTENT="institute" HEIGHT="55" HPOS="1503" VPOS="680" WIDTH="258" />
<SP HEIGHT="49" HPOS="1762" VPOS="699" WIDTH="30" />
<String CONTENT="publishers," HEIGHT="67" HPOS="1793" VPOS="681" WIDTH="336" />
</TextLine>
<TextLine HEIGHT="50" HPOS="143" STYLEREFS="StyleId-DD4F98EE-211E-4408-A493-CEEFC82DCF40-" VPOS="763" WIDTH="149">
<String CONTENT="1935." HEIGHT="50" HPOS="143" VPOS="763" WIDTH="149" />
</TextLine>
<TextLine CS="1" HEIGHT="42" HPOS="208" VPOS="830" WIDTH="302">
<String CONTENT="2" HEIGHT="40" HPOS="208" VPOS="830" WIDTH="28" />
<SP HEIGHT="41" HPOS="237" VPOS="830" WIDTH="25" />
<String CONTENT="v." HEIGHT="30" HPOS="263" VPOS="842" WIDTH="43" />
<SP HEIGHT="42" HPOS="307" VPOS="830" WIDTH="57" />
<String CONTENT="23&#189;" CS="1" HEIGHT="41" HPOS="365" VPOS="830" WIDTH="55" />
<String CONTENT="cm" HEIGHT="21" HPOS="453" STYLE="superscript" VPOS="833" WIDTH="43" />
<String CONTENT="." HEIGHT="9" HPOS="501" VPOS="862" WIDTH="9" />
</TextLine>
<TextLine HEIGHT="48" HPOS="208" VPOS="887" WIDTH="544">
<String CONTENT="Paged" HEIGHT="48" HPOS="208" VPOS="887" WIDTH="161" />
<SP HEIGHT="39" HPOS="370" VPOS="888" WIDTH="29" />
<String CONTENT="continuously." HEIGHT="47" HPOS="400" VPOS="887" WIDTH="352" />
</TextLine>
<TextLine HEIGHT="49" HPOS="208" VPOS="943" WIDTH="1918">
<String CONTENT="To" HEIGHT="40" HPOS="208" VPOS="943" WIDTH="67" />
<SP HEIGHT="38" HPOS="276" VPOS="946" WIDTH="35" />
<String CONTENT="the" HEIGHT="39" HPOS="312" VPOS="945" WIDTH="82" />
<SP HEIGHT="30" HPOS="395" VPOS="954" WIDTH="35" />
<String CONTENT="end" HEIGHT="40" HPOS="431" VPOS="944" WIDTH="91" />
<SP HEIGHT="40" HPOS="523" VPOS="944" WIDTH="34" />
<String CONTENT="that" HEIGHT="39" HPOS="558" VPOS="945" WIDTH="109" />
<SP HEIGHT="39" HPOS="668" VPOS="945" WIDTH="34" />
<String CONTENT="the" HEIGHT="39" HPOS="703" VPOS="945" WIDTH="82" />
<SP HEIGHT="40" HPOS="786" VPOS="944" WIDTH="32" />
<String CONTENT="bench" HEIGHT="39" HPOS="819" VPOS="944" WIDTH="148" />
<SP HEIGHT="39" HPOS="968" VPOS="944" WIDTH="36" />
<String CONTENT="and" HEIGHT="39" HPOS="1005" VPOS="945" WIDTH="95" />
<SP HEIGHT="40" HPOS="1101" VPOS="944" WIDTH="34" />
<String CONTENT="bar" HEIGHT="40" HPOS="1136" VPOS="944" WIDTH="87" />
<SP HEIGHT="29" HPOS="1224" VPOS="954" WIDTH="31" />
<String CONTENT="of" HEIGHT="40" HPOS="1256" VPOS="943" WIDTH="53" />
<SP HEIGHT="41" HPOS="1310" VPOS="943" WIDTH="31" />
<String CONTENT="each" HEIGHT="41" HPOS="1342" VPOS="943" WIDTH="119" />
<SP HEIGHT="40" HPOS="1462" VPOS="943" WIDTH="34" />
<String CONTENT="state" HEIGHT="40" HPOS="1497" VPOS="944" WIDTH="129" />
<SP HEIGHT="30" HPOS="1627" VPOS="954" WIDTH="32" />
<String CONTENT="may" HEIGHT="39" HPOS="1660" VPOS="952" WIDTH="112" />
<SP HEIGHT="48" HPOS="1773" VPOS="943" WIDTH="35" />
<String CONTENT="be" HEIGHT="41" HPOS="1809" VPOS="943" WIDTH="57" />
<SP HEIGHT="29" HPOS="1867" VPOS="955" WIDTH="34" />
<String CONTENT="apprised" HEIGHT="47" HPOS="1902" VPOS="945" WIDTH="224" />
</TextLine>
<TextLine HEIGHT="50" HPOS="139" VPOS="999" WIDTH="1990">
<String CONTENT="of" HEIGHT="40" HPOS="139" VPOS="999" WIDTH="52" />
<SP HEIGHT="40" HPOS="192" VPOS="999" WIDTH="29" />
<String CONTENT="any" HEIGHT="37" HPOS="222" VPOS="1010" WIDTH="95" />
<SP HEIGHT="45" HPOS="318" VPOS="1002" WIDTH="30" />
<String CONTENT="local" HEIGHT="39" HPOS="349" VPOS="1001" WIDTH="123" />
<SP HEIGHT="38" HPOS="473" VPOS="1001" WIDTH="33" />
<String CONTENT="variations," HEIGHT="47" HPOS="507" VPOS="1000" WIDTH="283" />
<SP HEIGHT="45" HPOS="791" VPOS="1002" WIDTH="33" />
<String CONTENT="the" HEIGHT="39" HPOS="825" VPOS="1001" WIDTH="81" />
<SP HEIGHT="31" HPOS="907" VPOS="1009" WIDTH="31" />
<String CONTENT="state" HEIGHT="39" HPOS="939" VPOS="1001" WIDTH="129" />
<SP HEIGHT="40" HPOS="1069" VPOS="1000" WIDTH="28" />
<String CONTENT="bar" HEIGHT="40" HPOS="1098" VPOS="1000" WIDTH="89" />
<SP HEIGHT="30" HPOS="1188" VPOS="1010" WIDTH="29" />
<String CONTENT="associations," HEIGHT="50" HPOS="1218" VPOS="999" WIDTH="335" />
<SP HEIGHT="38" HPOS="1554" VPOS="1011" WIDTH="33" />
<String CONTENT="with" HEIGHT="40" HPOS="1588" VPOS="1000" WIDTH="120" />
<SP HEIGHT="40" HPOS="1709" VPOS="1000" WIDTH="32" />
<String CONTENT="the" HEIGHT="39" HPOS="1742" VPOS="1001" WIDTH="82" />
<SP HEIGHT="30" HPOS="1825" VPOS="1010" WIDTH="32" />
<String CONTENT="assistance" HEIGHT="39" HPOS="1858" VPOS="1001" WIDTH="271" />
</TextLine>
<TextLine HEIGHT="50" HPOS="139" VPOS="1055" WIDTH="1990">
<String CONTENT="of" HEIGHT="41" HPOS="139" VPOS="1055" WIDTH="53" />
<SP HEIGHT="40" HPOS="193" VPOS="1055" WIDTH="28" />
<String CONTENT="members" HEIGHT="41" HPOS="222" VPOS="1056" WIDTH="236" />
<SP HEIGHT="30" HPOS="459" VPOS="1066" WIDTH="32" />
<String CONTENT="of" HEIGHT="40" HPOS="492" VPOS="1056" WIDTH="52" />
<SP HEIGHT="39" HPOS="545" VPOS="1056" WIDTH="31" />
<String CONTENT="local" HEIGHT="40" HPOS="577" VPOS="1056" WIDTH="123" />
<SP HEIGHT="39" HPOS="701" VPOS="1057" WIDTH="34" />
<String CONTENT="school" HEIGHT="40" HPOS="736" VPOS="1056" WIDTH="160" />
<SP HEIGHT="40" HPOS="897" VPOS="1055" WIDTH="32" />
<String CONTENT="faculties" HEIGHT="42" HPOS="930" VPOS="1055" WIDTH="232" />
<SP HEIGHT="30" HPOS="1163" VPOS="1065" WIDTH="33" />
<String CONTENT="and" HEIGHT="40" HPOS="1197" VPOS="1056" WIDTH="96" />
<SP HEIGHT="40" HPOS="1294" VPOS="1056" WIDTH="33" />
<String CONTENT="other" HEIGHT="39" HPOS="1328" VPOS="1057" WIDTH="139" />
<SP HEIGHT="30" HPOS="1468" VPOS="1065" WIDTH="30" />
<String CONTENT="experts," HEIGHT="47" HPOS="1499" VPOS="1057" WIDTH="209" />
<SP HEIGHT="36" HPOS="1709" VPOS="1067" WIDTH="34" />
<String CONTENT="are" HEIGHT="31" HPOS="1744" VPOS="1067" WIDTH="84" />
<SP HEIGHT="38" HPOS="1829" VPOS="1067" WIDTH="33" />
<String CONTENT="producing" HEIGHT="50" HPOS="1863" VPOS="1055" WIDTH="266" />
</TextLine>
<TextLine HEIGHT="47" HPOS="138" VPOS="1112" WIDTH="1990">
<String CONTENT="state" HEIGHT="39" HPOS="138" VPOS="1114" WIDTH="128" />
<SP HEIGHT="30" HPOS="267" VPOS="1122" WIDTH="39" />
<String CONTENT="annotations" HEIGHT="40" HPOS="307" VPOS="1113" WIDTH="311" />
<SP HEIGHT="40" HPOS="619" VPOS="1112" WIDTH="40" />
<String CONTENT="for" HEIGHT="40" HPOS="660" VPOS="1112" WIDTH="79" />
<SP HEIGHT="38" HPOS="740" VPOS="1114" WIDTH="40" />
<String CONTENT="their" HEIGHT="40" HPOS="781" VPOS="1112" WIDTH="128" />
<SP HEIGHT="28" HPOS="910" VPOS="1122" WIDTH="41" />
<String CONTENT="respective" HEIGHT="47" HPOS="952" VPOS="1112" WIDTH="266" />
<SP HEIGHT="32" HPOS="1219" VPOS="1121" WIDTH="40" />
<String CONTENT="states" HEIGHT="40" HPOS="1260" VPOS="1113" WIDTH="153" />
<SP HEIGHT="40" HPOS="1414" VPOS="1112" WIDTH="42" />
<String CONTENT="in" HEIGHT="40" HPOS="1457" VPOS="1112" WIDTH="50" />
<SP HEIGHT="38" HPOS="1508" VPOS="1115" WIDTH="40" />
<String CONTENT="the" HEIGHT="39" HPOS="1549" VPOS="1114" WIDTH="83" />
<SP HEIGHT="30" HPOS="1633" VPOS="1122" WIDTH="41" />
<String CONTENT="various" HEIGHT="40" HPOS="1675" VPOS="1113" WIDTH="197" />
<SP HEIGHT="32" HPOS="1873" VPOS="1121" WIDTH="40" />
<String CONTENT="subjects" HEIGHT="47" HPOS="1914" VPOS="1112" WIDTH="214" />
</TextLine>
<TextLine HEIGHT="49" HPOS="139" VPOS="1167" WIDTH="1104">
<String CONTENT="undertaken" HEIGHT="41" HPOS="139" VPOS="1168" WIDTH="301" />
<SP HEIGHT="40" HPOS="441" VPOS="1168" WIDTH="25" />
<String CONTENT="for" HEIGHT="40" HPOS="467" VPOS="1168" WIDTH="80" />
<SP HEIGHT="29" HPOS="548" VPOS="1178" WIDTH="26" />
<String CONTENT="restatement," HEIGHT="42" HPOS="575" VPOS="1167" WIDTH="329" />
<SP HEIGHT="30" HPOS="905" VPOS="1178" WIDTH="59" />
<String CONTENT="cf." HEIGHT="48" HPOS="965" VPOS="1168" WIDTH="62" />
<SP HEIGHT="42" HPOS="1028" VPOS="1168" WIDTH="28" />
<String CONTENT="Introd." HEIGHT="41" HPOS="1057" VPOS="1168" WIDTH="186" />
</TextLine>
<TextLine CS="1" HEIGHT="53" HPOS="139" VPOS="1224" WIDTH="1975">
<String CONTENT="&#169;" HEIGHT="53" HPOS="139" VPOS="1224" WIDTH="52" />
<SP HEIGHT="53" HPOS="192" VPOS="1224" WIDTH="26" />
<String CONTENT="Oct." HEIGHT="41" HPOS="219" VPOS="1228" WIDTH="100" />
<SP HEIGHT="40" HPOS="320" VPOS="1228" WIDTH="27" />
<String CONTENT="22," HEIGHT="47" HPOS="348" VPOS="1228" WIDTH="70" />
<SP HEIGHT="46" HPOS="419" VPOS="1229" WIDTH="27" />
<String CONTENT="1935;" HEIGHT="40" HPOS="447" VPOS="1228" WIDTH="138" />
<SP HEIGHT="40" HPOS="586" VPOS="1228" WIDTH="29" />
<String CONTENT="2c." HEIGHT="39" HPOS="616" VPOS="1228" WIDTH="67" />
<SP HEIGHT="29" HPOS="684" VPOS="1238" WIDTH="24" />
<String CONTENT="each" HEIGHT="39" HPOS="709" VPOS="1228" WIDTH="120" />
<SP HEIGHT="38" HPOS="830" VPOS="1227" WIDTH="25" />
<String CONTENT="Nov." HEIGHT="40" HPOS="856" VPOS="1227" WIDTH="117" />
<SP HEIGHT="39" HPOS="974" VPOS="1227" WIDTH="28" />
<String CONTENT="16;" CS="1" HEIGHT="39" HPOS="1003" VPOS="1227" WIDTH="57" />
<SP HEIGHT="35" HPOS="1085" VPOS="1237" WIDTH="31" />
<String CONTENT="affs." HEIGHT="40" HPOS="1117" VPOS="1226" WIDTH="108" />
<SP HEIGHT="39" HPOS="1226" VPOS="1227" WIDTH="27" />
<String CONTENT="Nov." HEIGHT="38" HPOS="1254" VPOS="1227" WIDTH="116" />
<SP HEIGHT="39" HPOS="1371" VPOS="1226" WIDTH="25" />
<String CONTENT="21;" CS="1" HEIGHT="39" HPOS="1397" VPOS="1226" WIDTH="55" />
<SP HEIGHT="45" HPOS="1480" VPOS="1227" WIDTH="31" />
<String CONTENT="A" HEIGHT="38" HPOS="1512" VPOS="1227" WIDTH="41" />
<SP HEIGHT="41" HPOS="1554" VPOS="1226" WIDTH="26" />
<String CONTENT="89517," HEIGHT="48" HPOS="1581" VPOS="1226" WIDTH="157" />
<SP HEIGHT="46" HPOS="1739" VPOS="1228" WIDTH="28" />
<String CONTENT="89518;" CS="1" HEIGHT="41" HPOS="1768" VPOS="1226" WIDTH="143" />
<SP HEIGHT="41" HPOS="1938" VPOS="1228" WIDTH="31" />
<String CONTENT="Amer." CS="1" HEIGHT="39" HPOS="1970" LANG="fr" VPOS="1228" WIDTH="144" />
</TextLine>
<TextLine HEIGHT="48" HPOS="205" VPOS="1283" WIDTH="1089">
<String CONTENT="law" HEIGHT="38" HPOS="205" VPOS="1286" WIDTH="95" />
<SP HEIGHT="39" HPOS="301" VPOS="1285" WIDTH="24" />
<String CONTENT="institute," HEIGHT="47" HPOS="326" VPOS="1284" WIDTH="238" />
<SP HEIGHT="46" HPOS="565" VPOS="1285" WIDTH="27" />
<String CONTENT="Philadelphia." HEIGHT="47" HPOS="593" VPOS="1284" WIDTH="351" />
<SP HEIGHT="47" HPOS="945" VPOS="1283" WIDTH="69" />
<String CONTENT="(35-30986)" HEIGHT="47" HPOS="1015" VPOS="1283" WIDTH="279" />
</TextLine>
<TextLine HEIGHT="64" HPOS="139" STYLEREFS="StyleId-DD4F98EE-211E-4408-A493-CEEFC82DCF40-" VPOS="1375" WIDTH="866">
<String CONTENT="Ancelet-Hustache," HEIGHT="64" HPOS="139" VPOS="1375" WIDTH="594" />
<SP HEIGHT="64" HPOS="734" VPOS="1375" WIDTH="29" />
<String CONTENT="Jeanne." HEIGHT="55" HPOS="764" VPOS="1375" WIDTH="241" />
</TextLine>
<TextLine CS="1" HEIGHT="70" HPOS="268" STYLEREFS="StyleId-DD4F98EE-211E-4408-A493-CEEFC82DCF40-" VPOS="1448" WIDTH="1717">
<String CONTENT="&#8230;" CS="1" LANG="en-US" />
<SP HEIGHT="54" HPOS="268" VPOS="1450" WIDTH="40" />
<String CONTENT="Les" HEIGHT="53" HPOS="309" LANG="fr" VPOS="1450" WIDTH="105" />
<SP HEIGHT="35" HPOS="415" VPOS="1468" WIDTH="34" />
<String CONTENT="s&#339;urs" HEIGHT="36" HPOS="450" LANG="fr" VPOS="1468" WIDTH="172" />
<SP HEIGHT="55" HPOS="623" VPOS="1449" WIDTH="35" />
<String CONTENT="des" HEIGHT="53" HPOS="659" LANG="fr" VPOS="1449" WIDTH="94" />
<SP HEIGHT="49" HPOS="754" VPOS="1469" WIDTH="34" />
<String CONTENT="prisons" HEIGHT="68" HPOS="789" LANG="en-US" VPOS="1450" WIDTH="221" />
<SP HEIGHT="34" HPOS="1011" VPOS="1469" WIDTH="40" />
<String CONTENT="&#8230;" CS="1" LANG="en-US" />
<SP HEIGHT="33" HPOS="1109" VPOS="1483" WIDTH="82" />
<String CONTENT="[Paris]" HEIGHT="67" HPOS="1192" LANG="en-US" VPOS="1449" WIDTH="200" />
<SP HEIGHT="68" HPOS="1393" VPOS="1448" WIDTH="41" />
<String CONTENT="B." HEIGHT="53" HPOS="1435" LANG="fr" VPOS="1448" WIDTH="66" />
<SP HEIGHT="54" HPOS="1502" VPOS="1448" WIDTH="38" />
<String CONTENT="Grasset" HEIGHT="55" HPOS="1541" LANG="fr" VPOS="1448" WIDTH="231" />
<SP HEIGHT="60" HPOS="1773" VPOS="1456" WIDTH="40" />
<String CONTENT="[1934]" HEIGHT="65" HPOS="1814" LANG="en-US" VPOS="1451" WIDTH="171" />
</TextLine>
<TextLine CS="1" HEIGHT="50" HPOS="206" VPOS="1520" WIDTH="1921">
<String CONTENT="2" HEIGHT="39" HPOS="206" LANG="en-US" VPOS="1521" WIDTH="26" />
<SP HEIGHT="48" HPOS="233" VPOS="1521" WIDTH="38" />
<String CONTENT="p." HEIGHT="37" HPOS="272" LANG="fr" VPOS="1532" WIDTH="44" />
<SP />
<String CONTENT="l." CS="1" LANG="fr" />
<String CONTENT="," HEIGHT="15" HPOS="391" LANG="en-US" VPOS="1552" WIDTH="8" />
<SP HEIGHT="34" HPOS="400" VPOS="1533" WIDTH="38" />
<String CONTENT="vii-xv," HEIGHT="47" HPOS="439" LANG="en-US" VPOS="1521" WIDTH="177" />
<SP HEIGHT="47" HPOS="617" VPOS="1521" WIDTH="37" />
<String CONTENT="314" HEIGHT="40" HPOS="655" LANG="en-US" VPOS="1521" WIDTH="85" />
<SP HEIGHT="46" HPOS="741" VPOS="1522" WIDTH="37" />
<String CONTENT="p.," HEIGHT="38" HPOS="779" LANG="fr" VPOS="1531" WIDTH="58" />
<SP HEIGHT="47" HPOS="838" VPOS="1522" WIDTH="38" />
<String CONTENT="1" HEIGHT="38" HPOS="877" LANG="en-US" VPOS="1522" WIDTH="23" />
<SP />
<String CONTENT="l." CS="1" LANG="en-US" />
<SP />
<String CONTENT="19cm." CS="1" HEIGHT="41" HPOS="1048" LANG="en-US" VPOS="1520" WIDTH="117" />
<SP HEIGHT="48" HPOS="1166" VPOS="1520" WIDTH="82" />
<String CONTENT="(Collection" HEIGHT="48" HPOS="1249" LANG="en-US" VPOS="1520" WIDTH="289" />
<SP HEIGHT="39" HPOS="1539" VPOS="1522" WIDTH="41" />
<String CONTENT="&#8220;Les" HEIGHT="40" HPOS="1581" LANG="fr" VPOS="1522" WIDTH="119" />
<SP HEIGHT="38" HPOS="1701" VPOS="1532" WIDTH="38" />
<String CONTENT="grands" HEIGHT="47" HPOS="1740" LANG="en-US" VPOS="1523" WIDTH="179" />
<SP HEIGHT="29" HPOS="1920" VPOS="1532" WIDTH="41" />
<String CONTENT="ordres" HEIGHT="39" HPOS="1962" LANG="fr" VPOS="1522" WIDTH="165" />
</TextLine>
<TextLine HEIGHT="50" HPOS="137" LANG="fr" VPOS="1576" WIDTH="1990">
<String CONTENT="monastiques" HEIGHT="48" HPOS="137" VPOS="1578" WIDTH="328" />
<SP HEIGHT="30" HPOS="466" VPOS="1588" WIDTH="50" />
<String CONTENT="et" HEIGHT="38" HPOS="517" VPOS="1580" WIDTH="47" />
<SP HEIGHT="39" HPOS="565" VPOS="1579" WIDTH="49" />
<String CONTENT="instituts" HEIGHT="39" HPOS="615" VPOS="1578" WIDTH="223" />
<SP HEIGHT="30" HPOS="839" VPOS="1587" WIDTH="47" />
<String CONTENT="religieux&#8221;" HEIGHT="49" HPOS="887" VPOS="1576" WIDTH="265" />
<SP HEIGHT="42" HPOS="1153" VPOS="1576" WIDTH="50" />
<String CONTENT="dirig&#233;e" HEIGHT="48" HPOS="1204" VPOS="1576" WIDTH="181" />
<SP HEIGHT="39" HPOS="1386" VPOS="1587" WIDTH="49" />
<String CONTENT="par" HEIGHT="38" HPOS="1436" VPOS="1588" WIDTH="87" />
<SP HEIGHT="39" HPOS="1524" VPOS="1577" WIDTH="49" />
<String CONTENT="&#201;douard" HEIGHT="40" HPOS="1574" VPOS="1577" WIDTH="224" />
<SP HEIGHT="41" HPOS="1799" VPOS="1578" WIDTH="53" />
<String CONTENT="Schneider," HEIGHT="41" HPOS="1853" VPOS="1578" WIDTH="274" />
</TextLine>
<TextLine HEIGHT="46" HPOS="138" LANG="fr" VPOS="1634" WIDTH="105">
<String CONTENT="xvi" HEIGHT="30" HPOS="138" VPOS="1645" WIDTH="82" />
<SP HEIGHT="46" HPOS="221" VPOS="1634" WIDTH="6" />
<String CONTENT=")" HEIGHT="46" HPOS="228" VPOS="1634" WIDTH="15" />
</TextLine>
<TextLine CS="1" HEIGHT="60" HPOS="135" LANG="fr" VPOS="1690" WIDTH="1993">
<String CONTENT="&#169;" HEIGHT="52" HPOS="135" VPOS="1698" WIDTH="52" />
<SP HEIGHT="52" HPOS="188" VPOS="1698" WIDTH="25" />
<String CONTENT="Oct." HEIGHT="40" HPOS="214" VPOS="1702" WIDTH="100" />
<SP HEIGHT="39" HPOS="315" VPOS="1703" WIDTH="28" />
<String CONTENT="15," HEIGHT="45" HPOS="344" VPOS="1703" WIDTH="69" />
<SP HEIGHT="45" HPOS="414" VPOS="1703" WIDTH="26" />
<String CONTENT="1934;" HEIGHT="48" HPOS="441" VPOS="1700" WIDTH="139" />
<SP />
<String CONTENT="1c." CS="1" />
<SP HEIGHT="38" HPOS="701" VPOS="1702" WIDTH="27" />
<String CONTENT="Mar." HEIGHT="38" HPOS="729" VPOS="1702" WIDTH="121" />
<SP HEIGHT="40" HPOS="851" VPOS="1700" WIDTH="25" />
<String CONTENT="6," HEIGHT="47" HPOS="877" VPOS="1700" WIDTH="40" />
<SP HEIGHT="46" HPOS="918" VPOS="1701" WIDTH="23" />
<String CONTENT="1935;" HEIGHT="48" HPOS="942" VPOS="1699" WIDTH="140" />
<SP HEIGHT="47" HPOS="1083" VPOS="1700" WIDTH="29" />
<String CONTENT="A-" HEIGHT="39" HPOS="1113" VPOS="1700" WIDTH="101" />
<String CONTENT="Foreign" HEIGHT="49" HPOS="1217" LANG="en-US" VPOS="1699" WIDTH="206" />
<SP HEIGHT="39" HPOS="1424" VPOS="1700" WIDTH="26" />
<String CONTENT="28516;" HEIGHT="47" HPOS="1451" VPOS="1700" WIDTH="170" />
<SP HEIGHT="57" HPOS="1622" VPOS="1690" WIDTH="32" />
<String CONTENT="&#201;ditions" HEIGHT="50" HPOS="1655" VPOS="1690" WIDTH="223" />
<SP HEIGHT="38" HPOS="1879" VPOS="1702" WIDTH="27" />
<String CONTENT="Bernard" HEIGHT="39" HPOS="1907" VPOS="1701" WIDTH="221" />
</TextLine>
<TextLine HEIGHT="47" HPOS="205" LANG="fr" VPOS="1758" WIDTH="565">
<String CONTENT="Grasset." HEIGHT="40" HPOS="205" VPOS="1758" WIDTH="212" />
<SP HEIGHT="47" HPOS="418" VPOS="1758" WIDTH="73" />
<String CONTENT="(35-33137)" HEIGHT="47" HPOS="492" VPOS="1758" WIDTH="278" />
</TextLine>
<TextLine HEIGHT="64" HPOS="137" LANG="fr" STYLEREFS="StyleId-DD4F98EE-211E-4408-A493-CEEFC82DCF40-" VPOS="1839" WIDTH="512">
<String CONTENT="Arkin," HEIGHT="64" HPOS="137" VPOS="1839" WIDTH="207" />
<SP HEIGHT="63" HPOS="345" VPOS="1840" WIDTH="28" />
<String CONTENT="Herbert." HEIGHT="54" HPOS="374" VPOS="1839" WIDTH="275" />
</TextLine>
<TextLine CS="1" HEIGHT="148" HPOS="138" STYLEREFS="StyleId-DD4F98EE-211E-4408-A493-CEEFC82DCF40-" VPOS="1914" WIDTH="1964">
<String CONTENT="Statistical" HEIGHT="55" HPOS="210" VPOS="1916" WIDTH="317" />
<SP HEIGHT="51" HPOS="528" VPOS="1919" WIDTH="35" />
<String CONTENT="methods" HEIGHT="52" HPOS="564" VPOS="1917" WIDTH="257" />
<SP HEIGHT="34" HPOS="822" VPOS="1935" WIDTH="40" />
<String CONTENT="as" HEIGHT="35" HPOS="863" LANG="fr" VPOS="1935" WIDTH="58" />
<SP HEIGHT="35" HPOS="922" VPOS="1935" WIDTH="35" />
<String CONTENT="applied" HEIGHT="68" HPOS="958" VPOS="1915" WIDTH="231" />
<SP HEIGHT="52" HPOS="1190" VPOS="1917" WIDTH="36" />
<String CONTENT="to" HEIGHT="45" HPOS="1227" VPOS="1924" WIDTH="58" />
<SP HEIGHT="34" HPOS="1286" VPOS="1935" WIDTH="36" />
<String CONTENT="economics," HEIGHT="69" HPOS="1323" VPOS="1914" WIDTH="327" />
<SP HEIGHT="67" HPOS="1651" VPOS="1916" WIDTH="34" />
<String CONTENT="business," HEIGHT="66" HPOS="1686" VPOS="1916" WIDTH="272" />
<SP HEIGHT="47" HPOS="1959" VPOS="1935" WIDTH="33" />
<String CONTENT="education," HEIGHT="146" HPOS="138" VPOS="1915" WIDTH="1964" />
<SP HEIGHT="48" HPOS="344" VPOS="2013" WIDTH="30" />
<String CONTENT="social" HEIGHT="52" HPOS="375" VPOS="1995" WIDTH="172" />
<SP HEIGHT="50" HPOS="548" VPOS="1997" WIDTH="31" />
<String CONTENT="and" HEIGHT="51" HPOS="580" VPOS="1996" WIDTH="111" />
<SP HEIGHT="66" HPOS="692" VPOS="1996" WIDTH="30" />
<String CONTENT="physical" HEIGHT="69" HPOS="723" VPOS="1993" WIDTH="258" />
<SP HEIGHT="54" HPOS="982" VPOS="1993" WIDTH="31" />
<String CONTENT="sciences," HEIGHT="67" HPOS="1014" VPOS="1994" WIDTH="256" />
<SP HEIGHT="49" HPOS="1271" VPOS="2012" WIDTH="31" />
<String CONTENT="etc.," HEIGHT="60" HPOS="1303" VPOS="2000" WIDTH="119" />
<SP HEIGHT="65" HPOS="1423" VPOS="1995" WIDTH="28" />
<String CONTENT="by" HEIGHT="67" HPOS="1452" VPOS="1995" WIDTH="76" />
<SP HEIGHT="67" HPOS="1529" VPOS="1995" WIDTH="28" />
<String CONTENT="Herbert" HEIGHT="53" HPOS="1558" VPOS="1994" WIDTH="254" />
<SP HEIGHT="52" HPOS="1813" VPOS="1995" WIDTH="25" />
<String CONTENT="Arkin" HEIGHT="53" HPOS="1839" VPOS="1994" WIDTH="191" />
<SP HEIGHT="34" HPOS="2031" VPOS="2013" WIDTH="32" />
<String CONTENT="&#8230;" CS="1" />
</TextLine>
<TextLine CS="1" HEIGHT="69" HPOS="142" STYLEREFS="StyleId-DD4F98EE-211E-4408-A493-CEEFC82DCF40-" VPOS="2071" WIDTH="1983">
<String CONTENT="[" HEIGHT="34" HPOS="142" VPOS="2105" WIDTH="12" />
<String CONTENT="and]" HEIGHT="65" HPOS="162" VPOS="2073" WIDTH="128" />
<SP HEIGHT="65" HPOS="291" VPOS="2073" WIDTH="48" />
<String CONTENT="Raymond" HEIGHT="66" HPOS="340" VPOS="2073" WIDTH="300" />
<SP HEIGHT="51" HPOS="641" VPOS="2073" WIDTH="42" />
<String CONTENT="R." HEIGHT="52" HPOS="684" VPOS="2073" WIDTH="69" />
<SP HEIGHT="54" HPOS="754" VPOS="2073" WIDTH="44" />
<String CONTENT="Colton" HEIGHT="54" HPOS="799" VPOS="2073" WIDTH="204" />
<SP HEIGHT="33" HPOS="1004" VPOS="2091" WIDTH="48" />
<String CONTENT="&#8230;" CS="1" />
<SP HEIGHT="33" HPOS="1110" VPOS="2091" WIDTH="45" />
<String CONTENT="with" HEIGHT="51" HPOS="1156" VPOS="2073" WIDTH="140" />
<SP HEIGHT="51" HPOS="1297" VPOS="2073" WIDTH="44" />
<String CONTENT="a" HEIGHT="33" HPOS="1342" VPOS="2091" WIDTH="30" />
<SP HEIGHT="50" HPOS="1373" VPOS="2090" WIDTH="42" />
<String CONTENT="preface" HEIGHT="69" HPOS="1416" VPOS="2071" WIDTH="232" />
<SP HEIGHT="52" HPOS="1649" VPOS="2072" WIDTH="39" />
<String CONTENT="by" HEIGHT="67" HPOS="1689" VPOS="2072" WIDTH="76" />
<SP HEIGHT="67" HPOS="1766" VPOS="2072" WIDTH="39" />
<String CONTENT="Justin" HEIGHT="55" HPOS="1806" VPOS="2071" WIDTH="197" />
<SP HEIGHT="52" HPOS="2004" VPOS="2073" WIDTH="43" />
<String CONTENT="H." HEIGHT="53" HPOS="2048" VPOS="2073" WIDTH="77" />
</TextLine>
<TextLine CS="1" HEIGHT="68" HPOS="137" STYLEREFS="StyleId-DD4F98EE-211E-4408-A493-CEEFC82DCF40-" VPOS="2149" WIDTH="1987">
<String CONTENT="Moore" HEIGHT="52" HPOS="137" VPOS="2151" WIDTH="195" />
<SP HEIGHT="34" HPOS="333" VPOS="2168" WIDTH="45" />
<String CONTENT="&#8230;" CS="1" />
<SP HEIGHT="51" HPOS="435" VPOS="2151" WIDTH="78" />
<String CONTENT="Rev." HEIGHT="52" HPOS="514" VPOS="2151" WIDTH="134" />
<SP HEIGHT="35" HPOS="649" VPOS="2168" WIDTH="43" />
<String CONTENT="and" HEIGHT="51" HPOS="693" VPOS="2152" WIDTH="112" />
<SP HEIGHT="51" HPOS="806" VPOS="2152" WIDTH="41" />
<String CONTENT="enl." HEIGHT="50" HPOS="848" VPOS="2153" WIDTH="104" />
<SP HEIGHT="52" HPOS="953" VPOS="2151" WIDTH="74" />
<String CONTENT="New" HEIGHT="51" HPOS="1028" VPOS="2151" WIDTH="139" />
<SP HEIGHT="52" HPOS="1168" VPOS="2151" WIDTH="39" />
<String CONTENT="York," HEIGHT="67" HPOS="1208" VPOS="2150" WIDTH="180" />
<SP HEIGHT="65" HPOS="1389" VPOS="2152" WIDTH="42" />
<String CONTENT="Barnes" HEIGHT="51" HPOS="1432" VPOS="2152" WIDTH="217" />
<SP HEIGHT="50" HPOS="1650" VPOS="2153" WIDTH="40" />
<String CONTENT="&amp;" HEIGHT="50" HPOS="1691" VPOS="2153" WIDTH="46" />
<SP HEIGHT="52" HPOS="1738" VPOS="2151" WIDTH="38" />
<String CONTENT="Noble," HEIGHT="68" HPOS="1777" VPOS="2149" WIDTH="198" />
<SP HEIGHT="67" HPOS="1976" VPOS="2150" WIDTH="41" />
<String CONTENT="inc." HEIGHT="54" HPOS="2018" VPOS="2150" WIDTH="106" />
</TextLine>
<TextLine HEIGHT="63" HPOS="142" STYLEREFS="StyleId-DD4F98EE-211E-4408-A493-CEEFC82DCF40-" VPOS="2233" WIDTH="192">
<String CONTENT="[" HEIGHT="33" HPOS="142" VPOS="2263" WIDTH="13" />
<String CONTENT="c" HEIGHT="21" HPOS="158" STYLE="superscript" VPOS="2236" WIDTH="20" />
<String CONTENT="1935]" HEIGHT="62" HPOS="183" VPOS="2233" WIDTH="151" />
</TextLine>
<TextLine CS="1" HEIGHT="48" HPOS="207" VPOS="2301" WIDTH="896">
<String CONTENT="6" HEIGHT="40" HPOS="207" VPOS="2301" WIDTH="28" />
<SP />
<String CONTENT="p." HEIGHT="37" HPOS="262" LANG="fr" VPOS="2312" WIDTH="42" />
<SP />
<String CONTENT="l." CS="1" LANG="fr" />
<String CONTENT="," HEIGHT="17" HPOS="368" VPOS="2332" WIDTH="9" />
<SP HEIGHT="48" HPOS="378" VPOS="2301" WIDTH="28" />
<String CONTENT="228," HEIGHT="47" HPOS="407" VPOS="2301" WIDTH="99" />
<SP HEIGHT="47" HPOS="507" VPOS="2301" WIDTH="28" />
<String CONTENT="47" HEIGHT="40" HPOS="536" VPOS="2301" WIDTH="59" />
<SP HEIGHT="46" HPOS="596" VPOS="2302" WIDTH="21" />
<String CONTENT="p." HEIGHT="37" HPOS="618" VPOS="2311" WIDTH="43" />
<SP HEIGHT="39" HPOS="662" VPOS="2302" WIDTH="58" />
<String CONTENT="diagrs." HEIGHT="48" HPOS="721" VPOS="2301" WIDTH="178" />
<SP HEIGHT="39" HPOS="900" VPOS="2301" WIDTH="56" />
<String CONTENT="21&#189;" CS="1" HEIGHT="39" HPOS="957" VPOS="2301" WIDTH="56" />
<String CONTENT="cm" HEIGHT="22" HPOS="1046" STYLE="superscript" VPOS="2302" WIDTH="44" />
<String CONTENT="." HEIGHT="9" HPOS="1094" VPOS="2331" WIDTH="9" />
</TextLine>
<TextLine HEIGHT="48" HPOS="206" VPOS="2356" WIDTH="1920">
<String CONTENT="With" HEIGHT="41" HPOS="206" VPOS="2357" WIDTH="135" />
<SP HEIGHT="40" HPOS="342" VPOS="2357" WIDTH="24" />
<String CONTENT="this" HEIGHT="41" HPOS="367" VPOS="2356" WIDTH="100" />
<SP HEIGHT="40" HPOS="468" VPOS="2357" WIDTH="22" />
<String CONTENT="is" HEIGHT="40" HPOS="491" VPOS="2357" WIDTH="42" />
<SP HEIGHT="39" HPOS="534" VPOS="2358" WIDTH="24" />
<String CONTENT="bound" HEIGHT="39" HPOS="559" VPOS="2358" WIDTH="159" />
<SP HEIGHT="39" HPOS="719" VPOS="2358" WIDTH="24" />
<String CONTENT="the" HEIGHT="41" HPOS="744" VPOS="2357" WIDTH="81" />
<SP HEIGHT="30" HPOS="826" VPOS="2368" WIDTH="23" />
<String CONTENT="authors&#8217;" HEIGHT="40" HPOS="850" VPOS="2357" WIDTH="216" />
<SP HEIGHT="39" HPOS="1067" VPOS="2357" WIDTH="26" />
<String CONTENT="Tables" HEIGHT="41" HPOS="1094" VPOS="2356" WIDTH="174" />
<SP HEIGHT="31" HPOS="1269" VPOS="2367" WIDTH="24" />
<String CONTENT="of" HEIGHT="41" HPOS="1294" VPOS="2357" WIDTH="51" />
<SP HEIGHT="40" HPOS="1346" VPOS="2357" WIDTH="22" />
<String CONTENT="squares," HEIGHT="39" HPOS="1369" VPOS="2365" WIDTH="216" />
<SP HEIGHT="38" HPOS="1586" VPOS="2366" WIDTH="25" />
<String CONTENT="square" HEIGHT="40" HPOS="1612" VPOS="2364" WIDTH="177" />
<SP HEIGHT="31" HPOS="1790" VPOS="2365" WIDTH="21" />
<String CONTENT="roots," HEIGHT="47" HPOS="1812" VPOS="2357" WIDTH="145" />
<SP HEIGHT="37" HPOS="1958" VPOS="2367" WIDTH="23" />
<String CONTENT="cubes" HEIGHT="40" HPOS="1982" VPOS="2358" WIDTH="144" />
</TextLine>
<TextLine CS="1" HEIGHT="50" HPOS="136" VPOS="2412" WIDTH="997">
<String CONTENT="and" HEIGHT="40" HPOS="136" VPOS="2414" WIDTH="96" />
<SP HEIGHT="40" HPOS="233" VPOS="2414" WIDTH="24" />
<String CONTENT="cube" HEIGHT="40" HPOS="258" VPOS="2414" WIDTH="118" />
<SP HEIGHT="29" HPOS="377" VPOS="2424" WIDTH="23" />
<String CONTENT="roots" HEIGHT="38" HPOS="401" VPOS="2415" WIDTH="132" />
<SP HEIGHT="30" HPOS="534" VPOS="2423" WIDTH="26" />
<String CONTENT="&#8230;" CS="1" />
<SP HEIGHT="40" HPOS="609" VPOS="2413" WIDTH="60" />
<String CONTENT="New" HEIGHT="40" HPOS="670" VPOS="2413" WIDTH="118" />
<SP HEIGHT="38" HPOS="789" VPOS="2414" WIDTH="21" />
<String CONTENT="York" HEIGHT="40" HPOS="811" VPOS="2413" WIDTH="130" />
<SP HEIGHT="49" HPOS="942" VPOS="2413" WIDTH="27" />
<String CONTENT="[" HEIGHT="30" HPOS="970" VPOS="2432" WIDTH="11" />
<String CONTENT="c" HEIGHT="22" HPOS="984" STYLE="superscript" VPOS="2415" WIDTH="18" />
<String CONTENT="1934]" HEIGHT="50" HPOS="1004" VPOS="2412" WIDTH="129" />
</TextLine>
<TextLine CS="1" HEIGHT="42" HPOS="207" VPOS="2468" WIDTH="1593">
<String CONTENT="Issued" HEIGHT="39" HPOS="207" VPOS="2471" WIDTH="170" />
<SP HEIGHT="38" HPOS="378" VPOS="2472" WIDTH="28" />
<String CONTENT="also" HEIGHT="39" HPOS="407" VPOS="2470" WIDTH="104" />
<SP HEIGHT="30" HPOS="512" VPOS="2479" WIDTH="25" />
<String CONTENT="under" HEIGHT="40" HPOS="538" VPOS="2470" WIDTH="153" />
<SP HEIGHT="38" HPOS="692" VPOS="2471" WIDTH="21" />
<String CONTENT="title:" CS="1" HEIGHT="40" HPOS="714" VPOS="2469" WIDTH="109" />
<SP HEIGHT="39" HPOS="851" VPOS="2470" WIDTH="28" />
<String CONTENT="An" HEIGHT="38" HPOS="880" VPOS="2470" WIDTH="73" />
<SP HEIGHT="30" HPOS="954" VPOS="2480" WIDTH="28" />
<String CONTENT="outline" HEIGHT="42" HPOS="983" VPOS="2468" WIDTH="184" />
<SP HEIGHT="30" HPOS="1168" VPOS="2479" WIDTH="23" />
<String CONTENT="of" HEIGHT="40" HPOS="1192" VPOS="2469" WIDTH="53" />
<SP HEIGHT="40" HPOS="1246" VPOS="2469" WIDTH="25" />
<String CONTENT="statistical" HEIGHT="42" HPOS="1272" VPOS="2468" WIDTH="266" />
<SP HEIGHT="38" HPOS="1539" VPOS="2470" WIDTH="24" />
<String CONTENT="methods." HEIGHT="42" HPOS="1564" VPOS="2468" WIDTH="236" />
</TextLine>
<TextLine CS="1" HEIGHT="51" HPOS="209" VPOS="2523" WIDTH="1916">
<String CONTENT="&#8220;Eighteen" HEIGHT="47" HPOS="209" VPOS="2525" WIDTH="264" />
<SP HEIGHT="30" HPOS="474" VPOS="2536" WIDTH="22" />
<String CONTENT="standard" HEIGHT="41" HPOS="497" VPOS="2525" WIDTH="234" />
<SP HEIGHT="40" HPOS="732" VPOS="2525" WIDTH="27" />
<String CONTENT="textbooks&#8221;:" CS="1" HEIGHT="42" HPOS="760" VPOS="2524" WIDTH="282" />
<SP HEIGHT="40" HPOS="1072" VPOS="2525" WIDTH="26" />
<String CONTENT="5th" HEIGHT="40" HPOS="1099" VPOS="2525" WIDTH="83" />
<SP HEIGHT="46" HPOS="1183" VPOS="2527" WIDTH="21" />
<String CONTENT="prelim," HEIGHT="49" HPOS="1205" VPOS="2524" WIDTH="186" />
<SP HEIGHT="40" HPOS="1392" VPOS="2526" WIDTH="24" />
<String CONTENT="leaf." HEIGHT="42" HPOS="1417" VPOS="2524" WIDTH="116" />
<SP HEIGHT="38" HPOS="1534" VPOS="2527" WIDTH="50" />
<String CONTENT="Bibliography" HEIGHT="51" HPOS="1585" VPOS="2523" WIDTH="348" />
<SP HEIGHT="37" HPOS="1934" VPOS="2537" WIDTH="25" />
<String CONTENT="at" HEIGHT="38" HPOS="1960" VPOS="2528" WIDTH="52" />
<SP HEIGHT="38" HPOS="2013" VPOS="2528" WIDTH="21" />
<String CONTENT="end" HEIGHT="39" HPOS="2035" VPOS="2527" WIDTH="90" />
</TextLine>
<TextLine HEIGHT="49" HPOS="136" VPOS="2581" WIDTH="437">
<String CONTENT="of" HEIGHT="39" HPOS="136" VPOS="2581" WIDTH="52" />
<SP HEIGHT="40" HPOS="189" VPOS="2581" WIDTH="24" />
<String CONTENT="each" HEIGHT="39" HPOS="214" VPOS="2583" WIDTH="118" />
<SP HEIGHT="39" HPOS="333" VPOS="2583" WIDTH="24" />
<String CONTENT="chapter." HEIGHT="48" HPOS="358" VPOS="2582" WIDTH="215" />
</TextLine>
<TextLine CS="1" HEIGHT="52" HPOS="136" VPOS="2634" WIDTH="1879">
<String CONTENT="&#169;" HEIGHT="52" HPOS="136" VPOS="2634" WIDTH="52" />
<SP HEIGHT="52" HPOS="189" VPOS="2634" WIDTH="23" />
<String CONTENT="Oct." HEIGHT="40" HPOS="213" VPOS="2638" WIDTH="101" />
<SP HEIGHT="41" HPOS="315" VPOS="2637" WIDTH="25" />
<String CONTENT="21," HEIGHT="48" HPOS="341" VPOS="2637" WIDTH="70" />
<SP HEIGHT="46" HPOS="412" VPOS="2639" WIDTH="22" />
<String CONTENT="1935;" CS="1" HEIGHT="40" HPOS="435" VPOS="2638" WIDTH="117" />
<SP HEIGHT="47" HPOS="576" VPOS="2637" WIDTH="26" />
<String CONTENT="2" HEIGHT="39" HPOS="603" VPOS="2637" WIDTH="26" />
<SP HEIGHT="40" HPOS="630" VPOS="2637" WIDTH="25" />
<String CONTENT="c." HEIGHT="29" HPOS="656" VPOS="2648" WIDTH="37" />
<SP HEIGHT="28" HPOS="694" VPOS="2649" WIDTH="26" />
<String CONTENT="and" HEIGHT="39" HPOS="721" VPOS="2638" WIDTH="95" />
<SP HEIGHT="39" HPOS="817" VPOS="2638" WIDTH="25" />
<String CONTENT="aff." HEIGHT="40" HPOS="843" VPOS="2637" WIDTH="80" />
<SP HEIGHT="40" HPOS="924" VPOS="2637" WIDTH="27" />
<String CONTENT="Oct." HEIGHT="40" HPOS="952" VPOS="2637" WIDTH="102" />
<SP HEIGHT="40" HPOS="1055" VPOS="2637" WIDTH="22" />
<String CONTENT="29;" HEIGHT="47" HPOS="1078" VPOS="2637" WIDTH="82" />
<SP HEIGHT="46" HPOS="1161" VPOS="2638" WIDTH="27" />
<String CONTENT="A" HEIGHT="38" HPOS="1189" VPOS="2638" WIDTH="41" />
<SP HEIGHT="40" HPOS="1231" VPOS="2638" WIDTH="24" />
<String CONTENT="88053;" CS="1" HEIGHT="41" HPOS="1256" VPOS="2637" WIDTH="141" />
<SP HEIGHT="45" HPOS="1426" VPOS="2639" WIDTH="29" />
<String CONTENT="Barnes" HEIGHT="39" HPOS="1456" VPOS="2639" WIDTH="186" />
<SP HEIGHT="40" HPOS="1643" VPOS="2639" WIDTH="24" />
<String CONTENT="&amp;" HEIGHT="40" HPOS="1668" VPOS="2639" WIDTH="37" />
<SP HEIGHT="40" HPOS="1706" VPOS="2639" WIDTH="25" />
<String CONTENT="Noble," HEIGHT="41" HPOS="1732" VPOS="2639" WIDTH="163" />
<SP HEIGHT="41" HPOS="1896" VPOS="2639" WIDTH="27" />
<String CONTENT="inc." HEIGHT="40" HPOS="1924" VPOS="2639" WIDTH="91" />
</TextLine>
<TextLine HEIGHT="46" HPOS="218" VPOS="2695" WIDTH="277">
<String CONTENT="(35-30515)" HEIGHT="46" HPOS="218" VPOS="2695" WIDTH="277" />
</TextLine>
<TextLine HEIGHT="56" HPOS="139" STYLEREFS="StyleId-DD4F98EE-211E-4408-A493-CEEFC82DCF40-" VPOS="2775" WIDTH="1884">
<String CONTENT="Association" HEIGHT="53" HPOS="139" VPOS="2775" WIDTH="373" />
<SP HEIGHT="52" HPOS="513" VPOS="2776" WIDTH="33" />
<String CONTENT="for" HEIGHT="54" HPOS="547" VPOS="2776" WIDTH="96" />
<SP HEIGHT="38" HPOS="644" VPOS="2792" WIDTH="31" />
<String CONTENT="research" HEIGHT="53" HPOS="676" VPOS="2776" WIDTH="274" />
<SP HEIGHT="52" HPOS="951" VPOS="2776" WIDTH="36" />
<String CONTENT="in" HEIGHT="52" HPOS="988" VPOS="2776" WIDTH="58" />
<SP HEIGHT="35" HPOS="1047" VPOS="2793" WIDTH="33" />
<String CONTENT="nervous" HEIGHT="37" HPOS="1081" VPOS="2792" WIDTH="256" />
<SP HEIGHT="37" HPOS="1338" VPOS="2792" WIDTH="31" />
<String CONTENT="and" HEIGHT="53" HPOS="1370" VPOS="2776" WIDTH="116" />
<SP HEIGHT="53" HPOS="1487" VPOS="2776" WIDTH="32" />
<String CONTENT="mental" HEIGHT="53" HPOS="1520" VPOS="2777" WIDTH="223" />
<SP HEIGHT="53" HPOS="1744" VPOS="2777" WIDTH="31" />
<String CONTENT="disease." HEIGHT="53" HPOS="1776" VPOS="2778" WIDTH="247" />
</TextLine>
<TextLine CS="1" HEIGHT="143" HPOS="137" STYLEREFS="StyleId-DD4F98EE-211E-4408-A493-CEEFC82DCF40-" VPOS="2852" WIDTH="1961">
<String CONTENT="&#8230;" CS="1" />
<SP HEIGHT="56" HPOS="267" VPOS="2852" WIDTH="41" />
<String CONTENT="Sensation:" HEIGHT="56" HPOS="309" VPOS="2852" WIDTH="327" />
<SP HEIGHT="52" HPOS="637" VPOS="2854" WIDTH="34" />
<String CONTENT="its" HEIGHT="53" HPOS="672" VPOS="2854" WIDTH="73" />
<SP HEIGHT="35" HPOS="746" VPOS="2872" WIDTH="33" />
<String CONTENT="mechanisms" HEIGHT="52" HPOS="780" VPOS="2854" WIDTH="369" />
<SP HEIGHT="34" HPOS="1150" VPOS="2872" WIDTH="34" />
<String CONTENT="and" HEIGHT="51" HPOS="1185" VPOS="2855" WIDTH="112" />
<SP HEIGHT="52" HPOS="1298" VPOS="2854" WIDTH="34" />
<String CONTENT="disturbances;" HEIGHT="65" HPOS="1333" VPOS="2854" WIDTH="417" />
<SP HEIGHT="46" HPOS="1751" VPOS="2873" WIDTH="38" />
<String CONTENT="an" HEIGHT="33" HPOS="1790" VPOS="2873" WIDTH="69" />
<SP HEIGHT="52" HPOS="1860" VPOS="2854" WIDTH="33" />
<String CONTENT="investigation" HEIGHT="141" HPOS="137" VPOS="2854" WIDTH="1961" />
<SP HEIGHT="34" HPOS="334" VPOS="2948" WIDTH="39" />
<String CONTENT="of" HEIGHT="52" HPOS="374" VPOS="2930" WIDTH="63" />
</TextLine>
<TextLine HEIGHT="68" HPOS="477" STYLEREFS="StyleId-DD4F98EE-211E-4408-A493-CEEFC82DCF40-" VPOS="2931" WIDTH="1648">
<String CONTENT="the" HEIGHT="52" HPOS="477" VPOS="2931" WIDTH="94" />
<SP HEIGHT="33" HPOS="572" VPOS="2950" WIDTH="41" />
<String CONTENT="most" HEIGHT="47" HPOS="614" VPOS="2937" WIDTH="146" />
<SP HEIGHT="46" HPOS="761" VPOS="2937" WIDTH="38" />
<String CONTENT="recent" HEIGHT="48" HPOS="800" VPOS="2937" WIDTH="187" />
<SP HEIGHT="46" HPOS="988" VPOS="2937" WIDTH="40" />
<String CONTENT="advances;" HEIGHT="66" HPOS="1029" VPOS="2932" WIDTH="304" />
<SP HEIGHT="60" HPOS="1334" VPOS="2938" WIDTH="43" />
<String CONTENT="the" HEIGHT="52" HPOS="1378" VPOS="2932" WIDTH="95" />
<SP HEIGHT="49" HPOS="1474" VPOS="2950" WIDTH="40" />
<String CONTENT="proceedings" HEIGHT="67" HPOS="1515" VPOS="2932" WIDTH="369" />
<SP HEIGHT="33" HPOS="1885" VPOS="2952" WIDTH="39" />
<String CONTENT="of" HEIGHT="52" HPOS="1925" VPOS="2932" WIDTH="63" />
<SP HEIGHT="53" HPOS="1989" VPOS="2932" WIDTH="39" />
<String CONTENT="the" HEIGHT="53" HPOS="2029" VPOS="2932" WIDTH="96" />
</TextLine>
<TextLine CS="1" HEIGHT="146" HPOS="137" STYLEREFS="StyleId-DD4F98EE-211E-4408-A493-CEEFC82DCF40-" VPOS="3008" WIDTH="1987">
<String CONTENT="Association," HEIGHT="60" HPOS="137" VPOS="3008" WIDTH="375" />
<SP HEIGHT="59" HPOS="513" VPOS="3009" WIDTH="38" />
<String CONTENT="New" HEIGHT="52" HPOS="552" VPOS="3009" WIDTH="137" />
<SP HEIGHT="51" HPOS="690" VPOS="3011" WIDTH="39" />
<String CONTENT="York," HEIGHT="66" HPOS="730" VPOS="3009" WIDTH="177" />
<SP HEIGHT="65" HPOS="908" VPOS="3010" WIDTH="36" />
<String CONTENT="December" HEIGHT="53" HPOS="945" VPOS="3009" WIDTH="307" />
<SP HEIGHT="49" HPOS="1253" VPOS="3012" WIDTH="36" />
<String CONTENT="27th" HEIGHT="53" HPOS="1290" VPOS="3009" WIDTH="133" />
<SP HEIGHT="51" HPOS="1424" VPOS="3010" WIDTH="37" />
<String CONTENT="and" HEIGHT="51" HPOS="1462" VPOS="3011" WIDTH="112" />
<SP HEIGHT="51" HPOS="1575" VPOS="3011" WIDTH="37" />
<String CONTENT="28th." HEIGHT="56" HPOS="1613" VPOS="3010" WIDTH="151" />
<SP HEIGHT="52" HPOS="1765" VPOS="3014" WIDTH="40" />
<String CONTENT="1934;" HEIGHT="51" HPOS="1806" VPOS="3013" WIDTH="161" />
<SP HEIGHT="36" HPOS="1968" VPOS="3028" WIDTH="39" />
<String CONTENT="editorial" HEIGHT="128" HPOS="138" VPOS="3010" WIDTH="1955" />
<SP HEIGHT="52" HPOS="308" VPOS="3086" WIDTH="41" />
<String CONTENT="board:" HEIGHT="53" HPOS="350" VPOS="3086" WIDTH="207" />
<SP HEIGHT="54" HPOS="558" VPOS="3087" WIDTH="46" />
<String CONTENT="Clarence" HEIGHT="54" HPOS="605" VPOS="3087" WIDTH="267" />
<SP HEIGHT="51" HPOS="873" VPOS="3088" WIDTH="42" />
<String CONTENT="A." HEIGHT="52" HPOS="916" VPOS="3088" WIDTH="69" />
<SP HEIGHT="51" HPOS="986" VPOS="3089" WIDTH="45" />
<String CONTENT="Patten," HEIGHT="58" HPOS="1032" VPOS="3089" WIDTH="226" />
<SP HEIGHT="44" HPOS="1259" VPOS="3103" WIDTH="43" />
<String CONTENT="M." CS="1" HEIGHT="9" HPOS="1357" VPOS="3130" WIDTH="10" />
<SP HEIGHT="33" HPOS="1368" VPOS="3106" WIDTH="46" />
<String CONTENT="D.," CS="1" HEIGHT="21" HPOS="1450" VPOS="3129" WIDTH="30" />
<SP HEIGHT="61" HPOS="1481" VPOS="3089" WIDTH="40" />
<String CONTENT="Angus" HEIGHT="65" HPOS="1522" VPOS="3089" WIDTH="201" />
<SP HEIGHT="52" HPOS="1724" VPOS="3089" WIDTH="43" />
<String CONTENT="M." HEIGHT="52" HPOS="1768" VPOS="3089" WIDTH="77" />
<SP HEIGHT="51" HPOS="1846" VPOS="3089" WIDTH="44" />
<String CONTENT="Frantz." HEIGHT="52" HPOS="1891" VPOS="3089" WIDTH="233" />
</TextLine>
<TextLine CS="1" HEIGHT="66" HPOS="191" STYLEREFS="StyleId-DD4F98EE-211E-4408-A493-CEEFC82DCF40-" VPOS="3164" WIDTH="1928">
<String CONTENT="M." CS="1" HEIGHT="11" HPOS="191" VPOS="3204" WIDTH="11" />
<SP HEIGHT="34" HPOS="203" VPOS="3181" WIDTH="27" />
<String CONTENT="D." CS="1" HEIGHT="9" HPOS="268" VPOS="3206" WIDTH="10" />
<SP HEIGHT="33" HPOS="279" VPOS="3196" WIDTH="35" />
<String CONTENT="[and]" CS="1" HEIGHT="65" HPOS="334" VPOS="3165" WIDTH="129" />
<SP HEIGHT="66" HPOS="464" VPOS="3164" WIDTH="35" />
<String CONTENT="Clarence" HEIGHT="54" HPOS="500" VPOS="3164" WIDTH="269" />
<SP HEIGHT="54" HPOS="770" VPOS="3166" WIDTH="28" />
<String CONTENT="C." HEIGHT="54" HPOS="799" VPOS="3166" WIDTH="62" />
<SP HEIGHT="53" HPOS="862" VPOS="3165" WIDTH="27" />
<String CONTENT="Hare," HEIGHT="57" HPOS="890" VPOS="3165" WIDTH="177" />
<SP HEIGHT="41" HPOS="1068" VPOS="3181" WIDTH="29" />
<String CONTENT="M." CS="1" HEIGHT="9" HPOS="1152" VPOS="3208" WIDTH="9" />
<SP HEIGHT="33" HPOS="1162" VPOS="3184" WIDTH="28" />
<String CONTENT="D.;" CS="1" HEIGHT="9" HPOS="1230" VPOS="3208" WIDTH="9" />
<SP HEIGHT="45" HPOS="1269" VPOS="3184" WIDTH="32" />
<String CONTENT="with" HEIGHT="53" HPOS="1302" VPOS="3165" WIDTH="141" />
<SP HEIGHT="51" HPOS="1444" VPOS="3167" WIDTH="30" />
<String CONTENT="153" HEIGHT="48" HPOS="1475" VPOS="3169" WIDTH="96" />
<SP HEIGHT="51" HPOS="1572" VPOS="3168" WIDTH="29" />
<String CONTENT="illustrations" HEIGHT="54" HPOS="1602" VPOS="3165" WIDTH="379" />
<SP HEIGHT="32" HPOS="1982" VPOS="3185" WIDTH="29" />
<String CONTENT="and" HEIGHT="51" HPOS="2012" VPOS="3166" WIDTH="107" />
</TextLine>
<TextLine HEIGHT="68" HPOS="137" STYLEREFS="StyleId-DD4F98EE-211E-4408-A493-CEEFC82DCF40-" VPOS="3241" WIDTH="1986">
<String CONTENT="31" HEIGHT="49" HPOS="137" VPOS="3242" WIDTH="63" />
<SP HEIGHT="50" HPOS="201" VPOS="3243" WIDTH="23" />
<String CONTENT="tables." HEIGHT="53" HPOS="225" VPOS="3241" WIDTH="195" />
<SP HEIGHT="50" HPOS="421" VPOS="3243" WIDTH="76" />
<String CONTENT="Baltimore," HEIGHT="58" HPOS="498" VPOS="3241" WIDTH="330" />
<SP HEIGHT="54" HPOS="829" VPOS="3245" WIDTH="25" />
<String CONTENT="The" HEIGHT="52" HPOS="855" VPOS="3243" WIDTH="118" />
<SP HEIGHT="51" HPOS="974" VPOS="3245" WIDTH="22" />
<String CONTENT="Williams" HEIGHT="54" HPOS="997" VPOS="3242" WIDTH="287" />
<SP HEIGHT="50" HPOS="1285" VPOS="3247" WIDTH="24" />
<String CONTENT="&amp;" HEIGHT="50" HPOS="1310" VPOS="3247" WIDTH="45" />
<SP HEIGHT="53" HPOS="1356" VPOS="3244" WIDTH="22" />
<String CONTENT="Wilkins" HEIGHT="55" HPOS="1379" VPOS="3242" WIDTH="250" />
<SP HEIGHT="35" HPOS="1630" VPOS="3261" WIDTH="23" />
<String CONTENT="company." HEIGHT="49" HPOS="1654" VPOS="3260" WIDTH="296" />
<SP HEIGHT="45" HPOS="1951" VPOS="3250" WIDTH="25" />
<String CONTENT="1935." HEIGHT="48" HPOS="1977" VPOS="3248" WIDTH="146" />
</TextLine>
<TextLine CS="1" HEIGHT="97" HPOS="136" VPOS="3312" WIDTH="1970">
<String CONTENT="xxiii," HEIGHT="47" HPOS="206" VPOS="3312" WIDTH="137" />
<SP HEIGHT="30" HPOS="344" VPOS="3332" WIDTH="35" />
<String CONTENT="[1]," HEIGHT="49" HPOS="380" VPOS="3313" WIDTH="71" />
<SP HEIGHT="43" HPOS="452" VPOS="3315" WIDTH="30" />
<String CONTENT="541" HEIGHT="39" HPOS="483" VPOS="3314" WIDTH="84" />
<SP HEIGHT="48" HPOS="568" VPOS="3315" WIDTH="30" />
<String CONTENT="p." HEIGHT="38" HPOS="599" VPOS="3325" WIDTH="43" />
<SP HEIGHT="40" HPOS="643" VPOS="3314" WIDTH="30" />
<String CONTENT="incl." HEIGHT="42" HPOS="674" VPOS="3313" WIDTH="110" />
<SP HEIGHT="40" HPOS="785" VPOS="3315" WIDTH="31" />
<String CONTENT="illus.," HEIGHT="46" HPOS="817" VPOS="3315" WIDTH="142" />
<SP HEIGHT="44" HPOS="960" VPOS="3317" WIDTH="30" />
<String CONTENT="tables," HEIGHT="47" HPOS="991" VPOS="3316" WIDTH="168" />
<SP HEIGHT="47" HPOS="1160" VPOS="3316" WIDTH="30" />
<String CONTENT="diagrs." HEIGHT="49" HPOS="1191" VPOS="3316" WIDTH="180" />
<SP HEIGHT="40" HPOS="1372" VPOS="3316" WIDTH="59" />
<String CONTENT="23&#189;c" CS="1" HEIGHT="40" HPOS="1432" VPOS="3315" WIDTH="56" />
<String CONTENT="m" CS="1" STYLE="superscript" />
<String CONTENT="." HEIGHT="9" HPOS="1570" VPOS="3347" WIDTH="9" />
<SP />
<String CONTENT="(Its" HEIGHT="47" HPOS="1650" VPOS="3315" WIDTH="97" />
<SP HEIGHT="40" HPOS="1748" VPOS="3315" WIDTH="33" />
<String CONTENT="Series" HEIGHT="41" HPOS="1782" VPOS="3315" WIDTH="159" />
<SP HEIGHT="28" HPOS="1942" VPOS="3328" WIDTH="31" />
<String CONTENT="of" HEIGHT="40" HPOS="1974" VPOS="3316" WIDTH="51" />
<SP HEIGHT="39" HPOS="2026" VPOS="3316" WIDTH="31" />
<String CONTENT="research" HEIGHT="81" HPOS="136" VPOS="3328" WIDTH="1970" />
</TextLine>
<TextLine HEIGHT="52" HPOS="334" VPOS="3370" WIDTH="785">
<String CONTENT="publications," HEIGHT="48" HPOS="334" VPOS="3370" WIDTH="338" />
<SP HEIGHT="28" HPOS="673" VPOS="3382" WIDTH="57" />
<String CONTENT="vol." HEIGHT="38" HPOS="731" VPOS="3373" WIDTH="91" />
<SP HEIGHT="30" HPOS="823" VPOS="3381" WIDTH="29" />
<String CONTENT="xv" HEIGHT="30" HPOS="853" VPOS="3381" WIDTH="63" />
<SP HEIGHT="39" HPOS="917" VPOS="3382" WIDTH="32" />
<String CONTENT="[1934])" HEIGHT="52" HPOS="950" VPOS="3370" WIDTH="169" />
</TextLine>
<TextLine CS="1" HEIGHT="51" HPOS="207" VPOS="3425" WIDTH="841">
<String CONTENT="&#8220;List" HEIGHT="41" HPOS="207" VPOS="3425" WIDTH="132" />
<SP HEIGHT="38" HPOS="340" VPOS="3428" WIDTH="25" />
<String CONTENT="of" HEIGHT="40" HPOS="366" VPOS="3426" WIDTH="51" />
<SP HEIGHT="40" HPOS="418" VPOS="3426" WIDTH="23" />
<String CONTENT="members&#8221;:" CS="1" HEIGHT="41" HPOS="442" VPOS="3426" WIDTH="263" />
<SP HEIGHT="39" HPOS="735" VPOS="3437" WIDTH="27" />
<String CONTENT="p." HEIGHT="37" HPOS="763" VPOS="3439" WIDTH="43" />
<SP HEIGHT="40" HPOS="807" VPOS="3428" WIDTH="25" />
<String CONTENT="531-541." HEIGHT="43" HPOS="833" VPOS="3426" WIDTH="215" />
</TextLine>
<TextLine HEIGHT="55" HPOS="207" VPOS="3480" WIDTH="1388">
<String CONTENT="Bibliography" HEIGHT="51" HPOS="207" VPOS="3480" WIDTH="347" />
<SP HEIGHT="36" HPOS="555" VPOS="3494" WIDTH="25" />
<String CONTENT="at" HEIGHT="38" HPOS="581" VPOS="3485" WIDTH="52" />
<SP HEIGHT="39" HPOS="634" VPOS="3485" WIDTH="31" />
<String CONTENT="end" HEIGHT="40" HPOS="666" VPOS="3484" WIDTH="90" />
<SP HEIGHT="41" HPOS="757" VPOS="3484" WIDTH="30" />
<String CONTENT="of" HEIGHT="41" HPOS="788" VPOS="3484" WIDTH="52" />
<SP HEIGHT="41" HPOS="841" VPOS="3484" WIDTH="27" />
<String CONTENT="each" HEIGHT="39" HPOS="869" VPOS="3486" WIDTH="117" />
<SP HEIGHT="39" HPOS="987" VPOS="3486" WIDTH="29" />
<String CONTENT="chapter" HEIGHT="48" HPOS="1017" VPOS="3486" WIDTH="200" />
<SP HEIGHT="30" HPOS="1218" VPOS="3498" WIDTH="27" />
<String CONTENT="except" HEIGHT="46" HPOS="1246" VPOS="3489" WIDTH="170" />
<SP HEIGHT="38" HPOS="1417" VPOS="3489" WIDTH="28" />
<String CONTENT="three." HEIGHT="39" HPOS="1446" VPOS="3488" WIDTH="149" />
</TextLine>
<TextLine CS="1" HEIGHT="54" HPOS="137" VPOS="3534" WIDTH="1987">
<String CONTENT="&#169;" HEIGHT="52" HPOS="137" VPOS="3534" WIDTH="51" />
<SP HEIGHT="52" HPOS="189" VPOS="3534" WIDTH="27" />
<String CONTENT="Oct." HEIGHT="41" HPOS="217" VPOS="3539" WIDTH="101" />
<SP HEIGHT="40" HPOS="319" VPOS="3539" WIDTH="26" />
<String CONTENT="28," HEIGHT="48" HPOS="346" VPOS="3539" WIDTH="69" />
<SP HEIGHT="46" HPOS="416" VPOS="3541" WIDTH="25" />
<String CONTENT="1935;" HEIGHT="46" HPOS="442" VPOS="3539" WIDTH="140" />
<SP HEIGHT="45" HPOS="583" VPOS="3540" WIDTH="31" />
<String CONTENT="2c." HEIGHT="40" HPOS="615" VPOS="3540" WIDTH="66" />
<SP HEIGHT="29" HPOS="682" VPOS="3551" WIDTH="29" />
<String CONTENT="and" HEIGHT="38" HPOS="712" VPOS="3542" WIDTH="96" />
<SP HEIGHT="38" HPOS="809" VPOS="3542" WIDTH="26" />
<String CONTENT="aff." HEIGHT="40" HPOS="836" VPOS="3541" WIDTH="82" />
<SP HEIGHT="39" HPOS="919" VPOS="3542" WIDTH="28" />
<String CONTENT="Nov." HEIGHT="39" HPOS="948" VPOS="3542" WIDTH="118" />
<SP HEIGHT="38" HPOS="1067" VPOS="3544" WIDTH="29" />
<String CONTENT="7;" CS="1" HEIGHT="38" HPOS="1097" VPOS="3544" WIDTH="24" />
<SP HEIGHT="45" HPOS="1148" VPOS="3543" WIDTH="31" />
<String CONTENT="A." HEIGHT="39" HPOS="1180" VPOS="3543" WIDTH="50" />
<SP HEIGHT="40" HPOS="1231" VPOS="3543" WIDTH="20" />
<String CONTENT="88143:" HEIGHT="42" HPOS="1252" VPOS="3542" WIDTH="169" />
<SP HEIGHT="40" HPOS="1422" VPOS="3544" WIDTH="32" />
<String CONTENT="Association" HEIGHT="41" HPOS="1455" VPOS="3542" WIDTH="304" />
<SP HEIGHT="39" HPOS="1760" VPOS="3543" WIDTH="30" />
<String CONTENT="for" HEIGHT="41" HPOS="1791" VPOS="3543" WIDTH="78" />
<SP HEIGHT="28" HPOS="1870" VPOS="3555" WIDTH="30" />
<String CONTENT="research" HEIGHT="39" HPOS="1901" VPOS="3544" WIDTH="223" />
</TextLine>
<TextLine HEIGHT="51" HPOS="198" VPOS="3595" WIDTH="1480">
<String CONTENT="in" HEIGHT="40" HPOS="198" VPOS="3595" WIDTH="51" />
<SP HEIGHT="28" HPOS="250" VPOS="3607" WIDTH="30" />
<String CONTENT="nervous" HEIGHT="30" HPOS="281" VPOS="3606" WIDTH="208" />
<SP HEIGHT="39" HPOS="490" VPOS="3597" WIDTH="29" />
<String CONTENT="&amp;" HEIGHT="39" HPOS="520" VPOS="3597" WIDTH="35" />
<SP HEIGHT="39" HPOS="556" VPOS="3597" WIDTH="30" />
<String CONTENT="mental" HEIGHT="39" HPOS="587" VPOS="3598" WIDTH="181" />
<SP HEIGHT="39" HPOS="769" VPOS="3598" WIDTH="31" />
<String CONTENT="disease," HEIGHT="44" HPOS="801" VPOS="3597" WIDTH="200" />
<SP HEIGHT="42" HPOS="1002" VPOS="3599" WIDTH="33" />
<String CONTENT="New" HEIGHT="39" HPOS="1036" VPOS="3599" WIDTH="117" />
<SP HEIGHT="38" HPOS="1154" VPOS="3600" WIDTH="29" />
<String CONTENT="York." HEIGHT="39" HPOS="1184" VPOS="3600" WIDTH="143" />
<SP HEIGHT="46" HPOS="1328" VPOS="3599" WIDTH="69" />
<String CONTENT="(35-30534)" HEIGHT="47" HPOS="1398" VPOS="3599" WIDTH="280" />
</TextLine>
<TextLine HEIGHT="64" HPOS="137" STYLEREFS="StyleId-DD4F98EE-211E-4408-A493-CEEFC82DCF40-" VPOS="3671" WIDTH="590">
<String CONTENT="Atticks," HEIGHT="64" HPOS="137" VPOS="3671" WIDTH="255" />
<SP HEIGHT="63" HPOS="393" VPOS="3672" WIDTH="23" />
<String CONTENT="Kelsey" HEIGHT="63" HPOS="417" VPOS="3672" WIDTH="221" />
<SP HEIGHT="61" HPOS="639" VPOS="3674" WIDTH="26" />
<String CONTENT="C." HEIGHT="54" HPOS="666" VPOS="3674" WIDTH="61" />
</TextLine>
<TextLine CS="1" HEIGHT="74" HPOS="207" STYLEREFS="StyleId-DD4F98EE-211E-4408-A493-CEEFC82DCF40-" VPOS="3746" WIDTH="1916">
<String CONTENT="A" HEIGHT="52" HPOS="207" VPOS="3749" WIDTH="53" />
<SP HEIGHT="55" HPOS="261" VPOS="3746" WIDTH="24" />
<String CONTENT="first" HEIGHT="57" HPOS="286" VPOS="3746" WIDTH="121" />
<SP HEIGHT="46" HPOS="408" VPOS="3757" WIDTH="25" />
<String CONTENT="course" HEIGHT="36" HPOS="434" VPOS="3766" WIDTH="190" />
<SP HEIGHT="51" HPOS="625" VPOS="3751" WIDTH="24" />
<String CONTENT="in" HEIGHT="51" HPOS="650" VPOS="3751" WIDTH="61" />
<SP HEIGHT="50" HPOS="712" VPOS="3751" WIDTH="25" />
<String CONTENT="bookkeeping," HEIGHT="69" HPOS="738" VPOS="3750" WIDTH="409" />
<SP HEIGHT="65" HPOS="1148" VPOS="3752" WIDTH="23" />
<String CONTENT="by" HEIGHT="67" HPOS="1172" VPOS="3752" WIDTH="75" />
<SP HEIGHT="65" HPOS="1248" VPOS="3754" WIDTH="27" />
<String CONTENT="Kelsey" HEIGHT="66" HPOS="1276" VPOS="3754" WIDTH="209" />
<SP HEIGHT="67" HPOS="1486" VPOS="3753" WIDTH="25" />
<String CONTENT="C." HEIGHT="55" HPOS="1512" VPOS="3753" WIDTH="62" />
<SP HEIGHT="52" HPOS="1575" VPOS="3755" WIDTH="27" />
<String CONTENT="Atticks" HEIGHT="54" HPOS="1603" VPOS="3754" WIDTH="228" />
<SP HEIGHT="33" HPOS="1832" VPOS="3775" WIDTH="30" />
<String CONTENT="&#8230;" CS="1" />
<SP HEIGHT="53" HPOS="1920" VPOS="3756" WIDTH="65" />
<String CONTENT="New" HEIGHT="53" HPOS="1986" VPOS="3756" WIDTH="137" />
</TextLine>
<TextLine CS="1" HEIGHT="73" HPOS="139" STYLEREFS="StyleId-DD4F98EE-211E-4408-A493-CEEFC82DCF40-" VPOS="3825" WIDTH="1807">
<String CONTENT="York," HEIGHT="65" HPOS="139" VPOS="3826" WIDTH="176" />
<SP HEIGHT="65" HPOS="316" VPOS="3826" WIDTH="37" />
<String CONTENT="Cincinnati" HEIGHT="54" HPOS="354" VPOS="3825" WIDTH="325" />
<SP HEIGHT="63" HPOS="680" VPOS="3828" WIDTH="44" />
<String CONTENT="[etc.]" CS="1" HEIGHT="60" HPOS="743" VPOS="3831" WIDTH="119" />
<SP HEIGHT="61" HPOS="863" VPOS="3830" WIDTH="41" />
<String CONTENT="American" HEIGHT="51" HPOS="905" VPOS="3829" WIDTH="302" />
<SP HEIGHT="51" HPOS="1208" VPOS="3830" WIDTH="39" />
<String CONTENT="book" HEIGHT="51" HPOS="1248" VPOS="3830" WIDTH="146" />
<SP HEIGHT="52" HPOS="1395" VPOS="3830" WIDTH="36" />
<String CONTENT="company" HEIGHT="51" HPOS="1432" VPOS="3847" WIDTH="279" />
<SP HEIGHT="48" HPOS="1712" VPOS="3850" WIDTH="41" />
<String CONTENT="[" CS="1" />
<String CONTENT="c" HEIGHT="21" HPOS="1768" STYLE="superscript" VPOS="3838" WIDTH="21" />
<String CONTENT="1935]" HEIGHT="63" HPOS="1794" VPOS="3834" WIDTH="152" />
</TextLine>
<TextLine HEIGHT="49" HPOS="205" STYLEREFS="StyleId-DD4F98EE-211E-4408-A493-CEEFC82DCF40-" VPOS="3897" WIDTH="936">
<String CONTENT="xii," HEIGHT="48" HPOS="205" VPOS="3897" WIDTH="83" />
<SP HEIGHT="47" HPOS="289" VPOS="3898" WIDTH="23" />
<String CONTENT="322" HEIGHT="40" HPOS="313" VPOS="3898" WIDTH="85" />
<SP HEIGHT="48" HPOS="399" VPOS="3898" WIDTH="24" />
<String CONTENT="p." HEIGHT="37" HPOS="424" VPOS="3909" WIDTH="42" />
<SP HEIGHT="41" HPOS="467" VPOS="3898" WIDTH="26" />
<String CONTENT="incl." HEIGHT="41" HPOS="494" VPOS="3898" WIDTH="109" />
<SP HEIGHT="40" HPOS="604" VPOS="3899" WIDTH="23" />
<String CONTENT="illus.," HEIGHT="43" HPOS="628" VPOS="3899" WIDTH="143" />
<SP HEIGHT="43" HPOS="772" VPOS="3899" WIDTH="25" />
<String CONTENT="forms." HEIGHT="41" HPOS="798" VPOS="3899" WIDTH="166" />
<SP HEIGHT="38" HPOS="965" VPOS="3900" WIDTH="59" />
<String CONTENT="23" HEIGHT="40" HPOS="1025" VPOS="3900" WIDTH="55" />
<String CONTENT="cm" HEIGHT="21" HPOS="1083" STYLE="superscript" VPOS="3902" WIDTH="43" />
<String CONTENT="." HEIGHT="8" HPOS="1133" VPOS="3931" WIDTH="8" />
</TextLine>
<TextLine CS="1" HEIGHT="53" HPOS="135" VPOS="3948" WIDTH="1797">
<String CONTENT="&#169;" HEIGHT="52" HPOS="135" VPOS="3948" WIDTH="52" />
<SP HEIGHT="52" HPOS="188" VPOS="3948" WIDTH="25" />
<String CONTENT="Nov." HEIGHT="40" HPOS="214" VPOS="3953" WIDTH="117" />
<SP HEIGHT="37" HPOS="332" VPOS="3956" WIDTH="28" />
<String CONTENT="13," HEIGHT="46" HPOS="361" VPOS="3955" WIDTH="68" />
<SP HEIGHT="45" HPOS="430" VPOS="3956" WIDTH="28" />
<String CONTENT="1935;" CS="1" HEIGHT="41" HPOS="459" VPOS="3953" WIDTH="116" />
<SP HEIGHT="47" HPOS="600" VPOS="3954" WIDTH="29" />
<String CONTENT="2" HEIGHT="39" HPOS="630" VPOS="3954" WIDTH="28" />
<SP HEIGHT="41" HPOS="659" VPOS="3954" WIDTH="26" />
<String CONTENT="c." HEIGHT="30" HPOS="686" VPOS="3965" WIDTH="37" />
<SP HEIGHT="28" HPOS="724" VPOS="3966" WIDTH="28" />
<String CONTENT="and" HEIGHT="37" HPOS="753" VPOS="3957" WIDTH="94" />
<SP HEIGHT="38" HPOS="848" VPOS="3957" WIDTH="28" />
<String CONTENT="aff." HEIGHT="39" HPOS="877" VPOS="3956" WIDTH="82" />
<SP HEIGHT="38" HPOS="960" VPOS="3957" WIDTH="29" />
<String CONTENT="Nov." HEIGHT="39" HPOS="990" VPOS="3957" WIDTH="117" />
<SP HEIGHT="38" HPOS="1108" VPOS="3958" WIDTH="29" />
<String CONTENT="18;" CS="1" HEIGHT="38" HPOS="1138" VPOS="3957" WIDTH="53" />
<SP HEIGHT="40" HPOS="1220" VPOS="3958" WIDTH="32" />
<String CONTENT="A" HEIGHT="38" HPOS="1253" VPOS="3958" WIDTH="40" />
<SP HEIGHT="41" HPOS="1294" VPOS="3958" WIDTH="28" />
<String CONTENT="88272;" HEIGHT="44" HPOS="1323" VPOS="3957" WIDTH="170" />
<SP HEIGHT="41" HPOS="1494" VPOS="3960" WIDTH="32" />
<String CONTENT="Amer," HEIGHT="39" HPOS="1527" LANG="fr" VPOS="3960" WIDTH="156" />
<SP HEIGHT="39" HPOS="1684" VPOS="3960" WIDTH="28" />
<String CONTENT="book" HEIGHT="40" HPOS="1713" VPOS="3959" WIDTH="125" />
<SP HEIGHT="40" HPOS="1839" VPOS="3959" WIDTH="24" />
<String CONTENT="co." HEIGHT="29" HPOS="1864" VPOS="3970" WIDTH="68" />
</TextLine>
<TextLine HEIGHT="50" HPOS="214" VPOS="4009" WIDTH="277">
<String CONTENT="(35-30507)" HEIGHT="50" HPOS="214" VPOS="4009" WIDTH="277" />
</TextLine>
</TextBlock>
</PrintSpace>
</Page>
</Layout>
</alto>