2424 4375
1016 4051 133 50 1625

98 424 240 64 Adams,
365 423 282 53 Franklin
674 423 218 64 Pierce,
924 426 171 50 1881-

163 497 1921 69 The diary of our own Samuel Pepys … [by] F. P. A.
107 575 311 70 (Franklin
446 577 64 51 P.
539 574 247 70 Adams)
861 575 137 53 New
1028 574 180 68 York,
1238 573 197 56 Simon
1469 575 112 52 and
1614 574 287 69 Schuster,
1932 577 150 49 1935.

166 648 27 39 2
225 659 42 31 v.
326 648 55 40 23½
415 650 43 21 cm
463 680 8 9 .

166 703 160 50 Paged
364 704 352 47 continuously.

163 759 133 43 First
322 761 191 48 printed
544 762 50 38 in
621 762 80 39 the
730 760 118 41 New
873 760 132 41 York
1033 760 204 48 evening
1265 760 133 50 mail,
1424 760 117 40 New
1570 759 130 40 York
1730 760 209 48 tribune,
1968 760 116 40 New

95 816 128 41 York
247 818 166 40 World
441 819 95 39 and
560 818 118 40 New
703 818 129 39 York
857 818 168 40 herald
1054 817 207 40 tribune.

441 898 92 17 CONTENTS.—I.
569 874 390 41 1911-1925.—II.
992 873 274 41 1926-1934.

97 928 52 53 ©
180 934 115 39 Nov.
330 934 38 46 7,
402 933 116 40 1935;
577 934 66 39 2c.
677 934 117 39 each
823 933 116 40 Nov.
974 933 53 39 11;
1090 932 81 40 aff.
1204 933 118 39 Nov.
1356 931 29 41 9;
1442 933 41 38 A
1516 932 142 41 88193;
1722 933 51 40 F.
1807 934 50 38 P.
1890 933 196 46 Adams,

161 990 117 39 New
305 990 141 39 York.
521 990 280 48 (35-28757)

94 1050 282 64 Addams,
409 1052 166 63 Jane,
609 1055 323 50 1860-1935.

227 1125 1662 70 … Forty years at Hull-house; being “Twenty years at
92 1126 1990 146 Hull-house” and “The second twenty years at Hull-house” … with
95 1299 71 33 an
203 1280 312 55 afterword
550 1281 73 68 by
659 1281 213 53 Lillian
910 1281 71 53 D.
1017 1280 187 54 Wald.
1279 1280 137 53 New
1456 1280 178 69 York,
1670 1281 122 54 The
93 1281 1964 130 Macmillan
215 1376 294 51 company,
538 1361 150 50 1935.

162 1430 62 46 vi,
256 1428 82 48 vii,
369 1429 88 40 462
486 1440 57 37 p.,
575 1430 25 39 1
651 1461 24 16 l.,
706 1429 88 40 459
825 1439 43 38 p.
928 1429 142 48 illus.,
1105 1430 170 48 plates,
1308 1433 148 46 ports.
1517 1430 56 39 22
1575 1433 45 22 cm
1625 1462 9 8 .

162 1485 251 41 Half-title:
472 1487 124 40 Jane
626 1486 212 41 Addams
869 1489 50 39 at
951 1486 303 41 Hull-house.

93 1540 53 53 ©
176 1546 118 39 Nov.
323 1545 69 47 26,
425 1545 140 47 1935;
598 1545 66 40 2c.
697 1548 96 37 and
823 1546 81 39 aff.
937 1546 117 39 Nov.
1086 1545 82 46 27;
1202 1546 41 38 A
1276 1545 171 48 89645;
1479 1546 281 40 Macmillan
1793 1557 67 29 co.
163 1546 1906 103 [Copyright
325 1602 41 40 is
400 1602 203 40 claimed
638 1613 58 28 on
730 1603 292 46 Afterword]
1094 1602 279 47 (35-27460)

93 1663 314 54 American
436 1664 277 52 institute
742 1664 63 52 of
833 1664 340 54 architects.

163 1742 254 66 By-laws
445 1742 93 52 for
566 1761 29 33 a
624 1747 144 47 state
797 1741 336 53 association
1161 1741 62 52 of
1251 1741 299 53 architects;
1611 1761 30 33 a
1670 1742 413 68 compendium.

91 1821 400 66 Washington,
545 1822 70 50 D.
675 1821 81 64 C.,
811 1820 120 52 The
985 1820 305 52 American
1346 1821 262 52 institute
1665 1822 63 51 of
1786 1821 299 54 architects

98 1932 12 33 [
115 1904 17 21 c
139 1902 134 48 1934
277 1931 11 33 ]

162 1970 1835 50 1 p. l., a-d, xiii, 49 p. 28½cm. (A. I. A. standard document no. 262)
93 2023 53 53 ©
174 2028 101 40 Oct.
305 2029 39 46 8,
373 2027 139 47 1934;
543 2027 65 41 2c.
640 2029 96 38 and
765 2027 80 40 aff.
874 2028 118 40 Nov.
1022 2027 82 47 12;
1136 2028 41 38 A
1207 2027 169 47 78060;
1407 2029 144 39 Amer.
1597 2028 224 40 institute
1851 2028 53 40 of
164 2028 1905 97 architects.

94 2146 225 64 Bagby,
351 2147 227 64 George
606 2148 72 53 A.

161 2223 239 54 Murder
426 2227 61 49 at
511 2223 98 53 the
631 2222 192 69 piano,
849 2221 75 69 by
953 2221 223 69 George
1203 2223 221 68 Bagby.
1498 2223 140 53 New
1664 2222 180 69 York,
1875 2222 214 69 Covici,

92 2300 207 54 Friede
333 2333 14 35 [
348 2306 20 22 c
373 2303 151 65 1935]

166 2374 87 40 256
279 2385 43 37 p.
379 2373 54 40 19½
467 2376 43 21 cm
516 2406 8 7 .

96 2427 52 52 ©
174 2431 126 47 Sept.
325 2431 69 47 24,
418 2430 112 40 1935;
584 2430 67 40 2c.
679 2430 126 48 Sept.
832 2431 55 39 27;
941 2430 82 40 aff.
1052 2431 126 47 Sept.
1204 2430 54 40 25;
1313 2432 41 38 A
1379 2431 141 40 87271;
1578 2431 177 47 Covici,
1782 2431 186 49 Friede,
1994 2432 89 40 inc.

176 2487 278 48 (35-16780)

95 2549 242 65 Barker,
368 2550 244 63 George.

224 2625 1278 69 … Janus. [London] Faber & Faber [1935]
163 2697 622 49 2 p. l. , 7-301 p. 19½ cm .
441 2753 162 40 CONTENTS.—The
635 2754 282 39 documents
946 2753 51 39 of
1026 2762 27 30 a
1085 2753 323 40 death.—The
1440 2753 252 40 bacchant.

98 2806 1986 53 © 1c. Oct. 29, 1935; A ad int. 20657; pubd. Sept. 12; G. Barker, London.
172 2867 278 48 (35-29203)

95 2931 291 68 Barrows,
416 2935 251 52 Edward
697 2935 241 64 Morley,
971 2939 170 49 1881-

165 3010 121 52 The
323 3017 161 62 great
522 3012 380 66 commodore;
944 3012 95 53 the
1078 3010 243 69 exploits
1360 3012 64 53 of
1463 3012 278 53 Matthew
1782 3012 294 54 Calbraith

96 3087 1983 69 Perry, by Edward M. Barrows … Indianapolis, New York.
95 3165 1137 69 The Bobbs-Merrill company [ c 1935]
165 3238 85 41 397
281 3250 42 37 p.
382 3238 163 42 front.,
578 3239 168 48 plates,
779 3242 145 45 ports.
986 3240 55 38 24
1043 3242 45 20 cm
1093 3271 9 8 .

166 3296 138 47 Maps
334 3305 60 30 on
424 3295 361 48 lining-papers.

168 3351 160 41 “First
358 3351 226 42 edition.”

165 3406 346 49 Bibliography:
573 3418 42 37 p.
666 3407 232 48 [371]-379.

97 3458 52 53 ©
177 3464 98 40 Oct.
305 3465 68 42 16,
403 3464 113 41 1935;
574 3464 67 40 2c.
672 3466 94 38 and
796 3465 81 38 aff.
909 3464 100 40 Oct.
1040 3464 54 39 21;
1154 3465 40 38 A
1222 3464 143 41 87827;
1426 3463 367 40 Bobbs-Merrill
1822 3474 66 29 co.

174 3520 278 47 (35-27452)

97 3586 275 65 Bartlett,
401 3588 243 53 Adeline
676 3590 316 62 Courtney.

167 3663 123 52 The
327 3664 189 67 larger
554 3664 303 52 rhetorical
897 3669 256 62 patterns
1191 3664 58 51 in
1292 3660 414 71 Anglo-Saxon
1748 3668 218 63 poetry,
2006 3664 74 69 by

100 3737 237 55 Adeline
376 3738 287 70 Courtney
700 3741 264 51 Bartlett.
1035 3739 139 53 New
1212 3739 180 68 York,
1429 3738 298 55 Columbia
1766 3741 314 68 university

98 3829 170 51 press,
297 3820 149 48 1935.

168 3886 87 41 viii
288 3897 57 38 p.,
378 3887 26 40 3
458 3919 23 15 l.,
521 3887 174 49 [3]-130
729 3897 59 39 p.,
823 3888 25 38 1
903 3920 9 8 l.
972 3887 55 39 22½
1060 3889 44 22 cm
1110 3917 7 8 .
1188 3887 298 47 (Half-title:
1521 3886 252 45 Columbia
1811 3888 271 48 university

100 3942 183 42 studies
310 3945 49 38 in
384 3943 202 48 English
611 3945 95 39 and
731 3945 325 46 comparative
1082 3944 255 40 literature.
1411 3955 76 35 no,
1514 3944 109 54 122)
