2424 4375
1207 4065 135 49 1214

284 519 176 52 From
501 519 97 52 the
639 518 227 53 Prairie
908 518 169 53 series
1121 518 76 69 by
1243 519 124 52 Ben
1413 518 239 55 Carlton
1697 520 188 53 Mead.
1966 519 303 68 Amarillo,

284 596 153 68 Tex.,
463 595 240 53 Printed
726 595 77 70 by
828 595 222 54 Russell
1077 595 312 70 stationery
1414 614 298 52 company,
1741 598 150 52 1935.

355 668 86 41 110
467 679 44 38 p.
571 669 148 40 front.
749 669 235 48 (facsim.)
1020 668 172 48 plates,
1220 671 148 45 ports.
1427 668 118 42 24cm.

360 725 103 40 The
492 724 314 49 frontispiece
837 725 42 40 is
909 736 28 29 a
970 725 369 48 “reproduction
1373 726 53 39 of
1456 727 85 41 the
1569 736 142 31 cover
1739 736 122 38 page
1894 726 53 40 of
1978 726 50 42 L.
2062 725 209 50 Gough’s

288 781 123 40 book
438 782 195 47 printed
661 781 50 40 in
742 780 128 42 1886.
929 781 129 41 Most
1089 781 54 40 of
1170 783 83 40 the
1284 791 166 38 poems
1479 782 52 40 in
1561 784 111 39 that
1701 782 124 41 book
1854 793 83 31 are
1967 782 225 43 included
2221 783 49 41 in

289 835 125 50 Spur
439 839 175 47 jingles
642 839 96 40 and
765 838 167 41 saddle
961 838 185 49 songs.”

284 907 53 52 ©
362 910 116 47 July
534 941 9 17 1,
570 909 117 41 1935;
739 909 67 41 2c.
834 911 96 39 and
957 910 83 40 aff.
1067 911 119 47 Aug.
1212 910 82 47 31;
1323 911 42 38 A
1391 909 169 49 86124;
1591 911 50 40 L.
1672 910 182 49 Gough,
1883 910 251 51 Amarillo,
2161 913 114 41 Tex.

364 966 280 50 (35-15302)

288 1067 188 56 Grant
503 1070 264 65 Watson,
797 1069 176 55 Elliot
1000 1070 329 65 Lovegood,
1359 1075 170 50 1885-

355 1143 125 54 The
507 1162 118 35 nun
657 1146 113 53 and
800 1146 95 53 the
922 1145 220 68 bandit,
1171 1146 74 69 by
1277 1145 68 54 E.
1378 1145 65 54 L.
1476 1145 188 56 Grant
1693 1146 254 54 Watson.
2014 1144 258 68 London,

286 1222 123 53 The
433 1221 222 56 Cresset
678 1240 175 51 press,
877 1223 104 54 ltd.
1014 1225 173 66 [1935]

356 1293 100 50 293,
487 1297 55 48 [1]
567 1305 59 38 p.,
653 1296 24 39 1
726 1327 9 9 l.
823 1295 87 42 19cm.

287 1350 1987 53 © 1c. Aug. 13, 1935; A ad int. 20480; pubd. Junel 18; E. L. G. Watson,
356 1410 300 48 Cambridge,
693 1411 235 48 England.
999 1411 280 48 (35-15475)

289 1513 243 66 Greene,
561 1514 281 66 Graham,
872 1520 171 50 1904-

357 1590 271 68 England
663 1591 166 52 made
866 1608 116 49 me;
1024 1610 32 33 a
1094 1591 167 52 novel
1297 1590 75 69 by
1409 1589 258 55 Graham
1704 1589 234 55 Greene.
2013 1590 259 67 London,

285 1666 270 68 Toronto,
580 1666 90 56 W.
698 1667 380 69 Heinemann,
1106 1667 103 55 ltd.
1262 1670 152 65 [1935]

356 1739 524 49 4 p. l., 314 p. 19cm.
284 1793 1991 55 © 1c. Aug. 14, 1935; A ad int. 20485; pubd. June 24; G. Greene, Oxford,
355 1856 234 47 England.
660 1855 279 48 (35-15473)

285 1956 323 66 Hamilton,
638 1958 247 62 Clayton
913 1956 255 66 Meeker,
1199 1963 170 50 1881-

347 2031 1863 71 “So you’re writing a play!” By Clayton Hamilton …
277 2109 232 69 Boston,
533 2110 194 68 Little,
754 2111 228 68 Brown,
1008 2111 112 53 and
1145 2128 296 52 company,
1470 2113 150 51 1935.

354 2182 65 48 xi,
446 2183 86 41 260
557 2193 44 38 p.
689 2183 116 41 19½cm.

287 2238 53 52 ©
370 2242 127 47 Sept.
524 2241 41 48 9,
591 2240 117 41 1935;
758 2241 68 40 2c.
855 2243 94 38 and
979 2241 81 41 aff.
1092 2242 128 47 Sept.
1249 2242 59 39 10;
1361 2242 42 38 A
1429 2241 143 40 86228;
1630 2241 209 48 Clayton
1864 2240 268 49 Hamilton,
2160 2242 116 39 New

355 2299 144 39 York.
569 2298 280 48 (35-27294)

290 2398 290 67 Hankins,
608 2400 198 53 Frank
834 2400 322 65 Hamilton,
1184 2402 171 54 1877-

354 2475 99 53 An
485 2476 387 53 introduction
904 2480 58 49 to
996 2476 97 53 the
1125 2476 171 68 study
1330 2475 65 53 of
1428 2475 238 70 society;
1703 2494 73 35 an
1811 2474 215 55 outline
2059 2473 66 56 of
287 2472 1961 150 primary

480 2552 213 54 factors
727 2554 112 52 and
874 2552 398 54 fundamental
1304 2551 373 70 institutions,
1709 2553 74 69 by
1817 2553 197 53 Frank
286 2551 1962 131 Hamilton

287 2629 1961 147 Hankins … Rev. ed. New York, The Macmillan company, 1935.
357 2780 64 47 xi,
444 2778 86 43 808
554 2789 43 38 p.
651 2779 127 40 illus.
806 2778 132 49 (incl.
966 2780 160 47 maps)
1161 2778 180 49 diagrs.
1399 2777 55 40 22½cm.

361 2834 295 50 “Suggested
688 2835 253 48 readings”
974 2837 96 40 and
1102 2836 311 40 “Additional
1447 2836 207 41 selected
1686 2834 299 42 references”
2018 2838 54 39 at
2101 2837 92 40 end
2223 2834 53 41 of

290 2895 124 38 most
442 2893 53 39 of
520 2894 83 41 the
629 2893 239 47 chapters.

289 2947 53 52 ©
373 2951 127 48 Sept.
529 2952 42 46 3,
599 2950 117 41 1935;
770 2950 68 41 2c.
868 2952 96 38 and
990 2950 83 41 aff.
1106 2951 126 48 Sept.
1261 2952 54 45 4;
1346 2952 43 38 A
1419 2951 170 47 86149;
1623 2951 279 40 Macmillan
1933 2962 67 29 co.

367 3007 279 48 (35-15248)

290 3108 172 65 Hart,
490 3109 211 57 Johan.

358 3184 231 54 Picture
624 3185 141 53 tales
800 3183 151 54 from
987 3182 274 68 Holland,
1299 3184 74 68 by
1411 3184 191 53 Johan
1638 3186 182 63 Hart;
1861 3183 138 54 with
288 3186 1983 129 twenty-three
472 3261 380 54 illustrations
881 3260 60 53 in
971 3260 502 55 black-and-white
1505 3260 73 69 by
1610 3260 295 69 Margaret
1934 3259 112 54 and
2079 3258 192 54 Frank

289 3337 227 54 Phares.
590 3337 138 54 New
763 3336 178 69 York,
974 3336 306 54 Frederick
1316 3336 70 55 A.
1423 3336 202 55 Stokes
1659 3354 292 52 company,
1987 3339 149 49 1935.

357 3410 1323 49 viii p., 1 l., 117 p. incl. illus., plates. 13½×18½cm.
289 3463 53 52 ©
382 3468 125 47 Sept.
543 3468 69 47 12,
649 3466 140 48 1935;
828 3468 66 39 2c.
937 3468 125 47 Sept.
1101 3467 54 39 16;
1224 3467 81 40 aff.
1346 3467 124 48 Sept.
1511 3469 81 44 14;
1633 3467 40 38 A
1712 3467 168 47 86311;
1922 3466 259 39 Frederick
2219 3466 52 39 A.

363 3524 169 40 Stokes
560 3534 66 30 co.
697 3523 278 48 (35-27312)

295 3625 290 66 [Hawton,
612 3627 238 66 Hector]
884 3631 169 49 1901-

359 3697 1850 71 The virgin of the forest, by Virginia Curzon [pseud.] …
290 3776 1435 68 London [etc.] G. G. Harrap & co., ltd. [1935]
357 3845 681 51 2 p. l., 7-283, [1] p. 19cm.
291 3901 1977 52 © 1c. Sept. 7, 1935; A ad int. 20548; pubd. July 12; H. Hawton, St.
357 3963 140 46 Mary
527 3962 205 47 Bourne,
762 3972 117 28 near
909 3962 236 45 Andover,
1178 3961 175 47 Hants,
1382 3961 234 47 England.
1686 3959 278 48 (35-15732)
