2526 4384
1043 4019 99 54 197

96 405 159 63 Ellis,
285 405 202 57 Edith.

168 480 162 69 Open
354 480 95 55 the
475 483 136 51 door
630 482 12 54 !
719 482 92 69 By
835 481 253 55 Wilfred
1113 481 274 54 Brandon;
1439 481 353 55 transcribed
1813 481 76 69 by
1904 481 183 55 Edith

98 558 174 67 Ellis;
308 558 139 54 with
483 577 72 36 an
589 559 387 54 introduction
1007 559 75 70 by
1120 558 215 56 Claude
1369 559 288 69 Bragdon.
1732 559 138 54 New
1909 559 179 70 York,

100 637 67 52 A.
195 635 70 52 A.
295 635 224 69 Knopf,
552 639 149 49 1935.

164 707 98 46 xxi,
297 708 71 49 [1],
394 707 98 48 194,
527 707 53 50 [2]
613 719 42 37 p.
715 708 55 39 21
775 709 43 22 cm
823 740 9 9 .

166 764 129 39 “The
336 765 271 39 attributed
647 766 179 39 author
866 766 54 39 of
962 766 97 39 this
1104 767 141 39 ‘news
1286 766 128 40 from
1456 768 253 47 nowhere’,
1753 769 211 48 through
2006 770 77 39 his

95 821 1972 96 amanuensis, Edith Ellis … confines himself for the most part to a matter-of-fact
403 878 1679 48 account of the conditions now prevalent in … the ‘astral
95 933 486 49 plane’…”—Introd.

166 991 160 40 “First
356 990 226 41 edition.”

94 1061 51 53 ©
169 1065 109 40 Feb.
304 1066 40 46 4,
370 1063 115 42 1935;
540 1064 67 41 2c.
636 1064 111 40 Feb.
775 1064 30 40 5;
859 1064 82 40 aff.
970 1064 111 41 Feb.
1109 1064 54 41 27;
1220 1066 43 38 A
1288 1064 146 41 79542;
1491 1067 50 38 E.
1573 1067 136 46 Ellis,
1737 1068 118 38 New
1884 1067 145 40 York.

170 1122 248 49 (35-3183)

92 1222 382 67 Epiphanius,
502 1225 186 67 Saint,
718 1226 90 66 bp.
839 1226 64 66 of
932 1226 337 54 Constantia
1292 1226 65 51 in
1385 1228 241 65 Cyprus.

162 1302 364 68 Epiphanius
566 1303 68 53 de
673 1302 264 68 gemmis;
977 1303 97 52 the
1112 1303 94 52 old
1245 1303 291 67 Georgian
1573 1303 224 52 version
1838 1303 112 53 and
1988 1303 96 52 the

93 1380 314 70 fragments
433 1381 62 52 of
517 1380 97 54 the
635 1380 317 54 Armenian
977 1381 239 67 version,
1241 1382 75 67 by
1340 1382 216 53 Robert
1579 1383 64 52 P.
1670 1381 198 68 Blake,
1980 1426 9 9 PH.
2053 1426 29 24 D.,

94 1460 109 52 and
235 1460 96 52 the
364 1458 469 69 Coptic-Sahidic
864 1459 336 68 fragments,
1230 1460 76 67 by
1336 1460 188 53 Henri
1556 1460 70 52 de
1655 1460 121 54 Vis.
1842 1461 242 52 London

95 1541 134 63 [etc.]
265 1537 401 68 Christophers
701 1540 171 64 [1934]

156 1608 1930 51 3 p. l., [iii]-cxxiii, 335, 51 p. diagr. 24 cm . (Half-title; Studies and
95 1665 1428 50 documents, ed. by K. Lake … and Silva Lake … II)
161 1725 199 39 Printed
389 1724 53 39 in
470 1723 226 49 Belgium
723 1725 62 47 by
815 1722 306 49 Imprimerie
1150 1723 60 40 de
1240 1725 222 45 Meester,
1495 1724 262 44 Wetteren,
1790 1723 122 40 with
89 1724 1978 105 Georgian

220 1784 103 38 text
345 1782 95 39 and
464 1782 146 38 index
631 1779 341 49 lithographed
996 1782 63 45 by
1078 1779 347 42 White-Smith
1444 1779 154 42 music
1621 1790 136 38 press
1780 1790 82 38 co.,
1888 1781 195 40 Boston.

160 1839 100 38 The
285 1838 145 40 index
457 1838 42 40 is
527 1838 154 48 paged
707 1836 122 41 with
859 1837 241 47 Georgian
1126 1838 263 38 numerals.

160 1896 225 40 Includes
409 1896 83 38 the
517 1897 108 38 text
649 1894 54 40 of
728 1895 83 39 the
837 1892 236 49 originals
1099 1894 121 39 with
1246 1892 202 48 English
1477 1893 309 40 translation.

160 1952 100 40 The
290 1951 239 48 Georgian
564 1953 105 38 text
701 1961 101 30 was
836 1950 167 48 copied
1035 1950 128 40 from
1196 1951 84 39 the
1314 1950 270 40 “Shatberd
1618 1949 193 48 codex”,
1848 1960 85 30 ms.
1970 1950 114 39 1141

96 2009 48 38 in
181 2010 82 39 the
299 2009 187 48 library
525 2008 53 40 of
616 2009 82 39 the
737 2007 330 41 Obshchestvo
1109 2006 445 48 rasprostraneniià
1594 2009 322 45 gramotnosti
1958 2007 129 40 sredi

90 2068 177 46 gruzin,
295 2065 151 40 Tiflis.

160 2123 175 39 “Table
360 2123 53 41 of
438 2120 391 42 abbreviations”;
885 2131 43 38 p.
959 2120 85 50 [98]

94 2189 1989 53 © 1c. Jan. 12, 1935; A ad int. 19909; pubd. Dec. 4, 1934; Christophers.
170 2251 248 48 (35-4056)

95 2351 239 56 Federal
390 2359 273 63 reporter.
762 2353 218 55 Second
1037 2352 183 52 series.
1317 2350 167 54 Cases
1545 2352 214 67 argued
1819 2351 112 53 and
159 2350 1900 133 determined

479 2434 61 51 in
584 2432 98 52 the
725 2430 218 55 United
990 2432 187 54 States
1224 2430 224 55 Circuit
1489 2433 186 49 courts
1722 2429 62 54 of
1832 2426 251 70 appeals,

162 2508 214 54 United
404 2511 186 54 States
618 2510 181 54 Court
821 2509 63 52 of
911 2508 231 67 appeals
1168 2508 95 51 for
1285 2508 97 51 the
1405 2506 247 55 District
1674 2507 63 53 of
1764 2506 318 66 Columbia,

160 2586 214 53 United
401 2587 187 54 States
615 2581 177 60 Court
816 2586 62 52 of
903 2590 243 48 customs
1173 2585 112 52 and
1308 2590 201 62 patent
1533 2585 250 67 appeals,
1810 2584 141 52 with
1974 2584 109 66 key

158 2665 233 52 number
428 2664 378 53 annotations,
877 2682 52 36 v.
963 2665 67 52 72
1062 2663 126 67 (2d)
1273 2662 618 67 October-November,
1930 2664 148 50 1934.

163 2740 79 55 St.
269 2744 165 65 Paul,
458 2745 162 53 West
643 2741 336 68 publishing
1005 2761 97 47 co.,
1131 2745 149 52 1935.

162 2815 127 48 xxvi,
317 2815 115 41 1127
459 2827 43 37 p.
528 2815 108 40 incl.
663 2815 149 39 front.
842 2814 159 48 (map)
1038 2812 176 49 diagrs.
1272 2813 58 40 26
1329 2816 44 21 cm
1379 2846 8 7 .

98 2881 50 52 ©
172 2886 107 41 Jan.
302 2888 41 46 4,
367 2886 114 41 1935;
535 2886 66 41 2c.
630 2886 95 40 and
751 2884 82 41 aff.
859 2885 109 39 Feb.
997 2884 59 39 28;
1109 2885 41 38 A
1174 2883 146 41 80714;
1373 2884 139 40 West
1534 2884 110 47 pub.
1672 2893 67 29 co.

99 2987 164 68 Fehr,
291 2992 157 60 Max,
478 2990 172 55 1887-

164 3063 1915 72 Richard Wagners Schweizer zeit, von Max Fehr … 1. bd.
107 3141 1969 71 (1849-55) Aarau und Leipzig. H. R. Sauerländer & co. [ 1934]
166 3211 1917 57 vi, [2] p., 1 l., 3-414 p. plates, ports., facsims. (incl. music) plan.
93 3272 54 41 23½
176 3276 43 22 cm
223 3306 8 7 .

166 3330 191 41 “Briefe
385 3333 98 39 und
511 3332 179 39 andere
718 3331 303 45 dokumente,
1051 3328 230 41 1849-55”;
1341 3339 42 29 v.
1414 3329 40 47 1,
1484 3339 42 37 p.
1560 3326 247 51 [353]-414.

172 3387 176 41 Errata
375 3388 92 48 slip
494 3388 214 40 inserted
735 3390 51 38 at
813 3388 91 40 end
931 3387 53 39 of
1006 3397 42 29 v.
1075 3387 40 39 1.

101 3451 1964 112 © Nov. 14, 1934; 1c. Jan. 21, 1935; A-Foreign 26717; H. R. Sauerländer & co. (35-3415)
100 3612 228 70 Ferber,
355 3618 185 65 Edna,
568 3618 172 55 1887-

167 3690 167 55 Come
377 3695 111 52 and
529 3699 96 63 get
664 3695 64 64 it,
771 3695 76 66 by
889 3694 167 53 Edna
1099 3693 226 53 Ferber.
1406 3690 231 55 Garden
1683 3690 152 66 City,
1876 3688 71 53 N.
1989 3689 92 65 Y.,

99 3766 346 63 Doubledav,
469 3774 200 51 Doran
693 3776 44 49 &
765 3789 295 49 company,
1086 3770 125 58 inc.,
1240 3772 149 49 1935.

166 3842 514 51 3 p. l., 518 p. 21 cm .
103 3906 50 52 ©
183 3911 106 42 Feb.
321 3913 69 49 20,
419 3914 114 41 1935;
591 3915 66 40 2c.
690 3915 95 39 and
817 3913 80 40 aff.
930 3915 122 37 Mar.
1085 3912 54 40 23;
1198 3912 42 39 A
1271 3911 143 40 81139;
1475 3911 53 38 E.
1561 3909 191 46 Ferber,
1785 3908 118 38 New
1935 3905 145 41 York.
