2424 4375
1090 4047 131 50 1653

159 403 258 63 Rodney,
449 402 225 62 George
705 401 287 63 Brjudges,
1026 400 170 53 1872-

226 473 1921 72 The sea scorpion, by Colonel George B. Rodney … New
159 556 175 67 York,
365 554 327 69 Greenberg
905 587 12 33 [c1935]

227 628 561 49 2 p. l., 250 p. 19½ cm .
159 678 1991 57 © Oct. 8, 1935; 2c. Nov. 22; aff. Nov. 16; A 89539; Greenberg publisher,
227 742 89 40 inc.
387 742 280 47 (35-29214)

160 844 338 63 Roughead,
526 844 272 54 William.

228 922 224 66 Rogues
485 920 150 52 walk
664 921 148 62 here,
844 921 73 65 by
947 919 258 54 William
1238 918 331 67 Roughead.
1644 917 258 67 London,
1938 917 213 54 Cassell

162 1000 109 51 and
300 1017 295 48 company,
622 999 122 65 ltd.,
775 1001 147 49 1934.

227 1072 25 38 l
284 1083 41 28 v.

164 1122 1988 55 © 1c. June 16, 1934; A ad int. 19050'; pubd. Apr. 19; W. Roughead,
231 1184 295 47 Edinburgh.

162 1283 296 68 Rowland,
490 1288 138 51 Mrs.
661 1283 164 56 Olive
856 1284 306 65 (Barrick)
1205 1286 170 51 1880-

222 1363 101 54 An
355 1364 278 52 ancestral
664 1362 164 52 chart
856 1362 110 53 and
996 1360 333 66 handbook;
1360 1359 385 70 genealogical
1775 1364 158 49 notes
1965 1359 64 54 of
2058 1360 96 52 the

165 1440 207 55 Sutton
413 1441 112 52 and
562 1440 373 52 Rittenhouse
976 1437 248 56 families
1262 1438 65 53 of
1365 1438 345 53 Hunterdon
1750 1443 226 64 county,
2014 1438 139 53 New

162 1518 227 69 Jersey;
426 1518 137 53 with
599 1518 294 65 Mattison,
928 1517 280 66 Bonham,
1241 1516 216 67 Fuller,
1490 1516 113 52 and
1637 1517 125 52 Fox
1797 1516 357 54 connections

164 1597 112 51 and
316 1615 151 34 some
507 1595 197 52 record
745 1595 63 53 of
850 1595 96 53 the
988 1593 245 53 Barrick
1274 1594 113 52 and
1430 1594 299 67 Shepherd
1771 1594 268 68 families,
2079 1596 74 68 by

165 1673 167 55 Olive
366 1672 244 53 Barrick
643 1672 300 52 Rowland.
1013 1671 342 67 Richmond,
1391 1671 236 55 Garrett
1661 1674 47 51 &
1741 1672 226 66 Massie,
2007 1677 146 49 1935.

233 1744 1919 51 xiii p„ 1 l., 199 p. front., plates, ports., xiii geneal. tab., coat of arms.
162 1803 55 42 23½
250 1806 45 22 cm
297 1835 11 9 .

235 1859 330 50 Frontispiece
591 1859 340 48 accompanied
960 1859 60 47 by
1045 1859 155 48 guard
1229 1859 136 41 sheet
1391 1858 120 41 with
1538 1859 291 49 descriptive
1858 1862 296 48 letterpress.

234 1917 225 41 Includes
489 1915 390 50 bibliographies.

167 1972 51 52 ©
245 1975 118 39 Nov.
392 1974 68 47 20,
490 1972 113 41 1935;
660 1973 67 39 2c.
757 1973 95 39 and
881 1972 80 39 aff.
991 1973 118 39 Nov.
1138 1971 83 47 21;
1250 1973 41 37 A
1320 1972 142 40 88336;
1523 1973 52 40 O.
1607 1974 53 39 B.
1692 1974 249 46 Rowland,
218 1976 1922 100 Petersburg,
381 2029 85 40 Va.
537 2027 278 48 (35-29161)

167 2132 267 64 Runyan,
465 2130 254 56 William
749 2130 247 65 Marion,
1031 2134 171 53 1870-

234 2210 121 52 The
385 2208 238 69 waiting
655 2209 304 67 drummer,
992 2209 113 52 and
1136 2209 163 52 other
1330 2227 173 50 verse,
1534 2208 75 69 by
1640 2208 259 56 William
1928 2212 229 53 Marion

166 2287 258 68 Runyan.
501 2287 139 52 New
669 2287 162 52 York
970 2319 28 33 [etc.]
1030 2285 268 69 Fleming
1320 2288 76 51 H.
1426 2287 197 53 Revell
1648 2305 280 52 company
1961 2321 11 33 [c
2001 2293 133 49 1935]

237 2360 68 48 95,
338 2361 55 49 [1]
424 2371 43 37 p.
527 2359 56 40 19½
615 2363 44 21 cm

171 2414 51 52 ©
248 2418 116 39 Nov.
393 2417 40 47 2,
461 2416 111 41 1835;
630 2417 67 39 2c.
726 2418 95 38 and
849 2417 79 39 aff.
957 2417 118 39 Nov.
1100 2415 53 47 9;
1183 2417 40 38 A
1252 2416 168 42 88206;
1453 2417 220 49 Fleming
1698 2419 61 40 H.
1787 2419 167 40 Revell
1983 2431 67 30 co.

251 2473 278 49 (35-29210)

174 2576 264 66 [Russell,
472 2578 225 63 George
729 2576 272 66 William]
1041 2580 323 50 1867-1935.

240 2653 254 56 Selected
526 2667 208 54 poems,
766 2654 73 67 by
872 2655 70 53 A.
977 2655 66 52 E.
1111 2655 138 52 New
1283 2656 178 66 York,
1493 2657 122 53 The
1646 2656 333 54 Macmillan
170 2677 1960 120 company,
373 2735 148 49 1935.

273 2801 15 40 xiii
373 2801 99 50 197,
506 2802 57 50 [1]
596 2813 42 38 p.
698 2802 146 41 19½cm.

173 2855 51 53 ©
248 2861 116 39 Nov.
392 2860 39 47 6,
456 2858 140 47 1935;
623 2859 67 40 2c.
717 2861 95 38 and
834 2837 84 62 Iff.
944 2860 118 39 Nov.
1089 2861 50 45 7;
1168 2860 41 39 A
1236 2860 169 47 88150;
1436 2860 280 41 Macmillan
1744 2871 67 30 co.

250 2915 278 48 (35-29200)

173 3018 537 65 Schattschneider,
743 3020 197 53 Elmer
972 3021 153 56 Eric.

241 3096 254 67 Politics,
534 3115 286 49 pressures
863 3098 112 51 and
1016 3097 97 52 the
1149 3094 190 71 tariff;
1386 3116 31 33 a
1456 3098 171 67 study
1668 3098 64 53 of
1773 3097 121 53 free
1936 3098 223 68 private

174 3176 308 65 enterprise
517 3176 55 51 in
614 3194 256 48 pressure
907 3174 244 68 politics,
1186 3193 59 35 as
1279 3176 193 52 shown
1508 3175 58 52 in
1603 3176 96 52 the
1733 3179 308 50 1929-1930

176 3197 1984 126 revision of the tariff, by E. E. Schattschneider … New York,
175 3329 445 61 Prentice-Hall,
648 3329 125 66 inc.,
806 3334 147 49 1935.

243 3400 64 49 xi,
335 3400 85 41 301
448 3413 42 37 p.
547 3402 179 48 diagrs.
783 3400 56 41 23½cm.
992 3402 372 48 [Prentice-Hall
1394 3403 217 49 political
1640 3403 186 41 science
1855 3405 164 48 series]

178 3452 51 52 ©
257 3458 99 40 Oct.
385 3460 67 45 17,
482 3457 111 41 1835:
651 3459 66 39 2c.
746 3460 98 38 and
869 3459 81 39 aff.
976 3459 117 39 Nov.
1122 3460 81 44 13;
1235 3461 39 37 A
1302 3458 170 48 89356;
1502 3459 375 48 Prentice-Hall,
1906 3462 90 39 inc.

255 3514 276 47 (35-28634)

177 3597 267 68 Sheldon,
476 3601 242 54 Charles
748 3604 256 63 Monroe,
1037 3603 171 54 1857-

243 3676 71 52 In
343 3677 110 53 His
482 3683 167 62 steps,
678 3679 73 64 by
780 3678 233 54 Charles
1041 3679 79 52 M.
1152 3678 266 55 Sheldon.
1493 3679 355 55 Authorized
1877 3681 83 53 ed.
2025 3682 135 52 New

176 3752 176 58 York,
380 3754 232 54 Grosset
641 3758 45 49 &
715 3756 234 68 Dunlap
986 3789 12 34 [
1003 3762 18 22 c
1026 3758 132 50 1935
1165 3790 11 33 ]

246 3826 61 47 vi,
335 3827 86 39 245
449 3838 43 37 p.
552 3828 56 39 18
610 3830 43 20 cm
658 3861 8 7 .

181 3876 51 52 ©
259 3882 116 40 Nov.
404 3884 67 40 20.
503 3883 111 40 1835:
672 3884 66 40 2c.
768 3885 95 38 and
891 3884 83 39 aff.
1003 3885 117 38 Nov.
1151 3884 81 47 22;
1262 3885 43 39 A
1332 3885 169 46 89534;
1536 3885 200 41 Grosset
1764 3887 37 39 &
1831 3887 207 48 Dunlap,
2071 3887 90 41 inc.

239 3933 275 51 [Copyright
544 3938 42 40 is
618 3939 203 39 claimed
855 3950 59 28 on
948 3940 254 38 Foreword]
1290 3939 279 49 (35-29211)
