2424 4375
1166 4027 135 50 2008

237 378 209 65 Green,
473 380 254 52 Howard
754 377 285 65 Whipple,
1070 381 170 50 1893-

306 470 352 53 Movements
699 469 64 53 of
804 468 248 55 families
1094 470 203 52 within
1337 470 95 52 the
1476 470 304 54 Cleveland
1825 471 403 67 metropolitan

237 547 1993 69 district, 1934 [by] Howard Whipple Green … [Cleveland,
236 631 17 22 c
259 628 151 63 1935]

314 712 63 46 ix,
419 710 85 41 223
545 721 42 38 p.
659 720 138 38 maps
825 710 133 48 (part
1000 709 144 48 fold.)
1222 709 117 42 30cm.
1421 710 147 48 (Real
1610 713 229 46 property
1882 710 256 51 inventory
2181 712 53 40 of

240 768 343 49 metropolitan
618 766 275 42 Cleveland.
956 768 181 47 Report
1172 778 74 30 no.
1281 768 51 47 5)

313 840 180 39 Folded
522 849 115 37 map
661 839 51 38 in
739 838 169 48 pocket
938 841 54 37 at
1017 838 93 40 end
1139 839 52 39 of
1219 838 203 39 volume.

243 906 53 53 ©
318 910 102 41 Oct.
442 910 38 47 8,
505 908 139 48 1935;
670 909 68 41 2c.
760 909 115 40 Nov.
900 909 27 38 4
944 919 9 36 ;
980 908 80 40 aff.
1087 907 102 42 Oct.
1213 908 82 46 29;
1321 909 40 39 A
1386 908 142 41 89166
1546 919 9 32 ;
1584 909 119 40 Real
1726 912 227 45 property
1978 908 256 50 inventory

313 967 52 40 of
387 967 344 48 metropolitan
756 965 271 42 Cleveland.

237 1068 177 65 Groh,
442 1070 142 54 Otto
611 1070 355 55 Emmerich.

369 1159 1861 70 … Königsballade, ein erzählung. Berlin [etc.] P. Zsolnav,
239 1242 149 50 1935.

314 1325 96 48 162,
443 1326 55 48 [1]
526 1336 42 37 p.
626 1322 114 43 19cm.

241 1392 1990 53 © Apr. 11, 1935; 1c. Sept. 3; A-Foreign 28968: Paul Zsolnay vertag,
312 1464 42 29 a.
382 1464 42 36 g.
491 1451 280 50 (35-19443)

237 1555 237 65 Halton,
507 1556 314 54 Frederick
853 1555 238 65 Joseph,
1125 1555 169 54 1876-

308 1647 157 51 “The
491 1645 225 55 Gilbert
744 1646 112 53 and
887 1645 262 55 Sullivan
1178 1644 263 68 operas”;
1472 1664 28 34 a
1530 1646 397 65 concordance,
1954 1646 74 67 by
238 1645 1968 132 Frederick
436 1727 55 50 J.
538 1724 249 57 Halton;
837 1723 284 53 foreword
1168 1723 73 67 by
1288 1723 222 67 Rupert
1554 1722 231 68 DOyly
1834 1724 184 54 Carte.
2094 1724 138 53 New

241 1802 178 66 York,
445 1803 69 52 N.
543 1803 90 60 Y.,
659 1801 120 53 The
806 1803 142 52 Bass
974 1799 320 68 publishers
1326 1804 171 63 [1935]

314 1875 89 41 1831
428 1886 41 37 p.
527 1874 164 48 front.,
719 1874 171 48 plates.
948 1873 56 39 22
1006 1875 44 21 cm
1056 1905 8 8 .

316 1931 236 41 “Errata”
586 1930 95 49 slip
709 1931 227 39 mounted
968 1941 64 27 on.
1060 1929 121 40 back
1212 1930 334 48 lining-paper.

316 1989 160 40 “First
504 1988 196 47 edition,
731 1987 290 48 September,
1052 1986 126 41 1935.
1247 1988 208 45 (Second
1484 1986 218 49 printing
1729 1986 168 41 before
1922 1986 311 49 publication,

246 2047 291 49 September,
574 2044 177 48 1935)”

245 2113 53 53 ©
330 2117 125 47 Sept.
485 2115 69 49 30,
585 2113 113 42 1985
716 2125 9 36 ;
757 2115 63 40 2c.
853 2114 101 41 Oct.
984 2114 51 40 2:
1067 2113 81 41 aff.
1179 2114 114 39 Nov.
1327 2114 47 38 11
1399 2125 8 29 :
1440 2115 43 38 A
1507 2113 169 47 86710;
1710 2115 123 39 Bass
1864 2113 276 49 publishers

326 2173 280 47 (35-25361)

240 2276 243 63 Hinton,
513 2276 253 53 Edward
794 2274 242 56 Martin.

311 2365 230 57 Ireland
574 2363 250 68 through
856 2361 196 54 Tudor
1085 2380 140 50 eyes,
1259 2362 72 68 by
1366 2362 252 53 Edward
1652 2362 76 52 M.
1764 2362 237 52 Hinton.
241 2362 1968 148 Philadelphia,
559 2440 333 68 University
929 2440 62 52 of
1026 2439 417 68 Pennsylvania
1480 2457 183 51 press:
1703 2439 254 68 London,
1993 2439 75 55 H.
241 2437 1970 149 Milford,
427 2517 226 55 Oxford
687 2517 314 69 university
1037 2535 172 50 press,
1249 2519 148 51 1935.

309 2589 87 40 viii
421 2601 56 37 p.,
504 2589 26 40 2
590 2621 8 17 l.,
626 2589 85 40 Ill
736 2600 43 37 p.
838 2588 149 42 front.
1016 2588 185 51 (maps)
1236 2591 170 45 plates.
1466 2588 56 42 23½c
1571 2591 27 21 m
1603 2621 8 9 .

311 2647 138 47 Maps
481 2655 60 31 on
573 2645 361 48 lining-papers.

310 2703 75 38 An
417 2702 273 48 exposition
724 2702 54 40 of
810 2703 81 39 the
922 2702 255 40 character
1210 2703 51 38 of
1294 2703 164 39 Tudor
1491 2703 130 39 Irish
1652 2703 89 40 life
1773 2704 97 39 and
1903 2704 53 38 of
1990 2704 81 39 the
241 2703 1975 104 writings
379 2759 53 40 of
463 2768 27 31 a
525 2768 154 39 group
708 2759 53 39 of
793 2758 201 48 English
1027 2758 204 40 authors
1264 2759 95 39 and
1393 2758 319 41 adventurers
1745 2760 50 38 in
1830 2760 194 40 Ireland
2059 2760 175 46 during

240 2816 83 41 the
350 2815 162 41 Tudor
541 2815 179 49 period,
749 2814 120 41 with
896 2814 244 48 emphasis
1169 2824 59 30 on
1258 2815 81 40 the
1366 2815 235 41 influence
1628 2816 53 39 of
1708 2818 367 46 contemporary
2103 2816 129 41 Irish

240 2873 188 48 history
458 2882 60 30 on
550 2872 145 40 them.
756 2872 62 49 cf.
850 2882 42 37 p.
924 2870 68 41 13.

314 2929 375 48 Bibliography:
721 2940 43 37 p.
795 2926 216 42 104-107.

249 2998 53 53 ©
326 3004 110 39 Dec.
464 3003 69 46 18,
559 3001 114 41 1985
691 3013 9 35 ;
728 3002 68 40 2,c.
823 3002 109 39 Dec.
960 3000 58 40 26
1033 3011 8 35 ;
1072 3000 81 40 aff.
1182 3000 111 41 Dec.
1321 3000 55 39 24
1394 3011 9 36 ;
1430 3002 40 37 A
1498 3000 141 41 89997
1658 3012 8 36 ;
1699 3001 281 49 University
2006 3003 53 39 of
318 3003 1898 104 Pennsylvania
568 3070 149 37 press.
783 3056 249 49 (36-1551)

242 3162 221 65 Hobbs,
491 3162 168 56 Jean.

299 3250 251 68 Hawaii,
582 3269 33 34 a
644 3256 249 62 pageant
923 3249 63 52 of
1018 3250 95 52 the
1144 3249 123 68 soil,
1299 3251 73 63 by
1403 3252 146 54 Jean
1581 3251 228 67 Hobbs;
1845 3250 139 54 with
2016 3270 31 34 a
247 3251 1961 129 foreword
428 3327 72 69 by
531 3328 162 52 Felix
720 3326 80 54 M.
828 3326 262 67 Keesing.
1157 3325 277 55 Stanford
1466 3327 349 67 University,
1846 3325 191 70 Calif.,
247 3325 1961 133 Stanford
411 3405 315 68 university
754 3422 184 51 press;
968 3406 257 67 London,
1255 3406 75 53 H.
1362 3405 264 67 Milford,
1655 3406 228 54 Oxford
1917 3407 314 67 university

247 3502 153 49 press
434 3518 13 33 [
452 3489 17 22 c
474 3488 152 63 1935]

316 3554 758 50 3 p. l. , ix-xvii, 185 p. 20 cm .
320 3613 138 47 Maps
489 3623 60 29 on
579 3612 361 48 lining-papers.

319 3670 39 38 A
386 3670 173 46 “study
586 3668 52 39 of
662 3669 115 39 land
803 3670 170 39 tenure
996 3668 49 40 in
1073 3668 571 41 Hawaii”.—Foreword.

321 3724 168 39 “Brief
518 3723 305 50 biographies
853 3725 51 39 of
931 3725 257 40 American
1217 3725 333 40 missionaries
1582 3729 45 36 to
1658 3724 223 40 Hawaii”
1899 3736 10 29 :
1944 3737 40 36 p.
2016 3725 214 43 143-156.

319 3780 372 50 Bibliography:
723 3794 43 36 p.
799 3780 214 43 133-141.

253 3845 1980 53 © Dec. 6, 1935; 2c. Dec. 28; aff. Dec. 16; A 88860; Board of trustees of
322 3907 81 37 the
432 3906 181 40 Leland
645 3908 231 40 Stanford
906 3908 165 47 junior
1100 3906 142 50 univ.,
1276 3907 233 41 Stanford
1542 3907 293 48 University,
1868 3906 142 42 Calif.

333 3961 249 50 (86-1821)
