<alto xmlns="http://www.loc.gov/standards/alto/ns-v3#" xmlns:xsi="http://www.w3.org/2001/XMLSchema-instance" xsi:schemaLocation="http://www.loc.gov/standards/alto/ns-v3# http://www.loc.gov/alto/v3/alto-3-0.xsd"><Description>
<MeasurementUnit>pixel</MeasurementUnit>
<sourceImageInformation>
<fileName>1935_v32_Part1.pdf</fileName>
</sourceImageInformation>
<OCRProcessing ID="IdOcr">
<ocrProcessingStep>
<processingDateTime>2019-01-15</processingDateTime>
<processingSoftware>
<softwareCreator>ABBYY</softwareCreator>
<softwareName>ABBYY Recognition Server</softwareName>
<softwareVersion>4.0</softwareVersion>
</processingSoftware>
</ocrProcessingStep>
</OCRProcessing>
</Description>
<Styles>
<ParagraphStyle ALIGN="Left" FIRSTLINE="0." ID="StyleId-FFFFFFFF-FFFF-FFFF-FFFF-FFFFFFFFFFFF-" LEFT="0." RIGHT="0." />
<ParagraphStyle ALIGN="Left" FIRSTLINE="0." ID="StyleId-09A13A44-4F77-4ABE-84F3-84CC8B3C72CE-" LEFT="0." LINESPACE="7.699999809" RIGHT="0." />
<ParagraphStyle ALIGN="Left" FIRSTLINE="-10." ID="StyleId-1F945060-F8CD-4435-B69A-5FF49DB0C586-" LEFT="0." LINESPACE="12.19999981" RIGHT="0." />
<ParagraphStyle ALIGN="Block" FIRSTLINE="-14." ID="StyleId-C6CAE747-F5A4-4D0D-8D74-D452DA7E2C1C-" LEFT="0." LINESPACE="8.350000381" RIGHT="0." />
<ParagraphStyle ALIGN="Left" FIRSTLINE="0." ID="StyleId-FC0F3374-189A-459E-BE29-2DC14180F022-" LEFT="0." RIGHT="0." />
<ParagraphStyle ALIGN="Left" FIRSTLINE="-12." ID="StyleId-49397C49-A894-4B3E-BA5E-1126226BA375-" LEFT="0." LINESPACE="11.09000015" RIGHT="0." />
<ParagraphStyle ALIGN="Block" FIRSTLINE="-14." ID="StyleId-9E34DD3A-E661-48BD-A3A1-6A3D48346F00-" LEFT="0." LINESPACE="11.09000015" RIGHT="0." />
<ParagraphStyle ALIGN="Left" FIRSTLINE="0." ID="StyleId-56CE54AA-A08B-4BAA-8605-F26020A0E36E-" LEFT="0." LINESPACE="9.399999619" RIGHT="0." />
<ParagraphStyle ALIGN="Left" FIRSTLINE="-11." ID="StyleId-77814FFC-C42F-4AA9-9880-EF33B947DEC8-" LEFT="0." LINESPACE="11.06999969" RIGHT="0." />
<ParagraphStyle ALIGN="Center" FIRSTLINE="0." ID="StyleId-FDE92EC0-67DC-4C7B-8A24-094B12C38B6C-" LEFT="0." LINESPACE="11.30000019" RIGHT="0." />
<ParagraphStyle ALIGN="Left" FIRSTLINE="0." ID="StyleId-65180E3B-4C93-4FB8-81EE-E026DD63DBF3-" LEFT="0." LINESPACE="11.10000038" RIGHT="0." />
<ParagraphStyle ALIGN="Left" FIRSTLINE="0." ID="StyleId-10E885C2-5813-4620-B0AA-0FBA30CF7A32-" LEFT="0." LINESPACE="9.5" RIGHT="0." />
<ParagraphStyle ALIGN="Left" FIRSTLINE="0." ID="StyleId-913C2DB5-9F02-4067-BAF7-0AED37B60BBE-" LEFT="0." LINESPACE="6.099999905" RIGHT="0." />
<ParagraphStyle ALIGN="Left" FIRSTLINE="0." ID="StyleId-9C79A9D2-8F08-4A8F-985D-B00E253ED1E5-" LEFT="0." LINESPACE="4.400000095" RIGHT="0." />
<ParagraphStyle ALIGN="Left" FIRSTLINE="0." ID="StyleId-A41F0407-FEFE-4738-9EC5-E05AFFF62781-" LEFT="0." LINESPACE="7.300000191" RIGHT="0." />
<ParagraphStyle ALIGN="Left" FIRSTLINE="0." ID="StyleId-61D37176-94E8-408D-9B87-01C406CE8AB2-" LEFT="0." LINESPACE="8.050000191" RIGHT="0." />
</Styles>
<Layout>
<Page HEIGHT="4375" ID="Page1272" PHYSICAL_IMG_NR="1272" WIDTH="2424">
<TopMargin HEIGHT="444" HPOS="0" VPOS="0" WIDTH="2424">
</TopMargin>
<LeftMargin HEIGHT="3604" HPOS="0" VPOS="444" WIDTH="306">
</LeftMargin>
<RightMargin HEIGHT="3604" HPOS="2324" VPOS="444" WIDTH="100">
</RightMargin>
<BottomMargin HEIGHT="327" HPOS="0" VPOS="4048" WIDTH="2424">
<TextBlock HEIGHT="74" HPOS="1226" ID="Page1272_Block1" LANG="en-US" STYLEREFS="StyleId-45977EA3-5AB5-4F6D-9B82-4470479E0CC2-" VPOS="4068" WIDTH="156">
<TextLine HEIGHT="54" HPOS="1237" VPOS="4077" WIDTH="135">
<String CONTENT="1272" HEIGHT="54" HPOS="1237" VPOS="4077" WIDTH="135" />
</TextLine>
</TextBlock>
</BottomMargin>
<PrintSpace HEIGHT="3604" HPOS="306" VPOS="444" WIDTH="2018">
<TextBlock CS="1" HEIGHT="3604" HPOS="306" ID="Page1272_Block2" LANG="en-US" STYLEREFS="StyleId-2A0E719D-4A39-4E80-8FD9-386D9541BDEF-" VPOS="444" WIDTH="2018">
<TextLine HEIGHT="66" HPOS="320" LANG="de" STYLEREFS="StyleId-65984435-D726-4A73-AC02-92C3DED3206C-" VPOS="459" WIDTH="994">
<String CONTENT="Winkler," HEIGHT="66" HPOS="320" VPOS="459" WIDTH="280" />
<SP HEIGHT="63" HPOS="601" VPOS="462" WIDTH="26" />
<String CONTENT="John" HEIGHT="53" HPOS="628" VPOS="462" WIDTH="154" />
<SP HEIGHT="52" HPOS="783" VPOS="462" WIDTH="26" />
<String CONTENT="Kennedy," HEIGHT="63" HPOS="810" VPOS="462" WIDTH="303" />
<SP HEIGHT="59" HPOS="1114" VPOS="466" WIDTH="29" />
<String CONTENT="1891-" HEIGHT="51" HPOS="1144" VPOS="465" WIDTH="170" />
</TextLine>
<TextLine CS="1" HEIGHT="68" HPOS="389" STYLEREFS="StyleId-65984435-D726-4A73-AC02-92C3DED3206C-" VPOS="537" WIDTH="1919">
<String CONTENT="The" HEIGHT="53" HPOS="389" LANG="de" VPOS="538" WIDTH="120" />
<SP HEIGHT="53" HPOS="510" VPOS="538" WIDTH="37" />
<String CONTENT="Du" HEIGHT="51" HPOS="548" LANG="de" VPOS="538" WIDTH="96" />
<SP HEIGHT="51" HPOS="645" VPOS="538" WIDTH="36" />
<String CONTENT="Pont" HEIGHT="51" HPOS="682" LANG="de" VPOS="538" WIDTH="153" />
<SP HEIGHT="52" HPOS="836" VPOS="537" WIDTH="37" />
<String CONTENT="dynasty," HEIGHT="68" HPOS="874" LANG="en-US" VPOS="537" WIDTH="266" />
<SP HEIGHT="67" HPOS="1141" VPOS="537" WIDTH="38" />
<String CONTENT="by" HEIGHT="67" HPOS="1180" LANG="en-US" VPOS="537" WIDTH="74" />
<SP HEIGHT="67" HPOS="1255" VPOS="537" WIDTH="37" />
<String CONTENT="John" HEIGHT="53" HPOS="1293" LANG="en-US" VPOS="537" WIDTH="157" />
<SP HEIGHT="51" HPOS="1451" VPOS="537" WIDTH="38" />
<String CONTENT="K" CS="1" LANG="en-US" />
<String CONTENT="." HEIGHT="10" HPOS="1555" LANG="ru" VPOS="579" WIDTH="10" />
<SP HEIGHT="53" HPOS="1566" VPOS="538" WIDTH="37" />
<String CONTENT="Winkler." HEIGHT="54" HPOS="1604" LANG="en-US" VPOS="537" WIDTH="278" />
<SP HEIGHT="52" HPOS="1883" VPOS="537" WIDTH="66" />
<String CONTENT="New" HEIGHT="53" HPOS="1950" LANG="en-US" VPOS="537" WIDTH="139" />
<SP HEIGHT="51" HPOS="2090" VPOS="538" WIDTH="40" />
<String CONTENT="York," HEIGHT="65" HPOS="2131" LANG="en-US" VPOS="538" WIDTH="177" />
</TextLine>
<TextLine HEIGHT="69" HPOS="317" STYLEREFS="StyleId-65984435-D726-4A73-AC02-92C3DED3206C-" VPOS="614" WIDTH="871">
<String CONTENT="Reynal" HEIGHT="69" HPOS="317" VPOS="614" WIDTH="224" />
<SP HEIGHT="51" HPOS="542" VPOS="617" WIDTH="25" />
<String CONTENT="&amp;" HEIGHT="51" HPOS="568" VPOS="617" WIDTH="47" />
<SP HEIGHT="54" HPOS="616" VPOS="614" WIDTH="25" />
<String CONTENT="Hitchcock" HEIGHT="53" HPOS="642" VPOS="614" WIDTH="318" />
<SP HEIGHT="67" HPOS="961" VPOS="614" WIDTH="33" />
<String CONTENT="[" HEIGHT="35" HPOS="995" VPOS="646" WIDTH="14" />
<String CONTENT="c" HEIGHT="21" HPOS="1012" STYLE="superscript" VPOS="620" WIDTH="19" />
<String CONTENT="1935]" HEIGHT="64" HPOS="1035" VPOS="617" WIDTH="153" />
</TextLine>
<TextLine CS="1" HEIGHT="51" HPOS="424" VPOS="686" WIDTH="1337">
<String CONTENT="x," CS="1" HEIGHT="17" HPOS="424" VPOS="720" WIDTH="9" />
<SP HEIGHT="49" HPOS="434" VPOS="688" WIDTH="26" />
<String CONTENT="342" HEIGHT="40" HPOS="461" VPOS="687" WIDTH="86" />
<SP HEIGHT="50" HPOS="548" VPOS="687" WIDTH="24" />
<String CONTENT="p." HEIGHT="38" HPOS="573" VPOS="699" WIDTH="44" />
<SP HEIGHT="41" HPOS="618" VPOS="687" WIDTH="28" />
<String CONTENT="incl." HEIGHT="42" HPOS="647" VPOS="686" WIDTH="109" />
<SP HEIGHT="38" HPOS="757" VPOS="698" WIDTH="26" />
<String CONTENT="geneal." HEIGHT="49" HPOS="784" VPOS="687" WIDTH="181" />
<SP HEIGHT="38" HPOS="966" VPOS="690" WIDTH="27" />
<String CONTENT="tables," HEIGHT="50" HPOS="994" VPOS="686" WIDTH="169" />
<SP HEIGHT="48" HPOS="1164" VPOS="688" WIDTH="28" />
<String CONTENT="diagr." HEIGHT="50" HPOS="1193" VPOS="686" WIDTH="154" />
<SP HEIGHT="41" HPOS="1348" VPOS="687" WIDTH="57" />
<String CONTENT="front." HEIGHT="42" HPOS="1406" VPOS="687" WIDTH="150" />
<SP HEIGHT="42" HPOS="1557" VPOS="686" WIDTH="57" />
<String CONTENT="22&#189;" CS="1" HEIGHT="40" HPOS="1615" VPOS="686" WIDTH="57" />
<String CONTENT="cm" HEIGHT="23" HPOS="1704" STYLE="superscript" VPOS="688" WIDTH="44" />
<String CONTENT="." HEIGHT="10" HPOS="1752" VPOS="718" WIDTH="9" />
</TextLine>
<TextLine HEIGHT="50" HPOS="389" VPOS="743" WIDTH="688">
<String CONTENT="Illustrated" HEIGHT="41" HPOS="389" VPOS="745" WIDTH="288" />
<SP HEIGHT="42" HPOS="678" VPOS="743" WIDTH="35" />
<String CONTENT="lining-papers." HEIGHT="50" HPOS="714" VPOS="743" WIDTH="363" />
</TextLine>
<TextLine HEIGHT="54" HPOS="319" VPOS="799" WIDTH="1991">
<String CONTENT="&#169;" HEIGHT="54" HPOS="319" VPOS="799" WIDTH="53" />
<SP HEIGHT="54" HPOS="373" VPOS="799" WIDTH="33" />
<String CONTENT="Sept." HEIGHT="47" HPOS="407" VPOS="804" WIDTH="128" />
<SP HEIGHT="39" HPOS="536" VPOS="804" WIDTH="31" />
<String CONTENT="11," HEIGHT="46" HPOS="568" VPOS="803" WIDTH="69" />
<SP HEIGHT="46" HPOS="638" VPOS="803" WIDTH="30" />
<String CONTENT="1935;" HEIGHT="48" HPOS="669" VPOS="800" WIDTH="141" />
<SP HEIGHT="46" HPOS="811" VPOS="802" WIDTH="33" />
<String CONTENT="2c." HEIGHT="39" HPOS="845" VPOS="802" WIDTH="64" />
<SP HEIGHT="40" HPOS="910" VPOS="801" WIDTH="38" />
<String CONTENT="Sept." HEIGHT="48" HPOS="949" VPOS="801" WIDTH="127" />
<SP HEIGHT="39" HPOS="1077" VPOS="802" WIDTH="32" />
<String CONTENT="12;" HEIGHT="47" HPOS="1110" VPOS="800" WIDTH="81" />
<SP HEIGHT="35" HPOS="1192" VPOS="812" WIDTH="35" />
<String CONTENT="aff." HEIGHT="41" HPOS="1228" VPOS="800" WIDTH="82" />
<SP HEIGHT="41" HPOS="1311" VPOS="801" WIDTH="36" />
<String CONTENT="Sept." HEIGHT="48" HPOS="1348" VPOS="801" WIDTH="127" />
<SP HEIGHT="38" HPOS="1476" VPOS="803" WIDTH="33" />
<String CONTENT="13;" HEIGHT="46" HPOS="1510" VPOS="802" WIDTH="81" />
<SP HEIGHT="46" HPOS="1592" VPOS="802" WIDTH="34" />
<String CONTENT="A" HEIGHT="39" HPOS="1627" VPOS="802" WIDTH="40" />
<SP HEIGHT="40" HPOS="1668" VPOS="802" WIDTH="32" />
<String CONTENT="85952;" HEIGHT="48" HPOS="1701" VPOS="800" WIDTH="170" />
<SP HEIGHT="46" HPOS="1872" VPOS="802" WIDTH="35" />
<String CONTENT="J." HEIGHT="39" HPOS="1908" LANG="fr" VPOS="802" WIDTH="43" />
<SP HEIGHT="40" HPOS="1952" VPOS="801" WIDTH="33" />
<String CONTENT="K." HEIGHT="39" HPOS="1986" VPOS="801" WIDTH="59" />
<SP HEIGHT="38" HPOS="2046" VPOS="803" WIDTH="34" />
<String CONTENT="Winkler," HEIGHT="48" HPOS="2081" VPOS="800" WIDTH="229" />
</TextLine>
<TextLine HEIGHT="49" HPOS="389" VPOS="858" WIDTH="633">
<String CONTENT="New" HEIGHT="40" HPOS="389" VPOS="861" WIDTH="120" />
<SP HEIGHT="40" HPOS="510" VPOS="860" WIDTH="15" />
<String CONTENT="York." HEIGHT="39" HPOS="526" VPOS="860" WIDTH="145" />
<SP HEIGHT="48" HPOS="672" VPOS="858" WIDTH="70" />
<String CONTENT="(35-16330)" HEIGHT="49" HPOS="743" VPOS="858" WIDTH="279" />
</TextLine>
<TextLine CS="1" HEIGHT="132" HPOS="316" STYLEREFS="StyleId-65984435-D726-4A73-AC02-92C3DED3206C-" VPOS="945" WIDTH="1966">
<String CONTENT="The" HEIGHT="52" HPOS="316" VPOS="949" WIDTH="120" />
<SP HEIGHT="53" HPOS="437" VPOS="950" WIDTH="32" />
<String CONTENT="World" HEIGHT="55" HPOS="470" VPOS="948" WIDTH="198" />
<SP HEIGHT="53" HPOS="669" VPOS="948" WIDTH="33" />
<String CONTENT="book" HEIGHT="54" HPOS="703" VPOS="947" WIDTH="147" />
<SP HEIGHT="53" HPOS="851" VPOS="947" WIDTH="31" />
<String CONTENT="encyclopedia;" HEIGHT="69" HPOS="883" VPOS="946" WIDTH="426" />
<SP HEIGHT="48" HPOS="1310" VPOS="966" WIDTH="35" />
<String CONTENT="modern," HEIGHT="68" HPOS="1346" VPOS="945" WIDTH="252" />
<SP HEIGHT="49" HPOS="1599" VPOS="965" WIDTH="31" />
<String CONTENT="pictorial," HEIGHT="67" HPOS="1631" VPOS="947" WIDTH="284" />
<SP HEIGHT="47" HPOS="1916" VPOS="967" WIDTH="33" />
<String CONTENT="comprehensive" HEIGHT="129" HPOS="386" VPOS="948" WIDTH="1896" />
</TextLine>
<TextLine CS="1" HEIGHT="71" HPOS="536" STYLEREFS="StyleId-65984435-D726-4A73-AC02-92C3DED3206C-" VPOS="1022" WIDTH="1496">
<String CONTENT="&#8230;" HEIGHT="10" HPOS="536" VPOS="1066" WIDTH="57" />
<SP HEIGHT="56" HPOS="594" VPOS="1022" WIDTH="67" />
<String CONTENT="Chicago," HEIGHT="71" HPOS="662" VPOS="1022" WIDTH="271" />
<SP HEIGHT="68" HPOS="934" VPOS="1023" WIDTH="25" />
<String CONTENT="W." HEIGHT="55" HPOS="960" VPOS="1023" WIDTH="91" />
<SP HEIGHT="53" HPOS="1052" VPOS="1024" WIDTH="27" />
<String CONTENT="F." HEIGHT="52" HPOS="1080" VPOS="1024" WIDTH="65" />
<SP HEIGHT="65" HPOS="1146" VPOS="1022" WIDTH="28" />
<String CONTENT="Quarrie" HEIGHT="65" HPOS="1175" VPOS="1022" WIDTH="247" />
<SP HEIGHT="51" HPOS="1423" VPOS="1025" WIDTH="26" />
<String CONTENT="&amp;" HEIGHT="50" HPOS="1450" VPOS="1025" WIDTH="47" />
<SP HEIGHT="51" HPOS="1498" VPOS="1025" WIDTH="26" />
<String CONTENT="company" HEIGHT="51" HPOS="1525" VPOS="1041" WIDTH="280" />
<SP HEIGHT="51" HPOS="1806" VPOS="1041" WIDTH="34" />
<String CONTENT="[" CS="1" />
<String CONTENT="c" HEIGHT="21" HPOS="1858" STYLE="superscript" VPOS="1028" WIDTH="18" />
<String CONTENT="1935]" HEIGHT="63" HPOS="1882" VPOS="1026" WIDTH="150" />
</TextLine>
<TextLine CS="1" HEIGHT="50" HPOS="388" STYLEREFS="StyleId-04CE1705-1280-437A-A1B5-B9F38F680D42-" VPOS="1095" WIDTH="1921">
<String CONTENT="19" HEIGHT="41" HPOS="388" VPOS="1096" WIDTH="58" />
<SP HEIGHT="40" HPOS="447" VPOS="1097" WIDTH="20" />
<String CONTENT="v." CS="1" HEIGHT="10" HPOS="501" VPOS="1128" WIDTH="10" />
<SP HEIGHT="41" HPOS="512" VPOS="1097" WIDTH="49" />
<String CONTENT="illus." HEIGHT="41" HPOS="562" VPOS="1096" WIDTH="128" />
<SP HEIGHT="49" HPOS="691" VPOS="1096" WIDTH="27" />
<String CONTENT="(incl." HEIGHT="50" HPOS="719" VPOS="1095" WIDTH="133" />
<SP HEIGHT="38" HPOS="853" VPOS="1106" WIDTH="20" />
<String CONTENT="ports.)" HEIGHT="49" HPOS="874" VPOS="1096" WIDTH="175" />
<SP HEIGHT="49" HPOS="1050" VPOS="1096" WIDTH="32" />
<String CONTENT="plates" HEIGHT="49" HPOS="1083" VPOS="1096" WIDTH="158" />
<SP HEIGHT="49" HPOS="1242" VPOS="1095" WIDTH="26" />
<String CONTENT="(part" HEIGHT="49" HPOS="1269" VPOS="1095" WIDTH="137" />
<SP HEIGHT="40" HPOS="1407" VPOS="1097" WIDTH="22" />
<String CONTENT="col.)" HEIGHT="50" HPOS="1430" VPOS="1095" WIDTH="111" />
<SP HEIGHT="48" HPOS="1542" VPOS="1097" WIDTH="33" />
<String CONTENT="maps" HEIGHT="40" HPOS="1576" VPOS="1104" WIDTH="136" />
<SP HEIGHT="48" HPOS="1713" VPOS="1096" WIDTH="26" />
<String CONTENT="(part" HEIGHT="48" HPOS="1740" VPOS="1096" WIDTH="134" />
<SP HEIGHT="39" HPOS="1875" VPOS="1097" WIDTH="23" />
<String CONTENT="double)" HEIGHT="48" HPOS="1899" VPOS="1096" WIDTH="197" />
<SP HEIGHT="48" HPOS="2097" VPOS="1096" WIDTH="34" />
<String CONTENT="diagrs." HEIGHT="47" HPOS="2132" VPOS="1096" WIDTH="177" />
</TextLine>
<TextLine CS="1" HEIGHT="45" HPOS="316" STYLEREFS="StyleId-04CE1705-1280-437A-A1B5-B9F38F680D42-" VPOS="1152" WIDTH="147">
<String CONTENT="25&#189;" CS="1" HEIGHT="41" HPOS="316" VPOS="1152" WIDTH="57" />
<String CONTENT="cm" HEIGHT="22" HPOS="406" STYLE="superscript" VPOS="1155" WIDTH="45" />
<String CONTENT="." HEIGHT="8" HPOS="455" VPOS="1189" WIDTH="8" />
</TextLine>
<TextLine HEIGHT="50" HPOS="386" VPOS="1209" WIDTH="540">
<String CONTENT="Paged" HEIGHT="49" HPOS="386" VPOS="1210" WIDTH="161" />
<SP HEIGHT="40" HPOS="548" VPOS="1211" WIDTH="25" />
<String CONTENT="continuously." HEIGHT="48" HPOS="574" VPOS="1209" WIDTH="352" />
</TextLine>
<TextLine HEIGHT="50" HPOS="386" VPOS="1265" WIDTH="872">
<String CONTENT="Revision" HEIGHT="42" HPOS="386" VPOS="1265" WIDTH="231" />
<SP HEIGHT="29" HPOS="618" VPOS="1278" WIDTH="24" />
<String CONTENT="editor," HEIGHT="49" HPOS="643" VPOS="1266" WIDTH="170" />
<SP HEIGHT="50" HPOS="814" VPOS="1265" WIDTH="26" />
<String CONTENT="S." HEIGHT="42" HPOS="841" LANG="fr" VPOS="1265" WIDTH="43" />
<SP HEIGHT="41" HPOS="885" VPOS="1265" WIDTH="23" />
<String CONTENT="E." HEIGHT="42" HPOS="909" VPOS="1265" WIDTH="54" />
<SP HEIGHT="42" HPOS="964" VPOS="1265" WIDTH="22" />
<String CONTENT="Farquhar." HEIGHT="50" HPOS="987" VPOS="1265" WIDTH="271" />
</TextLine>
<TextLine CS="1" HEIGHT="50" HPOS="387" VPOS="1322" WIDTH="932">
<String CONTENT="Vol." HEIGHT="45" HPOS="387" VPOS="1322" WIDTH="102" />
<SP HEIGHT="43" HPOS="490" VPOS="1324" WIDTH="23" />
<String CONTENT="19;" CS="1" HEIGHT="41" HPOS="514" VPOS="1323" WIDTH="57" />
<SP HEIGHT="40" HPOS="597" VPOS="1323" WIDTH="26" />
<String CONTENT="Reading" HEIGHT="49" HPOS="624" VPOS="1322" WIDTH="222" />
<SP HEIGHT="38" HPOS="847" VPOS="1333" WIDTH="23" />
<String CONTENT="and" HEIGHT="40" HPOS="871" VPOS="1324" WIDTH="94" />
<SP HEIGHT="40" HPOS="966" VPOS="1324" WIDTH="26" />
<String CONTENT="study" HEIGHT="48" HPOS="993" VPOS="1324" WIDTH="146" />
<SP HEIGHT="39" HPOS="1140" VPOS="1333" WIDTH="21" />
<String CONTENT="guide." HEIGHT="49" HPOS="1162" VPOS="1322" WIDTH="157" />
</TextLine>
<TextLine CS="1" HEIGHT="106" HPOS="316" VPOS="1378" WIDTH="1975">
<String CONTENT="&#8220;The" HEIGHT="42" HPOS="392" VPOS="1379" WIDTH="128" />
<SP HEIGHT="42" HPOS="521" VPOS="1379" WIDTH="28" />
<String CONTENT="World" HEIGHT="41" HPOS="550" VPOS="1379" WIDTH="166" />
<SP HEIGHT="41" HPOS="717" VPOS="1379" WIDTH="25" />
<String CONTENT="book" HEIGHT="42" HPOS="743" VPOS="1379" WIDTH="124" />
<SP HEIGHT="41" HPOS="868" VPOS="1380" WIDTH="25" />
<String CONTENT="encyclopedia" HEIGHT="50" HPOS="894" VPOS="1378" WIDTH="339" />
<SP HEIGHT="42" HPOS="1234" VPOS="1378" WIDTH="25" />
<String CONTENT="bibliography;" CS="1" HEIGHT="49" HPOS="1260" VPOS="1378" WIDTH="338" />
<SP HEIGHT="37" HPOS="1625" VPOS="1390" WIDTH="33" />
<String CONTENT="a" HEIGHT="30" HPOS="1659" VPOS="1392" WIDTH="28" />
<SP HEIGHT="42" HPOS="1688" VPOS="1380" WIDTH="31" />
<String CONTENT="list" HEIGHT="41" HPOS="1720" VPOS="1380" WIDTH="84" />
<SP HEIGHT="39" HPOS="1805" VPOS="1382" WIDTH="29" />
<String CONTENT="of" HEIGHT="41" HPOS="1835" VPOS="1380" WIDTH="52" />
<SP HEIGHT="41" HPOS="1888" VPOS="1380" WIDTH="27" />
<String CONTENT="books" HEIGHT="41" HPOS="1916" VPOS="1380" WIDTH="149" />
<SP HEIGHT="41" HPOS="2066" VPOS="1380" WIDTH="29" />
<String CONTENT="for" HEIGHT="41" HPOS="2096" VPOS="1380" WIDTH="79" />
<SP HEIGHT="29" HPOS="2176" VPOS="1392" WIDTH="27" />
<String CONTENT="supplementary" HEIGHT="93" HPOS="316" VPOS="1391" WIDTH="1975" />
</TextLine>
<TextLine HEIGHT="50" HPOS="644" VPOS="1435" WIDTH="1664">
<String CONTENT="reading," HEIGHT="48" HPOS="644" VPOS="1436" WIDTH="214" />
<SP HEIGHT="36" HPOS="859" VPOS="1447" WIDTH="24" />
<String CONTENT="compiled" HEIGHT="48" HPOS="884" VPOS="1436" WIDTH="235" />
<SP HEIGHT="41" HPOS="1120" VPOS="1436" WIDTH="21" />
<String CONTENT="by" HEIGHT="48" HPOS="1142" VPOS="1436" WIDTH="63" />
<SP HEIGHT="48" HPOS="1206" VPOS="1436" WIDTH="23" />
<String CONTENT="James" HEIGHT="41" HPOS="1230" VPOS="1436" WIDTH="166" />
<SP HEIGHT="42" HPOS="1397" VPOS="1435" WIDTH="23" />
<String CONTENT="G." HEIGHT="42" HPOS="1421" VPOS="1435" WIDTH="54" />
<SP HEIGHT="40" HPOS="1476" VPOS="1436" WIDTH="21" />
<String CONTENT="Hodgson," HEIGHT="48" HPOS="1498" VPOS="1436" WIDTH="247" />
<SP HEIGHT="37" HPOS="1746" VPOS="1447" WIDTH="23" />
<String CONTENT="assisted" HEIGHT="41" HPOS="1770" VPOS="1438" WIDTH="209" />
<SP HEIGHT="41" HPOS="1980" VPOS="1438" WIDTH="22" />
<String CONTENT="by" HEIGHT="47" HPOS="2003" VPOS="1438" WIDTH="63" />
<SP HEIGHT="47" HPOS="2067" VPOS="1438" WIDTH="22" />
<String CONTENT="Mary" HEIGHT="47" HPOS="2090" VPOS="1438" WIDTH="140" />
<SP HEIGHT="47" HPOS="2231" VPOS="1438" WIDTH="25" />
<String CONTENT="E." HEIGHT="41" HPOS="2257" VPOS="1438" WIDTH="51" />
</TextLine>
<TextLine HEIGHT="51" HPOS="318" VPOS="1491" WIDTH="1278">
<String CONTENT="Foster&#8221;" HEIGHT="42" HPOS="318" VPOS="1491" WIDTH="200" />
<SP HEIGHT="49" HPOS="519" VPOS="1492" WIDTH="32" />
<String CONTENT="(19" HEIGHT="48" HPOS="552" VPOS="1493" WIDTH="80" />
<SP HEIGHT="48" HPOS="633" VPOS="1493" WIDTH="21" />
<String CONTENT="p." HEIGHT="38" HPOS="655" VPOS="1503" WIDTH="43" />
<SP HEIGHT="30" HPOS="699" VPOS="1504" WIDTH="26" />
<String CONTENT="at" HEIGHT="39" HPOS="726" VPOS="1495" WIDTH="51" />
<SP HEIGHT="39" HPOS="778" VPOS="1495" WIDTH="22" />
<String CONTENT="end" HEIGHT="40" HPOS="801" VPOS="1494" WIDTH="91" />
<SP HEIGHT="40" HPOS="893" VPOS="1494" WIDTH="22" />
<String CONTENT="of" HEIGHT="41" HPOS="916" VPOS="1493" WIDTH="53" />
<SP HEIGHT="39" HPOS="970" VPOS="1493" WIDTH="21" />
<String CONTENT="v." HEIGHT="30" HPOS="992" VPOS="1504" WIDTH="42" />
<SP HEIGHT="41" HPOS="1035" VPOS="1493" WIDTH="22" />
<String CONTENT="18)" HEIGHT="49" HPOS="1058" VPOS="1493" WIDTH="80" />
<SP HEIGHT="49" HPOS="1139" VPOS="1493" WIDTH="35" />
<String CONTENT="has" HEIGHT="41" HPOS="1175" VPOS="1493" WIDTH="90" />
<SP HEIGHT="31" HPOS="1266" VPOS="1503" WIDTH="24" />
<String CONTENT="special" HEIGHT="49" HPOS="1291" VPOS="1492" WIDTH="180" />
<SP HEIGHT="41" HPOS="1472" VPOS="1493" WIDTH="25" />
<String CONTENT="t.-p." HEIGHT="46" HPOS="1498" VPOS="1495" WIDTH="98" />
</TextLine>
<TextLine CS="1" HEIGHT="54" HPOS="320" VPOS="1547" WIDTH="1994">
<String CONTENT="&#169;" HEIGHT="54" HPOS="320" VPOS="1547" WIDTH="53" />
<SP HEIGHT="54" HPOS="374" VPOS="1547" WIDTH="21" />
<String CONTENT="Aug." HEIGHT="47" HPOS="396" VPOS="1553" WIDTH="121" />
<SP HEIGHT="40" HPOS="518" VPOS="1552" WIDTH="21" />
<String CONTENT="24," HEIGHT="47" HPOS="540" VPOS="1552" WIDTH="69" />
<SP HEIGHT="46" HPOS="610" VPOS="1553" WIDTH="25" />
<String CONTENT="1935;" CS="1" HEIGHT="41" HPOS="636" VPOS="1551" WIDTH="114" />
<SP HEIGHT="46" HPOS="777" VPOS="1552" WIDTH="24" />
<String CONTENT="2c." HEIGHT="40" HPOS="802" VPOS="1552" WIDTH="67" />
<SP HEIGHT="30" HPOS="870" VPOS="1562" WIDTH="19" />
<String CONTENT="each" HEIGHT="39" HPOS="890" VPOS="1553" WIDTH="121" />
<SP HEIGHT="41" HPOS="1012" VPOS="1551" WIDTH="25" />
<String CONTENT="Sept." HEIGHT="48" HPOS="1038" VPOS="1551" WIDTH="127" />
<SP HEIGHT="39" HPOS="1166" VPOS="1552" WIDTH="22" />
<String CONTENT="21;" CS="1" HEIGHT="39" HPOS="1189" VPOS="1552" WIDTH="55" />
<SP HEIGHT="36" HPOS="1272" VPOS="1562" WIDTH="27" />
<String CONTENT="aff." HEIGHT="41" HPOS="1300" VPOS="1551" WIDTH="80" />
<SP HEIGHT="40" HPOS="1381" VPOS="1552" WIDTH="28" />
<String CONTENT="Sept." HEIGHT="48" HPOS="1410" VPOS="1552" WIDTH="126" />
<SP HEIGHT="38" HPOS="1537" VPOS="1554" WIDTH="23" />
<String CONTENT="12;" CS="1" HEIGHT="40" HPOS="1561" VPOS="1552" WIDTH="54" />
<SP HEIGHT="46" HPOS="1644" VPOS="1553" WIDTH="23" />
<String CONTENT="A" HEIGHT="40" HPOS="1668" VPOS="1553" WIDTH="41" />
<SP HEIGHT="40" HPOS="1710" VPOS="1553" WIDTH="25" />
<String CONTENT="87213;" CS="1" HEIGHT="41" HPOS="1736" VPOS="1552" WIDTH="141" />
<SP HEIGHT="45" HPOS="1906" VPOS="1555" WIDTH="25" />
<String CONTENT="W." CS="1" HEIGHT="8" HPOS="1995" VPOS="1586" WIDTH="8" />
<SP HEIGHT="40" HPOS="2004" VPOS="1554" WIDTH="25" />
<String CONTENT="F." HEIGHT="40" HPOS="2030" VPOS="1554" WIDTH="51" />
<SP HEIGHT="47" HPOS="2082" VPOS="1554" WIDTH="25" />
<String CONTENT="Quarrie" HEIGHT="47" HPOS="2108" VPOS="1554" WIDTH="206" />
</TextLine>
<TextLine HEIGHT="50" HPOS="389" VPOS="1608" WIDTH="1622">
<String CONTENT="&amp;" HEIGHT="39" HPOS="389" VPOS="1609" WIDTH="37" />
<SP HEIGHT="39" HPOS="427" VPOS="1609" WIDTH="23" />
<String CONTENT="co." HEIGHT="28" HPOS="451" LANG="ru" VPOS="1620" WIDTH="67" />
<SP HEIGHT="28" HPOS="519" VPOS="1629" WIDTH="62" />
<String CONTENT="[Copyright" HEIGHT="49" HPOS="582" VPOS="1608" WIDTH="281" />
<SP HEIGHT="40" HPOS="864" VPOS="1608" WIDTH="25" />
<String CONTENT="is" HEIGHT="40" HPOS="890" VPOS="1608" WIDTH="43" />
<SP HEIGHT="28" HPOS="934" VPOS="1620" WIDTH="26" />
<String CONTENT="claimed" HEIGHT="40" HPOS="961" VPOS="1608" WIDTH="204" />
<SP HEIGHT="39" HPOS="1166" VPOS="1609" WIDTH="27" />
<String CONTENT="on" HEIGHT="29" HPOS="1194" VPOS="1619" WIDTH="60" />
<SP HEIGHT="27" HPOS="1255" VPOS="1619" WIDTH="28" />
<String CONTENT="new" HEIGHT="28" HPOS="1284" VPOS="1619" WIDTH="109" />
<SP HEIGHT="28" HPOS="1394" VPOS="1619" WIDTH="22" />
<String CONTENT="material]" HEIGHT="48" HPOS="1417" VPOS="1608" WIDTH="241" />
<SP HEIGHT="47" HPOS="1659" VPOS="1609" WIDTH="71" />
<String CONTENT="(35-16713)" HEIGHT="49" HPOS="1731" VPOS="1609" WIDTH="280" />
</TextLine>
<TextLine HEIGHT="66" HPOS="321" STYLEREFS="StyleId-65984435-D726-4A73-AC02-92C3DED3206C-" VPOS="1697" WIDTH="1026">
<String CONTENT="Worthen," HEIGHT="65" HPOS="321" VPOS="1697" WIDTH="303" />
<SP HEIGHT="63" HPOS="625" VPOS="1699" WIDTH="26" />
<String CONTENT="Edmund" HEIGHT="54" HPOS="652" VPOS="1698" WIDTH="271" />
<SP HEIGHT="54" HPOS="924" VPOS="1698" WIDTH="25" />
<String CONTENT="Louis," HEIGHT="65" HPOS="950" VPOS="1698" WIDTH="197" />
<SP HEIGHT="58" HPOS="1148" VPOS="1705" WIDTH="28" />
<String CONTENT="1882-" HEIGHT="50" HPOS="1177" VPOS="1703" WIDTH="170" />
</TextLine>
<TextLine HEIGHT="69" HPOS="389" STYLEREFS="StyleId-65984435-D726-4A73-AC02-92C3DED3206C-" VPOS="1774" WIDTH="1917">
<String CONTENT="Farm" HEIGHT="52" HPOS="389" VPOS="1775" WIDTH="175" />
<SP HEIGHT="35" HPOS="565" VPOS="1793" WIDTH="24" />
<String CONTENT="soils," HEIGHT="68" HPOS="590" VPOS="1774" WIDTH="155" />
<SP HEIGHT="62" HPOS="746" VPOS="1780" WIDTH="23" />
<String CONTENT="their" HEIGHT="54" HPOS="770" VPOS="1774" WIDTH="150" />
<SP HEIGHT="35" HPOS="921" VPOS="1793" WIDTH="24" />
<String CONTENT="management" HEIGHT="63" HPOS="946" VPOS="1780" WIDTH="397" />
<SP HEIGHT="48" HPOS="1344" VPOS="1780" WIDTH="26" />
<String CONTENT="and" HEIGHT="53" HPOS="1371" VPOS="1775" WIDTH="111" />
<SP HEIGHT="53" HPOS="1483" VPOS="1774" WIDTH="28" />
<String CONTENT="fertilization," HEIGHT="68" HPOS="1512" VPOS="1774" WIDTH="395" />
<SP HEIGHT="66" HPOS="1908" VPOS="1776" WIDTH="27" />
<String CONTENT="by" HEIGHT="67" HPOS="1936" VPOS="1776" WIDTH="73" />
<SP HEIGHT="66" HPOS="2010" VPOS="1777" WIDTH="27" />
<String CONTENT="Edmund" HEIGHT="54" HPOS="2038" VPOS="1775" WIDTH="268" />
</TextLine>
<TextLine CS="1" HEIGHT="70" HPOS="319" STYLEREFS="StyleId-65984435-D726-4A73-AC02-92C3DED3206C-" VPOS="1852" WIDTH="1959">
<String CONTENT="L." HEIGHT="53" HPOS="319" VPOS="1853" WIDTH="65" />
<SP HEIGHT="54" HPOS="385" VPOS="1853" WIDTH="39" />
<String CONTENT="Worthen" HEIGHT="55" HPOS="425" VPOS="1852" WIDTH="281" />
<SP HEIGHT="34" HPOS="707" VPOS="1871" WIDTH="43" />
<String CONTENT="&#8230;" HEIGHT="11" HPOS="751" VPOS="1894" WIDTH="58" />
<SP HEIGHT="50" HPOS="810" VPOS="1855" WIDTH="76" />
<String CONTENT="2d" HEIGHT="53" HPOS="887" VPOS="1852" WIDTH="73" />
<SP HEIGHT="54" HPOS="961" VPOS="1852" WIDTH="41" />
<String CONTENT="ed." HEIGHT="53" HPOS="1003" VPOS="1853" WIDTH="85" />
<SP HEIGHT="52" HPOS="1089" VPOS="1853" WIDTH="76" />
<String CONTENT="New" HEIGHT="52" HPOS="1166" VPOS="1853" WIDTH="139" />
<SP HEIGHT="51" HPOS="1306" VPOS="1854" WIDTH="42" />
<String CONTENT="York," HEIGHT="68" HPOS="1349" VPOS="1853" WIDTH="179" />
<SP HEIGHT="68" HPOS="1529" VPOS="1853" WIDTH="40" />
<String CONTENT="J." HEIGHT="54" HPOS="1570" VPOS="1853" WIDTH="57" />
<SP HEIGHT="54" HPOS="1628" VPOS="1853" WIDTH="40" />
<String CONTENT="Wiley" HEIGHT="69" HPOS="1669" VPOS="1853" WIDTH="191" />
<SP HEIGHT="66" HPOS="1861" VPOS="1856" WIDTH="36" />
<String CONTENT="&amp;" HEIGHT="50" HPOS="1898" VPOS="1856" WIDTH="47" />
<SP HEIGHT="51" HPOS="1946" VPOS="1856" WIDTH="36" />
<String CONTENT="sons," HEIGHT="51" HPOS="1983" VPOS="1871" WIDTH="149" />
<SP HEIGHT="65" HPOS="2133" VPOS="1857" WIDTH="36" />
<String CONTENT="inc.;" CS="1" HEIGHT="50" HPOS="2170" VPOS="1857" WIDTH="108" />
</TextLine>
<TextLine HEIGHT="69" HPOS="319" STYLEREFS="StyleId-65984435-D726-4A73-AC02-92C3DED3206C-" VPOS="1929" WIDTH="1296">
<String CONTENT="London," HEIGHT="68" HPOS="319" VPOS="1930" WIDTH="258" />
<SP HEIGHT="69" HPOS="578" VPOS="1929" WIDTH="26" />
<String CONTENT="Chapman" HEIGHT="69" HPOS="605" VPOS="1929" WIDTH="301" />
<SP HEIGHT="51" HPOS="907" VPOS="1933" WIDTH="25" />
<String CONTENT="&amp;" HEIGHT="51" HPOS="933" VPOS="1933" WIDTH="47" />
<SP HEIGHT="54" HPOS="981" VPOS="1930" WIDTH="24" />
<String CONTENT="Hall," HEIGHT="68" HPOS="1006" VPOS="1930" WIDTH="162" />
<SP HEIGHT="67" HPOS="1169" VPOS="1931" WIDTH="23" />
<String CONTENT="limited," HEIGHT="68" HPOS="1193" VPOS="1929" WIDTH="241" />
<SP HEIGHT="64" HPOS="1435" VPOS="1933" WIDTH="28" />
<String CONTENT="1935." HEIGHT="51" HPOS="1464" VPOS="1933" WIDTH="151" />
</TextLine>
<TextLine CS="1" HEIGHT="52" HPOS="387" VPOS="2001" WIDTH="1922">
<String CONTENT="xiii," HEIGHT="49" HPOS="387" VPOS="2004" WIDTH="105" />
<SP HEIGHT="48" HPOS="493" VPOS="2005" WIDTH="31" />
<String CONTENT="468" HEIGHT="41" HPOS="525" VPOS="2004" WIDTH="89" />
<SP HEIGHT="48" HPOS="615" VPOS="2004" WIDTH="29" />
<String CONTENT="p." HEIGHT="37" HPOS="645" VPOS="2015" WIDTH="44" />
<SP HEIGHT="41" HPOS="690" VPOS="2003" WIDTH="32" />
<String CONTENT="incl." HEIGHT="41" HPOS="723" VPOS="2003" WIDTH="110" />
<SP HEIGHT="41" HPOS="834" VPOS="2003" WIDTH="35" />
<String CONTENT="front.," HEIGHT="49" HPOS="870" VPOS="2003" WIDTH="164" />
<SP HEIGHT="48" HPOS="1035" VPOS="2004" WIDTH="34" />
<String CONTENT="illus.," HEIGHT="47" HPOS="1070" VPOS="2004" WIDTH="144" />
<SP HEIGHT="47" HPOS="1215" VPOS="2004" WIDTH="33" />
<String CONTENT="diagrs." HEIGHT="49" HPOS="1249" VPOS="2002" WIDTH="180" />
<SP HEIGHT="40" HPOS="1430" VPOS="2003" WIDTH="64" />
<String CONTENT="21" HEIGHT="40" HPOS="1495" VPOS="2003" WIDTH="56" />
<String CONTENT="cm" HEIGHT="22" HPOS="1554" STYLE="superscript" VPOS="2006" WIDTH="44" />
<String CONTENT="." HEIGHT="9" HPOS="1603" VPOS="2035" WIDTH="9" />
<SP HEIGHT="48" HPOS="1613" VPOS="2004" WIDTH="74" />
<String CONTENT="(Half-title;" CS="1" HEIGHT="51" HPOS="1688" VPOS="2001" WIDTH="278" />
<SP HEIGHT="39" HPOS="1988" VPOS="2005" WIDTH="31" />
<String CONTENT="The" HEIGHT="39" HPOS="2020" VPOS="2005" WIDTH="102" />
<SP HEIGHT="39" HPOS="2123" VPOS="2006" WIDTH="35" />
<String CONTENT="Wiley" HEIGHT="48" HPOS="2159" VPOS="2005" WIDTH="150" />
</TextLine>
<TextLine HEIGHT="51" HPOS="318" VPOS="2058" WIDTH="1725">
<String CONTENT="farm" HEIGHT="41" HPOS="318" VPOS="2061" WIDTH="132" />
<SP HEIGHT="29" HPOS="451" VPOS="2073" WIDTH="25" />
<String CONTENT="series," HEIGHT="46" HPOS="477" VPOS="2062" WIDTH="163" />
<SP HEIGHT="37" HPOS="641" VPOS="2071" WIDTH="27" />
<String CONTENT="ed." HEIGHT="39" HPOS="669" VPOS="2062" WIDTH="70" />
<SP HEIGHT="40" HPOS="740" VPOS="2061" WIDTH="26" />
<String CONTENT="by" HEIGHT="48" HPOS="767" VPOS="2061" WIDTH="62" />
<SP HEIGHT="48" HPOS="830" VPOS="2061" WIDTH="25" />
<String CONTENT="A." HEIGHT="39" HPOS="856" VPOS="2061" WIDTH="53" />
<SP HEIGHT="39" HPOS="910" VPOS="2061" WIDTH="26" />
<String CONTENT="K." HEIGHT="40" HPOS="937" VPOS="2061" WIDTH="60" />
<SP HEIGHT="41" HPOS="998" VPOS="2060" WIDTH="28" />
<String CONTENT="Getman" HEIGHT="41" HPOS="1027" VPOS="2060" WIDTH="205" />
<SP HEIGHT="29" HPOS="1233" VPOS="2071" WIDTH="34" />
<String CONTENT="&#8230;" HEIGHT="9" HPOS="1268" VPOS="2091" WIDTH="45" />
<SP HEIGHT="30" HPOS="1314" VPOS="2070" WIDTH="29" />
<String CONTENT="and" HEIGHT="39" HPOS="1344" VPOS="2061" WIDTH="95" />
<SP HEIGHT="42" HPOS="1440" VPOS="2060" WIDTH="28" />
<String CONTENT="O." HEIGHT="42" HPOS="1469" LANG="ru" VPOS="2060" WIDTH="49" />
<SP HEIGHT="39" HPOS="1519" VPOS="2061" WIDTH="28" />
<String CONTENT="E." HEIGHT="39" HPOS="1548" VPOS="2061" WIDTH="53" />
<SP HEIGHT="40" HPOS="1602" VPOS="2060" WIDTH="28" />
<String CONTENT="Ladd)" HEIGHT="47" HPOS="1631" VPOS="2060" WIDTH="161" />
<SP HEIGHT="50" HPOS="1793" VPOS="2058" WIDTH="121" />
<String CONTENT="$2.75" HEIGHT="50" HPOS="1915" VPOS="2058" WIDTH="128" />
</TextLine>
<TextLine CS="1" HEIGHT="100" HPOS="320" VPOS="2117" WIDTH="1970">
<String CONTENT="&#8220;Extensive" HEIGHT="42" HPOS="390" VPOS="2117" WIDTH="294" />
<SP HEIGHT="30" HPOS="685" VPOS="2129" WIDTH="38" />
<String CONTENT="changes" HEIGHT="49" HPOS="724" VPOS="2117" WIDTH="209" />
<SP HEIGHT="29" HPOS="934" VPOS="2129" WIDTH="44" />
<String CONTENT="&#8230;" HEIGHT="10" HPOS="979" VPOS="2148" WIDTH="46" />
<SP HEIGHT="40" HPOS="1026" VPOS="2118" WIDTH="43" />
<String CONTENT="have" HEIGHT="40" HPOS="1070" VPOS="2118" WIDTH="124" />
<SP HEIGHT="41" HPOS="1195" VPOS="2117" WIDTH="42" />
<String CONTENT="been" HEIGHT="40" HPOS="1238" VPOS="2117" WIDTH="117" />
<SP HEIGHT="28" HPOS="1356" VPOS="2128" WIDTH="42" />
<String CONTENT="made" HEIGHT="40" HPOS="1399" VPOS="2117" WIDTH="143" />
<SP HEIGHT="38" HPOS="1543" VPOS="2119" WIDTH="41" />
<String CONTENT="throughout" HEIGHT="48" HPOS="1585" VPOS="2118" WIDTH="298" />
<SP HEIGHT="39" HPOS="1884" VPOS="2119" WIDTH="44" />
<String CONTENT="this" HEIGHT="41" HPOS="1929" VPOS="2117" WIDTH="99" />
<SP HEIGHT="29" HPOS="2029" VPOS="2129" WIDTH="39" />
<String CONTENT="new" HEIGHT="31" HPOS="2069" VPOS="2127" WIDTH="106" />
<SP HEIGHT="30" HPOS="2176" VPOS="2129" WIDTH="41" />
<String CONTENT="edition.&#8221;&#8212;Pref." HEIGHT="100" HPOS="320" VPOS="2117" WIDTH="1970" />
<SP HEIGHT="39" HPOS="656" VPOS="2177" WIDTH="25" />
<String CONTENT="to" HEIGHT="39" HPOS="682" VPOS="2177" WIDTH="49" />
<SP HEIGHT="41" HPOS="732" VPOS="2174" WIDTH="22" />
<String CONTENT="2d" HEIGHT="41" HPOS="755" VPOS="2174" WIDTH="59" />
<SP HEIGHT="40" HPOS="815" VPOS="2175" WIDTH="23" />
<String CONTENT="ed." HEIGHT="40" HPOS="839" VPOS="2175" WIDTH="71" />
</TextLine>
<TextLine HEIGHT="48" HPOS="391" VPOS="2230" WIDTH="1010">
<String CONTENT="&#8220;References&#8221;" HEIGHT="42" HPOS="391" VPOS="2231" WIDTH="347" />
<SP HEIGHT="41" HPOS="739" VPOS="2231" WIDTH="25" />
<String CONTENT="at" HEIGHT="38" HPOS="765" VPOS="2234" WIDTH="55" />
<SP HEIGHT="38" HPOS="821" VPOS="2234" WIDTH="20" />
<String CONTENT="end" HEIGHT="40" HPOS="842" VPOS="2232" WIDTH="93" />
<SP HEIGHT="39" HPOS="936" VPOS="2232" WIDTH="23" />
<String CONTENT="of" HEIGHT="41" HPOS="960" VPOS="2230" WIDTH="54" />
<SP HEIGHT="41" HPOS="1015" VPOS="2230" WIDTH="23" />
<String CONTENT="each" HEIGHT="40" HPOS="1039" VPOS="2231" WIDTH="120" />
<SP HEIGHT="40" HPOS="1160" VPOS="2231" WIDTH="25" />
<String CONTENT="chapter." HEIGHT="47" HPOS="1186" VPOS="2231" WIDTH="215" />
</TextLine>
<TextLine CS="1" HEIGHT="53" HPOS="322" VPOS="2285" WIDTH="1986">
<String CONTENT="&#169;" HEIGHT="53" HPOS="322" VPOS="2285" WIDTH="52" />
<SP HEIGHT="53" HPOS="375" VPOS="2285" WIDTH="25" />
<String CONTENT="Aug." HEIGHT="48" HPOS="401" VPOS="2289" WIDTH="121" />
<SP HEIGHT="40" HPOS="523" VPOS="2289" WIDTH="23" />
<String CONTENT="21," HEIGHT="46" HPOS="547" VPOS="2289" WIDTH="70" />
<SP HEIGHT="46" HPOS="618" VPOS="2289" WIDTH="24" />
<String CONTENT="1935;" CS="1" HEIGHT="41" HPOS="643" VPOS="2287" WIDTH="114" />
<SP HEIGHT="47" HPOS="784" VPOS="2287" WIDTH="30" />
<String CONTENT="2c." HEIGHT="41" HPOS="815" VPOS="2287" WIDTH="66" />
<SP HEIGHT="29" HPOS="882" VPOS="2299" WIDTH="27" />
<String CONTENT="and" HEIGHT="40" HPOS="910" VPOS="2288" WIDTH="95" />
<SP HEIGHT="40" HPOS="1006" VPOS="2288" WIDTH="28" />
<String CONTENT="aff." CS="1" HEIGHT="41" HPOS="1035" VPOS="2287" WIDTH="82" />
<SP HEIGHT="40" HPOS="1118" VPOS="2287" WIDTH="29" />
<String CONTENT="Aug." HEIGHT="48" HPOS="1148" VPOS="2287" WIDTH="120" />
<SP HEIGHT="39" HPOS="1269" VPOS="2287" WIDTH="25" />
<String CONTENT="23;" CS="1" HEIGHT="40" HPOS="1295" VPOS="2287" WIDTH="55" />
<SP HEIGHT="45" HPOS="1379" VPOS="2288" WIDTH="30" />
<String CONTENT="A" HEIGHT="38" HPOS="1410" VPOS="2288" WIDTH="40" />
<SP HEIGHT="39" HPOS="1451" VPOS="2288" WIDTH="28" />
<String CONTENT="85590;" CS="1" HEIGHT="41" HPOS="1480" VPOS="2286" WIDTH="146" />
<SP HEIGHT="45" HPOS="1650" VPOS="2288" WIDTH="32" />
<String CONTENT="E." HEIGHT="38" HPOS="1683" LANG="fr" VPOS="2288" WIDTH="52" />
<SP HEIGHT="39" HPOS="1736" VPOS="2287" WIDTH="28" />
<String CONTENT="L." HEIGHT="39" HPOS="1765" VPOS="2287" WIDTH="48" />
<SP HEIGHT="39" HPOS="1814" VPOS="2288" WIDTH="32" />
<String CONTENT="Worthen," HEIGHT="47" HPOS="1847" VPOS="2287" WIDTH="246" />
<SP HEIGHT="45" HPOS="2094" VPOS="2289" WIDTH="31" />
<String CONTENT="Ithaca," HEIGHT="46" HPOS="2126" VPOS="2289" WIDTH="182" />
</TextLine>
<TextLine HEIGHT="50" HPOS="392" VPOS="2344" WIDTH="487">
<String CONTENT="N." HEIGHT="39" HPOS="392" VPOS="2347" WIDTH="56" />
<SP HEIGHT="39" HPOS="449" VPOS="2347" WIDTH="26" />
<String CONTENT="Y." HEIGHT="38" HPOS="476" VPOS="2347" WIDTH="52" />
<SP HEIGHT="49" HPOS="529" VPOS="2345" WIDTH="71" />
<String CONTENT="(35-15752)" HEIGHT="50" HPOS="601" VPOS="2344" WIDTH="278" />
</TextLine>
<TextLine HEIGHT="65" HPOS="322" STYLEREFS="StyleId-65984435-D726-4A73-AC02-92C3DED3206C-" VPOS="2434" WIDTH="1123">
<String CONTENT="Wren," HEIGHT="63" HPOS="322" VPOS="2436" WIDTH="194" />
<SP HEIGHT="63" HPOS="517" VPOS="2436" WIDTH="25" />
<String CONTENT="Percival" HEIGHT="53" HPOS="543" VPOS="2435" WIDTH="267" />
<SP HEIGHT="54" HPOS="811" VPOS="2434" WIDTH="26" />
<String CONTENT="Christopher," HEIGHT="64" HPOS="838" VPOS="2434" WIDTH="405" />
<SP HEIGHT="59" HPOS="1244" VPOS="2439" WIDTH="28" />
<String CONTENT="1885-" HEIGHT="50" HPOS="1273" VPOS="2438" WIDTH="172" />
</TextLine>
<TextLine HEIGHT="68" HPOS="391" STYLEREFS="StyleId-65984435-D726-4A73-AC02-92C3DED3206C-" VPOS="2511" WIDTH="1917">
<String CONTENT="The" HEIGHT="52" HPOS="391" VPOS="2514" WIDTH="119" />
<SP HEIGHT="52" HPOS="511" VPOS="2514" WIDTH="26" />
<String CONTENT="desert" HEIGHT="52" HPOS="538" VPOS="2514" WIDTH="187" />
<SP HEIGHT="52" HPOS="726" VPOS="2513" WIDTH="22" />
<String CONTENT="heritage," HEIGHT="66" HPOS="749" VPOS="2513" WIDTH="273" />
<SP HEIGHT="66" HPOS="1023" VPOS="2512" WIDTH="24" />
<String CONTENT="by" HEIGHT="66" HPOS="1048" VPOS="2512" WIDTH="75" />
<SP HEIGHT="65" HPOS="1124" VPOS="2513" WIDTH="24" />
<String CONTENT="Percival" HEIGHT="54" HPOS="1149" VPOS="2511" WIDTH="261" />
<SP HEIGHT="55" HPOS="1411" VPOS="2511" WIDTH="27" />
<String CONTENT="Christopher" HEIGHT="66" HPOS="1439" VPOS="2511" WIDTH="374" />
<SP HEIGHT="53" HPOS="1814" VPOS="2512" WIDTH="23" />
<String CONTENT="Wren." HEIGHT="53" HPOS="1838" VPOS="2512" WIDTH="191" />
<SP HEIGHT="51" HPOS="2030" VPOS="2512" WIDTH="65" />
<String CONTENT="Boston" HEIGHT="53" HPOS="2096" VPOS="2512" WIDTH="212" />
</TextLine>
<TextLine HEIGHT="70" HPOS="322" STYLEREFS="StyleId-65984435-D726-4A73-AC02-92C3DED3206C-" VPOS="2586" WIDTH="1560">
<String CONTENT="and" HEIGHT="53" HPOS="322" VPOS="2592" WIDTH="111" />
<SP HEIGHT="51" HPOS="434" VPOS="2592" WIDTH="26" />
<String CONTENT="New" HEIGHT="51" HPOS="461" VPOS="2592" WIDTH="138" />
<SP HEIGHT="51" HPOS="600" VPOS="2593" WIDTH="27" />
<String CONTENT="York," HEIGHT="66" HPOS="628" VPOS="2590" WIDTH="179" />
<SP HEIGHT="66" HPOS="808" VPOS="2590" WIDTH="24" />
<String CONTENT="Houghton" HEIGHT="67" HPOS="833" VPOS="2589" WIDTH="318" />
<SP HEIGHT="52" HPOS="1152" VPOS="2590" WIDTH="26" />
<String CONTENT="Mifflin" HEIGHT="56" HPOS="1179" VPOS="2586" WIDTH="202" />
<SP HEIGHT="35" HPOS="1382" VPOS="2606" WIDTH="25" />
<String CONTENT="company," HEIGHT="50" HPOS="1408" VPOS="2605" WIDTH="297" />
<SP HEIGHT="62" HPOS="1706" VPOS="2593" WIDTH="27" />
<String CONTENT="1935." HEIGHT="50" HPOS="1734" VPOS="2591" WIDTH="148" />
</TextLine>
<TextLine CS="1" HEIGHT="50" HPOS="389" VPOS="2662" WIDTH="649">
<String CONTENT="3" HEIGHT="40" HPOS="389" VPOS="2665" WIDTH="30" />
<SP />
<String CONTENT="p." HEIGHT="36" HPOS="443" VPOS="2676" WIDTH="43" />
<SP />
<String CONTENT="l.," CS="1" />
<SP />
<String CONTENT="337," HEIGHT="46" HPOS="583" VPOS="2664" WIDTH="98" />
<SP HEIGHT="29" HPOS="682" VPOS="2683" WIDTH="30" />
<String CONTENT="[1]" HEIGHT="48" HPOS="713" VPOS="2664" WIDTH="53" />
<SP HEIGHT="39" HPOS="767" VPOS="2673" WIDTH="27" />
<String CONTENT="p." HEIGHT="37" HPOS="795" VPOS="2673" WIDTH="44" />
<SP HEIGHT="38" HPOS="840" VPOS="2664" WIDTH="53" />
<String CONTENT="19&#189;cm." CS="1" HEIGHT="40" HPOS="894" VPOS="2662" WIDTH="144" />
</TextLine>
<TextLine HEIGHT="50" HPOS="391" VPOS="2716" WIDTH="1918">
<String CONTENT="&#8220;This" HEIGHT="38" HPOS="391" VPOS="2721" WIDTH="146" />
<SP HEIGHT="28" HPOS="538" VPOS="2731" WIDTH="27" />
<String CONTENT="novel" HEIGHT="37" HPOS="566" VPOS="2721" WIDTH="139" />
<SP HEIGHT="38" HPOS="706" VPOS="2719" WIDTH="27" />
<String CONTENT="is" HEIGHT="39" HPOS="734" VPOS="2719" WIDTH="42" />
<SP HEIGHT="36" HPOS="777" VPOS="2730" WIDTH="29" />
<String CONTENT="published" HEIGHT="47" HPOS="807" VPOS="2719" WIDTH="252" />
<SP HEIGHT="38" HPOS="1060" VPOS="2719" WIDTH="26" />
<String CONTENT="by" HEIGHT="45" HPOS="1087" VPOS="2719" WIDTH="65" />
<SP HEIGHT="47" HPOS="1153" VPOS="2717" WIDTH="23" />
<String CONTENT="John" HEIGHT="40" HPOS="1177" VPOS="2717" WIDTH="130" />
<SP HEIGHT="37" HPOS="1308" VPOS="2718" WIDTH="28" />
<String CONTENT="Murray" HEIGHT="45" HPOS="1337" VPOS="2718" WIDTH="201" />
<SP HEIGHT="47" HPOS="1539" VPOS="2716" WIDTH="29" />
<String CONTENT="in" HEIGHT="38" HPOS="1569" VPOS="2716" WIDTH="49" />
<SP HEIGHT="37" HPOS="1619" VPOS="2717" WIDTH="31" />
<String CONTENT="England" HEIGHT="46" HPOS="1651" VPOS="2717" WIDTH="222" />
<SP HEIGHT="38" HPOS="1874" VPOS="2717" WIDTH="31" />
<String CONTENT="under" HEIGHT="42" HPOS="1906" VPOS="2717" WIDTH="152" />
<SP HEIGHT="36" HPOS="2059" VPOS="2719" WIDTH="30" />
<String CONTENT="the" HEIGHT="39" HPOS="2090" VPOS="2717" WIDTH="81" />
<SP HEIGHT="37" HPOS="2172" VPOS="2719" WIDTH="30" />
<String CONTENT="title" HEIGHT="39" HPOS="2203" VPOS="2716" WIDTH="106" />
</TextLine>
<TextLine HEIGHT="50" HPOS="322" VPOS="2774" WIDTH="468">
<String CONTENT="&#8216;Spanish" HEIGHT="48" HPOS="322" VPOS="2776" WIDTH="224" />
<SP HEIGHT="38" HPOS="547" VPOS="2777" WIDTH="24" />
<String CONTENT="maine&#8217;.&#8221;" HEIGHT="41" HPOS="572" VPOS="2774" WIDTH="218" />
</TextLine>
<TextLine CS="1" HEIGHT="110" HPOS="323" VPOS="2826" WIDTH="1968">
<String CONTENT="&#169;" HEIGHT="53" HPOS="323" VPOS="2829" WIDTH="52" />
<SP HEIGHT="53" HPOS="376" VPOS="2829" WIDTH="28" />
<String CONTENT="Sept." HEIGHT="47" HPOS="405" VPOS="2834" WIDTH="127" />
<SP HEIGHT="39" HPOS="533" VPOS="2833" WIDTH="21" />
<String CONTENT="3," HEIGHT="45" HPOS="555" VPOS="2833" WIDTH="40" />
<SP HEIGHT="45" HPOS="596" VPOS="2833" WIDTH="25" />
<String CONTENT="1935;" HEIGHT="46" HPOS="622" VPOS="2831" WIDTH="140" />
<SP HEIGHT="46" HPOS="763" VPOS="2831" WIDTH="26" />
<String CONTENT="2c." HEIGHT="40" HPOS="790" VPOS="2831" WIDTH="68" />
<SP HEIGHT="40" HPOS="859" VPOS="2831" WIDTH="27" />
<String CONTENT="Sept." HEIGHT="48" HPOS="887" VPOS="2831" WIDTH="126" />
<SP HEIGHT="39" HPOS="1014" VPOS="2831" WIDTH="25" />
<String CONTENT="7;" CS="1" HEIGHT="39" HPOS="1040" VPOS="2831" WIDTH="25" />
<SP HEIGHT="36" HPOS="1093" VPOS="2840" WIDTH="27" />
<String CONTENT="aff." HEIGHT="41" HPOS="1121" VPOS="2828" WIDTH="79" />
<SP HEIGHT="41" HPOS="1201" VPOS="2828" WIDTH="30" />
<String CONTENT="Sept." HEIGHT="49" HPOS="1232" VPOS="2828" WIDTH="127" />
<SP HEIGHT="39" HPOS="1360" VPOS="2829" WIDTH="27" />
<String CONTENT="6;" HEIGHT="46" HPOS="1388" VPOS="2829" WIDTH="51" />
<SP HEIGHT="47" HPOS="1440" VPOS="2828" WIDTH="28" />
<String CONTENT="A" HEIGHT="39" HPOS="1469" VPOS="2828" WIDTH="40" />
<SP HEIGHT="40" HPOS="1510" VPOS="2828" WIDTH="24" />
<String CONTENT="86220;" HEIGHT="48" HPOS="1535" VPOS="2826" WIDTH="170" />
<SP HEIGHT="46" HPOS="1706" VPOS="2828" WIDTH="29" />
<String CONTENT="P." HEIGHT="38" HPOS="1736" LANG="fr" VPOS="2828" WIDTH="50" />
<SP HEIGHT="41" HPOS="1787" VPOS="2827" WIDTH="26" />
<String CONTENT="C." HEIGHT="41" HPOS="1814" VPOS="2827" WIDTH="49" />
<SP HEIGHT="40" HPOS="1864" VPOS="2828" WIDTH="26" />
<String CONTENT="Wren," HEIGHT="47" HPOS="1891" VPOS="2828" WIDTH="160" />
<SP HEIGHT="47" HPOS="2052" VPOS="2828" WIDTH="23" />
<String CONTENT="Beaconsfield," HEIGHT="108" HPOS="390" VPOS="2828" WIDTH="1901" />
</TextLine>
<TextLine HEIGHT="51" HPOS="549" VPOS="2886" WIDTH="587">
<String CONTENT="England." HEIGHT="49" HPOS="549" VPOS="2888" WIDTH="237" />
<SP HEIGHT="48" HPOS="787" VPOS="2886" WIDTH="69" />
<String CONTENT="(35-14880)" HEIGHT="49" HPOS="857" VPOS="2886" WIDTH="279" />
</TextLine>
<TextLine HEIGHT="66" HPOS="320" STYLEREFS="StyleId-3DC33619-7084-49D8-BF1E-4435DE68E09D-" VPOS="2976" WIDTH="915">
<String CONTENT="Wrench," HEIGHT="64" HPOS="320" VPOS="2978" WIDTH="271" />
<SP HEIGHT="63" HPOS="592" VPOS="2979" WIDTH="28" />
<String CONTENT="Jesse" HEIGHT="52" HPOS="621" VPOS="2979" WIDTH="168" />
<SP HEIGHT="52" HPOS="790" VPOS="2978" WIDTH="27" />
<String CONTENT="Erwin," HEIGHT="65" HPOS="818" VPOS="2976" WIDTH="217" />
<SP HEIGHT="59" HPOS="1036" VPOS="2982" WIDTH="28" />
<String CONTENT="1882-" HEIGHT="49" HPOS="1065" VPOS="2981" WIDTH="170" />
</TextLine>
<TextLine HEIGHT="68" HPOS="391" STYLEREFS="StyleId-65984435-D726-4A73-AC02-92C3DED3206C-" VPOS="3050" WIDTH="1912">
<String CONTENT="The" HEIGHT="52" HPOS="391" VPOS="3056" WIDTH="123" />
<SP HEIGHT="34" HPOS="515" VPOS="3074" WIDTH="36" />
<String CONTENT="march" HEIGHT="51" HPOS="552" VPOS="3056" WIDTH="195" />
<SP HEIGHT="52" HPOS="748" VPOS="3056" WIDTH="39" />
<String CONTENT="of" HEIGHT="54" HPOS="788" VPOS="3054" WIDTH="63" />
<SP HEIGHT="52" HPOS="852" VPOS="3054" WIDTH="38" />
<String CONTENT="civilization," HEIGHT="65" HPOS="891" VPOS="3053" WIDTH="368" />
<SP HEIGHT="47" HPOS="1260" VPOS="3071" WIDTH="39" />
<String CONTENT="ancient," HEIGHT="66" HPOS="1300" VPOS="3052" WIDTH="240" />
<SP HEIGHT="48" HPOS="1541" VPOS="3070" WIDTH="38" />
<String CONTENT="medieval," HEIGHT="66" HPOS="1580" VPOS="3050" WIDTH="298" />
<SP HEIGHT="47" HPOS="1879" VPOS="3069" WIDTH="41" />
<String CONTENT="and" HEIGHT="53" HPOS="1921" VPOS="3050" WIDTH="111" />
<SP HEIGHT="52" HPOS="2033" VPOS="3050" WIDTH="39" />
<String CONTENT="modern" HEIGHT="53" HPOS="2073" VPOS="3050" WIDTH="230" />
</TextLine>
<TextLine HEIGHT="72" HPOS="323" STYLEREFS="StyleId-65984435-D726-4A73-AC02-92C3DED3206C-" VPOS="3127" WIDTH="1976">
<String CONTENT="world," HEIGHT="65" HPOS="323" VPOS="3134" WIDTH="197" />
<SP HEIGHT="66" HPOS="521" VPOS="3133" WIDTH="42" />
<String CONTENT="by" HEIGHT="66" HPOS="564" VPOS="3133" WIDTH="74" />
<SP HEIGHT="64" HPOS="639" VPOS="3135" WIDTH="46" />
<String CONTENT="Jesse" HEIGHT="53" HPOS="686" VPOS="3135" WIDTH="157" />
<SP HEIGHT="50" HPOS="844" VPOS="3134" WIDTH="44" />
<String CONTENT="E." HEIGHT="50" HPOS="889" VPOS="3134" WIDTH="67" />
<SP HEIGHT="52" HPOS="957" VPOS="3133" WIDTH="47" />
<String CONTENT="Wrench" HEIGHT="55" HPOS="1005" VPOS="3130" WIDTH="248" />
<SP HEIGHT="53" HPOS="1254" VPOS="3130" WIDTH="50" />
<String CONTENT="&#8230;" HEIGHT="8" HPOS="1305" VPOS="3175" WIDTH="55" />
<SP HEIGHT="53" HPOS="1361" VPOS="3130" WIDTH="85" />
<String CONTENT="New" HEIGHT="52" HPOS="1447" VPOS="3130" WIDTH="138" />
<SP HEIGHT="51" HPOS="1586" VPOS="3130" WIDTH="46" />
<String CONTENT="York," HEIGHT="68" HPOS="1633" VPOS="3127" WIDTH="180" />
<SP HEIGHT="67" HPOS="1814" VPOS="3128" WIDTH="46" />
<String CONTENT="Chicago" HEIGHT="67" HPOS="1861" VPOS="3128" WIDTH="251" />
<SP HEIGHT="49" HPOS="2113" VPOS="3146" WIDTH="52" />
<String CONTENT="[etc.]" HEIGHT="63" HPOS="2166" VPOS="3132" WIDTH="133" />
</TextLine>
<TextLine HEIGHT="66" HPOS="322" STYLEREFS="StyleId-65984435-D726-4A73-AC02-92C3DED3206C-" VPOS="3210" WIDTH="783">
<String CONTENT="C." HEIGHT="54" HPOS="322" VPOS="3213" WIDTH="62" />
<SP HEIGHT="55" HPOS="385" VPOS="3211" WIDTH="30" />
<String CONTENT="Scribner&#8217;s" HEIGHT="56" HPOS="416" VPOS="3210" WIDTH="310" />
<SP HEIGHT="34" HPOS="727" VPOS="3229" WIDTH="25" />
<String CONTENT="sons" HEIGHT="34" HPOS="753" VPOS="3229" WIDTH="127" />
<SP HEIGHT="47" HPOS="881" VPOS="3229" WIDTH="31" />
<String CONTENT="[" HEIGHT="34" HPOS="913" VPOS="3242" WIDTH="13" />
<String CONTENT="c" HEIGHT="21" HPOS="928" STYLE="superscript" VPOS="3216" WIDTH="21" />
<String CONTENT="1935]" HEIGHT="63" HPOS="954" VPOS="3211" WIDTH="151" />
</TextLine>
<TextLine CS="1" HEIGHT="54" HPOS="390" VPOS="3276" WIDTH="1725">
<String CONTENT="xxviii," HEIGHT="46" HPOS="390" VPOS="3283" WIDTH="170" />
<SP HEIGHT="45" HPOS="561" VPOS="3284" WIDTH="26" />
<String CONTENT="867" HEIGHT="40" HPOS="588" VPOS="3283" WIDTH="87" />
<SP HEIGHT="46" HPOS="676" VPOS="3284" WIDTH="21" />
<String CONTENT="p." HEIGHT="37" HPOS="698" VPOS="3293" WIDTH="43" />
<SP HEIGHT="28" HPOS="742" VPOS="3293" WIDTH="53" />
<String CONTENT="col." HEIGHT="39" HPOS="796" VPOS="3282" WIDTH="83" />
<SP HEIGHT="38" HPOS="880" VPOS="3282" WIDTH="26" />
<String CONTENT="front.," HEIGHT="46" HPOS="907" VPOS="3282" WIDTH="163" />
<SP HEIGHT="45" HPOS="1071" VPOS="3283" WIDTH="26" />
<String CONTENT="illus.," HEIGHT="47" HPOS="1098" VPOS="3281" WIDTH="143" />
<SP HEIGHT="38" HPOS="1242" VPOS="3290" WIDTH="28" />
<String CONTENT="col." HEIGHT="39" HPOS="1271" VPOS="3280" WIDTH="86" />
<SP HEIGHT="37" HPOS="1358" VPOS="3290" WIDTH="26" />
<String CONTENT="plates," HEIGHT="47" HPOS="1385" VPOS="3280" WIDTH="170" />
<SP HEIGHT="38" HPOS="1556" VPOS="3289" WIDTH="27" />
<String CONTENT="maps," HEIGHT="37" HPOS="1584" VPOS="3288" WIDTH="151" />
<SP HEIGHT="47" HPOS="1736" VPOS="3278" WIDTH="29" />
<String CONTENT="diagrs." HEIGHT="49" HPOS="1766" VPOS="3276" WIDTH="177" />
<SP HEIGHT="40" HPOS="1944" VPOS="3276" WIDTH="56" />
<String CONTENT="20cm." CS="1" HEIGHT="40" HPOS="2001" VPOS="3276" WIDTH="114" />
</TextLine>
<TextLine HEIGHT="44" HPOS="390" VPOS="3336" WIDTH="936">
<String CONTENT="Published" HEIGHT="40" HPOS="390" VPOS="3340" WIDTH="263" />
<SP HEIGHT="40" HPOS="654" VPOS="3339" WIDTH="25" />
<String CONTENT="in" HEIGHT="38" HPOS="680" VPOS="3339" WIDTH="50" />
<SP HEIGHT="37" HPOS="731" VPOS="3340" WIDTH="26" />
<String CONTENT="1931" HEIGHT="40" HPOS="758" VPOS="3338" WIDTH="113" />
<SP HEIGHT="39" HPOS="872" VPOS="3338" WIDTH="25" />
<String CONTENT="in" HEIGHT="38" HPOS="898" VPOS="3338" WIDTH="50" />
<SP HEIGHT="37" HPOS="949" VPOS="3340" WIDTH="25" />
<String CONTENT="two" HEIGHT="37" HPOS="975" VPOS="3340" WIDTH="94" />
<SP HEIGHT="29" HPOS="1070" VPOS="3347" WIDTH="28" />
<String CONTENT="volumes." HEIGHT="40" HPOS="1099" VPOS="3336" WIDTH="227" />
</TextLine>
<TextLine HEIGHT="51" HPOS="393" VPOS="3392" WIDTH="1235">
<String CONTENT="Bibliography" HEIGHT="47" HPOS="393" VPOS="3396" WIDTH="348" />
<SP HEIGHT="37" HPOS="742" VPOS="3405" WIDTH="28" />
<String CONTENT="at" HEIGHT="37" HPOS="771" VPOS="3398" WIDTH="51" />
<SP HEIGHT="37" HPOS="823" VPOS="3398" WIDTH="27" />
<String CONTENT="end" HEIGHT="39" HPOS="851" VPOS="3395" WIDTH="90" />
<SP HEIGHT="39" HPOS="942" VPOS="3395" WIDTH="27" />
<String CONTENT="of" HEIGHT="38" HPOS="970" VPOS="3394" WIDTH="53" />
<SP HEIGHT="38" HPOS="1024" VPOS="3394" WIDTH="23" />
<String CONTENT="most" HEIGHT="38" HPOS="1048" VPOS="3395" WIDTH="128" />
<SP HEIGHT="37" HPOS="1177" VPOS="3395" WIDTH="24" />
<String CONTENT="of" HEIGHT="39" HPOS="1202" VPOS="3393" WIDTH="52" />
<SP HEIGHT="39" HPOS="1255" VPOS="3393" WIDTH="23" />
<String CONTENT="the" HEIGHT="40" HPOS="1279" VPOS="3392" WIDTH="84" />
<SP HEIGHT="28" HPOS="1364" VPOS="3403" WIDTH="24" />
<String CONTENT="chapters." HEIGHT="46" HPOS="1389" VPOS="3392" WIDTH="239" />
</TextLine>
<TextLine CS="1" HEIGHT="59" HPOS="322" VPOS="3443" WIDTH="1979">
<String CONTENT="&#169;" HEIGHT="53" HPOS="322" VPOS="3449" WIDTH="52" />
<SP HEIGHT="53" HPOS="375" VPOS="3449" WIDTH="25" />
<String CONTENT="July" HEIGHT="46" HPOS="401" VPOS="3454" WIDTH="116" />
<SP HEIGHT="48" HPOS="518" VPOS="3452" WIDTH="24" />
<String CONTENT="26," HEIGHT="49" HPOS="543" VPOS="3452" WIDTH="68" />
<SP HEIGHT="49" HPOS="612" VPOS="3452" WIDTH="26" />
<String CONTENT="1935;" CS="1" HEIGHT="40" HPOS="639" VPOS="3451" WIDTH="113" />
<SP HEIGHT="47" HPOS="780" VPOS="3450" WIDTH="26" />
<String CONTENT="2c." HEIGHT="40" HPOS="807" VPOS="3450" WIDTH="66" />
<SP HEIGHT="29" HPOS="874" VPOS="3461" WIDTH="26" />
<String CONTENT="and" HEIGHT="39" HPOS="901" VPOS="3451" WIDTH="96" />
<SP HEIGHT="38" HPOS="998" VPOS="3451" WIDTH="24" />
<String CONTENT="aff." HEIGHT="40" HPOS="1023" VPOS="3449" WIDTH="81" />
<SP HEIGHT="40" HPOS="1105" VPOS="3449" WIDTH="26" />
<String CONTENT="Aug." HEIGHT="46" HPOS="1132" VPOS="3449" WIDTH="118" />
<SP HEIGHT="38" HPOS="1251" VPOS="3449" WIDTH="25" />
<String CONTENT="17;" CS="1" HEIGHT="38" HPOS="1277" VPOS="3449" WIDTH="55" />
<SP HEIGHT="46" HPOS="1360" VPOS="3448" WIDTH="26" />
<String CONTENT="A" HEIGHT="38" HPOS="1387" VPOS="3448" WIDTH="41" />
<SP HEIGHT="40" HPOS="1429" VPOS="3447" WIDTH="24" />
<String CONTENT="85875;" HEIGHT="45" HPOS="1454" VPOS="3447" WIDTH="169" />
<SP HEIGHT="46" HPOS="1624" VPOS="3446" WIDTH="31" />
<String CONTENT="Charles" HEIGHT="40" HPOS="1656" VPOS="3446" WIDTH="202" />
<SP HEIGHT="41" HPOS="1859" VPOS="3444" WIDTH="29" />
<String CONTENT="Scribner&#8217;s" HEIGHT="42" HPOS="1889" VPOS="3443" WIDTH="262" />
<SP HEIGHT="29" HPOS="2152" VPOS="3455" WIDTH="28" />
<String CONTENT="sons." HEIGHT="32" HPOS="2181" VPOS="3452" WIDTH="120" />
</TextLine>
<TextLine CS="1" HEIGHT="114" HPOS="395" VPOS="3499" WIDTH="1605">
<String CONTENT="[Copyright" HEIGHT="50" HPOS="395" VPOS="3508" WIDTH="280" />
<SP HEIGHT="40" HPOS="676" VPOS="3508" WIDTH="23" />
<String CONTENT="is" HEIGHT="40" HPOS="700" VPOS="3508" WIDTH="45" />
<SP HEIGHT="30" HPOS="746" VPOS="3518" WIDTH="22" />
<String CONTENT="claimed" HEIGHT="41" HPOS="769" VPOS="3506" WIDTH="203" />
<SP HEIGHT="40" HPOS="973" VPOS="3507" WIDTH="27" />
<String CONTENT="on" HEIGHT="30" HPOS="1001" VPOS="3516" WIDTH="59" />
<SP HEIGHT="29" HPOS="1061" VPOS="3515" WIDTH="27" />
<String CONTENT="new" HEIGHT="29" HPOS="1089" VPOS="3515" WIDTH="107" />
<SP HEIGHT="29" HPOS="1197" VPOS="3516" WIDTH="24" />
<String CONTENT="chapter" HEIGHT="46" HPOS="1222" VPOS="3505" WIDTH="204" />
<SP HEIGHT="28" HPOS="1427" VPOS="3514" WIDTH="20" />
<String CONTENT="LXXIX" CS="1" />
<SP HEIGHT="29" HPOS="1600" VPOS="3512" WIDTH="25" />
<String CONTENT="and" HEIGHT="38" HPOS="1626" VPOS="3503" WIDTH="95" />
<SP HEIGHT="38" HPOS="1722" VPOS="3503" WIDTH="27" />
<String CONTENT="revisions]" HEIGHT="49" HPOS="1750" VPOS="3499" WIDTH="250" />
<SP />
<String CONTENT="(35-15886)" HEIGHT="48" HPOS="401" VPOS="3565" WIDTH="278" />
</TextLine>
<TextLine HEIGHT="66" HPOS="323" STYLEREFS="StyleId-3DC33619-7084-49D8-BF1E-4435DE68E09D-" VPOS="3653" WIDTH="526">
<String CONTENT="Yeager," HEIGHT="65" HPOS="323" VPOS="3654" WIDTH="250" />
<SP HEIGHT="64" HPOS="574" VPOS="3655" WIDTH="26" />
<String CONTENT="Dorr" HEIGHT="52" HPOS="601" VPOS="3655" WIDTH="154" />
<SP HEIGHT="54" HPOS="756" VPOS="3653" WIDTH="26" />
<String CONTENT="G." HEIGHT="55" HPOS="783" VPOS="3653" WIDTH="66" />
</TextLine>
<TextLine HEIGHT="76" HPOS="391" STYLEREFS="StyleId-65984435-D726-4A73-AC02-92C3DED3206C-" VPOS="3721" WIDTH="1906">
<String CONTENT="Bob" HEIGHT="52" HPOS="391" VPOS="3732" WIDTH="124" />
<SP HEIGHT="52" HPOS="516" VPOS="3732" WIDTH="29" />
<String CONTENT="Flame," HEIGHT="65" HPOS="546" VPOS="3732" WIDTH="216" />
<SP HEIGHT="67" HPOS="763" VPOS="3730" WIDTH="24" />
<String CONTENT="Rocky" HEIGHT="67" HPOS="788" VPOS="3728" WIDTH="197" />
<SP HEIGHT="50" HPOS="986" VPOS="3745" WIDTH="28" />
<String CONTENT="mountain" HEIGHT="56" HPOS="1015" VPOS="3725" WIDTH="296" />
<SP HEIGHT="34" HPOS="1312" VPOS="3745" WIDTH="27" />
<String CONTENT="ranger," HEIGHT="50" HPOS="1340" VPOS="3743" WIDTH="226" />
<SP HEIGHT="68" HPOS="1567" VPOS="3724" WIDTH="26" />
<String CONTENT="by" HEIGHT="67" HPOS="1594" VPOS="3724" WIDTH="77" />
<SP HEIGHT="68" HPOS="1672" VPOS="3723" WIDTH="27" />
<String CONTENT="Dorr" HEIGHT="52" HPOS="1700" VPOS="3723" WIDTH="158" />
<SP HEIGHT="55" HPOS="1859" VPOS="3721" WIDTH="25" />
<String CONTENT="G." HEIGHT="55" HPOS="1885" VPOS="3721" WIDTH="69" />
<SP HEIGHT="52" HPOS="1955" VPOS="3721" WIDTH="31" />
<String CONTENT="Yeager" HEIGHT="67" HPOS="1987" VPOS="3721" WIDTH="222" />
<SP HEIGHT="32" HPOS="2210" VPOS="3740" WIDTH="35" />
<String CONTENT="&#8230;" HEIGHT="11" HPOS="2246" VPOS="3758" WIDTH="51" />
</TextLine>
<TextLine HEIGHT="67" HPOS="321" STYLEREFS="StyleId-65984435-D726-4A73-AC02-92C3DED3206C-" VPOS="3805" WIDTH="1328">
<String CONTENT="New" HEIGHT="52" HPOS="321" VPOS="3809" WIDTH="138" />
<SP HEIGHT="50" HPOS="460" VPOS="3810" WIDTH="22" />
<String CONTENT="York," HEIGHT="64" HPOS="483" VPOS="3807" WIDTH="179" />
<SP HEIGHT="63" HPOS="663" VPOS="3808" WIDTH="23" />
<String CONTENT="Dodd," HEIGHT="65" HPOS="687" VPOS="3807" WIDTH="191" />
<SP HEIGHT="66" HPOS="879" VPOS="3806" WIDTH="23" />
<String CONTENT="Mead" HEIGHT="53" HPOS="903" VPOS="3805" WIDTH="171" />
<SP HEIGHT="52" HPOS="1075" VPOS="3805" WIDTH="25" />
<String CONTENT="&amp;" HEIGHT="50" HPOS="1101" VPOS="3806" WIDTH="46" />
<SP HEIGHT="50" HPOS="1148" VPOS="3806" WIDTH="25" />
<String CONTENT="company," HEIGHT="49" HPOS="1174" VPOS="3819" WIDTH="295" />
<SP HEIGHT="62" HPOS="1470" VPOS="3806" WIDTH="29" />
<String CONTENT="1935." HEIGHT="48" HPOS="1500" VPOS="3805" WIDTH="149" />
</TextLine>
<TextLine CS="1" HEIGHT="53" HPOS="393" VPOS="3875" WIDTH="936">
<String CONTENT="5" HEIGHT="39" HPOS="393" VPOS="3881" WIDTH="27" />
<SP HEIGHT="47" HPOS="421" VPOS="3881" WIDTH="23" />
<String CONTENT="p." HEIGHT="37" HPOS="445" VPOS="3891" WIDTH="42" />
<SP HEIGHT="37" HPOS="488" VPOS="3882" WIDTH="26" />
<String CONTENT="l.," CS="1" HEIGHT="16" HPOS="548" VPOS="3910" WIDTH="8" />
<SP HEIGHT="46" HPOS="557" VPOS="3880" WIDTH="28" />
<String CONTENT="278" HEIGHT="40" HPOS="586" VPOS="3880" WIDTH="87" />
<SP HEIGHT="47" HPOS="674" VPOS="3880" WIDTH="19" />
<String CONTENT="p." HEIGHT="37" HPOS="694" VPOS="3890" WIDTH="41" />
<SP HEIGHT="39" HPOS="736" VPOS="3878" WIDTH="58" />
<String CONTENT="front.," HEIGHT="46" HPOS="795" VPOS="3878" WIDTH="162" />
<SP HEIGHT="38" HPOS="958" VPOS="3887" WIDTH="25" />
<String CONTENT="plates." HEIGHT="48" HPOS="984" VPOS="3877" WIDTH="169" />
<SP HEIGHT="40" HPOS="1154" VPOS="3875" WIDTH="57" />
<String CONTENT="21" HEIGHT="39" HPOS="1212" VPOS="3875" WIDTH="55" />
<String CONTENT="cm" HEIGHT="21" HPOS="1272" STYLE="superscript" VPOS="3877" WIDTH="43" />
<String CONTENT="." HEIGHT="9" HPOS="1320" VPOS="3906" WIDTH="9" />
</TextLine>
<TextLine HEIGHT="61" HPOS="324" VPOS="3925" WIDTH="1974">
<String CONTENT="&#169;" HEIGHT="54" HPOS="324" VPOS="3932" WIDTH="53" />
<SP HEIGHT="54" HPOS="378" VPOS="3932" WIDTH="35" />
<String CONTENT="Sept." HEIGHT="47" HPOS="414" VPOS="3937" WIDTH="128" />
<SP HEIGHT="39" HPOS="543" VPOS="3937" WIDTH="33" />
<String CONTENT="18," HEIGHT="46" HPOS="577" VPOS="3936" WIDTH="68" />
<SP HEIGHT="46" HPOS="646" VPOS="3936" WIDTH="33" />
<String CONTENT="1935;" HEIGHT="45" HPOS="680" VPOS="3934" WIDTH="139" />
<SP HEIGHT="45" HPOS="820" VPOS="3934" WIDTH="36" />
<String CONTENT="2c." HEIGHT="39" HPOS="857" VPOS="3934" WIDTH="65" />
<SP HEIGHT="40" HPOS="923" VPOS="3933" WIDTH="34" />
<String CONTENT="Sept." HEIGHT="47" HPOS="958" VPOS="3933" WIDTH="127" />
<SP HEIGHT="39" HPOS="1086" VPOS="3932" WIDTH="32" />
<String CONTENT="23;" HEIGHT="45" HPOS="1119" VPOS="3932" WIDTH="82" />
<SP HEIGHT="36" HPOS="1202" VPOS="3941" WIDTH="36" />
<String CONTENT="aff." HEIGHT="39" HPOS="1239" VPOS="3931" WIDTH="82" />
<SP HEIGHT="40" HPOS="1322" VPOS="3930" WIDTH="37" />
<String CONTENT="Sept." HEIGHT="47" HPOS="1360" VPOS="3930" WIDTH="126" />
<SP HEIGHT="41" HPOS="1487" VPOS="3928" WIDTH="34" />
<String CONTENT="21;" HEIGHT="46" HPOS="1522" VPOS="3928" WIDTH="82" />
<SP HEIGHT="45" HPOS="1605" VPOS="3929" WIDTH="36" />
<String CONTENT="A" HEIGHT="38" HPOS="1642" VPOS="3929" WIDTH="40" />
<SP HEIGHT="39" HPOS="1683" VPOS="3929" WIDTH="32" />
<String CONTENT="87180;" HEIGHT="47" HPOS="1716" VPOS="3926" WIDTH="168" />
<SP HEIGHT="46" HPOS="1885" VPOS="3927" WIDTH="38" />
<String CONTENT="D." HEIGHT="38" HPOS="1924" VPOS="3927" WIDTH="57" />
<SP HEIGHT="40" HPOS="1982" VPOS="3925" WIDTH="35" />
<String CONTENT="G." HEIGHT="40" HPOS="2018" VPOS="3925" WIDTH="51" />
<SP HEIGHT="40" HPOS="2070" VPOS="3925" WIDTH="35" />
<String CONTENT="Yeager," HEIGHT="44" HPOS="2106" VPOS="3925" WIDTH="192" />
</TextLine>
<TextLine HEIGHT="52" HPOS="393" VPOS="3986" WIDTH="790">
<String CONTENT="Estes" HEIGHT="38" HPOS="393" VPOS="3995" WIDTH="143" />
<SP HEIGHT="39" HPOS="537" VPOS="3993" WIDTH="27" />
<String CONTENT="Park," HEIGHT="46" HPOS="565" VPOS="3992" WIDTH="142" />
<SP HEIGHT="47" HPOS="708" VPOS="3991" WIDTH="29" />
<String CONTENT="Col." HEIGHT="40" HPOS="738" VPOS="3991" WIDTH="98" />
<SP HEIGHT="48" HPOS="837" VPOS="3989" WIDTH="67" />
<String CONTENT="(35-16583)" HEIGHT="51" HPOS="905" VPOS="3986" WIDTH="278" />
</TextLine>
</TextBlock>
</PrintSpace>
</Page>
</Layout>
</alto>