<alto xmlns="http://www.loc.gov/standards/alto/ns-v3#" xmlns:xlink="http://www.w3.org/1999/xlink" xmlns:xsi="http://www.w3.org/2001/XMLSchema-instance" xsi:schemaLocation="http://www.loc.gov/standards/alto/ns-v3# http://www.loc.gov/alto/v3/alto-3-0.xsd"><Description>
<MeasurementUnit>pixel</MeasurementUnit>
<sourceImageInformation>
<fileName>1935_v32_Part1.pdf</fileName>
</sourceImageInformation>
<OCRProcessing ID="IdOcr">
<ocrProcessingStep>
<processingDateTime>2019-01-15</processingDateTime>
<processingSoftware>
<softwareCreator>ABBYY</softwareCreator>
<softwareName>ABBYY Recognition Server</softwareName>
<softwareVersion>4.0</softwareVersion>
</processingSoftware>
</ocrProcessingStep>
</OCRProcessing>
</Description>
<Styles>
<ParagraphStyle ID="StyleId-FFFFFFFF-FFFF-FFFF-FFFF-FFFFFFFFFFFF-" ALIGN="Left" LEFT="0." RIGHT="0." FIRSTLINE="0."/>
<ParagraphStyle ID="StyleId-09A13A44-4F77-4ABE-84F3-84CC8B3C72CE-" ALIGN="Left" LEFT="0." RIGHT="0." FIRSTLINE="0." LINESPACE="7.699999809"/>
<ParagraphStyle ID="StyleId-1F945060-F8CD-4435-B69A-5FF49DB0C586-" ALIGN="Left" LEFT="0." RIGHT="0." FIRSTLINE="-10." LINESPACE="12.19999981"/>
<ParagraphStyle ID="StyleId-C6CAE747-F5A4-4D0D-8D74-D452DA7E2C1C-" ALIGN="Block" LEFT="0." RIGHT="0." FIRSTLINE="-14." LINESPACE="8.350000381"/>
<ParagraphStyle ID="StyleId-FC0F3374-189A-459E-BE29-2DC14180F022-" ALIGN="Left" LEFT="0." RIGHT="0." FIRSTLINE="0."/>
<ParagraphStyle ID="StyleId-49397C49-A894-4B3E-BA5E-1126226BA375-" ALIGN="Left" LEFT="0." RIGHT="0." FIRSTLINE="-12." LINESPACE="11.09000015"/>
<ParagraphStyle ID="StyleId-9E34DD3A-E661-48BD-A3A1-6A3D48346F00-" ALIGN="Block" LEFT="0." RIGHT="0." FIRSTLINE="-14." LINESPACE="11.09000015"/>
<ParagraphStyle ID="StyleId-56CE54AA-A08B-4BAA-8605-F26020A0E36E-" ALIGN="Left" LEFT="0." RIGHT="0." FIRSTLINE="0." LINESPACE="9.399999619"/>
<ParagraphStyle ID="StyleId-77814FFC-C42F-4AA9-9880-EF33B947DEC8-" ALIGN="Left" LEFT="0." RIGHT="0." FIRSTLINE="-11." LINESPACE="11.06999969"/>
<ParagraphStyle ID="StyleId-FDE92EC0-67DC-4C7B-8A24-094B12C38B6C-" ALIGN="Center" LEFT="0." RIGHT="0." FIRSTLINE="0." LINESPACE="11.30000019"/>
<ParagraphStyle ID="StyleId-65180E3B-4C93-4FB8-81EE-E026DD63DBF3-" ALIGN="Left" LEFT="0." RIGHT="0." FIRSTLINE="0." LINESPACE="11.10000038"/>
<ParagraphStyle ID="StyleId-10E885C2-5813-4620-B0AA-0FBA30CF7A32-" ALIGN="Left" LEFT="0." RIGHT="0." FIRSTLINE="0." LINESPACE="9.5"/>
<ParagraphStyle ID="StyleId-913C2DB5-9F02-4067-BAF7-0AED37B60BBE-" ALIGN="Left" LEFT="0." RIGHT="0." FIRSTLINE="0." LINESPACE="6.099999905"/>
<ParagraphStyle ID="StyleId-9C79A9D2-8F08-4A8F-985D-B00E253ED1E5-" ALIGN="Left" LEFT="0." RIGHT="0." FIRSTLINE="0." LINESPACE="4.400000095"/>
<ParagraphStyle ID="StyleId-A41F0407-FEFE-4738-9EC5-E05AFFF62781-" ALIGN="Left" LEFT="0." RIGHT="0." FIRSTLINE="0." LINESPACE="7.300000191"/>
<ParagraphStyle ID="StyleId-61D37176-94E8-408D-9B87-01C406CE8AB2-" ALIGN="Left" LEFT="0." RIGHT="0." FIRSTLINE="0." LINESPACE="8.050000191"/>
</Styles>
<Layout>
<Page ID="Page1410" PHYSICAL_IMG_NR="1410" HEIGHT="4375" WIDTH="2424">
<TopMargin HEIGHT="448" WIDTH="2424" VPOS="0" HPOS="0">
</TopMargin>
<LeftMargin HEIGHT="3674" WIDTH="240" VPOS="448" HPOS="0">
</LeftMargin>
<RightMargin HEIGHT="3674" WIDTH="164" VPOS="448" HPOS="2260">
</RightMargin>
<BottomMargin HEIGHT="253" WIDTH="2424" VPOS="4122" HPOS="0">
</BottomMargin>
<PrintSpace HEIGHT="3674" WIDTH="2020" VPOS="448" HPOS="240">
<TextBlock ID="Page1410_Block1" HEIGHT="70" WIDTH="154" VPOS="4052" HPOS="1170" LANG="en-US" STYLEREFS="StyleId-5311BD3C-C431-4354-ABD4-026E03A6FD30-">
<TextLine HEIGHT="50" WIDTH="133" VPOS="4062" HPOS="1181">
<String CONTENT="1410" HEIGHT="50" WIDTH="133" VPOS="4062" HPOS="1181"/>
</TextLine>
</TextBlock>
<TextBlock ID="Page1410_Block2" HEIGHT="3608" WIDTH="2020" VPOS="448" HPOS="240" LANG="en-US" CS="1" STYLEREFS="StyleId-8919D81C-5523-4978-BD4D-26E29987A528-">
<TextLine HEIGHT="66" WIDTH="916" VPOS="458" HPOS="253" STYLEREFS="StyleId-366EFC2C-2875-458E-ABC0-A79D4E294B9F-">
<String CONTENT="Bays," HEIGHT="65" WIDTH="178" VPOS="458" HPOS="253"/>
<SP HEIGHT="64" WIDTH="25" VPOS="459" HPOS="432"/>
<String CONTENT="Alfred" HEIGHT="54" WIDTH="211" VPOS="459" HPOS="458"/>
<SP HEIGHT="54" WIDTH="23" VPOS="461" HPOS="670"/>
<String CONTENT="William," HEIGHT="66" WIDTH="274" VPOS="458" HPOS="694"/>
<SP HEIGHT="58" WIDTH="27" VPOS="466" HPOS="969"/>
<String CONTENT="1876-" HEIGHT="54" WIDTH="172" VPOS="461" HPOS="997"/>
</TextLine>
<TextLine HEIGHT="69" WIDTH="1860" VPOS="537" HPOS="384" STYLEREFS="StyleId-455B2233-2DB6-40B5-A419-44C39D750252-" CS="1">
<String CS="1" CONTENT="&#8230;"/>
<SP HEIGHT="50" WIDTH="40" VPOS="539" HPOS="384"/>
<String CONTENT="The" HEIGHT="51" WIDTH="121" VPOS="539" HPOS="425"/>
<SP HEIGHT="50" WIDTH="35" VPOS="540" HPOS="547"/>
<String CONTENT="law" HEIGHT="50" WIDTH="108" VPOS="540" HPOS="583"/>
<SP HEIGHT="35" WIDTH="36" VPOS="555" HPOS="692"/>
<String CONTENT="of" HEIGHT="52" WIDTH="64" VPOS="538" HPOS="729"/>
<SP HEIGHT="53" WIDTH="34" VPOS="538" HPOS="794"/>
<String CONTENT="insurance," HEIGHT="62" WIDTH="314" VPOS="540" HPOS="829"/>
<SP HEIGHT="46" WIDTH="38" VPOS="556" HPOS="1144"/>
<String CONTENT="with" HEIGHT="52" WIDTH="138" VPOS="537" HPOS="1183"/>
<SP HEIGHT="65" WIDTH="37" VPOS="539" HPOS="1322"/>
<String CONTENT="questions" HEIGHT="66" WIDTH="285" VPOS="538" HPOS="1360"/>
<SP HEIGHT="34" WIDTH="38" VPOS="557" HPOS="1646"/>
<String CONTENT="and" HEIGHT="52" WIDTH="111" VPOS="539" HPOS="1685"/>
<SP HEIGHT="66" WIDTH="37" VPOS="539" HPOS="1797"/>
<String CONTENT="problems," HEIGHT="67" WIDTH="300" VPOS="538" HPOS="1835"/>
<SP HEIGHT="65" WIDTH="34" VPOS="540" HPOS="2136"/>
<String CONTENT="by" HEIGHT="66" WIDTH="73" VPOS="540" HPOS="2171"/>
</TextLine>
<TextLine HEIGHT="147" WIDTH="1970" VPOS="615" HPOS="250" STYLEREFS="StyleId-455B2233-2DB6-40B5-A419-44C39D750252-" CS="1">
<String CONTENT="Alfred" HEIGHT="53" WIDTH="212" VPOS="616" HPOS="251"/>
<SP HEIGHT="54" WIDTH="29" VPOS="617" HPOS="464"/>
<String CONTENT="W." HEIGHT="54" WIDTH="91" VPOS="617" HPOS="494"/>
<SP HEIGHT="51" WIDTH="32" VPOS="617" HPOS="586"/>
<String CONTENT="Bays" HEIGHT="66" WIDTH="154" VPOS="617" HPOS="619"/>
<SP HEIGHT="33" WIDTH="37" VPOS="636" HPOS="774"/>
<String CS="1" CONTENT="&#8230;"/>
<SP HEIGHT="48" WIDTH="71" VPOS="619" HPOS="867"/>
<String CONTENT="2d" HEIGHT="52" WIDTH="71" VPOS="616" HPOS="939"/>
<SP HEIGHT="52" WIDTH="31" VPOS="616" HPOS="1011"/>
<String CONTENT="ed." HEIGHT="52" WIDTH="84" VPOS="616" HPOS="1043"/>
<SP HEIGHT="10" WIDTH="40" VPOS="658" HPOS="1128"/>
<String CS="1" CONTENT="&#8230;"/>
<SP HEIGHT="55" WIDTH="73" VPOS="616" HPOS="1225"/>
<String CONTENT="Chicago," HEIGHT="67" WIDTH="270" VPOS="616" HPOS="1299"/>
<SP HEIGHT="65" WIDTH="31" VPOS="616" HPOS="1570"/>
<String CONTENT="Callaghan" HEIGHT="68" WIDTH="319" VPOS="615" HPOS="1602"/>
<SP HEIGHT="35" WIDTH="33" VPOS="634" HPOS="1922"/>
<String CONTENT="and" HEIGHT="53" WIDTH="111" VPOS="616" HPOS="1956"/>
<SP HEIGHT="53" WIDTH="32" VPOS="616" HPOS="2068"/>
<String CONTENT="company," HEIGHT="129" WIDTH="1970" VPOS="633" HPOS="250"/>
<SP HEIGHT="57" WIDTH="30" VPOS="701" HPOS="424"/>
<String CONTENT="1935." HEIGHT="51" WIDTH="149" VPOS="698" HPOS="455"/>
</TextLine>
<TextLine HEIGHT="51" WIDTH="1918" VPOS="778" HPOS="321" CS="1">
<String CONTENT="viii," HEIGHT="47" WIDTH="101" VPOS="781" HPOS="321"/>
<SP HEIGHT="46" WIDTH="34" VPOS="782" HPOS="423"/>
<String CONTENT="116" HEIGHT="40" WIDTH="86" VPOS="781" HPOS="458"/>
<SP HEIGHT="48" WIDTH="31" VPOS="781" HPOS="545"/>
<String CONTENT="p." HEIGHT="38" WIDTH="42" VPOS="791" HPOS="577"/>
<SP HEIGHT="39" WIDTH="64" VPOS="781" HPOS="620"/>
<String CONTENT="19" HEIGHT="41" WIDTH="54" VPOS="779" HPOS="685"/>
<String STYLE="superscript" CONTENT="cm" HEIGHT="21" WIDTH="43" VPOS="782" HPOS="743"/>
<String CONTENT="." HEIGHT="8" WIDTH="7" VPOS="811" HPOS="791"/>
<SP HEIGHT="48" WIDTH="75" VPOS="780" HPOS="799"/>
<String CONTENT="(His" HEIGHT="50" WIDTH="114" VPOS="778" HPOS="875"/>
<SP HEIGHT="38" WIDTH="35" VPOS="781" HPOS="990"/>
<String CONTENT="American" HEIGHT="40" WIDTH="258" VPOS="779" HPOS="1026"/>
<SP HEIGHT="30" WIDTH="35" VPOS="790" HPOS="1285"/>
<String CONTENT="commercial" HEIGHT="40" WIDTH="307" VPOS="780" HPOS="1321"/>
<SP HEIGHT="38" WIDTH="34" VPOS="781" HPOS="1629"/>
<String CONTENT="law" HEIGHT="39" WIDTH="94" VPOS="781" HPOS="1664"/>
<SP HEIGHT="29" WIDTH="36" VPOS="791" HPOS="1759"/>
<String CS="1" CONTENT="series." HEIGHT="42" WIDTH="150" VPOS="778" HPOS="1796"/>
<SP HEIGHT="40" WIDTH="65" VPOS="781" HPOS="1960"/>
<String CONTENT="book" HEIGHT="40" WIDTH="121" VPOS="781" HPOS="2026"/>
<SP HEIGHT="39" WIDTH="35" VPOS="782" HPOS="2148"/>
<String CS="1" CONTENT="X)" HEIGHT="49" WIDTH="13" VPOS="780" HPOS="2226"/>
</TextLine>
<TextLine HEIGHT="42" WIDTH="742" VPOS="836" HPOS="319">
<String CONTENT="&#8220;National" HEIGHT="40" WIDTH="261" VPOS="838" HPOS="319"/>
<SP HEIGHT="40" WIDTH="29" VPOS="838" HPOS="581"/>
<String CONTENT="textbook" HEIGHT="41" WIDTH="230" VPOS="837" HPOS="611"/>
<SP HEIGHT="40" WIDTH="27" VPOS="837" HPOS="842"/>
<String CONTENT="series.&#8221;" HEIGHT="41" WIDTH="191" VPOS="836" HPOS="870"/>
</TextLine>
<TextLine HEIGHT="43" WIDTH="1413" VPOS="906" HPOS="319">
<String CONTENT="Oil" HEIGHT="41" WIDTH="73" VPOS="908" HPOS="319"/>
<SP HEIGHT="29" WIDTH="26" VPOS="920" HPOS="393"/>
<String CONTENT="cover:" HEIGHT="31" WIDTH="167" VPOS="918" HPOS="420"/>
<SP HEIGHT="41" WIDTH="29" VPOS="907" HPOS="588"/>
<String CONTENT="Commercial" HEIGHT="41" WIDTH="316" VPOS="907" HPOS="618"/>
<SP HEIGHT="38" WIDTH="26" VPOS="908" HPOS="935"/>
<String CONTENT="law." HEIGHT="39" WIDTH="108" VPOS="908" HPOS="962"/>
<SP HEIGHT="39" WIDTH="56" VPOS="907" HPOS="1071"/>
<String CONTENT="Third" HEIGHT="41" WIDTH="152" VPOS="906" HPOS="1128"/>
<SP HEIGHT="42" WIDTH="27" VPOS="907" HPOS="1281"/>
<String CONTENT="edition." HEIGHT="43" WIDTH="197" VPOS="906" HPOS="1309"/>
<SP HEIGHT="39" WIDTH="55" VPOS="908" HPOS="1507"/>
<String CONTENT="Vol." HEIGHT="39" WIDTH="103" VPOS="908" HPOS="1563"/>
<SP HEIGHT="40" WIDTH="23" VPOS="907" HPOS="1667"/>
<String CONTENT="4." HEIGHT="40" WIDTH="41" VPOS="907" HPOS="1691"/>
</TextLine>
<TextLine HEIGHT="49" WIDTH="1730" VPOS="963" HPOS="326" CS="1">
<String CONTENT="With" HEIGHT="41" WIDTH="127" VPOS="964" HPOS="326"/>
<SP HEIGHT="40" WIDTH="33" VPOS="965" HPOS="454"/>
<String CONTENT="his" HEIGHT="39" WIDTH="74" VPOS="965" HPOS="488"/>
<SP HEIGHT="28" WIDTH="31" VPOS="977" HPOS="563"/>
<String CS="1" CONTENT="&#8230;"/>
<SP HEIGHT="40" WIDTH="29" VPOS="965" HPOS="644"/>
<String CONTENT="The" HEIGHT="39" WIDTH="101" VPOS="965" HPOS="674"/>
<SP HEIGHT="38" WIDTH="26" VPOS="966" HPOS="776"/>
<String CONTENT="law" HEIGHT="38" WIDTH="95" VPOS="966" HPOS="803"/>
<SP HEIGHT="29" WIDTH="26" VPOS="975" HPOS="899"/>
<String CONTENT="of" HEIGHT="40" WIDTH="54" VPOS="964" HPOS="926"/>
<SP HEIGHT="48" WIDTH="24" VPOS="964" HPOS="981"/>
<String CONTENT="property" HEIGHT="46" WIDTH="229" VPOS="966" HPOS="1006"/>
<SP HEIGHT="36" WIDTH="31" VPOS="975" HPOS="1236"/>
<String CS="1" CONTENT="&#8230;"/>
<SP HEIGHT="39" WIDTH="57" VPOS="965" HPOS="1315"/>
<String CONTENT="3d" HEIGHT="40" WIDTH="62" VPOS="964" HPOS="1373"/>
<SP HEIGHT="40" WIDTH="26" VPOS="964" HPOS="1436"/>
<String CONTENT="ed." HEIGHT="40" WIDTH="71" VPOS="964" HPOS="1463"/>
<SP HEIGHT="9" WIDTH="32" VPOS="995" HPOS="1535"/>
<String CS="1" CONTENT="&#8230;"/>
<SP HEIGHT="40" WIDTH="59" VPOS="965" HPOS="1615"/>
<String CONTENT="Chicago," HEIGHT="49" WIDTH="224" VPOS="963" HPOS="1675"/>
<SP HEIGHT="46" WIDTH="28" VPOS="965" HPOS="1900"/>
<String CONTENT="1935." HEIGHT="42" WIDTH="127" VPOS="963" HPOS="1929"/>
</TextLine>
<TextLine HEIGHT="53" WIDTH="1725" VPOS="1032" HPOS="252">
<String CONTENT="&#169;" HEIGHT="53" WIDTH="54" VPOS="1032" HPOS="252"/>
<SP HEIGHT="53" WIDTH="25" VPOS="1032" HPOS="307"/>
<String CONTENT="Oct." HEIGHT="40" WIDTH="103" VPOS="1036" HPOS="333"/>
<SP HEIGHT="40" WIDTH="23" VPOS="1035" HPOS="437"/>
<String CONTENT="9," HEIGHT="48" WIDTH="40" VPOS="1035" HPOS="461"/>
<SP HEIGHT="47" WIDTH="26" VPOS="1036" HPOS="502"/>
<String CONTENT="1935;" HEIGHT="49" WIDTH="141" VPOS="1033" HPOS="529"/>
<SP HEIGHT="48" WIDTH="28" VPOS="1034" HPOS="671"/>
<String CONTENT="2c." HEIGHT="41" WIDTH="68" VPOS="1034" HPOS="700"/>
<SP HEIGHT="29" WIDTH="26" VPOS="1046" HPOS="769"/>
<String CONTENT="and" HEIGHT="40" WIDTH="95" VPOS="1034" HPOS="796"/>
<SP HEIGHT="40" WIDTH="26" VPOS="1034" HPOS="892"/>
<String CONTENT="aff." HEIGHT="40" WIDTH="82" VPOS="1034" HPOS="919"/>
<SP HEIGHT="40" WIDTH="29" VPOS="1034" HPOS="1002"/>
<String CONTENT="Oct." HEIGHT="40" WIDTH="102" VPOS="1034" HPOS="1032"/>
<SP HEIGHT="39" WIDTH="26" VPOS="1034" HPOS="1135"/>
<String CONTENT="11;" HEIGHT="46" WIDTH="82" VPOS="1034" HPOS="1162"/>
<SP HEIGHT="46" WIDTH="30" VPOS="1034" HPOS="1245"/>
<!-- cceid 94AFBC30-6D82-1014-B070-FDFD250A9EDA --><!-- cceid 94AF2AE8-6D82-1014-B070-FDFD250A9EDA --><!-- cceid 94AE9745-6D82-1014-B070-FDFD250A9EDA --><String CONTENT="A" HEIGHT="39" WIDTH="40" VPOS="1034" HPOS="1276"/>
<SP HEIGHT="40" WIDTH="26" VPOS="1034" HPOS="1317"/>
<String CONTENT="86720;" HEIGHT="47" WIDTH="170" VPOS="1033" HPOS="1344"/>
<SP HEIGHT="46" WIDTH="30" VPOS="1034" HPOS="1515"/>
<String CONTENT="Callaghan" HEIGHT="48" WIDTH="269" VPOS="1034" HPOS="1546"/>
<SP HEIGHT="41" WIDTH="29" VPOS="1034" HPOS="1816"/>
<String CONTENT="&amp;" HEIGHT="41" WIDTH="36" VPOS="1034" HPOS="1846"/>
<SP HEIGHT="41" WIDTH="26" VPOS="1034" HPOS="1883"/>
<String CONTENT="co." HEIGHT="31" WIDTH="67" VPOS="1044" HPOS="1910"/>
</TextLine>
<TextLine HEIGHT="48" WIDTH="281" VPOS="1092" HPOS="332">
<String CONTENT="(35-18804)" HEIGHT="48" WIDTH="281" VPOS="1092" HPOS="332"/>
</TextLine>
<TextLine HEIGHT="71" WIDTH="1860" VPOS="1198" HPOS="384" STYLEREFS="StyleId-455B2233-2DB6-40B5-A419-44C39D750252-" CS="1">
<String CS="1" CONTENT="&#8230;"/>
<SP HEIGHT="52" WIDTH="40" VPOS="1203" HPOS="384"/>
<String CONTENT="The" HEIGHT="53" WIDTH="121" VPOS="1202" HPOS="425"/>
<SP HEIGHT="53" WIDTH="35" VPOS="1202" HPOS="547"/>
<String CONTENT="law" HEIGHT="51" WIDTH="111" VPOS="1202" HPOS="583"/>
<SP HEIGHT="34" WIDTH="34" VPOS="1219" HPOS="695"/>
<String CONTENT="of" HEIGHT="53" WIDTH="65" VPOS="1200" HPOS="730"/>
<SP HEIGHT="69" WIDTH="33" VPOS="1200" HPOS="796"/>
<String CONTENT="partnerships," HEIGHT="71" WIDTH="415" VPOS="1198" HPOS="830"/>
<SP HEIGHT="49" WIDTH="37" VPOS="1218" HPOS="1246"/>
<String CONTENT="with" HEIGHT="54" WIDTH="139" VPOS="1198" HPOS="1284"/>
<SP HEIGHT="68" WIDTH="36" VPOS="1200" HPOS="1424"/>
<String CONTENT="questions" HEIGHT="70" WIDTH="286" VPOS="1198" HPOS="1461"/>
<SP HEIGHT="35" WIDTH="36" VPOS="1219" HPOS="1748"/>
<String CONTENT="and" HEIGHT="54" WIDTH="112" VPOS="1200" HPOS="1785"/>
<SP HEIGHT="69" WIDTH="35" VPOS="1200" HPOS="1898"/>
<String CONTENT="problems;" HEIGHT="69" WIDTH="310" VPOS="1200" HPOS="1934"/>
</TextLine>
<TextLine HEIGHT="71" WIDTH="2000" VPOS="1276" HPOS="249" STYLEREFS="StyleId-455B2233-2DB6-40B5-A419-44C39D750252-">
<String CONTENT="text" HEIGHT="48" WIDTH="123" VPOS="1286" HPOS="249"/>
<SP HEIGHT="48" WIDTH="26" VPOS="1286" HPOS="373"/>
<String CONTENT="of" HEIGHT="53" WIDTH="65" VPOS="1280" HPOS="400"/>
<SP HEIGHT="54" WIDTH="24" VPOS="1280" HPOS="466"/>
<String CONTENT="Uniform" HEIGHT="55" WIDTH="278" VPOS="1279" HPOS="491"/>
<SP HEIGHT="51" WIDTH="27" VPOS="1296" HPOS="770"/>
<String CONTENT="partnership" HEIGHT="71" WIDTH="369" VPOS="1276" HPOS="798"/>
<SP HEIGHT="50" WIDTH="30" VPOS="1296" HPOS="1168"/>
<String CONTENT="act" HEIGHT="47" WIDTH="90" VPOS="1284" HPOS="1199"/>
<SP HEIGHT="47" WIDTH="29" VPOS="1284" HPOS="1290"/>
<String CONTENT="and" HEIGHT="52" WIDTH="112" VPOS="1279" HPOS="1320"/>
<SP HEIGHT="53" WIDTH="29" VPOS="1278" HPOS="1433"/>
<String CONTENT="Limited" HEIGHT="54" WIDTH="252" VPOS="1276" HPOS="1463"/>
<SP HEIGHT="69" WIDTH="28" VPOS="1278" HPOS="1716"/>
<String CONTENT="partnership" HEIGHT="70" WIDTH="368" VPOS="1277" HPOS="1745"/>
<SP HEIGHT="49" WIDTH="30" VPOS="1298" HPOS="2114"/>
<String CONTENT="act," HEIGHT="59" WIDTH="104" VPOS="1284" HPOS="2145"/>
</TextLine>
<TextLine HEIGHT="73" WIDTH="1997" VPOS="1354" HPOS="251" STYLEREFS="StyleId-455B2233-2DB6-40B5-A419-44C39D750252-" CS="1">
<String CONTENT="by" HEIGHT="69" WIDTH="76" VPOS="1358" HPOS="251"/>
<SP HEIGHT="69" WIDTH="36" VPOS="1358" HPOS="328"/>
<String CONTENT="Alfred" HEIGHT="53" WIDTH="213" VPOS="1358" HPOS="365"/>
<SP HEIGHT="54" WIDTH="37" VPOS="1358" HPOS="579"/>
<String CONTENT="W." HEIGHT="54" WIDTH="90" VPOS="1358" HPOS="617"/>
<SP HEIGHT="53" WIDTH="41" VPOS="1357" HPOS="708"/>
<String CONTENT="Bays" HEIGHT="68" WIDTH="152" VPOS="1357" HPOS="750"/>
<SP HEIGHT="33" WIDTH="44" VPOS="1378" HPOS="903"/>
<String CS="1" CONTENT="&#8230;"/>
<SP HEIGHT="51" WIDTH="79" VPOS="1359" HPOS="1006"/>
<String CONTENT="3d" HEIGHT="52" WIDTH="72" VPOS="1357" HPOS="1086"/>
<SP HEIGHT="52" WIDTH="39" VPOS="1357" HPOS="1159"/>
<String CONTENT="ed." HEIGHT="52" WIDTH="83" VPOS="1357" HPOS="1199"/>
<SP HEIGHT="9" WIDTH="44" VPOS="1399" HPOS="1283"/>
<String CS="1" CONTENT="&#8230;"/>
<SP HEIGHT="56" WIDTH="80" VPOS="1355" HPOS="1384"/>
<String CONTENT="Chicago," HEIGHT="70" WIDTH="270" VPOS="1355" HPOS="1465"/>
<SP HEIGHT="71" WIDTH="39" VPOS="1354" HPOS="1736"/>
<String CONTENT="Callaghan" HEIGHT="71" WIDTH="321" VPOS="1354" HPOS="1776"/>
<SP HEIGHT="35" WIDTH="38" VPOS="1374" HPOS="2098"/>
<String CONTENT="and" HEIGHT="53" WIDTH="111" VPOS="1358" HPOS="2137"/>
</TextLine>
<TextLine HEIGHT="67" WIDTH="480" VPOS="1438" HPOS="251" STYLEREFS="StyleId-455B2233-2DB6-40B5-A419-44C39D750252-">
<String CONTENT="company," HEIGHT="50" WIDTH="300" VPOS="1455" HPOS="251"/>
<SP HEIGHT="65" WIDTH="29" VPOS="1439" HPOS="552"/>
<String CONTENT="1935." HEIGHT="51" WIDTH="149" VPOS="1438" HPOS="582"/>
</TextLine>
<TextLine HEIGHT="51" WIDTH="1834" VPOS="1520" HPOS="324" CS="1">
<String CONTENT="viii," HEIGHT="48" WIDTH="101" VPOS="1523" HPOS="324"/>
<SP HEIGHT="46" WIDTH="26" VPOS="1525" HPOS="426"/>
<String CONTENT="146" HEIGHT="41" WIDTH="88" VPOS="1522" HPOS="453"/>
<SP HEIGHT="49" WIDTH="19" VPOS="1522" HPOS="542"/>
<String CONTENT="p." HEIGHT="37" WIDTH="43" VPOS="1534" HPOS="562"/>
<SP HEIGHT="40" WIDTH="52" VPOS="1523" HPOS="606"/>
<String CONTENT="19" HEIGHT="40" WIDTH="57" VPOS="1522" HPOS="659"/>
<String STYLE="superscript" CONTENT="cm" HEIGHT="22" WIDTH="44" VPOS="1523" HPOS="718"/>
<String CONTENT="." HEIGHT="9" WIDTH="9" VPOS="1554" HPOS="767"/>
<SP/>
<String CONTENT="(His" HEIGHT="46" WIDTH="116" VPOS="1522" HPOS="842"/>
<SP HEIGHT="40" WIDTH="24" VPOS="1522" HPOS="959"/>
<String CONTENT="American" HEIGHT="42" WIDTH="257" VPOS="1520" HPOS="984"/>
<SP HEIGHT="30" WIDTH="25" VPOS="1532" HPOS="1242"/>
<String CONTENT="commercial" HEIGHT="41" WIDTH="306" VPOS="1521" HPOS="1268"/>
<SP HEIGHT="39" WIDTH="23" VPOS="1522" HPOS="1575"/>
<String CONTENT="law" HEIGHT="40" WIDTH="96" VPOS="1522" HPOS="1599"/>
<SP HEIGHT="30" WIDTH="22" VPOS="1532" HPOS="1696"/>
<String CS="1" CONTENT="series." HEIGHT="41" WIDTH="151" VPOS="1521" HPOS="1719"/>
<SP HEIGHT="39" WIDTH="51" VPOS="1522" HPOS="1884"/>
<String CONTENT="book" HEIGHT="42" WIDTH="124" VPOS="1520" HPOS="1936"/>
<SP HEIGHT="42" WIDTH="24" VPOS="1520" HPOS="2061"/>
<String CS="1" CONTENT="VI)" HEIGHT="44" WIDTH="15" VPOS="1525" HPOS="2143"/>
</TextLine>
<TextLine HEIGHT="44" WIDTH="742" VPOS="1589" HPOS="325">
<String CONTENT="&#8220;National" HEIGHT="42" WIDTH="260" VPOS="1591" HPOS="325"/>
<SP HEIGHT="39" WIDTH="28" VPOS="1593" HPOS="586"/>
<String CONTENT="textbook" HEIGHT="41" WIDTH="231" VPOS="1591" HPOS="615"/>
<SP HEIGHT="40" WIDTH="24" VPOS="1591" HPOS="847"/>
<String CONTENT="series.&#8221;" HEIGHT="42" WIDTH="195" VPOS="1589" HPOS="872"/>
</TextLine>
<TextLine HEIGHT="45" WIDTH="1431" VPOS="1645" HPOS="325">
<String CONTENT="On" HEIGHT="41" WIDTH="73" VPOS="1649" HPOS="325"/>
<SP HEIGHT="30" WIDTH="29" VPOS="1659" HPOS="399"/>
<String CONTENT="cover:" HEIGHT="31" WIDTH="168" VPOS="1658" HPOS="429"/>
<SP HEIGHT="41" WIDTH="28" VPOS="1647" HPOS="598"/>
<String CONTENT="Commercial" HEIGHT="42" WIDTH="317" VPOS="1646" HPOS="627"/>
<SP HEIGHT="39" WIDTH="27" VPOS="1647" HPOS="945"/>
<String CONTENT="law." HEIGHT="38" WIDTH="109" VPOS="1648" HPOS="973"/>
<SP HEIGHT="40" WIDTH="58" VPOS="1646" HPOS="1083"/>
<String CONTENT="Third" HEIGHT="42" WIDTH="153" VPOS="1645" HPOS="1142"/>
<SP HEIGHT="39" WIDTH="27" VPOS="1648" HPOS="1296"/>
<String CONTENT="edition." HEIGHT="43" WIDTH="198" VPOS="1645" HPOS="1324"/>
<SP HEIGHT="42" WIDTH="58" VPOS="1646" HPOS="1523"/>
<String CONTENT="Vol." HEIGHT="42" WIDTH="103" VPOS="1646" HPOS="1582"/>
<SP HEIGHT="41" WIDTH="28" VPOS="1647" HPOS="1686"/>
<String CONTENT="3." HEIGHT="41" WIDTH="41" VPOS="1647" HPOS="1715"/>
</TextLine>
<TextLine HEIGHT="49" WIDTH="1923" VPOS="1701" HPOS="323" CS="1">
<String CONTENT="With" HEIGHT="41" WIDTH="135" VPOS="1705" HPOS="323"/>
<SP HEIGHT="39" WIDTH="25" VPOS="1705" HPOS="459"/>
<String CONTENT="this" HEIGHT="41" WIDTH="101" VPOS="1703" HPOS="485"/>
<SP HEIGHT="41" WIDTH="23" VPOS="1703" HPOS="587"/>
<String CONTENT="is" HEIGHT="41" WIDTH="42" VPOS="1703" HPOS="611"/>
<SP HEIGHT="41" WIDTH="24" VPOS="1703" HPOS="654"/>
<String CONTENT="bound" HEIGHT="41" WIDTH="161" VPOS="1703" HPOS="679"/>
<SP HEIGHT="39" WIDTH="25" VPOS="1705" HPOS="841"/>
<String CONTENT="the" HEIGHT="40" WIDTH="81" VPOS="1704" HPOS="867"/>
<SP HEIGHT="31" WIDTH="24" VPOS="1713" HPOS="949"/>
<String CONTENT="author&#8217;s" HEIGHT="42" WIDTH="218" VPOS="1701" HPOS="974"/>
<SP HEIGHT="30" WIDTH="28" VPOS="1713" HPOS="1193"/>
<String CS="1" CONTENT="&#8230;"/>
<SP HEIGHT="40" WIDTH="26" VPOS="1703" HPOS="1269"/>
<String CONTENT="The" HEIGHT="39" WIDTH="101" VPOS="1703" HPOS="1296"/>
<SP HEIGHT="39" WIDTH="25" VPOS="1703" HPOS="1398"/>
<String CONTENT="law" HEIGHT="39" WIDTH="94" VPOS="1703" HPOS="1424"/>
<SP HEIGHT="30" WIDTH="25" VPOS="1713" HPOS="1519"/>
<String CONTENT="of" HEIGHT="41" WIDTH="53" VPOS="1702" HPOS="1545"/>
<SP HEIGHT="41" WIDTH="23" VPOS="1702" HPOS="1599"/>
<String CONTENT="corporations" HEIGHT="48" WIDTH="334" VPOS="1702" HPOS="1623"/>
<SP HEIGHT="30" WIDTH="29" VPOS="1714" HPOS="1958"/>
<String CS="1" CONTENT="&#8230;"/>
<SP HEIGHT="40" WIDTH="52" VPOS="1704" HPOS="2037"/>
<String CONTENT="3d" HEIGHT="41" WIDTH="60" VPOS="1704" HPOS="2090"/>
<SP HEIGHT="40" WIDTH="24" VPOS="1705" HPOS="2151"/>
<String CONTENT="ed." HEIGHT="41" WIDTH="70" VPOS="1704" HPOS="2176"/>
</TextLine>
<TextLine HEIGHT="50" WIDTH="446" VPOS="1759" HPOS="304" CS="1">
<String CS="1" CONTENT="&#8230;"/>
<SP HEIGHT="42" WIDTH="62" VPOS="1761" HPOS="304"/>
<String CONTENT="Chicago," HEIGHT="48" WIDTH="224" VPOS="1761" HPOS="367"/>
<SP HEIGHT="47" WIDTH="30" VPOS="1761" HPOS="592"/>
<String CONTENT="1935." HEIGHT="41" WIDTH="127" VPOS="1759" HPOS="623"/>
</TextLine>
<TextLine HEIGHT="53" WIDTH="1724" VPOS="1829" HPOS="254">
<String CONTENT="&#169;" HEIGHT="53" WIDTH="54" VPOS="1829" HPOS="254"/>
<SP HEIGHT="53" WIDTH="25" VPOS="1829" HPOS="309"/>
<String CONTENT="Oct." HEIGHT="40" WIDTH="100" VPOS="1833" HPOS="335"/>
<SP HEIGHT="38" WIDTH="27" VPOS="1833" HPOS="436"/>
<String CONTENT="4," HEIGHT="45" WIDTH="41" VPOS="1833" HPOS="464"/>
<SP HEIGHT="46" WIDTH="27" VPOS="1832" HPOS="506"/>
<String CONTENT="1935;" HEIGHT="47" WIDTH="140" VPOS="1831" HPOS="534"/>
<SP HEIGHT="48" WIDTH="28" VPOS="1830" HPOS="675"/>
<String CONTENT="2c." HEIGHT="41" WIDTH="67" VPOS="1830" HPOS="704"/>
<SP HEIGHT="29" WIDTH="27" VPOS="1842" HPOS="772"/>
<String CONTENT="and" HEIGHT="38" WIDTH="95" VPOS="1832" HPOS="800"/>
<SP HEIGHT="38" WIDTH="27" VPOS="1832" HPOS="896"/>
<String CONTENT="aff." HEIGHT="41" WIDTH="80" VPOS="1829" HPOS="924"/>
<SP HEIGHT="40" WIDTH="29" VPOS="1830" HPOS="1005"/>
<String CONTENT="Oct." HEIGHT="40" WIDTH="102" VPOS="1830" HPOS="1035"/>
<SP HEIGHT="39" WIDTH="28" VPOS="1831" HPOS="1138"/>
<String CONTENT="11;" HEIGHT="46" WIDTH="82" VPOS="1830" HPOS="1167"/>
<SP HEIGHT="45" WIDTH="28" VPOS="1831" HPOS="1250"/>
<!-- cceid 94AEE44D-6D82-1014-B070-FDFD250A9EDA --><!-- cceid 94AF6FFE-6D82-1014-B070-FDFD250A9EDA --><String CONTENT="A" HEIGHT="38" WIDTH="40" VPOS="1831" HPOS="1279"/>
<SP HEIGHT="39" WIDTH="28" VPOS="1831" HPOS="1320"/>
<String CONTENT="86719;" HEIGHT="48" WIDTH="169" VPOS="1829" HPOS="1349"/>
<SP HEIGHT="46" WIDTH="31" VPOS="1831" HPOS="1519"/>
<String CONTENT="Callaghan" HEIGHT="48" WIDTH="271" VPOS="1831" HPOS="1551"/>
<SP HEIGHT="40" WIDTH="26" VPOS="1831" HPOS="1823"/>
<String CONTENT="&amp;" HEIGHT="40" WIDTH="36" VPOS="1831" HPOS="1850"/>
<SP HEIGHT="41" WIDTH="22" VPOS="1831" HPOS="1887"/>
<String CONTENT="co." HEIGHT="31" WIDTH="68" VPOS="1842" HPOS="1910"/>
</TextLine>
<TextLine HEIGHT="49" WIDTH="280" VPOS="1888" HPOS="336">
<String CONTENT="(35-18806)" HEIGHT="49" WIDTH="280" VPOS="1888" HPOS="336"/>
</TextLine>
<TextLine HEIGHT="70" WIDTH="1863" VPOS="1995" HPOS="385" STYLEREFS="StyleId-455B2233-2DB6-40B5-A419-44C39D750252-" CS="1">
<String CS="1" CONTENT="&#8230;"/>
<SP HEIGHT="53" WIDTH="30" VPOS="1998" HPOS="385"/>
<String CONTENT="The" HEIGHT="53" WIDTH="122" VPOS="1997" HPOS="416"/>
<SP HEIGHT="53" WIDTH="22" VPOS="1997" HPOS="539"/>
<String CONTENT="law" HEIGHT="54" WIDTH="111" VPOS="1997" HPOS="562"/>
<SP HEIGHT="35" WIDTH="24" VPOS="2015" HPOS="674"/>
<String CONTENT="of" HEIGHT="53" WIDTH="66" VPOS="1997" HPOS="699"/>
<SP HEIGHT="67" WIDTH="22" VPOS="1997" HPOS="766"/>
<String CONTENT="property," HEIGHT="63" WIDTH="291" VPOS="2001" HPOS="789"/>
<SP HEIGHT="49" WIDTH="26" VPOS="2015" HPOS="1081"/>
<String CONTENT="with" HEIGHT="53" WIDTH="139" VPOS="1995" HPOS="1108"/>
<SP HEIGHT="68" WIDTH="24" VPOS="1996" HPOS="1248"/>
<String CONTENT="questions," HEIGHT="69" WIDTH="304" VPOS="1995" HPOS="1273"/>
<SP HEIGHT="49" WIDTH="24" VPOS="2015" HPOS="1578"/>
<String CONTENT="problems" HEIGHT="69" WIDTH="284" VPOS="1995" HPOS="1603"/>
<SP HEIGHT="36" WIDTH="23" VPOS="2015" HPOS="1888"/>
<String CONTENT="and" HEIGHT="53" WIDTH="112" VPOS="1998" HPOS="1912"/>
<SP HEIGHT="53" WIDTH="28" VPOS="1998" HPOS="2025"/>
<String CONTENT="forms," HEIGHT="67" WIDTH="194" VPOS="1998" HPOS="2054"/>
</TextLine>
<TextLine HEIGHT="73" WIDTH="1995" VPOS="2071" HPOS="252" STYLEREFS="StyleId-455B2233-2DB6-40B5-A419-44C39D750252-" CS="1">
<String CONTENT="by" HEIGHT="68" WIDTH="78" VPOS="2076" HPOS="252"/>
<SP HEIGHT="69" WIDTH="35" VPOS="2075" HPOS="331"/>
<String CONTENT="Alfred" HEIGHT="53" WIDTH="212" VPOS="2075" HPOS="367"/>
<SP HEIGHT="54" WIDTH="37" VPOS="2075" HPOS="580"/>
<String CONTENT="W." HEIGHT="54" WIDTH="91" VPOS="2075" HPOS="618"/>
<SP HEIGHT="53" WIDTH="39" VPOS="2075" HPOS="710"/>
<String CONTENT="Bays" HEIGHT="68" WIDTH="154" VPOS="2075" HPOS="750"/>
<SP HEIGHT="33" WIDTH="43" VPOS="2096" HPOS="905"/>
<String CS="1" CONTENT="&#8230;"/>
<SP HEIGHT="49" WIDTH="80" VPOS="2077" HPOS="1006"/>
<String CONTENT="3d" HEIGHT="53" WIDTH="71" VPOS="2074" HPOS="1087"/>
<SP HEIGHT="53" WIDTH="38" VPOS="2074" HPOS="1159"/>
<String CONTENT="ed." HEIGHT="53" WIDTH="85" VPOS="2074" HPOS="1198"/>
<SP HEIGHT="10" WIDTH="45" VPOS="2116" HPOS="1284"/>
<String CS="1" CONTENT="&#8230;"/>
<SP HEIGHT="55" WIDTH="79" VPOS="2072" HPOS="1388"/>
<String CONTENT="Chicago," HEIGHT="72" WIDTH="269" VPOS="2071" HPOS="1468"/>
<SP HEIGHT="68" WIDTH="40" VPOS="2075" HPOS="1738"/>
<String CONTENT="Callaghan" HEIGHT="70" WIDTH="321" VPOS="2074" HPOS="1779"/>
<SP HEIGHT="34" WIDTH="36" VPOS="2094" HPOS="2101"/>
<String CONTENT="and" HEIGHT="54" WIDTH="109" VPOS="2075" HPOS="2138"/>
</TextLine>
<TextLine HEIGHT="66" WIDTH="482" VPOS="2156" HPOS="252" STYLEREFS="StyleId-455B2233-2DB6-40B5-A419-44C39D750252-">
<String CONTENT="company," HEIGHT="50" WIDTH="298" VPOS="2172" HPOS="252"/>
<SP HEIGHT="65" WIDTH="31" VPOS="2157" HPOS="551"/>
<String CONTENT="1935." HEIGHT="50" WIDTH="151" VPOS="2156" HPOS="583"/>
</TextLine>
<TextLine HEIGHT="51" WIDTH="1914" VPOS="2237" HPOS="325" CS="1">
<String CONTENT="xvii," HEIGHT="49" WIDTH="117" VPOS="2239" HPOS="325"/>
<SP HEIGHT="48" WIDTH="28" VPOS="2240" HPOS="443"/>
<String CONTENT="278" HEIGHT="41" WIDTH="89" VPOS="2239" HPOS="472"/>
<SP HEIGHT="48" WIDTH="23" VPOS="2239" HPOS="562"/>
<String CONTENT="p." HEIGHT="38" WIDTH="41" VPOS="2249" HPOS="586"/>
<SP HEIGHT="41" WIDTH="57" VPOS="2238" HPOS="628"/>
<String CONTENT="19" HEIGHT="41" WIDTH="58" VPOS="2238" HPOS="686"/>
<String STYLE="superscript" CONTENT="cm" HEIGHT="21" WIDTH="45" VPOS="2240" HPOS="744"/>
<String CONTENT="." HEIGHT="9" WIDTH="9" VPOS="2269" HPOS="793"/>
<SP/>
<String CONTENT="(His" HEIGHT="49" WIDTH="116" VPOS="2238" HPOS="871"/>
<SP HEIGHT="41" WIDTH="25" VPOS="2239" HPOS="988"/>
<String CONTENT="American" HEIGHT="40" WIDTH="257" VPOS="2239" HPOS="1014"/>
<SP HEIGHT="28" WIDTH="26" VPOS="2251" HPOS="1272"/>
<String CONTENT="commercial" HEIGHT="42" WIDTH="306" VPOS="2238" HPOS="1299"/>
<SP HEIGHT="39" WIDTH="26" VPOS="2240" HPOS="1606"/>
<String CONTENT="law" HEIGHT="39" WIDTH="94" VPOS="2240" HPOS="1633"/>
<SP HEIGHT="29" WIDTH="28" VPOS="2249" HPOS="1728"/>
<String CS="1" CONTENT="series." HEIGHT="41" WIDTH="151" VPOS="2237" HPOS="1757"/>
<SP HEIGHT="39" WIDTH="57" VPOS="2239" HPOS="1923"/>
<String CONTENT="book" HEIGHT="40" WIDTH="121" VPOS="2238" HPOS="1981"/>
<SP HEIGHT="42" WIDTH="23" VPOS="2238" HPOS="2103"/>
<String CS="1" CONTENT="VIII)" HEIGHT="47" WIDTH="13" VPOS="2240" HPOS="2226"/>
</TextLine>
<TextLine HEIGHT="43" WIDTH="742" VPOS="2307" HPOS="327">
<String CONTENT="&#8220;National" HEIGHT="41" WIDTH="262" VPOS="2309" HPOS="327"/>
<SP HEIGHT="39" WIDTH="27" VPOS="2309" HPOS="590"/>
<String CONTENT="textbook" HEIGHT="40" WIDTH="231" VPOS="2308" HPOS="618"/>
<SP HEIGHT="40" WIDTH="24" VPOS="2308" HPOS="850"/>
<String CONTENT="series.&#8221;" HEIGHT="42" WIDTH="194" VPOS="2307" HPOS="875"/>
</TextLine>
<TextLine HEIGHT="44" WIDTH="1412" VPOS="2363" HPOS="328">
<String CONTENT="On" HEIGHT="40" WIDTH="72" VPOS="2367" HPOS="328"/>
<SP HEIGHT="30" WIDTH="24" VPOS="2376" HPOS="401"/>
<String CONTENT="cover:" HEIGHT="31" WIDTH="168" VPOS="2375" HPOS="426"/>
<SP HEIGHT="42" WIDTH="29" VPOS="2363" HPOS="595"/>
<String CONTENT="Commercial" HEIGHT="42" WIDTH="316" VPOS="2363" HPOS="625"/>
<SP HEIGHT="39" WIDTH="25" VPOS="2365" HPOS="942"/>
<String CONTENT="law." HEIGHT="39" WIDTH="109" VPOS="2365" HPOS="968"/>
<SP HEIGHT="40" WIDTH="58" VPOS="2364" HPOS="1078"/>
<String CONTENT="Third" HEIGHT="41" WIDTH="153" VPOS="2364" HPOS="1137"/>
<SP HEIGHT="40" WIDTH="23" VPOS="2365" HPOS="1291"/>
<String CONTENT="edition." HEIGHT="42" WIDTH="197" VPOS="2363" HPOS="1315"/>
<SP HEIGHT="40" WIDTH="59" VPOS="2365" HPOS="1513"/>
<String CONTENT="Vol." HEIGHT="42" WIDTH="102" VPOS="2364" HPOS="1573"/>
<SP HEIGHT="40" WIDTH="22" VPOS="2366" HPOS="1676"/>
<String CONTENT="4." HEIGHT="40" WIDTH="41" VPOS="2366" HPOS="1699"/>
</TextLine>
<TextLine HEIGHT="51" WIDTH="1919" VPOS="2425" HPOS="327" CS="1">
<String CONTENT="With" HEIGHT="42" WIDTH="135" VPOS="2427" HPOS="327"/>
<SP HEIGHT="39" WIDTH="25" VPOS="2428" HPOS="463"/>
<String CONTENT="this" HEIGHT="41" WIDTH="99" VPOS="2427" HPOS="489"/>
<SP HEIGHT="32" WIDTH="21" VPOS="2436" HPOS="589"/>
<String CONTENT="are" HEIGHT="30" WIDTH="84" VPOS="2436" HPOS="611"/>
<SP HEIGHT="39" WIDTH="24" VPOS="2427" HPOS="696"/>
<String CONTENT="bound" HEIGHT="39" WIDTH="160" VPOS="2427" HPOS="721"/>
<SP HEIGHT="40" WIDTH="24" VPOS="2427" HPOS="882"/>
<String CONTENT="the" HEIGHT="40" WIDTH="82" VPOS="2427" HPOS="907"/>
<SP HEIGHT="29" WIDTH="24" VPOS="2437" HPOS="990"/>
<String CONTENT="author&#8217;s" HEIGHT="42" WIDTH="218" VPOS="2425" HPOS="1015"/>
<SP HEIGHT="30" WIDTH="26" VPOS="2437" HPOS="1234"/>
<String CS="1" CONTENT="&#8230;"/>
<SP HEIGHT="39" WIDTH="26" VPOS="2428" HPOS="1308"/>
<String CONTENT="The" HEIGHT="40" WIDTH="101" VPOS="2428" HPOS="1335"/>
<SP HEIGHT="39" WIDTH="24" VPOS="2429" HPOS="1437"/>
<String CONTENT="law" HEIGHT="38" WIDTH="94" VPOS="2429" HPOS="1462"/>
<SP HEIGHT="31" WIDTH="23" VPOS="2438" HPOS="1557"/>
<String CONTENT="of" HEIGHT="42" WIDTH="54" VPOS="2427" HPOS="1581"/>
<SP HEIGHT="41" WIDTH="20" VPOS="2427" HPOS="1636"/>
<String CONTENT="bankruptcy" HEIGHT="49" WIDTH="304" VPOS="2427" HPOS="1657"/>
<SP HEIGHT="37" WIDTH="28" VPOS="2439" HPOS="1962"/>
<String CS="1" CONTENT="&#8230;"/>
<SP HEIGHT="41" WIDTH="55" VPOS="2429" HPOS="2037"/>
<String CONTENT="3d" HEIGHT="41" WIDTH="60" VPOS="2429" HPOS="2093"/>
<SP HEIGHT="40" WIDTH="22" VPOS="2429" HPOS="2154"/>
<String CONTENT="ed." HEIGHT="41" WIDTH="69" VPOS="2428" HPOS="2177"/>
</TextLine>
<TextLine HEIGHT="51" WIDTH="1938" VPOS="2482" HPOS="308" CS="1">
<String CS="1" CONTENT="&#8230;"/>
<SP HEIGHT="42" WIDTH="61" VPOS="2483" HPOS="308"/>
<String CONTENT="Chicago," HEIGHT="49" WIDTH="224" VPOS="2483" HPOS="370"/>
<SP HEIGHT="48" WIDTH="31" VPOS="2484" HPOS="595"/>
<String CONTENT="1935" HEIGHT="41" WIDTH="116" VPOS="2482" HPOS="627"/>
<SP HEIGHT="40" WIDTH="26" VPOS="2483" HPOS="744"/>
<String CONTENT="and" HEIGHT="40" WIDTH="96" VPOS="2483" HPOS="771"/>
<SP HEIGHT="40" WIDTH="32" VPOS="2483" HPOS="868"/>
<String CS="1" CONTENT="&#8230;"/>
<SP HEIGHT="40" WIDTH="32" VPOS="2483" HPOS="948"/>
<String CONTENT="The" HEIGHT="40" WIDTH="101" VPOS="2483" HPOS="981"/>
<SP HEIGHT="38" WIDTH="29" VPOS="2485" HPOS="1083"/>
<String CONTENT="law" HEIGHT="38" WIDTH="96" VPOS="2485" HPOS="1113"/>
<SP HEIGHT="30" WIDTH="27" VPOS="2493" HPOS="1210"/>
<String CONTENT="of" HEIGHT="39" WIDTH="51" VPOS="2483" HPOS="1238"/>
<SP HEIGHT="40" WIDTH="28" VPOS="2483" HPOS="1290"/>
<String CONTENT="insurance" HEIGHT="40" WIDTH="258" VPOS="2484" HPOS="1319"/>
<SP HEIGHT="29" WIDTH="33" VPOS="2495" HPOS="1578"/>
<String CS="1" CONTENT="&#8230;"/>
<SP HEIGHT="40" WIDTH="57" VPOS="2484" HPOS="1663"/>
<String CONTENT="2d" HEIGHT="40" WIDTH="62" VPOS="2484" HPOS="1721"/>
<SP HEIGHT="39" WIDTH="27" VPOS="2485" HPOS="1784"/>
<String CONTENT="ed." HEIGHT="40" WIDTH="72" VPOS="2485" HPOS="1812"/>
<SP HEIGHT="9" WIDTH="32" VPOS="2516" HPOS="1885"/>
<String CS="1" CONTENT="&#8230;"/>
<SP HEIGHT="42" WIDTH="63" VPOS="2484" HPOS="1965"/>
<String CONTENT="Chicago," HEIGHT="49" WIDTH="217" VPOS="2484" HPOS="2029"/>
</TextLine>
<TextLine HEIGHT="42" WIDTH="129" VPOS="2540" HPOS="256">
<String CONTENT="1935." HEIGHT="42" WIDTH="129" VPOS="2540" HPOS="256"/>
</TextLine>
<TextLine HEIGHT="53" WIDTH="1712" VPOS="2607" HPOS="257" CS="1">
<String CONTENT="&#169;" HEIGHT="53" WIDTH="54" VPOS="2607" HPOS="257"/>
<SP HEIGHT="53" WIDTH="24" VPOS="2607" HPOS="312"/>
<String CONTENT="Oct." HEIGHT="40" WIDTH="102" VPOS="2611" HPOS="337"/>
<SP HEIGHT="39" WIDTH="23" VPOS="2611" HPOS="440"/>
<String CONTENT="9," HEIGHT="47" WIDTH="40" VPOS="2611" HPOS="464"/>
<SP HEIGHT="46" WIDTH="25" VPOS="2612" HPOS="505"/>
<String CONTENT="1935;" HEIGHT="48" WIDTH="140" VPOS="2609" HPOS="531"/>
<SP HEIGHT="47" WIDTH="28" VPOS="2610" HPOS="672"/>
<String CONTENT="2c." HEIGHT="40" WIDTH="66" VPOS="2610" HPOS="701"/>
<SP HEIGHT="29" WIDTH="28" VPOS="2621" HPOS="768"/>
<String CONTENT="and" HEIGHT="39" WIDTH="95" VPOS="2611" HPOS="797"/>
<SP HEIGHT="38" WIDTH="24" VPOS="2611" HPOS="893"/>
<String CONTENT="aff." HEIGHT="40" WIDTH="81" VPOS="2609" HPOS="918"/>
<SP HEIGHT="40" WIDTH="29" VPOS="2610" HPOS="1000"/>
<String CONTENT="Oct." HEIGHT="40" WIDTH="101" VPOS="2610" HPOS="1030"/>
<SP HEIGHT="40" WIDTH="26" VPOS="2610" HPOS="1132"/>
<String CONTENT="11;" HEIGHT="47" WIDTH="81" VPOS="2610" HPOS="1159"/>
<SP HEIGHT="46" WIDTH="30" VPOS="2611" HPOS="1241"/>
<!-- cceid 94AFBC30-6D82-1014-B070-FDFD250A9EDA --><!-- cceid 94AF2AE8-6D82-1014-B070-FDFD250A9EDA --><String CONTENT="A" HEIGHT="38" WIDTH="39" VPOS="2611" HPOS="1272"/>
<SP HEIGHT="40" WIDTH="25" VPOS="2611" HPOS="1312"/>
<String CONTENT="86720;" HEIGHT="47" WIDTH="171" VPOS="2610" HPOS="1338"/>
<SP HEIGHT="46" WIDTH="29" VPOS="2611" HPOS="1510"/>
<String CONTENT="Callaghan" HEIGHT="48" WIDTH="269" VPOS="2611" HPOS="1540"/>
<SP HEIGHT="41" WIDTH="28" VPOS="2611" HPOS="1810"/>
<String CONTENT="&amp;" HEIGHT="41" WIDTH="36" VPOS="2611" HPOS="1839"/>
<SP HEIGHT="42" WIDTH="25" VPOS="2611" HPOS="1876"/>
<String CONTENT="co." HEIGHT="30" WIDTH="67" VPOS="2623" HPOS="1902"/>
</TextLine>
<TextLine HEIGHT="49" WIDTH="280" VPOS="2666" HPOS="338">
<String CONTENT="(35-18805)" HEIGHT="49" WIDTH="280" VPOS="2666" HPOS="338"/>
</TextLine>
<TextLine HEIGHT="66" WIDTH="721" VPOS="2774" HPOS="258" STYLEREFS="StyleId-366EFC2C-2875-458E-ABC0-A79D4E294B9F-">
<String CONTENT="Beatty," HEIGHT="66" WIDTH="238" VPOS="2774" HPOS="258"/>
<SP HEIGHT="65" WIDTH="26" VPOS="2775" HPOS="497"/>
<String CONTENT="Jerome," HEIGHT="65" WIDTH="253" VPOS="2775" HPOS="524"/>
<SP HEIGHT="60" WIDTH="30" VPOS="2780" HPOS="778"/>
<String CONTENT="1886-" HEIGHT="50" WIDTH="170" VPOS="2780" HPOS="809"/>
</TextLine>
<TextLine HEIGHT="72" WIDTH="1922" VPOS="2848" HPOS="323" STYLEREFS="StyleId-455B2233-2DB6-40B5-A419-44C39D750252-">
<String CONTENT="Shirley" HEIGHT="71" WIDTH="232" VPOS="2848" HPOS="323"/>
<SP HEIGHT="69" WIDTH="21" VPOS="2850" HPOS="556"/>
<String CONTENT="Temple," HEIGHT="67" WIDTH="252" VPOS="2850" HPOS="578"/>
<SP HEIGHT="67" WIDTH="25" VPOS="2850" HPOS="831"/>
<String CONTENT="by" HEIGHT="69" WIDTH="75" VPOS="2850" HPOS="857"/>
<SP HEIGHT="69" WIDTH="23" VPOS="2850" HPOS="933"/>
<String CONTENT="Jerome" HEIGHT="54" WIDTH="228" VPOS="2850" HPOS="957"/>
<SP HEIGHT="51" WIDTH="26" VPOS="2852" HPOS="1186"/>
<String CONTENT="Beatty." HEIGHT="68" WIDTH="225" VPOS="2852" HPOS="1213"/>
<SP HEIGHT="55" WIDTH="61" VPOS="2850" HPOS="1439"/>
<String CONTENT="Authorized" HEIGHT="55" WIDTH="354" VPOS="2850" HPOS="1501"/>
<SP HEIGHT="54" WIDTH="27" VPOS="2852" HPOS="1856"/>
<String CONTENT="ed." HEIGHT="54" WIDTH="84" VPOS="2852" HPOS="1884"/>
<SP HEIGHT="54" WIDTH="59" VPOS="2851" HPOS="1969"/>
<String CONTENT="Akron," HEIGHT="65" WIDTH="216" VPOS="2850" HPOS="2029"/>
</TextLine>
<TextLine HEIGHT="73" WIDTH="1832" VPOS="2925" HPOS="254" STYLEREFS="StyleId-455B2233-2DB6-40B5-A419-44C39D750252-" CS="1">
<String CONTENT="O.," HEIGHT="70" WIDTH="87" VPOS="2925" HPOS="254"/>
<SP HEIGHT="67" WIDTH="30" VPOS="2928" HPOS="342"/>
<String CONTENT="New" HEIGHT="53" WIDTH="139" VPOS="2928" HPOS="373"/>
<SP HEIGHT="52" WIDTH="31" VPOS="2928" HPOS="513"/>
<String CONTENT="York," HEIGHT="68" WIDTH="180" VPOS="2927" HPOS="545"/>
<SP HEIGHT="67" WIDTH="30" VPOS="2928" HPOS="726"/>
<String CONTENT="The" HEIGHT="52" WIDTH="120" VPOS="2928" HPOS="757"/>
<SP HEIGHT="56" WIDTH="35" VPOS="2926" HPOS="878"/>
<String CONTENT="Saalfield" HEIGHT="56" WIDTH="271" VPOS="2926" HPOS="914"/>
<SP HEIGHT="68" WIDTH="35" VPOS="2928" HPOS="1186"/>
<String CONTENT="publishing" HEIGHT="70" WIDTH="336" VPOS="2927" HPOS="1222"/>
<SP HEIGHT="51" WIDTH="31" VPOS="2946" HPOS="1559"/>
<String CONTENT="company" HEIGHT="52" WIDTH="282" VPOS="2946" HPOS="1591"/>
<SP HEIGHT="50" WIDTH="37" VPOS="2948" HPOS="1874"/>
<String CONTENT="[" HEIGHT="35" WIDTH="14" VPOS="2960" HPOS="1912"/>
<String STYLE="superscript" CONTENT="c" HEIGHT="22" WIDTH="18" VPOS="2934" HPOS="1929"/>
<String CS="1" CONTENT="1935]" HEIGHT="51" WIDTH="133" VPOS="2931" HPOS="1953"/>
</TextLine>
<TextLine HEIGHT="50" WIDTH="1472" VPOS="3012" HPOS="326" STYLEREFS="StyleId-455B2233-2DB6-40B5-A419-44C39D750252-" CS="1">
<String CONTENT="2" HEIGHT="38" WIDTH="28" VPOS="3014" HPOS="326"/>
<SP HEIGHT="47" WIDTH="21" VPOS="3014" HPOS="355"/>
<String CS="1" CONTENT="p."/>
<SP/>
<String CS="1" CONTENT="l.," HEIGHT="17" WIDTH="9" VPOS="3044" HPOS="481"/>
<SP HEIGHT="49" WIDTH="24" VPOS="3012" HPOS="491"/>
<String CONTENT="9-107" HEIGHT="41" WIDTH="144" VPOS="3012" HPOS="516"/>
<SP HEIGHT="47" WIDTH="24" VPOS="3013" HPOS="661"/>
<String CONTENT="p." HEIGHT="38" WIDTH="43" VPOS="3022" HPOS="686"/>
<SP HEIGHT="30" WIDTH="59" VPOS="3023" HPOS="730"/>
<String CONTENT="col." HEIGHT="42" WIDTH="86" VPOS="3012" HPOS="790"/>
<SP HEIGHT="40" WIDTH="26" VPOS="3014" HPOS="877"/>
<String CONTENT="front.," HEIGHT="46" WIDTH="163" VPOS="3014" HPOS="904"/>
<SP HEIGHT="46" WIDTH="24" VPOS="3014" HPOS="1068"/>
<String CONTENT="illus." HEIGHT="39" WIDTH="127" VPOS="3014" HPOS="1093"/>
<SP HEIGHT="47" WIDTH="28" VPOS="3014" HPOS="1221"/>
<String CONTENT="(incl." HEIGHT="48" WIDTH="133" VPOS="3013" HPOS="1250"/>
<SP HEIGHT="38" WIDTH="25" VPOS="3023" HPOS="1384"/>
<String CONTENT="ports.)" HEIGHT="48" WIDTH="174" VPOS="3014" HPOS="1410"/>
<SP HEIGHT="49" WIDTH="66" VPOS="3013" HPOS="1585"/>
<String CS="1" CONTENT="23&#189;" HEIGHT="41" WIDTH="56" VPOS="3013" HPOS="1652"/>
<String STYLE="superscript" CONTENT="cm" HEIGHT="22" WIDTH="43" VPOS="3015" HPOS="1742"/>
<String CONTENT="." HEIGHT="9" WIDTH="8" VPOS="3046" HPOS="1790"/>
</TextLine>
<TextLine HEIGHT="50" WIDTH="678" VPOS="3081" HPOS="323">
<String CONTENT="Illustrated" HEIGHT="42" WIDTH="288" VPOS="3081" HPOS="323"/>
<SP HEIGHT="40" WIDTH="30" VPOS="3083" HPOS="612"/>
<String CONTENT="lining-papers." HEIGHT="48" WIDTH="358" VPOS="3083" HPOS="643"/>
</TextLine>
<TextLine HEIGHT="56" WIDTH="1880" VPOS="3150" HPOS="259">
<String CONTENT="&#169;" HEIGHT="53" WIDTH="54" VPOS="3150" HPOS="259"/>
<SP HEIGHT="53" WIDTH="26" VPOS="3150" HPOS="314"/>
<String CONTENT="Oct." HEIGHT="40" WIDTH="102" VPOS="3155" HPOS="341"/>
<SP HEIGHT="40" WIDTH="26" VPOS="3155" HPOS="444"/>
<String CONTENT="8," HEIGHT="46" WIDTH="40" VPOS="3155" HPOS="471"/>
<SP HEIGHT="45" WIDTH="27" VPOS="3156" HPOS="512"/>
<String CONTENT="1935;" HEIGHT="47" WIDTH="140" VPOS="3154" HPOS="540"/>
<SP HEIGHT="47" WIDTH="28" VPOS="3154" HPOS="681"/>
<String CONTENT="2c." HEIGHT="41" WIDTH="66" VPOS="3154" HPOS="710"/>
<SP HEIGHT="40" WIDTH="29" VPOS="3155" HPOS="777"/>
<String CONTENT="Oct." HEIGHT="40" WIDTH="101" VPOS="3155" HPOS="807"/>
<SP HEIGHT="39" WIDTH="28" VPOS="3156" HPOS="909"/>
<String CONTENT="14;" HEIGHT="45" WIDTH="82" VPOS="3156" HPOS="938"/>
<SP HEIGHT="35" WIDTH="28" VPOS="3166" HPOS="1021"/>
<String CONTENT="aff." HEIGHT="40" WIDTH="81" VPOS="3156" HPOS="1050"/>
<SP HEIGHT="40" WIDTH="30" VPOS="3156" HPOS="1132"/>
<String CONTENT="Oct." HEIGHT="40" WIDTH="101" VPOS="3156" HPOS="1163"/>
<SP HEIGHT="38" WIDTH="28" VPOS="3157" HPOS="1265"/>
<String CONTENT="11;" HEIGHT="46" WIDTH="81" VPOS="3157" HPOS="1294"/>
<SP HEIGHT="46" WIDTH="30" VPOS="3157" HPOS="1376"/>
<!-- cceid 94B00915-6D82-1014-B070-FDFD250A9EDA --><String CONTENT="A" HEIGHT="38" WIDTH="40" VPOS="3157" HPOS="1407"/>
<SP HEIGHT="39" WIDTH="26" VPOS="3157" HPOS="1448"/>
<String CONTENT="87668;" HEIGHT="46" WIDTH="169" VPOS="3157" HPOS="1475"/>
<SP HEIGHT="46" WIDTH="34" VPOS="3157" HPOS="1645"/>
<String CONTENT="Saalfield" HEIGHT="40" WIDTH="227" VPOS="3157" HPOS="1680"/>
<SP HEIGHT="47" WIDTH="25" VPOS="3159" HPOS="1908"/>
<String CONTENT="pub." HEIGHT="47" WIDTH="108" VPOS="3159" HPOS="1934"/>
<SP HEIGHT="29" WIDTH="28" VPOS="3168" HPOS="2043"/>
<String CONTENT="co." HEIGHT="29" WIDTH="67" VPOS="3168" HPOS="2072"/>
</TextLine>
<TextLine HEIGHT="47" WIDTH="280" VPOS="3211" HPOS="339">
<String CONTENT="(35-19123)" HEIGHT="47" WIDTH="280" VPOS="3211" HPOS="339"/>
</TextLine>
<TextLine HEIGHT="66" WIDTH="512" VPOS="3320" HPOS="260" STYLEREFS="StyleId-366EFC2C-2875-458E-ABC0-A79D4E294B9F-">
<String CONTENT="Berner," HEIGHT="66" WIDTH="240" VPOS="3320" HPOS="260"/>
<SP HEIGHT="65" WIDTH="25" VPOS="3321" HPOS="501"/>
<String CONTENT="Bertha." HEIGHT="55" WIDTH="245" VPOS="3321" HPOS="527"/>
</TextLine>
<TextLine HEIGHT="147" WIDTH="1986" VPOS="3395" HPOS="258" STYLEREFS="StyleId-455B2233-2DB6-40B5-A419-44C39D750252-" CS="1">
<String CONTENT="Mrs." HEIGHT="53" WIDTH="137" VPOS="3395" HPOS="327"/>
<SP HEIGHT="52" WIDTH="31" VPOS="3396" HPOS="465"/>
<String CONTENT="Leland" HEIGHT="54" WIDTH="217" VPOS="3396" HPOS="497"/>
<SP HEIGHT="55" WIDTH="29" VPOS="3395" HPOS="715"/>
<String CONTENT="Stanford;" HEIGHT="67" WIDTH="308" VPOS="3395" HPOS="745"/>
<SP HEIGHT="47" WIDTH="31" VPOS="3415" HPOS="1054"/>
<String CONTENT="an" HEIGHT="35" WIDTH="70" VPOS="3415" HPOS="1086"/>
<SP HEIGHT="51" WIDTH="31" VPOS="3399" HPOS="1157"/>
<String CONTENT="intimate" HEIGHT="56" WIDTH="261" VPOS="3395" HPOS="1189"/>
<SP HEIGHT="34" WIDTH="28" VPOS="3416" HPOS="1451"/>
<String CONTENT="account," HEIGHT="62" WIDTH="250" VPOS="3403" HPOS="1480"/>
<SP HEIGHT="69" WIDTH="30" VPOS="3396" HPOS="1731"/>
<String CONTENT="by" HEIGHT="69" WIDTH="74" VPOS="3396" HPOS="1762"/>
<SP HEIGHT="68" WIDTH="29" VPOS="3397" HPOS="1837"/>
<String CONTENT="Bertha" HEIGHT="54" WIDTH="214" VPOS="3396" HPOS="1867"/>
<SP HEIGHT="52" WIDTH="30" VPOS="3396" HPOS="2082"/>
<String CONTENT="Berner" HEIGHT="130" WIDTH="1963" VPOS="3396" HPOS="258"/>
<SP HEIGHT="33" WIDTH="31" VPOS="3493" HPOS="358"/>
<String CS="1" CONTENT="&#8230;"/>
<SP HEIGHT="55" WIDTH="77" VPOS="3472" HPOS="447"/>
<String CONTENT="Stanford" HEIGHT="55" WIDTH="280" VPOS="3472" HPOS="525"/>
<SP HEIGHT="54" WIDTH="29" VPOS="3473" HPOS="806"/>
<String CONTENT="University," HEIGHT="71" WIDTH="352" VPOS="3471" HPOS="836"/>
<SP HEIGHT="70" WIDTH="28" VPOS="3472" HPOS="1189"/>
<String CONTENT="Calif.," HEIGHT="69" WIDTH="192" VPOS="3472" HPOS="1218"/>
<SP HEIGHT="68" WIDTH="30" VPOS="3473" HPOS="1411"/>
<String CONTENT="Stanford" HEIGHT="56" WIDTH="279" VPOS="3472" HPOS="1442"/>
<SP HEIGHT="53" WIDTH="28" VPOS="3472" HPOS="1722"/>
<String CONTENT="university" HEIGHT="69" WIDTH="315" VPOS="3473" HPOS="1751"/>
<SP HEIGHT="52" WIDTH="27" VPOS="3490" HPOS="2067"/>
<String CONTENT="press" HEIGHT="54" WIDTH="149" VPOS="3486" HPOS="2095"/>
</TextLine>
<TextLine HEIGHT="67" WIDTH="193" VPOS="3551" HPOS="265" STYLEREFS="StyleId-455B2233-2DB6-40B5-A419-44C39D750252-">
<String STYLE="subscript" CONTENT="[" HEIGHT="34" WIDTH="13" VPOS="3583" HPOS="265"/>
<String STYLE="superscript" CONTENT="c" HEIGHT="22" WIDTH="20" VPOS="3556" HPOS="282"/>
<String CONTENT="1935" HEIGHT="50" WIDTH="133" VPOS="3551" HPOS="306"/>
<String STYLE="subscript" CONTENT="]" HEIGHT="35" WIDTH="13" VPOS="3583" HPOS="445"/>
</TextLine>
<TextLine HEIGHT="49" WIDTH="1117" VPOS="3633" HPOS="328">
<String CONTENT="xiii," HEIGHT="48" WIDTH="104" VPOS="3633" HPOS="328"/>
<SP HEIGHT="48" WIDTH="31" VPOS="3633" HPOS="433"/>
<String CONTENT="231" HEIGHT="41" WIDTH="84" VPOS="3633" HPOS="465"/>
<SP HEIGHT="48" WIDTH="31" VPOS="3634" HPOS="550"/>
<String CONTENT="p." HEIGHT="38" WIDTH="44" VPOS="3644" HPOS="582"/>
<SP HEIGHT="41" WIDTH="57" VPOS="3633" HPOS="627"/>
<String CONTENT="front.," HEIGHT="48" WIDTH="164" VPOS="3633" HPOS="685"/>
<SP HEIGHT="37" WIDTH="31" VPOS="3645" HPOS="850"/>
<String CONTENT="ports.," HEIGHT="45" WIDTH="162" VPOS="3637" HPOS="882"/>
<SP HEIGHT="48" WIDTH="33" VPOS="3634" HPOS="1045"/>
<String CONTENT="facsim." HEIGHT="41" WIDTH="188" VPOS="3634" HPOS="1079"/>
<SP HEIGHT="40" WIDTH="58" VPOS="3635" HPOS="1268"/>
<String CONTENT="20" HEIGHT="41" WIDTH="57" VPOS="3634" HPOS="1327"/>
<String STYLE="superscript" CONTENT="cm" HEIGHT="22" WIDTH="44" VPOS="3637" HPOS="1386"/>
<String CONTENT="." HEIGHT="10" WIDTH="10" VPOS="3666" HPOS="1435"/>
</TextLine>
<TextLine HEIGHT="46" WIDTH="1910" VPOS="3701" HPOS="329">
<String CONTENT="Published" HEIGHT="40" WIDTH="263" VPOS="3702" HPOS="329"/>
<SP HEIGHT="40" WIDTH="30" VPOS="3702" HPOS="593"/>
<String CONTENT="in" HEIGHT="39" WIDTH="51" VPOS="3703" HPOS="624"/>
<SP HEIGHT="38" WIDTH="31" VPOS="3704" HPOS="676"/>
<String CONTENT="1934" HEIGHT="41" WIDTH="114" VPOS="3702" HPOS="708"/>
<SP HEIGHT="39" WIDTH="34" VPOS="3704" HPOS="823"/>
<String CONTENT="under" HEIGHT="39" WIDTH="152" VPOS="3704" HPOS="858"/>
<SP HEIGHT="37" WIDTH="32" VPOS="3707" HPOS="1011"/>
<String CONTENT="title:" HEIGHT="40" WIDTH="136" VPOS="3704" HPOS="1044"/>
<SP HEIGHT="39" WIDTH="38" VPOS="3705" HPOS="1181"/>
<String CONTENT="Incidents" HEIGHT="40" WIDTH="246" VPOS="3705" HPOS="1220"/>
<SP HEIGHT="39" WIDTH="34" VPOS="3706" HPOS="1467"/>
<String CONTENT="in" HEIGHT="39" WIDTH="49" VPOS="3706" HPOS="1502"/>
<SP HEIGHT="39" WIDTH="34" VPOS="3708" HPOS="1552"/>
<String CONTENT="the" HEIGHT="40" WIDTH="83" VPOS="3707" HPOS="1587"/>
<SP HEIGHT="39" WIDTH="30" VPOS="3707" HPOS="1671"/>
<String CONTENT="life" HEIGHT="41" WIDTH="88" VPOS="3705" HPOS="1702"/>
<SP HEIGHT="30" WIDTH="34" VPOS="3717" HPOS="1791"/>
<String CONTENT="of" HEIGHT="41" WIDTH="50" VPOS="3706" HPOS="1826"/>
<SP HEIGHT="40" WIDTH="36" VPOS="3706" HPOS="1877"/>
<String CONTENT="Mrs." HEIGHT="39" WIDTH="115" VPOS="3707" HPOS="1914"/>
<SP HEIGHT="40" WIDTH="33" VPOS="3706" HPOS="2030"/>
<String CONTENT="Leland" HEIGHT="44" WIDTH="175" VPOS="3701" HPOS="2064"/>
</TextLine>
<TextLine HEIGHT="41" WIDTH="249" VPOS="3757" HPOS="261">
<String CONTENT="Stanford." HEIGHT="41" WIDTH="249" VPOS="3757" HPOS="261"/>
</TextLine>
<TextLine HEIGHT="53" WIDTH="1980" VPOS="3826" HPOS="261" CS="1">
<String CONTENT="&#169;" HEIGHT="52" WIDTH="54" VPOS="3826" HPOS="261"/>
<SP HEIGHT="52" WIDTH="28" VPOS="3826" HPOS="316"/>
<String CONTENT="Aug." HEIGHT="46" WIDTH="117" VPOS="3830" HPOS="345"/>
<SP HEIGHT="38" WIDTH="31" VPOS="3831" HPOS="463"/>
<String CONTENT="1," HEIGHT="46" WIDTH="38" VPOS="3831" HPOS="495"/>
<SP HEIGHT="46" WIDTH="27" VPOS="3831" HPOS="534"/>
<String CS="1" CONTENT="1935;" HEIGHT="41" WIDTH="116" VPOS="3829" HPOS="562"/>
<SP HEIGHT="45" WIDTH="30" VPOS="3831" HPOS="703"/>
<String CONTENT="2c." HEIGHT="39" WIDTH="64" VPOS="3831" HPOS="734"/>
<SP HEIGHT="38" WIDTH="31" VPOS="3831" HPOS="799"/>
<String CONTENT="Aug." HEIGHT="47" WIDTH="119" VPOS="3831" HPOS="831"/>
<SP HEIGHT="38" WIDTH="30" VPOS="3832" HPOS="951"/>
<String CONTENT="14;" HEIGHT="45" WIDTH="81" VPOS="3832" HPOS="982"/>
<SP HEIGHT="36" WIDTH="32" VPOS="3841" HPOS="1064"/>
<String CONTENT="aff." HEIGHT="39" WIDTH="79" VPOS="3831" HPOS="1097"/>
<SP HEIGHT="40" WIDTH="36" VPOS="3831" HPOS="1177"/>
<String CONTENT="Sept." HEIGHT="48" WIDTH="126" VPOS="3831" HPOS="1214"/>
<SP HEIGHT="39" WIDTH="28" VPOS="3832" HPOS="1341"/>
<String CONTENT="30;" HEIGHT="48" WIDTH="83" VPOS="3830" HPOS="1370"/>
<SP HEIGHT="45" WIDTH="32" VPOS="3833" HPOS="1454"/>
<!-- cceid 94B0551F-6D82-1014-B070-FDFD250A9EDA --><String CONTENT="A" HEIGHT="37" WIDTH="40" VPOS="3833" HPOS="1487"/>
<SP HEIGHT="39" WIDTH="29" VPOS="3833" HPOS="1528"/>
<String CONTENT="87473;" HEIGHT="45" WIDTH="169" VPOS="3833" HPOS="1558"/>
<SP HEIGHT="45" WIDTH="32" VPOS="3833" HPOS="1728"/>
<String CONTENT="Board" HEIGHT="40" WIDTH="163" VPOS="3832" HPOS="1761"/>
<SP HEIGHT="39" WIDTH="30" VPOS="3832" HPOS="1925"/>
<String CONTENT="of" HEIGHT="39" WIDTH="52" VPOS="3832" HPOS="1956"/>
<SP HEIGHT="39" WIDTH="28" VPOS="3832" HPOS="2009"/>
<String CONTENT="trustees" HEIGHT="39" WIDTH="203" VPOS="3832" HPOS="2038"/>
</TextLine>
<TextLine HEIGHT="52" WIDTH="1908" VPOS="3882" HPOS="331">
<String CONTENT="of" HEIGHT="41" WIDTH="52" VPOS="3884" HPOS="331"/>
<SP HEIGHT="41" WIDTH="44" VPOS="3884" HPOS="384"/>
<String CONTENT="the" HEIGHT="38" WIDTH="80" VPOS="3887" HPOS="429"/>
<SP HEIGHT="38" WIDTH="46" VPOS="3887" HPOS="510"/>
<String CONTENT="Leland" HEIGHT="39" WIDTH="183" VPOS="3887" HPOS="557"/>
<SP HEIGHT="40" WIDTH="48" VPOS="3887" HPOS="741"/>
<String CONTENT="Stanford" HEIGHT="40" WIDTH="233" VPOS="3887" HPOS="790"/>
<SP HEIGHT="46" WIDTH="44" VPOS="3887" HPOS="1024"/>
<String CONTENT="junior" HEIGHT="46" WIDTH="168" VPOS="3887" HPOS="1069"/>
<SP HEIGHT="28" WIDTH="43" VPOS="3898" HPOS="1238"/>
<String CONTENT="univ.," HEIGHT="47" WIDTH="145" VPOS="3886" HPOS="1282"/>
<SP HEIGHT="45" WIDTH="49" VPOS="3888" HPOS="1428"/>
<String CONTENT="Stanford" HEIGHT="40" WIDTH="232" VPOS="3888" HPOS="1478"/>
<SP HEIGHT="39" WIDTH="48" VPOS="3889" HPOS="1711"/>
<String CONTENT="University," HEIGHT="47" WIDTH="294" VPOS="3887" HPOS="1760"/>
<SP HEIGHT="48" WIDTH="46" VPOS="3886" HPOS="2055"/>
<String CONTENT="Calif." HEIGHT="44" WIDTH="137" VPOS="3882" HPOS="2102"/>
</TextLine>
<TextLine HEIGHT="51" WIDTH="1902" VPOS="3940" HPOS="335">
<String CONTENT="[Copyright" HEIGHT="48" WIDTH="280" VPOS="3942" HPOS="335"/>
<SP HEIGHT="39" WIDTH="35" VPOS="3943" HPOS="616"/>
<String CONTENT="is" HEIGHT="38" WIDTH="40" VPOS="3943" HPOS="652"/>
<SP HEIGHT="31" WIDTH="35" VPOS="3954" HPOS="693"/>
<String CONTENT="claimed" HEIGHT="42" WIDTH="201" VPOS="3943" HPOS="729"/>
<SP HEIGHT="39" WIDTH="36" VPOS="3945" HPOS="931"/>
<String CONTENT="on" HEIGHT="29" WIDTH="59" VPOS="3953" HPOS="968"/>
<SP HEIGHT="28" WIDTH="35" VPOS="3953" HPOS="1028"/>
<String CONTENT="new" HEIGHT="28" WIDTH="106" VPOS="3954" HPOS="1064"/>
<SP HEIGHT="28" WIDTH="35" VPOS="3954" HPOS="1171"/>
<String CONTENT="material," HEIGHT="46" WIDTH="239" VPOS="3943" HPOS="1207"/>
<SP HEIGHT="34" WIDTH="37" VPOS="3955" HPOS="1447"/>
<String CONTENT="rearrangement" HEIGHT="43" WIDTH="392" VPOS="3948" HPOS="1485"/>
<SP HEIGHT="36" WIDTH="36" VPOS="3948" HPOS="1878"/>
<String CONTENT="and" HEIGHT="39" WIDTH="95" VPOS="3945" HPOS="1915"/>
<SP HEIGHT="39" WIDTH="35" VPOS="3945" HPOS="2011"/>
<String CONTENT="editing]" HEIGHT="46" WIDTH="190" VPOS="3940" HPOS="2047"/>
</TextLine>
<TextLine HEIGHT="49" WIDTH="280" VPOS="3998" HPOS="340" CS="1">
<String CONTENT="(35-19108)" HEIGHT="49" WIDTH="280" VPOS="3998" HPOS="340"/>
<SP/>
</TextLine>
</TextBlock>
</PrintSpace>
</Page>
</Layout>
</alto>