2424 4375
1026 4037 97 50 851

146 497 316 50 287, [1] p. 19½cm.
78 558 1978 114 © Sept. 30, 1934; 1c. Apr. 26, 1935; A-Foreign 27722; Albert Langen-Georg
325 624 177 39 Müller
529 624 178 46 vertag,
737 632 41 37 g.
806 632 58 28 in.
892 622 42 38 b.
965 621 45 38 h.
1080 618 249 49 (35-8909)

78 726 272 65 Johnson,
377 724 182 53 Merle
583 726 85 52 De
695 724 171 62 Vore,
148 724 879 131 1874-You
299 803 166 52 know
494 802 152 52 these
675 800 171 54 lines!
941 800 53 51 A
1025 798 405 67 bibliography
1460 797 63 53 of
1553 796 94 52 the
1676 799 146 48 most
1850 792 205 68 quoted

82 870 1971 74 verses in American poetry, by Merle Johnson … foreword
82 962 66 63 by
175 958 74 52 H.
277 958 64 51 L.
365 955 292 53 Mencken.
720 956 140 52 New
887 954 179 65 York,
1094 953 68 55 G.
1190 953 72 53 A.
1290 952 190 53 Baker
1505 953 45 50 &
1578 966 297 50 company,
1903 950 152 50 1935.

143 1026 964 52 3 p. l., v-xviii p., 1 l., 195 p. 23½ cm .
147 1098 224 40 “Printed
407 1098 62 47 by
505 1097 42 42 J.
586 1096 44 42 J.
670 1097 146 40 Little
854 1098 94 38 and
988 1096 108 40 Ives
1135 1105 233 38 company

1406 1094 49 39 in
1494 1103 27 29 a
1561 1092 185 40 limited
1784 1090 182 42 edition
2007 1090 50 41 of

82 1155 105 40 1000
212 1156 155 47 copies
393 1154 167 49 signed
586 1154 59 47 by
673 1154 82 40 the
781 1154 203 39 author:
1014 1152 151 41 Merle
1192 1150 260 41 Johnson.”

147 1210 230 41 “Errata”
406 1211 118 48 slips
549 1210 229 40 mounted
806 1221 60 30 on
892 1220 145 38 pages
1069 1209 113 49 [177]
1212 1209 96 39 and
1336 1207 98 41 187.

147 1268 244 47 Arranged
432 1266 376 48 alphabetically
845 1268 60 46 by
942 1266 109 40 title
1088 1265 52 40 of
1176 1267 82 38 the
1293 1274 150 39 poem,
1484 1264 116 38 with
1638 1263 143 39 index
1821 1266 48 37 to
1910 1263 145 44 titles,

79 1325 208 45 authors,
316 1324 95 39 and
441 1334 163 30 names
635 1323 51 41 of
713 1323 159 40 books.

151 1381 86 40 For
277 1381 115 40 each
432 1379 254 48 quotation
723 1380 81 41 the
843 1379 251 48 following
1130 1378 118 40 data
1286 1387 84 31 are
1410 1377 166 48 given:
1618 1378 82 39 the
1741 1377 106 40 title
1887 1377 50 39 of
1979 1379 79 38 the

82 1447 126 37 poem
232 1437 93 39 and
352 1447 140 29 name
519 1436 51 40 of
594 1437 203 45 author;
827 1436 81 40 the
932 1434 220 40 familiar
1178 1435 135 47 lines,
1342 1434 177 48 quoted
1544 1434 126 41 from
1697 1435 81 40 the
1803 1434 108 40 first
1936 1434 122 41 book

81 1492 205 41 credited
328 1495 48 38 to
418 1493 81 40 the
539 1493 180 40 author
758 1492 50 39 in
850 1492 156 39 which
1047 1492 82 41 the
1169 1491 127 40 lines
1333 1490 107 41 first
1482 1491 268 48 appeared;
1795 1492 81 40 the
1916 1493 140 39 exact

83 1550 210 48 wording
335 1549 52 40 of
428 1551 82 38 the
553 1553 98 44 t.-p.
694 1548 52 40 of
787 1548 98 40 this
927 1548 122 40 book
1092 1548 119 39 with
1254 1557 29 30 a
1328 1547 239 43 technical
1609 1549 228 40 collation
1884 1549 50 39 of
1978 1550 80 39 the

81 1605 149 40 entire
262 1606 145 44 book;
442 1604 320 40 information
793 1615 55 29 as
881 1606 49 38 to
965 1603 207 48 original
1206 1603 263 48 periodical
1505 1615 53 28 or
1594 1615 281 37 newspaper
83 1606 1958 102 publication,

300 1662 95 39 and
445 1662 137 39 other
630 1658 399 50 bibliographical
1079 1660 319 40 information
1444 1661 262 48 regarding
1755 1662 80 40 the
1884 1661 176 49 poem's

83 1716 286 50 publication
400 1719 133 47 prior
563 1719 53 38 to
646 1718 63 39 its
741 1725 301 40 appearance
1073 1717 51 38 in
1153 1717 82 39 the
1266 1710 217 46 authors
1517 1717 147 46 book;
1701 1719 96 39 and
83 1719 1957 95 information
207 1775 144 39 about
381 1776 81 39 the
490 1772 301 50 authorship.

85 1841 49 53 ©
162 1847 109 46 May
298 1845 69 47 24,
395 1843 139 46 1935;
564 1843 67 41 2c.
660 1844 128 39 June
814 1843 53 46 3;
898 1842 82 40 aff.
1012 1843 129 39 June
1166 1843 82 47 14;
1279 1844 40 38 A
1346 1843 170 48 84236;
1553 1846 62 39 M.
1646 1846 72 38 De
1747 1847 51 39 V.
1830 1847 231 49 Johnson,

149 1903 111 39 New
291 1903 141 39 York.
503 1899 249 49 (35-9088)

85 2005 195 64 Kemp,
309 2007 175 62 Tage,
519 2010 169 49 1896-

84 2079 1916 146 … Laerebog i endokrinologi for studerende og laeger. København,
376 2158 178 52 Levin
584 2160 45 50 &
655 2157 410 69 Munksgaard,
1096 2160 150 51 1934.

147 2243 83 42 306
255 2255 41 38 p.
351 2244 126 41 illus.
506 2245 131 47 (incl.
663 2246 160 48 maps)
861 2244 176 48 diagrs.
1092 2244 55 40 23½
1181 2246 44 22 cm
1229 2277 9 9 .

148 2315 61 40 At
229 2316 122 39 head
374 2315 51 40 of
449 2315 133 41 title:
611 2315 129 47 Tage
762 2315 153 47 Kemp
941 2325 58 37 og
1022 2314 190 41 Harald
1239 2314 192 43 Okkels.

149 2371 291 41 “Rettelser”:
499 2372 92 47 slip
616 2372 217 40 inserted
859 2373 52 39 at
939 2373 104 39 end.

151 2427 669 49 “Literaturhenvisninger”:
855 2439 43 37 p.
935 2427 246 51 [298]-300.

89 2495 1976 57 © Feb. 28, 1934; 1c. Jan. 31, 1935; A-Foreign 27559; T. Kemp and
153 2558 55 39 H.
240 2558 188 46 Okkels,
460 2558 328 48 Copenhagen.
861 2557 249 49 (35-9079)

90 2659 1954 216 Khun de Prorok, Byron, 1896-In quest of lost worlds, by Count Byron de Prorok … London,
245 2816 64 54 F.
338 2817 228 68 Muller,
591 2817 103 54 ltd.
729 2819 172 66 [1935]

159 2888 1579 52 xii, 281, [1] p. front. (ports.) illus. (maps) plates. 22½ cm .
429 2958 1635 51 CONTENTS. —pt. I. Tin Hinan, legendary queen of the Tuaregs.—pt. II.
97 3011 184 50 Jupiter
305 3015 199 40 Ammon
531 3017 95 39 and
651 3015 468 49 Tripolitania.—pt.
1209 3045 11 11 III.
1246 3015 187 42 Mexico
1460 3018 94 39 and
1583 3016 80 41 the
1685 3016 164 49 poison
1876 3016 112 41 trail
2012 3040 53 5 —

99 3068 62 46 pt.
247 3098 11 11 IV.
287 3070 237 49 Ethiopia.
586 3072 58 39 In
672 3073 170 40 search
870 3071 52 41 of
949 3071 131 48 King
1111 3071 262 42 Solomon’s
1404 3071 153 41 mines
1589 3073 93 39 and
1716 3073 81 39 the
1826 3073 94 40 lost
1954 3073 110 38 land

98 3122 48 40 of
165 3124 371 49 Ophir.—Other
558 3127 322 48 publications
899 3128 62 48 by
985 3127 156 42 Count
1166 3128 163 47 Byron
1351 3128 58 40 de
1428 3127 185 40 Prorok
1641 3127 64 48 (p.
1750 3127 126 47 [282])

96 3188 1969 57 © 1c. May 24, 1935; A ad int. 20257; pubd. Mar. 28; B. Khun de Prorok,
162 3251 147 41 Paris.
381 3252 248 49 (35-9104)
700 3254 315 39 Provisional.

98 3352 166 67 King,
292 3359 135 51 Mrs.
459 3358 289 53 Gertrude
779 3357 305 54 Elizabeth
1116 3356 277 66 (Nelson)
161 3363 1405 123 1882-IVorld
399 3434 351 69 friendship;
798 3456 30 33 a
869 3435 430 68 bibliography;
1344 3453 218 34 sources
1604 3435 63 52 of
1708 3435 357 53 educational

102 3512 246 53 material
402 3513 107 66 [by]
564 3513 283 55 Gertrude
895 3516 65 50 E.
1012 3515 67 51 N.
1131 3514 175 67 King.
1392 3515 232 65 Boston,
1674 3513 300 65 Chapman
2022 3514 45 50 &

101 3585 213 56 Grimes
345 3623 13 33 [
363 3597 19 21 c
385 3594 131 49 1935
522 3624 13 33 ]

164 3660 37 46 5,
230 3663 53 47 [1]
310 3661 110 42 9-81
447 3674 43 37 p.
544 3663 115 40 20cm.

166 3729 55 39 In
245 3735 92 36 two
364 3735 161 44 parts:
553 3737 66 44 pt.
648 3734 38 38 1.
742 3734 158 39 Books
928 3732 96 40 and
1051 3733 222 45 articles;
1304 3735 66 45 pt.
1398 3732 40 40 2.
1469 3731 182 40 Efforts
1679 3733 94 38 and
1802 3730 266 41 materials.

103 3784 142 41 Items
269 3787 47 39 in
342 3792 112 43 part
476 3800 90 28 one
590 3791 238 45 arranged
854 3788 375 48 alphabetically
1255 3790 61 46 by
1343 3790 202 43 author;
1574 3789 118 39 with
1726 3787 170 40 “Cross
1925 3788 145 39 index

102 3839 50 39 of
174 3840 155 42 titles”
357 3846 47 38 to
431 3845 115 40 both
571 3847 150 45 parts.

105 3904 48 53 ©
179 3911 123 41 June
324 3915 38 45 5,
390 3915 138 47 1935;
557 3915 66 40 2c.
653 3917 95 38 and
775 3915 79 40 aff.
885 3916 124 39 June
1036 3915 82 47 15;
1149 3916 40 38 A
1220 3914 169 47 83587;
1419 3915 249 47 Chapman
1696 3914 37 40 &
1760 3912 199 42 Grimes.

177 3967 242 53 (35-8273)
