2424 4375
1222 4102 134 54 1370

308 472 323 64 Landman,
659 473 181 53 Jacob
868 474 223 63 Henry.

436 547 1863 72 … An outline history of the world since 1914 [by] J. H.
304 626 1995 69 Landman … with a foreword by Nelson P. Mead … Rev. ed.
305 704 1237 70 New York, Barnes & Noble, inc. [ c 1935]
377 777 1916 53 5 p. l. , 311 p. illus. (incl. maps) diagr. 21 cm . (College outline series)
377 849 348 49 Bibliography
755 852 53 38 at
833 851 90 39 end
952 849 52 41 of
1030 850 118 41 each
1178 851 215 48 chapter.

309 916 53 53 ©
393 921 126 48 Sept.
550 921 69 48 13,
650 919 140 49 1935;
821 920 66 41 2c.
921 921 128 48 Sept.
1078 920 81 47 21;
1193 920 80 41 aff.
1309 921 127 49 Sept.
1467 921 82 48 23;
1582 922 41 39 A
1652 922 169 48 87188;
1856 924 185 39 Barnes
2070 924 38 39 &
2137 924 164 49 Noble,

376 977 89 41 inc.
536 977 280 50 (35-18083)

308 1080 333 65 Lawrence,
667 1081 258 53 Thomas
951 1083 272 63 Edward,
1256 1087 323 51 1888-1935.

379 1156 181 56 Seven
598 1158 203 69 pillars
839 1158 61 52 of
942 1156 262 69 wisdom;
1247 1179 31 33 a
1315 1159 258 69 triumph
1634 1159 93 68 [by]
1769 1160 67 52 T.
1874 1160 67 53 E.
1981 1160 317 54 Lawrence.

307 1234 231 56 Garden
565 1236 154 68 City,
742 1236 72 53 N.
841 1236 90 67 Y.,
956 1237 356 68 Doubleday,
1336 1238 198 52 Doran
1558 1240 46 50 &
1628 1255 296 51 company,
1947 1240 126 63 inc.,
2100 1242 149 50 1935.

377 1309 1923 52 4 p. l. , 7-672 p. front., illus., plates, ports, (part col.) maps, facsims.
316 1367 49 48 (1
394 1367 143 48 fold.)
604 1366 56 41 26
664 1369 43 21 cm
712 1399 8 8 .

378 1438 181 49 “Firsts
575 1436 228 43 edition.”

380 1493 146 41 “This
556 1494 184 42 edition
773 1495 42 40 is
846 1494 187 41 limited
1066 1497 47 37 to
1146 1505 142 30 seven
1322 1495 218 40 hundred
1575 1495 94 40 and
1705 1495 107 48 fifty
1846 1496 202 49 copies.”

379 1551 276 49 “Privately
678 1551 208 49 printed,
913 1551 139 43 1926:
1082 1552 106 40 first
1211 1552 255 48 published
1489 1552 79 41 for
1592 1553 196 48 general
1813 1553 302 48 circulation,
2141 1554 154 41 1935.”

307 1620 53 52 ©
391 1624 127 47 Sept.
543 1623 69 47 18,
641 1622 113 40 1935
773 1634 9 35 ;
811 1622 66 40 2c.
907 1623 96 38 and
1030 1622 83 39 aff.
1143 1622 101 39 Oct.
1274 1623 53 45 1;
1357 1622 41 38 A
1426 1623 170 45 87456;
1628 1623 299 48 Doubleday,
1957 1625 165 37 Doran
2153 1624 37 40 &
2216 1634 83 39 co.,

374 1681 88 39 inc.
527 1678 283 50 [Copyright
836 1679 40 40 is
904 1678 206 41 claimed
1139 1689 58 28 on
1227 1678 136 40 front
1392 1681 179 37 matter
1601 1680 96 39 and
1726 1680 223 47 changes]

387 1735 279 51 (35-18397)

307 1839 132 63 Lee,
467 1839 257 54 Richard
754 1837 224 66 Edwin,
1008 1843 171 51 1876-

377 1917 121 53 The
540 1915 396 69 backgrounds
981 1915 112 54 and
1138 1915 373 54 foundations
1556 1915 64 53 of
1663 1915 233 53 modern
1938 1915 241 66 science;
2227 1933 70 35 an

306 1993 1990 148 integration of the natural sciences for the orientation of college freshmen, by Richard E. Lee … Baltimore, The Williams
303 2154 45 50 &
375 2150 251 55 Wilkins
656 2167 296 51 company,
983 2152 151 50 1935.

375 2234 111 38 xxv,
515 2223 86 41 536
629 2233 43 39 p.
732 2222 141 48 illus.,
902 2223 171 49 plates,
1105 2224 178 47 diagrs.
1343 2222 56 39 22
1403 2224 15 21 cm
1450 2254 8 8 .

379 2294 222 41 Includes
637 2293 240 41 exercises
914 2294 95 39 and
1047 2293 145 40 blank
1230 2303 145 39 pages
1410 2294 79 40 for
1525 2294 81 40 the
1644 2303 84 31 use
1764 2293 51 40 of
1850 2294 80 40 the
1967 2293 210 42 student.

378 2351 130 41 First
545 2351 188 41 revised
768 2351 182 40 edition
988 2351 51 39 of
1074 2351 81 40 the
1191 2349 219 41 author's
1446 2349 130 48 Man,
1612 2351 81 40 the
1731 2349 446 43 universe-builder.

377 2409 373 49 Bibliography:
785 2419 42 37 p.
859 2405 216 43 522-524.

305 2477 52 54 ©
384 2482 126 47 Sept.
535 2481 68 46 12,
629 2480 139 46 1935;
795 2479 68 40 2c.
888 2479 126 47 Sept.
1040 2477 83 47 20;
1152 2477 81 41 aff.
1261 2477 101 40 Oct.
1388 2477 81 46 10;
1497 2478 41 38 A
1564 2476 169 48 87093;
1760 2477 241 41 Williams
2027 2478 35 40 &
2088 2476 207 42 Wilkins

373 2549 65 29 co.
503 2537 279 49 [Copyright
813 2537 41 39 is
882 2534 202 41 claimed
1116 2545 60 30 on
1206 2533 236 41 revisions
1473 2535 96 39 and
1598 2545 106 29 new
1733 2537 194 47 matter]

386 2593 278 50 (35-17189)

304 2696 169 64 Linn,
499 2697 204 52 James
726 2696 227 62 Weber,
982 2697 170 52 1876-

373 2764 1920 73 Jane Addams; a biography, by James Weber Linn … New
308 2849 176 67 York,
524 2848 257 67 London,
820 2848 70 52 D.
931 2844 574 70 Appleton-Century
1545 2862 295 51 company,
1880 2842 415 69 incorporated,

307 2929 149 50 1935.

373 2998 51 38 xi
451 3008 57 37 p.,
537 2996 25 40 1
625 3028 9 17 l.,
660 2996 87 40 457
773 3008 43 37 p.
874 2996 164 46 front.,
1068 2996 170 47 plates,
1268 2997 147 46 ports.
1475 2994 55 40 23
1533 2996 44 22 cm
1582 3026 9 9 .

304 3067 55 53 ©
383 3071 128 48 Sept.
533 3071 70 47 27,
628 3070 140 46 1935;
795 3070 67 39 2c.
890 3069 126 47 Sept.
1043 3068 82 47 30;
1153 3067 80 40 aff.
1262 3068 100 40 Oct.
1390 3068 52 45 1;
1470 3067 41 38 A
1536 3066 169 47 86539;
1734 3067 43 39 J.
1803 3066 71 40 W.
1902 3065 137 48 Linn,
2067 3062 223 50 Chicago.

383 3127 279 49 (35-18354)

303 3230 209 63 Locke,
542 3229 222 64 Gladys
789 3230 216 62 Edson,
1035 3229 172 54 1887-

372 3296 1918 75 The Ravensdale mystery, by G. E. Locke … illustrated by
305 3377 1659 70 Harold Cue. Boston, L. C. Page & company [ c 1935]
372 3448 978 53 4 p. l. , 405 p. front., plates. 19½cm.
375 3510 160 39 “First
564 3508 299 48 impression,
894 3507 289 47 September,
1212 3504 156 42 1935.”

307 3579 53 53 ©
389 3584 127 46 Sept.
541 3582 71 47 30,
641 3582 139 46 1935;
809 3582 66 39 2c.
905 3580 102 41 Oct.
1036 3581 52 46 5;
1119 3577 81 42 aff.
1231 3579 100 40 Oct.
1359 3578 53 47 2;
1442 3578 41 39 A
1511 3577 168 46 87519;
1708 3578 51 38 L.
1790 3576 48 41 C.
1867 3577 131 46 Page
2024 3575 35 40 &
2088 3583 81 37 co.,
2198 3574 90 39 inc.

385 3637 278 51 (35-18239)

306 3743 182 63 Long,
515 3741 138 54 Orie
680 3740 272 63 William,
983 3744 169 50 1882-

371 3819 268 65 Literary
679 3816 284 67 pioneers;
1009 3815 157 67 early
1204 3813 307 53 American
1553 3810 287 67 explorers
1879 3807 65 54 of
1983 3808 305 67 European

302 3896 235 65 culture,
571 3894 75 67 by
682 3891 136 56 Orie
851 3890 261 56 William
1144 3892 181 67 Long.
1397 3888 361 68 Cambridge,
1791 3886 190 66 Mass.,
2014 3883 270 55 Harvard

301 3971 317 65 university
648 3988 173 49 press,
853 3971 148 50 1935.

373 4043 49 42 vi
447 4056 58 37 p.,
531 4044 30 40 2
622 4075 9 17 l.,
663 4062 12 26 r
677 4043 162 48 3]-267
864 4052 42 37 p.
965 4042 59 40 23
1023 4043 46 23 cm
1072 4071 10 9 .
