2424 4375
1268 4021 103 54 766

325 409 170 54 Funk
539 411 51 53 &
632 411 303 64 Wagnalls
977 414 137 52 New
1158 413 275 53 standard
1477 413 399 67 encyclopedia
1921 414 62 53 of
2026 413 287 53 universal

391 488 349 68 knowledge,
770 490 281 66 prepared
1080 489 181 53 under
1291 490 96 52 the
1416 490 266 52 editorial
1714 489 277 54 direction
2020 489 64 54 of
2115 487 199 55 Frank

391 564 1922 148 H. Vizetelly … by an editorial staff of experts and specialists with the help of the leading scholars, scientists, and men
394 719 63 53 of
495 719 196 55 affairs
729 719 63 54 of
829 721 93 52 the
960 720 551 70 English-speaking
1548 721 199 54 world.
1819 722 139 53 New
1997 722 163 53 York
2200 721 112 54 and

392 797 256 67 London,
678 797 170 52 Funk
876 800 46 50 &
950 798 299 69 Wagnalls
1278 816 280 51 company
1609 801 177 64 [c1935]

395 870 55 39 25
512 903 7 7 v.
579 870 123 40 illus.
736 870 130 48 (incl.
894 872 160 47 maps)
1093 871 179 47 diagrs.
1330 870 146 41 15½cm.

395 925 71 41 On
496 937 165 30 cover:
697 926 243 41 Standard
971 927 350 48 encyclopedia.

396 983 346 48 Bibliography
767 985 53 39 at
841 985 91 39 end
960 985 53 39 of
1038 994 132 33 some
1192 984 51 41 of
1267 984 82 41 the
1377 984 211 41 articles.

329 1051 52 52 ©
412 1056 112 47 May
551 1055 69 48 20,
650 1054 112 41 1935;
821 1055 64 40 2c.
916 1056 118 41 each
1064 1057 114 46 May
1205 1056 83 46 31;
1320 1056 82 40 aff.
1432 1057 129 39 June
1587 1058 52 45 7;
1672 1057 41 40 A
1741 1057 168 47 84168;
1945 1058 139 40 Funk
2113 1058 36 41 &
396 1059 1904 92 Wagnalls
550 1123 65 29 co.
680 1112 281 49 [Copyright
989 1113 45 40 is
1058 1112 205 41 claimed
1290 1123 59 29 on
1377 1114 197 47 general
1600 1114 226 49 revision]

407 1169 250 48 (35-8389)

328 1269 232 65 Galger,
593 1274 136 51 Mrs.
764 1272 262 54 Lucinda
1056 1272 226 54 Hallett
1323 1272 352 66 (Pinkham)
1719 1278 323 52 1831-1921.

396 1348 179 52 Life’s
642 1349 309 65 mysteries,
1019 1349 75 67 by
1161 1349 258 53 Lucinda
1486 1349 229 52 Hallett
1780 1349 230 69 Galger.
2085 1350 231 69 Boston,

330 1426 277 53 Marshall
638 1426 173 53 Jones
843 1444 277 51 company
1156 1430 171 64 [1935]

398 1499 64 48 ix,
490 1500 83 40 110
601 1512 42 37 p.
699 1501 86 40 col.
811 1500 148 41 front.
1016 1501 114 40 19cm.

402 1557 150 39 Verse
578 1557 94 39 and
699 1567 153 36 prose.

329 1609 1986 53 © May 13, 1935; 2c. May 18; aff. May 17; A 83173; Emma Doane Galger,
399 1670 195 39 Boston.
665 1669 249 49 (35-8364)

328 1770 341 68 Glasmeier,
699 1772 300 66 Heinrich,
1030 1779 171 49 1892-

503 1851 1811 67 … Westfälische Wasserburgen. Dortmund, F. W. Ruhfus
351 1931 173 63 [ c1933]
326 2001 1984 107 128 p. incl. illus. (incl. plans) plates. 26½cm. (Westfälische kunsthefte, hrsg. im auftrage des Provinzialverbandes von W. Rave … hft. III)
330 2112 1983 52 © Nov. 17, 1933; 1c. Mar. 13, 1934; A-Foreign 24051; Fr. With. Ruhfus.
409 2171 279 49 (34-30831)

332 2275 254 65 Graeffe,
615 2275 169 55 Clare
810 2276 69 55 A.

399 2355 98 49 255
533 2357 168 62 party
734 2370 190 50 games
957 2357 57 47 to
1045 2351 154 69 play,
1232 2352 73 67 by
1340 2351 165 54 Clare
1537 2352 71 52 A.
1642 2349 228 57 Graeffe
1903 2351 112 52 and
2047 2351 147 52 Paul
2225 2352 89 53 W.

330 2431 281 66 Kearney.
687 2429 139 52 New
859 2429 178 68 York,
1071 2429 68 53 E.
1173 2429 56 53 J.
1266 2429 192 68 Clode,
1493 2428 107 53 inc.
1642 2430 191 66 [c1934]

402 2501 954 50 viii p., 1 l., 11-287 p. illus. 19 ½ cm.
331 2556 52 52 ©
407 2560 116 47 Apr.
551 2560 69 47 15,
649 2559 114 40 1934;
820 2559 65 40 2c.
918 2560 95 39 and
1041 2558 80 40 aff.
1150 2559 126 39 June
1304 2559 69 46 11,
1401 2558 113 41 1935;
1572 2559 41 39 A
1641 2558 146 40 83535;
1843 2559 210 39 Edward
2081 2559 43 39 J.
2156 2557 158 48 Clode,

399 2615 90 41 inc.
552 2615 282 50 [Copyright
862 2616 41 40 is
934 2615 204 41 claimed
1167 2627 61 29 on
1259 2615 260 48 additions]
1592 2615 250 48 (35-8489)

329 2718 242 63 Haalck,
600 2720 183 51 Hans.

402 2795 299 52 Lehrbuch
765 2795 99 51 der
926 2794 410 67 angewandten
1401 2793 316 68 geophysik
1766 2792 548 69 (geophysikalische

330 2872 102 53 auf
436 2872 543 67 Schlussmethoden)
1018 2891 109 34 von
1155 2872 291 67 professor
1472 2872 82 52 dr.
1583 2874 165 49 Hans
1774 2871 239 53 Haalck.
2076 2870 113 53 Mit
2218 2874 95 49 142

329 2948 342 69 textfiguren
697 2950 117 51 und
844 2953 29 48 6
900 2949 199 53 tafeln.
1167 2949 215 66 Berlin,
1410 2950 296 54 Gebrüder
1735 2951 400 65 Borntraeger,
2166 2952 146 49 1934.

404 3023 80 46 vii,
510 3023 88 40 376
621 3034 42 35 p.
719 3022 142 46 illus.,
886 3032 53 29 vi
963 3023 150 46 diagr.
1144 3021 137 49 (part
1303 3021 144 48 fold.)
1509 3021 145 39 22½cm.

333 3076 1964 108 © Mar. 15, 1934; 1c. Feb. 8, 1935; A -Foreign 27367; Gebrüder Borntraeger. (A C 34-4615)
335 3236 316 64 Hamilton,
683 3236 194 64 Cicely
902 3238 188 61 Mary,
1124 3239 168 51 1875-

404 3312 239 53 Modern
687 3310 236 55 Austria
967 3329 59 35 as
1070 3329 123 34 seen
1240 3311 72 67 by
1357 3329 71 34 an
1474 3309 484 68 Englishwoman,
2004 3309 72 68 by
2123 3305 191 72 Cicely

342 3389 320 64 Hamilton;
690 3388 141 53 with
857 3391 65 48 20
948 3406 170 49 pages
1143 3387 63 52 of
1232 3387 404 69 photographs.
1712 3385 237 54 London
1975 3388 46 49 &
2046 3386 267 63 Toronto,

335 3466 54 52 J.
415 3465 78 52 M.
519 3465 153 53 Dent
694 3467 45 49 &
764 3483 143 49 sons,
932 3464 102 53 ltd.
1087 3467 151 64 [1935]

401 3540 98 45 xxi,
527 3538 98 47 229,
657 3540 54 47 [1]
741 3549 41 37 p.
838 3539 163 47 front.,
1030 3539 127 38 illus.
1186 3537 132 47 (incl.
1347 3538 135 47 map)
1520 3538 170 47 plates,
1720 3540 147 45 ports.
1926 3536 114 40 19cm.

334 3591 54 52 ©
417 3596 65 39 1c.
514 3597 112 47 May
657 3596 69 46 24,
757 3594 138 47 1935;
927 3595 41 38 A
1000 3596 60 38 ad
1090 3595 84 39 int.
1205 3593 170 48 20256;
1408 3594 139 48 pubd.
1581 3595 120 38 Mar.
1735 3594 82 47 28;
1854 3593 160 48 Cicely
2049 3592 265 45 Hamilton,

406 3652 210 39 London.
686 3650 248 48 (35-8599)

335 3754 293 62 Hannum,
659 3752 304 54 Elizabeth
995 3755 216 52 Crowe.

401 3826 1806 68 Speak½ Read½ Write½ By Elizabeth Crowe Hannum …
336 3905 224 64 Boston,
585 3903 192 67 Little,
802 3905 226 65 Brown,
1057 3905 111 50 and
1196 3921 293 50 company,
1520 3906 149 51 1935.
