<alto xmlns="http://www.loc.gov/standards/alto/ns-v3#" xmlns:xlink="http://www.w3.org/1999/xlink" xmlns:xsi="http://www.w3.org/2001/XMLSchema-instance" xsi:schemaLocation="http://www.loc.gov/standards/alto/ns-v3# http://www.loc.gov/alto/v3/alto-3-0.xsd"><Description>
<MeasurementUnit>pixel</MeasurementUnit>
<sourceImageInformation>
<fileName>1935_v32_Part1.pdf</fileName>
</sourceImageInformation>
<OCRProcessing ID="IdOcr">
<ocrProcessingStep>
<processingDateTime>2019-01-15</processingDateTime>
<processingSoftware>
<softwareCreator>ABBYY</softwareCreator>
<softwareName>ABBYY Recognition Server</softwareName>
<softwareVersion>4.0</softwareVersion>
</processingSoftware>
</ocrProcessingStep>
</OCRProcessing>
</Description>
<Styles>
<ParagraphStyle ID="StyleId-FFFFFFFF-FFFF-FFFF-FFFF-FFFFFFFFFFFF-" ALIGN="Left" LEFT="0." RIGHT="0." FIRSTLINE="0."/>
<ParagraphStyle ID="StyleId-09A13A44-4F77-4ABE-84F3-84CC8B3C72CE-" ALIGN="Left" LEFT="0." RIGHT="0." FIRSTLINE="0." LINESPACE="7.699999809"/>
<ParagraphStyle ID="StyleId-1F945060-F8CD-4435-B69A-5FF49DB0C586-" ALIGN="Left" LEFT="0." RIGHT="0." FIRSTLINE="-10." LINESPACE="12.19999981"/>
<ParagraphStyle ID="StyleId-C6CAE747-F5A4-4D0D-8D74-D452DA7E2C1C-" ALIGN="Block" LEFT="0." RIGHT="0." FIRSTLINE="-14." LINESPACE="8.350000381"/>
<ParagraphStyle ID="StyleId-FC0F3374-189A-459E-BE29-2DC14180F022-" ALIGN="Left" LEFT="0." RIGHT="0." FIRSTLINE="0."/>
<ParagraphStyle ID="StyleId-49397C49-A894-4B3E-BA5E-1126226BA375-" ALIGN="Left" LEFT="0." RIGHT="0." FIRSTLINE="-12." LINESPACE="11.09000015"/>
<ParagraphStyle ID="StyleId-9E34DD3A-E661-48BD-A3A1-6A3D48346F00-" ALIGN="Block" LEFT="0." RIGHT="0." FIRSTLINE="-14." LINESPACE="11.09000015"/>
<ParagraphStyle ID="StyleId-56CE54AA-A08B-4BAA-8605-F26020A0E36E-" ALIGN="Left" LEFT="0." RIGHT="0." FIRSTLINE="0." LINESPACE="9.399999619"/>
<ParagraphStyle ID="StyleId-77814FFC-C42F-4AA9-9880-EF33B947DEC8-" ALIGN="Left" LEFT="0." RIGHT="0." FIRSTLINE="-11." LINESPACE="11.06999969"/>
<ParagraphStyle ID="StyleId-FDE92EC0-67DC-4C7B-8A24-094B12C38B6C-" ALIGN="Center" LEFT="0." RIGHT="0." FIRSTLINE="0." LINESPACE="11.30000019"/>
<ParagraphStyle ID="StyleId-65180E3B-4C93-4FB8-81EE-E026DD63DBF3-" ALIGN="Left" LEFT="0." RIGHT="0." FIRSTLINE="0." LINESPACE="11.10000038"/>
<ParagraphStyle ID="StyleId-10E885C2-5813-4620-B0AA-0FBA30CF7A32-" ALIGN="Left" LEFT="0." RIGHT="0." FIRSTLINE="0." LINESPACE="9.5"/>
<ParagraphStyle ID="StyleId-913C2DB5-9F02-4067-BAF7-0AED37B60BBE-" ALIGN="Left" LEFT="0." RIGHT="0." FIRSTLINE="0." LINESPACE="6.099999905"/>
<ParagraphStyle ID="StyleId-9C79A9D2-8F08-4A8F-985D-B00E253ED1E5-" ALIGN="Left" LEFT="0." RIGHT="0." FIRSTLINE="0." LINESPACE="4.400000095"/>
<ParagraphStyle ID="StyleId-A41F0407-FEFE-4738-9EC5-E05AFFF62781-" ALIGN="Left" LEFT="0." RIGHT="0." FIRSTLINE="0." LINESPACE="7.300000191"/>
<ParagraphStyle ID="StyleId-61D37176-94E8-408D-9B87-01C406CE8AB2-" ALIGN="Left" LEFT="0." RIGHT="0." FIRSTLINE="0." LINESPACE="8.050000191"/>
</Styles>
<Layout>
<Page ID="Page1016" PHYSICAL_IMG_NR="1016" HEIGHT="4375" WIDTH="2424">
<TopMargin HEIGHT="435" WIDTH="2424" VPOS="0" HPOS="0">
</TopMargin>
<LeftMargin HEIGHT="3698" WIDTH="251" VPOS="435" HPOS="0">
</LeftMargin>
<RightMargin HEIGHT="3698" WIDTH="135" VPOS="435" HPOS="2289">
</RightMargin>
<BottomMargin HEIGHT="242" WIDTH="2424" VPOS="4133" HPOS="0">
</BottomMargin>
<PrintSpace HEIGHT="3698" WIDTH="2038" VPOS="435" HPOS="251">
<TextBlock ID="Page1016_Block1" HEIGHT="70" WIDTH="154" VPOS="4063" HPOS="1175" LANG="en-US" STYLEREFS="StyleId-2ACE13E6-3788-4B23-81A6-6FE92E6A4201-">
<TextLine HEIGHT="49" WIDTH="133" VPOS="4073" HPOS="1185">
<String CONTENT="1016" HEIGHT="49" WIDTH="133" VPOS="4073" HPOS="1185"/>
</TextLine>
</TextBlock>
<TextBlock ID="Page1016_Block2" HEIGHT="3636" WIDTH="2038" VPOS="435" HPOS="251" LANG="en-US" CS="1" STYLEREFS="StyleId-5DB95CD9-35CB-4E18-B758-0D6DDEE21010-">
<Shape>
<Polygon POINTS="259,435 558,435 558,436 995,436 995,437 1432,437 1432,438 1869,438 1869,439 2289,439 2289,660 2288,660 2288,1097 2287,1097 2287,1534 2286,1534 2286,1971 2285,1971 2285,2408 2284,2408 2284,2845 2283,2845 2283,3281 2282,3281 2282,3718 2281,3718 2281,4071 1866,4071 1866,4070 1429,4070 1429,4069 992,4069 992,4068 555,4068 555,4067 251,4067 251,3715 252,3715 252,3278 253,3278 253,2841 254,2841 254,2404 255,2404 255,1967 256,1967 256,1530 257,1530 257,1094 258,1094 258,657 259,657 259,435"/>
</Shape>
<TextLine HEIGHT="60" WIDTH="1917" VPOS="520" HPOS="358">
<String CONTENT="Published" HEIGHT="40" WIDTH="261" VPOS="520" HPOS="358"/>
<SP HEIGHT="38" WIDTH="37" VPOS="522" HPOS="620"/>
<String CONTENT="under" HEIGHT="38" WIDTH="154" VPOS="522" HPOS="658"/>
<SP HEIGHT="37" WIDTH="36" VPOS="524" HPOS="813"/>
<String CONTENT="the" HEIGHT="39" WIDTH="82" VPOS="522" HPOS="850"/>
<SP HEIGHT="30" WIDTH="36" VPOS="532" HPOS="933"/>
<String CONTENT="auspices" HEIGHT="49" WIDTH="221" VPOS="522" HPOS="970"/>
<SP HEIGHT="30" WIDTH="36" VPOS="534" HPOS="1192"/>
<String CONTENT="of" HEIGHT="40" WIDTH="54" VPOS="524" HPOS="1229"/>
<SP HEIGHT="41" WIDTH="37" VPOS="524" HPOS="1284"/>
<String CONTENT="the" HEIGHT="40" WIDTH="81" VPOS="525" HPOS="1322"/>
<SP HEIGHT="40" WIDTH="39" VPOS="526" HPOS="1404"/>
<String CONTENT="Harvard" HEIGHT="41" WIDTH="230" VPOS="527" HPOS="1444"/>
<SP HEIGHT="40" WIDTH="39" VPOS="529" HPOS="1675"/>
<String CONTENT="council" HEIGHT="43" WIDTH="184" VPOS="529" HPOS="1715"/>
<SP HEIGHT="38" WIDTH="39" VPOS="532" HPOS="1900"/>
<String CONTENT="on" HEIGHT="28" WIDTH="59" VPOS="542" HPOS="1940"/>
<SP HEIGHT="39" WIDTH="42" VPOS="532" HPOS="2000"/>
<String CONTENT="Hispano-" HEIGHT="49" WIDTH="232" VPOS="531" HPOS="2043"/>
</TextLine>
<TextLine HEIGHT="52" WIDTH="1210" VPOS="575" HPOS="289">
<String CONTENT="American" HEIGHT="42" WIDTH="252" VPOS="575" HPOS="289"/>
<SP HEIGHT="30" WIDTH="26" VPOS="586" HPOS="542"/>
<String CONTENT="studies," HEIGHT="41" WIDTH="199" VPOS="576" HPOS="569"/>
<SP HEIGHT="30" WIDTH="59" VPOS="588" HPOS="769"/>
<String CONTENT="cf." HEIGHT="47" WIDTH="59" VPOS="578" HPOS="829"/>
<SP HEIGHT="39" WIDTH="31" VPOS="578" HPOS="889"/>
<String CONTENT="Pref." HEIGHT="42" WIDTH="130" VPOS="578" HPOS="921"/>
<SP HEIGHT="30" WIDTH="29" VPOS="590" HPOS="1052"/>
<String CONTENT="of" HEIGHT="42" WIDTH="52" VPOS="578" HPOS="1082"/>
<SP HEIGHT="42" WIDTH="27" VPOS="578" HPOS="1135"/>
<String CONTENT="the" HEIGHT="42" WIDTH="82" VPOS="579" HPOS="1163"/>
<SP HEIGHT="40" WIDTH="27" VPOS="581" HPOS="1246"/>
<String CONTENT="director." HEIGHT="44" WIDTH="225" VPOS="580" HPOS="1274"/>
</TextLine>
<TextLine HEIGHT="59" WIDTH="1993" VPOS="629" HPOS="285">
<String CONTENT="&#169;" HEIGHT="53" WIDTH="53" VPOS="629" HPOS="285"/>
<SP HEIGHT="53" WIDTH="23" VPOS="629" HPOS="338"/>
<String CONTENT="July" HEIGHT="46" WIDTH="119" VPOS="634" HPOS="361"/>
<SP HEIGHT="46" WIDTH="19" VPOS="634" HPOS="480"/>
<String CONTENT="8," HEIGHT="46" WIDTH="40" VPOS="634" HPOS="499"/>
<SP HEIGHT="47" WIDTH="24" VPOS="634" HPOS="539"/>
<String CONTENT="1935" HEIGHT="41" WIDTH="115" VPOS="633" HPOS="563"/>
<SP HEIGHT="45" WIDTH="16" VPOS="635" HPOS="678"/>
<String CONTENT=";" HEIGHT="36" WIDTH="11" VPOS="644" HPOS="694"/>
<SP HEIGHT="45" WIDTH="24" VPOS="635" HPOS="705"/>
<String CONTENT="2c." HEIGHT="38" WIDTH="67" VPOS="635" HPOS="729"/>
<SP HEIGHT="39" WIDTH="25" VPOS="635" HPOS="796"/>
<String CONTENT="July" HEIGHT="47" WIDTH="117" VPOS="635" HPOS="821"/>
<SP HEIGHT="46" WIDTH="20" VPOS="636" HPOS="938"/>
<String CONTENT="13" HEIGHT="39" WIDTH="54" VPOS="636" HPOS="958"/>
<SP HEIGHT="45" WIDTH="18" VPOS="637" HPOS="1012"/>
<String CONTENT=";" HEIGHT="36" WIDTH="11" VPOS="646" HPOS="1030"/>
<SP HEIGHT="36" WIDTH="27" VPOS="646" HPOS="1041"/>
<String CONTENT="aff." HEIGHT="40" WIDTH="83" VPOS="636" HPOS="1068"/>
<SP HEIGHT="38" WIDTH="23" VPOS="638" HPOS="1151"/>
<String CONTENT="July" HEIGHT="47" WIDTH="118" VPOS="638" HPOS="1174"/>
<SP HEIGHT="46" WIDTH="22" VPOS="639" HPOS="1292"/>
<String CONTENT="18;" HEIGHT="46" WIDTH="83" VPOS="638" HPOS="1314"/>
<SP HEIGHT="45" WIDTH="29" VPOS="639" HPOS="1397"/>
<!-- cceid 9150207B-6D82-1014-B070-FDFD250A9EDA --><String CONTENT="A" HEIGHT="39" WIDTH="41" VPOS="639" HPOS="1426"/>
<SP HEIGHT="39" WIDTH="22" VPOS="640" HPOS="1467"/>
<String CONTENT="84685;" HEIGHT="47" WIDTH="171" VPOS="640" HPOS="1489"/>
<SP HEIGHT="45" WIDTH="28" VPOS="642" HPOS="1660"/>
<String CONTENT="President" HEIGHT="44" WIDTH="258" VPOS="640" HPOS="1688"/>
<SP HEIGHT="39" WIDTH="23" VPOS="645" HPOS="1946"/>
<String CONTENT="and" HEIGHT="38" WIDTH="96" VPOS="645" HPOS="1969"/>
<SP HEIGHT="39" WIDTH="23" VPOS="644" HPOS="2065"/>
<String CONTENT="fellows" HEIGHT="41" WIDTH="190" VPOS="644" HPOS="2088"/>
</TextLine>
<TextLine HEIGHT="54" WIDTH="1381" VPOS="690" HPOS="350">
<String CONTENT="of" HEIGHT="40" WIDTH="51" VPOS="690" HPOS="350"/>
<SP HEIGHT="39" WIDTH="26" VPOS="690" HPOS="402"/>
<String CONTENT="Harvard" HEIGHT="40" WIDTH="227" VPOS="691" HPOS="429"/>
<SP HEIGHT="39" WIDTH="27" VPOS="692" HPOS="657"/>
<String CONTENT="college," HEIGHT="46" WIDTH="189" VPOS="693" HPOS="685"/>
<SP HEIGHT="46" WIDTH="26" VPOS="692" HPOS="875"/>
<String CONTENT="Cambridge," HEIGHT="50" WIDTH="302" VPOS="691" HPOS="902"/>
<SP HEIGHT="46" WIDTH="30" VPOS="695" HPOS="1205"/>
<String CONTENT="Mass." HEIGHT="40" WIDTH="144" VPOS="695" HPOS="1236"/>
<SP HEIGHT="50" WIDTH="70" VPOS="694" HPOS="1381"/>
<String CONTENT="(35-11142)" HEIGHT="49" WIDTH="279" VPOS="695" HPOS="1452"/>
</TextLine>
<TextLine HEIGHT="65" WIDTH="706" VPOS="781" HPOS="282" STYLEREFS="StyleId-53E23378-FCD4-4DF7-9C17-EA78194C0261-">
<String CONTENT="Touring" HEIGHT="64" WIDTH="261" VPOS="781" HPOS="282"/>
<SP HEIGHT="48" WIDTH="25" VPOS="798" HPOS="544"/>
<String CONTENT="club" HEIGHT="53" WIDTH="129" VPOS="782" HPOS="570"/>
<SP HEIGHT="53" WIDTH="27" VPOS="782" HPOS="700"/>
<String CONTENT="italiano." HEIGHT="54" WIDTH="260" VPOS="782" HPOS="728"/>
</TextLine>
<TextLine HEIGHT="75" WIDTH="1852" VPOS="858" HPOS="350">
<String LANG="de" CONTENT="Manuale" HEIGHT="54" WIDTH="269" VPOS="858" HPOS="350"/>
<SP HEIGHT="52" WIDTH="28" VPOS="860" HPOS="620"/>
<String CONTENT="del" HEIGHT="52" WIDTH="91" VPOS="860" HPOS="649"/>
<SP HEIGHT="50" WIDTH="27" VPOS="862" HPOS="741"/>
<String CONTENT="turismo." HEIGHT="55" WIDTH="253" VPOS="859" HPOS="769"/>
<SP HEIGHT="52" WIDTH="65" VPOS="861" HPOS="1023"/>
<String CONTENT="Milan," HEIGHT="68" WIDTH="203" VPOS="860" HPOS="1089"/>
<SP HEIGHT="64" WIDTH="28" VPOS="864" HPOS="1293"/>
<String CONTENT="Touring" HEIGHT="69" WIDTH="259" VPOS="862" HPOS="1322"/>
<SP HEIGHT="49" WIDTH="27" VPOS="882" HPOS="1582"/>
<String CONTENT="club" HEIGHT="52" WIDTH="127" VPOS="865" HPOS="1610"/>
<SP HEIGHT="53" WIDTH="27" VPOS="865" HPOS="1738"/>
<String CONTENT="italiano," HEIGHT="67" WIDTH="256" VPOS="866" HPOS="1766"/>
<SP HEIGHT="61" WIDTH="32" VPOS="872" HPOS="2023"/>
<String CONTENT="1934." HEIGHT="50" WIDTH="146" VPOS="872" HPOS="2056"/>
</TextLine>
<TextLine HEIGHT="103" WIDTH="1975" VPOS="930" HPOS="280" CS="1">
<String CONTENT="944" HEIGHT="41" WIDTH="86" VPOS="930" HPOS="349"/>
<SP HEIGHT="46" WIDTH="28" VPOS="933" HPOS="436"/>
<String CONTENT="p." HEIGHT="36" WIDTH="41" VPOS="943" HPOS="465"/>
<SP HEIGHT="41" WIDTH="59" VPOS="931" HPOS="507"/>
<String CONTENT="illus.," HEIGHT="47" WIDTH="142" VPOS="932" HPOS="567"/>
<SP HEIGHT="36" WIDTH="30" VPOS="943" HPOS="710"/>
<String CONTENT="maps," HEIGHT="38" WIDTH="150" VPOS="943" HPOS="741"/>
<SP HEIGHT="46" WIDTH="28" VPOS="935" HPOS="892"/>
<String CONTENT="tables." HEIGHT="40" WIDTH="169" VPOS="934" HPOS="921"/>
<SP HEIGHT="38" WIDTH="60" VPOS="935" HPOS="1091"/>
<String CONTENT="17" HEIGHT="38" WIDTH="54" VPOS="935" HPOS="1152"/>
<String STYLE="superscript" CONTENT="cm" HEIGHT="21" WIDTH="43" VPOS="936" HPOS="1209"/>
<String CONTENT="." HEIGHT="7" WIDTH="8" VPOS="966" HPOS="1259"/>
<SP HEIGHT="47" WIDTH="69" VPOS="936" HPOS="1268"/>
<String CONTENT="(Touring" HEIGHT="49" WIDTH="239" VPOS="935" HPOS="1338"/>
<SP HEIGHT="37" WIDTH="26" VPOS="947" HPOS="1578"/>
<String CONTENT="club" HEIGHT="39" WIDTH="108" VPOS="938" HPOS="1605"/>
<SP HEIGHT="40" WIDTH="34" VPOS="937" HPOS="1714"/>
<String CONTENT="italiano." HEIGHT="42" WIDTH="218" VPOS="937" HPOS="1749"/>
<SP HEIGHT="38" WIDTH="59" VPOS="941" HPOS="1968"/>
<String CS="1" CONTENT="Pubblicazione" HEIGHT="96" WIDTH="1975" VPOS="937" HPOS="280"/>
</TextLine>
<TextLine HEIGHT="51" WIDTH="924" VPOS="988" HPOS="440" CS="1">
<String CONTENT="semestrale" HEIGHT="39" WIDTH="281" VPOS="990" HPOS="440"/>
<SP HEIGHT="31" WIDTH="26" VPOS="998" HPOS="722"/>
<String CONTENT="no." HEIGHT="29" WIDTH="75" VPOS="1000" HPOS="749"/>
<SP HEIGHT="38" WIDTH="26" VPOS="991" HPOS="825"/>
<String CONTENT="1," HEIGHT="46" WIDTH="38" VPOS="991" HPOS="852"/>
<SP HEIGHT="37" WIDTH="24" VPOS="1000" HPOS="891"/>
<String CONTENT="giugno" HEIGHT="49" WIDTH="175" VPOS="990" HPOS="916"/>
<SP HEIGHT="39" WIDTH="27" VPOS="991" HPOS="1092"/>
<String CS="1" CONTENT="1934-XII)" HEIGHT="49" WIDTH="244" VPOS="990" HPOS="1120"/>
</TextLine>
<TextLine HEIGHT="58" WIDTH="1913" VPOS="1042" HPOS="281" CS="1">
<String CONTENT="&#169;" HEIGHT="53" WIDTH="53" VPOS="1042" HPOS="281"/>
<SP HEIGHT="53" WIDTH="23" VPOS="1042" HPOS="334"/>
<String CONTENT="June" HEIGHT="39" WIDTH="124" VPOS="1046" HPOS="358"/>
<SP HEIGHT="38" WIDTH="24" VPOS="1047" HPOS="483"/>
<String CONTENT="1," HEIGHT="44" WIDTH="38" VPOS="1047" HPOS="508"/>
<SP HEIGHT="46" WIDTH="26" VPOS="1046" HPOS="547"/>
<String CONTENT="1934;" HEIGHT="47" WIDTH="138" VPOS="1046" HPOS="574"/>
<SP/>
<String CS="1" CONTENT="1c."/>
<SP HEIGHT="41" WIDTH="26" VPOS="1046" HPOS="808"/>
<String CONTENT="Sept." HEIGHT="49" WIDTH="125" VPOS="1046" HPOS="834"/>
<SP HEIGHT="39" WIDTH="26" VPOS="1047" HPOS="960"/>
<String CONTENT="6" HEIGHT="40" WIDTH="24" VPOS="1047" HPOS="987"/>
<SP HEIGHT="46" WIDTH="17" VPOS="1048" HPOS="1012"/>
<String CONTENT=";" HEIGHT="36" WIDTH="9" VPOS="1058" HPOS="1030"/>
<SP HEIGHT="46" WIDTH="25" VPOS="1048" HPOS="1040"/>
<!-- cceid 915096C3-6D82-1014-B070-FDFD250A9EDA --><String CONTENT="A-Foreign" HEIGHT="49" WIDTH="311" VPOS="1048" HPOS="1065"/>
<SP HEIGHT="39" WIDTH="22" VPOS="1048" HPOS="1377"/>
<String CONTENT="25578;" HEIGHT="48" WIDTH="170" VPOS="1048" HPOS="1400"/>
<SP HEIGHT="46" WIDTH="30" VPOS="1050" HPOS="1571"/>
<String CONTENT="Touring" HEIGHT="49" WIDTH="217" VPOS="1050" HPOS="1601"/>
<SP HEIGHT="37" WIDTH="20" VPOS="1062" HPOS="1818"/>
<String CONTENT="club" HEIGHT="40" WIDTH="114" VPOS="1053" HPOS="1839"/>
<SP HEIGHT="40" WIDTH="22" VPOS="1053" HPOS="1954"/>
<String CONTENT="italiano." HEIGHT="43" WIDTH="217" VPOS="1052" HPOS="1977"/>
</TextLine>
<TextLine HEIGHT="68" WIDTH="762" VPOS="1163" HPOS="284" STYLEREFS="StyleId-53E23378-FCD4-4DF7-9C17-EA78194C0261-">
<String LANG="de" CONTENT="Vollmer," HEIGHT="66" WIDTH="274" VPOS="1163" HPOS="284"/>
<SP HEIGHT="65" WIDTH="28" VPOS="1165" HPOS="559"/>
<String LANG="en-US" CONTENT="August," HEIGHT="63" WIDTH="258" VPOS="1165" HPOS="588"/>
<SP HEIGHT="57" WIDTH="28" VPOS="1171" HPOS="847"/>
<String LANG="en-US" CONTENT="1876-" HEIGHT="56" WIDTH="170" VPOS="1165" HPOS="876"/>
</TextLine>
<TextLine HEIGHT="73" WIDTH="1916" VPOS="1239" HPOS="350" STYLEREFS="StyleId-5E1BDB54-D2A4-4939-8CE1-5D970B8EAB92-">
<String CONTENT="Crime" HEIGHT="57" WIDTH="192" VPOS="1240" HPOS="350"/>
<SP HEIGHT="36" WIDTH="31" VPOS="1260" HPOS="543"/>
<String CONTENT="and" HEIGHT="53" WIDTH="112" VPOS="1242" HPOS="575"/>
<SP HEIGHT="53" WIDTH="32" VPOS="1242" HPOS="688"/>
<String CONTENT="the" HEIGHT="54" WIDTH="95" VPOS="1242" HPOS="721"/>
<SP HEIGHT="35" WIDTH="29" VPOS="1261" HPOS="817"/>
<String CONTENT="state" HEIGHT="49" WIDTH="146" VPOS="1247" HPOS="847"/>
<SP HEIGHT="51" WIDTH="30" VPOS="1259" HPOS="994"/>
<String CONTENT="police," HEIGHT="69" WIDTH="199" VPOS="1241" HPOS="1025"/>
<SP HEIGHT="66" WIDTH="30" VPOS="1244" HPOS="1225"/>
<String CONTENT="by" HEIGHT="66" WIDTH="74" VPOS="1244" HPOS="1256"/>
<SP HEIGHT="66" WIDTH="31" VPOS="1244" HPOS="1331"/>
<String CONTENT="August" HEIGHT="66" WIDTH="229" VPOS="1244" HPOS="1363"/>
<SP HEIGHT="54" WIDTH="30" VPOS="1246" HPOS="1593"/>
<String LANG="de" CONTENT="Vollmer" HEIGHT="55" WIDTH="256" VPOS="1246" HPOS="1624"/>
<SP HEIGHT="33" WIDTH="32" VPOS="1267" HPOS="1881"/>
<String CONTENT="and" HEIGHT="53" WIDTH="111" VPOS="1248" HPOS="1914"/>
<SP HEIGHT="53" WIDTH="32" VPOS="1248" HPOS="2026"/>
<String CONTENT="Alfred" HEIGHT="55" WIDTH="207" VPOS="1249" HPOS="2059"/>
</TextLine>
<TextLine HEIGHT="77" WIDTH="1991" VPOS="1317" HPOS="278" STYLEREFS="StyleId-5E1BDB54-D2A4-4939-8CE1-5D970B8EAB92-">
<String CONTENT="E." HEIGHT="53" WIDTH="67" VPOS="1319" HPOS="278"/>
<SP HEIGHT="52" WIDTH="39" VPOS="1320" HPOS="346"/>
<String CONTENT="Parker." HEIGHT="54" WIDTH="235" VPOS="1319" HPOS="386"/>
<SP HEIGHT="52" WIDTH="72" VPOS="1321" HPOS="622"/>
<String CONTENT="Berkeley," HEIGHT="67" WIDTH="294" VPOS="1319" HPOS="695"/>
<SP HEIGHT="67" WIDTH="36" VPOS="1319" HPOS="990"/>
<String CONTENT="Calif.," HEIGHT="67" WIDTH="196" VPOS="1320" HPOS="1027"/>
<SP HEIGHT="66" WIDTH="35" VPOS="1321" HPOS="1224"/>
<String CONTENT="University" HEIGHT="70" WIDTH="336" VPOS="1319" HPOS="1260"/>
<SP HEIGHT="49" WIDTH="34" VPOS="1340" HPOS="1597"/>
<String CONTENT="of" HEIGHT="56" WIDTH="63" VPOS="1322" HPOS="1632"/>
<SP HEIGHT="57" WIDTH="35" VPOS="1322" HPOS="1696"/>
<String CONTENT="California" HEIGHT="57" WIDTH="326" VPOS="1323" HPOS="1732"/>
<SP HEIGHT="48" WIDTH="37" VPOS="1345" HPOS="2059"/>
<String CONTENT="press," HEIGHT="49" WIDTH="172" VPOS="1345" HPOS="2097"/>
</TextLine>
<TextLine HEIGHT="51" WIDTH="151" VPOS="1400" HPOS="279" STYLEREFS="StyleId-5E1BDB54-D2A4-4939-8CE1-5D970B8EAB92-">
<String CONTENT="1935." HEIGHT="51" WIDTH="151" VPOS="1400" HPOS="279"/>
</TextLine>
<TextLine HEIGHT="51" WIDTH="495" VPOS="1467" HPOS="346" CS="1">
<String CONTENT="viii," HEIGHT="49" WIDTH="100" VPOS="1468" HPOS="346"/>
<SP HEIGHT="48" WIDTH="30" VPOS="1469" HPOS="447"/>
<String CONTENT="226" HEIGHT="43" WIDTH="88" VPOS="1468" HPOS="478"/>
<SP HEIGHT="49" WIDTH="26" VPOS="1469" HPOS="567"/>
<String CONTENT="p." HEIGHT="38" WIDTH="43" VPOS="1480" HPOS="594"/>
<SP HEIGHT="41" WIDTH="57" VPOS="1468" HPOS="638"/>
<String CS="1" CONTENT="22&#189;" HEIGHT="39" WIDTH="56" VPOS="1468" HPOS="696"/>
<String STYLE="superscript" CS="1" CONTENT="cm" HEIGHT="20" WIDTH="15" VPOS="1472" HPOS="785"/>
<String CONTENT="." HEIGHT="9" WIDTH="8" VPOS="1501" HPOS="833"/>
</TextLine>
<TextLine HEIGHT="54" WIDTH="993" VPOS="1522" HPOS="349">
<String CONTENT="&#8220;Bibliographical" HEIGHT="51" WIDTH="441" VPOS="1524" HPOS="349"/>
<SP HEIGHT="39" WIDTH="33" VPOS="1527" HPOS="790"/>
<String CONTENT="notes&quot;" HEIGHT="42" WIDTH="164" VPOS="1524" HPOS="823"/>
<SP HEIGHT="42" WIDTH="18" VPOS="1524" HPOS="987"/>
<String CONTENT=":" HEIGHT="30" WIDTH="10" VPOS="1536" HPOS="1005"/>
<SP HEIGHT="38" WIDTH="33" VPOS="1536" HPOS="1016"/>
<String CONTENT="p." HEIGHT="37" WIDTH="42" VPOS="1537" HPOS="1050"/>
<SP HEIGHT="41" WIDTH="30" VPOS="1524" HPOS="1093"/>
<String CONTENT="210-221." HEIGHT="43" WIDTH="219" VPOS="1524" HPOS="1123"/>
</TextLine>
<TextLine HEIGHT="57" WIDTH="1990" VPOS="1580" HPOS="278">
<String CONTENT="&#169;" HEIGHT="53" WIDTH="53" VPOS="1580" HPOS="278"/>
<SP HEIGHT="53" WIDTH="34" VPOS="1580" HPOS="332"/>
<String CONTENT="June" HEIGHT="40" WIDTH="127" VPOS="1584" HPOS="367"/>
<SP HEIGHT="40" WIDTH="28" VPOS="1583" HPOS="495"/>
<String CONTENT="21," HEIGHT="46" WIDTH="69" VPOS="1583" HPOS="524"/>
<SP HEIGHT="45" WIDTH="34" VPOS="1584" HPOS="594"/>
<String CONTENT="1935;" HEIGHT="46" WIDTH="140" VPOS="1582" HPOS="629"/>
<SP HEIGHT="46" WIDTH="35" VPOS="1582" HPOS="770"/>
<String CONTENT="2c." HEIGHT="40" WIDTH="66" VPOS="1582" HPOS="806"/>
<SP HEIGHT="40" WIDTH="36" VPOS="1582" HPOS="873"/>
<String CONTENT="July" HEIGHT="46" WIDTH="117" VPOS="1582" HPOS="910"/>
<SP HEIGHT="45" WIDTH="31" VPOS="1583" HPOS="1028"/>
<String CONTENT="15;" HEIGHT="45" WIDTH="80" VPOS="1583" HPOS="1060"/>
<SP HEIGHT="35" WIDTH="39" VPOS="1593" HPOS="1141"/>
<String CONTENT="aff." HEIGHT="39" WIDTH="81" VPOS="1582" HPOS="1181"/>
<SP HEIGHT="38" WIDTH="37" VPOS="1584" HPOS="1263"/>
<String CONTENT="July" HEIGHT="47" WIDTH="114" VPOS="1583" HPOS="1301"/>
<SP HEIGHT="49" WIDTH="32" VPOS="1582" HPOS="1416"/>
<String CONTENT="22;" HEIGHT="42" WIDTH="82" VPOS="1583" HPOS="1449"/>
<SP HEIGHT="42" WIDTH="40" VPOS="1583" HPOS="1532"/>
<!-- cceid 91510A3E-6D82-1014-B070-FDFD250A9EDA --><String CONTENT="A" HEIGHT="39" WIDTH="40" VPOS="1583" HPOS="1573"/>
<SP HEIGHT="41" WIDTH="33" VPOS="1583" HPOS="1614"/>
<String CONTENT="85128;" HEIGHT="48" WIDTH="169" VPOS="1583" HPOS="1648"/>
<SP HEIGHT="45" WIDTH="38" VPOS="1586" HPOS="1818"/>
<String CONTENT="Regents" HEIGHT="49" WIDTH="210" VPOS="1586" HPOS="1857"/>
<SP HEIGHT="28" WIDTH="32" VPOS="1598" HPOS="2068"/>
<String CONTENT="of" HEIGHT="35" WIDTH="52" VPOS="1589" HPOS="2101"/>
<SP HEIGHT="40" WIDTH="33" VPOS="1589" HPOS="2154"/>
<String CONTENT="the" HEIGHT="40" WIDTH="80" VPOS="1590" HPOS="2188"/>
</TextLine>
<TextLine HEIGHT="52" WIDTH="1343" VPOS="1636" HPOS="343">
<String CONTENT="Univ." HEIGHT="40" WIDTH="138" VPOS="1640" HPOS="343"/>
<SP HEIGHT="30" WIDTH="30" VPOS="1650" HPOS="482"/>
<String CONTENT="of" HEIGHT="41" WIDTH="53" VPOS="1640" HPOS="513"/>
<SP HEIGHT="40" WIDTH="26" VPOS="1640" HPOS="567"/>
<String CONTENT="California," HEIGHT="46" WIDTH="286" VPOS="1639" HPOS="594"/>
<SP HEIGHT="45" WIDTH="30" VPOS="1640" HPOS="881"/>
<String CONTENT="Berkeley," HEIGHT="48" WIDTH="248" VPOS="1639" HPOS="912"/>
<SP HEIGHT="49" WIDTH="31" VPOS="1638" HPOS="1161"/>
<String CONTENT="Calif." HEIGHT="40" WIDTH="143" VPOS="1638" HPOS="1193"/>
<SP HEIGHT="45" WIDTH="69" VPOS="1639" HPOS="1337"/>
<String CONTENT="(35-10986)" HEIGHT="49" WIDTH="279" VPOS="1639" HPOS="1407"/>
</TextLine>
<TextLine HEIGHT="67" WIDTH="648" VPOS="1729" HPOS="279" STYLEREFS="StyleId-53E23378-FCD4-4DF7-9C17-EA78194C0261-">
<String LANG="en-US" CONTENT="Walter," HEIGHT="65" WIDTH="239" VPOS="1730" HPOS="279"/>
<SP HEIGHT="65" WIDTH="26" VPOS="1730" HPOS="519"/>
<String LANG="fi" CONTENT="Ahto," HEIGHT="67" WIDTH="180" VPOS="1729" HPOS="546"/>
<SP HEIGHT="61" WIDTH="28" VPOS="1735" HPOS="727"/>
<String LANG="en-US" CONTENT="1912-" HEIGHT="51" WIDTH="171" VPOS="1734" HPOS="756"/>
</TextLine>
<TextLine HEIGHT="76" WIDTH="1915" VPOS="1803" HPOS="347" STYLEREFS="StyleId-5E1BDB54-D2A4-4939-8CE1-5D970B8EAB92-">
<String CONTENT="Racing" HEIGHT="71" WIDTH="222" VPOS="1805" HPOS="347"/>
<SP HEIGHT="65" WIDTH="23" VPOS="1811" HPOS="570"/>
<String CONTENT="the" HEIGHT="53" WIDTH="95" VPOS="1806" HPOS="594"/>
<SP HEIGHT="33" WIDTH="24" VPOS="1826" HPOS="690"/>
<String CONTENT="seas," HEIGHT="50" WIDTH="137" VPOS="1824" HPOS="715"/>
<SP HEIGHT="69" WIDTH="22" VPOS="1805" HPOS="853"/>
<String CONTENT="by" HEIGHT="68" WIDTH="74" VPOS="1805" HPOS="876"/>
<SP HEIGHT="67" WIDTH="24" VPOS="1806" HPOS="951"/>
<String LANG="fi" CONTENT="Ahto" HEIGHT="54" WIDTH="157" VPOS="1804" HPOS="976"/>
<SP HEIGHT="53" WIDTH="23" VPOS="1807" HPOS="1134"/>
<String CONTENT="Walter" HEIGHT="53" WIDTH="223" VPOS="1807" HPOS="1158"/>
<SP HEIGHT="33" WIDTH="23" VPOS="1824" HPOS="1382"/>
<String CONTENT="and" HEIGHT="53" WIDTH="111" VPOS="1806" HPOS="1406"/>
<SP HEIGHT="52" WIDTH="25" VPOS="1807" HPOS="1518"/>
<String CONTENT="Tom" HEIGHT="52" WIDTH="141" VPOS="1808" HPOS="1544"/>
<SP HEIGHT="55" WIDTH="26" VPOS="1807" HPOS="1686"/>
<String CONTENT="Olsen" HEIGHT="56" WIDTH="170" VPOS="1807" HPOS="1713"/>
<SP HEIGHT="45" WIDTH="17" VPOS="1828" HPOS="1884"/>
<String CONTENT=";" HEIGHT="44" WIDTH="11" VPOS="1829" HPOS="1902"/>
<SP HEIGHT="64" WIDTH="28" VPOS="1809" HPOS="1914"/>
<String CONTENT="illustrated" HEIGHT="56" WIDTH="319" VPOS="1809" HPOS="1943"/>
</TextLine>
<TextLine HEIGHT="77" WIDTH="1959" VPOS="1880" HPOS="281" STYLEREFS="StyleId-5E1BDB54-D2A4-4939-8CE1-5D970B8EAB92-" CS="1">
<String CONTENT="with" HEIGHT="53" WIDTH="135" VPOS="1885" HPOS="281"/>
<SP HEIGHT="67" WIDTH="27" VPOS="1886" HPOS="417"/>
<String CONTENT="photographs." HEIGHT="72" WIDTH="408" VPOS="1882" HPOS="445"/>
<SP HEIGHT="52" WIDTH="73" VPOS="1885" HPOS="854"/>
<String CONTENT="New" HEIGHT="53" WIDTH="138" VPOS="1885" HPOS="928"/>
<SP HEIGHT="52" WIDTH="23" VPOS="1885" HPOS="1067"/>
<String CONTENT="York," HEIGHT="65" WIDTH="180" VPOS="1884" HPOS="1091"/>
<SP HEIGHT="64" WIDTH="24" VPOS="1885" HPOS="1272"/>
<String CONTENT="Farrar" HEIGHT="52" WIDTH="215" VPOS="1885" HPOS="1297"/>
<SP HEIGHT="50" WIDTH="22" VPOS="1888" HPOS="1513"/>
<String CONTENT="&amp;" HEIGHT="50" WIDTH="47" VPOS="1888" HPOS="1536"/>
<SP HEIGHT="53" WIDTH="22" VPOS="1885" HPOS="1584"/>
<String CONTENT="Rinehart," HEIGHT="70" WIDTH="297" VPOS="1883" HPOS="1607"/>
<SP HEIGHT="67" WIDTH="24" VPOS="1886" HPOS="1905"/>
<String CONTENT="inc." HEIGHT="55" WIDTH="106" VPOS="1886" HPOS="1930"/>
<SP HEIGHT="33" WIDTH="30" VPOS="1923" HPOS="2037"/>
<String CS="1" CONTENT="["/>
<String STYLE="superscript" CONTENT="c" HEIGHT="21" WIDTH="19" VPOS="1895" HPOS="2085"/>
<String CONTENT="l" HEIGHT="47" WIDTH="18" VPOS="1894" HPOS="2110"/>
<SP HEIGHT="49" WIDTH="12" VPOS="1893" HPOS="2129"/>
<String LANG="el" CS="1" CONTENT="935]" HEIGHT="51" WIDTH="98" VPOS="1893" HPOS="2142"/>
</TextLine>
<TextLine HEIGHT="57" WIDTH="1105" VPOS="1955" HPOS="344" STYLEREFS="StyleId-5E1BDB54-D2A4-4939-8CE1-5D970B8EAB92-" CS="1">
<String CONTENT="5" HEIGHT="40" WIDTH="29" VPOS="1960" HPOS="344"/>
<SP HEIGHT="49" WIDTH="21" VPOS="1960" HPOS="373"/>
<String CONTENT="p." HEIGHT="38" WIDTH="42" VPOS="1971" HPOS="394"/>
<SP/>
<String CS="1" CONTENT="l.," HEIGHT="16" WIDTH="9" VPOS="1990" HPOS="500"/>
<SP HEIGHT="48" WIDTH="23" VPOS="1958" HPOS="510"/>
<String CONTENT="286" HEIGHT="42" WIDTH="86" VPOS="1957" HPOS="533"/>
<SP HEIGHT="49" WIDTH="23" VPOS="1958" HPOS="619"/>
<String CONTENT="p." HEIGHT="38" WIDTH="44" VPOS="1969" HPOS="642"/>
<SP HEIGHT="41" WIDTH="56" VPOS="1957" HPOS="687"/>
<String CONTENT="front.," HEIGHT="48" WIDTH="165" VPOS="1957" HPOS="743"/>
<SP HEIGHT="38" WIDTH="24" VPOS="1967" HPOS="908"/>
<String CONTENT="plates," HEIGHT="49" WIDTH="172" VPOS="1957" HPOS="932"/>
<SP HEIGHT="38" WIDTH="27" VPOS="1967" HPOS="1104"/>
<String CONTENT="ports." HEIGHT="47" WIDTH="149" VPOS="1958" HPOS="1131"/>
<SP HEIGHT="39" WIDTH="53" VPOS="1957" HPOS="1280"/>
<String CONTENT="21" HEIGHT="39" WIDTH="55" VPOS="1957" HPOS="1333"/>
<String STYLE="superscript" CONTENT="cm" HEIGHT="23" WIDTH="45" VPOS="1957" HPOS="1390"/>
<String CONTENT="." HEIGHT="9" WIDTH="8" VPOS="1988" HPOS="1440"/>
</TextLine>
<TextLine HEIGHT="56" WIDTH="1918" VPOS="2010" HPOS="345" CS="1">
<String CONTENT="&#8220;Stories" HEIGHT="44" WIDTH="217" VPOS="2015" HPOS="345"/>
<SP HEIGHT="40" WIDTH="24" VPOS="2017" HPOS="563"/>
<String CONTENT="told" HEIGHT="40" WIDTH="104" VPOS="2016" HPOS="588"/>
<SP HEIGHT="39" WIDTH="23" VPOS="2016" HPOS="693"/>
<String CONTENT="to" HEIGHT="39" WIDTH="48" VPOS="2016" HPOS="717"/>
<SP HEIGHT="29" WIDTH="26" VPOS="2025" HPOS="766"/>
<String CONTENT="my" HEIGHT="37" WIDTH="81" VPOS="2025" HPOS="793"/>
<SP HEIGHT="38" WIDTH="23" VPOS="2024" HPOS="875"/>
<String CONTENT="shipmate," HEIGHT="49" WIDTH="255" VPOS="2013" HPOS="899"/>
<SP HEIGHT="48" WIDTH="27" VPOS="2013" HPOS="1155"/>
<String CONTENT="Thomas" HEIGHT="40" WIDTH="210" VPOS="2013" HPOS="1183"/>
<SP HEIGHT="42" WIDTH="27" VPOS="2012" HPOS="1394"/>
<String CONTENT="Olsen" HEIGHT="43" WIDTH="146" VPOS="2012" HPOS="1422"/>
<SP HEIGHT="29" WIDTH="30" VPOS="2025" HPOS="1569"/>
<String CS="1" CONTENT="&#8230;"/>
<SP HEIGHT="29" WIDTH="29" VPOS="2026" HPOS="1647"/>
<String CONTENT="and" HEIGHT="40" WIDTH="96" VPOS="2015" HPOS="1677"/>
<SP HEIGHT="40" WIDTH="28" VPOS="2015" HPOS="1774"/>
<String CONTENT="recorded" HEIGHT="42" WIDTH="228" VPOS="2015" HPOS="1803"/>
<SP HEIGHT="41" WIDTH="27" VPOS="2017" HPOS="2032"/>
<String CONTENT="by" HEIGHT="48" WIDTH="60" VPOS="2018" HPOS="2060"/>
<SP HEIGHT="47" WIDTH="28" VPOS="2019" HPOS="2121"/>
<String CONTENT="him," HEIGHT="50" WIDTH="113" VPOS="2016" HPOS="2150"/>
</TextLine>
<TextLine HEIGHT="59" WIDTH="1987" VPOS="2067" HPOS="274">
<String CONTENT="comprise" HEIGHT="50" WIDTH="234" VPOS="2072" HPOS="274"/>
<SP HEIGHT="30" WIDTH="44" VPOS="2082" HPOS="509"/>
<String CONTENT="a" HEIGHT="31" WIDTH="28" VPOS="2082" HPOS="554"/>
<SP HEIGHT="30" WIDTH="45" VPOS="2083" HPOS="583"/>
<String CONTENT="rough" HEIGHT="48" WIDTH="153" VPOS="2072" HPOS="629"/>
<SP HEIGHT="39" WIDTH="46" VPOS="2072" HPOS="783"/>
<String CONTENT="account" HEIGHT="41" WIDTH="205" VPOS="2072" HPOS="830"/>
<SP HEIGHT="40" WIDTH="42" VPOS="2073" HPOS="1036"/>
<String CONTENT="of" HEIGHT="41" WIDTH="53" VPOS="2070" HPOS="1079"/>
<SP HEIGHT="40" WIDTH="44" VPOS="2070" HPOS="1133"/>
<String CONTENT="my" HEIGHT="37" WIDTH="77" VPOS="2081" HPOS="1178"/>
<SP HEIGHT="47" WIDTH="45" VPOS="2071" HPOS="1256"/>
<String CONTENT="life." HEIGHT="41" WIDTH="100" VPOS="2069" HPOS="1302"/>
<SP HEIGHT="31" WIDTH="76" VPOS="2089" HPOS="1403"/>
<String CONTENT="[Signed]" HEIGHT="51" WIDTH="209" VPOS="2070" HPOS="1480"/>
<SP HEIGHT="49" WIDTH="47" VPOS="2072" HPOS="1690"/>
<String LANG="fi" CONTENT="Ahto" HEIGHT="42" WIDTH="127" VPOS="2072" HPOS="1738"/>
<SP HEIGHT="42" WIDTH="47" VPOS="2072" HPOS="1866"/>
<String CONTENT="Walter.&#8221;&#8212;3d" HEIGHT="42" WIDTH="347" VPOS="2073" HPOS="1914"/>
</TextLine>
<TextLine HEIGHT="53" WIDTH="331" VPOS="2128" HPOS="273">
<String CONTENT="prelim," HEIGHT="50" WIDTH="185" VPOS="2130" HPOS="273"/>
<SP HEIGHT="40" WIDTH="28" VPOS="2131" HPOS="459"/>
<String CONTENT="leaf." HEIGHT="44" WIDTH="116" VPOS="2128" HPOS="488"/>
</TextLine>
<TextLine HEIGHT="61" WIDTH="1990" VPOS="2181" HPOS="272">
<String CONTENT="&#169;" HEIGHT="53" WIDTH="53" VPOS="2185" HPOS="272"/>
<SP HEIGHT="53" WIDTH="24" VPOS="2185" HPOS="326"/>
<String CONTENT="July" HEIGHT="47" WIDTH="118" VPOS="2189" HPOS="351"/>
<SP HEIGHT="49" WIDTH="20" VPOS="2187" HPOS="470"/>
<String CONTENT="22," HEIGHT="46" WIDTH="70" VPOS="2187" HPOS="491"/>
<SP HEIGHT="45" WIDTH="23" VPOS="2188" HPOS="562"/>
<String CONTENT="1935" HEIGHT="40" WIDTH="114" VPOS="2186" HPOS="586"/>
<SP HEIGHT="46" WIDTH="16" VPOS="2186" HPOS="701"/>
<String CONTENT=";" HEIGHT="36" WIDTH="8" VPOS="2196" HPOS="718"/>
<SP HEIGHT="47" WIDTH="26" VPOS="2185" HPOS="727"/>
<String CONTENT="2c." HEIGHT="40" WIDTH="67" VPOS="2185" HPOS="754"/>
<SP HEIGHT="39" WIDTH="25" VPOS="2185" HPOS="822"/>
<String CONTENT="July" HEIGHT="47" WIDTH="114" VPOS="2185" HPOS="848"/>
<SP HEIGHT="49" WIDTH="24" VPOS="2183" HPOS="963"/>
<String CONTENT="24" HEIGHT="40" WIDTH="55" VPOS="2183" HPOS="988"/>
<SP HEIGHT="44" WIDTH="16" VPOS="2185" HPOS="1044"/>
<String CONTENT=";" HEIGHT="34" WIDTH="8" VPOS="2195" HPOS="1061"/>
<SP HEIGHT="34" WIDTH="28" VPOS="2195" HPOS="1070"/>
<String CONTENT="aff." HEIGHT="41" WIDTH="80" VPOS="2183" HPOS="1099"/>
<SP HEIGHT="38" WIDTH="30" VPOS="2186" HPOS="1180"/>
<String CONTENT="July" HEIGHT="46" WIDTH="116" VPOS="2185" HPOS="1211"/>
<SP HEIGHT="48" WIDTH="21" VPOS="2183" HPOS="1328"/>
<String CONTENT="23" HEIGHT="41" WIDTH="55" VPOS="2183" HPOS="1350"/>
<SP HEIGHT="46" WIDTH="17" VPOS="2184" HPOS="1406"/>
<String CONTENT=";" HEIGHT="37" WIDTH="8" VPOS="2194" HPOS="1424"/>
<SP HEIGHT="47" WIDTH="29" VPOS="2184" HPOS="1433"/>
<!-- cceid 915177B0-6D82-1014-B070-FDFD250A9EDA --><String CONTENT="A" HEIGHT="39" WIDTH="40" VPOS="2184" HPOS="1463"/>
<SP HEIGHT="41" WIDTH="26" VPOS="2184" HPOS="1504"/>
<String CONTENT="84722" HEIGHT="41" WIDTH="143" VPOS="2184" HPOS="1531"/>
<SP HEIGHT="46" WIDTH="16" VPOS="2185" HPOS="1675"/>
<String CONTENT=";" HEIGHT="35" WIDTH="8" VPOS="2196" HPOS="1692"/>
<SP HEIGHT="46" WIDTH="27" VPOS="2185" HPOS="1701"/>
<String CONTENT="A." HEIGHT="39" WIDTH="52" VPOS="2185" HPOS="1729"/>
<SP HEIGHT="39" WIDTH="29" VPOS="2186" HPOS="1782"/>
<String CONTENT="Walter" HEIGHT="41" WIDTH="186" VPOS="2186" HPOS="1812"/>
<SP HEIGHT="29" WIDTH="26" VPOS="2197" HPOS="1999"/>
<String CONTENT="and" HEIGHT="38" WIDTH="94" VPOS="2188" HPOS="2026"/>
<SP HEIGHT="39" WIDTH="24" VPOS="2188" HPOS="2121"/>
<String CONTENT="Tom" HEIGHT="40" WIDTH="116" VPOS="2189" HPOS="2146"/>
</TextLine>
<TextLine HEIGHT="54" WIDTH="824" VPOS="2239" HPOS="339">
<String CONTENT="Olsen," HEIGHT="46" WIDTH="158" VPOS="2245" HPOS="339"/>
<SP HEIGHT="48" WIDTH="27" VPOS="2243" HPOS="498"/>
<String CONTENT="New" HEIGHT="41" WIDTH="117" VPOS="2243" HPOS="526"/>
<SP HEIGHT="40" WIDTH="25" VPOS="2243" HPOS="644"/>
<String CONTENT="York." HEIGHT="40" WIDTH="143" VPOS="2242" HPOS="670"/>
<SP HEIGHT="47" WIDTH="69" VPOS="2241" HPOS="814"/>
<String CONTENT="(35-11102)" HEIGHT="49" WIDTH="279" VPOS="2240" HPOS="884"/>
</TextLine>
<TextLine HEIGHT="69" WIDTH="1006" VPOS="2331" HPOS="274" STYLEREFS="StyleId-5E1BDB54-D2A4-4939-8CE1-5D970B8EAB92-">
<String CONTENT="Walton," HEIGHT="63" WIDTH="247" VPOS="2335" HPOS="274"/>
<SP HEIGHT="63" WIDTH="29" VPOS="2335" HPOS="522"/>
<String CONTENT="Frank" HEIGHT="55" WIDTH="196" VPOS="2331" HPOS="552"/>
<SP HEIGHT="53" WIDTH="29" VPOS="2332" HPOS="749"/>
<String CONTENT="Emulous," HEIGHT="60" WIDTH="299" VPOS="2332" HPOS="779"/>
<SP HEIGHT="55" WIDTH="30" VPOS="2337" HPOS="1079"/>
<String CONTENT="1909-" HEIGHT="49" WIDTH="170" VPOS="2337" HPOS="1110"/>
</TextLine>
<TextLine HEIGHT="78" WIDTH="1914" VPOS="2403" HPOS="340" STYLEREFS="StyleId-5E1BDB54-D2A4-4939-8CE1-5D970B8EAB92-" CS="1">
<String CONTENT="The" HEIGHT="53" WIDTH="122" VPOS="2412" HPOS="340"/>
<SP HEIGHT="34" WIDTH="43" VPOS="2430" HPOS="463"/>
<String CONTENT="sea" HEIGHT="38" WIDTH="91" VPOS="2427" HPOS="507"/>
<SP HEIGHT="54" WIDTH="45" VPOS="2408" HPOS="599"/>
<String CONTENT="is" HEIGHT="54" WIDTH="48" VPOS="2408" HPOS="645"/>
<SP HEIGHT="35" WIDTH="44" VPOS="2427" HPOS="694"/>
<String CONTENT="my" HEIGHT="50" WIDTH="96" VPOS="2426" HPOS="739"/>
<SP HEIGHT="50" WIDTH="42" VPOS="2426" HPOS="836"/>
<String CONTENT="workshop;" HEIGHT="67" WIDTH="331" VPOS="2406" HPOS="879"/>
<SP HEIGHT="47" WIDTH="46" VPOS="2425" HPOS="1211"/>
<String CONTENT="memoirs" HEIGHT="54" WIDTH="264" VPOS="2407" HPOS="1258"/>
<SP HEIGHT="35" WIDTH="45" VPOS="2426" HPOS="1523"/>
<String CONTENT="of" HEIGHT="52" WIDTH="64" VPOS="2410" HPOS="1569"/>
<SP HEIGHT="52" WIDTH="44" VPOS="2410" HPOS="1634"/>
<String CONTENT="a" HEIGHT="34" WIDTH="32" VPOS="2427" HPOS="1679"/>
<SP HEIGHT="55" WIDTH="47" VPOS="2406" HPOS="1712"/>
<String CONTENT="life" HEIGHT="56" WIDTH="106" VPOS="2406" HPOS="1759"/>
<SP HEIGHT="51" WIDTH="42" VPOS="2426" HPOS="1865"/>
<String CONTENT="guard" HEIGHT="66" WIDTH="182" VPOS="2411" HPOS="1908"/>
<SP HEIGHT="67" WIDTH="53" VPOS="2411" HPOS="2091"/>
<String CS="1" CONTENT="[by]" HEIGHT="70" WIDTH="91" VPOS="2411" HPOS="2162"/>
</TextLine>
<TextLine HEIGHT="75" WIDTH="1988" VPOS="2482" HPOS="270" STYLEREFS="StyleId-5E1BDB54-D2A4-4939-8CE1-5D970B8EAB92-" CS="1">
<String CONTENT="Frank" HEIGHT="54" WIDTH="198" VPOS="2489" HPOS="270"/>
<SP HEIGHT="53" WIDTH="33" VPOS="2488" HPOS="469"/>
<String CONTENT="E." HEIGHT="54" WIDTH="67" VPOS="2488" HPOS="503"/>
<SP HEIGHT="55" WIDTH="35" VPOS="2487" HPOS="571"/>
<String CONTENT="Walton," HEIGHT="67" WIDTH="252" VPOS="2487" HPOS="607"/>
<SP HEIGHT="69" WIDTH="33" VPOS="2485" HPOS="860"/>
<String CONTENT="jr." HEIGHT="68" WIDTH="72" VPOS="2485" HPOS="894"/>
<SP HEIGHT="36" WIDTH="78" VPOS="2517" HPOS="967"/>
<String CONTENT="[New" HEIGHT="68" WIDTH="156" VPOS="2485" HPOS="1046"/>
<SP HEIGHT="52" WIDTH="37" VPOS="2485" HPOS="1203"/>
<String CONTENT="York]" HEIGHT="67" WIDTH="178" VPOS="2485" HPOS="1241"/>
<SP HEIGHT="69" WIDTH="41" VPOS="2484" HPOS="1420"/>
<String LANG="fi" CONTENT="E." HEIGHT="54" WIDTH="69" VPOS="2485" HPOS="1462"/>
<SP HEIGHT="53" WIDTH="35" VPOS="2486" HPOS="1532"/>
<String CONTENT="P." HEIGHT="53" WIDTH="65" VPOS="2486" HPOS="1568"/>
<SP HEIGHT="53" WIDTH="38" VPOS="2485" HPOS="1634"/>
<String CONTENT="Dutton" HEIGHT="56" WIDTH="223" VPOS="2485" HPOS="1673"/>
<SP HEIGHT="50" WIDTH="35" VPOS="2490" HPOS="1897"/>
<String CONTENT="&amp;" HEIGHT="50" WIDTH="46" VPOS="2490" HPOS="1933"/>
<SP HEIGHT="50" WIDTH="34" VPOS="2490" HPOS="1980"/>
<String CONTENT="co.," HEIGHT="51" WIDTH="98" VPOS="2505" HPOS="2015"/>
<SP HEIGHT="68" WIDTH="35" VPOS="2488" HPOS="2114"/>
<String CONTENT="inc." HEIGHT="56" WIDTH="108" VPOS="2488" HPOS="2150"/>
</TextLine>
<TextLine HEIGHT="62" WIDTH="176" VPOS="2570" HPOS="292" STYLEREFS="StyleId-5E1BDB54-D2A4-4939-8CE1-5D970B8EAB92-" CS="1">
<String CS="1" CONTENT="["/>
<String STYLE="superscript" CONTENT="c" HEIGHT="22" WIDTH="20" VPOS="2575" HPOS="292"/>
<String CONTENT="1935]" HEIGHT="62" WIDTH="152" VPOS="2570" HPOS="316"/>
</TextLine>
<TextLine HEIGHT="50" WIDTH="366" VPOS="2639" HPOS="339" CS="1">
<String CONTENT="240" HEIGHT="39" WIDTH="88" VPOS="2641" HPOS="339"/>
<SP HEIGHT="47" WIDTH="28" VPOS="2641" HPOS="428"/>
<String CONTENT="p." HEIGHT="37" WIDTH="41" VPOS="2651" HPOS="457"/>
<SP HEIGHT="42" WIDTH="59" VPOS="2639" HPOS="499"/>
<String CS="1" CONTENT="21&#189;" HEIGHT="40" WIDTH="28" VPOS="2640" HPOS="559"/>
<String STYLE="superscript" CONTENT="cm" HEIGHT="22" WIDTH="43" VPOS="2641" HPOS="647"/>
<String CONTENT="." HEIGHT="8" WIDTH="9" VPOS="2671" HPOS="696"/>
</TextLine>
<TextLine HEIGHT="43" WIDTH="420" VPOS="2693" HPOS="342">
<String CONTENT="&#8220;First" HEIGHT="38" WIDTH="162" VPOS="2697" HPOS="342"/>
<SP HEIGHT="36" WIDTH="31" VPOS="2699" HPOS="505"/>
<String CONTENT="edition.&quot;" HEIGHT="43" WIDTH="225" VPOS="2693" HPOS="537"/>
</TextLine>
<TextLine HEIGHT="61" WIDTH="1985" VPOS="2746" HPOS="270">
<String CONTENT="&#169;" HEIGHT="53" WIDTH="53" VPOS="2750" HPOS="270"/>
<SP HEIGHT="53" WIDTH="24" VPOS="2750" HPOS="324"/>
<String CONTENT="June" HEIGHT="40" WIDTH="126" VPOS="2753" HPOS="349"/>
<SP HEIGHT="40" WIDTH="24" VPOS="2753" HPOS="476"/>
<String CONTENT="19," HEIGHT="48" WIDTH="68" VPOS="2751" HPOS="501"/>
<SP HEIGHT="46" WIDTH="26" VPOS="2753" HPOS="570"/>
<String CONTENT="1935;" HEIGHT="46" WIDTH="140" VPOS="2751" HPOS="597"/>
<SP HEIGHT="47" WIDTH="26" VPOS="2750" HPOS="738"/>
<String CONTENT="2c." HEIGHT="40" WIDTH="64" VPOS="2750" HPOS="765"/>
<SP HEIGHT="28" WIDTH="28" VPOS="2762" HPOS="830"/>
<String CONTENT="and" HEIGHT="40" WIDTH="94" VPOS="2750" HPOS="859"/>
<SP HEIGHT="39" WIDTH="24" VPOS="2750" HPOS="954"/>
<String CONTENT="aff." HEIGHT="41" WIDTH="81" VPOS="2749" HPOS="979"/>
<SP HEIGHT="39" WIDTH="24" VPOS="2750" HPOS="1061"/>
<String CONTENT="June" HEIGHT="39" WIDTH="126" VPOS="2750" HPOS="1086"/>
<SP HEIGHT="40" WIDTH="24" VPOS="2749" HPOS="1213"/>
<String CONTENT="20;" HEIGHT="47" WIDTH="82" VPOS="2748" HPOS="1238"/>
<SP HEIGHT="46" WIDTH="31" VPOS="2749" HPOS="1321"/>
<!-- cceid 9151E06E-6D82-1014-B070-FDFD250A9EDA --><String CONTENT="A" HEIGHT="39" WIDTH="40" VPOS="2749" HPOS="1353"/>
<SP HEIGHT="41" WIDTH="24" VPOS="2749" HPOS="1394"/>
<String CONTENT="83756;" HEIGHT="49" WIDTH="169" VPOS="2748" HPOS="1419"/>
<SP HEIGHT="46" WIDTH="30" VPOS="2751" HPOS="1589"/>
<String LANG="fi" CONTENT="E." HEIGHT="39" WIDTH="51" VPOS="2751" HPOS="1620"/>
<SP HEIGHT="39" WIDTH="27" VPOS="2751" HPOS="1672"/>
<String CONTENT="P." HEIGHT="39" WIDTH="50" VPOS="2751" HPOS="1700"/>
<SP HEIGHT="39" WIDTH="27" VPOS="2751" HPOS="1751"/>
<String CONTENT="Dutton" HEIGHT="41" WIDTH="188" VPOS="2751" HPOS="1779"/>
<SP HEIGHT="41" WIDTH="24" VPOS="2752" HPOS="1968"/>
<String CONTENT="&amp;" HEIGHT="41" WIDTH="37" VPOS="2752" HPOS="1993"/>
<SP HEIGHT="41" WIDTH="22" VPOS="2752" HPOS="2031"/>
<String CONTENT="co.," HEIGHT="38" WIDTH="83" VPOS="2763" HPOS="2054"/>
<SP HEIGHT="48" WIDTH="26" VPOS="2753" HPOS="2138"/>
<String CONTENT="inc." HEIGHT="41" WIDTH="90" VPOS="2753" HPOS="2165"/>
</TextLine>
<TextLine HEIGHT="51" WIDTH="281" VPOS="2808" HPOS="345">
<String CONTENT="(35-10423)" HEIGHT="51" WIDTH="281" VPOS="2808" HPOS="345"/>
</TextLine>
<TextLine HEIGHT="70" WIDTH="831" VPOS="2895" HPOS="268" STYLEREFS="StyleId-53E23378-FCD4-4DF7-9C17-EA78194C0261-">
<String LANG="de" CONTENT="Wandel," HEIGHT="64" WIDTH="261" VPOS="2899" HPOS="268"/>
<SP HEIGHT="65" WIDTH="28" VPOS="2899" HPOS="530"/>
<String LANG="en-US" CONTENT="William" HEIGHT="56" WIDTH="254" VPOS="2897" HPOS="559"/>
<SP HEIGHT="51" WIDTH="28" VPOS="2899" HPOS="814"/>
<String LANG="en-US" CONTENT="Hamlin." HEIGHT="55" WIDTH="256" VPOS="2896" HPOS="843"/>
</TextLine>
<TextLine HEIGHT="72" WIDTH="1916" VPOS="2971" HPOS="337" STYLEREFS="StyleId-5E1BDB54-D2A4-4939-8CE1-5D970B8EAB92-">
<String CONTENT="The" HEIGHT="52" WIDTH="120" VPOS="2977" HPOS="337"/>
<SP HEIGHT="34" WIDTH="41" VPOS="2995" HPOS="458"/>
<String CONTENT="control" HEIGHT="52" WIDTH="216" VPOS="2976" HPOS="500"/>
<SP HEIGHT="50" WIDTH="42" VPOS="2977" HPOS="717"/>
<String CONTENT="of" HEIGHT="52" WIDTH="63" VPOS="2975" HPOS="760"/>
<SP HEIGHT="52" WIDTH="42" VPOS="2975" HPOS="824"/>
<String CONTENT="competition" HEIGHT="68" WIDTH="365" VPOS="2973" HPOS="867"/>
<SP HEIGHT="52" WIDTH="41" VPOS="2974" HPOS="1233"/>
<String CONTENT="in" HEIGHT="52" WIDTH="60" VPOS="2974" HPOS="1275"/>
<SP HEIGHT="51" WIDTH="42" VPOS="2975" HPOS="1336"/>
<String CONTENT="fire" HEIGHT="55" WIDTH="99" VPOS="2974" HPOS="1379"/>
<SP HEIGHT="54" WIDTH="41" VPOS="2975" HPOS="1479"/>
<String CONTENT="insurance," HEIGHT="66" WIDTH="315" VPOS="2975" HPOS="1521"/>
<SP HEIGHT="68" WIDTH="39" VPOS="2974" HPOS="1837"/>
<String CONTENT="by" HEIGHT="66" WIDTH="75" VPOS="2975" HPOS="1877"/>
<SP HEIGHT="64" WIDTH="41" VPOS="2977" HPOS="1953"/>
<String CONTENT="William" HEIGHT="55" WIDTH="258" VPOS="2975" HPOS="1995"/>
</TextLine>
<TextLine HEIGHT="75" WIDTH="1980" VPOS="3047" HPOS="266" STYLEREFS="StyleId-5E1BDB54-D2A4-4939-8CE1-5D970B8EAB92-">
<String CONTENT="Hamlin" HEIGHT="54" WIDTH="239" VPOS="3052" HPOS="266"/>
<SP HEIGHT="53" WIDTH="27" VPOS="3052" HPOS="506"/>
<String LANG="de" CONTENT="Wandel," HEIGHT="69" WIDTH="261" VPOS="3050" HPOS="534"/>
<SP HEIGHT="49" WIDTH="26" VPOS="3070" HPOS="796"/>
<String LANG="fi" CONTENT="ph." HEIGHT="34" WIDTH="96" VPOS="3070" HPOS="823"/>
<SP HEIGHT="34" WIDTH="28" VPOS="3070" HPOS="920"/>
<String CONTENT="d." HEIGHT="34" WIDTH="49" VPOS="3070" HPOS="949"/>
<SP HEIGHT="53" WIDTH="63" VPOS="3051" HPOS="999"/>
<String CONTENT="Lancaster," HEIGHT="67" WIDTH="325" VPOS="3051" HPOS="1063"/>
<SP HEIGHT="66" WIDTH="25" VPOS="3052" HPOS="1389"/>
<String CONTENT="Pa." HEIGHT="52" WIDTH="101" VPOS="3052" HPOS="1415"/>
<SP HEIGHT="35" WIDTH="33" VPOS="3083" HPOS="1517"/>
<String CONTENT="[The" HEIGHT="66" WIDTH="138" VPOS="3052" HPOS="1551"/>
<SP HEIGHT="54" WIDTH="25" VPOS="3050" HPOS="1690"/>
<String CONTENT="Art" HEIGHT="54" WIDTH="114" VPOS="3050" HPOS="1716"/>
<SP HEIGHT="62" WIDTH="27" VPOS="3056" HPOS="1831"/>
<String CONTENT="printing" HEIGHT="69" WIDTH="262" VPOS="3050" HPOS="1859"/>
<SP HEIGHT="48" WIDTH="26" VPOS="3071" HPOS="2122"/>
<String CONTENT="co.]" HEIGHT="48" WIDTH="97" VPOS="3072" HPOS="2149"/>
</TextLine>
<TextLine HEIGHT="50" WIDTH="150" VPOS="3134" HPOS="266" STYLEREFS="StyleId-5E1BDB54-D2A4-4939-8CE1-5D970B8EAB92-">
<String CONTENT="1935." HEIGHT="50" WIDTH="150" VPOS="3134" HPOS="266"/>
</TextLine>
<TextLine HEIGHT="53" WIDTH="576" VPOS="3199" HPOS="335" CS="1">
<String LANG="en-US" CONTENT="1" HEIGHT="39" WIDTH="25" VPOS="3203" HPOS="335"/>
<SP/>
<String LANG="fr" CONTENT="p." HEIGHT="37" WIDTH="42" VPOS="3214" HPOS="387"/>
<SP/>
<String LANG="fr" CS="1" CONTENT="l."/>
<String LANG="en-US" CONTENT="," HEIGHT="16" WIDTH="8" VPOS="3233" HPOS="494"/>
<SP HEIGHT="46" WIDTH="25" VPOS="3203" HPOS="503"/>
<String LANG="en-US" CONTENT="5-160" HEIGHT="42" WIDTH="143" VPOS="3200" HPOS="529"/>
<SP HEIGHT="47" WIDTH="24" VPOS="3202" HPOS="673"/>
<String LANG="en-US" CONTENT="p." HEIGHT="37" WIDTH="43" VPOS="3212" HPOS="698"/>
<SP HEIGHT="41" WIDTH="54" VPOS="3200" HPOS="742"/>
<String LANG="en-US" CONTENT="23" HEIGHT="40" WIDTH="55" VPOS="3200" HPOS="797"/>
<String STYLE="superscript" LANG="en-US" CONTENT="cm" HEIGHT="22" WIDTH="43" VPOS="3203" HPOS="855"/>
<String LANG="en-US" CONTENT="." HEIGHT="9" WIDTH="8" VPOS="3232" HPOS="903"/>
</TextLine>
<TextLine HEIGHT="53" WIDTH="991" VPOS="3253" HPOS="335">
<String CONTENT="&#8220;Selected" HEIGHT="43" WIDTH="246" VPOS="3257" HPOS="335"/>
<SP HEIGHT="41" WIDTH="31" VPOS="3258" HPOS="581"/>
<String CONTENT="bibliography&#8221;" HEIGHT="51" WIDTH="364" VPOS="3254" HPOS="612"/>
<SP HEIGHT="43" WIDTH="17" VPOS="3254" HPOS="976"/>
<String CONTENT=";" HEIGHT="30" WIDTH="11" VPOS="3267" HPOS="993"/>
<SP HEIGHT="38" WIDTH="31" VPOS="3267" HPOS="1004"/>
<String CONTENT="p." HEIGHT="38" WIDTH="43" VPOS="3267" HPOS="1035"/>
<SP HEIGHT="40" WIDTH="34" VPOS="3257" HPOS="1078"/>
<String CONTENT="158-160." HEIGHT="41" WIDTH="214" VPOS="3256" HPOS="1112"/>
</TextLine>
<TextLine HEIGHT="59" WIDTH="1982" VPOS="3309" HPOS="266">
<String CONTENT="&#169;" HEIGHT="53" WIDTH="53" VPOS="3311" HPOS="266"/>
<SP HEIGHT="53" WIDTH="30" VPOS="3311" HPOS="320"/>
<String CONTENT="June" HEIGHT="39" WIDTH="125" VPOS="3316" HPOS="351"/>
<SP HEIGHT="40" WIDTH="28" VPOS="3314" HPOS="477"/>
<String CONTENT="23," HEIGHT="45" WIDTH="69" VPOS="3314" HPOS="506"/>
<SP HEIGHT="43" WIDTH="29" VPOS="3316" HPOS="576"/>
<String CONTENT="1935;" HEIGHT="46" WIDTH="141" VPOS="3314" HPOS="606"/>
<SP HEIGHT="47" WIDTH="34" VPOS="3313" HPOS="748"/>
<String CONTENT="2c." HEIGHT="40" WIDTH="64" VPOS="3313" HPOS="783"/>
<SP HEIGHT="39" WIDTH="34" VPOS="3314" HPOS="848"/>
<String CONTENT="June" HEIGHT="40" WIDTH="125" VPOS="3314" HPOS="883"/>
<SP HEIGHT="42" WIDTH="31" VPOS="3312" HPOS="1009"/>
<String CONTENT="27;" HEIGHT="43" WIDTH="80" VPOS="3312" HPOS="1041"/>
<SP HEIGHT="32" WIDTH="36" VPOS="3323" HPOS="1122"/>
<String CONTENT="aff." HEIGHT="40" WIDTH="80" VPOS="3311" HPOS="1159"/>
<SP HEIGHT="39" WIDTH="34" VPOS="3313" HPOS="1240"/>
<String CONTENT="June" HEIGHT="39" WIDTH="123" VPOS="3313" HPOS="1275"/>
<SP HEIGHT="40" WIDTH="33" VPOS="3311" HPOS="1399"/>
<String CONTENT="29;" HEIGHT="47" WIDTH="81" VPOS="3312" HPOS="1433"/>
<SP HEIGHT="46" WIDTH="35" VPOS="3313" HPOS="1515"/>
<!-- cceid 91524CF1-6D82-1014-B070-FDFD250A9EDA --><String CONTENT="A" HEIGHT="38" WIDTH="41" VPOS="3313" HPOS="1551"/>
<SP HEIGHT="39" WIDTH="33" VPOS="3313" HPOS="1593"/>
<String CONTENT="85028;" HEIGHT="47" WIDTH="169" VPOS="3312" HPOS="1627"/>
<SP HEIGHT="45" WIDTH="34" VPOS="3314" HPOS="1797"/>
<String CONTENT="W." HEIGHT="40" WIDTH="70" VPOS="3314" HPOS="1832"/>
<SP HEIGHT="38" WIDTH="35" VPOS="3315" HPOS="1903"/>
<String CONTENT="H." HEIGHT="38" WIDTH="59" VPOS="3315" HPOS="1939"/>
<SP HEIGHT="39" WIDTH="32" VPOS="3314" HPOS="1999"/>
<String LANG="de" CONTENT="Wandel," HEIGHT="48" WIDTH="216" VPOS="3314" HPOS="2032"/>
</TextLine>
<TextLine HEIGHT="52" WIDTH="820" VPOS="3366" HPOS="332">
<String CONTENT="Falls" HEIGHT="40" WIDTH="132" VPOS="3372" HPOS="332"/>
<SP HEIGHT="41" WIDTH="23" VPOS="3371" HPOS="465"/>
<String CONTENT="Church," HEIGHT="46" WIDTH="206" VPOS="3371" HPOS="489"/>
<SP HEIGHT="45" WIDTH="23" VPOS="3372" HPOS="696"/>
<String LANG="fr" CONTENT="Va." HEIGHT="38" WIDTH="84" VPOS="3372" HPOS="720"/>
<SP HEIGHT="47" WIDTH="68" VPOS="3369" HPOS="805"/>
<String CONTENT="(35-10983)" HEIGHT="50" WIDTH="278" VPOS="3367" HPOS="874"/>
</TextLine>
<TextLine HEIGHT="65" WIDTH="768" VPOS="3446" HPOS="262" STYLEREFS="StyleId-53E23378-FCD4-4DF7-9C17-EA78194C0261-">
<String CONTENT="Webster," HEIGHT="61" WIDTH="287" VPOS="3446" HPOS="262"/>
<SP HEIGHT="60" WIDTH="29" VPOS="3448" HPOS="550"/>
<String CONTENT="Hutton," HEIGHT="61" WIDTH="249" VPOS="3449" HPOS="580"/>
<SP HEIGHT="58" WIDTH="31" VPOS="3452" HPOS="830"/>
<String CONTENT="1875-" HEIGHT="52" WIDTH="168" VPOS="3448" HPOS="862"/>
</TextLine>
<TextLine HEIGHT="149" WIDTH="1957" VPOS="3517" HPOS="263" STYLEREFS="StyleId-5E1BDB54-D2A4-4939-8CE1-5D970B8EAB92-" CS="1">
<String CONTENT="Modern" HEIGHT="53" WIDTH="236" VPOS="3521" HPOS="330"/>
<SP HEIGHT="52" WIDTH="33" VPOS="3522" HPOS="567"/>
<String CONTENT="European" HEIGHT="66" WIDTH="299" VPOS="3522" HPOS="601"/>
<SP HEIGHT="35" WIDTH="30" VPOS="3539" HPOS="901"/>
<String CONTENT="civilization," HEIGHT="57" WIDTH="366" VPOS="3519" HPOS="932"/>
<SP HEIGHT="55" WIDTH="27" VPOS="3521" HPOS="1299"/>
<String CONTENT="by" HEIGHT="66" WIDTH="75" VPOS="3521" HPOS="1327"/>
<SP HEIGHT="68" WIDTH="26" VPOS="3520" HPOS="1403"/>
<String CONTENT="Hutton" HEIGHT="52" WIDTH="228" VPOS="3521" HPOS="1430"/>
<SP HEIGHT="53" WIDTH="27" VPOS="3520" HPOS="1659"/>
<String CONTENT="Webster" HEIGHT="54" WIDTH="258" VPOS="3520" HPOS="1687"/>
<SP HEIGHT="33" WIDTH="32" VPOS="3540" HPOS="1946"/>
<String CS="1" CONTENT="&#8230;"/>
<SP HEIGHT="51" WIDTH="69" VPOS="3522" HPOS="2036"/>
<String CONTENT="Boston." HEIGHT="137" WIDTH="1957" VPOS="3518" HPOS="263"/>
<SP HEIGHT="51" WIDTH="24" VPOS="3600" HPOS="377"/>
<String CONTENT="New" HEIGHT="49" WIDTH="137" VPOS="3600" HPOS="402"/>
<SP HEIGHT="52" WIDTH="24" VPOS="3598" HPOS="540"/>
<String CONTENT="York" HEIGHT="52" WIDTH="161" VPOS="3598" HPOS="565"/>
<SP HEIGHT="64" WIDTH="29" VPOS="3598" HPOS="727"/>
<String CS="1" CONTENT="[etc.]" HEIGHT="60" WIDTH="117" VPOS="3602" HPOS="774"/>
<SP HEIGHT="63" WIDTH="27" VPOS="3599" HPOS="892"/>
<String LANG="fr" CONTENT="D." HEIGHT="52" WIDTH="71" VPOS="3599" HPOS="920"/>
<SP HEIGHT="53" WIDTH="28" VPOS="3598" HPOS="992"/>
<String CONTENT="C." HEIGHT="53" WIDTH="62" VPOS="3598" HPOS="1021"/>
<SP HEIGHT="52" WIDTH="25" VPOS="3598" HPOS="1084"/>
<String CONTENT="Heath" HEIGHT="51" WIDTH="193" VPOS="3598" HPOS="1110"/>
<SP HEIGHT="51" WIDTH="25" VPOS="3598" HPOS="1304"/>
<String CONTENT="and" HEIGHT="52" WIDTH="112" VPOS="3598" HPOS="1330"/>
<SP HEIGHT="51" WIDTH="23" VPOS="3599" HPOS="1443"/>
<String CONTENT="company" HEIGHT="51" WIDTH="279" VPOS="3614" HPOS="1467"/>
<SP HEIGHT="50" WIDTH="30" VPOS="3615" HPOS="1747"/>
<String CS="1" CONTENT="["/>
<String STYLE="superscript" CONTENT="c" HEIGHT="22" WIDTH="18" VPOS="3603" HPOS="1795"/>
<String CONTENT="1935]" HEIGHT="65" WIDTH="150" VPOS="3598" HPOS="1819"/>
</TextLine>
<TextLine HEIGHT="62" WIDTH="1910" VPOS="3664" HPOS="333">
<String CONTENT="xxxvi," HEIGHT="45" WIDTH="167" VPOS="3672" HPOS="333"/>
<SP HEIGHT="46" WIDTH="43" VPOS="3671" HPOS="500"/>
<String CONTENT="772," HEIGHT="53" WIDTH="100" VPOS="3670" HPOS="543"/>
<SP HEIGHT="42" WIDTH="43" VPOS="3681" HPOS="643"/>
<String CONTENT="xxxiii" HEIGHT="39" WIDTH="158" VPOS="3670" HPOS="687"/>
<SP HEIGHT="47" WIDTH="42" VPOS="3671" HPOS="845"/>
<String CONTENT="p." HEIGHT="37" WIDTH="44" VPOS="3681" HPOS="887"/>
<SP HEIGHT="32" WIDTH="69" VPOS="3680" HPOS="932"/>
<String CONTENT="col." HEIGHT="41" WIDTH="85" VPOS="3670" HPOS="1002"/>
<SP HEIGHT="42" WIDTH="43" VPOS="3669" HPOS="1088"/>
<String CONTENT="front.," HEIGHT="48" WIDTH="163" VPOS="3669" HPOS="1131"/>
<SP HEIGHT="48" WIDTH="43" VPOS="3669" HPOS="1294"/>
<String CONTENT="illus.," HEIGHT="47" WIDTH="143" VPOS="3669" HPOS="1338"/>
<SP HEIGHT="37" WIDTH="41" VPOS="3680" HPOS="1482"/>
<String CONTENT="plates," HEIGHT="47" WIDTH="170" VPOS="3670" HPOS="1524"/>
<SP HEIGHT="39" WIDTH="44" VPOS="3678" HPOS="1695"/>
<String CONTENT="ports.," HEIGHT="48" WIDTH="162" VPOS="3670" HPOS="1740"/>
<SP HEIGHT="39" WIDTH="45" VPOS="3678" HPOS="1903"/>
<String CONTENT="maps" HEIGHT="37" WIDTH="135" VPOS="3678" HPOS="1949"/>
<SP HEIGHT="44" WIDTH="24" VPOS="3668" HPOS="2085"/>
<String CONTENT="(part" HEIGHT="48" WIDTH="133" VPOS="3668" HPOS="2110"/>
</TextLine>
<TextLine HEIGHT="48" WIDTH="615" VPOS="3726" HPOS="262" CS="1">
<String CONTENT="double)" HEIGHT="47" WIDTH="196" VPOS="3726" HPOS="262"/>
<SP HEIGHT="46" WIDTH="34" VPOS="3727" HPOS="459"/>
<String CONTENT="diagrs." HEIGHT="47" WIDTH="178" VPOS="3726" HPOS="494"/>
<SP HEIGHT="39" WIDTH="59" VPOS="3728" HPOS="673"/>
<String CS="1" CONTENT="20&#189;" HEIGHT="40" WIDTH="56" VPOS="3727" HPOS="733"/>
<String STYLE="superscript" CONTENT="cm" HEIGHT="22" WIDTH="43" VPOS="3728" HPOS="822"/>
<String CONTENT="." HEIGHT="9" WIDTH="8" VPOS="3758" HPOS="869"/>
</TextLine>
<TextLine HEIGHT="56" WIDTH="1910" VPOS="3777" HPOS="332">
<String CONTENT="&#8220;Suggestions" HEIGHT="48" WIDTH="343" VPOS="3782" HPOS="332"/>
<SP HEIGHT="39" WIDTH="30" VPOS="3784" HPOS="676"/>
<String CONTENT="for" HEIGHT="39" WIDTH="81" VPOS="3784" HPOS="707"/>
<SP HEIGHT="38" WIDTH="28" VPOS="3784" HPOS="789"/>
<String CONTENT="further" HEIGHT="41" WIDTH="193" VPOS="3784" HPOS="818"/>
<SP HEIGHT="31" WIDTH="31" VPOS="3793" HPOS="1012"/>
<String CONTENT="study&#8221;" HEIGHT="46" WIDTH="172" VPOS="3782" HPOS="1044"/>
<SP HEIGHT="41" WIDTH="16" VPOS="3782" HPOS="1217"/>
<String CONTENT=":" HEIGHT="30" WIDTH="9" VPOS="3793" HPOS="1234"/>
<SP HEIGHT="36" WIDTH="32" VPOS="3793" HPOS="1244"/>
<String CONTENT="p." HEIGHT="36" WIDTH="44" VPOS="3793" HPOS="1277"/>
<SP HEIGHT="29" WIDTH="30" VPOS="3794" HPOS="1322"/>
<String CONTENT="xxv-xxxiv" HEIGHT="44" WIDTH="282" VPOS="3780" HPOS="1353"/>
<SP HEIGHT="37" WIDTH="13" VPOS="3792" HPOS="1636"/>
<String CONTENT=";" HEIGHT="37" WIDTH="9" VPOS="3792" HPOS="1650"/>
<SP HEIGHT="47" WIDTH="36" VPOS="3782" HPOS="1660"/>
<String CONTENT="bibliography" HEIGHT="48" WIDTH="335" VPOS="3781" HPOS="1697"/>
<SP HEIGHT="36" WIDTH="32" VPOS="3792" HPOS="2033"/>
<String CONTENT="at" HEIGHT="39" WIDTH="54" VPOS="3784" HPOS="2066"/>
<SP HEIGHT="39" WIDTH="30" VPOS="3784" HPOS="2121"/>
<String CONTENT="end" HEIGHT="42" WIDTH="90" VPOS="3781" HPOS="2152"/>
</TextLine>
<TextLine HEIGHT="48" WIDTH="644" VPOS="3838" HPOS="262">
<String CONTENT="of" HEIGHT="38" WIDTH="53" VPOS="3838" HPOS="262"/>
<SP HEIGHT="38" WIDTH="21" VPOS="3838" HPOS="316"/>
<String CONTENT="most" HEIGHT="38" WIDTH="125" VPOS="3840" HPOS="338"/>
<SP HEIGHT="38" WIDTH="21" VPOS="3840" HPOS="464"/>
<String CONTENT="of" HEIGHT="37" WIDTH="52" VPOS="3839" HPOS="486"/>
<SP HEIGHT="39" WIDTH="22" VPOS="3839" HPOS="539"/>
<String CONTENT="the" HEIGHT="38" WIDTH="81" VPOS="3840" HPOS="562"/>
<SP HEIGHT="29" WIDTH="24" VPOS="3849" HPOS="644"/>
<String CONTENT="chapters." HEIGHT="46" WIDTH="237" VPOS="3840" HPOS="669"/>
</TextLine>
<TextLine HEIGHT="57" WIDTH="1977" VPOS="3891" HPOS="261">
<String CONTENT="&#169;" HEIGHT="53" WIDTH="53" VPOS="3891" HPOS="261"/>
<SP HEIGHT="53" WIDTH="21" VPOS="3891" HPOS="315"/>
<String CONTENT="June" HEIGHT="39" WIDTH="125" VPOS="3897" HPOS="337"/>
<SP HEIGHT="40" WIDTH="20" VPOS="3896" HPOS="463"/>
<String CONTENT="20," HEIGHT="46" WIDTH="67" VPOS="3896" HPOS="484"/>
<SP HEIGHT="46" WIDTH="26" VPOS="3897" HPOS="552"/>
<String CONTENT="1935" HEIGHT="42" WIDTH="111" VPOS="3895" HPOS="579"/>
<SP HEIGHT="45" WIDTH="17" VPOS="3898" HPOS="691"/>
<String CONTENT=";" HEIGHT="35" WIDTH="8" VPOS="3908" HPOS="709"/>
<SP HEIGHT="46" WIDTH="24" VPOS="3897" HPOS="718"/>
<String CONTENT="2c." HEIGHT="40" WIDTH="67" VPOS="3897" HPOS="743"/>
<SP HEIGHT="29" WIDTH="23" VPOS="3908" HPOS="811"/>
<String CONTENT="and" HEIGHT="39" WIDTH="94" VPOS="3898" HPOS="835"/>
<SP HEIGHT="38" WIDTH="23" VPOS="3898" HPOS="930"/>
<String CONTENT="aff." HEIGHT="41" WIDTH="81" VPOS="3896" HPOS="954"/>
<SP HEIGHT="38" WIDTH="27" VPOS="3898" HPOS="1036"/>
<String CONTENT="July" HEIGHT="46" WIDTH="115" VPOS="3898" HPOS="1064"/>
<SP HEIGHT="46" WIDTH="23" VPOS="3898" HPOS="1180"/>
<String CONTENT="12" HEIGHT="40" WIDTH="53" VPOS="3896" HPOS="1204"/>
<SP HEIGHT="47" WIDTH="16" VPOS="3896" HPOS="1258"/>
<String CONTENT=";" HEIGHT="35" WIDTH="9" VPOS="3908" HPOS="1275"/>
<SP HEIGHT="45" WIDTH="24" VPOS="3898" HPOS="1285"/>
<!-- cceid 9152C3AF-6D82-1014-B070-FDFD250A9EDA --><String CONTENT="A" HEIGHT="38" WIDTH="40" VPOS="3898" HPOS="1310"/>
<SP HEIGHT="40" WIDTH="22" VPOS="3896" HPOS="1351"/>
<String CONTENT="85019" HEIGHT="43" WIDTH="141" VPOS="3894" HPOS="1374"/>
<SP HEIGHT="48" WIDTH="16" VPOS="3895" HPOS="1516"/>
<String CONTENT=";" HEIGHT="36" WIDTH="8" VPOS="3907" HPOS="1533"/>
<SP HEIGHT="46" WIDTH="26" VPOS="3897" HPOS="1542"/>
<String CONTENT="H." HEIGHT="39" WIDTH="61" VPOS="3897" HPOS="1569"/>
<SP HEIGHT="39" WIDTH="22" VPOS="3897" HPOS="1631"/>
<String CONTENT="Webster," HEIGHT="48" WIDTH="233" VPOS="3896" HPOS="1654"/>
<SP HEIGHT="46" WIDTH="25" VPOS="3898" HPOS="1888"/>
<String CONTENT="Menlo" HEIGHT="38" WIDTH="157" VPOS="3898" HPOS="1914"/>
<SP HEIGHT="39" WIDTH="25" VPOS="3897" HPOS="2072"/>
<String CONTENT="Park," HEIGHT="48" WIDTH="140" VPOS="3895" HPOS="2098"/>
</TextLine>
<TextLine HEIGHT="54" WIDTH="1504" VPOS="3949" HPOS="330" CS="1">
<String LANG="de" CS="1" CONTENT="Calif." HEIGHT="38" WIDTH="142" VPOS="3953" HPOS="330"/>
<SP HEIGHT="28" WIDTH="63" VPOS="3972" HPOS="473"/>
<String LANG="fr" CONTENT="[Copyright" HEIGHT="49" WIDTH="278" VPOS="3952" HPOS="537"/>
<SP HEIGHT="41" WIDTH="24" VPOS="3953" HPOS="816"/>
<String LANG="en-US" CONTENT="is" HEIGHT="40" WIDTH="41" VPOS="3953" HPOS="841"/>
<SP HEIGHT="28" WIDTH="26" VPOS="3965" HPOS="883"/>
<String LANG="en-US" CONTENT="claimed" HEIGHT="40" WIDTH="203" VPOS="3954" HPOS="910"/>
<SP HEIGHT="38" WIDTH="26" VPOS="3955" HPOS="1114"/>
<String LANG="en-US" CONTENT="on" HEIGHT="28" WIDTH="59" VPOS="3965" HPOS="1141"/>
<SP HEIGHT="27" WIDTH="25" VPOS="3965" HPOS="1201"/>
<String LANG="en-US" CONTENT="revisions" HEIGHT="44" WIDTH="234" VPOS="3951" HPOS="1227"/>
<SP HEIGHT="29" WIDTH="25" VPOS="3964" HPOS="1462"/>
<String LANG="en-US" CONTENT="and" HEIGHT="38" WIDTH="94" VPOS="3955" HPOS="1488"/>
<SP HEIGHT="38" WIDTH="25" VPOS="3955" HPOS="1583"/>
<String LANG="en-US" CONTENT="chapter" HEIGHT="47" WIDTH="199" VPOS="3953" HPOS="1609"/>
<SP HEIGHT="29" WIDTH="25" VPOS="3963" HPOS="1809"/>
<String LANG="en-US" CS="1" CONTENT="XXX]"/>
</TextLine>
<TextLine HEIGHT="49" WIDTH="277" VPOS="4009" HPOS="336">
<String CONTENT="(35-10250)" HEIGHT="49" WIDTH="277" VPOS="4009" HPOS="336"/>
</TextLine>
</TextBlock>
</PrintSpace>
</Page>
</Layout>
</alto>