2424 4375
1075 4103 132 56 1741

202 548 28 39 7
308 579 7 8 v.
375 547 116 39 24cm.
575 545 298 48 (Half-title:
916 547 120 38 Yale
1078 545 253 40 historical
1377 545 336 48 publications.
1791 547 328 47 Manuscripts

130 607 95 38 and
252 603 161 42 edited
440 606 144 44 texts,
611 602 109 48 xiv)

204 658 145 42 “This
395 660 132 39 work
571 658 221 41 contains
836 658 224 40 fourteen
1106 658 384 47 parliamentary
1536 660 245 46 accounts,
1826 668 29 30 a
1902 659 122 39 book
2069 659 52 39 of

131 716 165 40 orders
325 717 95 39 and
447 726 26 30 a
500 716 191 39 volume
717 717 52 38 of
793 714 429 41 documents.”—v.
1250 714 40 48 1,
1319 725 43 37 p.
1387 714 100 40 117.

470 782 116 29 CONTENTS..—v.
637 769 40 42 1.
729 770 335 41 Introduction
1114 771 95 40 and
1259 770 268 41 index.—v.
1579 769 43 42 2.
1672 771 101 40 The
1822 781 298 38 anonymous

131 828 195 47 journal
363 828 166 40 X.—v.
567 827 41 40 3.
645 829 101 39 The
782 831 136 38 notes
957 829 59 46 by
1054 827 77 41 Sir
1168 828 209 39 Thomas
1414 827 297 47 Barrington
1748 828 52 39 of
1839 828 82 40 the
1956 828 166 41 House

134 884 52 39 of
217 894 242 31 commons
495 885 47 38 in
577 885 235 40 1621.—v.
846 883 43 42 4.
921 884 78 39 All
1034 885 81 40 the
1152 883 302 42 remarkable
1488 894 230 38 passages
1753 884 52 40 of
1842 885 82 40 the
1958 885 163 48 things

134 942 121 39 done
282 942 49 39 in
357 943 82 39 the
464 942 147 40 lower
636 943 149 38 house
810 941 52 40 of
884 940 314 49 Parliament,
1225 951 27 29 a
1279 940 141 48 diary
1445 942 61 46 by
1533 940 127 41 John
1686 941 241 47 Pym.—v.
1954 940 43 41 5.
2021 942 102 39 The

134 996 231 48 Belasyse
403 998 155 47 diary.
628 998 345 40 Observations
1016 1000 51 38 at
1109 999 82 38 the
1231 998 313 46 Parliament,
1587 998 62 47 by
1688 998 128 40 John
1861 998 170 47 Smyth
2072 998 52 39 of

133 1052 186 49 Nibley.
379 1054 139 40 Some
548 1053 331 42 observations
911 1059 94 39 and
1034 1053 291 49 collections,
1354 1055 141 39 made
1523 1055 61 46 by
1617 1054 77 41 Sir
1723 1055 213 38 Thomas
135 1055 1971 96 Wentworth.
374 1110 301 41 Parliament
714 1112 150 46 notes,
904 1112 62 47 by
1008 1110 77 42 Sir
1126 1110 264 41 Nathaniel
1433 1109 244 42 Rich.—v.
1722 1109 42 41 6.
1805 1111 102 39 The
135 1111 1971 103 parliamentary
383 1168 138 39 notes
553 1167 51 38 of
636 1168 76 40 Sir
741 1168 210 40 Thomas
984 1168 227 39 Holland.
1270 1168 34 39 Z
1332 1167 167 48 diary;
1531 1169 137 38 notes
1699 1167 60 48 by
1790 1177 61 30 an
1882 1168 243 39 unknown

135 1222 180 41 writer.
382 1224 134 39 Book
554 1225 52 38 of
643 1223 313 42 committees.
1022 1225 148 39 Notes
1211 1224 51 40 of
1301 1224 172 40 debate
1512 1224 94 39 and
1646 1224 264 47 procedure
1951 1225 51 38 at
2043 1224 83 39 the

136 1279 313 48 Parliament,
479 1280 61 48 by
574 1280 76 41 Sir
683 1280 200 41 Charles
914 1281 230 40 Howard.
1208 1280 237 41 Selection
1476 1281 131 39 from
1637 1281 82 39 the
1751 1280 253 41 historical
134 1280 1973 96 collections
378 1337 51 39 of
467 1337 180 40 Robert
688 1337 149 41 Horn.
905 1338 100 39 The
1044 1336 274 41 Minnesota
1361 1338 312 47 manuscript.
1744 1337 210 48 Excerpt
1998 1337 127 39 from

136 1392 210 47 Egerton
372 1403 87 30 ms.
485 1392 129 41 2651.
671 1394 134 39 Book
832 1394 51 41 of
909 1395 287 40 orders.—v.
1226 1393 42 42 7.
1294 1393 301 49 Appendices
1613 1404 10 29 :
1689 1423 9 9 A.
1727 1392 123 43 Bills.
1952 1425 9 8 B.
1992 1394 67 47 pt.
2086 1393 40 46 1,

140 1448 259 42 Schedules
426 1450 52 39 of
503 1449 169 48 grants;
727 1452 65 45 pt.
819 1450 41 48 2,
885 1451 182 47 Papers
1094 1449 211 50 relating
1331 1452 49 39 to
1407 1452 167 46 grants.
1678 1482 9 9 C.
1714 1449 300 48 Miscellany.

137 1502 52 53 ©
213 1507 116 40 Nov.
357 1506 68 48 19,
452 1507 112 41 1935
583 1519 9 30 :
621 1508 64 40 2c.
713 1509 118 39 each
858 1510 109 39 Dec.
994 1509 27 38 4;
1077 1508 82 40 aff.
1187 1510 112 38 Dec.
1323 1509 26 40 3
1368 1519 9 30 :
1406 1509 40 38 A
1475 1508 141 41 89721;
1673 1508 123 39 Yale
1821 1505 130 42 univ.
1978 1516 149 39 press.

214 1563 279 48 (35-34443)

136 1649 441 68 Nunnamaker,
610 1652 208 55 Albert
849 1653 171 64 John,
1055 1657 323 51 1885-1928.

299 1727 1832 71 … Anatomy, descriptive and operative; the general anatomy
138 1804 65 54 of
238 1805 96 56 the
371 1805 213 53 human
622 1806 152 68 body
814 1825 59 35 as
914 1808 281 67 arranged
1234 1807 95 53 for
1369 1807 95 53 the
1505 1805 366 55 convenience
1914 1805 63 53 of
139 1810 1965 125 students
336 1882 64 55 of
435 1889 294 60 mortuary
769 1883 225 55 science.
1069 1882 328 71 Originally
1436 1883 280 69 prepared
1754 1884 111 52 and
1906 1882 224 53 written

140 1958 1882 70 by Albert John Nunnamaker … and Charles O. Dhonau …
139 2036 1995 148 revised by Marion Dee Britt … Histology, the general histology of the human body as arranged for the convenience of
141 2191 1965 148 students of mortuary science … Cincinnati, O., The Embalming book company, 1935.
209 2339 99 49 313,
343 2341 56 49 [7]
432 2352 42 38 p.
536 2342 127 40 illus.
691 2340 134 49 (part
857 2343 111 47 col.)
1036 2343 117 40 26cm.
1224 2341 100 48 (On
1353 2354 163 32 cover:
1547 2344 210 40 Dhonau
1788 2343 348 40 Nunnamaker

142 2397 149 40 series.
364 2408 44 29 v.
441 2397 50 47 1)

212 2453 72 41 On
310 2464 139 30 cover
467 2465 9 29 :
504 2454 254 49 Anatomy,
786 2456 240 48 histology
1052 2457 80 39 for
1157 2456 300 40 embalmers.

144 2510 1973 110 A revision of part II of the authors’ “Anatomy and embalming” published in 1913 as v. 1 of Dhonau Nunnamaker series.
215 2624 162 41 “First
402 2624 225 41 edition.”

214 2681 160 39 Blank
400 2691 145 38 pages
572 2682 78 39 for
679 2681 202 40 “Notes”
921 2682 82 50 ([7]
1032 2684 52 38 at
1112 2683 117 47 end)

216 2736 348 41 “References”
582 2748 9 28 :
624 2748 42 38 p.
715 2736 55 40 [15]

149 2792 52 53 ©
224 2797 119 46 Aug.
368 2797 68 47 13,
461 2796 112 40 1935;
628 2799 66 37 2c.
718 2798 118 42 Aug.
863 2797 51 38 14
933 2806 10 29 :
971 2796 82 40 aff.
1076 2797 119 47 Aug.
1222 2797 54 38 15
1294 2807 9 30 :
1330 2798 39 38 A
1395 2797 170 43 84945;
1595 2796 305 50 Embalming
1925 2798 122 39 book
2072 2806 65 30 co.

221 2853 279 50 [Copyright
529 2854 41 38 is
600 2854 204 39 claimed
834 2865 57 27 on
926 2852 207 40 revision
1165 2854 96 39 and
1293 2853 271 49 Histology]

229 2910 278 47 (35-34861)

149 2999 165 54 Ohio.
390 3002 154 62 Dept.
589 3002 63 59 of
680 3002 313 51 education.

319 3075 1818 56 … Students handbook of essentials in methods of work and
150 3155 189 67 study,
397 3154 225 53 written
682 3154 263 68 English,
1006 3155 112 52 and
1172 3153 410 54 mathematics.
1677 3154 202 55 Senior
1936 3171 205 51 survey

153 3249 205 35 course.
438 3231 200 54 Under
683 3232 93 52 the
821 3230 277 54 direction
1143 3232 63 53 of
1250 3234 68 51 B.
1365 3232 68 55 O.
1480 3231 266 68 Skinner,
1788 3232 245 53 director
2077 3231 64 53 of

154 3308 313 54 education.
553 3308 326 68 Columbus,
932 3308 87 68 O.,
1072 3308 161 55 State
1280 3309 382 68 Department
1709 3309 64 54 of
1824 3309 318 68 education,

207 3389 118 50 c1935.

222 3459 55 41 63
309 3470 43 37 p.
412 3457 115 43 23cm.

225 3515 60 40 At
315 3516 124 40 head
469 3515 52 41 of
548 3515 108 40 title
674 3526 10 28 :
718 3516 137 41 State
883 3515 53 42 of
965 3515 135 40 Ohio.
1161 3518 318 47 Department
1511 3516 52 42 of
1590 3516 273 41 education.

158 3568 52 53 ©
240 3574 114 46 July
383 3574 69 45 31,
483 3573 112 39 1935;
656 3575 65 36 2c.
757 3575 124 46 Sept.
914 3574 54 39 23;
1030 3573 82 40 aff.
1147 3574 102 39 Oct.
1279 3575 53 45 4;
1367 3575 40 37 A
1437 3574 170 46 86809;
1643 3574 120 40 Ohio
1796 3576 132 38 state
224 3576 1902 93 department
388 3630 51 39 of
472 3628 270 41 education.
779 3629 271 47 Columbus,
1088 3630 51 39 O.
1211 3629 278 50 (35-28317)

159 3713 128 66 Oss,
319 3717 147 64 Olga
497 3716 240 54 Bertine
769 3718 248 64 (Osnes)
1057 3719 171 53 “Mrs.
1261 3718 154 54 John
1448 3718 167 61 Oss,”
1650 3723 170 51 1897-

227 3792 312 68 Triumphs
579 3794 63 51 of
683 3793 181 66 faith;
904 3796 264 65 personal
1208 3794 326 68 experience
1569 3795 64 51 in
1668 3795 211 53 service
1920 3794 94 53 for
2050 3794 96 51 the

162 3867 174 70 King,
367 3870 75 67 by
474 3870 139 51 Mrs.
646 3871 156 52 John
838 3870 122 54 Oss.
1030 3871 253 53 Takoma
1317 3870 175 68 Park,
1523 3870 400 68 Washington,
1956 3870 72 52 D.
2063 3868 83 69 C.,

164 3943 180 55 South
387 3947 180 57 Bend,
611 3947 128 53 Ind.
807 3952 102 63 [etc]
955 3948 231 52 Review
1228 3948 113 54 and
1383 3948 200 53 herald
1624 3948 336 68 publishing
2002 3966 142 35 assn.

167 4026 189 63 [c1935]
