2424 4375
1068 4020 133 53 1847

230 471 323 47 “Companion
589 473 213 38 volumes
843 482 99 38 [are
972 474 82 38 the
1088 471 232 50 author's]
1360 473 280 47 ‘Sketching
1673 474 95 39 and
1805 474 258 47 rendering
2097 477 53 38 in.

158 527 167 47 pencil’
355 529 95 38 and
483 527 248 48 ‘Drawing
759 528 117 39 with
908 537 92 39 pen
1029 529 93 38 and
1155 529 334 40 ink’.”—Pref.

560 584 103 39 CONTENTS.—The
687 584 230 40 elements
944 584 51 38 of
1022 586 152 38 water
1202 586 128 38 color
1357 584 658 49 painting.—Architectural
156 597 1972 89 rendering
352 640 49 39 in
430 642 142 38 color.

157 692 52 53 ©
239 698 110 38 Dec.
380 696 68 47 16,
478 696 114 40 1935;
651 696 65 40 2c.
746 698 95 38 and
871 697 80 40 aff.
984 698 110 39 Dec.
1128 698 80 41 17;
1242 698 41 39 A
1312 696 170 48 89912;
1517 698 238 41 Reinhold

1785 699 109 47 pub.
226 708 1900 85 corporation.
411 752 220 48 (36-111)

157 856 171 64 Hart,
356 856 223 54 Walter
606 856 240 63 Wilson,
877 859 170 53 1879-

227 934 127 56 Key
382 941 57 45 to
467 933 198 53 Hart’s
693 935 364 65 Progressive
1087 932 120 55 first
1238 933 244 67 algebra.
1552 937 231 64 Boston,
1814 937 137 51 New
1983 936 161 53 York

180 1012 1191 66 [etc.] D. C. Heath and company [ c 1935]
224 1085 24 37 1
278 1094 42 37 p.
385 1114 9 15 l.,
423 1082 89 40 465
537 1094 42 37 p.
638 1082 177 47 diagrs.
873 1082 55 40 20½
961 1085 45 21 cm
1008 1114 8 9 .

157 1134 52 53 ©
237 1140 120 39 Mar.
386 1140 39 46 5,
454 1138 115 41 1935;
623 1139 68 41 2c.
720 1140 120 39 Mar.
866 1139 54 40 23;
979 1140 81 40 aff.
1090 1141 121 39 Mar.
1240 1139 82 47 25;
1353 1141 41 38 A
1421 1140 169 46 82143;
1622 1141 69 39 W.
1723 1142 69 38 W.
1823 1140 142 47 Hart,
225 1140 1903 103 Madison,
355 1196 114 40 Wis.

226 1299 126 66 Key
384 1305 57 46 to
474 1299 174 54 Wells
683 1300 110 51 and
826 1299 198 55 Hart’s
1057 1300 364 66 Progressive
1455 1301 202 52 second
1690 1299 244 68 algebra.
157 1302 1962 133 Boston,

300 1376 1600 68 New York [etc.] D. C. Heath and company [ c 1935]
225 1451 24 37 1
279 1460 41 37 p.
387 1480 8 16 l.,
422 1449 89 40 452
537 1460 41 37 p.
637 1449 178 48 diagrs.
872 1448 59 41 20½c
976 1451 28 20 m
1009 1480 8 9 .

157 1501 52 53 ©
250 1507 118 38 Mar.
409 1506 39 47 5,
489 1505 139 46 1935;
671 1505 66 40 2c.
780 1507 120 39 Mar.
941 1505 82 41 23:
1067 1505 81 40 aff.
1192 1506 120 39 Mar.
1353 1504 82 42 25:
1479 1507 43 37 A
1560 1504 169 48 82142;
1774 1506 71 40 W.
1887 1506 70 39 W.
2002 1506 144 48 Hart,

225 1562 235 48 Madison,
494 1562 115 40 Wis.

154 1663 365 65 Hausmann,
554 1664 295 65 Manfred,
886 1670 171 49 1898-

286 1739 1857 69 … Ontje Arps; erzahlung. Berlin, S. Fischer verlag, 1934.
224 1815 25 39 3
279 1825 41 37 p.
385 1846 8 11 l.,
423 1813 157 48 9-132,
614 1815 54 48 [4]
699 1824 42 37 p.
799 1815 167 46 plates.
1026 1813 113 39 20cm.

155 1866 1988 53 © Nov. 13. 1934; 1c. Mar. 11, 1935; A-Foreign 27289; S. Fischer verlag,
227 1937 103 36 a.-g.

154 2028 379 64 Hawthorne,
563 2028 339 65 Nathaniel,
935 2032 323 50 1804-1864.

225 2105 121 53 The
387 2106 205 53 scarlet
633 2106 184 67 letter,
859 2105 75 69 by
976 2105 309 53 Nathaniel
1329 2105 371 54 Hawthorne.
1778 2105 140 52 New
1965 2104 177 68 York,

154 2184 120 52 The
300 2182 277 69 Heritage
603 2201 175 51 press,
807 2186 152 50 1935.

219 2254 30 39 4
278 2263 43 39 p.
385 2285 9 15 l.,
423 2253 146 41 3-280
597 2264 44 38 p.
700 2254 172 48 plates.
928 2253 58 40 24
987 2256 45 21 cm
1037 2285 8 8 .

222 2311 164 40 Plates
412 2309 173 41 within
610 2310 191 41 colored
827 2311 301 40 ornamental
1157 2310 211 42 borders.

156 2366 52 53 ©
236 2370 117 40 Nov.
382 2371 40 42 1,
451 2369 140 47 1935;
621 2369 66 41 2c.
716 2371 111 38 Dec.
857 2369 81 41 26:
970 2369 81 40 aff.
1082 2371 109 37 Dec.
1220 2369 82 41 24:
1335 2370 40 38 A
1405 2368 169 42 90012:
1609 2369 237 48 Heritage
1873 2377 148 40 press,
2053 2370 87 40 inc.

226 2427 278 49 [Copyright
535 2427 41 38 is
607 2427 203 39 claimed
842 2437 57 29 on
932 2426 178 48 special
1142 2430 236 42 contents,
1406 2425 252 49 including
1688 2425 327 41 illustrations
2045 2426 97 40 and

228 2485 318 47 decorations]
619 2483 190 48 (36-40)

157 2586 261 66 [Henley,
447 2588 137 52 Mrs.
614 2586 204 54 Bessie
847 2585 182 53 Stella
1058 2586 263 66 (Jones)]
1358 2590 169 49 1888-

225 2663 119 53 The
391 2663 178 53 Little
613 2663 197 54 White
855 2662 234 68 Gnome,
1136 2681 31 34 a
1215 2660 157 70 fairy
1418 2663 115 52 tale
1580 2662 96 52 for
1722 2660 257 55 children
2028 2662 113 53 and

153 2757 330 51 grown-ups
511 2739 126 54 who
664 2738 120 55 still
810 2739 211 53 believe
1046 2741 60 52 in
1133 2738 213 54 fairies.
1409 2739 250 54 Written
1688 2757 59 35 as
1772 2738 263 54 dreamed
2066 2739 73 68 by

155 2835 30 34 a
217 2817 192 53 friend
440 2816 63 55 of
531 2817 96 54 the
656 2816 227 67 fairies;
916 2816 325 53 illustrated
1272 2816 75 68 by
1374 2817 97 52 the
1499 2816 251 54 smallest
1779 2816 150 55 little
1959 2816 181 54 flame.

158 2894 261 67 [Detroit]
456 2894 155 69 Pipp
642 2894 275 67 brothers,
945 2900 19 22 c
968 2896 152 50 1935.

219 2964 27 41 3
275 2975 44 38 p.
383 2996 9 16 l.,
422 2964 115 41 9-74
566 2975 43 38 p.
669 2964 127 41 illus.
856 2964 145 41 21½cm.

156 3020 52 53 ©
229 3026 117 39 Nov.
372 3027 39 43 1,
436 3024 140 47 1935;
604 3025 65 39 2c.
696 3025 95 39 and
817 3024 78 39 aff.
926 3025 108 38 Dec.
1062 3024 82 46 18;
1173 3025 40 38 A
1239 3022 143 42 88739:
1438 3024 168 40 Bessie
1635 3025 43 40 S.
1707 3025 200 46 Henley,
1935 3025 205 40 Detroit.

233 3082 191 47 (36-41)

153 3182 201 66 Hicks,
384 3183 315 65 Granville,
730 3187 169 50 1901-

222 3261 121 53 The
378 3266 162 63 great
575 3260 306 67 tradition;
922 3279 69 34 an
1032 3260 435 68 interpretation
1505 3262 64 51 of
1606 3262 305 52 American
154 3260 1961 131 literature
310 3339 150 54 since
491 3339 96 52 the

619 3337 135 54 civil
788 3357 134 49 war,
956 3339 73 66 by
1064 3338 298 55 Granville
1396 3337 197 55 Hicks.
1669 3339 136 53 Rev.
1841 3339 85 53 ed.
2000 3340 139 53 New

157 3416 176 62 York,
359 3416 121 54 The
507 3415 332 54 Macmillan
869 3433 295 50 company,
1195 3420 147 51 1935.

222 3497 63 29 xv
312 3496 59 38 p.,
397 3486 26 40 1
486 3517 10 17 l.,
524 3485 85 42 341
635 3496 44 39 p.
737 3485 144 41 22½cm.

222 3542 375 49 Bibliography:
624 3552 46 39 p.
694 3540 215 43 331-336.

157 3598 52 52 ©
239 3603 118 39 Nov.
390 3602 68 47 12,
492 3602 113 39 1935;
667 3602 65 39 2c.
770 3602 94 39 and
896 3601 82 40 aff.
1012 3602 117 39 Nov.
1165 3602 81 40 13:
1282 3602 42 39 A
1357 3600 168 47 89339;
1564 3602 278 39 Macmillan
1877 3612 66 30 co.

236 3658 278 49 (36-27042)

155 3745 321 68 Housman,
505 3747 211 54 Alfred
746 3748 270 64 Edward,
1047 3751 170 50 1859-

286 3825 1851 66 … A Shropshire lad; decorations by Edw. A. Wilson. New
157 3901 177 65 York,
358 3901 122 54 The
503 3902 279 66 Heritage
804 3920 173 48 press,
1003 3904 152 51 1935.
