<alto xmlns="http://www.loc.gov/standards/alto/ns-v3#" xmlns:xlink="http://www.w3.org/1999/xlink" xmlns:xsi="http://www.w3.org/2001/XMLSchema-instance" xsi:schemaLocation="http://www.loc.gov/standards/alto/ns-v3# http://www.loc.gov/alto/v3/alto-3-0.xsd"><Description>
<MeasurementUnit>pixel</MeasurementUnit>
<sourceImageInformation>
<fileName>1935_v32_Part1.pdf</fileName>
</sourceImageInformation>
<OCRProcessing ID="IdOcr">
<ocrProcessingStep>
<processingDateTime>2019-01-15</processingDateTime>
<processingSoftware>
<softwareCreator>ABBYY</softwareCreator>
<softwareName>ABBYY Recognition Server</softwareName>
<softwareVersion>4.0</softwareVersion>
</processingSoftware>
</ocrProcessingStep>
</OCRProcessing>
</Description>
<Styles>
<ParagraphStyle ID="StyleId-FFFFFFFF-FFFF-FFFF-FFFF-FFFFFFFFFFFF-" ALIGN="Left" LEFT="0." RIGHT="0." FIRSTLINE="0."/>
<ParagraphStyle ID="StyleId-09A13A44-4F77-4ABE-84F3-84CC8B3C72CE-" ALIGN="Left" LEFT="0." RIGHT="0." FIRSTLINE="0." LINESPACE="7.699999809"/>
<ParagraphStyle ID="StyleId-1F945060-F8CD-4435-B69A-5FF49DB0C586-" ALIGN="Left" LEFT="0." RIGHT="0." FIRSTLINE="-10." LINESPACE="12.19999981"/>
<ParagraphStyle ID="StyleId-C6CAE747-F5A4-4D0D-8D74-D452DA7E2C1C-" ALIGN="Block" LEFT="0." RIGHT="0." FIRSTLINE="-14." LINESPACE="8.350000381"/>
<ParagraphStyle ID="StyleId-FC0F3374-189A-459E-BE29-2DC14180F022-" ALIGN="Left" LEFT="0." RIGHT="0." FIRSTLINE="0."/>
<ParagraphStyle ID="StyleId-49397C49-A894-4B3E-BA5E-1126226BA375-" ALIGN="Left" LEFT="0." RIGHT="0." FIRSTLINE="-12." LINESPACE="11.09000015"/>
<ParagraphStyle ID="StyleId-9E34DD3A-E661-48BD-A3A1-6A3D48346F00-" ALIGN="Block" LEFT="0." RIGHT="0." FIRSTLINE="-14." LINESPACE="11.09000015"/>
<ParagraphStyle ID="StyleId-56CE54AA-A08B-4BAA-8605-F26020A0E36E-" ALIGN="Left" LEFT="0." RIGHT="0." FIRSTLINE="0." LINESPACE="9.399999619"/>
<ParagraphStyle ID="StyleId-77814FFC-C42F-4AA9-9880-EF33B947DEC8-" ALIGN="Left" LEFT="0." RIGHT="0." FIRSTLINE="-11." LINESPACE="11.06999969"/>
<ParagraphStyle ID="StyleId-FDE92EC0-67DC-4C7B-8A24-094B12C38B6C-" ALIGN="Center" LEFT="0." RIGHT="0." FIRSTLINE="0." LINESPACE="11.30000019"/>
<ParagraphStyle ID="StyleId-65180E3B-4C93-4FB8-81EE-E026DD63DBF3-" ALIGN="Left" LEFT="0." RIGHT="0." FIRSTLINE="0." LINESPACE="11.10000038"/>
<ParagraphStyle ID="StyleId-10E885C2-5813-4620-B0AA-0FBA30CF7A32-" ALIGN="Left" LEFT="0." RIGHT="0." FIRSTLINE="0." LINESPACE="9.5"/>
<ParagraphStyle ID="StyleId-913C2DB5-9F02-4067-BAF7-0AED37B60BBE-" ALIGN="Left" LEFT="0." RIGHT="0." FIRSTLINE="0." LINESPACE="6.099999905"/>
<ParagraphStyle ID="StyleId-9C79A9D2-8F08-4A8F-985D-B00E253ED1E5-" ALIGN="Left" LEFT="0." RIGHT="0." FIRSTLINE="0." LINESPACE="4.400000095"/>
<ParagraphStyle ID="StyleId-A41F0407-FEFE-4738-9EC5-E05AFFF62781-" ALIGN="Left" LEFT="0." RIGHT="0." FIRSTLINE="0." LINESPACE="7.300000191"/>
<ParagraphStyle ID="StyleId-61D37176-94E8-408D-9B87-01C406CE8AB2-" ALIGN="Left" LEFT="0." RIGHT="0." FIRSTLINE="0." LINESPACE="8.050000191"/>
</Styles>
<Layout>
<Page ID="Page43" PHYSICAL_IMG_NR="43" HEIGHT="4342" WIDTH="2568">
<TopMargin HEIGHT="412" WIDTH="2568" VPOS="0" HPOS="0">
</TopMargin>
<LeftMargin HEIGHT="3630" WIDTH="198" VPOS="412" HPOS="0">
</LeftMargin>
<RightMargin HEIGHT="3630" WIDTH="346" VPOS="412" HPOS="2222">
</RightMargin>
<BottomMargin HEIGHT="300" WIDTH="2568" VPOS="4042" HPOS="0">
<TextBlock ID="Page43_Block1" HEIGHT="167" WIDTH="272" VPOS="4058" HPOS="1060" LANG="en-US" STYLEREFS="StyleId-DF0917A2-3202-4383-9E9A-78C44778FDB3-">
<TextLine HEIGHT="50" WIDTH="67" VPOS="4059" HPOS="1172">
<String CONTENT="43" HEIGHT="50" WIDTH="67" VPOS="4059" HPOS="1172"/>
</TextLine>
</TextBlock>
</BottomMargin>
<PrintSpace HEIGHT="3630" WIDTH="2024" VPOS="412" HPOS="198">
<TextBlock ID="Page43_Block2" HEIGHT="3630" WIDTH="2024" VPOS="412" HPOS="198" LANG="en-US" CS="1" STYLEREFS="StyleId-CC868F70-9BFD-4A7E-B783-55C392644146-">
<TextLine HEIGHT="56" WIDTH="643" VPOS="423" HPOS="210" STYLEREFS="StyleId-82E2F115-D733-406D-9637-C0BBCC2FA08B-">
<String LANG="fr" CONTENT="Libro" HEIGHT="54" WIDTH="176" VPOS="423" HPOS="210"/>
<SP HEIGHT="52" WIDTH="26" VPOS="425" HPOS="387"/>
<String LANG="fr" CONTENT="de" HEIGHT="52" WIDTH="69" VPOS="425" HPOS="414"/>
<SP HEIGHT="53" WIDTH="26" VPOS="424" HPOS="484"/>
<String LANG="en-US" CONTENT="Alixandre." HEIGHT="55" WIDTH="342" VPOS="424" HPOS="511"/>
</TextLine>
<TextLine HEIGHT="68" WIDTH="1862" VPOS="499" HPOS="347" STYLEREFS="StyleId-82E2F115-D733-406D-9637-C0BBCC2FA08B-" CS="1">
<String CS="1" CONTENT="&#8230;"/>
<SP HEIGHT="53" WIDTH="33" VPOS="502" HPOS="347"/>
<String LANG="fr" CONTENT="El" HEIGHT="53" WIDTH="74" VPOS="502" HPOS="381"/>
<SP HEIGHT="54" WIDTH="22" VPOS="501" HPOS="456"/>
<String CONTENT="libro" HEIGHT="53" WIDTH="146" VPOS="501" HPOS="479"/>
<SP HEIGHT="51" WIDTH="27" VPOS="503" HPOS="626"/>
<String LANG="fr" CONTENT="de" HEIGHT="51" WIDTH="69" VPOS="503" HPOS="654"/>
<SP HEIGHT="51" WIDTH="23" VPOS="502" HPOS="724"/>
<String CS="1" CONTENT="Alexandre;" HEIGHT="52" WIDTH="328" VPOS="501" HPOS="748"/>
<SP HEIGHT="61" WIDTH="28" VPOS="506" HPOS="1104"/>
<String CONTENT="texts" HEIGHT="48" WIDTH="149" VPOS="506" HPOS="1133"/>
<SP HEIGHT="34" WIDTH="25" VPOS="520" HPOS="1283"/>
<String CONTENT="of" HEIGHT="52" WIDTH="63" VPOS="501" HPOS="1309"/>
<SP HEIGHT="52" WIDTH="24" VPOS="501" HPOS="1373"/>
<String CONTENT="the" HEIGHT="52" WIDTH="96" VPOS="501" HPOS="1398"/>
<SP HEIGHT="51" WIDTH="24" VPOS="503" HPOS="1495"/>
<String CONTENT="Paris" HEIGHT="56" WIDTH="168" VPOS="500" HPOS="1520"/>
<SP HEIGHT="36" WIDTH="24" VPOS="520" HPOS="1689"/>
<String CONTENT="and" HEIGHT="52" WIDTH="112" VPOS="501" HPOS="1714"/>
<SP HEIGHT="52" WIDTH="23" VPOS="501" HPOS="1827"/>
<String CONTENT="the" HEIGHT="51" WIDTH="96" VPOS="502" HPOS="1851"/>
<SP HEIGHT="52" WIDTH="23" VPOS="501" HPOS="1948"/>
<String CONTENT="Madrid" HEIGHT="55" WIDTH="237" VPOS="499" HPOS="1972"/>
</TextLine>
<TextLine HEIGHT="70" WIDTH="1992" VPOS="577" HPOS="212" STYLEREFS="StyleId-82E2F115-D733-406D-9637-C0BBCC2FA08B-">
<String CONTENT="manuscripts," HEIGHT="68" WIDTH="397" VPOS="578" HPOS="212"/>
<SP HEIGHT="49" WIDTH="38" VPOS="597" HPOS="610"/>
<String CONTENT="prepared" HEIGHT="67" WIDTH="281" VPOS="579" HPOS="649"/>
<SP HEIGHT="52" WIDTH="36" VPOS="579" HPOS="931"/>
<String CONTENT="with" HEIGHT="53" WIDTH="143" VPOS="578" HPOS="968"/>
<SP HEIGHT="52" WIDTH="37" VPOS="579" HPOS="1112"/>
<String CONTENT="an" HEIGHT="33" WIDTH="72" VPOS="597" HPOS="1150"/>
<SP HEIGHT="52" WIDTH="36" VPOS="578" HPOS="1223"/>
<String CONTENT="introduction" HEIGHT="56" WIDTH="390" VPOS="577" HPOS="1260"/>
<SP HEIGHT="52" WIDTH="36" VPOS="579" HPOS="1651"/>
<String CONTENT="by" HEIGHT="68" WIDTH="77" VPOS="579" HPOS="1688"/>
<SP HEIGHT="67" WIDTH="36" VPOS="580" HPOS="1766"/>
<String CONTENT="Raymond" HEIGHT="68" WIDTH="305" VPOS="579" HPOS="1803"/>
<SP HEIGHT="56" WIDTH="38" VPOS="579" HPOS="2109"/>
<String CONTENT="S." HEIGHT="56" WIDTH="56" VPOS="579" HPOS="2148"/>
</TextLine>
<TextLine HEIGHT="70" WIDTH="1997" VPOS="655" HPOS="209" STYLEREFS="StyleId-82E2F115-D733-406D-9637-C0BBCC2FA08B-">
<String CONTENT="Willis," HEIGHT="68" WIDTH="209" VPOS="656" HPOS="209"/>
<SP HEIGHT="69" WIDTH="22" VPOS="656" HPOS="419"/>
<String CONTENT="jr." HEIGHT="69" WIDTH="70" VPOS="656" HPOS="442"/>
<SP HEIGHT="52" WIDTH="73" VPOS="658" HPOS="513"/>
<String CONTENT="Princeton," HEIGHT="66" WIDTH="324" VPOS="656" HPOS="587"/>
<SP HEIGHT="65" WIDTH="23" VPOS="657" HPOS="912"/>
<String LANG="fr" CONTENT="N." HEIGHT="54" WIDTH="69" VPOS="657" HPOS="936"/>
<SP HEIGHT="54" WIDTH="25" VPOS="658" HPOS="1006"/>
<String CONTENT="J.," HEIGHT="66" WIDTH="74" VPOS="658" HPOS="1032"/>
<SP HEIGHT="66" WIDTH="25" VPOS="658" HPOS="1107"/>
<String CONTENT="Princeton" HEIGHT="53" WIDTH="308" VPOS="657" HPOS="1133"/>
<SP HEIGHT="33" WIDTH="21" VPOS="677" HPOS="1442"/>
<String CONTENT="university" HEIGHT="70" WIDTH="319" VPOS="655" HPOS="1464"/>
<SP HEIGHT="50" WIDTH="22" VPOS="675" HPOS="1784"/>
<String CONTENT="press;" HEIGHT="50" WIDTH="184" VPOS="675" HPOS="1807"/>
<SP HEIGHT="65" WIDTH="28" VPOS="659" HPOS="1992"/>
<String CONTENT="Paris," HEIGHT="67" WIDTH="185" VPOS="656" HPOS="2021"/>
</TextLine>
<TextLine HEIGHT="66" WIDTH="1350" VPOS="734" HPOS="210" STYLEREFS="StyleId-82E2F115-D733-406D-9637-C0BBCC2FA08B-">
<String LANG="fr" CONTENT="Les" HEIGHT="53" WIDTH="106" VPOS="735" HPOS="210"/>
<SP HEIGHT="52" WIDTH="25" VPOS="736" HPOS="317"/>
<String LANG="en-US" CONTENT="Presses" HEIGHT="52" WIDTH="227" VPOS="736" HPOS="343"/>
<SP HEIGHT="34" WIDTH="23" VPOS="754" HPOS="571"/>
<String LANG="fr" CONTENT="universitaires" HEIGHT="54" WIDTH="427" VPOS="734" HPOS="595"/>
<SP HEIGHT="53" WIDTH="26" VPOS="735" HPOS="1023"/>
<String LANG="fr" CONTENT="de" HEIGHT="53" WIDTH="68" VPOS="735" HPOS="1050"/>
<SP HEIGHT="51" WIDTH="27" VPOS="736" HPOS="1119"/>
<String LANG="en-US" CONTENT="France," HEIGHT="64" WIDTH="235" VPOS="736" HPOS="1147"/>
<SP HEIGHT="59" WIDTH="26" VPOS="741" HPOS="1383"/>
<String LANG="en-US" CONTENT="1934." HEIGHT="50" WIDTH="150" VPOS="739" HPOS="1410"/>
</TextLine>
<TextLine HEIGHT="50" WIDTH="1927" VPOS="806" HPOS="284" CS="1">
<String CONTENT="xl," HEIGHT="48" WIDTH="64" VPOS="808" HPOS="284"/>
<SP HEIGHT="47" WIDTH="21" VPOS="809" HPOS="349"/>
<String CONTENT="461" HEIGHT="40" WIDTH="86" VPOS="807" HPOS="371"/>
<SP HEIGHT="47" WIDTH="22" VPOS="808" HPOS="458"/>
<String CONTENT="p." HEIGHT="37" WIDTH="43" VPOS="818" HPOS="481"/>
<SP HEIGHT="41" WIDTH="58" VPOS="807" HPOS="525"/>
<String CONTENT="illus.," HEIGHT="47" WIDTH="143" VPOS="807" HPOS="584"/>
<SP HEIGHT="38" WIDTH="23" VPOS="816" HPOS="728"/>
<String CS="1" CONTENT="IV"/>
<SP HEIGHT="39" WIDTH="22" VPOS="807" HPOS="803"/>
<String CONTENT="facsim." HEIGHT="40" WIDTH="189" VPOS="807" HPOS="826"/>
<SP HEIGHT="29" WIDTH="26" VPOS="817" HPOS="1016"/>
<String CONTENT="on" HEIGHT="29" WIDTH="58" VPOS="817" HPOS="1043"/>
<SP HEIGHT="39" WIDTH="24" VPOS="807" HPOS="1102"/>
<String CONTENT="2" HEIGHT="39" WIDTH="26" VPOS="807" HPOS="1127"/>
<SP HEIGHT="39" WIDTH="22" VPOS="807" HPOS="1154"/>
<String CS="1" CONTENT="l." HEIGHT="8" WIDTH="8" VPOS="838" HPOS="1199"/>
<SP HEIGHT="40" WIDTH="58" VPOS="806" HPOS="1208"/>
<String LANG="fr" CONTENT="25" HEIGHT="40" WIDTH="57" VPOS="806" HPOS="1267"/>
<String CS="1" CONTENT="&#189;cm"/>
<String LANG="fr" CONTENT="." HEIGHT="9" WIDTH="8" VPOS="839" HPOS="1405"/>
<SP HEIGHT="48" WIDTH="69" VPOS="807" HPOS="1414"/>
<String CONTENT="(Elliott" HEIGHT="48" WIDTH="196" VPOS="807" HPOS="1484"/>
<SP HEIGHT="38" WIDTH="24" VPOS="808" HPOS="1681"/>
<String CONTENT="monographs" HEIGHT="47" WIDTH="324" VPOS="807" HPOS="1706"/>
<SP HEIGHT="40" WIDTH="23" VPOS="807" HPOS="2031"/>
<String CONTENT="in" HEIGHT="39" WIDTH="49" VPOS="807" HPOS="2055"/>
<SP HEIGHT="37" WIDTH="24" VPOS="810" HPOS="2105"/>
<String CONTENT="the" HEIGHT="38" WIDTH="81" VPOS="809" HPOS="2130"/>
</TextLine>
<TextLine HEIGHT="64" WIDTH="1987" VPOS="848" HPOS="213">
<String CONTENT="Romance" HEIGHT="40" WIDTH="243" VPOS="865" HPOS="213"/>
<SP HEIGHT="38" WIDTH="25" VPOS="867" HPOS="457"/>
<String CONTENT="languages" HEIGHT="45" WIDTH="268" VPOS="867" HPOS="483"/>
<SP HEIGHT="29" WIDTH="27" VPOS="875" HPOS="752"/>
<String CONTENT="and" HEIGHT="39" WIDTH="96" VPOS="865" HPOS="780"/>
<SP HEIGHT="39" WIDTH="28" VPOS="865" HPOS="877"/>
<String CONTENT="literatures," HEIGHT="45" WIDTH="299" VPOS="864" HPOS="906"/>
<SP HEIGHT="34" WIDTH="28" VPOS="875" HPOS="1206"/>
<String CONTENT="ed." HEIGHT="39" WIDTH="72" VPOS="865" HPOS="1235"/>
<SP HEIGHT="56" WIDTH="24" VPOS="848" HPOS="1308"/>
<String CONTENT="by" HEIGHT="46" WIDTH="60" VPOS="865" HPOS="1339"/>
<SP HEIGHT="46" WIDTH="30" VPOS="865" HPOS="1400"/>
<String CONTENT="Edward" HEIGHT="39" WIDTH="211" VPOS="865" HPOS="1431"/>
<SP HEIGHT="41" WIDTH="34" VPOS="863" HPOS="1643"/>
<String CONTENT="C." HEIGHT="41" WIDTH="48" VPOS="863" HPOS="1678"/>
<SP HEIGHT="40" WIDTH="30" VPOS="864" HPOS="1727"/>
<String CONTENT="Armstrong." HEIGHT="48" WIDTH="301" VPOS="864" HPOS="1758"/>
<SP HEIGHT="40" WIDTH="57" VPOS="865" HPOS="2060"/>
<String CONTENT="32)" HEIGHT="42" WIDTH="82" VPOS="864" HPOS="2118"/>
</TextLine>
<TextLine HEIGHT="48" WIDTH="1924" VPOS="921" HPOS="287">
<String CONTENT="Texts" HEIGHT="39" WIDTH="149" VPOS="923" HPOS="287"/>
<SP HEIGHT="29" WIDTH="38" VPOS="933" HPOS="437"/>
<String CONTENT="of" HEIGHT="40" WIDTH="51" VPOS="922" HPOS="476"/>
<SP HEIGHT="40" WIDTH="36" VPOS="922" HPOS="528"/>
<String CONTENT="the" HEIGHT="39" WIDTH="82" VPOS="923" HPOS="565"/>
<SP HEIGHT="41" WIDTH="37" VPOS="921" HPOS="648"/>
<String CONTENT="Paris" HEIGHT="40" WIDTH="141" VPOS="921" HPOS="686"/>
<SP HEIGHT="29" WIDTH="37" VPOS="932" HPOS="828"/>
<String CONTENT="manuscript" HEIGHT="46" WIDTH="302" VPOS="922" HPOS="866"/>
<SP HEIGHT="48" WIDTH="49" VPOS="921" HPOS="1169"/>
<String CONTENT="(&#8220;Manuscript" HEIGHT="48" WIDTH="358" VPOS="921" HPOS="1219"/>
<SP HEIGHT="38" WIDTH="35" VPOS="924" HPOS="1578"/>
<String LANG="fr" CONTENT="espagnol" HEIGHT="46" WIDTH="231" VPOS="922" HPOS="1614"/>
<SP HEIGHT="38" WIDTH="36" VPOS="922" HPOS="1846"/>
<String CONTENT="488&#8221;" HEIGHT="41" WIDTH="114" VPOS="921" HPOS="1883"/>
<SP HEIGHT="40" WIDTH="39" VPOS="921" HPOS="1998"/>
<String CONTENT="of" HEIGHT="40" WIDTH="53" VPOS="921" HPOS="2038"/>
<SP HEIGHT="41" WIDTH="35" VPOS="921" HPOS="2092"/>
<String CONTENT="the" HEIGHT="39" WIDTH="83" VPOS="923" HPOS="2128"/>
</TextLine>
<TextLine HEIGHT="51" WIDTH="1840" VPOS="975" HPOS="215" CS="1">
<String LANG="fr" CONTENT="Biblioth&#232;que" HEIGHT="50" WIDTH="337" VPOS="975" HPOS="215"/>
<SP HEIGHT="29" WIDTH="27" VPOS="989" HPOS="553"/>
<String LANG="fr" CONTENT="nationale)" HEIGHT="49" WIDTH="274" VPOS="977" HPOS="581"/>
<SP HEIGHT="48" WIDTH="37" VPOS="978" HPOS="856"/>
<String LANG="en-US" CONTENT="and" HEIGHT="39" WIDTH="96" VPOS="979" HPOS="894"/>
<SP HEIGHT="39" WIDTH="28" VPOS="979" HPOS="991"/>
<String LANG="en-US" CONTENT="the" HEIGHT="39" WIDTH="82" VPOS="979" HPOS="1020"/>
<SP HEIGHT="39" WIDTH="28" VPOS="979" HPOS="1103"/>
<String LANG="en-US" CONTENT="Madrid" HEIGHT="40" WIDTH="194" VPOS="978" HPOS="1132"/>
<SP HEIGHT="39" WIDTH="27" VPOS="979" HPOS="1327"/>
<String LANG="en-US" CONTENT="manuscript" HEIGHT="49" WIDTH="302" VPOS="977" HPOS="1355"/>
<SP HEIGHT="48" WIDTH="36" VPOS="978" HPOS="1658"/>
<String LANG="en-US" CONTENT="(&#8220;Manuscript" HEIGHT="49" WIDTH="360" VPOS="977" HPOS="1695"/>
</TextLine>
<TextLine HEIGHT="104" WIDTH="1995" VPOS="979" HPOS="217" CS="1">
<String CONTENT="V-5-n&#176;" HEIGHT="97" WIDTH="1995" VPOS="979" HPOS="217"/>
<SP HEIGHT="39" WIDTH="28" VPOS="1036" HPOS="272"/>
<String CONTENT="10&#8221;" HEIGHT="41" WIDTH="84" VPOS="1035" HPOS="301"/>
<SP HEIGHT="41" WIDTH="30" VPOS="1035" HPOS="386"/>
<String CONTENT="of" HEIGHT="40" WIDTH="52" VPOS="1036" HPOS="417"/>
<SP HEIGHT="40" WIDTH="32" VPOS="1036" HPOS="470"/>
<String CONTENT="the" HEIGHT="40" WIDTH="83" VPOS="1036" HPOS="503"/>
<SP HEIGHT="40" WIDTH="29" VPOS="1036" HPOS="587"/>
<String CONTENT="Biblioteca" HEIGHT="41" WIDTH="268" VPOS="1035" HPOS="617"/>
<SP HEIGHT="29" WIDTH="32" VPOS="1046" HPOS="886"/>
<String CONTENT="nacional)" HEIGHT="44" WIDTH="250" VPOS="1035" HPOS="919"/>
<SP HEIGHT="48" WIDTH="38" VPOS="1035" HPOS="1170"/>
<String CONTENT="printed" HEIGHT="48" WIDTH="192" VPOS="1035" HPOS="1209"/>
<SP HEIGHT="38" WIDTH="34" VPOS="1037" HPOS="1402"/>
<String CONTENT="on" HEIGHT="29" WIDTH="59" VPOS="1046" HPOS="1437"/>
<SP HEIGHT="29" WIDTH="33" VPOS="1045" HPOS="1497"/>
<String CONTENT="opposite" HEIGHT="47" WIDTH="216" VPOS="1036" HPOS="1531"/>
<SP HEIGHT="37" WIDTH="33" VPOS="1046" HPOS="1748"/>
<String CONTENT="pages," HEIGHT="38" WIDTH="160" VPOS="1045" HPOS="1782"/>
<SP HEIGHT="34" WIDTH="32" VPOS="1048" HPOS="1943"/>
<String CONTENT="with" HEIGHT="40" WIDTH="120" VPOS="1035" HPOS="1976"/>
<SP HEIGHT="40" WIDTH="32" VPOS="1036" HPOS="2097"/>
<String CONTENT="the" HEIGHT="39" WIDTH="81" VPOS="1037" HPOS="2130"/>
</TextLine>
<TextLine HEIGHT="47" WIDTH="1991" VPOS="1094" HPOS="217">
<String CONTENT="texts" HEIGHT="39" WIDTH="128" VPOS="1095" HPOS="217"/>
<SP HEIGHT="29" WIDTH="34" VPOS="1104" HPOS="346"/>
<String CONTENT="of" HEIGHT="39" WIDTH="52" VPOS="1094" HPOS="381"/>
<SP HEIGHT="39" WIDTH="32" VPOS="1094" HPOS="434"/>
<String CONTENT="other" HEIGHT="40" WIDTH="139" VPOS="1094" HPOS="467"/>
<SP HEIGHT="28" WIDTH="33" VPOS="1105" HPOS="607"/>
<String CONTENT="existing" HEIGHT="47" WIDTH="214" VPOS="1094" HPOS="641"/>
<SP HEIGHT="47" WIDTH="32" VPOS="1094" HPOS="856"/>
<String CONTENT="fragments" HEIGHT="46" WIDTH="271" VPOS="1094" HPOS="889"/>
<SP HEIGHT="29" WIDTH="35" VPOS="1104" HPOS="1161"/>
<String CONTENT="and" HEIGHT="39" WIDTH="96" VPOS="1094" HPOS="1197"/>
<SP HEIGHT="39" WIDTH="34" VPOS="1094" HPOS="1294"/>
<String CONTENT="excerpts" HEIGHT="45" WIDTH="223" VPOS="1096" HPOS="1329"/>
<SP HEIGHT="37" WIDTH="33" VPOS="1104" HPOS="1553"/>
<String CONTENT="printed" HEIGHT="47" WIDTH="194" VPOS="1094" HPOS="1587"/>
<SP HEIGHT="39" WIDTH="34" VPOS="1094" HPOS="1782"/>
<String CONTENT="at" HEIGHT="37" WIDTH="52" VPOS="1096" HPOS="1817"/>
<SP HEIGHT="37" WIDTH="36" VPOS="1096" HPOS="1870"/>
<String CONTENT="the" HEIGHT="39" WIDTH="84" VPOS="1095" HPOS="1907"/>
<SP HEIGHT="40" WIDTH="32" VPOS="1094" HPOS="1992"/>
<String CONTENT="bottom" HEIGHT="40" WIDTH="183" VPOS="1094" HPOS="2025"/>
</TextLine>
<TextLine HEIGHT="49" WIDTH="1796" VPOS="1150" HPOS="217" CS="1">
<String CONTENT="of" HEIGHT="39" WIDTH="51" VPOS="1151" HPOS="217"/>
<SP HEIGHT="40" WIDTH="29" VPOS="1151" HPOS="269"/>
<String CONTENT="the" HEIGHT="40" WIDTH="82" VPOS="1151" HPOS="299"/>
<SP HEIGHT="38" WIDTH="29" VPOS="1161" HPOS="382"/>
<String CONTENT="pages," HEIGHT="38" WIDTH="160" VPOS="1161" HPOS="412"/>
<SP HEIGHT="46" WIDTH="30" VPOS="1152" HPOS="573"/>
<String CONTENT="below" HEIGHT="40" WIDTH="153" VPOS="1151" HPOS="604"/>
<SP HEIGHT="37" WIDTH="29" VPOS="1154" HPOS="758"/>
<String CONTENT="the" HEIGHT="40" WIDTH="83" VPOS="1151" HPOS="788"/>
<SP HEIGHT="31" WIDTH="28" VPOS="1161" HPOS="872"/>
<String CONTENT="corresponding" HEIGHT="48" WIDTH="377" VPOS="1150" HPOS="901"/>
<SP HEIGHT="38" WIDTH="27" VPOS="1160" HPOS="1279"/>
<String CONTENT="stanzas" HEIGHT="38" WIDTH="198" VPOS="1153" HPOS="1307"/>
<SP HEIGHT="30" WIDTH="29" VPOS="1161" HPOS="1506"/>
<String CONTENT="of" HEIGHT="40" WIDTH="52" VPOS="1150" HPOS="1536"/>
<SP HEIGHT="39" WIDTH="29" VPOS="1150" HPOS="1589"/>
<String CONTENT="the" HEIGHT="40" WIDTH="82" VPOS="1151" HPOS="1619"/>
<SP HEIGHT="31" WIDTH="29" VPOS="1160" HPOS="1702"/>
<String CONTENT="main" HEIGHT="40" WIDTH="133" VPOS="1150" HPOS="1732"/>
<SP HEIGHT="37" WIDTH="29" VPOS="1153" HPOS="1866"/>
<String CONTENT="text." HEIGHT="39" WIDTH="117" VPOS="1152" HPOS="1896"/>
</TextLine>
<TextLine HEIGHT="49" WIDTH="1757" VPOS="1206" HPOS="286">
<String CONTENT="Authorship" HEIGHT="49" WIDTH="301" VPOS="1206" HPOS="286"/>
<SP HEIGHT="38" WIDTH="28" VPOS="1217" HPOS="588"/>
<String CONTENT="ascribed" HEIGHT="41" WIDTH="218" VPOS="1206" HPOS="617"/>
<SP HEIGHT="39" WIDTH="31" VPOS="1208" HPOS="836"/>
<String CONTENT="by" HEIGHT="39" WIDTH="59" VPOS="1208" HPOS="868"/>
<SP HEIGHT="29" WIDTH="29" VPOS="1218" HPOS="928"/>
<String CONTENT="some" HEIGHT="30" WIDTH="129" VPOS="1217" HPOS="958"/>
<SP HEIGHT="29" WIDTH="29" VPOS="1218" HPOS="1088"/>
<String CONTENT="authorities" HEIGHT="40" WIDTH="294" VPOS="1207" HPOS="1118"/>
<SP HEIGHT="36" WIDTH="26" VPOS="1211" HPOS="1413"/>
<String CONTENT="to" HEIGHT="36" WIDTH="48" VPOS="1211" HPOS="1440"/>
<SP HEIGHT="40" WIDTH="31" VPOS="1208" HPOS="1489"/>
<String CONTENT="Gonzalo" HEIGHT="40" WIDTH="211" VPOS="1208" HPOS="1521"/>
<SP HEIGHT="38" WIDTH="28" VPOS="1209" HPOS="1733"/>
<String LANG="fr" CONTENT="de" HEIGHT="38" WIDTH="58" VPOS="1209" HPOS="1762"/>
<SP HEIGHT="38" WIDTH="27" VPOS="1209" HPOS="1821"/>
<String CONTENT="Berceo." HEIGHT="42" WIDTH="194" VPOS="1209" HPOS="1849"/>
</TextLine>
<TextLine HEIGHT="52" WIDTH="1994" VPOS="1261" HPOS="217" CS="1">
<String CONTENT="&#169;" HEIGHT="52" WIDTH="56" VPOS="1261" HPOS="217"/>
<SP HEIGHT="52" WIDTH="29" VPOS="1261" HPOS="274"/>
<String CONTENT="Dec." HEIGHT="40" WIDTH="110" VPOS="1266" HPOS="304"/>
<SP HEIGHT="38" WIDTH="34" VPOS="1267" HPOS="415"/>
<String CONTENT="15," HEIGHT="47" WIDTH="69" VPOS="1266" HPOS="450"/>
<SP HEIGHT="47" WIDTH="36" VPOS="1266" HPOS="520"/>
<String CS="1" CONTENT="1934;" HEIGHT="42" WIDTH="114" VPOS="1264" HPOS="557"/>
<SP HEIGHT="47" WIDTH="35" VPOS="1265" HPOS="698"/>
<String CONTENT="2c." HEIGHT="40" WIDTH="66" VPOS="1265" HPOS="734"/>
<SP HEIGHT="39" WIDTH="33" VPOS="1266" HPOS="801"/>
<String CONTENT="Jan." HEIGHT="39" WIDTH="109" VPOS="1266" HPOS="835"/>
<SP HEIGHT="39" WIDTH="36" VPOS="1266" HPOS="945"/>
<String CONTENT="11," HEIGHT="47" WIDTH="69" VPOS="1266" HPOS="982"/>
<SP HEIGHT="46" WIDTH="36" VPOS="1267" HPOS="1052"/>
<String CS="1" CONTENT="1935;" HEIGHT="41" WIDTH="114" VPOS="1264" HPOS="1089"/>
<SP HEIGHT="36" WIDTH="38" VPOS="1276" HPOS="1231"/>
<String CONTENT="aff." HEIGHT="41" WIDTH="80" VPOS="1264" HPOS="1270"/>
<SP HEIGHT="40" WIDTH="36" VPOS="1265" HPOS="1351"/>
<String CONTENT="Jan." HEIGHT="40" WIDTH="109" VPOS="1265" HPOS="1388"/>
<SP HEIGHT="41" WIDTH="36" VPOS="1264" HPOS="1498"/>
<String CS="1" CONTENT="9;" HEIGHT="41" WIDTH="27" VPOS="1264" HPOS="1535"/>
<SP HEIGHT="46" WIDTH="37" VPOS="1266" HPOS="1589"/>
<!-- cceid 82CBEA2E-6D82-1014-B070-FDFD250A9EDA --><String CONTENT="A" HEIGHT="38" WIDTH="40" VPOS="1266" HPOS="1627"/>
<SP HEIGHT="40" WIDTH="32" VPOS="1266" HPOS="1668"/>
<String CS="1" CONTENT="79124;" HEIGHT="42" WIDTH="147" VPOS="1264" HPOS="1701"/>
<SP HEIGHT="46" WIDTH="38" VPOS="1267" HPOS="1874"/>
<String CONTENT="Edward" HEIGHT="39" WIDTH="212" VPOS="1266" HPOS="1913"/>
<SP HEIGHT="42" WIDTH="35" VPOS="1265" HPOS="2126"/>
<String CONTENT="C." HEIGHT="42" WIDTH="49" VPOS="1265" HPOS="2162"/>
</TextLine>
<TextLine HEIGHT="49" WIDTH="1081" VPOS="1322" HPOS="282">
<String CONTENT="Armstrong," HEIGHT="48" WIDTH="300" VPOS="1323" HPOS="282"/>
<SP HEIGHT="47" WIDTH="27" VPOS="1323" HPOS="583"/>
<String CONTENT="Princeton," HEIGHT="47" WIDTH="272" VPOS="1322" HPOS="611"/>
<SP HEIGHT="46" WIDTH="28" VPOS="1323" HPOS="884"/>
<String LANG="fr" CONTENT="N." HEIGHT="38" WIDTH="54" VPOS="1323" HPOS="913"/>
<SP HEIGHT="40" WIDTH="30" VPOS="1323" HPOS="968"/>
<String CONTENT="J." HEIGHT="40" WIDTH="42" VPOS="1323" HPOS="999"/>
<SP HEIGHT="48" WIDTH="70" VPOS="1322" HPOS="1042"/>
<String CONTENT="(35-1074)" HEIGHT="48" WIDTH="250" VPOS="1322" HPOS="1113"/>
</TextLine>
<TextLine HEIGHT="70" WIDTH="1038" VPOS="1423" HPOS="209" STYLEREFS="StyleId-82E2F115-D733-406D-9637-C0BBCC2FA08B-">
<String CONTENT="Lochner," HEIGHT="70" WIDTH="283" VPOS="1423" HPOS="209"/>
<SP HEIGHT="65" WIDTH="27" VPOS="1428" HPOS="493"/>
<String CONTENT="Robert" HEIGHT="53" WIDTH="221" VPOS="1427" HPOS="521"/>
<SP HEIGHT="58" WIDTH="26" VPOS="1423" HPOS="743"/>
<String CONTENT="William," HEIGHT="68" WIDTH="273" VPOS="1423" HPOS="770"/>
<SP HEIGHT="61" WIDTH="29" VPOS="1430" HPOS="1044"/>
<String CONTENT="1906-" HEIGHT="50" WIDTH="173" VPOS="1429" HPOS="1074"/>
</TextLine>
<TextLine HEIGHT="225" WIDTH="2000" VPOS="1504" HPOS="210" STYLEREFS="StyleId-82E2F115-D733-406D-9637-C0BBCC2FA08B-" CS="1">
<String CONTENT="Lochner&#8217;s" HEIGHT="53" WIDTH="303" VPOS="1504" HPOS="280"/>
<SP HEIGHT="33" WIDTH="48" VPOS="1524" HPOS="584"/>
<String CONTENT="review" HEIGHT="52" WIDTH="206" VPOS="1505" HPOS="633"/>
<SP HEIGHT="51" WIDTH="48" VPOS="1505" HPOS="840"/>
<String CONTENT="for" HEIGHT="52" WIDTH="94" VPOS="1505" HPOS="889"/>
<SP HEIGHT="52" WIDTH="45" VPOS="1506" HPOS="984"/>
<String CONTENT="New" HEIGHT="52" WIDTH="140" VPOS="1506" HPOS="1030"/>
<SP HEIGHT="52" WIDTH="48" VPOS="1507" HPOS="1171"/>
<String CONTENT="York" HEIGHT="54" WIDTH="164" VPOS="1505" HPOS="1220"/>
<SP HEIGHT="52" WIDTH="45" VPOS="1505" HPOS="1385"/>
<String CONTENT="bar" HEIGHT="52" WIDTH="104" VPOS="1505" HPOS="1431"/>
<SP HEIGHT="33" WIDTH="47" VPOS="1524" HPOS="1536"/>
<String CONTENT="examination;" HEIGHT="66" WIDTH="416" VPOS="1505" HPOS="1584"/>
<SP HEIGHT="51" WIDTH="51" VPOS="1522" HPOS="2001"/>
<String CONTENT="questions&#8212;answers&#8212;general" HEIGHT="129" WIDTH="1976" VPOS="1522" HPOS="210"/>
<SP HEIGHT="66" WIDTH="31" VPOS="1585" HPOS="982"/>
<String CONTENT="guide." HEIGHT="68" WIDTH="187" VPOS="1583" HPOS="1014"/>
<SP HEIGHT="52" WIDTH="67" VPOS="1585" HPOS="1202"/>
<String CONTENT="A" HEIGHT="52" WIDTH="57" VPOS="1585" HPOS="1270"/>
<SP HEIGHT="52" WIDTH="26" VPOS="1585" HPOS="1328"/>
<String CONTENT="manual" HEIGHT="52" WIDTH="236" VPOS="1584" HPOS="1355"/>
<SP HEIGHT="51" WIDTH="27" VPOS="1584" HPOS="1592"/>
<String CONTENT="concisely" HEIGHT="67" WIDTH="279" VPOS="1583" HPOS="1620"/>
<SP HEIGHT="66" WIDTH="29" VPOS="1584" HPOS="1900"/>
<String CONTENT="but" HEIGHT="52" WIDTH="104" VPOS="1584" HPOS="1930"/>
<SP HEIGHT="48" WIDTH="29" VPOS="1589" HPOS="2035"/>
<String CONTENT="comprehensively" HEIGHT="128" WIDTH="1978" VPOS="1601" HPOS="210"/>
<SP HEIGHT="49" WIDTH="34" VPOS="1680" HPOS="607"/>
<String CONTENT="reviewing" HEIGHT="69" WIDTH="310" VPOS="1660" HPOS="642"/>
<SP HEIGHT="62" WIDTH="33" VPOS="1667" HPOS="953"/>
<String CONTENT="the" HEIGHT="52" WIDTH="97" VPOS="1662" HPOS="987"/>
<SP HEIGHT="54" WIDTH="35" VPOS="1659" HPOS="1085"/>
<String CONTENT="field" HEIGHT="54" WIDTH="132" VPOS="1659" HPOS="1121"/>
<SP HEIGHT="53" WIDTH="35" VPOS="1662" HPOS="1254"/>
<String CONTENT="of" HEIGHT="53" WIDTH="64" VPOS="1662" HPOS="1290"/>
<SP HEIGHT="53" WIDTH="35" VPOS="1662" HPOS="1355"/>
<String CONTENT="substantive" HEIGHT="53" WIDTH="353" VPOS="1662" HPOS="1391"/>
<SP HEIGHT="50" WIDTH="32" VPOS="1665" HPOS="1745"/>
<String CONTENT="law," HEIGHT="62" WIDTH="129" VPOS="1665" HPOS="1778"/>
<SP HEIGHT="49" WIDTH="35" VPOS="1680" HPOS="1908"/>
<String CONTENT="practice," HEIGHT="68" WIDTH="266" VPOS="1661" HPOS="1944"/>
</TextLine>
<TextLine HEIGHT="146" WIDTH="1998" VPOS="1739" HPOS="212" STYLEREFS="StyleId-82E2F115-D733-406D-9637-C0BBCC2FA08B-" CS="1">
<String CONTENT="procedure" HEIGHT="66" WIDTH="307" VPOS="1739" HPOS="212"/>
<SP HEIGHT="33" WIDTH="42" VPOS="1758" HPOS="520"/>
<String CONTENT="and" HEIGHT="51" WIDTH="113" VPOS="1740" HPOS="563"/>
<SP HEIGHT="53" WIDTH="38" VPOS="1740" HPOS="677"/>
<String CONTENT="evidence," HEIGHT="58" WIDTH="282" VPOS="1740" HPOS="716"/>
<SP HEIGHT="39" WIDTH="37" VPOS="1759" HPOS="999"/>
<String CONTENT="with" HEIGHT="52" WIDTH="141" VPOS="1740" HPOS="1037"/>
<SP HEIGHT="52" WIDTH="38" VPOS="1740" HPOS="1179"/>
<String CONTENT="suggestions," HEIGHT="65" WIDTH="375" VPOS="1742" HPOS="1218"/>
<SP HEIGHT="49" WIDTH="38" VPOS="1758" HPOS="1594"/>
<String CONTENT="questions" HEIGHT="67" WIDTH="287" VPOS="1740" HPOS="1633"/>
<SP HEIGHT="35" WIDTH="38" VPOS="1758" HPOS="1921"/>
<String CONTENT="and" HEIGHT="53" WIDTH="115" VPOS="1740" HPOS="1960"/>
<SP HEIGHT="53" WIDTH="38" VPOS="1740" HPOS="2076"/>
<String CONTENT="answers." HEIGHT="112" WIDTH="1975" VPOS="1758" HPOS="212"/>
<SP HEIGHT="51" WIDTH="66" VPOS="1819" HPOS="398"/>
<String CONTENT="By" HEIGHT="66" WIDTH="91" VPOS="1819" HPOS="465"/>
<SP HEIGHT="65" WIDTH="28" VPOS="1820" HPOS="557"/>
<String CONTENT="Robert" HEIGHT="53" WIDTH="217" VPOS="1818" HPOS="586"/>
<SP HEIGHT="53" WIDTH="21" VPOS="1820" HPOS="804"/>
<String CONTENT="W." HEIGHT="53" WIDTH="90" VPOS="1820" HPOS="826"/>
<SP HEIGHT="54" WIDTH="31" VPOS="1819" HPOS="917"/>
<String CONTENT="Lochner" HEIGHT="52" WIDTH="257" VPOS="1818" HPOS="949"/>
<SP HEIGHT="32" WIDTH="35" VPOS="1837" HPOS="1207"/>
<String CS="1" CONTENT="&#8230;"/>
<SP HEIGHT="52" WIDTH="66" VPOS="1819" HPOS="1300"/>
<String CONTENT="Albany," HEIGHT="67" WIDTH="251" VPOS="1818" HPOS="1367"/>
<SP HEIGHT="63" WIDTH="27" VPOS="1822" HPOS="1619"/>
<String LANG="fr" CONTENT="N." HEIGHT="52" WIDTH="70" VPOS="1822" HPOS="1647"/>
<SP HEIGHT="52" WIDTH="31" VPOS="1820" HPOS="1718"/>
<String LANG="fr" CONTENT="Y.," HEIGHT="65" WIDTH="91" VPOS="1820" HPOS="1750"/>
<SP HEIGHT="65" WIDTH="27" VPOS="1820" HPOS="1842"/>
<String CONTENT="M." HEIGHT="51" WIDTH="79" VPOS="1820" HPOS="1870"/>
<SP HEIGHT="50" WIDTH="31" VPOS="1822" HPOS="1950"/>
<String CONTENT="Bender" HEIGHT="53" WIDTH="228" VPOS="1819" HPOS="1982"/>
</TextLine>
<TextLine HEIGHT="68" WIDTH="996" VPOS="1895" HPOS="209" STYLEREFS="StyleId-82E2F115-D733-406D-9637-C0BBCC2FA08B-">
<String CONTENT="&amp;" HEIGHT="49" WIDTH="44" VPOS="1899" HPOS="209"/>
<SP HEIGHT="50" WIDTH="26" VPOS="1899" HPOS="254"/>
<String CONTENT="company," HEIGHT="49" WIDTH="296" VPOS="1913" HPOS="281"/>
<SP HEIGHT="67" WIDTH="26" VPOS="1895" HPOS="578"/>
<String CONTENT="incorporated," HEIGHT="68" WIDTH="419" VPOS="1895" HPOS="605"/>
<SP HEIGHT="59" WIDTH="29" VPOS="1904" HPOS="1025"/>
<String CONTENT="1935." HEIGHT="52" WIDTH="150" VPOS="1899" HPOS="1055"/>
</TextLine>
<TextLine HEIGHT="48" WIDTH="416" VPOS="1968" HPOS="280" STYLEREFS="StyleId-82E2F115-D733-406D-9637-C0BBCC2FA08B-" CS="1">
<String CONTENT="ix," HEIGHT="47" WIDTH="64" VPOS="1968" HPOS="280"/>
<SP HEIGHT="46" WIDTH="27" VPOS="1969" HPOS="345"/>
<String CONTENT="542" HEIGHT="40" WIDTH="88" VPOS="1968" HPOS="373"/>
<SP HEIGHT="48" WIDTH="22" VPOS="1968" HPOS="462"/>
<String CONTENT="p." HEIGHT="37" WIDTH="41" VPOS="1979" HPOS="485"/>
<SP HEIGHT="39" WIDTH="53" VPOS="1968" HPOS="527"/>
<String CONTENT="23" HEIGHT="41" WIDTH="55" VPOS="1968" HPOS="581"/>
<String STYLE="superscript" CS="1" CONTENT="cm" HEIGHT="20" WIDTH="16" VPOS="1972" HPOS="639"/>
<String CONTENT="." HEIGHT="8" WIDTH="8" VPOS="2000" HPOS="688"/>
</TextLine>
<TextLine HEIGHT="54" WIDTH="1996" VPOS="2021" HPOS="215" CS="1">
<String CONTENT="&#169;" HEIGHT="52" WIDTH="51" VPOS="2021" HPOS="215"/>
<SP HEIGHT="52" WIDTH="25" VPOS="2021" HPOS="267"/>
<String CONTENT="Jan." HEIGHT="40" WIDTH="107" VPOS="2025" HPOS="293"/>
<SP HEIGHT="41" WIDTH="24" VPOS="2024" HPOS="401"/>
<String CONTENT="2," HEIGHT="48" WIDTH="40" VPOS="2024" HPOS="426"/>
<SP HEIGHT="45" WIDTH="24" VPOS="2027" HPOS="467"/>
<String CS="1" CONTENT="1935;" HEIGHT="42" WIDTH="115" VPOS="2024" HPOS="492"/>
<SP HEIGHT="47" WIDTH="26" VPOS="2025" HPOS="634"/>
<String CONTENT="2c." HEIGHT="40" WIDTH="65" VPOS="2025" HPOS="661"/>
<SP HEIGHT="39" WIDTH="23" VPOS="2026" HPOS="727"/>
<String CONTENT="Jan." HEIGHT="39" WIDTH="109" VPOS="2026" HPOS="751"/>
<SP HEIGHT="40" WIDTH="23" VPOS="2027" HPOS="861"/>
<String CS="1" CONTENT="3;" HEIGHT="40" WIDTH="26" VPOS="2027" HPOS="885"/>
<SP HEIGHT="37" WIDTH="27" VPOS="2036" HPOS="939"/>
<String CONTENT="aff." HEIGHT="41" WIDTH="82" VPOS="2025" HPOS="967"/>
<SP HEIGHT="40" WIDTH="25" VPOS="2026" HPOS="1050"/>
<String CONTENT="Jan." HEIGHT="40" WIDTH="109" VPOS="2026" HPOS="1076"/>
<SP HEIGHT="38" WIDTH="24" VPOS="2027" HPOS="1186"/>
<String CONTENT="10;" HEIGHT="47" WIDTH="83" VPOS="2026" HPOS="1211"/>
<SP HEIGHT="46" WIDTH="24" VPOS="2027" HPOS="1295"/>
<!-- cceid 82CCB628-6D82-1014-B070-FDFD250A9EDA --><String CONTENT="A" HEIGHT="38" WIDTH="42" VPOS="2027" HPOS="1320"/>
<SP HEIGHT="40" WIDTH="23" VPOS="2027" HPOS="1363"/>
<String CS="1" CONTENT="79135;" HEIGHT="43" WIDTH="144" VPOS="2024" HPOS="1387"/>
<SP HEIGHT="46" WIDTH="27" VPOS="2027" HPOS="1559"/>
<String CONTENT="Matthew" HEIGHT="40" WIDTH="237" VPOS="2027" HPOS="1587"/>
<SP HEIGHT="39" WIDTH="24" VPOS="2026" HPOS="1825"/>
<String CONTENT="Bender" HEIGHT="40" WIDTH="192" VPOS="2026" HPOS="1850"/>
<SP HEIGHT="40" WIDTH="25" VPOS="2027" HPOS="2043"/>
<String CONTENT="&amp;" HEIGHT="40" WIDTH="37" VPOS="2027" HPOS="2069"/>
<SP HEIGHT="40" WIDTH="21" VPOS="2027" HPOS="2107"/>
<String CONTENT="co.," HEIGHT="39" WIDTH="82" VPOS="2036" HPOS="2129"/>
</TextLine>
<TextLine HEIGHT="48" WIDTH="410" VPOS="2082" HPOS="282">
<String CONTENT="inc." HEIGHT="41" WIDTH="88" VPOS="2082" HPOS="282"/>
<SP HEIGHT="48" WIDTH="70" VPOS="2082" HPOS="371"/>
<String CONTENT="(35-1006)" HEIGHT="48" WIDTH="250" VPOS="2082" HPOS="442"/>
</TextLine>
<TextLine HEIGHT="68" WIDTH="1257" VPOS="2184" HPOS="211" STYLEREFS="StyleId-82E2F115-D733-406D-9637-C0BBCC2FA08B-">
<String CONTENT="Lockwood," HEIGHT="68" WIDTH="341" VPOS="2184" HPOS="211"/>
<SP HEIGHT="64" WIDTH="25" VPOS="2188" HPOS="553"/>
<String CONTENT="Mrs." HEIGHT="55" WIDTH="139" VPOS="2188" HPOS="579"/>
<SP HEIGHT="56" WIDTH="27" VPOS="2187" HPOS="719"/>
<String CONTENT="Sarah" HEIGHT="55" WIDTH="190" VPOS="2186" HPOS="747"/>
<SP HEIGHT="66" WIDTH="30" VPOS="2186" HPOS="938"/>
<String CONTENT="(McNeil)" HEIGHT="66" WIDTH="289" VPOS="2186" HPOS="969"/>
<SP HEIGHT="63" WIDTH="35" VPOS="2187" HPOS="1259"/>
<String CONTENT="1882-" HEIGHT="51" WIDTH="173" VPOS="2191" HPOS="1295"/>
</TextLine>
<TextLine HEIGHT="69" WIDTH="1926" VPOS="2263" HPOS="281" STYLEREFS="StyleId-82E2F115-D733-406D-9637-C0BBCC2FA08B-">
<String CONTENT="Decoration," HEIGHT="68" WIDTH="362" VPOS="2263" HPOS="281"/>
<SP HEIGHT="49" WIDTH="31" VPOS="2282" HPOS="644"/>
<String CONTENT="past," HEIGHT="61" WIDTH="146" VPOS="2270" HPOS="676"/>
<SP HEIGHT="49" WIDTH="30" VPOS="2283" HPOS="823"/>
<String CONTENT="present" HEIGHT="62" WIDTH="228" VPOS="2270" HPOS="854"/>
<SP HEIGHT="49" WIDTH="27" VPOS="2269" HPOS="1083"/>
<String CONTENT="&amp;" HEIGHT="49" WIDTH="45" VPOS="2269" HPOS="1111"/>
<SP HEIGHT="54" WIDTH="30" VPOS="2264" HPOS="1157"/>
<String CONTENT="future," HEIGHT="68" WIDTH="211" VPOS="2264" HPOS="1188"/>
<SP HEIGHT="68" WIDTH="30" VPOS="2264" HPOS="1400"/>
<String CONTENT="by" HEIGHT="68" WIDTH="76" VPOS="2264" HPOS="1431"/>
<SP HEIGHT="67" WIDTH="32" VPOS="2265" HPOS="1508"/>
<String CONTENT="Sarah" HEIGHT="55" WIDTH="185" VPOS="2265" HPOS="1541"/>
<SP HEIGHT="52" WIDTH="31" VPOS="2265" HPOS="1727"/>
<String CONTENT="M." HEIGHT="52" WIDTH="79" VPOS="2265" HPOS="1759"/>
<SP HEIGHT="51" WIDTH="30" VPOS="2266" HPOS="1839"/>
<String CONTENT="Lockwood." HEIGHT="54" WIDTH="337" VPOS="2264" HPOS="1870"/>
</TextLine>
<TextLine HEIGHT="69" WIDTH="1996" VPOS="2341" HPOS="212" STYLEREFS="StyleId-82E2F115-D733-406D-9637-C0BBCC2FA08B-" CS="1">
<String CONTENT="Garden" HEIGHT="56" WIDTH="231" VPOS="2341" HPOS="212"/>
<SP HEIGHT="55" WIDTH="31" VPOS="2343" HPOS="444"/>
<String CONTENT="City," HEIGHT="68" WIDTH="151" VPOS="2341" HPOS="476"/>
<SP HEIGHT="65" WIDTH="28" VPOS="2343" HPOS="628"/>
<String LANG="fr" CONTENT="N." HEIGHT="52" WIDTH="70" VPOS="2343" HPOS="657"/>
<SP HEIGHT="52" WIDTH="31" VPOS="2343" HPOS="728"/>
<String CS="1" CONTENT="Y.," HEIGHT="52" WIDTH="57" VPOS="2343" HPOS="760"/>
<SP HEIGHT="54" WIDTH="28" VPOS="2344" HPOS="850"/>
<String CONTENT="Doubleday," HEIGHT="68" WIDTH="357" VPOS="2342" HPOS="879"/>
<SP HEIGHT="66" WIDTH="30" VPOS="2344" HPOS="1237"/>
<String CONTENT="Doran" HEIGHT="51" WIDTH="199" VPOS="2344" HPOS="1268"/>
<SP HEIGHT="50" WIDTH="28" VPOS="2346" HPOS="1468"/>
<String CONTENT="&amp;" HEIGHT="50" WIDTH="46" VPOS="2346" HPOS="1497"/>
<SP HEIGHT="50" WIDTH="26" VPOS="2346" HPOS="1544"/>
<String CONTENT="company," HEIGHT="50" WIDTH="297" VPOS="2360" HPOS="1571"/>
<SP HEIGHT="66" WIDTH="29" VPOS="2342" HPOS="1869"/>
<String CONTENT="inc.," HEIGHT="66" WIDTH="127" VPOS="2342" HPOS="1899"/>
<SP HEIGHT="60" WIDTH="31" VPOS="2348" HPOS="2027"/>
<String CONTENT="1934." HEIGHT="50" WIDTH="149" VPOS="2346" HPOS="2059"/>
</TextLine>
<TextLine HEIGHT="49" WIDTH="630" VPOS="2415" HPOS="281" STYLEREFS="StyleId-82E2F115-D733-406D-9637-C0BBCC2FA08B-" CS="1">
<String LANG="fr" CONTENT="xi," HEIGHT="48" WIDTH="65" VPOS="2415" HPOS="281"/>
<SP HEIGHT="47" WIDTH="25" VPOS="2416" HPOS="347"/>
<String CONTENT="198" HEIGHT="41" WIDTH="87" VPOS="2415" HPOS="373"/>
<SP HEIGHT="49" WIDTH="21" VPOS="2415" HPOS="461"/>
<String CONTENT="p." HEIGHT="38" WIDTH="43" VPOS="2426" HPOS="483"/>
<SP HEIGHT="41" WIDTH="53" VPOS="2416" HPOS="527"/>
<String CONTENT="illus." HEIGHT="42" WIDTH="129" VPOS="2416" HPOS="581"/>
<SP HEIGHT="43" WIDTH="51" VPOS="2415" HPOS="711"/>
<String CS="1" CONTENT="25&#189;" HEIGHT="41" WIDTH="56" VPOS="2415" HPOS="763"/>
<String STYLE="superscript" CONTENT="cm" HEIGHT="21" WIDTH="44" VPOS="2418" HPOS="853"/>
<String CONTENT="." HEIGHT="9" WIDTH="9" VPOS="2449" HPOS="902"/>
</TextLine>
<TextLine HEIGHT="42" WIDTH="418" VPOS="2472" HPOS="283">
<String CONTENT="&#8220;First" HEIGHT="42" WIDTH="161" VPOS="2472" HPOS="283"/>
<SP HEIGHT="37" WIDTH="29" VPOS="2477" HPOS="445"/>
<String CONTENT="edition.&#8221;" HEIGHT="41" WIDTH="226" VPOS="2472" HPOS="475"/>
</TextLine>
<TextLine HEIGHT="50" WIDTH="577" VPOS="2528" HPOS="281" CS="1">
<String CS="1" CONTENT="Bibliography:" HEIGHT="48" WIDTH="350" VPOS="2529" HPOS="281"/>
<SP HEIGHT="38" WIDTH="29" VPOS="2540" HPOS="659"/>
<String CONTENT="p." HEIGHT="37" WIDTH="42" VPOS="2541" HPOS="689"/>
<SP HEIGHT="39" WIDTH="27" VPOS="2530" HPOS="732"/>
<String CONTENT="191." HEIGHT="41" WIDTH="98" VPOS="2528" HPOS="760"/>
</TextLine>
<TextLine HEIGHT="52" WIDTH="1996" VPOS="2582" HPOS="215" CS="1">
<String CONTENT="&#169;" HEIGHT="52" WIDTH="51" VPOS="2582" HPOS="215"/>
<SP HEIGHT="52" WIDTH="22" VPOS="2582" HPOS="267"/>
<String CONTENT="Dec." HEIGHT="39" WIDTH="110" VPOS="2588" HPOS="290"/>
<SP HEIGHT="38" WIDTH="24" VPOS="2588" HPOS="401"/>
<String CONTENT="12," HEIGHT="48" WIDTH="69" VPOS="2586" HPOS="426"/>
<SP HEIGHT="46" WIDTH="23" VPOS="2588" HPOS="496"/>
<String CS="1" CONTENT="1934;" HEIGHT="42" WIDTH="115" VPOS="2585" HPOS="520"/>
<SP HEIGHT="42" WIDTH="25" VPOS="2586" HPOS="661"/>
<String CONTENT="2c." HEIGHT="41" WIDTH="66" VPOS="2586" HPOS="687"/>
<SP HEIGHT="29" WIDTH="26" VPOS="2597" HPOS="754"/>
<String CONTENT="and" HEIGHT="39" WIDTH="95" VPOS="2588" HPOS="781"/>
<SP HEIGHT="39" WIDTH="23" VPOS="2588" HPOS="877"/>
<String CONTENT="aff." HEIGHT="40" WIDTH="80" VPOS="2586" HPOS="901"/>
<SP HEIGHT="40" WIDTH="25" VPOS="2586" HPOS="982"/>
<String CONTENT="Dec." HEIGHT="40" WIDTH="110" VPOS="2586" HPOS="1008"/>
<SP HEIGHT="38" WIDTH="25" VPOS="2587" HPOS="1119"/>
<String CS="1" CONTENT="17;" HEIGHT="39" WIDTH="55" VPOS="2587" HPOS="1145"/>
<SP HEIGHT="41" WIDTH="26" VPOS="2587" HPOS="1228"/>
<!-- cceid 82CD83D3-6D82-1014-B070-FDFD250A9EDA --><String CONTENT="A" HEIGHT="38" WIDTH="43" VPOS="2587" HPOS="1255"/>
<SP HEIGHT="39" WIDTH="22" VPOS="2587" HPOS="1299"/>
<String CS="1" CONTENT="78803;" HEIGHT="42" WIDTH="143" VPOS="2585" HPOS="1322"/>
<SP HEIGHT="47" WIDTH="28" VPOS="2586" HPOS="1492"/>
<String LANG="fr" CONTENT="S." HEIGHT="41" WIDTH="44" VPOS="2586" HPOS="1521"/>
<SP HEIGHT="38" WIDTH="25" VPOS="2588" HPOS="1566"/>
<String CONTENT="M." HEIGHT="38" WIDTH="62" VPOS="2588" HPOS="1592"/>
<SP HEIGHT="38" WIDTH="27" VPOS="2587" HPOS="1655"/>
<String CONTENT="Lockwood," HEIGHT="48" WIDTH="282" VPOS="2586" HPOS="1683"/>
<SP HEIGHT="47" WIDTH="27" VPOS="2587" HPOS="1966"/>
<String CONTENT="Bedford" HEIGHT="40" WIDTH="217" VPOS="2585" HPOS="1994"/>
</TextLine>
<TextLine HEIGHT="48" WIDTH="608" VPOS="2643" HPOS="281" CS="1">
<String CONTENT="Hills," HEIGHT="47" WIDTH="143" VPOS="2644" HPOS="281"/>
<SP HEIGHT="47" WIDTH="30" VPOS="2644" HPOS="425"/>
<String LANG="fr" CONTENT="N." HEIGHT="39" WIDTH="55" VPOS="2644" HPOS="456"/>
<SP HEIGHT="39" WIDTH="30" VPOS="2644" HPOS="512"/>
<String CONTENT="Y." HEIGHT="39" WIDTH="54" VPOS="2644" HPOS="543"/>
<SP HEIGHT="48" WIDTH="68" VPOS="2643" HPOS="598"/>
<String CONTENT="(35-930)" HEIGHT="48" WIDTH="222" VPOS="2643" HPOS="667"/>
<SP/>
</TextLine>
<TextLine HEIGHT="70" WIDTH="1735" VPOS="2744" HPOS="211" STYLEREFS="StyleId-82E2F115-D733-406D-9637-C0BBCC2FA08B-">
<String CONTENT="Lowenstein-Scharffeneck," HEIGHT="66" WIDTH="839" VPOS="2744" HPOS="211"/>
<SP HEIGHT="62" WIDTH="31" VPOS="2748" HPOS="1051"/>
<String CONTENT="Hubertus," HEIGHT="65" WIDTH="326" VPOS="2747" HPOS="1083"/>
<SP HEIGHT="49" WIDTH="29" VPOS="2765" HPOS="1410"/>
<String CONTENT="graf" HEIGHT="67" WIDTH="139" VPOS="2747" HPOS="1440"/>
<SP HEIGHT="67" WIDTH="27" VPOS="2747" HPOS="1580"/>
<String CONTENT="von," HEIGHT="48" WIDTH="132" VPOS="2763" HPOS="1608"/>
<SP HEIGHT="56" WIDTH="34" VPOS="2755" HPOS="1741"/>
<String CONTENT="1906-" HEIGHT="49" WIDTH="170" VPOS="2753" HPOS="1776"/>
</TextLine>
<TextLine HEIGHT="72" WIDTH="1928" VPOS="2821" HPOS="282" STYLEREFS="StyleId-82E2F115-D733-406D-9637-C0BBCC2FA08B-">
<String CONTENT="After" HEIGHT="55" WIDTH="177" VPOS="2821" HPOS="282"/>
<SP HEIGHT="52" WIDTH="47" VPOS="2825" HPOS="460"/>
<String CONTENT="Hitler's" HEIGHT="55" WIDTH="240" VPOS="2822" HPOS="508"/>
<SP HEIGHT="53" WIDTH="49" VPOS="2824" HPOS="749"/>
<String CONTENT="fall;" HEIGHT="67" WIDTH="137" VPOS="2824" HPOS="799"/>
<SP HEIGHT="66" WIDTH="53" VPOS="2825" HPOS="937"/>
<String CONTENT="Germany&#8217;s" HEIGHT="67" WIDTH="336" VPOS="2825" HPOS="991"/>
<SP HEIGHT="35" WIDTH="51" VPOS="2843" HPOS="1328"/>
<String CONTENT="coming" HEIGHT="69" WIDTH="225" VPOS="2824" HPOS="1380"/>
<SP HEIGHT="49" WIDTH="49" VPOS="2844" HPOS="1606"/>
<String LANG="fr" CONTENT="reich," HEIGHT="67" WIDTH="170" VPOS="2824" HPOS="1656"/>
<SP HEIGHT="67" WIDTH="48" VPOS="2824" HPOS="1827"/>
<String CONTENT="by" HEIGHT="67" WIDTH="75" VPOS="2824" HPOS="1876"/>
<SP HEIGHT="65" WIDTH="50" VPOS="2826" HPOS="1952"/>
<String CONTENT="Prince" HEIGHT="53" WIDTH="207" VPOS="2824" HPOS="2003"/>
</TextLine>
<TextLine HEIGHT="148" WIDTH="1968" VPOS="2900" HPOS="215" STYLEREFS="StyleId-82E2F115-D733-406D-9637-C0BBCC2FA08B-" CS="1">
<String CONTENT="Hubertus" HEIGHT="56" WIDTH="292" VPOS="2900" HPOS="215"/>
<SP HEIGHT="51" WIDTH="23" VPOS="2905" HPOS="508"/>
<String CONTENT="Loewenstein" HEIGHT="54" WIDTH="389" VPOS="2903" HPOS="532"/>
<SP HEIGHT="33" WIDTH="31" VPOS="2924" HPOS="922"/>
<String CS="1" CONTENT="&#8230;"/>
<SP HEIGHT="47" WIDTH="33" VPOS="2909" HPOS="1009"/>
<String CONTENT="translated" HEIGHT="52" WIDTH="315" VPOS="2904" HPOS="1043"/>
<SP HEIGHT="53" WIDTH="23" VPOS="2903" HPOS="1359"/>
<String CONTENT="by" HEIGHT="67" WIDTH="77" VPOS="2903" HPOS="1383"/>
<SP HEIGHT="66" WIDTH="25" VPOS="2904" HPOS="1461"/>
<String CONTENT="Denis" HEIGHT="53" WIDTH="178" VPOS="2902" HPOS="1487"/>
<SP HEIGHT="52" WIDTH="24" VPOS="2904" HPOS="1666"/>
<String CONTENT="Waldock." HEIGHT="53" WIDTH="295" VPOS="2903" HPOS="1691"/>
<SP HEIGHT="50" WIDTH="74" VPOS="2904" HPOS="1987"/>
<String CONTENT="London," HEIGHT="143" WIDTH="1967" VPOS="2904" HPOS="216"/>
<SP HEIGHT="65" WIDTH="24" VPOS="2982" HPOS="344"/>
<String CONTENT="Faber" HEIGHT="53" WIDTH="187" VPOS="2980" HPOS="369"/>
<SP HEIGHT="49" WIDTH="24" VPOS="2985" HPOS="557"/>
<String CONTENT="&amp;" HEIGHT="49" WIDTH="46" VPOS="2985" HPOS="582"/>
<SP HEIGHT="51" WIDTH="22" VPOS="2983" HPOS="629"/>
<String CONTENT="Faber," HEIGHT="67" WIDTH="202" VPOS="2981" HPOS="652"/>
<SP HEIGHT="66" WIDTH="22" VPOS="2982" HPOS="855"/>
<String CONTENT="limited" HEIGHT="56" WIDTH="223" VPOS="2980" HPOS="878"/>
<SP HEIGHT="64" WIDTH="32" VPOS="2984" HPOS="1102"/>
<String CS="1" CONTENT="[1934]" HEIGHT="62" WIDTH="151" VPOS="2985" HPOS="1154"/>
</TextLine>
<TextLine HEIGHT="49" WIDTH="553" VPOS="3052" HPOS="285" STYLEREFS="StyleId-82E2F115-D733-406D-9637-C0BBCC2FA08B-" CS="1">
<String CONTENT="xxxvi," HEIGHT="49" WIDTH="164" VPOS="3052" HPOS="285"/>
<SP HEIGHT="48" WIDTH="26" VPOS="3053" HPOS="450"/>
<String CONTENT="281" HEIGHT="42" WIDTH="86" VPOS="3053" HPOS="477"/>
<SP HEIGHT="46" WIDTH="24" VPOS="3055" HPOS="564"/>
<String CONTENT="p." HEIGHT="37" WIDTH="42" VPOS="3064" HPOS="589"/>
<SP HEIGHT="39" WIDTH="59" VPOS="3054" HPOS="632"/>
<String CS="1" CONTENT="19&#189;" HEIGHT="40" WIDTH="56" VPOS="3054" HPOS="692"/>
<String STYLE="superscript" CONTENT="cm" HEIGHT="21" WIDTH="45" VPOS="3056" HPOS="780"/>
<String CONTENT="." HEIGHT="9" WIDTH="9" VPOS="3088" HPOS="829"/>
</TextLine>
<TextLine HEIGHT="54" WIDTH="1992" VPOS="3105" HPOS="217" CS="1">
<String CONTENT="&#169;" HEIGHT="52" WIDTH="51" VPOS="3105" HPOS="217"/>
<SP/>
<String CS="1" CONTENT="1c."/>
<SP HEIGHT="38" WIDTH="24" VPOS="3112" HPOS="359"/>
<String CONTENT="Nov." HEIGHT="39" WIDTH="116" VPOS="3112" HPOS="384"/>
<SP HEIGHT="39" WIDTH="25" VPOS="3112" HPOS="501"/>
<String CONTENT="30," HEIGHT="48" WIDTH="69" VPOS="3111" HPOS="527"/>
<SP HEIGHT="47" WIDTH="21" VPOS="3112" HPOS="597"/>
<String CS="1" CONTENT="1934;" HEIGHT="42" WIDTH="115" VPOS="3109" HPOS="619"/>
<SP HEIGHT="45" WIDTH="26" VPOS="3112" HPOS="761"/>
<!-- cceid 82CE52A6-6D82-1014-B070-FDFD250A9EDA --><String CONTENT="A" HEIGHT="38" WIDTH="41" VPOS="3112" HPOS="788"/>
<SP HEIGHT="39" WIDTH="23" VPOS="3112" HPOS="830"/>
<String LANG="fr" CONTENT="ad" HEIGHT="39" WIDTH="62" VPOS="3112" HPOS="854"/>
<SP HEIGHT="39" WIDTH="23" VPOS="3112" HPOS="917"/>
<String CONTENT="int" HEIGHT="38" WIDTH="85" VPOS="3112" HPOS="941"/>
<SP HEIGHT="39" WIDTH="25" VPOS="3111" HPOS="1027"/>
<String CS="1" CONTENT="19858;" HEIGHT="42" WIDTH="113" VPOS="3109" HPOS="1053"/>
<SP HEIGHT="37" WIDTH="25" VPOS="3121" HPOS="1225"/>
<String CONTENT="pubd." HEIGHT="48" WIDTH="141" VPOS="3110" HPOS="1251"/>
<SP HEIGHT="41" WIDTH="29" VPOS="3110" HPOS="1393"/>
<String CONTENT="Oct." HEIGHT="41" WIDTH="100" VPOS="3110" HPOS="1423"/>
<SP HEIGHT="38" WIDTH="26" VPOS="3111" HPOS="1524"/>
<String CS="1" CONTENT="11;" HEIGHT="39" WIDTH="56" VPOS="3110" HPOS="1551"/>
<SP HEIGHT="46" WIDTH="27" VPOS="3110" HPOS="1634"/>
<String CONTENT="Hubertus" HEIGHT="39" WIDTH="252" VPOS="3110" HPOS="1662"/>
<SP HEIGHT="40" WIDTH="26" VPOS="3109" HPOS="1915"/>
<String CONTENT="Friedrich," HEIGHT="48" WIDTH="267" VPOS="3107" HPOS="1942"/>
</TextLine>
<TextLine HEIGHT="49" WIDTH="1930" VPOS="3166" HPOS="282">
<String CONTENT="prinz" HEIGHT="48" WIDTH="136" VPOS="3167" HPOS="282"/>
<SP HEIGHT="27" WIDTH="30" VPOS="3179" HPOS="419"/>
<String CONTENT="zu" HEIGHT="28" WIDTH="58" VPOS="3179" HPOS="450"/>
<SP HEIGHT="39" WIDTH="31" VPOS="3168" HPOS="509"/>
<String CONTENT="Lowenstein-Wertheim-Freudenburg," HEIGHT="47" WIDTH="976" VPOS="3167" HPOS="541"/>
<SP HEIGHT="45" WIDTH="37" VPOS="3167" HPOS="1518"/>
<String CONTENT="Schloss" HEIGHT="40" WIDTH="193" VPOS="3167" HPOS="1556"/>
<SP HEIGHT="40" WIDTH="33" VPOS="3166" HPOS="1750"/>
<String CONTENT="Neumatson," HEIGHT="42" WIDTH="315" VPOS="3166" HPOS="1784"/>
<SP HEIGHT="41" WIDTH="33" VPOS="3167" HPOS="2100"/>
<String CONTENT="bei" HEIGHT="40" WIDTH="78" VPOS="3166" HPOS="2134"/>
</TextLine>
<TextLine HEIGHT="50" WIDTH="811" VPOS="3224" HPOS="281">
<String CONTENT="Brixlegg," HEIGHT="50" WIDTH="241" VPOS="3224" HPOS="281"/>
<SP HEIGHT="46" WIDTH="30" VPOS="3227" HPOS="523"/>
<String CONTENT="Austria." HEIGHT="41" WIDTH="216" VPOS="3225" HPOS="554"/>
<SP HEIGHT="49" WIDTH="69" VPOS="3225" HPOS="771"/>
<String CONTENT="(35-1804)" HEIGHT="50" WIDTH="251" VPOS="3224" HPOS="841"/>
</TextLine>
<TextLine HEIGHT="70" WIDTH="1001" VPOS="3314" HPOS="211" STYLEREFS="StyleId-A6946504-9B1D-47A3-B8A9-8741C2F194DB-">
<String CONTENT="Louisiana." HEIGHT="55" WIDTH="333" VPOS="3314" HPOS="211"/>
<SP HEIGHT="51" WIDTH="72" VPOS="3318" HPOS="545"/>
<String CONTENT="Laws," HEIGHT="66" WIDTH="184" VPOS="3318" HPOS="618"/>
<SP HEIGHT="48" WIDTH="24" VPOS="3336" HPOS="803"/>
<String CONTENT="statutes," HEIGHT="62" WIDTH="256" VPOS="3322" HPOS="828"/>
<SP HEIGHT="48" WIDTH="27" VPOS="3336" HPOS="1085"/>
<String CONTENT="etc." HEIGHT="48" WIDTH="99" VPOS="3322" HPOS="1113"/>
</TextLine>
<TextLine HEIGHT="303" WIDTH="1994" VPOS="3393" HPOS="212" STYLEREFS="StyleId-82E2F115-D733-406D-9637-C0BBCC2FA08B-" CS="1">
<String CS="1" CONTENT="&#8230;"/>
<SP HEIGHT="55" WIDTH="31" VPOS="3395" HPOS="344"/>
<String CONTENT="Code" HEIGHT="55" WIDTH="151" VPOS="3395" HPOS="376"/>
<SP HEIGHT="33" WIDTH="26" VPOS="3414" HPOS="528"/>
<String CONTENT="of" HEIGHT="54" WIDTH="65" VPOS="3393" HPOS="555"/>
<SP HEIGHT="69" WIDTH="23" VPOS="3393" HPOS="621"/>
<String CONTENT="practice" HEIGHT="67" WIDTH="250" VPOS="3395" HPOS="645"/>
<SP HEIGHT="35" WIDTH="21" VPOS="3411" HPOS="896"/>
<String CONTENT="of" HEIGHT="52" WIDTH="63" VPOS="3394" HPOS="918"/>
<SP HEIGHT="52" WIDTH="23" VPOS="3394" HPOS="982"/>
<String CONTENT="the" HEIGHT="53" WIDTH="94" VPOS="3395" HPOS="1006"/>
<SP HEIGHT="34" WIDTH="26" VPOS="3414" HPOS="1101"/>
<String CONTENT="state" HEIGHT="48" WIDTH="146" VPOS="3399" HPOS="1128"/>
<SP HEIGHT="35" WIDTH="23" VPOS="3413" HPOS="1275"/>
<String CONTENT="of" HEIGHT="54" WIDTH="64" VPOS="3394" HPOS="1299"/>
<SP HEIGHT="52" WIDTH="24" VPOS="3394" HPOS="1364"/>
<String CONTENT="Louisiana," HEIGHT="68" WIDTH="327" VPOS="3393" HPOS="1389"/>
<SP HEIGHT="48" WIDTH="25" VPOS="3413" HPOS="1717"/>
<String CONTENT="edited" HEIGHT="54" WIDTH="191" VPOS="3393" HPOS="1743"/>
<SP HEIGHT="53" WIDTH="21" VPOS="3393" HPOS="1935"/>
<String CONTENT="by" HEIGHT="67" WIDTH="77" VPOS="3393" HPOS="1957"/>
<SP HEIGHT="64" WIDTH="26" VPOS="3396" HPOS="2035"/>
<String CONTENT="Benjamin" HEIGHT="140" WIDTH="1972" VPOS="3396" HPOS="213"/>
<SP HEIGHT="52" WIDTH="35" VPOS="3473" HPOS="394"/>
<String CONTENT="Wall" HEIGHT="53" WIDTH="156" VPOS="3473" HPOS="430"/>
<SP HEIGHT="51" WIDTH="38" VPOS="3475" HPOS="587"/>
<String CONTENT="Dart" HEIGHT="51" WIDTH="150" VPOS="3475" HPOS="626"/>
<SP HEIGHT="46" WIDTH="43" VPOS="3479" HPOS="777"/>
<String CS="1" CONTENT="&#8230;"/>
<SP HEIGHT="33" WIDTH="44" VPOS="3491" HPOS="876"/>
<String CONTENT="annotated" HEIGHT="53" WIDTH="307" VPOS="3473" HPOS="921"/>
<SP HEIGHT="51" WIDTH="37" VPOS="3473" HPOS="1229"/>
<String CONTENT="by" HEIGHT="67" WIDTH="76" VPOS="3473" HPOS="1267"/>
<SP HEIGHT="67" WIDTH="37" VPOS="3473" HPOS="1344"/>
<String CONTENT="George" HEIGHT="67" WIDTH="221" VPOS="3473" HPOS="1382"/>
<SP HEIGHT="52" WIDTH="37" VPOS="3473" HPOS="1604"/>
<String CONTENT="A." HEIGHT="51" WIDTH="71" VPOS="3473" HPOS="1642"/>
<SP HEIGHT="53" WIDTH="36" VPOS="3475" HPOS="1714"/>
<String CONTENT="Wilson" HEIGHT="56" WIDTH="224" VPOS="3472" HPOS="1751"/>
<SP HEIGHT="32" WIDTH="45" VPOS="3492" HPOS="1976"/>
<String CS="1" CONTENT="&#8230;"/>
<SP HEIGHT="33" WIDTH="44" VPOS="3490" HPOS="2079"/>
<String CONTENT="assisted" HEIGHT="111" WIDTH="1971" VPOS="3490" HPOS="212"/>
<SP HEIGHT="51" WIDTH="30" VPOS="3550" HPOS="385"/>
<String CONTENT="by" HEIGHT="67" WIDTH="75" VPOS="3550" HPOS="416"/>
<SP HEIGHT="61" WIDTH="30" VPOS="3556" HPOS="492"/>
<String CONTENT="the" HEIGHT="51" WIDTH="94" VPOS="3552" HPOS="523"/>
<SP HEIGHT="49" WIDTH="32" VPOS="3569" HPOS="618"/>
<String CONTENT="publisher's" HEIGHT="68" WIDTH="338" VPOS="3550" HPOS="651"/>
<SP HEIGHT="34" WIDTH="29" VPOS="3569" HPOS="990"/>
<String CONTENT="editorial" HEIGHT="54" WIDTH="266" VPOS="3550" HPOS="1020"/>
<SP HEIGHT="49" WIDTH="31" VPOS="3555" HPOS="1287"/>
<String CONTENT="staff." HEIGHT="58" WIDTH="151" VPOS="3547" HPOS="1319"/>
<SP HEIGHT="34" WIDTH="72" VPOS="3584" HPOS="1471"/>
<String STYLE="subscript" CONTENT="c" HEIGHT="34" WIDTH="13" VPOS="3584" HPOS="1544"/>
<String CONTENT="1934" HEIGHT="49" WIDTH="136" VPOS="3553" HPOS="1564"/>
<SP HEIGHT="50" WIDTH="29" VPOS="3553" HPOS="1701"/>
<String CONTENT="cumulative" HEIGHT="54" WIDTH="344" VPOS="3549" HPOS="1731"/>
<SP HEIGHT="33" WIDTH="33" VPOS="3569" HPOS="2076"/>
<String CONTENT="annual" HEIGHT="109" WIDTH="1971" VPOS="3569" HPOS="212"/>
<SP HEIGHT="67" WIDTH="43" VPOS="3628" HPOS="347"/>
<String CONTENT="pocket" HEIGHT="67" WIDTH="204" VPOS="3628" HPOS="391"/>
<SP HEIGHT="46" WIDTH="42" VPOS="3635" HPOS="596"/>
<String CONTENT="supplement]" HEIGHT="66" WIDTH="377" VPOS="3630" HPOS="639"/>
<SP HEIGHT="35" WIDTH="91" VPOS="3660" HPOS="1017"/>
<String CONTENT="[Indianapolis]" HEIGHT="68" WIDTH="435" VPOS="3628" HPOS="1109"/>
<SP HEIGHT="64" WIDTH="49" VPOS="3631" HPOS="1545"/>
<String CONTENT="The" HEIGHT="53" WIDTH="121" VPOS="3629" HPOS="1595"/>
<SP HEIGHT="50" WIDTH="44" VPOS="3631" HPOS="1717"/>
<String CONTENT="Bobbs-Merrill" HEIGHT="54" WIDTH="444" VPOS="3627" HPOS="1762"/>
</TextLine>
<TextLine HEIGHT="63" WIDTH="493" VPOS="3708" HPOS="210" STYLEREFS="StyleId-82E2F115-D733-406D-9637-C0BBCC2FA08B-">
<String CONTENT="company," HEIGHT="50" WIDTH="293" VPOS="3721" HPOS="210"/>
<SP HEIGHT="54" WIDTH="22" VPOS="3713" HPOS="504"/>
<String STYLE="superscript" CONTENT="c" HEIGHT="21" WIDTH="23" VPOS="3713" HPOS="527"/>
<String CONTENT="1934." HEIGHT="50" WIDTH="149" VPOS="3708" HPOS="554"/>
</TextLine>
<TextLine HEIGHT="49" WIDTH="521" VPOS="3777" HPOS="280" CS="1">
<String CONTENT="1" HEIGHT="38" WIDTH="26" VPOS="3777" HPOS="280"/>
<SP/>
<String CONTENT="p." HEIGHT="37" WIDTH="41" VPOS="3788" HPOS="333"/>
<SP HEIGHT="37" WIDTH="27" VPOS="3779" HPOS="375"/>
<String CONTENT="l.," HEIGHT="46" WIDTH="44" VPOS="3779" HPOS="403"/>
<SP/>
<String CONTENT="41" HEIGHT="38" WIDTH="57" VPOS="3780" HPOS="472"/>
<SP HEIGHT="46" WIDTH="26" VPOS="3780" HPOS="530"/>
<String CONTENT="p." HEIGHT="36" WIDTH="42" VPOS="3790" HPOS="557"/>
<SP HEIGHT="39" WIDTH="54" VPOS="3779" HPOS="600"/>
<String CS="1" CONTENT="25&#189;" HEIGHT="40" WIDTH="56" VPOS="3779" HPOS="655"/>
<String STYLE="superscript" CONTENT="cm" HEIGHT="21" WIDTH="44" VPOS="3781" HPOS="744"/>
<String CONTENT="." HEIGHT="8" WIDTH="9" VPOS="3811" HPOS="792"/>
</TextLine>
<TextLine HEIGHT="50" WIDTH="1926" VPOS="3833" HPOS="280">
<String CONTENT="This" HEIGHT="41" WIDTH="116" VPOS="3833" HPOS="280"/>
<SP HEIGHT="37" WIDTH="22" VPOS="3845" HPOS="397"/>
<String CONTENT="pamphlet" HEIGHT="46" WIDTH="247" VPOS="3836" HPOS="420"/>
<SP HEIGHT="40" WIDTH="23" VPOS="3835" HPOS="668"/>
<String CONTENT="is" HEIGHT="40" WIDTH="42" VPOS="3835" HPOS="692"/>
<SP HEIGHT="37" WIDTH="22" VPOS="3838" HPOS="735"/>
<String CONTENT="to" HEIGHT="37" WIDTH="49" VPOS="3838" HPOS="758"/>
<SP HEIGHT="39" WIDTH="22" VPOS="3836" HPOS="808"/>
<String CONTENT="be" HEIGHT="40" WIDTH="57" VPOS="3836" HPOS="831"/>
<SP HEIGHT="41" WIDTH="20" VPOS="3835" HPOS="889"/>
<String CONTENT="fitted" HEIGHT="40" WIDTH="140" VPOS="3835" HPOS="910"/>
<SP HEIGHT="39" WIDTH="22" VPOS="3835" HPOS="1051"/>
<String CONTENT="into" HEIGHT="40" WIDTH="102" VPOS="3836" HPOS="1074"/>
<SP HEIGHT="37" WIDTH="23" VPOS="3839" HPOS="1177"/>
<String CONTENT="the" HEIGHT="39" WIDTH="81" VPOS="3837" HPOS="1201"/>
<SP HEIGHT="38" WIDTH="21" VPOS="3845" HPOS="1283"/>
<String CONTENT="pocket" HEIGHT="47" WIDTH="174" VPOS="3836" HPOS="1305"/>
<SP HEIGHT="38" WIDTH="21" VPOS="3838" HPOS="1480"/>
<String CONTENT="at" HEIGHT="38" WIDTH="54" VPOS="3838" HPOS="1502"/>
<SP HEIGHT="38" WIDTH="22" VPOS="3838" HPOS="1557"/>
<String CONTENT="the" HEIGHT="40" WIDTH="83" VPOS="3836" HPOS="1580"/>
<SP HEIGHT="39" WIDTH="21" VPOS="3836" HPOS="1664"/>
<String CONTENT="back" HEIGHT="40" WIDTH="123" VPOS="3835" HPOS="1686"/>
<SP HEIGHT="40" WIDTH="20" VPOS="3835" HPOS="1810"/>
<String CONTENT="of" HEIGHT="40" WIDTH="53" VPOS="3835" HPOS="1831"/>
<SP HEIGHT="40" WIDTH="22" VPOS="3835" HPOS="1885"/>
<String CONTENT="the" HEIGHT="39" WIDTH="84" VPOS="3836" HPOS="1908"/>
<SP HEIGHT="30" WIDTH="19" VPOS="3845" HPOS="1993"/>
<String CONTENT="volume" HEIGHT="41" WIDTH="193" VPOS="3835" HPOS="2013"/>
</TextLine>
<TextLine HEIGHT="51" WIDTH="813" VPOS="3888" HPOS="213">
<String CONTENT="of" HEIGHT="39" WIDTH="49" VPOS="3888" HPOS="213"/>
<SP HEIGHT="42" WIDTH="24" VPOS="3888" HPOS="263"/>
<String CONTENT="the" HEIGHT="39" WIDTH="81" VPOS="3891" HPOS="288"/>
<SP HEIGHT="30" WIDTH="23" VPOS="3900" HPOS="370"/>
<String CONTENT="set" HEIGHT="37" WIDTH="72" VPOS="3894" HPOS="394"/>
<SP HEIGHT="37" WIDTH="26" VPOS="3894" HPOS="467"/>
<String CONTENT="to" HEIGHT="37" WIDTH="52" VPOS="3894" HPOS="494"/>
<SP HEIGHT="29" WIDTH="18" VPOS="3902" HPOS="547"/>
<String CONTENT="which" HEIGHT="40" WIDTH="158" VPOS="3892" HPOS="566"/>
<SP HEIGHT="38" WIDTH="26" VPOS="3893" HPOS="725"/>
<String CONTENT="it" HEIGHT="39" WIDTH="39" VPOS="3893" HPOS="752"/>
<SP HEIGHT="39" WIDTH="25" VPOS="3893" HPOS="792"/>
<String CONTENT="belongs." HEIGHT="46" WIDTH="208" VPOS="3893" HPOS="818"/>
</TextLine>
<TextLine HEIGHT="102" WIDTH="1991" VPOS="3940" HPOS="214" CS="1">
<String CONTENT="&#169;" HEIGHT="52" WIDTH="51" VPOS="3940" HPOS="214"/>
<SP HEIGHT="52" WIDTH="30" VPOS="3940" HPOS="266"/>
<String CONTENT="Dec." HEIGHT="39" WIDTH="110" VPOS="3947" HPOS="297"/>
<SP HEIGHT="40" WIDTH="33" VPOS="3946" HPOS="408"/>
<String CONTENT="29," HEIGHT="49" WIDTH="68" VPOS="3946" HPOS="442"/>
<SP HEIGHT="46" WIDTH="30" VPOS="3949" HPOS="511"/>
<String CONTENT="1934;" HEIGHT="48" WIDTH="140" VPOS="3947" HPOS="542"/>
<SP HEIGHT="46" WIDTH="32" VPOS="3949" HPOS="683"/>
<String CONTENT="2c." HEIGHT="39" WIDTH="66" VPOS="3949" HPOS="716"/>
<SP HEIGHT="39" WIDTH="33" VPOS="3949" HPOS="783"/>
<String CONTENT="Jan." HEIGHT="39" WIDTH="108" VPOS="3949" HPOS="817"/>
<SP HEIGHT="39" WIDTH="31" VPOS="3948" HPOS="926"/>
<String CONTENT="2," HEIGHT="48" WIDTH="40" VPOS="3948" HPOS="958"/>
<SP HEIGHT="47" WIDTH="30" VPOS="3949" HPOS="999"/>
<String CONTENT="1935;" HEIGHT="49" WIDTH="141" VPOS="3947" HPOS="1030"/>
<SP HEIGHT="37" WIDTH="34" VPOS="3959" HPOS="1172"/>
<String CONTENT="aff." HEIGHT="41" WIDTH="81" VPOS="3948" HPOS="1207"/>
<SP HEIGHT="39" WIDTH="32" VPOS="3949" HPOS="1289"/>
<String CONTENT="Dec." HEIGHT="39" WIDTH="110" VPOS="3949" HPOS="1322"/>
<SP HEIGHT="39" WIDTH="31" VPOS="3949" HPOS="1433"/>
<String CONTENT="31," HEIGHT="47" WIDTH="70" VPOS="3949" HPOS="1465"/>
<SP HEIGHT="47" WIDTH="32" VPOS="3949" HPOS="1536"/>
<String CONTENT="1934;" HEIGHT="49" WIDTH="142" VPOS="3947" HPOS="1569"/>
<SP HEIGHT="48" WIDTH="31" VPOS="3948" HPOS="1712"/>
<!-- cceid 82CF19BD-6D82-1014-B070-FDFD250A9EDA --><String CONTENT="A" HEIGHT="39" WIDTH="41" VPOS="3948" HPOS="1744"/>
<SP HEIGHT="41" WIDTH="33" VPOS="3948" HPOS="1786"/>
<String CONTENT="77944;" HEIGHT="50" WIDTH="171" VPOS="3946" HPOS="1820"/>
<SP HEIGHT="47" WIDTH="34" VPOS="3949" HPOS="1992"/>
<String CONTENT="Bobbs-Merrill" HEIGHT="95" WIDTH="1924" VPOS="3947" HPOS="281"/>
<SP HEIGHT="37" WIDTH="26" VPOS="4005" HPOS="467"/>
<String CONTENT="co." HEIGHT="27" WIDTH="67" VPOS="4015" HPOS="494"/>
</TextLine>
</TextBlock>
</PrintSpace>
</Page>
</Layout>
</alto>