2526 4384
1117 4003 99 50 231

176 457 242 56 trations
456 459 112 54 and
608 478 105 36 one
749 459 262 56 hundred
1053 462 111 53 and
1204 460 397 69 seventy-four
1636 463 198 68 tables,
1872 463 298 69 including

175 556 120 34 new
339 537 179 54 tables
563 537 65 53 of
669 537 259 70 prefixes,
974 540 113 53 and
1131 539 247 69 suffixes;
1425 539 99 55 the
1566 541 182 54 tables
1790 540 66 55 of
1898 542 269 66 bacteria,

177 621 249 49 metazoa
473 616 112 53 and
632 621 270 63 protozoa
950 616 342 69 pathogenic
1337 623 62 49 to
1442 635 134 36 man
1624 618 113 54 and
1785 618 260 69 animals,
2092 619 74 68 by

173 693 1994 69 D. H. Bergey … also the international table of the causes
173 772 63 53 of
267 772 187 53 death.
518 772 427 69 Philadelphia,
976 773 67 53 P.
1076 772 379 55 Blackiston’s
1485 793 100 35 son
1617 775 46 51 &
1693 792 98 49 co.,
1824 771 107 57 inc.
1969 808 13 34 [
1986 781 19 22 c
2010 778 151 64 1935]

247 856 133 49 xviii,
412 856 117 41 1538
557 868 41 36 p.
655 857 128 41 illus.
812 856 132 48 (incl.
977 857 172 48 ports.)
1188 856 177 49 diagrs.
1426 858 55 40 25
1484 861 45 22 cm
1534 891 9 8 .

177 924 52 53 ©
256 928 110 40 Feb.
394 927 71 47 28,
493 925 140 49 1935;
660 927 67 40 2c.
756 930 96 38 and
881 927 80 40 aff.
991 929 123 39 Mar.
1142 929 52 45 1;
1225 929 41 38 A
1293 927 170 48 80648;
1494 929 50 38 P.
1575 928 299 40 Blakistons
1904 939 85 29 son
2021 929 36 39 &
2084 939 84 38 co.,

244 984 90 41 inc.
404 984 250 48 (35-3521)

197 1088 222 65 [Goyau,
449 1088 248 54 Juliette
727 1089 325 66 (Heuzey)]
1121 1090 167 52 "Mme.
1323 1088 262 64 Georges
1614 1087 260 65 Goyau.”

302 1164 1867 70 … Une mère qui s’évade, roman. [Paris] E. Flammarion
173 1246 170 65 [1934]

239 1315 268 51 248, [2] p. 18½cm
239 1373 62 42 At
326 1374 124 40 head
475 1373 52 42 of
550 1373 135 42 title:
711 1372 379 51 Jules-Philippe
1114 1372 195 50 Heuzey
1338 1372 178 52 [pseud.]
1567 1372 71 51 (M
1643 1374 56 23 me
1724 1372 208 51 Georges
1960 1373 192 51 Goyau)

171 1441 1935 54 © Dec. 13, 1934; 1c. Dec. 27; A-Foreign 26624; Ernest Flammarion.
254 1501 250 50 (35-2905)

171 1604 303 66 Griswold,
503 1605 199 53 Frank
730 1605 179 65 Gray,
938 1608 173 52 1854-

237 1681 116 52 Fra
382 1680 239 69 Filippo
646 1681 178 68 Lippi
851 1680 384 68 <1406-1469>
1260 1680 78 69 by
1365 1681 65 51 F.
1462 1679 161 70 Gray
1651 1679 305 56 Griswold.
2022 1679 139 54 New

167 1757 177 70 York,
371 1759 269 68 Duttons,
669 1759 128 67 inc.,
830 1761 150 50 1934.

242 1830 787 49 4 p. l., 3-35 p. front. 19½cm.
241 1887 330 49 Frontispiece
597 1886 342 49 accompanied
964 1887 61 47 by
1053 1887 154 47 guard
1235 1886 137 41 sheet
1398 1885 120 42 with
1548 1886 289 48 descriptive
1868 1887 296 49 letterpress.

175 1956 52 53 ©
254 1962 108 38 Dec.
392 1959 69 49 19,
489 1959 139 48 1934;
660 1960 67 40 2c.
756 1960 109 39 Jan.
892 1960 41 47 4,
963 1957 141 49 1935;
1135 1958 81 40 aff.
1247 1959 108 39 Jan.
1385 1958 53 47 2;
1469 1959 41 39 A
1539 1958 169 48 79001;
1743 1960 50 40 F.
1827 1959 52 41 G.
1911 1960 255 48 Griswold,

241 2018 118 40 New
386 2018 144 39 York.
601 2017 250 48 (35-3537)

171 2119 118 53 Der
330 2137 205 47 grosse
578 2120 253 65 Herder;
875 2118 531 68 nachschlagewerk
1447 2117 99 53 für
1587 2119 200 53 wissen
1829 2121 117 51 und
1987 2120 176 52 leben.

238 2202 66 64 4.,
338 2198 181 68 völlig
550 2197 297 53 neubearb.
887 2195 127 55 aufl.
1050 2215 109 33 von
1194 2197 254 54 Herders
1481 2196 680 55 konversationslexikon.

238 2275 47 54 7.
319 2277 91 56 bd.
480 2277 386 52 Konservativ
896 2275 87 54 bis
1011 2273 354 56 Maschinist.
1435 2275 285 68 Freiburg
1752 2276 78 52 im
1864 2276 297 70 Breisgau,

174 2356 226 52 Herder
423 2356 45 50 &
492 2373 80 48 co,
596 2373 53 49 g.
674 2373 70 35 m.
771 2355 53 54 b.
845 2354 53 52 h.
931 2356 172 65 [1933]

239 2424 1923 53 2 p. l., 1694, [2] numb. col. illus. (incl. ports., plans, music) plates
183 2486 132 48 (part
343 2487 100 45 col.,
470 2488 112 45 part
610 2484 197 47 double)
843 2494 137 38 maps
1008 2482 137 49 (part
1170 2483 198 47 double)
1401 2484 181 47 diagrs.
1639 2482 58 40 24½c
1747 2485 30 21 m
1779 2514 8 9 .

171 2551 1991 54 © Dec. 28, 1933;. 1c. Mar. 11, 1935; A-Foreign 27331; Herder & co.,
242 2624 39 37 g.
308 2624 61 29 m.
396 2613 43 40 b.
466 2613 45 39 h.

171 2715 286 65 Harding,
483 2714 259 54 Thomas
766 2715 234 61 Swann,
1029 2717 167 50 1890-

238 2794 119 53 The
382 2793 247 68 popular
653 2789 249 70 practice
925 2789 64 54 of
1014 2789 193 67 fraud,
1230 2789 77 67 by
1331 2790 67 52 T.
1426 2788 212 56 Swann
1662 2790 290 67 Harding.
170 2791 1966 143 London,

330 2870 139 53 New
501 2869 164 53 York
699 2875 138 60 [etc.]
872 2868 343 66 Longmans,
1245 2866 187 55 Green
1465 2866 112 53 and
1610 2884 99 48 co.,
1743 2870 151 50 1935.

242 2943 80 45 vii,
351 2943 87 41 376
462 2953 42 38 p.
562 2942 57 39 22
619 2944 45 21 cm
669 2972 8 9 .

241 3001 163 40 “First
434 2997 225 42 edition.”

243 3054 203 42 “Notes”
476 3058 51 37 at
552 3055 91 40 end
669 3053 51 41 of
744 3053 120 40 each
892 3053 213 47 chapter,
1132 3054 168 45 except
1327 3050 202 49 chapter
1556 3051 149 41 three.

171 3123 52 53 ©
250 3128 108 39 Feb.
387 3126 69 47 20,
483 3124 115 42 1935;
652 3124 67 40 2c.
750 3123 95 40 and
873 3122 82 39 aff.
983 3122 123 38 Mar.
1133 3121 28 39 5;
1215 3121 42 38 A
1283 3119 143 41 79911;
1484 3121 51 38 T.
1568 3120 45 41 S.
1644 3121 236 48 Harding,
243 3122 1902 103 Washington.
408 3180 250 53 (35-3439)

172 3287 272 65 Hawkes,
470 3287 257 53 Herbert
755 3283 226 64 Edwin,
1011 3284 170 53 1872-

242 3356 1918 76 Second-year algebra, by Herbert E. Hawkes … William A.
167 3434 1967 77 Luby … and Frank C. Touton … Boston, New York [etc.]
168 3517 155 55 Ginn
354 3518 113 54 and
500 3533 280 51 company
816 3547 14 35 [
832 3520 20 22 c
857 3516 151 64 1935]

238 3583 949 57 vii, 360, vi p. incl. tables, diagrs. 19½cm.
243 3648 145 40 “This
412 3649 103 39 text
539 3647 42 39 is
604 3656 28 29 a
655 3644 213 42 revision
891 3642 52 41 of
964 3642 82 41 the
1068 3639 128 42 brief
1215 3639 185 41 edition
1423 3639 54 41 of
1498 3641 81 39 the
1603 3640 215 40 authors’
1844 3641 117 41 New
1987 3646 171 40 second

174 3713 167 32 course
368 3705 51 38 in
443 3699 431 51 algebra.”—Pref.

173 3773 52 53 ©
250 3777 107 39 Jan.
383 3775 71 47 21,
480 3773 113 41 1935;
648 3772 67 40 2c.
743 3771 109 40 Feb.
880 3770 58 40 16;
992 3769 82 40 aff.
1102 3768 110 39 Feb.
1239 3768 58 39 15;
1350 3768 42 38 A
1418 3767 144 40 79664;
1617 3769 60 39 H.
1707 3770 52 39 E.
1788 3771 225 49 Hawkes,
2043 3774 117 38 New

241 3834 143 45 York,
413 3830 218 42 William
658 3830 52 38 A.
741 3829 150 45 Luby,
919 3827 198 38 Kansas
1144 3825 124 47 City,
1299 3825 107 44 Mo.,
1434 3825 94 38 and
1560 3825 164 39 Frank
1754 3827 48 40 C.
1833 3828 203 48 Touton,
2067 3830 93 40 Los

242 3891 219 47 Angeles.
524 3885 282 51 [Copyright
832 3884 43 39 is
904 3882 205 41 claimed
1136 3892 61 30 on
1227 3881 233 46 complete
1490 3881 210 41 revision
1730 3884 55 38 of
1813 3884 143 40 “New
1988 3885 172 40 second

243 3958 168 29 course
433 3945 51 39 in
508 3941 224 51 algebra”]
820 3937 249 47 (35-3528)
