2568 4342
1338 4072 64 53 72

444 525 362 48 205 p. 19 ½ cm .
383 593 51 51 ©
470 598 108 38 Jan.
612 595 69 49 29,
716 595 113 42 1935;
891 597 65 39 2c.
991 597 96 39 and
1123 595 81 41 aff.
1241 596 109 39 Feb.
1384 596 53 47 1;
1474 596 41 39 A
1551 594 169 49 79470;
1759 597 44 39 J.
1840 597 43 40 J.
1919 598 179 47 Meyer,
2133 597 116 39 New
450 597 1905 103 Rochelle,
646 654 53 39 N.
731 654 53 39 Y.
855 652 251 50 (38-1690)

379 757 208 65 Miller,
616 758 221 53 Robert
867 758 224 63 Henry.

451 834 122 52 The
603 833 105 53 life
737 835 310 67 portrayed
1077 834 60 51 in
1167 833 98 52 the
1296 831 241 56 Sermon
1568 851 72 35 on
1671 834 98 52 the
1797 833 224 68 Mount,
2051 833 78 69 by
2160 832 216 55 Robert

378 910 1779 70 Henry Miller … Boston, W. A. Wilde company [ c 1934]
445 981 683 50 215 p. col. front. 19 ½ cm .
384 1051 52 53 ©
463 1056 125 49 Sept.
613 1055 203 49 4,1934;
842 1056 66 41 2c.
933 1055 108 41 Jan.
1066 1053 70 51 23,
1161 1053 141 50 1935;
1331 1054 83 42 aff.
1439 1055 108 41 Jan.
1574 1054 82 50 22;
1684 1056 44 40 A
1749 1055 170 49 80139;
1946 1057 70 41 W.
2045 1056 55 41 A.
2126 1054 157 44 Wilde
2306 1065 68 33 co.

462 1112 248 50 (35-1679)

379 1214 284 67 Millikan,
690 1217 220 53 Robert
937 1216 308 65 Andrews,
1274 1220 172 51 1868-

381 1294 1968 132 Electrons (+ and – ), protons, photons, neutrons, and cosmic
523 1371 1852 69 rays, by Robert Andrews Millikan … Chicago, Ill., The
379 1449 334 68 University
741 1450 64 53 of
833 1450 252 67 Chicago
1113 1469 157 48 press
1304 1452 172 66 [1935]

451 1535 44 35 X,
526 1523 88 40 492
642 1534 41 37 p.
715 1524 109 39 incl.
854 1524 144 47 illus.,
1031 1534 76 37 pl.,
1140 1523 178 48 diagrs.
1377 1525 170 46 plates.
1610 1522 54 41 19
1667 1525 45 23 cm
1716 1554 8 7 .
1799 1522 298 50 (Half-title:
2130 1523 104 40 The
380 1523 1979 104 University
591 1580 53 39 of
671 1580 207 48 Chicago
908 1578 184 42 science
1121 1579 175 50 series)

450 1637 101 40 The
585 1638 175 39 author
794 1638 89 38 has
917 1638 116 39 here
1066 1637 188 40 revised
1289 1636 80 40 his
1399 1637 182 39 former
1617 1636 135 41 work
1786 1636 204 40 entitled
2026 1637 101 39 The
2163 1637 213 39 electron

381 1694 95 39 and
503 1695 156 38 added
683 1694 76 39 six
786 1704 105 29 new
918 1695 238 46 chapters,
1241 1693 31 48 cf.
1300 1694 128 39 Pref.

383 1746 52 52 ©
469 1751 107 39 Jan.
612 1750 38 47 8,
683 1749 141 48 1935;
857 1750 67 40 2c.
959 1752 95 39 and
1089 1748 81 42 aff.
1206 1751 109 39 Jan.
1350 1750 81 48 10;
1467 1750 45 39 A
1541 1749 170 47 78956;
1749 1748 282 49 University
2065 1750 54 40 of
2151 1749 224 48 Chicago,

451 1807 221 48 Chicago.
743 1807 251 50 (35-1781)

378 1908 280 69 Mitchell,
685 1910 205 54 James
914 1911 208 64 Leslie,
1154 1916 168 50 1901-

449 1987 123 52 The
608 1992 266 63 conquest
913 1986 66 55 of
1015 1988 97 52 the
1152 1986 194 70 Maya,
1385 1986 76 70 by
1502 1986 57 54 J.
1597 1985 187 54 Leslie
1822 1984 290 68 Mitchell;
2159 1984 140 53 with
2340 2003 31 35 a

380 2062 1991 71 foreword by Professor G. Elliott Smith … New York, E. P.
377 2140 221 54 Dutton
627 2144 46 50 &
700 2160 99 50 co.,
828 2143 109 52 inc.
973 2174 13 35 [
991 2148 18 22 c
1014 2144 153 65 1935]

447 2212 84 41 279
558 2225 44 37 p.
631 2214 109 41 incl.
769 2214 164 49 front.,
964 2215 127 40 illus.
1150 2214 172 49 plates.
1380 2212 58 41 22½
1470 2215 45 22 cm
1517 2244 9 10 .

448 2268 137 50 Maps
616 2282 60 29 on
706 2271 362 49 lining-papers.

449 2326 162 42 “First
641 2327 228 42 edition.”

451 2381 292 43 “Reference
771 2383 365 49 bibliography”;
1194 2393 45 40 p.
1269 2382 217 42 271-273.

383 2436 50 52 ©
461 2442 107 38 Jan.
598 2442 69 47 25,
695 2440 113 42 1935;
865 2442 65 40 2c.
961 2443 108 39 Jan.
1098 2442 58 39 26;
1212 2442 81 40 aff.
1323 2443 108 39 Jan.
1461 2442 56 40 28;
1575 2442 44 39 A
1645 2442 146 41 80238;
1846 2443 51 38 E.
1928 2442 49 38 P.
2008 2442 188 40 Dutton
2226 2442 38 40 &
2291 2451 81 38 co.,

447 2497 91 42 inc.
608 2498 250 49 (35-1791)

378 2601 252 65 Morton,
659 2603 252 52 Edward
939 2603 205 64 Perry.

447 2676 267 54 Business
742 2678 111 52 law
882 2677 65 54 of
974 2682 281 49 contracts
1288 2678 114 53 and
1433 2678 142 53 sales
1605 2677 78 70 by
1713 2695 167 51 cases,
1909 2676 76 69 by
2016 2676 255 53 Edward
2303 2676 65 52 P.

379 2751 1991 74 Morton … and Byron R. Bentley … Cincinnati,, New York
380 2830 1527 72 [etc.] South-western publishing company [ c 1935]
448 2912 78 38 XX,
553 2904 86 40 435
664 2914 44 37 p.
766 2903 55 40 22
827 2907 44 21 cm
874 2936 9 9 .

381 2957 51 51 ©
460 2962 108 39 Jan.
596 2962 69 47 18,
691 2962 140 48 1935;
859 2963 65 40 2c.
953 2964 99 40 and
1077 2963 82 41 aff.
1188 2964 108 39 Jan.
1324 2964 83 47 23;;
1436 2964 41 39 A
1504 2962 170 48 79344;
1705 2964 51 38 E.
1786 2964 50 38 P.
1865 2963 193 39 Morton
2087 2962 95 40 and
2208 2962 164 47 Byron

448 3018 54 39 R.
530 3020 217 47 Bentley,
773 3020 96 40 Los;
890 3020 218 48 Angeles.
1181 3019 250 49 (35-1647)

379 3118 259 67 Nathan,
669 3122 226 64 George
921 3124 167 62 Jean,
1119 3128 170 49 1882-

452 3195 241 69 Passing
732 3194 345 73 judgments,
1118 3199 75 69 by
1235 3196 217 70 George
1495 3197 145 54 Jean
1685 3197 247 53 Nathan.
2007 3195 138 53 New
2192 3194 177 70 York,

388 3273 62 51 A.
481 3272 69 53 A.
581 3272 222 69 Knopf,
835 3276 149 52 1935.

447 3346 707 52 5 p. l., 3-271, [1] p. 191 cm .
448 3403 200 40 Critical
681 3414 164 37 essays
879 3415 60 30 on
972 3405 82 41 the
1084 3409 368 46 contemporary
1485 3406 258 40 American
1773 3407 194 40 theater
1997 3406 97 40 and
2125 3406 184 39 drama.

447 3459 160 40 “First
641 3460 224 40 edition.”

381 3510 50 52 ©
463 3516 108 38 Jan.
600 3517 38 44 7,
669 3515 117 41 1935;
839 3517 66 39 2:c.
936 3518 95 39 and
1062 3518 80 38 aff.
1174 3519 108 39 Jan.
1314 3519 51 47 8;
1398 3519 43 39 A
1469 3518 170 47 80243;
1674 3518 52 40 G.
1758 3519 42 39 J.
1832 3519 212 45 Nathan,
2075 3517 117 39 New
2221 3515 144 41 York.

454 3571 249 50 (35-1614)

373 3673 258 65 Nichols,
661 3674 156 54 Leon
846 3675 237 64 Nelson,
1115 3682 170 50 1868-

507 3749 1853 72 … Bony of Wilmurt, by L. Nelson Nichols; drawings by
376 3823 204 55 Calvin
605 3825 234 69 Ashley,
866 3826 71 68 jr.
1001 3826 83 55 St.
1111 3828 182 53 Johns
1300 3829 149 68 ville,
1475 3830 70 52 N.
1572 3830 92 68 Y.,
1690 3830 337 67 Enterprise
2052 3831 113 51 and
2191 3847 168 49 news,

375 3904 149 52 1934.

444 3973 57 41 19
523 3985 43 37 p.
618 3974 126 40 illus.
797 3973 56 40 23
857 3976 44 21 cm
904 4006 9 9 .
976 3975 166 48 (Tales
1165 3977 54 39 of
1239 3977 83 41 the
1344 3978 135 46 early
1496 3977 233 41 Mohawk
1753 3978 179 48 region,
1982 3986 78 32 no.
2082 3976 53 50 3)
