2424 4375
1088 4016 98 52 725

142 420 425 65 Saint-Mandé,
596 420 265 55 Wilfred.

214 497 86 51 No
333 503 350 60 repentance,
717 496 71 67 by
821 494 250 53 Wilfred
1106 493 419 54 Saint-Mande.
1598 492 257 67 London,
1887 492 65 51 L.
146 491 1957 151 Williams,
356 576 149 49 1935.

215 657 83 40 582
327 668 43 37 p.
429 657 56 39 22
488 658 44 22 cm
537 689 9 8 .

146 728 1968 108 © 1c. Apr. 2, 1935; A ad int. 20084; pubd. Feb. 5; Henry Parkyn Lamont, Wycombe, Bucks, England. (35-8295)
150 890 269 67 [Salmon,
451 890 310 55 Geraldine
791 891 251 64 Gordon]
1078 893 167 52 1897-

214 969 120 52 The
377 969 215 65 Flying
635 967 262 53 Palatine
940 968 113 52 and
1098 968 161 52 other
1302 967 216 63 stories,
1562 966 72 66 by
1679 966 57 54 J.
1781 965 70 55 G.
1898 965 232 55 Sarasin

169 1046 208 66 [pseud.]
446 1044 258 65 London,
732 1044 364 53 Hutchinson
1124 1047 45 49 &
1197 1063 97 47 co.,
1321 1044 106 53 ltd.
1478 1047 153 62 [1935]

212 1117 84 41 288
327 1129 42 37 p.
432 1117 54 40 19½
519 1119 42 21 cm
567 1149 7 8 .

146 1185 1985 52 © 1c. May 17, 1935; A ad int. 20225; pubd. Mar. 21; G. G. Salmon,
214 1246 337 47 Harbledown,
576 1245 316 47 Canterbury,
917 1243 234 49 England.
1223 1242 250 51 (35-8106)

144 1346 235 66 Smiley,
410 1349 162 51 Dean
605 1347 298 64 Franklin,
936 1353 171 50 1895-

213 1425 120 53 The
366 1425 310 66 principles
715 1426 111 52 and
864 1424 246 68 practice
1147 1424 63 54 of
1245 1425 260 66 hygiene,
1541 1424 75 66 by
1651 1424 162 52 Dean
1850 1423 282 52 Franklin

147 1500 1984 68 Smiley … and Adrian Gordon Gould … and Elizabeth Melby
205 1577 1927 66 … New 2d ed. with corrections and additions. New York,
145 1655 118 53 The
291 1655 333 53 Macmillan
655 1673 293 49 company,
980 1658 150 51 1935.

213 1751 77 37 xv,
318 1741 86 41 495
434 1752 44 38 p.
537 1741 163 43 front.,
732 1743 140 42 illus.,
906 1742 102 41 fold.
1054 1753 76 37 pl.,
1162 1742 194 49 diagrs.,
1387 1742 168 40 forms.
1584 1741 49 46 (2
1663 1741 144 48 fold.)
1874 1740 56 40 22½
1962 1744 45 21 cm
2011 1774 8 8 .

215 1797 237 50 Designed
485 1799 257 47 especially
773 1799 78 41 for
880 1809 185 31 nurses.

216 1853 430 51 “Supplementary
681 1854 228 50 reading”
945 1858 52 38 at
1032 1855 92 41 end
1158 1855 52 40 of
1243 1858 125 38 most
1403 1855 52 40 of
1489 1856 81 40 the
1605 1856 240 48 chapters.

147 1924 52 52 ©
222 1928 114 47 May
361 1927 68 47 21,
456 1926 112 41 1935;
624 1927 65 40 2c.
719 1929 95 37 and
841 1927 81 39 aff.
950 1928 113 46 May
1089 1925 54 40 22;
1200 1927 42 38 A
1267 1926 142 40 83255;
1466 1925 281 41 Macmillan
1774 1937 67 29 co.

226 1984 248 48 (35-7882)

147 2083 210 68 Smith,
385 2087 251 52 Edward
666 2085 260 66 Francis,
956 2092 170 49 1891-

217 2164 316 67 Baptismal
567 2166 109 51 and
709 2163 393 54 confirmation
1130 2183 209 47 names,
1369 2163 332 69 containing
1728 2166 61 51 in
150 2163 1958 129 alphabetical
260 2242 165 52 order
452 2243 92 53 the
572 2261 189 34 names
790 2243 62 51 of
879 2245 176 51 saints
1080 2242 140 52 with
1248 2243 173 52 Latin
1450 2243 111 52 and
1589 2243 235 52 modern
1852 2243 280 67 language

148 2321 361 65 equivalents,
538 2321 324 52 nicknames.
908 2321 151 52 brief
1088 2320 340 69 biography,
1458 2319 448 69 representation
1936 2321 59 52 in
2028 2329 106 58 art,

149 2398 109 52 and
296 2399 432 67 pronunciation;
801 2399 138 52 with
978 2418 31 32 a
1047 2399 157 65 daily
1242 2398 264 53 calendar
1544 2399 63 52 of
1645 2399 176 53 feasts
1861 2399 106 53 and
2011 2400 122 52 lists

152 2475 62 51 of
251 2479 204 64 patron
493 2477 195 65 saints,
727 2477 71 67 by
838 2477 251 53 Edward
1126 2479 63 51 F.
1232 2477 204 56 Smith.
1512 2479 138 51 New
1689 2477 179 63 York,
150 2477 1956 129 Cincinnati
299 2558 136 63 [etc.]
472 2554 276 68 Benziger
777 2556 272 63 brothers,
1080 2559 149 49 1935.

221 2624 441 48 viii, 280 p. 19 cm .
219 2681 344 47 Bibliography:
626 2693 40 36 p.
699 2683 59 37 vi.

152 2751 52 52 ©
225 2754 111 48 Apr.
363 2753 68 48 29,
457 2753 116 41 1935;
624 2754 64 40 2c.
719 2756 113 46 May
858 2755 52 39 17;
967 2754 81 40 aff.
1077 2756 114 46 May
1217 2754 54 39 16;
1327 2755 41 38 A
1394 2754 146 41 81865;
1594 2753 234 49 Benziger
1853 2756 124 39 bros.

229 2811 247 48 (35-7834)

151 2912 183 53 South
377 2913 268 54 Carolina
688 2915 111 50 and
842 2914 181 54 South
1064 2919 218 47 eastern
1321 2914 202 67 digest,
1562 2916 267 66 covering
1869 2916 76 50 all
1986 2932 149 34 cases

219 2993 260 65 reported
515 2992 58 51 in
611 2992 179 53 South
830 2991 266 55 Carolina
1131 2996 239 63 reports,
1407 2992 182 54 South
1624 2997 220 48 eastern
1879 2996 255 63 reporter

223 3070 109 51 and
378 3072 224 50 various
649 3076 219 61 reports
912 3070 63 52 of
1020 3071 166 53 south
1231 3074 222 49 eastern
1494 3075 173 49 states
1713 3070 152 53 from
1908 3070 227 54 earliest

218 3147 178 62 times,
436 3149 138 50 with
616 3154 224 46 current
882 3148 343 52 cumulative
1264 3148 204 68 pocket
1505 3148 212 53 service
1753 3147 247 68 keeping
2039 3149 95 52 the

222 3224 1910 69 digest always to date … By the publisher’s editorial staff.
220 3319 48 35 v.
298 3306 180 49 19-28.
543 3304 81 54 St.
653 3307 164 63 Paul,
841 3307 158 52 West
1024 3304 334 67 publishing
1384 3324 78 33 co.
1495 3338 11 33 [
1513 3311 16 21 c
1536 3308 149 63 1935]

222 3374 58 39 10
299 3386 40 28 v.
399 3376 55 40 26
457 3379 44 20 cra
505 3408 9 8 .

223 3430 71 40 On
317 3443 137 29 cover:
507 3433 111 40 1783
646 3435 48 37 to
718 3435 127 38 date.

491 3500 107 29 CONTENTS.—v.
637 3488 70 41 19.
751 3490 782 47 Innkeepers-Interpleader.—v.
1570 3488 71 41 20.
1682 3487 331 51 Intoxicating

154 3489 1963 103 liquors-Judgment.
587 3569 59 5 —
663 3557 48 29 v.
752 3544 75 42 21.
869 3546 211 39 Judicial
1127 3547 430 39 sales-Lewdness.
1574 3568 60 5 —
1649 3556 45 29 v.
1742 3545 72 40 22.
1861 3546 134 40 Libel
2041 3547 97 39 and

155 3600 468 42 slander-Maritime
660 3603 241 40 liens.—v.
945 3602 71 41 23.
1061 3602 461 48 Marriage-Master
1564 3604 95 38 and
1702 3604 318 39 servant.—v.
2063 3602 71 41 24.

154 3656 583 47 Mayhem-Motions.—v.
781 3658 74 41 25.
898 3659 264 48 Municipal
1207 3659 806 48 corporations-Newspapers.—v.
2061 3658 71 41 26.

154 3712 114 40 New
319 3714 504 48 trial-Payment.—v.
873 3715 71 40 27.
996 3714 522 49 Pennlties-Principal
1573 3717 95 37 and
1722 3718 286 44 surety.—v.
2062 3713 72 42 28.

156 3768 342 43 Prisons-Real
525 3775 200 36 actions.

154 3847 42 29 v.
221 3837 68 48 19,
312 3838 70 49 20,
406 3835 53 53 ©
488 3843 112 45 May
626 3842 38 44 1,
693 3841 112 40 1935;
862 3853 40 28 v.
931 3841 68 46 21,
1026 3841 70 47 22,
1123 3838 52 52 ©
1202 3843 114 45 May
1343 3840 25 39 2;
1426 3852 41 28 v.
1493 3841 69 46 23,
1592 3837 52 52 ©
1672 3843 112 45 May
1810 3842 24 39 3;
1893 3853 42 27 v.
1962 3841 69 46 24,
2059 3841 70 41 25,

221 3890 51 52 ©
298 3896 111 46 May
434 3896 81 47 24;
547 3909 41 27 v.
615 3897 157 46 26-28,
800 3894 52 52 ©
877 3899 114 46 May
1018 3898 58 39 27;
1127 3898 65 40 2c.
1221 3898 117 39 each
1367 3898 95 39 and
1489 3897 107 40 affs.
1625 3897 125 40 June
1778 3898 56 38 17;
1892 3898 39 38 A
221 3895 1913 96 83630-83639;
414 3953 136 40 West
573 3955 107 46 pub.
709 3964 66 29 co.
