2424 4375
1253 4089 133 41 139U

359 452 245 69 [Vogau,
633 454 172 53 Boris
833 453 391 68 Andreevich]
1263 461 171 49 1894-

425 530 146 52 Ivan
611 530 265 68 Moscow,
916 531 76 68 by
1033 531 169 56 Boris
1243 532 235 53 Pilniak
1541 533 214 68 [pseud.]
1801 534 316 56 translated
2157 536 76 67 by
2274 537 72 54 A.

356 606 1991 75 Schwartzman … Boston, The Christopher publishing house
376 691 176 64 [ c 1935]
423 759 57 41 92
509 770 42 38 p.
611 758 119 42 21cm.

352 826 53 54 ©
439 830 116 49 July
588 830 70 48 30,
693 830 141 46 1935;
870 830 65 40 2c.
969 831 116 48 July
1118 831 83 46 31;
1239 830 82 40 aff.
1355 831 121 48 Aug.
1511 831 53 47 1;
1601 831 40 39 A
1676 831 170 47 84806;
1885 831 318 49 Christopher
2238 834 106 47 pub.

421 889 163 39 house.
655 886 279 49 (35-18689)

350 991 276 64 Wagner,
654 989 277 67 Richard,
962 996 326 51 1813-1883.

345 1065 1972 148 Lettres françaises de Richard Wagner, recueillies et publiées par Julien Tiersot. Paris, B. Grasset [ c 1935]
416 1217 26 40 3
467 1228 41 38 p.
570 1248 8 10 l..
623 1216 174 51 [9]-414,
827 1216 54 51 [2]
909 1227 45 38 p.
1012 1216 149 42 front.
1190 1216 171 49 (port.)
1398 1216 129 41 illus.
1557 1216 132 50 (inch
1717 1216 178 49 music)
1929 1218 190 41 facsim.
2175 1218 116 46 21cm.

417 1273 217 42 Portrait
660 1284 61 30 on
748 1284 152 31 cover.

417 1330 323 41 “Documents
765 1332 49 39 et
841 1329 222 42 sources”:
1119 1339 45 40 p.
1193 1350 11 31 [
1206 1329 178 51 21]-24.

349 1402 1997 59 © Apr. 30, 1935; 1c. Aug. 21; A- Foreign 28666'; Éditions Bernard
419 1468 213 40 Grasset.
703 1466 280 49 (35-18410)

345 1570 218 65 Welfle,
591 1570 257 54 Richard
875 1569 73 55 A.

419 1648 123 52 The
571 1647 201 53 ruined
803 1646 226 68 temple,
1056 1645 77 68 by
1162 1645 251 55 Richard
1447 1645 72 54 A.
1549 1644 220 69 Welfle,
1829 1689 11 11 S.
1908 1688 11 11 J.
1994 1646 138 54 New
2166 1646 177 57 York,

350 1725 328 55 Cincinnati
731 1729 120 63 [etc.]
882 1721 282 71 Benziger
1188 1723 279 69 brothers,
1494 1727 151 51 1935.

411 1797 716 50 ix, 11-248 p.. front. 19 ½cm .
347 1865 53 54 ©
426 1871 120 47 Aug.
576 1869 71 47 26,
675 1868 114 41 1935;
846 1867 66 42 2c.
945 1868 128 48 Sept.
1100 1867 60 41 30;
1216 1867 83 41 aff.
1329 1867 128 49 Sept.
1486 1867 59 41 27;
1599 1868 41 39 A
1669 1868 142 40 87323;
1871 1867 234 50 Benziger
2134 1869 123 40 bras.

425 1925 280 49 (35-17390)

346 2030 182 64 West,
558 2029 333 55 Alvaretta.

416 2105 304 70 Signposts
747 2112 58 47 to
831 2105 178 55 music;
1066 2125 71 33 an
1166 2104 303 70 exploring
1494 2104 327 69 expedition
1849 2104 94 54 for
1968 2107 230 53 student
2224 2106 109 52 and

343 2183 1929 71 teacher, by Alvaretta West … foreword by Russell Morgan …
344 2262 290 70 drawings
670 2263 77 68 by
783 2263 147 55 Jean
969 2262 232 68 Dayton
1242 2263 174 54 West.
1492 2262 138 53 New
1671 2261 179 69 York,
1891 2264 233 66 Boston,
2163 2263 169 53 Mass.

367 2340 853 69 [etc.] C. Fischer, inc. [ c 1935]
415 2414 64 49 ix,
509 2414 85 40 122
623 2424 43 38 p.
725 2412 129 42 illus.
912 2413 56 41 23½
1000 2416 45 21 cm
1050 2445 9 9 .

416 2471 134 41 “List
585 2471 52 41 of
671 2481 119 38 song
824 2471 148 39 books
1009 2471 116 40 used
1164 2479 54 31 as
1257 2468 328 42 references”:
1625 2480 42 38 p.
1706 2469 97 41 120.
1870 2469 375 50 “Bibliography
2283 2471 51 41 of

344 2527 134 43 titles
507 2527 215 42 referred
750 2530 48 38 to
824 2528 48 39 in
900 2526 281 49 readings”:
1210 2538 41 37 p.
1281 2527 215 40 121-122.

342 2597 54 53 ©
423 2601 119 48 Aug.
571 2600 70 47 23,
671 2599 112 41 1935;
842 2599 66 41 2c.
936 2599 120 48 Aug.
1086 2598 60 41 26;
1201 2598 80 41 aff.
1313 2599 120 48 Aug.
1462 2598 57 40 24;
1578 2600 43 38 A
1649 2599 146 41 86070;
1854 2599 113 41 Carl
1999 2599 213 48 Fischer,
2242 2599 90 41 inc.

421 2656 280 50 (35-17224)

339 2757 265 64 Whalen,
633 2757 245 66 Donald,
912 2763 170 49 1899-

336 2830 1967 149 … The value of testimonial evidence in matrimonial procedure; an historical synopsis
1325 2907 1000 72 and commentary … by Donald
337 2984 1989 72 Whalen … Washington, D. C., The Catholic university of
335 3064 283 69 America,
648 3067 149 51 1935.

406 3136 102 50 xiii,
540 3136 86 43 297
657 3147 30 38 p
760 3136 115 41 23cm.
946 3136 123 49 (The
1100 3135 221 42 Catholic
1352 3135 271 48 university
1653 3136 54 41 of
1736 3134 236 43 America.
2035 3135 165 42 Canon
2232 3134 93 42 law

337 3194 199 48 studies,
565 3204 76 31 no.
668 3192 79 49 99)

404 3249 172 42 Thesis
612 3251 62 48 (J.
732 3281 8 10 C.
799 3249 325 46 D.)—Catholic
1150 3248 272 49 university
1446 3248 52 41 of
1524 3247 235 50 America,
1785 3247 129 44 1935.

407 3305 127 42 Vita.

404 3360 347 51 Bibliography:
811 3372 43 39 p.
882 3362 216 41 269-279.

339 3428 52 53 ©
426 3434 115 47 July
576 3435 39 44 7,
649 3434 140 42 1935;
827 3435 66 39 2c.
930 3435 125 39 June
1090 3434 82 46 18;
1209 3434 80 39 aff.
1327 3435 119 47 Aug.
1480 3434 53 43 9;
1571 3435 41 39 A
1646 3435 169 45 85444;
1854 3433 221 43 Catholic
2112 3433 126 42 univ.
2274 3433 48 39 of

409 3489 235 41 America.
716 3490 277 47 (35-17321)

336 3591 294 65 Whately,
659 3595 212 62 Roger.

405 3665 122 53 The
567 3666 187 55 Silver
794 3668 203 66 streak,
1039 3687 27 33 a
1109 3686 187 35 screen
1336 3667 134 69 play
1509 3668 74 68 by
1624 3668 189 67 Roger
1853 3667 284 68 Whately,
2177 3665 142 56 Jack

337 3741 318 54 O’Donnell
699 3746 111 51 and
855 3744 74 52 H.
978 3744 85 53 W.
1108 3745 369 66 Hanemann;
1524 3744 244 68 original
1812 3749 157 64 story
2014 3744 74 69 by
2134 3744 185 68 Roger

336 3820 295 67 Whately;
671 3820 285 67 produced
997 3839 60 35 as
1097 3839 29 33 a
1166 3822 214 52 motion
1421 3822 219 65 picture
1679 3820 75 68 by
1793 3820 167 53 RKO
2001 3821 161 52 radio
336 3819 1957 134 pictures,
534 3897 107 51 inc.
715 3897 111 53 Los
858 3897 259 67 Angeles,
1146 3897 526 66 Haskell-Travers,
1704 3899 149 50 1935.

380 3963 806 56 v 268 p. front., plates. 20½cm.
