2424 4375
1214 4057 135 49 2112

361 501 273 40 Contents.
637 523 58 5 —
699 500 294 47 Einleitung,
1038 510 93 31 von
1176 502 54 39 A.
1279 502 48 38 F.
1378 501 227 41 Gohrs.—
1609 503 69 39 Lut
1706 504 88 37 her
1839 503 95 39 und
1982 503 77 41 die
2104 503 179 48 seinen,

290 558 178 45 gemalt
510 566 91 31 von
644 557 155 39 Lucas
841 556 221 41 Cranach
1104 558 42 39 d.
1187 557 198 41 ä.—Die
1426 557 424 47 wittenbergische
1888 558 283 49 nachtigall,
291 570 1983 83 gedieht
452 624 91 29 von
570 615 142 38 Hans
737 613 508 46 Sachs.—Erzählung
1267 624 91 29 von
1387 615 106 39 dem
1520 615 137 39 leben
1684 616 95 39 und
1808 616 93 39 den
1927 618 138 38 taten
2088 617 44 41 d.
291 618 1977 92 Martin
408 671 222 43 Luthers,
677 681 93 29 von
816 670 196 48 Philipp
1055 671 631 40 Melanchthon.—Luthers
1733 672 197 49 heimat,
1976 672 172 48 photos
2194 683 95 30 von

292 727 183 40 Martin
495 725 580 42 Hürlimann.—Stimme
1090 728 85 38 der
1194 726 94 41 zeit
1306 739 8 28 :
1372 728 214 40 Luthers:
1601 728 320 48 erscheinung
1948 728 337 48 (Mosellanus,

290 784 255 45 Aleander,
577 784 111 41 Sixt
714 784 234 46 Ölhafen)
1017 784 214 40 Huttens
1260 785 158 40 zuruf.
1476 785 90 39 Die
1596 785 193 40 stimme
1819 786 84 40 des
1932 790 196 44 papstes
2168 786 120 47 (Leo

289 852 60 36 X.,
381 841 222 40 Hadrian
696 841 14 48 VI)
778 840 93 41 Die
898 840 179 41 urteile
1104 842 83 39 des
1217 842 238 39 Erasmusi
1483 852 90 29 von
1608 842 300 40 Rotterdam.
1969 843 100 39 Aus
2102 842 188 41 Dürers

290 897 380 49 reisetagebuch.
731 899 292 48 Begegnung
1054 897 88 41 mit
1177 897 216 40 “Junker
1425 896 146 50 Jörg”
1615 899 131 47 (Joh.
1781 900 222 45 Kessler)
2072 900 89 39 Als,
291 902 1978 93 student
441 955 49 39 in
527 955 305 48 Wittenberg
874 955 233 47 (Thomas
1143 956 54 37 Bl
1206 965 25 29 a
1240 965 101 38 rer)
1416 955 90 39 Ein
1542 964 175 39 gegner
1754 954 117 43 über
1908 956 164 40 seinen
2110 957 177 38 besuch

291 1011 2000 48 bei Luther 1523 (Bischof Dantiscus) Erasmus Alberus ü ber Luther.—
292 1069 211 40 Luthers
545 1068 173 48 reisen,
761 1070 171 47 photos
977 1080 92 29 von
1115 1069 183 41 Martin
1344 1067 309 42 Hürlimann.
1670 1092 61 5 —
1746 1070 56 39 D.
1850 1069 185 40 Martin
2079 1070 209 41 Luthers

289 1125 151 49 leben,
472 1127 48 38 in
552 1126 253 48 predigten
838 1136 90 30 von
961 1136 59 30 m.
1053 1126 198 40 Johann
1282 1126 558 40 Mathesius.—Luthers
1873 1123 414 51 Wirkungsstätte,

291 1184 176 47 photos
506 1192 91 29 von
641 1183 185 40 Martin
867 1181 465 41 Hürlimann.—Die
1375 1184 143 39 reden
1561 1184 87 38 der
1689 1182 209 41 freunde
1938 1180 263 43 anlässlich
2243 1183 45 39 d.

293 1240 208 40 Luthers
536 1240 81 40 tod
655 1241 97 39 und
788 1241 309 47 bestattung:
1136 1239 198 48 Philipp
1369 1240 342 39 Melanchthon
1749 1240 127 39 beim
1910 1239 256 42 eintreffen
2204 1240 83 40 der

292 1297 409 40 todesnachricht.
772 1297 173 40 Justus
990 1296 152 40 Jonas’
1201 1296 381 48 leichenpredigt
1624 1297 50 38 in
1719 1296 222 41 Eisleben
1987 1298 98 39 und
2129 1297 158 40 Halle.

289 1354 194 39 Johann
516 1355 353 46 Bugenhagens
897 1352 382 50 leichenpredigt
1313 1353 48 38 in
1395 1354 316 47 Wittenberg.
1774 1352 221 41 Melanch
2001 1355 143 39 thons
2177 1354 112 41 rede

292 1410 84 40 für
413 1412 79 39 die
530 1408 302 43 Universität
871 1410 536 46 Wittenberg.—Lucas
1447 1411 223 40 Cranach
1709 1411 42 39 d.
1792 1410 58 47 ä.,
1889 1412 84 38 der
2012 1412 157 38 maler
2203 1411 88 39 der

293 1468 335 41 reformation.
684 1467 345 42 Selbstbildnis
1049 1468 98 39 und
1173 1466 232 41 bildnisse
1431 1468 260 39 deutscher
1712 1464 204 43 fürsten.

291 1527 53 53 ©
377 1532 118 40 Nov.
528 1531 42 48 2,
604 1530 113 42 1933;
782 1533 66 38 1c.
884 1532 113 47 Apr.
1032 1530 69 50 26,
1137 1529 114 41 1935;
1316 1531 40 38 A
1358 1529 270 48 -Foreign
1662 1530 144 40 27789;
1872 1528 416 48 Atlantis-verlag,

363 1599 41 37 g.
434 1601 59 28 m.
523 1589 40 40 b.
594 1590 46 38 h.
708 1588 64 49 (A
791 1588 39 41 C
844 1588 227 48 34-3541)

288 1689 266 65 Ingstad,
581 1691 186 63 Helge
790 1692 78 53 M.

415 1765 1871 69 Ø st for den store bre, av Helge Ingstad. Oslo, Gyldendal
295 1848 171 64 [1935]

364 1918 25 39 1
456 1950 8 7 v.

292 1977 1997 54 © Nov. 27, 1935; 1c . Dec. 23: A -Foreign 30001; Gyldendal Norsk
362 2039 125 39 forla
495 2050 39 37 g.

289 2144 282 63 Johnsen,
597 2145 271 63 Hangell.

361 2222 192 53 Hardt
601 2240 71 49 op
693 2222 11 52 !
753 2240 197 34 roinan
996 2240 69 33 av
1110 2222 253 66 Hangell
1408 2222 270 52 Johnsen.
1760 2220 155 59 Oslo,
1961 2219 325 68 Gyldendal

296 2303 173 64 [1935]

362 2375 24 37 1
454 2405 7 8 v.

293 2430 1995 54 © Nov. 8, 1935; 1c . Dec. 23; A -Foreign 29992; Gyldendal Norsk forlag.
296 2579 318 67 [Jouvenel,
643 2583 170 51 Mme.
847 2580 288 55 Gabrielle
1167 2580 281 54 Claudine
1478 2579 289 64 (Colette)
1802 2581 70 52 de]
1929 2580 170 54 1873-

291 2655 1969 146 Les vrilles de la vigne, par Colette [ pseud .] Edition definitive. Paris, J. Ferenczi et fils, 1934.
364 2810 24 37 1
459 2840 9 9 v.

295 2866 1991 52 © Feb. 20, 1934; 1c. Mar. 6, 1935; A-Foreign 27104; J. Ferenczi et fils.
290 2988 170 64 Juell,
486 2990 243 55 Harald.

364 3064 1920 69 Etiopia; tre å r i Keiser Haile Selassis rike, av Harald Juell.
294 3144 154 57 Oslo,
474 3144 326 65 Gyldendal
832 3146 170 64 [1935]

363 3217 26 39 1
457 3248 8 9 v.

296 3275 1991 52 © Oct. 16, 1935; 1c. Dec. 23; A- Foreign 30000; Gyldendal Norsk
363 3336 174 47 forlag.

292 3438 279 64 Kästner,
597 3440 243 55 Erhart.

363 3516 406 66 Zeitglöcklein;
842 3516 89 52 ein
969 3515 269 52 kalender
1279 3515 98 52 für
1416 3516 101 53 das
1555 3515 130 67 jahr
1727 3517 150 64 1936,
1914 3516 105 50 mit
2060 3513 222 54 bildern

294 3610 97 35 aus
414 3594 180 51 einem
617 3591 326 54 flämischen
966 3593 392 54 stundenbuch
1383 3593 98 51 der
1504 3593 289 52 Dresdner
1814 3592 330 55 bibliothek,
294 3590 1964 146 eingeleitet
561 3671 115 51 und
717 3670 271 53 erläutert
1026 3689 110 34 von
1176 3670 213 53 Erhärt
1432 3671 263 51 Kästner.
1771 3669 256 66 Leipzig,
293 3668 1964 145 Bibliographisches
686 3747 230 52 institut
943 3765 46 35 a.
1018 3766 52 48 g.
1105 3749 171 65 [1935]

421 3829 41 29 1v.

368 3874 71 39 On
468 3884 138 29 cover
625 3885 9 28 :
665 3873 342 48 Zeitglöcklein
1036 3874 126 40 1936.
1219 3874 40 40 2.
1280 3876 210 45 ausgabe
1519 3875 82 38 des
1632 3873 306 39 Bekränzten
1966 3873 315 47 jahreslaufs.

295 3932 1986 53 © Sept. 19, 1935; 1c. Dec. 18; A -Foreign 30051 : Bibliographisches
363 3992 198 40 institut
588 4003 42 30 a.
657 4004 42 38 g.
