2424 4375
1234 4102 133 53 1762

394 555 823 51 3 p. l., v-vii p., 1 l., 273 p. 19½ cm.
393 616 161 39 “First
586 614 196 41 edition."

322 674 52 53 ©
400 678 116 39 Nov.
543 677 69 47 22,
639 677 140 46 1935;
809 676 66 41 2c.
904 677 93 39 and
1026 675 81 40 ail.
1136 677 108 38 Dec.
1275 675 82 46 13;
1385 676 40 37 A
1454 674 168 45 88625;
1652 674 296 48 Doubleday,
1977 676 164 38 Doran
2170 675 36 39 &
2233 686 82 38 co.,

393 735 89 40 inc.
554 734 279 47 (35-35682)

322 852 212 62 Baker,
563 853 128 63 Ray
720 852 315 63 Stannard,
1068 852 170 54 1870-

392 927 1924 67 Woodrow Wilson, life and letters … By Ray Stannard
327 1008 201 53 Baker.
599 1007 352 53 Illustrated,
1023 1006 221 53 volume
1282 1011 44 48 5.
1397 1006 345 67 Neutrality.
1779 1008 322 50 1914-1915.
325 1006 1968 133 Garden

471 1086 151 67 City,
660 1087 68 51 N.
769 1087 89 55 Y.,
893 1085 356 67 Doubleday.
1285 1086 195 52 Doran
1519 1088 42 49 &
1600 1101 295 50 company,
1931 1084 126 55 inc.,
2099 1088 146 49 1935.

395 1163 1504 49 xii p., 1 l., 409 p. front., plates, ports., facsims. 24½ cm .
327 1205 1991 66 © Nov. 22. 1935; 2c. and aff. Dec. 6: A 88571: R. S. Baker. Amlicrst,
395 1281 145 38 Mass.

326 1396 305 63 Bardwell,
662 1397 250 54 Denver.

456 1467 1837 71 … Killers on the Diamond A. New York, Godwin [ c 1935]
393 1543 86 41 278
511 1553 42 38 p.
642 1542 26 40 19½c
717 1545 26 21 m
750 1574 8 8 .

395 1602 62 39 At
485 1600 124 40 head
637 1600 52 39 of
715 1600 136 39 title:
881 1600 72 45 By
981 1599 191 39 Denver
1201 1599 258 40 Bardwell.

323 1661 1994 53 © Dec. 6, 1935; 2c. Dec. 14: aff. Dec. 13; A 88652; Godwin, publishers.
404 1722 279 48 (35-35378)

324 1837 122 53 The
471 1837 276 55 bedroom
774 1839 366 67 companion;
1169 1857 80 48 or,
1273 1840 56 52 A
1354 1838 126 53 cold
1507 1837 213 68 night’s
1745 1838 455 66 entertainment,

396 1839 1896 145 being
535 1934 31 34 a
604 1934 130 36 cure
772 1916 94 52 for
899 1916 180 53 man’s
1114 1934 279 49 neuroses,
1431 1934 32 35 a
1500 1933 101 51 sop
1637 1921 59 48 to
1732 1915 88 55 his
1858 1915 389 67 frustrations,
2283 1935 32 33 a

394 1991 276 71 nightcap
710 1993 64 53 of
816 1993 301 53 forbidden
1161 1993 238 67 ballads,
1443 1993 325 68 discerning
1807 1993 266 69 pictures,
394 1993 1895 131 scurrilous

545 2088 203 52 essays,
775 2069 60 56 in
864 2071 107 53 fine
1000 2091 31 33 a
1059 2071 281 68 steaming
1366 2071 197 53 bracer
1590 2071 94 54 for
1711 2072 95 52 the
1834 2070 290 68 forgotten
2153 2072 162 53 male.

394 2149 138 55 New
561 2149 179 67 York,
766 2150 69 53 N.
866 2150 89 65 Y.,
983 2151 215 51 Farrar
1226 2153 44 49 &
1297 2149 281 54 Rinehart
1789 2183 11 33 [c1935]

396 2222 86 40 219
509 2233 43 37 p.
613 2222 127 40 illus.
800 2221 54 41 23½cm.

396 2278 128 41 Title
553 2280 52 40 in
638 2279 84 40 red
751 2283 97 39 and
880 2279 154 41 black.

397 2336 225 40 Includes
653 2345 143 38 songs
824 2335 121 40 with
974 2335 168 40 music.

325 2393 1989 53 © Nov. 29. 1935; 2c. Dec. 2; aff. Nov. 30; A 89729; Farrar & Uineliart,
393 2455 89 40 inc.
556 2455 279 48 (35-34885)

323 2571 142 65 Bell,
498 2573 106 64 Ed,
638 2576 172 50 1910-

395 2648 139 53 Fish
562 2667 70 35 on
658 2649 96 54 the
777 2649 226 68 steeple,
1028 2648 74 69 by
1127 2649 91 52 Ed
1246 2649 144 52 Bell.
1464 2648 138 52 New
1629 2647 179 66 York,

1834 2647 215 52 Farrar
2073 2649 45 50 &
326 2645 1963 147 Rinehart,
502 2726 400 67 incorporated
938 2758 14 35 [
957 2732 18 21 c
980 2729 132 49 1935
1118 2758 13 34 ]

392 2796 622 51 3 p. l., 3-312 p. 20½ cm .
394 2854 288 41 Illustrated
713 2854 347 50 lining-papers
1091 2854 49 40 in
1173 2855 169 40 colors.

325 2912 1971 110 © Nov. 26, 1935; 2c. Nov. 29; aff. Nov. 27; A 88601; E. Bell, Murfreesboro,
551 2975 147 40 Tenn.
768 2974 278 49 (35-34919)

323 3088 298 65 Belomor;
658 3110 73 35 an
762 3099 235 46 account
1027 3092 62 52 of
1120 3091 94 53 the
1243 3091 381 54 construction
1655 3090 63 52 of
1750 3089 95 54 the
1876 3108 118 34 new
2029 3090 160 52 canal

392 3092 1894 127 between
615 3167 96 54 the
751 3167 193 56 White
985 3186 93 35 sea
1119 3168 112 52 and
1275 3169 95 52 the
1414 3167 192 54 Baltic
1645 3185 108 34 sea.
1830 3167 138 51 New
2013 3165 178 65 York,
2235 3165 73 51 II.

394 3243 190 55 Smith
614 3244 113 53 and
754 3244 71 54 R.
854 3245 176 67 Haas,
1058 3248 151 50 1935.

391 3315 1537 52 3 p. l., v-xv, 17-344 p. illus. (map) plates, ports. 24 cm .
393 3370 74 42 On
493 3382 168 31 cover:
693 3373 100 42 The
820 3374 329 41 construction
1179 3374 52 41 of
1258 3375 81 40 the
1369 3376 137 47 great
1534 3373 154 47 canal,
1720 3372 235 48 Belomor,
1987 3372 210 41 between
2230 3373 77 40 the

323 3428 159 42 White
509 3439 82 31 sea
615 3430 97 39 and
738 3430 82 41 the
847 3429 157 42 Baltic
1031 3441 96 31 sea.

394 3483 1865 53 “Written by L. Auerbach, B. Agapov, S. Alimov ( and others] …
324 3538 174 43 Edited
532 3543 62 47 by
631 3540 183 42 Maxim
854 3543 161 48 Gorky
1069 3545 164 47 [pseud.]
1288 3543 50 40 L.
1376 3543 252 41 Auerbach
1665 3542 96 40 and
1802 3541 45 41 S.
1885 3542 53 40 G.
1977 3541 150 41 Firin.
2191 3540 115 41 This

320 3595 185 43 edition
541 3599 239 48 prepared
818 3600 127 39 from
985 3600 81 41 the
1107 3599 211 41 Russian
1359 3600 95 39 and
1495 3599 176 47 edited,
1712 3598 118 40 with
1870 3608 28 30 a
1941 3598 180 49 special
319 3599 1970 103 introduction,

557 3655 60 48 by
644 3655 200 42 Amabel
872 3655 639 42 Williams-Ellis.”—Verso
1536 3656 52 40 of
1612 3656 74 40 1st
1712 3655 185 49 prelim,
1925 3655 112 41 leaf.

391 3707 197 43 London
621 3711 183 42 edition
847 3711 150 50 (John
1032 3712 154 49 Lane)
1228 3713 90 39 has
1351 3712 135 41 title:
1520 3712 100 41 The
1654 3711 161 42 White
1850 3721 81 31 sea
1965 3712 168 41 canal:
2168 3711 138 48 being

319 3772 64 32 an
411 3769 204 38 account
645 3768 53 41 of
724 3769 81 40 the
833 3768 327 41 construction
1191 3768 50 41 of
1268 3769 81 41 the
1378 3779 105 30 new
1512 3768 141 40 canal
1681 3769 214 40 between
1924 3769 83 40 the
2036 3768 159 41 White
2224 3777 75 31 sea

317 3821 98 39 and
445 3822 81 40 the
556 3822 161 42 Baltic
745 3833 96 32 sea.

388 3874 374 53 Bibliography:
811 3891 43 38 p.
953 3899 11 30 [x]

318 3933 56 54 ©
404 3939 120 46 Nov.
557 3940 70 48 25,
662 3941 140 43 1935;
837 3943 64 39 2c.
940 3944 94 38 and
1070 3943 81 39 aff.
1188 3944 116 38 Nov.
1340 3944 81 39 27:
1460 3944 39 38 A
1535 3943 169 46 89632;
1743 3944 240 38 Harrison
2022 3941 153 41 Smith
2213 3942 91 38 and

386 3995 182 46 Robert
596 3996 151 49 Haas,
779 3998 88 39 inc.
939 3999 280 47 (35-36731)
