2424 4375
1232 4063 100 53 478

271 461 139 67 [The
441 462 253 63 Cavalry
721 461 254 66 journal]

334 537 129 51 The
504 539 67 52 R.
613 536 67 55 O.
724 541 63 50 T.
832 539 60 54 C.
933 537 247 53 manual.
1256 539 264 64 Cavalry.
1633 539 61 50 6th
1737 539 82 51 ed.
1894 539 55 51 A
1991 537 268 53 textbook

275 612 92 55 for
401 616 94 51 the
531 616 241 52 Reserve
809 614 206 54 officers
1050 614 257 68 training
1342 633 163 49 corps
1552 615 279 67 (includes
1869 615 75 52 all
1981 614 278 53 technical

274 693 242 68 changes
552 700 58 46 to
646 695 166 66 June,
851 693 158 68 1935)
1093 692 400 69 Washington,
1529 695 70 52 D.
1640 695 61 54 C.
1739 694 111 52 and
1887 693 374 68 Harrisburg,

275 772 116 58 Pa.,
420 772 120 53 The
567 771 265 68 Military
859 771 209 54 service
1096 770 333 69 publishing
1458 790 278 48 company
1770 805 11 33 [
1787 778 17 20 c
1811 776 149 62 1935]

347 856 1507 50 2 p. l., 8 35 p. illus. (incl. maps) plates, diagrs. 24½ cm .
274 927 52 53 ©
351 932 111 47 Apr.
490 932 39 47 3,
557 930 140 47 1935,·
724 930 66 40 2c.
820 931 95 39 and
941 930 82 39 aff.
1052 931 112 47 Apr.
1192 930 53 45 4;
1274 931 40 38 A
1342 929 170 47 81285;
1544 930 220 48 Military
1793 930 182 41 service
2003 931 108 47 pub.
2141 941 66 29 co.

353 988 251 48 (35-5653)

345 1100 222 55 Tactics
598 1102 110 53 and
742 1101 296 68 technique
1066 1101 64 54 of
1160 1103 245 66 cavalry.
1517 1104 61 50 6th
1609 1104 83 51 ed.
1770 1105 51 49 A
1856 1109 118 46 text
2005 1103 111 52 and
275 1101 1963 130 reference

492 1181 146 52 book
664 1180 63 52 of
754 1182 230 66 cavalry
1011 1180 255 68 training
1304 1177 279 70 (includes
1612 1182 75 51 all
1717 1179 276 54 technical
2021 1181 241 66 changes

277 1265 56 44 to
365 1260 166 65 June,
565 1258 160 66 1935)
809 1258 398 69 Washington,
1238 1260 71 53 D.
1344 1259 61 54 C.
1440 1260 111 51 and
1584 1258 375 68 Harrisburg,
1992 1260 119 65 Pa.,
2144 1260 121 52 The

276 1335 1398 70 Military service publishing company [ c 1935]
350 1422 1506 49 2 p. l., 788 p. illus. (incl. maps) plates, diagrs. 24½ cm .
276 1492 52 53 ©
357 1498 122 39 Mar.
506 1495 69 48 30,
603 1494 117 41 1935;
775 1495 66 40 2c.
871 1496 96 39 and
994 1494 80 40 aff.
1103 1494 112 49 Apr.
1245 1496 53 45 4;
1330 1495 40 38 A
1400 1493 168 48 81283;
1600 1494 221 49 Military
1850 1495 186 40 service
2061 1496 108 47 pub.
2197 1506 68 29 co.

356 1552 250 50 (35-5652)

278 1670 275 65 Chappie,
581 1671 103 53 Joe
712 1668 279 65 Mitchell,
1021 1686 178 49 comp.

352 1746 218 69 Chapel
602 1748 158 66 bells,
793 1765 191 49 poems
1016 1746 239 53 selected
1288 1747 74 66 by
1397 1748 95 50 the
1528 1746 242 56 Coward
1805 1747 267 55 Comfort
2102 1748 162 52 radio

280 1826 181 52 circle.
543 1824 316 68 [Compiled
897 1825 76 66 by
1011 1825 106 53 Joe
1154 1825 261 53 Mitchell
1456 1823 274 69 Chappie.
1806 1827 232 65 Boston,
2077 1827 188 67 Mass.,

278 1904 106 53 Joe
408 1903 259 53 Mitchell
697 1903 275 67 Chappie,
994 1904 127 65 inc.,
1148 1905 151 63 1934]

349 1992 69 47 63,
448 1991 54 49 [1]
532 2001 42 37 p.
630 1989 126 40 illus.
814 1988 113 40 23cm.

280 2058 52 53 ©
355 2063 118 39 Nov.
496 2061 69 48 28,
592 2059 112 41 1934;
758 2059 67 40 2c.
851 2059 108 39 Dec.
984 2058 83 47 26;
1093 2058 82 40 aff.
1201 2059 112 39 Dec.
1338 2059 52 46 7;
1418 2059 39 39 A
1484 2059 169 46 78675;
1682 2060 90 39 Joe
1796 2060 216 40 Mitchell
2040 2061 227 48 Chappie,

347 2119 91 40 inc.

278 2236 184 63 Coles,
494 2235 193 55 Sallie.

351 2312 121 52 The
503 2311 160 53 truth
695 2310 171 54 about
897 2311 391 53 one-hundred
1321 2328 100 50 per
1454 2318 125 46 cent
1610 2310 429 68 Americanism,
284 2313 1958 145 Christianity

539 2390 111 52 and
694 2390 94 51 the
834 2390 216 67 Negro;
1100 2391 95 50 the
1239 2391 134 65 only
1417 2407 124 34 race
1585 2389 255 68 problem
1885 2390 263 67 solution,
2192 2392 76 67 by

284 2467 188 64 Sallie.
492 2466 179 56 Coles.
745 2467 138 53 New
913 2468 161 52 York
1101 2466 133 68 city,
1265 2464 285 57 Gailliarcl
1581 2485 173 49 press,
1787 2472 148 50 1935.

355 2555 99 48 xxi,
485 2554 87 41 182
601 2565 42 37 p.
703 2553 55 39 21½
791 2555 44 21 cm
840 2585 9 9 .

283 2624 52 53 ©
362 2628 121 41 Mar.
507 2626 42 47 2,
573 2626 115 40 1935;
739 2625 68 40 2c.
832 2626 94 39 and
951 2624 80 40 aff.
1059 2626 121 38 Mar.
1205 2624 52 48 6;
1284 2625 41 38 A
1350 2625 170 46 80814;
1551 2625 44 41 S.
1624 2625 149 48 Coles,
1801 2626 115 40 New
1942 2628 143 40 York.

363 2682 249 51 (35-5650)

284 2786 219 65 Colvin,
532 2788 104 51 Ian
667 2787 262 59 Duncan,
963 2788 171 51 1877-

355 2864 234 65 Carson,
615 2862 95 53 the
733 2866 324 62 statesman,
1084 2863 73 65 by
1182 2863 109 51 Ian
1316 2862 224 54 Colvin.
1600 2863 138 53 New
1767 2864 177 64 York,
1969 2864 119 53 The
287 2866 1957 127 Macmillan
515 2956 295 49 company,
843 2942 151 49 1935.

355 3021 1201 53 7 p. l., [9]-446 p. front., plates, ports. 22 cm .
357 3092 288 41 “Published
684 3092 50 39 in
774 3092 219 49 England
1033 3102 54 31 as
1126 3094 81 38 the
1250 3093 102 40 Life
1392 3094 50 39 of
1486 3094 118 40 Lord
1645 3093 199 49 Carson,
1884 3097 88 41 vol.
2054 3098 37 40 II.”

357 3150 128 41 “The
517 3149 134 47 early
683 3151 110 45 part
825 3148 50 41 of
906 3148 124 40 Lord
1064 3147 223 42 Carson’s
1322 3149 98 47 life,
1456 3151 153 39 which
1642 3152 214 40 includes
1889 3154 78 39 the
1999 3154 183 49 history
2217 3157 50 39 of

288 3207 74 40 his
399 3209 121 37 most
556 3206 264 47 important
857 3205 122 48 legal
1014 3214 147 37 cases,
1202 3215 97 29 was
1337 3206 194 40 written
1566 3208 57 46 by
1662 3207 205 41 Edward
1907 3209 360 48 Marjoribauks

287 3263 93 40 and
414 3261 252 50 published
697 3262 49 38 in
779 3260 111 41 1932
922 3261 151 40 under
1107 3261 81 40 the
1220 3261 106 41 title
1359 3261 52 40 of
1440 3260 181 43 Carson
1655 3265 80 40 the
1768 3266 275 42 advocate.”

289 3329 52 53 ©
373 3335 120 37 Mar.
525 3332 68 46 26,
627 3332 140 45 1935;
801 3332 65 39 2c.
900 3331 95 39 and
1026 3330 82 40 aff.
1142 3332 121 38 Mar.
1296 3330 82 47 27;
1413 3332 39 39 A
1485 3331 168 49 82205;
1692 3335 277 40 Macmillan
2004 3348 65 29 co.

368 3389 250 48 (35-5795)

290 3488 263 63 Congrès
576 3489 262 66 français
866 3491 67 51 de
960 3487 314 54 médecine.
1346 3494 71 49 23
1418 3496 18 21 e
1461 3491 225 67 session,
1715 3494 220 64 Québec
1940 3538 10 22 ,
1980 3498 147 50 1934.

423 3567 1845 74 … Rapports. IV. La pyrétothérapie, par mm. Ch. Richet fils,
293 3644 87 53 H.,
396 3645 204 65 Roger,
625 3642 508 67 Fribourg-Blanc,
1157 3645 71 51 A.
1252 3645 271 66 Halphen
1548 3651 55 47 et
1625 3649 54 52 J.
1705 3650 253 65 Auclair,
1981 3650 68 52 A.
2077 3652 189 51 Besse-

290 3739 174 37 mans.
528 3721 183 65 Paris,
738 3722 229 50 Masson
992 3728 54 46 et
1074 3738 26 34 c
1105 3720 34 27 ie
1143 3766 11 20 ,
1185 3723 147 50 1934.

362 3808 99 45 283,
493 3807 53 47 [1]
577 3816 42 36 p.
676 3806 127 38 illus.
858 3806 59 38 25
917 3809 45 19 cm
966 3837 8 8 .

361 3877 61 38 At
449 3877 122 38 head
599 3875 53 39 of
676 3875 106 39 title;
836 3875 303 39 Association
1168 3877 80 39 des
1275 3876 243 40 médecins;
1541 3879 61 38 de
1625 3880 174 46 langue
1825 3880 256 48 française.

294 3939 1895 56 © Sept. 29, 1934; 1c. Mar. 6, 1935; A- Foreign 27114; Masson et cie.
