2424 4375
1217 4076 132 50 1898

299 444 210 66 Lewis,
535 445 286 54 Norman.

373 520 251 69 Spanish
656 522 329 67 adventure,
1012 522 76 67 by
1118 523 256 52 Norman
1402 523 200 55 Lewis.
1670 525 137 52 New
1837 525 179 68 York,
2048 527 76 52 H.
2154 526 147 54 Holt

299 601 113 52 and
443 617 283 51 company
759 634 13 34 [
776 606 19 21 c
800 603 132 51 1935
938 634 12 34 ]

372 671 1292 50 vi p., 2 l., 3-289 p. front., 1 illus., plates. 22 cm .
372 742 165 42 “First
564 742 261 50 printing.”

301 811 52 53 ©
378 814 102 41 Oct.
504 814 70 48 24,
597 813 141 49 1935;
764 815 67 39 2c.
857 815 93 39 and
974 814 82 40 aff.
1081 814 118 41 Nov.
1224 813 53 49 2;
1304 815 40 39 A
1367 813 171 50 88099;
1566 815 168 49 Henry
1759 816 118 41 Holt
1903 817 35 40 &
1962 826 84 39 co.,
2072 818 90 40 inc.

381 871 222 50 (36-459)

298 973 224 55 Liddell
548 976 175 65 Hart,
750 976 160 53 Basil
939 977 225 64 Henry,
1195 980 171 51 1895-

370 1050 235 56 Colonel
645 1050 323 71 Lawrence,
1008 1052 95 54 the
1143 1069 133 36 man
1317 1052 212 54 behind
1571 1053 97 53 the
1708 1052 221 70 legend.
2006 1054 139 53 New
2185 1054 110 54 and

295 1129 1978 148 enl. ed. By Liddell Hart … New York, Dodd, Mead & company, 1935.
363 1280 65 44 ix,
453 1280 88 43 406
565 1292 45 38 p.
669 1281 166 49 front.,
859 1281 171 50 plates,
1059 1283 164 47 ports.,
1249 1292 150 37 maps.
1461 1281 56 40 24
1520 1283 45 22 cm
1569 1314 10 10 .

367 1351 1630 50 “Published April, 1934 … Fifth printing November, 1935.”
298 1421 52 53 ©
378 1426 119 40 Nov.
521 1424 71 49 27,
622 1425 112 40 1935;
791 1426 69 40 2c.
891 1426 110 40 Dec.
1030 1425 54 45 2;
1116 1425 82 40 aff.
1228 1426 116 39 Nov.
1374 1425 59 41 30;
1489 1426 42 39 A
1558 1424 147 42 89972;
1762 1427 53 41 B.
1846 1427 58 39 H.
1937 1425 187 41 Liddell
2155 1427 142 50 Hart,

370 1484 212 39 London.
649 1482 223 51 (36-300)

301 1586 257 65 [Lincoln
587 1586 285 64 highway
895 1587 378 65 association]

364 1661 120 53 The
530 1661 238 54 Lincoln
812 1660 298 70 highway;
1159 1661 95 56 the
1298 1667 155 63 story
1498 1660 64 54 of
1607 1680 31 33 a
1685 1661 232 55 crusade
1963 1660 125 55 that
2134 1660 164 57 made

295 1737 2002 71 transportation history … New York, Dodd, Mead & company,
299 1819 147 51 1935.

431 1888 972 49 xv, 315 p. front., plates, ports. 21 cm .
366 1946 139 48 Maps
537 1954 61 30 on
631 1945 364 48 lining-papers.

362 2002 103 41 The
495 2002 174 41 official
699 2001 185 51 history
920 2001 54 42 of
1003 2003 84 40 the
1118 2002 198 40 Lincoln
1350 2003 225 48 highway
1611 2004 308 40 association,
1981 2007 61 47 cf.
2080 2003 128 45 Pref.

296 2073 53 53 ©
384 2078 105 39 Dec.
520 2077 68 48 16,
619 2077 141 47 1935;
792 2077 67 40 2c.
890 2076 96 40 and
1015 2075 82 41 aff.
1130 2077 111 39 Dec.
1274 2076 80 46 19;
1389 2077 40 38 A
1459 2075 171 48 89952;
1664 2077 199 40 Lincoln
1893 2077 227 48 highway
2151 2086 144 39 assn.,

370 2134 204 40 Detroit.
646 2133 221 49 (36-340)

292 2237 401 66 McCollester,
722 2238 243 65 Parker,
998 2242 171 50 1890-

364 2313 239 55 Federal
630 2320 182 48 motor
841 2314 209 54 carrier
1081 2311 346 70 regulation;
1459 2312 247 69 analysis
1737 2312 111 52 and
1878 2314 304 53 annotated
294 2311 1976 150 interpretation

692 2391 64 55 of
781 2393 93 54 the
902 2391 218 55 federal
1146 2387 191 58 Motor
1364 2392 211 53 carrier
1601 2400 89 44 act
1715 2391 63 54 of
1809 2393 150 65 1935,
1987 2391 71 69 by
2078 2389 216 55 Parker

294 2465 2001 71 McCollester … and Frank J. Clark … New York, The Traffic
293 2546 334 70 publishing
654 2564 295 52 company,
981 2549 150 51 1935.

399 2649 9 17 x,
439 2617 87 41 340
554 2628 43 38 p.
657 2617 56 41 23½
746 2619 44 23 cm
795 2650 9 9 .
922 2617 132 50 $4.00

363 2675 72 39 An
463 2677 81 39 act
573 2674 257 49 providing
856 2675 78 40 for
961 2675 85 41 the
1075 2674 275 49 regulation
1380 2676 60 47 by
1469 2676 83 40 the
1582 2676 268 40 Interstate
1877 2684 265 34 commerce
292 2686 1981 85 commission
523 2732 52 38 of
605 2732 261 39 interstate
897 2731 389 48 transportation
1318 2733 80 38 for
1430 2732 105 38 hire
1568 2732 59 47 by
1660 2734 157 38 motor
1849 2731 187 42 vehicle
2067 2734 223 39 carriers.

290 2789 62 48 cf.
386 2788 186 41 Introd.

293 2857 53 53 ©
374 2862 112 39 Dec.
516 2862 40 46 4,
588 2862 117 39 1935;
757 2862 66 39 2c.
855 2862 99 39 and
981 2859 81 41 aff.
1095 2861 112 40 Dec.
1238 2860 82 46 11;
1353 2860 41 39 A
1424 2859 171 46 88616;
1628 2859 176 41 Traffic
1832 2861 107 49 pub.
1971 2872 85 35 co.,
2086 2861 91 40 inc.

373 2918 221 48 (36-339)

290 3021 333 65 McDowell,
655 3022 220 53 Robert
908 3020 279 65 Harbold,
1223 3026 171 49 1894-

363 3099 173 54 Coins
589 3098 152 53 from
795 3098 256 55 Seleucia
1101 3116 72 33 on
1223 3098 95 52 the
1371 3097 211 66 Tigris,
1633 3097 73 66 by
1758 3097 212 52 Robert
2022 3095 264 54 Harbold

292 3177 334 53 McDowell.
687 3178 136 51 Ann
850 3176 207 64 Arbor,
1083 3174 337 67 University
1447 3175 63 51 of
1537 3174 296 67 Michigan
1861 3192 174 48 press,
2065 3176 149 50 1935.

363 3244 1925 53 xiv, 248 p., 1 1. VI pl. 28 cm . (Half-title; University of Michigan
289 3306 200 41 studies.
550 3304 313 41 Humanistic
895 3304 163 41 series,
1119 3304 92 40 vol.
1429 3304 14 47 XXXVII)

638 3362 411 47 CONTENTS.—Bibliography
1094 3362 65 47 (p.
1198 3359 372 49 xiii-xiv)—pt.
1629 3391 9 8 I.
1677 3359 148 40 Coins
1858 3359 53 40 of
1946 3359 81 39 the
2067 3357 219 41 Seleucid

293 3420 312 48 period.—pt.
679 3449 12 10 II.
719 3418 148 41 Coins
892 3418 52 39 of
973 3419 80 39 the
1085 3418 238 39 Parthian
1354 3416 180 49 period.

293 3486 52 53 ©
373 3491 125 48 Sept.
525 3489 68 47 12;,
619 3488 113 41 1935;
785 3488 68 41 2c.
877 3489 98 38 and
1000 3487 79 40 aff.
1110 3488 126 46 Sept.
1264 3486 56 39 20;
1375 3487 39 38 A
1442 3486 168 42 87100;
1641 3484 281 48 University
1947 3484 53 39 of
2026 3482 258 47 Michigan,

361 3548 107 38 Ann
502 3547 169 39 Arbor.
745 3544 279 49 (35-28240)

289 3648 419 55 McGraw-Hill
733 3649 148 53 book
909 3664 305 47 company,
1241 3648 110 54 inc.

361 3724 373 70 Suggestions
761 3729 58 48 to
849 3721 428 57 McGraw-Hill
1310 3722 233 53 authors;
1606 3720 204 54 details
1839 3720 64 52 of
1933 3720 352 65 manuscript

290 3802 388 68 preparation,
710 3801 387 69 typography,
1132 3798 432 69 proofreading,
1596 3799 111 51 and
1740 3798 161 51 other
1932 3802 235 46 matters
291 3796 1966 136 involved

538 3877 60 53 in
645 3879 96 54 the
790 3877 341 69 production
1179 3876 64 53 of
1288 3876 382 66 manuscripts
1720 3874 112 53 and
1880 3873 190 52 books.
2144 3872 137 53 New

290 3955 164 54 York
480 3957 112 53 and
623 3955 257 68 London,
910 3953 430 56 McGraw-Hill
1370 3953 148 53 book
1547 3969 296 50 company,
1873 3950 126 65 inc.,
2034 3952 149 51 1935.
