<alto xmlns="http://www.loc.gov/standards/alto/ns-v3#" xmlns:xlink="http://www.w3.org/1999/xlink" xmlns:xsi="http://www.w3.org/2001/XMLSchema-instance" xsi:schemaLocation="http://www.loc.gov/standards/alto/ns-v3# http://www.loc.gov/alto/v3/alto-3-0.xsd"><Description>
<MeasurementUnit>pixel</MeasurementUnit>
<sourceImageInformation>
<fileName>1935_v32_Part1.pdf</fileName>
</sourceImageInformation>
<OCRProcessing ID="IdOcr">
<ocrProcessingStep>
<processingDateTime>2019-01-15</processingDateTime>
<processingSoftware>
<softwareCreator>ABBYY</softwareCreator>
<softwareName>ABBYY Recognition Server</softwareName>
<softwareVersion>4.0</softwareVersion>
</processingSoftware>
</ocrProcessingStep>
</OCRProcessing>
</Description>
<Styles>
<ParagraphStyle ID="StyleId-FFFFFFFF-FFFF-FFFF-FFFF-FFFFFFFFFFFF-" ALIGN="Left" LEFT="0." RIGHT="0." FIRSTLINE="0."/>
<ParagraphStyle ID="StyleId-09A13A44-4F77-4ABE-84F3-84CC8B3C72CE-" ALIGN="Left" LEFT="0." RIGHT="0." FIRSTLINE="0." LINESPACE="7.699999809"/>
<ParagraphStyle ID="StyleId-1F945060-F8CD-4435-B69A-5FF49DB0C586-" ALIGN="Left" LEFT="0." RIGHT="0." FIRSTLINE="-10." LINESPACE="12.19999981"/>
<ParagraphStyle ID="StyleId-C6CAE747-F5A4-4D0D-8D74-D452DA7E2C1C-" ALIGN="Block" LEFT="0." RIGHT="0." FIRSTLINE="-14." LINESPACE="8.350000381"/>
<ParagraphStyle ID="StyleId-FC0F3374-189A-459E-BE29-2DC14180F022-" ALIGN="Left" LEFT="0." RIGHT="0." FIRSTLINE="0."/>
<ParagraphStyle ID="StyleId-49397C49-A894-4B3E-BA5E-1126226BA375-" ALIGN="Left" LEFT="0." RIGHT="0." FIRSTLINE="-12." LINESPACE="11.09000015"/>
<ParagraphStyle ID="StyleId-9E34DD3A-E661-48BD-A3A1-6A3D48346F00-" ALIGN="Block" LEFT="0." RIGHT="0." FIRSTLINE="-14." LINESPACE="11.09000015"/>
<ParagraphStyle ID="StyleId-56CE54AA-A08B-4BAA-8605-F26020A0E36E-" ALIGN="Left" LEFT="0." RIGHT="0." FIRSTLINE="0." LINESPACE="9.399999619"/>
<ParagraphStyle ID="StyleId-77814FFC-C42F-4AA9-9880-EF33B947DEC8-" ALIGN="Left" LEFT="0." RIGHT="0." FIRSTLINE="-11." LINESPACE="11.06999969"/>
<ParagraphStyle ID="StyleId-FDE92EC0-67DC-4C7B-8A24-094B12C38B6C-" ALIGN="Center" LEFT="0." RIGHT="0." FIRSTLINE="0." LINESPACE="11.30000019"/>
<ParagraphStyle ID="StyleId-65180E3B-4C93-4FB8-81EE-E026DD63DBF3-" ALIGN="Left" LEFT="0." RIGHT="0." FIRSTLINE="0." LINESPACE="11.10000038"/>
<ParagraphStyle ID="StyleId-10E885C2-5813-4620-B0AA-0FBA30CF7A32-" ALIGN="Left" LEFT="0." RIGHT="0." FIRSTLINE="0." LINESPACE="9.5"/>
<ParagraphStyle ID="StyleId-913C2DB5-9F02-4067-BAF7-0AED37B60BBE-" ALIGN="Left" LEFT="0." RIGHT="0." FIRSTLINE="0." LINESPACE="6.099999905"/>
<ParagraphStyle ID="StyleId-9C79A9D2-8F08-4A8F-985D-B00E253ED1E5-" ALIGN="Left" LEFT="0." RIGHT="0." FIRSTLINE="0." LINESPACE="4.400000095"/>
<ParagraphStyle ID="StyleId-A41F0407-FEFE-4738-9EC5-E05AFFF62781-" ALIGN="Left" LEFT="0." RIGHT="0." FIRSTLINE="0." LINESPACE="7.300000191"/>
<ParagraphStyle ID="StyleId-61D37176-94E8-408D-9B87-01C406CE8AB2-" ALIGN="Left" LEFT="0." RIGHT="0." FIRSTLINE="0." LINESPACE="8.050000191"/>
</Styles>
<Layout>
<Page ID="Page58" PHYSICAL_IMG_NR="58" HEIGHT="4342" WIDTH="2568">
<TopMargin HEIGHT="446" WIDTH="2568" VPOS="0" HPOS="0">
</TopMargin>
<LeftMargin HEIGHT="3599" WIDTH="348" VPOS="446" HPOS="0">
</LeftMargin>
<RightMargin HEIGHT="3599" WIDTH="196" VPOS="446" HPOS="2372">
</RightMargin>
<BottomMargin HEIGHT="297" WIDTH="2568" VPOS="4045" HPOS="0">
<TextBlock ID="Page58_Block1" HEIGHT="179" WIDTH="247" VPOS="4051" HPOS="1243" LANG="en-US" STYLEREFS="StyleId-3BA5EA08-DBA6-4EDE-AAE8-48BF05C71380-">
<TextLine HEIGHT="50" WIDTH="64" VPOS="4081" HPOS="1320">
<String CONTENT="58" HEIGHT="50" WIDTH="64" VPOS="4081" HPOS="1320"/>
</TextLine>
</TextBlock>
</BottomMargin>
<PrintSpace HEIGHT="3599" WIDTH="2024" VPOS="446" HPOS="348">
<TextBlock ID="Page58_Block2" HEIGHT="3599" WIDTH="2024" VPOS="446" HPOS="348" LANG="en-US" CS="1" STYLEREFS="StyleId-E3008A6A-135B-4B15-8BAF-0C48B8783338-">
<TextLine HEIGHT="67" WIDTH="1018" VPOS="457" HPOS="364" STYLEREFS="StyleId-4DC81F0F-3177-4D0B-93C2-B9BDF1EEF5AF-">
<String CONTENT="Janeway," HEIGHT="67" WIDTH="300" VPOS="457" HPOS="364"/>
<SP HEIGHT="63" WIDTH="27" VPOS="461" HPOS="665"/>
<String CONTENT="William" HEIGHT="56" WIDTH="252" VPOS="457" HPOS="693"/>
<SP HEIGHT="52" WIDTH="25" VPOS="459" HPOS="946"/>
<String CONTENT="Ralph," HEIGHT="65" WIDTH="210" VPOS="457" HPOS="972"/>
<SP HEIGHT="58" WIDTH="27" VPOS="464" HPOS="1183"/>
<String CONTENT="1884-" HEIGHT="50" WIDTH="171" VPOS="463" HPOS="1211"/>
</TextLine>
<TextLine HEIGHT="71" WIDTH="1925" VPOS="532" HPOS="436" STYLEREFS="StyleId-A32D3A34-129B-46B7-935F-38DA70ADE1DB-">
<String CONTENT="Bibliography" HEIGHT="68" WIDTH="422" VPOS="535" HPOS="436"/>
<SP HEIGHT="50" WIDTH="40" VPOS="553" HPOS="859"/>
<String CONTENT="of" HEIGHT="52" WIDTH="64" VPOS="534" HPOS="900"/>
<SP HEIGHT="52" WIDTH="39" VPOS="534" HPOS="965"/>
<String CONTENT="immigration" HEIGHT="70" WIDTH="393" VPOS="532" HPOS="1005"/>
<SP HEIGHT="52" WIDTH="41" VPOS="534" HPOS="1399"/>
<String CONTENT="in" HEIGHT="52" WIDTH="59" VPOS="534" HPOS="1441"/>
<SP HEIGHT="49" WIDTH="41" VPOS="537" HPOS="1501"/>
<String CONTENT="the" HEIGHT="52" WIDTH="95" VPOS="534" HPOS="1543"/>
<SP HEIGHT="53" WIDTH="39" VPOS="535" HPOS="1639"/>
<String CONTENT="United" HEIGHT="55" WIDTH="216" VPOS="533" HPOS="1679"/>
<SP HEIGHT="55" WIDTH="44" VPOS="533" HPOS="1896"/>
<String CONTENT="States," HEIGHT="70" WIDTH="206" VPOS="533" HPOS="1941"/>
<SP HEIGHT="64" WIDTH="43" VPOS="539" HPOS="2148"/>
<String CONTENT="1900-" HEIGHT="50" WIDTH="169" VPOS="539" HPOS="2192"/>
</TextLine>
<TextLine HEIGHT="73" WIDTH="1992" VPOS="610" HPOS="369" STYLEREFS="StyleId-A32D3A34-129B-46B7-935F-38DA70ADE1DB-" CS="1">
<String CONTENT="1930," HEIGHT="64" WIDTH="150" VPOS="617" HPOS="369"/>
<SP HEIGHT="67" WIDTH="24" VPOS="614" HPOS="520"/>
<String CONTENT="by" HEIGHT="68" WIDTH="75" VPOS="614" HPOS="545"/>
<SP HEIGHT="68" WIDTH="21" VPOS="614" HPOS="621"/>
<String CONTENT="W." HEIGHT="54" WIDTH="89" VPOS="614" HPOS="643"/>
<SP HEIGHT="51" WIDTH="26" VPOS="614" HPOS="733"/>
<String CONTENT="Ralph" HEIGHT="67" WIDTH="193" VPOS="613" HPOS="760"/>
<SP HEIGHT="54" WIDTH="24" VPOS="613" HPOS="954"/>
<String CONTENT="Janeway" HEIGHT="67" WIDTH="275" VPOS="613" HPOS="979"/>
<SP HEIGHT="49" WIDTH="31" VPOS="631" HPOS="1255"/>
<String CS="1" CONTENT="&#8230;"/>
<SP HEIGHT="55" WIDTH="80" VPOS="610" HPOS="1343"/>
<String CONTENT="Columbus," HEIGHT="70" WIDTH="325" VPOS="610" HPOS="1424"/>
<SP HEIGHT="68" WIDTH="28" VPOS="612" HPOS="1750"/>
<String CONTENT="O.," HEIGHT="68" WIDTH="86" VPOS="612" HPOS="1779"/>
<SP HEIGHT="67" WIDTH="24" VPOS="613" HPOS="1866"/>
<String CONTENT="H." HEIGHT="52" WIDTH="76" VPOS="613" HPOS="1891"/>
<SP HEIGHT="51" WIDTH="24" VPOS="614" HPOS="1968"/>
<String CONTENT="L." HEIGHT="51" WIDTH="66" VPOS="614" HPOS="1993"/>
<SP HEIGHT="52" WIDTH="24" VPOS="614" HPOS="2060"/>
<String CONTENT="Hedrick," HEIGHT="69" WIDTH="276" VPOS="614" HPOS="2085"/>
</TextLine>
<TextLine HEIGHT="51" WIDTH="173" VPOS="695" HPOS="366" STYLEREFS="StyleId-A32D3A34-129B-46B7-935F-38DA70ADE1DB-">
<String STYLE="superscript" CONTENT="c" HEIGHT="21" WIDTH="17" VPOS="699" HPOS="366"/>
<String CONTENT="1934." HEIGHT="51" WIDTH="150" VPOS="695" HPOS="389"/>
</TextLine>
<TextLine HEIGHT="49" WIDTH="357" VPOS="765" HPOS="435" CS="1">
<String CONTENT="132" HEIGHT="41" WIDTH="83" VPOS="765" HPOS="435"/>
<SP HEIGHT="49" WIDTH="28" VPOS="765" HPOS="519"/>
<String CONTENT="p." HEIGHT="37" WIDTH="43" VPOS="777" HPOS="548"/>
<SP HEIGHT="41" WIDTH="54" VPOS="765" HPOS="592"/>
<String CS="1" CONTENT="22&#189;" HEIGHT="40" WIDTH="55" VPOS="765" HPOS="647"/>
<String STYLE="superscript" CONTENT="cm" HEIGHT="21" WIDTH="43" VPOS="768" HPOS="736"/>
<String CONTENT="." HEIGHT="8" WIDTH="7" VPOS="798" HPOS="785"/>
</TextLine>
<TextLine HEIGHT="48" WIDTH="510" VPOS="822" HPOS="433">
<String CONTENT="Photolithographed." HEIGHT="48" WIDTH="510" VPOS="822" HPOS="433"/>
</TextLine>
<TextLine HEIGHT="53" WIDTH="1880" VPOS="889" HPOS="368">
<String CONTENT="&#169;" HEIGHT="52" WIDTH="51" VPOS="890" HPOS="368"/>
<SP HEIGHT="52" WIDTH="28" VPOS="890" HPOS="420"/>
<String CONTENT="Dec." HEIGHT="38" WIDTH="111" VPOS="896" HPOS="449"/>
<SP HEIGHT="38" WIDTH="25" VPOS="895" HPOS="561"/>
<String CONTENT="10," HEIGHT="48" WIDTH="67" VPOS="893" HPOS="587"/>
<SP HEIGHT="47" WIDTH="30" VPOS="894" HPOS="655"/>
<String CONTENT="1934;" HEIGHT="47" WIDTH="139" VPOS="893" HPOS="686"/>
<SP HEIGHT="48" WIDTH="30" VPOS="892" HPOS="826"/>
<String CONTENT="2c." HEIGHT="40" WIDTH="65" VPOS="892" HPOS="857"/>
<SP HEIGHT="29" WIDTH="28" VPOS="903" HPOS="923"/>
<String CONTENT="and" HEIGHT="39" WIDTH="94" VPOS="893" HPOS="952"/>
<SP HEIGHT="39" WIDTH="29" VPOS="893" HPOS="1047"/>
<String CONTENT="aff." HEIGHT="40" WIDTH="80" VPOS="891" HPOS="1077"/>
<SP HEIGHT="38" WIDTH="29" VPOS="893" HPOS="1158"/>
<String CONTENT="Dec." HEIGHT="38" WIDTH="110" VPOS="893" HPOS="1188"/>
<SP HEIGHT="39" WIDTH="30" VPOS="893" HPOS="1299"/>
<String CONTENT="31;" HEIGHT="47" WIDTH="82" VPOS="891" HPOS="1330"/>
<SP HEIGHT="47" WIDTH="31" VPOS="891" HPOS="1413"/>
<!-- cceid 83182BC5-6D82-1014-B070-FDFD250A9EDA --><String CONTENT="A" HEIGHT="39" WIDTH="41" VPOS="891" HPOS="1445"/>
<SP HEIGHT="40" WIDTH="27" VPOS="891" HPOS="1487"/>
<String CONTENT="78839;" HEIGHT="49" WIDTH="169" VPOS="889" HPOS="1515"/>
<SP HEIGHT="46" WIDTH="33" VPOS="892" HPOS="1685"/>
<String CONTENT="Harold" HEIGHT="40" WIDTH="188" VPOS="892" HPOS="1719"/>
<SP HEIGHT="39" WIDTH="29" VPOS="893" HPOS="1908"/>
<String CONTENT="L." HEIGHT="38" WIDTH="49" VPOS="893" HPOS="1938"/>
<SP HEIGHT="39" WIDTH="31" VPOS="893" HPOS="1988"/>
<String CONTENT="Hedrick." HEIGHT="41" WIDTH="228" VPOS="891" HPOS="2020"/>
</TextLine>
<TextLine HEIGHT="50" WIDTH="250" VPOS="950" HPOS="444">
<String CONTENT="(35-1215)" HEIGHT="50" WIDTH="250" VPOS="950" HPOS="444"/>
</TextLine>
<TextLine HEIGHT="66" WIDTH="548" VPOS="1053" HPOS="363" STYLEREFS="StyleId-4DC81F0F-3177-4D0B-93C2-B9BDF1EEF5AF-">
<String CONTENT="Jay," HEIGHT="66" WIDTH="131" VPOS="1053" HPOS="363"/>
<SP HEIGHT="65" WIDTH="27" VPOS="1054" HPOS="495"/>
<String CONTENT="Mae" HEIGHT="53" WIDTH="132" VPOS="1054" HPOS="523"/>
<SP HEIGHT="53" WIDTH="26" VPOS="1054" HPOS="656"/>
<String CONTENT="Foster." HEIGHT="55" WIDTH="228" VPOS="1054" HPOS="683"/>
</TextLine>
<TextLine HEIGHT="71" WIDTH="1927" VPOS="1128" HPOS="433" STYLEREFS="StyleId-A32D3A34-129B-46B7-935F-38DA70ADE1DB-">
<String CONTENT="High" HEIGHT="69" WIDTH="165" VPOS="1130" HPOS="433"/>
<SP HEIGHT="53" WIDTH="34" VPOS="1130" HPOS="599"/>
<String CONTENT="on" HEIGHT="35" WIDTH="72" VPOS="1148" HPOS="634"/>
<SP HEIGHT="35" WIDTH="33" VPOS="1148" HPOS="707"/>
<String CONTENT="a" HEIGHT="34" WIDTH="31" VPOS="1148" HPOS="741"/>
<SP HEIGHT="52" WIDTH="34" VPOS="1130" HPOS="773"/>
<String CONTENT="hill," HEIGHT="67" WIDTH="125" VPOS="1130" HPOS="808"/>
<SP HEIGHT="68" WIDTH="31" VPOS="1129" HPOS="934"/>
<String CONTENT="by" HEIGHT="68" WIDTH="74" VPOS="1129" HPOS="966"/>
<SP HEIGHT="68" WIDTH="35" VPOS="1129" HPOS="1041"/>
<String CONTENT="Mae" HEIGHT="53" WIDTH="132" VPOS="1129" HPOS="1077"/>
<SP HEIGHT="52" WIDTH="33" VPOS="1130" HPOS="1210"/>
<String CONTENT="Foster" HEIGHT="52" WIDTH="201" VPOS="1130" HPOS="1244"/>
<SP HEIGHT="54" WIDTH="32" VPOS="1128" HPOS="1446"/>
<String CONTENT="Jay;" HEIGHT="69" WIDTH="144" VPOS="1128" HPOS="1479"/>
<SP HEIGHT="68" WIDTH="37" VPOS="1128" HPOS="1624"/>
<String CONTENT="illustrated" HEIGHT="54" WIDTH="325" VPOS="1128" HPOS="1662"/>
<SP HEIGHT="53" WIDTH="32" VPOS="1129" HPOS="1988"/>
<String CONTENT="by" HEIGHT="69" WIDTH="77" VPOS="1129" HPOS="2021"/>
<SP HEIGHT="69" WIDTH="32" VPOS="1129" HPOS="2099"/>
<String CONTENT="Harold" HEIGHT="53" WIDTH="228" VPOS="1129" HPOS="2132"/>
</TextLine>
<TextLine HEIGHT="69" WIDTH="1423" VPOS="1206" HPOS="365" STYLEREFS="StyleId-A32D3A34-129B-46B7-935F-38DA70ADE1DB-">
<String CONTENT="Cue." HEIGHT="55" WIDTH="134" VPOS="1208" HPOS="365"/>
<SP HEIGHT="52" WIDTH="73" VPOS="1208" HPOS="500"/>
<String CONTENT="Boston," HEIGHT="67" WIDTH="232" VPOS="1208" HPOS="574"/>
<SP HEIGHT="67" WIDTH="28" VPOS="1208" HPOS="807"/>
<String CONTENT="W." HEIGHT="53" WIDTH="89" VPOS="1208" HPOS="836"/>
<SP HEIGHT="52" WIDTH="31" VPOS="1207" HPOS="926"/>
<String CONTENT="A." HEIGHT="53" WIDTH="71" VPOS="1207" HPOS="958"/>
<SP HEIGHT="53" WIDTH="30" VPOS="1208" HPOS="1030"/>
<String CONTENT="Wilde" HEIGHT="55" WIDTH="191" VPOS="1206" HPOS="1061"/>
<SP HEIGHT="33" WIDTH="27" VPOS="1226" HPOS="1253"/>
<String CONTENT="company" HEIGHT="51" WIDTH="279" VPOS="1224" HPOS="1281"/>
<SP HEIGHT="49" WIDTH="34" VPOS="1226" HPOS="1561"/>
<String STYLE="subscript" CONTENT="[" HEIGHT="33" WIDTH="12" VPOS="1240" HPOS="1596"/>
<String STYLE="superscript" CONTENT="c" HEIGHT="21" WIDTH="17" VPOS="1213" HPOS="1614"/>
<String CONTENT="1934" HEIGHT="50" WIDTH="135" VPOS="1209" HPOS="1637"/>
<String STYLE="subscript" CONTENT="]" HEIGHT="34" WIDTH="12" VPOS="1240" HPOS="1776"/>
</TextLine>
<TextLine HEIGHT="50" WIDTH="565" VPOS="1280" HPOS="433" CS="1">
<String CONTENT="313" HEIGHT="40" WIDTH="83" VPOS="1283" HPOS="433"/>
<SP HEIGHT="46" WIDTH="29" VPOS="1284" HPOS="517"/>
<String CONTENT="p." HEIGHT="37" WIDTH="42" VPOS="1293" HPOS="547"/>
<SP HEIGHT="39" WIDTH="56" VPOS="1282" HPOS="590"/>
<String CONTENT="front" HEIGHT="40" WIDTH="137" VPOS="1282" HPOS="647"/>
<SP HEIGHT="40" WIDTH="69" VPOS="1282" HPOS="785"/>
<String CS="1" CONTENT="19&#189;" HEIGHT="41" WIDTH="54" VPOS="1280" HPOS="855"/>
<String STYLE="superscript" CONTENT="cm" HEIGHT="21" WIDTH="44" VPOS="1284" HPOS="942"/>
<String CONTENT="." HEIGHT="8" WIDTH="8" VPOS="1312" HPOS="990"/>
</TextLine>
<TextLine HEIGHT="52" WIDTH="1992" VPOS="1335" HPOS="367" CS="1">
<String CONTENT="&#169;" HEIGHT="51" WIDTH="53" VPOS="1336" HPOS="367"/>
<SP HEIGHT="51" WIDTH="24" VPOS="1336" HPOS="421"/>
<String CONTENT="Sept." HEIGHT="47" WIDTH="125" VPOS="1340" HPOS="446"/>
<SP HEIGHT="37" WIDTH="22" VPOS="1341" HPOS="572"/>
<String CONTENT="4," HEIGHT="44" WIDTH="41" VPOS="1341" HPOS="595"/>
<SP HEIGHT="45" WIDTH="23" VPOS="1340" HPOS="637"/>
<String CS="1" CONTENT="1934;" HEIGHT="42" WIDTH="114" VPOS="1338" HPOS="661"/>
<SP HEIGHT="48" WIDTH="25" VPOS="1338" HPOS="803"/>
<String CONTENT="2c." HEIGHT="41" WIDTH="65" VPOS="1338" HPOS="829"/>
<SP HEIGHT="40" WIDTH="24" VPOS="1339" HPOS="895"/>
<String CONTENT="Jan." HEIGHT="40" WIDTH="108" VPOS="1339" HPOS="920"/>
<SP HEIGHT="39" WIDTH="25" VPOS="1338" HPOS="1029"/>
<String CONTENT="23," HEIGHT="48" WIDTH="69" VPOS="1338" HPOS="1055"/>
<SP HEIGHT="47" WIDTH="24" VPOS="1339" HPOS="1125"/>
<String CONTENT="1935;" HEIGHT="50" WIDTH="141" VPOS="1336" HPOS="1150"/>
<SP HEIGHT="37" WIDTH="25" VPOS="1349" HPOS="1292"/>
<String CONTENT="aff." HEIGHT="43" WIDTH="81" VPOS="1335" HPOS="1318"/>
<SP HEIGHT="39" WIDTH="26" VPOS="1338" HPOS="1400"/>
<String CONTENT="Jan." HEIGHT="40" WIDTH="107" VPOS="1338" HPOS="1427"/>
<SP HEIGHT="39" WIDTH="24" VPOS="1338" HPOS="1535"/>
<String CONTENT="22;" HEIGHT="40" WIDTH="59" VPOS="1337" HPOS="1560"/>
<SP HEIGHT="47" WIDTH="26" VPOS="1338" HPOS="1643"/>
<!-- cceid 8318F18C-6D82-1014-B070-FDFD250A9EDA --><String CONTENT="A" HEIGHT="39" WIDTH="41" VPOS="1338" HPOS="1670"/>
<SP HEIGHT="40" WIDTH="23" VPOS="1338" HPOS="1712"/>
<String CONTENT="80140;" HEIGHT="47" WIDTH="170" VPOS="1338" HPOS="1736"/>
<SP HEIGHT="46" WIDTH="23" VPOS="1339" HPOS="1907"/>
<String CONTENT="W." HEIGHT="40" WIDTH="71" VPOS="1339" HPOS="1931"/>
<SP HEIGHT="39" WIDTH="25" VPOS="1339" HPOS="2003"/>
<String CONTENT="A." HEIGHT="40" WIDTH="54" VPOS="1339" HPOS="2029"/>
<SP HEIGHT="40" WIDTH="23" VPOS="1340" HPOS="2084"/>
<String CONTENT="Wilde" HEIGHT="42" WIDTH="158" VPOS="1338" HPOS="2108"/>
<SP HEIGHT="30" WIDTH="22" VPOS="1350" HPOS="2267"/>
<String CONTENT="co." HEIGHT="31" WIDTH="69" VPOS="1349" HPOS="2290"/>
</TextLine>
<TextLine HEIGHT="49" WIDTH="248" VPOS="1396" HPOS="443">
<String CONTENT="(35-1206)" HEIGHT="49" WIDTH="248" VPOS="1396" HPOS="443"/>
</TextLine>
<TextLine HEIGHT="64" WIDTH="937" VPOS="1499" HPOS="362" STYLEREFS="StyleId-4DC81F0F-3177-4D0B-93C2-B9BDF1EEF5AF-">
<String CONTENT="Jenney," HEIGHT="64" WIDTH="245" VPOS="1499" HPOS="362"/>
<SP HEIGHT="63" WIDTH="25" VPOS="1500" HPOS="608"/>
<String CONTENT="Ray" HEIGHT="62" WIDTH="130" VPOS="1500" HPOS="634"/>
<SP HEIGHT="63" WIDTH="25" VPOS="1499" HPOS="765"/>
<String CONTENT="Freeman," HEIGHT="62" WIDTH="306" VPOS="1499" HPOS="791"/>
<SP HEIGHT="57" WIDTH="29" VPOS="1504" HPOS="1098"/>
<String CONTENT="1891-" HEIGHT="51" WIDTH="171" VPOS="1502" HPOS="1128"/>
</TextLine>
<TextLine HEIGHT="71" WIDTH="1859" VPOS="1574" HPOS="436" STYLEREFS="StyleId-A32D3A34-129B-46B7-935F-38DA70ADE1DB-" CS="1">
<String CONTENT="Speaking" HEIGHT="69" WIDTH="291" VPOS="1574" HPOS="436"/>
<SP HEIGHT="68" WIDTH="23" VPOS="1575" HPOS="728"/>
<String CONTENT="boldly;" HEIGHT="68" WIDTH="223" VPOS="1575" HPOS="752"/>
<SP HEIGHT="47" WIDTH="28" VPOS="1593" HPOS="976"/>
<String CONTENT="essay-sermons," HEIGHT="51" WIDTH="453" VPOS="1592" HPOS="1005"/>
<SP HEIGHT="67" WIDTH="23" VPOS="1575" HPOS="1459"/>
<String CONTENT="by" HEIGHT="68" WIDTH="75" VPOS="1575" HPOS="1483"/>
<SP HEIGHT="68" WIDTH="23" VPOS="1575" HPOS="1559"/>
<String CONTENT="Ray" HEIGHT="68" WIDTH="128" VPOS="1575" HPOS="1583"/>
<SP HEIGHT="67" WIDTH="24" VPOS="1576" HPOS="1712"/>
<String CONTENT="Freeman" HEIGHT="53" WIDTH="279" VPOS="1576" HPOS="1737"/>
<SP HEIGHT="54" WIDTH="23" VPOS="1575" HPOS="2017"/>
<String CONTENT="Jenney" HEIGHT="70" WIDTH="223" VPOS="1575" HPOS="2041"/>
<SP HEIGHT="51" WIDTH="30" VPOS="1594" HPOS="2265"/>
<String CS="1" CONTENT="&#8230;"/>
</TextLine>
<TextLine HEIGHT="68" WIDTH="1984" VPOS="1652" HPOS="367" STYLEREFS="StyleId-A32D3A34-129B-46B7-935F-38DA70ADE1DB-" CS="1">
<String CONTENT="with" HEIGHT="52" WIDTH="136" VPOS="1654" HPOS="367"/>
<SP HEIGHT="52" WIDTH="48" VPOS="1654" HPOS="504"/>
<String CONTENT="a" HEIGHT="34" WIDTH="32" VPOS="1672" HPOS="553"/>
<SP HEIGHT="53" WIDTH="49" VPOS="1653" HPOS="586"/>
<String CONTENT="foreword" HEIGHT="52" WIDTH="284" VPOS="1653" HPOS="636"/>
<SP HEIGHT="53" WIDTH="47" VPOS="1652" HPOS="921"/>
<String CONTENT="by" HEIGHT="68" WIDTH="73" VPOS="1652" HPOS="969"/>
<SP HEIGHT="67" WIDTH="49" VPOS="1653" HPOS="1043"/>
<String CONTENT="John" HEIGHT="54" WIDTH="155" VPOS="1653" HPOS="1093"/>
<SP HEIGHT="53" WIDTH="47" VPOS="1652" HPOS="1249"/>
<String CONTENT="McDowell" HEIGHT="53" WIDTH="321" VPOS="1652" HPOS="1297"/>
<SP HEIGHT="50" WIDTH="52" VPOS="1655" HPOS="1619"/>
<String CS="1" CONTENT="&#8230;"/>
<SP HEIGHT="53" WIDTH="78" VPOS="1652" HPOS="1728"/>
<String CONTENT="New" HEIGHT="53" WIDTH="139" VPOS="1652" HPOS="1807"/>
<SP HEIGHT="52" WIDTH="48" VPOS="1653" HPOS="1947"/>
<String CONTENT="York" HEIGHT="52" WIDTH="164" VPOS="1653" HPOS="1996"/>
<SP/>
<String CS="1" CONTENT="[etc.]" HEIGHT="34" WIDTH="12" VPOS="1686" HPOS="2339"/>
</TextLine>
<TextLine HEIGHT="69" WIDTH="1130" VPOS="1731" HPOS="364" STYLEREFS="StyleId-A32D3A34-129B-46B7-935F-38DA70ADE1DB-">
<String CONTENT="Fleming" HEIGHT="69" WIDTH="265" VPOS="1731" HPOS="364"/>
<SP HEIGHT="69" WIDTH="24" VPOS="1731" HPOS="630"/>
<String CONTENT="H." HEIGHT="52" WIDTH="76" VPOS="1731" HPOS="655"/>
<SP HEIGHT="52" WIDTH="29" VPOS="1731" HPOS="732"/>
<String CONTENT="Revell" HEIGHT="52" WIDTH="197" VPOS="1731" HPOS="762"/>
<SP HEIGHT="50" WIDTH="27" VPOS="1733" HPOS="960"/>
<String CONTENT="company" HEIGHT="50" WIDTH="280" VPOS="1749" HPOS="988"/>
<SP HEIGHT="49" WIDTH="33" VPOS="1750" HPOS="1269"/>
<String STYLE="subscript" CONTENT="[" HEIGHT="34" WIDTH="12" VPOS="1764" HPOS="1303"/>
<String STYLE="superscript" CONTENT="c" HEIGHT="21" WIDTH="17" VPOS="1737" HPOS="1321"/>
<String CONTENT="1935" HEIGHT="50" WIDTH="131" VPOS="1733" HPOS="1344"/>
<String STYLE="subscript" CONTENT="]" HEIGHT="34" WIDTH="12" VPOS="1764" HPOS="1482"/>
</TextLine>
<TextLine HEIGHT="49" WIDTH="270" VPOS="1804" HPOS="434" CS="1">
<String CONTENT="128" HEIGHT="40" WIDTH="86" VPOS="1805" HPOS="434"/>
<SP HEIGHT="48" WIDTH="24" VPOS="1805" HPOS="521"/>
<String CONTENT="p." HEIGHT="37" WIDTH="43" VPOS="1816" HPOS="546"/>
<SP HEIGHT="41" WIDTH="58" VPOS="1805" HPOS="590"/>
<String CS="1" CONTENT="19&#189;cm." HEIGHT="41" WIDTH="55" VPOS="1804" HPOS="649"/>
</TextLine>
<TextLine HEIGHT="52" WIDTH="1881" VPOS="1858" HPOS="366" CS="1">
<String CONTENT="&#169;" HEIGHT="52" WIDTH="51" VPOS="1858" HPOS="366"/>
<SP HEIGHT="52" WIDTH="25" VPOS="1858" HPOS="418"/>
<String CONTENT="Jan," HEIGHT="39" WIDTH="107" VPOS="1863" HPOS="444"/>
<SP HEIGHT="38" WIDTH="23" VPOS="1863" HPOS="552"/>
<String CONTENT="5," HEIGHT="46" WIDTH="39" VPOS="1863" HPOS="576"/>
<SP HEIGHT="46" WIDTH="25" VPOS="1863" HPOS="616"/>
<String CONTENT="1935;" HEIGHT="48" WIDTH="139" VPOS="1861" HPOS="642"/>
<SP HEIGHT="48" WIDTH="27" VPOS="1861" HPOS="782"/>
<String CONTENT="2c." HEIGHT="41" WIDTH="65" VPOS="1861" HPOS="810"/>
<SP HEIGHT="29" WIDTH="26" VPOS="1872" HPOS="876"/>
<String CONTENT="and" HEIGHT="38" WIDTH="94" VPOS="1863" HPOS="903"/>
<SP HEIGHT="38" WIDTH="26" VPOS="1863" HPOS="998"/>
<String CONTENT="aff." HEIGHT="41" WIDTH="80" VPOS="1860" HPOS="1025"/>
<SP HEIGHT="39" WIDTH="28" VPOS="1862" HPOS="1106"/>
<String CONTENT="Jan." HEIGHT="39" WIDTH="107" VPOS="1862" HPOS="1135"/>
<SP HEIGHT="38" WIDTH="27" VPOS="1862" HPOS="1243"/>
<String CONTENT="18;" HEIGHT="47" WIDTH="81" VPOS="1861" HPOS="1271"/>
<SP HEIGHT="47" WIDTH="29" VPOS="1861" HPOS="1353"/>
<!-- cceid 8319B95D-6D82-1014-B070-FDFD250A9EDA --><String CONTENT="A" HEIGHT="39" WIDTH="41" VPOS="1861" HPOS="1383"/>
<SP HEIGHT="41" WIDTH="23" VPOS="1861" HPOS="1425"/>
<String CS="1" CONTENT="80060;" HEIGHT="41" WIDTH="143" VPOS="1861" HPOS="1449"/>
<SP HEIGHT="47" WIDTH="30" VPOS="1861" HPOS="1620"/>
<String CONTENT="Fleming" HEIGHT="49" WIDTH="222" VPOS="1861" HPOS="1651"/>
<SP HEIGHT="48" WIDTH="22" VPOS="1862" HPOS="1874"/>
<String CONTENT="H." HEIGHT="39" WIDTH="59" VPOS="1862" HPOS="1897"/>
<SP HEIGHT="39" WIDTH="29" VPOS="1862" HPOS="1957"/>
<String CONTENT="Revell" HEIGHT="41" WIDTH="168" VPOS="1861" HPOS="1987"/>
<SP HEIGHT="39" WIDTH="25" VPOS="1864" HPOS="2156"/>
<String CONTENT="co." HEIGHT="30" WIDTH="65" VPOS="1873" HPOS="2182"/>
</TextLine>
<TextLine HEIGHT="49" WIDTH="249" VPOS="1918" HPOS="443">
<String CONTENT="(35-1424)" HEIGHT="49" WIDTH="249" VPOS="1918" HPOS="443"/>
</TextLine>
<TextLine HEIGHT="69" WIDTH="931" VPOS="2018" HPOS="361" STYLEREFS="StyleId-4DC81F0F-3177-4D0B-93C2-B9BDF1EEF5AF-">
<String CONTENT="Jillson," HEIGHT="69" WIDTH="224" VPOS="2018" HPOS="361"/>
<SP HEIGHT="64" WIDTH="25" VPOS="2023" HPOS="586"/>
<String CONTENT="Willard" HEIGHT="56" WIDTH="240" VPOS="2020" HPOS="612"/>
<SP HEIGHT="52" WIDTH="26" VPOS="2023" HPOS="853"/>
<String CONTENT="Rouse," HEIGHT="62" WIDTH="212" VPOS="2024" HPOS="880"/>
<SP HEIGHT="59" WIDTH="28" VPOS="2027" HPOS="1093"/>
<String CONTENT="1890-" HEIGHT="49" WIDTH="170" VPOS="2027" HPOS="1122"/>
</TextLine>
<TextLine HEIGHT="68" WIDTH="1557" VPOS="2098" HPOS="431" STYLEREFS="StyleId-A32D3A34-129B-46B7-935F-38DA70ADE1DB-" CS="1">
<String CONTENT="Pioneer" HEIGHT="54" WIDTH="239" VPOS="2098" HPOS="431"/>
<SP HEIGHT="52" WIDTH="31" VPOS="2099" HPOS="671"/>
<String CONTENT="Kentucky;" HEIGHT="67" WIDTH="333" VPOS="2099" HPOS="703"/>
<SP HEIGHT="47" WIDTH="36" VPOS="2119" HPOS="1037"/>
<String CONTENT="an" HEIGHT="35" WIDTH="72" VPOS="2118" HPOS="1074"/>
<SP HEIGHT="35" WIDTH="31" VPOS="2118" HPOS="1147"/>
<String CONTENT="outline" HEIGHT="53" WIDTH="217" VPOS="2100" HPOS="1179"/>
<SP HEIGHT="35" WIDTH="30" VPOS="2118" HPOS="1397"/>
<String CONTENT="of" HEIGHT="54" WIDTH="63" VPOS="2099" HPOS="1428"/>
<SP HEIGHT="52" WIDTH="29" VPOS="2099" HPOS="1492"/>
<String CONTENT="its" HEIGHT="54" WIDTH="74" VPOS="2099" HPOS="1522"/>
<SP HEIGHT="34" WIDTH="30" VPOS="2119" HPOS="1597"/>
<String CONTENT="exploration" HEIGHT="66" WIDTH="360" VPOS="2098" HPOS="1628"/>
</TextLine>
<TextLine HEIGHT="143" WIDTH="1990" VPOS="2100" HPOS="364" STYLEREFS="StyleId-A32D3A34-129B-46B7-935F-38DA70ADE1DB-" CS="1">
<String CONTENT="and" HEIGHT="51" WIDTH="112" VPOS="2100" HPOS="2023"/>
<SP HEIGHT="51" WIDTH="31" VPOS="2100" HPOS="2136"/>
<String CONTENT="settlement," HEIGHT="141" WIDTH="1967" VPOS="2101" HPOS="364"/>
<SP HEIGHT="64" WIDTH="26" VPOS="2178" HPOS="533"/>
<String CONTENT="its" HEIGHT="51" WIDTH="73" VPOS="2178" HPOS="560"/>
<SP HEIGHT="34" WIDTH="30" VPOS="2195" HPOS="634"/>
<String CONTENT="early" HEIGHT="64" WIDTH="159" VPOS="2178" HPOS="665"/>
<SP HEIGHT="47" WIDTH="26" VPOS="2195" HPOS="825"/>
<String CONTENT="cartography" HEIGHT="66" WIDTH="386" VPOS="2177" HPOS="852"/>
<SP HEIGHT="48" WIDTH="28" VPOS="2195" HPOS="1239"/>
<String CONTENT="and" HEIGHT="51" WIDTH="112" VPOS="2178" HPOS="1268"/>
<SP HEIGHT="64" WIDTH="30" VPOS="2178" HPOS="1381"/>
<String CONTENT="primitive" HEIGHT="66" WIDTH="294" VPOS="2176" HPOS="1412"/>
<SP HEIGHT="46" WIDTH="27" VPOS="2195" HPOS="1707"/>
<String CONTENT="geography," HEIGHT="66" WIDTH="352" VPOS="2177" HPOS="1735"/>
<SP HEIGHT="47" WIDTH="27" VPOS="2195" HPOS="2088"/>
<String CONTENT="coupled" HEIGHT="65" WIDTH="238" VPOS="2177" HPOS="2116"/>
</TextLine>
<TextLine HEIGHT="66" WIDTH="1990" VPOS="2253" HPOS="364" STYLEREFS="StyleId-A32D3A34-129B-46B7-935F-38DA70ADE1DB-">
<String CONTENT="with" HEIGHT="51" WIDTH="137" VPOS="2253" HPOS="364"/>
<SP HEIGHT="51" WIDTH="30" VPOS="2254" HPOS="502"/>
<String CONTENT="a" HEIGHT="34" WIDTH="32" VPOS="2271" HPOS="533"/>
<SP HEIGHT="52" WIDTH="28" VPOS="2253" HPOS="566"/>
<String CONTENT="brief" HEIGHT="52" WIDTH="153" VPOS="2253" HPOS="595"/>
<SP HEIGHT="66" WIDTH="28" VPOS="2253" HPOS="749"/>
<String CONTENT="presentation" HEIGHT="66" WIDTH="389" VPOS="2253" HPOS="778"/>
<SP HEIGHT="36" WIDTH="30" VPOS="2271" HPOS="1168"/>
<String CONTENT="of" HEIGHT="54" WIDTH="63" VPOS="2253" HPOS="1199"/>
<SP HEIGHT="53" WIDTH="29" VPOS="2253" HPOS="1263"/>
<String CONTENT="the" HEIGHT="51" WIDTH="96" VPOS="2255" HPOS="1293"/>
<SP HEIGHT="47" WIDTH="30" VPOS="2272" HPOS="1390"/>
<String CONTENT="principal" HEIGHT="66" WIDTH="288" VPOS="2253" HPOS="1421"/>
<SP HEIGHT="50" WIDTH="30" VPOS="2256" HPOS="1710"/>
<String CONTENT="trails," HEIGHT="64" WIDTH="184" VPOS="2254" HPOS="1741"/>
<SP HEIGHT="60" WIDTH="29" VPOS="2258" HPOS="1926"/>
<String CONTENT="traces," HEIGHT="60" WIDTH="200" VPOS="2258" HPOS="1956"/>
<SP HEIGHT="65" WIDTH="31" VPOS="2253" HPOS="2157"/>
<String CONTENT="forts," HEIGHT="65" WIDTH="165" VPOS="2253" HPOS="2189"/>
</TextLine>
<TextLine HEIGHT="68" WIDTH="1995" VPOS="2329" HPOS="360" STYLEREFS="StyleId-A32D3A34-129B-46B7-935F-38DA70ADE1DB-">
<String CONTENT="stations," HEIGHT="66" WIDTH="256" VPOS="2330" HPOS="360"/>
<SP HEIGHT="48" WIDTH="25" VPOS="2348" HPOS="617"/>
<String CONTENT="springs," HEIGHT="68" WIDTH="245" VPOS="2329" HPOS="643"/>
<SP HEIGHT="65" WIDTH="25" VPOS="2332" HPOS="889"/>
<String CONTENT="licks," HEIGHT="66" WIDTH="159" VPOS="2331" HPOS="915"/>
<SP HEIGHT="68" WIDTH="27" VPOS="2329" HPOS="1075"/>
<String CONTENT="fords" HEIGHT="54" WIDTH="162" VPOS="2329" HPOS="1103"/>
<SP HEIGHT="34" WIDTH="26" VPOS="2349" HPOS="1266"/>
<String CONTENT="and" HEIGHT="52" WIDTH="112" VPOS="2331" HPOS="1293"/>
<SP HEIGHT="52" WIDTH="27" VPOS="2330" HPOS="1406"/>
<String CONTENT="ferries" HEIGHT="53" WIDTH="202" VPOS="2330" HPOS="1434"/>
<SP HEIGHT="35" WIDTH="25" VPOS="2348" HPOS="1637"/>
<String CONTENT="used" HEIGHT="52" WIDTH="137" VPOS="2331" HPOS="1663"/>
<SP HEIGHT="65" WIDTH="26" VPOS="2331" HPOS="1801"/>
<String CONTENT="prior" HEIGHT="66" WIDTH="159" VPOS="2330" HPOS="1828"/>
<SP HEIGHT="48" WIDTH="22" VPOS="2335" HPOS="1988"/>
<String CONTENT="to" HEIGHT="48" WIDTH="60" VPOS="2335" HPOS="2011"/>
<SP HEIGHT="49" WIDTH="25" VPOS="2334" HPOS="2072"/>
<String CONTENT="the" HEIGHT="52" WIDTH="96" VPOS="2331" HPOS="2098"/>
<SP HEIGHT="48" WIDTH="24" VPOS="2348" HPOS="2195"/>
<String CONTENT="year" HEIGHT="48" WIDTH="135" VPOS="2348" HPOS="2220"/>
</TextLine>
<TextLine HEIGHT="67" WIDTH="1989" VPOS="2406" HPOS="365" STYLEREFS="StyleId-A32D3A34-129B-46B7-935F-38DA70ADE1DB-" CS="1">
<String CONTENT="1800," HEIGHT="64" WIDTH="149" VPOS="2408" HPOS="365"/>
<SP HEIGHT="66" WIDTH="25" VPOS="2406" HPOS="515"/>
<String CONTENT="by" HEIGHT="66" WIDTH="75" VPOS="2406" HPOS="541"/>
<SP HEIGHT="65" WIDTH="25" VPOS="2407" HPOS="617"/>
<String CONTENT="Willard" HEIGHT="55" WIDTH="249" VPOS="2406" HPOS="643"/>
<SP HEIGHT="51" WIDTH="27" VPOS="2408" HPOS="893"/>
<String CONTENT="Rouse" HEIGHT="52" WIDTH="188" VPOS="2408" HPOS="921"/>
<SP HEIGHT="54" WIDTH="25" VPOS="2407" HPOS="1110"/>
<String CONTENT="Jillson" HEIGHT="54" WIDTH="213" VPOS="2407" HPOS="1136"/>
<SP HEIGHT="35" WIDTH="33" VPOS="2425" HPOS="1350"/>
<String CS="1" CONTENT="&#8230;"/>
<SP HEIGHT="52" WIDTH="67" VPOS="2408" HPOS="1441"/>
<String CONTENT="Frankfort," HEIGHT="65" WIDTH="340" VPOS="2407" HPOS="1509"/>
<SP HEIGHT="66" WIDTH="26" VPOS="2406" HPOS="1850"/>
<String CONTENT="Ky.," HEIGHT="67" WIDTH="133" VPOS="2406" HPOS="1877"/>
<SP HEIGHT="65" WIDTH="27" VPOS="2408" HPOS="2011"/>
<String CONTENT="The" HEIGHT="53" WIDTH="123" VPOS="2407" HPOS="2039"/>
<SP HEIGHT="56" WIDTH="29" VPOS="2406" HPOS="2163"/>
<String CONTENT="State" HEIGHT="56" WIDTH="161" VPOS="2406" HPOS="2193"/>
</TextLine>
<TextLine HEIGHT="66" WIDTH="746" VPOS="2484" HPOS="361" STYLEREFS="StyleId-A32D3A34-129B-46B7-935F-38DA70ADE1DB-">
<String CONTENT="journal" HEIGHT="64" WIDTH="225" VPOS="2484" HPOS="361"/>
<SP HEIGHT="50" WIDTH="35" VPOS="2485" HPOS="587"/>
<String CONTENT="company," HEIGHT="50" WIDTH="295" VPOS="2500" HPOS="623"/>
<SP HEIGHT="63" WIDTH="35" VPOS="2487" HPOS="919"/>
<String CONTENT="1934." HEIGHT="50" WIDTH="152" VPOS="2487" HPOS="955"/>
</TextLine>
<TextLine HEIGHT="51" WIDTH="1340" VPOS="2554" HPOS="430" CS="1">
<String CONTENT="6" HEIGHT="39" WIDTH="27" VPOS="2555" HPOS="430"/>
<SP HEIGHT="47" WIDTH="21" VPOS="2555" HPOS="458"/>
<String CONTENT="p." HEIGHT="37" WIDTH="43" VPOS="2565" HPOS="480"/>
<SP HEIGHT="40" WIDTH="24" VPOS="2555" HPOS="524"/>
<String CS="1" CONTENT="l.,"/>
<SP HEIGHT="29" WIDTH="29" VPOS="2576" HPOS="594"/>
<String CONTENT="[9]-152" HEIGHT="51" WIDTH="173" VPOS="2554" HPOS="624"/>
<SP HEIGHT="47" WIDTH="23" VPOS="2556" HPOS="798"/>
<String CONTENT="p." HEIGHT="37" WIDTH="43" VPOS="2566" HPOS="822"/>
<SP HEIGHT="39" WIDTH="25" VPOS="2556" HPOS="866"/>
<String CONTENT="incl." HEIGHT="39" WIDTH="109" VPOS="2556" HPOS="892"/>
<SP HEIGHT="39" WIDTH="25" VPOS="2556" HPOS="1002"/>
<String CONTENT="front.," HEIGHT="47" WIDTH="164" VPOS="2556" HPOS="1028"/>
<SP HEIGHT="46" WIDTH="26" VPOS="2557" HPOS="1193"/>
<String CONTENT="1" HEIGHT="39" WIDTH="25" VPOS="2557" HPOS="1220"/>
<SP HEIGHT="40" WIDTH="25" VPOS="2556" HPOS="1246"/>
<String CONTENT="illus.," HEIGHT="47" WIDTH="142" VPOS="2556" HPOS="1272"/>
<SP HEIGHT="36" WIDTH="23" VPOS="2567" HPOS="1415"/>
<String CONTENT="map." HEIGHT="38" WIDTH="125" VPOS="2567" HPOS="1439"/>
<SP HEIGHT="42" WIDTH="59" VPOS="2555" HPOS="1565"/>
<String CS="1" CONTENT="23&#189;" HEIGHT="40" WIDTH="54" VPOS="2555" HPOS="1625"/>
<String STYLE="superscript" CONTENT="cm" HEIGHT="21" WIDTH="43" VPOS="2558" HPOS="1714"/>
<String CONTENT="." HEIGHT="8" WIDTH="8" VPOS="2588" HPOS="1762"/>
</TextLine>
<TextLine HEIGHT="51" WIDTH="684" VPOS="2610" HPOS="431">
<String CONTENT="Illustrated" HEIGHT="43" WIDTH="286" VPOS="2610" HPOS="431"/>
<SP HEIGHT="39" WIDTH="36" VPOS="2612" HPOS="718"/>
<String CONTENT="lining-papers." HEIGHT="49" WIDTH="360" VPOS="2612" HPOS="755"/>
</TextLine>
<TextLine HEIGHT="51" WIDTH="1063" VPOS="2666" HPOS="434">
<String CONTENT="&#8220;First" HEIGHT="42" WIDTH="160" VPOS="2666" HPOS="434"/>
<SP HEIGHT="37" WIDTH="23" VPOS="2671" HPOS="595"/>
<String CONTENT="edition." HEIGHT="42" WIDTH="196" VPOS="2667" HPOS="619"/>
<SP HEIGHT="42" WIDTH="53" VPOS="2667" HPOS="816"/>
<String CONTENT="Limited" HEIGHT="42" WIDTH="207" VPOS="2667" HPOS="870"/>
<SP HEIGHT="40" WIDTH="26" VPOS="2669" HPOS="1078"/>
<String CONTENT="to" HEIGHT="39" WIDTH="49" VPOS="2670" HPOS="1105"/>
<SP HEIGHT="41" WIDTH="25" VPOS="2668" HPOS="1155"/>
<String CONTENT="400" HEIGHT="41" WIDTH="86" VPOS="2668" HPOS="1181"/>
<SP HEIGHT="41" WIDTH="25" VPOS="2668" HPOS="1268"/>
<String CONTENT="copies.&#8221;" HEIGHT="50" WIDTH="203" VPOS="2667" HPOS="1294"/>
</TextLine>
<TextLine HEIGHT="50" WIDTH="735" VPOS="2723" HPOS="432">
<String CONTENT="Bibliography;" HEIGHT="50" WIDTH="372" VPOS="2723" HPOS="432"/>
<SP HEIGHT="38" WIDTH="33" VPOS="2735" HPOS="805"/>
<String CONTENT="p." HEIGHT="37" WIDTH="44" VPOS="2736" HPOS="839"/>
<SP HEIGHT="29" WIDTH="35" VPOS="2744" HPOS="884"/>
<String CONTENT="[135]-144." HEIGHT="49" WIDTH="247" VPOS="2724" HPOS="920"/>
</TextLine>
<TextLine HEIGHT="53" WIDTH="1986" VPOS="2777" HPOS="365">
<String CONTENT="&#169;" HEIGHT="52" WIDTH="51" VPOS="2777" HPOS="365"/>
<SP HEIGHT="52" WIDTH="27" VPOS="2777" HPOS="417"/>
<String CONTENT="Dec." HEIGHT="39" WIDTH="109" VPOS="2782" HPOS="445"/>
<SP HEIGHT="39" WIDTH="29" VPOS="2782" HPOS="555"/>
<String CONTENT="6," HEIGHT="46" WIDTH="38" VPOS="2782" HPOS="585"/>
<SP HEIGHT="45" WIDTH="27" VPOS="2783" HPOS="624"/>
<String CONTENT="1934;" HEIGHT="47" WIDTH="140" VPOS="2781" HPOS="652"/>
<SP HEIGHT="47" WIDTH="30" VPOS="2781" HPOS="793"/>
<String CONTENT="2c." HEIGHT="40" WIDTH="65" VPOS="2781" HPOS="824"/>
<SP HEIGHT="37" WIDTH="30" VPOS="2783" HPOS="890"/>
<String CONTENT="Dec." HEIGHT="38" WIDTH="109" VPOS="2783" HPOS="921"/>
<SP HEIGHT="39" WIDTH="31" VPOS="2782" HPOS="1031"/>
<String CONTENT="10;" HEIGHT="47" WIDTH="80" VPOS="2781" HPOS="1063"/>
<SP HEIGHT="36" WIDTH="33" VPOS="2792" HPOS="1144"/>
<String CONTENT="aff." HEIGHT="40" WIDTH="80" VPOS="2781" HPOS="1178"/>
<SP HEIGHT="39" WIDTH="30" VPOS="2782" HPOS="1259"/>
<String CONTENT="Jan." HEIGHT="39" WIDTH="108" VPOS="2782" HPOS="1290"/>
<SP HEIGHT="39" WIDTH="30" VPOS="2782" HPOS="1399"/>
<String CONTENT="14," HEIGHT="47" WIDTH="68" VPOS="2782" HPOS="1430"/>
<SP HEIGHT="47" WIDTH="28" VPOS="2782" HPOS="1499"/>
<String CONTENT="1935;" HEIGHT="49" WIDTH="140" VPOS="2780" HPOS="1528"/>
<SP HEIGHT="47" WIDTH="31" VPOS="2782" HPOS="1669"/>
<!-- cceid 831A8AB3-6D82-1014-B070-FDFD250A9EDA --><String CONTENT="A" HEIGHT="39" WIDTH="41" VPOS="2782" HPOS="1701"/>
<SP HEIGHT="40" WIDTH="27" VPOS="2782" HPOS="1743"/>
<String CONTENT="79174:" HEIGHT="42" WIDTH="169" VPOS="2781" HPOS="1771"/>
<SP HEIGHT="41" WIDTH="29" VPOS="2782" HPOS="1941"/>
<String CONTENT="W." HEIGHT="40" WIDTH="71" VPOS="2782" HPOS="1971"/>
<SP HEIGHT="40" WIDTH="32" VPOS="2782" HPOS="2043"/>
<String CONTENT="R." HEIGHT="39" WIDTH="53" VPOS="2782" HPOS="2076"/>
<SP HEIGHT="40" WIDTH="31" VPOS="2782" HPOS="2130"/>
<String CONTENT="Jillson," HEIGHT="48" WIDTH="189" VPOS="2782" HPOS="2162"/>
</TextLine>
<TextLine HEIGHT="50" WIDTH="720" VPOS="2837" HPOS="431">
<String CONTENT="Frankfort," HEIGHT="49" WIDTH="281" VPOS="2837" HPOS="431"/>
<SP HEIGHT="48" WIDTH="26" VPOS="2838" HPOS="713"/>
<String CONTENT="Ky." HEIGHT="48" WIDTH="90" VPOS="2838" HPOS="740"/>
<SP HEIGHT="48" WIDTH="69" VPOS="2838" HPOS="831"/>
<String CONTENT="(35-1293)" HEIGHT="49" WIDTH="250" VPOS="2838" HPOS="901"/>
</TextLine>
<TextLine HEIGHT="68" WIDTH="702" VPOS="2940" HPOS="359" STYLEREFS="StyleId-4DC81F0F-3177-4D0B-93C2-B9BDF1EEF5AF-">
<String CONTENT="Johnson," HEIGHT="65" WIDTH="281" VPOS="2940" HPOS="359"/>
<SP HEIGHT="63" WIDTH="28" VPOS="2942" HPOS="641"/>
<String CONTENT="Edna," HEIGHT="63" WIDTH="185" VPOS="2942" HPOS="670"/>
<SP HEIGHT="46" WIDTH="27" VPOS="2959" HPOS="856"/>
<String CONTENT="comp." HEIGHT="50" WIDTH="177" VPOS="2958" HPOS="884"/>
</TextLine>
<TextLine HEIGHT="144" WIDTH="1983" VPOS="3015" HPOS="360" STYLEREFS="StyleId-A32D3A34-129B-46B7-935F-38DA70ADE1DB-" CS="1">
<String CONTENT="Anthology" HEIGHT="68" WIDTH="333" VPOS="3015" HPOS="430"/>
<SP HEIGHT="47" WIDTH="26" VPOS="3036" HPOS="764"/>
<String CONTENT="of" HEIGHT="52" WIDTH="64" VPOS="3018" HPOS="791"/>
<SP HEIGHT="52" WIDTH="28" VPOS="3018" HPOS="856"/>
<String CONTENT="children&#8217;s" HEIGHT="53" WIDTH="301" VPOS="3017" HPOS="885"/>
<SP HEIGHT="50" WIDTH="27" VPOS="3020" HPOS="1187"/>
<String CONTENT="literature," HEIGHT="65" WIDTH="315" VPOS="3018" HPOS="1215"/>
<SP HEIGHT="46" WIDTH="27" VPOS="3037" HPOS="1531"/>
<String CONTENT="compiled" HEIGHT="66" WIDTH="281" VPOS="3018" HPOS="1559"/>
<SP HEIGHT="52" WIDTH="26" VPOS="3018" HPOS="1841"/>
<String CONTENT="by" HEIGHT="65" WIDTH="77" VPOS="3018" HPOS="1868"/>
<SP HEIGHT="65" WIDTH="25" VPOS="3018" HPOS="1946"/>
<String CONTENT="Edna" HEIGHT="52" WIDTH="172" VPOS="3018" HPOS="1972"/>
<SP HEIGHT="54" WIDTH="24" VPOS="3017" HPOS="2145"/>
<String CONTENT="Johnson" HEIGHT="128" WIDTH="1966" VPOS="3017" HPOS="360"/>
<SP HEIGHT="34" WIDTH="52" VPOS="3112" HPOS="460"/>
<String CS="1" CONTENT="&#8230;"/>
<SP HEIGHT="34" WIDTH="54" VPOS="3112" HPOS="570"/>
<String CONTENT="and" HEIGHT="51" WIDTH="112" VPOS="3095" HPOS="625"/>
<SP HEIGHT="55" WIDTH="48" VPOS="3094" HPOS="738"/>
<String CONTENT="Carrie" HEIGHT="55" WIDTH="199" VPOS="3094" HPOS="787"/>
<SP HEIGHT="53" WIDTH="47" VPOS="3094" HPOS="987"/>
<String CONTENT="E." HEIGHT="54" WIDTH="69" VPOS="3094" HPOS="1035"/>
<SP HEIGHT="55" WIDTH="51" VPOS="3094" HPOS="1105"/>
<String CONTENT="Scott" HEIGHT="55" WIDTH="159" VPOS="3094" HPOS="1157"/>
<SP HEIGHT="48" WIDTH="53" VPOS="3099" HPOS="1317"/>
<String CS="1" CONTENT="&#8230;"/>
<SP HEIGHT="51" WIDTH="88" VPOS="3096" HPOS="1428"/>
<String CONTENT="Boston," HEIGHT="63" WIDTH="235" VPOS="3096" HPOS="1517"/>
<SP HEIGHT="65" WIDTH="45" VPOS="3094" HPOS="1753"/>
<String CONTENT="New" HEIGHT="53" WIDTH="141" VPOS="3094" HPOS="1799"/>
<SP HEIGHT="53" WIDTH="47" VPOS="3094" HPOS="1941"/>
<String CONTENT="York" HEIGHT="53" WIDTH="165" VPOS="3093" HPOS="1989"/>
<SP/>
<String CS="1" CONTENT="[etc.]" HEIGHT="34" WIDTH="13" VPOS="3124" HPOS="2330"/>
</TextLine>
<TextLine HEIGHT="69" WIDTH="1100" VPOS="3168" HPOS="360" STYLEREFS="StyleId-A32D3A34-129B-46B7-935F-38DA70ADE1DB-" CS="1">
<String CONTENT="Houghton" HEIGHT="67" WIDTH="315" VPOS="3168" HPOS="360"/>
<SP HEIGHT="51" WIDTH="33" VPOS="3170" HPOS="676"/>
<String CONTENT="Mifflin" HEIGHT="52" WIDTH="202" VPOS="3170" HPOS="710"/>
<SP HEIGHT="33" WIDTH="34" VPOS="3189" HPOS="913"/>
<String CONTENT="company" HEIGHT="49" WIDTH="278" VPOS="3188" HPOS="948"/>
<SP/>
<String CS="1" CONTENT="[c1935]" HEIGHT="34" WIDTH="14" VPOS="3203" HPOS="1446"/>
</TextLine>
<TextLine HEIGHT="52" WIDTH="837" VPOS="3240" HPOS="429" STYLEREFS="StyleId-A32D3A34-129B-46B7-935F-38DA70ADE1DB-" CS="1">
<String CONTENT="xxvii" HEIGHT="42" WIDTH="135" VPOS="3240" HPOS="429"/>
<SP HEIGHT="48" WIDTH="27" VPOS="3242" HPOS="565"/>
<String CONTENT="p.," HEIGHT="38" WIDTH="58" VPOS="3252" HPOS="593"/>
<SP HEIGHT="48" WIDTH="26" VPOS="3241" HPOS="652"/>
<String CONTENT="2" HEIGHT="39" WIDTH="27" VPOS="3241" HPOS="679"/>
<SP HEIGHT="40" WIDTH="28" VPOS="3241" HPOS="707"/>
<String CS="1" CONTENT="l.,"/>
<SP HEIGHT="29" WIDTH="33" VPOS="3263" HPOS="781"/>
<String CONTENT="[3]-914" HEIGHT="51" WIDTH="173" VPOS="3241" HPOS="815"/>
<SP HEIGHT="50" WIDTH="27" VPOS="3242" HPOS="989"/>
<String CONTENT="p." HEIGHT="39" WIDTH="43" VPOS="3253" HPOS="1017"/>
<SP HEIGHT="43" WIDTH="57" VPOS="3241" HPOS="1061"/>
<String CS="1" CONTENT="24&#189;" HEIGHT="41" WIDTH="57" VPOS="3241" HPOS="1119"/>
<String STYLE="superscript" CONTENT="cm" HEIGHT="23" WIDTH="43" VPOS="3244" HPOS="1209"/>
<String CONTENT="." HEIGHT="9" WIDTH="10" VPOS="3276" HPOS="1256"/>
</TextLine>
<TextLine HEIGHT="49" WIDTH="644" VPOS="3298" HPOS="430">
<String CONTENT="Includes" HEIGHT="41" WIDTH="224" VPOS="3298" HPOS="430"/>
<SP HEIGHT="39" WIDTH="30" VPOS="3299" HPOS="655"/>
<String CONTENT="bibliographies." HEIGHT="48" WIDTH="388" VPOS="3299" HPOS="686"/>
</TextLine>
<TextLine HEIGHT="52" WIDTH="1768" VPOS="3351" HPOS="365" CS="1">
<String CONTENT="&#169;" HEIGHT="52" WIDTH="51" VPOS="3351" HPOS="365"/>
<SP HEIGHT="52" WIDTH="28" VPOS="3351" HPOS="417"/>
<String CONTENT="Jan." HEIGHT="39" WIDTH="108" VPOS="3356" HPOS="446"/>
<SP HEIGHT="38" WIDTH="25" VPOS="3356" HPOS="555"/>
<String CONTENT="11," HEIGHT="46" WIDTH="68" VPOS="3356" HPOS="581"/>
<SP HEIGHT="46" WIDTH="25" VPOS="3356" HPOS="650"/>
<String CONTENT="1935;" HEIGHT="48" WIDTH="139" VPOS="3354" HPOS="676"/>
<SP HEIGHT="47" WIDTH="28" VPOS="3355" HPOS="816"/>
<String CONTENT="2c." HEIGHT="40" WIDTH="66" VPOS="3355" HPOS="845"/>
<SP HEIGHT="38" WIDTH="25" VPOS="3357" HPOS="912"/>
<String CONTENT="Jan." HEIGHT="39" WIDTH="107" VPOS="3357" HPOS="938"/>
<SP HEIGHT="39" WIDTH="27" VPOS="3355" HPOS="1046"/>
<String CONTENT="21;" HEIGHT="48" WIDTH="81" VPOS="3355" HPOS="1074"/>
<SP HEIGHT="36" WIDTH="30" VPOS="3367" HPOS="1156"/>
<String CONTENT="aff." HEIGHT="41" WIDTH="80" VPOS="3355" HPOS="1187"/>
<SP HEIGHT="39" WIDTH="28" VPOS="3357" HPOS="1268"/>
<String CONTENT="Jan." HEIGHT="39" WIDTH="107" VPOS="3357" HPOS="1297"/>
<SP HEIGHT="38" WIDTH="29" VPOS="3357" HPOS="1405"/>
<String CONTENT="19;" HEIGHT="48" WIDTH="81" VPOS="3355" HPOS="1435"/>
<SP HEIGHT="47" WIDTH="29" VPOS="3356" HPOS="1517"/>
<!-- cceid 831B5187-6D82-1014-B070-FDFD250A9EDA --><String CONTENT="A" HEIGHT="39" WIDTH="41" VPOS="3356" HPOS="1547"/>
<SP HEIGHT="40" WIDTH="27" VPOS="3356" HPOS="1589"/>
<String CONTENT="79280;" HEIGHT="47" WIDTH="169" VPOS="3356" HPOS="1617"/>
<SP HEIGHT="45" WIDTH="32" VPOS="3358" HPOS="1787"/>
<String CONTENT="E." HEIGHT="38" WIDTH="50" VPOS="3358" HPOS="1820"/>
<SP HEIGHT="39" WIDTH="30" VPOS="3357" HPOS="1871"/>
<String CONTENT="Johnson," HEIGHT="45" WIDTH="231" VPOS="3357" HPOS="1902"/>
</TextLine>
<TextLine HEIGHT="105" WIDTH="1903" VPOS="3356" HPOS="430" CS="1">
<String CONTENT="Bloomington," HEIGHT="104" WIDTH="1903" VPOS="3356" HPOS="430"/>
<SP HEIGHT="46" WIDTH="29" VPOS="3413" HPOS="611"/>
<String CONTENT="Ind.," HEIGHT="47" WIDTH="118" VPOS="3413" HPOS="641"/>
<SP HEIGHT="37" WIDTH="28" VPOS="3423" HPOS="760"/>
<String CONTENT="and" HEIGHT="39" WIDTH="94" VPOS="3413" HPOS="789"/>
<SP HEIGHT="40" WIDTH="29" VPOS="3412" HPOS="884"/>
<String CONTENT="Carriei" HEIGHT="40" WIDTH="172" VPOS="3412" HPOS="914"/>
<SP HEIGHT="37" WIDTH="25" VPOS="3414" HPOS="1087"/>
<String CONTENT="E." HEIGHT="38" WIDTH="51" VPOS="3414" HPOS="1113"/>
<SP HEIGHT="40" WIDTH="34" VPOS="3413" HPOS="1165"/>
<String CONTENT="Scott," HEIGHT="45" WIDTH="146" VPOS="3413" HPOS="1200"/>
<SP HEIGHT="44" WIDTH="30" VPOS="3414" HPOS="1347"/>
<String CONTENT="Indianapolis." HEIGHT="47" WIDTH="347" VPOS="3413" HPOS="1378"/>
<SP HEIGHT="48" WIDTH="70" VPOS="3413" HPOS="1726"/>
<String CONTENT="(35-1392)" HEIGHT="50" WIDTH="250" VPOS="3411" HPOS="1797"/>
</TextLine>
<TextLine HEIGHT="68" WIDTH="1089" VPOS="3514" HPOS="359" STYLEREFS="StyleId-A32D3A34-129B-46B7-935F-38DA70ADE1DB-">
<String CONTENT="Johnson," HEIGHT="64" WIDTH="282" VPOS="3514" HPOS="359"/>
<SP HEIGHT="62" WIDTH="26" VPOS="3516" HPOS="642"/>
<String CONTENT="Frederick" HEIGHT="52" WIDTH="313" VPOS="3516" HPOS="669"/>
<SP HEIGHT="51" WIDTH="26" VPOS="3517" HPOS="983"/>
<String CONTENT="Ernest," HEIGHT="65" WIDTH="236" VPOS="3517" HPOS="1010"/>
<SP HEIGHT="59" WIDTH="29" VPOS="3523" HPOS="1247"/>
<String CONTENT="1884-" HEIGHT="50" WIDTH="171" VPOS="3522" HPOS="1277"/>
</TextLine>
<TextLine HEIGHT="73" WIDTH="1919" VPOS="3587" HPOS="429" STYLEREFS="StyleId-A32D3A34-129B-46B7-935F-38DA70ADE1DB-" CS="1">
<String CONTENT="Economics" HEIGHT="53" WIDTH="332" VPOS="3590" HPOS="429"/>
<SP HEIGHT="34" WIDTH="29" VPOS="3610" HPOS="762"/>
<String CONTENT="and" HEIGHT="51" WIDTH="112" VPOS="3593" HPOS="792"/>
<SP HEIGHT="51" WIDTH="28" VPOS="3593" HPOS="905"/>
<String CONTENT="the" HEIGHT="52" WIDTH="95" VPOS="3593" HPOS="934"/>
<SP HEIGHT="48" WIDTH="26" VPOS="3612" HPOS="1030"/>
<String CONTENT="good" HEIGHT="65" WIDTH="146" VPOS="3595" HPOS="1057"/>
<SP HEIGHT="51" WIDTH="27" VPOS="3595" HPOS="1204"/>
<String CONTENT="life," HEIGHT="67" WIDTH="124" VPOS="3593" HPOS="1232"/>
<SP HEIGHT="66" WIDTH="25" VPOS="3594" HPOS="1357"/>
<String CONTENT="by" HEIGHT="66" WIDTH="76" VPOS="3594" HPOS="1383"/>
<SP HEIGHT="66" WIDTH="24" VPOS="3594" HPOS="1460"/>
<String CONTENT="F." HEIGHT="52" WIDTH="68" VPOS="3594" HPOS="1485"/>
<SP HEIGHT="53" WIDTH="26" VPOS="3593" HPOS="1554"/>
<String CONTENT="Ernest" HEIGHT="53" WIDTH="210" VPOS="3593" HPOS="1581"/>
<SP HEIGHT="53" WIDTH="27" VPOS="3593" HPOS="1792"/>
<String CONTENT="Johnson" HEIGHT="53" WIDTH="260" VPOS="3593" HPOS="1820"/>
<SP HEIGHT="34" WIDTH="34" VPOS="3609" HPOS="2081"/>
<String CS="1" CONTENT="&#8230;"/>
<SP HEIGHT="33" WIDTH="32" VPOS="3609" HPOS="2173"/>
<String CONTENT="with" HEIGHT="55" WIDTH="142" VPOS="3587" HPOS="2206"/>
</TextLine>
<TextLine HEIGHT="143" WIDTH="1963" VPOS="3666" HPOS="359" STYLEREFS="StyleId-A32D3A34-129B-46B7-935F-38DA70ADE1DB-" CS="1">
<String CONTENT="the" HEIGHT="52" WIDTH="95" VPOS="3667" HPOS="360"/>
<SP HEIGHT="33" WIDTH="34" VPOS="3686" HPOS="456"/>
<String CONTENT="collaboration" HEIGHT="53" WIDTH="405" VPOS="3667" HPOS="491"/>
<SP HEIGHT="35" WIDTH="35" VPOS="3687" HPOS="897"/>
<String CONTENT="of" HEIGHT="53" WIDTH="63" VPOS="3669" HPOS="933"/>
<SP HEIGHT="52" WIDTH="34" VPOS="3669" HPOS="997"/>
<String CONTENT="a" HEIGHT="34" WIDTH="32" VPOS="3687" HPOS="1032"/>
<SP HEIGHT="49" WIDTH="31" VPOS="3687" HPOS="1065"/>
<String CONTENT="group" HEIGHT="49" WIDTH="184" VPOS="3688" HPOS="1097"/>
<SP HEIGHT="48" WIDTH="32" VPOS="3689" HPOS="1282"/>
<String CONTENT="of" HEIGHT="52" WIDTH="65" VPOS="3671" HPOS="1315"/>
<SP HEIGHT="51" WIDTH="33" VPOS="3671" HPOS="1381"/>
<String CONTENT="consultants." HEIGHT="51" WIDTH="366" VPOS="3672" HPOS="1415"/>
<SP HEIGHT="52" WIDTH="68" VPOS="3669" HPOS="1782"/>
<String CONTENT="New" HEIGHT="52" WIDTH="141" VPOS="3669" HPOS="1851"/>
<SP HEIGHT="53" WIDTH="31" VPOS="3668" HPOS="1993"/>
<String CONTENT="York," HEIGHT="65" WIDTH="180" VPOS="3667" HPOS="2025"/>
<SP HEIGHT="66" WIDTH="33" VPOS="3666" HPOS="2206"/>
<String CONTENT="Association" HEIGHT="130" WIDTH="1963" VPOS="3666" HPOS="359"/>
<SP HEIGHT="47" WIDTH="35" VPOS="3762" HPOS="633"/>
<String CONTENT="press," HEIGHT="47" WIDTH="173" VPOS="3762" HPOS="669"/>
<SP HEIGHT="61" WIDTH="36" VPOS="3748" HPOS="843"/>
<String CONTENT="1934." HEIGHT="51" WIDTH="150" VPOS="3747" HPOS="880"/>
</TextLine>
<TextLine HEIGHT="50" WIDTH="580" VPOS="3814" HPOS="429" STYLEREFS="StyleId-A32D3A34-129B-46B7-935F-38DA70ADE1DB-" CS="1">
<String CONTENT="xii" HEIGHT="39" WIDTH="72" VPOS="3815" HPOS="429"/>
<SP HEIGHT="47" WIDTH="22" VPOS="3816" HPOS="502"/>
<String CONTENT="p.," HEIGHT="37" WIDTH="59" VPOS="3826" HPOS="525"/>
<SP HEIGHT="43" WIDTH="27" VPOS="3816" HPOS="585"/>
<String CONTENT="1" HEIGHT="38" WIDTH="24" VPOS="3816" HPOS="613"/>
<SP HEIGHT="38" WIDTH="26" VPOS="3816" HPOS="638"/>
<String CS="1" CONTENT="l.,"/>
<SP HEIGHT="47" WIDTH="28" VPOS="3816" HPOS="711"/>
<String CONTENT="186" HEIGHT="41" WIDTH="85" VPOS="3814" HPOS="740"/>
<SP HEIGHT="49" WIDTH="24" VPOS="3815" HPOS="826"/>
<String CONTENT="p." HEIGHT="37" WIDTH="42" VPOS="3827" HPOS="851"/>
<SP HEIGHT="39" WIDTH="58" VPOS="3817" HPOS="894"/>
<String CS="1" CONTENT="18&#189;cm." HEIGHT="41" WIDTH="56" VPOS="3816" HPOS="953"/>
</TextLine>
<TextLine HEIGHT="44" WIDTH="1916" VPOS="3871" HPOS="429">
<String CONTENT="This" HEIGHT="39" WIDTH="120" VPOS="3871" HPOS="429"/>
<SP HEIGHT="39" WIDTH="21" VPOS="3871" HPOS="550"/>
<String CONTENT="book" HEIGHT="40" WIDTH="122" VPOS="3871" HPOS="572"/>
<SP HEIGHT="39" WIDTH="22" VPOS="3871" HPOS="695"/>
<String CONTENT="is" HEIGHT="39" WIDTH="42" VPOS="3872" HPOS="718"/>
<SP HEIGHT="37" WIDTH="23" VPOS="3874" HPOS="761"/>
<String CONTENT="the" HEIGHT="39" WIDTH="84" VPOS="3873" HPOS="785"/>
<SP HEIGHT="29" WIDTH="22" VPOS="3883" HPOS="870"/>
<String CONTENT="result" HEIGHT="39" WIDTH="153" VPOS="3873" HPOS="893"/>
<SP HEIGHT="39" WIDTH="24" VPOS="3875" HPOS="1047"/>
<String CONTENT="of" HEIGHT="41" WIDTH="52" VPOS="3873" HPOS="1072"/>
<SP HEIGHT="40" WIDTH="22" VPOS="3873" HPOS="1125"/>
<String CONTENT="conferences" HEIGHT="41" WIDTH="307" VPOS="3874" HPOS="1148"/>
<SP HEIGHT="39" WIDTH="23" VPOS="3875" HPOS="1456"/>
<String CONTENT="between" HEIGHT="40" WIDTH="215" VPOS="3875" HPOS="1480"/>
<SP HEIGHT="28" WIDTH="23" VPOS="3885" HPOS="1696"/>
<String CONTENT="members" HEIGHT="39" WIDTH="235" VPOS="3875" HPOS="1720"/>
<SP HEIGHT="29" WIDTH="25" VPOS="3884" HPOS="1956"/>
<String CONTENT="of" HEIGHT="40" WIDTH="50" VPOS="3873" HPOS="1982"/>
<SP HEIGHT="40" WIDTH="25" VPOS="3873" HPOS="2033"/>
<String CONTENT="the" HEIGHT="39" WIDTH="82" VPOS="3874" HPOS="2059"/>
<SP HEIGHT="30" WIDTH="24" VPOS="3883" HPOS="2142"/>
<String CONTENT="author" HEIGHT="40" WIDTH="178" VPOS="3873" HPOS="2167"/>
</TextLine>
<TextLine HEIGHT="50" WIDTH="1985" VPOS="3927" HPOS="361">
<String CONTENT="group" HEIGHT="38" WIDTH="151" VPOS="3937" HPOS="361"/>
<SP HEIGHT="38" WIDTH="27" VPOS="3937" HPOS="513"/>
<String CONTENT="which" HEIGHT="39" WIDTH="156" VPOS="3927" HPOS="541"/>
<SP HEIGHT="48" WIDTH="26" VPOS="3928" HPOS="698"/>
<String CONTENT="prepared" HEIGHT="47" WIDTH="236" VPOS="3929" HPOS="725"/>
<SP HEIGHT="39" WIDTH="28" VPOS="3929" HPOS="962"/>
<String CONTENT="the" HEIGHT="41" WIDTH="81" VPOS="3929" HPOS="991"/>
<SP HEIGHT="40" WIDTH="27" VPOS="3930" HPOS="1073"/>
<String CONTENT="little" HEIGHT="42" WIDTH="127" VPOS="3929" HPOS="1101"/>
<SP HEIGHT="30" WIDTH="25" VPOS="3941" HPOS="1229"/>
<String CONTENT="volume," HEIGHT="47" WIDTH="203" VPOS="3930" HPOS="1255"/>
<SP HEIGHT="48" WIDTH="27" VPOS="3929" HPOS="1459"/>
<String CONTENT="&#8220;Our" HEIGHT="41" WIDTH="129" VPOS="3929" HPOS="1487"/>
<SP HEIGHT="29" WIDTH="26" VPOS="3942" HPOS="1617"/>
<String CONTENT="economic" HEIGHT="41" WIDTH="241" VPOS="3930" HPOS="1644"/>
<SP HEIGHT="39" WIDTH="26" VPOS="3931" HPOS="1886"/>
<String CONTENT="life" HEIGHT="41" WIDTH="89" VPOS="3929" HPOS="1913"/>
<SP HEIGHT="40" WIDTH="26" VPOS="3930" HPOS="2003"/>
<String CONTENT="in" HEIGHT="38" WIDTH="51" VPOS="3930" HPOS="2030"/>
<SP HEIGHT="37" WIDTH="28" VPOS="3932" HPOS="2082"/>
<String CONTENT="the" HEIGHT="40" WIDTH="81" VPOS="3930" HPOS="2111"/>
<SP HEIGHT="41" WIDTH="28" VPOS="3929" HPOS="2193"/>
<String CONTENT="light" HEIGHT="48" WIDTH="124" VPOS="3929" HPOS="2222"/>
</TextLine>
<TextLine HEIGHT="53" WIDTH="1982" VPOS="3981" HPOS="361">
<String CONTENT="of" HEIGHT="40" WIDTH="52" VPOS="3984" HPOS="361"/>
<SP HEIGHT="43" WIDTH="24" VPOS="3981" HPOS="414"/>
<String CONTENT="Christian" HEIGHT="42" WIDTH="250" VPOS="3981" HPOS="439"/>
<SP HEIGHT="39" WIDTH="26" VPOS="3983" HPOS="690"/>
<String CONTENT="ideals&#8221;." HEIGHT="41" WIDTH="197" VPOS="3983" HPOS="717"/>
<SP HEIGHT="40" WIDTH="57" VPOS="3984" HPOS="915"/>
<String CONTENT="Since" HEIGHT="42" WIDTH="137" VPOS="3984" HPOS="973"/>
<SP HEIGHT="29" WIDTH="26" VPOS="3997" HPOS="1111"/>
<String CONTENT="a" HEIGHT="29" WIDTH="28" VPOS="3997" HPOS="1138"/>
<SP HEIGHT="29" WIDTH="26" VPOS="3997" HPOS="1167"/>
<String CONTENT="new" HEIGHT="30" WIDTH="104" VPOS="3997" HPOS="1194"/>
<SP HEIGHT="30" WIDTH="26" VPOS="3997" HPOS="1299"/>
<String CONTENT="edition" HEIGHT="41" WIDTH="183" VPOS="3986" HPOS="1326"/>
<SP HEIGHT="30" WIDTH="27" VPOS="3997" HPOS="1510"/>
<String CONTENT="of" HEIGHT="41" WIDTH="50" VPOS="3986" HPOS="1538"/>
<SP HEIGHT="39" WIDTH="25" VPOS="3986" HPOS="1589"/>
<String CONTENT="it" HEIGHT="40" WIDTH="39" VPOS="3986" HPOS="1615"/>
<SP HEIGHT="37" WIDTH="26" VPOS="3989" HPOS="1655"/>
<String CONTENT="was" HEIGHT="29" WIDTH="101" VPOS="3997" HPOS="1682"/>
<SP HEIGHT="29" WIDTH="25" VPOS="3997" HPOS="1784"/>
<String CONTENT="out" HEIGHT="38" WIDTH="85" VPOS="3989" HPOS="1810"/>
<SP HEIGHT="37" WIDTH="25" VPOS="3989" HPOS="1896"/>
<String CONTENT="of" HEIGHT="40" WIDTH="51" VPOS="3986" HPOS="1922"/>
<SP HEIGHT="40" WIDTH="24" VPOS="3986" HPOS="1974"/>
<String CONTENT="the" HEIGHT="40" WIDTH="82" VPOS="3987" HPOS="1999"/>
<SP HEIGHT="37" WIDTH="25" VPOS="3997" HPOS="2082"/>
<String CONTENT="question," HEIGHT="49" WIDTH="235" VPOS="3985" HPOS="2108"/>
</TextLine>
</TextBlock>
</PrintSpace>
</Page>
</Layout>
</alto>