2424 4375
1068 4033 131 50 1883

161 418 232 64 Morris,
422 420 385 62 Margaret—
812 420 318 54 Continued

233 492 71 40 On
335 501 166 31 cover:
544 491 261 48 (Women’s
836 491 207 48 edition)

165 557 1760 53 © 1c. Aug. 21, 1935; A ad int. 20596; pubd. July 3; M. Morris.
1915 619 146 42 11967

159 680 258 53 Munich.
491 680 360 53 Technische
892 680 374 53 hochschule.
1340 681 451 66 Hydraulisches
1830 684 248 52 Institut.

229 756 403 55 Transactions
661 757 62 52 of
753 757 94 52 the
876 756 323 68 Hydraulic
1228 757 263 53 institute
1519 758 61 51 of
1611 759 97 52 the
1734 760 237 51 Munich
158 760 1967 127 technical
333 834 331 67 university,
725 834 240 53 bulletin
992 840 47 47 3.
1100 834 353 53 Authorized
1479 838 342 51 translation
1847 836 61 53 of
158 836 1966 143 Mitteilungen
392 913 94 52 des
509 912 464 66 Hydraulischen
997 914 256 51 Instituts
1280 913 98 52 der
1404 914 384 53 Technischen
1812 915 337 53 hochschule

160 988 1990 72 München, heft 3. Edited by D. Thoma … New York, N. Y.,
161 1069 121 50 The
314 1066 305 53 American
654 1068 210 65 society
898 1067 62 52 of
995 1068 347 54 mechanical
1378 1067 309 68 engineers,
1723 1073 149 49 1935.

229 1142 29 37 4
283 1152 42 36 p.
354 1142 45 45 L,
428 1140 88 39 116
539 1150 43 38 p.
640 1140 143 46 illus.,
812 1141 75 46 pi.,
918 1140 178 47 diagrs.
1153 1139 60 40 29'½
1242 1142 44 20 cm
1291 1172 8 9 .

232 1209 288 41 “Published
554 1210 49 38 in
635 1209 118 40 1929)
784 1210 60 47 by
877 1210 53 39 R.
967 1209 320 49 Oldenbourg,
1322 1210 198 39 Munich
1555 1212 96 38 and
1686 1211 209 40 Berlin.”

161 1276 1973 108 © Nov. 6, 1935; 2c. Nov. 9; aff. Nov. 8; A 89250; Amer. soc. of mechanical engineers. 11968
158 1439 144 52 New
345 1441 228 52 Mexico
614 1446 162 47 court
817 1441 166 59 rules,
1028 1440 266 66 covering
1336 1445 143 47 state
1524 1440 112 53 and
1679 1441 220 52 federal
1943 1447 206 48 courts.

228 1517 137 53 New
395 1518 224 53 Mexico
651 1517 271 68 Supreme
953 1522 187 62 court;
1173 1518 218 54 United
1425 1518 187 55 States
1645 1517 219 56 Circuit
1894 1526 159 46 court
2085 1520 62 52 of

228 1598 249 64 appeals,
509 1595 216 54 United
760 1596 187 54 States
979 1596 244 52 District
1252 1600 177 60 court,
1461 1597 139 51 with
1633 1596 78 51 all
1743 1597 403 54 amendments.

233 1672 184 66 [Saint
447 1671 164 67 Paul,
639 1672 202 66 Minn.]
874 1673 157 53 West
1060 1672 335 66 publishing
1423 1689 98 49 co.,
1550 1678 18 21 c
1573 1675 149 51 1935.

228 1747 83 38 ill
346 1755 43 37 p.
449 1745 55 38 24½
537 1747 43 20 cm
586 1777 7 7 .

159 1811 1873 53 © Oct. 28, 1935; 2c. Nov. 16: aff. Nov. 21; A 89527; West pub. co.
1913 1869 146 43 11969

155 1934 144 52 New
330 1934 178 52 York.
583 1933 417 64 Metropolitan
1030 1948 270 37 museum
1329 1933 63 52 of
1419 1936 114 53 art.

287 2009 1860 69 … The private life of the ancient Egyptians; twenty plates,
156 2090 138 52 with
321 2108 70 33 an
418 2088 404 52 introduction.
897 2088 138 53 New
1063 2087 179 67 York,
1271 2091 148 49 1935.

230 2161 84 49 [28]
346 2173 43 37 p.
448 2163 169 46 plates.
678 2160 55 40 19
737 2163 44 21 cm
786 2193 8 7 .

227 2220 62 38 At
315 2219 124 39 head
465 2218 53 40 of
545 2217 134 41 title:
707 2218 104 41 The
836 2216 347 48 Metropolitan
1210 2226 218 30 museum
1457 2216 53 40 of
1537 2219 92 37 art.

224 2277 168 38 Plates
419 2275 194 47 printed
646 2285 64 29 on
740 2275 115 39 both
889 2273 140 40 sides.

157 2342 52 53 ©
236 2346 100 40 Oct.
365 2345 68 47 22,
461 2345 117 40 1935;
631 2345 67 40 2c.
728 2346 94 38 and
851 2343 80 41 aff.
960 2344 102 40 Oct.
1090 2344 82 46 25;
1204 2344 40 38 A
1272 2341 169 48 87943;
1474 2342 345 49 Metropolitan
1848 2353 218 29 museum
2095 2344 52 39 of

225 2406 91 43 art,
344 2403 116 39 New
485 2402 144 40 York.
1909 2398 146 43 11970

154 2506 301 64 Newman,
484 2505 267 53 Bernard
778 2504 53 54 J.

223 2579 1860 69 Housing in Philadelphia, 1934, by Bernard J. Newman …
153 2659 423 67 Philadelphia,
613 2661 120 63 Pa.,
771 2656 407 68 Philadelphia
1215 2656 245 67 housing
1499 2655 335 54 association
1877 2689 12 33 [
1893 2662 18 20 c
1917 2659 132 49 1935
2057 2689 10 33 3

225 2733 69 45 30,
324 2732 54 48 [2]
410 2742 41 37 p.
510 2731 126 38 illus.
696 2731 74 37 25½
771 2733 27 19 m
804 2762 7 7 .

156 2796 52 53 ©
243 2802 112 39 Dec.
390 2801 40 46 3,
468 2798 140 48 1935;
647 2799 67 40 2c.
751 2800 96 38 and
883 2797 81 41 aff.
1002 2799 110 38 Dec.
1152 2797 81 46 18;
1273 2797 41 39 A
1350 2797 170 46 88747;
1562 2795 336 48 Philadelphia
1938 2794 206 48 housing

222 2868 126 29 assn.
1905 2850 145 42 11971

154 2959 164 53 Ohio.
392 2961 183 64 Latos,
605 2965 255 59 statutes,
889 2964 99 46 etc.

151 3029 1966 228 Ohio liquor control act and other laws relating to intoxicating liquors, annotated, 1935. Containing all laws to November 1, 1935, and annotations from state and federal courts …
156 3269 323 65 Cleveland,
507 3269 142 52 Pub.
679 3267 93 52 for
800 3267 94 52 the
920 3268 170 64 Dept.
1120 3265 62 52 of
1212 3265 185 66 liquor
1426 3264 236 66 control,
1692 3263 158 54 State
1879 3262 63 54 of
1971 3264 168 66 Ohio,

152 3347 73 65 by
270 3344 489 54 Banks-Baldwin
804 3344 107 51 law
955 3343 334 67 publishing
1332 3360 278 48 company
1661 3374 13 34 C
1679 3347 17 20 c
1702 3343 150 63 1935]

189 3404 8 8 '
221 3419 57 40 80
304 3430 41 36 p.
405 3418 55 39 25½cm.

154 3484 52 53 ©
234 3489 117 39 Nov.
380 3489 69 46 14,
481 3486 116 40 1935;
654 3487 64 39 2c.
753 3487 117 38 Nov.
902 3486 81 45 18;
1019 3485 82 40 aff.
1133 3485 117 39 Nov.
1285 3484 80 41 16:
1400 3485 42 38 A
1474 3483 169 47 88265;
1679 3482 218 40 William
1928 3483 210 39 Edward

219 3545 235 46 Baldwin,
487 3544 272 40 Cleveland.
1899 3537 148 42 11972

151 3643 318 67 O’Rourke,
500 3647 313 51 Lawrence
842 3645 218 53 James.

217 3722 349 68 Rebuilding
601 3723 93 51 the
734 3721 441 69 English-usage
1212 3719 344 54 curriculum
1593 3724 58 46 to
1688 3718 188 52 insure
1913 3722 223 63 greater

148 3795 1961 224 mastery of essentials; a report of a nation-wide study of English, by L. J. O’Rourke … Washington, D. C., The Psychological institute, 1934.
