2424 4375
1159 4064 100 49 468

231 525 166 51 index
433 531 57 46 to
529 526 148 54 Ohio
715 526 148 67 legal
898 526 368 69 periodicals;
1305 529 173 51 index
1512 535 57 47 to
1607 531 233 50 authors
1876 530 62 52 of
1974 531 239 52 articles.

225 601 346 68 Cincinnati,
602 604 119 53 The
750 606 89 52 W.
872 607 74 50 H.
975 606 300 51 Anderson
1307 624 307 49 company;
1649 607 416 68 Indianapolis,
2094 608 119 53 The

226 681 437 54 Bobbs-Merrill
693 701 276 49 company
1005 686 192 64 [1935]

291 754 68 45 iii,
390 755 86 39 752
501 766 44 37 p.
600 754 58 41 26
657 758 45 20 cm
706 786 9 8 .

222 806 52 53 ©
300 812 114 46 May
440 811 68 48 15,
537 810 139 48 1935;
705 811 68 40 2c.
799 813 113 47 May
937 811 83 46 17;
1050 812 82 40 aff.
1161 813 112 47 May
1301 813 82 47 16;
1413 813 39 39 A
1480 813 169 46 81866;

1680 814 70 39 W.
1780 814 60 39 H.
1869 814 254 39 Anderson
2149 823 65 32 co.

221 928 453 64 Pennsylvania.
751 931 220 53 Courts.

295 1006 241 55 District
575 1008 111 52 and
721 1012 207 63 county
964 1013 220 62 reports
1221 1008 332 69 containing
1587 1026 150 37 cases
1772 1009 232 54 decided
2040 1010 60 52 in
2136 1010 79 52 all

225 1084 93 52 the
348 1084 239 67 judicial
617 1085 253 53 districts
897 1087 62 52 of
988 1088 95 51 the
1111 1091 144 48 state
1282 1087 63 53 of
1374 1087 438 67 Pennsylvania.
1878 1089 242 52 Volume
2147 1090 65 51 21

282 1163 1478 70 … Philadelphia, The Legal intelligencer, 1935.
286 1235 97 48 xiv,
417 1237 83 40 747
530 1247 45 38 p.
634 1236 55 42 23
691 1239 45 21 cm
742 1269 8 8 .

219 1288 52 53 ©
302 1293 110 48 Apr.
444 1293 68 46 17,
544 1292 140 49 1935;
715 1292 67 41 2c.
812 1295 94 38 and
937 1293 81 41 aff.
1050 1295 112 46 May
1193 1294 81 46 13;
1306 1295 42 38 A
1376 1294 171 42 83046:
1581 1295 145 47 Legal
1758 1294 346 48 intelligencer.

219 1412 338 65 Poppleton,
583 1413 304 63 Marjorie.

294 1487 104 54 We
431 1505 73 50 go
537 1495 59 47 to
630 1505 236 51 nursery
902 1488 206 69 school,
1143 1488 74 69 by
1252 1486 278 69 Marjorie
1566 1488 320 69 Poppleton

1924 1487 112 55 and
226 1486 1963 131 William
406 1565 67 54 E.
518 1565 196 68 Blatz;
759 1565 391 69 photographs
1194 1566 75 68 by
1312 1566 156 53 John
1512 1565 80 55 M.
1637 1565 344 54 Waterman.
2074 1564 135 54 New

229 1641 176 70 York,
431 1641 86 54 W.
543 1641 248 54 Morrow
817 1643 45 51 &
889 1660 293 52 company,
1212 1645 152 52 1935.

291 1711 697 51 3 p. l., 29 pl. 18½ × 23½ cm .
294 1771 303 47 Descriptive
622 1772 281 46 letterpress
928 1781 59 30 on
1013 1782 163 30 versos
1201 1771 165 49 facing
1393 1775 80 37 the
1498 1773 169 47 plates.

293 1827 37 38 A
365 1827 330 47 picture-book
725 1828 80 39 for
835 1828 216 40 children
1084 1830 286 47 portraying
1403 1831 81 38 the
1516 1830 245 40 activities
1794 1830 51 39 of
1881 1831 80 39 the
1994 1830 215 40 children

222 1887 52 37 at
307 1884 81 39 the
426 1885 280 46 University
743 1884 52 40 of
829 1884 251 40 Toronto’s
1116 1896 203 37 nursery
1356 1887 175 46 school,
1571 1885 68 43 St.
1676 1886 223 48 George’s
1934 1888 160 39 school
2135 1888 74 39 for

221 1941 129 39 child
378 1941 159 47 study.

294 1998 151 47 Songs
476 1999 119 38 with
627 1999 180 39 music:
843 2007 162 31 versos
1037 1999 52 39 of
1179 1999 51 38 18th
1265 1999 95 39 and
1390 1998 112 41 19th
1535 2001 170 46 plates.

216 2053 52 53 ©
297 2059 121 39 Mar.
446 2057 70 49 27,
545 2057 140 42 1935;
715 2057 66 41 2c.
811 2057 92 40 and
933 2057 82 39 aff.
1047 2058 121 38 Mar.
1197 2058 55 39 30;
1310 2058 40 38 A
1380 2057 171 47 81232;
1581 2058 214 39 William
1827 2060 208 38 Morrow
2065 2059 36 40 &
2128 2068 81 38 co.,

284 2115 88 39 inc.
444 2114 249 49 (35-5496)

218 2189 174 66 Reed,
426 2191 172 64 John,
635 2192 322 54 1887-1920.

289 2268 120 51 Ten
440 2268 140 67 days
610 2269 130 52 that
766 2268 176 53 shook
969 2268 94 52 the
1096 2268 195 67 world,
1320 2268 74 67 by
1422 2269 157 55 John
1611 2269 180 66 Reed;
1825 2268 140 53 with
1995 2288 32 34 a

222 2268 1962 130 foreword
410 2346 71 67 by
517 2347 65 53 V.
616 2346 48 52 I.
698 2346 181 52 Lenin
915 2346 110 52 and
1060 2364 72 33 an
1163 2345 391 54 introduction
1587 2346 74 67 by
1695 2346 299 55 Granville
2025 2345 182 54 Hicks

278 2423 1294 68 … New York, The Modern library [1935]
290 2494 1916 50 8 p. l., vii-xxiv, 371 p. incl. facsims. 18½ cm . (Half-title: The modern
221 2550 183 48 library
431 2550 52 40 of
513 2552 81 38 the
622 2550 192 40 world's
841 2553 104 38 best
973 2551 172 47 books)

290 2608 76 38 An
393 2609 206 39 account
632 2607 51 40 of
714 2608 82 39 the
825 2607 266 41 November
1123 2607 269 40 revolution
1424 2609 48 38 in
1505 2608 193 42 Russia.
1759 2609 127 39 Most
1918 2608 51 40 of
2000 2609 39 40 it
2071 2609 136 40 deals

222 2664 117 40 with
371 2665 129 39 “Red
531 2662 310 49 Petrograd”.
901 2663 61 48 cf.
994 2663 129 40 Pref.

218 2719 52 52 ©
305 2725 121 37 Mar.
462 2723 68 46 25,
567 2723 140 45 1935;
744 2721 66 40 2c.
847 2723 113 46 Apr.
996 2723 51 40 1:
1086 2722 81 39 aff.
1206 2723 121 37 Mar.
1364 2721 83 45 29;
1486 2723 41 37 A
1562 2721 168 46 82302,;
1772 2723 199 38 Modern
2008 2723 199 47 library,

285 2778 89 41 inc.
437 2779 279 49 [Copyright
761 2779 39 39 is
845 2778 202 40 claimed
1090 2789 58 29 on
1193 2778 344 48 introduction]
1609 2777 279 48 (35-27118)

215 2852 316 67 Reighard,
561 2855 179 53 Jacob
771 2853 335 63 Ellsworth,
1138 2859 169 49 1861-

291 2931 316 53 Dissection
639 2929 63 52 of
734 2930 94 51 the
862 2935 114 60 cat;
1011 2928 272 69 practical
1316 2928 305 55 directions
1654 2927 92 54 for
1778 2928 97 54 the
1906 2927 298 55 dissection

220 3007 63 56 of
337 3008 93 53 the
486 3013 90 47 cat
631 3007 111 54 and
795 3007 93 52 the
941 3006 168 68 study
1164 3006 64 52 of
1283 3005 73 53 its
1412 3011 282 64 anatomy,
1749 3012 57 47 to
1861 3022 341 51 accompany

220 3084 292 68 Reighard
549 3084 113 53 and
699 3082 295 71 Jennings’
1031 3084 288 68 Anatomy
1356 3083 62 52 of
1452 3084 96 52 the
1582 3090 90 47 cat
1720 3082 99 69 (3d
1857 3082 84 55 ed.
1979 3100 111 36 rev.
2129 3082 72 69 by

220 3162 158 51 Rush
419 3161 235 69 Elliott)
737 3162 91 67 By
866 3160 177 54 Jacob
1084 3160 291 68 Reighard
1416 3160 112 52 and
1568 3161 74 51 H.
1685 3159 55 54 S.
1782 3160 297 68 Jennings,
223 3178 1956 128 revised,

422 3239 140 54 with
589 3239 95 53 the
713 3238 258 53 addition
997 3238 63 53 of
1090 3257 30 33 a
1148 3238 228 53 manual
1407 3237 64 53 of
1499 3238 252 67 regional
1781 3237 318 67 dissection,
2129 3237 71 68 by

221 3314 1979 68 Rush Elliott … 2d ed. New York, II. Holt and company
224 3395 193 65 [1935]

288 3464 62 47 vi,
383 3462 57 41 99
468 3474 43 38 p.
571 3463 116 40 22cm.

290 3520 244 39 “Books”:
568 3530 42 37 p.
643 3519 97 41 1-2.

217 3576 53 52 ©
301 3580 110 39 Feb.
444 3579 70 47 21,
546 3578 139 45 1935;
721 3579 66 39 2c.
822 3580 119 38 Mar.
974 3580 51 45 5;
1063 3578 79 40 aff.
1179 3579 120 39 Mar.
1332 3579 52 41 6:
1420 3579 39 38 A
1522 3579 140 45 80789;
1699 3579 167 48 Henry
1901 3580 117 39 Holt
2052 3580 36 38 &
2119 3587 82 38 co.,

283 3637 89 39 inc.
443 3636 249 48 (35-5407)

216 3710 170 64 Ring,
411 3713 172 62 Mary
606 3710 287 65 Ignatius,
919 3712 179 53 sister.

289 3785 721 68 Villeneuve-Bargemont,
1044 3803 296 51 precursor
1375 3784 63 52 of
1469 3783 231 53 modern
1738 3784 169 52 social
221 3782 1949 147 Catholicism,

220 3860 1949 147 1784-1850 [by] Sister Mary Ignatius Ring … Milwaukee,
364 3940 121 53 The
515 3939 184 53 Bruce
726 3937 331 69 publishing
1086 3955 276 52 company
1399 3939 192 66 [1935]
