2424 4375
1152 4001 62 51 675

161 405 173 61 Mayo
361 403 184 64 clinic,
574 403 320 65 Rochester,
919 403 182 52 Minn.

159 478 1988 146 Collected papers of the Mayo clinic and the Mayo foundation. Edited by Richard M. Hewitt … and Lloyd G. Potter.
161 634 1988 68 Volume 26, 1934 … Philadelphia and London, W. B. Saunders
159 731 293 49 company,
483 716 149 50 1935.

231 786 117 46 xxii,
377 785 112 40 1192
517 796 41 37 p.
614 786 142 47 illus.,
784 786 179 47 diagrs.
1021 786 116 40 24cm.

164 839 51 52 ©
242 844 114 46 May
378 842 70 47 23,
475 842 115 40 1935;
644 842 67 40 2c.
740 843 114 47 May
880 842 59 40 28;
996 842 81 40 aff.
1107 843 115 48 May
1248 841 60 41 29;
1359 842 41 39 A
1426 841 146 42 83372;
1627 843 69 39 W.
1727 843 53 38 B.
1812 841 245 41 Saunders
2083 851 67 30 co.

164 959 306 64 Morrison,
500 959 251 55 William
778 962 230 61 Brown,
1040 964 171 53 1877-

229 1034 1922 71 The red man’s trail, by William B. Morrison … Richmond,
164 1114 116 66 Va.,
303 1113 358 68 Texarkana,
684 1113 325 68 Ark.-Tex.,
1034 1113 404 69 Presbyterian
1465 1112 318 54 committee
1807 1111 65 56 of
160 1111 1963 132 publication
310 1193 192 65 [c1932]

226 1261 28 39 4
274 1273 44 37 p.
345 1265 44 41 l.,
417 1261 171 42 13-132
610 1272 44 38 p.
713 1262 170 49 plates,
911 1265 27 38 2
959 1265 125 46 port.
1113 1263 131 48 (incl.
1269 1263 173 47 front.)
1512 1262 146 43 19½cm.

233 1320 162 40 “First
422 1320 229 47 printing,
679 1320 154 48 April,
862 1320 113 40 1932;
1033 1322 174 39 second
1235 1321 231 47 printing,
1498 1320 217 52 October,
1747 1319 157 41 1932.”

231 1375 187 41 “Books
444 1387 59 28 on
532 1376 84 41 the
640 1377 255 40 American
922 1376 205 41 Indian”
1145 1387 9 30 :
1182 1388 44 37 p.
1252 1376 99 42 132.

230 1431 100 41 The
355 1435 134 45 story
512 1433 53 39 of
589 1432 176 41 Indian
791 1434 239 47 missions,
1055 1433 259 51 especially
1340 1434 82 40 the
1446 1435 113 47 part
1585 1434 148 40 taken
1754 1433 64 47 by
1843 1433 82 41 the
162 1431 1972 96 Presbyterian
340 1489 176 39 church
544 1490 47 38 in
616 1490 100 40 this
738 1492 136 45 great
898 1493 269 37 movement.
1241 1490 59 45 cf.
1329 1490 273 41 Foreword.

166 1543 51 52 ©
239 1546 110 49 Apr.
374 1549 68 41 14,
467 1546 114 42 1935;
633 1547 67 41 2c.
722 1549 112 47 Apr.
859 1547 82 48 29;
968 1548 81 40 aff.
1075 1550 113 47 Apr.
1212 1549 83 47 30;
1322 1550 40 38 A
1388 1548 170 48 81640;
1587 1548 266 41 Executive
1881 1547 275 43 committee

233 1604 53 38 of
307 1605 139 37 home
469 1604 239 48 missions,
733 1605 214 39 Atlanta.
1020 1605 249 47 (35-7307)

165 1691 222 64 Muller,
417 1691 184 55 Helen
630 1693 204 62 Marie,
867 1700 167 48 1905-
1247 1713 177 47 comp.

319 1769 1834 69 … Lotteries, compiled by Helen M. Muller. New York, The
162 1844 75 54 H.
261 1845 89 54 W.
378 1846 223 54 Wilson
628 1865 296 51 company,
954 1850 150 51 1935.

237 1920 84 39 128
346 1932 41 36 p.
441 1920 116 41 20cm.
622 1921 125 47 (The
771 1922 248 40 reference
1042 1921 143 48 shelf,
1209 1933 42 30 v.
1279 1921 70 50 10,
1373 1932 79 32 no.
1476 1921 54 52 2)

235 1977 347 49 Bibliography
599 1987 11 30 :
636 1989 44 38 p.
712 1977 189 51 [15]-20.

169 2030 51 52 ©
244 2035 112 46 Apr.
381 2034 69 46 19,
475 2035 118 39 1935;
642 2035 69 40 2c.
740 2036 115 47 May
879 2035 57 40 16;
991 2035 82 41 aff.
1099 2036 115 48 May
1238 2036 54 39 11;
1348 2037 41 38 A
1416 2036 146 41 81846;
1614 2036 62 39 H.
1700 2036 70 40 W.
1798 2035 187 40 Wilson
2012 2046 65 29 co.

247 2091 248 49 (35-7257)

168 2162 202 68 Nardi,
397 2165 223 64 Noach,
653 2170 171 50 1902-

237 2241 1805 68 Zionism and education in Palestine, by Noach Nardi …
170 2317 134 52 New
342 2318 162 52 York
542 2318 132 67 city,
712 2319 277 54 Teachers
1027 2322 226 65 college,
1292 2321 301 55 Columbia
1631 2320 333 67 university,
2002 2322 153 51 1934.

237 2389 64 48 ix,
335 2390 57 41 99
424 2400 44 38 p.
527 2390 145 41 23½cm.
746 2392 262 48 (Teachers
1043 2393 192 49 college,
1270 2392 251 42 Columbia
1552 2392 287 48 university.
169 2394 1967 92 Contributions
322 2448 50 40 to
397 2447 270 48 education,
696 2460 73 28 no.
799 2448 107 50 629)

238 2501 170 43 Issued
434 2505 102 39 also
564 2514 55 30 as
645 2502 153 43 thesis
835 2504 106 48 (PH.
999 2505 34 48 D.)
1070 2504 251 42 Columbia
1349 2506 286 48 university.

240 2557 371 52 Bibliography:
642 2571 43 38 p.
716 2561 156 42 93-99.

172 2612 51 52 ©
249 2617 111 40 Dec.
384 2618 69 46 31,
479 2616 114 41 1934;
647 2617 67 40 2c.
744 2619 96 38 and
866 2617 81 41 aff.
972 2618 112 47 Apr.
1116 2618 38 47 8,
1184 2618 117 41 1935;
1358 2619 41 39 A
1426 2618 142 42 82432;
1626 2621 56 39 N.
1710 2621 168 47 Nardi,
1906 2622 84 39 Tel
2019 2621 139 47 Aviv,

240 2672 256 42 Palestine.
568 2674 249 49 (35-7337)

169 2745 275 54 National
476 2748 314 53 industrial
821 2749 345 54 conference
1197 2750 201 55 board.

340 2823 1818 71 … A statistical survey of public opinion regarding current
173 2902 277 52 economic
484 2902 113 52 and
631 2901 172 54 social
838 2903 299 66 problems,
1171 2922 59 34 as
1265 2904 265 67 reported
1565 2904 75 67 by
1673 2923 333 50 newspaper
176 2905 1954 124 editors
336 2978 57 51 in
443 2978 227 66 August
717 2980 113 52 and
878 2978 345 69 September,
1273 2983 152 51 1934.
1506 2982 172 53 Final
1727 2988 209 61 report.
2019 2983 138 53 New

181 3053 154 52 York
374 3055 132 66 city,
545 3055 272 54 National
857 3056 307 54 industrial
1205 3058 328 54 conference
1571 3059 197 66 board,
1805 3059 110 53 inc.
1979 3064 174 64 [c1934]

243 3125 99 42 viii.
369 3127 56 38 40
450 3138 43 37 p.
521 3127 108 41 incl.
657 3128 168 40 tables.
884 3127 115 41 23cm.
1071 3129 96 47 (Its
1198 3129 208 49 Studies,
1432 3142 76 30 no.
1534 3130 109 48 205)

177 3177 51 52 ©
260 3183 116 40 Nov.
410 3184 69 47 15,
512 3183 140 47 1934;
689 3184 65 40 2c.
791 3186 109 38 Dec.
938 3185 82 46 20;
1058 3184 81 41 aff.
1176 3186 110 40 Dec.
1323 3187 83 47 21;
1445 3188 41 39 A
1519 3187 170 48 77797;
1727 3189 116 39 Natl.
1896 3189 262 42 industrial

244 3240 279 40 conference
555 3242 165 46 board,
754 3241 90 40 inc.
914 3242 250 48 (35-7255)

175 3312 141 52 New
343 3315 160 52 York
543 3316 216 66 (State)
832 3319 164 50 Laws.
1042 3324 256 61 statutes,
1327 3325 98 46 etc.

246 3389 233 55 Cahill’s
513 3394 138 51 New
687 3394 162 52 York
882 3395 132 52 civil
1050 3397 262 65 practice.
1387 3400 132 51 1935
1555 3399 341 52 cumulative
177 3400 1956 123 supplement.
377 3470 330 68 containing
737 3472 98 51 the
865 3472 135 53 laws
1030 3476 231 51 enacted
1295 3480 58 46 at
1385 3475 96 51 the
1514 3478 151 62 1932,
1700 3478 151 65 1933,
1886 3480 137 49 1934
179 3496 1955 100 sessions
383 3549 296 66 (including
717 3550 94 51 the
853 3551 435 67 extraordinary
1326 3552 265 67 sessions)
1644 3554 112 52 and
1796 3555 95 53 the
1931 3555 230 67 regular

185 3624 127 48 1935
347 3626 207 51 session
590 3626 62 51 of
686 3627 98 52 the
815 3629 353 65 Legislature
1205 3630 112 51 and
1351 3630 94 51 the
1482 3631 241 67 changes
1758 3632 162 52 made
1953 3634 77 65 by
2064 3634 95 51 the

182 3702 1977 76 courts in the rules. Edited by Austin B. Griffin … Chicago,
183 3774 311 65 Callaghan
524 3782 110 49 and
664 3800 292 48 company,
986 3786 148 49 1935.

251 3848 577 52 1 p. l ., ii, 335 p. 26cm.
185 3897 50 52 ©
261 3904 111 47 May
394 3906 67 47 21,
486 3906 115 41 1935;
648 3908 67 40 2c.
740 3910 96 38 and
859 3909 81 40 aff.
964 3911 114 47 May
1100 3910 55 41 23;
1209 3912 43 38 A
1274 3911 145 40 81946;
1471 3913 268 47 Callaghan
1765 3914 38 40 &
1826 3923 67 31 co.
