2424 4375
1020 4085 129 50 1759

111 453 159 63 Post,
302 451 291 56 Chandler
623 452 283 64 Rathfon,
940 455 170 51 1881-

181 533 55 50 A
270 531 220 65 history
526 530 62 53 of
626 530 248 66 Spanish
912 527 282 68 painting,
1230 529 73 65 by
1340 529 289 53 Chandler
1665 529 261 52 Rathfon
1964 532 138 50 Post

112 606 1964 144 … volume G. pts. 1-2. The Valencian school in the late middle ages
410 685 109 51 and
560 686 156 63 early
755 684 364 52 renaissance.
1197 682 362 68 Cambridge.
1600 685 154 51 Mass.,
1828 685 272 52 Harvard
112 763 314 55 university
453 780 173 49 press.
654 765 151 48 1935.

179 838 25 36 2
269 867 7 8 v.
340 834 126 40 illus.
555 835 53 37 25
613 836 42 21 cm
662 866 8 7 .

112 888 1990 53 © Nov. 26. 1935; 2c. each Dec. 2; aff. Dec. 3 ; A 89763; President and
179 950 186 38 fellows
396 948 52 40 of
477 948 228 39 Harvard
736 947 189 45 college,
959 946 301 48 Cambridge,
1292 948 143 39 Mass.

111 1051 252 64 Potterf,
393 1051 285 54 Bernard.

177 1128 116 52 Far
323 1127 166 53 lands
519 1127 112 52 and
662 1126 148 54 their
841 1126 217 68 people,
1086 1126 73 68 by
1192 1127 259 52 Bernard
1481 1126 259 66 Potterf;
1775 1127 140 52 with
110 1126 1968 133 illustrations
378 1204 154 53 from

559 1205 394 68 photographs
980 1204 75 68 by
1082 1204 93 53 the
1206 1203 222 54 author.
1508 1205 270 67 [Dayton,
1808 1204 50 55 O.,
1921 1212 19 21 c
1946 1209 132 50 1935]

180 1279 85 40 207
300 1290 43 37 p.
404 1278 126 40 illus.
593 1278 55 39 24
651 1280 43 21 cm
700 1310 8 7 .

109 1331 52 53 ©
187 1336 116 39 Nov.
330 1336 68 38 25.
429 1334 111 40 1935;
597 1336 67 38 2c.
692 1335 94 39 and
815 1334 79 39 aff.
922 1334 116 39 Nov.
1064 1335 55 38 27;
1178 1335 38 37 A
1245 1334 145 40 89616;
1448 1336 51 38 B.
1530 1336 205 46 Potterf,
1766 1336 171 46 Eaton,
1967 1336 52 40 O.

191 1391 280 48 (35-33995)

110 1493 281 67 Puryear,
422 1494 235 52 Vernon
686 1493 173 64 John,
892 1497 169 50 1901-

180 1569 418 56 International
638 1570 309 54 economics
987 1572 110 52 and
1139 1569 325 69 diplomacy
1505 1569 60 56 in
1602 1573 96 51 the
1737 1573 151 52 Near
1929 1573 168 64 East;

110 1665 29 34 a
169 1648 172 68 study
367 1647 64 53 of
459 1646 222 55 British
710 1648 353 53 commercial
1092 1648 190 67 policy
1311 1648 59 52 in
1401 1649 96 51 the
1523 1649 238 65 Levant,
1793 1652 306 50 1834-1853

115 1724 1983 70 [by] Vernon John Puryear … with a foreword by Robert J.
110 1802 1989 69 Kerner … Stanford University, Calif., Stanford university
110 1898 183 51 press;
323 1882 258 66 London,
610 1882 78 53 H.
718 1880 264 67 Milford,
1011 1878 229 58 Oxford
1269 1878 317 68 university
1615 1897 157 50 press
1806 1915 11 32 [
1823 1887 18 21 c
1847 1884 132 50 1935
1986 1915 12 33 ]

180 1953 103 48 xiii,
313 1953 85 41 264
426 1964 44 38 p.
526 1953 55 41 23½
614 1957 43 21 cm
663 1987 8 7 .

180 2011 139 47 Maps
349 2021 58 29 on
441 2009 363 49 lining-papers.

180 2065 348 50 Bibliography;
587 2077 41 38 p.
656 2066 216 42 230-256.

109 2120 52 53 ©
190 2125 117 39 Nov.
338 2125 67 46 14,
437 2125 114 38 1935;
610 2125 67 38 2c.
704 2125 117 38 Nov.
851 2124 53 38 27;
965 2122 82 41 aff.
1078 2123 117 39 Nov.
1225 2122 56 39 25;
1342 2124 38 37 A
1411 2122 144 40 89630;
1616 2123 161 39 Board
1810 2121 52 40 of
1892 2124 211 38 trustees

177 2182 51 39 of
258 2182 84 40 the
369 2182 182 39 Leland
585 2181 232 39 Stanford
847 2180 165 47 junior
1041 2180 145 47 univ.,
1222 2179 233 41 Stanford
1489 2177 294 49 University.
1817 2178 142 41 Calif.

186 2238 279 46 (35-34444)

108 2340 292 65 Renwick,
429 2340 253 54 William
715 2341 65 53 G.

174 2417 123 52 The
325 2416 475 70 folding-trigger
830 2416 276 53 Paterson
1139 2415 148 55 Colt,
1318 2415 73 68 by
1422 2414 259 53 William
1713 2413 68 55 G.
1812 2413 288 53 Renwick.

114 2495 268 68 [Topeka,
410 2496 168 65 Kan.,
606 2496 240 52 Printed
874 2495 73 66 by
976 2495 175 53 Jones
1178 2496 47 50 &
1253 2493 195 67 Birch]
1481 2501 18 21 c
1504 2496 150 49 1934.

176 2569 282 46 cover-title,
485 2570 55 38 24
569 2579 42 38 p.
667 2570 127 39 illus.
850 2569 56 41 28
908 2572 42 20 cm
957 2601 8 7 .

111 2622 52 53 ©
194 2627 107 39 Feb.
335 2627 67 46 10,
435 2627 113 39 1934;
608 2627 66 39 2c.
703 2627 117 38 Nov.
854 2626 67 41 15.
954 2625 114 41 1935;
1130 2625 81 39 aff.
1245 2626 116 39 Nov.
1394 2624 57 41 27;
1511 2625 41 38 A
1583 2623 171 47 89634;
1789 2625 71 38 W.
1895 2624 50 39 G.
178 2624 1909 106 Renwiek,
339 2684 135 38 Palm
503 2683 211 50 Springs.
743 2682 142 41 Calif.
956 2682 253 42 (35-34872
1226 2686 10 39 )

109 2779 242 63 Rovere,
378 2780 217 53 Bruno.

238 2853 1858 69 … Le obbligazioni italiane in dollari l’assieme delle emissioni
108 2937 175 49 estere
313 2933 151 67 negli
502 2932 148 55 Stati
685 2934 165 52 Uniti
884 2932 322 54 d’America
1240 2933 67 51 ed
1339 2932 40 51 il
1410 2931 213 53 riflesso
1655 2931 86 52 sul
1774 2932 120 51 loro
1928 2932 170 51 anda-

107 3015 186 49 mento
334 3010 150 53 della
520 3010 235 67 politica
795 3008 335 55 finanziaria
1172 3009 250 54 fascista.
1497 3009 139 52 New
1677 3008 181 67 York,
1899 3009 69 52 N.
2011 3008 89 67 Y.,

108 3087 791 68 Italian publishers [ c 1935]
177 3160 976 50 3 p. l., [ix]-xli p., 1 1., 347 p. 24½cm.
179 3218 63 39 At
269 3218 122 40 head
420 3218 50 39 of
499 3217 106 40 title;
662 3218 127 39 Doit.
822 3218 160 39 Bruno
1014 3218 196 39 Rovere.

179 3272 345 49 Bibliography;
592 3285 40 36 p.
685 3274 232 39 [343]-347.

109 3324 51 52 ©
184 3329 101 40 Oct.
310 3331 39 40 1.
373 3329 115 41 1935;
539 3329 66 40 2c.
630 3330 117 39 Nov.
772 3329 55 39 22;
881 3329 81 40 aff.
989 3330 115 37 Nov.
1131 3329 55 39 21;
1242 3330 41 38 A
1307 3329 116 40 89608;
1506 3330 54 39 B.
1584 3329 199 46 Rovere,
1810 3330 115 37 New
1954 3329 142 39 York.

187 3386 277 46 (35-33984)

108 3472 339 66 Severance,
476 3475 281 64 Belknap.

110 3548 1960 148 Manual of foreign patents, by Belknap Severance … Washington, Patent office society, 1935.
173 3696 531 49 4 p. l., 161 p. 23 cm .
175 3752 156 41 Based
365 3764 59 29 on
458 3757 168 44 patent
661 3755 322 46 publications
1017 3756 49 38 in
1101 3756 81 39 the
1220 3754 242 42 Scientific
1495 3755 186 45 library
1716 3754 52 40 of
1799 3756 82 39 the
1916 3754 178 41 Patent

107 3806 140 40 office.
307 3809 100 38 The
441 3810 159 45 major
633 3811 190 45 portion
858 3811 51 39 of
942 3810 99 40 this
1075 3809 247 49 pamphlet
1356 3821 103 29 was
1493 3811 263 39 submitted
1793 3816 47 33 to
1878 3812 81 38 the
108 3812 1968 97 faculty
241 3863 52 39 of
325 3864 80 40 the

438 3865 222 39 Division
695 3865 51 39 of
779 3866 185 47 library
997 3865 185 41 science
1214 3866 52 39 of
1298 3866 82 40 the
1417 3865 183 48 George
1635 3866 319 48 Washington
108 3865 1966 100 university
312 3920 49 38 in
388 3924 111 43 part

523 3920 311 40 satisfaction
860 3921 50 40 of
937 3923 83 39 the
1046 3922 351 48 requirements
1422 3922 81 39 for
1529 3922 82 40 the
1638 3923 172 47 degree
1835 3923 51 38 of
1912 3925 182 37 master

107 3973 51 39 of
191 3979 103 36 arts
329 3976 49 39 in
414 3976 139 47 June,
590 3975 127 42 1934.
779 3978 46 40 It
861 3978 88 39 has
986 3979 130 39 since
1151 3979 118 39 been
1304 3978 202 41 revised,
1546 3979 94 39 and
1678 3980 169 44 patent
1882 3978 210 48 publica-
