2424 4375
1228 4053 132 50 1830

299 411 251 66 Heisler,
581 412 257 55 William
867 413 333 55 Frederick.

369 488 368 67 Elementary
782 489 208 53 science
1036 486 233 70 applied
1314 495 57 47 to
1417 488 96 55 the
1558 486 351 69 firefighting
1954 488 224 66 service,
2222 487 75 68 by

294 563 2003 72 W. Fred Heisler … in co-operation with the supervisory staff
296 640 95 55 for
428 642 309 54 industrial
776 642 318 69 education,
1137 641 161 57 State
1337 643 361 68 department
1737 642 65 55 of
1843 643 318 69 education,
2201 643 96 54 the

302 718 319 56 Oklahoma
661 720 313 68 inspection
1014 720 229 66 bureau,
1285 718 318 56 Oklahoma
1645 719 152 70 City,
1838 720 112 53 and
1988 720 97 54 the
295 718 1979 133 Oklahoma

295 796 1977 148 state firemen’s association … Stillwater, Okl. The College
449 876 148 53 book
629 880 167 63 store,
829 873 322 57 Oklahoma
1185 875 73 54 A.
1294 876 111 53 and
1438 875 82 55 M.
1553 877 229 68 college,
1815 882 20 23 c
1839 879 151 51 1935.

367 947 1257 52 1 p. l. , [1], iv, 166 p. illus., diagrs. 28 × 21½ cm .
371 1003 73 42 On
471 1015 165 31 cover:
667 1003 181 43 Course
872 1016 73 29 no.
976 1004 112 41 B-2.

369 1061 443 49 “Planographed.”

374 1117 129 42 “The
539 1128 209 39 purpose
787 1119 53 40 of
877 1119 100 40 this
1016 1118 146 47 study
1205 1138 71 31 [18]
1319 1120 49 39 to
1410 1119 222 41 consider
1670 1119 51 40 in
1762 1130 26 29 a
1830 1121 197 46 general
2067 1130 108 37 way
2217 1120 81 40 the

299 1174 2001 48 physics and chemistry of materials … and the use and maintenance of
298 1230 82 41 the
406 1232 278 47 equipment
708 1233 97 39 and
829 1232 251 41 materials
1104 1233 119 39 used
1248 1232 48 39 in
1321 1231 207 49 fighting
1549 1231 260 48 fires.”—p.
1837 1232 41 41 2.

306 1285 53 54 ©
394 1290 116 40 Nov.
548 1290 71 48 20,
655 1289 142 49 1935;
836 1290 66 40 2c.
940 1291 96 39 and
1073 1290 81 40 aff.
1195 1291 111 40 Dec.
1344 1290 53 47 2;
1437 1292 41 38 A
1514 1290 170 48 88470;
1725 1292 69 40 W.
1835 1292 52 42 F.
1925 1292 207 48 Heisler,
378 1291 1909 104 Stillwater,
578 1347 106 41 Okl.
754 1347 280 50 (35-38113)

304 1435 334 67 Hitzeman,
666 1439 202 64 Harry
891 1438 73 56 H.

375 1514 1925 69 Petition in support of Senate bill … to revive and extend
303 1592 1992 69 certain patents … Chicago, Hawkins & Loomis & co. [ c 1935 ]
377 1665 283 47 cover-title,
693 1665 55 39 21
781 1676 41 36 p.
882 1664 54 41 23
941 1667 44 20 cm
989 1697 8 8 .

308 1717 53 53 ©
395 1721 110 41 Jan.
569 1754 8 15 5,
613 1720 139 49 1935;
790 1721 67 41 2c.
891 1722 97 40 and
1021 1721 80 41 aff.
1139 1722 110 39 Jan.
1285 1721 82 47 12;
1405 1721 44 42 A,
1481 1720 169 48 79150;
1689 1723 60 39 H.
1786 1722 60 40 H.
1883 1721 274 49 Hitzeman,
377 1722 1907 104 Chicago.

334 1867 257 55 Institute
618 1869 97 53 for
742 1868 266 64 training
1034 1869 58 53 in
1119 1867 317 65 municipal
1464 1868 501 57 administration.

375 1947 121 52 The
525 1947 395 67 organization
952 1947 111 52 and
1094 1946 291 55 functions
1416 1946 62 52 of
1507 1946 312 67 municipal
1851 1952 386 62 government,
2269 1965 31 34 a

305 2027 483 64 complementary
822 2027 220 50 volume
1077 2029 59 47 to
1168 2023 261 57 William
1465 2025 345 54 Anderson’s
1845 2025 305 53 American
2185 2025 116 67 city

305 2106 388 63 government,
719 2102 282 67 prepared
1028 2101 95 53 for
1150 2121 73 33 an
1248 2103 291 53 extension
1568 2120 192 35 course
1786 2121 72 34 on
1885 2103 95 53 the
304 2104 1972 130 organization
462 2180 112 52 and
610 2178 290 54 functions
934 2179 64 53 of
1031 2178 313 68 municipal
1379 2186 384 60 government.
1834 2182 279 66 January,
2149 2183 150 51 1935.

306 2256 1970 146 Chicago, Ill., The institute for training in municipal administration [ c 1935]
379 2406 760 50 5 p. l. , 2-214 numb. l. 29 cm .
382 2463 407 48 Mimeographed.

308 2517 56 53 ©
403 2522 110 39 Jan.
554 2521 68 47 15,
663 2519 118 41 1935
796 2531 9 36 ;
846 2520 68 40 2c.
957 2520 108 40 Jan.
1106 2520 83 47 31;
1233 2520 82 40 aff.
1358 2520 111 40 Feb.
1510 2520 52 47 6;
1607 2521 41 39 A
1688 2520 170 48 80355;
1904 2521 225 40 Internatl.
2203 2520 98 49 city

379 2577 272 48 managers’
689 2587 142 39 assn.,
870 2577 222 47 Chicago.

313 2668 337 65 [Insurance
685 2667 277 52 research
996 2667 115 52 and
1147 2666 216 53 review
1398 2665 242 65 service,
1676 2667 399 67 Indianapolis]

378 2743 122 52 The
529 2742 315 69 recruiting
872 2760 222 50 process
1110 2763 11 46 ;
1154 2743 97 52 the
1277 2740 298 70 technique
1605 2742 66 53 of
1700 2742 224 68 finding
1951 2761 123 34 new
2101 2761 200 35 men—

309 2820 327 69 contacting
667 2818 600 70 them—establishing
1301 2819 263 55 selection
1597 2820 704 69 standards—presenting

309 2898 96 52 the
430 2917 123 34 case
578 2898 94 52 for
697 2897 106 55 life
829 2896 296 55 insurance
1150 2917 60 34 as
1237 2917 31 34 a
1293 2896 107 53 life
1424 2898 171 54 work.
1657 2897 415 68 Indianapolis,
2098 2899 53 52 R
2177 2901 46 51 &
2248 2899 51 52 R

309 2974 608 70 publications [ c 1935]
381 3048 100 48 191,
518 3048 55 49 [1]
608 3059 43 37 p.
712 3048 176 47 diagrs.
952 3048 55 40 21
1011 3050 45 21 cm
1061 3080 8 9 .

384 3103 146 42 “This
560 3104 123 40 book
712 3104 91 39 has
831 3104 115 39 been
975 3105 236 47 prepared
1242 3104 60 47 by
1333 3105 81 38 the
1442 3103 229 40 editorial
1700 3103 118 41 staff
1847 3103 50 40 of
1928 3103 43 39 R
1998 3098 47 46 &
2073 3104 44 38 R
2148 3104 153 40 under

312 3161 83 39 the
421 3160 236 41 direction
685 3160 51 40 of
763 3161 202 39 Mansur
991 3163 54 38 B.
1074 3160 171 48 Oakes,
1275 3160 261 48 president,
1565 3161 96 39 and
1687 3160 122 39 Paul
1840 3158 240 50 Speicher,
311 3169 1974 96 managing
421 3216 307 49 editor.”—p.
774 3216 41 50 [2]

313 3269 53 54 ©
405 3276 116 38 Nov.
564 3274 69 48 14,
675 3273 140 48 1935;
857 3275 67 39 2c.
966 3275 96 39 and
1103 3274 80 39 aff.
1226 3275 111 38 Dec.
1378 3274 53 46 6;
1475 3274 40 39 A
1557 3273 169 46 88562;
1769 3274 268 41 Insurance
2076 3272 223 40 research

381 3333 95 39 and
503 3331 177 40 review
705 3332 195 39 service.
973 3330 280 49 (35-38298)

339 3421 402 52 International
769 3421 347 53 convention
1144 3420 96 52 for
1268 3421 103 51 the
1399 3419 250 53 Roerich
1677 3422 135 61 pact
1841 3420 113 52 and
1985 3420 221 52 banner
2235 3417 63 53 of

379 3512 192 47 peace.
645 3499 75 51 3d
726 3543 10 19 ,
839 3497 322 66 Washington,
1186 3500 73 50 D.
1289 3500 42 51 C.
1358 3539 11 16 ,
1400 3501 149 50 1933.

381 3575 243 52 Roerich
657 3580 149 61 pact,
838 3575 214 52 banner
1085 3574 62 52 of
1181 3591 181 49 peace.
1434 3574 378 65 Proceedings
1845 3573 158 52 third
311 3574 1961 128 International
530 3652 337 52 convention
904 3651 94 52 for
1034 3652 96 51 the
1166 3651 241 52 Roerich
1446 3656 135 61 pact
1616 3652 112 51 and
1765 3652 213 50 banner
2015 3650 63 52 of
2114 3667 182 48 peace,

312 3728 317 52 November
658 3727 132 52 17th
818 3729 110 51 and
960 3729 147 65 18th,
1137 3731 151 51 1933,
1315 3728 400 66 Washington,
1743 3730 69 50 D.
1844 3729 62 53 C.
1980 3727 241 53 Volume
2249 3728 44 49 2.

311 3806 139 49 New
478 3805 179 65 York,
685 3808 147 48 1934.

469 3870 275 52 189 p. 19½ cm .
316 3926 53 53 ©
407 3932 112 38 Dec.
560 3931 68 47 15,
669 3931 141 47 1934;
852 3932 66 39 2c.
959 3932 109 39 Jan.
1107 3931 69 49 21,
1218 3931 141 47 1935;
1401 3931 82 40 aff.
1525 3931 108 40 Feb.
1675 3930 83 47 21;
1799 3930 41 39 A
1880 3928 169 48 80902;
2092 3928 203 40 Roerich

385 3997 232 38 museum,
641 3988 117 39 New
780 3988 144 40 York.
