2526 4384
1180 4026 101 50 251

295 487 28 40 6
350 496 42 37 p.
455 518 9 16 l.,
492 486 145 42 3-307
665 496 43 38 p.
766 485 164 49 front.,
960 486 169 49 plates,
1159 487 148 46 ports.
1365 485 57 40 22
1425 488 44 21 cm
1474 519 9 8 .

296 544 137 46 Maps
465 554 62 30 on
554 543 364 48 lining-papers.

296 599 374 50 Bibliography:
703 611 44 38 p.
777 600 100 45 302.

225 668 52 54 ©
315 672 111 41 Feb.
463 672 71 48 21,
571 671 142 49 1935;
753 672 67 40 2c.
861 672 122 39 Mar.
1022 673 53 46 7;
1115 671 81 40 aff.
1238 672 122 40 Mar.
1400 671 52 48 6;
1494 671 42 40 A
1575 671 170 48 80828;
1786 673 53 38 E.
1880 672 58 39 K.
1979 670 236 48 Maillart,

293 729 205 48 Geneva,
529 728 333 42 Switzerland.
933 728 250 49 (35-3700)

221 830 315 67 Malamud,
564 830 272 67 William,
868 837 171 50 1895-

289 906 263 56 Outlines
581 906 65 55 of
675 908 231 69 general
938 907 547 70 psychopathology,
1512 908 78 69 by
1618 907 265 55 William
1915 906 298 54 Malamud

282 984 1682 71 … New York, W. W. Norton & company, inc. [ c 1935]
289 1057 96 49 xiv,
411 1057 85 41 462
521 1067 43 38 p.
624 1057 56 40 22
684 1060 44 21 cm
730 1088 10 11 .

293 1114 161 41 “First
482 1113 228 43 edition.”

297 1170 369 48 Bibliography:
693 1180 43 38 p.
763 1169 217 41 449-454.

226 1237 52 54 ©
305 1242 109 40 Feb.
441 1242 70 46 27,
538 1241 115 40 1935;
707 1241 66 40 2c.
803 1242 97 39 and
925 1241 81 40 aff.
1037 1241 119 39 Mar.
1185 1242 26 38 1;
1268 1242 42 39 A
1336 1241 147 42 80706;
1535 1243 72 40 W.
1636 1243 71 40 W.
1736 1244 187 39 Norton
1951 1244 38 40 &
2015 1254 82 37 co.,
2125 1243 92 42 inc.

304 1297 249 51 (35-3792)

223 1403 236 65 Massie,
485 1401 252 55 Mitford
764 1403 61 55 C.

297 1479 121 53 The
455 1478 189 67 Roger
681 1477 193 54 Bacon
910 1495 63 38 or
1009 1477 68 53 R.
1117 1477 68 54 R.
1222 1477 119 53 Dee
1374 1477 156 55 chess
1566 1477 151 70 code,
1754 1478 75 70 by
1864 1478 252 55 Mitford
2155 1479 63 55 C.

229 1556 221 54 Massie.
548 1555 137 53 [New
718 1554 180 69 York,
926 1555 167 53 Press
1124 1555 63 53 of
1214 1555 63 52 F.
1309 1555 213 69 Payne,
1550 1555 127 70 inc.,
1708 1562 19 23 c
1730 1559 153 66 1934]

298 1628 26 38 1
355 1638 43 37 p.
467 1659 9 16 l.,
510 1627 58 40 36
600 1637 43 38 p.
702 1625 57 41 23
762 1628 44 21 cm
811 1658 9 9 .

227 1698 52 53 ©
305 1702 103 41 Oct.
434 1702 70 48 13,
530 1701 115 40 1934;
698 1700 68 41 2c.
794 1700 96 39 and
916 1699 83 41 aff.
1028 1700 101 41 Oct.
1157 1700 56 40 15;
1269 1701 42 39 A
1337 1700 147 41 76540;
1537 1703 62 38 M.
1630 1701 48 42 C.
1706 1702 195 49 Massie,
1930 1704 117 39 New
2074 1705 145 39 York.

306 1757 250 49 (35-3884)

226 1860 239 64 Menzel,
493 1861 138 52 Mrs.
659 1857 212 55 Lillian
899 1859 73 57 A.

293 1936 293 56 Scattered
619 1935 277 69 thoughts
930 1934 96 54 for
1056 1935 97 54 the
1186 1935 452 69 enlightenment
1668 1937 114 53 and
1814 1937 270 68 spiritual
224 1955 1971 113 uplift
362 2013 65 55 of
462 2014 250 54 mothers

222 2011 1974 150 and children, by Mrs. Lillian Menzel. Chicago, Mrs. Lillian A. Menzel [ c 1934]
299 2166 58 41 39
385 2177 44 37 p.
487 2165 56 41 23
547 2167 44 21 cm
595 2197 9 9 .

298 2223 128 40 Title
456 2222 214 48 vignette
711 2221 259 48 (portrait)

300 2280 146 40 Prose
477 2279 97 41 and
603 2287 152 32 verse.

231 2348 52 53 ©
306 2353 110 38 Dec.
440 2352 40 46 3,
504 2350 116 41 1934;
670 2350 68 40 2c.
764 2350 98 39 and
883 2348 83 41 aff.
991 2349 113 40 Dec.
1128 2348 57 40 24;
1238 2349 42 40 A
1304 2349 170 49 78663;
1501 2351 50 39 L.
1577 2351 54 39 A.
1661 2353 197 39 Menzel.

309 2407 249 50 (35-3820)

227 2510 313 67 Meredith,
571 2512 256 64 Spencer
855 2511 263 64 Barrett,
1151 2515 172 51 1904-

299 2589 178 54 What
497 2590 97 53 the
614 2589 208 67 figures
842 2606 181 49 mean,
1043 2588 77 67 by
1141 2588 248 67 Spencer
1411 2590 67 53 B.
1501 2589 304 54 Meredith.
1880 2593 138 52 New
2042 2595 177 57 York.

231 2666 256 67 London,
515 2667 72 53 D.
617 2665 577 68 Appleton-Century
1225 2683 296 51 company,
1549 2666 417 71 incorporated,
1999 2675 148 50 1935.

307 2740 83 49 [79]
421 2751 44 37 p.
631 2770 10 10 19cm.

306 2794 1915 48 “To show … how to read and understand balance sheets and income
235 2852 464 42 accounts.”—Pref.

233 2907 52 53 ©
313 2912 110 40 Jan.
451 2910 70 48 25,
550 2910 114 41 1935;
720 2910 68 39 2c.
818 2909 110 40 Feb.
958 2909 54 47 1;
1045 2908 80 41 aff.
1156 2908 111 40 Feb.
1297 2909 53 47 5;
1383 2909 42 39 A
1453 2908 170 49 80334;
1659 2910 44 41 S.
1734 2912 53 39 B.
1821 2912 256 50 Meredith,
2106 2916 117 39 New

301 2969 143 40 York.
509 2966 281 51 [Copyright
815 2965 42 41 is
885 2965 206 40 claimed
1117 2975 60 30 on
1202 2965 197 48 preface
1427 2967 98 39 and
1552 2966 252 52 revisions]

310 3023 249 51 (35-3739)

233 3129 212 54 Michie
476 3143 303 48 company,
812 3125 476 68 Charlottesville,
1318 3127 102 52 Va.

301 3205 212 53 Michie
538 3224 74 35 on
636 3204 181 54 banks
845 3203 113 53 and
984 3202 270 69 banking.
1321 3206 133 51 1935
1483 3205 360 69 supplement
1894 3207 112 69 [for]
2039 3228 51 37 v.
2122 3215 98 50 1-9

296 3281 1594 71 … Charlottesville, Va., The Michie company, 1935.
302 3358 28 40 9
355 3369 41 29 v.
453 3357 55 40 23
510 3359 46 21 cm
561 3387 9 9 .

303 3416 157 39 These
487 3412 273 49 pamphlets
792 3421 85 29 are
905 3412 50 38 to
985 3410 58 39 be
1072 3408 138 41 fitted
1239 3409 106 41 into
1373 3411 85 40 the
1486 3413 199 46 pockets
1714 3416 55 38 at
1797 3415 84 41 the
1909 3417 122 39 back
2059 3420 55 39 of
2143 3421 81 40 the

235 3474 216 38 volumes
473 3470 53 39 of
550 3470 83 39 the
657 3470 75 38 set
755 3469 52 38 to
829 3465 161 41 which
1013 3466 113 47 they
1151 3466 183 48 belong.

236 3525 52 53 ©
312 3530 121 38 Mar.
459 3529 41 46 5,
524 3525 140 47 1935;
692 3524 69 40 2c.
785 3524 117 39 each
928 3523 96 39 and
1051 3521 80 41 aff.
1158 3523 121 39 Mar.
1307 3522 82 48 15;
1417 3524 42 39 A
1485 3523 170 49 80940;
1684 3526 179 41 Michie
1888 3539 66 30 co.

241 3632 241 67 [Mount,
510 3628 259 55 Thomas
794 3627 239 65 Ernest]
1068 3630 171 50 1895-

308 3706 350 56 Gun-smoke
697 3723 146 47 cure,
882 3702 77 68 by
1001 3701 172 56 Stone
1216 3703 161 68 Cody
1448 3705 205 67 [pseud.]
1732 3708 139 54 New
1913 3712 178 68 York,
2130 3716 90 55 W.

238 3787 247 53 Morrow
513 3785 46 51 &
586 3797 295 51 company,
910 3781 151 50 1935.

309 3852 584 56 3 p. l. , 3-284 p. 20cm.
240 3913 52 53 ©
320 3917 120 38 Mar.
467 3915 69 43 13,
564 3911 114 40 1935;
733 3909 69 40 2c.
829 3908 98 40 and
955 3906 81 40 aff.
1063 3906 119 40 Mar.
1211 3905 83 48 16;
1324 3907 42 39 A
1392 3907 170 49 81037;
1594 3910 219 42 William
1839 3914 211 43 Morrow
2077 3919 36 40 &
2141 3932 53 30 co

307 3973 90 39 inc.
468 3967 247 51 (35-3814)
