<alto xmlns="http://www.loc.gov/standards/alto/ns-v3#" xmlns:xlink="http://www.w3.org/1999/xlink" xmlns:xsi="http://www.w3.org/2001/XMLSchema-instance" xsi:schemaLocation="http://www.loc.gov/standards/alto/ns-v3# http://www.loc.gov/alto/v3/alto-3-0.xsd"><Description>
<MeasurementUnit>pixel</MeasurementUnit>
<sourceImageInformation>
<fileName>1935_v32_Part1.pdf</fileName>
</sourceImageInformation>
<OCRProcessing ID="IdOcr">
<ocrProcessingStep>
<processingDateTime>2019-01-15</processingDateTime>
<processingSoftware>
<softwareCreator>ABBYY</softwareCreator>
<softwareName>ABBYY Recognition Server</softwareName>
<softwareVersion>4.0</softwareVersion>
</processingSoftware>
</ocrProcessingStep>
</OCRProcessing>
</Description>
<Styles>
<ParagraphStyle ID="StyleId-FFFFFFFF-FFFF-FFFF-FFFF-FFFFFFFFFFFF-" ALIGN="Left" LEFT="0." RIGHT="0." FIRSTLINE="0."/>
<ParagraphStyle ID="StyleId-09A13A44-4F77-4ABE-84F3-84CC8B3C72CE-" ALIGN="Left" LEFT="0." RIGHT="0." FIRSTLINE="0." LINESPACE="7.699999809"/>
<ParagraphStyle ID="StyleId-1F945060-F8CD-4435-B69A-5FF49DB0C586-" ALIGN="Left" LEFT="0." RIGHT="0." FIRSTLINE="-10." LINESPACE="12.19999981"/>
<ParagraphStyle ID="StyleId-C6CAE747-F5A4-4D0D-8D74-D452DA7E2C1C-" ALIGN="Block" LEFT="0." RIGHT="0." FIRSTLINE="-14." LINESPACE="8.350000381"/>
<ParagraphStyle ID="StyleId-FC0F3374-189A-459E-BE29-2DC14180F022-" ALIGN="Left" LEFT="0." RIGHT="0." FIRSTLINE="0."/>
<ParagraphStyle ID="StyleId-49397C49-A894-4B3E-BA5E-1126226BA375-" ALIGN="Left" LEFT="0." RIGHT="0." FIRSTLINE="-12." LINESPACE="11.09000015"/>
<ParagraphStyle ID="StyleId-9E34DD3A-E661-48BD-A3A1-6A3D48346F00-" ALIGN="Block" LEFT="0." RIGHT="0." FIRSTLINE="-14." LINESPACE="11.09000015"/>
<ParagraphStyle ID="StyleId-56CE54AA-A08B-4BAA-8605-F26020A0E36E-" ALIGN="Left" LEFT="0." RIGHT="0." FIRSTLINE="0." LINESPACE="9.399999619"/>
<ParagraphStyle ID="StyleId-77814FFC-C42F-4AA9-9880-EF33B947DEC8-" ALIGN="Left" LEFT="0." RIGHT="0." FIRSTLINE="-11." LINESPACE="11.06999969"/>
<ParagraphStyle ID="StyleId-FDE92EC0-67DC-4C7B-8A24-094B12C38B6C-" ALIGN="Center" LEFT="0." RIGHT="0." FIRSTLINE="0." LINESPACE="11.30000019"/>
<ParagraphStyle ID="StyleId-65180E3B-4C93-4FB8-81EE-E026DD63DBF3-" ALIGN="Left" LEFT="0." RIGHT="0." FIRSTLINE="0." LINESPACE="11.10000038"/>
<ParagraphStyle ID="StyleId-10E885C2-5813-4620-B0AA-0FBA30CF7A32-" ALIGN="Left" LEFT="0." RIGHT="0." FIRSTLINE="0." LINESPACE="9.5"/>
<ParagraphStyle ID="StyleId-913C2DB5-9F02-4067-BAF7-0AED37B60BBE-" ALIGN="Left" LEFT="0." RIGHT="0." FIRSTLINE="0." LINESPACE="6.099999905"/>
<ParagraphStyle ID="StyleId-9C79A9D2-8F08-4A8F-985D-B00E253ED1E5-" ALIGN="Left" LEFT="0." RIGHT="0." FIRSTLINE="0." LINESPACE="4.400000095"/>
<ParagraphStyle ID="StyleId-A41F0407-FEFE-4738-9EC5-E05AFFF62781-" ALIGN="Left" LEFT="0." RIGHT="0." FIRSTLINE="0." LINESPACE="7.300000191"/>
<ParagraphStyle ID="StyleId-61D37176-94E8-408D-9B87-01C406CE8AB2-" ALIGN="Left" LEFT="0." RIGHT="0." FIRSTLINE="0." LINESPACE="8.050000191"/>
</Styles>
<Layout>
<Page ID="Page1454" PHYSICAL_IMG_NR="1454" HEIGHT="4375" WIDTH="2424">
<TopMargin HEIGHT="452" WIDTH="2424" VPOS="0" HPOS="0">
</TopMargin>
<LeftMargin HEIGHT="3604" WIDTH="330" VPOS="452" HPOS="0">
</LeftMargin>
<RightMargin HEIGHT="3604" WIDTH="54" VPOS="452" HPOS="2370">
</RightMargin>
<BottomMargin HEIGHT="319" WIDTH="2424" VPOS="4056" HPOS="0">
<TextBlock ID="Page1454_Block1" HEIGHT="70" WIDTH="154" VPOS="4090" HPOS="1248" LANG="en-US" STYLEREFS="StyleId-BBF82EDE-3114-4C37-A9A5-11AE8F733C4C-">
<TextLine HEIGHT="49" WIDTH="135" VPOS="4100" HPOS="1258">
<String CONTENT="1454" HEIGHT="49" WIDTH="135" VPOS="4100" HPOS="1258"/>
</TextLine>
</TextBlock>
</BottomMargin>
<PrintSpace HEIGHT="3604" WIDTH="2040" VPOS="452" HPOS="330">
<TextBlock ID="Page1454_Block2" HEIGHT="3604" WIDTH="2040" VPOS="452" HPOS="330" LANG="en-US" CS="1" STYLEREFS="StyleId-9287C375-55FB-41A9-A124-54911B20331B-">
<TextLine HEIGHT="74" WIDTH="1986" VPOS="541" HPOS="355" STYLEREFS="StyleId-2120F6A2-1533-4277-B055-99635398A048-" CS="1">
<String LANG="de" CS="1" CONTENT="dungen," HEIGHT="67" WIDTH="246" VPOS="541" HPOS="355"/>
<SP HEIGHT="61" WIDTH="39" VPOS="547" HPOS="602"/>
<String LANG="en-US" CONTENT="139" HEIGHT="49" WIDTH="98" VPOS="545" HPOS="642"/>
<SP HEIGHT="48" WIDTH="39" VPOS="545" HPOS="741"/>
<String LANG="de" CONTENT="tarifbeispielen" HEIGHT="68" WIDTH="453" VPOS="541" HPOS="781"/>
<SP HEIGHT="34" WIDTH="37" VPOS="562" HPOS="1235"/>
<String LANG="de" CONTENT="und" HEIGHT="51" WIDTH="118" VPOS="547" HPOS="1273"/>
<SP HEIGHT="51" WIDTH="39" VPOS="547" HPOS="1392"/>
<String LANG="de" CONTENT="einer" HEIGHT="52" WIDTH="153" VPOS="546" HPOS="1432"/>
<SP HEIGHT="51" WIDTH="36" VPOS="545" HPOS="1586"/>
<String LANG="en-US" CONTENT="kursumrechnungstafel." HEIGHT="70" WIDTH="718" VPOS="545" HPOS="1623"/>
</TextLine>
<TextLine HEIGHT="70" WIDTH="809" VPOS="617" HPOS="354" STYLEREFS="StyleId-2120F6A2-1533-4277-B055-99635398A048-">
<String CONTENT="Berlin," HEIGHT="67" WIDTH="216" VPOS="617" HPOS="354"/>
<SP HEIGHT="64" WIDTH="26" VPOS="620" HPOS="571"/>
<String CONTENT="J." HEIGHT="54" WIDTH="55" VPOS="620" HPOS="598"/>
<SP HEIGHT="55" WIDTH="31" VPOS="620" HPOS="654"/>
<String CONTENT="Springer," HEIGHT="70" WIDTH="296" VPOS="617" HPOS="686"/>
<SP HEIGHT="61" WIDTH="30" VPOS="626" HPOS="983"/>
<String CONTENT="1935." HEIGHT="50" WIDTH="149" VPOS="624" HPOS="1014"/>
</TextLine>
<TextLine HEIGHT="52" WIDTH="934" VPOS="689" HPOS="424" CS="1">
<String CONTENT="viii," HEIGHT="50" WIDTH="101" VPOS="689" HPOS="424"/>
<SP/>
<String CONTENT="318" HEIGHT="41" WIDTH="88" VPOS="691" HPOS="555"/>
<SP HEIGHT="48" WIDTH="26" VPOS="691" HPOS="644"/>
<String CONTENT="p." HEIGHT="37" WIDTH="44" VPOS="702" HPOS="671"/>
<SP HEIGHT="41" WIDTH="56" VPOS="691" HPOS="716"/>
<String CONTENT="fold," HEIGHT="42" WIDTH="118" VPOS="691" HPOS="773"/>
<SP HEIGHT="39" WIDTH="30" VPOS="694" HPOS="892"/>
<String CONTENT="tab.," HEIGHT="49" WIDTH="111" VPOS="692" HPOS="923"/>
<SP HEIGHT="47" WIDTH="29" VPOS="694" HPOS="1035"/>
<String CONTENT="diagrs." HEIGHT="48" WIDTH="177" VPOS="692" HPOS="1065"/>
<SP HEIGHT="41" WIDTH="58" VPOS="692" HPOS="1243"/>
<String CS="1" CONTENT="23&#189;cm." HEIGHT="42" WIDTH="56" VPOS="692" HPOS="1302"/>
</TextLine>
<TextLine HEIGHT="51" WIDTH="1073" VPOS="761" HPOS="427" CS="1">
<String CS="1" CONTENT="&#8220;Fachschriftennachweis&#8221;:" HEIGHT="42" WIDTH="677" VPOS="761" HPOS="427"/>
<SP HEIGHT="39" WIDTH="36" VPOS="772" HPOS="1133"/>
<String CONTENT="p." HEIGHT="37" WIDTH="43" VPOS="774" HPOS="1170"/>
<SP HEIGHT="30" WIDTH="37" VPOS="782" HPOS="1214"/>
<String CONTENT="[286]-302." HEIGHT="50" WIDTH="248" VPOS="762" HPOS="1252"/>
</TextLine>
<TextLine HEIGHT="53" WIDTH="1062" VPOS="817" HPOS="426" CS="1">
<String LANG="de" CONTENT="&#8220;Berichtigung&#8221;:" HEIGHT="50" WIDTH="433" VPOS="817" HPOS="426"/>
<SP HEIGHT="30" WIDTH="31" VPOS="829" HPOS="860"/>
<String LANG="en-US" CONTENT="slip" HEIGHT="49" WIDTH="94" VPOS="818" HPOS="892"/>
<SP HEIGHT="39" WIDTH="28" VPOS="828" HPOS="987"/>
<String LANG="en-US" CONTENT="attached" HEIGHT="40" WIDTH="230" VPOS="819" HPOS="1016"/>
<SP HEIGHT="39" WIDTH="29" VPOS="820" HPOS="1247"/>
<String LANG="en-US" CONTENT="to" HEIGHT="38" WIDTH="48" VPOS="821" HPOS="1277"/>
<SP HEIGHT="38" WIDTH="29" VPOS="830" HPOS="1326"/>
<String LANG="en-US" CONTENT="p." HEIGHT="37" WIDTH="42" VPOS="831" HPOS="1356"/>
<SP HEIGHT="30" WIDTH="33" VPOS="839" HPOS="1399"/>
<String LANG="en-US" CS="1" CONTENT="[1]" HEIGHT="31" WIDTH="55" VPOS="839" HPOS="1433"/>
</TextLine>
<TextLine HEIGHT="55" WIDTH="1802" VPOS="886" HPOS="353" CS="1">
<String CONTENT="&#169;" HEIGHT="53" WIDTH="52" VPOS="886" HPOS="353"/>
<SP HEIGHT="53" WIDTH="24" VPOS="886" HPOS="406"/>
<String CONTENT="Mar." HEIGHT="39" WIDTH="120" VPOS="891" HPOS="431"/>
<SP HEIGHT="39" WIDTH="28" VPOS="890" HPOS="552"/>
<String CONTENT="19," HEIGHT="47" WIDTH="69" VPOS="889" HPOS="581"/>
<SP HEIGHT="44" WIDTH="26" VPOS="892" HPOS="651"/>
<String CONTENT="1935;" HEIGHT="47" WIDTH="140" VPOS="889" HPOS="678"/>
<SP/>
<String CS="1" CONTENT="1c."/>
<SP/>
<String CONTENT="Sept." HEIGHT="48" WIDTH="126" VPOS="890" HPOS="944"/>
<SP HEIGHT="39" WIDTH="26" VPOS="891" HPOS="1071"/>
<String CS="1" CONTENT="3;" HEIGHT="39" WIDTH="25" VPOS="891" HPOS="1098"/>
<SP HEIGHT="47" WIDTH="29" VPOS="890" HPOS="1151"/>
<!-- cceid 94F7430C-6D82-1014-B070-FDFD250A9EDA --><String CONTENT="A-Foreign" HEIGHT="49" WIDTH="315" VPOS="890" HPOS="1181"/>
<SP HEIGHT="40" WIDTH="20" VPOS="890" HPOS="1497"/>
<String CS="1" CONTENT="29090;" HEIGHT="41" WIDTH="145" VPOS="890" HPOS="1518"/>
<SP HEIGHT="45" WIDTH="29" VPOS="893" HPOS="1690"/>
<String CONTENT="Julius" HEIGHT="40" WIDTH="162" VPOS="893" HPOS="1720"/>
<SP HEIGHT="39" WIDTH="31" VPOS="894" HPOS="1883"/>
<String CONTENT="Springer." HEIGHT="49" WIDTH="240" VPOS="892" HPOS="1915"/>
</TextLine>
<TextLine HEIGHT="50" WIDTH="279" VPOS="946" HPOS="433">
<String CONTENT="(35-20103)" HEIGHT="50" WIDTH="279" VPOS="946" HPOS="433"/>
</TextLine>
<TextLine HEIGHT="65" WIDTH="785" VPOS="1049" HPOS="351" STYLEREFS="StyleId-2120F6A2-1533-4277-B055-99635398A048-">
<String CONTENT="Small," HEIGHT="64" WIDTH="199" VPOS="1050" HPOS="351"/>
<SP HEIGHT="63" WIDTH="28" VPOS="1051" HPOS="551"/>
<String CONTENT="Miriam" HEIGHT="54" WIDTH="236" VPOS="1049" HPOS="580"/>
<SP HEIGHT="52" WIDTH="31" VPOS="1052" HPOS="817"/>
<String CONTENT="Rossiter." HEIGHT="56" WIDTH="287" VPOS="1049" HPOS="849"/>
</TextLine>
<TextLine HEIGHT="71" WIDTH="1637" VPOS="1126" HPOS="425" STYLEREFS="StyleId-2120F6A2-1533-4277-B055-99635398A048-" CS="1">
<String CONTENT="Charlotte" HEIGHT="55" WIDTH="297" VPOS="1126" HPOS="425"/>
<SP HEIGHT="51" WIDTH="38" VPOS="1129" HPOS="723"/>
<String CONTENT="Ramsay" HEIGHT="66" WIDTH="249" VPOS="1129" HPOS="762"/>
<SP HEIGHT="67" WIDTH="38" VPOS="1128" HPOS="1012"/>
<String CONTENT="Lennox," HEIGHT="67" WIDTH="253" VPOS="1128" HPOS="1051"/>
<SP HEIGHT="46" WIDTH="40" VPOS="1149" HPOS="1305"/>
<String CONTENT="an" HEIGHT="37" WIDTH="72" VPOS="1146" HPOS="1346"/>
<SP HEIGHT="34" WIDTH="40" VPOS="1146" HPOS="1419"/>
<String CONTENT="eighteenth" HEIGHT="68" WIDTH="327" VPOS="1128" HPOS="1460"/>
<SP HEIGHT="52" WIDTH="38" VPOS="1129" HPOS="1788"/>
<String CONTENT="century" HEIGHT="62" WIDTH="235" VPOS="1135" HPOS="1827"/>
</TextLine>
<TextLine HEIGHT="67" WIDTH="239" VPOS="1131" HPOS="2104" STYLEREFS="StyleId-2120F6A2-1533-4277-B055-99635398A048-">
<String CONTENT="lady" HEIGHT="67" WIDTH="136" VPOS="1131" HPOS="2104"/>
<SP HEIGHT="48" WIDTH="39" VPOS="1150" HPOS="2241"/>
<String CONTENT="of" HEIGHT="53" WIDTH="62" VPOS="1132" HPOS="2281"/>
</TextLine>
<TextLine HEIGHT="148" WIDTH="1966" VPOS="1203" HPOS="351" STYLEREFS="StyleId-2120F6A2-1533-4277-B055-99635398A048-" CS="1">
<String CONTENT="letters," HEIGHT="69" WIDTH="212" VPOS="1204" HPOS="351"/>
<SP HEIGHT="69" WIDTH="31" VPOS="1204" HPOS="564"/>
<String CONTENT="by" HEIGHT="69" WIDTH="74" VPOS="1204" HPOS="596"/>
<SP HEIGHT="67" WIDTH="31" VPOS="1206" HPOS="671"/>
<String CONTENT="Miriam" HEIGHT="55" WIDTH="235" VPOS="1203" HPOS="703"/>
<SP HEIGHT="51" WIDTH="32" VPOS="1207" HPOS="939"/>
<String CONTENT="Rossiter" HEIGHT="56" WIDTH="255" VPOS="1204" HPOS="972"/>
<SP HEIGHT="55" WIDTH="33" VPOS="1206" HPOS="1228"/>
<String CONTENT="Small" HEIGHT="55" WIDTH="181" VPOS="1206" HPOS="1262"/>
<SP HEIGHT="52" WIDTH="38" VPOS="1207" HPOS="1444"/>
<String CS="1" CONTENT="&#8230;"/>
<SP HEIGHT="53" WIDTH="72" VPOS="1207" HPOS="1539"/>
<String CONTENT="New" HEIGHT="53" WIDTH="139" VPOS="1207" HPOS="1612"/>
<SP HEIGHT="52" WIDTH="31" VPOS="1207" HPOS="1752"/>
<String CONTENT="Haven," HEIGHT="67" WIDTH="224" VPOS="1207" HPOS="1784"/>
<SP HEIGHT="65" WIDTH="32" VPOS="1209" HPOS="2009"/>
<String CONTENT="Yale" HEIGHT="54" WIDTH="146" VPOS="1209" HPOS="2042"/>
<SP HEIGHT="35" WIDTH="29" VPOS="1228" HPOS="2189"/>
<String CONTENT="university" HEIGHT="141" WIDTH="1965" VPOS="1210" HPOS="352"/>
</TextLine>
<TextLine HEIGHT="72" WIDTH="1738" VPOS="1282" HPOS="603" STYLEREFS="StyleId-2120F6A2-1533-4277-B055-99635398A048-">
<String CONTENT="press;" HEIGHT="51" WIDTH="186" VPOS="1300" HPOS="603"/>
<SP HEIGHT="67" WIDTH="38" VPOS="1284" HPOS="790"/>
<String CONTENT="London," HEIGHT="68" WIDTH="257" VPOS="1283" HPOS="829"/>
<SP HEIGHT="67" WIDTH="35" VPOS="1284" HPOS="1087"/>
<String CONTENT="H." HEIGHT="53" WIDTH="78" VPOS="1284" HPOS="1123"/>
<SP HEIGHT="54" WIDTH="35" VPOS="1283" HPOS="1202"/>
<String CONTENT="Milford," HEIGHT="69" WIDTH="266" VPOS="1282" HPOS="1238"/>
<SP HEIGHT="68" WIDTH="39" VPOS="1283" HPOS="1505"/>
<String CONTENT="Oxford" HEIGHT="55" WIDTH="230" VPOS="1283" HPOS="1545"/>
<SP HEIGHT="52" WIDTH="36" VPOS="1286" HPOS="1776"/>
<String CONTENT="university" HEIGHT="69" WIDTH="318" VPOS="1284" HPOS="1813"/>
<SP HEIGHT="50" WIDTH="35" VPOS="1304" HPOS="2132"/>
<String CONTENT="press," HEIGHT="50" WIDTH="173" VPOS="1304" HPOS="2168"/>
</TextLine>
<TextLine HEIGHT="50" WIDTH="150" VPOS="1366" HPOS="353" STYLEREFS="StyleId-2120F6A2-1533-4277-B055-99635398A048-">
<String CONTENT="1935." HEIGHT="50" WIDTH="150" VPOS="1366" HPOS="353"/>
</TextLine>
<TextLine HEIGHT="49" WIDTH="1267" VPOS="1433" HPOS="421" CS="1">
<String CONTENT="iv" HEIGHT="41" WIDTH="51" VPOS="1434" HPOS="421"/>
<SP HEIGHT="37" WIDTH="23" VPOS="1444" HPOS="473"/>
<String CONTENT="p.," HEIGHT="38" WIDTH="57" VPOS="1444" HPOS="497"/>
<SP HEIGHT="49" WIDTH="27" VPOS="1433" HPOS="555"/>
<String CONTENT="2" HEIGHT="40" WIDTH="27" VPOS="1433" HPOS="583"/>
<SP/>
<String CS="1" CONTENT="l.,"/>
<SP/>
<String CONTENT="268" HEIGHT="41" WIDTH="88" VPOS="1434" HPOS="712"/>
<SP HEIGHT="48" WIDTH="25" VPOS="1434" HPOS="801"/>
<String CONTENT="p." HEIGHT="37" WIDTH="43" VPOS="1445" HPOS="827"/>
<SP HEIGHT="37" WIDTH="57" VPOS="1445" HPOS="871"/>
<String CONTENT="plates," HEIGHT="48" WIDTH="171" VPOS="1434" HPOS="929"/>
<SP HEIGHT="38" WIDTH="28" VPOS="1444" HPOS="1101"/>
<String CONTENT="port.," HEIGHT="47" WIDTH="137" VPOS="1434" HPOS="1130"/>
<SP HEIGHT="48" WIDTH="26" VPOS="1433" HPOS="1268"/>
<String CONTENT="facsims." HEIGHT="41" WIDTH="216" VPOS="1433" HPOS="1295"/>
<SP HEIGHT="40" WIDTH="58" VPOS="1434" HPOS="1512"/>
<String CONTENT="24cm." HEIGHT="42" WIDTH="117" VPOS="1434" HPOS="1571"/>
</TextLine>
<TextLine HEIGHT="50" WIDTH="695" VPOS="1503" HPOS="422" CS="1">
<String CS="1" CONTENT="Bibliography:" HEIGHT="49" WIDTH="350" VPOS="1504" HPOS="422"/>
<SP HEIGHT="39" WIDTH="28" VPOS="1514" HPOS="800"/>
<String CONTENT="p." HEIGHT="39" WIDTH="43" VPOS="1514" HPOS="829"/>
<SP HEIGHT="40" WIDTH="25" VPOS="1505" HPOS="873"/>
<String CONTENT="248-264." HEIGHT="42" WIDTH="218" VPOS="1503" HPOS="899"/>
</TextLine>
<TextLine HEIGHT="53" WIDTH="1991" VPOS="1573" HPOS="349" CS="1">
<String CONTENT="&#169;" HEIGHT="53" WIDTH="52" VPOS="1573" HPOS="349"/>
<SP HEIGHT="53" WIDTH="24" VPOS="1573" HPOS="402"/>
<String CONTENT="Oct." HEIGHT="39" WIDTH="99" VPOS="1578" HPOS="427"/>
<SP HEIGHT="37" WIDTH="27" VPOS="1578" HPOS="527"/>
<String CONTENT="11," HEIGHT="47" WIDTH="68" VPOS="1578" HPOS="555"/>
<SP HEIGHT="47" WIDTH="25" VPOS="1578" HPOS="624"/>
<String CS="1" CONTENT="1935;" HEIGHT="41" WIDTH="118" VPOS="1575" HPOS="650"/>
<SP HEIGHT="46" WIDTH="26" VPOS="1576" HPOS="792"/>
<String CONTENT="2c." HEIGHT="39" WIDTH="66" VPOS="1576" HPOS="819"/>
<SP HEIGHT="29" WIDTH="27" VPOS="1586" HPOS="886"/>
<String CONTENT="and" HEIGHT="39" WIDTH="96" VPOS="1576" HPOS="914"/>
<SP HEIGHT="39" WIDTH="23" VPOS="1576" HPOS="1011"/>
<String CONTENT="aff." HEIGHT="40" WIDTH="82" VPOS="1575" HPOS="1035"/>
<SP HEIGHT="41" WIDTH="28" VPOS="1574" HPOS="1118"/>
<String CONTENT="Oct." HEIGHT="41" WIDTH="101" VPOS="1574" HPOS="1147"/>
<SP HEIGHT="39" WIDTH="26" VPOS="1576" HPOS="1249"/>
<String CS="1" CONTENT="17;" HEIGHT="39" WIDTH="56" VPOS="1576" HPOS="1276"/>
<SP HEIGHT="46" WIDTH="29" VPOS="1575" HPOS="1357"/>
<!-- cceid 94F78AD8-6D82-1014-B070-FDFD250A9EDA --><String CONTENT="A" HEIGHT="39" WIDTH="40" VPOS="1575" HPOS="1387"/>
<SP HEIGHT="40" WIDTH="25" VPOS="1575" HPOS="1428"/>
<String CS="1" CONTENT="86820;" HEIGHT="41" WIDTH="146" VPOS="1574" HPOS="1454"/>
<SP HEIGHT="46" WIDTH="28" VPOS="1576" HPOS="1624"/>
<String LANG="fi" CONTENT="M." HEIGHT="39" WIDTH="62" VPOS="1576" HPOS="1653"/>
<SP HEIGHT="40" WIDTH="28" VPOS="1575" HPOS="1716"/>
<String CONTENT="R." HEIGHT="39" WIDTH="52" VPOS="1575" HPOS="1745"/>
<SP HEIGHT="41" WIDTH="33" VPOS="1575" HPOS="1798"/>
<String CONTENT="Small," HEIGHT="47" WIDTH="163" VPOS="1575" HPOS="1832"/>
<SP HEIGHT="47" WIDTH="25" VPOS="1575" HPOS="1996"/>
<String CONTENT="Canterbury," HEIGHT="50" WIDTH="318" VPOS="1575" HPOS="2022"/>
</TextLine>
<TextLine HEIGHT="49" WIDTH="495" VPOS="1631" HPOS="420">
<String CONTENT="Conn." HEIGHT="39" WIDTH="146" VPOS="1634" HPOS="420"/>
<SP HEIGHT="46" WIDTH="69" VPOS="1634" HPOS="567"/>
<String CONTENT="(35-20691)" HEIGHT="49" WIDTH="278" VPOS="1631" HPOS="637"/>
</TextLine>
<TextLine HEIGHT="65" WIDTH="963" VPOS="1734" HPOS="349" STYLEREFS="StyleId-2120F6A2-1533-4277-B055-99635398A048-">
<String CONTENT="Smith," HEIGHT="65" WIDTH="215" VPOS="1734" HPOS="349"/>
<SP HEIGHT="63" WIDTH="26" VPOS="1736" HPOS="565"/>
<String CONTENT="James" HEIGHT="52" WIDTH="205" VPOS="1736" HPOS="592"/>
<SP HEIGHT="53" WIDTH="23" VPOS="1735" HPOS="798"/>
<String CONTENT="Fletcher," HEIGHT="65" WIDTH="290" VPOS="1734" HPOS="822"/>
<SP HEIGHT="59" WIDTH="28" VPOS="1740" HPOS="1113"/>
<String CONTENT="1897-" HEIGHT="55" WIDTH="170" VPOS="1735" HPOS="1142"/>
</TextLine>
<TextLine HEIGHT="68" WIDTH="1854" VPOS="1809" HPOS="479" STYLEREFS="StyleId-2120F6A2-1533-4277-B055-99635398A048-" CS="1">
<String CS="1" CONTENT="&#8230;"/>
<SP HEIGHT="52" WIDTH="47" VPOS="1811" HPOS="479"/>
<String LANG="fi" CONTENT="H." HEIGHT="52" WIDTH="77" VPOS="1811" HPOS="527"/>
<SP HEIGHT="53" WIDTH="40" VPOS="1810" HPOS="605"/>
<String LANG="fi" CONTENT="M." HEIGHT="53" WIDTH="81" VPOS="1810" HPOS="646"/>
<SP HEIGHT="55" WIDTH="46" VPOS="1809" HPOS="728"/>
<String CONTENT="S." HEIGHT="55" WIDTH="57" VPOS="1809" HPOS="775"/>
<SP HEIGHT="53" WIDTH="42" VPOS="1810" HPOS="833"/>
<String CONTENT="Pinafore;" HEIGHT="63" WIDTH="307" VPOS="1809" HPOS="876"/>
<SP HEIGHT="44" WIDTH="45" VPOS="1828" HPOS="1184"/>
<String CONTENT="or," HEIGHT="48" WIDTH="80" VPOS="1829" HPOS="1230"/>
<SP HEIGHT="67" WIDTH="43" VPOS="1810" HPOS="1311"/>
<String CONTENT="The" HEIGHT="53" WIDTH="122" VPOS="1809" HPOS="1355"/>
<SP HEIGHT="53" WIDTH="42" VPOS="1809" HPOS="1478"/>
<String CONTENT="lass" HEIGHT="54" WIDTH="113" VPOS="1809" HPOS="1521"/>
<SP HEIGHT="48" WIDTH="38" VPOS="1815" HPOS="1635"/>
<String CONTENT="that" HEIGHT="53" WIDTH="129" VPOS="1809" HPOS="1674"/>
<SP HEIGHT="53" WIDTH="41" VPOS="1809" HPOS="1804"/>
<String CONTENT="loved" HEIGHT="54" WIDTH="166" VPOS="1809" HPOS="1846"/>
<SP HEIGHT="54" WIDTH="44" VPOS="1809" HPOS="2013"/>
<String CONTENT="a" HEIGHT="35" WIDTH="31" VPOS="1828" HPOS="2058"/>
<SP HEIGHT="35" WIDTH="43" VPOS="1828" HPOS="2090"/>
<String CONTENT="sailor;" HEIGHT="68" WIDTH="199" VPOS="1809" HPOS="2134"/>
</TextLine>
<TextLine HEIGHT="71" WIDTH="1800" VPOS="1886" HPOS="345" STYLEREFS="StyleId-2120F6A2-1533-4277-B055-99635398A048-" CS="1">
<String CONTENT="adapted" HEIGHT="68" WIDTH="249" VPOS="1889" HPOS="345"/>
<SP HEIGHT="54" WIDTH="30" VPOS="1888" HPOS="595"/>
<String CONTENT="from" HEIGHT="53" WIDTH="153" VPOS="1888" HPOS="626"/>
<SP HEIGHT="56" WIDTH="28" VPOS="1886" HPOS="780"/>
<String CONTENT="Gilbert" HEIGHT="56" WIDTH="224" VPOS="1886" HPOS="809"/>
<SP HEIGHT="53" WIDTH="28" VPOS="1888" HPOS="1034"/>
<String CONTENT="&amp;" HEIGHT="50" WIDTH="45" VPOS="1888" HPOS="1063"/>
<SP HEIGHT="55" WIDTH="30" VPOS="1887" HPOS="1109"/>
<String CONTENT="Sullivan" HEIGHT="55" WIDTH="264" VPOS="1887" HPOS="1140"/>
<SP HEIGHT="53" WIDTH="30" VPOS="1887" HPOS="1405"/>
<String CONTENT="by" HEIGHT="69" WIDTH="74" VPOS="1887" HPOS="1436"/>
<SP HEIGHT="69" WIDTH="31" VPOS="1887" HPOS="1511"/>
<String CONTENT="J." HEIGHT="55" WIDTH="55" VPOS="1887" HPOS="1543"/>
<SP HEIGHT="53" WIDTH="30" VPOS="1887" HPOS="1599"/>
<String CONTENT="Fletcher" HEIGHT="54" WIDTH="263" VPOS="1886" HPOS="1630"/>
<SP HEIGHT="55" WIDTH="32" VPOS="1887" HPOS="1894"/>
<String CONTENT="Smith;" HEIGHT="69" WIDTH="218" VPOS="1887" HPOS="1927"/>
</TextLine>
<TextLine HEIGHT="149" WIDTH="1991" VPOS="1887" HPOS="344" STYLEREFS="StyleId-2120F6A2-1533-4277-B055-99635398A048-" CS="1">
<String CONTENT="illustrated" HEIGHT="133" WIDTH="1968" VPOS="1887" HPOS="344"/>
<SP HEIGHT="53" WIDTH="35" VPOS="1967" HPOS="534"/>
<String CONTENT="by" HEIGHT="69" WIDTH="75" VPOS="1967" HPOS="570"/>
<SP HEIGHT="71" WIDTH="38" VPOS="1965" HPOS="646"/>
<String CONTENT="Griswold" HEIGHT="56" WIDTH="288" VPOS="1965" HPOS="685"/>
<SP HEIGHT="52" WIDTH="37" VPOS="1966" HPOS="974"/>
<String CONTENT="Tyng." HEIGHT="68" WIDTH="185" VPOS="1966" HPOS="1012"/>
<SP HEIGHT="52" WIDTH="76" VPOS="1966" HPOS="1198"/>
<String CONTENT="Boston," HEIGHT="67" WIDTH="235" VPOS="1966" HPOS="1275"/>
<SP HEIGHT="68" WIDTH="37" VPOS="1965" HPOS="1511"/>
<String CONTENT="L." HEIGHT="53" WIDTH="66" VPOS="1965" HPOS="1549"/>
<SP HEIGHT="56" WIDTH="39" VPOS="1963" HPOS="1616"/>
<String CONTENT="C." HEIGHT="56" WIDTH="63" VPOS="1963" HPOS="1656"/>
<SP HEIGHT="52" WIDTH="40" VPOS="1966" HPOS="1720"/>
<String CONTENT="Page" HEIGHT="68" WIDTH="157" VPOS="1966" HPOS="1761"/>
<SP HEIGHT="51" WIDTH="37" VPOS="1967" HPOS="1919"/>
<String CONTENT="&amp;" HEIGHT="51" WIDTH="48" VPOS="1967" HPOS="1957"/>
<SP HEIGHT="51" WIDTH="33" VPOS="1967" HPOS="2006"/>
<String CONTENT="company," HEIGHT="52" WIDTH="295" VPOS="1983" HPOS="2040"/>
</TextLine>
<TextLine HEIGHT="52" WIDTH="150" VPOS="2047" HPOS="345" STYLEREFS="StyleId-2120F6A2-1533-4277-B055-99635398A048-">
<String CONTENT="1935." HEIGHT="52" WIDTH="150" VPOS="2047" HPOS="345"/>
</TextLine>
<TextLine HEIGHT="51" WIDTH="1915" VPOS="2114" HPOS="417" CS="1">
<String CONTENT="ix," HEIGHT="48" WIDTH="63" VPOS="2116" HPOS="417"/>
<SP/>
<String CONTENT="106" HEIGHT="41" WIDTH="87" VPOS="2117" HPOS="534"/>
<SP HEIGHT="48" WIDTH="48" VPOS="2117" HPOS="622"/>
<String CONTENT="p." HEIGHT="38" WIDTH="43" VPOS="2127" HPOS="671"/>
<SP HEIGHT="41" WIDTH="51" VPOS="2116" HPOS="715"/>
<String CONTENT="incl." HEIGHT="41" WIDTH="108" VPOS="2116" HPOS="767"/>
<SP HEIGHT="41" WIDTH="50" VPOS="2116" HPOS="876"/>
<String CONTENT="illus.," HEIGHT="47" WIDTH="142" VPOS="2116" HPOS="927"/>
<SP HEIGHT="37" WIDTH="49" VPOS="2127" HPOS="1070"/>
<String CONTENT="plates." HEIGHT="48" WIDTH="173" VPOS="2116" HPOS="1120"/>
<SP HEIGHT="45" WIDTH="51" VPOS="2114" HPOS="1294"/>
<String CONTENT="20cm." HEIGHT="42" WIDTH="117" VPOS="2114" HPOS="1346"/>
<SP HEIGHT="49" WIDTH="89" VPOS="2115" HPOS="1464"/>
<String CONTENT="(Stories" HEIGHT="50" WIDTH="209" VPOS="2114" HPOS="1554"/>
<SP HEIGHT="41" WIDTH="51" VPOS="2115" HPOS="1764"/>
<String CONTENT="from" HEIGHT="41" WIDTH="129" VPOS="2115" HPOS="1816"/>
<SP HEIGHT="41" WIDTH="53" VPOS="2115" HPOS="1946"/>
<String CONTENT="Gilbert" HEIGHT="43" WIDTH="186" VPOS="2115" HPOS="2000"/>
<SP HEIGHT="39" WIDTH="53" VPOS="2119" HPOS="2187"/>
<String CONTENT="and" HEIGHT="39" WIDTH="91" VPOS="2117" HPOS="2241"/>
</TextLine>
<TextLine HEIGHT="51" WIDTH="244" VPOS="2172" HPOS="349">
<String CONTENT="Sullivan)" HEIGHT="51" WIDTH="244" VPOS="2172" HPOS="349"/>
</TextLine>
<TextLine HEIGHT="50" WIDTH="934" VPOS="2243" HPOS="415">
<String CONTENT="Illustrated" HEIGHT="42" WIDTH="289" VPOS="2244" HPOS="415"/>
<SP HEIGHT="40" WIDTH="26" VPOS="2246" HPOS="705"/>
<String CONTENT="t.-p." HEIGHT="46" WIDTH="98" VPOS="2247" HPOS="732"/>
<SP HEIGHT="31" WIDTH="30" VPOS="2255" HPOS="831"/>
<String CONTENT="and" HEIGHT="39" WIDTH="95" VPOS="2245" HPOS="862"/>
<SP HEIGHT="40" WIDTH="29" VPOS="2244" HPOS="958"/>
<String CONTENT="lining-papers." HEIGHT="49" WIDTH="361" VPOS="2243" HPOS="988"/>
</TextLine>
<TextLine HEIGHT="51" WIDTH="1000" VPOS="2299" HPOS="414">
<String CONTENT="&#8220;First" HEIGHT="42" WIDTH="162" VPOS="2301" HPOS="414"/>
<SP HEIGHT="41" WIDTH="27" VPOS="2302" HPOS="577"/>
<String CONTENT="impression," HEIGHT="48" WIDTH="300" VPOS="2302" HPOS="605"/>
<SP HEIGHT="50" WIDTH="29" VPOS="2300" HPOS="906"/>
<String CONTENT="September," HEIGHT="49" WIDTH="291" VPOS="2300" HPOS="936"/>
<SP HEIGHT="45" WIDTH="27" VPOS="2303" HPOS="1228"/>
<String CONTENT="1935.&#8221;" HEIGHT="42" WIDTH="158" VPOS="2299" HPOS="1256"/>
</TextLine>
<TextLine HEIGHT="53" WIDTH="1986" VPOS="2371" HPOS="346" CS="1">
<String CONTENT="&#169;" HEIGHT="53" WIDTH="52" VPOS="2371" HPOS="346"/>
<SP HEIGHT="53" WIDTH="29" VPOS="2371" HPOS="399"/>
<String CONTENT="Sept." HEIGHT="47" WIDTH="128" VPOS="2376" HPOS="429"/>
<SP HEIGHT="38" WIDTH="25" VPOS="2377" HPOS="558"/>
<String CONTENT="16," HEIGHT="46" WIDTH="68" VPOS="2375" HPOS="584"/>
<SP HEIGHT="44" WIDTH="28" VPOS="2377" HPOS="653"/>
<String CS="1" CONTENT="1935;" HEIGHT="42" WIDTH="118" VPOS="2373" HPOS="682"/>
<SP HEIGHT="48" WIDTH="27" VPOS="2374" HPOS="824"/>
<String CONTENT="2c." HEIGHT="41" WIDTH="67" VPOS="2374" HPOS="852"/>
<SP HEIGHT="40" WIDTH="29" VPOS="2375" HPOS="920"/>
<String CONTENT="Sept." HEIGHT="48" WIDTH="127" VPOS="2375" HPOS="950"/>
<SP HEIGHT="40" WIDTH="27" VPOS="2374" HPOS="1078"/>
<String CS="1" CONTENT="27;" HEIGHT="40" WIDTH="59" VPOS="2374" HPOS="1106"/>
<SP HEIGHT="37" WIDTH="29" VPOS="2385" HPOS="1189"/>
<String CONTENT="aff." HEIGHT="40" WIDTH="82" VPOS="2374" HPOS="1219"/>
<SP HEIGHT="40" WIDTH="31" VPOS="2375" HPOS="1302"/>
<String CONTENT="Sept." HEIGHT="48" WIDTH="127" VPOS="2375" HPOS="1334"/>
<SP HEIGHT="40" WIDTH="27" VPOS="2374" HPOS="1462"/>
<String CS="1" CONTENT="26;" HEIGHT="40" WIDTH="58" VPOS="2374" HPOS="1490"/>
<SP HEIGHT="46" WIDTH="30" VPOS="2375" HPOS="1573"/>
<!-- cceid 94F7CD75-6D82-1014-B070-FDFD250A9EDA --><String CONTENT="A" HEIGHT="38" WIDTH="40" VPOS="2375" HPOS="1604"/>
<SP HEIGHT="40" WIDTH="26" VPOS="2375" HPOS="1645"/>
<String CS="1" CONTENT="86471;" HEIGHT="41" WIDTH="143" VPOS="2374" HPOS="1672"/>
<SP HEIGHT="46" WIDTH="30" VPOS="2375" HPOS="1843"/>
<String CONTENT="L." HEIGHT="39" WIDTH="49" VPOS="2375" HPOS="1874"/>
<SP HEIGHT="41" WIDTH="31" VPOS="2375" HPOS="1924"/>
<String CONTENT="C." HEIGHT="41" WIDTH="48" VPOS="2375" HPOS="1956"/>
<SP HEIGHT="39" WIDTH="30" VPOS="2376" HPOS="2005"/>
<String CONTENT="Page" HEIGHT="46" WIDTH="130" VPOS="2376" HPOS="2036"/>
<SP HEIGHT="40" WIDTH="21" VPOS="2375" HPOS="2167"/>
<String CONTENT="&amp;" HEIGHT="40" WIDTH="38" VPOS="2375" HPOS="2189"/>
<SP HEIGHT="40" WIDTH="23" VPOS="2375" HPOS="2228"/>
<String CONTENT="co.," HEIGHT="40" WIDTH="80" VPOS="2383" HPOS="2252"/>
</TextLine>
<TextLine HEIGHT="48" WIDTH="441" VPOS="2431" HPOS="414">
<String CONTENT="inc." HEIGHT="40" WIDTH="90" VPOS="2432" HPOS="414"/>
<SP HEIGHT="47" WIDTH="70" VPOS="2432" HPOS="505"/>
<String CONTENT="(35-20133)" HEIGHT="48" WIDTH="279" VPOS="2431" HPOS="576"/>
</TextLine>
<TextLine HEIGHT="66" WIDTH="1106" VPOS="2535" HPOS="345" STYLEREFS="StyleId-2120F6A2-1533-4277-B055-99635398A048-">
<String CONTENT="Spalding," HEIGHT="66" WIDTH="300" VPOS="2535" HPOS="345"/>
<SP HEIGHT="64" WIDTH="24" VPOS="2537" HPOS="646"/>
<String CONTENT="Walter" HEIGHT="55" WIDTH="223" VPOS="2535" HPOS="671"/>
<SP HEIGHT="52" WIDTH="27" VPOS="2536" HPOS="895"/>
<String CONTENT="Raymond," HEIGHT="64" WIDTH="326" VPOS="2535" HPOS="923"/>
<SP HEIGHT="56" WIDTH="29" VPOS="2542" HPOS="1250"/>
<String CONTENT="1865-" HEIGHT="50" WIDTH="171" VPOS="2540" HPOS="1280"/>
</TextLine>
<TextLine HEIGHT="68" WIDTH="1915" VPOS="2609" HPOS="412" STYLEREFS="StyleId-2120F6A2-1533-4277-B055-99635398A048-">
<String CONTENT="Music" HEIGHT="53" WIDTH="184" VPOS="2611" HPOS="412"/>
<SP HEIGHT="34" WIDTH="35" VPOS="2630" HPOS="597"/>
<String CONTENT="at" HEIGHT="47" WIDTH="58" VPOS="2617" HPOS="633"/>
<SP HEIGHT="53" WIDTH="32" VPOS="2611" HPOS="692"/>
<String CONTENT="Harvard;" HEIGHT="66" WIDTH="303" VPOS="2611" HPOS="725"/>
<SP HEIGHT="48" WIDTH="38" VPOS="2629" HPOS="1029"/>
<String CONTENT="a" HEIGHT="34" WIDTH="30" VPOS="2629" HPOS="1068"/>
<SP HEIGHT="53" WIDTH="36" VPOS="2610" HPOS="1099"/>
<String CONTENT="historical" HEIGHT="53" WIDTH="294" VPOS="2610" HPOS="1136"/>
<SP HEIGHT="51" WIDTH="34" VPOS="2611" HPOS="1431"/>
<String CONTENT="review" HEIGHT="55" WIDTH="205" VPOS="2609" HPOS="1466"/>
<SP HEIGHT="34" WIDTH="35" VPOS="2629" HPOS="1672"/>
<String CONTENT="of" HEIGHT="53" WIDTH="66" VPOS="2609" HPOS="1708"/>
<SP HEIGHT="54" WIDTH="33" VPOS="2609" HPOS="1775"/>
<String CONTENT="men" HEIGHT="34" WIDTH="128" VPOS="2629" HPOS="1809"/>
<SP HEIGHT="33" WIDTH="36" VPOS="2630" HPOS="1938"/>
<String CONTENT="and" HEIGHT="53" WIDTH="112" VPOS="2611" HPOS="1975"/>
<SP HEIGHT="53" WIDTH="35" VPOS="2611" HPOS="2088"/>
<String CONTENT="events," HEIGHT="61" WIDTH="203" VPOS="2616" HPOS="2124"/>
</TextLine>
<TextLine HEIGHT="147" WIDTH="1961" VPOS="2686" HPOS="341" STYLEREFS="StyleId-2120F6A2-1533-4277-B055-99635398A048-" CS="1">
<String CONTENT="by" HEIGHT="70" WIDTH="74" VPOS="2687" HPOS="341"/>
<SP HEIGHT="68" WIDTH="40" VPOS="2689" HPOS="416"/>
<String CONTENT="Walter" HEIGHT="52" WIDTH="221" VPOS="2689" HPOS="457"/>
<SP HEIGHT="51" WIDTH="39" VPOS="2689" HPOS="679"/>
<String CONTENT="Raymond" HEIGHT="67" WIDTH="302" VPOS="2689" HPOS="719"/>
<SP HEIGHT="54" WIDTH="40" VPOS="2687" HPOS="1022"/>
<String CONTENT="Spalding" HEIGHT="68" WIDTH="287" VPOS="2687" HPOS="1063"/>
<SP HEIGHT="49" WIDTH="43" VPOS="2706" HPOS="1351"/>
<String CS="1" CONTENT="&#8230;"/>
<SP HEIGHT="52" WIDTH="80" VPOS="2688" HPOS="1455"/>
<String CONTENT="New" HEIGHT="51" WIDTH="139" VPOS="2688" HPOS="1536"/>
<SP HEIGHT="52" WIDTH="41" VPOS="2687" HPOS="1676"/>
<String CONTENT="York," HEIGHT="68" WIDTH="181" VPOS="2687" HPOS="1718"/>
<SP HEIGHT="69" WIDTH="41" VPOS="2686" HPOS="1900"/>
<String CONTENT="Coward-McCann," HEIGHT="147" WIDTH="1960" VPOS="2686" HPOS="342"/>
<SP HEIGHT="67" WIDTH="25" VPOS="2766" HPOS="524"/>
<String CONTENT="inc.," HEIGHT="67" WIDTH="128" VPOS="2766" HPOS="550"/>
<SP HEIGHT="64" WIDTH="29" VPOS="2769" HPOS="679"/>
<String CS="1" CONTENT="1935." HEIGHT="50" WIDTH="116" VPOS="2768" HPOS="742"/>
</TextLine>
<TextLine HEIGHT="52" WIDTH="1826" VPOS="2835" HPOS="412" CS="1">
<String CONTENT="xiv" HEIGHT="39" WIDTH="83" VPOS="2838" HPOS="412"/>
<SP HEIGHT="39" WIDTH="20" VPOS="2848" HPOS="496"/>
<String LANG="fr" CONTENT="p.," HEIGHT="39" WIDTH="57" VPOS="2848" HPOS="517"/>
<SP HEIGHT="48" WIDTH="26" VPOS="2838" HPOS="575"/>
<String CONTENT="1" HEIGHT="39" WIDTH="25" VPOS="2838" HPOS="602"/>
<SP/>
<String CS="1" CONTENT="l.,"/>
<SP/>
<String CS="1" CONTENT="310" HEIGHT="42" WIDTH="87" VPOS="2835" HPOS="719"/>
<SP HEIGHT="50" WIDTH="22" VPOS="2835" HPOS="807"/>
<String CONTENT="p." HEIGHT="38" WIDTH="42" VPOS="2847" HPOS="830"/>
<SP HEIGHT="41" WIDTH="52" VPOS="2836" HPOS="873"/>
<String CONTENT="front.," HEIGHT="49" WIDTH="163" VPOS="2836" HPOS="926"/>
<SP HEIGHT="47" WIDTH="26" VPOS="2838" HPOS="1090"/>
<String CONTENT="illus.," HEIGHT="47" WIDTH="144" VPOS="2837" HPOS="1117"/>
<SP HEIGHT="37" WIDTH="23" VPOS="2847" HPOS="1262"/>
<String CONTENT="plates," HEIGHT="47" WIDTH="171" VPOS="2837" HPOS="1286"/>
<SP HEIGHT="37" WIDTH="25" VPOS="2846" HPOS="1458"/>
<String CONTENT="ports.," HEIGHT="46" WIDTH="163" VPOS="2838" HPOS="1484"/>
<SP HEIGHT="48" WIDTH="26" VPOS="2836" HPOS="1648"/>
<String CONTENT="facsims." HEIGHT="41" WIDTH="216" VPOS="2836" HPOS="1675"/>
<SP HEIGHT="49" WIDTH="26" VPOS="2836" HPOS="1892"/>
<String CONTENT="(music)" HEIGHT="50" WIDTH="200" VPOS="2835" HPOS="1919"/>
<SP HEIGHT="48" WIDTH="63" VPOS="2837" HPOS="2120"/>
<String CS="1" CONTENT="21&#189;cm." HEIGHT="40" WIDTH="54" VPOS="2837" HPOS="2184"/>
</TextLine>
<TextLine HEIGHT="41" WIDTH="419" VPOS="2908" HPOS="413">
<String CONTENT="Includes" HEIGHT="41" WIDTH="226" VPOS="2908" HPOS="413"/>
<SP HEIGHT="31" WIDTH="24" VPOS="2918" HPOS="640"/>
<String CONTENT="music." HEIGHT="41" WIDTH="167" VPOS="2908" HPOS="665"/>
</TextLine>
<TextLine HEIGHT="52" WIDTH="1979" VPOS="2977" HPOS="343" CS="1">
<String CONTENT="&#169;" HEIGHT="52" WIDTH="53" VPOS="2977" HPOS="343"/>
<SP HEIGHT="52" WIDTH="24" VPOS="2977" HPOS="397"/>
<String CONTENT="Oct." HEIGHT="39" WIDTH="99" VPOS="2982" HPOS="422"/>
<SP HEIGHT="38" WIDTH="24" VPOS="2982" HPOS="522"/>
<String CS="1" CONTENT="10," HEIGHT="43" WIDTH="39" VPOS="2981" HPOS="576"/>
<SP HEIGHT="42" WIDTH="25" VPOS="2982" HPOS="616"/>
<String CS="1" CONTENT="1935;" HEIGHT="40" WIDTH="115" VPOS="2981" HPOS="642"/>
<SP HEIGHT="47" WIDTH="27" VPOS="2980" HPOS="782"/>
<String CONTENT="2c." HEIGHT="40" WIDTH="67" VPOS="2980" HPOS="810"/>
<SP HEIGHT="39" WIDTH="25" VPOS="2981" HPOS="878"/>
<String CONTENT="Oct." HEIGHT="39" WIDTH="102" VPOS="2981" HPOS="904"/>
<SP HEIGHT="39" WIDTH="25" VPOS="2981" HPOS="1007"/>
<String CS="1" CONTENT="16;" HEIGHT="39" WIDTH="54" VPOS="2980" HPOS="1033"/>
<SP HEIGHT="36" WIDTH="27" VPOS="2990" HPOS="1115"/>
<String CONTENT="aff." HEIGHT="40" WIDTH="82" VPOS="2979" HPOS="1143"/>
<SP HEIGHT="39" WIDTH="27" VPOS="2980" HPOS="1226"/>
<String CONTENT="Oct." HEIGHT="39" WIDTH="101" VPOS="2980" HPOS="1254"/>
<SP HEIGHT="38" WIDTH="26" VPOS="2981" HPOS="1356"/>
<String CS="1" CONTENT="15;" HEIGHT="40" WIDTH="58" VPOS="2979" HPOS="1383"/>
<SP HEIGHT="47" WIDTH="27" VPOS="2979" HPOS="1465"/>
<!-- cceid 94F80E0F-6D82-1014-B070-FDFD250A9EDA --><String CONTENT="A" HEIGHT="39" WIDTH="41" VPOS="2979" HPOS="1493"/>
<SP HEIGHT="40" WIDTH="24" VPOS="2979" HPOS="1535"/>
<String CS="1" CONTENT="86819;" HEIGHT="42" WIDTH="146" VPOS="2978" HPOS="1560"/>
<SP HEIGHT="47" WIDTH="29" VPOS="2979" HPOS="1729"/>
<String CONTENT="Coward-McCann," HEIGHT="47" WIDTH="452" VPOS="2979" HPOS="1759"/>
<SP HEIGHT="47" WIDTH="26" VPOS="2979" HPOS="2212"/>
<String CONTENT="inc." HEIGHT="39" WIDTH="83" VPOS="2979" HPOS="2239"/>
</TextLine>
<TextLine HEIGHT="48" WIDTH="278" VPOS="3037" HPOS="423">
<String CONTENT="(35-20135)" HEIGHT="48" WIDTH="278" VPOS="3037" HPOS="423"/>
</TextLine>
<TextLine HEIGHT="65" WIDTH="770" VPOS="3140" HPOS="343" STYLEREFS="StyleId-2120F6A2-1533-4277-B055-99635398A048-">
<String CONTENT="Sprague," HEIGHT="64" WIDTH="285" VPOS="3141" HPOS="343"/>
<SP HEIGHT="63" WIDTH="24" VPOS="3141" HPOS="629"/>
<String CONTENT="Arthur" HEIGHT="53" WIDTH="233" VPOS="3140" HPOS="654"/>
<SP HEIGHT="53" WIDTH="26" VPOS="3141" HPOS="888"/>
<String CONTENT="Colby." HEIGHT="63" WIDTH="198" VPOS="3140" HPOS="915"/>
</TextLine>
<TextLine HEIGHT="72" WIDTH="1905" VPOS="3211" HPOS="415" STYLEREFS="StyleId-2120F6A2-1533-4277-B055-99635398A048-">
<String CONTENT="Shakespeare" HEIGHT="68" WIDTH="387" VPOS="3215" HPOS="415"/>
<SP HEIGHT="33" WIDTH="33" VPOS="3235" HPOS="803"/>
<String CONTENT="and" HEIGHT="51" WIDTH="110" VPOS="3217" HPOS="837"/>
<SP HEIGHT="51" WIDTH="34" VPOS="3217" HPOS="948"/>
<String CONTENT="the" HEIGHT="51" WIDTH="94" VPOS="3217" HPOS="983"/>
<SP HEIGHT="34" WIDTH="34" VPOS="3234" HPOS="1078"/>
<String CONTENT="audience;" HEIGHT="65" WIDTH="294" VPOS="3216" HPOS="1113"/>
<SP HEIGHT="46" WIDTH="37" VPOS="3235" HPOS="1408"/>
<String CONTENT="a" HEIGHT="33" WIDTH="30" VPOS="3235" HPOS="1446"/>
<SP HEIGHT="33" WIDTH="33" VPOS="3235" HPOS="1477"/>
<String CONTENT="study" HEIGHT="66" WIDTH="171" VPOS="3216" HPOS="1511"/>
<SP HEIGHT="67" WIDTH="30" VPOS="3215" HPOS="1683"/>
<String CONTENT="in" HEIGHT="52" WIDTH="59" VPOS="3215" HPOS="1714"/>
<SP HEIGHT="47" WIDTH="31" VPOS="3221" HPOS="1774"/>
<String CONTENT="the" HEIGHT="54" WIDTH="96" VPOS="3215" HPOS="1806"/>
<SP HEIGHT="47" WIDTH="32" VPOS="3222" HPOS="1903"/>
<String CONTENT="technique" HEIGHT="66" WIDTH="292" VPOS="3216" HPOS="1936"/>
<SP HEIGHT="35" WIDTH="31" VPOS="3232" HPOS="2229"/>
<String CONTENT="of" HEIGHT="54" WIDTH="59" VPOS="3211" HPOS="2261"/>
</TextLine>
<TextLine HEIGHT="69" WIDTH="1973" VPOS="3292" HPOS="344" STYLEREFS="StyleId-2120F6A2-1533-4277-B055-99635398A048-">
<String CONTENT="exposition," HEIGHT="69" WIDTH="335" VPOS="3292" HPOS="344"/>
<SP HEIGHT="66" WIDTH="49" VPOS="3294" HPOS="680"/>
<String CONTENT="by" HEIGHT="67" WIDTH="73" VPOS="3294" HPOS="730"/>
<SP HEIGHT="67" WIDTH="49" VPOS="3294" HPOS="804"/>
<String CONTENT="Arthur" HEIGHT="52" WIDTH="224" VPOS="3293" HPOS="854"/>
<SP HEIGHT="55" WIDTH="48" VPOS="3294" HPOS="1079"/>
<String CONTENT="Colby" HEIGHT="67" WIDTH="183" VPOS="3293" HPOS="1128"/>
<SP HEIGHT="67" WIDTH="50" VPOS="3293" HPOS="1312"/>
<String CONTENT="Sprague." HEIGHT="67" WIDTH="275" VPOS="3293" HPOS="1363"/>
<SP HEIGHT="55" WIDTH="88" VPOS="3292" HPOS="1639"/>
<String CONTENT="Cambridge," HEIGHT="68" WIDTH="359" VPOS="3292" HPOS="1728"/>
<SP HEIGHT="65" WIDTH="49" VPOS="3294" HPOS="2088"/>
<String CONTENT="Mass.," HEIGHT="61" WIDTH="179" VPOS="3294" HPOS="2138"/>
</TextLine>
<TextLine HEIGHT="69" WIDTH="1006" VPOS="3370" HPOS="341" STYLEREFS="StyleId-2120F6A2-1533-4277-B055-99635398A048-">
<String CONTENT="Harvard" HEIGHT="52" WIDTH="275" VPOS="3372" HPOS="341"/>
<SP HEIGHT="52" WIDTH="28" VPOS="3372" HPOS="617"/>
<String CONTENT="university" HEIGHT="69" WIDTH="314" VPOS="3370" HPOS="646"/>
<SP HEIGHT="50" WIDTH="29" VPOS="3389" HPOS="961"/>
<String CONTENT="press," HEIGHT="50" WIDTH="174" VPOS="3389" HPOS="991"/>
<SP HEIGHT="62" WIDTH="32" VPOS="3375" HPOS="1166"/>
<String CONTENT="1935." HEIGHT="49" WIDTH="148" VPOS="3374" HPOS="1199"/>
</TextLine>
<TextLine HEIGHT="49" WIDTH="424" VPOS="3443" HPOS="412" STYLEREFS="StyleId-2120F6A2-1533-4277-B055-99635398A048-">
<String CONTENT="xi," HEIGHT="48" WIDTH="65" VPOS="3444" HPOS="412"/>
<SP HEIGHT="48" WIDTH="24" VPOS="3444" HPOS="478"/>
<String CONTENT="327" HEIGHT="42" WIDTH="88" VPOS="3443" HPOS="503"/>
<SP HEIGHT="47" WIDTH="24" VPOS="3445" HPOS="592"/>
<String CONTENT="p." HEIGHT="38" WIDTH="43" VPOS="3454" HPOS="617"/>
<SP HEIGHT="41" WIDTH="58" VPOS="3443" HPOS="661"/>
<String CONTENT="20cm." HEIGHT="41" WIDTH="116" VPOS="3443" HPOS="720"/>
</TextLine>
<TextLine HEIGHT="53" WIDTH="1976" VPOS="3510" HPOS="342" CS="1">
<String CONTENT="&#169;" HEIGHT="51" WIDTH="52" VPOS="3512" HPOS="342"/>
<SP HEIGHT="51" WIDTH="26" VPOS="3512" HPOS="395"/>
<String CONTENT="Oct." HEIGHT="39" WIDTH="101" VPOS="3516" HPOS="422"/>
<SP HEIGHT="38" WIDTH="24" VPOS="3516" HPOS="524"/>
<String CONTENT="7," HEIGHT="44" WIDTH="40" VPOS="3516" HPOS="549"/>
<SP HEIGHT="44" WIDTH="25" VPOS="3516" HPOS="590"/>
<String CONTENT="1935;" HEIGHT="40" WIDTH="140" VPOS="3515" HPOS="616"/>
<SP HEIGHT="41" WIDTH="26" VPOS="3514" HPOS="757"/>
<String CONTENT="2c." HEIGHT="40" WIDTH="66" VPOS="3514" HPOS="784"/>
<SP HEIGHT="39" WIDTH="27" VPOS="3515" HPOS="851"/>
<String CONTENT="Oct." HEIGHT="39" WIDTH="99" VPOS="3515" HPOS="879"/>
<SP HEIGHT="38" WIDTH="27" VPOS="3515" HPOS="979"/>
<String CONTENT="11;" HEIGHT="45" WIDTH="81" VPOS="3515" HPOS="1007"/>
<SP HEIGHT="36" WIDTH="29" VPOS="3524" HPOS="1089"/>
<String CONTENT="aff." HEIGHT="41" WIDTH="80" VPOS="3512" HPOS="1119"/>
<SP HEIGHT="39" WIDTH="29" VPOS="3514" HPOS="1200"/>
<String CONTENT="Oct." HEIGHT="39" WIDTH="100" VPOS="3514" HPOS="1230"/>
<SP HEIGHT="38" WIDTH="26" VPOS="3514" HPOS="1331"/>
<String CONTENT="10;" HEIGHT="46" WIDTH="81" VPOS="3512" HPOS="1358"/>
<SP HEIGHT="45" WIDTH="28" VPOS="3513" HPOS="1440"/>
<!-- cceid 94F8501F-6D82-1014-B070-FDFD250A9EDA --><String CONTENT="A" HEIGHT="38" WIDTH="42" VPOS="3513" HPOS="1469"/>
<SP HEIGHT="39" WIDTH="24" VPOS="3512" HPOS="1512"/>
<String CS="1" CONTENT="87665;" HEIGHT="39" WIDTH="142" VPOS="3512" HPOS="1537"/>
<SP HEIGHT="45" WIDTH="30" VPOS="3512" HPOS="1707"/>
<String CONTENT="President" HEIGHT="41" WIDTH="253" VPOS="3510" HPOS="1738"/>
<SP HEIGHT="37" WIDTH="26" VPOS="3514" HPOS="1992"/>
<String CONTENT="and" HEIGHT="39" WIDTH="94" VPOS="3512" HPOS="2019"/>
<SP HEIGHT="40" WIDTH="22" VPOS="3511" HPOS="2114"/>
<String CONTENT="fellows" HEIGHT="40" WIDTH="181" VPOS="3510" HPOS="2137"/>
</TextLine>
<TextLine HEIGHT="51" WIDTH="1388" VPOS="3567" HPOS="411">
<String CONTENT="of" HEIGHT="39" WIDTH="51" VPOS="3571" HPOS="411"/>
<SP HEIGHT="39" WIDTH="28" VPOS="3571" HPOS="463"/>
<String CONTENT="Harvard" HEIGHT="39" WIDTH="228" VPOS="3572" HPOS="492"/>
<SP HEIGHT="38" WIDTH="29" VPOS="3572" HPOS="721"/>
<String CONTENT="college," HEIGHT="47" WIDTH="191" VPOS="3571" HPOS="751"/>
<SP HEIGHT="47" WIDTH="30" VPOS="3570" HPOS="943"/>
<String CONTENT="Cambridge," HEIGHT="47" WIDTH="300" VPOS="3569" HPOS="974"/>
<SP HEIGHT="46" WIDTH="30" VPOS="3569" HPOS="1275"/>
<String CONTENT="Mass." HEIGHT="40" WIDTH="145" VPOS="3569" HPOS="1306"/>
<SP HEIGHT="47" WIDTH="68" VPOS="3569" HPOS="1452"/>
<String CONTENT="(35-20692)" HEIGHT="50" WIDTH="278" VPOS="3567" HPOS="1521"/>
</TextLine>
<TextLine HEIGHT="65" WIDTH="993" VPOS="3672" HPOS="342" STYLEREFS="StyleId-2120F6A2-1533-4277-B055-99635398A048-" CS="1">
<String CONTENT="Stanley," HEIGHT="65" WIDTH="261" VPOS="3672" HPOS="342"/>
<SP HEIGHT="63" WIDTH="26" VPOS="3674" HPOS="604"/>
<String CONTENT="Thomas" HEIGHT="53" WIDTH="257" VPOS="3672" HPOS="631"/>
<SP HEIGHT="51" WIDTH="22" VPOS="3674" HPOS="889"/>
<String CONTENT="Blaine," HEIGHT="63" WIDTH="222" VPOS="3672" HPOS="912"/>
<SP HEIGHT="57" WIDTH="28" VPOS="3678" HPOS="1135"/>
<String CS="1" CONTENT="1884-" HEIGHT="49" WIDTH="171" VPOS="3677" HPOS="1164"/>
</TextLine>
<TextLine HEIGHT="69" WIDTH="1901" VPOS="3747" HPOS="410" STYLEREFS="StyleId-2120F6A2-1533-4277-B055-99635398A048-" CS="1">
<String CONTENT="A" HEIGHT="51" WIDTH="55" VPOS="3752" HPOS="410"/>
<SP HEIGHT="51" WIDTH="23" VPOS="3752" HPOS="466"/>
<String CONTENT="manual" HEIGHT="50" WIDTH="231" VPOS="3753" HPOS="490"/>
<SP HEIGHT="50" WIDTH="26" VPOS="3753" HPOS="722"/>
<String CONTENT="of" HEIGHT="52" WIDTH="62" VPOS="3750" HPOS="749"/>
<SP HEIGHT="53" WIDTH="26" VPOS="3750" HPOS="812"/>
<String CONTENT="advertising" HEIGHT="67" WIDTH="352" VPOS="3749" HPOS="839"/>
<SP HEIGHT="62" WIDTH="24" VPOS="3754" HPOS="1192"/>
<String CS="1" CONTENT="typography;" HEIGHT="68" WIDTH="367" VPOS="3748" HPOS="1217"/>
<SP HEIGHT="48" WIDTH="28" VPOS="3767" HPOS="1613"/>
<String CONTENT="a" HEIGHT="33" WIDTH="31" VPOS="3767" HPOS="1642"/>
<SP HEIGHT="33" WIDTH="25" VPOS="3767" HPOS="1674"/>
<String CONTENT="combination" HEIGHT="53" WIDTH="381" VPOS="3747" HPOS="1700"/>
<SP HEIGHT="34" WIDTH="23" VPOS="3764" HPOS="2082"/>
<String CONTENT="source-" HEIGHT="39" WIDTH="205" VPOS="3759" HPOS="2106"/>
</TextLine>
<TextLine HEIGHT="76" WIDTH="1972" VPOS="3814" HPOS="339" STYLEREFS="StyleId-2120F6A2-1533-4277-B055-99635398A048-">
<String CONTENT="book" HEIGHT="53" WIDTH="143" VPOS="3825" HPOS="339"/>
<SP HEIGHT="51" WIDTH="30" VPOS="3825" HPOS="483"/>
<String CONTENT="and" HEIGHT="51" WIDTH="112" VPOS="3827" HPOS="514"/>
<SP HEIGHT="51" WIDTH="28" VPOS="3827" HPOS="627"/>
<String CONTENT="work-book" HEIGHT="52" WIDTH="327" VPOS="3824" HPOS="656"/>
<SP HEIGHT="50" WIDTH="30" VPOS="3825" HPOS="984"/>
<String CONTENT="for" HEIGHT="51" WIDTH="91" VPOS="3825" HPOS="1015"/>
<SP HEIGHT="33" WIDTH="31" VPOS="3842" HPOS="1107"/>
<String CONTENT="students," HEIGHT="66" WIDTH="271" VPOS="3824" HPOS="1139"/>
<SP HEIGHT="66" WIDTH="29" VPOS="3824" HPOS="1411"/>
<String CONTENT="including" HEIGHT="66" WIDTH="298" VPOS="3823" HPOS="1441"/>
<SP HEIGHT="61" WIDTH="28" VPOS="3828" HPOS="1740"/>
<String CONTENT="ten" HEIGHT="46" WIDTH="94" VPOS="3828" HPOS="1769"/>
<SP HEIGHT="50" WIDTH="32" VPOS="3822" HPOS="1864"/>
<String CONTENT="full-page" HEIGHT="67" WIDTH="281" VPOS="3820" HPOS="1897"/>
<SP HEIGHT="35" WIDTH="29" VPOS="3836" HPOS="2179"/>
<String CONTENT="and" HEIGHT="54" WIDTH="102" VPOS="3814" HPOS="2209"/>
</TextLine>
<TextLine HEIGHT="75" WIDTH="1973" VPOS="3892" HPOS="340" STYLEREFS="StyleId-2120F6A2-1533-4277-B055-99635398A048-">
<String CONTENT="seven" HEIGHT="35" WIDTH="162" VPOS="3919" HPOS="340"/>
<SP HEIGHT="33" WIDTH="27" VPOS="3919" HPOS="503"/>
<String CONTENT="smaller" HEIGHT="52" WIDTH="225" VPOS="3902" HPOS="531"/>
<SP HEIGHT="34" WIDTH="26" VPOS="3919" HPOS="757"/>
<String CONTENT="charts;" HEIGHT="67" WIDTH="213" VPOS="3900" HPOS="784"/>
<SP HEIGHT="49" WIDTH="28" VPOS="3918" HPOS="998"/>
<String CONTENT="with" HEIGHT="53" WIDTH="140" VPOS="3901" HPOS="1027"/>
<SP HEIGHT="51" WIDTH="25" VPOS="3901" HPOS="1168"/>
<String CONTENT="bibliography," HEIGHT="69" WIDTH="421" VPOS="3898" HPOS="1194"/>
<SP HEIGHT="49" WIDTH="26" VPOS="3918" HPOS="1616"/>
<String CONTENT="suggestions" HEIGHT="68" WIDTH="350" VPOS="3898" HPOS="1643"/>
<SP HEIGHT="52" WIDTH="26" VPOS="3897" HPOS="1994"/>
<String CONTENT="for" HEIGHT="51" WIDTH="91" VPOS="3897" HPOS="2021"/>
<SP HEIGHT="33" WIDTH="25" VPOS="3915" HPOS="2113"/>
<String CONTENT="study," HEIGHT="66" WIDTH="174" VPOS="3892" HPOS="2139"/>
</TextLine>
<TextLine HEIGHT="74" WIDTH="1971" VPOS="3972" HPOS="342" STYLEREFS="StyleId-2120F6A2-1533-4277-B055-99635398A048-">
<String CONTENT="and" HEIGHT="52" WIDTH="112" VPOS="3978" HPOS="342"/>
<SP HEIGHT="53" WIDTH="34" VPOS="3978" HPOS="455"/>
<String CONTENT="space" HEIGHT="50" WIDTH="165" VPOS="3995" HPOS="490"/>
<SP HEIGHT="53" WIDTH="38" VPOS="3978" HPOS="656"/>
<String CONTENT="for" HEIGHT="51" WIDTH="92" VPOS="3978" HPOS="695"/>
<SP HEIGHT="33" WIDTH="35" VPOS="3996" HPOS="788"/>
<String CONTENT="notes," HEIGHT="63" WIDTH="175" VPOS="3983" HPOS="824"/>
<SP HEIGHT="67" WIDTH="35" VPOS="3979" HPOS="1000"/>
<String CONTENT="layouts," HEIGHT="65" WIDTH="239" VPOS="3979" HPOS="1036"/>
<SP HEIGHT="50" WIDTH="38" VPOS="3994" HPOS="1276"/>
<String CONTENT="solutions" HEIGHT="53" WIDTH="273" VPOS="3976" HPOS="1315"/>
<SP HEIGHT="34" WIDTH="37" VPOS="3994" HPOS="1589"/>
<String CONTENT="of" HEIGHT="52" WIDTH="63" VPOS="3975" HPOS="1627"/>
<SP HEIGHT="52" WIDTH="38" VPOS="3975" HPOS="1691"/>
<String CONTENT="assigned" HEIGHT="65" WIDTH="259" VPOS="3974" HPOS="1730"/>
<SP HEIGHT="68" WIDTH="37" VPOS="3974" HPOS="1990"/>
<String CONTENT="problems," HEIGHT="70" WIDTH="285" VPOS="3972" HPOS="2028"/>
</TextLine>
</TextBlock>
</PrintSpace>
</Page>
</Layout>
</alto>