2424 4375
1055 4050 132 46 1155

129 425 306 64 Peuckert,
463 425 132 54 Will
624 424 197 66 Erich,
853 430 169 50 1891-

255 498 1851 70 … Die goldenen berge, ein deutscher heldenzug. Leipzig,
124 578 63 52 P.
211 577 124 53 List

194 648 97 48 317,
321 651 55 48 [1]
402 659 45 38 p.
505 649 118 41 fold.
649 658 124 39 map.
831 648 59 41 20½
921 650 44 22 cm
968 680 11 10 .

127 718 1980 52 © Oct. 4, 1984 ; 1c. Mar. 11, 1935 ; A -Foreign 27216 ; Paul List verlag.
204 777 278 49 (35-13940)

126 881 247 64 Pittaro,
402 881 152 53 John
583 880 269 57 Michael.

253 954 1856 71 … Yeinte cuentos divertidos, lecturas literarias, adapted to
126 1032 259 54 conform
409 1033 138 53 with
577 1035 96 52 the
699 1034 239 69 reading
966 1033 279 69 objective
1272 1033 427 54 recommended
1727 1033 77 70 by
1832 1034 98 53 the
124 1033 1962 130 modern

243 1110 227 69 foreign
491 1112 284 68 language
795 1112 188 68 study,
1003 1111 77 69 by
1103 1111 156 55 John
1283 1111 79 53 M.
1390 1112 226 53 Pittaro
1643 1112 113 53 and
1780 1110 328 55 Alexander

127 1186 199 56 Green.
399 1190 233 67 Boston,
669 1189 138 53 New
846 1188 162 53 York
1069 1194 119 62 [etc.]
1231 1189 72 54 D.
1345 1188 62 55 C.
1444 1189 196 53 Heath
1680 1189 113 54 and
1830 1207 281 52 company

129 1269 191 64 [c1935]

230 1369 8 16 x,
273 1339 85 41 187
390 1349 43 38 p.
494 1338 128 41 illus.
685 1338 58 41 19
744 1341 45 21 cm
792 1371 10 9 .
871 1338 229 50 (Heath’s
1136 1340 198 39 modern
1366 1338 239 49 language
1641 1338 175 51 series)

199 1394 300 49 “Originally
522 1395 256 48 published
805 1406 54 30 as
883 1396 213 41 lecturas
1124 1394 249 43 literarias
1398 1395 53 41 in
1476 1395 311 49 Progressive
1816 1395 211 50 Spanish
2053 1395 62 50 by

126 1451 80 42 the
236 1463 132 30 same
398 1452 438 42 authors.”—Pref.

200 1508 124 42 “For
350 1509 253 41 collateral
632 1510 228 47 reading”
890 1511 53 39 at
969 1511 91 39 end
1091 1509 53 41 of
1170 1511 129 39 most
1324 1510 54 39 of
1405 1511 83 40 the
1520 1509 285 42 “lecturas”.

129 1564 52 52 ©
208 1569 114 46 May
344 1567 69 47 27,
441 1567 116 41 1935
571 1579 9 35 ;
608 1567 67 41 2c.
702 1568 126 40 June
853 1567 81 48 21;
965 1568 82 40 aff.
1074 1569 125 39 June
1225 1569 82 46 24;
1337 1569 41 38 A
1405 1569 169 47 84393;
1604 1570 43 39 J.
1676 1570 63 39 M.
1764 1569 205 48 Pittaro,
1997 1570 119 39 New

196 1625 143 46 York,
369 1626 95 38 and
495 1626 114 45 May
639 1624 52 40 G.
722 1624 168 46 Green,
921 1626 269 45 Wellesley,
1224 1626 147 38 Mass.
1434 1624 281 50 [Copyright
1745 1626 41 39 is
1819 1625 204 40 claimed
2053 1637 61 29 on

195 1691 105 29 new
326 1683 181 37 matter
533 1682 95 38 and
655 1679 250 51 revisions]
977 1680 279 50 (35-13936)

130 1782 258 66 Pudney,
416 1784 173 65 John,
620 1788 170 51 1909-

194 1857 163 70 Open
411 1859 95 54 the
559 1858 133 70 sky;
749 1877 188 50 poems
993 1859 72 69 by
1119 1859 154 54 John
1329 1860 253 68 Pudney.
1674 1858 229 55 Garden
1961 1858 151 70 City,

128 1935 68 56 N.
229 1936 89 66 Y.,
350 1936 354 70 Doubleday,
733 1936 195 53 Doran
959 1938 45 50 &
1036 1955 295 51 company,
1363 1937 127 68 inc.,
1525 1939 151 51 1935.

192 2008 52 40 xi
273 2018 57 38 p.,
359 2007 26 40 1
449 2040 9 16 l.,
486 2007 57 41 79
569 2019 43 38 p.
672 2009 26 40 1
727 2009 128 40 illus.
914 2008 59 42 19½c
1019 2011 28 21 m
1051 2041 10 9 .

197 2065 163 41 “First
393 2064 227 42 edition.”

195 2121 223 41 Includes
447 2121 222 49 “Joseph,
699 2133 27 29 a
753 2121 141 49 play”
932 2122 66 48 (p.
1023 2120 171 49 43-79)

131 2178 52 52 ©
205 2183 112 47 Apr.
344 2182 69 47 19,
440 2181 111 41 1935
570 2192 10 36 ;
606 2181 67 41 2c.
700 2182 96 39 and
822 2181 80 40 aff.
928 2182 120 47 Aug.
1076 2182 55 38 14
1148 2191 10 38 ;
1186 2182 41 38 A
1254 2180 142 41 84948
1414 2192 9 36 ;
1453 2183 297 47 Doubleday,
1779 2184 166 38 Doran
1973 2183 37 40 &
2033 2192 83 39 co.,

202 2239 88 40 inc.
364 2238 278 49 (35-13805)

127 2338 218 53 Punch.
419 2359 50 35 V.
504 2344 115 63 189,
645 2359 88 35 no.
761 2344 152 62 4913,
940 2341 141 66 July
1108 2344 83 64 31,
1222 2344 148 49 1935.

133 2411 1983 53 © 1c. Sept. 26, 1935; A ad int. 20595 ; pubd. July 31; Herbert Heather,
198 2471 208 39 London.

128 2571 450 67 Randenborgh,
606 2573 159 51 Frau
794 2570 263 56 Elisabet
1088 2570 352 67 (Riemeier)
1477 2588 133 49 van,
1643 2578 170 50 1893-

131 2645 1959 147 Die harte herrlichkeit, roman von Elisabet van Randenborgh. Berlin, Furche- verlag [ c 1934]
199 2794 85 41 319
310 2805 43 38 p.
412 2794 57 41 19
471 2797 44 22 cm
519 2826 10 10 .

135 2851 1981 52 © Feb. 22, 1935; 1c. Apr. 26; A-Foreign 27715; Furche-verlag, g. m.
201 2912 40 39 b.
271 2913 43 38 h.
386 2912 276 49 (35-13811)

135 3010 153 67 Rice,
315 3013 279 64 Rebecca,
624 3018 170 50 1899-

197 3089 323 69 Exploring
554 3088 174 55 God’s
762 3088 382 55 out-of-doors
1186 3090 109 68 [by]
1336 3090 249 52 Rebecca
1621 3089 152 53 Rice.
1845 3086 173 56 Units
2053 3086 64 54 of

128 3164 1964 133 guided experience for primary children … Based on descriptive
280 3244 240 55 outlines
556 3244 308 69 developed
899 3245 75 68 by
1009 3245 95 52 the
1140 3246 329 51 Protestant
1507 3242 293 57 Christian
1837 3243 183 53 forces
2054 3244 64 55 of

129 3320 94 53 the
249 3321 215 54 United
493 3321 186 55 States
708 3323 112 52 and
848 3323 234 55 Canada
1107 3323 248 68 through
1383 3323 96 52 the
1504 3322 419 53 International
131 3340 1961 110 council

239 3398 63 53 of
339 3398 268 69 religious
645 3400 296 53 education
981 3401 112 52 and
1131 3400 247 54 released
1417 3404 57 48 to
1512 3400 95 52 the
1643 3397 344 56 constituent
131 3400 1962 129 denominations.

598 3477 263 53 Leaders’
908 3477 246 53 manual.
1229 3479 233 64 Boston,
1513 3476 270 68 Chicago,
1830 3475 144 54 Pub.
2026 3476 93 54 for

132 3552 92 52 the
254 3553 644 54 Interdenominational
927 3553 317 54 committee
1276 3573 71 34 on
1378 3553 356 68 cooperative
1766 3552 350 70 publication

134 3628 1980 72 of vacation church school curriculum, the Pilgrim press [ c 1935]
203 3702 26 41 3
264 3714 42 37 p.
377 3735 9 16 l.,
421 3704 97 48 152,
558 3706 39 48 [2]
647 3716 44 37 p.
750 3705 127 40 illus.
936 3704 55 41 22
995 3707 44 21 cm
1043 3734 9 9 .
1116 3705 114 48 [The
1265 3704 321 49 co-operative
1621 3705 150 41 series
1806 3704 53 41 of
1892 3705 226 40 vacation

136 3757 178 42 church
342 3760 159 40 school
532 3761 144 50 texts]

206 3814 221 40 Includes
460 3815 164 40 music.

206 3868 370 50 Bibliography:
611 3882 44 38 p.
687 3870 215 42 151-152.

138 3918 52 52 ©
210 3924 111 48 May
341 3925 68 46 20,
433 3925 111 41 1935
562 3937 9 36 ;
597 3927 66 39 2c.
687 3927 126 39 June
835 3928 26 39 3
879 3937 8 36 ;
912 3926 82 40 aff.
1019 3927 125 39 June
1168 3928 25 38 1
1212 3937 8 36 ;
1245 3927 41 38 A
1308 3926 169 47 84055;
1506 3927 178 48 Sidney
1705 3929 180 38 Adams
1909 3928 212 47 Weston,

211 3979 193 42 Boston.
477 3982 277 48 (35-14065)
