2424 4375
1252 4057 133 51 1228

387 588 1916 52 “The study outlines … were prepared by Dr. Samuel Everett with the
315 644 1987 54 assistance of his associates … They have been revised for publication
317 704 60 49 by
405 704 85 41 Dr.
519 703 199 42 Everett
747 706 97 39 and
873 703 255 42 Professor
1157 703 513 50 Hopkins.”—Introd.

388 760 225 44 Includes
642 760 390 50 bibliographies.

730 831 351 49 CONTENTS.—Introduction,
1132 833 60 48 by
1241 831 43 42 J.
1335 832 61 42 H.
1447 832 474 41 Newlon.—Lincoln
1968 835 243 47 approach
2259 837 48 38 to

318 889 295 42 curriculum
644 890 346 48 development,
1022 890 60 47 by
1116 889 49 40 L.
1198 890 51 40 T.
1282 888 516 50 Hopkins.—Varying
1827 892 190 47 aspects
2048 889 53 41 of
318 889 1970 99 American

435 946 197 48 society,
658 947 61 48 by
747 945 192 42 Samuel
968 946 198 41 Everett
1192 944 118 42 with
1336 947 80 40 the
1443 946 269 41 assistance
1739 946 52 41 of
1814 947 81 40 the
1924 946 197 41 Lincoln
2148 947 157 41 school

318 1004 468 41 staff.—Education
820 1004 50 39 in
903 1006 97 38 two
1032 1001 190 51 foreign
1257 1003 228 46 cultures,
1520 1003 60 48 by
1616 1002 194 42 Samuel
1843 1003 198 42 Everett
2075 1003 117 42 with
2226 1005 79 42 the

319 1062 269 41 assistance
616 1061 51 42 of
693 1062 82 40 the
803 1060 198 41 Lincoln
1028 1060 162 41 school
1215 1058 334 43 staff.—Some
1574 1059 341 42 fundamental
1942 1060 155 42 issues
2123 1061 49 39 in
318 1061 1971 105 education,
523 1119 61 48 by
613 1117 194 42 Samuel
833 1116 211 42 Everett.

322 1188 53 53 ©
407 1192 115 46 July
553 1189 70 48 23,
656 1188 141 47 1935;
831 1189 64 39 2c.
928 1188 121 46 Aug.
1082 1186 82 48 21;
1198 1186 81 40 aff.
1317 1188 127 47 Sept.
1478 1188 53 46 7;
1565 1186 41 40 A
1640 1185 169 49 86017;
1846 1187 239 40 Teachers
2119 1188 187 47 college,

392 1245 250 44 Columbia
671 1245 145 47 univ.,
844 1245 117 40 New
989 1244 144 39 York.
1204 1243 279 48 (35-15582)

324 1367 196 62 Cross,
548 1364 199 53 Ethan
777 1363 188 64 Allen,
995 1364 170 54 1875-
1376 1361 85 54 ed.

392 1435 1917 73 World literature, by E. A. Cross … New York, Cincinnati
326 1516 1188 73 [etc.] American book company [ c 1935]
393 1589 487 50 XV, 1396 p. 24 ½ cm .
393 1648 170 41 “Some
597 1646 52 41 of
683 1647 81 39 the
799 1646 137 48 great
969 1644 148 40 books
1151 1644 52 41 of
1239 1645 80 39 the
1353 1643 179 41 world”:
1598 1655 41 37 p.
1675 1643 274 43 1386-1388.

325 1719 53 53 ©
405 1722 119 48 Aug.
552 1721 70 47 27,
649 1720 114 41 1935;
820 1719 66 41 2c.
916 1721 95 38 and
1041 1718 81 40 aff.
1154 1718 126 49 Sept.
1310 1719 25 39 5;
1394 1718 40 39 A
1462 1718 142 41 85784;
1662 1718 159 41 Amer.
1849 1719 122 40 book
2001 1729 67 30 co.

405 1777 279 50 (35-15592)

328 1880 434 66 Cunningham,
788 1878 272 66 William,
1089 1883 170 51 1901-

395 1958 122 53 The
545 1974 171 52 green
745 1973 136 35 corn
905 1953 273 55 rebellion;
1237 1973 31 34 a
1296 1953 166 53 novel
1492 1953 76 69 by
1596 1952 262 55 William
1887 1951 418 71 Cunningham.

325 2034 138 54 New
490 2033 180 69 York,
694 2033 122 53 The
840 2031 317 70 Vanguard
1184 2049 156 51 press
1370 2063 13 35 [
1387 2035 19 23 c
1410 2033 134 50 1935]

395 2105 632 51 3 p. l. , 3-302 p: 19$ cm .
326 2177 53 53 ©
402 2181 118 47 Aug.
545 2178 204 48 23,1935;
803 2177 66 41 2c.
891 2178 119 50 Aug.
1034 2177 55 39 26;
1142 2176 83 40 aff.
1249 2177 119 47 Aug.
1393 2175 55 41 30
1449 2183 3 20 1
1466 2186 9 37 ;
1501 2176 43 40 A
1566 2175 144 42 85682;
1762 2177 264 47 Vanguard
2050 2187 147 38 press,
2223 2177 85 40 inc.

406 2236 278 50 (35-15477)

329 2340 190 66 Curie,
547 2338 277 66 Richard,
855 2343 170 50 1883-

397 2410 1905 73 Who goes home? By Richard Curie … Indianapolis, New
327 2490 1334 71 York, The Bobbs-Merrill company [ c 1935]
398 2562 610 51 4 p. l. , 11-322 p. 20 cm .
330 2635 53 53 ©
420 2639 125 46 Sept.
582 2639 40 46 3,
658 2635 140 48 1935;
834 2636 67 40 2c.
940 2636 125 47 Sept.
1103 2636 82 46 13;
1225 2635 81 39 aff.
1345 2635 127 48 Sept.
1510 2635 81 47 11;
1629 2635 41 39 A
1704 2634 169 49 85946;
1912 2636 55 40 R.
2004 2636 159 47 Curie,
2199 2636 112 39 New

397 2695 144 39 York.
611 2692 278 48 (35-15472)

332 2794 219 66 Cutler,
580 2794 219 54 Leland
828 2792 324 67 Whitman,
1183 2798 171 51 1885-

399 2869 154 55 Once
586 2888 155 52 upon
777 2888 31 34 a
840 2869 152 67 time,
1026 2868 74 69 by
1134 2868 216 52 Leland
1386 2868 87 52 W.
1512 2868 224 68 Cutler;
1774 2868 141 54 with
1952 2888 31 34 a
2019 2868 290 69 prefatory

330 2953 128 50 note
488 2948 75 62 by
594 2947 253 53 Edward
878 2947 65 51 F.
978 2944 215 66 O’Day.
1271 2945 116 54 San
1422 2943 316 67 Francisco,
1770 2945 238 56 Printed
2040 2946 74 64 by
2147 2946 55 55 J.
2237 2946 71 54 H.

331 3024 175 69 Nash,
536 3027 149 50 1934.

398 3094 536 51 x, 81 p., 1 l. 28½ cm .
400 3166 211 41 Initials.

401 3221 1904 51 “Six hundred copies have been printed … This copy is no. 78-A,
331 3278 232 42 Printers’
592 3278 163 49 copy.”

400 3336 148 41 Prose
573 3336 96 40 and
693 3344 151 33 verse.

333 3406 53 53 ©
413 3411 111 39 Dec.
552 3410 70 47 21,
652 3408 114 41 1934;
821 3409 65 40 2c.
916 3410 96 38 and
1038 3408 82 40 aff.
1153 3408 126 48 Sept.
1309 3409 41 46 3,
1378 3408 113 40 1935;
1550 3408 40 39 A
1620 3408 146 41 85712;
1822 3410 183 39 Leland
2033 3410 70 40 W.
2134 3410 173 44 Cutler,

404 3467 96 41 San
528 3465 271 41 Francisco.
870 3462 277 50 (35-15593)

342 3566 299 66 [DeVries,
666 3566 215 67 Julian]
915 3570 170 51 1904-

404 3642 119 53 The
566 3644 181 66 Camp
788 3643 99 53 fire
926 3643 142 68 girls
1108 3661 61 36 as
1211 3642 218 55 federal
1469 3642 418 69 investigators,
1929 3645 73 66 by
2042 3645 261 54 Julianne

334 3716 1760 71 Devries [p seud.] Cleveland, O., New York, The World
333 3718 1949 145 syndicate publishing co. [ c 1935]
406 3866 1645 49 2 p. l. , 11-253 p. 19½ cm . (His The Banner Campfire girls)
336 3933 52 53 ©
414 3936 118 48 Aug.
558 3937 39 47 6,
625 3937 139 47 1935;
792 3936 67 42 2c.
885 3939 95 39 and
1008 3938 81 40 aff.
1117 3939 119 47 Aug.
1266 3938 81 47 10;
1376 3939 40 38 A
1444 3937 169 48 84989;
1644 3939 167 40 World
1836 3938 251 48 syndicate
2113 3936 104 50 pub.
2243 3944 60 30 co.

414 3993 278 50 (35-15624)
