2424 4375
1024 4068 131 48 1365

182 532 69 37 “A
282 532 237 39 tentative
551 532 336 48 bibliography
920 532 52 39 of
1005 533 81 40 the
1119 534 339 40 belles-lettres
1491 535 52 40 of
1576 535 247 39 Panama”
1857 537 59 47 by
1952 537 60 38 H.
2050 537 50 39 G.

111 588 153 47 Doyle
291 588 89 40 has
407 588 118 39 been
553 586 254 50 published
836 590 290 47 separately.

443 644 279 41 CONTENTS.—General
769 646 382 40 works.—Costa
1201 643 903 45 Rica.—Guatemala.—Honduras.—

108 700 412 48 Nicaragua.—El
556 701 522 42 Salvador.—Current
1110 713 310 38 newspapers
1452 705 96 39 and
1580 703 294 49 periodicals
1902 705 53 40 of
110 705 1973 92 Central
233 757 234 40 America.

112 823 53 53 ©
202 828 126 47 Sept.
363 827 68 48 23,
466 827 140 48 1935;
642 828 66 41 2c.
748 829 125 48 Sept.
909 828 83 47 26;
1030 829 81 40 aff.
1150 830 126 47 Sept.
1312 828 81 48 28;
1431 831 40 38 A
1507 829 169 48 86508;
1716 830 255 41 President
2005 832 95 39 and

177 884 188 41 fellows
395 885 54 40 of
477 885 230 40 Harvard
739 886 190 47 college,
961 885 302 49 Cambridge,
1297 887 143 39 Mass.
1512 886 281 48 (35-18370)

133 988 267 65 [Dresser,
426 988 202 67 Davis]
662 994 171 49 1904-

178 1064 118 52 Ten
333 1070 117 48 toes
486 1082 95 50 up,
617 1063 74 69 by
728 1063 276 70 Anthony
1041 1063 159 55 Scott
1261 1066 213 67 [pseud.]
1552 1064 138 55 New
1730 1064 178 69 York,
108 1064 1967 130 Godwin
251 1175 14 34 [
270 1148 18 22 c
293 1143 151 66 1935]

176 1211 85 41 303
287 1223 43 38 p.
419 1212 26 40 19½
477 1213 44 22 cm
526 1244 9 9 .

108 1280 53 53 ©
185 1284 101 40 Oct.
311 1285 40 46 7,
376 1283 140 48 1935;
542 1284 67 41 2c.
634 1284 100 41 Oct.
760 1285 80 46 10;
871 1284 80 41 aff.
979 1285 102 40 Oct.
1106 1285 52 47 9;
1185 1285 41 39 A
1251 1285 169 47 87561;
1451 1284 215 49 Godwin,
1693 1285 287 49 publishers,
2008 1286 92 40 inc.

191 1341 280 49 (35-18236)

108 1445 227 64 Dunne,
365 1445 210 54 Gerald
602 1445 88 55 W.
717 1446 67 54 E.

180 1519 349 70 Songsmith,
564 1520 74 69 by
670 1520 137 53 Rev.
842 1519 212 55 Gerald
1088 1520 88 54 W.
1210 1521 67 51 E.
1313 1520 222 69 Dunne,
1569 1539 144 35 litt.
1748 1539 49 35 d.
1871 1520 231 70 Toledo,

107 1597 213 54 Toledo
350 1597 243 53 artcraft
624 1615 292 50 company,
949 1599 149 50 1935.

177 1667 1048 51 6 p. l. , 17-239, [1] p. col. illus. 20½ cm .
176 1726 182 40 Poems.

109 1795 1988 53 © Sept. 3,1935; 1c. Sept. 5; 1c. Sept. 16; aff. Sept. 14; A 86308; G. W. E.
178 1857 187 47 Dunne,
395 1856 192 39 Toledo.
657 1854 278 49 (35-18104)

104 1959 288 53 Eastman
419 1959 193 53 kodak
641 1975 102 49 co.,
771 1959 324 66 Rochester,
1123 1960 72 52 N.
1226 1961 71 51 Y.

176 2035 623 69 Photomicrography;
826 2053 71 36 an
917 2035 392 53 introduction
1329 2040 59 49 to
1410 2035 409 69 photography
1840 2035 141 53 with
2001 2036 94 52 the

108 2112 358 70 microscope.
534 2113 131 53 13th
696 2113 86 53 ed.
847 2113 324 67 Rochester,
1199 2113 72 53 N.
1302 2113 92 67 Y.,
1424 2113 278 53 Eastman
1730 2113 191 53 kodak
107 2131 1965 129 company,
307 2194 152 50 1935.

176 2266 84 39 122
289 2276 42 37 p.
391 2264 128 41 illus.
549 2264 134 48 (part
709 2265 112 48 col.)
860 2264 177 49 diagrs.
1098 2263 55 39 22
1157 2266 44 21 cm
1205 2297 9 9 .

176 2321 114 42 Two
322 2321 224 41 celluloid
579 2321 153 40 filters
763 2321 80 40 for
872 2321 159 40 visual
1062 2331 83 31 use
1179 2321 110 48 only
1321 2322 228 40 mounted
1581 2333 58 29 on
1672 2332 42 38 p.
1744 2322 71 40 51.

176 2379 374 49 Bibliography:
582 2389 44 38 p.
658 2377 214 41 112-114.

108 2447 53 53 ©
186 2452 127 46 Sept.
337 2451 38 47 5,
400 2450 112 40 1935
531 2461 8 29 :
565 2450 67 39 2c.
657 2451 95 39 and
775 2449 82 40 aff.
884 2449 127 48 Sept.
1034 2449 82 47 17;
1141 2450 43 38 A
1206 2449 170 48 86342;
1404 2451 235 39 Eastman
1662 2450 161 40 kodak
1847 2460 68 30 co.

184 2507 279 49 (35-17795)

106 2608 254 65 Endrey,
389 2610 259 63 Eugene,
673 2614 176 49 1891-

172 2686 194 53 Dance
408 2684 65 54 of
511 2685 96 52 the
649 2682 208 70 golden
898 2684 137 67 calf,
1077 2684 76 68 by
1195 2685 233 68 Eugene
1472 2685 262 66 Endrey;
1778 2684 317 53 translated

106 2762 151 53 from
299 2763 96 52 the
437 2761 349 69 Hungarian
827 2761 75 68 by
944 2762 166 53 Ilona
1152 2762 316 68 Bestercey.
1551 2762 156 64 [New
1752 2762 180 67 York,
1974 2762 120 53 The

104 2840 136 53 New
268 2858 130 36 men
427 2838 334 69 publishing
788 2857 97 49 co.,
918 2841 151 65 1935]

175 2912 653 50 7 p. l. , [17]-190 p. 20 cm .
109 2979 1984 53 © July 1, 1935 ; 1c. July 5; 1c. Aug. 2; aff. Aug. 6; A 85646; E. Endrey,
177 3040 114 40 New
323 3040 142 39 York.
536 3038 279 49 (35-17683)

107 3141 186 65 Eudy,
319 3144 139 51 Mrs.
485 3143 174 63 Mary
686 3141 346 65 Cummings
1062 3142 240 65 (Paine)
1340 3145 169 52 1874-

175 3216 285 66 Quarried
506 3220 239 65 crystals
794 3218 112 53 and
953 3219 162 53 other
1163 3236 209 51 poems,
1417 3218 76 68 by
1539 3218 173 68 Mary
1758 3215 334 73 Cummings

105 3295 197 70 Eudy;
327 3295 140 53 with
492 3315 72 35 an
588 3295 387 55 introduction
997 3296 75 68 by
1096 3296 217 68 Joseph
1335 3295 341 54 Auslander.
1750 3295 139 53 New
1914 3295 181 69 York,

105 3373 254 67 London,
386 3372 70 55 G.
482 3373 66 53 P.
575 3373 297 53 Putnam’s
894 3392 145 49 sons,
1068 3376 150 51 1935.

174 3458 64 29 xv
264 3458 58 38 p.,
350 3449 26 38 1
436 3477 10 18 l.,
475 3446 173 41 19-188
677 3457 43 38 p.
778 3447 56 39 21½
867 3449 43 22 cm
914 3478 10 10 .

177 3502 205 49 “Oxen”,
407 3504 158 39 words
589 3504 96 39 and
706 3502 154 41 music
891 3502 265 48 (facsimile
1180 3501 340 48 reproduction
1544 3502 51 41 of
1617 3500 301 50 manuscript
1940 3504 144 48 copy)

107 3569 59 30 on
192 3559 361 48 lining-papers.

110 3622 51 53 ©
186 3628 118 48 Aug.
331 3627 71 49 29,
429 3627 140 48 1935;
598 3628 68 41 2c.
697 3629 126 48 Sept.
852 3630 51 45 3;
934 3628 83 41 aff.
1046 3628 103 41 Oct.
1173 3628 53 47 9;
1255 3629 42 38 A
1324 3628 169 47 86132;
1526 3629 53 40 G.
1608 3630 50 39 P.
1688 3630 253 40 Putnam’s
1966 3639 126 31 sons.

185 3684 278 48 (35-18101)

107 3783 351 67 Fergusson,
488 3788 269 52 Edmund
789 3788 233 63 Morris,
1055 3793 325 49 1864-1934.

177 3861 255 55 Historic
459 3863 261 68 chapters
747 3865 59 51 in
835 3863 290 55 Christian
1152 3863 295 54 education
1476 3865 59 52 in
1560 3864 293 66 America;
1882 3884 31 33 a
1940 3863 151 55 brief

110 3937 218 72 history
352 3941 64 52 of
438 3942 95 52 the
556 3942 304 52 American
888 3943 237 67 Sunday
1149 3944 189 52 school
1363 3948 332 62 movement,
1723 3944 111 52 and
1861 3945 94 51 the
1981 3943 109 53 rise
