2424 4375
1247 4075 101 53 706

367 527 88 39 217
480 538 42 36 p.
579 526 25 38 20½
667 529 44 20 cm
715 557 8 8 .

301 579 52 52 ©
383 584 121 39 Mar.
535 583 39 47 5,
606 582 140 47 1935;
780 581 66 41 2c.
875 584 99 38 and
1002 582 82 40 aff.
1115 582 126 41 June
1272 582 51 45 6;
1357 583 42 38 A
1428 582 170 46 83485;
1634 583 162 39 Board
1828 583 51 40 of
1911 581 296 50 publication
2238 583 51 39 of

372 640 80 39 the
480 639 177 41 United
684 639 248 40 Lutheran
960 640 181 39 church
1167 639 49 39 in
1245 638 236 49 America,
1514 638 351 49 Philadelphia.

297 730 301 51 Montana.
673 730 276 66 Supreme
979 736 174 46 court.

369 807 1919 67 Reports of cases argued and determined … from October 22,
303 887 149 60 1934,
487 890 57 46 to
579 886 263 66 January
873 888 84 63 24,
993 888 147 50 1935.
1213 882 218 56 Official
1462 890 209 62 report.
1741 886 241 53 Volume
2018 888 81 49 98.
2172 885 116 54 San

299 963 321 64 Francisco,
648 963 582 67 Bancroft-Whitney
1256 982 297 48 company,
1582 966 148 50 1935.

368 1036 132 47 xxxi,
527 1035 88 41 725
636 1046 43 38 p.
732 1036 55 39 23
791 1038 44 21 cm
837 1066 9 9 .

302 1089 52 52 ©
383 1094 113 46 May
521 1091 69 51 29,
617 1091 117 41 1935;
788 1092 66 40 2c.;
913 1092 64 39 nd
1006 1092 79 40 aff.
1118 1093 126 39 June
1270 1093 53 45 4;
1354 1093 41 38 A
1423 1092 168 47 83462;
1625 1091 485 48 Bancroft-Whitney
2140 1103 66 29 co.

299 1212 285 62 Mourret,
611 1212 290 54 Fernand.

369 1291 55 50 A
447 1290 221 65 history
692 1288 63 54 of
777 1290 95 51 the
896 1288 260 55 Catholic
1180 1288 228 66 church,
1430 1288 76 67 by
1528 1289 94 52 the
1644 1290 137 51 Rev.
1806 1290 267 51 Fernand

305 1290 1961 143 Mourret, s. s., translated by the Rev. Newton Thompson, S. T. D.
304 1446 239 52 Volume
575 1448 47 49 2.
663 1443 209 54 Period
905 1444 63 52 of
999 1446 95 52 the
1126 1445 210 51 church
1370 1444 236 53 fathers.
1674 1443 81 55 St.
1788 1444 191 67 Louis,
2012 1446 133 63 Mo.,
2178 1445 111 51 and

301 1524 255 53 London.
585 1526 65 49 B.
679 1523 226 53 Herder
931 1523 146 52 book
1104 1542 97 47 co.,
1232 1527 148 50 1935.

436 1595 558 48 xx p., 2 l., 3-700 p. 23½cm.
304 1648 52 52 ©
382 1652 128 38 June
531 1652 40 45 4,
599 1650 140 48 1935;
767 1651 67 40 2c.
861 1652 127 40 June
1012 1651 52 46 6;
1092 1651 81 39 aff.
1201 1651 125 40 June
1352 1652 52 46 7;
1434 1650 41 40 A
1501 1649 169 49 84102;
1699 1651 54 39 B.
1780 1650 189 40 Herder
1995 1650 124 40 book
2146 1659 67 31 co.

304 1768 356 65 Murchison,
693 1770 133 54 Carl
855 1769 355 62 Allanmore,
1245 1771 169 52 1887-
1626 1769 82 51 ed.

436 1845 1676 69 … A handbook of social psychology, by W. C. Allee,
307 1847 1980 145 Gordon W. Allport, Friedrich Alverdes … [and others] edited by
308 2000 132 53 Carl
487 2002 346 52 Murchison.
912 2003 336 63 Worcester,
1291 2003 190 65 Mass.,
1527 2001 175 56 Clark
1746 2001 315 68 university
2103 2020 183 49 press;

310 2080 249 57 London,
585 2081 76 51 H.
689 2078 262 57 Milford,
979 2079 227 55 Oxford
1236 2079 314 68 university
1578 2098 173 49 press,
1781 2082 148 52 1935.

378 2152 82 45 xii,
495 2152 113 40 1195
644 2163 28 37 p
747 2152 140 47 illus.,
924 2151 179 48 diagrs.
1162 2153 55 39 23½
1250 2154 44 20 cm
1298 2183 9 7 .
1378 2151 123 48 (The
1536 2151 347 41 international
1919 2151 268 48 university
306 2163 1969 85 series
432 2209 47 38 in
514 2208 315 48 psychology)

376 2264 344 48 Bibliography
751 2266 53 38 at
833 2265 88 39 end
954 2265 51 37 of
1034 2265 116 39 each
1180 2265 214 47 chapter.

306 2318 52 52 ©
383 2323 113 46 May
521 2322 40 46 2,
587 2321 140 47 1935;
755 2320 67 41 2c.
850 2322 112 46 May
988 2320 52 47 6;
1070 2320 79 40 aff.
1178 2321 114 47 May
1316 2321 53 46 4;
1400 2321 39 38 A
1466 2319 168 48 82908;
1664 2320 147 40 Clark
1837 2321 143 46 univ.,
2009 2321 283 46 Worcester,

374 2380 144 38 Mass.
590 2377 250 49 (35-7664)

307 2469 222 62 Murry,
557 2468 154 52 John
739 2466 339 66 Middleton,
1110 2472 170 50 1889-

374 2545 257 50 Between
661 2548 112 47 two
802 2543 235 66 worlds;
1070 2561 69 34 an
1171 2542 475 69 autobiography,
1675 2543 76 68 by
1781 2543 155 53 John
1967 2541 321 53 Middleton

302 2619 1087 69 Murry … London, J. Cape [1935]
369 2691 84 42 500
482 2703 42 36 p.
584 2695 150 44 ports.
792 2692 59 39 20½
881 2696 15 20 cm
928 2725 8 8 .

308 2746 1982 53 © 1c. Apr. 24, 1935; A ad int. 20180; pubd. Feb. 28; J. M. Murry,
374 2808 213 47 Larling,
618 2808 155 38 North
802 2806 238 48 Norwich,
1072 2807 234 46 England.
1378 2806 250 48 (35-7956)

304 2895 145 52 New
477 2896 160 51 York
677 2895 216 66 (State)
978 2897 181 64 Laics,
1186 2902 255 59 statutes,
1470 2902 97 46 etc.

378 2970 355 70 Clevenger’s
761 2974 218 66 pratico
1003 2974 229 51 manual
1260 2972 63 55 of
1351 2975 138 51 New
1518 2974 178 61 York,
1724 2974 330 66 containing

309 2972 1957 146 the official editions of Civil practice act, rules of civil practice …
310 3128 1979 66 as amended to end of legislative session of 1935 … 13th ed.,
307 3205 1983 68 edited and annotated by Joseph R. Clevenger … New York,
309 3283 204 56 Baker,
546 3284 245 52 Voorhis
824 3288 45 48 &
900 3302 107 46 co.;
1042 3286 137 50 New
1213 3284 161 52 York
1408 3285 112 51 and
1554 3285 246 65 Albany,
1835 3284 275 52 Matthew
308 3285 1956 126 Bender
433 3364 45 49 &
501 3378 294 49 company,
819 3362 415 65 incorporated,
1263 3364 148 50 1935.

375 3433 25 38 1
429 3444 41 27 v.
530 3433 55 39 25½cm.

378 3489 208 40 Various
613 3490 214 47 pagings.

310 3541 53 52 ©
393 3546 128 39 June
547 3546 40 46 7,
615 3546 140 45 1935;
783 3545 67 40 2c.
881 3546 128 39 June
1035 3546 81 44 10;
1150 3545 79 39 aff.
1262 3546 126 39 June
1416 3546 51 45 8;
1500 3546 39 38 A
1599 3545 86 39 83531;
1775 3546 234 38 Matthew
2037 3545 189 39 Bender
2257 3544 35 40 &

380 3611 79 37 co.,
489 3602 88 40 inc.
607 3604 95 38 and
729 3603 173 44 Baker,
930 3602 210 40 Voorhis
1230 3612 81 37 co.,
1342 3602 87 39 inc.

309 3674 1978 69 New York laws affecting business corporations … Revised to
380 3753 137 66 May
547 3752 81 67 17,
658 3757 147 50 1935.
872 3755 129 51 16th
1029 3755 83 51 ed.
1176 3756 55 52 J.
1260 3757 65 49 B.
1352 3756 67 50 R.
1451 3755 204 63 Smith,
1684 3754 197 52 editor.
1946 3755 137 50 New
2110 3753 177 65 York,

378 3828 246 67 Albany,
655 3829 216 54 United
904 3832 186 54 States
1120 3833 359 63 corporation
1511 3849 277 48 company
1824 3864 11 33 [c
1864 3834 131 47 1935]

382 3902 787 48 5 p. l., v-xxxii, 504 p. 22½ cm .
311 3953 52 52 ©
387 3958 128 39 June
535 3958 40 47 4,
602 3957 139 48 1935;
770 3959 67 39 2c.
863 3960 95 38 and
984 3958 79 41 aff.
1094 3959 125 39 June
1245 3958 51 47 6;
1326 3959 39 38 A
1391 3958 168 46 83505;
1589 3957 177 41 United
1796 3958 160 39 States
1984 3953 303 51 corporation

381 4024 65 29 co.
