2526 4384
1108 4029 100 52 297

164 414 260 68 Adamic,
450 414 197 67 Louis,
676 420 170 51 1899-

233 493 360 69 Grandsons;
634 516 35 35 a
703 498 158 63 story
898 491 66 55 of
1000 492 307 55 American
1346 491 141 56 lives
1528 493 110 69 [by]
1680 494 175 54 Louis
1894 493 261 54 Adamic.

167 573 134 52 New
327 571 164 54 York
517 572 112 53 and
653 570 261 68 London,
937 570 234 69 Harper
1195 573 47 51 &
1265 571 280 68 brothers,
1574 574 151 51 1935.

233 644 682 50 5 p. l. , 3-370 p., 1 l. 21 cm .
233 715 160 41 “First
423 714 225 41 edition.”

164 782 51 53 ©
246 787 120 38 Mar.
397 784 71 48 20,
499 783 113 42 1935
630 795 9 36 ;
672 785 67 39 2'c.
771 785 121 39 Mar.
924 783 59 42 20
998 795 9 37 ;
1043 784 80 40 aff.
1156 785 122 39 Mar.
1309 784 56 39 22
1383 795 9 36 ;
1426 786 44 38 A
1499 784 144 41 82104
1658 795 11 36 ;
1706 785 51 39 L.
1789 784 215 48 Adamic,
2037 786 118 39 New

231 843 142 39 York.
444 840 250 51 (35-4104)

158 943 232 66 Alving,
421 945 286 64 Theodor,
742 946 170 55 1872-

287 1020 1868 71 … Zoologisk have i støbeskeen; fortid, nutid, fremtid; 303
160 1099 348 69 fotografier,
530 1103 35 50 4
583 1099 133 55 kort
742 1119 32 35 o
777 1118 39 51 g
841 1102 218 67 planer.
1132 1100 379 67 København,
1538 1099 347 69 Gyldendal,
1911 1104 151 49 1934.

233 1171 1307 51 4 p. l., 11-205, [1] p. illus. (incl. plans.) 27 ½ cm .
160 1240 1977 110 © Dec. 12, 1934; 1c. Jan. 8, 1985 ; A- Foreign 26594; T. Alving, Copenhagen. (35-4061)
161 1404 311 56 American
501 1405 278 55 institute
807 1407 64 52 of
895 1405 229 65 mining
1149 1406 115 53 and
1294 1405 433 65 metallurgical
1753 1406 330 64 engineers.

231 1483 401 54 Transactions
658 1485 63 52 of
746 1485 96 51 the
865 1485 305 52 American
1196 1484 263 52 institute
1483 1484 63 53 of
1570 1483 225 69 mining
1820 1484 113 52 and
162 1484 1969 145 metallurgical

443 1563 292 67 engineers
769 1561 454 69 (incorporated)
1309 1580 52 34 v.
1407 1565 114 50 112.
1600 1562 238 67 Milling
1877 1563 274 52 methods.

165 1637 320 69 Sponsored
529 1641 75 66 by
648 1641 93 52 the
789 1640 197 66 Rocky
1030 1640 295 52 mountain
1372 1640 166 54 fund.
1618 1643 217 65 Papers
1879 1641 276 69 specially

162 1716 252 54 solicited
444 1717 94 53 for
564 1717 114 55 this
704 1718 225 53 volume
954 1719 77 66 by
1056 1719 96 51 the
1178 1718 320 53 Institute’s
1526 1719 281 53 technical
1834 1719 321 54 committee

164 1813 70 34 on
265 1795 230 69 milling
526 1795 277 53 methods.
873 1798 140 52 New
1047 1796 180 68 York,
1262 1797 70 52 N.
1368 1797 92 67 Y.,
1494 1797 122 53 The
1650 1797 306 53 American
161 1797 1966 128 institute
308 1874 62 53 of
400 1874 224 67 mining
654 1874 112 52 and
795 1875 419 67 metallurgical
1246 1874 309 68 engineers,
1590 1877 150 52 1935.

229 1947 85 41 977
340 1958 41 37 p.
437 1947 150 40 front.
616 1946 171 49 (port.)
824 1948 144 46 illus.,
996 1946 179 48 diagrs.
1230 1946 55 41 23½
1319 1949 44 21 cm
1368 1979 9 8 .

163 2013 51 53 ©
240 2017 109 40 Jan.
376 2017 70 47 24,
473 2016 115 42 1935
606 2028 9 36 ;
645 2017 69 40 2c.
744 2018 122 39 Mar.
893 2017 60 41 27
967 2027 9 37 ;
1009 2017 83 40 aff.
1121 2018 121 39 Mar.
1272 2016 60 40 28
1346 2027 10 37 ;
1386 2017 44 39 A
1456 2017 148 40 81208
1618 2027 9 37 ;
1658 2017 157 39 Amer.
1847 2016 231 42 institute
2104 2019 52 40 of

230 2073 186 49 mining
444 2075 97 39 and
572 2074 357 48 metallurgical
962 2073 264 49 engineers,
1257 2073 91 41 inc.

162 2176 369 55 Association
559 2179 64 52 of
649 2178 132 54 first
807 2177 328 54 assistants
1159 2178 59 52 in
1245 2178 107 53 the
1377 2177 145 64 high
1551 2178 230 54 schools
1808 2180 65 52 of
1899 2179 104 53 the
2030 2179 120 62 city

227 2257 63 52 of
314 2257 146 55 New
485 2257 181 56 York.

230 2334 326 69 Educating
581 2334 261 69 superior
865 2334 287 68 students;
1182 2334 381 67 co-operative
1592 2334 213 53 studies
1835 2332 220 55 carried
2083 2353 68 34 on

166 2412 173 53 under
367 2414 93 52 the
494 2412 256 68 auspices
779 2411 66 54 of
874 2413 99 52 the
997 2411 363 54 Association
1387 2411 64 53 of
1479 2410 130 54 first
1639 2411 296 54 assistants
1968 2413 55 51 in
2059 2413 94 52 the

164 2489 136 68 high
329 2491 218 53 schools
574 2489 65 54 of
665 2491 99 52 the
792 2490 118 67 city
938 2488 64 54 of
1030 2489 139 54 New
1198 2489 182 67 York,
1409 2489 190 53 edited
1628 2489 76 67 by
1732 2489 185 54 Helen
1950 2490 203 53 Louise

165 2566 189 55 Cohen
393 2568 112 53 and
544 2567 201 68 Nancy
783 2567 69 55 G.
893 2566 245 69 Coryell.
1228 2566 141 54 New
1409 2566 182 68 York,
1633 2566 329 55 Cincinnati
2027 2573 120 61 [etc.]

165 2645 298 54 American
492 2644 149 55 book
666 2663 280 50 company
980 2677 14 35 [
997 2650 18 22 c
1021 2647 151 65 1935]

229 2717 82 47 xii,
339 2716 87 41 340
450 2727 44 38 p.
554 2715 56 41 20½
643 2718 44 22 cm
691 2748 9 9 .

233 2772 221 42 Includes
478 2772 392 48 bibliographies.

163 2841 50 52 ©
237 2846 109 39 Feb.
400 2846 40 47 19,
466 2845 114 41 1935
597 2856 9 37 ;
633 2845 67 40 2c.
727 2846 97 39 and
848 2844 82 41 aff.
957 2845 124 39 Mar.
1105 2844 24 39 1
1148 2854 9 37 ;
1187 2845 44 38 A
1253 2843 147 41 80678
1414 2854 9 36 ;
1452 2844 160 39 Amer.
1639 2845 124 39 book
1787 2856 69 29 co.

239 2902 249 48 (35-4096)

164 3001 125 56 Aus
340 3004 421 68 verklungenen
813 3004 18 67 j
842 3002 433 67 ahrtausenden,
1326 3001 433 72 bilder-mappe.
1850 3002 302 67 München,

230 3081 214 69 Verlag
468 3081 153 54 “Der
646 3080 135 55 ruf”
806 3098 53 51 g.
886 3099 74 34 m.
985 3080 53 54 b.
1066 3080 55 53 h.
1155 3113 14 35 [
1173 3086 18 22 c
1197 3083 151 64 1934]

230 3154 911 49 2 p. 1, 27 port, on 26 l. 31 × 25 cm .
233 3212 168 41 Issued
427 3212 50 40 in
505 3211 244 50 portfolio.

230 3269 171 40 Labels
432 3269 120 40 with
585 3268 292 48 descriptive
907 3270 284 45 letterpress
1225 3268 229 40 mounted
1490 3279 59 29 on
1583 3278 165 29 versos
1782 3266 168 50 facing
1978 3270 173 46 plates.

496 3357 8 8 CONTENTS.
507 3349 60 4 —
568 3326 95 39 Zur
709 3324 274 49 geschichte
1030 3325 158 39 Moses
1205 3323 171 41 !—Zur
1420 3324 275 48 geschichte
1741 3323 412 42 Abd-ru-shins.—

169 3381 91 40 Zur
285 3383 276 47 geschichte
586 3381 358 41 Marias.—Zur
971 3381 274 48 geschichte
1274 3381 142 40 Jesus
1435 3380 10 40 !

163 3447 1985 54 © Jan. 1, 1934; 1c. May 1; A -Foreign 24518; Verlag “Der ruf,” g. m.
234 3509 41 39 b.
300 3510 43 39 h.
414 3508 251 50 (35-4177)

168 3611 237 60 Bahret,
430 3615 163 52 Ruth
623 3612 191 54 Alma.

233 3685 1915 70 Spanish review book, by Ruth A. Bahret … New York.
163 3761 1079 71 The Review book company [ c 1935]
235 3833 25 39 2
285 3847 44 37 p.
352 3838 42 47 1,
422 3838 99 43 228,
551 3836 84 51 [24]
662 3846 43 38 p.
765 3837 129 41 illus.
952 3836 56 41 19
1012 3839 44 21 cm
1059 3868 9 9 .

170 3903 50 52 ©
248 3909 118 39 Mar.
397 3909 68 47 12,
495 3908 141 48 1935;
667 3908 66 41 2c.
765 3909 121 39 Mar.
917 3909 82 47 13;
1033 3908 82 40 aff.
1146 3909 122 38 Mar.
1299 3907 81 47 19;
1415 3908 42 39 A
1486 3907 169 49 81047;
1691 3909 196 41 Review
1917 3910 122 39 book
2070 3920 82 39 co.,

312 3965 302 33 inc ( 35-41 94)
