2424 4375
1081 4060 132 48 1113

161 457 196 64 Luxel,
387 457 233 54 Claude.

286 526 1848 70 … La villa des deux sœurs, roman inédit. [ Nice, Paris, etc.]
157 608 262 55 Editions
460 608 306 67 “Optima”
810 611 171 64 [1935]

155 674 1968 104 2 p. l., [7]—251 p., 1 l. 18 cm . (Added t.-p.: Les chefs-d’œuvre du roman
298 736 221 50 policier)

159 787 1982 56 © May 6, 1935; 1c. July 17; A-Foreign 28541; Lucien Henri Riffard,
226 850 128 48 Nice,
382 851 198 39 France.
650 848 278 49 (35-13219)

160 935 341 64 MacGuffin,
528 934 191 64 Ralph
745 933 245 65 Dudley,
1021 934 170 54 1877-

230 1006 1910 73 Stamps as an investment [by] R. D. MacGuffin … New enl.
160 1088 1789 68 ed. New York city, Diehl, Landau & Pettit, inc. [ c 1935]
235 1163 87 39 192
347 1173 42 37 p.
449 1162 55 39 19½
537 1164 43 20 cm
583 1192 9 9 .

161 1216 51 52 ©
240 1220 79 38 May
380 1218 40 41 2,
449 1217 115 41 1935
580 1229 8 35 ;
620 1218 68 39 2c.
717 1219 96 38 and
842 1217 82 40 aff.
956 1218 113 46 May
1101 1216 54 39 10
1174 1227 8 31 :
1214 1217 41 38 A
1285 1216 169 46 84088;
1487 1216 157 45 Diehl,
1677 1216 201 39 Landau
1910 1216 36 39 &
1976 1215 167 48 Pettit,

230 1277 91 38 inc.
392 1274 278 49 (35-13245)

161 1366 334 63 Magruder,
524 1364 197 53 Frank
749 1364 243 63 Abbott,
1024 1370 170 48 1882-

229 1443 270 53 National
527 1446 395 64 governments
953 1442 111 52 and
1093 1442 408 53 international
1530 1441 287 67 relations,
1845 1442 73 66 by
1949 1442 195 51 Frank

157 1519 1982 63 Abbott Magruder … Boston, New York [etc.] Allyn and
163 1602 189 50 Bacon
385 1602 190 62 [1935]

231 1666 1213 53 xiv, [2], 596 p., 1 l., 36 p. illus., diagrs. 19 cm .
232 1725 275 40 “Covenant
531 1724 53 40 of
607 1726 81 39 the
716 1725 188 47 League
930 1725 52 39 of
1009 1725 194 39 nations
1230 1723 115 41 with
1374 1724 332 40 amendments
1737 1723 46 40 in
1813 1725 130 39 force
165 1723 1962 104 February
276 1784 38 40 1,
340 1781 169 40 1932”:
534 1780 57 41 36
617 1791 43 38 p.
688 1784 51 37 at
766 1783 105 41 end.

235 1837 341 48 Bibliography
603 1840 52 38 at
678 1840 91 39 end
794 1839 52 39 of
870 1837 116 41 each
1015 1838 211 46 chapter.

163 1892 51 52 ©
248 1897 114 46 July
397 1897 68 42 17,
501 1895 139 47 1935;
676 1896 67 40 2c.
779 1897 114 46 July
926 1896 83 46 25;
1047 1896 81 40 aff.
1166 1896 115 47 July
1316 1895 82 47 24;
1436 1896 41 39 A
1512 1896 170 47 85172;
1720 1896 143 47 Allyn
1899 1896 38 40 &
1969 1897 177 38 Bacon.

235 1953 278 49 [Copyright
549 1954 42 39 is
624 1953 203 40 claimed
865 1964 59 28 on
960 1953 221 48 changes]
1258 1953 278 47 (35-13240)

163 2041 250 65 Mather,
442 2041 176 54 Irwin
648 2043 63 55 F.

230 2118 118 52 The
378 2117 234 67 making
642 2118 63 54 of
735 2117 224 55 Illinois
977 2137 11 48 ;
1023 2138 31 34 a
1082 2118 220 66 history
1332 2118 64 53 of
1423 2119 95 53 the
1546 2124 145 48 state
1721 2118 153 54 from
1902 2119 95 52 the
165 2137 1957 111 earliest

313 2195 1831 67 records to the present time, by Irwin F. Mather … Rev.
162 2271 80 53 ed.
307 2272 268 66 Chicago,
601 2272 71 52 A.
701 2273 299 65 Flanagan
1027 2291 295 47 company,
1352 2275 150 50 1935.

231 2343 1915 50 5 p. l. , 15-274 p. incl. illus., plates, maps, front., plates, ports. 19 cm .
167 2396 50 52 ©
241 2401 116 47 Aug.
388 2402 38 45 7,
455 2401 115 39 1935
586 2412 8 35 ;
621 2401 66 39 2c.
716 2402 95 38 and
839 2400 79 40 aff.
946 2402 120 46 Aug.
1093 2399 54 48 9;
1178 2401 40 38 A
1245 2401 170 46 85405;
1445 2402 54 38 A.
1528 2401 251 47 Flanagan
1808 2411 67 30 co.

242 2458 277 47 (35-13351)

163 2531 336 65 Maugham,
528 2532 253 54 William
812 2532 315 64 Somerset,
1160 2537 170 51 1874-

231 2608 129 51 Don
393 2609 331 66 Fernando;
761 2628 80 48 or,
874 2607 328 56 Variations
1237 2629 72 33 on
1342 2629 150 34 some
1527 2608 250 68 Spanish
1809 2610 230 66 themes,
2072 2611 74 65 by

165 2684 85 52 W.
297 2685 280 53 Somerset
622 2685 328 66 Maugham.
1028 2686 240 52 London
1335 2692 120 60 [etc.]
1503 2688 90 52 W.
1640 2687 359 51 Heinemann
2041 2687 104 52 ltd.

169 2764 167 63 [1935]

231 2832 622 51 2 p. l. , 268, [1] p. 21 cm .
169 2884 51 52 ©
248 2890 63 39 1c.
343 2889 115 48 July
488 2890 68 46 24,
586 2888 140 48 1935;
759 2891 41 38 A
830 2890 61 39 ad
921 2889 86 40 int.
1039 2889 170 46 20424;
1241 2890 142 47 pubd.
1415 2890 129 40 June
1573 2891 81 45 17;
1686 2892 71 39 W.
1793 2890 44 41 S.
1871 2890 276 48 Maugham,

235 2944 101 49 Cap
361 2946 185 47 Ferrat,
576 2947 54 39 A.
661 2948 77 45 M.,
766 2946 197 40 France.
1034 2946 278 49 (35-13360)

169 3018 217 64 Mayes,
417 3021 241 54 Martin.

234 3095 118 52 The
384 3097 392 65 development
806 3098 62 54 of
897 3098 95 54 the
1023 3117 155 47 press
1208 3100 61 51 in
1300 3099 96 52 the
1424 3098 216 55 United
1674 3099 185 54 States
1878 3117 11 46 ;
1924 3117 69 34 an
167 3104 1957 120 outline
311 3171 62 54 of
408 3174 213 51 certain
656 3173 64 54 of
751 3175 72 52 its
857 3176 189 65 social,
1078 3176 282 52 economic
1394 3176 112 53 and
1541 3174 254 65 political
168 3175 1955 139 considerations,
367 3250 75 65 by
480 3250 219 53 Martin
737 3251 214 67 Mayes,
990 3269 98 36 ph.
1130 3270 46 34 d.
1251 3252 340 64 Richmond,
1629 3252 133 64 Mo.,
1801 3252 341 53 Missourian

167 3342 168 48 press,
370 3330 149 50 1935.

234 3396 698 52 2 p. l. , vii-x, 279 p. 22 cm .
237 3451 367 52 Bibliography:
642 3467 43 37 p.
721 3453 215 44 271-279.

173 3503 50 52 ©
256 3510 111 47 May
397 3511 69 45 21,
500 3511 139 48 1935;
673 3511 67 41 2c.
771 3513 96 38 and
898 3512 81 39 aff.
1015 3513 112 46 May
1159 3511 82 47 24;
1277 3513 40 38 A
1352 3511 168 47 83301;
1557 3511 295 41 Missourian
1886 3523 149 38 press.

246 3565 275 49 (35-13205)

169 3633 224 70 Michel,
422 3641 188 64 Virgil
640 3643 242 64 George,
912 3644 209 64 father,
1150 3646 169 51 1890-

239 3715 1847 72 Through Christ our Lord, by Dorn Virgil Michel … Dom
173 3790 1971 70 Basil Stegmann … and the Sisters of the Order of St. Dominic,
168 3866 345 72 Marywood,
546 3873 198 54 Grand
778 3875 236 64 Rapids.
1048 3873 322 66 Michigan;
1407 3873 320 55 illustrated
1760 3876 76 66 by
1867 3875 274 53 Hildreth

168 3943 219 57 Meiere.
461 3949 137 53 New
632 3951 178 55 York.
843 3952 120 52 The
993 3952 332 52 Macmillan
1358 3970 294 36 comnanv.
1688 3957 148 49 1935.
