<alto xmlns="http://www.loc.gov/standards/alto/ns-v3#" xmlns:xlink="http://www.w3.org/1999/xlink" xmlns:xsi="http://www.w3.org/2001/XMLSchema-instance" xsi:schemaLocation="http://www.loc.gov/standards/alto/ns-v3# http://www.loc.gov/alto/v3/alto-3-0.xsd"><Description>
<MeasurementUnit>pixel</MeasurementUnit>
<sourceImageInformation>
<fileName>1935_v32_Part1.pdf</fileName>
</sourceImageInformation>
<OCRProcessing ID="IdOcr">
<ocrProcessingStep>
<processingDateTime>2019-01-15</processingDateTime>
<processingSoftware>
<softwareCreator>ABBYY</softwareCreator>
<softwareName>ABBYY Recognition Server</softwareName>
<softwareVersion>4.0</softwareVersion>
</processingSoftware>
</ocrProcessingStep>
</OCRProcessing>
</Description>
<Styles>
<ParagraphStyle ID="StyleId-FFFFFFFF-FFFF-FFFF-FFFF-FFFFFFFFFFFF-" ALIGN="Left" LEFT="0." RIGHT="0." FIRSTLINE="0."/>
<ParagraphStyle ID="StyleId-09A13A44-4F77-4ABE-84F3-84CC8B3C72CE-" ALIGN="Left" LEFT="0." RIGHT="0." FIRSTLINE="0." LINESPACE="7.699999809"/>
<ParagraphStyle ID="StyleId-1F945060-F8CD-4435-B69A-5FF49DB0C586-" ALIGN="Left" LEFT="0." RIGHT="0." FIRSTLINE="-10." LINESPACE="12.19999981"/>
<ParagraphStyle ID="StyleId-C6CAE747-F5A4-4D0D-8D74-D452DA7E2C1C-" ALIGN="Block" LEFT="0." RIGHT="0." FIRSTLINE="-14." LINESPACE="8.350000381"/>
<ParagraphStyle ID="StyleId-FC0F3374-189A-459E-BE29-2DC14180F022-" ALIGN="Left" LEFT="0." RIGHT="0." FIRSTLINE="0."/>
<ParagraphStyle ID="StyleId-49397C49-A894-4B3E-BA5E-1126226BA375-" ALIGN="Left" LEFT="0." RIGHT="0." FIRSTLINE="-12." LINESPACE="11.09000015"/>
<ParagraphStyle ID="StyleId-9E34DD3A-E661-48BD-A3A1-6A3D48346F00-" ALIGN="Block" LEFT="0." RIGHT="0." FIRSTLINE="-14." LINESPACE="11.09000015"/>
<ParagraphStyle ID="StyleId-56CE54AA-A08B-4BAA-8605-F26020A0E36E-" ALIGN="Left" LEFT="0." RIGHT="0." FIRSTLINE="0." LINESPACE="9.399999619"/>
<ParagraphStyle ID="StyleId-77814FFC-C42F-4AA9-9880-EF33B947DEC8-" ALIGN="Left" LEFT="0." RIGHT="0." FIRSTLINE="-11." LINESPACE="11.06999969"/>
<ParagraphStyle ID="StyleId-FDE92EC0-67DC-4C7B-8A24-094B12C38B6C-" ALIGN="Center" LEFT="0." RIGHT="0." FIRSTLINE="0." LINESPACE="11.30000019"/>
<ParagraphStyle ID="StyleId-65180E3B-4C93-4FB8-81EE-E026DD63DBF3-" ALIGN="Left" LEFT="0." RIGHT="0." FIRSTLINE="0." LINESPACE="11.10000038"/>
<ParagraphStyle ID="StyleId-10E885C2-5813-4620-B0AA-0FBA30CF7A32-" ALIGN="Left" LEFT="0." RIGHT="0." FIRSTLINE="0." LINESPACE="9.5"/>
<ParagraphStyle ID="StyleId-913C2DB5-9F02-4067-BAF7-0AED37B60BBE-" ALIGN="Left" LEFT="0." RIGHT="0." FIRSTLINE="0." LINESPACE="6.099999905"/>
<ParagraphStyle ID="StyleId-9C79A9D2-8F08-4A8F-985D-B00E253ED1E5-" ALIGN="Left" LEFT="0." RIGHT="0." FIRSTLINE="0." LINESPACE="4.400000095"/>
<ParagraphStyle ID="StyleId-A41F0407-FEFE-4738-9EC5-E05AFFF62781-" ALIGN="Left" LEFT="0." RIGHT="0." FIRSTLINE="0." LINESPACE="7.300000191"/>
<ParagraphStyle ID="StyleId-61D37176-94E8-408D-9B87-01C406CE8AB2-" ALIGN="Left" LEFT="0." RIGHT="0." FIRSTLINE="0." LINESPACE="8.050000191"/>
</Styles>
<Layout>
<Page ID="Page1214" PHYSICAL_IMG_NR="1214" HEIGHT="4375" WIDTH="2424">
<TopMargin HEIGHT="430" WIDTH="2424" VPOS="0" HPOS="0">
</TopMargin>
<LeftMargin HEIGHT="3590" WIDTH="268" VPOS="430" HPOS="0">
</LeftMargin>
<RightMargin HEIGHT="3590" WIDTH="138" VPOS="430" HPOS="2286">
</RightMargin>
<BottomMargin HEIGHT="355" WIDTH="2424" VPOS="4020" HPOS="0">
<TextBlock ID="Page1214_Block1" HEIGHT="70" WIDTH="156" VPOS="4054" HPOS="1196" LANG="en-US" STYLEREFS="StyleId-CB641B2B-085F-443E-8FDD-E56EE26CBF37-">
<TextLine HEIGHT="49" WIDTH="135" VPOS="4065" HPOS="1207">
<String CONTENT="1214" HEIGHT="49" WIDTH="135" VPOS="4065" HPOS="1207"/>
</TextLine>
</TextBlock>
<GraphicalElement ID="Page1214_Block2" HEIGHT="355" WIDTH="74" VPOS="4020" HPOS="2350"/>
</BottomMargin>
<PrintSpace HEIGHT="3590" WIDTH="2018" VPOS="430" HPOS="268">
<TextBlock ID="Page1214_Block3" HEIGHT="3590" WIDTH="2018" VPOS="430" HPOS="268" LANG="en-US" CS="1" STYLEREFS="StyleId-4DBECFD4-3BB0-45DF-BB8A-10857DD94A87-">
<TextLine HEIGHT="69" WIDTH="1985" VPOS="518" HPOS="284" STYLEREFS="StyleId-7FAA8240-7230-40A8-893A-868EEAFE9BDE-">
<String CONTENT="From" HEIGHT="52" WIDTH="176" VPOS="519" HPOS="284"/>
<SP HEIGHT="48" WIDTH="39" VPOS="523" HPOS="461"/>
<String CONTENT="the" HEIGHT="52" WIDTH="97" VPOS="519" HPOS="501"/>
<SP HEIGHT="52" WIDTH="39" VPOS="519" HPOS="599"/>
<String CONTENT="Prairie" HEIGHT="53" WIDTH="227" VPOS="518" HPOS="639"/>
<SP HEIGHT="33" WIDTH="40" VPOS="538" HPOS="867"/>
<String CONTENT="series" HEIGHT="53" WIDTH="169" VPOS="518" HPOS="908"/>
<SP HEIGHT="53" WIDTH="42" VPOS="518" HPOS="1078"/>
<String CONTENT="by" HEIGHT="69" WIDTH="76" VPOS="518" HPOS="1121"/>
<SP HEIGHT="68" WIDTH="44" VPOS="519" HPOS="1198"/>
<String CONTENT="Ben" HEIGHT="52" WIDTH="124" VPOS="519" HPOS="1243"/>
<SP HEIGHT="55" WIDTH="44" VPOS="518" HPOS="1368"/>
<String CONTENT="Carlton" HEIGHT="55" WIDTH="239" VPOS="518" HPOS="1413"/>
<SP HEIGHT="51" WIDTH="43" VPOS="520" HPOS="1653"/>
<String CONTENT="Mead." HEIGHT="53" WIDTH="188" VPOS="520" HPOS="1697"/>
<SP HEIGHT="54" WIDTH="79" VPOS="519" HPOS="1886"/>
<String CONTENT="Amarillo," HEIGHT="68" WIDTH="303" VPOS="519" HPOS="1966"/>
</TextLine>
<TextLine HEIGHT="71" WIDTH="1607" VPOS="595" HPOS="284" STYLEREFS="StyleId-7FAA8240-7230-40A8-893A-868EEAFE9BDE-">
<String CONTENT="Tex.," HEIGHT="68" WIDTH="153" VPOS="596" HPOS="284"/>
<SP HEIGHT="68" WIDTH="24" VPOS="596" HPOS="438"/>
<String CONTENT="Printed" HEIGHT="53" WIDTH="240" VPOS="595" HPOS="463"/>
<SP HEIGHT="53" WIDTH="21" VPOS="595" HPOS="704"/>
<String CONTENT="by" HEIGHT="70" WIDTH="77" VPOS="595" HPOS="726"/>
<SP HEIGHT="70" WIDTH="23" VPOS="595" HPOS="804"/>
<String CONTENT="Russell" HEIGHT="54" WIDTH="222" VPOS="595" HPOS="828"/>
<SP HEIGHT="53" WIDTH="25" VPOS="596" HPOS="1051"/>
<String CONTENT="stationery" HEIGHT="70" WIDTH="312" VPOS="595" HPOS="1077"/>
<SP HEIGHT="51" WIDTH="23" VPOS="614" HPOS="1390"/>
<String CONTENT="company," HEIGHT="52" WIDTH="298" VPOS="614" HPOS="1414"/>
<SP HEIGHT="66" WIDTH="27" VPOS="599" HPOS="1713"/>
<String CONTENT="1935." HEIGHT="52" WIDTH="150" VPOS="598" HPOS="1741"/>
</TextLine>
<TextLine HEIGHT="49" WIDTH="1190" VPOS="668" HPOS="355">
<String CONTENT="110" HEIGHT="41" WIDTH="86" VPOS="668" HPOS="355"/>
<SP HEIGHT="49" WIDTH="24" VPOS="668" HPOS="442"/>
<String CONTENT="p." HEIGHT="38" WIDTH="44" VPOS="679" HPOS="467"/>
<SP HEIGHT="40" WIDTH="58" VPOS="669" HPOS="512"/>
<String CONTENT="front." HEIGHT="40" WIDTH="148" VPOS="669" HPOS="571"/>
<SP HEIGHT="48" WIDTH="28" VPOS="669" HPOS="720"/>
<String CONTENT="(facsim.)" HEIGHT="48" WIDTH="235" VPOS="669" HPOS="749"/>
<SP HEIGHT="47" WIDTH="34" VPOS="669" HPOS="985"/>
<String CONTENT="plates," HEIGHT="48" WIDTH="172" VPOS="668" HPOS="1020"/>
<SP HEIGHT="38" WIDTH="26" VPOS="678" HPOS="1193"/>
<String CONTENT="ports." HEIGHT="45" WIDTH="148" VPOS="671" HPOS="1220"/>
<SP HEIGHT="41" WIDTH="57" VPOS="668" HPOS="1369"/>
<String CONTENT="24cm." HEIGHT="42" WIDTH="118" VPOS="668" HPOS="1427"/>
</TextLine>
<TextLine HEIGHT="51" WIDTH="1911" VPOS="724" HPOS="360">
<String CONTENT="The" HEIGHT="40" WIDTH="103" VPOS="725" HPOS="360"/>
<SP HEIGHT="38" WIDTH="27" VPOS="726" HPOS="464"/>
<String CONTENT="frontispiece" HEIGHT="49" WIDTH="314" VPOS="724" HPOS="492"/>
<SP HEIGHT="40" WIDTH="29" VPOS="725" HPOS="807"/>
<String CONTENT="is" HEIGHT="40" WIDTH="42" VPOS="725" HPOS="837"/>
<SP HEIGHT="30" WIDTH="28" VPOS="735" HPOS="880"/>
<String CONTENT="a" HEIGHT="29" WIDTH="28" VPOS="736" HPOS="909"/>
<SP HEIGHT="40" WIDTH="31" VPOS="725" HPOS="938"/>
<String CONTENT="&#8220;reproduction" HEIGHT="48" WIDTH="369" VPOS="725" HPOS="970"/>
<SP HEIGHT="30" WIDTH="32" VPOS="735" HPOS="1340"/>
<String CONTENT="of" HEIGHT="39" WIDTH="53" VPOS="726" HPOS="1373"/>
<SP HEIGHT="41" WIDTH="28" VPOS="726" HPOS="1427"/>
<String CONTENT="the" HEIGHT="41" WIDTH="85" VPOS="727" HPOS="1456"/>
<SP HEIGHT="32" WIDTH="26" VPOS="736" HPOS="1542"/>
<String CONTENT="cover" HEIGHT="31" WIDTH="142" VPOS="736" HPOS="1569"/>
<SP HEIGHT="38" WIDTH="26" VPOS="736" HPOS="1712"/>
<String CONTENT="page" HEIGHT="38" WIDTH="122" VPOS="736" HPOS="1739"/>
<SP HEIGHT="30" WIDTH="31" VPOS="737" HPOS="1862"/>
<String CONTENT="of" HEIGHT="40" WIDTH="53" VPOS="726" HPOS="1894"/>
<SP HEIGHT="39" WIDTH="29" VPOS="726" HPOS="1948"/>
<String CONTENT="L." HEIGHT="42" WIDTH="50" VPOS="726" HPOS="1978"/>
<SP HEIGHT="43" WIDTH="32" VPOS="725" HPOS="2029"/>
<String CONTENT="Gough&#8217;s" HEIGHT="50" WIDTH="209" VPOS="725" HPOS="2062"/>
</TextLine>
<TextLine HEIGHT="49" WIDTH="1982" VPOS="780" HPOS="288">
<String CONTENT="book" HEIGHT="40" WIDTH="123" VPOS="781" HPOS="288"/>
<SP HEIGHT="47" WIDTH="25" VPOS="782" HPOS="412"/>
<String CONTENT="printed" HEIGHT="47" WIDTH="195" VPOS="782" HPOS="438"/>
<SP HEIGHT="40" WIDTH="26" VPOS="781" HPOS="634"/>
<String CONTENT="in" HEIGHT="40" WIDTH="50" VPOS="781" HPOS="661"/>
<SP HEIGHT="39" WIDTH="29" VPOS="782" HPOS="712"/>
<String CONTENT="1886." HEIGHT="42" WIDTH="128" VPOS="780" HPOS="742"/>
<SP HEIGHT="40" WIDTH="57" VPOS="781" HPOS="871"/>
<String CONTENT="Most" HEIGHT="41" WIDTH="129" VPOS="781" HPOS="929"/>
<SP HEIGHT="38" WIDTH="29" VPOS="784" HPOS="1059"/>
<String CONTENT="of" HEIGHT="40" WIDTH="54" VPOS="781" HPOS="1089"/>
<SP HEIGHT="41" WIDTH="25" VPOS="781" HPOS="1144"/>
<String CONTENT="the" HEIGHT="40" WIDTH="83" VPOS="783" HPOS="1170"/>
<SP HEIGHT="38" WIDTH="29" VPOS="791" HPOS="1254"/>
<String CONTENT="poems" HEIGHT="38" WIDTH="166" VPOS="791" HPOS="1284"/>
<SP HEIGHT="40" WIDTH="27" VPOS="782" HPOS="1451"/>
<String CONTENT="in" HEIGHT="40" WIDTH="52" VPOS="782" HPOS="1479"/>
<SP HEIGHT="38" WIDTH="28" VPOS="785" HPOS="1532"/>
<String CONTENT="that" HEIGHT="39" WIDTH="111" VPOS="784" HPOS="1561"/>
<SP HEIGHT="41" WIDTH="27" VPOS="782" HPOS="1673"/>
<String CONTENT="book" HEIGHT="41" WIDTH="124" VPOS="782" HPOS="1701"/>
<SP HEIGHT="40" WIDTH="27" VPOS="783" HPOS="1826"/>
<String CONTENT="are" HEIGHT="31" WIDTH="83" VPOS="793" HPOS="1854"/>
<SP HEIGHT="42" WIDTH="28" VPOS="782" HPOS="1938"/>
<String CONTENT="included" HEIGHT="43" WIDTH="225" VPOS="782" HPOS="1967"/>
<SP HEIGHT="42" WIDTH="27" VPOS="783" HPOS="2193"/>
<String CONTENT="in" HEIGHT="41" WIDTH="49" VPOS="783" HPOS="2221"/>
</TextLine>
<TextLine HEIGHT="52" WIDTH="857" VPOS="835" HPOS="289">
<String CONTENT="Spur" HEIGHT="50" WIDTH="125" VPOS="835" HPOS="289"/>
<SP HEIGHT="47" WIDTH="23" VPOS="839" HPOS="415"/>
<String CONTENT="jingles" HEIGHT="47" WIDTH="175" VPOS="839" HPOS="439"/>
<SP HEIGHT="31" WIDTH="26" VPOS="848" HPOS="615"/>
<String CONTENT="and" HEIGHT="40" WIDTH="96" VPOS="839" HPOS="642"/>
<SP HEIGHT="40" WIDTH="25" VPOS="839" HPOS="739"/>
<String CONTENT="saddle" HEIGHT="41" WIDTH="167" VPOS="838" HPOS="765"/>
<SP HEIGHT="30" WIDTH="27" VPOS="849" HPOS="933"/>
<String CONTENT="songs.&#8221;" HEIGHT="49" WIDTH="185" VPOS="838" HPOS="961"/>
</TextLine>
<TextLine HEIGHT="54" WIDTH="1991" VPOS="907" HPOS="284" CS="1">
<String CONTENT="&#169;" HEIGHT="52" WIDTH="53" VPOS="907" HPOS="284"/>
<SP HEIGHT="52" WIDTH="23" VPOS="907" HPOS="338"/>
<String CONTENT="July" HEIGHT="47" WIDTH="116" VPOS="910" HPOS="362"/>
<SP HEIGHT="47" WIDTH="23" VPOS="910" HPOS="479"/>
<String CS="1" CONTENT="1," HEIGHT="17" WIDTH="9" VPOS="941" HPOS="534"/>
<SP HEIGHT="47" WIDTH="25" VPOS="911" HPOS="544"/>
<String CS="1" CONTENT="1935;" HEIGHT="41" WIDTH="117" VPOS="909" HPOS="570"/>
<SP HEIGHT="48" WIDTH="27" VPOS="909" HPOS="711"/>
<String CONTENT="2c." HEIGHT="41" WIDTH="67" VPOS="909" HPOS="739"/>
<SP HEIGHT="30" WIDTH="26" VPOS="920" HPOS="807"/>
<String CONTENT="and" HEIGHT="39" WIDTH="96" VPOS="911" HPOS="834"/>
<SP HEIGHT="39" WIDTH="25" VPOS="911" HPOS="931"/>
<String CONTENT="aff." HEIGHT="40" WIDTH="83" VPOS="910" HPOS="957"/>
<SP HEIGHT="39" WIDTH="25" VPOS="911" HPOS="1041"/>
<String CONTENT="Aug." HEIGHT="47" WIDTH="119" VPOS="911" HPOS="1067"/>
<SP HEIGHT="40" WIDTH="24" VPOS="910" HPOS="1187"/>
<String CONTENT="31;" HEIGHT="47" WIDTH="82" VPOS="910" HPOS="1212"/>
<SP HEIGHT="46" WIDTH="27" VPOS="911" HPOS="1295"/>
<!-- cceid 93319022-6D82-1014-B070-FDFD250A9EDA --><String CONTENT="A" HEIGHT="38" WIDTH="42" VPOS="911" HPOS="1323"/>
<SP HEIGHT="40" WIDTH="24" VPOS="910" HPOS="1366"/>
<String CONTENT="86124;" HEIGHT="49" WIDTH="169" VPOS="909" HPOS="1391"/>
<SP HEIGHT="47" WIDTH="29" VPOS="911" HPOS="1561"/>
<String CONTENT="L." HEIGHT="40" WIDTH="50" VPOS="911" HPOS="1591"/>
<SP HEIGHT="41" WIDTH="29" VPOS="910" HPOS="1642"/>
<String CONTENT="Gough," HEIGHT="49" WIDTH="182" VPOS="910" HPOS="1672"/>
<SP HEIGHT="46" WIDTH="27" VPOS="913" HPOS="1855"/>
<String CONTENT="Amarillo," HEIGHT="51" WIDTH="251" VPOS="910" HPOS="1883"/>
<SP HEIGHT="48" WIDTH="25" VPOS="913" HPOS="2135"/>
<String CONTENT="Tex." HEIGHT="41" WIDTH="114" VPOS="913" HPOS="2161"/>
</TextLine>
<TextLine HEIGHT="50" WIDTH="280" VPOS="966" HPOS="364">
<String CONTENT="(35-15302)" HEIGHT="50" WIDTH="280" VPOS="966" HPOS="364"/>
</TextLine>
<TextLine HEIGHT="68" WIDTH="1241" VPOS="1067" HPOS="288" STYLEREFS="StyleId-7FAA8240-7230-40A8-893A-868EEAFE9BDE-">
<String CONTENT="Grant" HEIGHT="56" WIDTH="188" VPOS="1067" HPOS="288"/>
<SP HEIGHT="53" WIDTH="25" VPOS="1070" HPOS="477"/>
<String CONTENT="Watson," HEIGHT="65" WIDTH="264" VPOS="1070" HPOS="503"/>
<SP HEIGHT="65" WIDTH="28" VPOS="1070" HPOS="768"/>
<String CONTENT="Elliot" HEIGHT="55" WIDTH="176" VPOS="1069" HPOS="797"/>
<SP HEIGHT="54" WIDTH="25" VPOS="1070" HPOS="974"/>
<String CONTENT="Lovegood," HEIGHT="65" WIDTH="329" VPOS="1070" HPOS="1000"/>
<SP HEIGHT="59" WIDTH="28" VPOS="1076" HPOS="1330"/>
<String CONTENT="1885-" HEIGHT="50" WIDTH="170" VPOS="1075" HPOS="1359"/>
</TextLine>
<TextLine HEIGHT="72" WIDTH="1917" VPOS="1143" HPOS="355" STYLEREFS="StyleId-7FAA8240-7230-40A8-893A-868EEAFE9BDE-">
<String CONTENT="The" HEIGHT="54" WIDTH="125" VPOS="1143" HPOS="355"/>
<SP HEIGHT="35" WIDTH="25" VPOS="1162" HPOS="481"/>
<String CONTENT="nun" HEIGHT="35" WIDTH="118" VPOS="1162" HPOS="507"/>
<SP HEIGHT="36" WIDTH="30" VPOS="1162" HPOS="626"/>
<String CONTENT="and" HEIGHT="53" WIDTH="113" VPOS="1146" HPOS="657"/>
<SP HEIGHT="53" WIDTH="28" VPOS="1146" HPOS="771"/>
<String CONTENT="the" HEIGHT="53" WIDTH="95" VPOS="1146" HPOS="800"/>
<SP HEIGHT="54" WIDTH="25" VPOS="1145" HPOS="896"/>
<String CONTENT="bandit," HEIGHT="68" WIDTH="220" VPOS="1145" HPOS="922"/>
<SP HEIGHT="67" WIDTH="27" VPOS="1146" HPOS="1143"/>
<String CONTENT="by" HEIGHT="69" WIDTH="74" VPOS="1146" HPOS="1171"/>
<SP HEIGHT="70" WIDTH="30" VPOS="1145" HPOS="1246"/>
<String LANG="fi" CONTENT="E." HEIGHT="54" WIDTH="68" VPOS="1145" HPOS="1277"/>
<SP HEIGHT="54" WIDTH="31" VPOS="1145" HPOS="1346"/>
<String CONTENT="L." HEIGHT="54" WIDTH="65" VPOS="1145" HPOS="1378"/>
<SP HEIGHT="56" WIDTH="31" VPOS="1145" HPOS="1444"/>
<String CONTENT="Grant" HEIGHT="56" WIDTH="188" VPOS="1145" HPOS="1476"/>
<SP HEIGHT="54" WIDTH="27" VPOS="1146" HPOS="1665"/>
<String CONTENT="Watson." HEIGHT="54" WIDTH="254" VPOS="1146" HPOS="1693"/>
<SP HEIGHT="54" WIDTH="65" VPOS="1145" HPOS="1948"/>
<String CONTENT="London," HEIGHT="68" WIDTH="258" VPOS="1144" HPOS="2014"/>
</TextLine>
<TextLine HEIGHT="70" WIDTH="901" VPOS="1221" HPOS="286" STYLEREFS="StyleId-7FAA8240-7230-40A8-893A-868EEAFE9BDE-">
<String CONTENT="The" HEIGHT="53" WIDTH="123" VPOS="1222" HPOS="286"/>
<SP HEIGHT="56" WIDTH="22" VPOS="1221" HPOS="410"/>
<String CONTENT="Cresset" HEIGHT="56" WIDTH="222" VPOS="1221" HPOS="433"/>
<SP HEIGHT="63" WIDTH="21" VPOS="1228" HPOS="656"/>
<String CONTENT="press," HEIGHT="51" WIDTH="175" VPOS="1240" HPOS="678"/>
<SP HEIGHT="68" WIDTH="22" VPOS="1223" HPOS="854"/>
<String CONTENT="ltd." HEIGHT="54" WIDTH="104" VPOS="1223" HPOS="877"/>
<SP HEIGHT="36" WIDTH="31" VPOS="1255" HPOS="982"/>
<String CONTENT="[1935]" HEIGHT="66" WIDTH="173" VPOS="1225" HPOS="1014"/>
</TextLine>
<TextLine HEIGHT="52" WIDTH="554" VPOS="1293" HPOS="356" CS="1">
<String CONTENT="293," HEIGHT="50" WIDTH="100" VPOS="1293" HPOS="356"/>
<SP HEIGHT="30" WIDTH="29" VPOS="1315" HPOS="457"/>
<String CONTENT="[1]" HEIGHT="48" WIDTH="55" VPOS="1297" HPOS="487"/>
<SP HEIGHT="40" WIDTH="23" VPOS="1305" HPOS="543"/>
<String LANG="fr" CONTENT="p.," HEIGHT="38" WIDTH="59" VPOS="1305" HPOS="567"/>
<SP HEIGHT="47" WIDTH="25" VPOS="1296" HPOS="627"/>
<String CONTENT="1" HEIGHT="39" WIDTH="24" VPOS="1296" HPOS="653"/>
<SP HEIGHT="39" WIDTH="27" VPOS="1296" HPOS="678"/>
<String CS="1" CONTENT="l." HEIGHT="9" WIDTH="9" VPOS="1327" HPOS="726"/>
<SP HEIGHT="40" WIDTH="58" VPOS="1296" HPOS="736"/>
<String CS="1" CONTENT="19cm." HEIGHT="42" WIDTH="87" VPOS="1295" HPOS="823"/>
</TextLine>
<TextLine HEIGHT="53" WIDTH="1987" VPOS="1350" HPOS="287" CS="1">
<String CONTENT="&#169;" HEIGHT="52" WIDTH="53" VPOS="1350" HPOS="287"/>
<SP/>
<String CS="1" CONTENT="1c."/>
<SP/>
<String CONTENT="Aug." HEIGHT="47" WIDTH="120" VPOS="1354" HPOS="464"/>
<SP HEIGHT="39" WIDTH="28" VPOS="1354" HPOS="585"/>
<String CONTENT="13," HEIGHT="48" WIDTH="69" VPOS="1354" HPOS="614"/>
<SP HEIGHT="47" WIDTH="28" VPOS="1355" HPOS="684"/>
<String CONTENT="1935;" HEIGHT="48" WIDTH="141" VPOS="1352" HPOS="713"/>
<SP HEIGHT="45" WIDTH="29" VPOS="1355" HPOS="855"/>
<!-- cceid 9331EB99-6D82-1014-B070-FDFD250A9EDA --><String CONTENT="A" HEIGHT="43" WIDTH="43" VPOS="1355" HPOS="885"/>
<SP HEIGHT="43" WIDTH="24" VPOS="1355" HPOS="929"/>
<String CONTENT="ad" HEIGHT="38" WIDTH="62" VPOS="1355" HPOS="954"/>
<SP HEIGHT="39" WIDTH="25" VPOS="1354" HPOS="1017"/>
<String CONTENT="int." HEIGHT="40" WIDTH="86" VPOS="1354" HPOS="1043"/>
<SP HEIGHT="40" WIDTH="29" VPOS="1354" HPOS="1130"/>
<String CONTENT="20480;" HEIGHT="47" WIDTH="169" VPOS="1354" HPOS="1160"/>
<SP HEIGHT="38" WIDTH="32" VPOS="1365" HPOS="1330"/>
<String CONTENT="pubd." HEIGHT="48" WIDTH="142" VPOS="1355" HPOS="1363"/>
<SP HEIGHT="39" WIDTH="31" VPOS="1355" HPOS="1506"/>
<String CONTENT="Junel" HEIGHT="41" WIDTH="131" VPOS="1355" HPOS="1538"/>
<SP HEIGHT="40" WIDTH="23" VPOS="1355" HPOS="1670"/>
<String CONTENT="18;" HEIGHT="46" WIDTH="81" VPOS="1355" HPOS="1694"/>
<SP HEIGHT="45" WIDTH="33" VPOS="1356" HPOS="1776"/>
<String LANG="fi" CONTENT="E." HEIGHT="39" WIDTH="52" VPOS="1356" HPOS="1810"/>
<SP HEIGHT="41" WIDTH="29" VPOS="1354" HPOS="1863"/>
<String LANG="fr" CONTENT="L." HEIGHT="41" WIDTH="50" VPOS="1354" HPOS="1893"/>
<SP HEIGHT="40" WIDTH="31" VPOS="1355" HPOS="1944"/>
<String CONTENT="G." HEIGHT="40" WIDTH="52" VPOS="1355" HPOS="1976"/>
<SP HEIGHT="39" WIDTH="29" VPOS="1356" HPOS="2029"/>
<String CONTENT="Watson," HEIGHT="45" WIDTH="215" VPOS="1356" HPOS="2059"/>
</TextLine>
<TextLine HEIGHT="49" WIDTH="923" VPOS="1410" HPOS="356">
<String CONTENT="Cambridge," HEIGHT="48" WIDTH="300" VPOS="1410" HPOS="356"/>
<SP HEIGHT="47" WIDTH="35" VPOS="1411" HPOS="657"/>
<String CONTENT="England." HEIGHT="48" WIDTH="235" VPOS="1411" HPOS="693"/>
<SP HEIGHT="47" WIDTH="69" VPOS="1412" HPOS="929"/>
<String CONTENT="(35-15475)" HEIGHT="48" WIDTH="280" VPOS="1411" HPOS="999"/>
</TextLine>
<TextLine HEIGHT="67" WIDTH="754" VPOS="1513" HPOS="289" STYLEREFS="StyleId-D2707C18-D53F-4BA8-9CE2-6714A03BEBD2-">
<String CONTENT="Greene," HEIGHT="66" WIDTH="243" VPOS="1513" HPOS="289"/>
<SP HEIGHT="65" WIDTH="27" VPOS="1514" HPOS="533"/>
<String CONTENT="Graham," HEIGHT="66" WIDTH="281" VPOS="1514" HPOS="561"/>
<SP HEIGHT="59" WIDTH="28" VPOS="1521" HPOS="843"/>
<String CONTENT="1904-" HEIGHT="50" WIDTH="171" VPOS="1520" HPOS="872"/>
</TextLine>
<TextLine HEIGHT="70" WIDTH="1915" VPOS="1589" HPOS="357" STYLEREFS="StyleId-7FAA8240-7230-40A8-893A-868EEAFE9BDE-">
<String CONTENT="England" HEIGHT="68" WIDTH="271" VPOS="1590" HPOS="357"/>
<SP HEIGHT="51" WIDTH="33" VPOS="1591" HPOS="629"/>
<String CONTENT="made" HEIGHT="52" WIDTH="166" VPOS="1591" HPOS="663"/>
<SP HEIGHT="34" WIDTH="35" VPOS="1609" HPOS="830"/>
<String CONTENT="me;" HEIGHT="49" WIDTH="116" VPOS="1608" HPOS="866"/>
<SP HEIGHT="47" WIDTH="40" VPOS="1610" HPOS="983"/>
<String CONTENT="a" HEIGHT="33" WIDTH="32" VPOS="1610" HPOS="1024"/>
<SP HEIGHT="33" WIDTH="36" VPOS="1610" HPOS="1057"/>
<String CONTENT="novel" HEIGHT="52" WIDTH="167" VPOS="1591" HPOS="1094"/>
<SP HEIGHT="53" WIDTH="34" VPOS="1590" HPOS="1262"/>
<String CONTENT="by" HEIGHT="69" WIDTH="75" VPOS="1590" HPOS="1297"/>
<SP HEIGHT="70" WIDTH="35" VPOS="1589" HPOS="1373"/>
<String CONTENT="Graham" HEIGHT="55" WIDTH="258" VPOS="1589" HPOS="1409"/>
<SP HEIGHT="55" WIDTH="35" VPOS="1589" HPOS="1668"/>
<String CONTENT="Greene." HEIGHT="55" WIDTH="234" VPOS="1589" HPOS="1704"/>
<SP HEIGHT="54" WIDTH="73" VPOS="1590" HPOS="1939"/>
<String CONTENT="London," HEIGHT="67" WIDTH="259" VPOS="1590" HPOS="2013"/>
</TextLine>
<TextLine HEIGHT="70" WIDTH="1129" VPOS="1666" HPOS="285" STYLEREFS="StyleId-7FAA8240-7230-40A8-893A-868EEAFE9BDE-" CS="1">
<String LANG="en-US" CONTENT="Toronto," HEIGHT="68" WIDTH="270" VPOS="1666" HPOS="285"/>
<SP HEIGHT="68" WIDTH="23" VPOS="1666" HPOS="556"/>
<String LANG="en-US" CONTENT="W." HEIGHT="56" WIDTH="90" VPOS="1666" HPOS="580"/>
<SP HEIGHT="55" WIDTH="26" VPOS="1667" HPOS="671"/>
<String LANG="fr" CONTENT="Heinemann," HEIGHT="69" WIDTH="380" VPOS="1667" HPOS="698"/>
<SP HEIGHT="66" WIDTH="26" VPOS="1670" HPOS="1079"/>
<String LANG="en-US" CONTENT="ltd." HEIGHT="55" WIDTH="103" VPOS="1667" HPOS="1106"/>
<SP HEIGHT="35" WIDTH="30" VPOS="1700" HPOS="1210"/>
<String LANG="en-US" CS="1" CONTENT="[1935]" HEIGHT="65" WIDTH="152" VPOS="1670" HPOS="1262"/>
</TextLine>
<TextLine HEIGHT="49" WIDTH="524" VPOS="1739" HPOS="356" CS="1">
<String CONTENT="4" HEIGHT="39" WIDTH="28" VPOS="1739" HPOS="356"/>
<SP HEIGHT="49" WIDTH="22" VPOS="1739" HPOS="385"/>
<String CONTENT="p." HEIGHT="38" WIDTH="44" VPOS="1750" HPOS="408"/>
<SP/>
<String CS="1" CONTENT="l.,"/>
<SP/>
<String CONTENT="314" HEIGHT="41" WIDTH="86" VPOS="1739" HPOS="548"/>
<SP HEIGHT="48" WIDTH="25" VPOS="1740" HPOS="635"/>
<String CONTENT="p." HEIGHT="38" WIDTH="45" VPOS="1750" HPOS="661"/>
<SP HEIGHT="41" WIDTH="57" VPOS="1740" HPOS="707"/>
<String CONTENT="19cm." HEIGHT="44" WIDTH="115" VPOS="1740" HPOS="765"/>
</TextLine>
<TextLine HEIGHT="55" WIDTH="1991" VPOS="1793" HPOS="284" CS="1">
<String CONTENT="&#169;" HEIGHT="54" WIDTH="55" VPOS="1793" HPOS="284"/>
<SP/>
<String CS="1" CONTENT="1c."/>
<SP/>
<String CONTENT="Aug." HEIGHT="47" WIDTH="119" VPOS="1799" HPOS="453"/>
<SP HEIGHT="38" WIDTH="27" VPOS="1800" HPOS="573"/>
<String CONTENT="14," HEIGHT="46" WIDTH="68" VPOS="1799" HPOS="601"/>
<SP HEIGHT="46" WIDTH="26" VPOS="1799" HPOS="670"/>
<String CONTENT="1935;" HEIGHT="47" WIDTH="140" VPOS="1798" HPOS="697"/>
<SP HEIGHT="46" WIDTH="26" VPOS="1799" HPOS="838"/>
<!-- cceid 933242A6-6D82-1014-B070-FDFD250A9EDA --><String CONTENT="A" HEIGHT="38" WIDTH="41" VPOS="1799" HPOS="865"/>
<SP HEIGHT="39" WIDTH="22" VPOS="1799" HPOS="907"/>
<String CONTENT="ad" HEIGHT="39" WIDTH="63" VPOS="1799" HPOS="930"/>
<SP HEIGHT="40" WIDTH="22" VPOS="1798" HPOS="994"/>
<String CONTENT="int." HEIGHT="40" WIDTH="86" VPOS="1798" HPOS="1017"/>
<SP HEIGHT="39" WIDTH="25" VPOS="1798" HPOS="1104"/>
<String CONTENT="20485;" HEIGHT="47" WIDTH="171" VPOS="1797" HPOS="1130"/>
<SP HEIGHT="38" WIDTH="28" VPOS="1809" HPOS="1302"/>
<String CONTENT="pubd." HEIGHT="48" WIDTH="142" VPOS="1799" HPOS="1331"/>
<SP HEIGHT="39" WIDTH="28" VPOS="1799" HPOS="1474"/>
<String CONTENT="June" HEIGHT="40" WIDTH="127" VPOS="1799" HPOS="1503"/>
<SP HEIGHT="40" WIDTH="24" VPOS="1799" HPOS="1631"/>
<String CONTENT="24;" HEIGHT="47" WIDTH="83" VPOS="1799" HPOS="1656"/>
<SP HEIGHT="48" WIDTH="29" VPOS="1798" HPOS="1740"/>
<String CONTENT="G." HEIGHT="41" WIDTH="53" VPOS="1798" HPOS="1770"/>
<SP HEIGHT="40" WIDTH="25" VPOS="1799" HPOS="1824"/>
<String CONTENT="Greene," HEIGHT="49" WIDTH="196" VPOS="1799" HPOS="1850"/>
<SP HEIGHT="50" WIDTH="28" VPOS="1798" HPOS="2047"/>
<String CONTENT="Oxford," HEIGHT="49" WIDTH="199" VPOS="1798" HPOS="2076"/>
</TextLine>
<TextLine HEIGHT="48" WIDTH="584" VPOS="1855" HPOS="355">
<String CONTENT="England." HEIGHT="47" WIDTH="234" VPOS="1856" HPOS="355"/>
<SP HEIGHT="47" WIDTH="69" VPOS="1856" HPOS="590"/>
<String CONTENT="(35-15473)" HEIGHT="48" WIDTH="279" VPOS="1855" HPOS="660"/>
</TextLine>
<TextLine HEIGHT="66" WIDTH="1084" VPOS="1956" HPOS="285" STYLEREFS="StyleId-7FAA8240-7230-40A8-893A-868EEAFE9BDE-">
<String CONTENT="Hamilton," HEIGHT="66" WIDTH="323" VPOS="1956" HPOS="285"/>
<SP HEIGHT="63" WIDTH="28" VPOS="1959" HPOS="609"/>
<String CONTENT="Clayton" HEIGHT="62" WIDTH="247" VPOS="1958" HPOS="638"/>
<SP HEIGHT="52" WIDTH="26" VPOS="1958" HPOS="886"/>
<String CONTENT="Meeker," HEIGHT="66" WIDTH="255" VPOS="1956" HPOS="913"/>
<SP HEIGHT="58" WIDTH="29" VPOS="1964" HPOS="1169"/>
<String CONTENT="1881-" HEIGHT="50" WIDTH="170" VPOS="1963" HPOS="1199"/>
</TextLine>
<TextLine HEIGHT="71" WIDTH="1863" VPOS="2031" HPOS="347" STYLEREFS="StyleId-7FAA8240-7230-40A8-893A-868EEAFE9BDE-" CS="1">
<String CONTENT="&#8220;So" HEIGHT="56" WIDTH="112" VPOS="2031" HPOS="347"/>
<SP HEIGHT="52" WIDTH="45" VPOS="2050" HPOS="460"/>
<String CONTENT="you&#8217;re" HEIGHT="70" WIDTH="194" VPOS="2032" HPOS="506"/>
<SP HEIGHT="35" WIDTH="47" VPOS="2051" HPOS="701"/>
<String CONTENT="writing" HEIGHT="69" WIDTH="236" VPOS="2033" HPOS="749"/>
<SP HEIGHT="51" WIDTH="47" VPOS="2051" HPOS="986"/>
<String CONTENT="a" HEIGHT="33" WIDTH="31" VPOS="2052" HPOS="1034"/>
<SP HEIGHT="50" WIDTH="50" VPOS="2051" HPOS="1066"/>
<String CONTENT="play!&#8221;" HEIGHT="69" WIDTH="207" VPOS="2032" HPOS="1117"/>
<SP HEIGHT="53" WIDTH="84" VPOS="2032" HPOS="1325"/>
<String CONTENT="By" HEIGHT="68" WIDTH="91" VPOS="2034" HPOS="1410"/>
<SP HEIGHT="71" WIDTH="50" VPOS="2031" HPOS="1502"/>
<String CONTENT="Clayton" HEIGHT="70" WIDTH="246" VPOS="2031" HPOS="1553"/>
<SP HEIGHT="52" WIDTH="50" VPOS="2033" HPOS="1800"/>
<String CONTENT="Hamilton" HEIGHT="55" WIDTH="304" VPOS="2031" HPOS="1851"/>
<SP HEIGHT="34" WIDTH="54" VPOS="2051" HPOS="2156"/>
<String CS="1" CONTENT="&#8230;"/>
</TextLine>
<TextLine HEIGHT="71" WIDTH="1343" VPOS="2109" HPOS="277" STYLEREFS="StyleId-7FAA8240-7230-40A8-893A-868EEAFE9BDE-">
<String CONTENT="Boston," HEIGHT="69" WIDTH="232" VPOS="2109" HPOS="277"/>
<SP HEIGHT="68" WIDTH="22" VPOS="2110" HPOS="510"/>
<String CONTENT="Little," HEIGHT="68" WIDTH="194" VPOS="2110" HPOS="533"/>
<SP HEIGHT="67" WIDTH="25" VPOS="2111" HPOS="728"/>
<String CONTENT="Brown," HEIGHT="68" WIDTH="228" VPOS="2111" HPOS="754"/>
<SP HEIGHT="50" WIDTH="24" VPOS="2129" HPOS="983"/>
<String CONTENT="and" HEIGHT="53" WIDTH="112" VPOS="2111" HPOS="1008"/>
<SP HEIGHT="53" WIDTH="23" VPOS="2111" HPOS="1121"/>
<String CONTENT="company," HEIGHT="52" WIDTH="296" VPOS="2128" HPOS="1145"/>
<SP HEIGHT="64" WIDTH="27" VPOS="2114" HPOS="1442"/>
<String CONTENT="1935." HEIGHT="51" WIDTH="150" VPOS="2113" HPOS="1470"/>
</TextLine>
<TextLine HEIGHT="49" WIDTH="451" VPOS="2182" HPOS="354" STYLEREFS="StyleId-7FAA8240-7230-40A8-893A-868EEAFE9BDE-" CS="1">
<String CONTENT="xi," HEIGHT="48" WIDTH="65" VPOS="2182" HPOS="354"/>
<SP HEIGHT="47" WIDTH="25" VPOS="2183" HPOS="420"/>
<String CONTENT="260" HEIGHT="41" WIDTH="86" VPOS="2183" HPOS="446"/>
<SP HEIGHT="48" WIDTH="23" VPOS="2183" HPOS="533"/>
<String CONTENT="p." HEIGHT="38" WIDTH="44" VPOS="2193" HPOS="557"/>
<SP HEIGHT="40" WIDTH="57" VPOS="2184" HPOS="602"/>
<String CS="1" CONTENT="19&#189;cm." HEIGHT="41" WIDTH="116" VPOS="2183" HPOS="689"/>
</TextLine>
<TextLine HEIGHT="52" WIDTH="1989" VPOS="2238" HPOS="287" CS="1">
<String CONTENT="&#169;" HEIGHT="52" WIDTH="53" VPOS="2238" HPOS="287"/>
<SP HEIGHT="52" WIDTH="28" VPOS="2238" HPOS="341"/>
<String CONTENT="Sept." HEIGHT="47" WIDTH="127" VPOS="2242" HPOS="370"/>
<SP HEIGHT="40" WIDTH="25" VPOS="2241" HPOS="498"/>
<String CONTENT="9," HEIGHT="48" WIDTH="41" VPOS="2241" HPOS="524"/>
<SP HEIGHT="46" WIDTH="24" VPOS="2243" HPOS="566"/>
<String CS="1" CONTENT="1935;" HEIGHT="41" WIDTH="117" VPOS="2240" HPOS="591"/>
<SP HEIGHT="47" WIDTH="24" VPOS="2241" HPOS="733"/>
<String CONTENT="2c." HEIGHT="40" WIDTH="68" VPOS="2241" HPOS="758"/>
<SP HEIGHT="29" WIDTH="27" VPOS="2252" HPOS="827"/>
<String CONTENT="and" HEIGHT="38" WIDTH="94" VPOS="2243" HPOS="855"/>
<SP HEIGHT="38" WIDTH="28" VPOS="2243" HPOS="950"/>
<String CONTENT="aff." HEIGHT="41" WIDTH="81" VPOS="2241" HPOS="979"/>
<SP HEIGHT="40" WIDTH="30" VPOS="2242" HPOS="1061"/>
<String CONTENT="Sept." HEIGHT="47" WIDTH="128" VPOS="2242" HPOS="1092"/>
<SP HEIGHT="39" WIDTH="27" VPOS="2243" HPOS="1221"/>
<String CS="1" CONTENT="10;" HEIGHT="39" WIDTH="59" VPOS="2242" HPOS="1249"/>
<SP HEIGHT="46" WIDTH="28" VPOS="2242" HPOS="1332"/>
<!-- cceid 93329951-6D82-1014-B070-FDFD250A9EDA --><String CONTENT="A" HEIGHT="38" WIDTH="42" VPOS="2242" HPOS="1361"/>
<SP HEIGHT="39" WIDTH="24" VPOS="2242" HPOS="1404"/>
<String CS="1" CONTENT="86228;" HEIGHT="40" WIDTH="143" VPOS="2241" HPOS="1429"/>
<SP HEIGHT="47" WIDTH="29" VPOS="2241" HPOS="1600"/>
<String CONTENT="Clayton" HEIGHT="48" WIDTH="209" VPOS="2241" HPOS="1630"/>
<SP HEIGHT="38" WIDTH="23" VPOS="2242" HPOS="1840"/>
<String CONTENT="Hamilton," HEIGHT="49" WIDTH="268" VPOS="2240" HPOS="1864"/>
<SP HEIGHT="47" WIDTH="26" VPOS="2242" HPOS="2133"/>
<String CONTENT="New" HEIGHT="39" WIDTH="116" VPOS="2242" HPOS="2160"/>
</TextLine>
<TextLine HEIGHT="48" WIDTH="494" VPOS="2298" HPOS="355">
<String CONTENT="York." HEIGHT="39" WIDTH="144" VPOS="2299" HPOS="355"/>
<SP HEIGHT="48" WIDTH="68" VPOS="2298" HPOS="500"/>
<String CONTENT="(35-27294)" HEIGHT="48" WIDTH="280" VPOS="2298" HPOS="569"/>
</TextLine>
<TextLine HEIGHT="67" WIDTH="1065" VPOS="2398" HPOS="290" STYLEREFS="StyleId-7FAA8240-7230-40A8-893A-868EEAFE9BDE-">
<String CONTENT="Hankins," HEIGHT="67" WIDTH="290" VPOS="2398" HPOS="290"/>
<SP HEIGHT="64" WIDTH="26" VPOS="2401" HPOS="581"/>
<String CONTENT="Frank" HEIGHT="53" WIDTH="198" VPOS="2400" HPOS="608"/>
<SP HEIGHT="53" WIDTH="26" VPOS="2400" HPOS="807"/>
<String CONTENT="Hamilton," HEIGHT="65" WIDTH="322" VPOS="2400" HPOS="834"/>
<SP HEIGHT="59" WIDTH="26" VPOS="2406" HPOS="1157"/>
<String CONTENT="1877-" HEIGHT="54" WIDTH="171" VPOS="2402" HPOS="1184"/>
</TextLine>
<TextLine HEIGHT="150" WIDTH="1961" VPOS="2472" HPOS="287" STYLEREFS="StyleId-7FAA8240-7230-40A8-893A-868EEAFE9BDE-" CS="1">
<String CONTENT="An" HEIGHT="53" WIDTH="99" VPOS="2475" HPOS="354"/>
<SP HEIGHT="52" WIDTH="30" VPOS="2476" HPOS="454"/>
<String CONTENT="introduction" HEIGHT="53" WIDTH="387" VPOS="2476" HPOS="485"/>
<SP HEIGHT="48" WIDTH="30" VPOS="2480" HPOS="873"/>
<String CONTENT="to" HEIGHT="49" WIDTH="58" VPOS="2480" HPOS="904"/>
<SP HEIGHT="49" WIDTH="32" VPOS="2480" HPOS="963"/>
<String CONTENT="the" HEIGHT="53" WIDTH="97" VPOS="2476" HPOS="996"/>
<SP HEIGHT="35" WIDTH="30" VPOS="2494" HPOS="1094"/>
<String CONTENT="study" HEIGHT="68" WIDTH="171" VPOS="2476" HPOS="1125"/>
<SP HEIGHT="50" WIDTH="32" VPOS="2494" HPOS="1297"/>
<String CONTENT="of" HEIGHT="53" WIDTH="65" VPOS="2475" HPOS="1330"/>
<SP HEIGHT="54" WIDTH="31" VPOS="2475" HPOS="1396"/>
<String CONTENT="society;" HEIGHT="70" WIDTH="238" VPOS="2475" HPOS="1428"/>
<SP HEIGHT="48" WIDTH="35" VPOS="2494" HPOS="1667"/>
<String CONTENT="an" HEIGHT="35" WIDTH="73" VPOS="2494" HPOS="1703"/>
<SP HEIGHT="34" WIDTH="33" VPOS="2494" HPOS="1777"/>
<String CONTENT="outline" HEIGHT="55" WIDTH="215" VPOS="2474" HPOS="1811"/>
<SP HEIGHT="36" WIDTH="31" VPOS="2493" HPOS="2027"/>
<String CONTENT="of" HEIGHT="56" WIDTH="66" VPOS="2473" HPOS="2059"/>
<SP HEIGHT="69" WIDTH="28" VPOS="2473" HPOS="2126"/>
<String CONTENT="primary" HEIGHT="150" WIDTH="1961" VPOS="2472" HPOS="287"/>
</TextLine>
<TextLine HEIGHT="131" WIDTH="1962" VPOS="2551" HPOS="286" STYLEREFS="StyleId-7FAA8240-7230-40A8-893A-868EEAFE9BDE-" CS="1">
<String CONTENT="factors" HEIGHT="54" WIDTH="213" VPOS="2552" HPOS="480"/>
<SP HEIGHT="34" WIDTH="32" VPOS="2572" HPOS="694"/>
<String CONTENT="and" HEIGHT="52" WIDTH="112" VPOS="2554" HPOS="727"/>
<SP HEIGHT="54" WIDTH="33" VPOS="2552" HPOS="840"/>
<String CONTENT="fundamental" HEIGHT="54" WIDTH="398" VPOS="2552" HPOS="874"/>
<SP HEIGHT="52" WIDTH="30" VPOS="2554" HPOS="1273"/>
<String CONTENT="institutions," HEIGHT="70" WIDTH="373" VPOS="2551" HPOS="1304"/>
<SP HEIGHT="68" WIDTH="30" VPOS="2553" HPOS="1678"/>
<String CONTENT="by" HEIGHT="69" WIDTH="74" VPOS="2553" HPOS="1709"/>
<SP HEIGHT="69" WIDTH="32" VPOS="2553" HPOS="1784"/>
<String CONTENT="Frank" HEIGHT="53" WIDTH="197" VPOS="2553" HPOS="1817"/>
<SP HEIGHT="53" WIDTH="31" VPOS="2552" HPOS="2015"/>
<String CONTENT="Hamilton" HEIGHT="131" WIDTH="1962" VPOS="2551" HPOS="286"/>
</TextLine>
<TextLine HEIGHT="147" WIDTH="1961" VPOS="2629" HPOS="287" STYLEREFS="StyleId-7FAA8240-7230-40A8-893A-868EEAFE9BDE-" CS="1">
<String CONTENT="Hankins" HEIGHT="55" WIDTH="270" VPOS="2629" HPOS="421"/>
<SP HEIGHT="34" WIDTH="39" VPOS="2650" HPOS="692"/>
<String CS="1" CONTENT="&#8230;"/>
<SP HEIGHT="53" WIDTH="75" VPOS="2631" HPOS="791"/>
<String CONTENT="Rev." HEIGHT="53" WIDTH="137" VPOS="2631" HPOS="867"/>
<SP HEIGHT="35" WIDTH="36" VPOS="2649" HPOS="1005"/>
<String CONTENT="ed." HEIGHT="53" WIDTH="84" VPOS="2631" HPOS="1042"/>
<SP HEIGHT="54" WIDTH="71" VPOS="2630" HPOS="1127"/>
<String CONTENT="New" HEIGHT="54" WIDTH="139" VPOS="2630" HPOS="1199"/>
<SP HEIGHT="53" WIDTH="35" VPOS="2630" HPOS="1339"/>
<String CONTENT="York," HEIGHT="69" WIDTH="181" VPOS="2630" HPOS="1375"/>
<SP HEIGHT="68" WIDTH="37" VPOS="2631" HPOS="1557"/>
<String CONTENT="The" HEIGHT="53" WIDTH="121" VPOS="2631" HPOS="1595"/>
<SP HEIGHT="55" WIDTH="36" VPOS="2629" HPOS="1717"/>
<String CONTENT="Macmillan" HEIGHT="54" WIDTH="337" VPOS="2629" HPOS="1754"/>
<SP HEIGHT="36" WIDTH="32" VPOS="2647" HPOS="2092"/>
<String CONTENT="company," HEIGHT="130" WIDTH="1961" VPOS="2646" HPOS="287"/>
<SP HEIGHT="62" WIDTH="29" VPOS="2712" HPOS="459"/>
<String CONTENT="1935." HEIGHT="50" WIDTH="149" VPOS="2711" HPOS="489"/>
</TextLine>
<TextLine HEIGHT="50" WIDTH="1097" VPOS="2777" HPOS="357" CS="1">
<String CONTENT="xi," HEIGHT="47" WIDTH="64" VPOS="2780" HPOS="357"/>
<SP HEIGHT="48" WIDTH="21" VPOS="2779" HPOS="422"/>
<String CONTENT="808" HEIGHT="43" WIDTH="86" VPOS="2778" HPOS="444"/>
<SP HEIGHT="48" WIDTH="22" VPOS="2779" HPOS="531"/>
<String CONTENT="p." HEIGHT="38" WIDTH="43" VPOS="2789" HPOS="554"/>
<SP HEIGHT="40" WIDTH="52" VPOS="2779" HPOS="598"/>
<String CONTENT="illus." HEIGHT="40" WIDTH="127" VPOS="2779" HPOS="651"/>
<SP HEIGHT="48" WIDTH="26" VPOS="2779" HPOS="779"/>
<String CONTENT="(incl." HEIGHT="49" WIDTH="132" VPOS="2778" HPOS="806"/>
<SP HEIGHT="32" WIDTH="26" VPOS="2789" HPOS="939"/>
<String CONTENT="maps)" HEIGHT="47" WIDTH="160" VPOS="2780" HPOS="966"/>
<SP HEIGHT="47" WIDTH="33" VPOS="2780" HPOS="1127"/>
<String CONTENT="diagrs." HEIGHT="49" WIDTH="180" VPOS="2778" HPOS="1161"/>
<SP HEIGHT="43" WIDTH="56" VPOS="2777" HPOS="1342"/>
<String CS="1" CONTENT="22&#189;cm." HEIGHT="40" WIDTH="55" VPOS="2777" HPOS="1399"/>
</TextLine>
<TextLine HEIGHT="50" WIDTH="1915" VPOS="2834" HPOS="361">
<String CONTENT="&#8220;Suggested" HEIGHT="50" WIDTH="295" VPOS="2834" HPOS="361"/>
<SP HEIGHT="39" WIDTH="30" VPOS="2837" HPOS="657"/>
<String CONTENT="readings&#8221;" HEIGHT="48" WIDTH="253" VPOS="2835" HPOS="688"/>
<SP HEIGHT="40" WIDTH="31" VPOS="2836" HPOS="942"/>
<String CONTENT="and" HEIGHT="40" WIDTH="96" VPOS="2837" HPOS="974"/>
<SP HEIGHT="41" WIDTH="30" VPOS="2836" HPOS="1071"/>
<String CONTENT="&#8220;Additional" HEIGHT="40" WIDTH="311" VPOS="2836" HPOS="1102"/>
<SP HEIGHT="40" WIDTH="32" VPOS="2836" HPOS="1414"/>
<String CONTENT="selected" HEIGHT="41" WIDTH="207" VPOS="2836" HPOS="1447"/>
<SP HEIGHT="40" WIDTH="30" VPOS="2836" HPOS="1655"/>
<String CONTENT="references&#8221;" HEIGHT="42" WIDTH="299" VPOS="2834" HPOS="1686"/>
<SP HEIGHT="42" WIDTH="31" VPOS="2834" HPOS="1986"/>
<String CONTENT="at" HEIGHT="39" WIDTH="54" VPOS="2838" HPOS="2018"/>
<SP HEIGHT="39" WIDTH="27" VPOS="2838" HPOS="2073"/>
<String CONTENT="end" HEIGHT="40" WIDTH="92" VPOS="2837" HPOS="2101"/>
<SP HEIGHT="40" WIDTH="28" VPOS="2837" HPOS="2194"/>
<String CONTENT="of" HEIGHT="41" WIDTH="53" VPOS="2834" HPOS="2223"/>
</TextLine>
<TextLine HEIGHT="47" WIDTH="578" VPOS="2893" HPOS="290">
<String CONTENT="most" HEIGHT="38" WIDTH="124" VPOS="2895" HPOS="290"/>
<SP HEIGHT="38" WIDTH="26" VPOS="2895" HPOS="415"/>
<String CONTENT="of" HEIGHT="39" WIDTH="53" VPOS="2893" HPOS="442"/>
<SP HEIGHT="40" WIDTH="23" VPOS="2893" HPOS="496"/>
<String CONTENT="the" HEIGHT="41" WIDTH="83" VPOS="2894" HPOS="520"/>
<SP HEIGHT="31" WIDTH="24" VPOS="2904" HPOS="604"/>
<String CONTENT="chapters." HEIGHT="47" WIDTH="239" VPOS="2893" HPOS="629"/>
</TextLine>
<TextLine HEIGHT="52" WIDTH="1711" VPOS="2947" HPOS="289" CS="1">
<String CONTENT="&#169;" HEIGHT="52" WIDTH="53" VPOS="2947" HPOS="289"/>
<SP HEIGHT="52" WIDTH="29" VPOS="2947" HPOS="343"/>
<String CONTENT="Sept." HEIGHT="48" WIDTH="127" VPOS="2951" HPOS="373"/>
<SP HEIGHT="39" WIDTH="27" VPOS="2952" HPOS="501"/>
<String CONTENT="3," HEIGHT="46" WIDTH="42" VPOS="2952" HPOS="529"/>
<SP HEIGHT="46" WIDTH="26" VPOS="2952" HPOS="572"/>
<String CS="1" CONTENT="1935;" HEIGHT="41" WIDTH="117" VPOS="2950" HPOS="599"/>
<SP HEIGHT="48" WIDTH="29" VPOS="2950" HPOS="740"/>
<String CONTENT="2c." HEIGHT="41" WIDTH="68" VPOS="2950" HPOS="770"/>
<SP HEIGHT="30" WIDTH="28" VPOS="2961" HPOS="839"/>
<String CONTENT="and" HEIGHT="38" WIDTH="96" VPOS="2952" HPOS="868"/>
<SP HEIGHT="38" WIDTH="24" VPOS="2952" HPOS="965"/>
<String CONTENT="aff." HEIGHT="41" WIDTH="83" VPOS="2950" HPOS="990"/>
<SP HEIGHT="40" WIDTH="31" VPOS="2951" HPOS="1074"/>
<String CONTENT="Sept." HEIGHT="48" WIDTH="126" VPOS="2951" HPOS="1106"/>
<SP HEIGHT="39" WIDTH="27" VPOS="2952" HPOS="1233"/>
<String CONTENT="4;" HEIGHT="45" WIDTH="54" VPOS="2952" HPOS="1261"/>
<SP HEIGHT="45" WIDTH="29" VPOS="2952" HPOS="1316"/>
<!-- cceid 9332F602-6D82-1014-B070-FDFD250A9EDA --><String CONTENT="A" HEIGHT="38" WIDTH="43" VPOS="2952" HPOS="1346"/>
<SP HEIGHT="40" WIDTH="28" VPOS="2951" HPOS="1390"/>
<String CONTENT="86149;" HEIGHT="47" WIDTH="170" VPOS="2951" HPOS="1419"/>
<SP HEIGHT="47" WIDTH="32" VPOS="2951" HPOS="1590"/>
<String CONTENT="Macmillan" HEIGHT="40" WIDTH="279" VPOS="2951" HPOS="1623"/>
<SP HEIGHT="29" WIDTH="29" VPOS="2962" HPOS="1903"/>
<String CONTENT="co." HEIGHT="29" WIDTH="67" VPOS="2962" HPOS="1933"/>
</TextLine>
<TextLine HEIGHT="48" WIDTH="279" VPOS="3007" HPOS="367">
<String CONTENT="(35-15248)" HEIGHT="48" WIDTH="279" VPOS="3007" HPOS="367"/>
</TextLine>
<TextLine HEIGHT="65" WIDTH="411" VPOS="3108" HPOS="290" STYLEREFS="StyleId-D2707C18-D53F-4BA8-9CE2-6714A03BEBD2-">
<String CONTENT="Hart," HEIGHT="65" WIDTH="172" VPOS="3108" HPOS="290"/>
<SP HEIGHT="64" WIDTH="26" VPOS="3109" HPOS="463"/>
<String CONTENT="Johan." HEIGHT="57" WIDTH="211" VPOS="3109" HPOS="490"/>
</TextLine>
<TextLine HEIGHT="147" WIDTH="1983" VPOS="3182" HPOS="288" STYLEREFS="StyleId-7FAA8240-7230-40A8-893A-868EEAFE9BDE-" CS="1">
<String CONTENT="Picture" HEIGHT="54" WIDTH="231" VPOS="3184" HPOS="358"/>
<SP HEIGHT="48" WIDTH="33" VPOS="3190" HPOS="590"/>
<String CONTENT="tales" HEIGHT="53" WIDTH="141" VPOS="3185" HPOS="624"/>
<SP HEIGHT="55" WIDTH="33" VPOS="3183" HPOS="766"/>
<String CONTENT="from" HEIGHT="54" WIDTH="151" VPOS="3183" HPOS="800"/>
<SP HEIGHT="53" WIDTH="34" VPOS="3184" HPOS="952"/>
<String CONTENT="Holland," HEIGHT="68" WIDTH="274" VPOS="3182" HPOS="987"/>
<SP HEIGHT="66" WIDTH="36" VPOS="3184" HPOS="1262"/>
<String CONTENT="by" HEIGHT="68" WIDTH="74" VPOS="3184" HPOS="1299"/>
<SP HEIGHT="68" WIDTH="36" VPOS="3184" HPOS="1374"/>
<String CONTENT="Johan" HEIGHT="53" WIDTH="191" VPOS="3184" HPOS="1411"/>
<SP HEIGHT="51" WIDTH="34" VPOS="3186" HPOS="1603"/>
<String CONTENT="Hart;" HEIGHT="63" WIDTH="182" VPOS="3186" HPOS="1638"/>
<SP HEIGHT="48" WIDTH="39" VPOS="3201" HPOS="1821"/>
<String CONTENT="with" HEIGHT="54" WIDTH="138" VPOS="3183" HPOS="1861"/>
<SP HEIGHT="53" WIDTH="36" VPOS="3183" HPOS="2000"/>
<String CONTENT="twenty-three" HEIGHT="129" WIDTH="1983" VPOS="3186" HPOS="288"/>
<SP HEIGHT="52" WIDTH="26" VPOS="3262" HPOS="445"/>
<String CONTENT="illustrations" HEIGHT="54" WIDTH="380" VPOS="3261" HPOS="472"/>
<SP HEIGHT="54" WIDTH="27" VPOS="3260" HPOS="853"/>
<String CONTENT="in" HEIGHT="53" WIDTH="60" VPOS="3260" HPOS="881"/>
<SP HEIGHT="53" WIDTH="28" VPOS="3260" HPOS="942"/>
<String CONTENT="black-and-white" HEIGHT="55" WIDTH="502" VPOS="3260" HPOS="971"/>
<SP HEIGHT="55" WIDTH="30" VPOS="3260" HPOS="1474"/>
<String CONTENT="by" HEIGHT="69" WIDTH="73" VPOS="3260" HPOS="1505"/>
<SP HEIGHT="69" WIDTH="30" VPOS="3260" HPOS="1579"/>
<String CONTENT="Margaret" HEIGHT="69" WIDTH="295" VPOS="3260" HPOS="1610"/>
<SP HEIGHT="48" WIDTH="27" VPOS="3264" HPOS="1906"/>
<String CONTENT="and" HEIGHT="54" WIDTH="112" VPOS="3259" HPOS="1934"/>
<SP HEIGHT="53" WIDTH="31" VPOS="3259" HPOS="2047"/>
<String CONTENT="Frank" HEIGHT="54" WIDTH="192" VPOS="3258" HPOS="2079"/>
</TextLine>
<TextLine HEIGHT="70" WIDTH="1847" VPOS="3336" HPOS="289" STYLEREFS="StyleId-7FAA8240-7230-40A8-893A-868EEAFE9BDE-">
<String LANG="fr" CONTENT="Phares." HEIGHT="54" WIDTH="227" VPOS="3337" HPOS="289"/>
<SP HEIGHT="52" WIDTH="72" VPOS="3337" HPOS="517"/>
<String CONTENT="New" HEIGHT="54" WIDTH="138" VPOS="3337" HPOS="590"/>
<SP HEIGHT="53" WIDTH="33" VPOS="3337" HPOS="729"/>
<String CONTENT="York," HEIGHT="69" WIDTH="178" VPOS="3336" HPOS="763"/>
<SP HEIGHT="68" WIDTH="31" VPOS="3337" HPOS="942"/>
<String CONTENT="Frederick" HEIGHT="54" WIDTH="306" VPOS="3336" HPOS="974"/>
<SP HEIGHT="52" WIDTH="34" VPOS="3336" HPOS="1281"/>
<String CONTENT="A." HEIGHT="55" WIDTH="70" VPOS="3336" HPOS="1316"/>
<SP HEIGHT="55" WIDTH="35" VPOS="3336" HPOS="1387"/>
<String CONTENT="Stokes" HEIGHT="55" WIDTH="202" VPOS="3336" HPOS="1423"/>
<SP HEIGHT="34" WIDTH="32" VPOS="3355" HPOS="1626"/>
<String CONTENT="company," HEIGHT="52" WIDTH="292" VPOS="3354" HPOS="1659"/>
<SP HEIGHT="65" WIDTH="34" VPOS="3339" HPOS="1952"/>
<String CONTENT="1935." HEIGHT="49" WIDTH="149" VPOS="3339" HPOS="1987"/>
</TextLine>
<TextLine HEIGHT="49" WIDTH="1323" VPOS="3410" HPOS="357" CS="1">
<String CONTENT="viii" HEIGHT="40" WIDTH="87" VPOS="3411" HPOS="357"/>
<SP HEIGHT="47" WIDTH="22" VPOS="3412" HPOS="445"/>
<String LANG="fr" CONTENT="p.," HEIGHT="37" WIDTH="57" VPOS="3422" HPOS="468"/>
<SP HEIGHT="46" WIDTH="26" VPOS="3412" HPOS="526"/>
<String CONTENT="1" HEIGHT="38" WIDTH="24" VPOS="3412" HPOS="553"/>
<SP/>
<String CS="1" CONTENT="l.,"/>
<SP/>
<String CONTENT="117" HEIGHT="41" WIDTH="86" VPOS="3411" HPOS="674"/>
<SP HEIGHT="47" WIDTH="22" VPOS="3412" HPOS="761"/>
<String CONTENT="p." HEIGHT="37" WIDTH="43" VPOS="3422" HPOS="784"/>
<SP HEIGHT="40" WIDTH="25" VPOS="3411" HPOS="828"/>
<String CONTENT="incl." HEIGHT="40" WIDTH="106" VPOS="3411" HPOS="854"/>
<SP HEIGHT="40" WIDTH="29" VPOS="3410" HPOS="961"/>
<String CONTENT="illus.," HEIGHT="43" WIDTH="141" VPOS="3410" HPOS="991"/>
<SP HEIGHT="38" WIDTH="26" VPOS="3421" HPOS="1133"/>
<String CONTENT="plates." HEIGHT="48" WIDTH="170" VPOS="3411" HPOS="1160"/>
<SP HEIGHT="40" WIDTH="53" VPOS="3411" HPOS="1331"/>
<String CS="1" CONTENT="13&#189;&#215;18&#189;cm." HEIGHT="40" WIDTH="295" VPOS="3411" HPOS="1385"/>
</TextLine>
<TextLine HEIGHT="52" WIDTH="1982" VPOS="3463" HPOS="289" CS="1">
<String CONTENT="&#169;" HEIGHT="52" WIDTH="53" VPOS="3463" HPOS="289"/>
<SP HEIGHT="52" WIDTH="38" VPOS="3463" HPOS="343"/>
<String CONTENT="Sept." HEIGHT="47" WIDTH="125" VPOS="3468" HPOS="382"/>
<SP HEIGHT="39" WIDTH="34" VPOS="3469" HPOS="508"/>
<String CONTENT="12," HEIGHT="47" WIDTH="69" VPOS="3468" HPOS="543"/>
<SP HEIGHT="46" WIDTH="35" VPOS="3469" HPOS="613"/>
<String CONTENT="1935;" HEIGHT="48" WIDTH="140" VPOS="3466" HPOS="649"/>
<SP HEIGHT="46" WIDTH="37" VPOS="3468" HPOS="790"/>
<String CONTENT="2c." HEIGHT="39" WIDTH="66" VPOS="3468" HPOS="828"/>
<SP HEIGHT="39" WIDTH="41" VPOS="3468" HPOS="895"/>
<String CONTENT="Sept." HEIGHT="47" WIDTH="125" VPOS="3468" HPOS="937"/>
<SP HEIGHT="37" WIDTH="37" VPOS="3468" HPOS="1063"/>
<String CS="1" CONTENT="16;" HEIGHT="39" WIDTH="54" VPOS="3467" HPOS="1101"/>
<SP HEIGHT="36" WIDTH="40" VPOS="3477" HPOS="1183"/>
<String CONTENT="aff." HEIGHT="40" WIDTH="81" VPOS="3467" HPOS="1224"/>
<SP HEIGHT="40" WIDTH="39" VPOS="3467" HPOS="1306"/>
<String CONTENT="Sept." HEIGHT="48" WIDTH="124" VPOS="3467" HPOS="1346"/>
<SP HEIGHT="38" WIDTH="39" VPOS="3469" HPOS="1471"/>
<String CONTENT="14;" HEIGHT="44" WIDTH="81" VPOS="3469" HPOS="1511"/>
<SP HEIGHT="46" WIDTH="39" VPOS="3467" HPOS="1593"/>
<!-- cceid 93335087-6D82-1014-B070-FDFD250A9EDA --><String CONTENT="A" HEIGHT="38" WIDTH="40" VPOS="3467" HPOS="1633"/>
<SP HEIGHT="40" WIDTH="37" VPOS="3467" HPOS="1674"/>
<String CONTENT="86311;" HEIGHT="47" WIDTH="168" VPOS="3467" HPOS="1712"/>
<SP HEIGHT="46" WIDTH="40" VPOS="3468" HPOS="1881"/>
<String CONTENT="Frederick" HEIGHT="39" WIDTH="259" VPOS="3466" HPOS="1922"/>
<SP HEIGHT="39" WIDTH="36" VPOS="3466" HPOS="2182"/>
<String CONTENT="A." HEIGHT="39" WIDTH="52" VPOS="3466" HPOS="2219"/>
</TextLine>
<TextLine HEIGHT="48" WIDTH="612" VPOS="3523" HPOS="363">
<String CONTENT="Stokes" HEIGHT="40" WIDTH="169" VPOS="3524" HPOS="363"/>
<SP HEIGHT="29" WIDTH="26" VPOS="3534" HPOS="533"/>
<String CONTENT="co." HEIGHT="30" WIDTH="66" VPOS="3534" HPOS="560"/>
<SP HEIGHT="47" WIDTH="69" VPOS="3524" HPOS="627"/>
<String CONTENT="(35-27312)" HEIGHT="48" WIDTH="278" VPOS="3523" HPOS="697"/>
</TextLine>
<TextLine HEIGHT="68" WIDTH="758" VPOS="3625" HPOS="295" STYLEREFS="StyleId-D2707C18-D53F-4BA8-9CE2-6714A03BEBD2-">
<String CONTENT="[Hawton," HEIGHT="66" WIDTH="290" VPOS="3625" HPOS="295"/>
<SP HEIGHT="61" WIDTH="25" VPOS="3627" HPOS="586"/>
<String CONTENT="Hector]" HEIGHT="66" WIDTH="238" VPOS="3627" HPOS="612"/>
<SP HEIGHT="61" WIDTH="32" VPOS="3632" HPOS="851"/>
<String CONTENT="1901-" HEIGHT="49" WIDTH="169" VPOS="3631" HPOS="884"/>
</TextLine>
<TextLine HEIGHT="71" WIDTH="1850" VPOS="3697" HPOS="359" STYLEREFS="StyleId-7FAA8240-7230-40A8-893A-868EEAFE9BDE-" CS="1">
<String CONTENT="The" HEIGHT="52" WIDTH="120" VPOS="3700" HPOS="359"/>
<SP HEIGHT="34" WIDTH="39" VPOS="3718" HPOS="480"/>
<String CONTENT="virgin" HEIGHT="69" WIDTH="191" VPOS="3699" HPOS="520"/>
<SP HEIGHT="34" WIDTH="42" VPOS="3719" HPOS="712"/>
<String CONTENT="of" HEIGHT="53" WIDTH="63" VPOS="3700" HPOS="755"/>
<SP HEIGHT="54" WIDTH="38" VPOS="3700" HPOS="819"/>
<String CONTENT="the" HEIGHT="53" WIDTH="94" VPOS="3701" HPOS="858"/>
<SP HEIGHT="54" WIDTH="42" VPOS="3700" HPOS="953"/>
<String CONTENT="forest," HEIGHT="68" WIDTH="194" VPOS="3700" HPOS="996"/>
<SP HEIGHT="68" WIDTH="41" VPOS="3700" HPOS="1191"/>
<String CONTENT="by" HEIGHT="68" WIDTH="73" VPOS="3700" HPOS="1233"/>
<SP HEIGHT="68" WIDTH="38" VPOS="3700" HPOS="1307"/>
<String LANG="fi" CONTENT="Virginia" HEIGHT="67" WIDTH="268" VPOS="3700" HPOS="1346"/>
<SP HEIGHT="56" WIDTH="42" VPOS="3697" HPOS="1615"/>
<String CONTENT="Curzon" HEIGHT="56" WIDTH="219" VPOS="3697" HPOS="1658"/>
<SP HEIGHT="49" WIDTH="50" VPOS="3717" HPOS="1878"/>
<String CS="1" CONTENT="[pseud.]" HEIGHT="67" WIDTH="211" VPOS="3700" HPOS="1948"/>
<SP HEIGHT="35" WIDTH="49" VPOS="3730" HPOS="2160"/>
<String CS="1" CONTENT="&#8230;"/>
</TextLine>
<TextLine HEIGHT="68" WIDTH="1435" VPOS="3776" HPOS="290" STYLEREFS="StyleId-7FAA8240-7230-40A8-893A-868EEAFE9BDE-" CS="1">
<String CONTENT="London" HEIGHT="53" WIDTH="237" VPOS="3776" HPOS="290"/>
<SP HEIGHT="48" WIDTH="35" VPOS="3795" HPOS="528"/>
<String CS="1" CONTENT="[etc.]"/>
<SP HEIGHT="67" WIDTH="37" VPOS="3776" HPOS="702"/>
<String LANG="fr" CONTENT="G." HEIGHT="54" WIDTH="69" VPOS="3776" HPOS="740"/>
<SP HEIGHT="54" WIDTH="32" VPOS="3776" HPOS="810"/>
<String CONTENT="G." HEIGHT="54" WIDTH="67" VPOS="3776" HPOS="843"/>
<SP HEIGHT="53" WIDTH="29" VPOS="3777" HPOS="911"/>
<String CONTENT="Harrap" HEIGHT="67" WIDTH="233" VPOS="3777" HPOS="941"/>
<SP HEIGHT="66" WIDTH="31" VPOS="3778" HPOS="1175"/>
<String CONTENT="&amp;" HEIGHT="50" WIDTH="46" VPOS="3778" HPOS="1207"/>
<SP HEIGHT="50" WIDTH="29" VPOS="3778" HPOS="1254"/>
<String CONTENT="co.," HEIGHT="45" WIDTH="96" VPOS="3796" HPOS="1284"/>
<SP HEIGHT="64" WIDTH="30" VPOS="3777" HPOS="1381"/>
<String CONTENT="ltd." HEIGHT="54" WIDTH="103" VPOS="3776" HPOS="1412"/>
<SP HEIGHT="34" WIDTH="37" VPOS="3810" HPOS="1516"/>
<String CS="1" CONTENT="[1935]" HEIGHT="65" WIDTH="151" VPOS="3778" HPOS="1574"/>
</TextLine>
<TextLine HEIGHT="51" WIDTH="681" VPOS="3845" HPOS="357" CS="1">
<String LANG="en-US" CONTENT="2" HEIGHT="40" WIDTH="28" VPOS="3845" HPOS="357"/>
<SP/>
<String LANG="fr" CONTENT="p." HEIGHT="39" WIDTH="44" VPOS="3855" HPOS="408"/>
<SP/>
<String LANG="fr" CS="1" CONTENT="l.,"/>
<SP/>
<String LANG="en-US" CONTENT="7-283," HEIGHT="47" WIDTH="157" VPOS="3847" HPOS="549"/>
<SP HEIGHT="29" WIDTH="29" VPOS="3867" HPOS="707"/>
<String LANG="en-US" CONTENT="[1]" HEIGHT="50" WIDTH="55" VPOS="3846" HPOS="737"/>
<SP HEIGHT="39" WIDTH="28" VPOS="3857" HPOS="793"/>
<String LANG="en-US" CONTENT="p." HEIGHT="37" WIDTH="43" VPOS="3857" HPOS="822"/>
<SP HEIGHT="41" WIDTH="57" VPOS="3846" HPOS="866"/>
<String LANG="en-US" CONTENT="19cm." HEIGHT="42" WIDTH="114" VPOS="3846" HPOS="924"/>
</TextLine>
<TextLine HEIGHT="52" WIDTH="1977" VPOS="3901" HPOS="291" CS="1">
<String CONTENT="&#169;" HEIGHT="52" WIDTH="53" VPOS="3901" HPOS="291"/>
<SP/>
<String CS="1" CONTENT="1c."/>
<SP/>
<String CONTENT="Sept." HEIGHT="46" WIDTH="127" VPOS="3906" HPOS="483"/>
<SP HEIGHT="38" WIDTH="33" VPOS="3907" HPOS="611"/>
<String CONTENT="7," HEIGHT="45" WIDTH="40" VPOS="3907" HPOS="645"/>
<SP HEIGHT="45" WIDTH="33" VPOS="3907" HPOS="686"/>
<String CONTENT="1935;" HEIGHT="46" WIDTH="138" VPOS="3905" HPOS="720"/>
<SP HEIGHT="45" WIDTH="35" VPOS="3906" HPOS="859"/>
<!-- cceid 9333B3E5-6D82-1014-B070-FDFD250A9EDA --><String CONTENT="A" HEIGHT="38" WIDTH="43" VPOS="3906" HPOS="895"/>
<SP HEIGHT="38" WIDTH="30" VPOS="3906" HPOS="939"/>
<String CONTENT="ad" HEIGHT="38" WIDTH="61" VPOS="3907" HPOS="970"/>
<SP HEIGHT="40" WIDTH="33" VPOS="3905" HPOS="1032"/>
<String CONTENT="int." HEIGHT="40" WIDTH="85" VPOS="3905" HPOS="1066"/>
<SP HEIGHT="40" WIDTH="33" VPOS="3905" HPOS="1152"/>
<String CONTENT="20548;" HEIGHT="46" WIDTH="169" VPOS="3905" HPOS="1186"/>
<SP HEIGHT="37" WIDTH="37" VPOS="3915" HPOS="1356"/>
<String CONTENT="pubd." HEIGHT="46" WIDTH="142" VPOS="3906" HPOS="1394"/>
<SP HEIGHT="39" WIDTH="34" VPOS="3905" HPOS="1537"/>
<String CONTENT="July" HEIGHT="47" WIDTH="115" VPOS="3905" HPOS="1572"/>
<SP HEIGHT="46" WIDTH="35" VPOS="3906" HPOS="1688"/>
<String CONTENT="12;" HEIGHT="46" WIDTH="80" VPOS="3904" HPOS="1724"/>
<SP HEIGHT="45" WIDTH="38" VPOS="3905" HPOS="1805"/>
<String CONTENT="H." HEIGHT="38" WIDTH="61" VPOS="3905" HPOS="1844"/>
<SP HEIGHT="38" WIDTH="34" VPOS="3905" HPOS="1906"/>
<String CONTENT="Hawton," HEIGHT="46" WIDTH="224" VPOS="3905" HPOS="1941"/>
<SP HEIGHT="48" WIDTH="36" VPOS="3903" HPOS="2166"/>
<String CONTENT="St." HEIGHT="40" WIDTH="65" VPOS="3903" HPOS="2203"/>
</TextLine>
<TextLine HEIGHT="50" WIDTH="1607" VPOS="3959" HPOS="357">
<String CONTENT="Mary" HEIGHT="46" WIDTH="140" VPOS="3963" HPOS="357"/>
<SP HEIGHT="47" WIDTH="28" VPOS="3962" HPOS="498"/>
<String CONTENT="Bourne," HEIGHT="47" WIDTH="205" VPOS="3962" HPOS="527"/>
<SP HEIGHT="36" WIDTH="28" VPOS="3973" HPOS="733"/>
<String CONTENT="near" HEIGHT="28" WIDTH="117" VPOS="3972" HPOS="762"/>
<SP HEIGHT="38" WIDTH="28" VPOS="3962" HPOS="880"/>
<String CONTENT="Andover," HEIGHT="45" WIDTH="236" VPOS="3962" HPOS="909"/>
<SP HEIGHT="46" WIDTH="31" VPOS="3961" HPOS="1146"/>
<String CONTENT="Hants," HEIGHT="47" WIDTH="175" VPOS="3961" HPOS="1178"/>
<SP HEIGHT="47" WIDTH="27" VPOS="3961" HPOS="1354"/>
<String CONTENT="England." HEIGHT="47" WIDTH="234" VPOS="3961" HPOS="1382"/>
<SP HEIGHT="47" WIDTH="68" VPOS="3960" HPOS="1617"/>
<String CONTENT="(35-15732)" HEIGHT="48" WIDTH="278" VPOS="3959" HPOS="1686"/>
</TextLine>
</TextBlock>
</PrintSpace>
</Page>
</Layout>
</alto>