2424 4375
1264 4044 99 54 758

389 501 186 39 “Texas
605 499 304 48 supplement
936 499 78 41 for
1048 499 159 41 Civics
1238 501 95 39 and
1365 499 300 48 citizenship,
1697 500 61 48 by
1789 500 168 47 Henry
1986 500 152 42 Noble
317 501 1973 101 Sherwood,

495 555 51 40 in
573 554 350 41 collaboration
951 554 120 41 with
1100 555 165 40 James
1294 556 54 39 B.
1377 554 265 42 Hubbard”
1681 556 15 49 (1
1795 588 8 16 l.,
1832 556 57 41 27
1916 567 43 37 p.
1988 557 52 39 at
2067 557 117 47 end)
2221 558 87 39 has

316 612 182 49 special
527 615 97 45 t.-p.

315 678 52 53 ©
399 683 114 47 May
544 682 68 50 10,
646 681 113 41 1935;
819 680 67 41 2c.
920 682 115 47 May
1069 682 53 39 15;
1186 681 81 40 aff.
1302 683 117 47 May
1447 682 59 41 16:;
1563 683 41 39 A
1634 683 171 47 81831;
1840 683 366 41 Bohbs-Merrill
2240 695 67 30 co.

389 739 282 50 [Copyright
698 740 41 39 is
766 739 204 40 claimed
1000 750 60 29 on
1088 740 162 39 Texas
1275 740 320 49 supplement]
1670 740 252 49 (35-8163)

314 840 300 65 Spalding,
643 841 195 54 Phebe
870 841 237 65 Estelle,
1140 847 171 50 1859-

442 917 1863 70 … Santa Barbara, by Phebe Estelle Spalding. [Claremont,
314 993 194 70 Calif.,
533 995 122 53 The
681 993 287 56 Saunders
994 996 189 53 studio
1212 1014 174 50 press,
1415 998 174 65 c1934]

385 1068 84 49 [17]
515 1079 43 37 p.
619 1067 128 40 illus.
807 1068 115 41 19cm.
993 1068 206 49 (Patron
1245 1068 156 41 saints
1448 1068 53 41 of
1545 1068 286 42 California.
1911 1069 182 50 [Virgin
2142 1070 162 41 series,

309 1134 75 31 no.
443 1126 37 48 1])

318 1192 52 53 ©
405 1197 112 40 Dec.
553 1196 71 48 29,
660 1196 141 47 1934;
840 1196 66 41 2c.
942 1197 96 39 and
1073 1196 82 40 aff.
1193 1197 109 40 Jan.
1337 1198 41 46 4,
1414 1197 140 47 1935;
1592 1198 41 39 A
1669 1198 171 47 78848;
1879 1200 50 39 P.
1972 1200 51 39 E.
2065 1199 243 49 Spalding,

387 1254 292 48 Claremont,
707 1253 144 42 Calif.
920 1253 251 50 (35-8206)

316 1357 272 66 Stanton,
617 1358 154 54 John
801 1357 227 65 Milton,
1060 1358 170 55 1874-

387 1434 172 55 Stiles
590 1437 341 65 genealogy;
966 1436 132 52 Dan
1132 1435 172 55 Stiles
1338 1435 63 53 of
1436 1436 332 65 Shoreham,
1800 1437 293 65 Vermont,

315 1442 1992 137 great-great-great
703 1513 288 65 grandson
1033 1513 63 53 of
1135 1513 217 53 Robert
1390 1512 171 56 Stiles
1602 1514 126 53 who
1767 1514 154 53 lived
1957 1515 61 52 in
2056 1515 252 66 Rowley,

317 1589 1990 66 Mass., in 1659, by John M. Stanton … Rutland, Vt., The
315 1667 196 51 Tuttle
541 1683 296 49 company,
868 1668 152 51 1933.

386 1737 780 51 3 p. l., [5]-30 p. port. 23cm.
388 1794 158 40 Blank
572 1805 147 38 pages
745 1795 79 41 for
852 1795 218 48 “Family
1096 1793 166 42 notes”
1300 1793 191 50 (28-30)

317 1862 52 53 ©
395 1866 103 40 Oct.
523 1865 68 48 27,
620 1865 141 48 1933;
793 1864 65 42 2c.
886 1865 97 40 and
1010 1864 82 41 aff.
1119 1865 127 40 June
1272 1865 39 47 1,
1338 1864 141 48 1935;
1508 1865 41 39 A
1576 1865 170 48 83427;
1775 1866 164 40 Tuttle
1969 1877 67 30 co.

399 1923 250 48 (35-8176)

318 2025 341 66 Stoneham,
691 2025 244 56 Charles
961 2025 278 65 Thurley,
1271 2031 170 49 1895-

388 2105 120 52 The
542 2104 228 53 hareem
801 2102 66 54 of
898 2102 199 69 Shayk
1128 2102 183 67 Azan,
1344 2103 76 67 by
1456 2101 62 56 C.
1554 2103 66 53 T.
1655 2101 326 56 Stoneham.
2056 2103 257 66 London,

318 2183 365 53 Hutchinson
714 2183 46 51 &
790 2199 98 49 co.,
915 2181 105 53 ltd.
1057 2183 172 65 [1935]

384 2255 87 41 288
498 2266 45 37 p.
602 2253 114 41 19cm.

322 2321 1987 53 © 1c. May 22, 1935; A ad int. 20248; pubd. Apr. 4; C . T. Stoneham,
388 2383 259 45 Horsham,
679 2381 192 47 Sussex,
899 2380 234 47 England.
1208 2378 250 48 (35-8415)

319 2484 302 65 Strickler,
652 2485 204 53 Helen.

389 2561 236 56 Charles
669 2560 264 53 Dickens’
978 2561 54 51 A
1077 2562 114 51 tale
1236 2559 62 54 of
1340 2564 113 49 two
1498 2559 174 65 cities,
1717 2577 71 35 an
1835 2559 355 67 adaptation,
2234 2559 74 67 by

322 2637 180 53 Helen
535 2638 293 55 Strickler.
893 2638 108 53 Los
1035 2637 244 66 Angelos
1333 2641 172 61 [c1935]

387 2709 609 50 4 p. l., 11-104 p. 22cm.
320 2776 52 53 ©
397 2780 128 40 June
546 2779 40 48 1,
609 2779 112 40 1935;
776 2779 66 40 2c.
865 2780 94 39 and
983 2778 82 40 aff.
1090 2779 126 39 June
1243 2778 55 39 11;
1351 2778 41 39 A
1416 2778 143 40 83547;
1612 2779 60 39 H.
1700 2777 247 48 Strickler,
1972 2778 96 41 Los
2088 2779 219 45 Angeles.

400 2836 249 49 (35-8186)

320 2939 398 62 Superheater
749 2955 303 47 company.

390 3013 318 68 Superheat
742 3014 368 68 engineering
1143 3014 161 65 data;
1341 3032 30 33 a
1406 3012 305 53 handbook
1744 3031 72 34 on
1849 3012 96 53 the
1979 3011 330 70 generation

319 3092 112 51 and
472 3110 94 33 use
605 3090 66 53 of
708 3091 371 67 superheated
1120 3095 174 48 steam
1336 3091 113 52 and
1490 3090 216 53 related
1746 3088 259 69 subjects.
2082 3089 98 53 7th
2220 3088 83 53 ed.

322 3186 129 48 rev.,
495 3169 95 51 5th
637 3168 260 68 printing
942 3168 135 51 with
1126 3168 219 51 revised
1391 3172 176 48 steam
1614 3167 179 53 tables
1840 3168 112 51 and
1999 3166 306 52 American

321 3242 1731 71 steel flange standards … New York, Chicago, The
319 3243 1963 131 Superheater
535 3339 279 50 company
868 3324 149 64 [1935]

388 3392 66 45 iii,
483 3394 86 40 254
597 3393 52 48 (i.
680 3406 37 29 e.
747 3393 108 47 290)
890 3404 44 37 p.
964 3394 108 43 incl.
1101 3394 142 47 illus.,
1271 3393 168 40 tables,
1500 3392 178 49 diagrs.
1707 3392 134 49 (part
1870 3393 140 47 fold.)
2079 3392 55 40 17½cm.

390 3448 134 41 With
552 3452 138 38 extra
718 3450 258 40 numbered
1005 3460 145 37 pages
1178 3450 227 39 inserted.

392 3504 313 49 Advertising
734 3508 202 38 matter:
969 3516 43 37 p.
1043 3504 215 42 248-254.

325 3572 52 53 ©
403 3577 109 40 Feb.
539 3578 39 45 1,
605 3576 117 42 1935;
772 3577 67 41 2c.
867 3578 95 40 and
989 3576 81 41 aff.
1102 3579 114 46 May
1243 3577 58 40 16;
1353 3577 41 39 A
1419 3577 143 40 81867;
1622 3578 324 48 Superheater
1971 3588 65 30 co.

401 3633 249 49 (35-8197)

323 3735 224 66 Teufel,
575 3736 290 56 Wilhelm.

390 3813 229 55 Helden
650 3814 99 51 der
779 3814 409 52 hammerstadt;
1252 3814 90 52 ein
1373 3813 206 68 kampf
1608 3831 97 33 um
1736 3813 235 52 freiheit
1996 3815 118 51 und

322 3813 1960 136 glauben,
482 3891 309 67 erzählung
825 3909 108 33 von
967 3891 272 54 Wilhelm
1275 3890 219 54 Teufel.
1570 3890 308 66 Stuttgart,
1915 3891 388 65 Quell-verlag

328 3970 170 63 [1931]
