2424 4375
1019 4042 98 52 873

86 420 305 54 American
418 420 111 52 law
556 420 234 62 reports
816 418 340 52 annotated.

85 493 1979 226 Cumulative index … v. 94-96, combining cases and annotations. Rochester, N. Y., The Lawyers co-operative publishing company; Northport, L. I., N. Y., Edward Thompson
82 746 296 51 company;
419 729 114 54 San
567 728 320 66 Francisco,
924 727 193 66 Calif.,
1152 726 582 68 Bancroft-Whitney
1768 744 297 50 company,

86 811 141 49 1935.

149 880 82 39 265
259 890 42 37 p.
357 878 54 39 24½
444 880 44 21 cm
493 910 8 8 .

153 937 70 40 On
245 946 163 29 cover:
434 935 295 47 Temporary
751 933 297 41 cumulative
1072 933 325 48 index-digest
1420 933 54 41 of
1496 933 53 39 A.
1577 931 50 41 L.
1655 933 53 38 R.
1762 934 117 38 vols.
1906 930 156 42 94-96.

87 990 49 52 ©
163 994 124 39 June
312 993 67 45 17,
408 990 112 41 1935;
579 990 66 41 2c.
676 992 127 39 June
830 991 54 39 25;
943 990 82 40 aff.
1058 991 128 39 June
1215 990 82 46 24;
1330 990 41 39 A
1400 990 141 40 85115;
1601 990 228 47 Lawyers
151 998 1895 91 co-operative
305 1049 106 48 pub.
440 1059 65 29 co.
535 1050 96 38 and
659 1047 484 48 Bancroft-Whitney
1171 1058 66 29 co.

83 1135 1902 70 American law reports annotated. Editors in chief, George H.
149 1216 255 51 Parmele
428 1216 111 51 and
563 1218 78 51 M.
670 1216 165 53 Blair
855 1215 241 66 Wailes;
1126 1216 324 66 consulting
1474 1214 201 67 editor,
1698 1214 260 55 William
1983 1216 79 51 M.

146 1292 350 69 McKinney;
527 1295 312 66 managing
867 1292 228 67 editors,
1126 1293 235 54 Charles
1390 1291 339 55 Porterfield
1784 1293 129 66 [and]
153 1292 1887 131 Edwin
295 1372 201 66 Stacey
527 1371 203 65 Oakes,
760 1372 234 51 assisted
1025 1372 78 66 by
1128 1371 97 53 the
1253 1371 417 67 exceptionally
1696 1371 367 67 experienced

147 1447 260 54 editorial
437 1449 420 67 organizations
888 1448 66 54 of
981 1450 97 52 the
1106 1448 319 67 publishers.
1509 1470 49 32 v.
1592 1451 81 51 96.
1741 1449 323 64 Rochester,

150 1528 65 51 N.
276 1528 88 65 Y.,
423 1528 121 51 The
600 1529 266 64 Lawyers
924 1527 382 67 co-operative
1364 1526 335 68 publishing
1754 1544 307 51 company;

150 1606 333 65 Northport,
517 1607 62 49 L.
616 1606 67 64 I.,
718 1606 67 51 N.
824 1606 89 65 Y.,
948 1605 253 51 Edward
1237 1606 328 66 Thompson
1601 1623 306 49 company;
1948 1606 116 53 San

148 1681 315 67 Francisco,
500 1681 194 67 Calif.,
728 1681 581 68 Bancroft-Whitney
1344 1699 296 51 company,
1678 1686 146 50 1935.

149 1755 96 46 viii,
272 1755 115 39 1616
411 1765 41 37 p.
507 1755 55 39 25½
595 1757 46 21 cm
645 1787 8 7 .

84 1808 49 52 ©
161 1812 124 39 June
310 1812 68 45 17,
409 1811 139 46 1935;
582 1812 67 39 2c.
679 1812 128 39 June
832 1811 80 46 25;
946 1809 83 41 aff.
1060 1811 129 39 June
1215 1811 82 47 24;
1327 1812 42 38 A
1398 1811 168 47 85116;
1601 1811 228 48 Lawyers
149 1821 1899 88 co-operative
301 1869 107 47 pub.
436 1879 67 29 co.
532 1869 95 39 and
652 1867 485 48 Bancroft-Whitney
1164 1878 66 30 co.

81 1957 174 54 Bible.
327 1958 260 66 English.
663 1956 324 55 Selections.
1062 1963 155 49 1934.

149 2036 119 52 The
302 2035 253 53 rainbow
591 2035 194 67 Bible;
825 2031 236 72 pilgrim
1096 2035 169 68 paths
1300 2040 62 48 to
1397 2035 96 54 the
1528 2035 137 54 land
1702 2035 65 54 of
1804 2037 263 67 promise,

84 2113 162 68 being
271 2113 271 68 promises
566 2113 247 53 fulfilled
840 2114 58 52 in
924 2114 99 53 the
1044 2111 255 70 inspired
1327 2115 157 51 word
1511 2113 65 54 of
1600 2114 95 53 the
1726 2113 341 69 Scriptures,

83 2190 1980 70 compiled by Lolo Elizabeth Kilfoil … San Francisco, J.
83 2268 218 54 Howell
358 2272 150 64 [1934]

148 2342 78 45 vii,
253 2343 82 39 131
363 2353 41 37 p.
466 2343 54 39 16½
553 2344 15 21 cm
600 2373 8 9 .

87 2394 49 52 ©
162 2399 98 40 Oct.
286 2399 68 46 26,
382 2398 140 48 1934;
553 2398 67 41 2c.
648 2399 114 47 Apr.
789 2399 70 47 11,
884 2397 142 48 1935;
1059 2399 82 39 aff.
1171 2400 112 47 Apr.
1314 2399 53 40 13;
1426 2400 42 38 A
1499 2398 169 48 81406;
1702 2399 132 40 John
1860 2400 202 41 Howell.

158 2455 244 47 (35-9197)

85 2545 298 64 Blumann,
410 2546 359 63 Sigismund.

146 2620 424 69 Photographic
616 2620 330 67 handbook;
998 2639 30 34 a
1077 2620 397 68 compendium
1520 2620 62 54 of
1631 2622 288 52 essentials
1970 2619 93 54 for

83 2696 368 65 professional
478 2699 112 51 and
618 2703 253 46 amateur
900 2698 455 67 photographers
1381 2698 58 51 in
1469 2699 78 52 all
1574 2699 273 52 branches
1877 2699 63 52 of
1967 2699 95 51 the

88 2779 82 46 art
207 2776 111 51 and
355 2794 59 33 craff.
597 2776 90 67 By
727 2773 331 69 Sigismund
1096 2774 307 68 Blumann,
1478 2818 10 9 F.
1568 2816 10 9 R.
1656 2818 8 9 P.
1741 2819 8 9 S.
1827 2776 162 53 With
2030 2794 30 34 a

83 2853 366 51 constructive
473 2870 158 50 essay
655 2870 72 34 on
749 2852 306 52 miniature
1080 2870 249 34 cameras
1355 2852 74 69 by
1454 2852 252 53 Herbert
1729 2852 61 54 C.
1815 2853 246 68 McKay,

119 2970 8 8 F.
197 2972 9 8 R.
277 2972 8 9 P.
351 2973 9 10 S.
395 2930 111 51 and
543 2948 28 33 a
606 2929 229 52 treatise
869 2948 71 34 on
977 2929 248 67 portrait
1259 2928 255 70 lighting
1545 2930 75 69 by
1655 2929 66 55 O.
1761 2931 55 54 J.
1855 2929 203 55 Smith.

85 3001 1530 72 San Francisco, Calif., Photo art publisher [ c 1935]
150 3076 902 50 6 p. l., 183 p. illus., diagrs. 18 cm .
87 3129 49 52 ©
159 3135 108 48 Apr.
294 3137 40 46 1,
363 3136 111 41 1935;
529 3136 66 40 2c.
624 3138 112 45 May
763 3137 51 45 8;
846 3136 80 39 aff.
954 3137 116 46 May
1091 3137 52 46 7;
1172 3137 41 38 A
1240 3137 169 47 81727;
1442 3138 44 40 S.
1513 3138 255 48 Blumann,
1796 3138 264 50 Fruitvale,

151 3192 138 40 Calif.
359 3193 248 47 (35-9215)

85 3278 281 68 Bolenius,
396 3284 210 51 Emma
635 3282 208 54 Miller.

152 3358 115 52 The
302 3359 269 54 Bolenius
604 3360 241 52 readers.
918 3360 167 54 Sixth
1123 3360 214 64 reader,
1371 3361 74 66 by
1483 3363 203 52 Emma
1721 3362 194 54 Miller
84 3366 1951 122 Bolenius.
334 3437 335 52 Illustrated
697 3437 75 66 by
800 3437 191 52 Mabel
1018 3440 65 50 B.
1114 3437 143 53 Hill.
1334 3440 136 51 Rev.
1501 3440 82 51 ed.
1661 3441 232 66 Boston,
1923 3443 137 51 New

85 3510 152 54 York
275 3520 135 60 [etc.]
449 3514 316 66 Houghton
799 3512 201 54 Mifflin
1034 3532 277 50 company
1425 3520 29 47 [c1935]

153 3586 60 42 xi,
241 3587 69 48 [1],
335 3587 84 40 348
444 3598 30 37 p
539 3586 126 40 illus.
721 3587 54 39 19
776 3589 46 20 cm
828 3618 8 8 .

91 3635 49 52 ©
175 3642 112 48 July
323 3643 67 48 17,
431 3643 112 40 1935;
612 3642 67 40 2c.
720 3643 115 47 July
872 3642 81 46 25;
999 3642 81 40 aff.
1122 3644 116 47 July
1276 3644 82 46 24;
1399 3644 42 39 A
1478 3644 169 48 85176;
1690 3647 168 40 Emma
1901 3647 163 41 Miller

154 3698 222 41 Bolenius
402 3699 240 47 Whitney,
672 3700 115 37 New
814 3699 143 40 York.

89 3772 112 51 The
239 3774 146 51 book
427 3773 63 53 of
527 3775 95 50 the
663 3772 528 66 sesqui-centennial
1233 3774 62 53 of
1337 3775 305 53 American
1684 3778 373 64 Methodism;

154 3848 57 53 in
246 3848 491 55 commemoration
774 3847 65 54 of
874 3848 96 54 the
1008 3867 104 35 one
1148 3850 506 56 hundred-fiftieth
1696 3855 369 67 anniversary

155 3926 60 52 of
236 3928 92 52 the
349 3923 395 72 organization
765 3925 65 54 of
848 3925 304 55 American
1175 3927 349 59 Methodism
1549 3936 60 53 at
1625 3932 99 53 the
1747 3931 318 55 Christmas
