2424 4375
1055 4025 99 51 861

439 487 130 47 CONTENTS.—pt.
620 485 39 41 1.
710 486 199 41 Generic
957 484 350 49 religion.—pt.
1357 483 42 41 2.
1446 483 477 42 Hebrew-Christian
100 485 1961 108 religion.—Books

463 543 79 40 for
567 543 194 39 further
787 541 200 48 reading
1024 542 64 47 (p.
1117 541 226 47 371-388)

103 612 49 52 ©
178 617 124 38 June
324 612 68 47 19,
418 612 112 40 1935;
584 612 65 39 2c.
677 612 129 38 June
826 611 53 39 19;
936 610 81 39 aff.
1045 610 127 39 June
1195 609 55 39 21;
1305 610 41 38 A
1372 610 142 39 84374;
1571 610 191 47 Harper
1790 611 36 39 &
1849 612 122 38 bros.

177 669 245 51 (35-9009)

104 771 229 54 Illinois.
409 773 181 61 Laws,
620 776 255 60 statutes,
905 777 99 45 etc.

169 852 170 52 Jones
366 848 224 53 Illinois
617 853 238 47 statutes
882 847 323 66 annotated,
1233 848 327 67 embracing
1586 850 76 50 all
1692 849 226 66 general
1945 848 136 52 laws

108 929 60 53 of
195 928 92 54 the
316 933 142 47 state
487 926 62 51 of
578 926 227 53 Illinois
831 926 59 50 in
920 925 154 52 force
1104 925 244 54 October
1380 929 46 56 1,
1458 929 150 61 1934,
1637 926 139 52 with
1808 928 272 64 complete

106 1007 370 54 annotations,
504 1004 274 66 compiled
810 1002 109 52 and
947 1003 189 54 edited
1162 1004 74 66 by
1263 1002 160 54 Basil
1448 1006 174 52 Jones
1650 1005 110 51 and
1789 1005 194 50 Frank
2010 1006 70 50 D.

105 1086 204 51 Moore.
400 1101 67 48 [V.
520 1085 81 62 11]
654 1081 224 52 Frauds
925 1081 112 52 and
1085 1081 641 67 perjuries-Insurance.
1815 1082 268 68 Chicago,

105 1161 313 66 Callaghan
448 1160 111 52 and
589 1177 294 49 company,
915 1162 147 49 1935.

172 1232 542 51 4 p. l., 740 p. 24½ cm .
104 1302 50 53 ©
177 1306 112 46 July
314 1303 66 47 12,
404 1302 112 41 1935;
567 1302 67 40 2c.
658 1303 95 38 and
779 1301 79 40 aff.
882 1302 115 47 July
1022 1302 54 39 17;
1129 1302 40 38 A
1196 1301 142 40 85067;
1393 1302 270 47 Callaghan
1688 1303 36 39 &
1748 1314 67 29 co.

101 1406 306 61 Jefferson,
435 1405 264 52 Bernard
728 1404 159 64 Levi,
919 1406 170 52 1887-

176 1484 51 52 A
259 1483 291 53 freshman
578 1482 174 68 guide
778 1487 59 48 to
867 1481 234 68 writing;
1162 1481 140 53 with
1334 1483 283 67 emphasis
1649 1502 72 34 on
1752 1485 336 66 exposition,

111 1563 68 66 by
220 1560 257 55 Bernard
514 1560 64 52 L.
617 1558 283 56 Jefferson
944 1602 57 9 …
1045 1559 113 53 and
1196 1559 262 54 William
1497 1560 72 53 D.
1609 1561 369 68 Templeman
2025 1606 57 9 …

112 1636 1969 71 Garden City, N. Y., Doubleday, Doran &· company, inc. [ c 1935]
169 1709 871 50 xiv p., 1 l., 616 p. diagrs. 21 cm .
171 1768 157 39 “First
358 1765 223 41 edition.”

170 1824 176 40 “Chart
376 1823 52 39 of
455 1820 237 49 symbols”
719 1831 60 30 on
805 1820 361 48 lining-papers.

171 1877 387 49 Bibliographies;
614 1887 44 39 p.
686 1876 215 42 607-608.

108 1946 49 52 ©
181 1951 123 38 June
329 1950 67 41 18.
424 1949 112 39 1935;
588 1948 67 40 2c.
681 1949 95 38 and
800 1946 81 40 aff.
907 1947 126 39 June
1057 1945 54 39 22;
1167 1947 40 38 A
1232 1946 169 48 84378;
1428 1948 298 48 Doubleday,
1753 1950 164 38 Doran
1944 1951 36 39 &
2006 1961 81 37 co.,

172 2008 87 38 inc.
330 2004 248 49 (35-9114)

109 2107 226 65 Jessup,
363 2110 206 62 Henry
593 2109 281 62 Wynans,
905 2113 170 48 1864-

184 2231 53 9 …
273 2189 136 49 Law
441 2187 111 51 and
583 2186 248 66 practice
859 2185 59 51 in
948 2185 94 51 the
1076 2184 354 68 Surrogates’
1462 2193 203 46 courts.
1735 2191 130 48 1935
102 2207 1961 109 cumulative

291 2264 373 66 supplement,
685 2263 75 66 by
784 2261 208 53 Edwin
1014 2264 79 50 M.
1117 2264 200 52 Bohm.
1376 2265 242 52 Volume
1645 2268 41 49 1.
1749 2266 137 52 New
1911 2267 178 68 York,

113 2343 199 63 Baker,
338 2341 245 54 Voorhis
608 2344 46 49 &
678 2357 97 50 co.,
803 2343 149 49 1935.

178 2412 766 51 1 p. l., xxviii, 3-128 p. 25 cm .
178 2472 60 39 At
266 2471 123 40 head
419 2471 52 39 of
499 2470 109 40 title;
667 2468 424 48 Jessup-Redfield.

177 2528 116 40 This
316 2527 245 49 pamphlet
586 2527 41 39 is
652 2529 48 37 to
723 2526 56 40 be
802 2526 138 40 fitted
962 2525 100 41 into
1089 2526 85 40 the
1195 2526 173 47 pocket
1389 2529 51 38 at
1466 2528 83 39 the
1571 2529 123 38 back
1721 2529 54 39 of
1797 2531 82 39 the
1903 2532 191 40 volume

113 2586 48 38 of
183 2586 81 39 the
287 2588 71 36 set
384 2587 49 37 to
459 2583 157 40 which
642 2583 40 40 it
707 2584 205 46 belongs.

113 2650 49 53 ©
183 2656 114 46 July
320 2655 68 46 11,
412 2653 112 41 1935;
580 2652 66 41 2c.
671 2653 115 47 July
811 2653 53 39 13;
916 2651 80 41 aff.
1025 2653 115 47 July
1164 2652 53 39 12;
1270 2653 42 39 A
1335 2652 168 48 85030;
1530 2655 174 47 Baker,
1731 2655 205 42 Voorhis
1963 2659 37 39 &
2024 2670 67 29 co.

112 2771 337 65 Johnstone,
477 2770 261 64 Douglas
764 2769 221 54 Victor.

177 2848 78 52 Be
293 2866 32 33 a
358 2865 149 48 man,
544 2846 112 52 and
690 2846 163 51 other
886 2863 209 49 poems,
1129 2845 76 68 by
1239 2846 73 53 D.
1347 2846 73 54 V.
1459 2847 332 55 Johnstone.
1865 2850 226 54 Kansas

112 2923 146 69 City,
289 2926 132 51 Mo.,
452 2924 239 51 Printed
726 2922 95 52 for
848 2923 71 51 D.
950 2922 71 53 V.
1052 2922 318 54 Johnstone
1398 2924 75 69 by
1503 2926 95 51 the
1627 2926 291 55 Nazarene

110 2929 1955 140 publishing house [ c 1935]
180 3072 562 53 3 p. l., 9-93 p. 19½ cm .
117 3139 49 52 ©
199 3146 111 46 May
342 3146 38 46 1,
412 3144 140 45 1935;
587 3141 65 41 2c.
689 3143 127 38 June
848 3141 80 47 29;
966 3142 79 39 aff.
1079 3142 130 40 June
1236 3142 82 48 28;
1354 3145 41 38 A
1427 3145 169 47 84468;
1634 3147 56 39 D.
1724 3148 52 39 V.
1813 3149 280 50 Johnstone,

183 3201 330 48 Minneapolis.
583 3198 249 49 (35-9151)

118 3301 332 65 Kirschner,
478 3302 240 63 Martin,
750 3304 167 51 1879-

184 3380 352 67 Allgemeine
573 3379 117 54 und
729 3380 257 65 spezielle
1026 3379 383 68 chirurgische
1449 3385 496 63 operationslehre,
1986 3406 109 37 von

122 3458 79 52 dr.
227 3460 216 51 Martin
470 3457 313 52 Kirschner
814 3498 54 9 …
931 3461 47 48 3.
1003 3457 92 52 bd.
1160 3460 108 51 1.1.
1332 3460 107 51 Die
1466 3459 260 68 eingriffe
1753 3482 90 33 am
114 3466 1979 122 gehirn-schädel.

373 3536 218 66 gehirn,
615 3533 231 68 gesicht,
869 3534 489 68 gesichtsschädel,
1383 3555 72 32 an
1480 3538 99 51 der
1602 3540 352 55 Wirbelsäule
1978 3547 117 51 und

126 3631 84 33 am
249 3612 390 65 rückenmark,
677 3630 110 33 von
828 3612 81 51 dr.
950 3613 69 51 N.
1061 3611 217 54 Guleke
1323 3656 54 9 …
1423 3615 83 52 dr.
1549 3616 67 54 O.
1657 3618 436 59 Kleinschmidt.

124 3689 106 53 Mit
272 3691 99 52 979
414 3708 126 33 zum
582 3706 228 50 grossen
853 3688 99 53 teil
995 3688 265 68 farbigen
1302 3690 399 71 abbildungen.
1782 3699 214 58 Berlin.
2039 3704 54 53 J.

127 3766 287 68 Springer,
444 3770 149 50 1935.

192 3836 1133 51 xii p., 1 l., 1058 p. illus. (part col.) 26 cm .
125 3903 1809 60 © Feb. 27, 1935; 1c. July 10; A-Foreign 28507; Julius Springer.
