2526 4384
1342 4072 101 48 296

372 430 199 66 Webb,
601 430 286 58 Barbara.

438 506 198 54 Aletta
687 506 199 68 Laird,
936 507 68 53 by
1056 506 260 53 Barbara
1366 505 198 55 Webb.
1655 504 235 56 Garden
1944 505 153 70 City,
2150 505 72 55 N.
2280 503 90 68 Y.,

369 582 358 71 Doubleday,
751 584 201 53 Doran
977 583 45 51 &
1050 601 296 51 company,
1373 583 127 68 inc.,
1531 585 150 51 1935.

442 655 617 51 6 p. l. , 3-304 p. 19½ cm .
443 713 164 42 “First
637 713 227 42 edition.”

376 768 54 54 ©
455 774 122 39 Mar.
605 773 41 47 8,
672 772 142 48 1935;
842 772 69 41 2c.
939 773 99 40 and
1062 772 80 40 aff.
1171 773 122 39 Mar.
1321 772 82 47 14;
1433 772 42 39 A
1503 771 170 48 81000';
1705 772 299 47 Doubleday,
2033 772 171 40 Doran
2227 772 36 39 &
2290 782 84 38 co.,

445 829 91 42 inc.
608 828 250 50 (35-3660)

374 902 216 68 White,
620 904 254 53 Edward
904 903 239 66 Joseph,
1176 908 171 51 1869-

444 980 124 53 The
605 980 112 53 law
759 980 62 53 in
863 981 96 53 the
1001 978 344 71 Scriptures,
1388 980 142 52 with
1573 978 398 69 explanations
2016 978 65 55 of
2122 981 97 51 the
2262 980 109 52 law

374 1064 174 47 terms
573 1058 113 53 and
710 1058 150 69 legal
887 1057 314 54 references
1228 1057 61 53 in
1315 1057 138 53 both
1478 1058 97 52 the
1603 1056 116 56 Old
1748 1058 114 52 and
1890 1057 96 54 the
2013 1057 139 53 New
374 1058 1974 146 Testaments,

618 1134 1755 71 by Edw. J. White … St. Louis, Mo., Thomas law
373 1211 147 55 book
546 1230 298 52 company,
874 1216 150 51 1935.

444 1285 131 49 xxiv,
603 1286 86 40 422
714 1296 43 38 p.
818 1285 55 41 23½
907 1288 45 21 cm
956 1317 10 10 .

378 1340 54 54 ©
459 1346 121 40 Mar.
608 1346 40 47 1,
675 1344 113 42 1935
807 1354 10 39 ;
844 1345 67 40 2c.
941 1345 95 40 and
1065 1343 81 42 aff.
1176 1344 121 41 Mar.
1324 1343 55 49 4;
1407 1344 45 39 A
1475 1342 170 50 80760;
1676 1345 52 38 E.
1759 1344 43 41 J.
1831 1343 176 50 White,
2038 1343 67 43 St.
2136 1344 161 42 Louis.

459 1401 252 50 (35-3594)

376 1474 240 67 Wilson,
643 1476 169 54 Jesse
839 1475 285 65 Rodman,
1154 1481 172 51 1892-

449 1552 1925 68 I am a Christian, by Jesse R. Wilson … foreword by Dr.
379 1629 158 55 John
566 1629 71 55 A.
667 1629 263 68 Mackay.
994 1630 140 54 New
1164 1630 179 66 York,
1372 1631 69 54 N.
1473 1629 90 67 Y.,
1593 1629 248 57 Student
1867 1632 294 52 volunteer
377 1649 1974 113 movement
574 1741 13 33 [
590 1713 20 22 c
615 1711 153 63 1935]

450 1781 58 40 64
537 1791 42 38 p.
639 1779 59 41 19½
727 1782 45 22 cm
775 1811 9 8 .

383 1833 52 53 ©
461 1837 109 42 Feb.
598 1837 70 48 15,
694 1836 117 42 1935
826 1847 9 37 ;
863 1836 67 41 2c.
957 1838 96 39 and
1079 1835 81 42 aff.
1187 1837 111 39 Feb.
1325 1835 59 41 20
1398 1846 9 38 ;
1437 1837 42 39 A
1506 1836 143 41 79722
1667 1847 9 37 ;
1707 1837 42 40 J.
1777 1837 56 39 R.
1861 1836 199 49 Wilson,
2088 1836 119 41 New
2232 1836 145 41 York.

462 1893 250 49 (35-3600)

381 1953 295 67 Winslow,
706 1954 280 56 Clarence
1011 1956 254 65 Morton,
1295 1960 171 50 1885-

450 2032 323 54 Winslow’s
810 2032 361 68 minimizing
1210 2033 171 53 death
1420 2039 175 47 taxes.
1672 2034 309 51 1934-1935
2022 2032 85 52 ed.
2181 2033 93 66 By
2313 2031 63 56 C.

382 2107 233 55 Morton
641 2109 296 65 Winslow,
1002 2152 10 11 C.
1081 2152 10 11 P.
1160 2152 10 10 A.
1198 2110 61 53 in
1287 2110 338 53 association
1653 2109 141 53 with
1820 2110 149 54 Wm.
1998 2110 142 52 Earl
2167 2110 210 52 Leever

383 2187 113 52 and
527 2187 251 55 Willard
808 2187 65 54 L.
907 2187 226 52 Munro.
1201 2187 140 53 New
1374 2187 179 67 York,
1587 2187 253 67 Chicago
1897 2193 120 61 [etc.]
2054 2187 324 55 Commerce

385 2264 251 68 clearing
661 2264 190 68 house,
876 2265 127 67 inc.,
1030 2264 177 55 Loose
1233 2264 118 54 leaf
1376 2265 212 54 service
1614 2265 248 53 division
1887 2264 63 54 of
1974 2265 97 53 the
382 2264 1971 131 Corporation
534 2347 151 48 trust
716 2360 280 49 company
1031 2375 14 34 [
1048 2348 20 22 c
1071 2344 136 51 1934
1211 2374 13 35 ]

453 2413 787 50 4 p. l. , 7-93 p. diagrs. 23 cm .
386 2465 54 54 ©
467 2470 118 41 Nov.
615 2471 69 47 15,
713 2471 140 46 1934;
886 2470 65 41 2c.
984 2472 112 39 Dec.
1126 2472 52 46 1;
1212 2470 80 41 aff.
1323 2471 118 39 Nov.
1470 2470 83 47 30;
1585 2471 43 40 A
1656 2471 170 47 78380;
1861 2470 278 41 Commerce
2165 2470 217 50 clearing

454 2528 163 46 house,
647 2527 89 40 inc.
807 2527 252 48 (35-3609)

382 2588 209 65 Wolfe,
621 2588 275 66 Thomas,
930 2594 166 50 1900-

456 2663 84 56 Of
562 2666 138 53 time
724 2666 112 53 and
858 2666 96 53 the
975 2666 151 53 river
1143 2684 11 48 ;
1181 2686 31 33 a
1235 2666 203 67 legend
1462 2666 62 54 of
1548 2667 176 52 man’s
1748 2667 220 66 hunger
1990 2667 62 52 in
2073 2666 90 53 his
2184 2666 194 67 youth,

385 2741 1864 68 by Thomas Wolfe … New York, C. Scribner’s sons, 1935.
457 2814 613 49 7 p. l. , 3-912 p. 21½ cm .
459 2869 1806 51 “First printing, February, 1935 … third printing, March, 1935.”
459 2926 1918 45 “This novel is the second in a series of six … The title of the whole
388 2983 148 46 work,
565 2984 136 41 when
733 2984 246 48 complete,
1012 2985 99 38 will
1140 2985 55 39 be
1226 2985 80 38 the
1336 2994 131 31 same
1497 2994 55 30 as
1582 2985 111 40 that
1722 2984 52 41 of
1801 2986 82 40 the
1909 2986 196 47 present
2133 2986 135 46 book,
2300 2984 78 42 Of

389 3040 116 41 time
535 3041 94 39 and
662 3041 81 40 the
773 3038 157 43 river’.
1007 3042 100 39 [The
1139 3040 103 40 first
1277 3041 45 38 in
1355 3042 80 39 the
1466 3040 149 41 series
1645 3051 102 30 was
1774 3041 254 48 published
2056 3042 155 41 under
2239 3042 135 41 title:

390 3095 130 43 Look
550 3097 291 46 homeward,
874 3095 544 51 angel]”—Publisher's
1449 3099 125 38 note.

391 3150 52 52 ©
471 3154 121 39 Mar.
622 3153 40 47 8,
690 3152 140 48 1935;
860 3153 67 40 2c.
957 3154 95 39 and
1081 3151 81 42 aff.
1190 3154 121 39 Mar.
1340 3152 82 47 25;
1452 3152 42 39 A
1522 3152 170 48 82139;
1725 3153 205 41 Charles'
1960 3153 263 42 Scribner’s
2254 3164 124 31 sons.

469 3209 280 51 (35-27095)

391 3272 426 64 Workmaster,
845 3273 73 54 H.
948 3272 61 57 C.

459 3347 391 56 Workmaster
878 3348 322 67 appraisers
1226 3348 112 52 and
1365 3366 267 35 assessors
1657 3347 231 53 manual
1914 3347 63 52 of
2001 3347 227 53 taxable
392 3350 1961 142 subjects,
595 3423 138 53 with
782 3424 287 53 reference
1114 3429 58 48 to
1216 3423 266 69 building
1528 3430 117 47 cost
1692 3424 152 66 data,
1891 3430 330 47 assessment
2267 3426 107 52 and

392 3503 202 67 taxing
636 3507 253 63 systems,
930 3501 423 67 Pennsylvania
1394 3502 147 68 legal
1584 3500 293 68 decisions,
1918 3505 119 61 etc.,
2078 3501 75 69 by
2194 3502 76 52 H.
2316 3501 61 55 C.

392 3577 1960 147 Workmaster … Pittsburgh, Pa., Unit value appraisal company [c1935]
465 3728 1529 49 3 p. l. , 9-578 p. illus., tables (part fold.) diagrs. 24 cm .
467 3785 132 40 Each
643 3783 182 42 section
868 3785 233 47 preceded
1143 3785 61 47 by
1247 3795 27 30 a
1317 3784 103 40 leaf
1461 3785 86 41 not
1587 3783 223 41 included
1852 3783 52 40 in
1946 3784 83 40 the
2070 3782 177 50 paging
2298 3783 81 48 (30

394 3841 187 48 leaves)

395 3892 52 52 ©
471 3896 109 40 Feb.
605 3896 68 48 23,
700 3895 112 41 1935
831 3907 8 35 ;
867 3897 66 39 2c.
960 3896 95 39 and
1080 3895 80 40 aff.
1187 3896 109 39 Feb.
1321 3896 56 39 25
1394 3906 10 36 ;
1432 3896 40 38 A
1496 3895 143 41 80581
1656 3906 9 36 ;
1694 3896 49 39 H
1767 3896 63 40 .O.
1858 3896 346 47 Workmaster,
463 3895 1896 104 Pittsburgh.
695 3952 279 50 [Copyright
1003 3952 42 40 is
1073 3953 202 39 claimed
1304 3962 59 28 on
1392 3963 105 28 new
1524 3954 179 38 matter
1735 3953 94 39 and
1859 3952 250 49 revisions]

473 4008 250 50 (35-3863)
