2424 4375
1022 4071 133 51 1949

109 444 234 66 Davies,
369 446 153 52 John
550 445 187 52 David
767 445 252 64 Griffith,
1050 451 169 49 1899-

178 532 1915 69 Henry v, by J. D. Griffith Davies … London, A. Barker,
107 613 101 52 ltd.
245 616 170 62 [1935]

178 684 82 42 xii.
288 684 85 41 312
399 695 43 37 p.
497 684 149 41 front.
675 684 158 49 (map)
870 684 24 39 1
921 684 128 40 illus.
1105 682 116 42 22cm.

178 743 116 49 Map
321 750 61 31 on
408 740 362 48 lining-papers.

177 799 68 38 “A
278 797 399 48 bibliographical
709 796 141 41 note”;
913 807 42 37 p.
989 795 216 42 291-293.

111 863 1983 53 © 1c. Mar. 2, 1935; A ad int 20004; pubd. Jan. 7; J. D . G. Davies,
178 924 163 48 Leeds,
373 924 235 47 England.
677 923 248 48 (35-5787)

106 1024 336 67 Deincourt,
473 1028 165 63 Jean,
672 1031 169 49 1890-

237 1105 1856 78 … L’inconscient, roman. Nice, Éditions du Chat-huant
111 1198 170 63 [1935]

177 1267 98 47 143,
312 1267 53 49 [1]
400 1277 42 37 p.
503 1265 115 41 19cm.

179 1324 73 40 On
281 1334 139 29 cover:
479 1322 39 40 2.
551 1321 71 42 éd.

108 1388 1987 53 © Mar. 30, 1935; 1c. May 10; A-Foreign 27918; Gustave Hannezo,
176 1450 198 40 Antibes
415 1448 486 50 (Alpes-Maritimes)
940 1448 199 41 France.
1208 1447 280 50 (35-17894)

105 1552 131 64 Dill,
265 1552 323 63 Margaret.

174 1640 119 52 The
336 1642 157 64 story
535 1639 64 53 of
634 1640 173 53 burro
851 1638 115 70 Big
1008 1640 164 67 Ears,
1210 1640 75 67 by
1326 1640 295 67 Margaret
1662 1640 153 66 Dill;
1861 1639 233 53 Martha

104 1716 188 68 Faull,
320 1716 336 54 illustrator.
730 1717 112 54 Los
872 1716 265 69 Angeles,
1169 1717 136 52 New
1337 1716 162 54 York
1554 1722 120 62 [etc.]
1713 1716 382 56 Suttonhouse

108 1798 192 64 [c1935]

177 1881 85 50 [72]
293 1892 43 37 p.
395 1880 127 41 illus.
559 1882 136 47 (part
720 1881 112 48 col.)
895 1881 239 41 16×24cm.

107 1945 1985 54 © June 8, 1935; 2c. Dec. 27; aff. Dec. 26; A 90095; Suttonhouse, ltd.
188 2007 219 48 (36-621)

103 2109 214 65 Drake,
348 2111 219 63 Joseph
599 2110 283 64 Rodman,
917 2110 323 55 1795-1820.

171 2199 120 52 The
324 2197 105 54 life
465 2199 112 53 and
610 2199 185 54 works
830 2199 63 53 of
926 2199 216 68 Joseph
1178 2200 264 53 Rodman
1476 2199 193 53 Drake
1716 2199 366 68 (1795-1820)

104 2297 30 34 a
171 2277 237 54 memoir
442 2277 112 52 and
591 2277 273 67 complete
901 2283 123 47 text
1057 2277 64 53 of
1156 2278 89 52 his
1277 2295 192 49 poems
1500 2280 47 49 &
1580 2295 181 51 prose,
1794 2278 299 68 including

103 2354 1990 148 much never before printed, prepared by Frank Lester Pleadwell … Boston, Printed for the author by the Merrymount
103 2527 172 50 press,
314 2513 148 49 1935.

171 2582 1754 52 xviii p., 2 l., [3]-424 p., 1 l. front., plates, ports., facsims. 21cm.
175 2639 1915 50 “Of this edition … seven hundred and fifty copies have been printed.”
175 2695 183 40 “Index
399 2696 52 41 of
491 2695 222 42 sources”;
784 2708 44 38 p.
872 2696 232 50 [367]-377;
1175 2697 347 49 Bibliography
1563 2698 52 40 of
1656 2697 205 41 Drake’s
1902 2700 159 38 works:

103 2763 43 37 p.
186 2751 202 41 377-383;
459 2751 135 42 “List
634 2752 52 42 of
727 2763 111 31 mss.
881 2754 97 39 and
1017 2753 273 48 autograph
1332 2755 170 39 letters
1545 2754 59 47 by
1647 2753 181 48 Joseph
1916 2754 174 39 Rodman

103 2807 219 41 Drake”:
352 2819 44 38 p.
426 2808 216 43 388-393.

105 2873 53 53 ©
183 2879 109 39 Dec.
320 2877 67 49 19,
416 2879 117 40 1935;
585 2878 66 41 2c.
680 2878 94 41 and
802 2878 79 41 aff.
910 2880 111 40 Dec.
1048 2878 56 42 28;
1160 2880 39 39 A
1226 2878 144 41 90053;
1429 2880 165 39 Frank
1619 2881 167 40 Lester
1815 2878 149 41 Plead
1969 2879 122 48 well,

174 2935 260 41 Honolulu.
501 2934 220 49 (36-944)

102 3036 220 66 Duran,
350 3039 230 54 Michel.

237 3128 1850 69 … Liberté provisoire, suivi de Amitié. Paris, Gallimard
107 3209 171 64 [1935]

173 3277 796 50 4 p. l., [11]-220 p., 2 l. 18 ½cm .
172 3335 158 47 Plays.

104 3398 1982 54 © Apr. 5, 1935; 1c. May 31; A- Foreign 27970; Librairie Gallimard.
183 3460 279 50 (35-20384)

102 3562 255 66 Dutaud,
390 3564 254 52 Hannah
679 3564 205 62 Caren,
920 3565 170 54 1877-

169 3651 124 53 The
328 3651 253 69 glorious
618 3658 90 47 art
748 3652 64 53 of
850 3652 162 53 home
1050 3652 270 69 cooking;
1363 3653 127 52 how
1531 3657 58 48 to
1632 3652 156 69 plan,
1828 3669 259 50 prepare,

101 3746 173 50 serve,
306 3729 139 52 with
478 3728 213 69 recipes
724 3729 94 53 for
851 3747 167 51 every
1046 3730 160 66 need,
1234 3729 76 69 by
1342 3729 252 52 Hannah
1626 3728 254 54 Dutaud.

100 3726 1963 147 Chicago,
281 3807 113 65 Ill.,
421 3807 332 52 Associated
783 3807 232 53 authors
1066 3809 176 63 [c1935]

235 3877 1184 51 xv p., 1 l., 282 p. front., plates, diagrs. 21cm.
105 3945 53 53 ©
196 3950 101 41 Oct.
334 3950 70 45 28,
442 3951 114 40 1935;
621 3951 67 41 2c.
727 3953 96 38 and
860 3951 80 41 aff.
978 3952 119 40 Nov.
1134 3951 58 40 29;
1257 3952 42 38 A
1335 3950 142 41 88947;
1547 3949 283 41 Associated
1870 3951 216 41 authors.

186 4006 219 48 (36-925)
