2424 4375
1155 4056 100 50 480

206 450 217 64 Evans,
447 450 139 52 Mrs.
614 449 129 52 Eva
765 447 191 56 Knox.

275 524 323 65 Araminta,
627 524 75 67 by
732 523 125 52 Eva
886 523 172 51 Knox
1089 522 193 51 Evans;
1343 520 324 53 illustrated
1697 519 75 68 by
1803 517 178 54 Erick
2012 520 182 68 Berry

213 596 1812 74 [pseud.] New York, Minton, Balch and company [ c 1935]
279 675 55 42 84
361 686 43 39 p.
432 676 110 40 incl.
570 674 164 49 front.,
761 673 141 48 illus.,
931 674 170 47 plates.
1161 671 56 40 22
1219 673 16 22 cm
1269 703 10 10 .

279 746 287 40 Illustrated
601 744 362 49 lining-papers.

209 813 52 52 ©
285 817 113 47 Apr.
422 817 41 46 4,
487 815 116 41 1935;
653 816 66 40 2c.
746 816 113 47 Apr.
883 813 54 40 22;
992 813 82 41 aff.
1100 815 114 47 Apr.
1240 814 55 40 17;
1349 814 41 38 A
1416 812 143 42 82607;
1614 814 51 38 E.
1692 814 59 39 K.
1778 814 176 46 Evans,
1979 813 217 40 Atlanta.

288 872 251 50 (35-5698)

209 975 233 66 Fairlie,
471 978 306 63 Margaret
808 975 260 57 Carrick.

214 1047 1961 151 History of Florida, by Margaret Carrick Fairlie … [Kingsport,
392 1129 195 68 Tenn.]
623 1129 156 54 Priv.
812 1129 174 68 print.
1026 1127 341 70 [Kingsport
1399 1145 174 51 press]
1612 1129 149 52 1935.

281 1201 98 48 xiv,
409 1200 85 41 303
523 1211 45 38 p.
626 1201 164 49 front.,
823 1202 127 40 illus.
1008 1201 59 41 20
1068 1202 45 23 cm
1118 1232 10 10 .

283 1271 116 48 Map
423 1280 60 31 on
509 1271 363 48 lining-papers.

285 1327 1914 51 “These stories were written to supply a … demand for authentic,
213 1385 203 40 historic
446 1384 130 41 facts
611 1385 50 42 in
695 1387 134 45 story
860 1384 130 43 form
1021 1384 212 41 suitable
1264 1385 78 40 for
1376 1394 86 31 use
1495 1385 50 40 in
1579 1385 81 40 the
1694 1384 297 51 elementary
2026 1387 175 47 grades

213 1440 52 41 of
292 1442 83 40 the
401 1441 197 40 Florida
626 1440 423 42 schools.”—Pref.

285 1498 376 48 “Bibliography
688 1497 53 41 of
765 1496 223 42 sources”;
1043 1508 43 38 p.
1114 1496 215 42 301-303.

212 1568 52 52 ©
291 1573 120 38 Mar.
436 1571 69 47 27,
531 1571 118 40 1935;
699 1570 68 41 2c.
794 1571 113 47 Apr.
934 1570 58 40 18;
1044 1569 82 40 aff.
1152 1569 113 48 Apr.
1293 1569 55 40 15;
1404 1570 41 38 A
1471 1568 142 42 82561;
1670 1571 62 39 M.
1761 1570 49 41 C.
1840 1569 195 50 Fairlie,
281 1571 1905 103 Jacksonville,
527 1628 101 39 Fla.
700 1626 251 49 (35-5858)

210 1729 304 67 Favalora,
543 1729 187 55 Emile
758 1728 273 66 William,
1063 1735 171 49 1893-

281 1806 285 56 Practical
609 1805 199 71 design
851 1805 63 55 of
956 1805 238 55 exhaust
1236 1807 112 53 and
1387 1806 211 53 blower
1640 1810 263 64 systems;
1950 1826 31 34 a
213 1807 1964 132 handbook
393 1904 72 34 on

500 1885 97 53 the
633 1884 302 69 designing
971 1885 112 53 and
1121 1882 368 70 engineering
1524 1883 64 54 of
1623 1883 211 55 blower
1869 1890 235 62 systems
2141 1885 61 53 in

217 1964 178 52 which
427 1962 95 53 the
553 1962 217 68 subject
801 1963 47 53 is
878 1963 215 52 treated
1129 1961 59 53 in
1221 1980 31 34 a
1283 1980 127 50 way
1439 1961 127 53 that
1595 1962 97 54 the
1721 1981 134 34 man
1886 1961 64 54 of
1979 1962 222 53 limited

212 2041 299 53 education
548 2059 104 34 can
692 2040 376 68 comprehend
1108 2040 112 52 and
1258 2039 351 53 understand
1648 2039 137 53 both
1823 2039 74 55 its
1936 2041 268 69 meaning

213 2119 111 53 and
354 2117 343 69 application,
724 2118 76 68 by
826 2118 67 53 E.
921 2118 89 54 W.
1039 2117 300 53 Favalora.
1403 2118 138 52 New
1570 2117 177 68 York,
1775 2118 69 56 N.
1875 2119 92 67 Y.,
1993 2119 208 54 Edwin

214 2196 68 53 A.
313 2195 162 56 Scott
500 2194 333 70 publishing
859 2213 98 50 co.,
982 2196 106 53 inc.
1122 2226 14 35 [
1139 2200 19 22 c
1164 2197 150 64 1935]

284 2284 64 47 ix,
383 2284 87 41 274
501 2294 43 38 p.
604 2282 144 49 illus.,
783 2283 178 47 diagrs.
1020 2281 57 41 20½
1108 2283 45 22 cm
1157 2312 9 9 .

214 2348 52 52 ©
295 2352 109 40 Feb.
432 2351 70 49 26,
529 2351 117 41 1935;
699 2351 68 41 2c.
795 2353 97 39 and
918 2351 82 41 aff.
1030 2352 122 38 Mar.
1181 2350 28 40 6;
1263 2352 41 38 A
1333 2351 146 41 80788;
1535 2351 172 41 Edwin
1736 2353 54 39 A.
1822 2352 136 41 Scott
1984 2352 108 48 pub.
2121 2361 80 39 co.,

280 2409 91 40 inc.
440 2407 251 50 (35-5689)

215 2512 320 65 Flanagan,
564 2513 277 63 Kathryn
873 2512 325 56 Elizabeth.

287 2590 214 52 Echoes
549 2589 154 54 from
744 2591 99 52 the
882 2590 180 66 heart,
1105 2590 76 66 by
1225 2590 272 67 Kathryn
1542 2590 299 54 Elizabeth
1885 2592 314 67 Flanagan.

219 2667 1234 67 [Taunton, Mass., K . E. Flanagan, 1934]
284 2751 799 50 3 p. l. , [9]-54 p. illus. 22½ cm .
215 2820 52 52 ©
292 2824 117 39 Nov.
435 2824 39 46 1,
500 2821 116 41 1934;
666 2821 66 41 2c.
759 2822 97 39 and
879 2820 82 41 aff.
987 2822 112 39 Dec.
1127 2821 55 40 17;
1236 2822 42 38 A
1302 2820 168 48 78595;
1502 2822 59 39 К.
1589 2823 51 38 E.
1668 2822 264 48 Flanagan.

215 2924 346 66 Franzblau,
590 2924 304 53 Abraham
922 2926 283 62 Norman,
1237 2930 169 49 1901-

286 3001 293 68 Religious
605 3001 175 54 belief
807 3002 111 52 and
946 3002 290 53 character
1262 3019 207 50 among
1495 3004 214 53 Jewish
1739 3004 360 68 adolescents,
2125 3005 75 67 by

217 3078 1982 72 Abraham N. Franzblau … New York city, Teachers college,
216 3157 298 54 Columbia
542 3156 334 67 university,
905 3159 148 50 1934.

287 3228 1913 52 viii p., 1 l., 80 p. 23½ cm . (Teachers college, Columbia university.
217 3286 365 41 Contributions
609 3287 48 38 to
686 3285 269 48 education,
983 3295 74 30 no.
1086 3284 110 49 634)

287 3344 170 39 Issued
482 3343 105 39 also
612 3352 53 29 as
691 3342 154 40 thesis
878 3342 106 47 (PH.
1043 3341 34 47 D.)
1112 3340 249 41 Columbia
1390 3340 283 49 university.

285 3399 348 48 Bibliography;
690 3409 42 36 p.
760 3397 155 41 79-80.

217 3464 52 52 ©
291 3468 108 39 Jan.
423 3468 39 47 8,
487 3466 139 47 1935;
651 3466 67 41 2c.
741 3468 96 38 and
859 3466 80 40 aff.
965 3466 111 48 Apr.
1101 3467 53 46 8;
1178 3467 41 38 A
1243 3465 168 48 82435;
1437 3467 54 39 A.
1515 3467 56 40 N.
1596 3468 288 48 Franzblau,
1909 3466 288 42 Cincinnati.

296 3524 250 49 (35-5798)

215 3625 182 66 Fries,
422 3627 189 55 Nellie
634 3626 209 63 Mabel,
874 3632 169 49 1901-

220 3701 1950 145 Daughter-in-law, by N. M. Fries … Boston, The Christopher
389 3780 330 67 publishing
747 3782 169 50 house
951 3815 11 32 [
968 3788 18 20 c
992 3784 148 63 1935]

288 3851 86 41 310
403 3861 42 37 p.
505 3851 55 40 19
563 3853 43 21 cm
611 3883 10 9 .

216 3917 54 53 ©
297 3922 111 47 Apr.
438 3922 40 46 4,
509 3921 113 40 1935;
679 3921 66 40 2c.
779 3922 93 38 and
902 3920 81 40 aff.
1014 3921 112 47 Apr.
1159 3921 53 38 11;
1273 3921 41 38 A
1343 3920 146 41 81358;
1547 3919 318 49 Christopher
1893 3920 106 48 pub.
2030 3920 165 41 house.

295 3977 249 49 (35-5658)
