2424 4375
1234 4045 133 51 1590

403 479 88 44 228
517 491 43 39 p.
616 481 128 41 illus.
774 481 133 49 (incl.
935 485 136 46 port.,
1103 483 178 49 music)
1319 484 179 49 diagrs.
1555 486 57 40 20½
1643 489 44 21 cm
1693 519 9 9 .

405 539 181 40 “Other
614 539 147 40 books
791 549 59 30 on
878 541 81 38 the
988 541 189 39 voice”:
1209 552 42 37 p.
1280 542 99 39 224.

335 590 52 54 ©
412 596 118 47 Aug.
557 595 69 48 20,
652 595 142 47 1935;
822 595 66 42 2c.
915 596 96 40 and
1037 596 82 41 aff.
1148 597 127 50 Sept.
1302 598 82 47 20;
1411 599 43 39 A
1479 598 171 52 87089;
1679 601 53 40 E.
1760 601 60 40 H.
1848 601 52 40 B.
1972 600 209 51 Rinquest,
399 603 1914 90 Denver.
568 653 280 48 (35-24320)

331 728 374 65 Rubinstein,
735 730 248 57 Marion.

400 803 411 71 Adventuring
862 804 58 53 in
972 806 306 68 Palestine,
1330 806 75 70 by
1457 806 231 54 Marion
1740 807 358 55 Rubinstein.
2189 810 137 52 New

331 881 179 70 York,
538 882 72 54 A.
638 881 71 54 A.
740 882 225 69 Knopf,
994 885 150 52 1935.

404 954 1058 51 6 p. l., 3-187, [1] p., 1 1. plates. 21½ cm .
402 1010 163 42 “With
591 1010 57 43 32
671 1013 330 48 photographs
1028 1013 60 47 by
1118 1014 80 41 the
1224 1013 221 42 author.”

403 1067 163 43 “First
592 1069 227 41 edition.”

330 1123 53 52 ©
413 1128 118 39 Nov.
565 1128 68 46 11,
666 1128 142 46 1935;
841 1128 66 41 2c.
940 1130 95 39 and
1069 1128 82 41 aff.
1184 1130 118 40 Nov.
1334 1128 81 49 12;
1450 1131 40 38 A
1522 1129 171 50 88192;
1728 1132 172 41 Alfred
1935 1134 52 40 A.
2023 1134 180 48 Knopf,
2237 1135 90 40 inc.

408 1183 281 51 (35-23925)

328 1261 276 64 Scheuer,
633 1262 231 57 Alfred.

459 1337 1865 74 … Der verkannte Orestes. Teplitz-Schönau, Selbstverlag,
329 1416 149 52 1934.

396 1486 28 41 8
450 1498 42 37 p.
552 1498 62 39 pl.
674 1487 58 41 30½
764 1490 45 21 cm
813 1521 9 9 .

675 1568 59 5 CONTENTS.—
737 1545 333 48 Prinzipielles
1100 1557 89 30 zur
1214 1546 321 49 erforschung
1564 1558 91 29 von
1682 1547 476 42 bildwerken.—Der
324 1548 1982 93 Orestes
444 1601 246 41 Ludovisi.
770 1602 179 40 Bisher
994 1603 73 40 als
1118 1603 233 40 “Medusa
1400 1603 276 48 Ludovisi”,
1714 1603 322 45 “Schlafende
2083 1606 239 46 Erinnys”

323 1658 115 40 oder
467 1657 295 42 “Sterbende
790 1659 270 41 Amazone”
1091 1659 290 41 bezeichnet.
1384 1659 152 42 —Die
1568 1660 239 49 Opferung
1834 1663 84 39 des
1951 1661 208 43 Orestes.
328 1663 1978 99 Bislang
469 1715 188 41 erklärt
686 1716 73 40 als
792 1715 173 42 “Orest
992 1717 207 41 bedroht
1227 1719 130 39 seine
1415 1718 238 41 schwester
1683 1713 91 47 mit
1801 1720 108 40 dem
1941 1720 235 41 schwert”
2208 1721 116 39 oder

324 1769 173 44 “Orest
527 1774 97 39 und
654 1772 203 42 Elektra
885 1773 248 42 schwören
1164 1773 187 42 rache”.

326 1828 53 52 ©
463 1834 59 38 Oct.
563 1834 40 45 1,
644 1832 141 48 1934;
829 1833 65 39 1c.
937 1833 111 40 Dec.
1090 1833 52 47 1;
1186 1833 41 39 A
1228 1833 270 49 -Foreign
1536 1833 170 48 27916;
1750 1835 54 40 A.
1849 1835 223 49 Scheuer,
2115 1837 192 47 Teplice-
430 1907 138 38 Šanov,
602 1897 419 42 Czechoslovakia.
1092 1897 282 50 (35-25787)

323 1969 215 67 Smith,
569 1972 237 55 Samuel
836 1973 389 65 Stephenson,
1260 1976 169 52 1897-

392 2048 1927 71 The command of words, by S. Stephenson Smith … New
325 2125 178 68 York,
536 2127 247 52 Thomas
816 2127 68 52 Y.
922 2126 242 55 Crowell
1200 2145 278 51 company
1515 2161 13 34 [
1533 2133 18 22 c
1556 2129 132 50 1935
1695 2161 13 34 ]

391 2197 49 40 vi
467 2208 56 37 p.,
551 2197 26 40 1
625 2229 23 17 l.,
675 2197 87 41 290
789 2209 42 37 p.
890 2198 117 41 fold.
1038 2209 60 37 pl.
1160 2198 56 39 22½
1249 2201 43 22 cm
1297 2231 8 9 .

390 2254 378 49 Bibliography:
797 2266 43 38 p.
871 2255 98 41 266.

324 2311 53 52 ©
405 2314 101 41 Oct.
537 2315 68 48 11,
635 2315 141 47 1935;
807 2315 68 41 2c.
906 2315 101 41 Oct.
1040 2315 81 47 17;
1155 2315 81 41 aff.
1270 2315 100 41 Oct.
1402 2315 82 47 16;
1516 2316 41 39 A
1587 2315 169 48 87750;
1786 2317 216 40 Thomas
2029 2318 53 40 Y.
2114 2317 204 42 Crowell

390 2383 67 29 co.
528 2372 281 50 (35-23929)

320 2448 210 65 Tager,
560 2448 336 54 Aleksandr
923 2449 403 63 Semenovich,
1360 2452 169 50 1888-

391 2526 120 52 The
538 2526 176 68 decay
740 2525 63 55 of
831 2525 264 67 czarism;
1123 2527 95 52 the
1246 2524 206 54 Beiliss
1480 2524 154 68 trial,
1663 2544 31 34 a
1722 2525 385 54 contribution
2134 2533 61 47 to
2221 2526 93 52 the

321 2603 223 70 history
595 2604 62 52 of
708 2605 96 52 the
858 2602 257 70 political
1166 2603 250 53 reaction
1469 2603 213 69 during
1731 2603 94 53 the
1877 2602 112 54 last
2038 2621 162 51 years
2253 2603 60 53 of

319 2682 247 52 Russian
620 2681 252 53 czarism.
963 2681 186 53 Based
1204 2700 71 34 on
1326 2680 385 68 unpublished
1763 2681 289 53 materials
2107 2681 59 53 in
2219 2682 93 53 the

317 2757 248 54 Russian
590 2758 272 68 archives,
884 2758 75 70 by
981 2757 330 54 Alexander
1335 2759 67 51 B.
1468 2757 33 67 [!]
1531 2759 203 67 Tager.
1795 2758 342 53 Translated
2162 2759 152 55 from

318 2837 94 54 the
451 2835 249 54 Russian
740 2835 264 70 original.
1080 2836 427 68 Philadelphia,
1544 2836 123 53 The
1705 2835 216 54 Jewish
1960 2836 350 68 publication

316 2915 212 68 society
562 2914 62 52 of
660 2913 282 67 America,
978 2916 151 51 1935.

386 2988 99 47 xxi,
516 2987 100 48 297,
650 2988 54 49 [1]
736 2998 44 38 p.
836 2987 213 41 facsims.
1108 2986 55 40 23½
1197 2989 43 21 cm
1246 3018 8 8 .

388 3044 192 41 Mendel
615 3044 150 41 Beilis
799 3054 100 31 was
931 3044 128 41 tried
1094 3044 49 39 in
1178 3046 81 38 the
1294 3044 124 41 Kiev
1451 3042 186 42 Circuit
1670 3044 139 39 court
1853 3042 283 47 (Okruzhnoĭ
2188 3046 111 47 sud)

318 3109 516 50 September-October
861 3108 126 48 1913,
1014 3108 80 41 for
1121 3109 83 39 the
1230 3108 196 40 murder
1454 3108 51 41 of
1530 3108 162 40 Andreĭ
1814 3106 284 44 I͡Ushchīnskiĭ.

382 3171 1858 50 “This book has appeared in the Russian language [T͡S arska i͡a Ross īi͡a
334 3226 1971 51 ī delo Beĭlīsa. Moskva, 1933] The Russian edition differs from this one
315 3284 49 40 in
390 3287 95 39 two
511 3289 240 44 respects:
778 3285 119 47 first,
926 3285 40 40 it
991 3284 222 40 contains
1238 3295 132 30 more
1396 3283 177 41 details
1600 3284 147 39 about
1772 3284 81 40 the
1881 3284 223 40 czaristic
2131 3284 172 49 regime

316 3342 95 39 and
445 3343 83 40 the
559 3342 177 40 Beiliss
769 3352 123 36 case,
926 3342 97 39 and
1057 3341 188 47 second,
1278 3341 40 39 it
1349 3342 91 39 has
1472 3351 29 29 a
1536 3340 233 48 complete
1800 3339 84 40 list
1917 3340 52 40 of
2000 3341 80 40 the
2115 3350 187 31 sources

314 3409 127 38 upon
467 3399 159 40 which
654 3398 98 41 this
781 3398 133 41 work
941 3400 41 38 is
1010 3397 297 49 based.”—p.
1335 3396 99 41 235.

387 3452 1912 44 “Archive cases … which served as the foundation of this book”:
312 3522 44 37 p.
383 3511 217 42 235-250.

317 3565 53 52 ©
401 3570 109 39 Jan.
541 3570 70 47 31,
642 3568 141 46 1935;
813 3569 64 39 2c.
912 3568 111 41 Feb.
1054 3568 81 45 14;
1170 3566 80 41 aff.
1285 3567 110 39 Feb.
1428 3566 53 47 6;
1515 3567 40 38 A
1588 3566 170 47 80462;
1794 3566 182 41 Jewish
2008 3566 295 49 publication

385 3637 91 30 soc.
503 3628 52 39 of
577 3626 236 40 America.
886 3623 279 49 (35-25779)

312 3702 209 54 Texas.
595 3704 184 60 Laws,
803 3704 254 60 statutes,
1084 3706 99 47 etc.

383 3779 277 54 Vernon’s
702 3778 305 52 annotated
1049 3777 243 52 Revised
1333 3776 134 52 civil
1510 3776 110 52 and
1661 3775 261 52 criminal
1962 3779 236 49 statutes
2238 3770 58 53 of

312 3856 94 52 the
432 3860 146 47 state
602 3855 62 52 of
689 3859 197 49 Texas.
949 3855 261 63 October,
1237 3857 151 61 1935,
1413 3850 342 54 cumulative
1781 3850 311 68 pamphlet.
313 3849 1960 150 Containing
566 3934 75 52 all
667 3936 137 50 laws
831 3933 63 51 of
920 3952 28 32 a
979 3931 227 67 general
1234 3931 112 52 and
1373 3936 334 60 permanent
1730 3934 202 47 nature
1959 3928 62 52 of
2046 3928 96 52 the
2168 3924 126 54 44th
