2424 4375
1274 4072 133 55 1470

332 440 235 67 Hawes,
594 443 201 65 Harry
820 444 258 63 Bartow,
1109 447 172 50 1869-

405 517 141 54 Fish
592 521 113 52 and
750 538 180 50 game,
976 540 127 33 now
1149 540 64 33 or
1257 540 197 49 never;
1504 541 32 34 a
1582 523 294 68 challenge
1921 530 57 46 to
2023 523 306 55 American

333 596 1936 71 sportsmen on wild-life restoration, by Harry Bartow Hawes …
334 672 1994 73 with an introduction by Frederic C. Walcott … illustrations
334 750 1992 75 by William H. Foster … New York, London, D. Appleton-
335 828 254 71 Century
623 849 296 50 company,
954 832 417 69 incorporated,
1407 837 149 50 1935.

405 902 116 48 xvii,
555 902 70 51 [2],
653 904 88 41 332
767 914 43 37 p.
869 904 164 47 front.,
1063 904 142 49 illus.,
1235 906 172 48 plates,
1437 907 149 47 ports.
1644 905 55 41 21
1702 909 44 21 cm
1751 938 10 10 .

407 959 377 51 Bibliography:
815 972 42 38 p.
884 961 220 43 315-321.

335 1014 53 53 ©
415 1018 128 48 Sept.
568 1018 68 49 27,
663 1017 113 42 1935;
830 1018 67 41 2c.
926 1019 129 49 Sept.
1079 1019 61 41 30;
1190 1018 82 41 aff.
1300 1019 99 41 Oct.
1428 1020 25 39 1;
1509 1020 41 39 A
1576 1019 143 41 86537;
1776 1021 57 39 D.
1860 1018 472 52 Appleton-Century

405 1085 81 38 co.,
513 1075 90 41 inc.
678 1075 280 49 (35-27341)

335 1168 262 67 Hayner,
626 1171 155 54 John
812 1171 263 65 Clifford,
1105 1178 171 49 1893-

405 1248 1867 70 Regional anatomy adapted to dissection, by J. C. Hayner …
337 1324 333 70 Baltimore,
699 1326 90 54 W.
819 1327 184 54 Wood
1032 1329 47 51 &
1108 1345 298 50 company,
1436 1330 151 51 1935.

406 1400 85 47 xii,
524 1399 84 41 687
639 1410 44 38 p.
742 1399 146 43 23½cm.

338 1453 53 53 ©
421 1457 100 42 Oct.
552 1458 68 46 14,
651 1457 117 40 1935;
823 1457 66 40 2c.
919 1458 98 40 and
1045 1456 82 42 aff.
1160 1457 101 41 Oct.
1291 1457 54 39 21;
1404 1459 41 38 A
1475 1458 143 41 87792;
1678 1457 242 42 Williams
1950 1459 36 40 &
2015 1458 211 41 Wilkins
2253 1470 79 38 co.,

407 1514 283 40 Baltimore.
761 1514 256 48 (35-19664)

338 1611 322 64 Herzberg,
689 1612 139 52 Max
855 1611 173 65 John,
1061 1617 171 49 1886-

409 1685 1925 71 Classical myths, by Max J. Herzberg … Boston, New York
343 1767 138 65 [etc.]
515 1764 179 68 Allyn
723 1763 112 53 and
864 1765 191 53 Bacon
1090 1799 13 35 [
1107 1771 19 22 c
1132 1767 151 65 1935]

408 1835 1925 51 xiv p., 1 l., 517, 27 p. col. front., illus., 2 col. pi., double maps. 19½cm.
410 1893 286 40 Illustrated
734 1893 363 47 lining-papers.

411 1949 275 41 “Northern
720 1951 96 39 and
850 1950 151 41 Celtic
1038 1951 175 39 stories
1250 1952 123 39 have
1408 1951 117 40 been
1561 1951 222 41 included
1820 1952 233 47 although
2092 1954 81 39 the
2209 1951 124 41 chief

337 2007 1747 48 emphasis has been placed … on our classical heritage.”—Pref.
411 2064 251 48 “Reading
686 2063 113 41 list”
829 2067 51 37 at
911 2065 91 39 end
1033 2063 51 41 of
1113 2065 118 39 each
1262 2064 214 47 chapter.

339 2120 53 53 ©
416 2125 101 40 Oct.
541 2126 41 45 3,
607 2123 114 41 1935;
774 2123 64 41 2c.
867 2125 94 38 and
986 2123 83 40 aff.
1095 2123 102 40 Oct.
1224 2124 24 39 7;
1304 2124 40 38 A
1370 2122 146 42 87530;
1567 2124 144 47 Allyn
1736 2124 37 40 &
1799 2125 176 40 Bacon.

422 2181 280 48 (35-19700)

342 2279 275 64 Howard,
646 2280 178 52 Esme
851 2277 254 55 William
1136 2278 275 64 Howard,
1441 2278 194 64 baron,
1667 2282 169 50 1863-

413 2355 247 53 Theatre
691 2355 65 53 of
787 2355 122 69 life,
943 2359 328 63 1863-1905,
1302 2355 75 67 by
1411 2357 169 51 Esme
1613 2357 274 65 Howard,
1922 2357 124 53 lord
2080 2355 251 55 Howard

343 2432 1893 69 of Penrith … Boston, Little, Brown, and company, 1935.
413 2506 88 42 336
527 2517 43 38 p.
599 2506 110 41 incl.
740 2507 149 40 front.
949 2507 170 47 plates,
1151 2509 148 45 ports.
1360 2505 116 41 23cm.

415 2563 412 49 Autobiography.

344 2618 53 54 ©
428 2622 102 41 Oct.
561 2622 68 48 18,
661 2621 116 41 1935;
834 2620 66 41 2c.
932 2620 96 40 and
1057 2620 81 40 aff.
1172 2620 102 41 Oct.
1306 2619 54 40 19;
1420 2621 42 37 A
1492 2619 170 47 86872;
1696 2620 145 39 Esme
1866 2619 229 47 Howard,
2128 2617 204 41 London.

427 2678 281 49 (35-19709)

344 2775 458 55 LTllustration.

414 2854 259 52 Histoire
722 2853 68 52 de
838 2853 56 52 la
942 2851 233 53 marine.
1264 2854 175 49 Texte
1491 2852 96 51 de:
1638 2851 249 66 Georges
1937 2849 394 56 G.-Toudouze

408 2926 1922 58 … c dt Rondeleux … Ch. De La Roncière … Charles Dollfus
409 3007 1921 68 … Joannès Tramond … Raymond Lestonnat … éditée par
346 3084 1927 69 l’Illustration, sous la direction artistique de Albert Sébille …
349 3162 1779 66 avec la collaboration de René Lefébure … Paris, 1934.
417 3233 1913 54 xi, [1], 575, [4] p., 1 l. incl. col. front., illus. (part col.) plates, ports.,
347 3306 149 36 maps,
523 3294 216 40 facsims.
767 3293 133 48 (part
928 3295 112 47 col.)
1076 3293 178 47 diagrs.
1309 3292 117 40 39cm.

421 3352 138 39 Some
589 3351 53 39 of
669 3352 84 39 the
778 3350 157 49 plates
966 3350 94 39 and
1090 3348 236 49 portraits
1357 3359 85 29 are
1470 3349 191 39 colored
1692 3349 95 38 and
1818 3348 242 39 mounted.

348 3401 1879 55 © Oct. 1, 1934; 1c. Dec. 12; A-Foreign 26441; LTllustration, Paris.
429 3463 279 49 (35-19840)

349 3561 172 52 Iowa.
595 3562 170 64 Dept.
795 3561 63 64 of
883 3559 196 66 public
1101 3558 357 53 instruction.

483 3629 1839 75 … A guide for teaching history in the elementary grades;
351 3713 203 66 grades
580 3731 103 34 one
705 3718 58 47 to
787 3713 106 52 five
918 3709 289 55 inclusive.
1268 3711 198 53 Issued
1490 3711 76 66 by
1591 3711 95 52 the
1710 3710 377 66 Department
2110 3706 63 54 of

349 3703 1955 137 public
443 3789 357 66 instruction,
821 3790 193 66 Agnes
1040 3788 348 64 Samuelson,
1411 3786 481 66 superintendent.
1950 3782 286 68 Prepared
2257 3780 68 63 by

352 3857 1972 75 Clara M. Wallace … [ and] Olive Pearl Ritter … Des Moines,
352 3944 119 52 The
501 3944 160 55 State
690 3942 63 53 of
780 3943 156 52 Iowa
1148 3976 13 33 [c1935]

422 4014 57 42 93
509 4027 43 36 p.
611 4015 117 40 22cm.
