2526 4384
1135 4018 100 49 239

173 393 298 65 Vergilius
495 395 185 63 Maro,
707 392 262 57 Publius.

244 466 1857 72 The Bucolics of Vergil, edited by Frederic J. De Veau …
177 547 135 54 New
347 547 177 67 York,
555 545 227 55 Oxford
815 548 314 67 university
1162 564 155 50 press
1353 580 13 35 [
1371 551 18 23 c
1394 548 132 50 1935
1533 579 14 35 ]

244 619 138 48 xxiii,
412 618 87 40 220
526 629 43 37 p.
631 618 54 41 19
688 621 43 20 cm
737 650 8 8 .

172 675 52 53 ©
260 680 107 39 Jan.
405 680 68 46 17,
509 677 113 42 1935;
687 679 67 39 2c.
792 679 95 38 and
922 677 81 40 aff.
1040 678 109 39 Jan.
1184 678 54 40 23;
1305 678 45 40 A
1383 677 171 48 79341;
1594 678 231 40 Frederic
1858 679 44 39 J.
1940 679 223 48 DeVeau,

241 736 195 46 Groton,
465 737 145 38 Mass.
683 734 249 49 (35-3487)

172 825 270 64 Virginia
470 830 159 50 state
659 828 105 51 bar
793 826 374 56 association.

243 902 1921 69 Proceedings of the forty-fifth annual meeting … held on
172 980 176 53 board
385 981 155 51 “The
574 980 353 68 Britannic”,
961 982 230 67 August
1223 984 190 65 22-24,
1450 984 149 50 1934.
1671 981 216 53 Edited
1917 983 75 66 by

167 982 1972 130 Cassius
303 1062 79 50 M.
409 1058 347 69 Chichester,
779 1065 298 62 secretary.
1135 1059 340 68 Richmond,
1497 1060 323 53 Richmond
1843 1078 173 50 press,
2040 1062 128 67 inc.,

174 1140 149 51 1934.

242 1211 86 39 292
355 1222 43 37 p.
456 1210 165 47 front.,
648 1211 148 47 ports.
853 1209 55 40 22½
942 1213 14 20 cm
990 1242 8 8 .

174 1264 52 53 ©
253 1264 121 43 Mar.
402 1267 38 47 6,
470 1266 118 41 1935;
637 1266 66 41 2c.
732 1268 96 39 and
855 1267 83 40 aff.
965 1268 123 39 Mar.
1116 1266 80 47 11;
1228 1267 41 39 A
1297 1266 169 49 80878;
1497 1267 222 48 Virginia
1749 1268 130 40 state
1908 1268 90 39 bar
2023 1278 144 39 assn.,

243 1324 283 40 Richmond.

174 1415 182 64 West,
382 1416 182 64 Ruth,
594 1420 172 50 1882-

242 1493 1929 69 The story of our country. New ed. By Ruth West … and
175 1570 1996 69 Willis Mason West … Boston, New York [etc.] Allyn and
174 1650 194 53 Bacon
400 1682 14 35 [
418 1655 18 23 c
441 1653 152 64 1935]

247 1722 84 49 xii,
360 1723 98 47 587,
486 1722 57 40 60
568 1732 42 37 p.
671 1724 87 39 col.
785 1723 164 48 front.,
977 1723 143 46 illus.,
1149 1724 157 45 plates
1333 1723 136 48 (part
1499 1722 111 48 col.)
1648 1724 163 47 ports.,
1840 1733 153 37 maps.
2051 1723 55 40 21
2110 1725 43 22 cm
2158 1754 10 10 .

250 1780 287 42 Illustrated
568 1779 363 49 lining-papers.

249 1833 389 51 Bibliographies
661 1840 53 37 at
736 1839 91 38 end
851 1837 52 40 of
926 1837 118 40 each
1067 1837 213 48 chapter.
1335 1836 236 41 “General
1596 1836 363 49 bibliography”;
2015 1848 44 37 p.
2084 1838 84 39 1-4

180 1895 52 39 at
257 1894 106 42 end.

177 1948 52 53 ©
255 1951 111 40 Feb.
391 1952 69 49 18,
489 1950 113 42 1935;
658 1952 66 39 2c.
753 1952 119 39 Mar.
901 1951 53 48 2;
985 1951 81 41 aff.
1095 1952 121 39 Mar.
1242 1952 53 46 4;
1324 1951 43 39 A
1392 1951 169 47 80768;
1590 1952 145 48 Allyn
1764 1952 39 40 &
1828 1953 177 39 Bacon.

258 2007 249 50 (35-3508)

178 2098 283 64 Wheeler,
488 2099 154 53 John
669 2099 245 62 Brooks,
945 2104 171 50 1853-

245 2173 271 57 Memoirs
546 2176 65 53 of
639 2196 30 33 a
700 2176 349 53 small-town
1075 2192 260 52 surgeon,
1364 2175 76 69 by
1470 2176 157 55 John
1660 2176 220 55 Brooks
1912 2177 262 54 Wheeler

243 2253 1929 71 … with reproductions of a portrait and three photographs.
179 2333 138 53 New
343 2333 179 68 York,
550 2334 309 53 Frederick
884 2333 73 53 A.
985 2331 204 57 Stokes
1214 2351 298 50 company,
1542 2336 151 50 1935.

254 2404 1196 50 viii p., 2 l., 336 p. front. (port.) plates. 22½cm.
181 2459 52 53 ©
261 2464 109 40 Feb.
400 2463 70 47 21,
497 2464 112 40 1935;
667 2464 66 39 2c.
763 2465 95 39 and
887 2463 79 40 aff.
999 2464 109 39 Feb.
1138 2463 81 47 27;
1252 2463 41 39 A
1322 2462 168 48 80621;
1525 2463 262 40 Frederick
1816 2465 53 38 A.
1904 2464 175 41 Stokes',
2105 2475 64 30 co.

260 2520 249 50 (35-3518)

181 2609 442 66 Wheelwright,
649 2610 191 64 Philip
869 2610 164 56 Ellis.

249 2686 1866 71 A critical introduction to ethics, by Philip Wheelwright …
182 2763 232 55 Garden
441 2765 153 68 City,
619 2765 69 53 N.
718 2766 91 67 Y.,
836 2765 356 69 Doubleday,
1219 2766 199 52 Doran
1442 2768 45 50 &
1512 2782 298 52 company,
1836 2768 106 52 inc.
2157 2800 14 34 [c1935]

250 2839 97 47 xvi,
375 2838 85 41 463
489 2850 41 37 p.
589 2838 55 39 21
648 2841 43 21 cnl
695 2869 9 9 .

254 2896 162 40 “First
447 2895 224 40 edition.”

253 2952 309 48 “Appendix:
593 2952 245 47 Readings
868 2954 95 38 and
993 2951 250 48 questions
1270 2952 80 40 for
1377 2951 299 41 discussion”:
1739 2964 42 37 p.
1817 2951 246 51 [405]-442.

185 3004 52 53 ©
263 3010 109 39 Feb.
399 3010 68 46 11,
496 3009 140 46 1935;
665 3010 67 39 2c.
759 3010 97 39 and
883 3008 81 41 aff.
993 3009 111 39 Feb.
1130 3009 83 47 20;
1242 3010 41 38 A
1309 3008 170 48 79738;
1508 3010 298 47 Doubleday,
1834 3011 167 38 Doran
2030 3010 37 39 &
2092 3020 83 39 co.,

253 3065 88 40 inc.
414 3065 248 48 (35-3554)

183 3152 303 68 Williams,
514 3155 167 54 Jesse
709 3155 257 65 Feiring,
996 3160 171 50 1886-

254 3232 264 68 Hygiene
566 3235 112 52 and
724 3231 339 70 sanitation;
1112 3234 98 53 the
1254 3233 290 55 essentials
1591 3233 65 54 of
1698 3235 237 52 modern
1979 3234 193 53 health

183 3311 1967 144 care, by Jesse Feiring Williams … 3d ed., rev. Philadelphia
355 3390 113 52 and
499 3389 259 67 London,
786 3390 89 53 W.
910 3390 66 51 B.
1011 3389 287 55 Saunders
1329 3406 297 51 company,
1660 3393 150 49 1935.

259 3460 87 41 372
375 3471 44 38 p.
478 3461 142 49 illus.,
651 3461 117 43 fold,
800 3462 110 48 tab.,
944 3462 178 47 diagrs.
1180 3462 57 40 20
1240 3464 42 21 cm
1288 3494 9 9 .

263 3516 292 41 “Collateral
583 3518 253 45 readings”:
896 3530 40 36 p.
966 3517 214 41 343-350.

190 3570 52 53 ©
265 3575 110 40 Feb.
399 3576 68 46 15,
492 3575 117 41 1935;
656 3575 66 41 2c.
747 3577 110 38 Feb.
880 3576 82 47 20;
989 3575 81 40 aff.
1096 3576 109 39 Feb.
1231 3576 49 38 21;
1340 3576 41 38 A
1406 3575 140 41 80532;
1602 3577 70 38 W.
1701 3576 52 38 B.
1784 3576 243 40 Saunders
2053 3586 66 29 co.

268 3631 248 49 (35-3519)

189 3706 195 64 Wood,
412 3708 253 63 Samuel,
696 3711 170 51 1874-

258 3782 1917 69 Tithes; a history of tithe, ancient and modern … by Samuel
190 3856 199 55 Wood.
473 3861 249 66 [Fresno,
766 3861 196 60 Calif.,
1006 3861 206 55 Crown
1255 3861 262 67 printing
1559 3861 112 53 and
1714 3861 316 67 engraving
2073 3880 98 48 co.]

194 3936 148 52 1934.
