2424 4375
1242 4084 132 53 1372

319 466 276 63 Masters,
625 467 201 64 Edgar
856 467 132 66 Lee,
1019 473 170 51 1868-

390 541 274 56 Invisible
705 542 345 68 landscapes,
1095 544 70 67 by
1212 543 197 70 Edgar
1451 544 107 51 Lee
1603 544 254 53 Masters.
1950 543 136 54 New
2134 544 174 67 York,

318 618 121 55 The
463 618 334 55 Macmillan
826 638 293 51 company,
1150 623 149 49 1935.

388 705 682 49 viii p., 1 l., 163 p. 19 ½ cm .
390 776 183 41 Poems.

321 846 53 52 ©
409 850 127 47 Sept.
571 849 69 47 24,
674 848 140 47 1935;
849 849 66 41 2c.
950 850 96 39 and
1080 849 81 41 aff.
1199 851 127 47 Sept.
1360 850 82 46 25;
1479 851 40 38 A
1554 851 170 47 87252;
1762 852 50 38 E.
1850 852 50 39 L·.
1936 852 224 45 Masters,
2195 851 113 41 New

390 907 143 39 York.
604 906 279 49 (35-18102)

321 1024 225 66 Mehra,
572 1026 105 52 Lai
704 1025 223 57 Chand.

389 1100 262 70 Looking
683 1100 236 68 inward,
955 1100 73 69 by
1060 1100 107 53 Lai
1204 1100 203 56 Chand
1440 1100 200 54 Mehra
1682 1145 57 10 …
1779 1101 282 53 foreword
2097 1102 73 69 by
317 1102 1971 130 Ernest
473 1178 57 55 S.

563 1178 249 54 Holmes.
886 1178 110 54 Los
1027 1178 263 69 Angeles,
1323 1177 193 70 Calif.,
1546 1178 263 55 DeVorss
1844 1182 50 50 &
1928 1198 79 35 co.
2045 1213 13 35 [
2062 1187 18 21 c
2087 1182 132 50 1934
2224 1214 13 33 ]

389 1262 618 51 6 p. l., 17-123 p. 20 cm .
390 1335 162 40 “First
580 1335 198 48 edition,
809 1335 217 48 October,
1056 1334 157 42 1934.”

321 1407 53 52 ©
405 1410 118 39 Nov.
556 1410 40 46 5,
630 1408 140 47 1934;
806 1409 66 39 2c.
907 1410 95 39 and
1037 1408 82 40 aff.
1154 1408 109 40 Jan.
1298 1408 39 47 5,
1372 1407 113 42 1935;
1550 1409 39 39 A
1624 1409 143 41 78878;
1829 1409 50 40 L.
1914 1410 49 41 C.
2001 1411 182 46 Mehra,
2220 1412 88 40 Los

385 1468 218 46 Angeles.
675 1465 279 49 (35-18114)

316 1585 213 62 Moses,
560 1584 273 54 Edward.

390 1661 213 52 Drums
650 1659 113 53 and
810 1658 234 68 violins;
1093 1659 234 53 modern
1374 1658 306 55 American
1726 1666 202 62 poetry
1975 1665 134 49 1934
2154 1660 154 70 prize

326 1740 234 66 volume,
603 1739 75 67 by
722 1739 252 52 Edward
1020 1737 202 53 Moses.
1296 1737 139 54 New
1480 1738 179 67 York,
1703 1739 121 52 The
1869 1740 240 55 Galleon
2153 1759 155 49 press

325 1852 13 34 [
343 1823 17 22 c
366 1821 134 50 1934
504 1851 12 34 ]

392 1903 55 40 63
479 1913 41 37 p.
580 1902 57 39 22
640 1903 44 22 cm
689 1933 9 9 .

316 1971 56 53 ©
397 1976 114 46 July
536 1974 69 47 10,
629 1973 114 41 1934;
795 1974 67 40 2c.
891 1973 127 48 Sept.
1042 1973 69 47 16,
1138 1972 113 41 1935;
1306 1973 80 40 aff.
1413 1973 120 48 Aug.
1559 1973 56 39 21;
1670 1975 40 38 A
1736 1973 169 49 85990;
1936 1974 201 42 Galleon
2161 1985 147 40 press,

386 2032 90 40 inc.
549 2030 280 49 (35-17655)

321 2149 226 64 Müller,
581 2148 180 66 Fritz,
795 2149 170 56 1875-

396 2270 56 10 …
496 2225 76 55 So
607 2226 75 53 ist
719 2226 101 52 das
854 2224 176 69 leben,
1069 2224 380 67 erzählungen
1490 2242 109 36 von
1640 2225 159 53 Fritz
1838 2223 448 58 Müller-Parten
321 2303 231 54 kirchen;

611 2302 188 53 edited
827 2300 139 54 with
995 2308 174 61 notes,
1199 2301 284 68 exercises,
1513 2301 111 52 and
1654 2302 341 68 vocabulary
2023 2302 75 69 by
2128 2303 63 52 F.
2219 2305 89 54 W.

321 2380 337 53 Kaufmann
709 2423 56 10 …
815 2379 113 54 and
975 2377 284 55 Gertrude
1301 2378 76 52 H.
1426 2378 269 53 Dunham
1744 2421 59 12 …
1898 2379 231 70 Boston,
2174 2380 134 53 New

322 2457 160 53 York
530 2461 119 63 [etc.]
679 2457 72 53 D.
777 2455 61 55 C.
865 2456 192 53 Heath
1083 2455 112 52 and
1219 2472 276 51 company
1525 2489 14 35 [
1543 2462 19 22 c
1566 2457 133 51 1935
1705 2489 13 35 ]

389 2543 65 47 ix,
484 2541 86 41 159
602 2551 43 38 p.
704 2541 149 40 front.
881 2539 172 49 (port.)
1120 2540 56 40 17
1179 2542 44 22 cm
1226 2572 9 9 .
1307 2540 227 48 (Heath’s
1567 2542 197 40 modern
1798 2543 240 49 language
2071 2543 174 49 series)

391 2613 179 39 Eleven
596 2611 174 41 stories
794 2610 207 41 selected
1027 2610 128 40 from
1182 2611 82 40 the
1290 2611 216 40 author’s
1534 2612 251 40 collection
1813 2613 220 49 “Gesang
2057 2615 65 39 im
321 2614 1970 95 Zuchthaus”.
547 2669 101 39 The

679 2669 135 46 story
845 2667 157 40 which
1033 2676 120 38 gave
1184 2667 65 40 its
1278 2677 143 30 name
1453 2670 49 38 to
1533 2668 81 40 the
1648 2669 207 47 original
1886 2679 154 39 group
2070 2671 89 40 has
2191 2673 116 40 been

321 2726 215 46 omitted,
573 2725 95 38 and
703 2725 81 38 the
817 2734 106 29 new
958 2724 121 46 title,
1115 2722 193 48 equally
1344 2725 324 46 appropriate,
1705 2726 89 38 has
1831 2727 119 39 been
1983 2728 188 39 chosen,
2272 2728 36 48 cf.

321 2781 129 41 Pref.

321 2853 53 52 ©
403 2857 125 46 Sept.
554 2853 71 48 20,
651 2854 113 39 1935;
819 2852 65 41 2c.
913 2853 95 39 and
1036 2851 81 40 aff.
1147 2851 100 40 Oct.
1275 2851 25 38 2;
1357 2852 39 38 A
1424 2852 144 40 87408;
1624 2852 251 41 Friedrich
1902 2853 227 41 Wilhelm
391 2856 1902 95 Kaufmann
567 2912 95 39 and

695 2910 239 40 Gertrude
960 2909 154 39 Helen
1146 2909 240 46 Dunham,
1418 2908 370 50 Northampton,
1822 2911 145 39 Mass.
2031 2910 277 49 [Copyright

390 2968 44 41 is
464 2968 204 41 claimed
701 2977 61 30 on
794 2965 209 49 preface,
1036 2964 342 47 introduction,
1414 2964 251 49 exercises,
1700 2967 140 39 notes
1871 2968 96 39 and
1999 2967 306 50 vocabulary]

405 3024 279 50 (35-18106)

322 3130 183 63 Naae,
532 3126 265 55 Thorlief
826 3127 81 64 T.,
941 3128 169 51 1862-

392 3206 121 53 The
540 3206 108 67 key
675 3210 57 47 to
763 3204 385 66 Shakespeare
1174 3202 75 68 by
1275 3203 96 52 the
1399 3207 266 62 anatomy
1694 3201 63 53 of
1785 3204 94 52 the
1905 3202 180 69 figure
2113 3222 71 34 on
2212 3204 94 52 the

324 3283 298 68 title-page
652 3282 64 53 of
745 3284 96 51 the
872 3280 143 54 folio
1047 3280 63 53 of
1144 3284 131 49 1623
1308 3279 64 54 of
1406 3279 385 68 Shakespeare
1822 3280 180 68 plays,
2032 3280 171 69 being
2234 3301 70 33 an

323 3361 318 68 exposition
667 3360 63 54 of
754 3357 114 56 this
894 3359 223 52 famous
1142 3358 124 53 first
1292 3356 159 68 folio,
1476 3357 140 53 with
1640 3363 156 48 notes
1821 3363 58 47 to
1904 3360 95 51 the
2024 3361 279 66 Tempest,

323 3440 197 53 Love’s
548 3438 204 55 labor’s
781 3438 125 66 lost,
936 3438 112 51 and
1079 3436 258 66 Sonnets,
1366 3436 76 66 by
1472 3436 104 52 Th.
1609 3438 64 50 T.
1705 3436 156 52 Naae
1895 3480 55 11 …
2029 3437 138 52 New
2197 3436 105 53 enl.

323 3516 84 54 ed.
482 3519 232 64 Boston,
748 3515 236 53 Meador
1018 3512 332 69 publishing
1385 3531 294 50 company,
1717 3517 146 50 1935.

394 3598 87 40 246
509 3608 42 37 p.
611 3598 163 49 front.,
804 3600 168 45 plates,
1004 3600 162 45 ports.,
1196 3596 214 40 facsims.
1469 3596 58 40 20½
1557 3598 44 22 cm
1606 3628 8 9 .

396 3671 139 38 Plate
561 3667 166 50 facing
752 3679 120 38 page
897 3669 56 40 34
981 3668 119 40 with
1128 3668 228 39 mounted
1383 3668 150 40 mask.

398 3726 261 41 Published
705 3726 50 40 in
800 3726 112 40 1915
958 3726 153 39 under
1154 3725 108 40 title;
1337 3726 89 39 Mr.
1470 3724 216 41 William
1733 3724 188 48 Argone;
1994 3725 82 38 the
2120 3723 89 47 key
2254 3723 48 38 to

329 3782 331 46 Shakespeare
690 3783 60 47 by
779 3783 83 40 the
890 3783 229 46 anatomy
1147 3781 52 40 of
1226 3782 82 39 the
1337 3781 151 47 figure
1518 3792 60 29 on
1609 3781 79 39 the
1718 3779 247 49 title-page
1996 3779 51 41 of
2077 3781 79 38 the
2186 3777 115 42 folio

327 3838 51 40 of
406 3837 112 41 1623
549 3839 52 38 of
629 3838 83 41 the
743 3839 329 47 Shakespeare
1101 3839 151 46 plays,
1282 3837 121 40 with
1432 3839 137 37 notes
1599 3839 48 37 to
1676 3835 166 41 Love’s
1872 3836 171 40 labour
2072 3837 106 45 lost,
2208 3833 93 40 and

327 3895 118 40 with
471 3895 93 48 key
589 3896 96 39 and
710 3897 137 39 notes
872 3897 51 38 to
949 3898 82 38 the
1061 3894 216 41 Sonnets.

325 3962 51 52 ©
402 3966 118 48 Aug.
547 3965 68 48 26,
640 3965 116 41 1935;
807 3966 65 40 2c.
904 3966 126 47 Sept.
1055 3965 82 47 20;
1166 3964 82 41 aff.
1278 3965 127 48 Sept.
1431 3965 55 39 19;
1541 3965 40 39 A
1608 3965 139 39 86381;
1805 3965 50 37 T.
1884 3964 51 39 T.
1963 3964 146 45 Naae,
2140 3962 161 40 Graet-

393 4021 170 49 tinger,
597 4023 67 39 la.
736 4022 277 48 (35-17650)
