2424 4375
1224 4049 133 48 1050

290 415 220 65 Colvin,
539 418 150 52 Fred
718 418 273 62 Herbert,
1022 419 170 54 1867-

356 494 303 53 American
713 493 352 54 machinists’
1117 493 305 54 handbook
1476 496 113 51 and
1644 495 322 67 dictionary
2022 496 64 52 of
2142 496 139 67 shop

286 577 188 60 terms,
511 595 30 33 a
580 571 286 53 reference
902 571 149 53 book
1087 570 66 54 of
1190 571 260 53 machine
1487 572 143 68 shop
1671 573 112 53 and
1824 573 262 68 drawing
2128 593 151 34 room

283 647 1997 70 data, methods and definitions, by Fred H. Colvin … and
287 726 1996 69 Frank A. Stanley … 6th ed., rev. and enl. Total issue,
284 809 239 63 269,000.
616 806 138 52 New
801 806 162 52 York
1008 807 112 52 and
1167 805 261 68 London,
1471 805 429 55 McGraw-Hill
1946 807 147 53 book
288 826 1969 127 company,

485 884 125 65 inc.,
638 887 151 50 1935.

355 957 134 43 xviii,
520 958 114 39 1146
663 968 29 38 p.
735 957 111 41 incl.
871 957 141 45 illus.,
1043 957 168 47 tables,
1242 956 181 49 diagrs.
1482 958 54 40 17½
1568 959 45 22 cm
1617 989 10 10 .

357 1015 160 41 "First
544 1014 231 49 printing,
805 1014 116 41 5000
947 1014 201 49 copies."

291 1081 53 53 ©
373 1086 115 47 July
515 1086 69 47 18,
615 1084 111 41 1935;
784 1083 67 42 2c.
881 1085 115 47 July
1024 1084 56 39 24;
1139 1084 80 40 aff.
1251 1085 115 48 July
1395 1085 56 40 23;
1511 1085 41 39 A
1579 1085 142 41 84713;
1783 1085 350 41 McGraw-Hill
2163 1086 121 39 book

359 1154 81 36 co.,
466 1143 90 40 inc.
627 1141 278 49 (35-12236)

294 1248 273 62 Conway,
596 1247 122 52 Paul
770 1246 241 64 Gerard,
1040 1247 82 52 ed.

363 1323 215 54 Stories
605 1333 98 42 out
732 1321 62 53 of
822 1323 205 63 school,
1058 1322 187 56 edited
1276 1323 70 67 by
1377 1323 145 53 Paul
1549 1323 222 54 Gerard
1803 1324 264 66 Conway.
291 1327 1966 139 Boston,
435 1403 56 54 J.

523 1404 64 51 B.
620 1400 279 68 Pomfret,
932 1406 148 48 1935.

397 1472 987 50 x p., 1 l., 331 p. front., plaies. 21 cm .
291 1529 53 52 ©
371 1533 79 39 July
517 1533 67 45 18,
611 1531 139 46 1935;
779 1531 67 39 2c.
875 1532 115 46 July
1016 1531 81 45 15;
1129 1530 81 39 aff.
1240 1531 118 46 Aug.
1388 1531 51 45 5;
1470 1530 39 39 A
1538 1530 169 41 85315;
1739 1531 94 47 Jay
1862 1531 53 38 B.
1947 1530 231 41 Pomfret.

373 1589 279 48 (31-12191)

295 1689 315 64 Dingman,
643 1688 219 54 Harold
895 1687 382 65 Williamson,
1313 1693 166 49 1884-

361 1763 277 55 Selection
675 1764 64 54 of
772 1764 145 53 risks
953 1764 92 52 for
1081 1764 106 52 life
1218 1764 315 67 insurance,
1566 1763 194 54 health
1797 1763 314 69 insurance,
289 1763 1971 131 accident

449 1840 1835 72 insurance, by Harry [!] W. Dingman … Cincinnati, The
290 1919 1021 68 National underwriter co. [ c 1935]
359 1993 585 48 3 p. l ., 3-380 p. 22cm.
295 2049 53 52 ©
378 2053 112 47 Apr.
525 2052 70 47 20,
627 2051 140 46 1935;
803 2052 65 40 2c.
902 2052 96 40 and
1030 2051 80 41 aff.
1145 2052 128 39 June
1305 2052 82 46 14;
1422 2052 41 38 A
1495 2051 170 47 84262;
1701 2052 129 40 Natl.
1866 2051 324 41 underwriter
2219 2062 66 31 co.

374 2109 281 46 (35-12448)

298 2212 245 64 Dorsey,
572 2213 211 62 LeRoy
810 2213 91 63 H.,
930 2213 82 51 ed.

366 2289 325 66 Heirloom;
729 2289 220 67 lineage
984 2289 214 66 record,
1232 2288 189 54 edited
1455 2289 75 67 by
1563 2290 209 67 LeRoy
1805 2291 77 52 H.
1920 2291 217 66 Dorsey
2175 2290 108 52 and

300 2368 198 66 Edgar
521 2369 75 51 H.
624 2366 249 64 Walker,
897 2386 82 33 ll.
1006 2386 47 33 b.
1116 2366 269 68 Chicago,
1411 2369 144 51 Fine
1581 2373 117 48 arts
1724 2367 333 55 association
2091 2402 12 33 [
2107 2376 18 20 c
2134 2371 128 50 1935]

364 2441 54 40 72
446 2451 42 38 p.
517 2440 108 40 incl.
656 2439 166 41 forms.
880 2440 56 40 28
938 2442 44 21 cm
986 2470 9 9 .

368 2497 263 48 "Heritage
659 2496 197 47 edition,
885 2507 116 37 copy
1031 2496 201 39 number
1260 2494 68 42 8.”

366 2554 274 48 "Compiled
663 2553 76 41 for
764 2553 82 41 the
867 2563 208 39 purpose
1098 2553 51 41 of
1172 2552 303 50 simplifying
1498 2552 84 42 the
1603 2552 204 50 keeping
1831 2553 52 40 of
1905 2552 174 49 family
2105 2553 182 48 lineage

296 2610 340 48 records.”—p.
665 2610 67 40 13.

367 2667 413 48 Bibliographies:
812 2677 41 38 p.
884 2665 157 41 15-24.

299 2720 53 52 ©
376 2725 116 45 July
517 2724 39 46 5,
581 2723 113 40 1935;
747 2723 67 39 2c.
842 2723 93 38 and
960 2722 83 39 aff.
1070 2722 115 47 July
1211 2721 52 47 9;
1290 2722 43 37 A
1356 2721 142 40 85097;
1556 2720 121 40 Fine
1700 2724 104 37 arts
1830 2731 128 29 assn.
378 2780 280 46 (35-12493)

301 2880 249 66 Dunlap,
579 2880 175 54 Orrin
784 2879 215 63 Elmer,
1030 2885 171 49 1896-

365 2955 1924 70 The story of radio, by Orrin E. Dunlap … New York, The
297 3037 135 52 Dial
461 3054 173 48 press,
665 3038 148 50 1935.

373 3108 135 48 xviii,
540 3108 87 41 326
658 3119 41 38 p.
759 3107 164 48 front.,
955 3107 172 49 plates,
1159 3106 149 49 ports.
1368 3106 147 41 21½cm.

300 3162 54 53 ©
399 3168 108 46 July
544 3166 67 45 19,
651 3165 139 44 1935;
829 3164 67 40 2c.
932 3165 117 46 Aug.
1089 3165 51 40 1;
1181 3163 81 39 aff.
1302 3163 116 47 July
1453 3163 81 45 20;
1574 3163 41 38 A
1651 3162 168 45 84801;
1860 3162 112 39 Dial
2011 3172 147 38 press,
2197 3160 87 40 inc.

373 3222 280 49 [Copyright
684 3220 42 41 is
755 3221 204 39 claimed
988 3231 59 29 on
1076 3220 25 39 3
1134 3218 271 41 additional
1435 3220 225 47 chapters
1690 3220 96 39 and
1817 3218 159 49 index]
380 3278 278 47 (35-12234)

308 3377 279 67 [Durand,
619 3379 62 65 of
707 3378 307 65 Dauphine]
1064 3378 60 65 fl.
1157 3376 322 54 1685-1687.

372 3453 54 51 A
454 3453 313 68 Huguenot
793 3452 143 55 exile
963 3454 61 53 in
1053 3449 296 71 Virginia;
1381 3470 80 49 or,
1489 3451 261 69 Voyages
1779 3450 64 53 of
1873 3469 32 34 a
1933 3449 349 54 Frenchman

301 3529 183 54 exiled
513 3530 94 53 for
631 3530 89 53 his
747 3529 258 68 religion,
1033 3530 140 52 with
1202 3548 32 34 a
1262 3527 344 69 description
1634 3527 64 53 of
1721 3527 268 68 Virginia
2016 3530 51 50 &
301 3525 1961 147 Maryland;

496 3606 151 54 from
677 3607 94 51 the
800 3606 205 67 Hague
1033 3604 215 56 edition
1276 3605 64 54 of
1368 3603 163 68 1687;
1560 3604 141 55 with
1732 3623 71 34 an
1831 3603 382 54 introduction
2240 3601 44 51 &

302 3688 156 49 notes
491 3683 74 67 by
599 3682 225 55 Gilbert
859 3681 269 55 Chinard.
1203 3681 138 55 New
1377 3681 177 69 York,
1589 3681 121 53 The
1744 3681 165 53 Press
1944 3680 63 53 of
2037 3679 95 55 the
303 3679 1956 143 pioneers,
506 3760 124 65 inc.,
663 3762 149 49 1934.

372 3828 85 39 189
493 3840 29 36 p.,
587 3830 23 37 1
668 3860 8 9 l.
735 3829 163 47 front.,
933 3829 170 47 plates,
1137 3830 136 46 port.,
1309 3839 125 37 map,
1470 3829 189 40 facsim.
1719 3828 58 40 20½
1806 3831 45 21 cm
1856 3859 8 9 .

375 3883 1906 50 Map, “Virginiæ … et Floridæ", a reproduction of a map plate by
305 3940 62 40 Va
377 3941 49 40 lk
454 3942 93 40 and
579 3942 200 44 Schenk,
806 3941 318 46 Amsterdam,
1152 3952 69 30 ca.
1248 3940 127 47 1700,
1404 3952 61 29 on
1492 3941 134 40 front
1655 3942 95 40 and
1779 3942 121 40 back
1926 3943 355 44 lining-papers.
