2526 4384
1102 4041 95 48 143

152 425 226 64 Stuart,
408 424 262 58 Francis.

225 500 219 70 Things
477 509 56 47 to
566 503 110 53 live
712 503 118 61 for;
869 511 156 50 notes
1061 505 91 53 for
1185 525 71 33 an
1291 506 475 69 autobiography,
1799 508 74 67 by
1907 509 239 53 Francis

156 578 214 55 Stuart.
446 580 136 53 New
614 582 177 54 York.
823 584 119 51 The
972 582 332 54 Macmillan
1334 601 297 51 company,
1662 590 147 49 1935.

225 667 99 43 viii,
356 668 87 40 278
473 678 40 37 p.
576 668 82 41 221
663 671 43 21 cm
713 701 7 7 .

155 737 55 52 ©
234 742 108 39 Feb.
371 741 68 46 19·,
470 741 140 47 1935;
639 742 65 40 2c.
735 744 95 38 and
859 743 80 40 aff.
973 743 108 40 Feb.
1112 743 82 46 20;
1226 744 43 38 A
1294 743 170 47 79753;
1498 744 50 39 F.
1582 744 184 48 Stuart,
1799 746 347 47 Glendalough,

219 798 190 48 County
440 799 247 46 Wicklow,
721 800 209 39 Ireland.
1002 799 249 48 (35-2659)

147 900 229 66 Taylor,
408 903 224 63 George
662 901 272 67 William,
966 909 169 49 1901-

220 979 120 53 The
381 979 257 68 knitting
680 980 325 68 equipment
1050 982 63 51 of
1153 982 96 52 the
1290 984 261 52 seamless
1594 982 225 67 hosiery
1861 984 285 67 industry,

146 1058 263 67 January
434 1061 205 60 1,1934
667 1059 108 66 [by]
803 1059 221 68 George
1046 1062 88 52 W.
1159 1061 216 66 Taylor
1400 1061 149 66 [and]
1579 1062 67 54 G.
1672 1061 177 53 Allan
1873 1063 177 66 Dash,
2073 1062 72 67 jr.

148 1136 424 67 Philadelphia,
620 1137 322 52 Industrial
990 1138 255 52 research
1295 1138 171 67 dept.,
1512 1139 285 54 Wharton
1844 1140 191 53 school
2083 1141 63 52 of

148 1211 214 56 finance
390 1215 112 51 and
528 1231 321 45 commerce,
877 1214 336 68 University
1239 1216 63 52 of
1328 1218 442 66 Pennsylvania,
1796 1220 60 52 in
146 1235 1975 109 cooperation
295 1292 139 53 with
463 1293 95 52 the
586 1292 248 69 Hosiery
863 1294 135 53 code
1028 1295 311 67 authority,
1366 1298 150 49 1934.

220 1381 96 48 xvi,
343 1381 85 39 144
455 1393 40 36 p.
555 1381 155 40 tables
739 1380 134 49 (part
900 1380 144 51 fold.)
1080 1380 177 49 diagrs,.
1314 1380 56 42 23½
1403 1385 43 20 cm
1452 1414 8 8 .

223 1453 128 40 “The
382 1452 298 48 publication
713 1453 51 39 of
797 1452 98 40 this
929 1456 164 44 report
1123 1453 89 39 has;
1244 1453 118 40 been
1395 1453 304 40 undertaken
1733 1455 60 47 by
1826 1455 85 39 the
1939 1454 210 49 Hosiery

152 1512 116 38 code
301 1509 252 48 authority
590 1520 53 29 as
680 1520 27 29 a
745 1510 107 40 first
889 1512 109 45 step
1029 1510 50 38 in
1116 1511 84 38 the
1233 1509 334 48 presentation
1605 1510 54 40 of
1693 1512 85 39 the
1811 1511 129 41 facts;
1979 1512 53 40 of
2067 1513 84 40 the

150 1568 228 39 seamless
405 1567 230 47 industry
659 1569 49 37 to
733 1566 70 42 its·
825 1565 472 41 members.”—Pref.

155 1633 50 52 ©
233 1639 107 39 Jan.
370 1638 68 46 11,
467 1636 114 41 1935;
639 1636 66 41 2c.
736 1638 108 38 Jan.
873 1638 82 45 18;
987 1636 80 40 aff.
1098 1637 109 39 Jan.
1236 1638 55 38 17;
1348 1638 41 38 A
1418 1636 170 48 80052;
1621 1639 272 39 Industrial
1922 1641 229 38 research

220 1697 319 45 department,
567 1695 239 39 Wharton
835 1695 161 39 school
1026 1694 51 40 of
1103 1694 190 39 finance
1318 1695 94 39 and
1442 1705 276 37 commerce,
1749 1694 139 41 Univ.
1920 1697 54 38 of
218 1697 1914 102 Pennsylvania.
525 1750 251 49 (35-2596)

147 1857 208 52 Texas.
415 1860 183 62 Laws,
625 1863 256 59 statutes,
906 1864 100 48 etc.

216 1935 277 52 Vernon’s
535 1934 309 53 annotated
885 1934 243 53 Revised
1170 1933 133 53 civil
1345 1934 113 52 and
1498 1934 263 54 criminal
1802 1939 238 50 statutes
2082 1937 64 51 of

150 2012 94 53 the
273 2017 147 48 state
448 2013 65 52 of
541 2016 197 50 Texas.
806 2014 280 66 January,
1118 2014 151 65 1935,
1300 2012 345 53 cumulative
1671 2014 316 66 pamphlet,
151 2034 1970 125 containing

419 2091 76 52 all
538 2093 136 50 laws
717 2090 64 52 of
823 2110 30 32 a
897 2091 228 67 general
1168 2091 112 53 and
1324 2096 338 61 permanent
1697 2097 207 47 nature
1945 2092 63 53 of
2050 2093 95 53 the

150 2171 136 51 43rd
319 2167 374 70 Legislature,
726 2168 158 53 third
919 2169 112 51 and
1064 2168 200 52 fourth
1297 2168 182 53 called
1511 2169 256 67 sessions,
1798 2170 140 52 with
150 2189 1970 112 annotations

392 2244 1754 74 and with cumulative table and index … Kansas City,
147 2327 1067 66 Vernon law book company [ c 1934]
220 2413 580 51 1 p. l., 5-253 p. 24 cm .
155 2483 52 52 ©
238 2488 110 39 Dec.
380 2486 69 46 20,
482 2485 139 47 1934;
655 2484 65 40 2c.
755 2485 107 38 Jan.
896 2483 69 48 21,
998 2482 140 47 1935;
1172 2482 81 40 aff.
1288 2483 109 39 Jan.
1430 2483 82 46 24;
1548 2484 40 38 A
1621 2483 170 48 80182;
1827 2486 192 40 Vernon
2051 2486 96 41 law

220 2544 123 40 book
366 2554 66 29 co.

156 2645 289 68 [Thomas,
475 2646 291 53 Gertrude
793 2644 106 53 Ida]
949 2648 169 50 1889-

219 2724 288 54 Phantom
536 2740 262 36 oarsman
830 2721 114 54 and
974 2721 164 53 other
1167 2739 210 49 poems,
1407 2720 78 68 by
1514 2719 136 57 Gail
1678 2720 197 56 White
1935 2723 210 68 [pseud.]

150 2796 1897 74 Minneapolis, F. T. Phelps, typographer and printer [ c 1934]
253 2885 648 51 x p., 1 l., 66 p., 1 l. 16 cm .
223 2957 211 42 “Second
463 2957 226 41 edition.”

223 3011 1203 49 “Two hundred copies … have been printed.”
157 3081 52 52 ©
243 3086 117 40 Nov.
397 3086 69 48 20,
503 3085 116 40 1934;
681 3085 30 38 2c
786 3086 115 39 Nov.
939 3085 81 45 30;
1062 3084 79 39 aff.
1181 3084 110 40 Feb.
1329 3084 69 47 11,
1436 3084 139 47 1935;
1615 3086 42 38 A
1693 3084 170 48 79608;
1906 3086 243 41 Gertrude

220 3143 222 41 Thomas,
488 3141 335 48 Minneapolis.
888 3141 280 49 [Copyright
1210 3140 42 41 is
1295 3141 205 40 claimed
1544 3152 60 29 on
1650 3142 272 40 additional
1966 3153 177 39 poems]

232 3199 249 50 (35-2549)

151 3301 211 66 Tryon,
387 3303 166 53 Rolla
581 3302 227 64 Milton,
841 3305 171 52 1875-

281 3378 1860 68 … The American nation yesterday and today, by Rolla M.
155 3453 1923 71 Tryon … Charles R. Lingley … and Frances Morehouse …
157 3530 1604 71 Boston, New York [etc.] Ginn and company [ c 1934]
292 3649 8 11 xx,
330 3619 96 46 634,
456 3619 82 39 xlv
565 3629 43 37 p.
668 3619 86 40 col.
783 3619 162 47 front.,
976 3619 143 47 illus.,
1149 3619 158 47 plates
1335 3619 136 48 (part
1496 3619 111 47 col.)
1648 3620 162 46 ports.,
1845 3628 136 38 maps
2009 3619 136 48 (part

155 3673 193 49 double)
396 3676 179 46 diagrs.
634 3675 55 40 20
693 3678 43 20 cm
742 3709 8 7 .
821 3676 123 48 (The
982 3676 159 47 Tryon
1180 3678 95 38 and
1314 3675 200 47 Lingley
1552 3674 190 47 history
1782 3675 173 49 series)

224 3742 328 50 Frontispiece
581 3745 337 47 accompanied
948 3746 61 47 by
1037 3747 153 47 guard
1220 3747 135 39 sheet
1379 3745 120 41 with
1528 3744 290 49 descriptive
1845 3747 296 45 letterpress.

225 3798 229 42 Contains
483 3801 387 48 bibliographies.

158 3864 50 52 ©
237 3871 109 40 Dec.
376 3872 68 45 29,
473 3872 112 40 1934;
643 3874 64 39 2c.
740 3874 107 38 Feb.
878 3875 68 45 11,
977 3873 113 40 1935;
1149 3874 79 38 aff.
1261 3873 109 41 Feb.
1402 3874 58 40 13;
1516 3875 41 38 A
1586 3873 146 41 79618;
1834 3906 8 8 R.
1875 3875 60 39 M.
1967 3875 175 46 Tryon,

222 3927 221 49 Chicago,
478 3931 95 38 and
610 3931 209 38 Frances
854 3930 298 48 Morehouse,
1190 3931 115 39 New
1341 3931 143 39 York.
1548 3931 282 48 [Copyright
1862 3932 42 38 is
1939 3931 204 39 claimed

224 3993 59 29 on
309 3985 306 48 corrections]
688 3986 249 48 (35-2692)
