2424 4375
1200 4059 134 48 1154

286 434 280 53 National
590 434 357 64 geographic
972 436 243 64 society,
1243 437 65 52 W
1315 436 204 66 ashing
1524 441 114 61 ton,
1661 438 72 52 D.
1760 437 62 55 G.

351 510 123 55 Our
516 510 177 53 insect
735 510 220 55 friends
999 514 112 51 and
1155 511 120 54 foes
1317 514 113 51 and
1472 512 248 67 spiders;
1767 533 31 32 a
1841 510 168 58 series
2051 513 65 52 of
280 512 1968 145 fascinating

576 589 199 53 stories
817 587 64 53 of
920 588 114 68 bee,
1075 592 117 64 ant,
1230 589 195 68 beetle,
1464 589 132 69 bug,
1637 589 94 68 fly,
1771 589 289 69 butterfly,
2097 590 176 67 moth,

280 667 114 52 and
432 666 193 68 spider
663 665 134 68 life;
838 665 140 54 with
1016 665 316 69 sixty-four
1370 685 173 50 pages
1582 667 383 70 reproducing
2001 686 134 35 over
2175 669 98 53 500

281 744 202 55 insects
524 744 114 53 and
677 743 219 68 spiders
938 745 113 52 and
1089 744 150 53 their
1278 745 189 54 habits
1507 744 60 55 in
1607 746 149 53 their
1795 747 229 52 natural
2062 748 206 65 colors;

281 820 1992 73 foreword by Dr. Gilbert Grosvenor … Washington, D. C.,
280 900 120 52 The
431 901 272 53 National
733 900 346 69 geographic
1107 899 228 69 society,
1369 903 150 51 1935.

351 974 27 41 3
411 985 43 37 p.
525 1005 9 17 l.,
569 973 88 40 252
692 984 43 37 p.
793 974 163 48 front.,
994 974 129 41 illus.
1168 974 135 48 (part
1339 974 113 48 col.)
1518 974 57 41 25
1577 976 45 22 cm
1626 1006 9 9 .

353 1030 271 41 “Collected
657 1029 198 42 articles
887 1032 94 39 and
1013 1032 130 39 color
1175 1041 146 38 pages
1355 1041 60 30 on
1448 1030 180 41 insects
1660 1031 97 40 and
1791 1030 186 49 spiders
2010 1031 108 40 that
2152 1032 121 41 have

279 1088 242 47 appeared
545 1087 50 40 in
617 1088 82 39 the
719 1086 230 41 National
972 1086 289 49 geographic
1284 1086 249 49 magazine
1556 1086 177 50 during
1756 1088 82 41 the
1861 1089 110 48 past
1994 1087 281 42 decade.”—

281 1142 272 42 Foreword.

287 1196 1969 53 © Aug. 15, 1935 ; 2c. and aff. Aug. 26; aff. Sept. 13; A 86000; Natl.
353 1257 289 48 geographic
670 1268 93 29 soc.
834 1257 278 49 (35-13919)

279 1361 145 53 New
452 1361 228 64 Jersey.
754 1363 182 61 Laws,
963 1368 255 61 statutes,
1247 1369 100 46 etc.

353 1440 139 52 New
538 1441 200 65 Jersey
783 1444 211 47 statute
1039 1439 224 54 service.
1349 1443 131 48 1935
1529 1441 228 66 annual,
1802 1439 331 68 containing
2175 1441 94 51 the

281 1516 193 69 public
505 1523 116 47 acts
651 1517 63 54 of
745 1518 95 51 the
867 1518 230 67 regular
1126 1517 227 68 session,
1385 1521 151 64 1934,
1565 1524 58 47 to
1654 1519 308 52 December
1994 1522 80 61 18,
2106 1521 160 63 1934;

279 1594 212 67 special
527 1596 229 60 session,
796 1599 150 61 1934,
984 1601 58 46 to
1083 1596 329 66 September
1453 1599 81 61 19,
1575 1599 162 61 1934;
1779 1597 228 66 regular
2045 1595 225 65 session,

287 1677 151 62 1935,
461 1678 58 48 to
546 1674 142 65 July
713 1676 47 63 3,
788 1677 149 62 1935,
964 1673 139 52 with
1131 1673 363 53 annotations
1519 1674 333 66 construing
1876 1673 97 54 the
1995 1674 136 53 laws
2158 1674 113 52 and

283 1752 140 51 with
458 1751 150 54 table
646 1751 113 52 and
796 1751 185 52 index.
1052 1751 262 66 Newark,
1353 1752 186 66 Soney
1574 1755 44 49 &
1658 1751 146 68 Sage
1838 1770 108 47 co.;
1988 1752 81 54 St.
2106 1754 163 66 Paul,

280 1831 158 53 West
465 1829 334 67 publishing
825 1847 96 48 co.,
948 1832 150 50 1935.

353 1903 100 46 viii,
481 1902 84 41 731
592 1913 43 38 p.
691 1901 59 40 26
749 1904 45 20 cm
799 1933 8 8 .

285 1955 1985 53 © Aug. 12, 1935 ; 2c. and aff. Sept. 12 ; A 85918 ; Soney & Sage co. and
359 2016 134 40 West
520 2016 110 48 pub.
660 2026 66 29 co.

279 2117 359 66 Newcomer,
666 2118 209 63 Mabel,
907 2123 169 49 1891-

281 2191 1985 149 An index of the taxpaying ability of state and local governments, by Mabel Newcomer … New York, Teachers college,
283 2347 298 55 Columbia
612 2347 333 69 university,
982 2350 150 50 1935.

354 2421 67 39 vii
446 2432 56 37 p.,
527 2421 25 39 1
612 2451 10 17 l.,
648 2420 56 40 85
730 2431 42 37 p.
832 2419 56 41 23
892 2423 43 21 cm
939 2452 9 9 .

355 2477 68 40 “A
453 2477 219 48 preprint
705 2477 53 39 of
789 2488 86 30 one
907 2478 152 46 phase
1089 2477 53 40 of
1170 2477 83 40 the
1287 2477 161 46 report
1482 2476 53 40 of
1566 2476 80 41 the
1682 2475 347 48 investigation
2063 2477 53 39 of
2147 2476 118 40 need

286 2535 96 39 and
413 2534 204 40 relative
645 2533 173 48 ability
848 2534 51 40 of
926 2534 154 40 states
1111 2544 55 29 as
1196 2533 115 47 they
1340 2533 117 41 bear
1490 2544 60 28 on
1583 2532 189 41 federal
1803 2533 81 40 aid
1914 2534 49 39 to
1997 2531 270 49 education,

285 2589 1983 48 now under way under the direction of Paul R. Mort … and under the
284 2647 194 46 general
511 2647 303 47 supervision
846 2646 52 40 of
930 2647 82 40 the
1047 2646 251 41 Columbia
1331 2645 270 49 university
1637 2645 199 41 Council
1868 2656 60 30 on
1962 2646 224 41 research
2217 2644 50 41 in

285 2700 1981 49 the social sciences through a committee of the council … Luther Gulick
294 2758 299 47 (chairman)
608 2758 23 16 ”

284 2813 53 53 ©
366 2818 115 47 July
509 2817 40 48 2,
580 2816 114 41 1935
711 2828 9 36 ;
753 2817 65 40 2c.
851 2817 114 47 July
996 2816 54 40 18
1068 2827 9 36 ;
1111 2816 82 41 aff.
1224 2817 120 47 Aug.
1375 2817 29 39 6
1418 2827 9 36 ;
1460 2818 41 38 A
1532 2817 143 40 84856
1692 2827 9 36 ;
1736 2818 121 39 Paul
1890 2818 55 40 R.
1977 2819 140 47 Mort,
2150 2817 116 39 New

351 2875 142 39 York.
565 2873 279 48 (35-14221)

280 2960 1923 70 North western digest. August, 1935, cumulative pamphlet …
353 3039 82 55 St.
464 3041 164 61 Paul,
653 3041 159 54 West
838 3039 334 68 publishing
1198 3058 76 35 co.
1310 3074 12 33 [
1324 3051 3 11 ‘
1328 3047 17 20 c
1351 3043 131 50 1935
1488 3074 12 33 ]

352 3113 89 40 220
464 3124 42 37 p.
563 3112 56 39 24
622 3115 44 20 cm
671 3144 8 8 .

284 3166 53 52 ©
360 3170 119 47 Aug.
505 3170 68 47 13,
601 3168 114 40 1935
732 3180 8 36 ;
771 3169 67 39 2c.
867 3170 93 38 and
986 3168 81 41 aff.
1099 3168 125 48 Sept.
1254 3168 81 46 12;
1364 3169 41 38 A
1434 3167 169 48 85908;
1633 3169 136 40 West
1794 3168 109 47 pub.
1931 3177 67 31 co.

279 3257 265 66 O’Brien,
575 3258 153 54 John
760 3259 302 62 Anthony,
1096 3263 170 50 1893-

350 3332 232 53 Lawful
609 3332 157 54 birth
791 3334 234 66 control,
1052 3332 306 69 according
1382 3336 62 49 to
1470 3331 246 54 nature’s
1742 3333 128 66 law,
1896 3331 59 53 in
1981 3330 279 68 harmony

282 3406 1977 73 with Catholic morality, by the Rev. John A. O’Brien … with
280 3484 1954 133 the assistance of Dr. Herman Knaus … Dr. R aoul de Guchteneere
597 3560 1661 72 … [and] Dr. Henry Schmitz … Fort Wayne, Ind.,
282 3639 288 71 Courtney
602 3659 294 51 company,
931 3644 149 51 1934.

355 3712 1167 50 xxii p., 1 l., 25-152 p. incl. illus., pl. 19½ cm .
356 3769 206 41 Revised
611 3771 96 39 and
751 3770 229 47 enlarged
1031 3769 183 41 edition
1263 3769 54 40 of
1363 3770 83 39 the
1495 3767 217 41 author’s
1763 3766 315 48 “Legitimate
2128 3765 130 40 birth

283 3826 227 39 control”.

355 3880 372 48 Bibliography:
757 3891 43 38 p.
828 3880 215 42 149-152.

285 3933 53 53 ©
363 3939 120 39 Mar.
510 3938 39 47 5,
573 3938 113 41 1935
703 3950 9 36 ;
740 3939 65 40 2c.
833 3940 93 38 and
952 3938 81 41 aff.
1061 3939 119 47 Aug.
1205 3938 59 39 12
1278 3949 9 35 ;
1315 3938 41 39 A
1382 3937 145 41 85455
1541 3947 9 37 ;
1582 3938 242 47 Courtney
1850 3948 66 29 co.

365 3994 278 49 (35-14220)
