2424 4375
1025 4065 132 53 1751

119 436 144 63 Gay,
292 435 314 54 Frederick
633 436 241 64 Parker,
906 439 170 51 1874-

186 512 218 67 Agents
437 511 64 53 of
535 511 211 54 disease
780 511 111 52 and
925 511 127 53 host
1087 511 316 66 resistance,
1437 509 298 68 including
1770 510 95 52 the
117 510 1966 146 principles
290 588 62 52 of

407 587 402 69 immunology,
864 587 399 68 bacteriology,
1319 585 313 69 mycology,
1687 588 422 67 protozoology,

117 666 386 67 parasitology
535 664 112 52 and
677 665 156 52 virus
863 665 258 67 diseases,
1152 664 74 68 by
1258 663 308 54 Frederick
1594 664 66 53 P.
1694 662 144 70 Gay,
1869 664 57 52 in
116 682 1969 114 association
353 740 139 54 with

521 741 1586 68 George W. Bachman, Rhoda H. [!] Benham, Leon
119 816 1991 71 Buchbinder … [and others] Springfield, Ill., Baltimore, Md.,
118 896 632 68 C. C. Thomas [ c 1935]
184 966 1642 50 xiii, 1581 p., 1 l. illus., VI col. pl. (1 double) diagrs. 27 cm .
184 1024 224 41 Includes
442 1022 362 42 “References”.

116 1093 52 53 ©
193 1099 120 45 Aug.
336 1098 69 46 23,
432 1097 113 40 1935;
599 1098 68 39 2c.
693 1098 118 39 Nov.
838 1097 80 46 16;
946 1097 83 40 aff.
1056 1097 118 40 Nov.
1199 1097 56 40 18;
1309 1097 40 38 A
1376 1096 143 41 88278;
1576 1097 203 41 Charles
1807 1097 48 41 C,
1884 1097 224 40 Thomas.

196 1154 279 47 (35-34004)

118 1258 247 53 General
396 1258 234 54 electric
661 1274 173 47 x-ray
864 1257 389 66 corporation,
1288 1258 266 65 Chicago.

184 1335 190 67 X-ray
417 1333 212 55 studies
672 1336 61 51 in
778 1332 286 55 advanced
1107 1332 406 68 radiographic
1557 1333 233 53 technic.
1867 1333 108 54 Ed.
2096 1376 10 10 III.

115 1411 254 54 Selected
405 1410 222 54 articles
660 1412 75 67 by
770 1410 272 54 members
1075 1410 65 54 of
1172 1410 95 54 the
1300 1410 304 53 Technical
1637 1411 209 53 service
115 1412 1969 145 department,
315 1489 191 68 X-ray

535 1489 229 67 section,
796 1486 242 55 General
1070 1488 223 55 electric
1325 1506 166 49 x-ray
1523 1488 376 67 corporation.
113 1485 1971 148 Chicago,
297 1565 241 54 General
565 1566 223 53 electric
815 1583 167 50 x-ray
1009 1565 358 67 corporation
1400 1600 13 33 [
1418 1572 18 21 c
1441 1568 131 49 1935
1581 1599 11 34 ]

181 1636 996 48 166 p., 1 1. illus., diagrs. 28 × 22 cm .
183 1692 72 41 On
283 1702 141 31 cover;
478 1692 46 40 X
551 1702 88 38 ray
666 1692 185 40 studies
943 1723 9 9 III.

183 1749 347 48 Bibliography
556 1750 56 39 at
640 1749 83 39 the
750 1749 92 40 end
870 1748 52 41 of
950 1749 83 41 the
1060 1749 202 48 chapter
1293 1761 60 29 on
1386 1750 276 48 “Roentgen
1693 1751 286 48 pelvimetry
2011 1750 96 42 and

112 1805 122 41 fetal
263 1803 404 51 cephalometry”.

115 1870 52 52 ©
200 1874 117 38 Nov.
351 1874 40 45 1,
425 1872 140 46 1935;
599 1871 67 41 2c.
698 1872 93 39 and
828 1871 79 39 aff.
942 1871 118 40 Nov.
1095 1871 81 47 21;
1214 1872 40 38 A
1288 1871 143 40 88317;
1497 1871 206 41 General
1738 1873 195 39 electric
1967 1882 141 39 x-ray

182 1929 321 49 corporation.
576 1928 279 48 (35-34005)

114 2033 288 64 Glasgow,
430 2033 219 63 Joseph
680 2032 71 56 A.

182 2110 121 52 The
350 2108 317 55 Christmas
714 2107 198 55 stories
958 2108 64 52 of
1069 2128 31 33 a
1141 2106 270 71 Virginia
1456 2107 203 55 circuit
1704 2108 204 68 judge;
1956 2128 152 35 some

112 2186 309 68 memories,
462 2187 75 67 by
579 2186 216 68 Joseph
835 2185 72 55 A.
951 2186 284 68 Glasgow.
1314 2185 303 68 Staunton,
1661 2187 125 67 Va.,
1826 2186 122 53 The

111 2187 1971 145 McClure company, inc. [ c 1935]
182 2337 1489 50 5 p. l., [13]-90 p. 1 illus., 2 port. (incl. front.) 20½ cm .
183 2395 137 40 “Gift
350 2394 227 41 edition.”

110 2455 52 52 ©
193 2459 117 39 Nov.
341 2458 69 50 26,
441 2457 139 46 1935;
614 2458 66 40 2c.
713 2459 94 38 and
840 2457 79 40 aff.
953 2458 116 39 Nov.
1103 2457 82 47 30;
1220 2459 40 37 A
1292 2456 143 42 89659;
1498 2459 42 39 J.
1572 2459 53 39 A.
1659 2458 238 48 Glasgow,
181 2459 1907 104 Staunton,
304 2516 85 39 Ya.
459 2514 279 48 (35-33993)

113 2617 176 64 Good,
317 2617 152 65 Milt,
499 2621 171 50 1889-

179 2693 227 52 Twelve
441 2711 161 49 years
641 2692 60 52 in
739 2710 31 34 a
811 2694 183 51 Texas
1032 2693 216 67 prison,
1287 2693 76 68 by
1402 2693 137 51 Milt
1579 2692 164 54 Good
1785 2711 58 34 as
1884 2693 122 52 told
2044 2700 59 45 to

107 2768 1933 71 W. E. Lockhart. (Illustrations drawn by Isabel Robinson) …
111 2846 298 67 Amarillo,
439 2847 155 67 Tex.,
626 2846 241 53 Printed
895 2846 76 69 by
1000 2846 225 53 Russell
1256 2846 314 70 stationery
1600 2865 298 52 company,
1928 2854 18 21 c
1952 2850 149 50 1935.

179 2918 55 41 88
262 2930 41 37 p.
364 2930 75 37 pl.,
469 2924 163 43 ports.,
660 2919 188 41 facsim.
907 2919 56 39 24
966 2921 45 22 cm
1014 2954 10 10 .

114 2974 52 52 ©
192 2978 101 41 Oct.
318 2978 69 47 30,
413 2978 112 40 1935;
578 2979 67 39 2c.
672 2979 93 38 and
793 2977 80 40 aff.
900 2978 118 40 Nov.
1045 2978 53 38 11;
1156 2978 38 38 A
1222 2978 141 39 88187;
1421 2979 69 38 W.
1521 2979 52 39 E.
1600 2979 243 40 Lockhart
1870 2980 95 38 and
1994 2979 113 40 Milt

184 3036 145 46 Good,
355 3035 212 47 Canyon,
591 3035 113 40 Tex.
775 3034 254 48 (35-34468
1041 3035 12 46 )

113 3137 193 65 Hahn,
337 3137 156 54 Julia
524 3136 266 67 Letheld,
823 3141 168 50 1891-

243 3213 1859 69 … First grade manual to accompany Everyday doings,
113 3291 1928 70 Everyday fun, Everyday friends, by Julia Letheld Hahn …
113 3370 233 67 Boston,
378 3370 139 52 New
552 3369 161 53 York
751 3402 13 34 [
769 3374 118 61 etc.]
927 3369 317 68 Houghton
1278 3370 203 51 Mifflin
1514 3388 281 49 company
1834 3402 13 33 [
1851 3375 18 21 c
1875 3372 133 51 1935
2015 3404 12 33 ]

181 3441 123 48 xliii,
338 3442 69 49 [1],
439 3442 86 41 349
552 3454 44 37 p.
654 3442 128 41 illus.
841 3442 55 40 19
899 3444 43 21 cm
947 3474 9 9 .
1025 3442 123 49 (The
1178 3443 129 40 child
1338 3444 332 47 development
1703 3442 219 49 readers)

182 3499 224 41 Includes
436 3498 390 49 bibliographies.

112 3552 52 52 ©
191 3557 117 39 Nov.
335 3556 39 47 6,
401 3554 117 41 1935;
570 3555 67 40 2c.
666 3556 96 39 and
790 3555 79 40 aff.
899 3556 115 39 Nov.
1046 3556 51 38 11;
1158 3557 40 37 A
1226 3555 141 41 89317;
1428 3557 40 38 J.
1497 3557 50 39 L.
1577 3557 159 40 Hahn.
1768 3555 334 49 Washington.

191 3612 278 48 (35-30967)

135 3716 249 64 [Hamon,
412 3715 197 67 Louis]

244 3790 1857 69 … Cheiro’s language of the hand; a complete practical work
113 3887 71 33 on
223 3868 94 53 the
353 3866 237 54 sciences
630 3868 62 53 of
731 3867 401 69 cheirognomy
1169 3867 111 54 and
1320 3868 411 68 cheiromancy,
1770 3868 332 71 containing

114 3944 93 53 the
241 3950 225 63 system,
501 3945 166 62 rules,
702 3945 113 53 and
849 3943 325 70 experience
1210 3946 62 53 of
1309 3945 208 56 Cheiro
1581 3947 209 67 [pseud.]
1830 3945 270 70 fifty-five
