2424 4375
1069 4090 132 50 1469

140 471 269 63 Fernald,
438 469 245 55 Charles
710 470 222 62 Henry.

212 545 443 67 Salesmanship,
697 545 76 67 by
816 545 235 54 Charles
1093 546 76 51 H.
1214 545 251 51 Fernald
1648 544 137 51 Rev.
1830 544 85 51 ed.
1990 545 137 50 New

140 624 178 64 York,
348 621 448 68 Prentice-Hall,
826 621 125 67 inc.,
983 626 150 50 1935.

209 694 117 50 xvii,
356 695 82 40 541
466 706 42 37 p.
537 694 108 41 incl.
673 695 143 48 illus.,
843 704 149 37 maps,
1020 693 169 40 forms.
1248 694 54 39 23½cm.

140 756 54 53 ©
227 760 100 40 Oct.
362 761 40 44 1,
437 757 139 42 1935;
614 758 64 40 2c.
716 758 101 40 Oct.
853 757 81 47 10;
972 757 82 40 aff.
1090 757 101 40 Oct.
1226 757 81 40 11:
1346 757 41 38 A
1421 755 170 48 87623;
1630 754 373 48 Prentice-Hall,
2041 756 89 39 inc.

222 815 278 49 (35-19718)

141 916 291 65 Frederic,
460 917 328 52 Katherine
817 915 247 66 Amelia,
1093 922 171 48 1904-

210 990 250 56 Trained
517 995 297 66 personnel
872 993 93 52 for
1019 992 194 68 public
1269 992 228 66 service,
1552 993 75 66 by
1685 992 318 53 Katherine
2058 994 72 52 A.

144 1069 1980 70 Frederic … Washington, D. C., The National league of
139 1167 217 36 women
382 1154 186 48 voters
602 1153 192 64 [1935]

211 1220 99 49 viii,
341 1221 56 40 54
425 1232 43 38 p.
528 1222 179 47 diagrs.
766 1220 57 42 23
825 1222 44 23 cm
873 1253 8 8 .
999 1218 130 50 $0.25

212 1277 290 41 “Published
532 1278 153 40 under
712 1278 81 41 the
822 1278 133 39 Belle
987 1275 220 43 Sherwin
1234 1276 167 40 fund.”

214 1335 246 40 “Selected
490 1333 329 42 references”:
851 1345 42 38 p.
922 1333 159 41 49-51.

141 1395 1992 53 © Apr. 30, 1935; 2c. and aff. May 2; A 81676; Natl. league of women
210 1459 174 44 voters,
413 1456 91 40 inc.
576 1455 279 48 (35-19725)

144 1560 207 64 Green,
378 1561 163 64 Paul,
573 1565 170 50 1894-

211 1633 1922 71 This body the earth, by Paul Green … New York, London,
143 1713 230 68 Harper
403 1716 46 50 &
476 1713 276 67 brothers,
783 1715 152 51 1935.

211 1787 100 47 viii,
348 1785 86 40 422
469 1797 42 37 p.
570 1785 56 40 21
629 1788 45 21 cm
677 1818 9 9 .

213 1844 162 41 “First
410 1841 225 44 edition.”

143 1904 52 53 ©
230 1908 102 40 Oct.
365 1907 70 47 22,
469 1906 113 41 1935;
645 1907 66 40 2c.
749 1906 101 41 Oct.
884 1905 82 47 22;
1004 1905 81 41 aff.
1121 1905 102 41 Oct.
1258 1905 82 47 24;
1377 1906 40 38 A
1451 1904 169 48 86982;
1660 1906 48 38 P.
1746 1905 169 48 Green,
1953 1905 182 47 Chapel

213 1965 116 46 Hill,
357 1965 54 39 N.
439 1964 49 40 C.
559 1963 278 48 (35-19876)

145 2065 427 65 Guggenheim,
601 2065 181 54 Louis
808 2065 323 65 Kaufman,
1163 2070 172 50 1884-

213 2139 1921 70 Otosclerosis, by Louis K. Guggenheim … St. Louis, Mo.,
143 2220 61 53 L.
234 2219 75 52 K.
341 2217 395 69 Guggenheim
771 2252 13 34 [
787 2225 19 22 c
811 2221 132 48 1935
949 2252 14 34 ]

212 2289 1158 51 ix p., 1 l., [13]-212 p. illus., diagrs. 26 cm .
212 2347 374 48 Bibliography:
618 2357 44 37 p.
697 2345 245 51 [199]-203.

144 2409 52 53 ©
225 2415 126 46 Sept.
379 2413 68 46 14,
476 2413 140 47 1935;
645 2412 65 40 2c.
740 2414 95 38 and
861 2412 80 40 aff.
974 2412 127 48 Sept.
1129 2411 82 46 30;
1242 2412 42 38 A
1310 2412 170 47 87345;
1511 2413 51 39 L.
1591 2412 59 40 K.
1680 2411 342 48 Guggenheim.

223 2469 278 48 (35-19826)

145 2574 297 63 Haessler,
470 2574 195 65 Luise,
695 2578 172 50 1866-

277 2649 1859 69 … Old High German biteilen and biskerien, by Luise
145 2727 1823 68 Haessler … Philadelphia, Linguistic society of America,
147 2730 1962 143 University
386 2806 62 53 of
478 2804 440 67 Pennsylvania,
950 2808 150 50 1935.

217 2876 1420 49 105 p. 25½ cm . (Language dissertations … no. XIX)
221 2933 128 40 “The
388 2936 193 45 present
620 2934 145 47 study
804 2934 42 41 is
883 2944 27 30 a
951 2933 141 40 small
1131 2932 191 49 portion
1360 2933 52 41 of
1451 2945 27 29 a
1519 2935 145 47 study
1703 2934 230 40 entitled:
1975 2936 159 39 Prefix

147 2989 317 49 be-privative
489 2990 50 39 in
567 2988 267 43 Germanic.
894 2991 101 40 The
1020 3000 207 38 purpose
1253 2991 50 39 of
1328 2991 99 40 this
1452 2991 146 48 study
1625 2992 42 38 is
1694 2994 47 37 to
1769 2990 279 43 determine,
2076 3003 57 29 on

149 3046 81 40 the
258 3047 133 40 basis
421 3046 52 39 of
501 3047 291 48 chronology
821 3049 94 39 and
946 3049 190 46 syntax,
1169 3048 81 39 the
1282 3048 334 47 development
1647 3047 51 40 of
1728 3047 225 48 meaning
1983 3048 51 39 of
2066 3060 69 28 so-

149 3103 153 40 called
330 3102 240 49 privative
599 3103 141 40 verbs
768 3104 119 40 with
916 3103 153 48 prefix
1098 3103 364 42 be-.”—Introd.

218 3159 171 43 Issued
415 3160 103 39 also
543 3170 54 29 as
623 3160 153 41 thesis
811 3158 14 48 (PH.
976 3160 34 47 D.)
1046 3159 283 49 University
1351 3160 54 39 of
1430 3160 222 47 Chicago.

493 3216 575 41 CONTENTS.—Introduction.—The
1106 3216 91 41 Old
1235 3217 160 40 Saxon
1433 3217 404 40 material.—The
1876 3216 90 41 Old
2004 3216 131 48 High

151 3270 208 42 German
386 3272 403 41 material.—The
819 3273 89 40 Old
936 3272 203 48 English
1166 3273 654 48 material.—Bibliography
1848 3273 96 39 and
149 3273 1970 96 abbreviations
394 3329 67 49 (p.
488 3328 167 49 83-90)

151 3388 51 53 ©
241 3393 125 40 June
404 3394 68 47 15,
513 3392 139 48 1935;
694 3393 66 40 2c.
801 3395 95 39 and
935 3393 80 40 aff.
1059 3394 128 47 Sept.
1227 3394 82 46 14;
1349 3394 41 39 A
1429 3393 170 47 86297;
1642 3392 269 49 Linguistic
1953 3402 93 30 soc.
2085 3393 54 39 of

216 3450 235 40 America.
521 3450 279 49 (35-19408)

152 3551 207 66 Harre,
386 3554 258 54 Thomas
669 3556 265 63 Everett,
963 3560 171 50 1884-

221 3628 119 53 The
383 3630 277 69 heavenly
701 3632 218 65 sinner;
963 3631 96 54 the
1101 3631 107 53 life
1250 3631 113 53 and
1404 3633 152 50 loves
1601 3629 63 54 of
1705 3630 143 53 Lola
1890 3630 246 65 Montez,

151 3704 1985 146 by T. Everett Harre … New York, The Macaulay company [c1935]
222 3855 86 42 690
341 3866 43 38 p.
443 3854 144 42 21½cm.

225 3910 1658 50 “First edition, October, 1935 … fifth edition. October, 1935.”
155 3963 51 53 ©
229 3968 99 40 Oct.
354 3970 68 45 18,
447 3967 139 49 1935;
614 3969 67 41 2c.
707 3971 94 38 and
827 3969 81 40 aff.
936 3970 100 40 Oct.
1061 3970 81 46 23;
1171 3971 40 38 A
1237 3969 169 48 86969;
1435 3971 259 47 Macaulay
1721 3981 66 29 co.

236 4024 277 51 (35-19874)
