<alto xmlns="http://www.loc.gov/standards/alto/ns-v3#" xmlns:xsi="http://www.w3.org/2001/XMLSchema-instance" xsi:schemaLocation="http://www.loc.gov/standards/alto/ns-v3# http://www.loc.gov/alto/v3/alto-3-0.xsd"><Description>
<MeasurementUnit>pixel</MeasurementUnit>
<sourceImageInformation>
<fileName>1935_v32_Part1.pdf</fileName>
</sourceImageInformation>
<OCRProcessing ID="IdOcr">
<ocrProcessingStep>
<processingDateTime>2019-01-15</processingDateTime>
<processingSoftware>
<softwareCreator>ABBYY</softwareCreator>
<softwareName>ABBYY Recognition Server</softwareName>
<softwareVersion>4.0</softwareVersion>
</processingSoftware>
</ocrProcessingStep>
</OCRProcessing>
</Description>
<Styles>
<ParagraphStyle ALIGN="Left" FIRSTLINE="0." ID="StyleId-FFFFFFFF-FFFF-FFFF-FFFF-FFFFFFFFFFFF-" LEFT="0." RIGHT="0." />
<ParagraphStyle ALIGN="Left" FIRSTLINE="0." ID="StyleId-09A13A44-4F77-4ABE-84F3-84CC8B3C72CE-" LEFT="0." LINESPACE="7.699999809" RIGHT="0." />
<ParagraphStyle ALIGN="Left" FIRSTLINE="-10." ID="StyleId-1F945060-F8CD-4435-B69A-5FF49DB0C586-" LEFT="0." LINESPACE="12.19999981" RIGHT="0." />
<ParagraphStyle ALIGN="Block" FIRSTLINE="-14." ID="StyleId-C6CAE747-F5A4-4D0D-8D74-D452DA7E2C1C-" LEFT="0." LINESPACE="8.350000381" RIGHT="0." />
<ParagraphStyle ALIGN="Left" FIRSTLINE="0." ID="StyleId-FC0F3374-189A-459E-BE29-2DC14180F022-" LEFT="0." RIGHT="0." />
<ParagraphStyle ALIGN="Left" FIRSTLINE="-12." ID="StyleId-49397C49-A894-4B3E-BA5E-1126226BA375-" LEFT="0." LINESPACE="11.09000015" RIGHT="0." />
<ParagraphStyle ALIGN="Block" FIRSTLINE="-14." ID="StyleId-9E34DD3A-E661-48BD-A3A1-6A3D48346F00-" LEFT="0." LINESPACE="11.09000015" RIGHT="0." />
<ParagraphStyle ALIGN="Left" FIRSTLINE="0." ID="StyleId-56CE54AA-A08B-4BAA-8605-F26020A0E36E-" LEFT="0." LINESPACE="9.399999619" RIGHT="0." />
<ParagraphStyle ALIGN="Left" FIRSTLINE="-11." ID="StyleId-77814FFC-C42F-4AA9-9880-EF33B947DEC8-" LEFT="0." LINESPACE="11.06999969" RIGHT="0." />
<ParagraphStyle ALIGN="Center" FIRSTLINE="0." ID="StyleId-FDE92EC0-67DC-4C7B-8A24-094B12C38B6C-" LEFT="0." LINESPACE="11.30000019" RIGHT="0." />
<ParagraphStyle ALIGN="Left" FIRSTLINE="0." ID="StyleId-65180E3B-4C93-4FB8-81EE-E026DD63DBF3-" LEFT="0." LINESPACE="11.10000038" RIGHT="0." />
<ParagraphStyle ALIGN="Left" FIRSTLINE="0." ID="StyleId-10E885C2-5813-4620-B0AA-0FBA30CF7A32-" LEFT="0." LINESPACE="9.5" RIGHT="0." />
<ParagraphStyle ALIGN="Left" FIRSTLINE="0." ID="StyleId-913C2DB5-9F02-4067-BAF7-0AED37B60BBE-" LEFT="0." LINESPACE="6.099999905" RIGHT="0." />
<ParagraphStyle ALIGN="Left" FIRSTLINE="0." ID="StyleId-9C79A9D2-8F08-4A8F-985D-B00E253ED1E5-" LEFT="0." LINESPACE="4.400000095" RIGHT="0." />
<ParagraphStyle ALIGN="Left" FIRSTLINE="0." ID="StyleId-A41F0407-FEFE-4738-9EC5-E05AFFF62781-" LEFT="0." LINESPACE="7.300000191" RIGHT="0." />
<ParagraphStyle ALIGN="Left" FIRSTLINE="0." ID="StyleId-61D37176-94E8-408D-9B87-01C406CE8AB2-" LEFT="0." LINESPACE="8.050000191" RIGHT="0." />
</Styles>
<Layout>
<Page HEIGHT="4375" ID="Page803" PHYSICAL_IMG_NR="803" WIDTH="2424">
<TopMargin HEIGHT="388" HPOS="0" VPOS="0" WIDTH="2424">
</TopMargin>
<RightMargin HEIGHT="3712" HPOS="2096" VPOS="388" WIDTH="328">
</RightMargin>
<BottomMargin HEIGHT="275" HPOS="0" VPOS="4100" WIDTH="2424">
</BottomMargin>
<PrintSpace HEIGHT="3712" HPOS="0" VPOS="388" WIDTH="2096">
<TextBlock HEIGHT="72" HPOS="1028" ID="Page803_Block1" LANG="en-US" STYLEREFS="StyleId-8310215D-2F31-462C-9076-0C1A07F2A828-" VPOS="4028" WIDTH="120">
<TextLine HEIGHT="51" HPOS="1038" VPOS="4038" WIDTH="100">
<String CONTENT="803" HEIGHT="51" HPOS="1038" VPOS="4038" WIDTH="100" />
</TextLine>
</TextBlock>
<TextBlock CS="1" HEIGHT="3646" HPOS="0" ID="Page803_Block2" LANG="en-US" STYLEREFS="StyleId-4F475FAD-F880-431F-803B-D5C4EBC6DE57-" VPOS="388" WIDTH="2096">
<TextLine CS="1" HEIGHT="65" HPOS="89" STYLEREFS="StyleId-D84F3F95-28B3-4A7C-84F4-8D895AF6EA53-" VPOS="399" WIDTH="822">
<String CONTENT="Ohio." HEIGHT="55" HPOS="89" VPOS="399" WIDTH="161" />
<SP HEIGHT="50" HPOS="251" VPOS="401" WIDTH="71" />
<String CONTENT="Laws," HEIGHT="59" HPOS="323" VPOS="401" WIDTH="183" />
<SP HEIGHT="43" HPOS="507" VPOS="417" WIDTH="23" />
<String CONTENT="statutes," HEIGHT="61" HPOS="531" VPOS="403" WIDTH="255" />
<SP HEIGHT="41" HPOS="787" VPOS="423" WIDTH="25" />
<String CONTENT="etc." CS="1" HEIGHT="9" HPOS="902" VPOS="440" WIDTH="9" />
</TextLine>
<TextLine HEIGHT="72" HPOS="154" STYLEREFS="StyleId-C01A5AA1-AA34-4E76-AE86-AC723F4D2EAA-" VPOS="472" WIDTH="1917">
<String CONTENT="Page&#8217;s" HEIGHT="68" HPOS="154" VPOS="476" WIDTH="197" />
<SP HEIGHT="55" HPOS="352" VPOS="476" WIDTH="44" />
<String CONTENT="Ohio" HEIGHT="55" HPOS="397" VPOS="476" WIDTH="149" />
<SP HEIGHT="35" HPOS="547" VPOS="493" WIDTH="42" />
<String CONTENT="cumulative" HEIGHT="53" HPOS="590" VPOS="474" WIDTH="343" />
<SP HEIGHT="33" HPOS="934" VPOS="493" WIDTH="41" />
<String CONTENT="code" HEIGHT="52" HPOS="976" VPOS="474" WIDTH="134" />
<SP HEIGHT="34" HPOS="1111" VPOS="492" WIDTH="40" />
<String CONTENT="service," HEIGHT="67" HPOS="1152" VPOS="472" WIDTH="229" />
<SP HEIGHT="48" HPOS="1382" VPOS="491" WIDTH="40" />
<String CONTENT="containing" HEIGHT="68" HPOS="1423" VPOS="472" WIDTH="333" />
<SP HEIGHT="62" HPOS="1757" VPOS="478" WIDTH="40" />
<String CONTENT="the" HEIGHT="51" HPOS="1798" VPOS="473" WIDTH="97" />
<SP HEIGHT="50" HPOS="1896" VPOS="473" WIDTH="37" />
<String CONTENT="laws" HEIGHT="51" HPOS="1934" VPOS="473" WIDTH="137" />
</TextLine>
<TextLine CS="1" HEIGHT="75" HPOS="88" STYLEREFS="StyleId-C01A5AA1-AA34-4E76-AE86-AC723F4D2EAA-" VPOS="548" WIDTH="1754">
<String CONTENT="passed" HEIGHT="69" HPOS="88" VPOS="554" WIDTH="195" />
<SP HEIGHT="52" HPOS="284" VPOS="554" WIDTH="26" />
<String CONTENT="at" HEIGHT="46" HPOS="311" VPOS="560" WIDTH="61" />
<SP HEIGHT="48" HPOS="373" VPOS="558" WIDTH="22" />
<String CONTENT="the" HEIGHT="51" HPOS="396" VPOS="554" WIDTH="94" />
<SP HEIGHT="33" HPOS="491" VPOS="572" WIDTH="24" />
<String CONTENT="regular" HEIGHT="65" HPOS="516" VPOS="554" WIDTH="229" />
<SP HEIGHT="34" HPOS="746" VPOS="571" WIDTH="24" />
<String CONTENT="session" HEIGHT="54" HPOS="771" VPOS="551" WIDTH="210" />
<SP HEIGHT="33" HPOS="982" VPOS="570" WIDTH="25" />
<String CONTENT="of" HEIGHT="52" HPOS="1008" VPOS="551" WIDTH="62" />
<SP HEIGHT="53" HPOS="1071" VPOS="551" WIDTH="25" />
<String CONTENT="the" HEIGHT="53" HPOS="1097" VPOS="551" WIDTH="96" />
<SP HEIGHT="33" HPOS="1194" VPOS="570" WIDTH="25" />
<String CONTENT="ninety-first" HEIGHT="70" HPOS="1220" VPOS="548" WIDTH="350" />
<SP HEIGHT="54" HPOS="1571" VPOS="550" WIDTH="25" />
<String CONTENT="General" HEIGHT="55" HPOS="1597" VPOS="549" WIDTH="245" />
</TextLine>
<TextLine CS="1" HEIGHT="131" HPOS="90" STYLEREFS="StyleId-C01A5AA1-AA34-4E76-AE86-AC723F4D2EAA-" VPOS="568" WIDTH="1959">
<String CONTENT="assembly," HEIGHT="131" HPOS="90" VPOS="568" WIDTH="1959" />
<SP HEIGHT="65" HPOS="201" VPOS="632" WIDTH="30" />
<String CONTENT="from" HEIGHT="51" HPOS="232" VPOS="632" WIDTH="152" />
<SP HEIGHT="53" HPOS="385" VPOS="633" WIDTH="27" />
<String CONTENT="January" HEIGHT="64" HPOS="413" VPOS="633" WIDTH="261" />
<SP HEIGHT="67" HPOS="675" VPOS="630" WIDTH="30" />
<String CONTENT="7," HEIGHT="67" HPOS="706" VPOS="630" WIDTH="49" />
<SP HEIGHT="63" HPOS="756" VPOS="634" WIDTH="30" />
<String CONTENT="1935," HEIGHT="63" HPOS="787" VPOS="633" WIDTH="150" />
<SP HEIGHT="61" HPOS="938" VPOS="635" WIDTH="30" />
<String CONTENT="to" HEIGHT="49" HPOS="969" VPOS="635" WIDTH="58" />
<SP HEIGHT="53" HPOS="1028" VPOS="631" WIDTH="27" />
<String CONTENT="May" HEIGHT="65" HPOS="1056" VPOS="631" WIDTH="139" />
<SP HEIGHT="64" HPOS="1196" VPOS="632" WIDTH="30" />
<String CONTENT="23," HEIGHT="63" HPOS="1227" VPOS="632" WIDTH="84" />
<SP HEIGHT="63" HPOS="1312" VPOS="632" WIDTH="31" />
<String CONTENT="1935," HEIGHT="63" HPOS="1344" VPOS="632" WIDTH="154" />
<SP HEIGHT="46" HPOS="1499" VPOS="649" WIDTH="26" />
<String CONTENT="with" HEIGHT="54" HPOS="1526" VPOS="628" WIDTH="140" />
<SP HEIGHT="50" HPOS="1667" VPOS="629" WIDTH="25" />
<String CONTENT="notes" HEIGHT="48" HPOS="1693" VPOS="633" WIDTH="159" />
</TextLine>
<TextLine CS="1" HEIGHT="147" HPOS="88" STYLEREFS="StyleId-C01A5AA1-AA34-4E76-AE86-AC723F4D2EAA-" VPOS="628" WIDTH="1961">
<String CONTENT="of" HEIGHT="52" HPOS="1885" VPOS="628" WIDTH="62" />
<SP HEIGHT="52" HPOS="1948" VPOS="628" WIDTH="32" />
<String CONTENT="decisions" HEIGHT="136" HPOS="88" VPOS="628" WIDTH="1961" />
<SP HEIGHT="34" HPOS="287" VPOS="728" WIDTH="27" />
<String CONTENT="of" HEIGHT="54" HPOS="315" VPOS="708" WIDTH="63" />
<SP HEIGHT="53" HPOS="379" VPOS="708" WIDTH="26" />
<String CONTENT="the" HEIGHT="51" HPOS="406" VPOS="710" WIDTH="96" />
<SP HEIGHT="34" HPOS="503" VPOS="727" WIDTH="25" />
<String CONTENT="courts" HEIGHT="49" HPOS="529" VPOS="713" WIDTH="188" />
<SP HEIGHT="35" HPOS="718" VPOS="727" WIDTH="29" />
<String CONTENT="and" HEIGHT="52" HPOS="748" VPOS="708" WIDTH="111" />
<SP HEIGHT="52" HPOS="860" VPOS="708" WIDTH="27" />
<String CONTENT="opinions" HEIGHT="66" HPOS="888" VPOS="709" WIDTH="262" />
<SP HEIGHT="34" HPOS="1151" VPOS="725" WIDTH="28" />
<String CONTENT="of" HEIGHT="52" HPOS="1180" VPOS="707" WIDTH="62" />
<SP HEIGHT="52" HPOS="1243" VPOS="707" WIDTH="27" />
<String CONTENT="the" HEIGHT="52" HPOS="1271" VPOS="707" WIDTH="97" />
<SP HEIGHT="34" HPOS="1369" VPOS="725" WIDTH="26" />
<String CONTENT="attorney" HEIGHT="62" HPOS="1396" VPOS="711" WIDTH="263" />
<SP HEIGHT="49" HPOS="1660" VPOS="724" WIDTH="27" />
<String CONTENT="general" HEIGHT="65" HPOS="1688" VPOS="708" WIDTH="228" />
</TextLine>
<TextLine CS="1" HEIGHT="195" HPOS="87" STYLEREFS="StyleId-C01A5AA1-AA34-4E76-AE86-AC723F4D2EAA-" VPOS="724" WIDTH="1964">
<String CONTENT="construing" HEIGHT="131" HPOS="87" VPOS="724" WIDTH="1963" />
<SP HEIGHT="62" HPOS="309" VPOS="793" WIDTH="25" />
<String CONTENT="the" HEIGHT="51" HPOS="335" VPOS="788" WIDTH="93" />
<SP HEIGHT="32" HPOS="429" VPOS="807" WIDTH="27" />
<String CONTENT="statutes." HEIGHT="46" HPOS="457" VPOS="793" WIDTH="255" />
<SP HEIGHT="52" HPOS="713" VPOS="787" WIDTH="65" />
<String CONTENT="Edited" HEIGHT="52" HPOS="779" VPOS="786" WIDTH="211" />
<SP HEIGHT="51" HPOS="991" VPOS="786" WIDTH="27" />
<String CONTENT="by" HEIGHT="66" HPOS="1019" VPOS="786" WIDTH="73" />
<SP HEIGHT="66" HPOS="1093" VPOS="786" WIDTH="29" />
<String CONTENT="George" HEIGHT="67" HPOS="1123" VPOS="786" WIDTH="222" />
<SP HEIGHT="55" HPOS="1346" VPOS="784" WIDTH="25" />
<String CONTENT="C." HEIGHT="55" HPOS="1372" VPOS="784" WIDTH="61" />
<SP HEIGHT="51" HPOS="1434" VPOS="787" WIDTH="29" />
<String CONTENT="Trautwein" HEIGHT="53" HPOS="1464" LANG="de" VPOS="785" WIDTH="330" />
<SP HEIGHT="33" HPOS="1795" VPOS="804" WIDTH="34" />
<String CONTENT="&#8230;" CS="1" />
<SP HEIGHT="52" HPOS="1886" VPOS="785" WIDTH="67" />
<String CONTENT="Annotations" HEIGHT="134" HPOS="89" VPOS="785" WIDTH="1962" />
</TextLine>
<TextLine CS="1" HEIGHT="69" HPOS="397" STYLEREFS="StyleId-C01A5AA1-AA34-4E76-AE86-AC723F4D2EAA-" VPOS="863" WIDTH="1678">
<String CONTENT="by" HEIGHT="66" HPOS="397" VPOS="866" WIDTH="74" />
<SP HEIGHT="66" HPOS="472" VPOS="866" WIDTH="27" />
<String CONTENT="Carl" HEIGHT="54" HPOS="500" VPOS="866" WIDTH="135" />
<SP HEIGHT="51" HPOS="636" VPOS="867" WIDTH="24" />
<String CONTENT="Louis" HEIGHT="54" HPOS="661" VPOS="864" WIDTH="173" />
<SP HEIGHT="50" HPOS="835" VPOS="866" WIDTH="26" />
<String CONTENT="Meier" HEIGHT="52" HPOS="862" VPOS="864" WIDTH="179" />
<SP HEIGHT="32" HPOS="1042" VPOS="883" WIDTH="28" />
<String CONTENT="&#8230;" CS="1" />
<SP HEIGHT="33" HPOS="1127" VPOS="882" WIDTH="65" />
<String CONTENT="no." HEIGHT="34" HPOS="1193" VPOS="882" WIDTH="88" />
<SP HEIGHT="49" HPOS="1282" VPOS="867" WIDTH="30" />
<String CONTENT="15:" HEIGHT="48" HPOS="1313" VPOS="867" WIDTH="93" />
<SP HEIGHT="47" HPOS="1407" VPOS="869" WIDTH="29" />
<String CONTENT="1935" HEIGHT="49" HPOS="1437" VPOS="867" WIDTH="133" />
<SP HEIGHT="47" HPOS="1571" VPOS="868" WIDTH="31" />
<String CONTENT="&#8230;" CS="1" />
<SP HEIGHT="54" HPOS="1659" VPOS="863" WIDTH="69" />
<String CONTENT="Cincinnati," HEIGHT="67" HPOS="1729" VPOS="863" WIDTH="346" />
</TextLine>
<TextLine HEIGHT="66" HPOS="90" STYLEREFS="StyleId-C01A5AA1-AA34-4E76-AE86-AC723F4D2EAA-" VPOS="943" WIDTH="1190">
<String CONTENT="The" HEIGHT="52" HPOS="90" VPOS="945" WIDTH="114" />
<SP HEIGHT="54" HPOS="205" VPOS="945" WIDTH="25" />
<String CONTENT="W." HEIGHT="54" HPOS="231" VPOS="945" WIDTH="85" />
<SP HEIGHT="51" HPOS="317" VPOS="945" WIDTH="27" />
<String CONTENT="H." HEIGHT="50" HPOS="345" VPOS="945" WIDTH="74" />
<SP HEIGHT="50" HPOS="420" VPOS="945" WIDTH="27" />
<String CONTENT="Anderson" HEIGHT="52" HPOS="448" VPOS="943" WIDTH="301" />
<SP HEIGHT="33" HPOS="750" VPOS="961" WIDTH="26" />
<String CONTENT="company" HEIGHT="49" HPOS="777" VPOS="960" WIDTH="279" />
<SP HEIGHT="47" HPOS="1057" VPOS="962" WIDTH="30" />
<String CONTENT="[c1935]" HEIGHT="64" HPOS="1088" VPOS="945" WIDTH="192" />
</TextLine>
<TextLine CS="1" HEIGHT="69" HPOS="153" VPOS="996" WIDTH="508">
<String CONTENT="2" HEIGHT="37" HPOS="153" VPOS="1019" WIDTH="24" />
<SP />
<String CONTENT="p." HEIGHT="36" HPOS="202" VPOS="1029" WIDTH="42" />
<SP HEIGHT="61" HPOS="245" VPOS="996" WIDTH="20" />
<String CONTENT="l.," CS="1" />
<SP HEIGHT="60" HPOS="313" VPOS="996" WIDTH="25" />
<String CONTENT="283" HEIGHT="41" HPOS="339" VPOS="1016" WIDTH="83" />
<SP HEIGHT="47" HPOS="423" VPOS="1017" WIDTH="24" />
<String CONTENT="p." HEIGHT="37" HPOS="448" VPOS="1027" WIDTH="41" />
<SP HEIGHT="39" HPOS="490" VPOS="1015" WIDTH="54" />
<String CONTENT="26cm." CS="1" HEIGHT="40" HPOS="545" VPOS="1015" WIDTH="116" />
</TextLine>
<TextLine CS="1" HEIGHT="52" HPOS="89" VPOS="1084" WIDTH="1987">
<String CONTENT="&#169;" HEIGHT="52" HPOS="89" VPOS="1084" WIDTH="49" />
<SP HEIGHT="52" HPOS="139" VPOS="1084" WIDTH="22" />
<String CONTENT="June" HEIGHT="38" HPOS="162" VPOS="1089" WIDTH="125" />
<SP HEIGHT="39" HPOS="288" VPOS="1087" WIDTH="22" />
<String CONTENT="21," HEIGHT="46" HPOS="311" VPOS="1087" WIDTH="69" />
<SP HEIGHT="45" HPOS="381" VPOS="1088" WIDTH="23" />
<String CONTENT="1935;" CS="1" HEIGHT="41" HPOS="405" VPOS="1085" WIDTH="113" />
<SP HEIGHT="47" HPOS="545" VPOS="1085" WIDTH="23" />
<String CONTENT="2c." HEIGHT="41" HPOS="569" VPOS="1085" WIDTH="66" />
<SP HEIGHT="39" HPOS="636" VPOS="1086" WIDTH="24" />
<String CONTENT="June" HEIGHT="39" HPOS="661" VPOS="1086" WIDTH="129" />
<SP HEIGHT="40" HPOS="791" VPOS="1085" WIDTH="18" />
<String CONTENT="22;" CS="1" HEIGHT="39" HPOS="810" VPOS="1085" WIDTH="56" />
<SP />
<String CONTENT="aff." CS="1" />
<SP />
<String CONTENT="June" HEIGHT="39" HPOS="1029" VPOS="1085" WIDTH="126" />
<SP HEIGHT="38" HPOS="1156" VPOS="1085" WIDTH="19" />
<String CONTENT="24;" CS="1" HEIGHT="38" HPOS="1176" VPOS="1085" WIDTH="58" />
<SP HEIGHT="48" HPOS="1260" VPOS="1084" WIDTH="26" />
<String CONTENT="A" HEIGHT="39" HPOS="1287" VPOS="1084" WIDTH="41" />
<SP HEIGHT="41" HPOS="1329" VPOS="1084" WIDTH="24" />
<String CONTENT="84387;" CS="1" HEIGHT="40" HPOS="1354" VPOS="1085" WIDTH="144" />
<SP HEIGHT="45" HPOS="1524" VPOS="1086" WIDTH="25" />
<String CONTENT="W." HEIGHT="39" HPOS="1550" VPOS="1086" WIDTH="70" />
<SP HEIGHT="38" HPOS="1621" VPOS="1086" WIDTH="23" />
<String CONTENT="H." HEIGHT="38" HPOS="1645" VPOS="1086" WIDTH="59" />
<SP HEIGHT="38" HPOS="1705" VPOS="1085" WIDTH="26" />
<String CONTENT="Anderson" HEIGHT="40" HPOS="1732" VPOS="1085" WIDTH="251" />
<SP HEIGHT="29" HPOS="1984" VPOS="1096" WIDTH="24" />
<String CONTENT="co." HEIGHT="31" HPOS="2009" VPOS="1095" WIDTH="67" />
</TextLine>
<TextLine HEIGHT="66" HPOS="91" STYLEREFS="StyleId-D84F3F95-28B3-4A7C-84F4-8D895AF6EA53-" VPOS="1206" WIDTH="800">
<String CONTENT="Pemberton," HEIGHT="66" HPOS="91" VPOS="1206" WIDTH="365" />
<SP HEIGHT="65" HPOS="457" VPOS="1207" WIDTH="26" />
<String CONTENT="Ralph," HEIGHT="64" HPOS="484" VPOS="1206" WIDTH="209" />
<SP HEIGHT="59" HPOS="694" VPOS="1211" WIDTH="28" />
<String CONTENT="1877-" HEIGHT="54" HPOS="723" VPOS="1206" WIDTH="168" />
</TextLine>
<TextLine CS="1" HEIGHT="148" HPOS="93" STYLEREFS="StyleId-C01A5AA1-AA34-4E76-AE86-AC723F4D2EAA-" VPOS="1281" WIDTH="1960">
<String CONTENT="Arthritis" HEIGHT="52" HPOS="156" VPOS="1284" WIDTH="282" />
<SP HEIGHT="33" HPOS="439" VPOS="1302" WIDTH="23" />
<String CONTENT="and" HEIGHT="51" HPOS="463" VPOS="1284" WIDTH="111" />
<SP HEIGHT="51" HPOS="575" VPOS="1284" WIDTH="23" />
<String CONTENT="rheumatoid" HEIGHT="52" HPOS="599" VPOS="1283" WIDTH="358" />
<SP HEIGHT="51" HPOS="958" VPOS="1283" WIDTH="25" />
<String CONTENT="conditions;" CS="1" HEIGHT="53" HPOS="984" VPOS="1282" WIDTH="320" />
<SP HEIGHT="61" HPOS="1333" VPOS="1288" WIDTH="28" />
<String CONTENT="their" HEIGHT="54" HPOS="1362" VPOS="1281" WIDTH="149" />
<SP HEIGHT="33" HPOS="1512" VPOS="1302" WIDTH="24" />
<String CONTENT="nature" HEIGHT="48" HPOS="1537" VPOS="1287" WIDTH="202" />
<SP HEIGHT="33" HPOS="1740" VPOS="1302" WIDTH="26" />
<String CONTENT="and" HEIGHT="51" HPOS="1767" VPOS="1284" WIDTH="112" />
<SP HEIGHT="53" HPOS="1880" VPOS="1284" WIDTH="25" />
<String CONTENT="treatment," HEIGHT="139" HPOS="93" VPOS="1290" WIDTH="1960" />
<SP HEIGHT="66" HPOS="257" VPOS="1363" WIDTH="29" />
<String CONTENT="by" HEIGHT="66" HPOS="287" VPOS="1363" WIDTH="74" />
</TextLine>
<TextLine CS="1" HEIGHT="132" HPOS="95" STYLEREFS="StyleId-C01A5AA1-AA34-4E76-AE86-AC723F4D2EAA-" VPOS="1361" WIDTH="1958">
<String CONTENT="Ralph" HEIGHT="67" HPOS="392" VPOS="1362" WIDTH="192" />
<SP HEIGHT="52" HPOS="585" VPOS="1362" WIDTH="30" />
<String CONTENT="Pemberton" HEIGHT="52" HPOS="616" VPOS="1362" WIDTH="340" />
<SP HEIGHT="32" HPOS="957" VPOS="1381" WIDTH="36" />
<String CONTENT="&#8230;" CS="1" />
<SP HEIGHT="48" HPOS="1049" VPOS="1364" WIDTH="70" />
<String CONTENT="2d" HEIGHT="52" HPOS="1120" VPOS="1361" WIDTH="73" />
<SP HEIGHT="52" HPOS="1194" VPOS="1361" WIDTH="30" />
<String CONTENT="ed.," HEIGHT="65" HPOS="1225" VPOS="1361" WIDTH="104" />
<SP HEIGHT="59" HPOS="1330" VPOS="1367" WIDTH="29" />
<String CONTENT="thoroughly" HEIGHT="67" HPOS="1360" VPOS="1362" WIDTH="349" />
<SP HEIGHT="48" HPOS="1710" VPOS="1381" WIDTH="30" />
<String CONTENT="rev.;" HEIGHT="47" HPOS="1741" VPOS="1381" WIDTH="142" />
<SP HEIGHT="64" HPOS="1884" VPOS="1364" WIDTH="34" />
<String CONTENT="illustrated" HEIGHT="130" HPOS="95" VPOS="1363" WIDTH="1958" />
<SP HEIGHT="51" HPOS="275" VPOS="1441" WIDTH="31" />
<String CONTENT="with" HEIGHT="51" HPOS="307" VPOS="1441" WIDTH="138" />
<SP HEIGHT="50" HPOS="446" VPOS="1441" WIDTH="31" />
<String CONTENT="69" HEIGHT="48" HPOS="478" VPOS="1443" WIDTH="65" />
</TextLine>
<TextLine HEIGHT="69" HPOS="576" STYLEREFS="StyleId-C01A5AA1-AA34-4E76-AE86-AC723F4D2EAA-" VPOS="1439" WIDTH="1501">
<String CONTENT="engravings" HEIGHT="68" HPOS="576" VPOS="1439" WIDTH="343" />
<SP HEIGHT="33" HPOS="920" VPOS="1459" WIDTH="31" />
<String CONTENT="and" HEIGHT="52" HPOS="952" VPOS="1440" WIDTH="112" />
<SP HEIGHT="51" HPOS="1065" VPOS="1440" WIDTH="32" />
<String CONTENT="a" HEIGHT="32" HPOS="1098" VPOS="1459" WIDTH="30" />
<SP HEIGHT="33" HPOS="1129" VPOS="1458" WIDTH="27" />
<String CONTENT="colored" HEIGHT="53" HPOS="1157" VPOS="1440" WIDTH="224" />
<SP HEIGHT="67" HPOS="1382" VPOS="1440" WIDTH="30" />
<String CONTENT="plate." HEIGHT="66" HPOS="1413" VPOS="1441" WIDTH="172" />
<SP HEIGHT="50" HPOS="1586" VPOS="1442" WIDTH="65" />
<String CONTENT="Philadelphia," HEIGHT="69" HPOS="1652" VPOS="1439" WIDTH="425" />
</TextLine>
<TextLine HEIGHT="67" HPOS="94" STYLEREFS="StyleId-C01A5AA1-AA34-4E76-AE86-AC723F4D2EAA-" VPOS="1518" WIDTH="645">
<String CONTENT="Lea" HEIGHT="50" HPOS="94" VPOS="1521" WIDTH="105" />
<SP HEIGHT="49" HPOS="200" VPOS="1523" WIDTH="27" />
<String CONTENT="&amp;" HEIGHT="49" HPOS="228" VPOS="1523" WIDTH="45" />
<SP HEIGHT="52" HPOS="274" VPOS="1520" WIDTH="24" />
<String CONTENT="Febiger," HEIGHT="67" HPOS="299" VPOS="1518" WIDTH="260" />
<SP HEIGHT="62" HPOS="560" VPOS="1523" WIDTH="27" />
<String CONTENT="1935." HEIGHT="50" HPOS="588" VPOS="1521" WIDTH="151" />
</TextLine>
<TextLine CS="1" HEIGHT="50" HPOS="155" VPOS="1590" WIDTH="941">
<String CONTENT="455" HEIGHT="39" HPOS="155" VPOS="1593" WIDTH="84" />
<SP HEIGHT="47" HPOS="240" VPOS="1593" WIDTH="24" />
<String CONTENT="p." HEIGHT="37" HPOS="265" VPOS="1603" WIDTH="41" />
<SP HEIGHT="39" HPOS="307" VPOS="1592" WIDTH="55" />
<String CONTENT="illus.," HEIGHT="45" HPOS="363" VPOS="1592" WIDTH="141" />
<SP HEIGHT="36" HPOS="505" VPOS="1601" WIDTH="26" />
<String CONTENT="col." HEIGHT="39" HPOS="532" VPOS="1591" WIDTH="85" />
<SP HEIGHT="38" HPOS="618" VPOS="1601" WIDTH="25" />
<String CONTENT="pl.," CS="1" HEIGHT="38" HPOS="644" VPOS="1601" WIDTH="76" />
<SP HEIGHT="46" HPOS="721" VPOS="1592" WIDTH="26" />
<String CONTENT="diagrs." HEIGHT="48" HPOS="748" VPOS="1590" WIDTH="177" />
<SP HEIGHT="39" HPOS="926" VPOS="1591" WIDTH="55" />
<String CONTENT="24cm." CS="1" HEIGHT="38" HPOS="982" VPOS="1591" WIDTH="114" />
</TextLine>
<TextLine HEIGHT="50" HPOS="157" VPOS="1645" WIDTH="715">
<String CONTENT="Bibliographical" HEIGHT="50" HPOS="157" VPOS="1645" WIDTH="408" />
<SP HEIGHT="38" HPOS="566" VPOS="1647" WIDTH="27" />
<String CONTENT="foot-notes." HEIGHT="39" HPOS="594" VPOS="1647" WIDTH="278" />
</TextLine>
<TextLine CS="1" HEIGHT="52" HPOS="93" VPOS="1714" WIDTH="1903">
<String CONTENT="&#169;" HEIGHT="52" HPOS="93" VPOS="1714" WIDTH="49" />
<SP HEIGHT="52" HPOS="143" VPOS="1714" WIDTH="23" />
<String CONTENT="June" HEIGHT="39" HPOS="167" VPOS="1717" WIDTH="127" />
<SP HEIGHT="39" HPOS="295" VPOS="1717" WIDTH="21" />
<String CONTENT="11," HEIGHT="46" HPOS="317" VPOS="1717" WIDTH="68" />
<SP HEIGHT="46" HPOS="386" VPOS="1717" WIDTH="25" />
<String CONTENT="1935;" CS="1" HEIGHT="41" HPOS="412" VPOS="1715" WIDTH="114" />
<SP HEIGHT="48" HPOS="553" VPOS="1715" WIDTH="27" />
<String CONTENT="2c." HEIGHT="41" HPOS="581" VPOS="1715" WIDTH="68" />
<SP HEIGHT="39" HPOS="650" VPOS="1717" WIDTH="30" />
<String CONTENT="June" HEIGHT="39" HPOS="681" VPOS="1717" WIDTH="125" />
<SP HEIGHT="40" HPOS="807" VPOS="1716" WIDTH="26" />
<String CONTENT="12;" CS="1" HEIGHT="39" HPOS="834" VPOS="1715" WIDTH="54" />
<SP HEIGHT="37" HPOS="915" VPOS="1725" WIDTH="31" />
<String CONTENT="aff." HEIGHT="41" HPOS="947" VPOS="1714" WIDTH="82" />
<SP HEIGHT="39" HPOS="1030" VPOS="1716" WIDTH="27" />
<String CONTENT="June" HEIGHT="39" HPOS="1058" VPOS="1716" WIDTH="127" />
<SP HEIGHT="38" HPOS="1186" VPOS="1716" WIDTH="26" />
<String CONTENT="14;" CS="1" HEIGHT="38" HPOS="1213" VPOS="1716" WIDTH="57" />
<SP HEIGHT="46" HPOS="1296" VPOS="1716" WIDTH="28" />
<String CONTENT="A" HEIGHT="39" HPOS="1325" VPOS="1716" WIDTH="41" />
<SP HEIGHT="40" HPOS="1367" VPOS="1716" WIDTH="24" />
<String CONTENT="84234;" CS="1" HEIGHT="40" HPOS="1392" VPOS="1716" WIDTH="144" />
<SP HEIGHT="47" HPOS="1563" VPOS="1717" WIDTH="31" />
<String CONTENT="Lea" HEIGHT="40" HPOS="1595" VPOS="1717" WIDTH="95" />
<SP HEIGHT="40" HPOS="1691" VPOS="1717" WIDTH="27" />
<String CONTENT="&amp;" HEIGHT="40" HPOS="1719" VPOS="1717" WIDTH="37" />
<SP HEIGHT="40" HPOS="1757" VPOS="1717" WIDTH="24" />
<String CONTENT="Febiger." HEIGHT="48" HPOS="1782" VPOS="1716" WIDTH="214" />
</TextLine>
<TextLine HEIGHT="49" HPOS="166" VPOS="1773" WIDTH="247">
<String CONTENT="(35-8695)" HEIGHT="49" HPOS="166" VPOS="1773" WIDTH="247" />
</TextLine>
<TextLine HEIGHT="66" HPOS="94" STYLEREFS="StyleId-D84F3F95-28B3-4A7C-84F4-8D895AF6EA53-" VPOS="1875" WIDTH="1001">
<String CONTENT="Pfiffner," HEIGHT="66" HPOS="94" VPOS="1875" WIDTH="251" />
<SP HEIGHT="63" HPOS="346" VPOS="1878" WIDTH="25" />
<String CONTENT="John" HEIGHT="53" HPOS="372" VPOS="1877" WIDTH="154" />
<SP HEIGHT="51" HPOS="527" VPOS="1878" WIDTH="26" />
<String CONTENT="McDonald," HEIGHT="66" HPOS="554" VPOS="1875" WIDTH="340" />
<SP HEIGHT="58" HPOS="895" VPOS="1883" WIDTH="30" />
<String CONTENT="1893-" HEIGHT="49" HPOS="926" VPOS="1881" WIDTH="169" />
</TextLine>
<TextLine CS="1" HEIGHT="70" HPOS="0" STYLEREFS="StyleId-C01A5AA1-AA34-4E76-AE86-AC723F4D2EAA-" VPOS="1953" WIDTH="2078">
<String CONTENT="." HEIGHT="6" HPOS="0" VPOS="1995" WIDTH="6" />
<SP HEIGHT="50" HPOS="7" VPOS="1955" WIDTH="152" />
<String CONTENT="Public" HEIGHT="53" HPOS="160" VPOS="1954" WIDTH="199" />
<SP HEIGHT="33" HPOS="360" VPOS="1973" WIDTH="32" />
<String CONTENT="administration," HEIGHT="67" HPOS="393" VPOS="1953" WIDTH="479" />
<SP HEIGHT="67" HPOS="873" VPOS="1953" WIDTH="30" />
<String CONTENT="by" HEIGHT="68" HPOS="904" VPOS="1953" WIDTH="75" />
<SP HEIGHT="66" HPOS="980" VPOS="1955" WIDTH="28" />
<String CONTENT="John" HEIGHT="54" HPOS="1009" VPOS="1955" WIDTH="157" />
<SP HEIGHT="52" HPOS="1167" VPOS="1953" WIDTH="29" />
<String CONTENT="M." HEIGHT="54" HPOS="1197" VPOS="1953" WIDTH="79" />
<SP HEIGHT="50" HPOS="1277" VPOS="1957" WIDTH="34" />
<String CONTENT="Pfiffner" HEIGHT="54" HPOS="1312" VPOS="1953" WIDTH="241" />
<SP HEIGHT="34" HPOS="1554" VPOS="1974" WIDTH="35" />
<String CONTENT="&#8230;" CS="1" />
<SP HEIGHT="52" HPOS="1647" VPOS="1957" WIDTH="78" />
<String CONTENT="New" HEIGHT="52" HPOS="1726" VPOS="1957" WIDTH="135" />
<SP HEIGHT="50" HPOS="1862" VPOS="1958" WIDTH="41" />
<String CONTENT="York," HEIGHT="66" HPOS="1904" VPOS="1957" WIDTH="174" />
</TextLine>
<TextLine CS="1" HEIGHT="66" HPOS="95" STYLEREFS="StyleId-C01A5AA1-AA34-4E76-AE86-AC723F4D2EAA-" VPOS="2033" WIDTH="1077">
<String CONTENT="The" HEIGHT="51" HPOS="95" VPOS="2033" WIDTH="115" />
<SP HEIGHT="50" HPOS="211" VPOS="2034" WIDTH="27" />
<String CONTENT="Ronald" HEIGHT="52" HPOS="239" VPOS="2033" WIDTH="223" />
<SP HEIGHT="66" HPOS="463" VPOS="2033" WIDTH="32" />
<String CONTENT="press" HEIGHT="49" HPOS="496" VPOS="2050" WIDTH="155" />
<SP HEIGHT="34" HPOS="652" VPOS="2051" WIDTH="29" />
<String CONTENT="company" HEIGHT="49" HPOS="682" VPOS="2050" WIDTH="278" />
<SP HEIGHT="49" HPOS="961" VPOS="2050" WIDTH="37" />
<String CONTENT="[c1935]" CS="1" HEIGHT="49" HPOS="1017" VPOS="2036" WIDTH="155" />
</TextLine>
<TextLine CS="1" HEIGHT="50" HPOS="160" VPOS="2103" WIDTH="1423">
<String CONTENT="xii," HEIGHT="49" HPOS="160" VPOS="2104" WIDTH="80" />
<SP HEIGHT="48" HPOS="241" VPOS="2105" WIDTH="30" />
<String CONTENT="525" HEIGHT="39" HPOS="272" VPOS="2105" WIDTH="84" />
<SP HEIGHT="46" HPOS="357" VPOS="2106" WIDTH="28" />
<String CONTENT="p." HEIGHT="37" HPOS="386" VPOS="2115" WIDTH="42" />
<SP HEIGHT="39" HPOS="429" VPOS="2107" WIDTH="58" />
<String CONTENT="diagrs." HEIGHT="48" HPOS="488" VPOS="2104" WIDTH="177" />
<SP HEIGHT="40" HPOS="666" VPOS="2103" WIDTH="59" />
<String CONTENT="22cm." CS="1" HEIGHT="42" HPOS="726" VPOS="2103" WIDTH="118" />
<SP HEIGHT="48" HPOS="845" VPOS="2105" WIDTH="65" />
<String CONTENT="(Political" HEIGHT="49" HPOS="911" VPOS="2104" WIDTH="252" />
<SP HEIGHT="39" HPOS="1164" VPOS="2105" WIDTH="28" />
<String CONTENT="science" HEIGHT="41" HPOS="1193" VPOS="2104" WIDTH="185" />
<SP HEIGHT="31" HPOS="1379" VPOS="2114" WIDTH="28" />
<String CONTENT="series)" HEIGHT="48" HPOS="1408" VPOS="2104" WIDTH="175" />
</TextLine>
<TextLine HEIGHT="48" HPOS="163" VPOS="2162" WIDTH="1187">
<String CONTENT="&#8220;Selected" HEIGHT="40" HPOS="163" VPOS="2162" WIDTH="241" />
<SP HEIGHT="38" HPOS="405" VPOS="2164" WIDTH="29" />
<String CONTENT="readings&#8221;" HEIGHT="47" HPOS="435" VPOS="2162" WIDTH="252" />
<SP HEIGHT="40" HPOS="688" VPOS="2162" WIDTH="26" />
<String CONTENT="at" HEIGHT="38" HPOS="715" VPOS="2164" WIDTH="53" />
<SP HEIGHT="38" HPOS="769" VPOS="2164" WIDTH="24" />
<String CONTENT="end" HEIGHT="39" HPOS="794" VPOS="2162" WIDTH="91" />
<SP HEIGHT="39" HPOS="886" VPOS="2162" WIDTH="26" />
<String CONTENT="of" HEIGHT="39" HPOS="913" VPOS="2162" WIDTH="51" />
<SP HEIGHT="39" HPOS="965" VPOS="2162" WIDTH="26" />
<String CONTENT="each" HEIGHT="39" HPOS="992" VPOS="2162" WIDTH="118" />
<SP HEIGHT="39" HPOS="1111" VPOS="2162" WIDTH="24" />
<String CONTENT="chapter." HEIGHT="47" HPOS="1136" VPOS="2163" WIDTH="214" />
</TextLine>
<TextLine HEIGHT="53" HPOS="96" VPOS="2216" WIDTH="1875">
<String CONTENT="&#169;" HEIGHT="52" HPOS="96" VPOS="2216" WIDTH="49" />
<SP HEIGHT="52" HPOS="146" VPOS="2216" WIDTH="21" />
<String CONTENT="May" HEIGHT="47" HPOS="168" VPOS="2221" WIDTH="111" />
<SP HEIGHT="48" HPOS="280" VPOS="2220" WIDTH="23" />
<String CONTENT="31," HEIGHT="46" HPOS="304" VPOS="2220" WIDTH="69" />
<SP HEIGHT="46" HPOS="374" VPOS="2220" WIDTH="26" />
<String CONTENT="1935;" HEIGHT="48" HPOS="401" VPOS="2219" WIDTH="140" />
<SP HEIGHT="48" HPOS="542" VPOS="2219" WIDTH="26" />
<String CONTENT="2c." HEIGHT="40" HPOS="569" VPOS="2219" WIDTH="67" />
<SP HEIGHT="39" HPOS="637" VPOS="2220" WIDTH="26" />
<String CONTENT="June" HEIGHT="40" HPOS="664" VPOS="2220" WIDTH="129" />
<SP HEIGHT="41" HPOS="794" VPOS="2219" WIDTH="23" />
<String CONTENT="6;" HEIGHT="47" HPOS="818" VPOS="2219" WIDTH="52" />
<SP HEIGHT="37" HPOS="871" VPOS="2229" WIDTH="28" />
<String CONTENT="aff." HEIGHT="39" HPOS="900" VPOS="2220" WIDTH="82" />
<SP HEIGHT="39" HPOS="983" VPOS="2220" WIDTH="29" />
<String CONTENT="June" HEIGHT="39" HPOS="1013" VPOS="2220" WIDTH="128" />
<SP HEIGHT="40" HPOS="1142" VPOS="2219" WIDTH="25" />
<String CONTENT="5;" HEIGHT="47" HPOS="1168" VPOS="2219" WIDTH="52" />
<SP HEIGHT="45" HPOS="1221" VPOS="2221" WIDTH="31" />
<String CONTENT="A" HEIGHT="39" HPOS="1253" VPOS="2221" WIDTH="43" />
<SP HEIGHT="40" HPOS="1297" VPOS="2220" WIDTH="24" />
<String CONTENT="83494;" HEIGHT="47" HPOS="1322" VPOS="2219" WIDTH="169" />
<SP HEIGHT="46" HPOS="1492" VPOS="2220" WIDTH="30" />
<String CONTENT="Ronald" HEIGHT="40" HPOS="1523" VPOS="2220" WIDTH="191" />
<SP HEIGHT="48" HPOS="1715" VPOS="2221" WIDTH="25" />
<String CONTENT="press" HEIGHT="39" HPOS="1741" VPOS="2230" WIDTH="135" />
<SP HEIGHT="30" HPOS="1877" VPOS="2231" WIDTH="26" />
<String CONTENT="co." HEIGHT="30" HPOS="1904" VPOS="2232" WIDTH="67" />
</TextLine>
<TextLine HEIGHT="48" HPOS="170" VPOS="2277" WIDTH="247">
<String CONTENT="(35-8663)" HEIGHT="48" HPOS="170" VPOS="2277" WIDTH="247" />
</TextLine>
<TextLine HEIGHT="69" HPOS="99" STYLEREFS="StyleId-C01A5AA1-AA34-4E76-AE86-AC723F4D2EAA-" VPOS="2378" WIDTH="1231">
<String CONTENT="Punch." HEIGHT="55" HPOS="99" VPOS="2378" WIDTH="214" />
<SP HEIGHT="34" HPOS="314" VPOS="2399" WIDTH="71" />
<String CONTENT="V." HEIGHT="34" HPOS="386" VPOS="2399" WIDTH="50" />
<SP HEIGHT="48" HPOS="437" VPOS="2385" WIDTH="29" />
<String CONTENT="188," HEIGHT="63" HPOS="467" VPOS="2383" WIDTH="115" />
<SP HEIGHT="47" HPOS="583" VPOS="2399" WIDTH="24" />
<String CONTENT="no." HEIGHT="34" HPOS="608" VPOS="2399" WIDTH="88" />
<SP HEIGHT="48" HPOS="697" VPOS="2385" WIDTH="26" />
<String CONTENT="4901," HEIGHT="62" HPOS="724" VPOS="2383" WIDTH="153" />
<SP HEIGHT="64" HPOS="878" VPOS="2381" WIDTH="23" />
<String CONTENT="May" HEIGHT="66" HPOS="902" VPOS="2381" WIDTH="140" />
<SP HEIGHT="63" HPOS="1043" VPOS="2384" WIDTH="26" />
<String CONTENT="15," HEIGHT="61" HPOS="1070" VPOS="2384" WIDTH="82" />
<SP HEIGHT="61" HPOS="1153" VPOS="2384" WIDTH="27" />
<String CONTENT="1935." HEIGHT="50" HPOS="1181" VPOS="2383" WIDTH="149" />
</TextLine>
<TextLine CS="1" HEIGHT="55" HPOS="97" VPOS="2448" WIDTH="1985">
<String CONTENT="&#169;" HEIGHT="52" HPOS="97" LANG="en-US" VPOS="2448" WIDTH="49" />
<SP />
<String CONTENT="1c." CS="1" LANG="en-US" />
<SP />
<String CONTENT="July" HEIGHT="48" HPOS="267" LANG="en-US" VPOS="2453" WIDTH="116" />
<SP HEIGHT="48" HPOS="384" VPOS="2453" WIDTH="27" />
<String CONTENT="11," HEIGHT="48" HPOS="412" LANG="en-US" VPOS="2453" WIDTH="68" />
<SP HEIGHT="47" HPOS="481" VPOS="2454" WIDTH="28" />
<String CONTENT="1935;" HEIGHT="48" HPOS="510" LANG="en-US" VPOS="2452" WIDTH="141" />
<SP HEIGHT="47" HPOS="652" VPOS="2453" WIDTH="33" />
<String CONTENT="A" HEIGHT="39" HPOS="686" LANG="en-US" VPOS="2453" WIDTH="43" />
<SP HEIGHT="40" HPOS="730" VPOS="2453" WIDTH="28" />
<String CONTENT="ad" HEIGHT="39" HPOS="759" LANG="de" VPOS="2454" WIDTH="61" />
<SP HEIGHT="39" HPOS="821" VPOS="2453" WIDTH="30" />
<String CONTENT="int." HEIGHT="40" HPOS="852" LANG="de" VPOS="2453" WIDTH="85" />
<SP HEIGHT="39" HPOS="938" VPOS="2453" WIDTH="30" />
<String CONTENT="20385;" CS="1" HEIGHT="41" HPOS="969" LANG="de" VPOS="2452" WIDTH="143" />
<SP HEIGHT="38" HPOS="1140" VPOS="2463" WIDTH="32" />
<String CONTENT="pubd." HEIGHT="48" HPOS="1173" LANG="en-US" VPOS="2453" WIDTH="142" />
<SP HEIGHT="37" HPOS="1316" VPOS="2455" WIDTH="31" />
<String CONTENT="May" HEIGHT="47" HPOS="1348" LANG="en-US" VPOS="2455" WIDTH="113" />
<SP HEIGHT="48" HPOS="1462" VPOS="2454" WIDTH="27" />
<String CONTENT="15;" HEIGHT="46" HPOS="1490" LANG="en-US" VPOS="2454" WIDTH="82" />
<SP HEIGHT="46" HPOS="1573" VPOS="2454" WIDTH="34" />
<String CONTENT="Herbert" HEIGHT="40" HPOS="1608" LANG="en-US" VPOS="2454" WIDTH="212" />
<SP HEIGHT="39" HPOS="1821" VPOS="2455" WIDTH="26" />
<String CONTENT="Heather," HEIGHT="48" HPOS="1848" LANG="en-US" VPOS="2455" WIDTH="234" />
</TextLine>
<TextLine HEIGHT="40" HPOS="162" VPOS="2510" WIDTH="207">
<String CONTENT="London." HEIGHT="40" HPOS="162" VPOS="2510" WIDTH="207" />
</TextLine>
<TextLine HEIGHT="67" HPOS="99" STYLEREFS="StyleId-D84F3F95-28B3-4A7C-84F4-8D895AF6EA53-" VPOS="2611" WIDTH="670">
<String CONTENT="Riding," HEIGHT="67" HPOS="99" VPOS="2611" WIDTH="226" />
<SP HEIGHT="64" HPOS="326" VPOS="2614" WIDTH="28" />
<String CONTENT="Laura," HEIGHT="64" HPOS="355" VPOS="2614" WIDTH="213" />
<SP HEIGHT="58" HPOS="569" VPOS="2620" WIDTH="28" />
<String CONTENT="1901-" HEIGHT="49" HPOS="598" VPOS="2619" WIDTH="171" />
</TextLine>
<TextLine CS="1" HEIGHT="68" HPOS="164" STYLEREFS="StyleId-C01A5AA1-AA34-4E76-AE86-AC723F4D2EAA-" VPOS="2690" WIDTH="1917">
<String CONTENT="Americans," HEIGHT="67" HPOS="164" LANG="en-US" VPOS="2690" WIDTH="347" />
<SP HEIGHT="66" HPOS="512" VPOS="2691" WIDTH="41" />
<String CONTENT="by" HEIGHT="66" HPOS="554" LANG="en-US" VPOS="2691" WIDTH="73" />
<SP HEIGHT="65" HPOS="628" VPOS="2692" WIDTH="47" />
<String CONTENT="Laura" HEIGHT="50" HPOS="676" LANG="en-US" VPOS="2692" WIDTH="192" />
<SP HEIGHT="49" HPOS="869" VPOS="2693" WIDTH="43" />
<String CONTENT="Riding." HEIGHT="66" HPOS="913" LANG="en-US" VPOS="2692" WIDTH="234" />
<SP HEIGHT="32" HPOS="1148" VPOS="2725" WIDTH="89" />
<String CONTENT="[Los" CS="1" HEIGHT="50" HPOS="1255" LANG="en-US" VPOS="2693" WIDTH="110" />
<SP HEIGHT="50" HPOS="1366" VPOS="2693" WIDTH="43" />
<String CONTENT="Angeles]" HEIGHT="65" HPOS="1410" LANG="de" VPOS="2693" WIDTH="266" />
<SP HEIGHT="63" HPOS="1677" VPOS="2694" WIDTH="51" />
<String CONTENT="Primavera," HEIGHT="65" HPOS="1729" LANG="de" VPOS="2693" WIDTH="352" />
</TextLine>
<TextLine HEIGHT="51" HPOS="102" STYLEREFS="StyleId-C01A5AA1-AA34-4E76-AE86-AC723F4D2EAA-" VPOS="2770" WIDTH="142">
<String CONTENT="1934." HEIGHT="51" HPOS="102" VPOS="2770" WIDTH="142" />
</TextLine>
<TextLine CS="1" HEIGHT="49" HPOS="166" VPOS="2840" WIDTH="234">
<String CONTENT="28" HEIGHT="41" HPOS="166" VPOS="2840" WIDTH="56" />
<SP HEIGHT="47" HPOS="223" VPOS="2842" WIDTH="23" />
<String CONTENT="p." HEIGHT="38" HPOS="247" LANG="fr" VPOS="2851" WIDTH="40" />
<SP HEIGHT="39" HPOS="288" VPOS="2841" WIDTH="55" />
<String CONTENT="24&#189;cm." CS="1" HEIGHT="39" HPOS="344" VPOS="2841" WIDTH="56" />
</TextLine>
<TextLine HEIGHT="48" HPOS="163" VPOS="2898" WIDTH="379">
<String CONTENT="Title" HEIGHT="39" HPOS="163" VPOS="2898" WIDTH="126" />
<SP HEIGHT="30" HPOS="290" VPOS="2908" WIDTH="24" />
<String CONTENT="vignette." HEIGHT="48" HPOS="315" VPOS="2898" WIDTH="227" />
</TextLine>
<TextLine HEIGHT="49" HPOS="164" VPOS="2953" WIDTH="778">
<String CONTENT="Two" HEIGHT="41" HPOS="164" VPOS="2954" WIDTH="111" />
<SP HEIGHT="39" HPOS="276" VPOS="2956" WIDTH="26" />
<String CONTENT="hundred" HEIGHT="39" HPOS="303" VPOS="2956" WIDTH="219" />
<SP HEIGHT="38" HPOS="523" VPOS="2956" WIDTH="27" />
<String CONTENT="copies" HEIGHT="49" HPOS="551" VPOS="2953" WIDTH="158" />
<SP HEIGHT="37" HPOS="710" VPOS="2964" WIDTH="24" />
<String CONTENT="printed." HEIGHT="48" HPOS="735" VPOS="2953" WIDTH="207" />
</TextLine>
<TextLine HEIGHT="40" HPOS="163" VPOS="3011" WIDTH="153">
<String CONTENT="Poem." HEIGHT="40" HPOS="163" VPOS="3011" WIDTH="153" />
</TextLine>
<TextLine HEIGHT="55" HPOS="100" VPOS="3063" WIDTH="1985">
<String CONTENT="&#169;" HEIGHT="52" HPOS="100" VPOS="3063" WIDTH="49" />
<SP HEIGHT="52" HPOS="150" VPOS="3063" WIDTH="22" />
<String CONTENT="Dec." HEIGHT="39" HPOS="173" VPOS="3068" WIDTH="107" />
<SP HEIGHT="37" HPOS="281" VPOS="3070" WIDTH="24" />
<String CONTENT="10," HEIGHT="46" HPOS="306" VPOS="3068" WIDTH="68" />
<SP HEIGHT="45" HPOS="375" VPOS="3069" WIDTH="24" />
<String CONTENT="1934;" HEIGHT="48" HPOS="400" VPOS="3066" WIDTH="140" />
<SP HEIGHT="47" HPOS="541" VPOS="3067" WIDTH="25" />
<String CONTENT="2c." HEIGHT="40" HPOS="567" VPOS="3067" WIDTH="68" />
<SP HEIGHT="39" HPOS="636" VPOS="3068" WIDTH="23" />
<String CONTENT="Mar." HEIGHT="39" HPOS="660" VPOS="3068" WIDTH="120" />
<SP HEIGHT="39" HPOS="781" VPOS="3068" WIDTH="25" />
<String CONTENT="19," HEIGHT="49" HPOS="807" VPOS="3066" WIDTH="67" />
<SP HEIGHT="47" HPOS="875" VPOS="3068" WIDTH="25" />
<String CONTENT="1935;" HEIGHT="46" HPOS="901" VPOS="3067" WIDTH="139" />
<SP HEIGHT="36" HPOS="1041" VPOS="3077" WIDTH="28" />
<String CONTENT="aff." HEIGHT="41" HPOS="1070" VPOS="3066" WIDTH="81" />
<SP HEIGHT="39" HPOS="1152" VPOS="3068" WIDTH="25" />
<String CONTENT="June" HEIGHT="39" HPOS="1178" VPOS="3068" WIDTH="130" />
<SP HEIGHT="40" HPOS="1309" VPOS="3067" WIDTH="21" />
<String CONTENT="29;" HEIGHT="47" HPOS="1331" VPOS="3067" WIDTH="83" />
<SP HEIGHT="46" HPOS="1415" VPOS="3068" WIDTH="29" />
<String CONTENT="A" HEIGHT="39" HPOS="1445" VPOS="3068" WIDTH="43" />
<SP HEIGHT="40" HPOS="1489" VPOS="3068" WIDTH="24" />
<String CONTENT="81063;" HEIGHT="46" HPOS="1514" VPOS="3068" WIDTH="169" />
<SP HEIGHT="44" HPOS="1684" VPOS="3070" WIDTH="30" />
<String CONTENT="Laura" HEIGHT="39" HPOS="1715" VPOS="3070" WIDTH="162" />
<SP HEIGHT="39" HPOS="1878" VPOS="3070" WIDTH="26" />
<String CONTENT="Riding" HEIGHT="51" HPOS="1905" VPOS="3067" WIDTH="180" />
</TextLine>
<TextLine HEIGHT="50" HPOS="167" VPOS="3124" WIDTH="1277">
<String CONTENT="Gottschalk," HEIGHT="50" HPOS="167" LANG="de" VPOS="3124" WIDTH="294" />
<SP HEIGHT="48" HPOS="462" VPOS="3126" WIDTH="31" />
<String CONTENT="Deya," HEIGHT="46" HPOS="494" LANG="en-US" VPOS="3126" WIDTH="149" />
<SP HEIGHT="46" HPOS="644" VPOS="3126" WIDTH="30" />
<String CONTENT="Mallorca," HEIGHT="46" HPOS="675" LANG="en-US" VPOS="3125" WIDTH="246" />
<SP HEIGHT="47" HPOS="922" VPOS="3124" WIDTH="36" />
<String CONTENT="Spain." HEIGHT="48" HPOS="959" LANG="en-US" VPOS="3124" WIDTH="161" />
<SP HEIGHT="47" HPOS="1121" VPOS="3125" WIDTH="71" />
<String CONTENT="(35-4433)" HEIGHT="48" HPOS="1193" LANG="en-US" VPOS="3124" WIDTH="251" />
</TextLine>
<TextLine HEIGHT="70" HPOS="102" STYLEREFS="StyleId-D84F3F95-28B3-4A7C-84F4-8D895AF6EA53-" VPOS="3222" WIDTH="778">
<String CONTENT="Riesenberg," HEIGHT="69" HPOS="102" LANG="de" VPOS="3222" WIDTH="369" />
<SP HEIGHT="61" HPOS="472" VPOS="3228" WIDTH="26" />
<String CONTENT="Felix," HEIGHT="67" HPOS="499" LANG="en-US" VPOS="3225" WIDTH="182" />
<SP HEIGHT="61" HPOS="682" VPOS="3231" WIDTH="30" />
<String CONTENT="1879-" HEIGHT="51" HPOS="713" LANG="en-US" VPOS="3230" WIDTH="167" />
</TextLine>
<TextLine CS="1" HEIGHT="142" HPOS="103" STYLEREFS="StyleId-C01A5AA1-AA34-4E76-AE86-AC723F4D2EAA-" VPOS="3304" WIDTH="1952">
<String CONTENT="&#8230;" CS="1" />
<SP HEIGHT="50" HPOS="227" VPOS="3306" WIDTH="30" />
<String CONTENT="The" HEIGHT="53" HPOS="258" VPOS="3304" WIDTH="119" />
<SP HEIGHT="53" HPOS="378" VPOS="3304" WIDTH="23" />
<String CONTENT="left-handed" HEIGHT="53" HPOS="402" VPOS="3304" WIDTH="360" />
<SP HEIGHT="66" HPOS="763" VPOS="3305" WIDTH="26" />
<String CONTENT="passenger." HEIGHT="51" HPOS="790" VPOS="3320" WIDTH="316" />
<SP HEIGHT="54" HPOS="1107" VPOS="3305" WIDTH="74" />
<String CONTENT="Garden" HEIGHT="54" HPOS="1182" VPOS="3305" WIDTH="231" />
<SP HEIGHT="53" HPOS="1414" VPOS="3306" WIDTH="26" />
<String CONTENT="City," HEIGHT="68" HPOS="1441" VPOS="3304" WIDTH="151" />
<SP HEIGHT="63" HPOS="1593" VPOS="3308" WIDTH="25" />
<String CONTENT="N." HEIGHT="50" HPOS="1619" LANG="fi" VPOS="3308" WIDTH="69" />
<SP HEIGHT="50" HPOS="1689" VPOS="3308" WIDTH="29" />
<String CONTENT="Y.," HEIGHT="64" HPOS="1719" VPOS="3308" WIDTH="89" />
<SP HEIGHT="64" HPOS="1809" VPOS="3308" WIDTH="25" />
<String CONTENT="Doubleday," HEIGHT="138" HPOS="103" VPOS="3308" WIDTH="1952" />
</TextLine>
<TextLine HEIGHT="68" HPOS="250" STYLEREFS="StyleId-C01A5AA1-AA34-4E76-AE86-AC723F4D2EAA-" VPOS="3381" WIDTH="919">
<String CONTENT="Doran" HEIGHT="52" HPOS="250" VPOS="3382" WIDTH="195" />
<SP HEIGHT="50" HPOS="446" VPOS="3385" WIDTH="26" />
<String CONTENT="&amp;" HEIGHT="50" HPOS="473" VPOS="3385" WIDTH="45" />
<SP HEIGHT="50" HPOS="519" VPOS="3385" WIDTH="23" />
<String CONTENT="company," HEIGHT="50" HPOS="543" VPOS="3399" WIDTH="296" />
<SP HEIGHT="67" HPOS="840" VPOS="3381" WIDTH="25" />
<String CONTENT="inc.," HEIGHT="68" HPOS="866" VPOS="3381" WIDTH="124" />
<SP HEIGHT="61" HPOS="991" VPOS="3388" WIDTH="29" />
<String CONTENT="1935." HEIGHT="49" HPOS="1021" VPOS="3386" WIDTH="148" />
</TextLine>
<TextLine CS="1" HEIGHT="49" HPOS="171" VPOS="3452" WIDTH="526">
<String CONTENT="5" HEIGHT="39" HPOS="171" LANG="en-US" VPOS="3452" WIDTH="26" />
<SP HEIGHT="49" HPOS="198" VPOS="3452" WIDTH="24" />
<String CONTENT="p." HEIGHT="37" HPOS="223" LANG="fr" VPOS="3464" WIDTH="41" />
<SP />
<String CONTENT="l.," CS="1" LANG="fr" />
<SP />
<String CONTENT="309" HEIGHT="41" HPOS="364" LANG="en-US" VPOS="3453" WIDTH="86" />
<SP HEIGHT="47" HPOS="451" VPOS="3454" WIDTH="27" />
<String CONTENT="p." HEIGHT="36" HPOS="479" LANG="en-US" VPOS="3465" WIDTH="41" />
<SP HEIGHT="41" HPOS="521" VPOS="3453" WIDTH="58" />
<String CONTENT="20cm." CS="1" HEIGHT="42" HPOS="580" LANG="en-US" VPOS="3453" WIDTH="117" />
</TextLine>
<TextLine HEIGHT="42" HPOS="171" VPOS="3508" WIDTH="413">
<String CONTENT="&#8220;First" HEIGHT="42" HPOS="171" VPOS="3508" WIDTH="158" />
<SP HEIGHT="37" HPOS="330" VPOS="3513" WIDTH="28" />
<String CONTENT="edition.&#8221;" HEIGHT="41" HPOS="359" VPOS="3509" WIDTH="225" />
</TextLine>
<TextLine CS="1" HEIGHT="112" HPOS="104" VPOS="3560" WIDTH="1962">
<String CONTENT="&#169;" HEIGHT="52" HPOS="104" VPOS="3560" WIDTH="49" />
<SP HEIGHT="52" HPOS="154" VPOS="3560" WIDTH="29" />
<String CONTENT="June" HEIGHT="41" HPOS="184" VPOS="3566" WIDTH="123" />
<SP HEIGHT="38" HPOS="308" VPOS="3569" WIDTH="27" />
<String CONTENT="7," HEIGHT="46" HPOS="336" VPOS="3569" WIDTH="39" />
<SP HEIGHT="47" HPOS="376" VPOS="3568" WIDTH="30" />
<String CONTENT="1935;" CS="1" HEIGHT="40" HPOS="407" VPOS="3567" WIDTH="113" />
<SP HEIGHT="46" HPOS="547" VPOS="3568" WIDTH="33" />
<String CONTENT="2c." HEIGHT="39" HPOS="581" VPOS="3568" WIDTH="68" />
<SP HEIGHT="29" HPOS="650" VPOS="3578" WIDTH="30" />
<String CONTENT="and" HEIGHT="38" HPOS="681" VPOS="3569" WIDTH="95" />
<SP HEIGHT="38" HPOS="777" VPOS="3569" WIDTH="31" />
<String CONTENT="aff." HEIGHT="40" HPOS="809" VPOS="3567" WIDTH="79" />
<SP HEIGHT="39" HPOS="889" VPOS="3568" WIDTH="34" />
<String CONTENT="June" HEIGHT="39" HPOS="924" VPOS="3568" WIDTH="124" />
<SP HEIGHT="40" HPOS="1049" VPOS="3567" WIDTH="33" />
<String CONTENT="22;" CS="1" HEIGHT="39" HPOS="1083" VPOS="3567" WIDTH="54" />
<SP HEIGHT="46" HPOS="1166" VPOS="3569" WIDTH="33" />
<String CONTENT="A" HEIGHT="38" HPOS="1200" VPOS="3569" WIDTH="41" />
<SP HEIGHT="39" HPOS="1242" VPOS="3569" WIDTH="29" />
<String CONTENT="84376;" CS="1" HEIGHT="40" HPOS="1272" VPOS="3568" WIDTH="143" />
<SP HEIGHT="45" HPOS="1442" VPOS="3569" WIDTH="35" />
<String CONTENT="F." HEIGHT="40" HPOS="1478" VPOS="3569" WIDTH="51" />
<SP HEIGHT="40" HPOS="1530" VPOS="3569" WIDTH="30" />
<String CONTENT="Riesenberg," HEIGHT="48" HPOS="1561" LANG="de" VPOS="3569" WIDTH="308" />
<SP HEIGHT="45" HPOS="1870" VPOS="3571" WIDTH="30" />
<String CONTENT="Bronxville," HEIGHT="99" HPOS="170" VPOS="3571" WIDTH="1896" />
<SP HEIGHT="46" HPOS="294" VPOS="3624" WIDTH="24" />
<String CONTENT="N." HEIGHT="39" HPOS="319" LANG="fi" VPOS="3624" WIDTH="55" />
<SP HEIGHT="38" HPOS="375" VPOS="3625" WIDTH="24" />
<String CONTENT="Y." HEIGHT="38" HPOS="400" VPOS="3625" WIDTH="53" />
<SP HEIGHT="47" HPOS="454" VPOS="3624" WIDTH="69" />
<String CONTENT="(35-8670)" HEIGHT="48" HPOS="524" VPOS="3624" WIDTH="250" />
</TextLine>
<TextLine HEIGHT="71" HPOS="108" STYLEREFS="StyleId-D84F3F95-28B3-4A7C-84F4-8D895AF6EA53-" VPOS="3720" WIDTH="903">
<String CONTENT="Robertson," HEIGHT="71" HPOS="108" VPOS="3720" WIDTH="338" />
<SP HEIGHT="64" HPOS="447" VPOS="3727" WIDTH="29" />
<String CONTENT="George" HEIGHT="63" HPOS="477" VPOS="3727" WIDTH="224" />
<SP HEIGHT="51" HPOS="702" VPOS="3728" WIDTH="27" />
<String CONTENT="F.," HEIGHT="62" HPOS="730" VPOS="3728" WIDTH="82" />
<SP HEIGHT="56" HPOS="813" VPOS="3734" WIDTH="28" />
<String CONTENT="1853-" HEIGHT="49" HPOS="842" VPOS="3733" WIDTH="169" />
</TextLine>
<TextLine CS="1" HEIGHT="70" HPOS="226" STYLEREFS="StyleId-92092022-64CE-4D41-A4DB-EBAD5567844B-" VPOS="3800" WIDTH="1856">
<String CONTENT="&#8230;" CS="1" />
<SP HEIGHT="50" HPOS="226" VPOS="3800" WIDTH="31" />
<String CONTENT="A" HEIGHT="50" HPOS="258" VPOS="3800" WIDTH="55" />
<SP HEIGHT="52" HPOS="314" VPOS="3800" WIDTH="25" />
<String CONTENT="small" HEIGHT="50" HPOS="340" VPOS="3802" WIDTH="164" />
<SP HEIGHT="50" HPOS="505" VPOS="3802" WIDTH="27" />
<String CONTENT="boy&#8217;s" HEIGHT="68" HPOS="533" VPOS="3801" WIDTH="158" />
<SP HEIGHT="32" HPOS="692" VPOS="3822" WIDTH="24" />
<String CONTENT="recollections" HEIGHT="52" HPOS="717" VPOS="3803" WIDTH="385" />
<SP HEIGHT="33" HPOS="1103" VPOS="3822" WIDTH="27" />
<String CONTENT="of" HEIGHT="53" HPOS="1131" VPOS="3802" WIDTH="64" />
<SP HEIGHT="53" HPOS="1196" VPOS="3802" WIDTH="24" />
<String CONTENT="the" HEIGHT="50" HPOS="1221" VPOS="3805" WIDTH="98" />
<SP HEIGHT="32" HPOS="1320" VPOS="3822" WIDTH="25" />
<String CONTENT="war" HEIGHT="34" HPOS="1346" VPOS="3821" WIDTH="119" />
<SP HEIGHT="51" HPOS="1466" VPOS="3804" WIDTH="24" />
<String CONTENT="between" HEIGHT="51" HPOS="1491" VPOS="3804" WIDTH="249" />
<SP HEIGHT="45" HPOS="1741" VPOS="3811" WIDTH="26" />
<String CONTENT="the" HEIGHT="51" HPOS="1768" VPOS="3805" WIDTH="99" />
<SP HEIGHT="33" HPOS="1868" VPOS="3823" WIDTH="23" />
<String CONTENT="states," HEIGHT="62" HPOS="1892" VPOS="3808" WIDTH="190" />
</TextLine>
<TextLine CS="1" HEIGHT="78" HPOS="104" STYLEREFS="StyleId-92092022-64CE-4D41-A4DB-EBAD5567844B-" VPOS="3870" WIDTH="1979">
<String CONTENT="by" HEIGHT="68" HPOS="104" VPOS="3870" WIDTH="67" />
<SP HEIGHT="64" HPOS="172" VPOS="3874" WIDTH="33" />
<String CONTENT="George" HEIGHT="70" HPOS="206" VPOS="3874" WIDTH="218" />
<SP HEIGHT="51" HPOS="425" VPOS="3878" WIDTH="34" />
<String CONTENT="F." HEIGHT="51" HPOS="460" VPOS="3878" WIDTH="65" />
<SP HEIGHT="52" HPOS="526" VPOS="3877" WIDTH="36" />
<String CONTENT="Robertson" HEIGHT="54" HPOS="563" VPOS="3877" WIDTH="315" />
<SP HEIGHT="34" HPOS="879" VPOS="3897" WIDTH="42" />
<String CONTENT="&#8230;" CS="1" />
<SP HEIGHT="55" HPOS="979" VPOS="3878" WIDTH="77" />
<String CONTENT="Clover," HEIGHT="70" HPOS="1057" VPOS="3878" WIDTH="222" />
<SP HEIGHT="70" HPOS="1280" VPOS="3878" WIDTH="35" />
<String CONTENT="S." HEIGHT="56" HPOS="1316" LANG="fr" VPOS="3878" WIDTH="57" />
<SP HEIGHT="55" HPOS="1374" VPOS="3879" WIDTH="37" />
<String CONTENT="C.," HEIGHT="69" HPOS="1412" LANG="fr" VPOS="3879" WIDTH="83" />
<SP HEIGHT="69" HPOS="1496" VPOS="3879" WIDTH="35" />
<String CONTENT="G." HEIGHT="55" HPOS="1532" LANG="fr" VPOS="3879" WIDTH="69" />
<SP HEIGHT="53" HPOS="1602" VPOS="3881" WIDTH="37" />
<String CONTENT="F." HEIGHT="53" HPOS="1640" VPOS="3881" WIDTH="67" />
<SP HEIGHT="54" HPOS="1708" VPOS="3880" WIDTH="38" />
<String CONTENT="Robertson," HEIGHT="67" HPOS="1747" VPOS="3880" WIDTH="336" />
</TextLine>
<TextLine CS="1" HEIGHT="74" HPOS="105" STYLEREFS="StyleId-92092022-64CE-4D41-A4DB-EBAD5567844B-" VPOS="3951" WIDTH="486">
<String CONTENT="1932" HEIGHT="52" HPOS="105" VPOS="3951" WIDTH="126" />
<SP HEIGHT="68" HPOS="232" VPOS="3953" WIDTH="34" />
<String CONTENT="(i." CS="1" HEIGHT="68" HPOS="267" VPOS="3953" WIDTH="48" />
<SP HEIGHT="36" HPOS="328" VPOS="3973" WIDTH="28" />
<String CONTENT="e." HEIGHT="36" HPOS="357" VPOS="3973" WIDTH="42" />
<SP HEIGHT="50" HPOS="400" VPOS="3959" WIDTH="28" />
<String CONTENT="1935)" HEIGHT="70" HPOS="429" VPOS="3955" WIDTH="162" />
</TextLine>
</TextBlock>
<GraphicalElement HEIGHT="1386" HPOS="0" ID="Page803_Block3" VPOS="2122" WIDTH="26" />
<GraphicalElement HEIGHT="512" HPOS="0" ID="Page803_Block4" VPOS="3588" WIDTH="40" />
<GraphicalElement HEIGHT="350" HPOS="20" ID="Page803_Block5" VPOS="2762" WIDTH="12" />
<GraphicalElement HEIGHT="72" HPOS="40" ID="Page803_Block6" VPOS="4028" WIDTH="16" />
</PrintSpace>
</Page>
</Layout>
</alto>