2424 4375
1194 4077 100 50 594

255 433 370 67 Muenscher,
654 434 223 54 Walter
908 434 228 53 Conrad
1165 433 270 65 Leopold,
1468 439 169 49 1891-

326 511 1923 66 Weeds, by Walter Conrad Muenscher … New York, The
255 588 334 53 Macmillan
618 606 296 49 company,
947 592 148 49 1935.

326 662 117 46 xxii,
473 663 87 39 577
586 673 42 36 p.
687 662 128 39 illus.
872 660 114 40 22cm.
1057 660 298 49 (Half-title:
1384 661 102 39 Tlie
1514 663 134 38 rural
1679 660 186 41 science
1893 659 163 49 series,
2088 661 72 39 ed.
2190 661 61 49 by

258 720 48 39 L.
336 720 60 39 H.
425 719 195 48 Bailey)

325 777 308 39 “Literature
661 773 299 42 references”:
1018 785 42 38 p.
1092 774 215 40 541-551.

258 829 53 52 ©
337 834 112 48 Apr.
476 833 69 46 23,
574 831 140 42 1935;
744 831 67 40 2c.
842 832 92 39 and
964 830 81 41 aff.
1073 832 114 47 Apr.
1216 830 82 48 24;
1328 831 41 39 A
1398 831 142 41 82657;
1601 830 281 41 Macmillan
1910 841 66 30 co.

336 889 249 49 (35-6779)

258 992 142 53 New
438 992 275 53 standard
751 989 427 68 encyclopedia;
1218 990 398 67 systematized
1652 990 397 66 information,
2083 989 166 66 clear,

321 1064 1806 71 concise, complete … Chicago, Standard encyclopedia
320 1083 1903 130 corporation,
639 1147 151 50 1935.

351 1217 27 40 10
445 1249 8 8 v.
514 1218 142 44 illus.,
692 1218 158 47 plates
878 1218 134 47 (part
1050 1218 99 47 col.,
1187 1219 113 45 part
1338 1216 195 49 double)
1581 1225 135 38 maps
1745 1217 49 47 (1
1834 1216 195 48 double)
2078 1214 168 47 tables,

249 1274 179 47 diagrs.
488 1274 116 40 24cm.

322 1330 286 42 Illustrated
641 1330 358 47 lining-papers.

321 1386 349 48 Accompanied
699 1387 62 47 by
788 1386 169 41 binder
983 1386 77 40 for
1088 1385 252 40 loose-leaf
1365 1385 253 42 extension
1648 1395 185 38 papers.

321 1443 144 39 Chief
488 1444 51 40 of
563 1444 231 40 editorial
817 1443 142 41 staff:
991 1444 187 39 Harold
1206 1443 61 39 M.
1300 1442 247 42 Stanford.

255 1498 53 53 ©
332 1503 112 48 Apr.
473 1502 70 47 30,
570 1502 140 47 1935;
740 1502 67 40 2c.
833 1503 119 39 each
979 1504 113 45 May
1119 1502 52 46 6;
1202 1501 82 40 aff.
1313 1503 113 46 May
1454 1502 51 47 3;
1536 1503 41 38 A
1604 1500 170 49 81724;
1808 1502 242 41 Standard
326 1501 1903 99 education

468 1560 196 47 society,
704 1558 222 48 Chicago.
990 1559 284 48 [Copyright
1311 1559 43 40 is
1394 1559 203 40 claimed
1640 1570 61 28 on
1741 1569 104 30 new
1885 1559 226 39 material
2152 1559 96 40 and

322 1616 225 49 revision]
619 1615 252 48 (35-6000)

254 1719 141 52 New
426 1720 178 52 York.
679 1718 417 64 Metropolitan
1128 1735 269 37 museum
1428 1718 63 53 of
1519 1722 116 52 art.

385 1799 1858 71 … Bryson Burroughs; catalogue of a memorial exhibition
254 1881 62 49 of
344 1881 85 51 his
454 1881 200 65 works,
679 1881 138 52 New
842 1880 177 63 York,
1046 1881 198 50 March
1270 1885 65 47 25
1360 1881 250 66 through
1635 1880 138 67 May
1799 1886 45 60 5,
1873 1884 148 48 1935.
2106 1881 137 52 [New

259 1960 174 65 York,
461 1958 240 54 Printed
727 1957 76 68 by
830 1958 95 52 the
950 1956 237 55 Plantin
1217 1976 173 48 press,
1421 1962 150 62 1935]

328 2029 1308 50 xxvi p., 1 l., 12, [1] p., 2 l. 60 pl. on 30 l. 21½cm.
327 2088 60 39 At
416 2088 122 40 head
564 2087 52 40 of
642 2087 108 40 title:
805 2087 100 39 The
931 2087 346 47 Metropolitan
1303 2097 217 29 museum
1549 2087 52 39 of
1626 2089 91 37 art.

326 2142 276 42 Half-title:
637 2144 102 40 The
771 2144 187 47 Bryson
992 2144 284 46 Burroughs
1310 2143 249 40 memorial
1594 2143 282 40 exhibition.

327 2200 93 41 “Of
449 2200 99 41 this
577 2200 255 48 catalogue
862 2200 128 47 1,000
1021 2201 160 45 copies
1211 2211 126 29 were
1367 2198 191 50 printed
1594 2201 181 45 March,
1811 2200 153 40 1935.”

327 2258 217 46 “Bryson
581 2257 311 48 Burroughs”
939 2258 65 47 (p.
1039 2257 175 47 xi-xx)
1259 2258 59 46 by
1355 2258 70 39 W.
1461 2258 64 40 M.
1563 2257 147 48 Ivins,
1746 2258 62 47 jr.;
1873 2258 216 47 “Bryson
260 2259 1965 102 Burroughs

460 2314 83 40 the
567 2314 220 47 painter”
825 2315 65 47 (p.
916 2313 258 48 xxi-xxvi)
1210 2315 60 47 by
1296 2314 58 38 H.
1382 2315 53 42 B.
1464 2315 179 40 Wehle.

253 2368 53 52 ©
333 2373 119 38 Mar.
481 2372 68 47 25,
578 2370 113 41 1935;
747 2370 64 40 2c.
842 2373 96 38 and
966 2371 82 40 aff.
1076 2372 112 47 Apr.
1219 2371 28 40 6;
1301 2372 40 38 A
1370 2371 144 40 81315;
1570 2371 347 48 Metropolitan
1945 2381 218 30 museum
2191 2372 53 40 of

323 2431 90 42 art,
439 2429 116 39 New
578 2429 145 38 York.
793 2427 249 47 (35-0785)

250 2530 142 52 New
418 2531 178 51 York.
672 2530 416 64 Metropolitan
1115 2546 269 38 museum
1410 2531 63 52 of
1497 2533 116 51 art.
1686 2533 307 52 American
2015 2532 169 65 wing.

382 2607 1857 68 … A handbook of the Pennsylvania German galleries in the
258 2684 295 51 American
592 2684 170 67 wing,
797 2685 34 50 by
906 2686 215 65 Joseph
1156 2687 228 50 Downs.
1459 2687 138 50 New
1634 2686 178 63 York,
1850 2689 148 48 1934.

323 2755 57 40 22
407 2765 58 38 p.,
497 2756 24 39 1
575 2789 8 8 l.
643 2756 127 39 illus.
831 2757 144 40 21½cm.

325 2813 61 39 At
413 2812 123 40 head
563 2813 51 39 of
638 2812 134 41 title:
802 2813 101 40 The
929 2812 345 48 Metropolitan
1300 2824 218 29 museum
1545 2814 51 38 of
1622 2815 91 38 art.

324 2868 93 41 “Of
445 2869 99 40 this
572 2869 255 40 handbook
854 2869 128 46 1,000
1009 2869 158 48 copies
1197 2880 125 29 were
1351 2869 234 48 printed.”

325 2924 1915 50 “The … collection … has come to the museum as the generous gift of
256 2982 112 39 Mrs.
398 2982 181 40 Robert
606 2982 71 40 W.
707 2983 58 39 de
792 2982 317 48 Forest.”—p.
1139 2983 39 40 3.

251 3034 53 52 ©
331 3038 101 41 Oct.
461 3040 68 45 13,
558 3039 140 46 1934;
727 3038 66 41 2c.
821 3040 93 39 and
944 3040 81 39 aff.
1054 3040 101 40 Oct.
1186 3039 81 47 16;
1298 3040 40 39 A
1366 3038 169 47 75793;
1569 3040 343 47 Metropolitan
1941 3049 217 30 museum
2186 3039 53 40 of

320 3098 91 44 art,
444 3096 118 40 New
591 3096 143 39 York.
806 3096 247 49 (35-6784)

247 3196 145 51 New
419 3198 179 52 York.
673 3200 268 50 Museum
970 3199 63 51 of
1060 3200 241 51 modern
1329 3202 112 51 art.

319 3272 216 53 Gaston
601 3275 287 64 Lachaise,
952 3275 400 67 retrospective
1415 3275 332 67 exhibition,
1811 3278 261 64 January
2135 3276 102 51 30-

250 3349 201 52 March
484 3351 48 65 7,
566 3354 149 55 1935,
748 3353 93 50 the
869 3353 259 51 Museum
1159 3353 62 51 of
1252 3354 232 50 modern
1519 3357 109 52 art.
1658 3356 136 50 New
1829 3354 174 52 York.
2097 3353 136 52 [New

251 3427 175 61 York,
454 3430 240 51 Printed
722 3430 73 66 by
821 3432 87 53 AY.
938 3432 65 50 E.
1034 3430 247 66 Rudge’s
1308 3449 144 47 sons,
1484 3434 150 63 1935]

319 3500 59 40 29
404 3512 41 37 p.
475 3501 109 40 incl.
614 3502 147 39 front.
792 3502 169 47 (port.)
1027 3503 170 46 plates.
1256 3502 55 39 25½cm.

251 3553 53 52 ©
332 3558 110 39 Jan.
473 3558 68 47 28,
572 3556 140 48 1935;
743 3558 67 40 2c.
840 3560 93 38 and
965 3558 80 39 aff.
1079 3559 112 46 May
1222 3559 51 45 8;
1306 3559 41 38 A
1377 3557 169 48 82988;
1580 3560 218 37 Museum
1832 3557 52 41 of
1913 3558 196 40 modern
2142 3559 89 39 art.

320 3671 219 70 George
564 3674 173 54 Caleb
761 3675 303 67 Bingham,
1089 3676 96 51 the
1207 3675 267 53 Missouri
1501 3676 183 64 artist,
1711 3675 320 54 1811-1879.

250 3676 1956 141 January
420 3752 304 51 30-March
750 3754 49 51 7.
829 3756 148 61 1935,
1002 3752 96 53 the
1124 3753 260 52 Museum
1409 3752 63 53 of
1496 3753 233 52 modern
1755 3758 106 54 art.
1888 3754 138 50 New
2053 3752 176 53 York.

254 3828 154 63 [New
438 3828 177 63 York,
642 3829 237 51 Printed
907 3829 74 66 by
1086 3872 9 9 W.
1124 3831 65 50 E.
1219 3829 245 66 Rudge’s
1493 3847 144 48 sons,
1667 3831 150 63 1935]

320 3900 57 38 20
403 3911 41 36 p.
473 3900 78 39 incl.
609 3901 146 38 front.
814 3901 168 47 plates,
1011 3903 146 45 ports.
1215 3901 56 38 25½cm.

251 3951 53 52 ©
334 3957 108 38 Jan.
473 3955 67 47 28,
571 3955 139 47 1935;
741 3956 66 40 2c.
840 3958 92 38 and
965 3957 80 38 aff.
1078 3957 112 48 May
1220 3956 52 47 8;
1305 3958 40 37 A
1374 3955 169 47 82989;
1580 3958 217 38 Museum
1828 3957 52 38 of
1909 3955 199 40 modern
2139 3957 90 38 art.
