2424 4375
1069 4061 132 49 1903

134 440 400 66 Schlossberg,
563 440 238 62 Joseph,
834 440 168 52 1875-

199 533 122 51 The
340 531 246 52 workers
609 531 109 51 and
742 531 147 51 their
911 529 174 53 world;
1144 536 216 59 aspects
1381 527 64 52 of
1465 528 95 51 the
1580 526 264 56 workers’
1866 527 253 67 struggle

136 615 59 47 at
229 611 163 51 home
429 610 113 52 and
580 608 239 66 abroad;
859 607 235 53 selected
1130 624 204 49 essays,
1369 606 73 66 by
1478 604 217 68 Joseph
1735 604 379 67 Schlossberg.

135 688 137 54 New
300 687 178 68 York,
507 687 71 53 A.
606 688 64 52 L.
699 688 64 51 P.
792 684 334 67 committee,
1155 688 149 50 1935.

205 775 88 40 224
319 785 44 38 p.
421 773 56 40 22
480 775 44 22 cm
529 806 9 9 .

208 843 146 41 “This
382 843 188 40 volume
599 842 88 41 has
717 842 116 41 been
862 840 252 50 published
1142 853 58 28 on
1231 842 80 39 the
1339 840 246 42 initiative
1612 839 52 42 of
1691 840 143 41 Local
1866 840 70 48 25,
136 840 1964 109 Amalgamated
394 898 215 49 clothing

641 897 1479 50 workers of America … The project was undertaken
137 958 51 40 in
221 957 281 41 connection
539 955 119 41 with
693 957 81 40 the
810 955 292 42 celebration
1136 955 52 40 of
1223 956 88 40 Mr.
1351 953 350 50 Schlossberg’s
1735 954 205 41 sixtieth
135 954 1969 110 birthday.”—Pref.

545 1082 158 41 CONTENTS.—Labor
739 1083 252 49 problems,
1029 1082 169 49 issues,
1236 1083 148 48 goals,
1422 1081 453 51 personalities—at
1912 1084 212 40 home.—

139 1140 156 41 Labor
330 1142 371 46 developments,
738 1140 237 48 problems
1008 1142 96 39 and
1139 1140 802 49 personalities—abroad.—After
139 1140 1984 98 forty-five

264 1198 406 48 years—reviews
706 1198 97 39 and
842 1197 336 49 perspectives.

138 1265 54 54 ©
228 1269 113 48 Apr.
379 1269 69 47 28,
487 1268 117 41 1935;
667 1268 65 40 2c.
776 1268 101 40 Oct.
914 1269 83 46 30;
1040 1268 82 40 aff.
1163 1269 102 40 Oct.
1301 1267 82 47 29;
1425 1268 40 39 A
1503 1268 170 45 87990;
1715 1269 42 39 J.
1802 1269 321 46 Schlossberg,

207 1326 117 40 New
359 1326 142 39 York.
577 1325 220 48 (36-420)

136 1429 285 66 Schnack,
454 1430 322 63 Friedrich,
811 1434 169 50 1888-

206 1517 175 56 Klick
438 1539 99 35 aus
592 1521 126 53 dem
775 1518 473 71 spielzeugladen,
1305 1539 109 34 von
1474 1519 300 56 Friedrich
1834 1520 285 67 Schnack;

136 1597 1985 69 edited by Werner Neuse … New York, H. Holt and company
141 1710 14 34 [
158 1682 20 22 c
182 1679 152 65 1935]

208 1759 1410 50 xxii, 134, lxxi p. front. (port.) illus. (map) 17 cm .
210 1830 375 49 Bibliography:
615 1841 44 39 p.
688 1830 168 43 xi-xii.

139 1896 54 54 ©
220 1903 117 40 Nov.
366 1902 69 48 20,
466 1902 113 40 1935;
637 1903 67 39 2c.
734 1903 97 39 and
860 1902 81 40 aff.
971 1903 118 39 Nov.
1119 1902 83 47 29;
1236 1903 40 38 A
1307 1901 170 47 88426;
1508 1902 169 47 Henry
1707 1901 117 40 Holt
1856 1901 36 40 &
1923 1913 80 34 co.,
2036 1902 91 39 inc.

212 1959 280 49 [Copyright
526 1959 42 40 is
603 1959 203 40 claimed
843 1969 58 29 on
937 1961 150 47 notes,
1123 1959 244 40 exercises:
1398 1958 96 40 and
1530 1958 309 49 vocabulary]

219 2016 280 47 (35-34457)

138 2118 319 66 Schwartz,
488 2121 179 52 Jacob
698 2122 85 62 R.,
818 2125 169 49 1889-

209 2209 285 53 Practical
533 2209 193 54 dental
764 2213 265 65 anatomy
1067 2210 114 53 and
1216 2210 161 53 tooth
1414 2209 265 69 carving;
1722 2226 31 35 a
1788 2208 230 54 treatise
2056 2226 70 35 on

139 2287 96 53 the
275 2286 289 55 essentials
605 2288 63 53 of
709 2287 192 53 dental
944 2292 266 64 anatomy
1252 2306 59 35 as
1352 2289 49 52 it
1440 2287 253 69 pertains
1732 2292 59 48 to
1832 2286 93 54 the
1965 2287 158 52 tooth

140 2382 186 35 crown
353 2365 112 52 and
491 2365 95 53 the
613 2364 309 70 principles
951 2365 112 53 and
1089 2364 298 69 technique
1413 2364 96 54 for
1567 2364 204 69 Carving
1799 2364 113 54 and
141 2383 1962 128 reproducing

387 2442 1739 69 the tooth form, by Jacob R. Schwartz … with three
141 2519 259 54 hundred
445 2520 112 52 and
600 2520 88 53 six
731 2519 245 69 original
1018 2520 379 54 illustrations
1439 2521 74 68 by
1555 2521 97 53 the
1694 2520 205 53 author
1944 2521 181 52 which

141 2596 140 54 have
315 2597 136 53 been
485 2597 317 53 delineated
835 2600 59 52 in
929 2618 31 33 a
991 2615 235 36 manner
1257 2603 58 49 to
1348 2598 280 53 facilitate
1660 2599 96 52 the
1787 2598 213 54 studies
2036 2601 89 50 for

139 2675 97 53 the
260 2675 459 68 undergraduate
750 2695 59 34 as
837 2676 127 53 well
992 2694 59 34 as
1078 2676 96 53 the
1200 2676 277 67 graduate
1506 2676 244 53 student.
1816 2677 312 68 Brooklyn,

140 2750 71 55 N.
244 2752 91 67 Y.,
368 2752 212 53 Dental
612 2753 163 52 items
808 2752 63 53 of
903 2753 234 53 interest
1170 2752 335 69 publishing
1539 2771 97 48 co.,
1669 2753 138 67 inc.;
1848 2754 274 66 [London,

142 2827 201 70 Henry
377 2827 327 70 Kimpton’s
738 2828 236 55 medical
1010 2828 334 70 publishing
1378 2831 189 67 house,
1603 2833 151 51 1935.

210 2915 85 43 xii,
322 2914 85 43 233
434 2926 44 38 p.
534 2915 142 49 illus.,
705 2916 177 49 diagrs.
936 2916 56 41 25
996 2918 43 21 cm
1043 2947 10 10 .

145 2983 51 53 ©
229 2988 117 39 Nov.
379 2987 69 48 15,
482 2987 112 40 1935;
657 2987 67 40 2c.
757 2988 116 38 Nov.
906 2987 55 40 20;
1024 2987 82 40 aff.
1141 2988 116 39 Nov.
1293 2988 80 46 16;
1410 2989 42 38 A
1484 2988 168 46 88314;
1690 2990 179 41 Dental
1903 2990 142 41 items
2079 2991 52 38 of

213 3044 204 40 interest
452 3044 106 48 pub,
595 3055 81 37 co.,
713 3044 90 40 inc.
876 3044 221 48 (36-396)

143 3142 293 67 Senturia,
466 3147 218 62 Joseph
714 3147 197 64 Jacob,
945 3150 169 50 1903-

214 3233 236 70 Strikes,
474 3236 74 68 by
570 3236 216 68 Joseph
810 3237 55 53 J.
893 3236 296 67 Senturia;
1217 3237 141 54 with
1381 3237 379 54 illustrations
1783 3237 76 69 by
1882 3238 150 53 Fred
2059 3238 67 55 G.

144 3310 1962 73 Cooper. Chicago, Ill., The University of Chicago press [ c 1935]
215 3398 28 40 3
275 3408 43 38 p.
387 3429 9 16 l.,
431 3398 69 48 53,
536 3400 56 48 [1]
629 3409 39 37 p.
731 3400 126 39 illus.
917 3400 55 39 23
975 3402 44 21 cm
1024 3432 9 8 .
1097 3400 268 48 [American
1405 3399 218 50 primers]
1741 3400 128 47 $0.25

149 3464 51 53 ©
228 3469 100 40 Oct.
358 3471 38 44 1,
427 3469 139 47 1935;
597 3471 68 38 2c.
695 3471 100 40 Oct.
825 3471 52 46 4;
909 3471 82 40 aff.
1023 3472 99 39 Oct.
1154 3472 53 46 7;
1239 3472 40 38 A
1308 3471 169 47 87497;
1513 3472 280 48 University
1824 3474 52 39 of
1907 3473 222 49 Chicago,

217 3525 220 49 Chicago.
518 3526 219 48 (36-384)

146 3626 151 66 Sinz,
327 3630 173 54 Kurt.

215 3705 196 54 Durch
452 3707 242 65 glauben
737 3709 58 51 in
839 3706 89 54 die
969 3726 140 34 neue
1151 3708 131 53 welt
1346 3727 128 48 [von]
1521 3709 156 52 Kurt
1720 3708 151 55 Sinz.
147 3713 1958 134 Hamburg,

341 3784 166 52 Wien
548 3790 135 59 [etc.]
763 3785 453 66 Advent-verlag
1247 3785 155 67 (e.v.)
1455 3789 192 63 [c1935]

217 3866 58 39 46
298 3877 45 37 p.
398 3867 127 40 illus.
555 3867 158 49 (map)
777 3869 115 41 20cm.

148 3929 1972 61 © July 23, 1935; 1c. Oct. 15; A-Foreign 29542: Advent-verlag (e. v.)
