<alto xmlns="http://www.loc.gov/standards/alto/ns-v3#" xmlns:xsi="http://www.w3.org/2001/XMLSchema-instance" xsi:schemaLocation="http://www.loc.gov/standards/alto/ns-v3# http://www.loc.gov/alto/v3/alto-3-0.xsd"><Description>
<MeasurementUnit>pixel</MeasurementUnit>
<sourceImageInformation>
<fileName>1935_v32_Part1.pdf</fileName>
</sourceImageInformation>
<OCRProcessing ID="IdOcr">
<ocrProcessingStep>
<processingDateTime>2019-01-15</processingDateTime>
<processingSoftware>
<softwareCreator>ABBYY</softwareCreator>
<softwareName>ABBYY Recognition Server</softwareName>
<softwareVersion>4.0</softwareVersion>
</processingSoftware>
</ocrProcessingStep>
</OCRProcessing>
</Description>
<Styles>
<ParagraphStyle ALIGN="Left" FIRSTLINE="0." ID="StyleId-FFFFFFFF-FFFF-FFFF-FFFF-FFFFFFFFFFFF-" LEFT="0." RIGHT="0." />
<ParagraphStyle ALIGN="Left" FIRSTLINE="0." ID="StyleId-09A13A44-4F77-4ABE-84F3-84CC8B3C72CE-" LEFT="0." LINESPACE="7.699999809" RIGHT="0." />
<ParagraphStyle ALIGN="Left" FIRSTLINE="-10." ID="StyleId-1F945060-F8CD-4435-B69A-5FF49DB0C586-" LEFT="0." LINESPACE="12.19999981" RIGHT="0." />
<ParagraphStyle ALIGN="Block" FIRSTLINE="-14." ID="StyleId-C6CAE747-F5A4-4D0D-8D74-D452DA7E2C1C-" LEFT="0." LINESPACE="8.350000381" RIGHT="0." />
<ParagraphStyle ALIGN="Left" FIRSTLINE="0." ID="StyleId-FC0F3374-189A-459E-BE29-2DC14180F022-" LEFT="0." RIGHT="0." />
<ParagraphStyle ALIGN="Left" FIRSTLINE="-12." ID="StyleId-49397C49-A894-4B3E-BA5E-1126226BA375-" LEFT="0." LINESPACE="11.09000015" RIGHT="0." />
<ParagraphStyle ALIGN="Block" FIRSTLINE="-14." ID="StyleId-9E34DD3A-E661-48BD-A3A1-6A3D48346F00-" LEFT="0." LINESPACE="11.09000015" RIGHT="0." />
<ParagraphStyle ALIGN="Left" FIRSTLINE="0." ID="StyleId-56CE54AA-A08B-4BAA-8605-F26020A0E36E-" LEFT="0." LINESPACE="9.399999619" RIGHT="0." />
<ParagraphStyle ALIGN="Left" FIRSTLINE="-11." ID="StyleId-77814FFC-C42F-4AA9-9880-EF33B947DEC8-" LEFT="0." LINESPACE="11.06999969" RIGHT="0." />
<ParagraphStyle ALIGN="Center" FIRSTLINE="0." ID="StyleId-FDE92EC0-67DC-4C7B-8A24-094B12C38B6C-" LEFT="0." LINESPACE="11.30000019" RIGHT="0." />
<ParagraphStyle ALIGN="Left" FIRSTLINE="0." ID="StyleId-65180E3B-4C93-4FB8-81EE-E026DD63DBF3-" LEFT="0." LINESPACE="11.10000038" RIGHT="0." />
<ParagraphStyle ALIGN="Left" FIRSTLINE="0." ID="StyleId-10E885C2-5813-4620-B0AA-0FBA30CF7A32-" LEFT="0." LINESPACE="9.5" RIGHT="0." />
<ParagraphStyle ALIGN="Left" FIRSTLINE="0." ID="StyleId-913C2DB5-9F02-4067-BAF7-0AED37B60BBE-" LEFT="0." LINESPACE="6.099999905" RIGHT="0." />
<ParagraphStyle ALIGN="Left" FIRSTLINE="0." ID="StyleId-9C79A9D2-8F08-4A8F-985D-B00E253ED1E5-" LEFT="0." LINESPACE="4.400000095" RIGHT="0." />
<ParagraphStyle ALIGN="Left" FIRSTLINE="0." ID="StyleId-A41F0407-FEFE-4738-9EC5-E05AFFF62781-" LEFT="0." LINESPACE="7.300000191" RIGHT="0." />
<ParagraphStyle ALIGN="Left" FIRSTLINE="0." ID="StyleId-61D37176-94E8-408D-9B87-01C406CE8AB2-" LEFT="0." LINESPACE="8.050000191" RIGHT="0." />
</Styles>
<Layout>
<Page HEIGHT="4375" ID="Page2114" PHYSICAL_IMG_NR="2114" WIDTH="2424">
<TopMargin HEIGHT="406" HPOS="0" VPOS="0" WIDTH="2424">
</TopMargin>
<LeftMargin HEIGHT="3714" HPOS="0" VPOS="406" WIDTH="302">
</LeftMargin>
<RightMargin HEIGHT="3714" HPOS="2338" VPOS="406" WIDTH="86">
</RightMargin>
<BottomMargin HEIGHT="255" HPOS="0" VPOS="4120" WIDTH="2424">
</BottomMargin>
<PrintSpace HEIGHT="3714" HPOS="302" VPOS="406" WIDTH="2036">
<TextBlock HEIGHT="72" HPOS="1222" ID="Page2114_Block1" LANG="en-US" STYLEREFS="StyleId-007D818E-E3D6-4BB9-A6D6-1F7C23EA0D9F-" VPOS="4048" WIDTH="158">
<TextLine HEIGHT="51" HPOS="1232" VPOS="4059" WIDTH="138">
<String CONTENT="2114" HEIGHT="51" HPOS="1232" VPOS="4059" WIDTH="138" />
</TextLine>
</TextBlock>
<TextBlock CS="1" HEIGHT="3646" HPOS="302" ID="Page2114_Block2" LANG="en-US" STYLEREFS="StyleId-9F0942FC-C304-4A9D-9C36-6ACA98C12F21-" VPOS="406" WIDTH="2036">
<TextLine HEIGHT="67" HPOS="324" STYLEREFS="StyleId-1F0944D5-6D4F-4C78-9117-53B4BC5D9B39-" VPOS="417" WIDTH="1075">
<String CONTENT="Lindsay," HEIGHT="65" HPOS="324" VPOS="417" WIDTH="279" />
<SP HEIGHT="63" HPOS="604" VPOS="419" WIDTH="32" />
<String CONTENT="Maurice" HEIGHT="55" HPOS="637" VPOS="418" WIDTH="262" />
<SP HEIGHT="52" HPOS="900" VPOS="420" WIDTH="30" />
<String CONTENT="Monroe," HEIGHT="64" HPOS="931" VPOS="420" WIDTH="259" />
<SP HEIGHT="57" HPOS="1191" VPOS="427" WIDTH="36" />
<String CONTENT="1886-" HEIGHT="50" HPOS="1228" VPOS="426" WIDTH="171" />
</TextLine>
<TextLine CS="1" HEIGHT="156" HPOS="325" VPOS="493" WIDTH="1996">
<String CONTENT="Corporate" HEIGHT="68" HPOS="397" VPOS="493" WIDTH="315" />
<SP HEIGHT="34" HPOS="713" VPOS="514" WIDTH="30" />
<String CONTENT="organization" HEIGHT="68" HPOS="744" VPOS="495" WIDTH="395" />
<SP HEIGHT="33" HPOS="1140" VPOS="516" WIDTH="31" />
<String CONTENT="and" HEIGHT="52" HPOS="1172" VPOS="500" WIDTH="113" />
<SP HEIGHT="52" HPOS="1286" VPOS="500" WIDTH="32" />
<String CONTENT="accounts," HEIGHT="62" HPOS="1319" VPOS="503" WIDTH="280" />
<SP HEIGHT="66" HPOS="1600" VPOS="499" WIDTH="32" />
<String CONTENT="by" HEIGHT="67" HPOS="1633" VPOS="499" WIDTH="75" />
<SP HEIGHT="65" HPOS="1709" VPOS="501" WIDTH="30" />
<String CONTENT="Maurice" HEIGHT="53" HPOS="1740" VPOS="500" WIDTH="255" />
<SP HEIGHT="50" HPOS="1996" VPOS="502" WIDTH="31" />
<String CONTENT="M." HEIGHT="52" HPOS="2028" VPOS="502" WIDTH="79" />
<SP HEIGHT="51" HPOS="2108" VPOS="503" WIDTH="33" />
<String CONTENT="Lindsay," HEIGHT="137" HPOS="325" VPOS="503" WIDTH="1968" />
<SP HEIGHT="51" HPOS="443" VPOS="589" WIDTH="30" />
<String CONTENT="c." HEIGHT="36" HPOS="474" VPOS="589" WIDTH="47" />
<SP HEIGHT="35" HPOS="522" VPOS="589" WIDTH="30" />
<String CONTENT="p." HEIGHT="36" HPOS="553" VPOS="589" WIDTH="47" />
<SP HEIGHT="34" HPOS="601" VPOS="591" WIDTH="30" />
<String CONTENT="a." HEIGHT="34" HPOS="632" VPOS="591" WIDTH="53" />
<SP HEIGHT="51" HPOS="686" VPOS="574" WIDTH="74" />
<String CONTENT="Boston," HEIGHT="65" HPOS="761" VPOS="574" WIDTH="232" />
<SP HEIGHT="65" HPOS="994" VPOS="574" WIDTH="27" />
<String CONTENT="Mass.," HEIGHT="67" HPOS="1022" VPOS="574" WIDTH="189" />
<SP HEIGHT="65" HPOS="1212" VPOS="576" WIDTH="28" />
<String CONTENT="The" HEIGHT="53" HPOS="1241" VPOS="574" WIDTH="122" />
<SP HEIGHT="51" HPOS="1364" VPOS="577" WIDTH="29" />
<String CONTENT="Bentley" HEIGHT="69" HPOS="1394" VPOS="575" WIDTH="242" />
<SP HEIGHT="49" HPOS="1637" VPOS="595" WIDTH="29" />
<String CONTENT="school" HEIGHT="52" HPOS="1667" VPOS="577" WIDTH="191" />
<SP HEIGHT="52" HPOS="1859" VPOS="577" WIDTH="28" />
<String CONTENT="of" HEIGHT="52" HPOS="1888" VPOS="577" WIDTH="64" />
<SP HEIGHT="54" HPOS="1953" VPOS="577" WIDTH="28" />
<String CONTENT="accounting" HEIGHT="68" HPOS="1982" VPOS="581" WIDTH="339" />
</TextLine>
<TextLine CS="1" HEIGHT="69" HPOS="323" VPOS="650" WIDTH="589">
<String CONTENT="and" HEIGHT="52" HPOS="323" VPOS="652" WIDTH="113" />
<SP HEIGHT="54" HPOS="437" VPOS="650" WIDTH="29" />
<String CONTENT="finance" HEIGHT="55" HPOS="467" VPOS="650" WIDTH="218" />
<SP HEIGHT="51" HPOS="686" VPOS="668" WIDTH="34" />
<String CONTENT="[c1935]" CS="1" HEIGHT="64" HPOS="737" VPOS="655" WIDTH="175" />
</TextLine>
<TextLine CS="1" HEIGHT="51" HPOS="395" STYLEREFS="StyleId-642E6780-A435-4D21-A999-7A6B5250AF12-" VPOS="722" WIDTH="1055">
<String CONTENT="24," HEIGHT="48" HPOS="395" VPOS="723" WIDTH="70" />
<SP HEIGHT="48" HPOS="466" VPOS="723" WIDTH="26" />
<String CONTENT="25A-25B," HEIGHT="49" HPOS="493" VPOS="722" WIDTH="246" />
<SP HEIGHT="48" HPOS="740" VPOS="723" WIDTH="25" />
<String CONTENT="25-194" HEIGHT="41" HPOS="766" VPOS="723" WIDTH="174" />
<SP HEIGHT="49" HPOS="941" VPOS="724" WIDTH="23" />
<String CONTENT="p." HEIGHT="38" HPOS="965" VPOS="735" WIDTH="43" />
<SP HEIGHT="40" HPOS="1009" VPOS="724" WIDTH="26" />
<String CONTENT="incl." HEIGHT="42" HPOS="1036" VPOS="724" WIDTH="109" />
<SP HEIGHT="42" HPOS="1146" VPOS="724" WIDTH="23" />
<String CONTENT="forms." HEIGHT="42" HPOS="1170" VPOS="724" WIDTH="171" />
<SP HEIGHT="42" HPOS="1342" VPOS="724" WIDTH="50" />
<String CONTENT="27cm." CS="1" HEIGHT="42" HPOS="1393" VPOS="724" WIDTH="57" />
</TextLine>
<TextLine CS="1" HEIGHT="57" HPOS="326" STYLEREFS="StyleId-642E6780-A435-4D21-A999-7A6B5250AF12-" VPOS="782" WIDTH="1994">
<String CONTENT="&#169;" HEIGHT="54" HPOS="326" VPOS="782" WIDTH="53" />
<SP HEIGHT="54" HPOS="380" VPOS="782" WIDTH="26" />
<String CONTENT="Dec." HEIGHT="39" HPOS="407" VPOS="788" WIDTH="111" />
<SP HEIGHT="39" HPOS="519" VPOS="788" WIDTH="29" />
<String CONTENT="17," HEIGHT="49" HPOS="549" VPOS="788" WIDTH="68" />
<SP HEIGHT="49" HPOS="618" VPOS="788" WIDTH="28" />
<String CONTENT="1935;" CS="1" HEIGHT="41" HPOS="647" VPOS="786" WIDTH="117" />
<SP HEIGHT="48" HPOS="789" VPOS="787" WIDTH="28" />
<String CONTENT="2c." HEIGHT="41" HPOS="818" VPOS="787" WIDTH="66" />
<SP HEIGHT="30" HPOS="885" VPOS="798" WIDTH="26" />
<String CONTENT="and" HEIGHT="40" HPOS="912" VPOS="787" WIDTH="96" />
<SP HEIGHT="40" HPOS="1009" VPOS="787" WIDTH="28" />
<String CONTENT="aff." HEIGHT="40" HPOS="1038" VPOS="787" WIDTH="80" />
<SP HEIGHT="39" HPOS="1119" VPOS="788" WIDTH="29" />
<String CONTENT="Dec." HEIGHT="40" HPOS="1149" VPOS="788" WIDTH="112" />
<SP HEIGHT="41" HPOS="1262" VPOS="787" WIDTH="27" />
<String CONTENT="20;" HEIGHT="49" HPOS="1290" VPOS="787" WIDTH="83" />
<SP HEIGHT="47" HPOS="1374" VPOS="789" WIDTH="29" />
<String CONTENT="A" HEIGHT="39" HPOS="1404" VPOS="789" WIDTH="42" />
<SP HEIGHT="41" HPOS="1447" VPOS="789" WIDTH="27" />
<String CONTENT="88768;" HEIGHT="49" HPOS="1475" VPOS="788" WIDTH="170" />
<SP HEIGHT="46" HPOS="1646" VPOS="791" WIDTH="30" />
<String CONTENT="M." HEIGHT="39" HPOS="1677" LANG="fi" VPOS="791" WIDTH="63" />
<SP HEIGHT="39" HPOS="1741" VPOS="791" WIDTH="29" />
<String CONTENT="M." HEIGHT="39" HPOS="1771" VPOS="791" WIDTH="63" />
<SP HEIGHT="40" HPOS="1835" VPOS="790" WIDTH="29" />
<String CONTENT="Lindsay," HEIGHT="49" HPOS="1865" VPOS="790" WIDTH="227" />
<SP HEIGHT="47" HPOS="2093" VPOS="792" WIDTH="29" />
<String CONTENT="Boston." HEIGHT="43" HPOS="2123" VPOS="792" WIDTH="197" />
</TextLine>
<TextLine CS="1" HEIGHT="54" HPOS="399" STYLEREFS="StyleId-642E6780-A435-4D21-A999-7A6B5250AF12-" VPOS="843" WIDTH="1415">
<String CONTENT="[Copyright" HEIGHT="50" HPOS="399" VPOS="843" WIDTH="280" />
<SP HEIGHT="40" HPOS="680" VPOS="844" WIDTH="30" />
<String CONTENT="is" HEIGHT="40" HPOS="711" VPOS="844" WIDTH="42" />
<SP HEIGHT="29" HPOS="754" VPOS="855" WIDTH="29" />
<String CONTENT="claimed" HEIGHT="40" HPOS="784" VPOS="844" WIDTH="205" />
<SP HEIGHT="39" HPOS="990" VPOS="845" WIDTH="30" />
<String CONTENT="on" HEIGHT="27" HPOS="1021" VPOS="855" WIDTH="57" />
<SP HEIGHT="29" HPOS="1079" VPOS="855" WIDTH="32" />
<String CONTENT="new" HEIGHT="29" HPOS="1112" VPOS="856" WIDTH="105" />
<SP HEIGHT="29" HPOS="1218" VPOS="856" WIDTH="31" />
<String CONTENT="matter" HEIGHT="38" HPOS="1250" VPOS="848" WIDTH="183" />
<SP HEIGHT="30" HPOS="1434" VPOS="856" WIDTH="27" />
<String CONTENT="and" HEIGHT="40" HPOS="1462" VPOS="847" WIDTH="98" />
<SP HEIGHT="40" HPOS="1561" VPOS="847" WIDTH="27" />
<String CONTENT="changes]" HEIGHT="50" HPOS="1589" VPOS="847" WIDTH="225" />
</TextLine>
<TextLine HEIGHT="49" HPOS="402" STYLEREFS="StyleId-642E6780-A435-4D21-A999-7A6B5250AF12-" VPOS="900" WIDTH="253">
<String CONTENT="(36-5087)" HEIGHT="49" HPOS="402" VPOS="900" WIDTH="253" />
</TextLine>
<TextLine HEIGHT="75" HPOS="321" STYLEREFS="StyleId-1F0944D5-6D4F-4C78-9117-53B4BC5D9B39-" VPOS="994" WIDTH="478">
<String CONTENT="Locard," HEIGHT="66" HPOS="321" LANG="en-US" VPOS="1003" WIDTH="243" />
<SP HEIGHT="75" HPOS="565" VPOS="994" WIDTH="26" />
<String CONTENT="&#201;mile." HEIGHT="66" HPOS="592" LANG="fr" VPOS="994" WIDTH="207" />
</TextLine>
<TextLine HEIGHT="84" HPOS="390" VPOS="1071" WIDTH="1929">
<String CONTENT="La" HEIGHT="52" HPOS="390" LANG="fr" VPOS="1082" WIDTH="82" />
<SP HEIGHT="34" HPOS="473" VPOS="1100" WIDTH="37" />
<String CONTENT="malle" HEIGHT="50" HPOS="511" LANG="fr" VPOS="1084" WIDTH="169" />
<SP HEIGHT="35" HPOS="681" VPOS="1100" WIDTH="36" />
<String CONTENT="sanglante" HEIGHT="67" HPOS="718" LANG="fr" VPOS="1082" WIDTH="296" />
<SP HEIGHT="53" HPOS="1015" VPOS="1082" WIDTH="39" />
<String CONTENT="de" HEIGHT="52" HPOS="1055" LANG="fr" VPOS="1082" WIDTH="67" />
<SP HEIGHT="51" HPOS="1123" VPOS="1084" WIDTH="38" />
<String CONTENT="Millery," HEIGHT="67" HPOS="1162" LANG="en-US" VPOS="1084" WIDTH="251" />
<SP HEIGHT="49" HPOS="1414" VPOS="1102" WIDTH="35" />
<String CONTENT="par" HEIGHT="50" HPOS="1450" LANG="en-US" VPOS="1101" WIDTH="106" />
<SP HEIGHT="65" HPOS="1557" VPOS="1071" WIDTH="31" />
<String CONTENT="&#201;mile" HEIGHT="66" HPOS="1589" LANG="fr" VPOS="1071" WIDTH="192" />
<SP HEIGHT="50" HPOS="1782" VPOS="1087" WIDTH="37" />
<String CONTENT="Locard." HEIGHT="54" HPOS="1820" LANG="en-US" VPOS="1085" WIDTH="237" />
<SP HEIGHT="52" HPOS="2058" VPOS="1087" WIDTH="75" />
<String CONTENT="Paris," HEIGHT="69" HPOS="2134" LANG="en-US" VPOS="1086" WIDTH="185" />
</TextLine>
<TextLine CS="1" HEIGHT="67" HPOS="321" VPOS="1160" WIDTH="527">
<String CONTENT="Gallimard" HEIGHT="54" HPOS="321" LANG="fr" VPOS="1160" WIDTH="323" />
<SP HEIGHT="67" HPOS="645" VPOS="1160" WIDTH="29" />
<String CONTENT="[" CS="1" LANG="fr" />
<String CONTENT="1934]" HEIGHT="65" HPOS="696" LANG="en-US" VPOS="1162" WIDTH="152" />
</TextLine>
<TextLine CS="1" HEIGHT="38" HPOS="391" STYLEREFS="StyleId-73ECF633-38BD-40CE-81DC-AA57C3E3E801-" VPOS="1235" WIDTH="100">
<String CONTENT="1" HEIGHT="38" HPOS="391" VPOS="1235" WIDTH="25" />
<SP HEIGHT="38" HPOS="417" VPOS="1235" WIDTH="31" />
<String CONTENT="v." CS="1" HEIGHT="8" HPOS="483" VPOS="1265" WIDTH="8" />
</TextLine>
<TextLine CS="1" HEIGHT="102" HPOS="323" STYLEREFS="StyleId-642E6780-A435-4D21-A999-7A6B5250AF12-" VPOS="1291" WIDTH="1978">
<String CONTENT="&#169;" HEIGHT="54" HPOS="323" LANG="en-US" VPOS="1291" WIDTH="53" />
<SP HEIGHT="54" HPOS="377" VPOS="1291" WIDTH="30" />
<String CONTENT="Dec." HEIGHT="40" HPOS="408" LANG="en-US" VPOS="1297" WIDTH="112" />
<SP HEIGHT="39" HPOS="521" VPOS="1298" WIDTH="32" />
<String CONTENT="10," HEIGHT="48" HPOS="554" LANG="en-US" VPOS="1295" WIDTH="69" />
<SP HEIGHT="46" HPOS="624" VPOS="1297" WIDTH="32" />
<String CONTENT="1934;" HEIGHT="49" HPOS="657" LANG="en-US" VPOS="1294" WIDTH="140" />
<SP />
<String CONTENT="1c." CS="1" LANG="en-US" />
<SP />
<String CONTENT="Mar." HEIGHT="40" HPOS="936" LANG="en-US" VPOS="1297" WIDTH="121" />
<SP HEIGHT="40" HPOS="1058" VPOS="1297" WIDTH="33" />
<String CONTENT="5," HEIGHT="48" HPOS="1092" LANG="en-US" VPOS="1297" WIDTH="41" />
<SP HEIGHT="48" HPOS="1134" VPOS="1297" WIDTH="30" />
<String CONTENT="1935;" HEIGHT="48" HPOS="1165" LANG="en-US" VPOS="1295" WIDTH="141" />
<SP HEIGHT="46" HPOS="1307" VPOS="1297" WIDTH="34" />
<String CONTENT="A-Foreign" HEIGHT="49" HPOS="1342" LANG="en-US" VPOS="1296" WIDTH="312" />
<SP HEIGHT="39" HPOS="1655" VPOS="1297" WIDTH="32" />
<String CONTENT="27072;" HEIGHT="48" HPOS="1688" LANG="en-US" VPOS="1297" WIDTH="170" />
<SP HEIGHT="47" HPOS="1859" VPOS="1298" WIDTH="37" />
<String CONTENT="Librairie" HEIGHT="42" HPOS="1897" LANG="fr" VPOS="1298" WIDTH="241" />
<SP HEIGHT="40" HPOS="2139" VPOS="1300" WIDTH="33" />
<String CONTENT="Gallimard." HEIGHT="94" HPOS="391" LANG="fr" VPOS="1299" WIDTH="1910" />
</TextLine>
<TextLine HEIGHT="69" HPOS="318" STYLEREFS="StyleId-53C54159-C04B-4813-8BC2-33F7934C70C9-" VPOS="1456" WIDTH="891">
<String CONTENT="Louisiana." HEIGHT="54" HPOS="318" VPOS="1456" WIDTH="337" />
<SP HEIGHT="53" HPOS="656" VPOS="1458" WIDTH="72" />
<String CONTENT="Supreme" HEIGHT="67" HPOS="729" VPOS="1458" WIDTH="277" />
<SP HEIGHT="34" HPOS="1007" VPOS="1476" WIDTH="26" />
<String CONTENT="court." HEIGHT="47" HPOS="1034" VPOS="1464" WIDTH="175" />
</TextLine>
<TextLine CS="1" HEIGHT="69" HPOS="388" VPOS="1534" WIDTH="1926">
<String CONTENT="Louisiana" HEIGHT="53" HPOS="388" VPOS="1534" WIDTH="308" />
<SP HEIGHT="33" HPOS="697" VPOS="1554" WIDTH="48" />
<String CONTENT="reports." CS="1" HEIGHT="61" HPOS="746" VPOS="1541" WIDTH="220" />
<SP HEIGHT="34" HPOS="984" VPOS="1554" WIDTH="72" />
<String CONTENT="v." HEIGHT="34" HPOS="1057" VPOS="1554" WIDTH="50" />
<SP HEIGHT="47" HPOS="1108" VPOS="1541" WIDTH="53" />
<String CONTENT="182." HEIGHT="50" HPOS="1162" VPOS="1538" WIDTH="113" />
<SP HEIGHT="55" HPOS="1276" VPOS="1534" WIDTH="48" />
<String CONTENT="Cases" HEIGHT="55" HPOS="1325" VPOS="1534" WIDTH="170" />
<SP HEIGHT="35" HPOS="1496" VPOS="1554" WIDTH="45" />
<String CONTENT="argued" HEIGHT="67" HPOS="1542" VPOS="1536" WIDTH="214" />
<SP HEIGHT="52" HPOS="1757" VPOS="1536" WIDTH="47" />
<String CONTENT="and" HEIGHT="53" HPOS="1805" VPOS="1536" WIDTH="111" />
<SP HEIGHT="53" HPOS="1917" VPOS="1536" WIDTH="47" />
<String CONTENT="determined" HEIGHT="54" HPOS="1965" VPOS="1537" WIDTH="349" />
</TextLine>
<TextLine HEIGHT="69" HPOS="319" VPOS="1611" WIDTH="1998">
<String CONTENT="in" HEIGHT="52" HPOS="319" VPOS="1612" WIDTH="59" />
<SP HEIGHT="47" HPOS="379" VPOS="1617" WIDTH="32" />
<String CONTENT="the" HEIGHT="52" HPOS="412" VPOS="1613" WIDTH="95" />
<SP HEIGHT="54" HPOS="508" VPOS="1613" WIDTH="34" />
<String CONTENT="Supreme" HEIGHT="66" HPOS="543" VPOS="1613" WIDTH="275" />
<SP HEIGHT="33" HPOS="819" VPOS="1631" WIDTH="31" />
<String CONTENT="court" HEIGHT="47" HPOS="851" VPOS="1618" WIDTH="160" />
<SP HEIGHT="47" HPOS="1012" VPOS="1618" WIDTH="31" />
<String CONTENT="of" HEIGHT="52" HPOS="1044" VPOS="1612" WIDTH="63" />
<SP HEIGHT="52" HPOS="1108" VPOS="1612" WIDTH="30" />
<String CONTENT="Louisiana" HEIGHT="54" HPOS="1139" VPOS="1611" WIDTH="309" />
<SP HEIGHT="33" HPOS="1449" VPOS="1633" WIDTH="30" />
<String CONTENT="sitting" HEIGHT="66" HPOS="1480" VPOS="1614" WIDTH="204" />
<SP HEIGHT="49" HPOS="1685" VPOS="1631" WIDTH="33" />
<String CONTENT="at" HEIGHT="46" HPOS="1719" VPOS="1620" WIDTH="59" />
<SP HEIGHT="51" HPOS="1779" VPOS="1615" WIDTH="31" />
<String CONTENT="New" HEIGHT="51" HPOS="1811" VPOS="1615" WIDTH="138" />
<SP HEIGHT="53" HPOS="1950" VPOS="1615" WIDTH="32" />
<String CONTENT="Orleans" HEIGHT="53" HPOS="1983" VPOS="1615" WIDTH="240" />
<SP HEIGHT="34" HPOS="2224" VPOS="1634" WIDTH="33" />
<String CONTENT="at" HEIGHT="47" HPOS="2258" VPOS="1620" WIDTH="59" />
</TextLine>
<TextLine CS="1" HEIGHT="152" HPOS="318" VPOS="1687" WIDTH="1997">
<String CONTENT="term" HEIGHT="46" HPOS="318" VPOS="1696" WIDTH="143" />
<SP HEIGHT="53" HPOS="462" VPOS="1689" WIDTH="31" />
<String CONTENT="beginning" HEIGHT="69" HPOS="494" VPOS="1688" WIDTH="314" />
<SP HEIGHT="70" HPOS="809" VPOS="1687" WIDTH="27" />
<String CONTENT="first" HEIGHT="55" HPOS="837" VPOS="1687" WIDTH="124" />
<SP HEIGHT="51" HPOS="962" VPOS="1691" WIDTH="26" />
<String CONTENT="Monday" HEIGHT="67" HPOS="989" VPOS="1690" WIDTH="256" />
<SP HEIGHT="49" HPOS="1246" VPOS="1708" WIDTH="30" />
<String CONTENT="of" HEIGHT="51" HPOS="1277" VPOS="1690" WIDTH="62" />
<SP HEIGHT="54" HPOS="1340" VPOS="1690" WIDTH="32" />
<String CONTENT="October," HEIGHT="68" HPOS="1373" VPOS="1690" WIDTH="262" />
<SP HEIGHT="63" HPOS="1636" VPOS="1695" WIDTH="34" />
<String CONTENT="1934" HEIGHT="49" HPOS="1671" VPOS="1693" WIDTH="134" />
<SP />
<String CONTENT="&#8230;" CS="1" />
<SP HEIGHT="51" HPOS="1897" VPOS="1692" WIDTH="72" />
<String CONTENT="Edited" HEIGHT="54" HPOS="1970" VPOS="1691" WIDTH="211" />
<SP HEIGHT="52" HPOS="2182" VPOS="1693" WIDTH="31" />
<String CONTENT="under" HEIGHT="111" HPOS="319" VPOS="1711" WIDTH="1970" />
<SP HEIGHT="47" HPOS="420" VPOS="1775" WIDTH="27" />
<String CONTENT="the" HEIGHT="53" HPOS="448" VPOS="1769" WIDTH="95" />
<SP HEIGHT="53" HPOS="544" VPOS="1768" WIDTH="28" />
<String CONTENT="direction" HEIGHT="52" HPOS="573" VPOS="1768" WIDTH="278" />
<SP HEIGHT="33" HPOS="852" VPOS="1787" WIDTH="28" />
<String CONTENT="of" HEIGHT="53" HPOS="881" VPOS="1767" WIDTH="63" />
<SP HEIGHT="53" HPOS="945" VPOS="1767" WIDTH="26" />
<String CONTENT="the" HEIGHT="52" HPOS="972" VPOS="1768" WIDTH="96" />
<SP HEIGHT="35" HPOS="1069" VPOS="1785" WIDTH="29" />
<String CONTENT="court." HEIGHT="48" HPOS="1099" VPOS="1773" WIDTH="174" />
<SP HEIGHT="55" HPOS="1274" VPOS="1768" WIDTH="77" />
<String CONTENT="St." HEIGHT="55" HPOS="1352" VPOS="1768" WIDTH="82" />
<SP HEIGHT="50" HPOS="1435" VPOS="1770" WIDTH="32" />
<String CONTENT="Paul," HEIGHT="67" HPOS="1468" VPOS="1768" WIDTH="165" />
<SP HEIGHT="65" HPOS="1634" VPOS="1770" WIDTH="27" />
<String CONTENT="West" HEIGHT="53" HPOS="1662" VPOS="1770" WIDTH="159" />
<SP HEIGHT="63" HPOS="1822" VPOS="1773" WIDTH="28" />
<String CONTENT="publishing" HEIGHT="69" HPOS="1851" VPOS="1769" WIDTH="335" />
<SP HEIGHT="49" HPOS="2187" VPOS="1789" WIDTH="29" />
<String CONTENT="co.," HEIGHT="50" HPOS="2217" VPOS="1789" WIDTH="98" />
</TextLine>
<TextLine HEIGHT="52" HPOS="319" VPOS="1849" WIDTH="151">
<String CONTENT="1935." HEIGHT="52" HPOS="319" VPOS="1849" WIDTH="151" />
</TextLine>
<TextLine CS="1" HEIGHT="51" HPOS="391" STYLEREFS="StyleId-642E6780-A435-4D21-A999-7A6B5250AF12-" VPOS="1917" WIDTH="854">
<String CONTENT="xxix" HEIGHT="40" HPOS="391" VPOS="1919" WIDTH="119" />
<SP HEIGHT="38" HPOS="511" VPOS="1930" WIDTH="26" />
<String CONTENT="p.," HEIGHT="38" HPOS="538" VPOS="1930" WIDTH="57" />
<SP HEIGHT="47" HPOS="596" VPOS="1920" WIDTH="28" />
<String CONTENT="1206" HEIGHT="41" HPOS="625" VPOS="1917" WIDTH="116" />
<SP HEIGHT="40" HPOS="742" VPOS="1918" WIDTH="23" />
<String CONTENT="numb." HEIGHT="39" HPOS="766" VPOS="1919" WIDTH="157" />
<SP HEIGHT="29" HPOS="924" VPOS="1929" WIDTH="30" />
<String CONTENT="col." HEIGHT="40" HPOS="955" VPOS="1919" WIDTH="86" />
<SP HEIGHT="41" HPOS="1042" VPOS="1918" WIDTH="56" />
<String CONTENT="22&#189;cm." CS="1" HEIGHT="40" HPOS="1099" VPOS="1918" WIDTH="146" />
</TextLine>
<TextLine CS="1" HEIGHT="53" HPOS="321" STYLEREFS="StyleId-642E6780-A435-4D21-A999-7A6B5250AF12-" VPOS="1979" WIDTH="1830">
<String CONTENT="&#169;" HEIGHT="53" HPOS="321" VPOS="1979" WIDTH="53" />
<SP HEIGHT="53" HPOS="375" VPOS="1979" WIDTH="25" />
<String CONTENT="Nov." HEIGHT="40" HPOS="401" VPOS="1983" WIDTH="116" />
<SP HEIGHT="38" HPOS="518" VPOS="1985" WIDTH="27" />
<String CONTENT="14," HEIGHT="45" HPOS="546" VPOS="1984" WIDTH="67" />
<SP HEIGHT="45" HPOS="614" VPOS="1984" WIDTH="27" />
<String CONTENT="1935;" CS="1" HEIGHT="40" HPOS="642" VPOS="1982" WIDTH="115" />
<SP HEIGHT="48" HPOS="782" VPOS="1981" WIDTH="28" />
<String CONTENT="2c." HEIGHT="41" HPOS="811" VPOS="1981" WIDTH="65" />
<SP HEIGHT="39" HPOS="877" VPOS="1983" WIDTH="27" />
<String CONTENT="Dec." HEIGHT="40" HPOS="905" VPOS="1983" WIDTH="111" />
<SP HEIGHT="39" HPOS="1017" VPOS="1983" WIDTH="27" />
<String CONTENT="16;" HEIGHT="46" HPOS="1045" VPOS="1982" WIDTH="81" />
<SP HEIGHT="35" HPOS="1127" VPOS="1993" WIDTH="29" />
<String CONTENT="aff." HEIGHT="41" HPOS="1157" VPOS="1981" WIDTH="82" />
<SP HEIGHT="40" HPOS="1240" VPOS="1982" WIDTH="27" />
<String CONTENT="Dec." HEIGHT="40" HPOS="1268" VPOS="1982" WIDTH="111" />
<SP HEIGHT="40" HPOS="1380" VPOS="1982" WIDTH="25" />
<String CONTENT="19;" HEIGHT="49" HPOS="1406" VPOS="1980" WIDTH="82" />
<SP HEIGHT="47" HPOS="1489" VPOS="1982" WIDTH="28" />
<String CONTENT="A" HEIGHT="39" HPOS="1518" VPOS="1982" WIDTH="43" />
<SP HEIGHT="41" HPOS="1562" VPOS="1980" WIDTH="19" />
<String CONTENT="90049;" CS="1" HEIGHT="42" HPOS="1582" VPOS="1980" WIDTH="145" />
<SP HEIGHT="47" HPOS="1755" VPOS="1982" WIDTH="28" />
<String CONTENT="West" HEIGHT="41" HPOS="1784" VPOS="1982" WIDTH="139" />
<SP HEIGHT="48" HPOS="1924" VPOS="1984" WIDTH="21" />
<String CONTENT="pub." HEIGHT="49" HPOS="1946" VPOS="1983" WIDTH="108" />
<SP HEIGHT="29" HPOS="2055" VPOS="1993" WIDTH="27" />
<String CONTENT="co." HEIGHT="30" HPOS="2083" VPOS="1993" WIDTH="68" />
</TextLine>
<TextLine HEIGHT="64" HPOS="316" STYLEREFS="StyleId-1F0944D5-6D4F-4C78-9117-53B4BC5D9B39-" VPOS="2102" WIDTH="613">
<String CONTENT="Marchwitza," HEIGHT="64" HPOS="316" VPOS="2102" WIDTH="403" />
<SP HEIGHT="64" HPOS="720" VPOS="2102" WIDTH="25" />
<String CONTENT="Hans." HEIGHT="54" HPOS="746" VPOS="2102" WIDTH="183" />
</TextLine>
<TextLine CS="1" HEIGHT="148" HPOS="315" VPOS="2177" WIDTH="1974">
<String CONTENT="Die" HEIGHT="52" HPOS="386" LANG="en-US" VPOS="2180" WIDTH="109" />
<SP HEIGHT="51" HPOS="496" VPOS="2180" WIDTH="27" />
<String CONTENT="Kumiaks," HEIGHT="65" HPOS="524" LANG="en-US" VPOS="2179" WIDTH="300" />
<SP HEIGHT="47" HPOS="825" VPOS="2197" WIDTH="27" />
<String CONTENT="von" HEIGHT="35" HPOS="853" LANG="en-US" VPOS="2196" WIDTH="107" />
<SP HEIGHT="53" HPOS="961" VPOS="2178" WIDTH="28" />
<String CONTENT="Hans" HEIGHT="53" HPOS="990" LANG="en-US" VPOS="2178" WIDTH="166" />
<SP HEIGHT="51" HPOS="1157" VPOS="2179" WIDTH="27" />
<String CONTENT="Marchwitza." HEIGHT="53" HPOS="1185" LANG="en-US" VPOS="2177" WIDTH="387" />
<SP HEIGHT="34" HPOS="1573" VPOS="2211" WIDTH="71" />
<String CONTENT="[Z&#252;rich," HEIGHT="68" HPOS="1645" LANG="de" VPOS="2178" WIDTH="242" />
<SP HEIGHT="48" HPOS="1888" VPOS="2198" WIDTH="25" />
<String CONTENT="etc.," HEIGHT="65" HPOS="1914" LANG="en-US" VPOS="2182" WIDTH="120" />
<SP HEIGHT="66" HPOS="2035" VPOS="2181" WIDTH="25" />
<String CONTENT="B&#252;chergilde" HEIGHT="146" HPOS="315" LANG="de" VPOS="2179" WIDTH="1974" />
<SP HEIGHT="55" HPOS="471" VPOS="2257" WIDTH="26" />
<String CONTENT="Gutenberg," HEIGHT="67" HPOS="498" LANG="en-US" VPOS="2257" WIDTH="347" />
<SP HEIGHT="60" HPOS="846" VPOS="2263" WIDTH="26" />
<String CONTENT="1934]" HEIGHT="64" HPOS="873" LANG="en-US" VPOS="2259" WIDTH="151" />
</TextLine>
<TextLine CS="1" HEIGHT="51" HPOS="389" STYLEREFS="StyleId-642E6780-A435-4D21-A999-7A6B5250AF12-" VPOS="2329" WIDTH="660">
<String CONTENT="207," HEIGHT="46" HPOS="389" VPOS="2331" WIDTH="99" />
<SP HEIGHT="30" HPOS="489" VPOS="2350" WIDTH="30" />
<String CONTENT="[1]" HEIGHT="49" HPOS="520" VPOS="2331" WIDTH="55" />
<SP HEIGHT="37" HPOS="576" VPOS="2341" WIDTH="29" />
<String CONTENT="p." HEIGHT="36" HPOS="606" VPOS="2341" WIDTH="41" />
<SP HEIGHT="39" HPOS="648" VPOS="2329" WIDTH="28" />
<String CONTENT="incl." HEIGHT="41" HPOS="677" VPOS="2329" WIDTH="110" />
<SP HEIGHT="36" HPOS="788" VPOS="2340" WIDTH="26" />
<String CONTENT="pl." CS="1" HEIGHT="36" HPOS="815" VPOS="2340" WIDTH="61" />
<SP HEIGHT="39" HPOS="877" VPOS="2329" WIDTH="55" />
<String CONTENT="24cm." HEIGHT="40" HPOS="933" VPOS="2329" WIDTH="116" />
</TextLine>
<TextLine HEIGHT="39" HPOS="389" STYLEREFS="StyleId-642E6780-A435-4D21-A999-7A6B5250AF12-" VPOS="2388" WIDTH="224">
<String CONTENT="A" HEIGHT="37" HPOS="389" VPOS="2389" WIDTH="39" />
<SP HEIGHT="37" HPOS="429" VPOS="2389" WIDTH="28" />
<String CONTENT="novel." HEIGHT="39" HPOS="458" VPOS="2388" WIDTH="155" />
</TextLine>
<TextLine CS="1" HEIGHT="54" HPOS="319" STYLEREFS="StyleId-642E6780-A435-4D21-A999-7A6B5250AF12-" VPOS="2446" WIDTH="1996">
<String CONTENT="&#169;" HEIGHT="53" HPOS="319" LANG="en-US" VPOS="2447" WIDTH="53" />
<SP HEIGHT="53" HPOS="373" VPOS="2447" WIDTH="38" />
<String CONTENT="Nov." HEIGHT="41" HPOS="412" LANG="en-US" VPOS="2451" WIDTH="118" />
<SP HEIGHT="41" HPOS="531" VPOS="2451" WIDTH="38" />
<String CONTENT="30," HEIGHT="44" HPOS="570" LANG="en-US" VPOS="2450" WIDTH="69" />
<SP HEIGHT="44" HPOS="640" VPOS="2450" WIDTH="39" />
<String CONTENT="1934;" HEIGHT="49" HPOS="680" LANG="en-US" VPOS="2447" WIDTH="140" />
<SP />
<String CONTENT="1c." CS="1" LANG="en-US" />
<SP />
<String CONTENT="July" HEIGHT="48" HPOS="972" LANG="en-US" VPOS="2448" WIDTH="116" />
<SP HEIGHT="48" HPOS="1089" VPOS="2448" WIDTH="39" />
<String CONTENT="10," HEIGHT="48" HPOS="1129" LANG="en-US" VPOS="2447" WIDTH="68" />
<SP HEIGHT="47" HPOS="1198" VPOS="2448" WIDTH="41" />
<String CONTENT="1935;" HEIGHT="47" HPOS="1240" LANG="en-US" VPOS="2447" WIDTH="141" />
<SP HEIGHT="46" HPOS="1382" VPOS="2448" WIDTH="41" />
<String CONTENT="A-Foreign" HEIGHT="48" HPOS="1424" LANG="en-US" VPOS="2447" WIDTH="311" />
<SP HEIGHT="39" HPOS="1736" VPOS="2448" WIDTH="38" />
<String CONTENT="28432;" HEIGHT="47" HPOS="1775" LANG="en-US" VPOS="2447" WIDTH="171" />
<SP HEIGHT="46" HPOS="1947" VPOS="2448" WIDTH="44" />
<String CONTENT="B&#252;chergilde" HEIGHT="51" HPOS="1992" LANG="de" VPOS="2446" WIDTH="323" />
</TextLine>
<TextLine HEIGHT="50" HPOS="391" STYLEREFS="StyleId-642E6780-A435-4D21-A999-7A6B5250AF12-" VPOS="2504" WIDTH="607">
<String CONTENT="Gutenberg." HEIGHT="47" HPOS="391" VPOS="2507" WIDTH="288" />
<SP HEIGHT="47" HPOS="680" VPOS="2507" WIDTH="68" />
<String CONTENT="(36-5952)" HEIGHT="50" HPOS="749" VPOS="2504" WIDTH="249" />
</TextLine>
<TextLine HEIGHT="65" HPOS="315" STYLEREFS="StyleId-1F0944D5-6D4F-4C78-9117-53B4BC5D9B39-" VPOS="2610" WIDTH="722">
<String CONTENT="May," HEIGHT="64" HPOS="315" VPOS="2611" WIDTH="157" />
<SP HEIGHT="64" HPOS="473" VPOS="2611" WIDTH="24" />
<String CONTENT="Herbert" HEIGHT="54" HPOS="498" VPOS="2610" WIDTH="259" />
<SP HEIGHT="54" HPOS="758" VPOS="2610" WIDTH="27" />
<String CONTENT="Gordon." HEIGHT="54" HPOS="786" VPOS="2610" WIDTH="251" />
</TextLine>
<TextLine CS="1" HEIGHT="146" HPOS="315" VPOS="2685" WIDTH="1994">
<String CONTENT="&#8230;" CS="1" />
<SP />
<String CONTENT="Material" HEIGHT="53" HPOS="486" VPOS="2686" WIDTH="269" />
<SP HEIGHT="49" HPOS="756" VPOS="2690" WIDTH="33" />
<String CONTENT="remains" HEIGHT="53" HPOS="790" VPOS="2687" WIDTH="245" />
<SP HEIGHT="35" HPOS="1036" VPOS="2705" WIDTH="32" />
<String CONTENT="of" HEIGHT="53" HPOS="1069" VPOS="2685" WIDTH="62" />
<SP HEIGHT="52" HPOS="1132" VPOS="2685" WIDTH="32" />
<String CONTENT="the" HEIGHT="51" HPOS="1165" VPOS="2686" WIDTH="95" />
<SP HEIGHT="51" HPOS="1261" VPOS="2685" WIDTH="33" />
<String CONTENT="Megiddo" HEIGHT="66" HPOS="1295" VPOS="2685" WIDTH="273" />
<SP HEIGHT="34" HPOS="1569" VPOS="2703" WIDTH="34" />
<String CONTENT="cult," HEIGHT="64" HPOS="1604" VPOS="2687" WIDTH="133" />
<SP HEIGHT="66" HPOS="1738" VPOS="2685" WIDTH="31" />
<String CONTENT="by" HEIGHT="66" HPOS="1770" VPOS="2685" WIDTH="75" />
<SP HEIGHT="65" HPOS="1846" VPOS="2686" WIDTH="33" />
<String CONTENT="Herbert" HEIGHT="53" HPOS="1880" VPOS="2685" WIDTH="251" />
<SP HEIGHT="54" HPOS="2132" VPOS="2685" WIDTH="33" />
<String CONTENT="Gordon" HEIGHT="134" HPOS="315" VPOS="2685" WIDTH="1972" />
<SP HEIGHT="51" HPOS="430" VPOS="2767" WIDTH="34" />
<String CONTENT="May;" HEIGHT="64" HPOS="465" VPOS="2767" WIDTH="166" />
<SP HEIGHT="47" HPOS="632" VPOS="2783" WIDTH="40" />
<String CONTENT="with" HEIGHT="52" HPOS="673" VPOS="2764" WIDTH="140" />
<SP HEIGHT="52" HPOS="814" VPOS="2764" WIDTH="37" />
<String CONTENT="a" HEIGHT="34" HPOS="852" VPOS="2782" WIDTH="31" />
<SP HEIGHT="34" HPOS="884" VPOS="2782" WIDTH="35" />
<String CONTENT="chapter" HEIGHT="67" HPOS="920" VPOS="2763" WIDTH="236" />
<SP HEIGHT="52" HPOS="1157" VPOS="2763" WIDTH="34" />
<String CONTENT="by" HEIGHT="66" HPOS="1192" VPOS="2763" WIDTH="75" />
<SP HEIGHT="66" HPOS="1268" VPOS="2763" WIDTH="35" />
<String CONTENT="Robert" HEIGHT="52" HPOS="1304" VPOS="2763" WIDTH="215" />
<SP HEIGHT="51" HPOS="1520" VPOS="2764" WIDTH="35" />
<String CONTENT="M." HEIGHT="51" HPOS="1556" VPOS="2764" WIDTH="81" />
<SP HEIGHT="52" HPOS="1638" VPOS="2763" WIDTH="37" />
<String CONTENT="Engberg." HEIGHT="68" HPOS="1676" VPOS="2761" WIDTH="288" />
<SP HEIGHT="55" HPOS="1965" VPOS="2760" WIDTH="73" />
<String CONTENT="Chicago," HEIGHT="68" HPOS="2039" VPOS="2760" WIDTH="270" />
</TextLine>
<TextLine HEIGHT="72" HPOS="321" VPOS="2836" WIDTH="1431">
<String CONTENT="Ill.," HEIGHT="68" HPOS="321" VPOS="2840" WIDTH="106" />
<SP HEIGHT="68" HPOS="428" VPOS="2840" WIDTH="35" />
<String CONTENT="The" HEIGHT="55" HPOS="464" VPOS="2839" WIDTH="120" />
<SP HEIGHT="54" HPOS="585" VPOS="2840" WIDTH="37" />
<String CONTENT="University" HEIGHT="65" HPOS="623" VPOS="2840" WIDTH="331" />
<SP HEIGHT="50" HPOS="955" VPOS="2855" WIDTH="38" />
<String CONTENT="of" HEIGHT="52" HPOS="994" VPOS="2838" WIDTH="63" />
<SP HEIGHT="57" HPOS="1058" VPOS="2836" WIDTH="35" />
<String CONTENT="Chicago" HEIGHT="69" HPOS="1094" VPOS="2836" WIDTH="251" />
<SP HEIGHT="51" HPOS="1346" VPOS="2855" WIDTH="37" />
<String CONTENT="press" HEIGHT="51" HPOS="1384" VPOS="2855" WIDTH="155" />
<SP HEIGHT="47" HPOS="1540" VPOS="2857" WIDTH="39" />
<String CONTENT="[1935]" HEIGHT="65" HPOS="1580" VPOS="2839" WIDTH="172" />
</TextLine>
<TextLine CS="1" HEIGHT="51" HPOS="384" VPOS="2908" WIDTH="1926">
<String CONTENT="xiv," HEIGHT="48" HPOS="384" VPOS="2911" WIDTH="96" />
<SP HEIGHT="49" HPOS="481" VPOS="2910" WIDTH="44" />
<String CONTENT="51" HEIGHT="41" HPOS="526" VPOS="2910" WIDTH="54" />
<SP HEIGHT="47" HPOS="581" VPOS="2912" WIDTH="42" />
<String CONTENT="p." HEIGHT="38" HPOS="624" VPOS="2921" WIDTH="44" />
<SP HEIGHT="41" HPOS="669" VPOS="2910" WIDTH="57" />
<String CONTENT="illus.," HEIGHT="48" HPOS="727" VPOS="2910" WIDTH="143" />
<SP HEIGHT="36" HPOS="871" VPOS="2922" WIDTH="42" />
<String CONTENT="XLI" CS="1" />
<SP HEIGHT="39" HPOS="1001" VPOS="2919" WIDTH="38" />
<String CONTENT="pl." CS="1" HEIGHT="39" HPOS="1040" VPOS="2919" WIDTH="64" />
<SP HEIGHT="48" HPOS="1105" VPOS="2908" WIDTH="26" />
<String CONTENT="(incl." HEIGHT="48" HPOS="1132" VPOS="2908" WIDTH="134" />
<SP HEIGHT="37" HPOS="1267" VPOS="2920" WIDTH="45" />
<String CONTENT="plans)" HEIGHT="48" HPOS="1313" VPOS="2909" WIDTH="164" />
<SP HEIGHT="47" HPOS="1478" VPOS="2909" WIDTH="65" />
<String CONTENT="30&#189;cm." CS="1" HEIGHT="41" HPOS="1544" VPOS="2909" WIDTH="146" />
<SP HEIGHT="48" HPOS="1691" VPOS="2909" WIDTH="69" />
<String CONTENT="(The" HEIGHT="48" HPOS="1761" VPOS="2909" WIDTH="125" />
<SP HEIGHT="41" HPOS="1887" VPOS="2909" WIDTH="44" />
<String CONTENT="University" HEIGHT="46" HPOS="1932" VPOS="2909" WIDTH="280" />
<SP HEIGHT="37" HPOS="2213" VPOS="2918" WIDTH="44" />
<String CONTENT="of" HEIGHT="40" HPOS="2258" VPOS="2909" WIDTH="52" />
</TextLine>
<TextLine CS="1" HEIGHT="51" HPOS="313" VPOS="2965" WIDTH="1366">
<String CONTENT="Chicago" HEIGHT="48" HPOS="313" VPOS="2968" WIDTH="210" />
<SP HEIGHT="42" HPOS="524" VPOS="2967" WIDTH="26" />
<String CONTENT="Oriental" HEIGHT="42" HPOS="551" VPOS="2967" WIDTH="221" />
<SP HEIGHT="40" HPOS="773" VPOS="2967" WIDTH="26" />
<String CONTENT="institute" HEIGHT="42" HPOS="800" VPOS="2966" WIDTH="226" />
<SP HEIGHT="39" HPOS="1027" VPOS="2975" WIDTH="22" />
<String CONTENT="publications," HEIGHT="49" HPOS="1050" VPOS="2965" WIDTH="339" />
<SP HEIGHT="36" HPOS="1390" VPOS="2977" WIDTH="26" />
<String CONTENT="vol." HEIGHT="40" HPOS="1417" VPOS="2966" WIDTH="91" />
<SP HEIGHT="29" HPOS="1509" VPOS="2978" WIDTH="27" />
<String CONTENT="XXVI)" CS="1" HEIGHT="48" HPOS="1664" VPOS="2965" WIDTH="15" />
</TextLine>
<TextLine HEIGHT="50" HPOS="385" STYLEREFS="StyleId-642E6780-A435-4D21-A999-7A6B5250AF12-" VPOS="3021" WIDTH="980">
<String CONTENT="&#8220;List" HEIGHT="41" HPOS="385" VPOS="3025" WIDTH="133" />
<SP HEIGHT="39" HPOS="519" VPOS="3027" WIDTH="26" />
<String CONTENT="of" HEIGHT="41" HPOS="546" VPOS="3024" WIDTH="52" />
<SP HEIGHT="40" HPOS="599" VPOS="3024" WIDTH="25" />
<String CONTENT="abbreviations&#8221;" HEIGHT="44" HPOS="625" VPOS="3021" WIDTH="389" />
<SP HEIGHT="43" HPOS="1015" VPOS="3021" WIDTH="16" />
<String CONTENT=":" HEIGHT="31" HPOS="1032" VPOS="3033" WIDTH="11" />
<SP HEIGHT="38" HPOS="1044" VPOS="3033" WIDTH="29" />
<String CONTENT="p." HEIGHT="38" HPOS="1074" VPOS="3033" WIDTH="43" />
<SP HEIGHT="30" HPOS="1118" VPOS="3034" WIDTH="27" />
<String CONTENT="xiii-xiv." HEIGHT="40" HPOS="1146" VPOS="3023" WIDTH="219" />
</TextLine>
<TextLine CS="1" HEIGHT="54" HPOS="318" STYLEREFS="StyleId-642E6780-A435-4D21-A999-7A6B5250AF12-" VPOS="3085" WIDTH="1992">
<String CONTENT="&#169;" HEIGHT="54" HPOS="318" VPOS="3085" WIDTH="52" />
<SP HEIGHT="54" HPOS="371" VPOS="3085" WIDTH="23" />
<String CONTENT="Nov." HEIGHT="39" HPOS="395" VPOS="3092" WIDTH="119" />
<SP HEIGHT="40" HPOS="515" VPOS="3091" WIDTH="24" />
<String CONTENT="29," HEIGHT="48" HPOS="540" VPOS="3089" WIDTH="70" />
<SP HEIGHT="45" HPOS="611" VPOS="3092" WIDTH="25" />
<String CONTENT="1935;" CS="1" HEIGHT="41" HPOS="637" VPOS="3089" WIDTH="117" />
<SP HEIGHT="48" HPOS="779" VPOS="3089" WIDTH="27" />
<String CONTENT="2c." HEIGHT="40" HPOS="807" VPOS="3089" WIDTH="65" />
<SP HEIGHT="39" HPOS="873" VPOS="3090" WIDTH="26" />
<String CONTENT="Dec." HEIGHT="40" HPOS="900" VPOS="3090" WIDTH="111" />
<SP HEIGHT="41" HPOS="1012" VPOS="3089" WIDTH="25" />
<String CONTENT="16;" HEIGHT="47" HPOS="1038" VPOS="3088" WIDTH="81" />
<SP HEIGHT="36" HPOS="1120" VPOS="3099" WIDTH="29" />
<String CONTENT="aff." HEIGHT="41" HPOS="1150" VPOS="3087" WIDTH="81" />
<SP HEIGHT="38" HPOS="1232" VPOS="3089" WIDTH="28" />
<String CONTENT="Mar." HEIGHT="39" HPOS="1261" VPOS="3089" WIDTH="121" />
<SP HEIGHT="41" HPOS="1383" VPOS="3087" WIDTH="26" />
<String CONTENT="23," HEIGHT="49" HPOS="1410" VPOS="3087" WIDTH="68" />
<SP HEIGHT="47" HPOS="1479" VPOS="3089" WIDTH="28" />
<String CONTENT="1936;" HEIGHT="48" HPOS="1508" VPOS="3086" WIDTH="140" />
<SP HEIGHT="46" HPOS="1649" VPOS="3088" WIDTH="28" />
<String CONTENT="A" HEIGHT="39" HPOS="1678" VPOS="3088" WIDTH="40" />
<SP HEIGHT="40" HPOS="1719" VPOS="3088" WIDTH="26" />
<String CONTENT="89893;" HEIGHT="48" HPOS="1746" VPOS="3087" WIDTH="170" />
<SP HEIGHT="47" HPOS="1917" VPOS="3088" WIDTH="30" />
<String CONTENT="University" HEIGHT="48" HPOS="1948" VPOS="3086" WIDTH="281" />
<SP HEIGHT="38" HPOS="2230" VPOS="3096" WIDTH="25" />
<String CONTENT="of" HEIGHT="40" HPOS="2256" VPOS="3086" WIDTH="54" />
</TextLine>
<TextLine HEIGHT="52" HPOS="387" STYLEREFS="StyleId-642E6780-A435-4D21-A999-7A6B5250AF12-" VPOS="3144" WIDTH="794">
<String CONTENT="Chicago," HEIGHT="48" HPOS="387" VPOS="3148" WIDTH="223" />
<SP HEIGHT="47" HPOS="611" VPOS="3148" WIDTH="29" />
<String CONTENT="Chicago." HEIGHT="47" HPOS="641" VPOS="3147" WIDTH="223" />
<SP HEIGHT="47" HPOS="865" VPOS="3146" WIDTH="65" />
<String CONTENT="(36-3487)" HEIGHT="49" HPOS="931" VPOS="3144" WIDTH="250" />
</TextLine>
<TextLine HEIGHT="65" HPOS="314" VPOS="3250" WIDTH="1092">
<String CONTENT="Meersch," HEIGHT="64" HPOS="314" VPOS="3251" WIDTH="287" />
<SP HEIGHT="63" HPOS="602" VPOS="3252" WIDTH="26" />
<String CONTENT="Maxence" HEIGHT="52" HPOS="629" VPOS="3252" WIDTH="282" />
<SP HEIGHT="37" HPOS="912" VPOS="3267" WIDTH="26" />
<String CONTENT="van" HEIGHT="36" HPOS="939" VPOS="3266" WIDTH="114" />
<SP HEIGHT="52" HPOS="1054" VPOS="3250" WIDTH="29" />
<String CONTENT="der," HEIGHT="64" HPOS="1084" LANG="de" VPOS="3250" WIDTH="119" />
<SP HEIGHT="58" HPOS="1204" VPOS="3256" WIDTH="31" />
<String CONTENT="1907-" HEIGHT="52" HPOS="1236" VPOS="3251" WIDTH="170" />
</TextLine>
<TextLine CS="1" HEIGHT="71" HPOS="442" VPOS="3321" WIDTH="1857">
<String CONTENT="&#8230;" CS="1" LANG="en-US" />
<SP HEIGHT="52" HPOS="442" VPOS="3325" WIDTH="34" />
<String CONTENT="Maria," HEIGHT="67" HPOS="477" LANG="en-US" VPOS="3325" WIDTH="207" />
<SP HEIGHT="68" HPOS="685" VPOS="3324" WIDTH="29" />
<String CONTENT="fille" HEIGHT="54" HPOS="715" LANG="fr" VPOS="3324" WIDTH="116" />
<SP HEIGHT="53" HPOS="832" VPOS="3325" WIDTH="30" />
<String CONTENT="de" HEIGHT="53" HPOS="863" LANG="fr" VPOS="3325" WIDTH="66" />
<SP HEIGHT="53" HPOS="930" VPOS="3325" WIDTH="28" />
<String CONTENT="Flandre;" HEIGHT="67" HPOS="959" LANG="fr" VPOS="3324" WIDTH="280" />
<SP HEIGHT="48" HPOS="1240" VPOS="3343" WIDTH="33" />
<String CONTENT="roman." HEIGHT="35" HPOS="1274" LANG="en-US" VPOS="3341" WIDTH="214" />
<SP HEIGHT="52" HPOS="1489" VPOS="3324" WIDTH="66" />
<String CONTENT="Paris," HEIGHT="63" HPOS="1556" LANG="en-US" VPOS="3322" WIDTH="185" />
<SP HEIGHT="63" HPOS="1742" VPOS="3322" WIDTH="28" />
<String CONTENT="A." HEIGHT="54" HPOS="1771" LANG="en-US" VPOS="3322" WIDTH="71" />
<SP HEIGHT="54" HPOS="1843" VPOS="3322" WIDTH="31" />
<String CONTENT="Michel" HEIGHT="54" HPOS="1875" LANG="en-US" VPOS="3321" WIDTH="212" />
<SP HEIGHT="65" HPOS="2088" VPOS="3324" WIDTH="37" />
<String CONTENT="[1935]" HEIGHT="65" HPOS="2126" LANG="en-US" VPOS="3324" WIDTH="173" />
</TextLine>
<TextLine CS="1" HEIGHT="52" HPOS="380" VPOS="3397" WIDTH="724">
<String CONTENT="3" HEIGHT="40" HPOS="380" LANG="en-US" VPOS="3399" WIDTH="27" />
<SP HEIGHT="48" HPOS="408" VPOS="3399" WIDTH="25" />
<String CONTENT="p." HEIGHT="38" HPOS="434" LANG="fr" VPOS="3409" WIDTH="43" />
<SP />
<String CONTENT="l.," CS="1" LANG="fr" />
<SP HEIGHT="30" HPOS="548" VPOS="3419" WIDTH="32" />
<String CONTENT="[9]-255," CS="1" HEIGHT="51" HPOS="581" LANG="en-US" VPOS="3398" WIDTH="187" />
<SP HEIGHT="30" HPOS="769" VPOS="3418" WIDTH="33" />
<String CONTENT="[1]" HEIGHT="50" HPOS="803" LANG="en-US" VPOS="3398" WIDTH="55" />
<SP HEIGHT="41" HPOS="859" VPOS="3407" WIDTH="25" />
<String CONTENT="p." HEIGHT="38" HPOS="885" LANG="en-US" VPOS="3407" WIDTH="43" />
<SP HEIGHT="38" HPOS="929" VPOS="3399" WIDTH="59" />
<String CONTENT="19cm." HEIGHT="42" HPOS="989" LANG="en-US" VPOS="3397" WIDTH="115" />
</TextLine>
<TextLine CS="1" HEIGHT="54" HPOS="317" STYLEREFS="StyleId-642E6780-A435-4D21-A999-7A6B5250AF12-" VPOS="3453" WIDTH="1768">
<String CONTENT="&#169;" HEIGHT="54" HPOS="317" VPOS="3453" WIDTH="52" />
<SP HEIGHT="54" HPOS="370" VPOS="3453" WIDTH="27" />
<String CONTENT="Apr." HEIGHT="48" HPOS="398" VPOS="3458" WIDTH="111" />
<SP HEIGHT="38" HPOS="510" VPOS="3459" WIDTH="29" />
<String CONTENT="15," HEIGHT="47" HPOS="540" VPOS="3458" WIDTH="69" />
<SP HEIGHT="47" HPOS="610" VPOS="3458" WIDTH="28" />
<String CONTENT="1935;" CS="1" HEIGHT="47" HPOS="639" VPOS="3457" WIDTH="139" />
<SP />
<String CONTENT="1c." CS="1" />
<SP />
<String CONTENT="June" HEIGHT="40" HPOS="908" VPOS="3457" WIDTH="127" />
<SP HEIGHT="40" HPOS="1036" VPOS="3457" WIDTH="27" />
<String CONTENT="12;" HEIGHT="47" HPOS="1064" VPOS="3456" WIDTH="82" />
<SP HEIGHT="46" HPOS="1147" VPOS="3457" WIDTH="30" />
<String CONTENT="A-Foreign" HEIGHT="48" HPOS="1178" VPOS="3455" WIDTH="313" />
<SP HEIGHT="41" HPOS="1492" VPOS="3455" WIDTH="24" />
<String CONTENT="28164;" HEIGHT="46" HPOS="1517" VPOS="3455" WIDTH="170" />
<SP HEIGHT="46" HPOS="1688" VPOS="3455" WIDTH="31" />
<String CONTENT="Albin" HEIGHT="40" HPOS="1720" LANG="fr" VPOS="3455" WIDTH="144" />
<SP HEIGHT="38" HPOS="1865" VPOS="3455" WIDTH="30" />
<String CONTENT="Michel." HEIGHT="40" HPOS="1896" VPOS="3454" WIDTH="189" />
</TextLine>
<TextLine HEIGHT="49" HPOS="396" STYLEREFS="StyleId-642E6780-A435-4D21-A999-7A6B5250AF12-" VPOS="3514" WIDTH="251">
<String CONTENT="(36-5130)" HEIGHT="49" HPOS="396" VPOS="3514" WIDTH="251" />
</TextLine>
<TextLine HEIGHT="65" HPOS="313" VPOS="3616" WIDTH="1002">
<String CONTENT="Meyer," HEIGHT="64" HPOS="313" VPOS="3616" WIDTH="219" />
<SP HEIGHT="61" HPOS="533" VPOS="3617" WIDTH="29" />
<String CONTENT="Fulgence," HEIGHT="65" HPOS="563" VPOS="3616" WIDTH="310" />
<SP HEIGHT="64" HPOS="874" VPOS="3617" WIDTH="29" />
<String CONTENT="father," HEIGHT="65" HPOS="904" VPOS="3616" WIDTH="211" />
<SP HEIGHT="56" HPOS="1116" VPOS="3622" WIDTH="30" />
<String CONTENT="1876-" HEIGHT="53" HPOS="1147" VPOS="3616" WIDTH="168" />
</TextLine>
<TextLine HEIGHT="72" HPOS="383" VPOS="3686" WIDTH="1921">
<String CONTENT="To" HEIGHT="53" HPOS="383" VPOS="3693" WIDTH="83" />
<SP HEIGHT="56" HPOS="467" VPOS="3690" WIDTH="42" />
<String CONTENT="Our" HEIGHT="55" HPOS="510" VPOS="3690" WIDTH="121" />
<SP HEIGHT="52" HPOS="632" VPOS="3692" WIDTH="36" />
<String CONTENT="Lord&#8217;s" HEIGHT="53" HPOS="669" VPOS="3692" WIDTH="200" />
<SP HEIGHT="34" HPOS="870" VPOS="3711" WIDTH="36" />
<String CONTENT="country;" HEIGHT="61" HPOS="907" VPOS="3697" WIDTH="265" />
<SP HEIGHT="47" HPOS="1173" VPOS="3709" WIDTH="40" />
<String CONTENT="a" HEIGHT="33" HPOS="1214" VPOS="3711" WIDTH="32" />
<SP HEIGHT="54" HPOS="1247" VPOS="3690" WIDTH="42" />
<String CONTENT="familiar" HEIGHT="53" HPOS="1290" VPOS="3690" WIDTH="255" />
<SP HEIGHT="33" HPOS="1546" VPOS="3709" WIDTH="38" />
<String CONTENT="narrative" HEIGHT="54" HPOS="1585" VPOS="3688" WIDTH="288" />
<SP HEIGHT="34" HPOS="1874" VPOS="3706" WIDTH="40" />
<String CONTENT="of" HEIGHT="54" HPOS="1915" VPOS="3686" WIDTH="64" />
<SP HEIGHT="54" HPOS="1980" VPOS="3686" WIDTH="37" />
<String CONTENT="a" HEIGHT="33" HPOS="2018" VPOS="3707" WIDTH="31" />
<SP HEIGHT="36" HPOS="2050" VPOS="3704" WIDTH="39" />
<String CONTENT="voyage" HEIGHT="51" HPOS="2090" VPOS="3703" WIDTH="214" />
</TextLine>
<TextLine HEIGHT="69" HPOS="317" VPOS="3762" WIDTH="1985">
<String CONTENT="from" HEIGHT="53" HPOS="317" VPOS="3768" WIDTH="146" />
<SP HEIGHT="47" HPOS="464" VPOS="3775" WIDTH="26" />
<String CONTENT="the" HEIGHT="52" HPOS="491" VPOS="3770" WIDTH="96" />
<SP HEIGHT="53" HPOS="588" VPOS="3770" WIDTH="25" />
<String CONTENT="United" HEIGHT="54" HPOS="614" VPOS="3769" WIDTH="216" />
<SP HEIGHT="55" HPOS="831" VPOS="3768" WIDTH="29" />
<String CONTENT="States" HEIGHT="55" HPOS="861" VPOS="3768" WIDTH="187" />
<SP HEIGHT="34" HPOS="1049" VPOS="3787" WIDTH="27" />
<String CONTENT="of" HEIGHT="53" HPOS="1077" VPOS="3768" WIDTH="63" />
<SP HEIGHT="53" HPOS="1141" VPOS="3767" WIDTH="27" />
<String CONTENT="America" HEIGHT="52" HPOS="1169" VPOS="3767" WIDTH="262" />
<SP HEIGHT="47" HPOS="1432" VPOS="3773" WIDTH="28" />
<String CONTENT="to" HEIGHT="47" HPOS="1461" VPOS="3773" WIDTH="57" />
<SP HEIGHT="52" HPOS="1519" VPOS="3766" WIDTH="28" />
<String CONTENT="Palestine," HEIGHT="66" HPOS="1548" VPOS="3765" WIDTH="302" />
<SP HEIGHT="67" HPOS="1851" VPOS="3764" WIDTH="26" />
<String CONTENT="Asia," HEIGHT="66" HPOS="1878" VPOS="3764" WIDTH="156" />
<SP HEIGHT="65" HPOS="2035" VPOS="3765" WIDTH="26" />
<String CONTENT="by" HEIGHT="66" HPOS="2062" VPOS="3765" WIDTH="75" />
<SP HEIGHT="69" HPOS="2138" VPOS="3762" WIDTH="26" />
<String CONTENT="Rev." HEIGHT="55" HPOS="2165" VPOS="3762" WIDTH="137" />
</TextLine>
<TextLine CS="1" HEIGHT="74" HPOS="316" VPOS="3840" WIDTH="1987">
<String CONTENT="Fulgence" HEIGHT="68" HPOS="316" VPOS="3844" WIDTH="277" />
<SP HEIGHT="53" HPOS="594" VPOS="3847" WIDTH="34" />
<String CONTENT="Meyer," HEIGHT="67" HPOS="629" VPOS="3847" WIDTH="212" />
<SP HEIGHT="50" HPOS="842" VPOS="3864" WIDTH="36" />
<String CONTENT="O." CS="1" HEIGHT="12" HPOS="917" VPOS="3888" WIDTH="9" />
<SP HEIGHT="37" HPOS="927" VPOS="3863" WIDTH="36" />
<String CONTENT="F." CS="1" HEIGHT="11" HPOS="1001" VPOS="3886" WIDTH="11" />
<SP HEIGHT="35" HPOS="1013" VPOS="3862" WIDTH="37" />
<String CONTENT="M." CS="1" HEIGHT="11" HPOS="1107" VPOS="3885" WIDTH="11" />
<SP HEIGHT="55" HPOS="1119" VPOS="3843" WIDTH="74" />
<String CONTENT="Cincinnati," HEIGHT="69" HPOS="1194" VPOS="3843" WIDTH="341" />
<SP HEIGHT="72" HPOS="1536" VPOS="3840" WIDTH="37" />
<String CONTENT="O.," HEIGHT="69" HPOS="1574" VPOS="3840" WIDTH="86" />
<SP HEIGHT="67" HPOS="1661" VPOS="3842" WIDTH="35" />
<String CONTENT="The" HEIGHT="51" HPOS="1697" VPOS="3842" WIDTH="120" />
<SP HEIGHT="52" HPOS="1818" VPOS="3841" WIDTH="36" />
<String CONTENT="Mountel" HEIGHT="54" HPOS="1855" VPOS="3841" WIDTH="254" />
<SP HEIGHT="66" HPOS="2110" VPOS="3843" WIDTH="38" />
<String CONTENT="press" HEIGHT="51" HPOS="2149" VPOS="3858" WIDTH="154" />
</TextLine>
<TextLine HEIGHT="65" HPOS="313" VPOS="3925" WIDTH="468">
<String CONTENT="company," HEIGHT="50" HPOS="313" VPOS="3940" WIDTH="293" />
<SP HEIGHT="56" HPOS="607" VPOS="3925" WIDTH="26" />
<String CONTENT="1935." HEIGHT="49" HPOS="634" VPOS="3925" WIDTH="147" />
</TextLine>
<TextLine CS="1" HEIGHT="48" HPOS="382" STYLEREFS="StyleId-642E6780-A435-4D21-A999-7A6B5250AF12-" VPOS="3993" WIDTH="746">
<String CONTENT="7" HEIGHT="40" HPOS="382" LANG="en-US" VPOS="3993" WIDTH="26" />
<SP HEIGHT="47" HPOS="409" VPOS="3993" WIDTH="25" />
<String CONTENT="p." HEIGHT="37" HPOS="435" LANG="fr" VPOS="4003" WIDTH="42" />
<SP />
<String CONTENT="l.," CS="1" LANG="fr" />
<SP HEIGHT="47" HPOS="551" VPOS="3994" WIDTH="28" />
<String CONTENT="213" HEIGHT="40" HPOS="580" LANG="en-US" VPOS="3994" WIDTH="84" />
<SP HEIGHT="47" HPOS="665" VPOS="3994" WIDTH="27" />
<String CONTENT="p." HEIGHT="36" HPOS="693" LANG="en-US" VPOS="4005" WIDTH="42" />
<SP HEIGHT="39" HPOS="736" VPOS="3995" WIDTH="60" />
<String CONTENT="illus." HEIGHT="40" HPOS="797" LANG="en-US" VPOS="3994" WIDTH="125" />
<SP HEIGHT="41" HPOS="923" VPOS="3993" WIDTH="57" />
<String CONTENT="20&#189;cm." CS="1" HEIGHT="40" HPOS="981" LANG="en-US" VPOS="3993" WIDTH="147" />
</TextLine>
</TextBlock>
</PrintSpace>
</Page>
</Layout>
</alto>