2424 4375
1072 4085 130 50 1037

150 465 307 63 Guaranty
484 468 160 50 trust
673 481 284 48 company
985 465 63 52 of
1075 465 145 53 New
1247 465 181 54 York.

214 541 136 52 New
401 541 162 52 York
610 547 145 47 state
804 539 285 55 franchise
1138 545 99 48 tax
1285 560 71 34 on
1404 541 252 52 business
1707 541 416 65 corporations;

145 616 233 67 chapter
419 615 117 66 726,
578 618 136 53 laws
757 617 64 54 of
859 618 138 52 New
1042 617 178 62 York,
1264 617 150 63 1917,
1457 636 60 35 as
1559 616 271 54 amended
1872 616 59 53 in
1975 620 151 49 1935.

167 694 137 52 [New
342 694 176 66 York]
560 694 300 67 Guaranty
893 700 149 47 trust
1076 711 277 50 company
1388 693 64 54 of
1486 693 139 53 New
1660 692 162 53 York
1861 726 12 33 [
1878 699 18 22 c
1901 696 152 64 1935]

213 767 56 39 58
299 777 40 38 p.
401 766 54 40 18
459 768 14 21 cm
506 798 9 8 .

147 832 52 53 ©
330 847 24 28 June
381 836 69 46 21,
482 836 140 45 1935;
653 835 66 41 2c.
753 838 94 38 and
879 834 79 41 aff.
994 836 114 47 July
1138 835 81 46 27;
1254 836 39 38 A
1324 836 141 40 84775;
1532 835 253 48 Guaranty
1817 839 128 37 trust
1979 846 68 30 co.
2078 836 53 40 of

220 894 115 38 New
359 894 143 39 York.
573 892 279 48 (35-11714)

150 998 188 59 Gunn,
365 999 136 50 Mrs.
531 996 187 53 Lilian
747 998 287 53 Miranda.

217 1072 1912 68 Table service and decoration, by Lilian M. Gunn … 2d ed.,
151 1170 105 35 rev.
293 1152 106 52 and
438 1153 105 52 enl.
619 1150 211 54 Edited
861 1151 73 68 by
969 1150 305 69 Benjamin
1308 1153 66 52 R.
1411 1152 293 59 Andrews,
1739 1169 96 34 ph.
1873 1171 45 33 d.
147 1151 1951 144 Chicago,
334 1227 423 69 Philadelphia,
790 1231 55 54 J.
880 1232 65 50 B.
978 1228 333 69 Lippincott
1346 1246 277 50 company
1709 1234 146 62 [c1935]

219 1303 83 38 144
335 1313 38 36 p.
434 1302 161 42 front.,
626 1302 126 40 illus.
813 1302 144 40 20½cm.

219 1358 165 40 “Fifth
420 1359 328 46 impression.”

219 1416 373 48 Bibliography:
623 1426 42 37 p.
696 1415 216 41 141-142.

148 1483 52 53 ©
228 1488 115 46 July
370 1487 67 47 10,
466 1486 140 49 1935;
637 1486 67 41 2c.
731 1489 96 38 and
858 1486 79 41 aff.
967 1487 117 48 July
1110 1486 82 47 26;
1222 1487 44 38 A
1292 1486 170 47 85204;
1495 1486 41 41 J.
1568 1488 53 39 B.
1651 1486 276 49 Lippincott
1955 1496 68 31 co.

227 1543 278 50 (35-11612)

150 1645 299 64 Haggard,
478 1646 254 53 Howard
759 1645 239 63 Wilcox,
1032 1652 165 48 1891-

216 1721 134 53 Diet
387 1722 112 52 and
535 1721 258 69 physical
830 1721 303 69 efficiency;
1172 1722 93 52 the
1303 1721 273 53 influence
1616 1720 63 54 of
1721 1720 306 69 frequency
2066 1720 64 54 of

147 1798 170 54 meals
348 1817 150 49 upon
529 1799 259 68 physical
820 1797 276 70 efficiency
1128 1799 112 53 and
1273 1798 306 53 industrial
1613 1797 408 71 productivity,
2056 1799 72 69 by

143 1875 1984 70 Howard W. Haggard … and Leon A. Greenberg … New
147 1952 221 68 Haven,
412 1954 142 52 Yale
595 1953 314 70 university
951 1972 183 49 press;
1178 1953 258 70 London,
1474 1954 77 52 H.
1592 1953 265 68 Milford,
1899 1952 227 56 Oxford

149 2030 310 69 university
490 2049 170 49 press,
694 2034 148 50 1935.

216 2114 44 32 x.
294 2103 86 41 180
411 2114 42 37 p.
513 2104 141 44 illus.,
689 2103 177 48 diagrs.
924 2103 118 42 24cm.

221 2159 369 48 Bibliography:
622 2170 45 38 p.
702 2159 245 51 [160]-176.

149 2228 51 52 ©
229 2233 126 39 June
381 2232 69 46 25,
480 2231 112 41 1935;
650 2232 67 40 2c.
748 2234 95 38 and
871 2232 81 40 aff.
982 2233 116 47 July
1126 2233 51 45 5;
1214 2233 39 38 A
1282 2232 168 48 83892;
1484 2233 118 40 Yale
1632 2232 129 41 univ.
1791 2244 148 38 press.

228 2288 278 49 (35-11863)

149 2391 377 64 Hawthorne,
563 2391 336 64 Nathaniel,
941 2398 323 49 1804-1864.

217 2466 120 55 The
380 2466 172 54 house
598 2467 64 52 of
705 2466 95 55 the
845 2485 163 37 seven
1053 2467 207 68 gables,
1308 2486 31 34 a
1384 2485 275 49 romance,
1706 2467 73 69 by
1826 2466 306 56 Nathaniel

148 2544 379 65 Hawthorne;
563 2543 139 54 with
741 2563 71 36 an
849 2545 382 54 introduction
1267 2545 76 67 by
1378 2545 125 52 Van
1542 2544 185 68 Wyck
1765 2544 218 54 Brooks
2020 2545 108 53 and

148 2621 374 55 illustrations
567 2621 60 51 in
675 2623 151 53 color
870 2622 74 68 by
991 2621 231 54 Valenti
1270 2622 239 68 Angelo.
1601 2621 136 54 New
1787 2622 177 68 York,
2011 2622 119 53 The

148 2697 246 54 Limited
422 2698 240 53 editions
692 2698 144 64 club,
868 2701 149 50 1935.

218 2768 134 47 xviii,
387 2768 99 47 413,
524 2768 54 49 [1]
616 2779 42 38 p.
719 2769 86 40 col.
840 2770 127 40 illus.
1026 2770 144 47 24½cm.

150 2823 1981 166 “Fifteen hundred copies … were printed for the members of the Limited editions club by Edmund B. Thompson at Hawthorne house, Windham, Conn.: the illustrations having been drawn by Valenti Angelo who
149 2992 113 41 here
294 2994 130 47 signs
459 2994 97 40 this
590 3004 143 38 copy:
770 2994 193 41 Valenti
998 2996 193 47 Angelo.
1253 2995 117 40 This
1404 3006 118 39 copy
1558 2998 40 39 is
1632 2997 201 40 number
1869 2998 262 48 Copyright

150 3049 158 48 copy.”

152 3119 51 52 ©
223 3124 112 47 May
357 3123 68 48 28,
448 3123 138 47 1935;
611 3124 68 41 2c.
703 3126 94 38 and
820 3124 80 40 aff.
926 3124 117 47 July
1065 3123 80 47 19;
1170 3125 41 38 A
1234 3124 169 47 85085;
1430 3123 210 42 Limited
1662 3125 209 40 editions
1895 3125 121 47 club,
2041 3125 89 39 inc.

225 3180 280 49 [Copyright
533 3182 42 39 is
604 3180 202 41 claimed
837 3192 59 29 on
927 3181 342 46 introduction,
1300 3181 328 41 illustrations
1656 3183 96 38 and
1781 3182 182 48 design]

231 3236 277 48 (35-11909)

153 3338 286 65 Harriott,
468 3340 196 52 Frank
692 3339 242 60 Wilbur,
964 3346 171 49 1893-

220 3412 292 55 Christian
557 3415 177 67 youth
777 3416 60 52 in
883 3415 203 67 action,
1129 3415 76 69 by
1250 3415 198 52 Frank
1492 3416 89 52 W.
1628 3415 279 53 Herriott.
1990 3415 137 53 New

152 3489 175 56 York.
356 3491 347 68 Friendship
732 3510 172 49 press,
935 3495 149 50 1935.

219 3565 545 49 7 p. l., 169 p. 19½cm.
225 3622 345 40 “References”
598 3625 51 38 at
675 3625 91 38 end
793 3623 53 40 of
870 3632 127 31 some
1025 3623 52 39 of
1103 3624 79 39 the
1210 3623 238 47 chapters.

156 3687 51 52 ©
241 3693 111 46 May
387 3692 68 47 22,
490 3692 115 40 1935;
665 3692 68 41 2c.
769 3695 95 38 and
896 3693 80 40 aff.
1013 3694 117 47 July
1161 3693 82 46 26;
1278 3694 44 38 A
1353 3693 170 47 85210;
1561 3693 52 40 G.
1652 3694 51 47 Q.
1740 3693 238 46 LeSourd,
2014 3693 120 40 New

223 3748 140 39 York.
435 3749 278 48 (35-11735)

157 3846 264 63 Holland,
451 3851 231 54 Katrin.

224 3926 194 52 Youth
444 3926 201 54 breaks
671 3926 77 64 in,
773 3927 75 68 by
873 3927 212 55 Katrin
1113 3929 272 53 Holland.
1459 3929 256 65 London,
1743 3929 49 54 I.
1820 3928 307 55 Nicholson

156 4003 109 52 and
293 4004 253 61 Watson,
577 4009 147 49 1935.
