2424 4375
1097 4065 129 48 1021

175 532 1876 55 © Apr. 1, 1935; 1c. Apr. 24; A-Foreign 27827; H. Champly, Paris.
253 592 1816 48 (35-11473)6565

179 696 311 62 Cranston,
521 695 260 57 Claudia.

247 771 234 53 Murder
544 771 284 54 maritime
894 773 92 67 [by]
1073 773 241 55 Claudia
1381 774 297 54 Cranston.
1753 772 405 70 Philadelphia

175 850 110 52 and
318 850 255 65 London,
603 852 55 53 J.
691 853 65 50 B.
788 849 335 68 Lippincott
1151 869 279 49 company
1484 854 156 50 [c1935]

246 935 440 51 302, [1] p. 20cm.
175 1003 52 52 ©
255 1008 114 46 July
399 1006 69 47 26,
497 1006 111 41 1935;
668 1007 65 40 2c.
765 1008 95 39 and
888 1008 82 39 aff.
1000 1009 119 46 Aug.
1147 1008 25 38 2;
1232 1009 41 37 A
1302 1007 146 41 85306;
1505 1008 48 40 C,
1587 1008 255 46 Cranston,
1872 1009 115 38 New
2016 1008 144 40 York.

251 1064 277 47 (35-11485)

178 1167 268 63 Dawson,
476 1168 312 53 Lawrence
816 1167 301 64 Hawkins,
1147 1169 82 52 ed.

245 1243 117 50 The
400 1242 187 52 march
625 1242 63 51 of
720 1261 159 48 man;
919 1262 30 33 a
988 1242 421 69 chronological
1449 1244 192 51 record
1680 1243 63 51 of
1781 1247 227 64 peoples
2046 1244 110 51 and

174 1328 188 43 events
391 1320 147 51 from
567 1320 337 67 prehistoric
930 1321 166 52 times
1119 1326 59 47 to
1206 1321 93 51 the
1330 1325 225 62 present
1582 1321 111 68 day
1713 1339 10 33 :
1750 1321 349 69 comprising
2127 1340 30 35 a

173 1398 381 66 comparative
588 1398 133 51 time
753 1398 161 52 chart
946 1396 64 54 of
1041 1398 285 52 universal
1362 1397 218 70 history
1618 1399 53 51 in
1706 1417 161 34 seven
1904 1399 256 66 sections,

175 1491 68 34 an
284 1475 290 52 historical
611 1476 145 52 atlas
793 1475 65 52 of
893 1478 66 49 96
997 1493 173 50 pages
1205 1476 113 52 and
1356 1478 66 49 64
1459 1476 180 67 plates
1676 1476 64 53 of
1776 1475 379 68 illustration;

172 1552 1985 146 general editor: Lawrence H. Dawson … Historical atlas prepared by George Philip … and Ramsay Muir … with the
173 1706 1881 71 collaboration in the American section of Robert McElroy …
179 1784 273 66 [London]
487 1784 119 52 The
640 1783 434 68 Encyclopaedia
1108 1784 319 53 britannica
1460 1803 98 49 co.,
1589 1785 101 53 ltd.
1749 1789 173 64 [c1935]

246 1855 1663 50 93 p. 64 pl. (incl. ports.) on 32 l., maps (96 p.) 7 fold. tab . 30 cm.
251 1911 220 42 Includes
511 1913 265 40 references
811 1915 48 38 to
893 1913 197 41 articles
1124 1912 50 40 in
1208 1913 81 40 the
1325 1913 361 49 Encyclopaedia
1724 1913 289 49 britannica,
2050 1916 113 40 14th

176 1969 196 41 edition.

175 2038 1970 108 © 1c. June 4, 1935; A ad int. 20311 : pubd. Apr. 10; Encyclopaedia britannica, inc., New York. (35-11747)
181 2201 146 63 Day,
358 2201 274 54 Clarence
662 2202 282 63 Shepard,
979 2206 164 50 1874-

244 2276 131 53 Life
409 2278 139 51 with
584 2276 207 68 father,
824 2276 73 69 by
934 2275 266 55 Clarence
1240 2277 142 68 Day.
1458 2276 132 54 New
1640 2277 150 51 York
1825 2278 46 50 &
1907 2277 254 66 London,

175 2353 69 52 A.
272 2354 68 56 A.
370 2353 221 68 Knopf,
623 2356 147 49 1935.

244 2424 834 49 3 p. l., v-vi, 258 p., 1 l. 19½cm.
250 2495 162 41 “First
438 2494 226 42 edition.”

173 2566 56 52 ©
255 2571 116 47 Aug.
400 2571 39 45 1,
466 2568 112 41 1935;
636 2569 67 40 2c.
733 2569 94 40 and
855 2569 80 40 aff.
964 2570 119 47 Aug.
1110 2569 25 39 2;
1194 2571 41 37 A
1262 2569 142 40 85283;
1463 2570 232 40 Clarence
1723 2571 121 47 Day,
1874 2572 116 38 New
2017 2570 144 41 York.

253 2625 278 49 (35-11496)

180 2729 275 63 Dorland,
483 2728 251 55 William
763 2729 332 52 Alexander
1122 2730 303 61 Newman,
1456 2734 170 50 1864-

246 2805 120 51 The
410 2803 305 53 American
759 2804 322 53 illustrated
1124 2804 241 53 medical
1408 2803 350 70 dictionary;
1807 2824 30 33 a
1884 2804 276 67 complete

179 2881 320 68 dictionary
536 2880 63 53 of
634 2881 93 53 the
763 2886 172 48 terms
971 2881 134 52 used
1142 2881 58 52 in
1236 2880 292 67 medicine,
1566 2899 254 51 surgery,
1860 2880 300 69 dentistry,

179 2957 326 69 pharmacy,
558 2958 321 69 chemistry,
935 2958 256 68 nursing,
1248 2958 321 69 veterinary
1626 2958 229 61 science,
1913 2958 247 69 biology,

177 3035 239 53 medical
457 3035 340 69 biography,
838 3040 118 62 etc.,
999 3035 139 53 with
1182 3036 94 52 the
1322 3035 432 68 pronunciation.
1821 3036 338 65 derivation,

179 3112 1979 69 and definition, by W. A. Newman Dorland … 17th ed., rev.
179 3190 112 51 and
319 3189 125 65 enl.,
471 3190 138 51 with
637 3193 99 48 945
765 3189 392 67 illustrations,
1187 3189 296 69 including
1511 3193 100 49 283
1645 3189 285 68 portraits.
1995 3190 161 54 With

179 3265 1954 147 the collaboration of E. C. L. Miller … Philadelphia and London, W. B. Saunders company, 1935.
251 3415 1474 49 1 p. l., 11-1573 p. illus., plates (part col.) diagr. 23cm.
180 3483 52 52 ©
259 3488 115 46 July
399 3488 68 46 18,
494 3488 116 39 1935;
663 3487 67 40 2c.
758 3488 116 47 July
897 3486 56 41 24;
1010 3488 79 40 aff.
1119 3488 117 47 July
1261 3488 54 39 25;
1373 3490 40 36 A
1440 3489 146 39 84719;
1640 3490 70 39 W.
1740 3491 53 38 B.
1823 3490 244 40 Saunders
2094 3502 67 28 co.

259 3544 277 48 (35-11350)

184 3645 203 64 Dyott,
417 3647 224 63 George
668 3646 206 65 Miller,
905 3653 168 48 1883-

255 3724 115 66 Nip
399 3724 109 51 and
535 3724 159 51 Tuck;
751 3743 31 32 a
806 3731 124 45 true
954 3731 157 60 story
1136 3724 63 53 of
1225 3731 110 46 two
1361 3726 148 51 little
1534 3727 177 65 bears,
1736 3727 73 65 by
1836 3727 218 66 George
2081 3727 77 52 M.

183 3800 195 65 Dyott.
444 3803 137 49 New
611 3801 176 61 York,
814 3801 119 53 The
958 3801 219 67 Viking
1206 3820 172 47 press,
1411 3806 146 48 1935.

249 3872 595 48 88 p. incl. front., illus. 23½cm.
185 3937 52 52 ©
262 3942 117 46 Aug.
407 3943 39 46 1,
473 3941 138 48 1935;
642 3942 66 40 2c.
736 3943 119 47 Aug.
882 3945 22 37 1;
966 3943 80 40 aff.
1073 3945 119 46 Aug.
1221 3944 53 46 2;
1305 3945 40 37 A
1374 3944 170 47 85479;
1573 3945 51 39 G.
1654 3945 62 39 M.
1744 3945 164 47 Dyott,
1938 3942 223 48 Merrick,

250 3998 48 38 L.
330 3999 51 45 I.,
411 3999 55 39 N.
494 4000 53 38 Y.
618 3998 276 48 (35-27262)
