2424 4375
1288 4014 100 53 802

428 463 101 48 viii,
554 463 89 41 260
667 475 42 37 p.
767 464 115 40 23cm.

357 529 53 52 ©
440 533 113 47 Apr.
586 533 40 47 9,
658 532 141 47 1935;
833 534 66 38 2c.
930 534 97 40 and
1058 533 83 39 aff.
1175 533 130 39 June
1333 533 83 40 14:
1449 534 41 37 A
1522 533 142 40 84258;
1728 534 280 47 University
2040 535 54 38 of
2124 534 213 50 Chicago,

423 589 222 49 Chicago.

356 706 280 53 National
664 707 391 53 tuberculosis
1082 706 375 56 association.

428 797 320 54 Standards
791 798 93 52 for
924 798 96 53 the
1060 798 289 68 diagnosis
1393 799 110 51 and
1546 796 395 56 classification
1984 799 62 52 of
357 800 1957 131 tuberculosis
518 877 63 52 of
608 877 96 53 the
731 880 166 64 lungs
927 877 111 52 and
1066 877 525 52 tracheobronchial
1618 878 198 67 lymph
1846 878 188 52 nodes.
2101 879 126 50 10th
2256 880 78 52 ed.

359 956 137 52 New
525 955 161 53 York
710 953 133 68 city,
867 955 272 53 National
1165 955 369 54 tuberculosis
1563 956 354 66 association,
1945 959 147 49 1935.

426 1030 56 39 47
511 1040 42 37 p.
611 1028 144 39 15½cm.

426 1085 275 48 “Compiled
735 1085 59 47 by
831 1085 82 39 the
947 1083 288 49 Diagnostic
1266 1085 263 40 standards
1564 1085 276 40 committee
1872 1084 259 48 appointed
2168 1086 58 48 by
2261 1087 76 38 the

349 1143 249 48 president
628 1143 52 39 of
713 1142 83 40 the
826 1141 232 40 National
1095 1141 320 40 tuberculosis
1448 1141 295 41 association
1776 1143 49 38 in
1857 1141 478 42 1929.”—Historical

350 1202 123 39 note.

353 1266 52 52 ©
426 1271 113 46 Apr.
563 1270 39 46 3,
626 1268 117 42 1935;
792 1267 66 42 2c.
882 1269 113 48 Apr.
1022 1268 26 40 9;
1102 1268 81 40 aff.
1209 1270 113 46 May
1346 1269 54 39 14;
1454 1269 39 39 A
1518 1269 143 40 81843;
1715 1270 129 39 Natl.
1872 1268 319 41 tuberculosis
2213 1279 121 30 assn.

436 1326 249 49 (35-8691)

351 1444 142 52 New
539 1445 228 63 Jersey.
844 1444 375 54 Commission
1263 1463 73 34 on
1377 1444 248 53 revision
1668 1445 114 52 and
1825 1444 410 54 consolidation

2276 1443 58 67 of

420 1522 195 67 public
639 1526 254 50 statutes.

421 1614 214 65 Report
671 1613 64 51 of
762 1612 97 52 the
890 1611 379 55 Commission
1300 1631 70 33 on
1403 1611 246 53 revision
1685 1612 112 52 and
1833 1611 410 53 consolidation
2276 1609 59 54 of

353 1689 186 66 public
586 1693 236 49 statutes
868 1688 62 53 of
976 1690 93 51 the
1114 1693 143 49 state
1304 1688 65 54 of
1416 1688 137 53 New
1599 1688 218 69 Jersey,
1865 1691 149 51 1934.
2098 1687 232 53 Revised

347 1765 1984 68 statutes … Edward L. Katzenbach, chairman … [Trenton,
348 1847 155 48 c1934]

422 1917 26 37 2
509 1952 5 4 v.
573 1916 144 40 27½cm.

421 1971 273 49 “Complete
727 1972 154 41 tables
912 1973 52 39 of
997 1974 225 44 statutes,
1258 1972 219 47 showing
1508 1973 82 40 the
1624 1971 287 49 disposition
1948 1972 52 38 of
2033 1972 64 40 all
2136 1971 197 41 sections

352 2030 254 40 contained
635 2030 48 38 in
715 2029 81 41 the
823 2029 227 41 Revision
1082 2029 53 40 of
1165 2029 112 41 1877
1307 2030 92 38 and
1434 2029 64 39 all
1528 2029 120 40 laws
1679 2030 196 40 enacted
1912 2029 128 40 since
2072 2031 107 38 that
2210 2029 121 45 time,

352 2084 1935 49 as well as the Compiled statutes of 1910 and the Supplement of 1924 …
353 2151 80 30 are
463 2143 140 47 being
630 2144 255 46 presented
914 2144 338 46 concurrently
1280 2142 118 40 with
1429 2144 82 38 the
1543 2145 174 45 report.
1776 2143 153 40 These
1961 2143 154 40 tables
2146 2142 188 40 connect

353 2198 79 38 the
457 2199 213 47 existing
696 2200 96 39 law
817 2199 118 40 with
963 2200 80 40 the
1070 2199 208 41 sections
1308 2210 53 29 as
1393 2198 185 42 revised
1610 2200 93 39 and
1734 2199 94 39 will
1864 2209 135 31 serve
2029 2198 302 49 temporarily

355 2256 41 38 in
430 2256 90 40 lieu
546 2255 52 41 of
621 2266 63 29 an
709 2256 146 40 index
881 2258 47 38 to
954 2257 80 39 the
1062 2255 359 49 revision.”—p.
1446 2266 41 29 v.

353 2324 52 52 ©
432 2328 114 47 July
572 2328 38 47 6,
639 2326 113 41 1935;
809 2327 65 40 2c.
903 2328 116 39 each
1049 2329 112 46 May
1189 2329 52 45 8;
1270 2328 107 39 affs.
1407 2329 116 47 July
1550 2329 81 44 13;
1663 2329 40 38 A
1731 2328 155 48 83407,
1915 2328 169 47 85099;
421 2326 1894 97 Commission
561 2395 58 26 on
654 2384 209 40 revision
898 2386 95 38 and
1026 2385 354 39 consolidation
1414 2386 54 38 of
1500 2385 159 47 public
1693 2388 209 37 statutes
1936 2386 77 40 for
2050 2387 81 39 the
2165 2383 164 41 benefit

425 2442 52 39 of
502 2443 82 38 the
604 2444 131 38 state
761 2442 52 39 of
834 2442 117 40 New
977 2442 184 47 Jersey,
1187 2441 227 49 Trenton,
1441 2442 55 39 N.
1525 2442 42 39 J.

430 2497 279 51 (35-27905)

423 2600 202 54 Tables
677 2601 63 54 of
788 2606 255 62 statutes,
1093 2602 259 67 showing
1400 2601 237 53 sections
1688 2601 62 52 of
1799 2601 243 53 revision
2091 2597 236 55 wherein

345 2675 247 69 existing
617 2681 236 49 statutes
880 2696 94 34 are
998 2678 152 66 used,
1176 2678 112 52 and
1316 2696 225 35 reasons
1569 2677 93 53 for
1688 2676 267 54 omission
1983 2676 64 53 of
2072 2676 75 53 all
2174 2673 152 55 other

341 2756 236 49 statutes
608 2752 341 68 therefrom;
987 2755 117 51 also
1137 2753 258 68 synopsis
1430 2753 64 53 of
1526 2758 255 49 contents
1814 2753 64 52 of
1909 2752 155 54 titles
2095 2752 64 53 of

343 2748 1959 133 revision.
563 2831 292 66 [Trenton,
879 2834 176 64 c1934]

417 2900 99 50 402,
542 2903 55 39 44
621 2913 44 38 p.
723 2902 147 44 26½cm.

420 2961 72 39 On
529 2971 139 30 cover:
735 2961 139 41 State
910 2962 52 39 of
997 2962 116 39 New
1149 2962 184 46 Jersey.
1401 2960 316 41 Commission
1757 2972 58 29 on
1854 2959 210 42 revision
2100 2961 94 39 and

351 2968 1957 89 consolidation
639 3018 54 39 of
715 3018 159 47 public
902 3020 224 37 statutes.

349 3083 52 52 ©
429 3089 110 38 Dec.
567 3088 68 46 17,
661 3086 113 41 1934;
829 3087 66 40 2c.
923 3089 112 45 May
1061 3088 40 46 8,
1129 3086 116 41 1935;
1299 3087 81 40 aff.
1410 3088 115 47 July
1553 3088 53 39 13;
1663 3088 39 39 A
1729 3087 146 40 85098;
1930 3085 313 43 Commission
2269 3092 55 29 on

419 3143 214 41 revision
668 3146 96 38 and
803 3143 352 41 consolidation
1191 3145 53 39 of
1278 3145 163 48 public
1476 3147 211 37 statutes
1722 3145 81 38 for
1838 3146 83 38 the
1958 3143 176 41 benefit
2166 3142 52 39 of
2250 3141 76 39 the

423 3203 127 38 state
573 3202 51 39 of
646 3202 118 39 New
787 3202 183 47 Jersey,
994 3202 226 46 Trenton,
1246 3202 55 39 N.
1327 3201 42 40 J.
1440 3199 278 49 (35-27905)

350 3300 143 53 New
519 3303 161 52 York
706 3308 209 49 annual
942 3304 201 67 digest,
1168 3303 265 68 covering
1460 3305 76 50 all
1560 3304 263 66 reported
1849 3304 273 52 decisions
2149 3301 62 53 of
2234 3298 87 53 the

419 3386 185 47 courts
632 3380 63 54 of
723 3383 137 51 New
887 3380 175 55 York.
1127 3382 154 64 May,
1311 3384 150 63 1935,
1489 3381 341 52 cumulative
1857 3384 290 63 quarterly
421 3393 1877 131 pamphlet,

419 3454 1878 149 with cumulati ve table of cases digested … Supplementing
726 3537 111 51 and
887 3538 335 65 continuing
1270 3538 137 50 New
1457 3536 161 53 York
1668 3536 210 52 annual
1927 3535 200 67 digest,
2180 3532 136 51 1934.

422 3613 306 53 Rochester
771 3615 109 50 and
923 3615 138 51 New
1104 3615 162 51 York
1307 3614 132 66 city,
1482 3614 120 52 The
1642 3616 265 63 Lawyers
1950 3608 370 71 co-operative

420 3691 335 67 publishing
793 3709 304 50 company;
1146 3693 79 54 St.
1268 3693 164 65 Paul,
1472 3693 161 52 West
1670 3690 332 67 publishing
2040 3708 105 44 co.;
2189 3687 127 52 New

421 3767 162 53 York
608 3770 132 63 city,
765 3768 204 65 Baker,
996 3769 242 53 Voorhis
1266 3772 45 49 &
1337 3786 75 34 co.
1448 3772 190 62 [c1935]

418 3840 87 39 257
530 3849 41 37 p.
626 3839 115 40 24cm.

349 3892 52 52 ©
439 3897 114 46 May
589 3895 68 47 13,
695 3894 139 48 1935;
872 3896 66 39 2c.
978 3896 95 39 and
1110 3895 82 40 aff.
1234 3895 128 40 June
1398 3896 81 46 17;
1518 3895 42 39 A
1596 3894 168 47 83618;
1806 3895 133 39 West
1978 3894 108 47 pub.
2124 3902 65 30 co.
2228 3887 87 41 and

419 3952 229 47 Lawyers
670 3951 319 48 co-operative
1013 3953 106 47 pub.
1146 3962 66 30 co.
