2526 4384
1316 4024 97 48 130

347 413 229 67 Bigart,
606 414 273 66 William,
913 421 170 50 1905-

417 492 120 52 The
568 493 291 52 character
888 492 64 53 of
982 491 212 69 Christ,
1222 492 75 68 by
1326 491 259 55 William
1617 491 223 70 Bigart.
1909 493 258 52 Ballston
2205 490 136 69 Spa.

347 568 1099 70 N. Y., The Messenger press [ c 1934]
420 643 1158 50 5 p. l., [15]-126 p. incl. front. (port.) 19 cm .
352 709 51 52 ©
428 715 110 39 Dec.
567 715 38 45 7,
633 713 139 47 1934;
801 714 65 40 2c.
894 715 109 40 Dec.
1034 715 52 40 13;
1142 714 80 40 aff.
1253 715 108 39 Jan.
1388 715 39 45 8,
1455 713 112 41 1935;
1626 715 40 38 A
1694 713 141 41 79107;
1894 715 277 47 Messenger
2194 723 147 39 press.

428 770 250 49 (35-2627)

349 872 349 66 Blomquist,
727 876 175 63 Hugo
928 876 284 63 Leander,
1242 880 169 49 1888-

351 952 1972 130 Ferns of North Carolina, by H. L. Blomquist … introduction
345 1030 1979 146 by Donald C. Peattie … Durham, N. C., Duke university press, 1934.
421 1180 83 47 xii,
533 1181 81 39 131
643 1192 41 37 p.
714 1181 107 40 inch
850 1182 162 44 front.,
1041 1182 125 39 illus.
1228 1181 54 38 23½
1316 1183 42 21 cm
1364 1213 7 8 .
1443 1182 298 46 (Half-title:
1772 1182 135 39 Duke
1935 1182 269 47 university
353 1184 1973 102 publications)

424 1295 301 48 “Important
755 1294 255 41 literature
1038 1306 58 29 on
1125 1294 191 39 ferns”:
1348 1307 41 35 p.
1417 1296 213 38 125-127.

356 1363 55 53 ©
440 1367 108 41 Jan.
578 1366 39 44 2,
648 1366 112 41 1935;
820 1366 65 40 2c.
918 1366 109 40 Jan.
1058 1366 25 40 8;
1141 1365 80 41 aff.
1254 1365 108 40 Feb.
1396 1365 52 46 6;
1481 1366 41 39 A
1553 1365 142 41 80350;
1756 1366 139 40 Duke
1927 1364 127 42 univ.
2088 1377 147 37 press.

431 1424 250 49 (35-2602)

353 1528 119 53 The
508 1529 160 52 Book
705 1528 63 51 of
805 1527 359 66 knowledge;
1204 1527 95 53 the
1332 1526 302 54 children’s
1671 1527 426 67 encyclopedia;
2137 1528 206 52 editor-

426 1602 1916 70 in-chief, Arthur Mee … with an introduction by H. J. Cody
424 1680 1897 147 … The maple leaf ed. Toronto, The Grolier society, limited; London, The Educational book company [ c 1934 ]
423 1833 58 40 20
511 1845 42 29 v.
614 1833 172 40 fronts,
818 1833 63 47 (v.
916 1835 38 45 1,
990 1833 79 47 13)
1114 1833 123 39 illus.
1268 1833 134 47 (part
1437 1833 112 45 col.)
1593 1833 155 47 plates
1778 1835 132 46 (part
1946 1833 100 43 coh,
2082 1835 23 37 1
2143 1833 197 48 double)

354 1892 152 46 diagr.
565 1891 55 39 25
624 1892 43 21 cm
673 1921 7 6 .

428 1949 154 46 Paged
616 1945 353 49 continuously.

427 2004 100 41 One
552 2004 300 40 illustration
881 2005 94 38 and
1001 2014 88 30 one
1113 2003 187 40 colored
1330 2004 130 46 plate
1488 2013 83 29 are
1597 2004 115 39 each
1741 2002 337 48 accompanied
2110 2004 57 46 by
2195 2004 151 45 guard

353 2062 136 40 sheet
518 2061 118 40 with
667 2060 291 48 descriptive
985 2061 294 47 letterpress.

426 2118 232 40 Contains
686 2128 142 37 songs
856 2117 120 41 with
1004 2116 165 42 music.

360 2185 51 52 ©
439 2190 113 39 Nov.
587 2189 68 47 27,
686 2188 113 40 1934;
857 2188 65 40 2c.
955 2189 117 39 each
1103 2188 107 39 Feb.
1243 2188 68 46 13,
1344 2186 111 41 1935;
1516 2187 82 40 aff.
1630 2188 108 38 Feb.
1772 2189 53 38 11;
1887 2189 40 38 A
1956 2187 142 41 80411;
2161 2187 189 41 Grolier

431 2246 194 47 society,
657 2246 115 39 New
805 2246 144 41 York,
982 2246 96 38 and
1109 2245 368 47 Amalgamated
1510 2255 135 37 press
1688 2244 161 48 (1922)
1891 2246 100 46 ltd.,
2025 2244 210 40 London.

437 2302 249 48 (35-2634)

358 2406 179 64 Boyd,
565 2406 258 53 Thomas
849 2405 244 56 Parker.

431 2480 121 53 The
580 2482 285 67 principia
896 2482 63 52 of
987 2482 94 54 the
1110 2480 265 69 spiritual
1406 2480 120 68 life,
1554 2482 74 67 by
1657 2483 247 52 Thomas
1933 2483 217 52 Parker
2181 2484 164 65 Boyd

421 2558 1524 68 … San Francisco, Calif., California press, 1934.
432 2632 562 48 3 p. l., iii, 222 p. 18 cm.
362 2699 51 52 ©
441 2705 109 39 Dec.
581 2704 67 47 17,
676 2702 113 41 1934;
846 2703 64 40 2c.
939 2704 108 38 Feb.
1076 2703 39 47 6,
1142 2702 139 41 1935·:
1312 2702 80 40 aff.
1422 2702 109 40 Feb.
1559 2704 54 45 4;
1642 2704 40 37 A
1710 2702 144 41 79546;
1913 2703 51 39 T.
1993 2704 49 38 P.
2073 2704 149 46 Boyd,
2254 2704 96 40 San

428 2760 271 40 Francisco.
771 2760 249 48 (35-2673)

360 2860 439 67 Breckinridge,
829 2861 367 64 Sophonisba
1224 2863 270 62 Preston,
1525 2866 171 50 1866-

433 2937 203 54 Public
665 2939 233 52 welfare
929 2937 478 63 administration,
1439 2939 139 52 with
1611 2938 208 68 special
1850 2938 285 55 reference
2166 2946 57 48 to
2254 2942 94 50 the

364 3014 390 69 organization
791 3018 63 51 of
888 3023 144 47 state
1067 3018 414 65 departments;
1519 3016 213 53 outline
1768 3020 109 51 and
1913 3016 431 68 bibliography:

363 3096 464 65 supplementary
856 3101 56 45 to
942 3093 200 54 Public
1171 3094 231 52 welfare
1432 3093 459 54 administration
1923 3095 56 50 in
2010 3096 94 51 the
2133 3096 209 53 United

367 3169 186 55 States:
608 3171 165 53 select
799 3173 340 55 documents,
1165 3172 73 68 by
1266 3172 55 54 S.
1349 3173 62 50 P.
1443 3170 424 70 Breckinridge.
1945 3170 266 70 Chicago,
2237 3174 91 51 III.,

365 3250 118 53 The
512 3248 335 69 University
873 3250 63 52 of
965 3249 249 69 Chicago
1240 3269 156 49 press
1448 3253 151 64 [1934]

435 3322 282 44 cover-title,
749 3322 55 40 34
833 3333 42 37 p.
936 3323 53 40 23
994 3325 43 21 cm
1043 3356 7 7 .

366 3391 52 51 ©
449 3395 108 39 Dec.
589 3394 68 46 31,
689 3392 113 41 1934;
859 3393 65 40 2c.
958 3395 94 38 and
1083 3393 78 40 aff.
1194 3394 108 39 Jan.
1334 3394 39 46 7,
1404 3391 113 41 1935;
1578 3393 42 38 A
1648 3392 170 47 79082;
1853 3392 279 48 University
2160 3393 51 39 of
431 3393 1901 104 Chicago,
590 3449 220 47 Chicago.
883 3449 247 47 (35-2589)

363 3550 246 64 Chabot,
638 3549 314 55 Frederick
982 3551 261 63 Charles,
1274 3557 169 49 1891-

434 3625 237 53 Mission
705 3626 82 51 La
823 3626 314 53 Purissima
1175 3625 382 69 Concepcion;
1594 3625 172 69 being
1799 3645 70 33 an
1906 3631 235 47 account
2178 3625 63 53 of
2276 3625 73 52 its

365 3700 286 70 founding
683 3702 59 52 in
775 3708 116 46 east
925 3703 199 67 Texas,
1158 3704 73 52 its
1265 3704 248 51 removal
1545 3708 57 47 to
1637 3703 96 53 the
1764 3708 201 47 waters
2002 3702 64 53 of
2099 3703 96 53 the
2232 3701 113 55 San

362 3777 1987 71 Antonio and its present location near the city … By Frederick
364 3854 62 53 C.
466 3855 236 54 Chabot.
779 3855 113 54 San
933 3856 269 59 Antonio,
1239 3857 121 52 The
1398 3857 219 67 Naylor
1653 3874 237 50 company,
1993 3860 144 48 1935.

434 3937 44 41 x,
505 3927 54 43 51
586 3937 42 42 p.
688 3927 163 51 front.,
879 3926 141 47 illus.,
1049 3937 123 38 map.
1232 3927 57 41 18
1290 3930 44 22 cm
1339 3963 9 9 .
