2424 4375
1083 4056 134 53 1897

140 442 223 64 Kasim,
391 443 113 52 Jan
532 442 197 64 Mohd,
760 445 171 50 1912-

206 518 125 68 Ary
336 535 99 34 ans
458 517 60 51 in
540 517 95 51 the
657 517 159 67 East,
840 517 75 67 by
938 516 116 54 Jan
1078 516 80 51 M.
1184 515 219 52 Kasim.
1466 517 234 64 Boston,
1723 513 240 53 Meador
139 513 1962 150 publishing

379 612 297 50 company,
710 596 150 51 1935.

208 679 54 41 91
291 692 44 37 p.
394 680 129 40 illus.
552 680 158 48 (map)
746 680 170 48 plates,
949 681 27 38 2
1006 683 123 44 port.
1157 679 132 48 (incl.
1321 678 172 49 front.)
1561 677 57 41 20
1620 680 45 22 cm
1669 710 10 9 .

211 752 128 40 “The
371 751 267 47 historical,
671 751 350 48 geographical,
1057 750 149 41 social
1240 751 97 39 and
1370 749 217 48 political
1619 751 167 39 events
1820 749 53 40 of
1905 749 80 40 the
2022 756 108 40 past

140 809 94 38 and
256 810 195 45 present
476 809 178 45 ‘Aryan
682 809 113 39 land
821 809 51 38 of
896 809 145 45 Asia’,
1070 806 507 49 ‘Afghanistan’.”—p.
1621 806 42 50 [5]

143 877 1987 52 © Nov. 16, 1935; 2c. Dec. 16; aff. Dec. 12; A 89898; Edward K. Meador,
212 938 195 40 Boston.
478 937 220 48 (36-304)

140 1040 165 64 Kirk,
333 1042 234 53 Samuel
595 1042 90 63 A.,
715 1047 170 48 1904-

272 1114 1856 71 … Hemispheric cerebral dominance and hemispheric equi-
143 1192 1988 71 potentiality, by Samuel A. Kirk … Baltimore, Md., The
141 1273 182 54 Johns
353 1272 266 68 Hopkins
645 1289 158 52 press
836 1305 14 35 [
854 1279 18 21 c
876 1275 153 63 1935]

211 1358 283 48 cover-title,
517 1359 56 38 41
596 1370 43 37 p.
665 1359 110 40 incl.
799 1359 141 47 illus.,
964 1359 26 40 3
1015 1359 62 48 pi.
1103 1370 60 29 on
1184 1358 26 39 2
1256 1390 9 8 l.
1317 1358 55 41 25½
1406 1360 44 21 cm
1455 1392 7 8 .

142 1357 1971 109 (Comparative psychology monographs … v. 11, serial no. 55)
214 1486 68 38 “A
314 1487 146 47 study
491 1486 52 41 of
574 1487 81 41 the
689 1486 168 41 effects
890 1486 52 41 of
975 1486 263 41 unilateral
1273 1486 198 40 cortical
1509 1486 177 41 lesions
1720 1497 59 30 on
1813 1487 319 47 handedness,

144 1546 193 46 pattern
364 1542 171 49 vision,
563 1543 96 40 and
685 1543 272 48 intelligent
987 1543 230 41 behavior
1245 1544 48 38 in
1321 1544 81 40 the
1430 1543 162 40 albino
1621 1543 182 41 rat.”—
1804 1554 44 38 p.
1877 1545 40 39 1.

215 1600 345 41 “References”;
618 1611 44 37 p.
687 1599 159 41 36-38.

147 1668 51 52 ©
220 1672 116 39 Nov.
364 1671 37 40 6.
428 1671 117 39 1935;
595 1669 67 41 2c.
688 1671 110 39 Dec.
825 1669 56 39 12;
935 1680 81 28 aff.
1044 1671 111 37 Dec.
1181 1671 54 37 11;
1290 1671 43 37 A
1357 1669 142 41 88638;
1557 1671 155 39 Johns
1737 1670 224 48 Hopkins
1984 1680 151 39 press.

227 1728 219 48 (36-440)

146 1831 214 63 Kurth,
394 1831 317 53 Godefroid
741 1831 218 62 Joseph
992 1829 299 66 Francois,
1325 1834 324 52 1847-1916.

278 1906 1705 68 … Saint Boniface; translated from the fourth French
148 1909 1958 129 edition
304 1987 75 68 by
417 1988 93 52 Rt.
550 1987 296 52 Reverend
884 1985 201 55 Victor
1123 1987 158 65 Day;
1325 1984 141 54 with
1504 1985 302 55 insertions
1847 1987 151 53 from
2039 1989 95 51 the

151 2062 1959 148 latest historical findings by Rev. Francis S. Betten … Milwaukee, The Bruce publishing company [ c 1935]
218 2213 104 49 xiii,
363 2215 85 40 178
488 2225 44 37 p.
599 2214 164 48 front.,
804 2216 169 46 plates,
1019 2224 151 37 maps.
1239 2212 55 40 22½
1326 2216 44 22 cm
1376 2247 10 9 .
1464 2214 277 49 (Half-title;
1806 2214 193 42 Science
2041 2221 92 40 and

150 2271 1365 49 culture series, Joseph Husslein … general editor)
221 2342 60 40 At
309 2343 123 39 head
459 2342 53 40 of
537 2342 107 40 title;
702 2341 212 48 Godfrey
938 2342 179 41 Kurth.

220 2398 347 49 Bibliography;
624 2409 44 38 p.
697 2398 215 41 162-173.

153 2466 1762 53 © Nov. 19. 1935; 2c. and aff. Nov. 27; A 89649; Bruce pub. co.
229 2527 219 48 (36-468)

152 2628 275 67 Labaree,
456 2631 267 52 Leonard
751 2631 229 62 Woods,
1012 2632 169 52 1897-
1417 2631 84 53 ed.

281 2705 1860 68 … Royal instructions to British colonial governors, 1670-
155 2781 1983 70 1776, collated and edited by Leonard Woods Labaree … New
158 2858 171 69 York,
374 2859 253 68 London,
673 2859 69 51 D.
792 2858 569 70 Appleton-Century
1407 2876 293 53 company,
1745 2862 392 67 incorporated

158 2939 189 65 [c1935]

221 3006 27 39 2
276 3018 43 30 v.
378 3007 55 40 23
436 3009 44 21 cm
485 3040 9 7 .

222 3077 63 40 At
314 3078 122 39 head
465 3078 53 39 of
546 3077 108 41 title;
711 3078 100 39 The
842 3078 254 41 American
1128 3078 252 41 historical
1410 3080 308 42 association.

223 3132 160 49 Paged
410 3134 353 46 continuously.

225 3190 271 48 “Prepared
532 3191 97 39 and
668 3191 253 48 published
960 3192 152 39 under
1151 3193 80 38 the
1268 3192 237 40 direction
1543 3194 52 39 of
1634 3195 80 38 the
1754 3195 255 40 American
156 3195 1968 91 historical
351 3247 294 40 association
669 3247 129 39 from
826 3248 79 39 the
934 3248 182 39 income
1143 3248 52 39 of
1224 3250 79 38 the
1332 3249 167 41 Albert
1526 3250 44 40 J.
1599 3250 265 48 Beveridge
1890 3253 250 40 memorial

157 3300 161 42 fund.”

161 3372 51 51 ©
239 3378 107 39 Dec.
375 3377 70 47 23;
474 3376 115 41 1935;
642 3377 67 40 2c.
739 3377 116 40 each
885 3378 110 38 Dec.
1024 3377 58 39 26;
1136 3377 109 40 affs.
1273 3378 111 39 Dec.
1413 3378 56 39 28;
1527 3380 41 37 A
1596 3378 156 48 88925,
1783 3378 144 41 88926;
1984 3382 159 41 Amer,

228 3434 250 39 historical
510 3443 113 30 assn.,
683 3434 333 47 Washington.
1086 3434 221 46 (36-348)

159 3535 165 65 Leca,
350 3538 283 63 Philippe.

289 3613 1652 58 … La Corse et Pile d'Elbe … Paris. Hachette, 1935.
165 3686 1961 95 348 p. illus., maps (part fold.) diagrs. 16 cm . (Les guides bleus illustrés
370 3754 113 28 sous
511 3744 47 38 la
590 3743 238 40 direction
858 3745 56 39 de
947 3743 179 39 Marcel
1160 3742 335 45 Mcnmarelié)

236 3812 89 38 “Ce
359 3813 144 44 guide
535 3824 27 27 a
599 3812 77 40 été
710 3812 163 46 rédigé
904 3824 90 35 par
1027 3824 58 26 ш.
1124 3812 221 47 Philippe
1381 3813 137 45 Leca,
1555 3812 330 40 introduction
1921 3812 226 47 générale

166 3876 85 35 par
278 3878 55 28 m.
363 3870 54 38 A.
446 3868 290 40 Albitreccia
824 3868 22 14 …”

167 3931 1871 55 © May 15. 1935; 1c. Sept. 7; A-Foreign 29246; Librairie Hachette.
