2424 4375
1049 4050 131 52 1375

119 433 278 63 Steffens,
427 433 220 63 Joseph
674 432 257 63 Lincoln,
962 437 169 49 1866-

189 510 127 66 Boy
340 528 71 33 on
435 510 325 66 horseback,
785 509 76 68 by
883 507 239 53 Lincoln
1152 507 244 56 Steffens;
1452 506 293 67 reprinted
1772 506 153 53 from
1952 506 153 52 “The

120 587 456 68 autobiography
600 586 65 52 of
689 585 239 54 Lincoln
957 585 278 56 Steffens”;
1292 583 138 54 with
1459 584 378 53 illustrations
1861 584 75 66 by

122 582 1960 135 Sanford
311 666 236 66 Tousey.
622 664 138 53 New
818 662 179 68 York,
1053 664 308 64 Harcourt,
1421 664 182 50 Brace
1659 661 112 54 and
1828 679 279 48 company

143 747 174 64 [ c 1935]
191 810 1273 53 6 p. l., 3-258 p. incl. front., illus., plates. 22cm.
191 885 287 42 Illustrated
511 884 361 49 lining-papers.

123 952 53 53 ©
201 957 127 47 Sept.
351 956 68 48 12,
443 956 117 40 1935;
609 955 65 40 2c.
700 956 96 39 and
819 954 81 41 aff.
926 955 99 40 Oct.
1050 954 25 39 2;
1128 955 40 38 A
1192 953 143 41 87357;
1387 954 263 46 Harcourt,
1674 953 157 39 Brace
1852 952 36 40 &
1911 960 81 38 co.,
2018 951 91 40 inc.

200 1012 277 49 (35-27284)

121 1115 184 66 Stein,
332 1119 137 51 Mrs.
497 1118 151 51 Rose
680 1114 344 66 (Holzman)
1065 1120 171 50 1881-

187 1193 138 53 Two
359 1192 207 67 sisters,
601 1191 74 68 by
710 1191 67 52 R.
813 1191 75 52 H.
927 1190 161 54 Stein
1129 1234 56 10 …
1263 1189 138 59 New
1438 1188 179 68 York,
1655 1187 212 67 Covici,
1905 1185 204 56 Friede

142 1271 176 67 [ c 1935]
189 1340 87 41 250
303 1352 44 37 p.
406 1339 145 41 19½cm.

124 1410 54 53 ©
207 1414 102 41 Oct.
340 1415 39 47 8,
410 1414 141 47 1935;
582 1414 67 39 2c.
681 1414 95 39 and
807 1413 82 40 aff.
921 1413 101 40 Oct.
1055 1412 82 47 10;
1171 1413 43 38 A
1244 1411 169 47 86656;
1449 1412 55 40 R.
1538 1412 59 39 H.
1635 1411 149 48 Stein,
1817 1412 117 39 New
1966 1412 145 39 York.

200 1470 278 49 (35-18235)

118 1573 269 65 Stenger,
417 1573 314 54 Frederick
758 1574 68 57 R.

193 1649 356 69 Laboratory
588 1649 212 53 studies
841 1650 60 52 in
944 1648 398 52 fundamental
1382 1646 233 70 biology
1676 1647 93 67 [by]
1815 1647 294 52 Reverend

122 1726 310 54 Frederick
452 1726 70 53 R.
550 1725 240 69 Stenger
818 1769 55 9 …
938 1725 349 67 Mundelein,
1311 1725 114 68 Ill.,
1450 1726 82 54 St.
1557 1725 170 68 Mary
1750 1725 64 53 of
1837 1726 96 52 the
1956 1725 154 52 Lake

121 1804 301 69 seminary,
451 1807 151 51 1935.

192 1877 85 49 xii,
309 1878 83 40 116
424 1889 44 37 p.
528 1877 143 48 illus.,
703 1876 178 50 diagrs.
941 1877 146 41 26½cm.

193 1948 225 42 Includes
452 1948 361 43 “References”.

125 2016 53 53 ©
208 2022 127 47 Sept.
363 2022 70 46 19,
460 2020 140 47 1935;
631 2022 67 39 2c.
728 2021 95 39 and
851 2021 81 39 aff.
965 2021 127 47 Sept.
1120 2019 83 48 23;
1233 2021 42 38 A
1302 2020 169 47 86426;
1503 2021 51 40 F.
1584 2021 54 39 R.
1673 2021 214 47 Stenger,
191 2021 1904 104 Mundelein,
333 2079 75 38 Ill.
479 2077 277 48 (35-17797)

124 2178 204 66 Stong,
359 2179 192 65 Philip
584 2179 265 65 Duffield,
883 2184 168 49 1899-

196 2256 176 54 Honk;
440 2258 95 52 the
575 2277 203 40 moose,
818 2263 157 62 story
1015 2258 76 67 by
1130 2257 135 53 Phil
1310 2258 200 67 Stong,
1550 2258 251 68 pictures
1838 2257 76 68 by
1953 2258 157 53 Kurt

124 2335 200 54 Wiese.
400 2335 138 53 New
563 2336 178 65 York,
766 2337 189 64 Dodd,
979 2336 171 52 Mead
1173 2339 45 50 &
1244 2354 295 48 company,
1566 2338 150 51 1935.

195 2407 56 40 80
276 2419 41 37 p.
347 2408 108 40 incl.
485 2409 86 39 col.
598 2407 164 48 front.,
790 2409 126 39 illus.
946 2408 137 49 (part
1108 2409 113 47 col.)
1285 2407 115 41 26cm.

193 2477 367 48 Lining-papers
591 2478 281 40 illustrated
901 2479 51 39 in
983 2479 169 40 colors.

196 2534 161 40 “First
383 2534 225 42 edition.”

128 2600 53 53 ©
212 2604 99 41 Oct.
343 2605 69 47 16,
444 2605 140 47 1935;
617 2605 67 40 2c.
717 2604 101 41 Oct.
851 2605 81 47 19;
966 2605 82 41 aff.
1080 2606 102 40 Oct.
1215 2605 81 47 18;
1329 2606 40 38 A
1401 2606 169 46 87785;
1606 2604 110 40 Phil
1751 2606 161 46 Stong,
193 2606 1904 103 Washington,
405 2662 146 40 Conn.
621 2662 278 49 (35-27382)

128 2761 220 67 Sword,
377 2762 205 54 Victor
606 2765 191 63 Hugo.

197 2837 258 69 Baptists
490 2840 61 51 in
587 2840 234 66 Assam;
863 2861 30 33 a
932 2845 235 64 century
1203 2840 63 53 of
1301 2839 341 69 missionary
1676 2840 227 66 service,
1944 2843 171 49 1836-

131 2918 150 65 1936,
325 2917 77 68 by
442 2917 200 53 Victor
685 2918 174 68 Hugo
904 2918 201 54 Sword
1155 2960 56 10 …
1295 2918 270 68 Chicago,
1607 2918 113 66 Ill.,
1765 2917 350 55 Conference

127 3011 155 50 press
326 3027 13 34 [
344 3000 18 21 c
366 2997 152 63 1935]

200 3066 84 40 160
317 3078 44 37 p.
419 3066 127 40 illus.
577 3067 132 48 (incl.
742 3070 134 47 map)
919 3080 77 37 pl.,
1029 3071 165 46 ports.,
1228 3068 169 50 diagr.,
1431 3069 118 41 fold.
1582 3069 98 40 tab.
1739 3068 145 41 20½cm.

201 3129 346 50 Bibliography;
603 3143 43 37 p.
675 3132 199 41 148-150;
931 3132 176 41 “Notes
1134 3144 60 29 on
1221 3143 167 31 source
1415 3132 300 42 references”;
1772 3144 43 37 p.
1843 3134 214 41 151-155.

128 3197 53 53 ©
213 3203 126 47 Sept.
370 3202 38 48 6,
439 3202 113 41 1935;
610 3202 67 41 2c.
709 3204 127 47 Sept.
866 3204 82 47 18;
980 3204 82 39 aff.
1096 3204 127 47 Sept.
1254 3204 82 47 17;
1365 3205 44 38 A
1437 3204 169 47 86353;
1641 3203 294 42 Conference
1965 3213 149 39 press.

210 3259 278 48 (35-16616)

131 3360 352 66 Thurstone,
511 3362 179 54 Louis
716 3364 175 63 Leon,
922 3366 170 53 1887-

198 3436 121 54 The
357 3443 215 48 vectors
611 3437 63 52 of
711 3439 185 65 mind;
937 3436 478 70 multiple-factor
1456 3437 246 68 analysis
1742 3437 92 53 for
1874 3438 97 54 the
128 3440 1962 126 isolation

336 3513 63 52 of
427 3515 254 66 primary
712 3513 181 69 traits,
922 3514 35 52 by
1026 3515 65 53 L.
1120 3515 65 53 L.
1214 3516 322 53 Thurstone
1570 3558 56 10 …
1707 3514 264 70 Chicago,
2003 3516 112 66 Ill.,

129 3589 122 53 The
275 3589 331 69 University
635 3590 63 52 of
725 3590 247 69 Chicago
1001 3610 154 48 press
1209 3593 152 66 [1935]

267 3691 9 16 xv,
301 3660 85 40 266
411 3672 42 36 p.
512 3662 177 47 diagrs.
751 3662 143 39 25½cm.
964 3664 274 50 (Half-title;
1286 3664 101 41 The
1412 3664 282 48 University
1717 3666 51 39 of
1795 3665 208 48 Chicago
129 3666 1968 90 science
269 3717 173 46 series)

202 3772 146 50 “[The
393 3774 232 49 author’s]
673 3775 224 46 previous
941 3785 174 39 papers
1162 3787 59 29 on
1269 3776 81 40 the
1395 3776 402 49 multiple-factor
1844 3777 242 49 problem”;

131 3836 41 38 p.
200 3828 82 40 vii.

134 3896 52 52 ©
214 3902 117 45 Aug.
361 3901 69 47 20,
459 3901 113 40 1935;
630 3903 65 38 2c.
727 3903 118 46 Aug.
873 3902 55 40 31;
987 3902 81 40 aff.
1101 3903 127 47 Sept.
1257 3903 25 39 3;
1342 3903 40 38 A
1413 3902 141 41 85729;
1615 3903 281 41 Universitv
1928 3905 50 38 of
200 3903 1897 102 Chicago,
360 3958 222 45 Chicago.
653 3958 276 48 (35-18113)
