<alto xmlns="http://www.loc.gov/standards/alto/ns-v3#" xmlns:xlink="http://www.w3.org/1999/xlink" xmlns:xsi="http://www.w3.org/2001/XMLSchema-instance" xsi:schemaLocation="http://www.loc.gov/standards/alto/ns-v3# http://www.loc.gov/alto/v3/alto-3-0.xsd"><Description>
<MeasurementUnit>pixel</MeasurementUnit>
<sourceImageInformation>
<fileName>1935_v32_Part1.pdf</fileName>
</sourceImageInformation>
<OCRProcessing ID="IdOcr">
<ocrProcessingStep>
<processingDateTime>2019-01-15</processingDateTime>
<processingSoftware>
<softwareCreator>ABBYY</softwareCreator>
<softwareName>ABBYY Recognition Server</softwareName>
<softwareVersion>4.0</softwareVersion>
</processingSoftware>
</ocrProcessingStep>
</OCRProcessing>
</Description>
<Styles>
<ParagraphStyle ID="StyleId-FFFFFFFF-FFFF-FFFF-FFFF-FFFFFFFFFFFF-" ALIGN="Left" LEFT="0." RIGHT="0." FIRSTLINE="0."/>
<ParagraphStyle ID="StyleId-09A13A44-4F77-4ABE-84F3-84CC8B3C72CE-" ALIGN="Left" LEFT="0." RIGHT="0." FIRSTLINE="0." LINESPACE="7.699999809"/>
<ParagraphStyle ID="StyleId-1F945060-F8CD-4435-B69A-5FF49DB0C586-" ALIGN="Left" LEFT="0." RIGHT="0." FIRSTLINE="-10." LINESPACE="12.19999981"/>
<ParagraphStyle ID="StyleId-C6CAE747-F5A4-4D0D-8D74-D452DA7E2C1C-" ALIGN="Block" LEFT="0." RIGHT="0." FIRSTLINE="-14." LINESPACE="8.350000381"/>
<ParagraphStyle ID="StyleId-FC0F3374-189A-459E-BE29-2DC14180F022-" ALIGN="Left" LEFT="0." RIGHT="0." FIRSTLINE="0."/>
<ParagraphStyle ID="StyleId-49397C49-A894-4B3E-BA5E-1126226BA375-" ALIGN="Left" LEFT="0." RIGHT="0." FIRSTLINE="-12." LINESPACE="11.09000015"/>
<ParagraphStyle ID="StyleId-9E34DD3A-E661-48BD-A3A1-6A3D48346F00-" ALIGN="Block" LEFT="0." RIGHT="0." FIRSTLINE="-14." LINESPACE="11.09000015"/>
<ParagraphStyle ID="StyleId-56CE54AA-A08B-4BAA-8605-F26020A0E36E-" ALIGN="Left" LEFT="0." RIGHT="0." FIRSTLINE="0." LINESPACE="9.399999619"/>
<ParagraphStyle ID="StyleId-77814FFC-C42F-4AA9-9880-EF33B947DEC8-" ALIGN="Left" LEFT="0." RIGHT="0." FIRSTLINE="-11." LINESPACE="11.06999969"/>
<ParagraphStyle ID="StyleId-FDE92EC0-67DC-4C7B-8A24-094B12C38B6C-" ALIGN="Center" LEFT="0." RIGHT="0." FIRSTLINE="0." LINESPACE="11.30000019"/>
<ParagraphStyle ID="StyleId-65180E3B-4C93-4FB8-81EE-E026DD63DBF3-" ALIGN="Left" LEFT="0." RIGHT="0." FIRSTLINE="0." LINESPACE="11.10000038"/>
<ParagraphStyle ID="StyleId-10E885C2-5813-4620-B0AA-0FBA30CF7A32-" ALIGN="Left" LEFT="0." RIGHT="0." FIRSTLINE="0." LINESPACE="9.5"/>
<ParagraphStyle ID="StyleId-913C2DB5-9F02-4067-BAF7-0AED37B60BBE-" ALIGN="Left" LEFT="0." RIGHT="0." FIRSTLINE="0." LINESPACE="6.099999905"/>
<ParagraphStyle ID="StyleId-9C79A9D2-8F08-4A8F-985D-B00E253ED1E5-" ALIGN="Left" LEFT="0." RIGHT="0." FIRSTLINE="0." LINESPACE="4.400000095"/>
<ParagraphStyle ID="StyleId-A41F0407-FEFE-4738-9EC5-E05AFFF62781-" ALIGN="Left" LEFT="0." RIGHT="0." FIRSTLINE="0." LINESPACE="7.300000191"/>
<ParagraphStyle ID="StyleId-61D37176-94E8-408D-9B87-01C406CE8AB2-" ALIGN="Left" LEFT="0." RIGHT="0." FIRSTLINE="0." LINESPACE="8.050000191"/>
</Styles>
<Layout>
<Page ID="Page221" PHYSICAL_IMG_NR="221" HEIGHT="4384" WIDTH="2526">
<TopMargin HEIGHT="381" WIDTH="2526" VPOS="0" HPOS="0">
</TopMargin>
<LeftMargin HEIGHT="3743" WIDTH="163" VPOS="381" HPOS="0">
</LeftMargin>
<RightMargin HEIGHT="3743" WIDTH="325" VPOS="381" HPOS="2201">
</RightMargin>
<BottomMargin HEIGHT="260" WIDTH="2526" VPOS="4124" HPOS="0">
</BottomMargin>
<PrintSpace HEIGHT="3743" WIDTH="2038" VPOS="381" HPOS="163">
<TextBlock ID="Page221_Block1" HEIGHT="131" WIDTH="255" VPOS="3993" HPOS="1077" LANG="en-US" STYLEREFS="StyleId-1ABF5DF3-119C-414A-9BE0-9838EFD301C8-">
<Shape>
<Polygon POINTS="1078,3993 1331,3993 1331,4105 1332,4105 1332,4123 1331,4123 1331,4124 1078,4124 1078,4109 1077,4109 1077,3994 1078,3994 1078,3993"/>
</Shape>
<TextLine HEIGHT="50" WIDTH="101" VPOS="4022" HPOS="1148">
<String CONTENT="221" HEIGHT="50" WIDTH="101" VPOS="4022" HPOS="1148"/>
</TextLine>
</TextBlock>
<TextBlock ID="Page221_Block2" HEIGHT="3636" WIDTH="2038" VPOS="381" HPOS="163" LANG="en-US" CS="1" STYLEREFS="StyleId-CC9A12FC-968D-4CE4-93ED-512F2C0CDF89-">
<Shape>
<Polygon POINTS="1900,381 2193,381 2193,701 2194,701 2194,1126 2195,1126 2195,1552 2196,1552 2196,1978 2197,1978 2197,2403 2198,2403 2198,2829 2199,2829 2199,3254 2200,3254 2200,3680 2201,3680 2201,4012 1903,4012 1903,4013 1477,4013 1477,4014 1052,4014 1052,4015 626,4015 626,4016 201,4016 201,4017 172,4017 172,4016 171,4016 171,3683 170,3683 170,3258 169,3258 169,2832 168,2832 168,2406 167,2406 167,1981 166,1981 166,1555 165,1555 165,1130 164,1130 164,704 163,704 163,386 197,386 197,385 623,385 623,384 1049,384 1049,383 1474,383 1474,382 1900,382 1900,381"/>
</Shape>
<TextLine HEIGHT="73" WIDTH="1354" VPOS="392" HPOS="175" STYLEREFS="StyleId-F1E01A79-A492-480F-B679-DC8319C16AEC-">
<String CONTENT="Penrose," HEIGHT="63" WIDTH="273" VPOS="402" HPOS="175"/>
<SP HEIGHT="64" WIDTH="27" VPOS="400" HPOS="449"/>
<String CONTENT="Stephen" HEIGHT="65" WIDTH="261" VPOS="398" HPOS="477"/>
<SP HEIGHT="52" WIDTH="27" VPOS="398" HPOS="739"/>
<String CONTENT="Beasley" HEIGHT="65" WIDTH="252" VPOS="395" HPOS="767"/>
<SP HEIGHT="64" WIDTH="24" VPOS="396" HPOS="1020"/>
<String CONTENT="Linnard," HEIGHT="66" WIDTH="280" VPOS="393" HPOS="1045"/>
<SP HEIGHT="60" WIDTH="29" VPOS="398" HPOS="1326"/>
<String CONTENT="1864-" HEIGHT="51" WIDTH="173" VPOS="397" HPOS="1356"/>
</TextLine>
<TextLine HEIGHT="77" WIDTH="1866" VPOS="466" HPOS="241" STYLEREFS="StyleId-F1E01A79-A492-480F-B679-DC8319C16AEC-" CS="1">
<String CONTENT="Whitman," HEIGHT="66" WIDTH="316" VPOS="477" HPOS="241"/>
<SP HEIGHT="50" WIDTH="28" VPOS="493" HPOS="558"/>
<String CONTENT="an" HEIGHT="36" WIDTH="73" VPOS="492" HPOS="587"/>
<SP HEIGHT="34" WIDTH="25" VPOS="493" HPOS="661"/>
<String CONTENT="unfinished" HEIGHT="55" WIDTH="324" VPOS="472" HPOS="687"/>
<SP HEIGHT="53" WIDTH="26" VPOS="472" HPOS="1012"/>
<String CONTENT="story," HEIGHT="64" WIDTH="174" VPOS="477" HPOS="1039"/>
<SP HEIGHT="68" WIDTH="27" VPOS="470" HPOS="1214"/>
<String CONTENT="by" HEIGHT="70" WIDTH="76" VPOS="470" HPOS="1242"/>
<SP HEIGHT="72" WIDTH="31" VPOS="468" HPOS="1319"/>
<String CONTENT="Stephen" HEIGHT="70" WIDTH="255" VPOS="467" HPOS="1351"/>
<SP HEIGHT="53" WIDTH="24" VPOS="468" HPOS="1607"/>
<String CONTENT="B." HEIGHT="53" WIDTH="69" VPOS="468" HPOS="1632"/>
<SP HEIGHT="53" WIDTH="28" VPOS="467" HPOS="1702"/>
<String CONTENT="L." HEIGHT="52" WIDTH="65" VPOS="467" HPOS="1731"/>
<SP HEIGHT="52" WIDTH="28" VPOS="467" HPOS="1797"/>
<String CONTENT="Penrose" HEIGHT="54" WIDTH="249" VPOS="466" HPOS="1826"/>
<SP HEIGHT="35" WIDTH="31" VPOS="484" HPOS="2076"/>
<String CS="1" CONTENT="&#8230;"/>
</TextLine>
<TextLine HEIGHT="83" WIDTH="1999" VPOS="540" HPOS="174" STYLEREFS="StyleId-F1E01A79-A492-480F-B679-DC8319C16AEC-">
<String CONTENT="illustrations" HEIGHT="55" WIDTH="376" VPOS="554" HPOS="174"/>
<SP HEIGHT="52" WIDTH="30" VPOS="553" HPOS="551"/>
<String CONTENT="by" HEIGHT="70" WIDTH="76" VPOS="552" HPOS="582"/>
<SP HEIGHT="69" WIDTH="30" VPOS="552" HPOS="659"/>
<String CONTENT="Ernest" HEIGHT="52" WIDTH="209" VPOS="552" HPOS="690"/>
<SP HEIGHT="53" WIDTH="29" VPOS="550" HPOS="900"/>
<String CONTENT="Ralph" HEIGHT="69" WIDTH="195" VPOS="549" HPOS="930"/>
<SP HEIGHT="54" WIDTH="32" VPOS="548" HPOS="1126"/>
<String CONTENT="Norling." HEIGHT="70" WIDTH="264" VPOS="547" HPOS="1159"/>
<SP HEIGHT="56" WIDTH="67" VPOS="546" HPOS="1424"/>
<String CONTENT="Walla" HEIGHT="56" WIDTH="193" VPOS="545" HPOS="1492"/>
<SP HEIGHT="54" WIDTH="29" VPOS="545" HPOS="1686"/>
<String CONTENT="Walla," HEIGHT="69" WIDTH="211" VPOS="543" HPOS="1716"/>
<SP HEIGHT="68" WIDTH="28" VPOS="543" HPOS="1928"/>
<String CONTENT="Wash.," HEIGHT="68" WIDTH="216" VPOS="540" HPOS="1957"/>
</TextLine>
<TextLine HEIGHT="73" WIDTH="990" VPOS="627" HPOS="174" STYLEREFS="StyleId-F1E01A79-A492-480F-B679-DC8319C16AEC-" CS="1">
<String CONTENT="Whitman" HEIGHT="55" WIDTH="295" VPOS="631" HPOS="174"/>
<SP HEIGHT="50" WIDTH="26" VPOS="649" HPOS="470"/>
<String CONTENT="publishing" HEIGHT="71" WIDTH="335" VPOS="628" HPOS="497"/>
<SP HEIGHT="50" WIDTH="26" VPOS="648" HPOS="833"/>
<String CONTENT="co." HEIGHT="35" WIDTH="78" VPOS="646" HPOS="860"/>
<SP/>
<String CS="1" CONTENT="[c1935]" HEIGHT="35" WIDTH="13" VPOS="659" HPOS="1151"/>
</TextLine>
<TextLine HEIGHT="56" WIDTH="1046" VPOS="696" HPOS="248" CS="1">
<String CONTENT="ix," HEIGHT="48" WIDTH="63" VPOS="704" HPOS="248"/>
<SP/>
<String CONTENT="256" HEIGHT="41" WIDTH="87" VPOS="704" HPOS="338"/>
<SP HEIGHT="47" WIDTH="25" VPOS="704" HPOS="425"/>
<String CONTENT="p." HEIGHT="37" WIDTH="42" VPOS="714" HPOS="451"/>
<SP HEIGHT="39" WIDTH="30" VPOS="704" HPOS="493"/>
<String CONTENT="incl." HEIGHT="42" WIDTH="110" VPOS="702" HPOS="523"/>
<SP HEIGHT="42" WIDTH="28" VPOS="701" HPOS="633"/>
<String CS="1" CONTENT="front."/>
<SP HEIGHT="48" WIDTH="29" VPOS="701" HPOS="811"/>
<String CONTENT="(port.)" HEIGHT="48" WIDTH="172" VPOS="701" HPOS="840"/>
<SP HEIGHT="48" WIDTH="39" VPOS="700" HPOS="1012"/>
<String CONTENT="illus." HEIGHT="40" WIDTH="128" VPOS="699" HPOS="1051"/>
<SP HEIGHT="42" WIDTH="58" VPOS="697" HPOS="1179"/>
<String CS="1" CONTENT="23&#189;cm." HEIGHT="41" WIDTH="57" VPOS="696" HPOS="1237"/>
</TextLine>
<TextLine HEIGHT="60" WIDTH="1994" VPOS="754" HPOS="180" CS="1">
<String CONTENT="&#169;" HEIGHT="55" WIDTH="52" VPOS="759" HPOS="180"/>
<SP HEIGHT="54" WIDTH="29" VPOS="759" HPOS="233"/>
<String CONTENT="Jan." HEIGHT="40" WIDTH="109" VPOS="764" HPOS="263"/>
<SP HEIGHT="40" WIDTH="27" VPOS="763" HPOS="373"/>
<String CONTENT="23," HEIGHT="46" WIDTH="69" VPOS="763" HPOS="401"/>
<SP HEIGHT="46" WIDTH="32" VPOS="763" HPOS="471"/>
<String CONTENT="1935;" HEIGHT="49" WIDTH="141" VPOS="760" HPOS="504"/>
<SP HEIGHT="48" WIDTH="32" VPOS="760" HPOS="646"/>
<String CONTENT="2c." HEIGHT="41" WIDTH="66" VPOS="760" HPOS="679"/>
<SP HEIGHT="39" WIDTH="34" VPOS="761" HPOS="746"/>
<String CONTENT="Feb." HEIGHT="40" WIDTH="109" VPOS="761" HPOS="781"/>
<SP HEIGHT="40" WIDTH="32" VPOS="759" HPOS="891"/>
<String CONTENT="21;" HEIGHT="47" WIDTH="82" VPOS="759" HPOS="924"/>
<SP HEIGHT="36" WIDTH="35" VPOS="770" HPOS="1007"/>
<String CS="1" CONTENT="aff."/>
<SP HEIGHT="40" WIDTH="32" VPOS="758" HPOS="1124"/>
<String CONTENT="Feb." HEIGHT="39" WIDTH="110" VPOS="758" HPOS="1157"/>
<SP HEIGHT="38" WIDTH="31" VPOS="758" HPOS="1268"/>
<String CONTENT="23;" HEIGHT="46" WIDTH="83" VPOS="758" HPOS="1300"/>
<SP HEIGHT="47" WIDTH="33" VPOS="757" HPOS="1384"/>
<!-- cceid 8616A998-6D82-1014-B070-FDFD250A9EDA --><String CONTENT="A" HEIGHT="40" WIDTH="41" VPOS="757" HPOS="1418"/>
<SP HEIGHT="42" WIDTH="31" VPOS="756" HPOS="1460"/>
<String CS="1" CONTENT="79782;" HEIGHT="47" WIDTH="170" VPOS="756" HPOS="1492"/>
<SP HEIGHT="47" WIDTH="37" VPOS="756" HPOS="1663"/>
<String CONTENT="S." HEIGHT="40" WIDTH="44" VPOS="756" HPOS="1701"/>
<SP HEIGHT="39" WIDTH="32" VPOS="756" HPOS="1746"/>
<String CONTENT="B." HEIGHT="38" WIDTH="53" VPOS="756" HPOS="1779"/>
<SP HEIGHT="39" WIDTH="33" VPOS="755" HPOS="1833"/>
<String CONTENT="L." HEIGHT="40" WIDTH="51" VPOS="754" HPOS="1867"/>
<SP HEIGHT="39" WIDTH="31" VPOS="754" HPOS="1919"/>
<String CONTENT="Penrose," HEIGHT="47" WIDTH="223" VPOS="754" HPOS="1951"/>
</TextLine>
<TextLine HEIGHT="52" WIDTH="883" VPOS="814" HPOS="244">
<String CONTENT="Walla" HEIGHT="39" WIDTH="159" VPOS="821" HPOS="244"/>
<SP HEIGHT="40" WIDTH="31" VPOS="820" HPOS="404"/>
<String CONTENT="Walla," HEIGHT="46" WIDTH="174" VPOS="820" HPOS="436"/>
<SP HEIGHT="47" WIDTH="31" VPOS="819" HPOS="611"/>
<String CONTENT="Wash." HEIGHT="40" WIDTH="162" VPOS="818" HPOS="643"/>
<SP HEIGHT="49" WIDTH="70" VPOS="816" HPOS="806"/>
<String CONTENT="(35-3307)" HEIGHT="51" WIDTH="250" VPOS="814" HPOS="877"/>
</TextLine>
<TextLine HEIGHT="70" WIDTH="829" VPOS="920" HPOS="179" STYLEREFS="StyleId-D365D2A3-D2EA-431F-9B7B-3AAE7E0CDE15-">
<String CONTENT="Rapeer," HEIGHT="66" WIDTH="245" VPOS="924" HPOS="179"/>
<SP HEIGHT="65" WIDTH="25" VPOS="924" HPOS="425"/>
<String CONTENT="Louis" HEIGHT="55" WIDTH="181" VPOS="922" HPOS="451"/>
<SP HEIGHT="53" WIDTH="22" VPOS="924" HPOS="633"/>
<String CONTENT="Win," HEIGHT="65" WIDTH="151" VPOS="920" HPOS="656"/>
<SP HEIGHT="59" WIDTH="28" VPOS="926" HPOS="808"/>
<String CONTENT="1879-" HEIGHT="53" WIDTH="171" VPOS="923" HPOS="837"/>
</TextLine>
<TextLine HEIGHT="77" WIDTH="1927" VPOS="991" HPOS="250" STYLEREFS="StyleId-F1E01A79-A492-480F-B679-DC8319C16AEC-" CS="1">
<String CONTENT="How" HEIGHT="51" WIDTH="150" VPOS="1001" HPOS="250"/>
<SP HEIGHT="47" WIDTH="20" VPOS="1007" HPOS="401"/>
<String CONTENT="to" HEIGHT="47" WIDTH="57" VPOS="1007" HPOS="422"/>
<SP HEIGHT="46" WIDTH="23" VPOS="1007" HPOS="480"/>
<String CONTENT="think," HEIGHT="68" WIDTH="186" VPOS="1000" HPOS="504"/>
<SP HEIGHT="67" WIDTH="22" VPOS="1000" HPOS="691"/>
<String CONTENT="by" HEIGHT="67" WIDTH="77" VPOS="1000" HPOS="714"/>
<SP HEIGHT="65" WIDTH="22" VPOS="1002" HPOS="792"/>
<String CONTENT="Louis" HEIGHT="53" WIDTH="173" VPOS="999" HPOS="815"/>
<SP HEIGHT="53" WIDTH="20" VPOS="1001" HPOS="989"/>
<String CONTENT="Win" HEIGHT="57" WIDTH="137" VPOS="997" HPOS="1010"/>
<SP HEIGHT="51" WIDTH="24" VPOS="1000" HPOS="1148"/>
<String CONTENT="Rapeer" HEIGHT="65" WIDTH="224" VPOS="1000" HPOS="1173"/>
<SP HEIGHT="34" WIDTH="29" VPOS="1015" HPOS="1398"/>
<String CS="1" CONTENT="&#8230;"/>
<SP HEIGHT="52" WIDTH="77" VPOS="995" HPOS="1485"/>
<String CONTENT="bk." HEIGHT="52" WIDTH="90" VPOS="995" HPOS="1563"/>
<SP HEIGHT="48" WIDTH="29" VPOS="999" HPOS="1654"/>
<String CONTENT="1." HEIGHT="49" WIDTH="46" VPOS="999" HPOS="1684"/>
<SP HEIGHT="51" WIDTH="24" VPOS="997" HPOS="1731"/>
<String CONTENT="The" HEIGHT="52" WIDTH="122" VPOS="996" HPOS="1756"/>
<SP HEIGHT="49" WIDTH="22" VPOS="999" HPOS="1879"/>
<String CONTENT="thinking" HEIGHT="70" WIDTH="275" VPOS="991" HPOS="1902"/>
</TextLine>
<TextLine HEIGHT="155" WIDTH="1973" VPOS="1072" HPOS="179" STYLEREFS="StyleId-F1E01A79-A492-480F-B679-DC8319C16AEC-" CS="1">
<String CONTENT="technic." HEIGHT="55" WIDTH="237" VPOS="1079" HPOS="181"/>
<SP HEIGHT="54" WIDTH="74" VPOS="1079" HPOS="418"/>
<String CONTENT="Washington," HEIGHT="69" WIDTH="404" VPOS="1077" HPOS="492"/>
<SP HEIGHT="65" WIDTH="39" VPOS="1080" HPOS="896"/>
<String CONTENT="D." HEIGHT="50" WIDTH="73" VPOS="1080" HPOS="935"/>
<SP HEIGHT="56" WIDTH="42" VPOS="1077" HPOS="1008"/>
<String CONTENT="C.," HEIGHT="66" WIDTH="82" VPOS="1077" HPOS="1050"/>
<SP HEIGHT="64" WIDTH="38" VPOS="1079" HPOS="1132"/>
<String CONTENT="The" HEIGHT="53" WIDTH="122" VPOS="1076" HPOS="1170"/>
<SP HEIGHT="51" WIDTH="39" VPOS="1077" HPOS="1292"/>
<String CONTENT="Research" HEIGHT="54" WIDTH="282" VPOS="1074" HPOS="1332"/>
<SP HEIGHT="67" WIDTH="38" VPOS="1074" HPOS="1615"/>
<String CONTENT="publishing" HEIGHT="69" WIDTH="339" VPOS="1072" HPOS="1653"/>
<SP HEIGHT="50" WIDTH="37" VPOS="1090" HPOS="1992"/>
<String CONTENT="company" HEIGHT="137" WIDTH="1973" VPOS="1090" HPOS="179"/>
<SP HEIGHT="48" WIDTH="33" VPOS="1177" HPOS="334"/>
<String CONTENT="[" HEIGHT="34" WIDTH="13" VPOS="1190" HPOS="368"/>
<String STYLE="superscript" CONTENT="c" HEIGHT="21" WIDTH="23" VPOS="1163" HPOS="383"/>
<String CONTENT="1935]" HEIGHT="63" WIDTH="151" VPOS="1160" HPOS="409"/>
</TextLine>
<TextLine HEIGHT="50" WIDTH="456" VPOS="1228" HPOS="250">
<String CONTENT="viii," HEIGHT="47" WIDTH="100" VPOS="1231" HPOS="250"/>
<SP HEIGHT="47" WIDTH="27" VPOS="1231" HPOS="351"/>
<String CONTENT="160" HEIGHT="40" WIDTH="89" VPOS="1230" HPOS="379"/>
<SP HEIGHT="48" WIDTH="22" VPOS="1230" HPOS="469"/>
<String CONTENT="p." HEIGHT="38" WIDTH="42" VPOS="1240" HPOS="492"/>
<SP HEIGHT="40" WIDTH="54" VPOS="1229" HPOS="535"/>
<String CONTENT="22" HEIGHT="40" WIDTH="55" VPOS="1228" HPOS="590"/>
<String STYLE="superscript" CONTENT="cm" HEIGHT="21" WIDTH="46" VPOS="1231" HPOS="649"/>
<String CONTENT="." HEIGHT="8" WIDTH="8" VPOS="1260" HPOS="698"/>
</TextLine>
<TextLine HEIGHT="59" WIDTH="1809" VPOS="1279" HPOS="183" CS="1">
<String CONTENT="&#169;" HEIGHT="55" WIDTH="52" VPOS="1283" HPOS="183"/>
<SP HEIGHT="54" WIDTH="24" VPOS="1283" HPOS="236"/>
<String CONTENT="Feb." HEIGHT="40" WIDTH="110" VPOS="1288" HPOS="261"/>
<SP HEIGHT="38" WIDTH="25" VPOS="1288" HPOS="372"/>
<String CONTENT="15," HEIGHT="47" WIDTH="68" VPOS="1287" HPOS="398"/>
<SP HEIGHT="47" WIDTH="27" VPOS="1287" HPOS="467"/>
<String CONTENT="1935;" HEIGHT="49" WIDTH="141" VPOS="1285" HPOS="495"/>
<SP HEIGHT="48" WIDTH="26" VPOS="1285" HPOS="637"/>
<String CONTENT="2c." HEIGHT="40" WIDTH="68" VPOS="1285" HPOS="664"/>
<SP HEIGHT="29" WIDTH="25" VPOS="1296" HPOS="733"/>
<String CONTENT="and" HEIGHT="39" WIDTH="96" VPOS="1286" HPOS="759"/>
<SP HEIGHT="39" WIDTH="26" VPOS="1286" HPOS="856"/>
<String CS="1" CONTENT="aff."/>
<SP HEIGHT="40" WIDTH="26" VPOS="1284" HPOS="966"/>
<String CONTENT="Feb." HEIGHT="42" WIDTH="111" VPOS="1283" HPOS="993"/>
<SP HEIGHT="39" WIDTH="26" VPOS="1284" HPOS="1105"/>
<String CONTENT="16;" HEIGHT="47" WIDTH="81" VPOS="1283" HPOS="1132"/>
<SP HEIGHT="47" WIDTH="29" VPOS="1283" HPOS="1214"/>
<!-- cceid 86176509-6D82-1014-B070-FDFD250A9EDA --><String CONTENT="A" HEIGHT="39" WIDTH="40" VPOS="1283" HPOS="1244"/>
<SP HEIGHT="40" WIDTH="26" VPOS="1283" HPOS="1285"/>
<String CONTENT="80467;" HEIGHT="49" WIDTH="171" VPOS="1281" HPOS="1312"/>
<SP HEIGHT="47" WIDTH="27" VPOS="1282" HPOS="1484"/>
<String CONTENT="Research" HEIGHT="39" WIDTH="245" VPOS="1282" HPOS="1512"/>
<SP HEIGHT="47" WIDTH="26" VPOS="1282" HPOS="1758"/>
<String CONTENT="pub." HEIGHT="48" WIDTH="109" VPOS="1281" HPOS="1785"/>
<SP HEIGHT="31" WIDTH="27" VPOS="1291" HPOS="1895"/>
<String CONTENT="co." HEIGHT="29" WIDTH="69" VPOS="1291" HPOS="1923"/>
</TextLine>
<TextLine HEIGHT="50" WIDTH="250" VPOS="1344" HPOS="262">
<String CONTENT="(35-3328)" HEIGHT="50" WIDTH="250" VPOS="1344" HPOS="262"/>
</TextLine>
<TextLine HEIGHT="68" WIDTH="508" VPOS="1432" HPOS="181" STYLEREFS="StyleId-D365D2A3-D2EA-431F-9B7B-3AAE7E0CDE15-">
<String CONTENT="Robinson," HEIGHT="67" WIDTH="315" VPOS="1433" HPOS="181"/>
<SP HEIGHT="63" WIDTH="30" VPOS="1436" HPOS="497"/>
<String CONTENT="Tom." HEIGHT="52" WIDTH="161" VPOS="1435" HPOS="528"/>
</TextLine>
<TextLine HEIGHT="74" WIDTH="1925" VPOS="1505" HPOS="255" STYLEREFS="StyleId-F1E01A79-A492-480F-B679-DC8319C16AEC-">
<String CONTENT="Trigger" HEIGHT="67" WIDTH="249" VPOS="1512" HPOS="255"/>
<SP HEIGHT="54" WIDTH="36" VPOS="1513" HPOS="504"/>
<String CONTENT="John&#8217;s" HEIGHT="57" WIDTH="203" VPOS="1510" HPOS="540"/>
<SP HEIGHT="34" WIDTH="40" VPOS="1531" HPOS="743"/>
<String CONTENT="sons," HEIGHT="48" WIDTH="147" VPOS="1529" HPOS="783"/>
<SP HEIGHT="67" WIDTH="39" VPOS="1510" HPOS="930"/>
<String CONTENT="by" HEIGHT="67" WIDTH="77" VPOS="1510" HPOS="969"/>
<SP HEIGHT="66" WIDTH="38" VPOS="1511" HPOS="1046"/>
<String CONTENT="Tom" HEIGHT="52" WIDTH="147" VPOS="1511" HPOS="1084"/>
<SP HEIGHT="51" WIDTH="38" VPOS="1511" HPOS="1231"/>
<String CONTENT="Robinson." HEIGHT="56" WIDTH="310" VPOS="1506" HPOS="1269"/>
<SP HEIGHT="52" WIDTH="77" VPOS="1508" HPOS="1579"/>
<String CONTENT="New" HEIGHT="53" WIDTH="139" VPOS="1508" HPOS="1656"/>
<SP HEIGHT="53" WIDTH="40" VPOS="1508" HPOS="1795"/>
<String CONTENT="York," HEIGHT="69" WIDTH="181" VPOS="1505" HPOS="1835"/>
<SP HEIGHT="66" WIDTH="40" VPOS="1507" HPOS="2016"/>
<String CONTENT="The" HEIGHT="52" WIDTH="124" VPOS="1506" HPOS="2056"/>
</TextLine>
<TextLine HEIGHT="70" WIDTH="608" VPOS="1588" HPOS="182" STYLEREFS="StyleId-F1E01A79-A492-480F-B679-DC8319C16AEC-">
<String CONTENT="Viking" HEIGHT="69" WIDTH="220" VPOS="1589" HPOS="182"/>
<SP HEIGHT="49" WIDTH="27" VPOS="1608" HPOS="403"/>
<String CONTENT="press," HEIGHT="49" WIDTH="175" VPOS="1608" HPOS="431"/>
<SP HEIGHT="63" WIDTH="32" VPOS="1593" HPOS="607"/>
<String CONTENT="1934." HEIGHT="50" WIDTH="150" VPOS="1591" HPOS="640"/>
</TextLine>
<TextLine HEIGHT="49" WIDTH="599" VPOS="1661" HPOS="282" STYLEREFS="StyleId-F1E01A79-A492-480F-B679-DC8319C16AEC-" CS="1">
<String CS="1" CONTENT="vi," HEIGHT="47" WIDTH="30" VPOS="1663" HPOS="282"/>
<SP HEIGHT="47" WIDTH="28" VPOS="1663" HPOS="313"/>
<String CONTENT="270" HEIGHT="41" WIDTH="90" VPOS="1662" HPOS="342"/>
<SP HEIGHT="48" WIDTH="23" VPOS="1662" HPOS="433"/>
<String CONTENT="p." HEIGHT="37" WIDTH="43" VPOS="1673" HPOS="457"/>
<SP HEIGHT="40" WIDTH="56" VPOS="1662" HPOS="501"/>
<String CONTENT="front." HEIGHT="41" WIDTH="149" VPOS="1661" HPOS="558"/>
<SP HEIGHT="39" WIDTH="56" VPOS="1661" HPOS="708"/>
<String CONTENT="21" HEIGHT="39" WIDTH="56" VPOS="1661" HPOS="765"/>
<String STYLE="superscript" CONTENT="cm" HEIGHT="21" WIDTH="44" VPOS="1663" HPOS="825"/>
<String CONTENT="." HEIGHT="9" WIDTH="8" VPOS="1691" HPOS="873"/>
</TextLine>
<TextLine HEIGHT="51" WIDTH="965" VPOS="1716" HPOS="249">
<String CONTENT="Lining-papers" HEIGHT="48" WIDTH="371" VPOS="1719" HPOS="249"/>
<SP HEIGHT="40" WIDTH="27" VPOS="1718" HPOS="621"/>
<String CONTENT="illustrated" HEIGHT="40" WIDTH="283" VPOS="1718" HPOS="649"/>
<SP HEIGHT="40" WIDTH="29" VPOS="1717" HPOS="933"/>
<String CONTENT="in" HEIGHT="39" WIDTH="50" VPOS="1717" HPOS="963"/>
<SP HEIGHT="30" WIDTH="30" VPOS="1728" HPOS="1014"/>
<String CONTENT="colors." HEIGHT="40" WIDTH="169" VPOS="1718" HPOS="1045"/>
</TextLine>
<TextLine HEIGHT="59" WIDTH="1995" VPOS="1768" HPOS="187" CS="1">
<String CONTENT="&#169;" HEIGHT="55" WIDTH="52" VPOS="1772" HPOS="187"/>
<SP HEIGHT="54" WIDTH="25" VPOS="1772" HPOS="240"/>
<String CONTENT="Nov." HEIGHT="41" WIDTH="119" VPOS="1776" HPOS="266"/>
<SP HEIGHT="39" WIDTH="27" VPOS="1777" HPOS="386"/>
<String CONTENT="5," HEIGHT="46" WIDTH="40" VPOS="1777" HPOS="414"/>
<SP HEIGHT="46" WIDTH="27" VPOS="1777" HPOS="455"/>
<String CONTENT="1934;" HEIGHT="48" WIDTH="140" VPOS="1775" HPOS="483"/>
<SP HEIGHT="48" WIDTH="27" VPOS="1774" HPOS="624"/>
<String CONTENT="2c." HEIGHT="41" WIDTH="68" VPOS="1774" HPOS="652"/>
<SP HEIGHT="38" WIDTH="27" VPOS="1776" HPOS="721"/>
<String CONTENT="Nov." HEIGHT="38" WIDTH="117" VPOS="1776" HPOS="749"/>
<SP HEIGHT="39" WIDTH="29" VPOS="1775" HPOS="867"/>
<String CONTENT="7;" HEIGHT="46" WIDTH="52" VPOS="1775" HPOS="897"/>
<SP HEIGHT="37" WIDTH="30" VPOS="1784" HPOS="950"/>
<String CS="1" CONTENT="aff."/>
<SP HEIGHT="40" WIDTH="29" VPOS="1773" HPOS="1065"/>
<String CONTENT="Nov." HEIGHT="39" WIDTH="115" VPOS="1773" HPOS="1095"/>
<SP HEIGHT="39" WIDTH="30" VPOS="1773" HPOS="1211"/>
<String CONTENT="6;" HEIGHT="47" WIDTH="53" VPOS="1773" HPOS="1242"/>
<SP HEIGHT="47" WIDTH="29" VPOS="1773" HPOS="1296"/>
<!-- cceid 861822F2-6D82-1014-B070-FDFD250A9EDA --><String CONTENT="A" HEIGHT="39" WIDTH="42" VPOS="1773" HPOS="1326"/>
<SP HEIGHT="39" WIDTH="27" VPOS="1773" HPOS="1369"/>
<String CONTENT="77119;" HEIGHT="48" WIDTH="168" VPOS="1771" HPOS="1397"/>
<SP HEIGHT="46" WIDTH="31" VPOS="1772" HPOS="1566"/>
<String CONTENT="Thomas" HEIGHT="38" WIDTH="210" VPOS="1772" HPOS="1598"/>
<SP HEIGHT="38" WIDTH="29" VPOS="1772" HPOS="1809"/>
<String CONTENT="P." HEIGHT="39" WIDTH="50" VPOS="1772" HPOS="1839"/>
<SP HEIGHT="40" WIDTH="30" VPOS="1771" HPOS="1890"/>
<String CONTENT="Robinson," HEIGHT="49" WIDTH="261" VPOS="1768" HPOS="1921"/>
</TextLine>
<TextLine HEIGHT="51" WIDTH="547" VPOS="1830" HPOS="249">
<String CONTENT="Boston." HEIGHT="40" WIDTH="196" VPOS="1834" HPOS="249"/>
<SP HEIGHT="48" WIDTH="70" VPOS="1831" HPOS="446"/>
<String CONTENT="(35-27094)" HEIGHT="51" WIDTH="279" VPOS="1830" HPOS="517"/>
</TextLine>
<TextLine HEIGHT="70" WIDTH="1010" VPOS="1918" HPOS="185" STYLEREFS="StyleId-D365D2A3-D2EA-431F-9B7B-3AAE7E0CDE15-">
<String CONTENT="Roos," HEIGHT="67" WIDTH="172" VPOS="1921" HPOS="185"/>
<SP HEIGHT="63" WIDTH="30" VPOS="1924" HPOS="357"/>
<String CONTENT="Charles" HEIGHT="58" WIDTH="247" VPOS="1919" HPOS="387"/>
<SP HEIGHT="52" WIDTH="23" VPOS="1923" HPOS="635"/>
<String CONTENT="Frederick," HEIGHT="66" WIDTH="335" VPOS="1920" HPOS="659"/>
<SP HEIGHT="58" WIDTH="31" VPOS="1928" HPOS="994"/>
<String CONTENT="1901-" HEIGHT="51" WIDTH="169" VPOS="1925" HPOS="1025"/>
</TextLine>
<TextLine HEIGHT="76" WIDTH="1804" VPOS="1990" HPOS="259" STYLEREFS="StyleId-F1E01A79-A492-480F-B679-DC8319C16AEC-" CS="1">
<String CONTENT="Dynamic" HEIGHT="70" WIDTH="283" VPOS="1996" HPOS="259"/>
<SP HEIGHT="36" WIDTH="24" VPOS="2016" HPOS="543"/>
<String CONTENT="economics;" HEIGHT="69" WIDTH="335" VPOS="1996" HPOS="568"/>
<SP HEIGHT="60" WIDTH="26" VPOS="2004" HPOS="904"/>
<String CONTENT="theoretical" HEIGHT="57" WIDTH="329" VPOS="1994" HPOS="931"/>
<SP HEIGHT="53" WIDTH="26" VPOS="1997" HPOS="1261"/>
<String CONTENT="and" HEIGHT="53" WIDTH="113" VPOS="1997" HPOS="1288"/>
<SP HEIGHT="53" WIDTH="27" VPOS="1997" HPOS="1402"/>
<String CONTENT="statistical" HEIGHT="58" WIDTH="305" VPOS="1992" HPOS="1430"/>
<SP HEIGHT="54" WIDTH="22" VPOS="1992" HPOS="1736"/>
<String CONTENT="studies" HEIGHT="55" WIDTH="213" VPOS="1992" HPOS="1759"/>
<SP HEIGHT="35" WIDTH="24" VPOS="2011" HPOS="1973"/>
<String CONTENT="of" HEIGHT="56" WIDTH="65" VPOS="1990" HPOS="1998"/>
</TextLine>
<TextLine HEIGHT="154" WIDTH="1970" VPOS="1991" HPOS="190" STYLEREFS="StyleId-F1E01A79-A492-480F-B679-DC8319C16AEC-" CS="1">
<String CONTENT="demand," HEIGHT="154" WIDTH="1970" VPOS="1991" HPOS="190"/>
<SP HEIGHT="50" WIDTH="38" VPOS="2094" HPOS="381"/>
<String CONTENT="production" HEIGHT="71" WIDTH="341" VPOS="2073" HPOS="420"/>
<SP HEIGHT="33" WIDTH="39" VPOS="2093" HPOS="762"/>
<String CONTENT="and" HEIGHT="52" WIDTH="113" VPOS="2074" HPOS="802"/>
<SP HEIGHT="69" WIDTH="34" VPOS="2074" HPOS="916"/>
<String CONTENT="prices," HEIGHT="70" WIDTH="200" VPOS="2073" HPOS="951"/>
<SP HEIGHT="69" WIDTH="36" VPOS="2073" HPOS="1152"/>
<String CONTENT="by" HEIGHT="68" WIDTH="75" VPOS="2073" HPOS="1189"/>
<SP HEIGHT="70" WIDTH="39" VPOS="2071" HPOS="1265"/>
<String CONTENT="Charles" HEIGHT="57" WIDTH="236" VPOS="2070" HPOS="1305"/>
<SP HEIGHT="52" WIDTH="36" VPOS="2072" HPOS="1542"/>
<String CONTENT="Frederick" HEIGHT="55" WIDTH="308" VPOS="2070" HPOS="1579"/>
<SP HEIGHT="53" WIDTH="38" VPOS="2069" HPOS="1888"/>
<String CONTENT="Roos" HEIGHT="53" WIDTH="150" VPOS="2070" HPOS="1927"/>
<SP HEIGHT="34" WIDTH="43" VPOS="2089" HPOS="2078"/>
<String CS="1" CONTENT="&#8230;"/>
</TextLine>
<TextLine HEIGHT="76" WIDTH="1657" VPOS="2147" HPOS="191" STYLEREFS="StyleId-F1E01A79-A492-480F-B679-DC8319C16AEC-">
<String CONTENT="Bloomington," HEIGHT="71" WIDTH="422" VPOS="2150" HPOS="191"/>
<SP HEIGHT="68" WIDTH="31" VPOS="2152" HPOS="614"/>
<String CONTENT="Ind.," HEIGHT="67" WIDTH="146" VPOS="2152" HPOS="646"/>
<SP HEIGHT="67" WIDTH="29" VPOS="2152" HPOS="793"/>
<String CONTENT="The" HEIGHT="52" WIDTH="119" VPOS="2152" HPOS="823"/>
<SP HEIGHT="53" WIDTH="32" VPOS="2151" HPOS="943"/>
<String CONTENT="Principia" HEIGHT="69" WIDTH="296" VPOS="2150" HPOS="976"/>
<SP HEIGHT="50" WIDTH="30" VPOS="2168" HPOS="1273"/>
<String CONTENT="press," HEIGHT="53" WIDTH="174" VPOS="2167" HPOS="1304"/>
<SP HEIGHT="69" WIDTH="27" VPOS="2150" HPOS="1479"/>
<String CONTENT="inc." HEIGHT="53" WIDTH="109" VPOS="2150" HPOS="1507"/>
<SP HEIGHT="35" WIDTH="35" VPOS="2183" HPOS="1617"/>
<String STYLE="subscript" CONTENT="[" HEIGHT="35" WIDTH="14" VPOS="2183" HPOS="1653"/>
<String STYLE="superscript" CONTENT="c" HEIGHT="23" WIDTH="19" VPOS="2154" HPOS="1670"/>
<String CONTENT="1934" HEIGHT="50" WIDTH="135" VPOS="2151" HPOS="1694"/>
<String STYLE="subscript" CONTENT="]" HEIGHT="36" WIDTH="15" VPOS="2181" HPOS="1833"/>
</TextLine>
<TextLine HEIGHT="56" WIDTH="1923" VPOS="2219" HPOS="260" CS="1">
<String CONTENT="xvi," HEIGHT="48" WIDTH="96" VPOS="2224" HPOS="260"/>
<SP HEIGHT="49" WIDTH="37" VPOS="2223" HPOS="357"/>
<String CONTENT="275" HEIGHT="41" WIDTH="87" VPOS="2223" HPOS="395"/>
<SP HEIGHT="49" WIDTH="32" VPOS="2223" HPOS="483"/>
<String CONTENT="p." HEIGHT="37" WIDTH="43" VPOS="2235" HPOS="516"/>
<SP HEIGHT="40" WIDTH="73" VPOS="2224" HPOS="560"/>
<String CONTENT="diagrs." HEIGHT="47" WIDTH="178" VPOS="2224" HPOS="634"/>
<SP HEIGHT="39" WIDTH="74" VPOS="2224" HPOS="813"/>
<String CONTENT="26" HEIGHT="40" WIDTH="56" VPOS="2223" HPOS="888"/>
<String STYLE="superscript" CONTENT="cm" HEIGHT="23" WIDTH="44" VPOS="2224" HPOS="946"/>
<String CONTENT="." HEIGHT="9" WIDTH="9" VPOS="2254" HPOS="995"/>
<SP/>
<String CONTENT="(Half-title:" HEIGHT="52" WIDTH="300" VPOS="2221" HPOS="1088"/>
<SP HEIGHT="40" WIDTH="35" VPOS="2225" HPOS="1389"/>
<String CONTENT="Monographs" HEIGHT="49" WIDTH="325" VPOS="2223" HPOS="1425"/>
<SP HEIGHT="30" WIDTH="38" VPOS="2232" HPOS="1751"/>
<String CONTENT="of" HEIGHT="40" WIDTH="52" VPOS="2222" HPOS="1790"/>
<SP HEIGHT="40" WIDTH="34" VPOS="2222" HPOS="1843"/>
<String CONTENT="the" HEIGHT="39" WIDTH="83" VPOS="2223" HPOS="1878"/>
<SP HEIGHT="41" WIDTH="35" VPOS="2222" HPOS="1962"/>
<String CONTENT="Cowles" HEIGHT="41" WIDTH="185" VPOS="2222" HPOS="1998"/>
</TextLine>
<TextLine HEIGHT="53" WIDTH="1264" VPOS="2279" HPOS="191">
<String CONTENT="commission" HEIGHT="41" WIDTH="305" VPOS="2281" HPOS="191"/>
<SP HEIGHT="40" WIDTH="27" VPOS="2281" HPOS="497"/>
<String CONTENT="for" HEIGHT="40" WIDTH="78" VPOS="2281" HPOS="525"/>
<SP HEIGHT="30" WIDTH="27" VPOS="2290" HPOS="604"/>
<String CONTENT="research" HEIGHT="40" WIDTH="224" VPOS="2281" HPOS="632"/>
<SP HEIGHT="40" WIDTH="27" VPOS="2281" HPOS="857"/>
<String CONTENT="in" HEIGHT="39" WIDTH="50" VPOS="2281" HPOS="885"/>
<SP HEIGHT="30" WIDTH="24" VPOS="2291" HPOS="936"/>
<String CONTENT="economics," HEIGHT="43" WIDTH="280" VPOS="2279" HPOS="961"/>
<SP HEIGHT="31" WIDTH="58" VPOS="2290" HPOS="1242"/>
<String CONTENT="no." HEIGHT="33" WIDTH="76" VPOS="2289" HPOS="1301"/>
<SP HEIGHT="41" WIDTH="26" VPOS="2281" HPOS="1378"/>
<String CONTENT="1)" HEIGHT="49" WIDTH="50" VPOS="2280" HPOS="1405"/>
</TextLine>
<TextLine HEIGHT="59" WIDTH="1998" VPOS="2332" HPOS="188" CS="1">
<String CONTENT="&#169;" HEIGHT="55" WIDTH="53" VPOS="2336" HPOS="188"/>
<SP HEIGHT="54" WIDTH="22" VPOS="2336" HPOS="242"/>
<String CONTENT="Dec." HEIGHT="39" WIDTH="112" VPOS="2343" HPOS="265"/>
<SP HEIGHT="39" WIDTH="26" VPOS="2342" HPOS="378"/>
<String CONTENT="5," HEIGHT="46" WIDTH="39" VPOS="2342" HPOS="405"/>
<SP HEIGHT="46" WIDTH="24" VPOS="2342" HPOS="445"/>
<String CONTENT="1934;" HEIGHT="48" WIDTH="142" VPOS="2340" HPOS="470"/>
<SP HEIGHT="47" WIDTH="25" VPOS="2341" HPOS="613"/>
<String CONTENT="2c." HEIGHT="40" WIDTH="68" VPOS="2341" HPOS="639"/>
<SP HEIGHT="38" WIDTH="24" VPOS="2342" HPOS="708"/>
<String CONTENT="Jan." HEIGHT="38" WIDTH="109" VPOS="2342" HPOS="733"/>
<SP HEIGHT="39" WIDTH="23" VPOS="2340" HPOS="843"/>
<String CONTENT="28," HEIGHT="48" WIDTH="71" VPOS="2340" HPOS="867"/>
<SP HEIGHT="47" WIDTH="24" VPOS="2341" HPOS="939"/>
<String CONTENT="1935;" HEIGHT="49" WIDTH="142" VPOS="2339" HPOS="964"/>
<SP HEIGHT="38" WIDTH="25" VPOS="2349" HPOS="1107"/>
<String CS="1" CONTENT="aff." HEIGHT="28" WIDTH="84" VPOS="2352" HPOS="1133"/>
<SP HEIGHT="40" WIDTH="27" VPOS="2340" HPOS="1218"/>
<String CONTENT="Jan." HEIGHT="40" WIDTH="110" VPOS="2340" HPOS="1246"/>
<SP HEIGHT="40" WIDTH="23" VPOS="2340" HPOS="1357"/>
<String CONTENT="26;" HEIGHT="49" WIDTH="84" VPOS="2339" HPOS="1381"/>
<SP HEIGHT="49" WIDTH="26" VPOS="2339" HPOS="1466"/>
<!-- cceid 8618D9E8-6D82-1014-B070-FDFD250A9EDA --><String CONTENT="A" HEIGHT="39" WIDTH="44" VPOS="2339" HPOS="1493"/>
<SP HEIGHT="41" WIDTH="22" VPOS="2339" HPOS="1538"/>
<String CONTENT="80230;" HEIGHT="48" WIDTH="171" VPOS="2338" HPOS="1561"/>
<SP HEIGHT="47" WIDTH="26" VPOS="2339" HPOS="1733"/>
<String CONTENT="Principia" HEIGHT="50" WIDTH="247" VPOS="2336" HPOS="1760"/>
<SP HEIGHT="38" WIDTH="26" VPOS="2348" HPOS="2008"/>
<String CONTENT="press," HEIGHT="39" WIDTH="151" VPOS="2347" HPOS="2035"/>
</TextLine>
<TextLine HEIGHT="51" WIDTH="413" VPOS="2396" HPOS="254">
<String CONTENT="inc." HEIGHT="42" WIDTH="92" VPOS="2397" HPOS="254"/>
<SP HEIGHT="48" WIDTH="70" VPOS="2398" HPOS="346"/>
<String CONTENT="(35-3292)" HEIGHT="51" WIDTH="251" VPOS="2396" HPOS="416"/>
</TextLine>
<TextLine HEIGHT="72" WIDTH="1195" VPOS="2483" HPOS="189" STYLEREFS="StyleId-D365D2A3-D2EA-431F-9B7B-3AAE7E0CDE15-">
<String CONTENT="Rusk," HEIGHT="68" WIDTH="181" VPOS="2485" HPOS="189"/>
<SP HEIGHT="63" WIDTH="27" VPOS="2489" HPOS="371"/>
<String CONTENT="William" HEIGHT="55" WIDTH="256" VPOS="2487" HPOS="399"/>
<SP HEIGHT="53" WIDTH="27" VPOS="2489" HPOS="656"/>
<String CONTENT="Sener," HEIGHT="64" WIDTH="200" VPOS="2489" HPOS="684"/>
<SP HEIGHT="60" WIDTH="31" VPOS="2493" HPOS="885"/>
<String CONTENT="1892-" HEIGHT="50" WIDTH="171" VPOS="2492" HPOS="917"/>
<SP HEIGHT="36" WIDTH="208" VPOS="2505" HPOS="1089"/>
<String CONTENT="ed." HEIGHT="54" WIDTH="86" VPOS="2487" HPOS="1298"/>
</TextLine>
<TextLine HEIGHT="73" WIDTH="1928" VPOS="2560" HPOS="258" STYLEREFS="StyleId-F1E01A79-A492-480F-B679-DC8319C16AEC-">
<String CONTENT="Methods" HEIGHT="55" WIDTH="267" VPOS="2564" HPOS="258"/>
<SP HEIGHT="34" WIDTH="30" VPOS="2585" HPOS="526"/>
<String CONTENT="of" HEIGHT="53" WIDTH="64" VPOS="2565" HPOS="557"/>
<SP HEIGHT="54" WIDTH="32" VPOS="2564" HPOS="622"/>
<String CONTENT="teaching" HEIGHT="66" WIDTH="265" VPOS="2566" HPOS="655"/>
<SP HEIGHT="61" WIDTH="29" VPOS="2571" HPOS="921"/>
<String CONTENT="the" HEIGHT="54" WIDTH="97" VPOS="2564" HPOS="951"/>
<SP HEIGHT="53" WIDTH="29" VPOS="2564" HPOS="1049"/>
<String CONTENT="fine" HEIGHT="54" WIDTH="108" VPOS="2564" HPOS="1079"/>
<SP HEIGHT="33" WIDTH="32" VPOS="2585" HPOS="1188"/>
<String CONTENT="arts," HEIGHT="61" WIDTH="134" VPOS="2570" HPOS="1221"/>
<SP HEIGHT="48" WIDTH="31" VPOS="2583" HPOS="1356"/>
<String CONTENT="edited" HEIGHT="54" WIDTH="191" VPOS="2563" HPOS="1388"/>
<SP HEIGHT="53" WIDTH="27" VPOS="2563" HPOS="1580"/>
<String CONTENT="by" HEIGHT="66" WIDTH="76" VPOS="2563" HPOS="1608"/>
<SP HEIGHT="65" WIDTH="29" VPOS="2564" HPOS="1685"/>
<String CONTENT="William" HEIGHT="55" WIDTH="262" VPOS="2562" HPOS="1715"/>
<SP HEIGHT="56" WIDTH="32" VPOS="2560" HPOS="1978"/>
<String CONTENT="Sener" HEIGHT="56" WIDTH="175" VPOS="2560" HPOS="2011"/>
</TextLine>
<TextLine HEIGHT="74" WIDTH="1997" VPOS="2637" HPOS="189" STYLEREFS="StyleId-F1E01A79-A492-480F-B679-DC8319C16AEC-">
<String CONTENT="Rusk." HEIGHT="54" WIDTH="177" VPOS="2641" HPOS="189"/>
<SP HEIGHT="56" WIDTH="68" VPOS="2641" HPOS="367"/>
<String CONTENT="Chapel" HEIGHT="70" WIDTH="219" VPOS="2640" HPOS="436"/>
<SP HEIGHT="52" WIDTH="32" VPOS="2643" HPOS="656"/>
<String CONTENT="Hill," HEIGHT="66" WIDTH="148" VPOS="2643" HPOS="689"/>
<SP HEIGHT="66" WIDTH="30" VPOS="2643" HPOS="838"/>
<String CONTENT="The" HEIGHT="52" WIDTH="121" VPOS="2643" HPOS="869"/>
<SP HEIGHT="54" WIDTH="31" VPOS="2643" HPOS="991"/>
<String CONTENT="University" HEIGHT="67" WIDTH="336" VPOS="2642" HPOS="1023"/>
<SP HEIGHT="48" WIDTH="32" VPOS="2660" HPOS="1360"/>
<String CONTENT="of" HEIGHT="54" WIDTH="62" VPOS="2641" HPOS="1393"/>
<SP HEIGHT="54" WIDTH="29" VPOS="2640" HPOS="1456"/>
<String CONTENT="North" HEIGHT="52" WIDTH="188" VPOS="2641" HPOS="1486"/>
<SP HEIGHT="56" WIDTH="31" VPOS="2639" HPOS="1675"/>
<String CONTENT="Carolina" HEIGHT="57" WIDTH="272" VPOS="2638" HPOS="1707"/>
<SP HEIGHT="49" WIDTH="30" VPOS="2657" HPOS="1980"/>
<String CONTENT="press," HEIGHT="49" WIDTH="175" VPOS="2657" HPOS="2011"/>
</TextLine>
<TextLine HEIGHT="52" WIDTH="149" VPOS="2722" HPOS="191" STYLEREFS="StyleId-F1E01A79-A492-480F-B679-DC8319C16AEC-">
<String CONTENT="1935." HEIGHT="52" WIDTH="149" VPOS="2722" HPOS="191"/>
</TextLine>
<TextLine HEIGHT="50" WIDTH="409" VPOS="2789" HPOS="259" CS="1">
<String CONTENT="x," HEIGHT="37" WIDTH="48" VPOS="2801" HPOS="259"/>
<SP/>
<String CONTENT="220" HEIGHT="41" WIDTH="88" VPOS="2790" HPOS="334"/>
<SP HEIGHT="49" WIDTH="27" VPOS="2790" HPOS="423"/>
<String CONTENT="p." HEIGHT="37" WIDTH="46" VPOS="2802" HPOS="450"/>
<SP HEIGHT="41" WIDTH="54" VPOS="2790" HPOS="496"/>
<String CONTENT="22" HEIGHT="40" WIDTH="56" VPOS="2790" HPOS="551"/>
<String STYLE="superscript" CONTENT="cm" HEIGHT="23" WIDTH="44" VPOS="2792" HPOS="610"/>
<String CONTENT="." HEIGHT="9" WIDTH="9" VPOS="2822" HPOS="658"/>
</TextLine>
<TextLine HEIGHT="57" WIDTH="1922" VPOS="2842" HPOS="261">
<String CONTENT="A" HEIGHT="39" WIDTH="42" VPOS="2846" HPOS="261"/>
<SP HEIGHT="42" WIDTH="31" VPOS="2846" HPOS="304"/>
<String CONTENT="series" HEIGHT="41" WIDTH="149" VPOS="2847" HPOS="336"/>
<SP HEIGHT="30" WIDTH="34" VPOS="2858" HPOS="486"/>
<String CONTENT="of" HEIGHT="41" WIDTH="53" VPOS="2847" HPOS="521"/>
<SP HEIGHT="40" WIDTH="30" VPOS="2847" HPOS="575"/>
<String CONTENT="articles" HEIGHT="42" WIDTH="198" VPOS="2846" HPOS="606"/>
<SP HEIGHT="39" WIDTH="31" VPOS="2848" HPOS="805"/>
<String CONTENT="describing" HEIGHT="50" WIDTH="275" VPOS="2847" HPOS="837"/>
<SP HEIGHT="47" WIDTH="29" VPOS="2849" HPOS="1113"/>
<String CONTENT="the" HEIGHT="41" WIDTH="83" VPOS="2847" HPOS="1143"/>
<SP HEIGHT="30" WIDTH="30" VPOS="2858" HPOS="1227"/>
<String CONTENT="various" HEIGHT="41" WIDTH="198" VPOS="2847" HPOS="1258"/>
<SP HEIGHT="31" WIDTH="31" VPOS="2857" HPOS="1457"/>
<String CONTENT="methods" HEIGHT="41" WIDTH="222" VPOS="2847" HPOS="1489"/>
<SP HEIGHT="30" WIDTH="33" VPOS="2857" HPOS="1712"/>
<String CONTENT="of" HEIGHT="41" WIDTH="52" VPOS="2846" HPOS="1746"/>
<SP HEIGHT="41" WIDTH="30" VPOS="2846" HPOS="1799"/>
<String CONTENT="teaching" HEIGHT="50" WIDTH="228" VPOS="2846" HPOS="1830"/>
<SP HEIGHT="38" WIDTH="30" VPOS="2857" HPOS="2059"/>
<String CONTENT="art," HEIGHT="46" WIDTH="93" VPOS="2848" HPOS="2090"/>
</TextLine>
<TextLine HEIGHT="55" WIDTH="967" VPOS="2900" HPOS="191">
<String CONTENT="from" HEIGHT="44" WIDTH="127" VPOS="2902" HPOS="191"/>
<SP HEIGHT="39" WIDTH="26" VPOS="2905" HPOS="319"/>
<String CONTENT="kindergarten" HEIGHT="50" WIDTH="348" VPOS="2903" HPOS="346"/>
<SP HEIGHT="36" WIDTH="27" VPOS="2908" HPOS="695"/>
<String CONTENT="to" HEIGHT="37" WIDTH="49" VPOS="2908" HPOS="723"/>
<SP HEIGHT="30" WIDTH="26" VPOS="2915" HPOS="773"/>
<String CONTENT="adult" HEIGHT="40" WIDTH="140" VPOS="2905" HPOS="800"/>
<SP HEIGHT="46" WIDTH="26" VPOS="2907" HPOS="941"/>
<String CONTENT="groups." HEIGHT="39" WIDTH="190" VPOS="2914" HPOS="968"/>
</TextLine>
<TextLine HEIGHT="61" WIDTH="1993" VPOS="2952" HPOS="194" CS="1">
<String CONTENT="&#169;" HEIGHT="55" WIDTH="52" VPOS="2956" HPOS="194"/>
<SP HEIGHT="54" WIDTH="24" VPOS="2956" HPOS="247"/>
<String CONTENT="Jan." HEIGHT="40" WIDTH="108" VPOS="2961" HPOS="272"/>
<SP HEIGHT="40" WIDTH="26" VPOS="2961" HPOS="381"/>
<String CONTENT="29," HEIGHT="44" WIDTH="70" VPOS="2961" HPOS="408"/>
<SP HEIGHT="43" WIDTH="23" VPOS="2962" HPOS="479"/>
<String CONTENT="1935;" HEIGHT="48" WIDTH="141" VPOS="2960" HPOS="503"/>
<SP HEIGHT="47" WIDTH="27" VPOS="2960" HPOS="645"/>
<String CONTENT="2c." HEIGHT="40" WIDTH="65" VPOS="2960" HPOS="673"/>
<SP HEIGHT="38" WIDTH="28" VPOS="2961" HPOS="739"/>
<String CONTENT="Feb." HEIGHT="39" WIDTH="110" VPOS="2961" HPOS="768"/>
<SP HEIGHT="39" WIDTH="23" VPOS="2960" HPOS="879"/>
<String CONTENT="21;" HEIGHT="47" WIDTH="82" VPOS="2960" HPOS="903"/>
<SP HEIGHT="35" WIDTH="29" VPOS="2972" HPOS="986"/>
<String CS="1" CONTENT="aff."/>
<SP HEIGHT="37" WIDTH="26" VPOS="2961" HPOS="1097"/>
<String CONTENT="Feb." HEIGHT="39" WIDTH="112" VPOS="2961" HPOS="1124"/>
<SP HEIGHT="39" WIDTH="24" VPOS="2961" HPOS="1237"/>
<String CS="1" CONTENT="25;" HEIGHT="38" WIDTH="54" VPOS="2961" HPOS="1262"/>
<SP HEIGHT="45" WIDTH="27" VPOS="2961" HPOS="1345"/>
<!-- cceid 86198F20-6D82-1014-B070-FDFD250A9EDA --><String CONTENT="A" HEIGHT="38" WIDTH="40" VPOS="2961" HPOS="1373"/>
<SP HEIGHT="40" WIDTH="26" VPOS="2960" HPOS="1414"/>
<String CONTENT="80590;" HEIGHT="49" WIDTH="169" VPOS="2959" HPOS="1441"/>
<SP HEIGHT="46" WIDTH="30" VPOS="2961" HPOS="1611"/>
<String CONTENT="University" HEIGHT="50" WIDTH="283" VPOS="2959" HPOS="1642"/>
<SP HEIGHT="37" WIDTH="25" VPOS="2971" HPOS="1926"/>
<String CONTENT="of" HEIGHT="39" WIDTH="54" VPOS="2961" HPOS="1952"/>
<SP HEIGHT="38" WIDTH="24" VPOS="2961" HPOS="2007"/>
<String CONTENT="North" HEIGHT="38" WIDTH="155" VPOS="2961" HPOS="2032"/>
</TextLine>
<TextLine HEIGHT="50" WIDTH="732" VPOS="3016" HPOS="261">
<String CONTENT="Carolina" HEIGHT="41" WIDTH="228" VPOS="3018" HPOS="261"/>
<SP HEIGHT="37" WIDTH="30" VPOS="3028" HPOS="490"/>
<String CONTENT="press." HEIGHT="38" WIDTH="151" VPOS="3027" HPOS="521"/>
<SP HEIGHT="48" WIDTH="69" VPOS="3017" HPOS="673"/>
<String CONTENT="(35-3234)" HEIGHT="49" WIDTH="250" VPOS="3016" HPOS="743"/>
</TextLine>
<TextLine HEIGHT="73" WIDTH="929" VPOS="3103" HPOS="193" STYLEREFS="StyleId-D365D2A3-D2EA-431F-9B7B-3AAE7E0CDE15-">
<String CONTENT="Schermerhorn," HEIGHT="72" WIDTH="481" VPOS="3104" HPOS="193"/>
<SP HEIGHT="65" WIDTH="26" VPOS="3109" HPOS="675"/>
<String CONTENT="James," HEIGHT="63" WIDTH="221" VPOS="3109" HPOS="702"/>
<SP HEIGHT="58" WIDTH="25" VPOS="3114" HPOS="924"/>
<String CONTENT="1865-" HEIGHT="53" WIDTH="172" VPOS="3110" HPOS="950"/>
</TextLine>
<TextLine HEIGHT="78" WIDTH="1915" VPOS="3178" HPOS="269" STYLEREFS="StyleId-F1E01A79-A492-480F-B679-DC8319C16AEC-">
<String CONTENT="Schermerhorn&#8217;s" HEIGHT="59" WIDTH="488" VPOS="3181" HPOS="269"/>
<SP HEIGHT="34" WIDTH="39" VPOS="3205" HPOS="758"/>
<String CONTENT="speeches" HEIGHT="68" WIDTH="259" VPOS="3184" HPOS="798"/>
<SP HEIGHT="55" WIDTH="40" VPOS="3185" HPOS="1058"/>
<String CONTENT="for" HEIGHT="53" WIDTH="92" VPOS="3185" HPOS="1099"/>
<SP HEIGHT="34" WIDTH="38" VPOS="3204" HPOS="1192"/>
<String CONTENT="all" HEIGHT="53" WIDTH="77" VPOS="3185" HPOS="1231"/>
<SP HEIGHT="54" WIDTH="40" VPOS="3185" HPOS="1309"/>
<String CONTENT="occasions," HEIGHT="72" WIDTH="300" VPOS="3182" HPOS="1350"/>
<SP HEIGHT="69" WIDTH="40" VPOS="3184" HPOS="1651"/>
<String CONTENT="including" HEIGHT="70" WIDTH="299" VPOS="3183" HPOS="1692"/>
<SP HEIGHT="69" WIDTH="39" VPOS="3183" HPOS="1992"/>
<String CONTENT="&#8220;new" HEIGHT="54" WIDTH="152" VPOS="3183" HPOS="2032"/>
</TextLine>
<TextLine HEIGHT="155" WIDTH="1960" VPOS="3257" HPOS="199" STYLEREFS="StyleId-F1E01A79-A492-480F-B679-DC8319C16AEC-" CS="1">
<String CONTENT="deal&#8221;" HEIGHT="57" WIDTH="160" VPOS="3261" HPOS="200"/>
<SP HEIGHT="53" WIDTH="32" VPOS="3263" HPOS="361"/>
<String CONTENT="speeches," HEIGHT="65" WIDTH="276" VPOS="3264" HPOS="394"/>
<SP HEIGHT="64" WIDTH="33" VPOS="3264" HPOS="671"/>
<String CONTENT="by" HEIGHT="67" WIDTH="73" VPOS="3264" HPOS="705"/>
<SP HEIGHT="47" WIDTH="33" VPOS="3284" HPOS="779"/>
<String CONTENT="James" HEIGHT="50" WIDTH="176" VPOS="3267" HPOS="830"/>
<SP HEIGHT="55" WIDTH="36" VPOS="3265" HPOS="1007"/>
<String CONTENT="Schermerhorn" HEIGHT="57" WIDTH="443" VPOS="3263" HPOS="1044"/>
<SP HEIGHT="36" WIDTH="37" VPOS="3282" HPOS="1488"/>
<String CS="1" CONTENT="&#8230;"/>
<SP HEIGHT="54" WIDTH="77" VPOS="3263" HPOS="1584"/>
<String CONTENT="New" HEIGHT="53" WIDTH="138" VPOS="3263" HPOS="1662"/>
<SP HEIGHT="54" WIDTH="35" VPOS="3262" HPOS="1801"/>
<String CONTENT="York," HEIGHT="59" WIDTH="180" VPOS="3261" HPOS="1837"/>
<SP HEIGHT="56" WIDTH="34" VPOS="3263" HPOS="2018"/>
<String CONTENT="Chicago," HEIGHT="148" WIDTH="1960" VPOS="3261" HPOS="199"/>
<SP HEIGHT="65" WIDTH="26" VPOS="3343" HPOS="355"/>
<String CONTENT="A." HEIGHT="52" WIDTH="70" VPOS="3343" HPOS="382"/>
<SP HEIGHT="52" WIDTH="29" VPOS="3343" HPOS="453"/>
<String CONTENT="L." HEIGHT="50" WIDTH="63" VPOS="3343" HPOS="483"/>
<SP HEIGHT="50" WIDTH="32" VPOS="3344" HPOS="547"/>
<String CONTENT="Burt" HEIGHT="53" WIDTH="144" VPOS="3343" HPOS="580"/>
<SP HEIGHT="45" WIDTH="30" VPOS="3350" HPOS="725"/>
<String CONTENT="company" HEIGHT="50" WIDTH="279" VPOS="3360" HPOS="756"/>
<SP/>
<String CS="1" CONTENT="[c1935]" HEIGHT="32" WIDTH="11" VPOS="3376" HPOS="1248"/>
</TextLine>
<TextLine HEIGHT="51" WIDTH="812" VPOS="3411" HPOS="272" CS="1">
<String CONTENT="1" HEIGHT="37" WIDTH="24" VPOS="3415" HPOS="272"/>
<SP/>
<String CONTENT="p." HEIGHT="38" WIDTH="43" VPOS="3422" HPOS="323"/>
<SP HEIGHT="40" WIDTH="24" VPOS="3414" HPOS="367"/>
<String CS="1" CONTENT="l.,"/>
<SP HEIGHT="35" WIDTH="25" VPOS="3424" HPOS="437"/>
<String CONTENT="v-vii" HEIGHT="40" WIDTH="125" VPOS="3413" HPOS="463"/>
<SP HEIGHT="49" WIDTH="29" VPOS="3413" HPOS="589"/>
<String CS="1" CONTENT="p.," HEIGHT="38" WIDTH="27" VPOS="3424" HPOS="619"/>
<SP HEIGHT="38" WIDTH="29" VPOS="3416" HPOS="675"/>
<String CONTENT="1" HEIGHT="36" WIDTH="19" VPOS="3416" HPOS="705"/>
<SP HEIGHT="38" WIDTH="30" VPOS="3415" HPOS="725"/>
<String CS="1" CONTENT="l.,"/>
<SP HEIGHT="41" WIDTH="26" VPOS="3415" HPOS="798"/>
<String CONTENT="320" HEIGHT="38" WIDTH="85" VPOS="3414" HPOS="825"/>
<SP HEIGHT="46" WIDTH="24" VPOS="3415" HPOS="911"/>
<String CONTENT="p." HEIGHT="36" WIDTH="41" VPOS="3425" HPOS="936"/>
<SP HEIGHT="39" WIDTH="58" VPOS="3415" HPOS="978"/>
<String CONTENT="21" HEIGHT="38" WIDTH="47" VPOS="3414" HPOS="1037"/>
<String STYLE="superscript" CS="1" CONTENT="cm."/>
</TextLine>
<TextLine HEIGHT="62" WIDTH="1994" VPOS="3461" HPOS="197" CS="1">
<String CONTENT="&#169;" HEIGHT="54" WIDTH="51" VPOS="3465" HPOS="197"/>
<SP HEIGHT="53" WIDTH="23" VPOS="3465" HPOS="249"/>
<String CONTENT="Feb." HEIGHT="39" WIDTH="110" VPOS="3471" HPOS="273"/>
<SP HEIGHT="39" WIDTH="22" VPOS="3471" HPOS="384"/>
<String CONTENT="28," HEIGHT="46" WIDTH="68" VPOS="3471" HPOS="407"/>
<SP HEIGHT="45" WIDTH="24" VPOS="3472" HPOS="476"/>
<String CONTENT="1935;" HEIGHT="47" WIDTH="140" VPOS="3470" HPOS="501"/>
<SP HEIGHT="46" WIDTH="25" VPOS="3470" HPOS="642"/>
<String CONTENT="2c." HEIGHT="41" WIDTH="67" VPOS="3470" HPOS="668"/>
<SP HEIGHT="29" WIDTH="23" VPOS="3482" HPOS="736"/>
<String CONTENT="and" HEIGHT="38" WIDTH="96" VPOS="3473" HPOS="760"/>
<SP HEIGHT="38" WIDTH="21" VPOS="3473" HPOS="857"/>
<String CS="1" CONTENT="aff."/>
<SP HEIGHT="38" WIDTH="25" VPOS="3473" HPOS="960"/>
<String CONTENT="Mar." HEIGHT="39" WIDTH="122" VPOS="3472" HPOS="986"/>
<SP HEIGHT="39" WIDTH="21" VPOS="3471" HPOS="1109"/>
<String CONTENT="1;" HEIGHT="45" WIDTH="52" VPOS="3471" HPOS="1131"/>
<SP HEIGHT="45" WIDTH="25" VPOS="3471" HPOS="1184"/>
<!-- cceid 861A4BE0-6D82-1014-B070-FDFD250A9EDA --><String CONTENT="A" HEIGHT="38" WIDTH="40" VPOS="3471" HPOS="1210"/>
<SP HEIGHT="40" WIDTH="23" VPOS="3471" HPOS="1251"/>
<String CS="1" CONTENT="80675;" HEIGHT="41" WIDTH="142" VPOS="3470" HPOS="1275"/>
<SP HEIGHT="47" WIDTH="27" VPOS="3471" HPOS="1446"/>
<String CONTENT="A." HEIGHT="41" WIDTH="53" VPOS="3470" HPOS="1474"/>
<SP HEIGHT="39" WIDTH="24" VPOS="3471" HPOS="1528"/>
<String CONTENT="L." HEIGHT="39" WIDTH="50" VPOS="3471" HPOS="1553"/>
<SP HEIGHT="39" WIDTH="24" VPOS="3471" HPOS="1604"/>
<String CONTENT="Burt" HEIGHT="39" WIDTH="124" VPOS="3471" HPOS="1629"/>
<SP HEIGHT="38" WIDTH="23" VPOS="3472" HPOS="1754"/>
<String CONTENT="co." HEIGHT="28" WIDTH="68" VPOS="3481" HPOS="1778"/>
<SP HEIGHT="31" WIDTH="63" VPOS="3488" HPOS="1847"/>
<String CONTENT="[Copyright" HEIGHT="49" WIDTH="280" VPOS="3469" HPOS="1911"/>
</TextLine>
<TextLine HEIGHT="52" WIDTH="985" VPOS="3525" HPOS="264">
<String CONTENT="is" HEIGHT="39" WIDTH="43" VPOS="3527" HPOS="264"/>
<SP HEIGHT="29" WIDTH="28" VPOS="3538" HPOS="308"/>
<String CONTENT="claimed" HEIGHT="40" WIDTH="205" VPOS="3527" HPOS="337"/>
<SP HEIGHT="38" WIDTH="31" VPOS="3529" HPOS="543"/>
<String CONTENT="on" HEIGHT="31" WIDTH="60" VPOS="3536" HPOS="575"/>
<SP HEIGHT="29" WIDTH="33" VPOS="3537" HPOS="636"/>
<String CONTENT="appendix]" HEIGHT="48" WIDTH="257" VPOS="3528" HPOS="670"/>
<SP HEIGHT="46" WIDTH="71" VPOS="3530" HPOS="928"/>
<String CONTENT="(35-3345)" HEIGHT="49" WIDTH="249" VPOS="3526" HPOS="1000"/>
</TextLine>
<TextLine HEIGHT="68" WIDTH="650" VPOS="3614" HPOS="198" STYLEREFS="StyleId-D365D2A3-D2EA-431F-9B7B-3AAE7E0CDE15-">
<String CONTENT="Sherbowsky," HEIGHT="67" WIDTH="410" VPOS="3615" HPOS="198"/>
<SP HEIGHT="63" WIDTH="29" VPOS="3618" HPOS="609"/>
<String CONTENT="David." HEIGHT="56" WIDTH="209" VPOS="3617" HPOS="639"/>
</TextLine>
<TextLine HEIGHT="78" WIDTH="1912" VPOS="3687" HPOS="273" STYLEREFS="StyleId-F1E01A79-A492-480F-B679-DC8319C16AEC-">
<String CONTENT="An" HEIGHT="54" WIDTH="95" VPOS="3691" HPOS="273"/>
<SP HEIGHT="34" WIDTH="49" VPOS="3711" HPOS="369"/>
<String CONTENT="outline" HEIGHT="55" WIDTH="214" VPOS="3692" HPOS="419"/>
<SP HEIGHT="35" WIDTH="48" VPOS="3712" HPOS="634"/>
<String CONTENT="of" HEIGHT="53" WIDTH="64" VPOS="3694" HPOS="683"/>
<SP HEIGHT="51" WIDTH="49" VPOS="3694" HPOS="748"/>
<String CONTENT="behaviorology&#8212;the" HEIGHT="71" WIDTH="607" VPOS="3692" HPOS="798"/>
<SP HEIGHT="50" WIDTH="49" VPOS="3712" HPOS="1406"/>
<String CONTENT="psychology," HEIGHT="68" WIDTH="364" VPOS="3694" HPOS="1456"/>
<SP HEIGHT="66" WIDTH="54" VPOS="3695" HPOS="1821"/>
<String CONTENT="by" HEIGHT="68" WIDTH="69" VPOS="3694" HPOS="1876"/>
<SP HEIGHT="65" WIDTH="50" VPOS="3696" HPOS="1946"/>
<String CONTENT="David" HEIGHT="52" WIDTH="188" VPOS="3694" HPOS="1997"/>
</TextLine>
<TextLine HEIGHT="75" WIDTH="992" VPOS="3765" HPOS="204" STYLEREFS="StyleId-F1E01A79-A492-480F-B679-DC8319C16AEC-">
<String CONTENT="Sherbowsky." HEIGHT="71" WIDTH="391" VPOS="3767" HPOS="204"/>
<SP HEIGHT="52" WIDTH="74" VPOS="3773" HPOS="596"/>
<String CONTENT="New" HEIGHT="51" WIDTH="136" VPOS="3773" HPOS="671"/>
<SP HEIGHT="50" WIDTH="32" VPOS="3774" HPOS="808"/>
<String CONTENT="York," HEIGHT="65" WIDTH="176" VPOS="3774" HPOS="841"/>
<SP HEIGHT="60" WIDTH="29" VPOS="3779" HPOS="1018"/>
<String CONTENT="1935." HEIGHT="49" WIDTH="148" VPOS="3776" HPOS="1048"/>
</TextLine>
<TextLine HEIGHT="51" WIDTH="571" VPOS="3840" HPOS="274">
<String CONTENT="119" HEIGHT="42" WIDTH="87" VPOS="3841" HPOS="274"/>
<SP HEIGHT="48" WIDTH="25" VPOS="3842" HPOS="362"/>
<String CONTENT="p." HEIGHT="38" WIDTH="43" VPOS="3852" HPOS="388"/>
<SP HEIGHT="41" WIDTH="58" VPOS="3842" HPOS="432"/>
<String CONTENT="diagrs." HEIGHT="50" WIDTH="178" VPOS="3841" HPOS="491"/>
<SP HEIGHT="41" WIDTH="58" VPOS="3843" HPOS="670"/>
<String CONTENT="21" HEIGHT="39" WIDTH="52" VPOS="3843" HPOS="729"/>
<String STYLE="superscript" CONTENT="cm" HEIGHT="21" WIDTH="43" VPOS="3846" HPOS="787"/>
<String CONTENT="." HEIGHT="8" WIDTH="10" VPOS="3878" HPOS="835"/>
</TextLine>
<TextLine HEIGHT="62" WIDTH="1987" VPOS="3890" HPOS="203" CS="1">
<String CONTENT="&#169;" HEIGHT="54" WIDTH="51" VPOS="3894" HPOS="203"/>
<SP HEIGHT="53" WIDTH="22" VPOS="3894" HPOS="255"/>
<String CONTENT="Feb." HEIGHT="40" WIDTH="109" VPOS="3899" HPOS="278"/>
<SP HEIGHT="38" WIDTH="23" VPOS="3901" HPOS="388"/>
<String CONTENT="15," HEIGHT="46" WIDTH="68" VPOS="3901" HPOS="412"/>
<SP HEIGHT="46" WIDTH="21" VPOS="3901" HPOS="481"/>
<String CS="1" CONTENT="1935;" HEIGHT="40" WIDTH="113" VPOS="3900" HPOS="503"/>
<SP HEIGHT="45" WIDTH="24" VPOS="3901" HPOS="644"/>
<String CONTENT="2c." HEIGHT="39" WIDTH="66" VPOS="3901" HPOS="669"/>
<SP HEIGHT="28" WIDTH="22" VPOS="3912" HPOS="736"/>
<String CONTENT="and" HEIGHT="38" WIDTH="97" VPOS="3902" HPOS="759"/>
<SP HEIGHT="39" WIDTH="20" VPOS="3902" HPOS="857"/>
<String CS="1" CONTENT="aff."/>
<SP HEIGHT="38" WIDTH="25" VPOS="3902" HPOS="960"/>
<String CONTENT="Feb." HEIGHT="40" WIDTH="109" VPOS="3901" HPOS="986"/>
<SP HEIGHT="38" WIDTH="23" VPOS="3901" HPOS="1096"/>
<String CONTENT="21;" HEIGHT="46" WIDTH="81" VPOS="3901" HPOS="1120"/>
<SP HEIGHT="45" WIDTH="24" VPOS="3902" HPOS="1202"/>
<!-- cceid 861B0192-6D82-1014-B070-FDFD250A9EDA --><String CONTENT="A" HEIGHT="38" WIDTH="40" VPOS="3902" HPOS="1227"/>
<SP HEIGHT="39" WIDTH="21" VPOS="3902" HPOS="1268"/>
<String CONTENT="80533;" HEIGHT="46" WIDTH="169" VPOS="3901" HPOS="1290"/>
<SP HEIGHT="46" WIDTH="25" VPOS="3901" HPOS="1460"/>
<String CONTENT="D." HEIGHT="39" WIDTH="57" VPOS="3901" HPOS="1486"/>
<SP HEIGHT="40" WIDTH="26" VPOS="3900" HPOS="1544"/>
<String CONTENT="Sherbowsky," HEIGHT="46" WIDTH="332" VPOS="3900" HPOS="1571"/>
<SP HEIGHT="46" WIDTH="26" VPOS="3900" HPOS="1904"/>
<String CONTENT="Brooklyn." HEIGHT="48" WIDTH="259" VPOS="3899" HPOS="1931"/>
</TextLine>
<TextLine HEIGHT="48" WIDTH="248" VPOS="3956" HPOS="277">
<String CONTENT="(35-3327)" HEIGHT="48" WIDTH="248" VPOS="3956" HPOS="277"/>
</TextLine>
</TextBlock>
</PrintSpace>
</Page>
</Layout>
</alto>