2424 4375
1197 4068 133 49 1042

275 438 145 53 New
459 441 160 51 York
660 442 357 66 supplement;
1089 458 149 35 cases
1279 441 213 67 argued
1532 442 111 51 and
1684 440 349 54 determined
2068 442 62 53 in
2168 442 94 52 the

347 518 181 53 Court
564 518 63 53 of
668 521 249 64 appeals,
961 518 274 67 Supreme
1275 519 113 51 and
1427 519 171 52 lower
1638 525 188 45 courts
1864 519 62 52 of
1966 519 195 52 record
2201 518 63 53 of

345 596 138 52 New
512 595 161 54 York
699 600 163 61 state,
889 596 140 53 with
1055 595 107 68 key
1190 596 237 53 number
1456 596 375 53 annotations,
1897 598 223 51 volume
2146 597 117 52 277.

349 673 430 68 March-April,
806 676 147 50 1935.
1016 673 81 56 St.
1124 676 164 64 Paul,
1310 676 160 53 West
1494 673 332 69 publishing
1850 693 98 48 co.,
1975 678 148 50 1935.

342 759 112 34 XXX,
482 746 127 46 1023,
641 747 101 48 [74],
769 746 53 40 61
848 757 43 37 p.
946 746 55 39 24
1005 747 43 22 cm
1054 778 9 9 .

275 801 52 52 ©
357 805 115 46 July
501 803 67 47 12,
600 802 112 41 1935;
772 802 67 41 2c.
868 804 117 47 Aug.
1016 803 27 39 6;
1104 802 80 40 aff.
1215 804 121 47 Aug.
1367 804 52 46 5;
1451 804 40 38 A
1521 803 170 48 85386;
1724 805 134 39 West
1889 804 110 48 pub.
2031 815 67 29 co.

278 924 141 51 New
448 923 159 53 York
639 922 349 63 university.

347 1000 193 53 Elmer
597 1000 310 52 Ellsworth
964 1001 227 61 Brown,
1248 1001 229 66 August
1530 1004 84 56 28,
1672 1001 488 52 1861-November
2215 1006 48 60 3,

278 1081 150 63 1934,
457 1078 232 53 seventh
717 1078 318 53 chancellor
1064 1076 64 54 of
1153 1078 139 52 New
1321 1077 162 53 York
1509 1077 332 67 university.
1917 1079 137 52 New
2086 1079 178 66 York,

276 1158 136 52 New
446 1157 162 53 York
637 1155 333 68 university,
1004 1160 148 49 1935.

348 1229 68 48 53,
447 1230 55 49 [1]
531 1239 44 38 p.
602 1229 110 41 incl.
737 1228 27 40 2
791 1235 122 41 port.
941 1227 134 48 (incl.
1103 1228 175 46 front.)
1347 1227 55 40 24½
1434 1230 44 21 cm
1484 1260 9 8 .

351 1285 112 42 “500
504 1285 160 48 copies
706 1285 192 48 printed
939 1285 80 40 for
1058 1284 117 41 New
1216 1285 130 39 York
1388 1284 268 48 university
1700 1288 48 36 at
1794 1288 79 37 the
1917 1286 156 47 Spiral
2115 1296 149 39 press,

276 1344 117 40 New
421 1342 173 41 York.”

625 1422 59 5 CONTENTS.—
684 1400 74 48 pt.
806 1398 42 41 1.
897 1398 248 40 Memorial
1197 1398 181 41 service
1428 1398 77 39 for
1554 1399 162 39 Elmer
1764 1399 260 40 Ellsworth
2074 1400 191 47 Brown,

278 1458 201 39 seventh
517 1457 274 40 chancellor
828 1456 51 41 of
917 1456 114 40 New
1070 1456 129 39 York
1237 1455 286 49 university,
1562 1456 111 40 held
1713 1457 219 46 January
1972 1457 67 45 17,
2079 1456 186 41 1935.—

279 1515 67 46 pt.
379 1512 41 41 2.
453 1513 227 40 Tributes
712 1514 47 39 in
790 1522 212 38 memory
1036 1513 51 40 of
1119 1512 285 41 Chancellor
1435 1513 325 48 Brown.—pt.
1791 1511 43 42 3.
1866 1513 399 48 Representative

277 1570 254 41 editorials
558 1570 128 39 from
714 1569 183 41 alumni
929 1571 92 39 and
1054 1570 198 41 student
1283 1569 324 48 publications
1635 1570 95 39 and
1761 1570 80 40 the
1872 1570 159 48 public
2061 1581 148 37 press.

273 1624 55 52 ©
357 1629 125 40 June
514 1628 37 43 8,
583 1628 112 39 1935;
755 1628 65 39 2c.
853 1629 92 37 and
979 1627 82 39 aff.
1094 1628 126 38 June
1248 1627 83 45 21;
1364 1628 42 37 A
1433 1627 169 45 84345;
1635 1628 116 37 New
1781 1628 130 38 York
1945 1629 127 37 univ.

354 1684 279 48 (35-12019)

275 1786 279 66 Nicholls,
585 1789 237 55 Ernest.

346 1876 192 54 Crime
571 1875 203 53 within
808 1877 94 52 the
937 1894 199 50 square
1171 1876 162 66 mile;
1373 1875 95 53 the
1505 1875 219 69 history
1764 1874 63 54 of
1863 1875 172 53 crime
2073 1875 59 53 in
2170 1874 96 54 the

273 1953 114 70 city
409 1953 64 53 of
494 1954 259 67 London,
775 1954 73 69 by
872 1952 269 56 ex-Chief
1167 1952 586 68 detective-inspector
1777 1953 206 53 Ernest
2008 1952 255 54 Nicholls

332 2029 1930 70 … with an introduction by ex-Chief detective-inspector John
275 2107 1328 70 Willis … London, J. Long, limited, 1935.
343 2181 83 42 293
454 2193 41 36 p.
556 2182 161 44 front.,
745 2181 168 48 plates,
941 2183 162 46 ports.,
1133 2181 214 41 facsims.
1405 2180 57 40 24
1465 2183 43 21 cm
1514 2216 6 5 .

275 2238 52 52 ©
383 2252 37 29 1c.
449 2241 116 47 July
594 2241 39 46 5,
662 2239 141 48 1935;
834 2241 39 38 A
900 2241 61 38 ad
989 2240 87 40 int.
1104 2239 170 46 20364;
1307 2240 142 48 pubd.
1481 2241 113 46 May
1622 2239 52 46 9;
1709 2241 51 39 E.
1791 2240 229 47 Nicholls,
2053 2241 211 40 London.

353 2297 279 49 (35-12453)

277 2399 195 52 North
512 2405 220 48 eastern
771 2405 282 62 reporter;
1095 2418 147 34 cases
1283 2400 212 67 argued
1535 2400 112 51 and
1686 2400 348 52 determined
2073 2400 60 53 in
2170 2400 94 52 the

346 2483 186 48 courts
565 2478 61 54 of
659 2478 243 66 Illinois,
933 2477 265 66 Indiana,
1228 2478 458 65 Massachusetts,
1717 2478 137 52 New
1886 2477 179 67 York,
2096 2477 168 67 Ohio,

350 2558 138 52 with
533 2557 106 65 key
684 2557 237 52 number
964 2556 377 53 annotations,
1421 2557 224 51 volume
1691 2559 113 49 195.
1885 2555 379 69 April-June,

350 2639 148 48 1935.
563 2634 82 55 St,
672 2634 164 66 Paul,
861 2636 157 53 West
1043 2633 335 68 publishing
1402 2651 97 50 co.,
1529 2637 148 50 1935.

342 2720 78 32 XX,
450 2708 113 38 1025
590 2718 40 36 p.
687 2706 55 39 26
746 2709 42 21 cm
795 2737 9 8 .

275 2761 52 52 ©
351 2765 113 46 July
486 2764 68 46 19,
578 2762 113 41 1935;
743 2762 68 40 2c.
835 2763 118 47 Aug.
976 2762 52 46 6;
1053 2762 82 39 aff.
1159 2763 119 46 Aug.
1302 2762 52 47 5;
1379 2762 39 38 A
1442 2760 169 48 85390;
1636 2762 134 39 West
1795 2762 107 47 pub.
1927 2770 69 31 co.

278 2864 210 55 Pacific
515 2870 271 63 reporter.
851 2863 216 55 Second
1094 2863 183 55 series.
1341 2864 166 54 Cases
1536 2865 212 66 argued
1776 2865 110 53 and
1914 2865 348 53 determined

348 2943 59 52 in
438 2944 96 51 the
563 2947 187 48 courts
781 2942 63 54 of
871 2943 268 63 Arizona,
1171 2941 341 67 California,
1544 2943 299 66 Colorado,
1872 2942 202 67 Idaho,
350 2943 1887 141 Kansas,

504 3022 296 65 Montana,
851 3020 251 65 Nevada,
1153 3021 137 51 New
1339 3020 240 66 Mexico,
1629 3019 337 66 Oklahoma,
2017 3018 246 70 Oregon,

348 3098 176 67 Utah,
548 3098 400 67 Washington,
973 3097 327 67 Wyoming,
1326 3096 139 53 with
1490 3097 106 67 key
1621 3097 236 53 number
1885 3099 374 53 annotations,

349 3178 222 51 volume
606 3178 66 49 42
704 3176 127 66 (2d)
875 3174 367 68 April-May,
1280 3178 147 49 1935.
1502 3174 81 55 St.
1620 3176 163 66 Paul,
1816 3178 161 52 West
351 3176 1886 144 publishing
477 3272 97 47 co.,
603 3256 148 50 1935.

344 3327 98 44 xix,
471 3325 117 41 1223
615 3337 42 37 p.
713 3325 56 40 26
771 3328 44 20 cm
819 3356 7 8 .

277 3379 52 52 ©
353 3383 115 48 July
490 3382 68 48 12,
581 3381 113 41 1935;
745 3381 65 40 2c.
837 3382 117 46 Aug.
977 3380 26 40 6;
1056 3380 81 40 aff.
1160 3381 116 46 Aug.
1302 3379 25 40 5;
1377 3381 39 38 A
1440 3380 142 41 85385;
1636 3382 134 38 West
1792 3382 106 47 pub.
1924 3391 67 30 co.

280 3471 242 63 Pagani,
552 3471 293 52 Humbert
872 3471 193 61 Peter,
1100 3471 169 54 1878-

346 3550 102 49 200
482 3566 161 48 years
683 3546 65 53 of
785 3546 369 54 Catholicism
1190 3547 57 52 in
1289 3545 276 55 Indiana:
1606 3565 69 33 an
1716 3544 288 55 authentic
2042 3544 220 70 history

271 3623 63 53 of
372 3625 96 52 the
506 3624 217 53 diocese
760 3626 64 51 of
862 3622 415 69 Indianapolis,
1316 3623 276 66 formerly
1631 3623 94 53 the
1765 3624 216 52 diocese
2018 3622 64 52 of
271 3624 1965 134 Vincennes,

520 3699 1740 70 by Humbert P. Pagani … Indianapolis, Ind., H. P.
272 3778 458 67 Pagani [ c 1934]
349 3851 54 41 39
429 3863 41 37 p.
498 3852 110 39 incl.
635 3851 163 47 front.,
828 3850 140 48 illus.,
998 3854 148 44 ports.
1203 3849 55 41 23
1261 3852 44 22 cm
1310 3881 7 9 .

282 3904 52 52 ©
362 3909 120 46 Aug.
510 3907 69 47 29,
609 3907 114 40 1934;
778 3907 68 41 2c.
874 3909 116 45 May
1016 3907 68 47 15,
1113 3907 114 39 1935;
1286 3905 82 41 aff.
1399 3907 113 47 May
1545 3906 54 40 13;
1659 3906 39 38 A
1729 3905 144 40 83190;
1930 3904 333 48 Indianapolis

347 3965 159 39 Times
535 3965 95 39 and
658 3964 237 39 Humbert
925 3965 48 38 P.
1004 3963 196 48 Pagani,
1232 3961 344 49 Indianapolis.
1651 3961 276 47 (35-12055)
