2526 4384
1160 4011 102 52 235

199 397 435 62 Morganstern,
666 395 324 56 Abraham.

273 472 301 54 Marranos
629 472 112 52 and
796 473 161 52 other
1009 488 190 51 poems
1354 505 13 34 [by]
1427 470 296 53 Abraham
1774 470 418 69 Morganstern.

208 550 228 68 Boston,
466 550 67 51 R.
562 548 67 55 G.
657 548 230 69 Badger

273 620 550 48 2 p. l., 3-70 p. 21 cm .
203 677 53 53 ©
282 682 108 39 Jan.
419 681 69 47 28,
519 680 140 47 1935;
690 681 68 40 2c.
787 682 98 39 and
911 680 80 41 aff.
1023 680 109 40 Feb.
1162 681 82 46 18;
1274 681 42 38 A
1344 679 170 49 79691;
1546 680 53 39 A.
1631 682 354 47 Morganstern,
271 681 1907 105 Brooklyn.
436 736 250 51 (35-3899)

200 842 227 65 Munro,
455 843 202 63 Harry
682 841 198 65 Clyde,
909 846 170 50 1890-

269 919 124 54 The
427 918 257 55 effective
721 921 164 52 adult
920 920 170 63 class;
1130 939 31 33 a
1198 918 173 69 guide
1408 918 95 54 for
1538 919 332 66 improving
1904 920 97 52 the
2038 919 156 53 work

202 997 63 52 of
309 996 162 54 adult
512 998 201 51 classes
754 997 62 52 in
856 998 96 52 the
993 996 209 53 church
1243 1014 65 35 or
1352 995 238 67 Sunday
1630 996 208 67 school,
1878 996 76 67 by
1996 996 198 68 Harry

202 1072 1993 68 C. Munro … prepared in co-operation with the Committee
203 1169 72 34 on
304 1150 269 67 religious
604 1150 301 53 education
933 1150 64 53 of
1028 1150 188 53 adults
1246 1150 112 53 and
1385 1148 97 55 the
1511 1148 340 57 Committee
1879 1168 71 35 on

201 1150 1971 144 leadership
365 1228 257 66 training
658 1227 63 53 of
753 1228 96 52 the
882 1226 419 54 International
1337 1227 219 53 council
1591 1226 64 53 of
1689 1227 271 65 religious
202 1227 1969 130 education.
403 1304 84 56 St.
513 1304 192 67 Louis,
731 1304 134 66 Mo.,
891 1303 123 53 The
1039 1303 268 67 Bethany
1332 1321 157 48 press
1520 1336 14 33 f
1537 1309 20 21 c
1560 1305 154 64 1934]

272 1377 54 42 84
354 1390 42 37 p.
455 1376 58 42 16½cm.

272 1435 320 41 “References
618 1434 80 40 for
723 1434 196 40 further
948 1432 257 49 reading”:
1234 1445 43 37 p.
1307 1433 158 41 75-76.

205 1489 53 53 ©
293 1493 112 48 Apr.
444 1492 71 48 23,
552 1492 141 46 1934;
732 1491 67 40 2c.
836 1492 99 38 and
971 1490 82 41 aff.
1092 1491 108 39 Jan.
1239 1491 69 47 21,
1348 1490 141 47 1935;
1528 1491 43 38 A
1606 1489 169 49 79299;
1818 1491 60 39 H.
1920 1491 49 40 G.
2009 1491 189 48 Munro,

274 1549 221 49 Chicago.
566 1547 251 51 (35-3451)

202 1651 144 55 New
387 1655 213 62 Jersey
638 1651 425 53 miscellaneous
1104 1655 249 63 reports;
1398 1651 333 68 containing
1771 1669 150 36 cases
1963 1651 235 53 decided

275 1731 60 52 in
362 1732 96 52 the
491 1731 179 54 Court
699 1729 63 53 of
791 1747 186 36 errors
1007 1730 113 52 and
1150 1729 251 68 appeals,
1434 1730 178 54 Court
1643 1729 64 53 of
1737 1731 294 67 chancery,
275 1733 1898 144 Prerogative

565 1809 113 52 and
713 1808 274 67 Supreme
1019 1811 188 50 courts
1238 1807 185 52 which
1457 1824 97 35 are
1581 1812 102 48 not
1713 1809 267 66 reported
2009 1809 63 52 in
2101 1810 97 51 the

266 1887 138 51 New
427 1889 198 65 Jersey
648 1886 110 52 law
780 1887 113 51 and
916 1886 193 66 equity
1130 1889 238 63 reports.
1426 1885 141 53 Also
1591 1885 319 68 important
1932 1905 149 35 cases
276 1887 1898 130 decided
466 1964 60 52 in
552 1965 97 52 the
673 1965 139 52 New
839 1966 201 64 Jersey
1069 1964 204 54 Courts
1302 1963 62 52 of
1391 1981 256 34 common
1676 1964 155 67 pleas
1861 1966 113 51 and
2000 1966 74 67 by
2103 1966 95 51 the

275 2046 340 64 surrogates,
642 2060 111 49 any
780 2041 244 67 changes
1050 2044 62 51 in
1140 2043 137 51 1934
1301 2041 62 52 in
1390 2042 98 52 the
1513 2042 150 52 rules
1689 2042 66 53 of
1782 2043 98 53 the
1905 2045 139 51 New
274 2045 1901 144 Jersey

399 2121 273 67 Supreme
700 2124 177 62 court,
904 2120 139 52 New
1070 2120 199 65 Jersey
1298 2121 181 54 Court
1505 2119 63 53 of
1596 2138 185 35 errors
1806 2122 114 52 and
1947 2123 252 67 appeals,

275 2199 138 53 New
446 2200 201 65 Jersey
683 2197 295 67 Chancery
1013 2198 111 51 and
1156 2197 377 67 Prerogative
1566 2203 205 51 courts.
1843 2200 167 54 Cases
2045 2200 155 53 from

276 2278 262 67 January
578 2281 101 62 1st.
718 2278 150 65 1934,
905 2281 59 48 to
1002 2277 261 66 January
1302 2278 101 66 1st.
1444 2279 151 50 1935.
1667 2278 290 68 Reported
1994 2279 75 68 by
2102 2280 97 52 the

277 2355 337 69 publishers’
664 2353 267 54 editorial
976 2350 151 56 staff.
1212 2354 243 53 Volume
1599 2400 10 11 XII.
1694 2356 263 69 Newark,
2006 2359 71 52 N.
2125 2360 75 67 J.,

278 2434 186 67 Soney
491 2437 45 50 &
564 2434 147 65 Sage
737 2449 96 50 co.,
863 2435 149 53 1935.

276 2509 65 46 xi,
370 2506 85 42 894
481 2519 44 37 p.
582 2505 59 41 23½
670 2508 44 21 cm
720 2537 8 8 .

208 2562 53 53 ©
287 2567 123 38 Mar.
437 2565 40 47 1,
504 2562 140 47 1935;
674 2562 66 40 2c.
770 2562 123 39 Mar.
921 2561 52 47 5;
1005 2560 81 41 aff.
1117 2561 121 39 Mar.
1267 2560 53 48 6;
1349 2561 43 40 A
1418 2561 170 48 80853;
1623 2562 157 49 Soney
1807 2563 37 41 &
1875 2563 124 49 Sage
2024 2575 66 30 co.

208 2708 1931 72 North eastern digest. January, 1935, cumulative pamphlet …
279 2788 83 55 St.
390 2788 166 67 Paul,
581 2790 161 53 West
768 2784 334 70 publishing
1129 2802 78 36 co.
1421 2817 13 35 [c1935]

277 2863 88 41 346
390 2874 44 37 p.
491 2860 58 41 24
550 2863 45 21 cm
598 2891 9 9 .

210 2917 53 53 ©
289 2922 110 39 Jan.
425 2919 69 47 25,
522 2916 140 48 1935;
691 2916 66 40 2c.
785 2916 96 39 and
908 2914 81 41 aff.
1020 2914 110 40 Feb.
1158 2914 83 47 28;
1270 2914 41 39 A
1338 2914 171 48 79904;
1539 2916 138 41 West
1702 2918 108 47 pub.
1841 2928 67 29 co.

256 3000 737 74 Ó Crohan, Tomás, 1856-
283 3069 1921 81 The islandman, by Tomás Ó Crohan; translated from the
215 3163 170 69 Irish,
427 3160 140 54 with
612 3179 72 33 an
727 3157 405 68 introduction,
1176 3156 74 69 by
1293 3157 189 54 Robin
1526 3159 239 53 Flower.
1840 3160 137 55 New
2025 3162 178 72 York,

217 3241 62 56 C.
309 3238 311 58 Scribner’s
645 3255 145 50 sons,
815 3238 152 51 1935.

281 3313 97 46 xvi,
405 3311 84 41 303
518 3321 43 37 p.
620 3309 164 47 front.,
813 3308 171 48 plates,
1015 3310 148 45 ports.
1222 3307 56 39 21
1281 3310 45 22 cm
1330 3339 9 9 .

283 3371 115 46 Map
421 3378 63 30 on
506 3366 363 47 lining-papers.

283 3422 410 49 Autobiography.

285 3482 218 48 Original
544 3481 50 38 in
633 3478 131 40 Irish
802 3477 109 41 first
949 3476 253 49 published
1243 3477 50 39 in
1330 3477 143 49 1929;
1516 3479 202 48 English
1760 3484 293 40 translation
2093 3485 106 42 first

216 3539 251 49 published
491 3536 128 41 1934.

214 3597 53 53 ©
300 3600 123 39 Mar.
457 3597 39 46 1,
529 3594 115 42 1935;
706 3593 68 40 2c.
808 3593 119 39 Mar.
961 3592 53 46 1;
1051 3590 79 41 aff.
1166 3592 121 40 Mar.
1321 3591 54 48 2;
1412 3593 40 38 A
1488 3593 170 48 80707;
1697 3594 201 43 Charles
1938 3599 265 43 Scribner’s

283 3666 125 30 sons.
479 3650 249 52 (35-3407)

212 3745 237 64 Olivier,
475 3741 203 56 Edith.

285 3812 1914 82 Mary Magdalen, by Edith Olivier … New York, London,
216 3902 71 52 D.
317 3894 576 71 Appleton-Century
921 3908 292 51 company,
1242 3889 417 72 incorporated,
1690 3900 149 52 1935.
