2526 4384
1168 4100 64 48 93

262 547 104 48 xlii,
395 546 87 41 466
510 557 44 37 p.
583 546 110 41 incl.
723 547 143 46 illus.,
897 545 171 50 plates.
1126 544 57 41 21
1186 547 45 22 cm
1234 577 10 9 .

264 604 162 40 “First
461 602 227 43 edition.”

195 670 51 52 ©
274 675 108 39 Jan.
409 674 70 47 30,
506 673 140 47 1935;
675 673 66 40 2c.
771 674 109 39 Jan.
906 672 84 47 31;
1020 670 80 42 aff.
1130 672 111 40 Feb.
1269 673 53 46 1;
1349 672 44 39 A
1418 671 171 48 79439;
1619 672 197 47 Harper
1840 671 38 41 &
1901 672 126 39 bros,

272 729 250 51 (35-1960)

190 834 245 65 Samsel,
463 834 257 53 Richard
751 833 295 57 Clarence.

191 922 2002 225 How to draw legal instruments, with forms; a manual explaining and illustrating the various classes of legal instruments in common use, by Richard C. Samsel … Chicago, La
191 1158 154 55 Salle
373 1159 292 54 extension
693 1157 319 68 university
1048 1191 12 34 [
1062 1164 22 21 ,c
1088 1161 151 63 1935;]

262 1234 26 39 3
314 1243 42 38 p.
417 1264 9 17 l.,
453 1232 89 40 133
564 1242 42 38 p.
660 1231 56 40 20½c
736 1234 28 21 m
767 1262 9 9 .

196 1299 53 52 ©
281 1304 109 39 Jan.
425 1304 40 47 7,
497 1301 141 48 1935;
675 1301 65 41 2c.
777 1302 109 39 Feb.
921 1303 53 46 1;
1010 1298 81 43 aff.
1125 1302 109 39 Jan.
1268 1301 83 47 31;
1385 1302 42 38 A
1461 1300 170 47 80304;
1669 1300 73 41 La
1776 1300 129 41 Salle
1939 1300 255 41 extension

264 1360 127 40 univ.
457 1358 281 51 [Copyright
765 1359 45 41 is
834 1358 205 42 claimed
1070 1370 59 30 on
1154 1368 108 31 new
1290 1369 122 38 copy
1438 1359 97 40 and
1562 1356 253 52 revisions]

273 1417 250 49 (35-1892)

193 1519 315 67 Sandford,
535 1521 278 53 Kenneth
842 1521 229 63 Stuart,
1102 1526 169 49 1899-

327 1609 1868 67 … Paleolithic man and the Nile valley in upper and middle
194 1689 228 67 Egypt;
456 1707 31 35 a
516 1689 174 66 study
719 1688 63 54 of
811 1689 96 53 the
936 1688 195 67 region
1163 1689 213 65 during
1404 1687 265 53 Pliocene
1701 1688 114 52 and
1844 1687 350 53 Pleistocene

193 1765 183 67 times,
413 1766 75 66 by
525 1766 76 53 K.
641 1766 58 55 S.
741 1765 315 55 Sandford.
1131 1765 272 67 Chicago,
1440 1765 116 66 Ill.,
1592 1765 122 53 The
1753 1765 338 67 University
2130 1764 63 53 of

194 1843 253 66 Chicago
480 1861 157 48 press
676 1845 174 65 [1934]

266 1914 100 48 xxi,
416 1913 85 41 131
549 1925 44 38 p.
653 1925 156 30 xxxix
926 1947 8 16 pl.,
985 1925 137 38 maps
1151 1916 49 47 (1
1249 1914 143 49 fold.)
1450 1914 180 50 diagrs.
1689 1914 58 40 30½
1780 1917 44 21 cm
1828 1947 9 9 .
1908 1915 124 48 (The

195 1916 1983 103 University
415 1971 51 41 of
499 1970 225 50 Chicago,
761 1970 223 43 Oriental
1016 1971 226 41 institute
1276 1971 339 49 publications,
1679 1972 91 40 vol.
1805 1972 151 48 XVIII)

268 2026 326 44 “Prehistoric
633 2039 177 37 survey
849 2028 52 40 of
938 2028 161 49 Egypt
1134 2029 98 39 and
1271 2030 207 39 western
1518 2028 271 41 Asia—vol.
1895 2028 37 40 III.”

267 2085 136 42 “List
429 2086 53 40 of
508 2084 420 42 abbreviations”:
958 2096 44 38 p.
1031 2096 79 30 xv.

198 2153 53 52 ©
280 2159 110 39 Dec.
420 2158 69 47 31,
521 2156 141 48 1934;
693 2157 66 39 2c.
793 2157 95 39 and
917 2155 81 41 aff.
1030 2157 109 39 Jan.
1168 2156 39 47 7,
1239 2155 141 47 1935;
1415 2156 43 38 A
1486 2154 170 49 79084;
1692 2155 284 49 University
2006 2157 52 39 of
265 2155 1913 107 Chicago,
423 2214 221 48 Chicago.
716 2212 253 49 (35-2041)

195 2320 166 54 Scott
389 2322 197 62 stamp
613 2320 115 53 and
757 2319 128 55 coin
912 2335 102 49 co.,
1040 2319 114 64 Pd.,
1180 2320 140 53 New
1350 2319 179 53 York.

270 2410 122 54 The
433 2411 275 67 specialty
750 2409 190 54 album
982 2408 96 56 for
1117 2408 351 69 Portuguese
1506 2413 236 64 postage
1782 2415 244 62 stamps;
200 2427 1973 114 contains
385 2506 192 49 spaces
610 2487 93 52 for
738 2505 167 51 every
939 2485 185 69 major
1157 2487 223 69 variety
1416 2487 63 52 of
1515 2493 235 62 postage
1785 2491 187 65 stamp
2010 2487 187 54 issued

199 2566 75 68 by
314 2565 280 68 Portugal
635 2566 113 52 and
786 2564 349 69 Portuguese
1177 2565 240 52 colonies
1456 2565 170 53 listed
1667 2566 60 51 in
1766 2565 97 54 the
1904 2564 293 55 Standard

201 2648 231 62 postage
455 2648 186 62 stamp
668 2642 309 68 catalogue,
1005 2644 134 50 1934
1161 2641 231 54 edition.
1467 2641 138 55 New
1626 2642 177 68 York,
1822 2642 161 55 Scott
2009 2650 187 63 stamp

199 2721 46 50 &
277 2718 126 55 coin
435 2738 291 50 company,
759 2719 124 69 ltd.,
910 2727 20 22 c
935 2722 150 49 1934.

269 2792 25 38 1
324 2802 42 30 v.
427 2792 128 39 illus.
615 2792 55 39 31
674 2794 44 21 cm
723 2823 9 9 .
802 2790 100 49 (On
930 2803 163 31 cover:
1125 2792 244 48 Specialty
1397 2792 175 48 series)

272 2848 70 40 On
373 2858 166 30 cover:
569 2848 234 48 Portugal
833 2849 95 40 and
956 2848 222 41 colonies.

269 2904 286 41 Loose-leaf.

202 2975 53 52 ©
289 2981 115 46 May
436 2979 69 48 28,
540 2979 141 47 1934;
716 2979 66 40 2c.
821 2980 108 39 Jan.
965 2979 40 47 2,
1043 2978 140 48 1935;
1222 2979 80 41 aff.
1338 2981 111 39 Dec.
1486 2981 70 47 31,
1592 2980 140 49 1934;
1771 2982 43 39 A
1846 2982 172 46 78835;
2061 2981 137 42 Scott

268 3039 161 46 stamp
456 3038 35 38 &
520 3036 108 41 coin
655 3047 81 36 co.,
767 3037 86 39 ltd.
924 3035 250 50 (35-1887)

196 3138 310 66 Shearing,
534 3139 240 64 Joseph.

266 3226 154 58 Moss
456 3247 138 50 rose,
627 3229 76 69 by
733 3231 217 66 Joseph
986 3229 299 70 Shearing.
1359 3231 139 53 New
1529 3232 180 66 York,
1740 3233 77 53 H.
1855 3232 189 56 Smith
2080 3234 110 52 and

200 3308 66 53 R.
293 3308 177 66 Haas,
499 3311 151 51 1935.

270 3379 554 48 4 p. l. , 340 p. 19½ cm .
203 3448 51 51 ©
278 3453 110 38 Feb.
412 3452 41 47 4,
478 3451 112 41 1935
609 3463 8 35 ;
644 3452 66 39 2c.
735 3453 95 39 and
855 3452 80 40 aff.
961 3452 109 40 Feb.
1097 3453 51 46 5;
1177 3453 40 38 A
1241 3451 170 48 80339;
1440 3452 243 41 Harrison
1709 3453 158 41 Smith
1892 3455 96 39 and
2059 3455 136 39 Robert

270 3509 151 47 Haas,
448 3509 89 39 inc.
609 3508 250 48 (35-1942)

199 3609 269 67 Shuster,
498 3613 133 54 Carl
659 3613 340 57 Nathaniel.

276 3687 1917 70 Field work in mathematics, by Carl N. Shuster … and Fred
206 3763 1989 72 L. Bedford … New York, Cincinnati [etc.] American book
206 3858 275 50 company
513 3875 12 34 [
527 3848 20 22 c
553 3844 151 65 1935]

273 3912 81 47 vii,
383 3912 85 40 168
497 3923 43 37 p.
600 3913 141 48 illus.,
773 3914 178 47 diagrs.
1012 3915 55 38 22
1070 3917 44 21 cm
1120 3946 7 8 .

206 3980 50 51 ©
288 3986 108 38 Jan.
426 3985 39 48 2,
496 3986 140 48 1935;
668 3986 65 41 2c.
764 3989 97 38 and
891 3987 82 41 aff.
1004 3989 109 39 Jan.
1145 3989 52 46 7;
1230 3989 42 38 A
1300 3988 170 48 79069;
1503 3991 159 39 Amer.
1693 3990 122 40 book
1847 4000 67 30 co.

283 4042 249 48 (35-1884)
