2424 4375
1084 4043 100 49 465

142 443 343 65 Kalmbach,
512 443 210 54 Albert
750 444 79 63 C.,
856 462 177 48 comp.

211 519 218 54 Official
463 521 173 65 guide
669 526 58 47 to
760 521 184 51 model
979 520 281 53 railroads
1293 521 63 52 in
1388 519 283 64 America,
1706 519 140 52 with
1882 519 127 52 club

143 518 1986 146 directory, compiled by A. C. Kalmbach … Wauwatosa, Wis.,
141 673 69 52 A.
241 674 62 55 C.
332 674 320 53 Kalmbach
680 677 45 50 &
751 692 97 45 co.,
875 675 151 52 1934.

210 753 639 51 18 p., 1 l. illus. 22½ cm .
211 823 72 41 On
310 835 167 30 cover:
509 824 112 41 1935
650 825 196 41 edition.

143 891 53 52 ©
224 895 102 40 Oct
353 896 40 45 3,
422 894 116 41 1934;
594 894 65 41 2c.
689 896 114 47 Apr.
832 895 39 47 6,
900 894 116 40 1935;
1072 894 82 41 aff.
1183 895 114 47 Apr.
1326 895 28 38 4;
1410 896 44 38 A
1480 894 146 41 81309;
1681 896 55 38 A.
1766 895 49 40 O.
1846 895 286 47 Kalmbach,

210 952 327 48 Wauwatosa,
574 952 117 40 Wis.
761 952 225 49 (35-5485
996 952 14 47 )

139 1068 217 65 Keays,
418 1070 259 64 Ethelyn
708 1071 278 64 (Emery)
1055 1072 172 54 “Mrs.
1285 1069 316 55 Frederick
1660 1071 159 53 Love
1874 1068 256 66 Keays,”
214 1150 171 51 1871-

143 1220 1964 134 Old roses, by Mrs. Frederick Love Keays … with 56 illustrations.
382 1300 135 52 New
552 1300 177 68 York,
761 1301 120 54 The
910 1299 333 54 Macmillan
1274 1318 296 51 company,
1605 1302 150 49 1935.

214 1386 65 47 xi,
309 1384 86 41 222
424 1396 43 37 p.
528 1385 142 49 illus.,
700 1386 171 48 plates.
929 1386 56 41 23½
1017 1389 45 22 cm
1065 1420 9 9 .

215 1456 274 40 “Libraries
516 1457 95 39 and
637 1466 106 29 rose
768 1455 176 41 books”:
998 1468 44 37 p.
1069 1456 218 42 205-208.

142 1525 53 52 ©
224 1530 121 39 Mar.
375 1530 39 47 5,
446 1528 112 42 1935;
617 1529 66 41 2c.
716 1529 95 40 and
843 1529 81 41 aff.
956 1531 121 38 Mar.
1109 1530 28 40 8;
1195 1530 41 39 A
1267 1530 145 40 80860;
1472 1530 281 40 Macmillan
1785 1541 67 29 co.

221 1586 280 48 (35-27108)

139 1703 245 67 Kleiser,
416 1703 311 67 Grenville,
760 1710 168 50 1868-
1140 1723 179 50 comp.

212 1784 137 51 Best
377 1782 258 66 speeches
666 1782 75 66 by
770 1783 248 52 eminent
1044 1782 280 67 speakers.
1390 1783 159 53 First
1578 1784 186 52 series.
1833 1782 298 66 Compiled

141 1858 76 68 by
249 1859 292 55 Grenville
572 1858 243 64 Kleiser,
850 1859 92 53 for
976 1860 95 53 the
1105 1859 281 53 exclusive
1418 1877 98 36 use
1549 1859 64 53 of
1646 1859 295 55 Grenville
140 1858 1969 132 Kleiser’s

310 1938 136 52 mail
484 1954 192 36 course
713 1937 273 53 students.
1057 1937 141 53 New
1236 1936 164 54 York
1436 1937 113 52 and
1584 1937 257 65 London,
1881 1937 170 51 Funk
2086 1940 46 50 &

142 2014 829 62 Wagnalls company [ c 1935]
212 2108 45 40 x,
288 2098 88 42 278
401 2110 45 38 p.
503 2099 57 40 21
564 2101 44 22 cm
611 2132 10 9 .

212 2167 72 42 On
314 2179 166 31 cover:
510 2169 170 41 Public
708 2169 244 49 speaking.

144 2236 52 54 ©
228 2242 113 46 Apr.
374 2241 40 46 5,
448 2239 117 41 1935;
621 2239 66 40 2c.
723 2241 95 39 and
851 2240 80 39 aff.
965 2241 114 47 Apr.
1113 2239 81 47 12;
1229 2240 41 39 A
1304 2239 170 48 82470;
1513 2240 52 40 G.
1600 2241 205 47 Kieiser,
1839 2242 117 39 New
1988 2242 145 38 York.

223 2297 250 49 (35-5516)

137 2415 222 65 Lynch,
389 2419 137 52 Mrs.
557 2416 217 53 Maude
799 2416 277 53 Barrows
1104 2415 289 65 (Dutton)
1434 2422 169 49 1880-

214 2493 201 67 Henry
448 2491 96 54 the
576 2490 332 70 Navigator,
940 2491 75 69 by
1048 2491 212 53 Maude
1292 2492 222 53 Dutton
1548 2491 227 69 Lynch;
1812 2490 320 57 illustrated

148 2569 74 69 by
253 2569 167 54 Boris
449 2567 419 71 Artzybasheff.
941 2569 138 53 New
1113 2568 177 68 York,
1321 2569 65 55 T.
1419 2568 211 55 Nelson
1661 2569 114 53 and
1805 2587 146 51 sons,
1983 2571 150 51 1935.

146 2654 1970 104 viii, 9-72 p. incl. front. (port.) illus. 19½ cm . (Half-title: Our changing
253 2712 893 47 world … editor: R. G. Reynolds)
215 2782 286 40 Illustrated
530 2783 359 47 lining-papers.

143 2852 53 52 ©
226 2856 108 40 Feb.
366 2857 70 47 18,
465 2856 141 47 1935;
638 2856 68 40 2c.
738 2857 111 38 Feb.
880 2855 82 49 21;
996 2856 81 40 aff.
1110 2857 110 39 Feb.
1252 2856 82 47 23;
1368 2859 41 37 A
1441 2857 169 47 79785;
1644 2858 211 39 Thomas
1888 2858 177 39 Nelson
2098 2857 36 39 &

210 2923 126 29 sons.
408 2913 250 48 (35-5578)

144 3011 299 66 Michigan
483 3015 200 68 digest.
760 3019 134 48 1934
929 3016 341 52 cumulative
1310 3020 210 50 annual
1556 3017 205 67 pocket
1793 3022 160 62 parts
1996 3016 130 67 [for]

214 3093 1593 69 vols. 1-15 … St. Paul, West publishing co. [ c 1935]
212 3181 54 38 15
293 3191 42 28 v.
391 3179 58 40 25
449 3182 44 21 cm
498 3212 8 7 .

215 3250 155 39 These
398 3251 276 46 pamphlets
702 3260 85 32 are
816 3254 47 37 to
892 3252 59 38 be
980 3250 140 40 fitted
1150 3250 101 41 into
1284 3252 81 39 the
1394 3252 196 47 pockets
1622 3254 54 37 at
1706 3251 83 40 the
1817 3251 121 38 back
1968 3251 54 39 of
2052 3252 81 39 the

145 3308 217 38 volumes
384 3307 52 40 of
460 3307 82 39 the
567 3311 73 36 set
665 3311 53 36 to
741 3308 157 39 which
926 3309 115 46 they
1066 3308 184 47 belong.

144 3371 54 53 ©
227 3377 121 39 Mar.
378 3376 68 47 28,
478 3375 115 41 1935;
650 3376 68 41 2c.
749 3377 115 40 each
895 3378 95 39 and
1022 3376 82 41 aff.
1135 3378 112 47 Apr.
1279 3377 59 39 26;
1394 3378 41 38 A
1468 3377 141 40 82683;
1672 3377 134 39 West
1837 3377 109 47 pub.
1979 3387 67 29 co.

140 3491 227 68 Mikels,
395 3497 137 52 Mrs.
559 3496 158 51 Rosa
742 3496 171 62 Mary
938 3494 327 65 (Redding)
1302 3501 172 49 1862-
1684 3496 84 53 ed.

217 3568 172 54 Short
424 3569 198 54 stories
660 3571 92 53 for
789 3572 243 67 English
1070 3589 236 49 courses,
1343 3572 187 53 edited
1566 3571 140 52 with
1741 3571 387 54 introduction

144 3648 1976 69 and notes by Rosa M. R. Mikels … New York, Chicago [etc.]
147 3724 774 70 C. Scribner’s sons [ c 1935]
213 3810 115 48 xvii,
356 3811 86 39 494
468 3823 43 37 p.
570 3811 55 39 19
628 3813 44 21 cm
677 3844 8 9 .

144 3878 53 52 ©
225 3883 121 38 Mar.
373 3882 70 45 23,
472 3880 116 41 1935;
641 3881 69 40 2c.
740 3883 96 38 and
863 3882 80 40 aff.
972 3883 112 47 Apr.
1115 3883 28 38 4;
1202 3883 41 37 A
1272 3881 143 41 81267;
1513 3883 164 38 Charles
1708 3881 263 41 Scribner’s
2001 3891 125 31 sons.

214 3938 278 48 [Copyright
527 3938 42 38 is
604 3938 202 40 claimed
843 3949 60 28 on
937 3942 152 44 notes]
1162 3938 250 49 (35-5463)
