2424 4375
978 4106 133 54 1271

136 561 155 40 “Most
328 560 52 41 of
417 560 83 41 the
537 560 226 48 chapters
800 560 124 40 have
959 560 118 40 been
1118 558 204 49 entirely
1361 558 485 43 rewritten.”—Pref.
1886 563 48 38 to
1975 560 82 41 the

64 618 84 39 4th
176 618 70 40 ed.

138 674 289 40 “Reference
454 672 175 41 books”
652 676 52 38 at
728 674 91 39 end
846 672 51 41 of
922 681 129 32 some
1077 673 52 40 of
1151 672 83 41 the
1258 672 237 48 chapters.

69 740 53 53 ©
149 746 126 47 Sept.
298 745 42 46 4,
365 744 118 40 1935;
531 744 66 40 2c.
626 745 128 46 Sept.
780 743 52 47 6;
861 742 80 41 aff.
972 744 130 46 Sept.
1125 743 51 46 5;
1204 743 40 38 A
1271 742 144 40 85787;
1472 742 100 40 Lea
1595 742 37 41 &
1656 741 217 49 Febiger.

148 801 279 48 (35-16576)

68 905 411 64 Untermeyer,
509 903 197 64 Louis,
740 909 167 49 1885-

139 981 254 57 Selected
437 1000 189 49 poems
670 982 110 52 and
826 980 261 68 parodies
1128 980 64 53 of
1232 978 173 55 Louis
1449 980 391 67 Untermeyer.
1915 982 135 52 New

67 1059 1397 68 York, Harcourt, Brace and company [ c 1935]
137 1145 84 50 xii,
252 1145 85 42 367
368 1155 43 38 p.
470 1144 59 39 22½
558 1147 44 22 cm
606 1177 10 10 .

68 1215 53 53 ©
151 1219 127 47 Sept.
308 1218 39 47 5,
379 1216 139 47 1935;
550 1217 68 40 2c.
647 1217 95 39 and
771 1215 81 40 aff.
885 1216 126 47 Sept.
1043 1216 55 39 17;
1158 1216 41 38 A
1228 1214 169 48 86329;
1430 1216 259 47 Harcourt,
1722 1217 157 40 Brace
1906 1216 39 41 &
1973 1227 82 37 co.,

133 1275 91 41 inc.
296 1272 280 51 (35-16449)

67 1378 211 65 Yerne,
306 1378 180 64 Jules,
517 1382 325 50 1828-1905.

134 1454 122 54 The
298 1452 337 70 mysterious
680 1452 205 68 island,
928 1450 75 70 by
1050 1450 161 55 Jules
1255 1451 189 54 Verne
1496 1493 57 11 …
1605 1449 324 56 illustrated
1977 1451 76 71 by

65 1529 222 72 George
324 1532 256 51 Lawson.
655 1529 219 68 Akron,
912 1528 88 69 O.,
1038 1529 138 52 New
1217 1528 181 69 York,
1437 1529 124 54 The
1600 1528 271 56 Saalfield
62 1534 1966 143 publishing

304 1610 506 66 company [ c 1935]
132 1694 86 41 410
245 1705 43 38 p.
319 1694 106 40 incl.
453 1695 86 39 col.
567 1693 162 48 front.,
760 1692 127 42 illus.
945 1691 118 42 21cm.

69 1764 53 53 ©
163 1767 125 49 Sept
329 1767 68 46 16,
438 1766 115 40 1935;
618 1766 67 39 2c.
727 1766 95 39 and
860 1765 81 39 aff.
984 1766 127 47 Sept.
1151 1764 55 41 23;
1276 1765 41 39 A
1356 1764 146 41 87219;
1570 1765 229 42 Saalfield
1838 1768 109 47 pub.
1988 1779 67 29 co.

140 1823 281 51 [Copyright
446 1823 46 40 is
517 1821 204 42 claimed
749 1833 60 29 on
837 1821 342 49 illustrations]
1252 1821 279 49 (35-16475)

134 1926 241 68 Twenty
414 1925 283 53 thousand
737 1924 223 69 leagues
1000 1924 181 52 under
1222 1923 99 54 the
1360 1942 110 50 sea,
1511 1923 77 70 by
1629 1924 162 55 Jules
1833 1925 216 67 Verne;

64 2002 323 54 illustrated
427 2002 76 69 by
541 2000 223 71 George
802 2002 257 53 Lawson.
1136 2000 220 69 Akron,
1399 2000 86 69 O.,
1526 2001 139 55 New
1708 2003 181 69 York,
1932 2003 121 52 The

64 2077 1170 71 Saalfield publishing company [ c 1935]
132 2152 88 42 410
244 2164 45 38 p.
348 2153 84 40 col.
459 2153 162 47 front.,
651 2152 129 41 illus.
839 2151 54 41 21
897 2154 44 22 cm
945 2183 9 10 .

68 2222 53 53 ©
142 2226 119 48 Aug.
284 2225 68 49 21,
376 2224 117 41 1935;
538 2224 67 40 2c.
627 2225 96 39 and
745 2224 83 40 aff.
855 2225 125 46 Sept.
1002 2223 54 40 23;
1110 2224 44 39 A
1175 2224 145 40 87217;
1375 2224 230 41 Saalfield
1626 2226 110 49 pub.
1758 2236 68 30 co.
135 2227 1904 104 [Copyright
294 2284 45 39 is
365 2282 204 40 claimed
600 2291 59 28 on
689 2280 342 49 illustrations]
1103 2280 279 48 (35-16476)

69 2386 199 64 Wade,
296 2385 154 54 John
478 2384 275 63 Thomas,
781 2389 169 50 1891-

132 2462 58 54 A
227 2465 411 50 measurement
679 2459 66 55 of
783 2460 95 54 the
920 2459 309 70 secondary
1270 2460 190 54 school
1504 2480 59 36 as
1606 2481 31 34 a
1681 2465 132 64 part
1853 2463 65 53 of
1960 2465 95 53 the

65 2540 212 69 pupil’s
327 2538 409 66 environment,
785 2538 76 67 by
906 2538 57 55 J.
1013 2538 249 54 Thomas
1309 2539 182 54 Wade
1543 2581 57 11 …
1688 2539 138 55 New
1875 2542 179 68 York,

64 2618 275 54 Teachers
369 2616 227 69 college,
626 2613 297 57 Columbia
952 2614 334 70 university,
1315 2619 150 51 1935.

65 2688 1972 107 vi p., 1 l., 68 p. diagrs. 23½ cm . (Teachers college, Columbia university.
237 2744 365 43 Contributions
631 2747 48 39 to
709 2743 269 50 education,
1009 2756 74 29 no.
1112 2744 110 49 647)

136 2817 170 40 Issued
332 2816 103 40 also
461 2825 55 30 as
543 2814 153 41 thesis
731 2814 108 48 (PH.
895 2813 36 49 D.)
967 2814 250 42 Columbia
1244 2814 285 51 university.

136 2872 347 49 Bibliography;
543 2882 44 38 p.
617 2871 155 42 67-68.

69 2940 53 53 ©
148 2944 115 47 July
289 2944 68 47 15,
385 2942 116 41 1935;
556 2942 66 41 2c.
649 2943 120 47 Aug.
796 2942 81 47 21;
909 2942 80 40 aff.
1019 2943 119 47 Aug.
1167 2943 82 46 17;
1278 2944 40 38 A
1346 2943 169 48 86023;
1547 2945 44 40 J.
1618 2946 52 40 T.
1696 2946 164 47 Wade,
1890 2948 163 47 Tulsa,

137 3000 104 41 Okl.
311 2999 279 48 (35-16352)

66 3102 284 66 Wieman,
378 3104 205 63 Henry
609 3104 237 63 Nelson,
878 3108 170 49 1884-

137 3181 333 53 Normative
509 3182 349 65 psychology
896 3181 63 51 of
997 3180 261 68 religion,
1296 3182 75 66 by
1408 3183 202 66 Henry
1653 3184 214 54 Nelson
66 3186 1963 124 Wieman

236 3258 111 52 and
387 3257 218 67 Regina
644 3258 581 55 Westcott-Wieman.
1299 3260 139 53 New
1475 3260 180 67 York,
1693 3261 246 54 Thomas
1980 3265 71 51 Y.

69 3336 775 66 Crowell company [ c 1935]
173 3438 8 16 x,
211 3408 85 39 564
321 3419 43 37 p.
417 3407 56 39 22½
505 3410 44 21 cm
555 3439 8 8 .

139 3464 290 41 “Collateral
457 3463 254 48 readings”
741 3466 54 38 at
818 3465 92 39 end
938 3464 53 39 of
1017 3465 119 39 each
1164 3465 212 48 chapter.

69 3529 53 53 ©
149 3534 117 47 Aug.
294 3533 68 48 16,
391 3532 113 41 1935;
561 3534 67 39 2c.
661 3533 126 47 Sept.
817 3534 29 39 6;
901 3533 82 40 aff.
1015 3534 127 47 Sept.
1173 3534 28 40 5;
1256 3535 40 38 A
1325 3534 141 41 85791;
1526 3536 213 40 Thomas
1764 3537 53 40 Y.
1849 3538 203 40 Crowell

139 3600 67 30 co.
275 3590 279 47 (35-16175)

71 3691 195 64 Wiley,
293 3691 252 54 William
574 3692 176 54 Leon.

133 3765 305 53 Minimum
483 3766 240 66 French,
767 3767 76 66 by
884 3767 90 54 W.
1021 3768 154 52 Leon
1218 3768 193 68 Wiley
1460 3810 57 11 …
1567 3769 112 53 and
1726 3769 204 69 Henry
1977 3769 71 53 A.

74 3840 218 56 Grrubbs
321 3885 56 10 …
442 3843 137 52 New
605 3843 178 68 York,
805 3843 65 53 F.
899 3843 58 55 S.
983 3842 198 56 Crofts
1202 3842 45 51 &
1269 3861 79 36 co.,
1396 3847 149 51 1935.

201 3946 8 16 xv,
239 3915 85 40 142
347 3924 44 38 p.
450 3915 54 39 21
509 3917 43 21 cm
557 3947 9 8 .

77 3980 44 54 ©
148 3986 124 40 June
297 3986 70 47 26,
394 3985 112 41 1935;
562 3987 66 40 2c.
655 3988 128 39 June
807 3988 55 39 29;
918 3988 82 40 aff.
1029 3989 125 39 June
1180 3989 58 40 28;
1292 3989 41 39 A
1360 3989 143 41 84469;
1559 3990 52 40 F.
1642 3992 43 39 S.
1715 3990 169 41 Crofts·
1906 3991 37 39 &
1966 4000 81 38 co.,

136 4042 90 41 inc.
296 4042 277 49 (35-16710)
