2526 4384
1306 4034 101 49 200

339 428 216 67 Isaacs,
583 428 265 66 Nathan,
879 433 171 51 1886-

412 503 1925 70 The law in business problems, by Nathan Isaacs … Rev.
342 585 86 52 ed.
502 583 139 54 New
673 584 180 66 York,
883 583 123 53 The
1035 581 334 54 Macmillan
1399 600 297 51 company,
1728 584 152 51 1934.

412 658 169 48 xxviii,
609 658 84 40 512
720 668 42 39 p.
817 656 117 41 22cm.

414 727 42 41 A
493 727 213 42 revision
743 727 53 40 of
830 728 103 39 The
970 728 95 39 law
1102 729 51 38 in
1188 726 225 41 business
1449 726 244 48 problems
1738 724 164 51 (1921)
1948 725 63 48 by
2047 725 201 41 Lincoln
2288 724 51 41 F.

347 785 190 41 Schaub
576 786 97 39 and
712 785 200 40 Nathan
951 785 182 39 Isaacs.
1201 784 102 39 The
1342 782 211 49 original
1588 783 136 40 work
1763 783 91 40 has
1896 782 119 41 been
2055 780 286 50 completely

345 841 252 41 rewritten
623 842 62 47 by
713 842 91 40 Mr.
831 843 182 39 Isaacs,
1071 841 60 48 cf.
1161 840 130 41 Pref.

346 908 53 52 ©
428 911 102 41 Oct.
558 910 69 48 23,
658 910 116 41 1934;
831 910 69 41 2c.
928 912 98 39 and
1053 909 82 41 aff.
1167 910 104 41 Oct.
1299 909 57 40 24;
1413 909 41 40 A
1481 908 142 41 76727;
1685 908 281 41 Macmillan
1996 920 67 29 co.
426 967 249 50 (35-3263)

342 1067 306 67 Isenhour,
674 1069 227 54 Walter
925 1070 86 65 E.,
1041 1073 171 51 1889-

419 1144 212 69 Poetry
666 1144 64 53 of
759 1144 125 70 life,
916 1144 76 69 by
1024 1144 136 53 Rev.
1197 1144 220 53 Walter
1450 1143 68 54 E.
1556 1143 294 54 Isenhour.
1923 1142 233 68 Boston,
352 1141 1969 135 Meador

482 1221 336 69 publishing
846 1239 296 52 company,
1168 1223 151 51 1934.

421 1293 86 40 204
536 1304 43 37 p.
637 1293 153 42 front.
817 1293 173 49 (port.)
1057 1293 56 40 21
1116 1296 45 22 cm
1164 1326 10 9 .

348 1361 52 55 ©
426 1367 113 40 Dec.
566 1367 69 47 14,
663 1365 141 49 1934;
832 1366 68 42 2c.
928 1367 98 40 and
1050 1363 80 44 aff.
1157 1366 110 41 Jan.
1294 1367 39 48 7,
1363 1366 114 41 1935;
1532 1366 42 40 A
1601 1364 170 50 79030;
1803 1366 212 41 Edward
2043 1366 56 40 K.
2130 1366 214 48 Meador,

419 1425 197 39 Boston.
687 1424 251 50 (35-3191)

344 1525 308 67 Jennings,
680 1526 256 56 William
963 1528 153 52 Ivor.

418 1603 1927 69 Parliamentary reform, by W. Ivor Jennings … London,
346 1681 71 54 V.
446 1682 291 67 Gollancz,
764 1682 123 67 ltd.,
916 1682 96 52 for
1038 1683 95 52 the
1159 1683 138 52 New
1327 1682 222 54 Fabian
1578 1683 257 53 research
1863 1683 231 66 bureau,
2125 1685 149 51 1934.

420 1768 87 40 175
532 1779 43 37 p.
633 1767 57 40 19
692 1769 45 21 cm
741 1799 8 7 .

353 1834 1994 52 © 1c. Jan. 9, 1935; A ad int. 19867; pubd. Nov. 12, 1934; W. I. Jennings,
423 1895 66 40 St.
527 1895 198 47 Albans,
761 1894 388 47 Hertfordshire,
1185 1895 236 46 England.
1492 1893 251 49 (35-2242)

348 1996 266 65 Jonesco,
641 1998 218 54 Barbu.

419 2075 218 52 Drama
665 2076 63 52 of
757 2094 31 34 a
814 2078 162 65 royal
1003 2075 244 67 divorce,
1273 2075 75 67 by
1375 2075 196 53 Barbu
1598 2077 240 53 Jonesco
1864 2094 60 36 as
1948 2075 123 53 told
2098 2080 59 48 to
347 2076 1976 129 Maurice
484 2153 201 53 Lewis.

429 2226 84 48 (In
538 2222 200 43 London
766 2221 195 53 People,
988 2222 112 43 Jan.
1128 2224 73 49 27,
1230 2221 143 51 1935)

353 2292 1993 53 © 1c. Mar. 25, 1935; A ad int. 20065; pubd. Jan. 27; Maurice Lewis,
425 2348 157 52 Kings
603 2353 228 48 Langley,
856 2353 164 48 Herts,
1045 2353 234 47 England.

349 2454 204 66 Jouve,
585 2455 387 65 Marguerite.

485 2531 1860 70 … Torquemada, grand inquisiteur d’Espagne. Paris, Les
359 2598 267 66 Éditions
657 2613 69 51 de
752 2611 237 66 France,
1017 2617 18 21 c
1040 2614 149 50 1934.

431 2682 773 49 2 p. l., xiv, 197 p., 2 1. 19 cm .
428 2738 419 49 “Bibliographie”;
909 2751 43 37 p.
988 2739 249 50 [195]-197.

353 2794 1888 59 © Oct. 20, 1934; 1c. Dec. 15; A- Foreign 26412; Éditions de France.
433 2860 251 49 (35-3329)

352 2959 303 67 Kennedy,
683 2959 258 56 Richard
968 2962 138 65 Lea,
1135 2962 172 55 1872-

427 3037 163 53 Trial
622 3036 290 69 evidence;
950 3057 31 34 a
1011 3037 260 69 synopsis
1303 3037 65 54 of
1397 3038 97 55 the
1525 3037 110 54 law
1668 3038 65 53 of
1765 3038 264 52 evidence
2058 3038 292 69 generally

356 3114 1990 70 applicable to trials, by Richard Lea Kennedy … 2d ed.
353 3193 225 54 Kansas
607 3193 150 68 City,
782 3195 134 67 Mo.,
941 3195 231 53 Vernon
1196 3196 112 52 law
1333 3194 146 53 book
1503 3212 97 50 co.,
1629 3198 150 52 1935.

462 3297 8 12 x,
499 3265 87 41 208
614 3277 42 37 p.
744 3265 29 41 19½
802 3268 45 22 cm
851 3297 11 10 .

426 3323 129 39 Most
581 3323 51 39 of
658 3323 84 42 the
768 3324 243 40 alternate
1038 3333 146 38 pages
1211 3323 162 40 blank.

428 3378 350 49 Bibliography;
835 3390 43 38 p.
907 3379 69 40 iii.

357 3443 53 52 ©
434 3446 109 40 Jan.
571 3447 40 47 2,
639 3447 141 48 1935;
807 3447 66 41 2c.
903 3449 98 39 and
1026 3448 81 40 aff.
1136 3448 111 40 Feb.
1274 3448 83 47 28;
1388 3450 40 38 A
1456 3448 170 48 80744;
1657 3449 54 38 R.
1742 3450 50 38 L.
1822 3449 247 48 Kennedy,
426 3449 1907 95 Washington.
593 3503 250 49 (35-3260)

353 3602 332 65 Kentucky.
759 3607 182 65 Laws,
971 3613 253 61 statutes,
1254 3615 100 49 etc.

425 3680 312 56 Baldwin’s
772 3683 305 67 Kentucky
1111 3689 236 48 statutes
1382 3685 227 66 service,
1647 3688 149 52 1935.
1869 3684 475 68 Supplementing

355 3756 269 55 Carroll’s
652 3759 304 68 Kentucky
983 3765 236 49 statutes
1247 3762 112 51 and
1387 3763 162 51 codes
1577 3762 63 52 of
1666 3761 265 68 practice.
1995 3762 351 67 Containing

361 3834 77 52 all
471 3835 137 52 Jaws
641 3835 63 51 of
739 3854 31 33 a
801 3840 227 62 general
1061 3843 203 47 nature
1297 3839 201 65 passed
1532 3838 75 68 by
1640 3840 96 50 the
1770 3842 136 48 1934
1939 3840 111 51 and
2086 3842 132 48 1935

354 3857 1967 121 extraordinary
753 3912 236 53 sessions
1020 3913 62 52 of
1115 3915 94 52 the
1241 3914 373 66 Legislature,
1645 3916 258 63 together
1935 3917 140 51 with
2109 3922 231 46 annota-
