<alto xmlns="http://www.loc.gov/standards/alto/ns-v3#" xmlns:xsi="http://www.w3.org/2001/XMLSchema-instance" xsi:schemaLocation="http://www.loc.gov/standards/alto/ns-v3# http://www.loc.gov/alto/v3/alto-3-0.xsd"><Description>
<MeasurementUnit>pixel</MeasurementUnit>
<sourceImageInformation>
<fileName>1935_v32_Part1.pdf</fileName>
</sourceImageInformation>
<OCRProcessing ID="IdOcr">
<ocrProcessingStep>
<processingDateTime>2019-01-15</processingDateTime>
<processingSoftware>
<softwareCreator>ABBYY</softwareCreator>
<softwareName>ABBYY Recognition Server</softwareName>
<softwareVersion>4.0</softwareVersion>
</processingSoftware>
</ocrProcessingStep>
</OCRProcessing>
</Description>
<Styles>
<ParagraphStyle ALIGN="Left" FIRSTLINE="0." ID="StyleId-FFFFFFFF-FFFF-FFFF-FFFF-FFFFFFFFFFFF-" LEFT="0." RIGHT="0." />
<ParagraphStyle ALIGN="Left" FIRSTLINE="0." ID="StyleId-09A13A44-4F77-4ABE-84F3-84CC8B3C72CE-" LEFT="0." LINESPACE="7.699999809" RIGHT="0." />
<ParagraphStyle ALIGN="Left" FIRSTLINE="-10." ID="StyleId-1F945060-F8CD-4435-B69A-5FF49DB0C586-" LEFT="0." LINESPACE="12.19999981" RIGHT="0." />
<ParagraphStyle ALIGN="Block" FIRSTLINE="-14." ID="StyleId-C6CAE747-F5A4-4D0D-8D74-D452DA7E2C1C-" LEFT="0." LINESPACE="8.350000381" RIGHT="0." />
<ParagraphStyle ALIGN="Left" FIRSTLINE="0." ID="StyleId-FC0F3374-189A-459E-BE29-2DC14180F022-" LEFT="0." RIGHT="0." />
<ParagraphStyle ALIGN="Left" FIRSTLINE="-12." ID="StyleId-49397C49-A894-4B3E-BA5E-1126226BA375-" LEFT="0." LINESPACE="11.09000015" RIGHT="0." />
<ParagraphStyle ALIGN="Block" FIRSTLINE="-14." ID="StyleId-9E34DD3A-E661-48BD-A3A1-6A3D48346F00-" LEFT="0." LINESPACE="11.09000015" RIGHT="0." />
<ParagraphStyle ALIGN="Left" FIRSTLINE="0." ID="StyleId-56CE54AA-A08B-4BAA-8605-F26020A0E36E-" LEFT="0." LINESPACE="9.399999619" RIGHT="0." />
<ParagraphStyle ALIGN="Left" FIRSTLINE="-11." ID="StyleId-77814FFC-C42F-4AA9-9880-EF33B947DEC8-" LEFT="0." LINESPACE="11.06999969" RIGHT="0." />
<ParagraphStyle ALIGN="Center" FIRSTLINE="0." ID="StyleId-FDE92EC0-67DC-4C7B-8A24-094B12C38B6C-" LEFT="0." LINESPACE="11.30000019" RIGHT="0." />
<ParagraphStyle ALIGN="Left" FIRSTLINE="0." ID="StyleId-65180E3B-4C93-4FB8-81EE-E026DD63DBF3-" LEFT="0." LINESPACE="11.10000038" RIGHT="0." />
<ParagraphStyle ALIGN="Left" FIRSTLINE="0." ID="StyleId-10E885C2-5813-4620-B0AA-0FBA30CF7A32-" LEFT="0." LINESPACE="9.5" RIGHT="0." />
<ParagraphStyle ALIGN="Left" FIRSTLINE="0." ID="StyleId-913C2DB5-9F02-4067-BAF7-0AED37B60BBE-" LEFT="0." LINESPACE="6.099999905" RIGHT="0." />
<ParagraphStyle ALIGN="Left" FIRSTLINE="0." ID="StyleId-9C79A9D2-8F08-4A8F-985D-B00E253ED1E5-" LEFT="0." LINESPACE="4.400000095" RIGHT="0." />
<ParagraphStyle ALIGN="Left" FIRSTLINE="0." ID="StyleId-A41F0407-FEFE-4738-9EC5-E05AFFF62781-" LEFT="0." LINESPACE="7.300000191" RIGHT="0." />
<ParagraphStyle ALIGN="Left" FIRSTLINE="0." ID="StyleId-61D37176-94E8-408D-9B87-01C406CE8AB2-" LEFT="0." LINESPACE="8.050000191" RIGHT="0." />
</Styles>
<Layout>
<Page HEIGHT="4375" ID="Page815" PHYSICAL_IMG_NR="815" WIDTH="2424">
<TopMargin HEIGHT="369" HPOS="0" VPOS="0" WIDTH="2424">
</TopMargin>
<RightMargin HEIGHT="3568" HPOS="2109" VPOS="369" WIDTH="315">
</RightMargin>
<BottomMargin HEIGHT="438" HPOS="0" VPOS="3937" WIDTH="2424">
<TextBlock HEIGHT="72" HPOS="1034" ID="Page815_Block1" LANG="en-US" STYLEREFS="StyleId-1A355DDD-2DD0-4C04-B9D6-63739AF6BB13-" VPOS="3969" WIDTH="123">
<Shape>
<Polygon POINTS="1035,3969 1156,3969 1156,3970 1157,3970 1157,4010 1156,4010 1156,4041 1034,4041 1034,4006 1035,4006 1035,3969" />
</Shape>
<TextLine HEIGHT="53" HPOS="1044" VPOS="3978" WIDTH="101">
<String CONTENT="815" HEIGHT="53" HPOS="1044" VPOS="3978" WIDTH="101" />
</TextLine>
</TextBlock>
<GraphicalElement HEIGHT="438" HPOS="0" ID="Page815_Block2" VPOS="3937" WIDTH="17" />
</BottomMargin>
<PrintSpace HEIGHT="3568" HPOS="0" VPOS="369" WIDTH="2109">
<TextBlock CS="1" HEIGHT="3568" HPOS="0" ID="Page815_Block3" LANG="en-US" STYLEREFS="StyleId-9F8D0A49-BF47-46A0-8D32-71F7C380D18D-" VPOS="369" WIDTH="2109">
<Shape>
<Polygon POINTS="0,369 174,369 174,370 694,370 694,371 1214,371 1214,372 1734,372 1734,373 2109,373 2109,889 2108,889 2108,1409 2107,1409 2107,1929 2106,1929 2106,2450 2105,2450 2105,2970 2104,2970 2104,3490 2103,3490 2103,3937 1730,3937 1730,3936 1210,3936 1210,3935 690,3935 690,3934 170,3934 170,3933 0,3933 0,573 1,573 1,571 0,571 0,369" />
</Shape>
<TextLine HEIGHT="68" HPOS="120" STYLEREFS="StyleId-DA7EA285-92FA-4A15-B556-70FFAFCA0FA8-" VPOS="380" WIDTH="962">
<String CONTENT="Greer," HEIGHT="64" HPOS="120" VPOS="383" WIDTH="191" />
<SP HEIGHT="63" HPOS="312" VPOS="384" WIDTH="28" />
<String CONTENT="James" HEIGHT="52" HPOS="341" VPOS="384" WIDTH="200" />
<SP HEIGHT="52" HPOS="542" VPOS="384" WIDTH="26" />
<String CONTENT="Kimmins," HEIGHT="67" HPOS="569" VPOS="381" WIDTH="311" />
<SP HEIGHT="58" HPOS="881" VPOS="390" WIDTH="30" />
<String CONTENT="1896-" HEIGHT="50" HPOS="912" VPOS="389" WIDTH="170" />
</TextLine>
<TextLine HEIGHT="73" HPOS="183" STYLEREFS="StyleId-DA7EA285-92FA-4A15-B556-70FFAFCA0FA8-" VPOS="459" WIDTH="1915">
<String CONTENT="Grand" HEIGHT="56" HPOS="183" VPOS="459" WIDTH="196" />
<SP HEIGHT="52" HPOS="380" VPOS="460" WIDTH="40" />
<String CONTENT="Prairie," HEIGHT="69" HPOS="421" VPOS="459" WIDTH="240" />
<SP HEIGHT="69" HPOS="662" VPOS="460" WIDTH="40" />
<String CONTENT="by" HEIGHT="68" HPOS="703" VPOS="461" WIDTH="75" />
<SP HEIGHT="68" HPOS="779" VPOS="461" WIDTH="39" />
<String CONTENT="James" HEIGHT="53" HPOS="819" VPOS="461" WIDTH="192" />
<SP HEIGHT="53" HPOS="1012" VPOS="461" WIDTH="39" />
<String CONTENT="K." HEIGHT="53" HPOS="1052" VPOS="461" WIDTH="73" />
<SP HEIGHT="54" HPOS="1126" VPOS="461" WIDTH="43" />
<String CONTENT="Greer." HEIGHT="55" HPOS="1170" VPOS="461" WIDTH="194" />
<SP HEIGHT="53" HPOS="1365" VPOS="463" WIDTH="77" />
<String CONTENT="Dallas," HEIGHT="68" HPOS="1443" VPOS="463" WIDTH="219" />
<SP HEIGHT="68" HPOS="1663" VPOS="463" WIDTH="39" />
<String CONTENT="Tex.," HEIGHT="69" HPOS="1703" VPOS="463" WIDTH="155" />
<SP HEIGHT="69" HPOS="1859" VPOS="463" WIDTH="42" />
<String CONTENT="Tardy" HEIGHT="69" HPOS="1902" VPOS="463" WIDTH="196" />
</TextLine>
<TextLine HEIGHT="70" HPOS="115" STYLEREFS="StyleId-DA7EA285-92FA-4A15-B556-70FFAFCA0FA8-" VPOS="536" WIDTH="869">
<String CONTENT="publishing" HEIGHT="69" HPOS="115" VPOS="536" WIDTH="324" />
<SP HEIGHT="51" HPOS="440" VPOS="554" WIDTH="32" />
<String CONTENT="company" HEIGHT="51" HPOS="473" VPOS="554" WIDTH="278" />
<SP HEIGHT="49" HPOS="752" VPOS="556" WIDTH="40" />
<String CONTENT="[" HEIGHT="34" HPOS="793" VPOS="570" WIDTH="13" />
<String CONTENT="c" HEIGHT="21" HPOS="811" STYLE="superscript" VPOS="544" WIDTH="18" />
<String CONTENT="1935]" HEIGHT="64" HPOS="833" VPOS="541" WIDTH="151" />
</TextLine>
<TextLine CS="1" HEIGHT="49" HPOS="182" VPOS="609" WIDTH="929">
<String CONTENT="4" HEIGHT="38" HPOS="182" VPOS="610" WIDTH="26" />
<SP />
<String CONTENT="p." CS="1" LANG="fr" />
<SP />
<String CONTENT="l." CS="1" LANG="fr" />
<String CONTENT="," HEIGHT="16" HPOS="328" VPOS="641" WIDTH="8" />
<SP HEIGHT="47" HPOS="337" VPOS="610" WIDTH="24" />
<String CONTENT="284" HEIGHT="40" HPOS="362" VPOS="609" WIDTH="85" />
<SP HEIGHT="47" HPOS="448" VPOS="609" WIDTH="21" />
<String CONTENT="p." HEIGHT="38" HPOS="470" VPOS="618" WIDTH="43" />
<SP HEIGHT="38" HPOS="514" VPOS="619" WIDTH="51" />
<String CONTENT="plates," HEIGHT="48" HPOS="566" VPOS="610" WIDTH="172" />
<SP HEIGHT="37" HPOS="739" VPOS="620" WIDTH="23" />
<String CONTENT="maps." HEIGHT="38" HPOS="763" VPOS="620" WIDTH="148" />
<SP HEIGHT="40" HPOS="912" VPOS="611" WIDTH="53" />
<String CONTENT="19&#189;" CS="1" HEIGHT="40" HPOS="966" VPOS="610" WIDTH="55" />
<String CONTENT="cm" HEIGHT="21" HPOS="1054" STYLE="superscript" VPOS="613" WIDTH="45" />
<String CONTENT="." HEIGHT="9" HPOS="1102" VPOS="643" WIDTH="9" />
</TextLine>
<TextLine HEIGHT="52" HPOS="185" VPOS="665" WIDTH="1913">
<String CONTENT="&#8220;The" HEIGHT="40" HPOS="185" VPOS="666" WIDTH="125" />
<SP HEIGHT="37" HPOS="311" VPOS="676" WIDTH="31" />
<String CONTENT="purpose" HEIGHT="38" HPOS="343" VPOS="675" WIDTH="208" />
<SP HEIGHT="31" HPOS="552" VPOS="677" WIDTH="29" />
<String CONTENT="of" HEIGHT="40" HPOS="582" VPOS="666" WIDTH="53" />
<SP HEIGHT="41" HPOS="636" VPOS="666" WIDTH="28" />
<String CONTENT="this" HEIGHT="43" HPOS="665" VPOS="665" WIDTH="100" />
<SP HEIGHT="29" HPOS="766" VPOS="677" WIDTH="31" />
<String CONTENT="work" HEIGHT="40" HPOS="798" VPOS="667" WIDTH="134" />
<SP HEIGHT="40" HPOS="933" VPOS="666" WIDTH="29" />
<String CONTENT="is" HEIGHT="41" HPOS="963" VPOS="666" WIDTH="43" />
<SP HEIGHT="38" HPOS="1007" VPOS="670" WIDTH="32" />
<String CONTENT="to" HEIGHT="38" HPOS="1040" VPOS="670" WIDTH="48" />
<SP HEIGHT="38" HPOS="1089" VPOS="677" WIDTH="32" />
<String CONTENT="present" HEIGHT="47" HPOS="1122" VPOS="669" WIDTH="196" />
<SP HEIGHT="41" HPOS="1319" VPOS="670" WIDTH="31" />
<String CONTENT="some" HEIGHT="33" HPOS="1351" VPOS="678" WIDTH="133" />
<SP HEIGHT="30" HPOS="1485" VPOS="679" WIDTH="35" />
<String CONTENT="of" HEIGHT="39" HPOS="1521" VPOS="669" WIDTH="53" />
<SP HEIGHT="41" HPOS="1575" VPOS="669" WIDTH="30" />
<String CONTENT="the" HEIGHT="40" HPOS="1606" VPOS="670" WIDTH="83" />
<SP HEIGHT="30" HPOS="1690" VPOS="680" WIDTH="33" />
<String CONTENT="economic" HEIGHT="42" HPOS="1724" VPOS="668" WIDTH="243" />
<SP HEIGHT="31" HPOS="1968" VPOS="680" WIDTH="34" />
<String CONTENT="and" HEIGHT="40" HPOS="2003" VPOS="671" WIDTH="95" />
</TextLine>
<TextLine HEIGHT="54" HPOS="117" VPOS="720" WIDTH="1982">
<String CONTENT="social" HEIGHT="43" HPOS="117" VPOS="721" WIDTH="142" />
<SP HEIGHT="38" HPOS="260" VPOS="724" WIDTH="28" />
<String CONTENT="conditions" HEIGHT="41" HPOS="289" VPOS="722" WIDTH="270" />
<SP HEIGHT="29" HPOS="560" VPOS="734" WIDTH="27" />
<String CONTENT="and" HEIGHT="40" HPOS="588" VPOS="723" WIDTH="94" />
<SP HEIGHT="41" HPOS="683" VPOS="723" WIDTH="31" />
<String CONTENT="movements" HEIGHT="39" HPOS="715" VPOS="725" WIDTH="294" />
<SP HEIGHT="29" HPOS="1010" VPOS="735" WIDTH="31" />
<String CONTENT="of" HEIGHT="40" HPOS="1042" VPOS="724" WIDTH="53" />
<SP HEIGHT="41" HPOS="1096" VPOS="724" WIDTH="28" />
<String CONTENT="the" HEIGHT="40" HPOS="1125" VPOS="725" WIDTH="82" />
<SP HEIGHT="44" HPOS="1208" VPOS="722" WIDTH="29" />
<String CONTENT="Grand" HEIGHT="42" HPOS="1238" VPOS="723" WIDTH="166" />
<SP HEIGHT="40" HPOS="1405" VPOS="725" WIDTH="31" />
<String CONTENT="Prairie" HEIGHT="42" HPOS="1437" VPOS="725" WIDTH="190" />
<SP HEIGHT="31" HPOS="1628" VPOS="736" WIDTH="31" />
<String CONTENT="region" HEIGHT="49" HPOS="1660" VPOS="725" WIDTH="162" />
<SP HEIGHT="29" HPOS="1823" VPOS="738" WIDTH="32" />
<String CONTENT="of" HEIGHT="41" HPOS="1856" VPOS="725" WIDTH="54" />
<SP HEIGHT="40" HPOS="1911" VPOS="725" WIDTH="29" />
<String CONTENT="Texas" HEIGHT="40" HPOS="1941" VPOS="727" WIDTH="158" />
</TextLine>
<TextLine HEIGHT="45" HPOS="115" VPOS="777" WIDTH="842">
<String CONTENT="between" HEIGHT="40" HPOS="115" VPOS="780" WIDTH="207" />
<SP HEIGHT="38" HPOS="323" VPOS="781" WIDTH="27" />
<String CONTENT="1850" HEIGHT="41" HPOS="351" VPOS="778" WIDTH="113" />
<SP HEIGHT="41" HPOS="465" VPOS="778" WIDTH="23" />
<String CONTENT="and" HEIGHT="38" HPOS="489" VPOS="781" WIDTH="95" />
<SP HEIGHT="38" HPOS="585" VPOS="781" WIDTH="23" />
<String CONTENT="1890.&#8221;&#8212;Pref." HEIGHT="43" HPOS="609" VPOS="779" WIDTH="348" />
</TextLine>
<TextLine HEIGHT="52" HPOS="182" VPOS="834" WIDTH="1374">
<String CONTENT="Bibliographical" HEIGHT="48" HPOS="182" VPOS="835" WIDTH="405" />
<SP HEIGHT="38" HPOS="588" VPOS="837" WIDTH="28" />
<String CONTENT="references" HEIGHT="44" HPOS="617" VPOS="834" WIDTH="271" />
<SP HEIGHT="39" HPOS="889" VPOS="838" WIDTH="25" />
<String CONTENT="in" HEIGHT="39" HPOS="915" VPOS="838" WIDTH="50" />
<SP HEIGHT="39" HPOS="966" VPOS="838" WIDTH="26" />
<String CONTENT="&#8220;Notes&#8221;" HEIGHT="41" HPOS="993" VPOS="836" WIDTH="205" />
<SP HEIGHT="49" HPOS="1199" VPOS="836" WIDTH="34" />
<String CONTENT="(p." HEIGHT="46" HPOS="1234" VPOS="839" WIDTH="67" />
<SP HEIGHT="42" HPOS="1302" VPOS="837" WIDTH="25" />
<String CONTENT="235-264)" HEIGHT="49" HPOS="1328" VPOS="837" WIDTH="228" />
</TextLine>
<TextLine CS="1" HEIGHT="57" HPOS="116" VPOS="890" WIDTH="1871">
<String CONTENT="&#169;" HEIGHT="53" HPOS="116" VPOS="890" WIDTH="50" />
<SP HEIGHT="54" HPOS="167" VPOS="890" WIDTH="26" />
<String CONTENT="June" HEIGHT="38" HPOS="194" VPOS="896" WIDTH="123" />
<SP HEIGHT="40" HPOS="318" VPOS="894" WIDTH="23" />
<String CONTENT="1," HEIGHT="47" HPOS="342" VPOS="894" WIDTH="39" />
<SP HEIGHT="46" HPOS="382" VPOS="895" WIDTH="25" />
<String CONTENT="1935;" CS="1" HEIGHT="47" HPOS="408" VPOS="894" WIDTH="140" />
<SP HEIGHT="46" HPOS="549" VPOS="895" WIDTH="28" />
<String CONTENT="2c." HEIGHT="39" HPOS="578" VPOS="895" WIDTH="65" />
<SP HEIGHT="39" HPOS="644" VPOS="895" WIDTH="29" />
<String CONTENT="June" HEIGHT="40" HPOS="674" VPOS="895" WIDTH="126" />
<SP HEIGHT="39" HPOS="801" VPOS="895" WIDTH="26" />
<String CONTENT="13;" HEIGHT="46" HPOS="828" VPOS="895" WIDTH="81" />
<SP HEIGHT="35" HPOS="910" VPOS="906" WIDTH="31" />
<String CONTENT="aff." HEIGHT="40" HPOS="942" VPOS="895" WIDTH="82" />
<SP HEIGHT="39" HPOS="1025" VPOS="896" WIDTH="29" />
<String CONTENT="June" HEIGHT="39" HPOS="1055" VPOS="896" WIDTH="128" />
<SP HEIGHT="37" HPOS="1184" VPOS="898" WIDTH="22" />
<String CONTENT="11;" HEIGHT="45" HPOS="1207" VPOS="898" WIDTH="82" />
<SP HEIGHT="45" HPOS="1290" VPOS="898" WIDTH="28" />
<String CONTENT="A" HEIGHT="38" HPOS="1319" VPOS="898" WIDTH="40" />
<SP HEIGHT="39" HPOS="1360" VPOS="898" WIDTH="26" />
<String CONTENT="83568;" HEIGHT="46" HPOS="1387" VPOS="898" WIDTH="170" />
<SP HEIGHT="46" HPOS="1558" VPOS="898" WIDTH="29" />
<String CONTENT="Tardy" HEIGHT="49" HPOS="1588" VPOS="898" WIDTH="165" />
<SP HEIGHT="38" HPOS="1754" VPOS="909" WIDTH="27" />
<String CONTENT="pub." HEIGHT="49" HPOS="1782" VPOS="898" WIDTH="106" />
<SP HEIGHT="28" HPOS="1889" VPOS="910" WIDTH="30" />
<String CONTENT="co." HEIGHT="30" HPOS="1920" VPOS="909" WIDTH="67" />
</TextLine>
<TextLine CS="1" HEIGHT="49" HPOS="192" VPOS="950" WIDTH="247">
<String CONTENT="(35-8779)" HEIGHT="49" HPOS="192" VPOS="950" WIDTH="247" />
<SP />
</TextLine>
<TextLine HEIGHT="64" HPOS="115" STYLEREFS="StyleId-AD2B4A37-8C91-41CC-B6DA-D953BF10436D-" VPOS="1054" WIDTH="577">
<String CONTENT="Hansen," HEIGHT="62" HPOS="115" VPOS="1056" WIDTH="250" />
<SP HEIGHT="62" HPOS="366" VPOS="1056" WIDTH="30" />
<String CONTENT="Christen." HEIGHT="55" HPOS="397" VPOS="1055" WIDTH="295" />
</TextLine>
<TextLine HEIGHT="72" HPOS="183" STYLEREFS="StyleId-DA7EA285-92FA-4A15-B556-70FFAFCA0FA8-" VPOS="1129" WIDTH="1913">
<String CONTENT="The" HEIGHT="51" HPOS="183" VPOS="1131" WIDTH="117" />
<SP HEIGHT="52" HPOS="301" VPOS="1130" WIDTH="24" />
<String CONTENT="English" HEIGHT="69" HPOS="326" VPOS="1129" WIDTH="242" />
<SP HEIGHT="52" HPOS="569" VPOS="1131" WIDTH="25" />
<String CONTENT="smile," HEIGHT="67" HPOS="595" VPOS="1132" WIDTH="176" />
<SP HEIGHT="69" HPOS="772" VPOS="1130" WIDTH="22" />
<String CONTENT="by" HEIGHT="69" HPOS="795" VPOS="1130" WIDTH="76" />
<SP HEIGHT="69" HPOS="872" VPOS="1130" WIDTH="26" />
<String CONTENT="Christen" HEIGHT="55" HPOS="899" VPOS="1130" WIDTH="263" />
<SP HEIGHT="51" HPOS="1163" VPOS="1134" WIDTH="24" />
<String CONTENT="Hansen" HEIGHT="52" HPOS="1188" VPOS="1134" WIDTH="232" />
<SP HEIGHT="33" HPOS="1421" VPOS="1152" WIDTH="26" />
<String CONTENT="with" HEIGHT="52" HPOS="1448" VPOS="1133" WIDTH="140" />
<SP HEIGHT="51" HPOS="1589" VPOS="1133" WIDTH="27" />
<String CONTENT="H." HEIGHT="54" HPOS="1617" LANG="fr" VPOS="1133" WIDTH="76" />
<SP HEIGHT="54" HPOS="1694" VPOS="1133" WIDTH="28" />
<String CONTENT="W." HEIGHT="53" HPOS="1723" VPOS="1133" WIDTH="83" />
<SP HEIGHT="53" HPOS="1807" VPOS="1134" WIDTH="32" />
<String CONTENT="Seaman." HEIGHT="54" HPOS="1840" VPOS="1134" WIDTH="256" />
</TextLine>
<TextLine HEIGHT="72" HPOS="120" STYLEREFS="StyleId-DA7EA285-92FA-4A15-B556-70FFAFCA0FA8-" VPOS="1206" WIDTH="991">
<String CONTENT="London," HEIGHT="68" HPOS="120" VPOS="1207" WIDTH="245" />
<SP HEIGHT="67" HPOS="366" VPOS="1208" WIDTH="28" />
<String CONTENT="Y." HEIGHT="53" HPOS="395" VPOS="1208" WIDTH="67" />
<SP HEIGHT="54" HPOS="463" VPOS="1207" WIDTH="29" />
<String CONTENT="Gollancz," HEIGHT="70" HPOS="493" VPOS="1207" WIDTH="288" />
<SP HEIGHT="69" HPOS="782" VPOS="1208" WIDTH="26" />
<String CONTENT="ltd.," HEIGHT="70" HPOS="809" VPOS="1208" WIDTH="121" />
<SP HEIGHT="66" HPOS="931" VPOS="1212" WIDTH="30" />
<String CONTENT="1935." HEIGHT="49" HPOS="962" VPOS="1211" WIDTH="149" />
</TextLine>
<TextLine HEIGHT="48" HPOS="184" VPOS="1279" WIDTH="329">
<String CONTENT="256" HEIGHT="40" HPOS="184" VPOS="1279" WIDTH="83" />
<SP HEIGHT="47" HPOS="268" VPOS="1280" WIDTH="27" />
<String CONTENT="p." HEIGHT="37" HPOS="296" VPOS="1290" WIDTH="42" />
<SP HEIGHT="39" HPOS="339" VPOS="1280" WIDTH="59" />
<String CONTENT="19" HEIGHT="40" HPOS="399" VPOS="1279" WIDTH="54" />
<String CONTENT="cm" HEIGHT="21" HPOS="456" STYLE="superscript" VPOS="1282" WIDTH="44" />
<String CONTENT="." HEIGHT="9" HPOS="504" VPOS="1311" WIDTH="9" />
</TextLine>
<TextLine HEIGHT="57" HPOS="116" VPOS="1335" WIDTH="1982">
<String CONTENT="&#169;" HEIGHT="53" HPOS="116" VPOS="1335" WIDTH="50" />
<SP HEIGHT="54" HPOS="167" VPOS="1335" WIDTH="28" />
<String CONTENT="Jc." HEIGHT="39" HPOS="196" VPOS="1341" WIDTH="60" />
<SP HEIGHT="39" HPOS="257" VPOS="1341" WIDTH="35" />
<String CONTENT="Jan." HEIGHT="38" HPOS="293" VPOS="1341" WIDTH="107" />
<SP HEIGHT="39" HPOS="401" VPOS="1340" WIDTH="30" />
<String CONTENT="23," HEIGHT="45" HPOS="432" VPOS="1340" WIDTH="69" />
<SP HEIGHT="45" HPOS="502" VPOS="1340" WIDTH="30" />
<String CONTENT="1935;" HEIGHT="47" HPOS="533" VPOS="1339" WIDTH="140" />
<SP HEIGHT="47" HPOS="674" VPOS="1340" WIDTH="31" />
<String CONTENT="A" HEIGHT="39" HPOS="706" VPOS="1341" WIDTH="39" />
<SP HEIGHT="39" HPOS="746" VPOS="1341" WIDTH="29" />
<String CONTENT="ad" HEIGHT="38" HPOS="776" VPOS="1342" WIDTH="62" />
<SP HEIGHT="40" HPOS="839" VPOS="1340" WIDTH="29" />
<String CONTENT="int." HEIGHT="41" HPOS="869" VPOS="1340" WIDTH="87" />
<SP HEIGHT="40" HPOS="957" VPOS="1341" WIDTH="31" />
<String CONTENT="20214;" HEIGHT="47" HPOS="989" VPOS="1340" WIDTH="171" />
<SP HEIGHT="38" HPOS="1161" VPOS="1351" WIDTH="33" />
<String CONTENT="pubd." HEIGHT="49" HPOS="1195" VPOS="1341" WIDTH="142" />
<SP HEIGHT="38" HPOS="1338" VPOS="1343" WIDTH="33" />
<String CONTENT="Nov." HEIGHT="39" HPOS="1372" VPOS="1343" WIDTH="115" />
<SP HEIGHT="40" HPOS="1488" VPOS="1342" WIDTH="32" />
<String CONTENT="26," HEIGHT="48" HPOS="1521" VPOS="1342" WIDTH="69" />
<SP HEIGHT="46" HPOS="1591" VPOS="1344" WIDTH="32" />
<String CONTENT="1934;" HEIGHT="48" HPOS="1624" VPOS="1342" WIDTH="140" />
<SP HEIGHT="46" HPOS="1765" VPOS="1344" WIDTH="34" />
<String CONTENT="C." HEIGHT="40" HPOS="1800" VPOS="1344" WIDTH="49" />
<SP HEIGHT="39" HPOS="1850" VPOS="1345" WIDTH="33" />
<String CONTENT="Hansen," HEIGHT="47" HPOS="1884" VPOS="1345" WIDTH="214" />
</TextLine>
<TextLine HEIGHT="52" HPOS="182" VPOS="1396" WIDTH="530">
<String CONTENT="London." HEIGHT="39" HPOS="182" VPOS="1398" WIDTH="205" />
<SP HEIGHT="46" HPOS="387" VPOS="1397" WIDTH="73" />
<String CONTENT="(35-8895" HEIGHT="47" HPOS="460" VPOS="1396" WIDTH="229" />
<SP HEIGHT="52" HPOS="689" VPOS="1396" WIDTH="8" />
<String CONTENT=")" HEIGHT="47" HPOS="697" VPOS="1401" WIDTH="15" />
</TextLine>
<TextLine CS="1" HEIGHT="65" HPOS="114" STYLEREFS="StyleId-AD2B4A37-8C91-41CC-B6DA-D953BF10436D-" VPOS="1499" WIDTH="831">
<String CONTENT="Helliwell," CS="1" HEIGHT="64" HPOS="114" LANG="fr" VPOS="1499" WIDTH="290" />
<SP HEIGHT="61" HPOS="405" VPOS="1502" WIDTH="29" />
<String CONTENT="Charles" HEIGHT="54" HPOS="435" LANG="en-US" VPOS="1501" WIDTH="244" />
<SP HEIGHT="52" HPOS="680" VPOS="1502" WIDTH="26" />
<String CONTENT="Harold." HEIGHT="53" HPOS="707" LANG="en-US" VPOS="1501" WIDTH="238" />
</TextLine>
<TextLine HEIGHT="71" HPOS="182" STYLEREFS="StyleId-DA7EA285-92FA-4A15-B556-70FFAFCA0FA8-" VPOS="1577" WIDTH="1912">
<String CONTENT="Fundamentals" HEIGHT="53" HPOS="182" VPOS="1578" WIDTH="443" />
<SP HEIGHT="34" HPOS="626" VPOS="1597" WIDTH="40" />
<String CONTENT="of" HEIGHT="53" HPOS="667" VPOS="1577" WIDTH="64" />
<SP HEIGHT="53" HPOS="732" VPOS="1578" WIDTH="39" />
<String CONTENT="college" HEIGHT="66" HPOS="772" VPOS="1580" WIDTH="208" />
<SP HEIGHT="33" HPOS="981" VPOS="1598" WIDTH="43" />
<String CONTENT="mathematics," HEIGHT="68" HPOS="1025" VPOS="1578" WIDTH="407" />
<SP HEIGHT="65" HPOS="1433" VPOS="1581" WIDTH="40" />
<String CONTENT="by" HEIGHT="66" HPOS="1474" VPOS="1581" WIDTH="75" />
<SP HEIGHT="65" HPOS="1550" VPOS="1582" WIDTH="42" />
<String CONTENT="Charles" HEIGHT="56" HPOS="1593" VPOS="1582" WIDTH="235" />
<SP HEIGHT="51" HPOS="1829" VPOS="1585" WIDTH="40" />
<String CONTENT="Harold" HEIGHT="52" HPOS="1870" VPOS="1585" WIDTH="224" />
</TextLine>
<TextLine CS="1" HEIGHT="74" HPOS="116" STYLEREFS="StyleId-DA7EA285-92FA-4A15-B556-70FFAFCA0FA8-" VPOS="1652" WIDTH="1916">
<String CONTENT="Helliwell," HEIGHT="70" HPOS="116" VPOS="1652" WIDTH="298" />
<SP HEIGHT="67" HPOS="415" VPOS="1655" WIDTH="45" />
<String CONTENT="Arthur" HEIGHT="52" HPOS="461" VPOS="1655" WIDTH="222" />
<SP HEIGHT="51" HPOS="684" VPOS="1657" WIDTH="47" />
<String CONTENT="Tilley" HEIGHT="68" HPOS="732" VPOS="1656" WIDTH="188" />
<SP HEIGHT="50" HPOS="921" VPOS="1674" WIDTH="50" />
<String CONTENT="[" HEIGHT="33" HPOS="972" VPOS="1691" WIDTH="11" />
<String CONTENT="and]" HEIGHT="66" HPOS="990" VPOS="1658" WIDTH="129" />
<SP HEIGHT="66" HPOS="1120" VPOS="1658" WIDTH="53" />
<String CONTENT="Howard" HEIGHT="54" HPOS="1174" VPOS="1658" WIDTH="255" />
<SP HEIGHT="52" HPOS="1430" VPOS="1660" WIDTH="48" />
<String CONTENT="Elmer" HEIGHT="53" HPOS="1479" VPOS="1659" WIDTH="194" />
<SP HEIGHT="53" HPOS="1674" VPOS="1660" WIDTH="46" />
<String CONTENT="Wahlert" HEIGHT="54" HPOS="1721" VPOS="1660" WIDTH="261" />
<SP HEIGHT="49" HPOS="1983" VPOS="1667" WIDTH="49" />
<String CONTENT="&#8230;" CS="1" />
</TextLine>
<TextLine HEIGHT="72" HPOS="115" STYLEREFS="StyleId-DA7EA285-92FA-4A15-B556-70FFAFCA0FA8-" VPOS="1732" WIDTH="1353">
<String CONTENT="New" HEIGHT="52" HPOS="115" VPOS="1734" WIDTH="130" />
<SP HEIGHT="52" HPOS="246" VPOS="1735" WIDTH="27" />
<String CONTENT="York," HEIGHT="63" HPOS="274" VPOS="1734" WIDTH="177" />
<SP HEIGHT="61" HPOS="452" VPOS="1736" WIDTH="26" />
<String CONTENT="The" HEIGHT="51" HPOS="479" VPOS="1735" WIDTH="120" />
<SP HEIGHT="52" HPOS="600" VPOS="1734" WIDTH="26" />
<String CONTENT="Macmillan" HEIGHT="54" HPOS="627" VPOS="1733" WIDTH="331" />
<SP HEIGHT="34" HPOS="959" VPOS="1753" WIDTH="29" />
<String CONTENT="company," HEIGHT="50" HPOS="989" VPOS="1754" WIDTH="296" />
<SP HEIGHT="61" HPOS="1286" VPOS="1741" WIDTH="31" />
<String CONTENT="1935." HEIGHT="49" HPOS="1318" VPOS="1741" WIDTH="150" />
</TextLine>
<TextLine HEIGHT="50" HPOS="182" STYLEREFS="StyleId-DA7EA285-92FA-4A15-B556-70FFAFCA0FA8-" VPOS="1806" WIDTH="701">
<String CONTENT="xiii," HEIGHT="47" HPOS="182" VPOS="1806" WIDTH="100" />
<SP HEIGHT="45" HPOS="283" VPOS="1808" WIDTH="27" />
<String CONTENT="406" HEIGHT="41" HPOS="311" VPOS="1806" WIDTH="87" />
<SP HEIGHT="47" HPOS="399" VPOS="1807" WIDTH="28" />
<String CONTENT="p." HEIGHT="37" HPOS="428" VPOS="1817" WIDTH="44" />
<SP HEIGHT="40" HPOS="473" VPOS="1808" WIDTH="57" />
<String CONTENT="diagrs." HEIGHT="49" HPOS="531" VPOS="1807" WIDTH="178" />
<SP HEIGHT="42" HPOS="710" VPOS="1807" WIDTH="58" />
<String CONTENT="20" HEIGHT="41" HPOS="769" VPOS="1807" WIDTH="57" />
<String CONTENT="cm" HEIGHT="21" HPOS="826" STYLE="superscript" VPOS="1810" WIDTH="44" />
<String CONTENT="." HEIGHT="9" HPOS="874" VPOS="1839" WIDTH="9" />
</TextLine>
<TextLine CS="1" HEIGHT="57" HPOS="115" VPOS="1859" WIDTH="1650">
<String CONTENT="&#169;" HEIGHT="53" HPOS="115" VPOS="1859" WIDTH="50" />
<SP HEIGHT="54" HPOS="166" VPOS="1859" WIDTH="25" />
<String CONTENT="May" HEIGHT="48" HPOS="192" VPOS="1865" WIDTH="111" />
<SP HEIGHT="48" HPOS="304" VPOS="1865" WIDTH="24" />
<String CONTENT="1," HEIGHT="47" HPOS="329" VPOS="1865" WIDTH="38" />
<SP HEIGHT="46" HPOS="368" VPOS="1866" WIDTH="26" />
<String CONTENT="1935;" CS="1" HEIGHT="39" HPOS="395" VPOS="1865" WIDTH="114" />
<SP HEIGHT="45" HPOS="536" VPOS="1865" WIDTH="29" />
<String CONTENT="2c." HEIGHT="39" HPOS="566" VPOS="1865" WIDTH="65" />
<SP HEIGHT="31" HPOS="632" VPOS="1873" WIDTH="27" />
<String CONTENT="and" HEIGHT="40" HPOS="660" VPOS="1865" WIDTH="96" />
<SP HEIGHT="39" HPOS="757" VPOS="1866" WIDTH="25" />
<String CONTENT="aff." HEIGHT="40" HPOS="783" VPOS="1865" WIDTH="82" />
<SP HEIGHT="38" HPOS="866" VPOS="1867" WIDTH="27" />
<String CONTENT="May" HEIGHT="46" HPOS="894" VPOS="1867" WIDTH="112" />
<SP HEIGHT="48" HPOS="1007" VPOS="1865" WIDTH="27" />
<String CONTENT="2;" CS="1" HEIGHT="38" HPOS="1035" VPOS="1865" WIDTH="26" />
<SP HEIGHT="47" HPOS="1088" VPOS="1865" WIDTH="29" />
<String CONTENT="A" HEIGHT="40" HPOS="1118" VPOS="1865" WIDTH="45" />
<SP HEIGHT="40" HPOS="1164" VPOS="1865" WIDTH="24" />
<String CONTENT="81672;" CS="1" HEIGHT="43" HPOS="1189" VPOS="1864" WIDTH="142" />
<SP HEIGHT="45" HPOS="1359" VPOS="1868" WIDTH="31" />
<String CONTENT="Macmillan" HEIGHT="40" HPOS="1391" VPOS="1866" WIDTH="281" />
<SP HEIGHT="29" HPOS="1673" VPOS="1878" WIDTH="26" />
<String CONTENT="co." HEIGHT="31" HPOS="1700" VPOS="1877" WIDTH="65" />
</TextLine>
<TextLine HEIGHT="49" HPOS="188" VPOS="1921" WIDTH="249">
<String CONTENT="(35-8714)" HEIGHT="49" HPOS="188" VPOS="1921" WIDTH="249" />
</TextLine>
<TextLine HEIGHT="66" HPOS="113" STYLEREFS="StyleId-AD2B4A37-8C91-41CC-B6DA-D953BF10436D-" VPOS="2010" WIDTH="808">
<String CONTENT="Hoagland," HEIGHT="65" HPOS="113" VPOS="2010" WIDTH="316" />
<SP HEIGHT="63" HPOS="430" VPOS="2012" WIDTH="27" />
<String CONTENT="Hudson," HEIGHT="63" HPOS="458" VPOS="2012" WIDTH="263" />
<SP HEIGHT="57" HPOS="722" VPOS="2018" WIDTH="29" />
<String CONTENT="1899-" HEIGHT="49" HPOS="752" VPOS="2017" WIDTH="169" />
</TextLine>
<TextLine HEIGHT="74" HPOS="181" STYLEREFS="StyleId-DA7EA285-92FA-4A15-B556-70FFAFCA0FA8-" VPOS="2086" WIDTH="1912">
<String CONTENT="Pacemakers" HEIGHT="54" HPOS="181" VPOS="2089" WIDTH="366" />
<SP HEIGHT="56" HPOS="548" VPOS="2087" WIDTH="35" />
<String CONTENT="in" HEIGHT="55" HPOS="584" VPOS="2087" WIDTH="57" />
<SP HEIGHT="34" HPOS="642" VPOS="2108" WIDTH="37" />
<String CONTENT="relation" HEIGHT="55" HPOS="680" VPOS="2086" WIDTH="237" />
<SP HEIGHT="47" HPOS="918" VPOS="2095" WIDTH="38" />
<String CONTENT="to" HEIGHT="48" HPOS="957" VPOS="2095" WIDTH="58" />
<SP HEIGHT="34" HPOS="1016" VPOS="2109" WIDTH="38" />
<String CONTENT="aspects" HEIGHT="63" HPOS="1055" VPOS="2094" WIDTH="216" />
<SP HEIGHT="34" HPOS="1272" VPOS="2110" WIDTH="37" />
<String CONTENT="of" HEIGHT="53" HPOS="1310" VPOS="2091" WIDTH="64" />
<SP HEIGHT="52" HPOS="1375" VPOS="2091" WIDTH="34" />
<String CONTENT="behavior," HEIGHT="65" HPOS="1410" VPOS="2091" WIDTH="289" />
<SP HEIGHT="64" HPOS="1700" VPOS="2093" WIDTH="36" />
<String CONTENT="by" HEIGHT="66" HPOS="1737" VPOS="2094" WIDTH="74" />
<SP HEIGHT="65" HPOS="1812" VPOS="2095" WIDTH="36" />
<String CONTENT="Hudson" HEIGHT="52" HPOS="1849" VPOS="2095" WIDTH="244" />
</TextLine>
<TextLine CS="1" HEIGHT="74" HPOS="114" STYLEREFS="StyleId-DA7EA285-92FA-4A15-B556-70FFAFCA0FA8-" VPOS="2165" WIDTH="1873">
<String CONTENT="Hoagland" HEIGHT="68" HPOS="114" VPOS="2166" WIDTH="299" />
<SP HEIGHT="52" HPOS="414" VPOS="2168" WIDTH="43" />
<String CONTENT="&#8230;" CS="1" />
<SP HEIGHT="52" HPOS="513" VPOS="2168" WIDTH="78" />
<String CONTENT="New" HEIGHT="53" HPOS="592" VPOS="2168" WIDTH="137" />
<SP HEIGHT="52" HPOS="730" VPOS="2168" WIDTH="35" />
<String CONTENT="York," HEIGHT="67" HPOS="766" VPOS="2168" WIDTH="178" />
<SP HEIGHT="64" HPOS="945" VPOS="2171" WIDTH="33" />
<String CONTENT="The" HEIGHT="52" HPOS="979" VPOS="2169" WIDTH="118" />
<SP HEIGHT="50" HPOS="1098" VPOS="2169" WIDTH="37" />
<String CONTENT="Macmillan" HEIGHT="55" HPOS="1136" VPOS="2167" WIDTH="328" />
<SP HEIGHT="34" HPOS="1465" VPOS="2188" WIDTH="37" />
<String CONTENT="company." HEIGHT="51" HPOS="1503" VPOS="2188" WIDTH="295" />
<SP HEIGHT="50" HPOS="1799" VPOS="2176" WIDTH="40" />
<String CONTENT="1935." HEIGHT="48" HPOS="1840" VPOS="2176" WIDTH="147" />
</TextLine>
<TextLine CS="1" HEIGHT="56" HPOS="182" VPOS="2238" WIDTH="1912">
<String CONTENT="x" HEIGHT="28" HPOS="182" VPOS="2251" WIDTH="29" />
<SP HEIGHT="37" HPOS="212" VPOS="2251" WIDTH="26" />
<String CONTENT="p.," HEIGHT="37" HPOS="239" LANG="fr" VPOS="2251" WIDTH="55" />
<SP HEIGHT="45" HPOS="295" VPOS="2241" WIDTH="29" />
<String CONTENT="1" CS="1" LANG="fr" />
<SP HEIGHT="39" HPOS="343" VPOS="2241" WIDTH="35" />
<String CONTENT="l.," CS="1" HEIGHT="14" HPOS="400" VPOS="2273" WIDTH="21" />
<SP HEIGHT="45" HPOS="422" VPOS="2242" WIDTH="28" />
<String CONTENT="138" HEIGHT="41" HPOS="451" VPOS="2240" WIDTH="84" />
<SP HEIGHT="47" HPOS="536" VPOS="2241" WIDTH="26" />
<String CONTENT="p." HEIGHT="37" HPOS="563" VPOS="2251" WIDTH="41" />
<SP HEIGHT="38" HPOS="605" VPOS="2250" WIDTH="59" />
<String CONTENT="pl.," CS="1" HEIGHT="39" HPOS="665" VPOS="2250" WIDTH="75" />
<SP HEIGHT="47" HPOS="741" VPOS="2242" WIDTH="29" />
<String CONTENT="diagrs." HEIGHT="49" HPOS="771" VPOS="2239" WIDTH="177" />
<SP HEIGHT="40" HPOS="949" VPOS="2241" WIDTH="59" />
<String CONTENT="22cm." CS="1" HEIGHT="41" HPOS="1009" VPOS="2241" WIDTH="115" />
<SP HEIGHT="40" HPOS="1125" VPOS="2244" WIDTH="68" />
<String CONTENT="(On" HEIGHT="44" HPOS="1194" VPOS="2241" WIDTH="94" />
<SP HEIGHT="29" HPOS="1289" VPOS="2252" WIDTH="32" />
<String CONTENT="cover:" HEIGHT="30" HPOS="1322" VPOS="2252" WIDTH="160" />
<SP HEIGHT="38" HPOS="1483" VPOS="2244" WIDTH="31" />
<String CONTENT="Experimental" HEIGHT="48" HPOS="1515" VPOS="2243" WIDTH="358" />
<SP HEIGHT="36" HPOS="1874" VPOS="2246" WIDTH="33" />
<String CONTENT="biology" HEIGHT="49" HPOS="1908" VPOS="2245" WIDTH="186" />
</TextLine>
<TextLine HEIGHT="49" HPOS="115" VPOS="2296" WIDTH="339">
<String CONTENT="monographs)" HEIGHT="49" HPOS="115" VPOS="2296" WIDTH="339" />
</TextLine>
<TextLine HEIGHT="51" HPOS="183" VPOS="2353" WIDTH="649">
<String CONTENT="&#8220;Citations&#8221;:" HEIGHT="43" HPOS="183" VPOS="2353" WIDTH="322" />
<SP HEIGHT="38" HPOS="506" VPOS="2365" WIDTH="34" />
<String CONTENT="p." HEIGHT="37" HPOS="541" VPOS="2366" WIDTH="42" />
<SP HEIGHT="41" HPOS="584" VPOS="2354" WIDTH="32" />
<String CONTENT="127-134." HEIGHT="43" HPOS="617" VPOS="2354" WIDTH="215" />
</TextLine>
<TextLine CS="1" HEIGHT="56" HPOS="113" VPOS="2408" WIDTH="1607">
<String CONTENT="&#169;" HEIGHT="53" HPOS="113" VPOS="2408" WIDTH="51" />
<SP HEIGHT="54" HPOS="164" VPOS="2408" WIDTH="21" />
<String CONTENT="Apr." HEIGHT="47" HPOS="185" VPOS="2413" WIDTH="111" />
<SP HEIGHT="39" HPOS="296" VPOS="2413" WIDTH="21" />
<String CONTENT="2" HEIGHT="39" HPOS="317" VPOS="2413" WIDTH="27" />
<SP HEIGHT="47" HPOS="344" VPOS="2413" WIDTH="22" />
<String CONTENT=",1935;" CS="1" HEIGHT="49" HPOS="366" VPOS="2411" WIDTH="132" />
<SP HEIGHT="46" HPOS="521" VPOS="2413" WIDTH="25" />
<String CONTENT="2c." HEIGHT="40" HPOS="546" VPOS="2413" WIDTH="68" />
<SP HEIGHT="31" HPOS="614" VPOS="2422" WIDTH="26" />
<String CONTENT="and" HEIGHT="40" HPOS="640" VPOS="2414" WIDTH="97" />
<SP HEIGHT="39" HPOS="737" VPOS="2415" WIDTH="22" />
<String CONTENT="aff." HEIGHT="41" HPOS="759" VPOS="2412" WIDTH="83" />
<SP HEIGHT="38" HPOS="842" VPOS="2414" WIDTH="24" />
<String CONTENT="Apr." HEIGHT="46" HPOS="866" VPOS="2414" WIDTH="115" />
<SP HEIGHT="39" HPOS="981" VPOS="2414" WIDTH="23" />
<String CONTENT="3;" CS="1" HEIGHT="39" HPOS="1004" VPOS="2414" WIDTH="27" />
<SP HEIGHT="45" HPOS="1058" VPOS="2414" WIDTH="25" />
<String CONTENT="A" HEIGHT="38" HPOS="1083" VPOS="2414" WIDTH="43" />
<SP HEIGHT="39" HPOS="1126" VPOS="2414" WIDTH="23" />
<String CONTENT="82344;" CS="1" HEIGHT="42" HPOS="1149" VPOS="2412" WIDTH="144" />
<SP HEIGHT="45" HPOS="1319" VPOS="2415" WIDTH="27" />
<String CONTENT="Macmillan" HEIGHT="40" HPOS="1346" VPOS="2414" WIDTH="283" />
<SP HEIGHT="29" HPOS="1629" VPOS="2426" WIDTH="23" />
<String CONTENT="co." HEIGHT="31" HPOS="1652" VPOS="2424" WIDTH="68" />
</TextLine>
<TextLine HEIGHT="48" HPOS="188" VPOS="2470" WIDTH="246">
<String CONTENT="(35-8849)" HEIGHT="48" HPOS="188" VPOS="2470" WIDTH="246" />
</TextLine>
<TextLine HEIGHT="65" HPOS="118" STYLEREFS="StyleId-AD2B4A37-8C91-41CC-B6DA-D953BF10436D-" VPOS="2573" WIDTH="852">
<String CONTENT="Hootman," HEIGHT="63" HPOS="118" VPOS="2574" WIDTH="305" />
<SP HEIGHT="63" HPOS="424" VPOS="2574" WIDTH="28" />
<String CONTENT="George" HEIGHT="63" HPOS="453" VPOS="2574" WIDTH="225" />
<SP HEIGHT="54" HPOS="679" VPOS="2574" WIDTH="25" />
<String CONTENT="Warren." HEIGHT="53" HPOS="705" VPOS="2575" WIDTH="265" />
</TextLine>
<TextLine HEIGHT="72" HPOS="185" STYLEREFS="StyleId-DA7EA285-92FA-4A15-B556-70FFAFCA0FA8-" VPOS="2650" WIDTH="1907">
<String CONTENT="Short" HEIGHT="54" HPOS="185" VPOS="2652" WIDTH="172" />
<SP HEIGHT="46" HPOS="358" VPOS="2658" WIDTH="37" />
<String CONTENT="nature" HEIGHT="48" HPOS="396" VPOS="2656" WIDTH="201" />
<SP HEIGHT="33" HPOS="598" VPOS="2671" WIDTH="39" />
<String CONTENT="sketches" HEIGHT="54" HPOS="638" VPOS="2650" WIDTH="252" />
<SP HEIGHT="52" HPOS="891" VPOS="2651" WIDTH="43" />
<String CONTENT="for" HEIGHT="52" HPOS="935" VPOS="2651" WIDTH="92" />
<SP HEIGHT="33" HPOS="1028" VPOS="2670" WIDTH="42" />
<String CONTENT="children" HEIGHT="52" HPOS="1071" VPOS="2652" WIDTH="252" />
<SP HEIGHT="32" HPOS="1324" VPOS="2671" WIDTH="44" />
<String CONTENT="and" HEIGHT="51" HPOS="1369" VPOS="2653" WIDTH="111" />
<SP HEIGHT="66" HPOS="1481" VPOS="2653" WIDTH="41" />
<String CONTENT="young" HEIGHT="49" HPOS="1523" VPOS="2671" WIDTH="193" />
<SP HEIGHT="50" HPOS="1717" VPOS="2671" WIDTH="40" />
<String CONTENT="people," HEIGHT="67" HPOS="1758" VPOS="2654" WIDTH="218" />
<SP HEIGHT="64" HPOS="1977" VPOS="2655" WIDTH="40" />
<String CONTENT="by" HEIGHT="67" HPOS="2018" VPOS="2655" WIDTH="74" />
</TextLine>
<TextLine CS="1" HEIGHT="72" HPOS="115" STYLEREFS="StyleId-DA7EA285-92FA-4A15-B556-70FFAFCA0FA8-" VPOS="2727" WIDTH="1978">
<String CONTENT="George" HEIGHT="67" HPOS="115" VPOS="2729" WIDTH="213" />
<SP HEIGHT="52" HPOS="329" VPOS="2733" WIDTH="27" />
<String CONTENT="Warren" HEIGHT="52" HPOS="357" VPOS="2733" WIDTH="242" />
<SP HEIGHT="50" HPOS="600" VPOS="2731" WIDTH="28" />
<String CONTENT="Hootman" HEIGHT="51" HPOS="629" VPOS="2731" WIDTH="292" />
<SP HEIGHT="34" HPOS="922" VPOS="2749" WIDTH="35" />
<String CONTENT="&#8230;" CS="1" />
<SP HEIGHT="53" HPOS="1014" VPOS="2730" WIDTH="33" />
<String CONTENT="illustrated" HEIGHT="51" HPOS="1048" VPOS="2730" WIDTH="326" />
<SP HEIGHT="50" HPOS="1375" VPOS="2731" WIDTH="27" />
<String CONTENT="by" HEIGHT="66" HPOS="1403" VPOS="2731" WIDTH="74" />
<SP HEIGHT="63" HPOS="1478" VPOS="2734" WIDTH="28" />
<String CONTENT="W." HEIGHT="51" HPOS="1507" VPOS="2734" WIDTH="87" />
<SP HEIGHT="51" HPOS="1595" VPOS="2734" WIDTH="31" />
<String CONTENT="J." HEIGHT="51" HPOS="1627" VPOS="2734" WIDTH="56" />
<SP HEIGHT="52" HPOS="1684" VPOS="2733" WIDTH="30" />
<String CONTENT="Wilwerding" HEIGHT="69" HPOS="1715" VPOS="2730" WIDTH="378" />
</TextLine>
<TextLine CS="1" HEIGHT="73" HPOS="172" STYLEREFS="StyleId-DA7EA285-92FA-4A15-B556-70FFAFCA0FA8-" VPOS="2804" WIDTH="1920">
<String CONTENT="&#8230;" CS="1" />
<SP HEIGHT="50" HPOS="172" VPOS="2808" WIDTH="72" />
<String CONTENT="Minneapolis," HEIGHT="68" HPOS="245" VPOS="2806" WIDTH="398" />
<SP HEIGHT="64" HPOS="644" VPOS="2809" WIDTH="35" />
<String CONTENT="Philadelphia," HEIGHT="68" HPOS="680" VPOS="2806" WIDTH="423" />
<SP HEIGHT="66" HPOS="1104" VPOS="2808" WIDTH="36" />
<String CONTENT="Educational" HEIGHT="56" HPOS="1141" VPOS="2805" WIDTH="380" />
<SP HEIGHT="50" HPOS="1522" VPOS="2811" WIDTH="35" />
<String CONTENT="test" HEIGHT="50" HPOS="1558" VPOS="2812" WIDTH="110" />
<SP HEIGHT="53" HPOS="1669" VPOS="2809" WIDTH="30" />
<String CONTENT="bureau," HEIGHT="68" HPOS="1700" VPOS="2809" WIDTH="231" />
<SP HEIGHT="65" HPOS="1932" VPOS="2812" WIDTH="33" />
<String CONTENT="inc.," HEIGHT="64" HPOS="1966" VPOS="2812" WIDTH="126" />
</TextLine>
<TextLine HEIGHT="51" HPOS="118" STYLEREFS="StyleId-DA7EA285-92FA-4A15-B556-70FFAFCA0FA8-" VPOS="2887" WIDTH="143">
<String CONTENT="1934." HEIGHT="51" HPOS="118" VPOS="2887" WIDTH="143" />
</TextLine>
<TextLine HEIGHT="52" HPOS="177" VPOS="2956" WIDTH="845">
<String CONTENT="92" HEIGHT="40" HPOS="177" VPOS="2958" WIDTH="56" />
<SP HEIGHT="49" HPOS="233" VPOS="2958" WIDTH="23" />
<String CONTENT="p." HEIGHT="37" HPOS="256" VPOS="2970" WIDTH="41" />
<SP HEIGHT="39" HPOS="298" VPOS="2958" WIDTH="56" />
<String CONTENT="illus." HEIGHT="40" HPOS="354" VPOS="2958" WIDTH="130" />
<SP HEIGHT="46" HPOS="484" VPOS="2959" WIDTH="27" />
<String CONTENT="(incl." HEIGHT="48" HPOS="511" VPOS="2957" WIDTH="133" />
<SP HEIGHT="38" HPOS="644" VPOS="2967" WIDTH="25" />
<String CONTENT="ports.)" HEIGHT="49" HPOS="670" VPOS="2957" WIDTH="174" />
<SP HEIGHT="47" HPOS="844" VPOS="2957" WIDTH="61" />
<String CONTENT="23" HEIGHT="40" HPOS="905" VPOS="2957" WIDTH="56" />
<String CONTENT="cm" HEIGHT="20" HPOS="963" STYLE="superscript" VPOS="2960" WIDTH="46" />
<String CONTENT="." HEIGHT="8" HPOS="1012" VPOS="2989" WIDTH="9" />
</TextLine>
<TextLine CS="1" HEIGHT="57" HPOS="113" VPOS="3009" WIDTH="1979">
<String CONTENT="&#169;" HEIGHT="53" HPOS="113" VPOS="3009" WIDTH="50" />
<SP HEIGHT="54" HPOS="164" VPOS="3009" WIDTH="27" />
<String CONTENT="Oct." HEIGHT="40" HPOS="192" VPOS="3015" WIDTH="98" />
<SP HEIGHT="39" HPOS="291" VPOS="3015" WIDTH="28" />
<String CONTENT="23," HEIGHT="47" HPOS="320" VPOS="3015" WIDTH="69" />
<SP HEIGHT="46" HPOS="390" VPOS="3016" WIDTH="31" />
<String CONTENT="1934;" CS="1" HEIGHT="46" HPOS="422" VPOS="3014" WIDTH="140" />
<SP HEIGHT="46" HPOS="563" VPOS="3014" WIDTH="32" />
<String CONTENT="2c." HEIGHT="40" HPOS="596" VPOS="3014" WIDTH="67" />
<SP HEIGHT="31" HPOS="664" VPOS="3024" WIDTH="32" />
<String CONTENT="and" HEIGHT="40" HPOS="697" VPOS="3014" WIDTH="96" />
<SP HEIGHT="40" HPOS="794" VPOS="3014" WIDTH="31" />
<String CONTENT="aff." HEIGHT="40" HPOS="826" VPOS="3014" WIDTH="80" />
<SP HEIGHT="38" HPOS="907" VPOS="3015" WIDTH="32" />
<String CONTENT="Jan." HEIGHT="38" HPOS="940" VPOS="3015" WIDTH="108" />
<SP HEIGHT="38" HPOS="1049" VPOS="3015" WIDTH="30" />
<String CONTENT="10," HEIGHT="47" HPOS="1080" VPOS="3014" WIDTH="68" />
<SP HEIGHT="46" HPOS="1149" VPOS="3015" WIDTH="31" />
<String CONTENT="1935;" HEIGHT="48" HPOS="1181" VPOS="3012" WIDTH="140" />
<SP HEIGHT="45" HPOS="1322" VPOS="3015" WIDTH="37" />
<String CONTENT="A" HEIGHT="38" HPOS="1360" VPOS="3015" WIDTH="41" />
<SP HEIGHT="40" HPOS="1402" VPOS="3015" WIDTH="30" />
<String CONTENT="78952;" HEIGHT="47" HPOS="1433" VPOS="3014" WIDTH="169" />
<SP HEIGHT="45" HPOS="1603" VPOS="3016" WIDTH="36" />
<String CONTENT="Educational" HEIGHT="43" HPOS="1640" VPOS="3014" WIDTH="322" />
<SP HEIGHT="39" HPOS="1963" VPOS="3018" WIDTH="34" />
<String CONTENT="test" HEIGHT="37" HPOS="1998" VPOS="3020" WIDTH="94" />
</TextLine>
<TextLine CS="1" HEIGHT="50" HPOS="179" VPOS="3070" WIDTH="634">
<String CONTENT="bureau," HEIGHT="47" HPOS="179" VPOS="3072" WIDTH="193" />
<SP HEIGHT="47" HPOS="373" VPOS="3072" WIDTH="30" />
<String CONTENT="inc." HEIGHT="39" HPOS="404" VPOS="3072" WIDTH="90" />
<SP HEIGHT="46" HPOS="495" VPOS="3073" WIDTH="67" />
<String CONTENT="(35-8710)" HEIGHT="50" HPOS="563" VPOS="3070" WIDTH="250" />
<SP />
</TextLine>
<TextLine HEIGHT="64" HPOS="113" STYLEREFS="StyleId-AD2B4A37-8C91-41CC-B6DA-D953BF10436D-" VPOS="3160" WIDTH="464">
<String CONTENT="Hunt," HEIGHT="64" HPOS="113" VPOS="3160" WIDTH="175" />
<SP HEIGHT="62" HPOS="289" VPOS="3162" WIDTH="26" />
<String CONTENT="Francis." HEIGHT="53" HPOS="316" VPOS="3162" WIDTH="261" />
</TextLine>
<TextLine CS="1" HEIGHT="152" HPOS="116" STYLEREFS="StyleId-DA7EA285-92FA-4A15-B556-70FFAFCA0FA8-" VPOS="3234" WIDTH="1972">
<String CONTENT="&#8230;" CS="1" />
<SP HEIGHT="50" HPOS="240" VPOS="3239" WIDTH="35" />
<String CONTENT="The" HEIGHT="52" HPOS="276" VPOS="3238" WIDTH="119" />
<SP HEIGHT="34" HPOS="396" VPOS="3256" WIDTH="28" />
<String CONTENT="mystery" HEIGHT="62" HPOS="425" VPOS="3244" WIDTH="250" />
<SP HEIGHT="51" HPOS="676" VPOS="3255" WIDTH="32" />
<String CONTENT="of" HEIGHT="53" HPOS="709" VPOS="3236" WIDTH="62" />
<SP HEIGHT="55" HPOS="772" VPOS="3236" WIDTH="30" />
<String CONTENT="the" HEIGHT="53" HPOS="803" VPOS="3238" WIDTH="94" />
<SP HEIGHT="49" HPOS="898" VPOS="3242" WIDTH="30" />
<String CONTENT="toy" HEIGHT="63" HPOS="929" VPOS="3242" WIDTH="98" />
<SP HEIGHT="67" HPOS="1028" VPOS="3238" WIDTH="27" />
<String CONTENT="bank," HEIGHT="68" HPOS="1056" VPOS="3237" WIDTH="169" />
<SP HEIGHT="66" HPOS="1226" VPOS="3239" WIDTH="30" />
<String CONTENT="by" HEIGHT="66" HPOS="1257" VPOS="3239" WIDTH="73" />
<SP HEIGHT="65" HPOS="1331" VPOS="3240" WIDTH="32" />
<String CONTENT="Francis" HEIGHT="53" HPOS="1364" VPOS="3238" WIDTH="237" />
<SP HEIGHT="52" HPOS="1602" VPOS="3239" WIDTH="31" />
<String CONTENT="Hunt" HEIGHT="53" HPOS="1634" VPOS="3239" WIDTH="167" />
<SP HEIGHT="48" HPOS="1802" VPOS="3246" WIDTH="37" />
<String CONTENT="&#8230;" CS="1" />
<SP HEIGHT="55" HPOS="1896" VPOS="3239" WIDTH="37" />
<String CONTENT="illustrated" HEIGHT="134" HPOS="116" VPOS="3235" WIDTH="1949" />
<SP HEIGHT="52" HPOS="295" VPOS="3315" WIDTH="47" />
<String CONTENT="by" HEIGHT="67" HPOS="343" VPOS="3316" WIDTH="75" />
<SP HEIGHT="66" HPOS="419" VPOS="3317" WIDTH="47" />
<String CONTENT="Margaret" HEIGHT="67" HPOS="467" VPOS="3317" WIDTH="295" />
<SP HEIGHT="51" HPOS="763" VPOS="3317" WIDTH="47" />
<String CONTENT="Ayer." HEIGHT="66" HPOS="811" VPOS="3317" WIDTH="168" />
<SP HEIGHT="51" HPOS="980" VPOS="3317" WIDTH="74" />
<String CONTENT="New" HEIGHT="51" HPOS="1055" VPOS="3317" WIDTH="137" />
<SP HEIGHT="53" HPOS="1193" VPOS="3316" WIDTH="50" />
<String CONTENT="York," HEIGHT="66" HPOS="1244" VPOS="3316" WIDTH="179" />
<SP HEIGHT="65" HPOS="1424" VPOS="3317" WIDTH="52" />
<String CONTENT="Grosset" HEIGHT="54" HPOS="1477" VPOS="3317" WIDTH="231" />
<SP HEIGHT="50" HPOS="1709" VPOS="3320" WIDTH="48" />
<String CONTENT="&amp;" HEIGHT="49" HPOS="1758" VPOS="3321" WIDTH="45" />
<SP HEIGHT="50" HPOS="1804" VPOS="3320" WIDTH="50" />
<String CONTENT="Dunlap" HEIGHT="66" HPOS="1855" VPOS="3319" WIDTH="233" />
</TextLine>
<TextLine CS="1" HEIGHT="66" HPOS="158" STYLEREFS="StyleId-DA7EA285-92FA-4A15-B556-70FFAFCA0FA8-" VPOS="3394" WIDTH="146">
<String CONTENT="[c1935]" CS="1" HEIGHT="66" HPOS="158" VPOS="3394" WIDTH="146" />
</TextLine>
<TextLine CS="1" HEIGHT="54" HPOS="181" VPOS="3463" WIDTH="1908">
<String CONTENT="2" HEIGHT="39" HPOS="181" VPOS="3463" WIDTH="27" />
<SP />
<String CONTENT="p." CS="1" LANG="fr" />
<SP />
<String CONTENT="l." CS="1" LANG="fr" />
<String CONTENT="," HEIGHT="17" HPOS="346" VPOS="3496" WIDTH="10" />
<SP HEIGHT="47" HPOS="357" VPOS="3466" WIDTH="32" />
<String CONTENT="175" HEIGHT="41" HPOS="389" VPOS="3465" WIDTH="86" />
<SP HEIGHT="47" HPOS="475" VPOS="3465" WIDTH="30" />
<String CONTENT="p." HEIGHT="37" HPOS="505" VPOS="3475" WIDTH="43" />
<SP HEIGHT="41" HPOS="548" VPOS="3465" WIDTH="57" />
<String CONTENT="front.," HEIGHT="47" HPOS="605" VPOS="3465" WIDTH="165" />
<SP HEIGHT="37" HPOS="770" VPOS="3476" WIDTH="33" />
<String CONTENT="plates." HEIGHT="48" HPOS="803" VPOS="3465" WIDTH="168" />
<SP HEIGHT="39" HPOS="971" VPOS="3466" WIDTH="62" />
<String CONTENT="19&#189;" CS="1" HEIGHT="39" HPOS="1033" VPOS="3465" WIDTH="56" />
<String CONTENT="cm" HEIGHT="21" HPOS="1119" STYLE="superscript" VPOS="3467" WIDTH="45" />
<String CONTENT="." HEIGHT="9" HPOS="1167" VPOS="3496" WIDTH="8" />
<SP HEIGHT="47" HPOS="1176" VPOS="3466" WIDTH="70" />
<String CONTENT="(His" HEIGHT="47" HPOS="1246" VPOS="3466" WIDTH="116" />
<SP HEIGHT="37" HPOS="1362" VPOS="3468" WIDTH="34" />
<String CONTENT="Mary" HEIGHT="45" HPOS="1396" VPOS="3468" WIDTH="140" />
<SP HEIGHT="36" HPOS="1536" VPOS="3477" WIDTH="33" />
<String CONTENT="and" HEIGHT="39" HPOS="1569" VPOS="3467" WIDTH="93" />
<SP HEIGHT="39" HPOS="1662" VPOS="3467" WIDTH="36" />
<String CONTENT="Jerry" HEIGHT="49" HPOS="1698" VPOS="3467" WIDTH="143" />
<SP HEIGHT="38" HPOS="1841" VPOS="3478" WIDTH="35" />
<String CONTENT="mystery" HEIGHT="44" HPOS="1876" VPOS="3473" WIDTH="213" />
</TextLine>
<TextLine HEIGHT="51" HPOS="116" VPOS="3518" WIDTH="193">
<String CONTENT="stories)" HEIGHT="51" HPOS="116" VPOS="3518" WIDTH="193" />
</TextLine>
<TextLine HEIGHT="51" HPOS="182" VPOS="3577" WIDTH="670">
<String CONTENT="Illustrated" HEIGHT="42" HPOS="182" VPOS="3577" WIDTH="282" />
<SP HEIGHT="39" HPOS="465" VPOS="3580" WIDTH="26" />
<String CONTENT="lining-papers." HEIGHT="50" HPOS="492" VPOS="3578" WIDTH="360" />
</TextLine>
<TextLine CS="1" HEIGHT="59" HPOS="116" VPOS="3627" WIDTH="1972">
<String CONTENT="&#169;" HEIGHT="53" HPOS="116" VPOS="3627" WIDTH="49" />
<SP HEIGHT="54" HPOS="166" VPOS="3627" WIDTH="23" />
<String CONTENT="June" HEIGHT="41" HPOS="190" VPOS="3635" WIDTH="123" />
<SP HEIGHT="40" HPOS="314" VPOS="3636" WIDTH="24" />
<String CONTENT="25," HEIGHT="47" HPOS="339" VPOS="3636" WIDTH="68" />
<SP HEIGHT="44" HPOS="408" VPOS="3639" WIDTH="26" />
<String CONTENT="1935;" HEIGHT="47" HPOS="435" VPOS="3635" WIDTH="138" />
<SP HEIGHT="46" HPOS="574" VPOS="3636" WIDTH="30" />
<String CONTENT="2c." HEIGHT="40" HPOS="605" VPOS="3636" WIDTH="66" />
<SP HEIGHT="31" HPOS="672" VPOS="3646" WIDTH="28" />
<String CONTENT="and" HEIGHT="38" HPOS="701" VPOS="3638" WIDTH="94" />
<SP HEIGHT="37" HPOS="796" VPOS="3638" WIDTH="26" />
<String CONTENT="aff." HEIGHT="39" HPOS="823" VPOS="3636" WIDTH="79" />
<SP HEIGHT="39" HPOS="903" VPOS="3636" WIDTH="32" />
<String CONTENT="June" HEIGHT="40" HPOS="936" VPOS="3636" WIDTH="129" />
<SP HEIGHT="40" HPOS="1066" VPOS="3636" WIDTH="22" />
<String CONTENT="27;" CS="1" HEIGHT="40" HPOS="1089" VPOS="3636" WIDTH="55" />
<SP HEIGHT="47" HPOS="1173" VPOS="3636" WIDTH="26" />
<String CONTENT="A" HEIGHT="40" HPOS="1200" VPOS="3636" WIDTH="41" />
<SP HEIGHT="40" HPOS="1242" VPOS="3636" WIDTH="25" />
<String CONTENT="83786;" HEIGHT="46" HPOS="1268" VPOS="3636" WIDTH="167" />
<SP HEIGHT="46" HPOS="1436" VPOS="3636" WIDTH="32" />
<String CONTENT="Grosset" HEIGHT="40" HPOS="1469" VPOS="3636" WIDTH="197" />
<SP HEIGHT="40" HPOS="1667" VPOS="3637" WIDTH="30" />
<String CONTENT="&amp;" HEIGHT="41" HPOS="1698" VPOS="3637" WIDTH="38" />
<SP HEIGHT="40" HPOS="1737" VPOS="3638" WIDTH="24" />
<String CONTENT="Dunlap," HEIGHT="47" HPOS="1762" VPOS="3637" WIDTH="208" />
<SP HEIGHT="46" HPOS="1971" VPOS="3638" WIDTH="28" />
<String CONTENT="inc." HEIGHT="39" HPOS="2000" VPOS="3638" WIDTH="88" />
</TextLine>
<TextLine HEIGHT="49" HPOS="193" VPOS="3691" WIDTH="244">
<String CONTENT="(35-8863)" HEIGHT="49" HPOS="193" VPOS="3691" WIDTH="244" />
</TextLine>
<TextLine CS="1" HEIGHT="72" HPOS="241" STYLEREFS="StyleId-DA7EA285-92FA-4A15-B556-70FFAFCA0FA8-" VPOS="3779" WIDTH="1845">
<String CONTENT="&#8230;" CS="1" />
<SP HEIGHT="49" HPOS="241" VPOS="3782" WIDTH="29" />
<String CONTENT="The" HEIGHT="53" HPOS="271" VPOS="3780" WIDTH="118" />
<SP HEIGHT="32" HPOS="390" VPOS="3801" WIDTH="26" />
<String CONTENT="story" HEIGHT="60" HPOS="417" VPOS="3788" WIDTH="156" />
<SP HEIGHT="61" HPOS="574" VPOS="3787" WIDTH="24" />
<String CONTENT="the" HEIGHT="52" HPOS="599" VPOS="3782" WIDTH="94" />
<SP HEIGHT="47" HPOS="694" VPOS="3800" WIDTH="24" />
<String CONTENT="parrot" HEIGHT="59" HPOS="719" VPOS="3788" WIDTH="198" />
<SP HEIGHT="45" HPOS="918" VPOS="3788" WIDTH="23" />
<String CONTENT="told," CS="1" HEIGHT="44" HPOS="942" VPOS="3788" WIDTH="57" />
<SP HEIGHT="56" HPOS="1082" VPOS="3783" WIDTH="25" />
<String CONTENT="by" HEIGHT="65" HPOS="1108" VPOS="3783" WIDTH="75" />
<SP HEIGHT="66" HPOS="1184" VPOS="3783" WIDTH="27" />
<String CONTENT="Francis" HEIGHT="52" HPOS="1212" VPOS="3781" WIDTH="235" />
<SP HEIGHT="50" HPOS="1448" VPOS="3783" WIDTH="27" />
<String CONTENT="Hunt" HEIGHT="51" HPOS="1476" VPOS="3783" WIDTH="165" />
<SP HEIGHT="44" HPOS="1642" VPOS="3790" WIDTH="31" />
<String CONTENT="&#8230;" CS="1" />
<SP HEIGHT="53" HPOS="1730" VPOS="3782" WIDTH="36" />
<String CONTENT="illustrated" HEIGHT="53" HPOS="1767" VPOS="3782" WIDTH="319" />
</TextLine>
<TextLine CS="1" HEIGHT="76" HPOS="117" STYLEREFS="StyleId-DA7EA285-92FA-4A15-B556-70FFAFCA0FA8-" VPOS="3851" WIDTH="1845">
<String CONTENT="by" HEIGHT="70" HPOS="117" VPOS="3851" WIDTH="70" />
<SP HEIGHT="66" HPOS="188" VPOS="3855" WIDTH="29" />
<String CONTENT="Margaret" HEIGHT="69" HPOS="218" VPOS="3855" WIDTH="289" />
<SP HEIGHT="51" HPOS="508" VPOS="3859" WIDTH="34" />
<String CONTENT="Ayer." HEIGHT="66" HPOS="543" VPOS="3859" WIDTH="169" />
<SP HEIGHT="51" HPOS="713" VPOS="3859" WIDTH="73" />
<String CONTENT="New" HEIGHT="52" HPOS="787" VPOS="3859" WIDTH="137" />
<SP HEIGHT="50" HPOS="925" VPOS="3860" WIDTH="34" />
<String CONTENT="York," HEIGHT="65" HPOS="960" VPOS="3859" WIDTH="178" />
<SP HEIGHT="66" HPOS="1139" VPOS="3858" WIDTH="34" />
<String CONTENT="Grosset" HEIGHT="56" HPOS="1174" VPOS="3858" WIDTH="230" />
<SP HEIGHT="49" HPOS="1405" VPOS="3862" WIDTH="30" />
<String CONTENT="&amp;" HEIGHT="49" HPOS="1436" VPOS="3862" WIDTH="47" />
<SP HEIGHT="51" HPOS="1484" VPOS="3860" WIDTH="30" />
<String CONTENT="Dunlap" HEIGHT="67" HPOS="1515" VPOS="3860" WIDTH="232" />
<SP HEIGHT="50" HPOS="1748" VPOS="3877" WIDTH="41" />
<String CONTENT="[" HEIGHT="33" HPOS="1790" STYLE="subscript" VPOS="3893" WIDTH="8" />
<String CONTENT="c" HEIGHT="21" HPOS="1806" STYLE="superscript" VPOS="3865" WIDTH="17" />
<String CONTENT="1935]" CS="1" HEIGHT="48" HPOS="1830" VPOS="3863" WIDTH="132" />
</TextLine>
</TextBlock>
<GraphicalElement HEIGHT="434" HPOS="0" ID="Page815_Block4" VPOS="1551" WIDTH="9" />
<GraphicalElement HEIGHT="172" HPOS="0" ID="Page815_Block5" VPOS="3765" WIDTH="17" />
<GraphicalElement HEIGHT="226" HPOS="8" ID="Page815_Block6" VPOS="3039" WIDTH="6" />
</PrintSpace>
</Page>
</Layout>
</alto>