2424 4375
1098 4086 132 50 1403

162 464 1923 72 Missouri digest. 1935 cumulative annual pocket parts …
236 541 1811 74 [for] vols. 1-30 … St. Paul, West publishing co. [ c 1935]
224 621 59 41 30
311 632 41 29 v.
411 620 55 40 25
469 622 15 21 cm
519 651 8 8 .

231 678 154 39 These
414 676 273 48 pamphlets
717 684 86 30 are
831 677 48 37 to
909 674 60 39 be
996 672 140 41 fitted
1164 672 102 39 into
1296 672 84 39 the
1408 671 200 48 pockets
1638 673 51 37 at
1720 670 84 42 the
1833 670 120 39 back
1985 669 52 39 of
2068 670 81 39 the

154 736 214 38 volumes
395 733 52 40 of
472 733 83 39 the
580 733 76 39 set
680 734 51 37 to
757 729 156 41 which
941 730 112 47 they
1082 728 182 48 belong.

158 786 53 52 ©
243 790 128 48 Sept.
401 789 39 48 9,
472 788 115 41 1935;
643 787 68 40 2c.
738 787 120 39 each
889 786 101 40 Oct.
1022 785 55 39 12;
1138 784 83 41 aff.
1252 785 101 40 Oct.
1386 785 81 46 14;
1498 784 41 39 A
1570 781 169 49 86799;
1774 783 135 40 West
1939 783 108 48 pub.
2081 792 67 29 co.

163 892 259 63 Muzzey,
450 890 191 53 David
670 888 231 65 Saville,
932 893 171 50 1870-

223 966 244 69 History
498 966 65 53 of
594 966 95 53 the
722 964 306 53 American
1064 962 219 70 people,
1316 961 77 71 by
1427 961 192 53 David
1659 960 214 56 Saville
1910 960 237 70 Muzzey

217 1039 1705 72 … Boston, New York [etc.] Ginn and company [ c 1935]
230 1116 99 50 viii,
369 1117 99 48 754,
509 1116 102 39 xlvi
649 1126 43 37 p.
762 1114 87 41 col.
888 1114 165 48 front.,
1093 1112 142 47 illus.,
1278 1123 77 37 pl.,
1398 1115 164 50 ports.,
1603 1121 137 38 maps
1768 1111 137 49 (part
1945 1110 197 49 double)

157 1173 229 49 facsims.,
415 1173 180 48 diagrs.
653 1170 146 42 20½cm.

230 1229 346 42 “References”
603 1232 52 37 at
678 1230 92 39 end
798 1228 54 40 of
873 1229 118 39 each
1016 1227 212 47 chapter.

162 1286 53 53 ©
254 1288 117 49 July
408 1288 69 48 23,
518 1287 140 48 1935;
698 1287 68 40 2c.
807 1286 101 41 Oct.
949 1287 81 46 11;
1072 1286 81 39 aff.
1197 1285 102 44 Oct.
1340 1285 80 47 10;
1461 1286 40 38 A
1540 1284 170 47 86696;
1752 1286 57 39 D.
1854 1286 43 39 S.
1940 1286 210 47 Muzzey,

225 1346 232 46 Yonkers,
490 1345 56 39 N.
578 1344 54 39 Y.
696 1342 279 49 [Copyright
1008 1343 45 39 is
1083 1342 206 40 claimed
1324 1352 61 29 on
1418 1340 235 41 revisions
1689 1343 95 38 and
1818 1352 106 29 new
1958 1345 193 45 matter]

242 1401 280 50 (35-18986)

164 1496 277 65 Nutting,
471 1496 271 63 Wallace,
771 1500 170 51 1861-

226 1570 423 71 Pennsylvania
680 1569 302 69 beautiful,
1012 1569 76 70 by
1119 1569 255 55 Wallace
1406 1568 277 72 Nutting;
1720 1569 322 55 illustrated
2077 1569 74 71 by

159 1649 95 54 the
286 1651 206 52 author
521 1648 139 53 with
690 1666 174 50 many
896 1646 285 69 examples
1213 1645 64 54 of
1309 1645 333 70 landscapes
1678 1647 112 53 and
1825 1647 95 53 old
1954 1648 200 52 houses

161 1727 57 52 in
247 1728 77 52 all
348 1728 97 52 the
473 1726 249 53 counties
750 1724 196 53 herein
973 1723 307 54 described.
1345 1722 234 56 Garden
1608 1724 153 70 City,
1788 1725 70 53 N.
1890 1725 92 69 Y.,
2008 1724 143 55 Pub.

162 1806 56 51 in
246 1805 360 67 cooperation
631 1802 140 53 with
799 1801 114 56 Old
939 1801 265 53 America
1232 1819 280 51 company
1536 1801 75 70 by
1637 1802 96 54 the
1758 1801 231 56 Garden
2019 1802 135 71 City

161 1880 808 70 publishing co., inc. [ c 1935]
230 1950 1099 54 2 p. l., [3]-296 p. incl. illus., plates. 26cm.
163 2009 53 53 ©
246 2013 127 48 Sept.
402 2013 69 47 16,
501 2012 113 40 1935;
673 2011 68 41 2c.
771 2011 96 39 and
895 2010 80 40 aff.
1010 2010 128 48 Sept.
1168 2009 83 47 30;
1283 2011 43 38 A
1353 2010 170 48 87452;
1557 2012 71 39 W.
1657 2010 220 52 Nutting,
225 2012 1916 105 Framingham,
385 2071 145 38 Mass.
595 2067 280 51 [Copyright
904 2067 43 40 is
978 2065 204 42 claimed
1215 2077 60 29 on
1307 2068 156 39 added
1492 2067 242 50 material]

243 2124 279 50 (35-18994)

169 2221 265 66 O’Brien,
462 2221 241 54 Patrick
730 2221 236 64 Joseph,
998 2226 171 50 1892-

236 2297 142 55 Will
420 2300 235 66 Rogers,
695 2297 362 54 ambassador
1096 2298 64 52 of
1199 2301 146 64 good
1388 2298 137 67 will,
1564 2297 194 69 prince
1798 2300 64 53 of
1902 2300 99 54 wit
2043 2303 110 52 and

170 2374 1985 71 wisdom, by P. J. O’Brien … with an appreciation by Lowell
169 2451 1986 70 Thomas … Philadelphia, Chicago [etc.] The John C. Winston
170 2550 277 51 company
482 2566 12 34 [
499 2538 18 22 c
522 2536 151 63 1935]

239 2603 87 43 288
352 2615 44 37 p.
454 2602 163 50 front.,
644 2604 142 47 illus.,
815 2605 169 47 plates,
1014 2604 147 47 ports.
1221 2601 55 40 21½
1309 2604 45 22 cm
1357 2633 10 9 .

168 2658 51 53 ©
246 2663 127 48 Sept.
399 2662 68 48 18,
494 2660 139 48 1935;
660 2660 67 41 2c.
754 2662 95 38 and
874 2660 83 41 aff.
985 2660 100 40 Oct.
1113 2659 81 48 12;
1224 2661 39 38 A
1286 2660 170 47 86749;
1487 2661 50 39 P.
1570 2661 37 39 J.
1637 2660 217 49 O’Brien,
1883 2661 274 49 Brookline,

238 2720 163 47 Upper
429 2718 180 47 Darby,
640 2718 83 38 Pa.
793 2715 279 49 (35-18941)

172 2812 234 63 Patton,
437 2812 306 56 Cornelius
769 2812 274 59 Howard,
1073 2816 170 51 1860-

239 2890 122 52 The
390 2889 356 69 rediscovery
772 2888 65 55 of
862 2890 414 66 Wordsworth,
1302 2889 76 68 by
1410 2888 296 55 Cornelius
1737 2892 255 53 Howard
174 2894 1960 126 Patton.
360 2969 233 61 Boston,
622 2967 190 66 Mass.,
842 2968 120 52 The
993 2966 297 56 Stratford
1322 2984 279 51 company
1636 3001 12 34 [
1653 2973 18 22 c
1676 2972 150 63 1935]

243 3039 664 49 3 p. l., vii, 258 p. 22½ cm .
176 3094 51 53 ©
263 3098 101 41 Oct.
401 3099 39 44 1,
479 3097 140 47 1935;
658 3096 66 41 2c.
765 3096 101 41 Oct.
904 3098 51 45 5;
994 3096 81 40 aff.
1114 3096 101 40 Oct,
1253 3098 53 45 4;
1347 3097 40 38 A
1425 3097 169 47 87485;
1640 3097 249 39 Stratford
1926 3107 81 36 co.,
237 3099 1904 96 publishers.
495 3152 279 50 (35-18929)

176 3247 216 66 Poppy,
419 3248 316 66 Maximus,
766 3249 209 66 father,
1004 3252 171 50 1888-

248 3324 220 70 Survey
498 3327 63 50 of
593 3345 30 33 a
656 3326 231 67 decade;
924 3325 95 53 the
1049 3325 184 53 Third
1264 3327 166 52 order
1460 3327 216 52 secular
1707 3326 63 52 of
1804 3326 84 55 St.
1922 3328 237 52 Francis

178 3400 1979 70 in the United States, by Fr. Maximus Poppy … and Paul R.
177 3477 1922 71 Martin … with preface by Most Rev. Amleto G. Cicognani …
182 3554 81 55 St.
293 3556 189 67 Louis,
510 3559 113 52 Mo.
656 3561 111 51 and
797 3558 257 67 London,
1084 3560 66 51 B.
1180 3558 226 52 Herder
1434 3558 147 52 book
1609 3576 98 48 co.,
1740 3562 148 49 1935.

251 3629 1905 50 3 p. l., ix-xxi p., 1 l., 805 p., 1 l., lxi p. plates (1 fold.) ports., plan,
181 3684 209 41 facsims.
420 3685 135 48 (part
583 3686 143 47 fold.)
793 3686 55 40 23½
880 3688 44 22 cm
928 3718 10 9 .

253 3740 39 40 A
319 3744 165 38 record
513 3742 52 39 of
593 3743 146 47 work,
768 3741 272 49 1921-1931,
1069 3741 249 48 including
1344 3743 82 39 the
1455 3743 172 39 second
1656 3743 96 39 and
1781 3742 132 41 third
1942 3743 219 40 national

183 3806 287 39 congresses,
498 3798 116 40 1926
639 3800 95 38 and
762 3798 126 41 1931.

255 3851 366 50 “Franciscana,
661 3865 27 29 a
727 3853 378 48 bibliography”,
1144 3855 59 46 by
1244 3854 54 39 R.
1338 3853 46 41 J.
1422 3853 203 47 McGill;
1666 3854 361 48 supplemented
2066 3854 96 40 and

184 3906 157 42 edited
366 3909 60 48 by
453 3909 244 41 Maximus
723 3910 190 48 Poppy:
941 3921 43 37 p.
1011 3909 216 42 683-748.

182 3959 51 53 ©
265 3965 125 48 Sept.
420 3967 39 47 3,
490 3967 139 47 1935;
662 3967 65 40 2c.
762 3968 124 46 Sept.
917 3968 53 45 3;
1004 3967 81 39 aff.
1121 3967 126 47 Sept.
1278 3966 52 46 6;
1364 3967 42 38 A
1431 3966 169 47 86177;
1635 3968 53 38 B.
1722 3967 188 40 Herder
1942 3967 121 39 book
2093 3976 69 30 co.

260 4020 276 50 (35-18964)
