<alto xmlns="http://www.loc.gov/standards/alto/ns-v3#" xmlns:xsi="http://www.w3.org/2001/XMLSchema-instance" xsi:schemaLocation="http://www.loc.gov/standards/alto/ns-v3# http://www.loc.gov/alto/v3/alto-3-0.xsd"><Description>
<MeasurementUnit>pixel</MeasurementUnit>
<sourceImageInformation>
<fileName>1935_v32_Part1.pdf</fileName>
</sourceImageInformation>
<OCRProcessing ID="IdOcr">
<ocrProcessingStep>
<processingDateTime>2019-01-15</processingDateTime>
<processingSoftware>
<softwareCreator>ABBYY</softwareCreator>
<softwareName>ABBYY Recognition Server</softwareName>
<softwareVersion>4.0</softwareVersion>
</processingSoftware>
</ocrProcessingStep>
</OCRProcessing>
</Description>
<Styles>
<ParagraphStyle ALIGN="Left" FIRSTLINE="0." ID="StyleId-FFFFFFFF-FFFF-FFFF-FFFF-FFFFFFFFFFFF-" LEFT="0." RIGHT="0." />
<ParagraphStyle ALIGN="Left" FIRSTLINE="0." ID="StyleId-09A13A44-4F77-4ABE-84F3-84CC8B3C72CE-" LEFT="0." LINESPACE="7.699999809" RIGHT="0." />
<ParagraphStyle ALIGN="Left" FIRSTLINE="-10." ID="StyleId-1F945060-F8CD-4435-B69A-5FF49DB0C586-" LEFT="0." LINESPACE="12.19999981" RIGHT="0." />
<ParagraphStyle ALIGN="Block" FIRSTLINE="-14." ID="StyleId-C6CAE747-F5A4-4D0D-8D74-D452DA7E2C1C-" LEFT="0." LINESPACE="8.350000381" RIGHT="0." />
<ParagraphStyle ALIGN="Left" FIRSTLINE="0." ID="StyleId-FC0F3374-189A-459E-BE29-2DC14180F022-" LEFT="0." RIGHT="0." />
<ParagraphStyle ALIGN="Left" FIRSTLINE="-12." ID="StyleId-49397C49-A894-4B3E-BA5E-1126226BA375-" LEFT="0." LINESPACE="11.09000015" RIGHT="0." />
<ParagraphStyle ALIGN="Block" FIRSTLINE="-14." ID="StyleId-9E34DD3A-E661-48BD-A3A1-6A3D48346F00-" LEFT="0." LINESPACE="11.09000015" RIGHT="0." />
<ParagraphStyle ALIGN="Left" FIRSTLINE="0." ID="StyleId-56CE54AA-A08B-4BAA-8605-F26020A0E36E-" LEFT="0." LINESPACE="9.399999619" RIGHT="0." />
<ParagraphStyle ALIGN="Left" FIRSTLINE="-11." ID="StyleId-77814FFC-C42F-4AA9-9880-EF33B947DEC8-" LEFT="0." LINESPACE="11.06999969" RIGHT="0." />
<ParagraphStyle ALIGN="Center" FIRSTLINE="0." ID="StyleId-FDE92EC0-67DC-4C7B-8A24-094B12C38B6C-" LEFT="0." LINESPACE="11.30000019" RIGHT="0." />
<ParagraphStyle ALIGN="Left" FIRSTLINE="0." ID="StyleId-65180E3B-4C93-4FB8-81EE-E026DD63DBF3-" LEFT="0." LINESPACE="11.10000038" RIGHT="0." />
<ParagraphStyle ALIGN="Left" FIRSTLINE="0." ID="StyleId-10E885C2-5813-4620-B0AA-0FBA30CF7A32-" LEFT="0." LINESPACE="9.5" RIGHT="0." />
<ParagraphStyle ALIGN="Left" FIRSTLINE="0." ID="StyleId-913C2DB5-9F02-4067-BAF7-0AED37B60BBE-" LEFT="0." LINESPACE="6.099999905" RIGHT="0." />
<ParagraphStyle ALIGN="Left" FIRSTLINE="0." ID="StyleId-9C79A9D2-8F08-4A8F-985D-B00E253ED1E5-" LEFT="0." LINESPACE="4.400000095" RIGHT="0." />
<ParagraphStyle ALIGN="Left" FIRSTLINE="0." ID="StyleId-A41F0407-FEFE-4738-9EC5-E05AFFF62781-" LEFT="0." LINESPACE="7.300000191" RIGHT="0." />
<ParagraphStyle ALIGN="Left" FIRSTLINE="0." ID="StyleId-61D37176-94E8-408D-9B87-01C406CE8AB2-" LEFT="0." LINESPACE="8.050000191" RIGHT="0." />
</Styles>
<Layout>
<Page HEIGHT="4375" ID="Page1473" PHYSICAL_IMG_NR="1473" WIDTH="2424">
<TopMargin HEIGHT="416" HPOS="0" VPOS="0" WIDTH="2424">
</TopMargin>
<LeftMargin HEIGHT="3650" HPOS="0" VPOS="416" WIDTH="110">
</LeftMargin>
<RightMargin HEIGHT="3650" HPOS="2158" VPOS="416" WIDTH="266">
</RightMargin>
<BottomMargin HEIGHT="309" HPOS="0" VPOS="4066" WIDTH="2424">
<TextBlock HEIGHT="115" HPOS="1032" ID="Page1473_Block1" LANG="en-US" STYLEREFS="StyleId-ABB6506A-3430-4C91-B669-D39AFB7E04C6-" VPOS="4066" WIDTH="249">
<TextLine HEIGHT="54" HPOS="1084" VPOS="4072" WIDTH="131">
<String CONTENT="1473" HEIGHT="54" HPOS="1084" VPOS="4072" WIDTH="131" />
</TextLine>
</TextBlock>
<GraphicalElement HEIGHT="309" HPOS="0" ID="Page1473_Block2" VPOS="4066" WIDTH="72" />
<GraphicalElement HEIGHT="236" HPOS="70" ID="Page1473_Block3" VPOS="4066" WIDTH="16" />
</BottomMargin>
<PrintSpace HEIGHT="3650" HPOS="110" VPOS="416" WIDTH="2048">
<TextBlock CS="1" HEIGHT="3650" HPOS="110" ID="Page1473_Block4" LANG="en-US" STYLEREFS="StyleId-199F2F03-2EAF-40EA-9D0D-7D5A4079DF17-" VPOS="416" WIDTH="2048">
<Shape>
<Polygon POINTS="110,416 2158,416 2158,3958 1566,3958 1566,3960 1564,3960 1564,4066 110,4066 110,416" />
</Shape>
<TextLine HEIGHT="64" HPOS="154" LANG="de" STYLEREFS="StyleId-46935669-F3EA-4A00-984F-E75123BAD6CB-" VPOS="460" WIDTH="720">
<String CONTENT="Meister," HEIGHT="64" HPOS="154" VPOS="460" WIDTH="260" />
<SP HEIGHT="64" HPOS="415" VPOS="460" WIDTH="26" />
<String CONTENT="Morris," HEIGHT="63" HPOS="442" VPOS="460" WIDTH="233" />
<SP HEIGHT="57" HPOS="676" VPOS="466" WIDTH="31" />
<String CONTENT="1895-" HEIGHT="50" HPOS="708" VPOS="464" WIDTH="166" />
</TextLine>
<TextLine HEIGHT="72" HPOS="226" STYLEREFS="StyleId-5EFB75E8-C177-4A47-8200-6C9740D7B0C2-" VPOS="530" WIDTH="1905">
<String CONTENT="&#8230;" HEIGHT="9" HPOS="226" LANG="de" VPOS="578" WIDTH="56" />
<SP HEIGHT="52" HPOS="283" VPOS="535" WIDTH="41" />
<String CONTENT="Magnetism" HEIGHT="67" HPOS="325" LANG="en-US" VPOS="535" WIDTH="345" />
<SP HEIGHT="34" HPOS="671" VPOS="552" WIDTH="37" />
<String CONTENT="and" HEIGHT="51" HPOS="709" LANG="en-US" VPOS="535" WIDTH="112" />
<SP HEIGHT="51" HPOS="822" VPOS="535" WIDTH="37" />
<String CONTENT="electricity," HEIGHT="68" HPOS="860" LANG="en-US" VPOS="533" WIDTH="327" />
<SP HEIGHT="65" HPOS="1188" VPOS="534" WIDTH="36" />
<String CONTENT="by" HEIGHT="65" HPOS="1225" LANG="en-US" VPOS="534" WIDTH="74" />
<SP HEIGHT="67" HPOS="1300" VPOS="532" WIDTH="35" />
<String CONTENT="Morris" HEIGHT="52" HPOS="1336" LANG="en-US" VPOS="532" WIDTH="211" />
<SP HEIGHT="52" HPOS="1548" VPOS="531" WIDTH="38" />
<String CONTENT="Meister" HEIGHT="51" HPOS="1587" LANG="de" VPOS="531" WIDTH="233" />
<SP HEIGHT="33" HPOS="1821" VPOS="549" WIDTH="40" />
<String CONTENT="&#8230;" HEIGHT="10" HPOS="1862" LANG="en-US" VPOS="572" WIDTH="57" />
<SP HEIGHT="52" HPOS="1920" VPOS="530" WIDTH="75" />
<String CONTENT="New" HEIGHT="52" HPOS="1996" LANG="en-US" VPOS="530" WIDTH="135" />
</TextLine>
<TextLine CS="1" HEIGHT="71" HPOS="153" STYLEREFS="StyleId-5EFB75E8-C177-4A47-8200-6C9740D7B0C2-" VPOS="609" WIDTH="1452">
<String CONTENT="York," HEIGHT="68" HPOS="153" VPOS="612" WIDTH="177" />
<SP HEIGHT="68" HPOS="331" VPOS="612" WIDTH="27" />
<String CONTENT="Chicago" HEIGHT="70" HPOS="359" VPOS="610" WIDTH="251" />
<SP HEIGHT="47" HPOS="611" VPOS="631" WIDTH="32" />
<String CONTENT="[etc.]" CS="1" HEIGHT="62" HPOS="661" VPOS="615" WIDTH="120" />
<SP HEIGHT="67" HPOS="782" VPOS="610" WIDTH="34" />
<String CONTENT="C." HEIGHT="56" HPOS="817" VPOS="610" WIDTH="63" />
<SP HEIGHT="55" HPOS="881" VPOS="610" WIDTH="28" />
<String CONTENT="Scribner&#8217;s" HEIGHT="56" HPOS="910" VPOS="609" WIDTH="312" />
<SP HEIGHT="36" HPOS="1223" VPOS="628" WIDTH="25" />
<String CONTENT="sons" HEIGHT="35" HPOS="1249" VPOS="627" WIDTH="129" />
<SP HEIGHT="49" HPOS="1379" VPOS="627" WIDTH="32" />
<String CONTENT="[" CS="1" />
<String CONTENT="c" HEIGHT="22" HPOS="1431" STYLE="superscript" VPOS="614" WIDTH="17" />
<String CONTENT="1935]" HEIGHT="62" HPOS="1453" VPOS="612" WIDTH="152" />
</TextLine>
<TextLine CS="1" HEIGHT="54" HPOS="223" VPOS="687" WIDTH="1911">
<String CONTENT="xiv," HEIGHT="48" HPOS="223" VPOS="692" WIDTH="95" />
<SP HEIGHT="30" HPOS="319" VPOS="711" WIDTH="34" />
<String CONTENT="[2]," HEIGHT="50" HPOS="354" VPOS="691" WIDTH="69" />
<SP HEIGHT="48" HPOS="424" VPOS="691" WIDTH="29" />
<String CONTENT="226" HEIGHT="40" HPOS="454" VPOS="690" WIDTH="86" />
<SP HEIGHT="49" HPOS="541" VPOS="690" WIDTH="27" />
<String CONTENT="p." HEIGHT="37" HPOS="569" VPOS="702" WIDTH="45" />
<SP HEIGHT="41" HPOS="615" VPOS="690" WIDTH="53" />
<String CONTENT="front.," HEIGHT="48" HPOS="669" VPOS="690" WIDTH="165" />
<SP HEIGHT="48" HPOS="835" VPOS="690" WIDTH="28" />
<String CONTENT="illus.," HEIGHT="48" HPOS="864" VPOS="690" WIDTH="141" />
<SP HEIGHT="38" HPOS="1006" VPOS="700" WIDTH="29" />
<String CONTENT="col." HEIGHT="41" HPOS="1036" VPOS="690" WIDTH="87" />
<SP HEIGHT="39" HPOS="1124" VPOS="700" WIDTH="27" />
<String CONTENT="plates," HEIGHT="49" HPOS="1152" VPOS="690" WIDTH="170" />
<SP HEIGHT="48" HPOS="1323" VPOS="690" WIDTH="29" />
<String CONTENT="diagrs." HEIGHT="50" HPOS="1353" VPOS="688" WIDTH="179" />
<SP HEIGHT="40" HPOS="1533" VPOS="689" WIDTH="56" />
<String CONTENT="19&#189;" CS="1" HEIGHT="41" HPOS="1590" VPOS="687" WIDTH="55" />
<String CONTENT="cm" HEIGHT="22" HPOS="1678" STYLE="superscript" VPOS="689" WIDTH="44" />
<String CONTENT="." HEIGHT="9" HPOS="1726" VPOS="719" WIDTH="8" />
<SP HEIGHT="48" HPOS="1735" VPOS="687" WIDTH="68" />
<String CONTENT="(Living" HEIGHT="50" HPOS="1804" VPOS="687" WIDTH="197" />
<SP HEIGHT="46" HPOS="2002" VPOS="691" WIDTH="27" />
<String CONTENT="in" HEIGHT="36" HPOS="2030" VPOS="691" WIDTH="49" />
<SP HEIGHT="31" HPOS="2080" VPOS="698" WIDTH="27" />
<String CONTENT="a" HEIGHT="31" HPOS="2108" VPOS="698" WIDTH="26" />
</TextLine>
<TextLine CS="1" HEIGHT="50" HPOS="151" VPOS="747" WIDTH="778">
<String CONTENT="world" HEIGHT="39" HPOS="151" VPOS="751" WIDTH="150" />
<SP HEIGHT="39" HPOS="302" VPOS="751" WIDTH="27" />
<String CONTENT="of" HEIGHT="41" HPOS="330" VPOS="749" WIDTH="51" />
<SP HEIGHT="39" HPOS="382" VPOS="749" WIDTH="25" />
<String CONTENT="science," HEIGHT="41" HPOS="408" VPOS="747" WIDTH="197" />
<SP HEIGHT="30" HPOS="606" VPOS="767" WIDTH="60" />
<String CONTENT="[book" HEIGHT="49" HPOS="667" VPOS="748" WIDTH="134" />
<SP HEIGHT="39" HPOS="802" VPOS="748" WIDTH="25" />
<String CONTENT="III" CS="1" />
<String CONTENT="])" HEIGHT="47" HPOS="893" LANG="fr" VPOS="749" WIDTH="36" />
</TextLine>
<TextLine CS="1" HEIGHT="52" HPOS="226" VPOS="808" WIDTH="1912">
<String CONTENT="Bibliography;" CS="1" HEIGHT="49" HPOS="226" VPOS="811" WIDTH="347" />
<SP HEIGHT="38" HPOS="601" VPOS="821" WIDTH="44" />
<String CONTENT="p." HEIGHT="37" HPOS="646" VPOS="822" WIDTH="43" />
<SP HEIGHT="41" HPOS="690" VPOS="811" WIDTH="47" />
<String CONTENT="18;" HEIGHT="47" HPOS="738" VPOS="810" WIDTH="81" />
<SP HEIGHT="47" HPOS="820" VPOS="810" WIDTH="47" />
<String CONTENT="&#8220;A" HEIGHT="38" HPOS="868" VPOS="810" WIDTH="66" />
<SP HEIGHT="38" HPOS="935" VPOS="810" WIDTH="44" />
<String CONTENT="library" HEIGHT="48" HPOS="980" VPOS="809" WIDTH="186" />
<SP HEIGHT="36" HPOS="1167" VPOS="821" WIDTH="44" />
<String CONTENT="of" HEIGHT="42" HPOS="1212" VPOS="808" WIDTH="51" />
<SP HEIGHT="41" HPOS="1264" VPOS="808" WIDTH="43" />
<String CONTENT="supplementary" HEIGHT="49" HPOS="1308" VPOS="809" WIDTH="391" />
<SP HEIGHT="49" HPOS="1700" VPOS="808" WIDTH="43" />
<String CONTENT="books" HEIGHT="41" HPOS="1744" VPOS="808" WIDTH="147" />
<SP HEIGHT="40" HPOS="1892" VPOS="808" WIDTH="40" />
<String CONTENT="for" HEIGHT="41" HPOS="1933" VPOS="808" WIDTH="80" />
<SP HEIGHT="38" HPOS="2014" VPOS="811" WIDTH="42" />
<String CONTENT="the" HEIGHT="40" HPOS="2057" VPOS="809" WIDTH="81" />
</TextLine>
<TextLine CS="1" HEIGHT="50" HPOS="151" VPOS="866" WIDTH="851">
<String CONTENT="science" HEIGHT="42" HPOS="151" VPOS="868" WIDTH="184" />
<SP HEIGHT="31" HPOS="336" VPOS="879" WIDTH="29" />
<String CONTENT="classroom&#8221;;" CS="1" HEIGHT="42" HPOS="366" VPOS="867" WIDTH="288" />
<SP HEIGHT="38" HPOS="683" VPOS="878" WIDTH="30" />
<String CONTENT="p." HEIGHT="37" HPOS="714" VPOS="879" WIDTH="44" />
<SP HEIGHT="39" HPOS="759" VPOS="868" WIDTH="28" />
<String CONTENT="213-215." HEIGHT="41" HPOS="788" VPOS="866" WIDTH="214" />
</TextLine>
<TextLine CS="1" HEIGHT="55" HPOS="152" VPOS="934" WIDTH="1987">
<String CONTENT="&#169;" HEIGHT="53" HPOS="152" VPOS="936" WIDTH="52" />
<SP HEIGHT="53" HPOS="205" VPOS="936" WIDTH="30" />
<String CONTENT="Sept." HEIGHT="48" HPOS="236" VPOS="940" WIDTH="125" />
<SP HEIGHT="38" HPOS="362" VPOS="941" WIDTH="30" />
<String CONTENT="10," HEIGHT="48" HPOS="393" VPOS="939" WIDTH="67" />
<SP HEIGHT="46" HPOS="461" VPOS="941" WIDTH="29" />
<String CONTENT="1935;" CS="1" HEIGHT="41" HPOS="491" VPOS="938" WIDTH="112" />
<SP HEIGHT="45" HPOS="631" VPOS="939" WIDTH="31" />
<String CONTENT="2c." HEIGHT="39" HPOS="663" VPOS="939" WIDTH="65" />
<SP HEIGHT="41" HPOS="729" VPOS="937" WIDTH="31" />
<String CONTENT="Oct." HEIGHT="41" HPOS="761" VPOS="937" WIDTH="101" />
<SP HEIGHT="39" HPOS="863" VPOS="938" WIDTH="26" />
<String CONTENT="11;" CS="1" HEIGHT="38" HPOS="890" VPOS="938" WIDTH="54" />
<SP HEIGHT="35" HPOS="972" VPOS="947" WIDTH="32" />
<String CONTENT="aff." HEIGHT="40" HPOS="1005" VPOS="937" WIDTH="82" />
<SP HEIGHT="40" HPOS="1088" VPOS="937" WIDTH="31" />
<String CONTENT="Oct." HEIGHT="40" HPOS="1120" VPOS="937" WIDTH="98" />
<SP HEIGHT="38" HPOS="1219" VPOS="937" WIDTH="31" />
<String CONTENT="10;" CS="1" HEIGHT="40" HPOS="1251" VPOS="936" WIDTH="58" />
<SP HEIGHT="47" HPOS="1334" VPOS="936" WIDTH="31" />
<String CONTENT="A" HEIGHT="39" HPOS="1366" VPOS="936" WIDTH="41" />
<SP HEIGHT="40" HPOS="1408" VPOS="936" WIDTH="27" />
<String CONTENT="87598;" CS="1" HEIGHT="41" HPOS="1436" VPOS="935" WIDTH="146" />
<SP HEIGHT="46" HPOS="1607" VPOS="936" WIDTH="32" />
<String CONTENT="Charles" HEIGHT="39" HPOS="1640" VPOS="936" WIDTH="201" />
<SP HEIGHT="41" HPOS="1842" VPOS="934" WIDTH="33" />
<String CONTENT="Scribner&#8217;s" HEIGHT="41" HPOS="1876" VPOS="934" WIDTH="263" />
</TextLine>
<TextLine CS="1" HEIGHT="110" HPOS="224" VPOS="992" WIDTH="1629">
<String CONTENT="sons." HEIGHT="30" HPOS="224" VPOS="1007" WIDTH="124" />
<SP HEIGHT="29" HPOS="349" VPOS="1016" WIDTH="62" />
<String CONTENT="[Copyright" HEIGHT="51" HPOS="412" VPOS="994" WIDTH="278" />
<SP HEIGHT="40" HPOS="691" VPOS="995" WIDTH="31" />
<String CONTENT="is" HEIGHT="40" HPOS="723" VPOS="995" WIDTH="41" />
<SP HEIGHT="30" HPOS="765" VPOS="1005" WIDTH="31" />
<String CONTENT="claimed" HEIGHT="41" HPOS="797" VPOS="993" WIDTH="203" />
<SP HEIGHT="40" HPOS="1001" VPOS="993" WIDTH="32" />
<String CONTENT="on" HEIGHT="29" HPOS="1034" VPOS="1004" WIDTH="59" />
<SP HEIGHT="28" HPOS="1094" VPOS="1004" WIDTH="30" />
<String CONTENT="new" HEIGHT="30" HPOS="1125" VPOS="1002" WIDTH="104" />
<SP HEIGHT="28" HPOS="1230" VPOS="1003" WIDTH="31" />
<String CONTENT="matter" HEIGHT="38" HPOS="1262" VPOS="995" WIDTH="179" />
<SP HEIGHT="29" HPOS="1442" VPOS="1003" WIDTH="31" />
<String CONTENT="and" HEIGHT="38" HPOS="1474" VPOS="994" WIDTH="95" />
<SP HEIGHT="38" HPOS="1570" VPOS="994" WIDTH="30" />
<String CONTENT="revisions]" HEIGHT="49" HPOS="1601" VPOS="992" WIDTH="252" />
<SP />
<String CONTENT="(35-19663)" HEIGHT="49" HPOS="231" VPOS="1053" WIDTH="278" />
</TextLine>
<TextLine HEIGHT="66" HPOS="152" STYLEREFS="StyleId-46935669-F3EA-4A00-984F-E75123BAD6CB-" VPOS="1154" WIDTH="1060">
<String CONTENT="Mergenthaler" HEIGHT="64" HPOS="152" VPOS="1156" WIDTH="441" />
<SP HEIGHT="51" HPOS="594" VPOS="1156" WIDTH="23" />
<String CONTENT="linotype" HEIGHT="64" HPOS="618" VPOS="1154" WIDTH="261" />
<SP HEIGHT="37" HPOS="880" VPOS="1170" WIDTH="27" />
<String CONTENT="company." HEIGHT="47" HPOS="908" VPOS="1170" WIDTH="304" />
</TextLine>
<TextLine HEIGHT="73" HPOS="221" STYLEREFS="StyleId-5EFB75E8-C177-4A47-8200-6C9740D7B0C2-" VPOS="1228" WIDTH="1920">
<String CONTENT="A" HEIGHT="51" HPOS="221" VPOS="1233" WIDTH="54" />
<SP HEIGHT="52" HPOS="276" VPOS="1233" WIDTH="32" />
<String CONTENT="digest" HEIGHT="69" HPOS="309" VPOS="1232" WIDTH="185" />
<SP HEIGHT="47" HPOS="495" VPOS="1238" WIDTH="29" />
<String CONTENT="of" HEIGHT="52" HPOS="525" VPOS="1231" WIDTH="65" />
<SP HEIGHT="52" HPOS="591" VPOS="1231" WIDTH="27" />
<String CONTENT="linotype" HEIGHT="69" HPOS="619" VPOS="1230" WIDTH="255" />
<SP HEIGHT="53" HPOS="875" VPOS="1230" WIDTH="31" />
<String CONTENT="faces." HEIGHT="52" HPOS="907" VPOS="1230" WIDTH="169" />
<SP HEIGHT="50" HPOS="1077" VPOS="1231" WIDTH="68" />
<String CONTENT="Brooklyn," HEIGHT="69" HPOS="1146" VPOS="1229" WIDTH="312" />
<SP HEIGHT="67" HPOS="1459" VPOS="1228" WIDTH="31" />
<String CONTENT="N." HEIGHT="53" HPOS="1491" VPOS="1228" WIDTH="69" />
<SP HEIGHT="53" HPOS="1561" VPOS="1228" WIDTH="34" />
<String CONTENT="Y.," HEIGHT="67" HPOS="1596" VPOS="1228" WIDTH="90" />
<SP HEIGHT="67" HPOS="1687" VPOS="1228" WIDTH="29" />
<String CONTENT="Mergenthaler" HEIGHT="67" HPOS="1717" VPOS="1228" WIDTH="424" />
</TextLine>
<TextLine CS="1" HEIGHT="69" HPOS="150" STYLEREFS="StyleId-5EFB75E8-C177-4A47-8200-6C9740D7B0C2-" VPOS="1310" WIDTH="809">
<String CONTENT="linotype" HEIGHT="69" HPOS="150" VPOS="1310" WIDTH="256" />
<SP HEIGHT="34" HPOS="407" VPOS="1328" WIDTH="38" />
<String CONTENT="company" HEIGHT="50" HPOS="446" VPOS="1327" WIDTH="279" />
<SP HEIGHT="49" HPOS="726" VPOS="1328" WIDTH="40" />
<String CONTENT="[" CS="1" />
<String CONTENT="c" HEIGHT="22" HPOS="784" STYLE="superscript" VPOS="1314" WIDTH="19" />
<String CONTENT="1935]" HEIGHT="64" HPOS="808" VPOS="1311" WIDTH="151" />
</TextLine>
<TextLine CS="1" HEIGHT="53" HPOS="221" VPOS="1387" WIDTH="810">
<String CONTENT="3" HEIGHT="40" HPOS="221" VPOS="1391" WIDTH="26" />
<SP />
<String CONTENT="p." HEIGHT="37" HPOS="275" LANG="fr" VPOS="1403" WIDTH="44" />
<SP />
<String CONTENT="l.," CS="1" LANG="fr" />
<SP />
<String CONTENT="166," HEIGHT="47" HPOS="419" VPOS="1388" WIDTH="98" />
<SP HEIGHT="30" HPOS="518" VPOS="1407" WIDTH="30" />
<String CONTENT="[8]" HEIGHT="49" HPOS="549" VPOS="1388" WIDTH="56" />
<SP HEIGHT="38" HPOS="606" VPOS="1399" WIDTH="27" />
<String CONTENT="p." HEIGHT="37" HPOS="634" VPOS="1399" WIDTH="43" />
<SP HEIGHT="40" HPOS="678" VPOS="1388" WIDTH="54" />
<String CONTENT="illus." HEIGHT="40" HPOS="733" VPOS="1388" WIDTH="127" />
<SP HEIGHT="39" HPOS="861" VPOS="1389" WIDTH="55" />
<String CONTENT="18" HEIGHT="40" HPOS="917" VPOS="1387" WIDTH="54" />
<String CONTENT="cm" HEIGHT="21" HPOS="975" STYLE="superscript" VPOS="1389" WIDTH="44" />
<String CONTENT="." HEIGHT="8" HPOS="1022" VPOS="1418" WIDTH="9" />
</TextLine>
<TextLine HEIGHT="53" HPOS="225" VPOS="1449" WIDTH="1150">
<String CONTENT="Blank" HEIGHT="39" HPOS="225" VPOS="1454" WIDTH="158" />
<SP HEIGHT="48" HPOS="384" VPOS="1454" WIDTH="25" />
<String CONTENT="pages" HEIGHT="39" HPOS="410" VPOS="1463" WIDTH="147" />
<SP HEIGHT="40" HPOS="558" VPOS="1452" WIDTH="24" />
<String CONTENT="for" HEIGHT="40" HPOS="583" VPOS="1452" WIDTH="79" />
<SP HEIGHT="40" HPOS="663" VPOS="1451" WIDTH="26" />
<String CONTENT="&#8220;Memoranda&#8221;" HEIGHT="43" HPOS="690" VPOS="1449" WIDTH="369" />
<SP HEIGHT="49" HPOS="1060" VPOS="1450" WIDTH="39" />
<String CONTENT="(7" HEIGHT="48" HPOS="1100" VPOS="1451" WIDTH="49" />
<SP HEIGHT="39" HPOS="1150" VPOS="1451" WIDTH="27" />
<String CONTENT="at" HEIGHT="37" HPOS="1178" VPOS="1453" WIDTH="52" />
<SP HEIGHT="39" HPOS="1231" VPOS="1453" WIDTH="27" />
<String CONTENT="end)" HEIGHT="47" HPOS="1259" VPOS="1452" WIDTH="116" />
</TextLine>
<TextLine CS="1" HEIGHT="54" HPOS="153" VPOS="1521" WIDTH="1991">
<String CONTENT="&#169;" HEIGHT="53" HPOS="153" VPOS="1522" WIDTH="52" />
<SP HEIGHT="53" HPOS="206" VPOS="1522" WIDTH="32" />
<String CONTENT="Sept." HEIGHT="46" HPOS="239" VPOS="1527" WIDTH="126" />
<SP HEIGHT="41" HPOS="366" VPOS="1524" WIDTH="30" />
<String CONTENT="24," HEIGHT="48" HPOS="397" VPOS="1524" WIDTH="69" />
<SP HEIGHT="47" HPOS="467" VPOS="1525" WIDTH="29" />
<String CONTENT="1935;" CS="1" HEIGHT="40" HPOS="497" VPOS="1524" WIDTH="117" />
<SP HEIGHT="46" HPOS="639" VPOS="1524" WIDTH="31" />
<String CONTENT="2c." HEIGHT="39" HPOS="671" VPOS="1524" WIDTH="67" />
<SP HEIGHT="29" HPOS="739" VPOS="1534" WIDTH="30" />
<String CONTENT="and" HEIGHT="38" HPOS="770" VPOS="1524" WIDTH="95" />
<SP HEIGHT="38" HPOS="866" VPOS="1524" WIDTH="28" />
<String CONTENT="aff." HEIGHT="40" HPOS="895" VPOS="1522" WIDTH="82" />
<SP HEIGHT="41" HPOS="978" VPOS="1522" WIDTH="32" />
<String CONTENT="Oct." HEIGHT="41" HPOS="1011" VPOS="1522" WIDTH="101" />
<SP HEIGHT="38" HPOS="1113" VPOS="1524" WIDTH="32" />
<String CONTENT="10;" CS="1" HEIGHT="39" HPOS="1146" VPOS="1522" WIDTH="57" />
<SP HEIGHT="45" HPOS="1227" VPOS="1523" WIDTH="32" />
<String CONTENT="A" HEIGHT="38" HPOS="1260" VPOS="1523" WIDTH="40" />
<SP HEIGHT="39" HPOS="1301" VPOS="1523" WIDTH="30" />
<String CONTENT="87581;" CS="1" HEIGHT="40" HPOS="1332" VPOS="1522" WIDTH="142" />
<SP HEIGHT="45" HPOS="1502" VPOS="1524" WIDTH="35" />
<String CONTENT="Mergenthaler" HEIGHT="47" HPOS="1538" VPOS="1523" WIDTH="358" />
<SP HEIGHT="37" HPOS="1897" VPOS="1524" WIDTH="31" />
<String CONTENT="linotype" HEIGHT="50" HPOS="1929" VPOS="1521" WIDTH="215" />
</TextLine>
<TextLine HEIGHT="49" HPOS="223" VPOS="1580" WIDTH="416">
<String CONTENT="co." HEIGHT="29" HPOS="223" LANG="ru" VPOS="1594" WIDTH="66" />
<SP HEIGHT="47" HPOS="290" VPOS="1582" WIDTH="68" />
<String CONTENT="(35-19862)" HEIGHT="49" HPOS="359" LANG="en-US" VPOS="1580" WIDTH="280" />
</TextLine>
<TextLine HEIGHT="67" HPOS="154" STYLEREFS="StyleId-46935669-F3EA-4A00-984F-E75123BAD6CB-" VPOS="1680" WIDTH="1380">
<String CONTENT="Michigan." HEIGHT="64" HPOS="154" VPOS="1683" WIDTH="318" />
<SP HEIGHT="53" HPOS="473" VPOS="1684" WIDTH="72" />
<String CONTENT="University." HEIGHT="64" HPOS="546" VPOS="1681" WIDTH="365" />
<SP HEIGHT="51" HPOS="912" VPOS="1683" WIDTH="72" />
<String CONTENT="Dept." HEIGHT="64" HPOS="985" VPOS="1683" WIDTH="172" />
<SP HEIGHT="34" HPOS="1158" VPOS="1700" WIDTH="28" />
<String CONTENT="of" HEIGHT="65" HPOS="1187" VPOS="1682" WIDTH="63" />
<SP HEIGHT="65" HPOS="1251" VPOS="1682" WIDTH="19" />
<String CONTENT="English." HEIGHT="66" HPOS="1271" VPOS="1680" WIDTH="263" />
</TextLine>
<TextLine HEIGHT="72" HPOS="223" STYLEREFS="StyleId-5EFB75E8-C177-4A47-8200-6C9740D7B0C2-" VPOS="1756" WIDTH="1920">
<String CONTENT="Essays" HEIGHT="67" HPOS="223" VPOS="1761" WIDTH="210" />
<SP HEIGHT="34" HPOS="434" VPOS="1778" WIDTH="38" />
<String CONTENT="and" HEIGHT="53" HPOS="473" VPOS="1759" WIDTH="111" />
<SP HEIGHT="52" HPOS="585" VPOS="1759" WIDTH="37" />
<String CONTENT="studies" HEIGHT="53" HPOS="623" VPOS="1758" WIDTH="213" />
<SP HEIGHT="55" HPOS="837" VPOS="1756" WIDTH="34" />
<String CONTENT="in" HEIGHT="53" HPOS="872" VPOS="1756" WIDTH="61" />
<SP HEIGHT="52" HPOS="934" VPOS="1757" WIDTH="36" />
<String CONTENT="English" HEIGHT="69" HPOS="971" VPOS="1757" WIDTH="246" />
<SP HEIGHT="52" HPOS="1218" VPOS="1758" WIDTH="38" />
<String CONTENT="and" HEIGHT="53" HPOS="1257" VPOS="1757" WIDTH="113" />
<SP HEIGHT="52" HPOS="1371" VPOS="1757" WIDTH="38" />
<String CONTENT="comparative" HEIGHT="68" HPOS="1410" VPOS="1757" WIDTH="382" />
<SP HEIGHT="51" HPOS="1793" VPOS="1759" WIDTH="37" />
<String CONTENT="literature," HEIGHT="65" HPOS="1831" VPOS="1759" WIDTH="312" />
</TextLine>
<TextLine HEIGHT="72" HPOS="154" STYLEREFS="StyleId-5EFB75E8-C177-4A47-8200-6C9740D7B0C2-" VPOS="1835" WIDTH="1986">
<String CONTENT="by" HEIGHT="69" HPOS="154" VPOS="1838" WIDTH="77" />
<SP HEIGHT="50" HPOS="232" VPOS="1857" WIDTH="30" />
<String CONTENT="members" HEIGHT="53" HPOS="263" VPOS="1838" WIDTH="274" />
<SP HEIGHT="34" HPOS="538" VPOS="1856" WIDTH="32" />
<String CONTENT="of" HEIGHT="54" HPOS="571" VPOS="1835" WIDTH="65" />
<SP HEIGHT="54" HPOS="637" VPOS="1835" WIDTH="31" />
<String CONTENT="the" HEIGHT="53" HPOS="669" VPOS="1837" WIDTH="95" />
<SP HEIGHT="53" HPOS="765" VPOS="1837" WIDTH="35" />
<String CONTENT="English" HEIGHT="69" HPOS="801" VPOS="1835" WIDTH="243" />
<SP HEIGHT="51" HPOS="1045" VPOS="1837" WIDTH="35" />
<String CONTENT="department" HEIGHT="65" HPOS="1081" VPOS="1837" WIDTH="362" />
<SP HEIGHT="48" HPOS="1444" VPOS="1842" WIDTH="32" />
<String CONTENT="of" HEIGHT="54" HPOS="1477" VPOS="1835" WIDTH="65" />
<SP HEIGHT="53" HPOS="1543" VPOS="1835" WIDTH="32" />
<String CONTENT="the" HEIGHT="51" HPOS="1576" VPOS="1838" WIDTH="94" />
<SP HEIGHT="54" HPOS="1671" VPOS="1837" WIDTH="34" />
<String CONTENT="University" HEIGHT="69" HPOS="1706" VPOS="1836" WIDTH="336" />
<SP HEIGHT="49" HPOS="2043" VPOS="1856" WIDTH="33" />
<String CONTENT="of" HEIGHT="51" HPOS="2077" VPOS="1839" WIDTH="63" />
</TextLine>
<TextLine HEIGHT="71" HPOS="154" STYLEREFS="StyleId-5EFB75E8-C177-4A47-8200-6C9740D7B0C2-" VPOS="1911" WIDTH="1915">
<String CONTENT="Michigan." HEIGHT="68" HPOS="154" VPOS="1914" WIDTH="311" />
<SP HEIGHT="53" HPOS="466" VPOS="1915" WIDTH="64" />
<String CONTENT="Ann" HEIGHT="52" HPOS="531" VPOS="1915" WIDTH="134" />
<SP HEIGHT="52" HPOS="666" VPOS="1915" WIDTH="28" />
<String CONTENT="Arbor," HEIGHT="67" HPOS="695" VPOS="1913" WIDTH="205" />
<SP HEIGHT="65" HPOS="901" VPOS="1915" WIDTH="29" />
<String CONTENT="University" HEIGHT="67" HPOS="931" VPOS="1912" WIDTH="337" />
<SP HEIGHT="47" HPOS="1269" VPOS="1932" WIDTH="26" />
<String CONTENT="of" HEIGHT="56" HPOS="1296" VPOS="1912" WIDTH="65" />
<SP HEIGHT="53" HPOS="1362" VPOS="1912" WIDTH="25" />
<String CONTENT="Michigan" HEIGHT="69" HPOS="1388" VPOS="1911" WIDTH="297" />
<SP HEIGHT="47" HPOS="1686" VPOS="1933" WIDTH="29" />
<String CONTENT="press," HEIGHT="47" HPOS="1716" VPOS="1933" WIDTH="173" />
<SP HEIGHT="58" HPOS="1890" VPOS="1921" WIDTH="31" />
<String CONTENT="1935." HEIGHT="48" HPOS="1922" VPOS="1921" WIDTH="147" />
</TextLine>
<TextLine CS="1" HEIGHT="53" HPOS="226" VPOS="1989" WIDTH="1918">
<String CONTENT="vii," HEIGHT="49" HPOS="226" VPOS="1992" WIDTH="80" />
<SP HEIGHT="47" HPOS="307" VPOS="1994" WIDTH="29" />
<String CONTENT="328" HEIGHT="41" HPOS="337" VPOS="1993" WIDTH="86" />
<SP HEIGHT="47" HPOS="424" VPOS="1993" WIDTH="25" />
<String CONTENT="p." HEIGHT="37" HPOS="450" VPOS="2003" WIDTH="43" />
<SP HEIGHT="33" HPOS="494" VPOS="2000" WIDTH="57" />
<String CONTENT="III" CS="1" />
<SP HEIGHT="40" HPOS="614" VPOS="1991" WIDTH="25" />
<String CONTENT="fold," HEIGHT="42" HPOS="640" VPOS="1991" WIDTH="119" />
<SP HEIGHT="31" HPOS="760" VPOS="2002" WIDTH="27" />
<String CONTENT="maps" HEIGHT="38" HPOS="788" VPOS="2001" WIDTH="136" />
<SP HEIGHT="48" HPOS="925" VPOS="1992" WIDTH="26" />
<String CONTENT="(in" HEIGHT="49" HPOS="952" VPOS="1991" WIDTH="73" />
<SP HEIGHT="37" HPOS="1026" VPOS="2002" WIDTH="27" />
<String CONTENT="pocket)" HEIGHT="50" HPOS="1054" VPOS="1989" WIDTH="196" />
<SP HEIGHT="48" HPOS="1251" VPOS="1989" WIDTH="66" />
<String CONTENT="23&#189;cm." CS="1" HEIGHT="41" HPOS="1318" VPOS="1990" WIDTH="145" />
<SP HEIGHT="47" HPOS="1464" VPOS="1992" WIDTH="69" />
<String CONTENT="(Half-title;" CS="1" HEIGHT="48" HPOS="1534" VPOS="1991" WIDTH="276" />
<SP HEIGHT="40" HPOS="1834" VPOS="1993" WIDTH="27" />
<String CONTENT="University" HEIGHT="49" HPOS="1862" VPOS="1993" WIDTH="282" />
</TextLine>
<TextLine CS="1" HEIGHT="51" HPOS="157" VPOS="2047" WIDTH="1751">
<String CONTENT="of" HEIGHT="41" HPOS="157" VPOS="2051" WIDTH="53" />
<SP HEIGHT="40" HPOS="211" VPOS="2051" WIDTH="28" />
<String CONTENT="Michigan" HEIGHT="49" HPOS="240" VPOS="2049" WIDTH="246" />
<SP HEIGHT="37" HPOS="487" VPOS="2059" WIDTH="29" />
<String CONTENT="publications." HEIGHT="49" HPOS="517" VPOS="2047" WIDTH="339" />
<SP HEIGHT="42" HPOS="857" VPOS="2047" WIDTH="56" />
<String CONTENT="Language" HEIGHT="48" HPOS="914" VPOS="2047" WIDTH="260" />
<SP HEIGHT="30" HPOS="1175" VPOS="2057" WIDTH="30" />
<String CONTENT="and" HEIGHT="39" HPOS="1206" VPOS="2049" WIDTH="96" />
<SP HEIGHT="40" HPOS="1303" VPOS="2048" WIDTH="29" />
<String CONTENT="literature," HEIGHT="43" HPOS="1333" VPOS="2047" WIDTH="272" />
<SP HEIGHT="31" HPOS="1606" VPOS="2059" WIDTH="57" />
<String CONTENT="vol." HEIGHT="40" HPOS="1664" VPOS="2049" WIDTH="92" />
<SP HEIGHT="29" HPOS="1757" VPOS="2060" WIDTH="29" />
<String CONTENT="XIII)" CS="1" HEIGHT="47" HPOS="1893" VPOS="2050" WIDTH="15" />
</TextLine>
<TextLine CS="1" HEIGHT="48" HPOS="503" VPOS="2110" WIDTH="1464">
<String CONTENT="CONTENTS.&#8212;Middle" CS="1" HEIGHT="41" HPOS="503" VPOS="2111" WIDTH="245" />
<SP HEIGHT="40" HPOS="749" VPOS="2111" WIDTH="32" />
<String CONTENT="English" HEIGHT="47" HPOS="782" VPOS="2111" WIDTH="201" />
<SP HEIGHT="40" HPOS="984" VPOS="2111" WIDTH="32" />
<String CONTENT="dialect" HEIGHT="41" HPOS="1017" VPOS="2110" WIDTH="178" />
<SP HEIGHT="38" HPOS="1196" VPOS="2112" WIDTH="33" />
<String CONTENT="characteristics" HEIGHT="40" HPOS="1230" VPOS="2111" WIDTH="394" />
<SP HEIGHT="30" HPOS="1625" VPOS="2121" WIDTH="33" />
<String CONTENT="and" HEIGHT="39" HPOS="1659" VPOS="2112" WIDTH="95" />
<SP HEIGHT="40" HPOS="1755" VPOS="2112" WIDTH="34" />
<String CONTENT="dialect" HEIGHT="41" HPOS="1790" VPOS="2112" WIDTH="177" />
</TextLine>
<TextLine CS="1" HEIGHT="104" HPOS="159" VPOS="2113" WIDTH="1983">
<String CONTENT="boundaries;" CS="1" HEIGHT="97" HPOS="159" VPOS="2113" WIDTH="1968" />
<SP HEIGHT="38" HPOS="350" VPOS="2179" WIDTH="43" />
<String CONTENT="preliminary" HEIGHT="51" HPOS="394" VPOS="2166" WIDTH="314" />
<SP HEIGHT="38" HPOS="709" VPOS="2178" WIDTH="43" />
<String CONTENT="report" HEIGHT="45" HPOS="753" VPOS="2170" WIDTH="162" />
<SP HEIGHT="38" HPOS="916" VPOS="2170" WIDTH="42" />
<String CONTENT="of" HEIGHT="40" HPOS="959" VPOS="2167" WIDTH="52" />
<SP HEIGHT="40" HPOS="1012" VPOS="2167" WIDTH="42" />
<String CONTENT="an" HEIGHT="29" HPOS="1055" VPOS="2178" WIDTH="62" />
<SP HEIGHT="39" HPOS="1118" VPOS="2167" WIDTH="42" />
<String CONTENT="investigation" HEIGHT="47" HPOS="1161" VPOS="2167" WIDTH="346" />
<SP HEIGHT="40" HPOS="1508" VPOS="2167" WIDTH="43" />
<String CONTENT="based" HEIGHT="41" HPOS="1552" VPOS="2167" WIDTH="147" />
<SP HEIGHT="40" HPOS="1700" VPOS="2168" WIDTH="43" />
<String CONTENT="exclusively" HEIGHT="48" HPOS="1744" VPOS="2169" WIDTH="295" />
<SP HEIGHT="36" HPOS="2040" VPOS="2181" WIDTH="43" />
<String CONTENT="on" HEIGHT="29" HPOS="2084" VPOS="2181" WIDTH="58" />
</TextLine>
<TextLine CS="1" HEIGHT="102" HPOS="158" VPOS="2223" WIDTH="1968">
<String CONTENT="localized" HEIGHT="42" HPOS="158" VPOS="2225" WIDTH="230" />
<SP HEIGHT="40" HPOS="389" VPOS="2226" WIDTH="25" />
<String CONTENT="texts" HEIGHT="38" HPOS="415" VPOS="2228" WIDTH="130" />
<SP HEIGHT="31" HPOS="546" VPOS="2235" WIDTH="26" />
<String CONTENT="and" HEIGHT="39" HPOS="573" VPOS="2226" WIDTH="95" />
<SP HEIGHT="39" HPOS="669" VPOS="2226" WIDTH="24" />
<String CONTENT="documents," HEIGHT="45" HPOS="694" VPOS="2226" WIDTH="293" />
<SP HEIGHT="48" HPOS="988" VPOS="2223" WIDTH="27" />
<String CONTENT="by" HEIGHT="48" HPOS="1016" VPOS="2223" WIDTH="59" />
<SP HEIGHT="48" HPOS="1076" VPOS="2223" WIDTH="30" />
<String CONTENT="Samuel" HEIGHT="41" HPOS="1107" VPOS="2223" WIDTH="193" />
<SP HEIGHT="39" HPOS="1301" VPOS="2224" WIDTH="26" />
<String CONTENT="Moore," HEIGHT="48" HPOS="1328" VPOS="2224" WIDTH="176" />
<SP HEIGHT="47" HPOS="1505" VPOS="2225" WIDTH="29" />
<String CONTENT="S." HEIGHT="40" HPOS="1535" LANG="fr" VPOS="2225" WIDTH="44" />
<SP HEIGHT="38" HPOS="1580" VPOS="2226" WIDTH="27" />
<String CONTENT="B." HEIGHT="39" HPOS="1608" VPOS="2226" WIDTH="54" />
<SP HEIGHT="39" HPOS="1663" VPOS="2226" WIDTH="27" />
<String CONTENT="Meech," HEIGHT="46" HPOS="1691" VPOS="2226" WIDTH="179" />
<SP HEIGHT="37" HPOS="1871" VPOS="2235" WIDTH="25" />
<String CONTENT="and" HEIGHT="39" HPOS="1897" VPOS="2227" WIDTH="96" />
<SP HEIGHT="40" HPOS="1994" VPOS="2226" WIDTH="27" />
<String CONTENT="Harold" HEIGHT="99" HPOS="160" VPOS="2226" WIDTH="1966" />
</TextLine>
<TextLine HEIGHT="50" HPOS="284" VPOS="2279" WIDTH="1861">
<String CONTENT="Whitehall." HEIGHT="40" HPOS="284" VPOS="2282" WIDTH="279" />
<SP HEIGHT="40" HPOS="564" VPOS="2281" WIDTH="59" />
<String CONTENT="Localized" HEIGHT="41" HPOS="624" VPOS="2280" WIDTH="252" />
<SP HEIGHT="40" HPOS="877" VPOS="2281" WIDTH="44" />
<String CONTENT="literary" HEIGHT="49" HPOS="922" VPOS="2279" WIDTH="205" />
<SP HEIGHT="45" HPOS="1128" VPOS="2283" WIDTH="46" />
<String CONTENT="texts" HEIGHT="39" HPOS="1175" VPOS="2282" WIDTH="131" />
<SP HEIGHT="48" HPOS="1307" VPOS="2281" WIDTH="54" />
<String CONTENT="(p." HEIGHT="48" HPOS="1362" VPOS="2281" WIDTH="65" />
<SP HEIGHT="38" HPOS="1428" VPOS="2282" WIDTH="46" />
<String CONTENT="51-56)&#8212;Some" HEIGHT="47" HPOS="1475" VPOS="2280" WIDTH="380" />
<SP HEIGHT="41" HPOS="1856" VPOS="2281" WIDTH="45" />
<String CONTENT="fifteenth-" HEIGHT="41" HPOS="1902" VPOS="2281" WIDTH="243" />
</TextLine>
<TextLine HEIGHT="50" HPOS="158" VPOS="2336" WIDTH="1989">
<String CONTENT="century" HEIGHT="45" HPOS="158" VPOS="2341" WIDTH="201" />
<SP HEIGHT="37" HPOS="360" VPOS="2349" WIDTH="27" />
<String CONTENT="spellings" HEIGHT="48" HPOS="388" VPOS="2338" WIDTH="230" />
<SP HEIGHT="42" HPOS="619" VPOS="2336" WIDTH="26" />
<String CONTENT="from" HEIGHT="40" HPOS="646" VPOS="2336" WIDTH="127" />
<SP HEIGHT="38" HPOS="774" VPOS="2339" WIDTH="28" />
<String CONTENT="the" HEIGHT="39" HPOS="803" VPOS="2338" WIDTH="81" />
<SP HEIGHT="40" HPOS="885" VPOS="2337" WIDTH="26" />
<String CONTENT="Nottingham" HEIGHT="48" HPOS="912" VPOS="2336" WIDTH="318" />
<SP HEIGHT="28" HPOS="1231" VPOS="2348" WIDTH="29" />
<String CONTENT="records," HEIGHT="47" HPOS="1261" VPOS="2338" WIDTH="206" />
<SP HEIGHT="48" HPOS="1468" VPOS="2337" WIDTH="29" />
<String CONTENT="by" HEIGHT="48" HPOS="1498" VPOS="2337" WIDTH="60" />
<SP HEIGHT="47" HPOS="1559" VPOS="2338" WIDTH="28" />
<String CONTENT="Harold" HEIGHT="40" HPOS="1588" VPOS="2338" WIDTH="188" />
<SP HEIGHT="40" HPOS="1777" VPOS="2339" WIDTH="28" />
<String CONTENT="Whitehall.&#8212;" HEIGHT="41" HPOS="1806" VPOS="2338" WIDTH="341" />
</TextLine>
<TextLine CS="1" HEIGHT="49" HPOS="162" VPOS="2393" WIDTH="1982">
<String CONTENT="Scaitcliffe;" CS="1" HEIGHT="43" HPOS="162" VPOS="2393" WIDTH="265" />
<SP HEIGHT="29" HPOS="455" VPOS="2405" WIDTH="38" />
<String CONTENT="a" HEIGHT="29" HPOS="494" VPOS="2405" WIDTH="26" />
<SP HEIGHT="37" HPOS="521" VPOS="2405" WIDTH="40" />
<String CONTENT="place-name" HEIGHT="47" HPOS="562" VPOS="2395" WIDTH="296" />
<SP HEIGHT="39" HPOS="859" VPOS="2395" WIDTH="37" />
<String CONTENT="derivation," HEIGHT="48" HPOS="897" VPOS="2393" WIDTH="288" />
<SP HEIGHT="47" HPOS="1186" VPOS="2394" WIDTH="37" />
<String CONTENT="by" HEIGHT="47" HPOS="1224" VPOS="2394" WIDTH="62" />
<SP HEIGHT="48" HPOS="1287" VPOS="2393" WIDTH="36" />
<String CONTENT="Harold" HEIGHT="41" HPOS="1324" VPOS="2393" WIDTH="187" />
<SP HEIGHT="39" HPOS="1512" VPOS="2395" WIDTH="39" />
<String CONTENT="Whitehall.&#8212;An" HEIGHT="39" HPOS="1552" VPOS="2395" WIDTH="418" />
<SP HEIGHT="29" HPOS="1971" VPOS="2405" WIDTH="38" />
<String CONTENT="early" HEIGHT="46" HPOS="2010" VPOS="2396" WIDTH="134" />
</TextLine>
<TextLine CS="1" HEIGHT="107" HPOS="159" VPOS="2449" WIDTH="1986">
<String CONTENT="treatise" HEIGHT="41" HPOS="160" VPOS="2451" WIDTH="201" />
<SP HEIGHT="40" HPOS="362" VPOS="2451" WIDTH="29" />
<String CONTENT="in" HEIGHT="40" HPOS="392" VPOS="2451" WIDTH="53" />
<SP HEIGHT="38" HPOS="446" VPOS="2452" WIDTH="29" />
<String CONTENT="English" HEIGHT="48" HPOS="476" VPOS="2450" WIDTH="204" />
<SP HEIGHT="41" HPOS="681" VPOS="2450" WIDTH="29" />
<String CONTENT="concerning" HEIGHT="48" HPOS="711" VPOS="2450" WIDTH="287" />
<SP HEIGHT="49" HPOS="999" VPOS="2449" WIDTH="29" />
<String CONTENT="Latin" HEIGHT="41" HPOS="1029" VPOS="2449" WIDTH="145" />
<SP HEIGHT="38" HPOS="1175" VPOS="2461" WIDTH="32" />
<String CONTENT="grammar," HEIGHT="39" HPOS="1208" VPOS="2460" WIDTH="257" />
<SP HEIGHT="47" HPOS="1466" VPOS="2451" WIDTH="34" />
<String CONTENT="by" HEIGHT="47" HPOS="1501" VPOS="2451" WIDTH="58" />
<SP HEIGHT="47" HPOS="1560" VPOS="2451" WIDTH="35" />
<String CONTENT="S." HEIGHT="40" HPOS="1596" LANG="fr" VPOS="2451" WIDTH="44" />
<SP HEIGHT="38" HPOS="1641" VPOS="2452" WIDTH="32" />
<String CONTENT="B." HEIGHT="38" HPOS="1674" VPOS="2452" WIDTH="54" />
<SP HEIGHT="37" HPOS="1729" VPOS="2453" WIDTH="34" />
<String CONTENT="Meech.&#8212;Indo-germanic-Nahuatl," HEIGHT="104" HPOS="159" VPOS="2452" WIDTH="1986" />
</TextLine>
<TextLine CS="1" HEIGHT="106" HPOS="160" VPOS="2505" WIDTH="1968">
<String CONTENT="by" HEIGHT="48" HPOS="681" VPOS="2507" WIDTH="63" />
<SP HEIGHT="48" HPOS="745" VPOS="2507" WIDTH="26" />
<String CONTENT="N." HEIGHT="41" HPOS="772" VPOS="2507" WIDTH="57" />
<SP HEIGHT="41" HPOS="830" VPOS="2507" WIDTH="28" />
<String CONTENT="L." HEIGHT="41" HPOS="859" VPOS="2507" WIDTH="51" />
<SP HEIGHT="41" HPOS="911" VPOS="2507" WIDTH="28" />
<String CONTENT="Willey.&#8212;Origin" HEIGHT="50" HPOS="940" VPOS="2505" WIDTH="423" />
<SP HEIGHT="30" HPOS="1364" VPOS="2517" WIDTH="28" />
<String CONTENT="and" HEIGHT="39" HPOS="1393" VPOS="2508" WIDTH="94" />
<SP HEIGHT="39" HPOS="1488" VPOS="2508" WIDTH="29" />
<String CONTENT="extension" HEIGHT="41" HPOS="1518" VPOS="2506" WIDTH="253" />
<SP HEIGHT="29" HPOS="1772" VPOS="2518" WIDTH="28" />
<String CONTENT="of" HEIGHT="40" HPOS="1801" VPOS="2507" WIDTH="52" />
<SP HEIGHT="40" HPOS="1854" VPOS="2507" WIDTH="27" />
<String CONTENT="the" HEIGHT="40" HPOS="1882" VPOS="2508" WIDTH="83" />
<SP HEIGHT="29" HPOS="1966" VPOS="2519" WIDTH="29" />
<String CONTENT="voiceless" HEIGHT="98" HPOS="160" VPOS="2507" WIDTH="1968" />
<SP HEIGHT="37" HPOS="256" VPOS="2574" WIDTH="28" />
<String CONTENT="preterit" HEIGHT="49" HPOS="285" VPOS="2562" WIDTH="203" />
<SP HEIGHT="38" HPOS="489" VPOS="2566" WIDTH="27" />
<String CONTENT="and" HEIGHT="39" HPOS="517" VPOS="2565" WIDTH="94" />
<SP HEIGHT="39" HPOS="612" VPOS="2565" WIDTH="28" />
<String CONTENT="the" HEIGHT="39" HPOS="641" VPOS="2565" WIDTH="81" />
<SP HEIGHT="37" HPOS="723" VPOS="2574" WIDTH="27" />
<String CONTENT="past" HEIGHT="44" HPOS="751" VPOS="2567" WIDTH="110" />
<SP HEIGHT="44" HPOS="862" VPOS="2567" WIDTH="27" />
<String CONTENT="participle" HEIGHT="48" HPOS="890" VPOS="2563" WIDTH="256" />
</TextLine>
<TextLine HEIGHT="48" HPOS="1176" VPOS="2563" WIDTH="969">
<String CONTENT="inflections" HEIGHT="42" HPOS="1176" VPOS="2563" WIDTH="273" />
<SP HEIGHT="30" HPOS="1450" VPOS="2574" WIDTH="27" />
<String CONTENT="of" HEIGHT="40" HPOS="1478" VPOS="2563" WIDTH="53" />
<SP HEIGHT="41" HPOS="1532" VPOS="2563" WIDTH="28" />
<String CONTENT="the" HEIGHT="40" HPOS="1561" VPOS="2564" WIDTH="80" />
<SP HEIGHT="38" HPOS="1642" VPOS="2565" WIDTH="29" />
<String CONTENT="English" HEIGHT="48" HPOS="1672" VPOS="2563" WIDTH="200" />
<SP HEIGHT="39" HPOS="1873" VPOS="2564" WIDTH="30" />
<String CONTENT="irregular" HEIGHT="47" HPOS="1904" VPOS="2564" WIDTH="241" />
</TextLine>
<TextLine HEIGHT="50" HPOS="161" VPOS="2619" WIDTH="1985">
<String CONTENT="weak" HEIGHT="40" HPOS="161" VPOS="2621" WIDTH="138" />
<SP HEIGHT="41" HPOS="300" VPOS="2621" WIDTH="31" />
<String CONTENT="verb" HEIGHT="41" HPOS="332" VPOS="2621" WIDTH="115" />
<SP HEIGHT="40" HPOS="448" VPOS="2621" WIDTH="33" />
<String CONTENT="conjugation," HEIGHT="49" HPOS="482" VPOS="2619" WIDTH="326" />
<SP HEIGHT="47" HPOS="809" VPOS="2621" WIDTH="33" />
<String CONTENT="by" HEIGHT="48" HPOS="843" VPOS="2621" WIDTH="60" />
<SP HEIGHT="48" HPOS="904" VPOS="2621" WIDTH="32" />
<String CONTENT="A." HEIGHT="41" HPOS="937" VPOS="2621" WIDTH="55" />
<SP HEIGHT="41" HPOS="993" VPOS="2621" WIDTH="34" />
<String CONTENT="H." HEIGHT="39" HPOS="1028" VPOS="2621" WIDTH="60" />
<SP HEIGHT="39" HPOS="1089" VPOS="2621" WIDTH="35" />
<String CONTENT="Marckwardt." HEIGHT="40" HPOS="1125" VPOS="2620" WIDTH="343" />
<SP HEIGHT="39" HPOS="1469" VPOS="2621" WIDTH="64" />
<String CONTENT="Bibliography" HEIGHT="47" HPOS="1534" VPOS="2621" WIDTH="347" />
<SP HEIGHT="48" HPOS="1882" VPOS="2620" WIDTH="45" />
<String CONTENT="(p." HEIGHT="48" HPOS="1928" VPOS="2620" WIDTH="68" />
<SP HEIGHT="40" HPOS="1997" VPOS="2620" WIDTH="32" />
<String CONTENT="316-" HEIGHT="40" HPOS="2030" VPOS="2620" WIDTH="116" />
</TextLine>
<TextLine HEIGHT="49" HPOS="158" VPOS="2677" WIDTH="112">
<String CONTENT="328)" HEIGHT="49" HPOS="158" VPOS="2677" WIDTH="112" />
</TextLine>
<TextLine CS="1" HEIGHT="53" HPOS="158" VPOS="2743" WIDTH="1990">
<String CONTENT="&#169;" HEIGHT="53" HPOS="158" VPOS="2743" WIDTH="52" />
<SP HEIGHT="53" HPOS="211" VPOS="2743" WIDTH="28" />
<String CONTENT="Sept." HEIGHT="48" HPOS="240" VPOS="2748" WIDTH="127" />
<SP HEIGHT="40" HPOS="368" VPOS="2748" WIDTH="24" />
<String CONTENT="5," HEIGHT="46" HPOS="393" VPOS="2748" WIDTH="39" />
<SP HEIGHT="46" HPOS="433" VPOS="2748" WIDTH="26" />
<String CONTENT="1935;" CS="1" HEIGHT="39" HPOS="460" VPOS="2748" WIDTH="112" />
<SP HEIGHT="48" HPOS="601" VPOS="2746" WIDTH="26" />
<String CONTENT="2c." HEIGHT="41" HPOS="628" VPOS="2746" WIDTH="68" />
<SP HEIGHT="29" HPOS="697" VPOS="2758" WIDTH="26" />
<String CONTENT="and" HEIGHT="39" HPOS="724" VPOS="2748" WIDTH="95" />
<SP HEIGHT="38" HPOS="820" VPOS="2748" WIDTH="26" />
<String CONTENT="aff." HEIGHT="41" HPOS="847" VPOS="2746" WIDTH="81" />
<SP HEIGHT="40" HPOS="929" VPOS="2747" WIDTH="29" />
<String CONTENT="Sept." HEIGHT="48" HPOS="959" VPOS="2747" WIDTH="127" />
<SP HEIGHT="39" HPOS="1087" VPOS="2748" WIDTH="27" />
<String CONTENT="12;" HEIGHT="48" HPOS="1115" VPOS="2745" WIDTH="81" />
<SP HEIGHT="45" HPOS="1197" VPOS="2748" WIDTH="29" />
<String CONTENT="A" HEIGHT="37" HPOS="1227" VPOS="2748" WIDTH="41" />
<SP HEIGHT="39" HPOS="1269" VPOS="2748" WIDTH="25" />
<String CONTENT="86265;" HEIGHT="47" HPOS="1295" VPOS="2746" WIDTH="170" />
<SP HEIGHT="46" HPOS="1466" VPOS="2747" WIDTH="30" />
<String CONTENT="University" HEIGHT="49" HPOS="1497" VPOS="2745" WIDTH="281" />
<SP HEIGHT="36" HPOS="1779" VPOS="2758" WIDTH="28" />
<String CONTENT="of" HEIGHT="39" HPOS="1808" VPOS="2747" WIDTH="51" />
<SP HEIGHT="38" HPOS="1860" VPOS="2747" WIDTH="26" />
<String CONTENT="Michigan," HEIGHT="48" HPOS="1887" VPOS="2744" WIDTH="261" />
</TextLine>
<TextLine HEIGHT="50" HPOS="226" VPOS="2803" WIDTH="652">
<String CONTENT="Ann" HEIGHT="38" HPOS="226" VPOS="2805" WIDTH="106" />
<SP HEIGHT="39" HPOS="333" VPOS="2805" WIDTH="28" />
<String CONTENT="Arbor." HEIGHT="39" HPOS="362" VPOS="2805" WIDTH="166" />
<SP HEIGHT="48" HPOS="529" VPOS="2804" WIDTH="71" />
<String CONTENT="(35-28238)" HEIGHT="50" HPOS="601" VPOS="2803" WIDTH="277" />
</TextLine>
<TextLine HEIGHT="64" HPOS="161" STYLEREFS="StyleId-46935669-F3EA-4A00-984F-E75123BAD6CB-" VPOS="2905" WIDTH="934">
<String CONTENT="Moffatt," HEIGHT="63" HPOS="161" VPOS="2905" WIDTH="258" />
<SP HEIGHT="62" HPOS="420" VPOS="2906" WIDTH="27" />
<String CONTENT="John" HEIGHT="53" HPOS="448" VPOS="2905" WIDTH="153" />
<SP HEIGHT="51" HPOS="602" VPOS="2906" WIDTH="28" />
<String CONTENT="Edward," HEIGHT="63" HPOS="631" VPOS="2906" WIDTH="270" />
<SP HEIGHT="58" HPOS="902" VPOS="2911" WIDTH="28" />
<String CONTENT="1894-" HEIGHT="48" HPOS="931" VPOS="2911" WIDTH="164" />
</TextLine>
<TextLine CS="1" HEIGHT="72" HPOS="228" STYLEREFS="StyleId-5EFB75E8-C177-4A47-8200-6C9740D7B0C2-" VPOS="2976" WIDTH="1917">
<String CONTENT="Thoughts" HEIGHT="67" HPOS="228" VPOS="2980" WIDTH="298" />
<SP HEIGHT="33" HPOS="527" VPOS="2999" WIDTH="27" />
<String CONTENT="on" HEIGHT="34" HPOS="555" VPOS="2998" WIDTH="70" />
<SP HEIGHT="54" HPOS="626" VPOS="2979" WIDTH="29" />
<String CONTENT="Our" HEIGHT="54" HPOS="656" VPOS="2979" WIDTH="122" />
<SP HEIGHT="52" HPOS="779" VPOS="2980" WIDTH="29" />
<String CONTENT="Friend" HEIGHT="56" HPOS="809" VPOS="2978" WIDTH="211" />
<SP HEIGHT="53" HPOS="1021" VPOS="2981" WIDTH="31" />
<String CONTENT="divine," HEIGHT="68" HPOS="1053" VPOS="2980" WIDTH="209" />
<SP HEIGHT="68" HPOS="1263" VPOS="2980" WIDTH="25" />
<String CONTENT="by" HEIGHT="68" HPOS="1289" VPOS="2980" WIDTH="76" />
<SP HEIGHT="68" HPOS="1366" VPOS="2980" WIDTH="27" />
<String CONTENT="Rev." HEIGHT="53" HPOS="1394" VPOS="2980" WIDTH="137" />
<SP HEIGHT="53" HPOS="1532" VPOS="2980" WIDTH="29" />
<String CONTENT="J." HEIGHT="53" HPOS="1562" LANG="fr" VPOS="2980" WIDTH="55" />
<SP HEIGHT="51" HPOS="1618" VPOS="2980" WIDTH="29" />
<String CONTENT="E." HEIGHT="52" HPOS="1648" VPOS="2980" WIDTH="68" />
<SP HEIGHT="53" HPOS="1717" VPOS="2979" WIDTH="27" />
<String CONTENT="Moffatt," HEIGHT="70" HPOS="1745" VPOS="2976" WIDTH="250" />
<SP HEIGHT="49" HPOS="1996" VPOS="2997" WIDTH="28" />
<String CONTENT="S." CS="1" HEIGHT="9" HPOS="2057" VPOS="3024" WIDTH="10" />
<SP HEIGHT="35" HPOS="2068" VPOS="2998" WIDTH="29" />
<String CONTENT="J." CS="1" HEIGHT="10" HPOS="2135" VPOS="3022" WIDTH="10" />
</TextLine>
<TextLine CS="1" HEIGHT="71" HPOS="160" STYLEREFS="StyleId-5EFB75E8-C177-4A47-8200-6C9740D7B0C2-" VPOS="3054" WIDTH="1381">
<String CONTENT="Milwaukee," HEIGHT="68" HPOS="160" VPOS="3056" WIDTH="353" />
<SP HEIGHT="66" HPOS="514" VPOS="3058" WIDTH="26" />
<String CONTENT="The" HEIGHT="52" HPOS="541" VPOS="3057" WIDTH="120" />
<SP HEIGHT="52" HPOS="662" VPOS="3057" WIDTH="26" />
<String CONTENT="Bruce" HEIGHT="54" HPOS="689" VPOS="3057" WIDTH="183" />
<SP HEIGHT="49" HPOS="873" VPOS="3075" WIDTH="25" />
<String CONTENT="publishing" HEIGHT="70" HPOS="899" VPOS="3054" WIDTH="331" />
<SP HEIGHT="50" HPOS="1231" VPOS="3074" WIDTH="27" />
<String CONTENT="co." HEIGHT="33" HPOS="1259" LANG="ru" VPOS="3076" WIDTH="75" />
<SP HEIGHT="33" HPOS="1335" VPOS="3092" WIDTH="34" />
<String CONTENT="[" HEIGHT="33" HPOS="1370" VPOS="3092" WIDTH="12" />
<String CONTENT="c" HEIGHT="21" HPOS="1387" STYLE="superscript" VPOS="3064" WIDTH="18" />
<String CONTENT="1935]" CS="1" HEIGHT="49" HPOS="1410" VPOS="3059" WIDTH="131" />
</TextLine>
<TextLine CS="1" HEIGHT="51" HPOS="228" VPOS="3133" WIDTH="1797">
<String CONTENT="3" HEIGHT="40" HPOS="228" VPOS="3133" WIDTH="26" />
<SP />
<String CONTENT="p." HEIGHT="37" HPOS="285" VPOS="3144" WIDTH="43" />
<SP />
<String CONTENT="l.," CS="1" />
<SP />
<String CONTENT="9-86" HEIGHT="41" HPOS="434" VPOS="3133" WIDTH="115" />
<SP HEIGHT="48" HPOS="550" VPOS="3134" WIDTH="27" />
<String CONTENT="p." HEIGHT="37" HPOS="578" VPOS="3145" WIDTH="44" />
<SP HEIGHT="39" HPOS="623" VPOS="3135" WIDTH="57" />
<String CONTENT="14" HEIGHT="38" HPOS="681" VPOS="3135" WIDTH="56" />
<String CONTENT="cm" HEIGHT="21" HPOS="739" STYLE="superscript" VPOS="3136" WIDTH="45" />
<String CONTENT="." HEIGHT="8" HPOS="788" VPOS="3166" WIDTH="9" />
<SP HEIGHT="48" HPOS="798" VPOS="3134" WIDTH="69" />
<String CONTENT="(Half-title;" CS="1" HEIGHT="49" HPOS="868" VPOS="3134" WIDTH="274" />
<SP HEIGHT="39" HPOS="1166" VPOS="3137" WIDTH="29" />
<String CONTENT="Minute" HEIGHT="38" HPOS="1196" VPOS="3137" WIDTH="186" />
<SP HEIGHT="28" HPOS="1383" VPOS="3147" WIDTH="28" />
<String CONTENT="meditations," HEIGHT="48" HPOS="1412" VPOS="3136" WIDTH="328" />
<SP HEIGHT="38" HPOS="1741" VPOS="3146" WIDTH="28" />
<String CONTENT="series" HEIGHT="40" HPOS="1770" VPOS="3136" WIDTH="149" />
<SP HEIGHT="29" HPOS="1920" VPOS="3147" WIDTH="31" />
<String CONTENT="IV)" CS="1" HEIGHT="46" HPOS="2011" VPOS="3136" WIDTH="14" />
</TextLine>
<TextLine CS="1" HEIGHT="53" HPOS="162" VPOS="3202" WIDTH="1877">
<String CONTENT="&#169;" HEIGHT="53" HPOS="162" VPOS="3202" WIDTH="52" />
<SP HEIGHT="53" HPOS="215" VPOS="3202" WIDTH="25" />
<String CONTENT="May" HEIGHT="47" HPOS="241" VPOS="3208" WIDTH="113" />
<SP HEIGHT="47" HPOS="355" VPOS="3208" WIDTH="23" />
<String CONTENT="29," HEIGHT="48" HPOS="379" VPOS="3207" WIDTH="70" />
<SP HEIGHT="46" HPOS="450" VPOS="3209" WIDTH="26" />
<String CONTENT="1935;" CS="1" HEIGHT="40" HPOS="477" VPOS="3208" WIDTH="116" />
<SP HEIGHT="47" HPOS="618" VPOS="3208" WIDTH="27" />
<String CONTENT="2c." HEIGHT="40" HPOS="646" VPOS="3208" WIDTH="67" />
<SP HEIGHT="39" HPOS="714" VPOS="3209" WIDTH="27" />
<String CONTENT="June" HEIGHT="38" HPOS="742" VPOS="3209" WIDTH="125" />
<SP HEIGHT="39" HPOS="868" VPOS="3208" WIDTH="25" />
<String CONTENT="21;" HEIGHT="46" HPOS="894" VPOS="3208" WIDTH="82" />
<SP HEIGHT="35" HPOS="977" VPOS="3219" WIDTH="28" />
<String CONTENT="aff." HEIGHT="40" HPOS="1006" VPOS="3208" WIDTH="82" />
<SP HEIGHT="40" HPOS="1089" VPOS="3208" WIDTH="28" />
<String CONTENT="June" HEIGHT="39" HPOS="1118" VPOS="3208" WIDTH="125" />
<SP HEIGHT="39" HPOS="1244" VPOS="3208" WIDTH="26" />
<String CONTENT="22;" HEIGHT="47" HPOS="1271" VPOS="3208" WIDTH="82" />
<SP HEIGHT="46" HPOS="1354" VPOS="3209" WIDTH="27" />
<String CONTENT="A" HEIGHT="38" HPOS="1382" VPOS="3209" WIDTH="41" />
<SP HEIGHT="40" HPOS="1424" VPOS="3209" WIDTH="26" />
<String CONTENT="83737;" HEIGHT="46" HPOS="1451" VPOS="3209" WIDTH="169" />
<SP HEIGHT="46" HPOS="1621" VPOS="3209" WIDTH="31" />
<String CONTENT="Bruce" HEIGHT="38" HPOS="1653" VPOS="3209" WIDTH="154" />
<SP HEIGHT="37" HPOS="1808" VPOS="3218" WIDTH="26" />
<String CONTENT="pub." HEIGHT="46" HPOS="1835" VPOS="3209" WIDTH="107" />
<SP HEIGHT="28" HPOS="1943" VPOS="3219" WIDTH="30" />
<String CONTENT="co." HEIGHT="30" HPOS="1974" LANG="ru" VPOS="3218" WIDTH="65" />
</TextLine>
<TextLine HEIGHT="50" HPOS="240" VPOS="3263" WIDTH="278">
<String CONTENT="(35-19702)" HEIGHT="50" HPOS="240" VPOS="3263" WIDTH="278" />
</TextLine>
<TextLine HEIGHT="67" HPOS="163" STYLEREFS="StyleId-46935669-F3EA-4A00-984F-E75123BAD6CB-" VPOS="3363" WIDTH="1255">
<String CONTENT="Moldenke," HEIGHT="67" HPOS="163" LANG="de" VPOS="3363" WIDTH="324" />
<SP HEIGHT="63" HPOS="488" VPOS="3367" WIDTH="28" />
<String CONTENT="Charles" HEIGHT="54" HPOS="517" LANG="en-US" VPOS="3366" WIDTH="244" />
<SP HEIGHT="52" HPOS="762" VPOS="3367" WIDTH="28" />
<String CONTENT="Edward," HEIGHT="64" HPOS="791" LANG="en-US" VPOS="3366" WIDTH="270" />
<SP HEIGHT="57" HPOS="1062" VPOS="3373" WIDTH="32" />
<String CONTENT="1860-1935." HEIGHT="50" HPOS="1095" LANG="en-US" VPOS="3371" WIDTH="323" />
</TextLine>
<TextLine CS="1" HEIGHT="145" HPOS="163" STYLEREFS="StyleId-5EFB75E8-C177-4A47-8200-6C9740D7B0C2-" VPOS="3441" WIDTH="1958">
<String CONTENT="The" HEIGHT="52" HPOS="232" VPOS="3441" WIDTH="120" />
<SP HEIGHT="51" HPOS="353" VPOS="3443" WIDTH="32" />
<String CONTENT="New" HEIGHT="51" HPOS="386" VPOS="3443" WIDTH="139" />
<SP HEIGHT="51" HPOS="526" VPOS="3444" WIDTH="33" />
<String CONTENT="York" HEIGHT="53" HPOS="560" VPOS="3442" WIDTH="161" />
<SP HEIGHT="53" HPOS="722" VPOS="3442" WIDTH="31" />
<String CONTENT="obelisk," HEIGHT="69" HPOS="754" VPOS="3442" WIDTH="229" />
<SP HEIGHT="69" HPOS="984" VPOS="3442" WIDTH="35" />
<String CONTENT="Cleopatra&#8217;s" HEIGHT="69" HPOS="1020" VPOS="3442" WIDTH="352" />
<SP HEIGHT="33" HPOS="1373" VPOS="3464" WIDTH="32" />
<String CONTENT="needle," HEIGHT="65" HPOS="1406" VPOS="3444" WIDTH="210" />
<SP HEIGHT="46" HPOS="1617" VPOS="3463" WIDTH="34" />
<String CONTENT="with" HEIGHT="54" HPOS="1652" VPOS="3443" WIDTH="140" />
<SP HEIGHT="51" HPOS="1793" VPOS="3446" WIDTH="33" />
<String CONTENT="a" HEIGHT="33" HPOS="1827" VPOS="3463" WIDTH="32" />
<SP HEIGHT="48" HPOS="1860" VPOS="3463" WIDTH="34" />
<String CONTENT="preliminary" HEIGHT="143" HPOS="163" VPOS="3443" WIDTH="1958" />
</TextLine>
<TextLine HEIGHT="69" HPOS="338" STYLEREFS="StyleId-5EFB75E8-C177-4A47-8200-6C9740D7B0C2-" VPOS="3519" WIDTH="1810">
<String CONTENT="sketch" HEIGHT="52" HPOS="338" VPOS="3519" WIDTH="192" />
<SP HEIGHT="52" HPOS="531" VPOS="3520" WIDTH="30" />
<String CONTENT="of" HEIGHT="53" HPOS="562" VPOS="3519" WIDTH="65" />
<SP HEIGHT="53" HPOS="628" VPOS="3519" WIDTH="29" />
<String CONTENT="the" HEIGHT="53" HPOS="658" VPOS="3520" WIDTH="94" />
<SP HEIGHT="53" HPOS="753" VPOS="3520" WIDTH="30" />
<String CONTENT="history," HEIGHT="67" HPOS="784" VPOS="3520" WIDTH="235" />
<SP HEIGHT="46" HPOS="1020" VPOS="3539" WIDTH="32" />
<String CONTENT="erection," HEIGHT="68" HPOS="1053" VPOS="3520" WIDTH="262" />
<SP HEIGHT="48" HPOS="1316" VPOS="3540" WIDTH="31" />
<String CONTENT="uses," HEIGHT="48" HPOS="1348" VPOS="3539" WIDTH="139" />
<SP HEIGHT="48" HPOS="1488" VPOS="3539" WIDTH="33" />
<String CONTENT="and" HEIGHT="52" HPOS="1522" VPOS="3521" WIDTH="112" />
<SP HEIGHT="52" HPOS="1635" VPOS="3521" WIDTH="31" />
<String CONTENT="signification" HEIGHT="68" HPOS="1667" VPOS="3520" WIDTH="380" />
<SP HEIGHT="34" HPOS="2048" VPOS="3540" WIDTH="35" />
<String CONTENT="of" HEIGHT="52" HPOS="2084" VPOS="3522" WIDTH="64" />
</TextLine>
<TextLine HEIGHT="72" HPOS="165" STYLEREFS="StyleId-5EFB75E8-C177-4A47-8200-6C9740D7B0C2-" VPOS="3594" WIDTH="1982">
<String CONTENT="obelisks," HEIGHT="67" HPOS="165" VPOS="3594" WIDTH="255" />
<SP HEIGHT="65" HPOS="421" VPOS="3596" WIDTH="26" />
<String CONTENT="by" HEIGHT="68" HPOS="448" VPOS="3596" WIDTH="74" />
<SP HEIGHT="68" HPOS="523" VPOS="3596" WIDTH="27" />
<String CONTENT="Charles" HEIGHT="55" HPOS="551" VPOS="3596" WIDTH="235" />
<SP HEIGHT="53" HPOS="787" VPOS="3598" WIDTH="26" />
<String CONTENT="E." HEIGHT="53" HPOS="814" VPOS="3598" WIDTH="66" />
<SP HEIGHT="53" HPOS="881" VPOS="3598" WIDTH="27" />
<String CONTENT="Moldenke" HEIGHT="53" HPOS="909" VPOS="3598" WIDTH="302" />
<SP HEIGHT="34" HPOS="1212" VPOS="3617" WIDTH="34" />
<String CONTENT="&#8230;" HEIGHT="8" HPOS="1247" VPOS="3643" WIDTH="54" />
<SP HEIGHT="51" HPOS="1302" VPOS="3600" WIDTH="78" />
<String CONTENT="Ed." HEIGHT="52" HPOS="1381" VPOS="3598" WIDTH="107" />
<SP HEIGHT="48" HPOS="1489" VPOS="3602" WIDTH="29" />
<String CONTENT="2," HEIGHT="61" HPOS="1519" VPOS="3602" WIDTH="49" />
<SP HEIGHT="45" HPOS="1569" VPOS="3618" WIDTH="26" />
<String CONTENT="with" HEIGHT="53" HPOS="1596" VPOS="3597" WIDTH="140" />
<SP HEIGHT="52" HPOS="1737" VPOS="3598" WIDTH="27" />
<String CONTENT="a" HEIGHT="34" HPOS="1765" VPOS="3616" WIDTH="31" />
<SP HEIGHT="52" HPOS="1797" VPOS="3599" WIDTH="27" />
<String CONTENT="biography" HEIGHT="68" HPOS="1825" VPOS="3598" WIDTH="322" />
</TextLine>
<TextLine CS="1" HEIGHT="71" HPOS="165" STYLEREFS="StyleId-5EFB75E8-C177-4A47-8200-6C9740D7B0C2-" VPOS="3671" WIDTH="1808">
<String CONTENT="of" HEIGHT="52" HPOS="165" VPOS="3671" WIDTH="63" />
<SP HEIGHT="53" HPOS="229" VPOS="3671" WIDTH="20" />
<String CONTENT="the" HEIGHT="51" HPOS="250" VPOS="3674" WIDTH="94" />
<SP HEIGHT="35" HPOS="345" VPOS="3690" WIDTH="23" />
<String CONTENT="author" HEIGHT="51" HPOS="369" VPOS="3675" WIDTH="204" />
<SP HEIGHT="52" HPOS="574" VPOS="3675" WIDTH="20" />
<String CONTENT="by" HEIGHT="67" HPOS="595" VPOS="3675" WIDTH="75" />
<SP HEIGHT="66" HPOS="671" VPOS="3676" WIDTH="21" />
<String CONTENT="Harold" HEIGHT="52" HPOS="693" VPOS="3676" WIDTH="226" />
<SP HEIGHT="52" HPOS="920" VPOS="3676" WIDTH="21" />
<String CONTENT="N." HEIGHT="52" HPOS="942" VPOS="3676" WIDTH="70" />
<SP HEIGHT="52" HPOS="1013" VPOS="3675" WIDTH="23" />
<String CONTENT="Moldenke" HEIGHT="53" HPOS="1037" VPOS="3675" WIDTH="305" />
<SP HEIGHT="34" HPOS="1343" VPOS="3694" WIDTH="28" />
<String CONTENT="&#8230;" HEIGHT="9" HPOS="1372" VPOS="3719" WIDTH="55" />
<SP HEIGHT="51" HPOS="1428" VPOS="3676" WIDTH="77" />
<String CONTENT="Lancaster," HEIGHT="65" HPOS="1506" VPOS="3676" WIDTH="323" />
<SP HEIGHT="63" HPOS="1830" VPOS="3678" WIDTH="24" />
<String CONTENT="Pa.," HEIGHT="64" HPOS="1855" VPOS="3678" WIDTH="118" />
</TextLine>
<TextLine CS="1" HEIGHT="142" HPOS="167" STYLEREFS="StyleId-5EFB75E8-C177-4A47-8200-6C9740D7B0C2-" VPOS="3677" WIDTH="1955">
<String CONTENT="Lancaster" HEIGHT="127" HPOS="167" VPOS="3677" WIDTH="1955" />
<SP HEIGHT="48" HPOS="345" VPOS="3770" WIDTH="26" />
<String CONTENT="press," HEIGHT="50" HPOS="372" VPOS="3768" WIDTH="172" />
<SP HEIGHT="67" HPOS="545" VPOS="3751" WIDTH="26" />
<String CONTENT="inc.," HEIGHT="68" HPOS="572" VPOS="3751" WIDTH="124" />
<SP HEIGHT="62" HPOS="697" VPOS="3757" WIDTH="29" />
<String CONTENT="1935." HEIGHT="49" HPOS="727" VPOS="3757" WIDTH="148" />
</TextLine>
<TextLine CS="1" HEIGHT="47" HPOS="307" VPOS="3828" WIDTH="584">
<String CONTENT="xx," CS="1" HEIGHT="16" HPOS="307" VPOS="3858" WIDTH="9" />
<SP HEIGHT="46" HPOS="317" VPOS="3828" WIDTH="26" />
<String CONTENT="202" HEIGHT="40" HPOS="344" VPOS="3828" WIDTH="84" />
<SP HEIGHT="47" HPOS="429" VPOS="3828" WIDTH="27" />
<String CONTENT="p." HEIGHT="37" HPOS="457" VPOS="3838" WIDTH="42" />
<SP HEIGHT="39" HPOS="500" VPOS="3828" WIDTH="58" />
<String CONTENT="illus." HEIGHT="40" HPOS="559" VPOS="3828" WIDTH="128" />
<SP HEIGHT="40" HPOS="688" VPOS="3828" WIDTH="57" />
<String CONTENT="22&#189;" CS="1" HEIGHT="40" HPOS="746" VPOS="3828" WIDTH="59" />
<String CONTENT="cm" HEIGHT="22" HPOS="834" STYLE="superscript" VPOS="3831" WIDTH="43" />
<String CONTENT="." HEIGHT="9" HPOS="882" VPOS="3861" WIDTH="9" />
</TextLine>
<TextLine CS="1" HEIGHT="55" HPOS="167" VPOS="3892" WIDTH="1981">
<String CONTENT="&#169;" HEIGHT="53" HPOS="167" VPOS="3892" WIDTH="52" />
<SP HEIGHT="53" HPOS="220" VPOS="3892" WIDTH="31" />
<String CONTENT="Sept." HEIGHT="47" HPOS="252" VPOS="3898" WIDTH="125" />
<SP HEIGHT="39" HPOS="378" VPOS="3898" WIDTH="29" />
<String CONTENT="16," HEIGHT="47" HPOS="408" VPOS="3898" WIDTH="68" />
<SP HEIGHT="46" HPOS="477" VPOS="3899" WIDTH="30" />
<String CONTENT="1935;" CS="1" HEIGHT="41" HPOS="508" VPOS="3897" WIDTH="116" />
<SP HEIGHT="46" HPOS="649" VPOS="3899" WIDTH="31" />
<String CONTENT="2c." HEIGHT="39" HPOS="681" VPOS="3899" WIDTH="67" />
<SP HEIGHT="29" HPOS="749" VPOS="3909" WIDTH="29" />
<String CONTENT="and" HEIGHT="38" HPOS="779" VPOS="3900" WIDTH="93" />
<SP HEIGHT="38" HPOS="873" VPOS="3900" WIDTH="30" />
<String CONTENT="aff." HEIGHT="39" HPOS="904" VPOS="3899" WIDTH="82" />
<SP HEIGHT="40" HPOS="987" VPOS="3899" WIDTH="34" />
<String CONTENT="Sept." HEIGHT="47" HPOS="1022" VPOS="3899" WIDTH="126" />
<SP HEIGHT="38" HPOS="1149" VPOS="3900" WIDTH="30" />
<String CONTENT="19;" CS="1" HEIGHT="40" HPOS="1180" VPOS="3897" WIDTH="58" />
<SP HEIGHT="45" HPOS="1261" VPOS="3899" WIDTH="33" />
<String CONTENT="A" HEIGHT="38" HPOS="1295" VPOS="3899" WIDTH="44" />
<SP HEIGHT="39" HPOS="1340" VPOS="3899" WIDTH="26" />
<String CONTENT="87712;" CS="1" HEIGHT="40" HPOS="1367" VPOS="3898" WIDTH="142" />
<SP HEIGHT="45" HPOS="1537" VPOS="3900" WIDTH="33" />
<String CONTENT="Harold" HEIGHT="39" HPOS="1571" VPOS="3900" WIDTH="188" />
<SP HEIGHT="39" HPOS="1760" VPOS="3900" WIDTH="29" />
<String CONTENT="N." HEIGHT="39" HPOS="1790" VPOS="3900" WIDTH="56" />
<SP HEIGHT="38" HPOS="1847" VPOS="3901" WIDTH="32" />
<String CONTENT="Moldenke," HEIGHT="48" HPOS="1880" VPOS="3899" WIDTH="268" />
</TextLine>
<TextLine CS="1" HEIGHT="104" HPOS="232" VPOS="3953" WIDTH="1321">
<String CONTENT="New" HEIGHT="40" HPOS="232" VPOS="3953" WIDTH="116" />
<SP HEIGHT="39" HPOS="349" VPOS="3954" WIDTH="24" />
<String CONTENT="York." HEIGHT="40" HPOS="374" VPOS="3954" WIDTH="144" />
<SP HEIGHT="29" HPOS="519" VPOS="3974" WIDTH="61" />
<String CONTENT="[Copyright" HEIGHT="49" HPOS="581" VPOS="3954" WIDTH="281" />
<SP HEIGHT="39" HPOS="863" VPOS="3956" WIDTH="19" />
<String CONTENT="is" HEIGHT="38" HPOS="883" VPOS="3956" WIDTH="41" />
<SP HEIGHT="29" HPOS="925" VPOS="3966" WIDTH="27" />
<String CONTENT="claimed" HEIGHT="40" HPOS="953" VPOS="3955" WIDTH="204" />
<SP HEIGHT="38" HPOS="1158" VPOS="3956" WIDTH="26" />
<String CONTENT="on" HEIGHT="29" HPOS="1185" VPOS="3965" WIDTH="61" />
<SP HEIGHT="39" HPOS="1247" VPOS="3955" WIDTH="24" />
<String CONTENT="biography]" HEIGHT="49" HPOS="1272" VPOS="3955" WIDTH="281" />
<SP />
<String CONTENT="(35-19712)" HEIGHT="48" HPOS="246" VPOS="4009" WIDTH="276" />
</TextLine>
</TextBlock>
</PrintSpace>
</Page>
</Layout>
</alto>