2424 4375
1054 4070 135 55 1487

135 541 101 68 ing
260 540 289 67 drawings
573 540 75 68 by
674 541 97 51 the
793 541 221 52 author.
1074 540 426 69 Philadelphia,
1526 541 258 68 London,
1811 542 57 53 J.
1896 543 67 52 B.

138 541 1964 144 Lippincott company [ c 1935]
206 690 84 41 xiv
319 702 57 37 p.,
408 691 25 39 1
484 722 24 17 l.,
537 690 173 41 15-292
738 701 43 38 p.
841 690 163 49 front.,
1034 690 143 49 illus.,
1207 692 171 47 plates,
1409 691 179 49 diagrs.
1648 691 55 40 21
1706 694 45 22 cm
1755 724 9 9 .

139 757 52 53 ©
220 761 125 48 Sept.
371 760 71 48 20,
467 760 140 48 1935;
633 760 66 41 2c.
727 762 98 39 and
848 760 80 41 aff.
958 761 100 40 Oct.
1084 762 55 46 4;
1166 762 40 38 A
1234 762 170 47 87458;
1432 762 54 40 A.
1514 763 57 39 X.
1597 763 132 45 Hall,
1758 762 265 44 Elmhurst,
2053 762 74 41 Ill.

207 817 282 50 [Copyright
517 817 40 40 is
589 817 204 40 claimed
824 827 58 30 on
912 818 308 47 corrections]
1293 817 278 48 (35-19845)

137 919 229 64 Hanna,
396 920 172 63 John,
600 925 171 49 1891-

211 994 1852 71 Cases and materials on bankruptcy, by John Hanna …
139 1071 267 69 Chicago,
434 1073 120 52 The
583 1073 365 54 Foundation
975 1092 173 49 press,
1176 1075 124 65 inc.,
1331 1079 150 51 1935.

206 1144 97 48 xvi,
335 1144 84 41 875
449 1155 43 38 p.
552 1143 56 40 25½
640 1147 45 22 cm
689 1177 10 10 .
768 1146 99 48 (On
896 1155 163 33 cover:
1088 1145 282 49 University
1400 1147 235 40 casebook
1665 1147 174 48 series)

207 1215 187 41 “Select
422 1214 336 50 bibliography
787 1226 62 30 on
879 1216 473 48 reorganizations”:
1385 1228 44 37 p.
1459 1216 217 42 765-768.

137 1283 52 53 ©
213 1288 127 47 Sept.
365 1287 39 47 6,
427 1286 113 41 1935;
593 1287 67 40 2c.
687 1287 101 40 Oct.
811 1287 82 47 24;
921 1287 82 40 aff.
1030 1287 101 40 Oct.
1156 1288 82 45 25;
1266 1289 41 37 A
1330 1287 170 47 87921;
1529 1288 308 40 Foundation
1862 1296 147 40 press,
2035 1288 91 41 inc.

214 1343 279 47 (35-19969)

206 1444 1855 70 Cases and materials on creditors’ rights, by John Hanna …
135 1523 71 52 2d
242 1522 83 52 ed.
401 1522 269 69 Chicago,
705 1525 121 51 The
861 1523 365 56 Foundation
1258 1542 175 49 press,
1467 1523 126 68 inc.,
1630 1528 152 50 1935.

206 1592 137 50 xxiii,
371 1594 117 41 1369
513 1605 43 36 p.
615 1594 58 41 25½
702 1597 46 22 cm
751 1626 10 10 .
831 1595 97 47 (On
956 1605 163 31 cover:
1147 1596 283 47 University
1457 1596 235 41 casebook
1720 1595 176 47 series)

209 1662 185 42 “Select
427 1663 339 49 bibliography
799 1675 60 30 on
893 1664 472 48 reorganizations”:
1400 1675 43 38 p.
1477 1664 276 41 1245-1248.

135 1732 52 52 ©
211 1736 127 48 Sept.
362 1737 39 46 6,
426 1735 115 42 1935;
592 1736 65 40 2c.
685 1737 101 40 Oct.
810 1735 82 48 24;
919 1735 82 41 aff.
1028 1736 102 40 Oct.
1153 1735 83 47 25;
1262 1737 42 37 A
1328 1734 170 48 87924;
1525 1734 310 41 Foundation
1860 1745 148 38 press,
2032 1735 91 41 inc.

213 1792 278 48 (35-19968)

136 1895 285 65 Harding,
445 1898 139 51 Mrs.
611 1895 236 54 Bertita
879 1895 321 66 (Leonarz)

201 1972 185 68 Royal
417 1973 232 65 purple;
682 1972 99 53 the
806 1976 158 63 story
993 1971 65 53 of
1084 1970 328 55 Alexander
1441 1971 113 52 and
1584 1970 198 68 Draga
1814 1971 65 53 of
1908 1968 217 70 Serbia,

131 2047 1992 148 by Bertita Harding … Indianapolis, New York, The Bobbs-Merrill company [c1935]
203 2199 641 50 5 p. l., 13-388 p. 20½ cm .
205 2269 160 41 “First
397 2268 225 42 edition.”

203 2325 375 49 Bibliography:
607 2336 43 38 p.
679 2324 101 42 388.

135 2392 52 52 ©
220 2396 100 40 Oct.
352 2396 69 41 23.
458 2395 113 40 1935;
633 2396 66 39 2c.
737 2395 100 41 Oct.
872 2395 83 46 26;
992 2395 79 39 aff.
1111 2395 100 40 Oct.
1247 2394 59 41 28;
1368 2396 40 38 A
1443 2394 143 41 87994;
1652 2395 367 40 Bobbs-Merrill
2054 2405 68 31 co.

211 2452 276 49 (35-20302)

135 2555 247 63 Harper,
409 2556 303 52 Theodore
737 2555 243 65 Acland,
1011 2560 171 51 1871-

201 2630 125 53 Red
368 2630 121 69 sky,
530 2630 75 69 by
649 2630 294 53 Theodore
985 2629 227 54 Acland
1255 2630 249 67 Harper.
1588 2630 137 53 New
1772 2630 180 68 York,
1999 2629 120 53 The

134 2707 215 69 Viking
379 2726 173 49 press,
582 2711 150 49 1935.

205 2779 99 49 viii,
331 2780 87 41 284
444 2790 44 38 p.
547 2779 148 40 front.
755 2780 56 39 21½
844 2781 43 22 cm
891 2812 9 9 .

203 2848 136 50 Maps
365 2861 60 30 on
453 2849 361 49 lining-papers.

136 2917 52 52 ©
217 2922 100 41 Oct.
345 2923 69 45 16,
444 2922 140 47 1935;
614 2922 68 41 2c.
711 2924 96 38 and
837 2923 81 40 aff.
951 2922 100 41 Oct.
1082 2924 55 38 17;
1195 2923 40 38 A
1266 2922 145 40 86840;
1468 2923 51 39 T.
1550 2923 55 40 A.
1637 2923 206 46 Harper,
1873 2920 249 49 Portland,

203 2979 76 40 Or.
350 2978 277 49 (35-19989)

137 3081 168 65 Hart,
332 3084 137 51 Mrs.
502 3082 306 53 Elizabeth
845 3082 422 66 (Dillingham)

201 3158 120 52 The
354 3157 260 53 husband
651 3157 65 53 of
750 3158 170 67 Mary
977 3157 94 69 [by]
1114 3156 300 53 Elizabeth
1451 3157 171 52 Hart.
1697 3155 425 69 Philadelphia,

134 3234 252 69 London,
412 3236 56 53 J.
498 3236 66 51 B.
594 3234 338 69 Lippincott
957 3253 280 49 company
1268 3267 14 34 [
1286 3241 17 21 c
1309 3238 132 49 1935
1448 3268 13 33 ]

204 3309 83 39 121
315 3320 43 38 p.
416 3310 56 39 21
475 3312 44 21 cm
525 3342 8 8 .

138 3373 52 52 ©
225 3379 124 48 Sept.
385 3379 68 48 25,
487 3379 140 47 1935;
665 3378 67 42 2c.
769 3381 95 39 and
899 3379 82 40 aff.
1020 3379 100 40 Oct.
1156 3379 54 46 4;
1248 3380 43 37 A
1326 3378 169 46 87460;
1535 3378 252 39 Elizabeth
1825 3377 142 47 Hart,
2005 3378 116 38 New

202 3435 141 40 York.
414 3436 256 47 (35-20300
679 3438 13 47 )

142 3538 376 66 [Henderson,
549 3541 204 52 James
781 3541 138 51 Max]

139 3614 1954 147 … 1935 supplement to volumes 1-4. Bancroft’s Probate practice … [San Francisco, Calif., Bancroft-Whitney co., c 1935]
202 3767 27 38 4
255 3778 39 27 v.
353 3765 53 42 23
411 3770 44 21 cm
459 3798 8 8 .

206 3828 155 41 These
387 3831 272 46 pamphlets
691 3840 84 32 are
804 3833 49 36 to
881 3830 60 39 be
969 3828 139 40 fitted
1137 3828 106 39 into
1272 3828 81 39 the
1380 3827 196 48 pockets
1608 3830 51 36 at
1690 3828 81 38 the
1802 3827 122 38 back
1955 3826 54 40 of
2038 3828 82 40 the

136 3885 210 41 volumes
372 3887 50 39 of
447 3888 81 38 the
550 3888 77 38 set
653 3890 52 36 to
727 3886 158 39 which
913 3886 115 46 they
1053 3885 183 46 belong.

140 3950 52 52 ©
221 3955 98 41 Oct.
352 3957 68 46 30,
451 3956 115 41 1935;
625 3956 67 40 2c.
725 3957 117 39 each
874 3957 95 38 and
1001 3955 81 40 aff.
1116 3955 116 38 Nov.
1266 3955 53 44 4;
1355 3953 40 39 A
1428 3953 144 40 89187;
1632 3950 487 48 Bancroft-Whitney

206 4022 65 29 co.
