2424 4375
1090 4110 131 50 1347

234 561 1917 55 lvi, 412 p. incl. facsim., diagr. front. (port.) 18½cm. (Half-title:
166 619 466 48 Doubleday-Doran
660 621 148 42 series
836 624 45 37 in
911 622 283 47 literature;
1224 624 54 40 It.
1307 622 189 48 Shafer,
1524 624 194 48 general
1744 623 181 50 editor)

232 691 132 40 With
394 689 239 43 facsimile
664 692 337 48 reproduction
1033 693 51 40 of
1112 694 112 39 1674
1255 694 263 48 title-page.

234 746 1915 46 “The basis of the text … in this volume is the second edition of the
160 806 1457 50 poem, which was issued … in 1674.”—Introd., p. xliv.
232 862 159 41 “First
428 862 226 41 edition.”

232 918 373 50 Bibliography:
643 932 43 37 p.
725 919 184 42 liii-lvi.

164 986 1987 53 © Aug. 16, 1935; 2c. and aff. Aug. 24; A 85027: Dotibleday, Doran & co.,
234 1048 88 38 ino.
388 1047 278 48 [Copyright
691 1047 41 38 is
757 1047 201 39 claimed
984 1058 58 27 on
1069 1048 306 47 chronology,
1400 1046 348 49 bibliography,
1776 1048 196 46 lengthy
2000 1052 150 46 notes]

244 1104 278 48 (35-17524)

163 1207 338 65 Moinester,
527 1208 180 53 Jacob
737 1208 81 65 L.,
849 1226 177 47 comp.

232 1286 264 52 Tractate
544 1286 211 51 Betzah
797 1284 63 52 of
900 1286 92 50 the
1039 1284 354 67 Babylonian
1435 1285 265 64 Talmud,
1744 1286 136 51 with
1925 1285 93 52 the

165 1302 1961 128 expository
460 1369 154 46 notes
658 1363 61 52 of
764 1363 193 57 Kashi,
1000 1364 92 51 the
1135 1364 334 66 Tosaphists
1514 1364 111 52 and
1672 1364 161 52 other
1875 1364 273 53 standard

162 1442 442 55 commentaries,
636 1448 57 46 to
727 1441 180 51 which
945 1459 91 33 are
1071 1441 181 52 added
1288 1449 255 59 excerpts
1576 1441 150 52 from
1761 1442 92 52 the
1885 1442 264 52 Mishneh

162 1520 189 50 Torah
389 1519 71 65 by
497 1537 102 35 our
635 1526 206 45 master
878 1521 183 50 Moses
1094 1537 97 33 son
1231 1519 61 51 of
1327 1519 256 53 Maimon
1616 1520 334 65 (Rambam)

161 1521 1967 142 bearing
306 1616 150 47 upon
500 1596 93 51 the
641 1596 304 66 respective
990 1614 262 49 passages
1293 1597 62 52 of
1398 1598 93 50 the
1534 1598 263 51 Talmud.
1877 1598 138 52 Also
2057 1599 94 50 the

163 1673 216 54 critical
420 1673 249 53 remarks
707 1673 62 52 of
806 1674 181 52 Rabbi
1026 1674 290 51 Abraham
1354 1674 102 52 ben
1496 1673 187 54 David
1721 1675 62 51 of
1821 1676 329 66 Posquieres

174 1752 256 65 (Rabad)
517 1750 297 68 Compiled
845 1752 109 51 and
986 1751 185 53 edited
1203 1752 75 66 by
1307 1752 184 52 Rabbi
1522 1753 179 52 Jacob
1733 1754 61 51 L.
1830 1755 320 52 Moinester.

168 1828 1578 69 Brooklyn. N. Y., Moinester publishing co. [ c 1934]
235 1904 22 37 l
289 1914 41 28 v.
386 1903 55 39 35c
491 1905 25 20 m
521 1933 9 9 .

234 1972 206 40 Various
473 1972 212 48 pagings.

235 2030 164 38 Added
429 2033 95 43 t.-p.
555 2030 94 38 and
678 2032 102 37 text
809 2028 47 39 in
886 2028 221 40 Hebrew.

165 2095 52 53 ©
251 2100 115 47 July
398 2100 70 43 30,
502 2098 110 41 1934;
675 2100 67 39 2c.
775 2100 117 45 Aug.
927 2099 80 40 13:
1043 2098 81 40 aff.
1159 2100 120 44 Aug.
1314 2099 80 40 15:
1431 2100 38 37 A
1504 2098 170 42 73902:
1710 2099 45 40 J.
1790 2099 50 40 L.
1877 2099 275 47 Moinester,

239 2157 257 46 Brooklyn.

164 2261 214 64 Moore,
407 2259 163 53 Ellen
600 2259 277 63 Whitley,
904 2260 83 52 ed.
1016 2260 114 52 and
1160 2265 68 47 tr.

290 2336 452 68 Neo-Babylonian
801 2334 250 54 business
1111 2335 111 53 and
1280 2334 456 54 administrative
1794 2336 354 52 documents:

169 2414 133 54 with
341 2413 468 69 transliteration,
843 2413 342 55 translation
1222 2415 111 52 and
1370 2421 176 59 notes,
1581 2414 73 66 by
1692 2413 164 52 Ellen
1899 2414 253 68 Whitley

166 2491 209 53 Moore.
446 2492 136 52 Ann
616 2490 207 64 Arbor,
858 2491 335 63 University
1226 2490 64 53 of
1326 2491 294 63 Michigan
1658 2508 172 46 press,
1867 2494 149 50 1935.

233 2573 76 39 xv,
341 2566 70 48 [1],
439 2563 86 41 396
551 2574 44 39 p.
654 2562 56 42 28
713 2565 42 22 cm
761 2596 9 8 .

234 2620 408 50 “Lithoprinted.”

235 2678 67 37 “A
326 2677 391 41 transliteration
742 2678 94 39 and
862 2687 27 30 a
914 2676 294 41 translation
1233 2677 51 40 of
1307 2677 176 40 tablets
1509 2676 253 49 belonging
1786 2680 48 37 to
1860 2678 80 40 the
1968 2677 184 41 Louvre

164 2734 251 40 collection
452 2734 156 39 which
648 2734 122 40 have
808 2734 114 39 been
961 2734 166 47 copied
1167 2734 94 38 and
1299 2733 254 48 published
1594 2733 59 47 by
1694 2733 52 39 G.
1787 2732 277 42 Conteneau
2103 2734 46 38 in

166 2790 212 41 volumes
406 2800 73 30 xii
507 2791 94 39 and
629 2800 94 30 xm
752 2790 52 41 of
833 2790 187 40 Textes
1050 2789 351 47 cunéiformes’,
1431 2788 164 42 Musée
1625 2790 62 39 du
1723 2789 198 47 Louvre,
165 2790 1969 98 Department
337 2849 82 39 des
463 2846 266 49 antiquités
773 2847 274 45 orientales,
1093 2846 152 41 under
1287 2847 82 40 the
1412 2845 106 41 title
1565 2844 243 42 ‘Contrats
1853 2847 296 46 neo-babylo-

165 2904 384 41 niens’.”—Pref.

236 2960 398 41 “Abbreviations
664 2960 51 41 of
740 2960 157 40 works
925 2959 156 41 cited”:
1138 2971 42 37 p.
1207 2959 191 40 xiv-xv.

167 3029 52 53 ©
246 3033 126 47 Sept.
399 3034 67 43 17,
494 3030 110 40 1935;
659 3031 66 40 2c.
753 3031 93 38 and
872 3030 82 39 aff.
982 3031 127 46 Sept.
1134 3030 82 40 26:
1245 3031 38 37 A
1309 3029 170 42 86469:
1509 3029 280 47 University
1816 3029 52 40 of
1897 3028 255 49 Michigan,

240 3091 105 37 Ann
376 3090 167 47 Arbor,
573 3088 140 39 Mich.
785 3087 277 47 (35-28247)

166 3192 264 63 Morgan,
460 3192 199 62 Harry
688 3190 273 55 Thomas.

234 3266 118 52 The
390 3266 105 54 life
530 3265 62 53 of
626 3265 201 69 Henry
865 3265 197 67 Bruce,
1098 3264 73 69 by
1208 3266 74 51 H.
1318 3264 66 53 T.
1421 3264 258 67 Morgan.
1760 3259 238 71 [Peoria,
2037 3260 110 69 Ill.]

170 3345 146 50 1934.

236 3415 134 47 xviii,
404 3414 85 41 186
519 3424 43 37 p.
620 3413 164 47 front.,
816 3414 167 47 plates,
1019 3416 161 46 ports.,
1216 3414 171 40 double
1420 3414 188 39 facsim.
1669 3413 53 38 24
1727 3413 42 22 cm
1776 3444 9 8 .

239 3471 143 40 Short
411 3471 300 47 genealogies
740 3470 51 40 of
819 3472 81 39 the
927 3472 169 45 Bruce,
1125 3471 201 46 Morgan
1357 3470 92 39 and
1482 3469 181 42 Collins
1692 3469 214 40 families;
1967 3480 41 37 p.
168 3468 1986 100 169-186.

170 3596 52 53 ©
247 3602 115 44 Aug.
391 3601 66 45 15,
486 3600 138 45 1934;
652 3600 67 39 2c.
746 3600 126 46 Sept.
897 3599 40 45 3,
964 3598 139 45 1935;
1130 3598 82 39 aff.
1241 3598 127 48 Sept.
1395 3598 80 41 16;
1506 3599 37 37 A
1571 3596 138 41 86351;
1771 3598 60 39 H.
1856 3598 54 38 T.
1938 3598 215 45 Morgan,

242 3656 184 47 Peoria,
460 3658 73 37 Ill.
603 3656 278 47 (35-17505)

170 3758 214 65 Myers,
411 3759 299 52 Theodore
740 3758 323 63 Raymond,
1096 3762 166 49 1898-

237 3833 401 68 Intra-family
676 3831 401 69 relationships
1114 3833 108 51 and
1265 3829 162 70 pupil
1467 3830 375 67 adjustment;
1884 3828 93 55 the

171 3828 1958 135 relation
318 3912 247 51 between
597 3910 213 54 certain
841 3910 236 54 selected
1109 3909 212 53 factors
1351 3909 63 52 of
1445 3909 95 53 the
1569 3908 160 54 home
1761 3909 389 53 environment

169 3986 63 54 of
271 3987 403 68 junior-senior
716 3987 140 68 high
896 3987 190 54 school
1129 3985 192 69 pupils
1360 3986 112 53 and
1513 3985 94 54 the
1650 3985 352 64 adjustment
2041 3983 109 54 and
