2424 4375
1054 4084 133 46 1335

125 543 1964 147 formation about the pictorial map by this name … [Rochester, N. Y.] Rochester museum of arts and sciences, 1935.
193 692 742 49 1 p. l., 5-35 p. illus. 20 cm .
194 749 72 42 On
315 760 166 30 cover:
530 750 243 47 Prepared
818 750 61 47 by
924 749 187 40 Arthur
1158 749 49 41 C.
1255 749 199 48 Parker,
1502 749 444 48 historiographer;
1996 751 115 41 Mrs.

124 806 185 40 Walter
343 805 255 49 Henricks,
634 804 372 49 cartographer;
1047 805 181 41 Robert
1266 805 279 48 Gribbroek,
1584 806 160 40 artist.

195 862 234 41 “Notable
456 863 175 39 Indian
658 861 221 42 names”:
908 873 44 38 p.
979 862 156 41 32-33.

195 919 188 40 “Books
413 920 146 40 about
587 920 117 39 New
732 918 131 41 York
891 917 257 42 Indians”:
1180 930 43 37 p.
1253 917 69 42 31.

127 975 53 54 ©
211 980 116 47 July
357 979 69 48 12,
458 978 140 47 1935;
631 978 67 41 2c.
731 980 96 38 and
859 978 79 39 aff.
973 977 115 48 July
1121 977 82 47 19;
1237 978 42 39 A
1310 977 170 47 85101;
1516 978 266 39 Rochester
1813 986 218 31 museum
2063 977 53 40 of

196 1040 104 37 arts
327 1035 95 41 and
449 1034 224 42 sciences.
743 1034 278 48 (35-18223)

127 1139 175 65 Rath,
330 1139 289 64 Virginia.

195 1214 1919 69 Death at Dayton’s folly, by Virginia Rath … Garden City,
187 1338 9 11 N.
233 1297 92 64 Y.,
354 1295 142 53 Pub.
531 1294 95 52 for
657 1294 95 52 the
787 1294 189 54 Crime
1008 1293 145 66 club,
1184 1295 127 64 inc.,
1343 1294 74 66 by
1451 1292 356 68 Doubleday,
1839 1295 199 52 Doran
2071 1298 45 49 &

127 1391 296 49 company,
450 1373 126 65 inc.,
608 1375 149 50 1935.

198 1431 520 62 6 p. l., 304 p. 20cm.
198 1502 161 40 “First
389 1500 225 42 edition.”

129 1554 53 54 ©
213 1559 126 48 Sept.
369 1558 69 47 20,
468 1557 140 46 1935;
639 1558 67 39 2c.
736 1558 95 39 and
861 1556 80 40 aff.
974 1556 101 40 Oct.
1105 1557 82 45 10;
1219 1557 41 38 A
1290 1555 169 48 86649;
1491 1557 54 39 V.
1576 1557 54 39 A.
1662 1557 145 46 Rath,
1842 1558 96 39 San
199 1558 1900 97 Francisco.
410 1613 278 49 (35-18570)

128 1716 209 64 Rippy,
363 1717 202 53 James
592 1717 170 58 Fred,
790 1721 169 50 1892-

196 1792 129 56 Joel
369 1793 66 52 R.
484 1791 274 67 Poinsett,
804 1790 262 55 versatile
1112 1790 321 67 American,
1480 1791 74 68 by
1601 1790 54 54 J.
1705 1791 150 52 Fred
1903 1790 212 69 Rippy.

131 1869 275 66 Durham,
436 1869 68 52 N.
538 1868 81 68 C.,
650 1868 166 54 Duke
843 1867 314 67 university
1190 1885 172 50 press,
1396 1870 149 52 1935.

196 1941 84 48 xii,
309 1939 86 42 257
425 1952 43 37 p.
527 1939 163 49 front.,
722 1941 169 48 plates,
924 1943 147 45 ports.
1131 1939 144 41 23½cm.
1346 1941 298 49 (Half-title:
1676 1941 140 40 Duke
1848 1942 267 46 university

128 1997 348 49 publications)

198 2055 129 40 “The
359 2054 240 49 principal
631 2053 252 48 published
918 2053 222 50 writings
1175 2052 51 41 of
1258 2052 277 41 Poinsett”:
1570 2065 43 37 p.
1648 2054 113 48 245;
130 2054 1968 98 bibliographical
252 2110 203 41 “Notes”
485 2112 53 39 at
565 2111 90 39 end
683 2108 52 41 of
762 2109 118 41 each
908 2109 214 48 chapter.

134 2167 53 54 ©
215 2171 127 48 Sept.
369 2171 71 47 30,
466 2169 140 48 1935;
637 2170 65 39 2c.
733 2170 95 39 and
855 2168 81 40 aff.
966 2168 103 40 Oct.
1096 2168 53 47 2;
1180 2169 41 38 A
1249 2168 170 47 87401;
1451 2169 142 40 Duke
1620 2169 128 41 univ.
1777 2180 150 39 press.

211 2226 277 50 (35-18229)

134 2317 269 64 Roberts,
432 2316 181 54 Edith
642 2314 299 65 Adelaide,
973 2320 171 50 1881-

199 2392 308 55 American
557 2392 185 61 ferns;
794 2392 127 52 how
968 2397 59 48 to
1077 2390 185 68 know,
1312 2408 158 49 grow
1520 2392 113 52 and
1680 2410 98 36 use
1824 2392 173 62 them,
2044 2395 71 67 by

132 2471 179 55 Edith
350 2471 71 53 A.
461 2470 241 53 Roberts
743 2470 112 52 and
894 2469 161 54 Julia
1096 2468 67 54 R.
1205 2469 318 54 Lawrence.
1656 2488 82 34 New
1780 2470 179 70 York,
2000 2473 120 52 The

130 2549 332 54 Macmillan
489 2564 296 52 company,
817 2550 148 49 1935.

202 2623 88 41 viii
314 2634 58 38 p.,
401 2623 26 39 1
478 2652 22 17 l.,
530 2621 58 41 98
614 2633 44 37 p.
717 2620 128 41 illus.
904 2620 55 39 24
962 2622 45 22 cm
1010 2651 9 9 .

135 2676 53 53 ©
214 2680 101 40 Oct.
342 2681 40 46 1,
408 2679 115 40 1935;
575 2678 67 40 2c.
671 2679 94 39 and
793 2677 79 40 aff.
902 2677 100 40 Oct.
1030 2676 53 47 2;
1112 2676 42 39 A
1180 2676 169 47 87407;
1381 2677 280 40 Macmillan
1689 2688 67 30 co.

213 2734 278 50 (35-18212)

138 2826 143 65 Rud,
309 2824 286 63 Anthony
622 2825 97 62 M.,
751 2826 170 49 1893-

205 2898 1915 71 The stuffed men, by Anthony Rud … New York, The
138 2980 299 66 Macaulay
466 2997 278 48 company
779 3011 12 33 [
793 2984 21 21 c
819 2980 130 49 1935
956 3010 13 33 ]

209 3036 640 63 4 p. l., 11-250 p. 19½ cm .
143 3104 50 54 ©
218 3109 126 48 Sept.
370 3109 38 46 6,
434 3108 139 45 1935;
601 3106 67 40 2c.
695 3106 100 40 Oct.
823 3105 80 46 12;
932 3104 82 40 aff.
1041 3104 102 40 Oct.
1169 3105 82 46 11;
1280 3104 43 39 A
1344 3104 169 48 87636;
1542 3105 53 40 A.
1624 3106 123 49 Rud,
1776 3106 193 41 Garden
1997 3110 123 49 City,

208 3166 55 39 N.
294 3166 52 39 Y.
417 3163 278 48 (35-18569)

142 3252 296 65 Schendel,
468 3252 233 52 Arthur
729 3267 132 47 van,
894 3249 172 53 187T-

209 3331 120 52 The
361 3330 284 55 ‘Johanna
683 3326 222 66 Maria’,
942 3327 74 65 by
1052 3326 224 52 Arthur
1313 3345 112 34 van
1462 3327 305 69 Schendel;
1806 3334 315 52 translated

144 3407 148 54 from
320 3408 97 51 the
441 3406 193 54 Dutch
662 3406 75 65 by
766 3404 181 53 Brian
974 3405 89 53 W.
1095 3405 229 64 Downs,
1355 3403 139 52 with
1525 3422 72 34 an
1626 3407 390 56 introduction
2047 3412 73 67 by

146 3483 91 55 Sir
264 3485 223 52 Arthur
517 3480 458 65 Quiller-Couch.
1100 3500 81 34 New
1213 3481 178 66 York,
1419 3483 343 68 Longmans,
1793 3486 183 55 Green
2009 3491 111 51 and

144 3580 94 48 co.,
264 3566 147 49 1935.

210 3634 82 41 223
323 3646 42 36 p.
423 3633 112 40 19cm.

214 3691 158 40 “First
399 3687 228 42 edition.”

148 3742 50 53 ©
230 3747 98 40 Oct.
360 3746 39 46 2,
433 3744 139 47 1935;
605 3743 67 40 2c.
705 3743 95 39 and
832 3741 81 40 aff.
948 3740 100 41 Oct.
1082 3742 82 45 11;
1198 3741 44 39 A
1272 3741 169 47 87616;
1477 3742 286 53 Longmans,
1799 3748 154 41 Green
1987 3752 36 39 &
2054 3763 68 30 co.

226 3801 275 48 (35-18567)

147 3889 338 64 Schuchert,
515 3886 261 62 Charles,
807 3890 168 50 1858-

209 3964 311 55 Historical
547 3962 239 69 geology
814 3960 63 54 of
903 3961 95 52 the
1023 3957 647 59 Antillean-Caribbean
1696 3965 214 72 region,
1938 3987 64 36 or
2027 3973 94 53 the
