2424 4375
1142 4038 98 50 921

250 501 71 39 xii
347 511 56 36 p.,
430 501 25 37 1
482 502 43 45 L,
549 500 87 40 527
659 510 42 37 p.
727 500 108 42 incl.
862 500 141 45 illus.,
1031 499 168 47 diagr.,
1225 499 165 39 forms.
1450 497 56 39 21
1510 499 44 22 cm
1559 530 8 8 .

182 568 52 52 ©
262 573 125 38 June
414 571 39 45 1,
483 569 139 48 1935;
654 569 67 40 2c.
751 571 95 38 and
874 580 27 29 a
906 570 50 39 if.
983 571 129 38 June
1136 570 52 46 6;
1218 571 40 37 A
1286 569 169 47 83504;
1487 570 193 47 Harper
1708 569 38 40 &
1772 569 124 39 bros.

259 626 248 49 (35-8426)

179 731 221 62 Hovey,
434 729 274 63 Richard,
743 735 322 50 1864-1900.

255 806 56 52 A
354 825 162 50 poem
559 809 46 50 &
647 807 161 53 three
848 807 197 54 letters
1092 806 109 69 [by]
1246 805 256 54 Richard
1543 805 222 69 Hovey.
1863 805 307 67 [Hanover,

188 886 68 51 N.
283 885 95 66 H.]
409 884 189 53 Baker
622 884 219 68 library
866 903 174 50 press,
1069 888 148 49 1935.

258 959 82 48 [14]
375 969 43 37 p.
476 958 56 38 21
535 960 44 20 cm
585 990 9 8 .

255 1029 128 40 “One
421 1028 221 40 hundred
682 1029 95 39 and
817 1028 295 48 twenty-five
1149 1027 158 49 copies
1349 1028 50 40 of
1439 1028 98 40 this
1577 1027 250 45 brochure,
1867 1037 58 28 on
1967 1026 202 48 Worthy

186 1083 1932 50 hand & arrows paper … printed by the Daniel Oliver associates …
185 1142 116 39 This
328 1142 40 40 is
397 1152 117 38 copy
537 1142 203 40 number
765 1141 98 42 56.”

183 1208 51 53 ©
259 1213 125 38 June
411 1213 68 45 17,
506 1212 139 46 1935;
674 1212 67 40 2c.
768 1213 95 38 and
888 1212 82 39 aff.
998 1213 116 46 July
1138 1213 25 38 3;
1222 1212 39 38 A
1290 1211 143 40 84525;
1493 1209 177 40 Daniel
1699 1210 162 40 Oliver
1890 1207 281 49 associates,

253 1270 240 46 Hanover,
520 1270 55 38 N.
602 1270 60 39 H.
733 1268 249 48 (35-9576)

187 1372 258 64 Hughes,
476 1373 129 62 Ray
637 1372 250 64 Osgood,
921 1373 168 53 1879-

254 1445 1915 71 Building citizenship, by R. O. Hughes … Boston, New
190 1526 155 53 York
380 1529 136 63 [etc.]
552 1525 182 68 Allyn
764 1526 111 52 and
906 1526 194 51 Bacon
1137 1558 13 33 [
1154 1532 19 21 c
1178 1527 151 63 1935]

254 1611 110 34 xxv,
393 1599 98 47 709,
518 1598 59 42 39
600 1610 43 36 p.
702 1598 164 48 front.,
893 1599 142 46 illus.,
1065 1598 178 47 diagrs.
1303 1597 56 40 20½cm.

256 1667 260 40 Published
548 1670 102 37 also
682 1667 50 39 in
762 1670 95 37 two
888 1668 228 39 volumes,
1177 1667 61 47 cf.
1270 1667 273 39 Foreword.

258 1725 194 40 “Places
479 1725 82 39 for
586 1724 197 40 further
809 1722 346 41 information”
1184 1726 51 38 at
1263 1724 91 39 end
1383 1723 50 39 of
1462 1723 118 39 each
1607 1723 212 47 chapter.

185 1792 52 52 ©
263 1796 127 38 June
416 1797 37 43 7,
483 1794 139 47 1935;
652 1795 67 39 2c.
750 1796 125 38 June
902 1794 81 47 25;
1015 1794 81 40 aff.
1123 1795 129 38 June
1275 1793 82 47 22;
1386 1794 42 38 A
1453 1794 170 46 84413;
1654 1795 146 46 Allyn
1826 1794 37 39 &
1890 1795 176 37 Bacon.

257 1851 277 51 [Copyright
557 1853 44 38 is
624 1852 204 39 claimed
854 1861 60 30 on
938 1850 251 49 revisions]
1262 1850 250 48 (35-9417)

185 1954 182 63 Ickes,
396 1955 219 51 Harold
644 1955 84 51 Le
755 1953 207 64 Claire,
993 1956 171 53 1874-

254 2028 1856 70 Back to work; the story of PWA, by Harold L. Ickes …
182 2106 134 52 New
343 2107 178 65 York,
545 2108 122 51 The
691 2107 333 52 Macmillan
1049 2124 298 50 company,
1375 2109 151 50 1935.

256 2178 1407 50 ix p., 3 l., 276 p. front., plates, double map. 20½ cm .
188 2248 52 52 ©
265 2253 125 38 June
411 2251 69 48 25,
507 2251 139 46 1935;
672 2251 66 40 2c.
765 2253 126 38 June
913 2251 83 47 26;
1023 2252 82 39 aff.
1133 2252 126 39 June
1283 2251 83 47 27;
1394 2252 42 38 A
1460 2250 169 48 83792;
1660 2253 61 38 H.
1748 2252 51 39 L.
1830 2252 151 47 Ickes,
255 2251 1905 105 Washington.
509 2307 250 49 (35-9429)

189 2408 281 54 Institute
519 2409 63 51 of
630 2408 192 65 public
870 2409 227 64 affairs,
1146 2410 290 53 Southern
1482 2410 314 53 Methodist
1842 2411 335 65 university,

255 2486 214 53 Dallas.
543 2489 74 51 2d
651 2488 344 66 conference,
1029 2491 148 49 1935.

190 2561 1985 149 The cotton crisis; proceedings of second conference, Institute of public affairs, edited by S. D. Myres, jr. … Southern
185 2715 311 54 Methodist
521 2717 334 67 university,
880 2718 220 65 Dallas,
1126 2718 201 66 Texas,
1354 2717 263 68 January
1645 2721 65 48 31
1741 2719 113 51 and
1882 2719 295 66 February

191 2797 48 63 1,
267 2797 148 50 1935.
488 2794 234 67 [Dallas,
751 2794 153 66 Tex.,
932 2794 124 52 The
1081 2792 225 70 George
1332 2794 67 52 F.
1430 2795 112 52 and
1575 2793 121 55 Ora
1726 2794 193 53 Nixon
1950 2794 222 52 Arnold

190 2869 356 68 foundation,
573 2869 285 55 Southern
883 2871 315 52 Methodist
1222 2870 333 70 university,
1587 2874 151 64 1935]

255 2954 43 36 x,
327 2944 85 39 202
440 2954 42 37 p.
543 2944 177 46 diagrs.
779 2942 57 39 24
839 2945 42 22 cm
886 2975 8 7 .

193 3010 1986 53 © Mar. 28, 1935; 1c. Apr. 4; 1c. Apr. 6; aff. Apr. 2; A 82414; George F.
261 3073 94 38 and
383 3071 94 40 Ora
507 3071 159 38 Nixon
693 3071 182 38 Arnold
903 3069 306 47 foundation,
1238 3070 185 39 Dallas.
1493 3070 250 48 (35-9427)

225 3173 820 63 Irwin-Harrisons-Whitney,
1075 3173 110 54 inc.

267 3253 118 50 The
411 3270 259 34 romance
695 3251 63 52 of
783 3256 106 60 tea,
914 3251 297 66 presented
1235 3251 74 67 by
1335 3271 31 33 a
1391 3251 353 53 world-wide

1770 3258 90 47 tea
197 3256 1958 126 organization.
399 3329 267 66 Chicago,
695 3328 837 68 Irwin-Harrisons-Whitney,
1560 3330 108 51 inc.
1702 3363 192 34 [c1934]

265 3403 95 47 119,
393 3404 55 47 [1]
477 3414 42 36 p.
577 3402 142 46 illus.,
748 3412 148 36 maps.
954 3401 55 39 19½cm.

194 3469 52 52 ©
268 3474 115 38 Nov.
407 3471 204 47 27,1934;
661 3470 67 40 2c.
754 3471 94 38 and
872 3469 81 40 aff.
976 3470 116 39 Nov.
1116 3469 55 40 30;
1222 3470 42 38 A
1284 3470 169 46 77361;
1481 3468 700 57 Irwin-Harrisons-Whitney,

266 3530 87 39 inc.

223 3631 141 62 Isely,
393 3632 136 49 Mrs.
560 3628 156 52 Elise
748 3627 303 65 (Dubach)
1089 3632 171 48 1842-

271 3705 330 53 Sunbonnet
633 3704 156 67 days,
820 3702 75 68 by
928 3701 159 53 Elise
1114 3700 242 53 Dubach
1386 3701 173 69 Isely,
1592 3720 59 35 as
1681 3704 123 53 told
1838 3711 58 47 to
1929 3707 103 53 her
2063 3726 118 49 son,

202 3784 148 49 Bliss
382 3783 167 64 Isely.
622 3780 295 66 Caldwell,
945 3778 112 67 Id.,
1087 3779 124 51 The
1244 3778 223 52 Caxton
1499 3779 266 69 printers,
1799 3783 122 67 ltd.,
1958 3787 150 49 1935.

269 3857 86 38 226
379 3866 42 37 p.
476 3854 163 45 front.,
667 3853 171 48 plates,
866 3854 162 45 ports.,
1057 3850 214 41 facsims.
1327 3849 57 40 19½
1416 3852 44 22 cm
1463 3883 9 8 .

201 3923 52 52 ©
275 3927 126 38 June
423 3925 38 45 1,
486 3922 139 46 1935;
651 3921 67 40 2c.
745 3921 95 39 and
863 3919 81 41 aff.
970 3920 116 46 July
1108 3919 52 46 8;
1187 3919 42 38 A
1252 3918 169 48 83934;
1450 3920 188 40 Caxton
1661 3922 225 51 printers,
1912 3928 84 39 ltd.

277 3979 247 50 (35-9469)
