2424 4375
1247 4081 98 49 548

367 531 1919 50 vi, 336 p., 1 l., 311-418 p. col. front., illus. (incl. maps) diagrs. 25 ½ cm .
368 588 130 40 “The
521 589 276 47 geography
821 588 52 41 of
893 589 117 40 New
1034 588 131 40 York
1190 588 155 40 state”;
1405 598 41 38 p.
1479 586 245 51 [309]-418.

301 642 52 53 ©
382 647 115 47 July
523 646 71 47 20,
622 646 139 48 1934;
792 647 66 40 2c.
888 647 95 39 and
1010 646 81 40 aff.
1123 647 115 39 Nov.
1268 646 82 43 22;
1381 648 40 37 A
1450 647 169 46 77380;
1652 648 126 38 John
1811 646 48 41 C.
1890 645 221 42 Winston
2141 657 66 30 co.

372 703 281 51 [Copyright
675 704 44 40 is
739 703 203 41 claimed
966 715 60 29 on
1051 703 234 40 revisions
1311 705 95 38 and
1431 703 261 50 additions]
1764 703 250 48 (35-6251)

301 807 244 65 Snyder,
579 808 177 53 Louis
789 809 133 62 Leo,
958 809 171 55 1907-

370 885 172 52 From
578 883 298 54 Bismarck
907 892 57 45 to
998 883 223 68 Hitler;
1258 885 96 52 the
1385 884 367 68 background
1787 884 64 55 of
1883 884 234 52 modern
298 884 1967 131 German

464 960 1827 70 nationalism, by Louis L. Snyder … Williamsport, Pa.,
299 1040 795 67 The Bayard press [ c 1935]
370 1112 691 49 xiv p., 1 l., 164 p. 23½ cm .
645 1168 1644 50 CONTENTS. — pt. I. The apostles. — pt. II. The forces. — Bibliography
309 1225 67 49 (p.
410 1226 227 49 158-164)

299 1279 53 52 ©
376 1285 121 38 Mar.
522 1284 69 47 18,
616 1282 114 41 1935;
782 1283 66 40 2c.
873 1284 95 39 and
994 1283 81 40 aff.
1102 1284 120 39 Mar.
1249 1283 82 46 25;
1359 1285 41 38 A
1426 1283 168 47 82120;
1624 1285 48 37 L,
1700 1285 49 38 L,
1780 1284 198 48 Snyder,
2004 1285 116 38 New
2146 1285 142 38 York.

379 1340 249 49 (35-6207)

299 1440 264 67 Stearns,
721 1486 10 9 Mrs.
762 1443 203 54 Norah
999 1444 277 65 (Dowell)
1317 1450 170 49 1891-

377 1519 85 50 An
501 1520 186 52 island
723 1520 47 51 is
806 1519 169 66 born;
1017 1518 166 54 Oahu
1221 1538 156 34 roars
1415 1538 76 49 up
1530 1518 150 55 from
1718 1519 96 53 the
1850 1518 138 69 deep
2026 1525 57 47 to
2122 1517 168 56 claim

306 1597 70 50 its
406 1597 157 67 place
593 1596 60 50 in
684 1597 95 51 the
808 1596 305 53 Hawaiian
1145 1615 182 49 group
1360 1598 64 52 of
1455 1598 298 66 Polynesia;
1821 1614 31 33 a
1884 1604 154 61 story
2069 1596 64 52 of
306 1614 1960 126 geological

559 1673 234 69 genesis,
843 1674 71 66 by
969 1673 190 52 Norah
1216 1674 69 52 D.
1340 1673 248 54 Stearns.
1679 1673 313 68 Honolulu,
2042 1673 249 67 Hawaii,

308 1750 288 53 Honolulu
626 1751 378 53 star-bulletin
1035 1769 294 51 compare,
1357 1752 121 68 ltd.,
1510 1754 148 50 1935.

375 1822 70 48 [1],
473 1822 143 46 iv-ix,
645 1822 71 49 [1],
742 1823 85 39 115
851 1833 41 37 p.
954 1824 141 47 illus.,
1121 1825 178 45 diagrs.
1360 1823 55 41 23
1418 1826 42 21 cm
1467 1857 8 9 .

374 1879 138 47 Maps
540 1890 60 28 on
627 1879 360 48 lining-papers.

373 1936 130 40 “The
529 1937 226 47 chapters
786 1937 51 39 of
867 1937 96 40 this
990 1938 122 38 book
1142 1947 125 30 were
1300 1938 193 40 written
1522 1938 78 40 for
1632 1940 82 39 the
1742 1939 246 40 Honolulu
305 1939 1967 93 star-bulletin
422 1993 95 40 and
565 1994 242 47 appeared

854 1994 195 48 serially
1099 1995 47 37 in
1194 1995 82 39 the
1324 1995 244 47 Saturday
1613 1995 195 41 feature
1855 1998 180 37 section
2083 1995 52 40 of
2181 1996 110 39 that

305 2049 435 48 paper.”—Introd.

301 2107 53 52 ©
380 2111 110 47 Apr.
515 2111 68 46 13,
609 2110 114 40 1935;
776 2109 67 40 2c.
869 2111 93 38 and
989 2109 81 39 aff.
1097 2110 112 47 Apr.
1237 2109 81 47 29;
1348 2110 39 38 A
1413 2109 141 41 82831;
1610 2111 55 39 N.
1693 2111 54 39 D.
1779 2111 214 47 Stearns,
370 2111 1902 103 Spreckelsville,
529 2167 147 47 Maui,
707 2167 52 40 T.
790 2167 60 39 H.
920 2166 250 48 (35-6317)

301 2272 388 62 Strandwold,
723 2271 154 56 Olaf.

371 2346 1917 68 The Yarmouth stone … mystic characters on Yarmouth
300 2432 157 48 stone
498 2425 154 68 yield
695 2425 270 68 startling
1007 2425 260 52 evidence
1310 2425 63 51 of
1416 2426 177 51 Norse
1637 2425 352 67 discoveries,
2030 2425 75 67 by
2148 2425 141 55 Olaf

304 2503 382 54 Strandwold.
768 2504 267 64 [Prosser,
1097 2503 213 60 Wash.,
1373 2504 233 51 Prosser
1669 2501 262 70 printing
1994 2519 294 52 company,

301 2588 18 21 c
325 2584 150 63 1934]

372 2653 282 48 cover-title,
695 2653 84 50 [16]
818 2664 42 36 p.
920 2653 127 40 illus.
1107 2652 145 41 23½cm.

374 2711 224 38 Includes
625 2710 102 39 also
755 2709 319 40 translations
1100 2710 61 46 by
1188 2710 209 39 Thomas
1427 2708 261 47 Sigurdsen
1717 2710 95 39 and
1841 2709 114 40 Olaf
1982 2709 306 40 Strandwold

303 2766 53 40 of
384 2766 187 40 several
597 2766 53 39 of
678 2767 82 38 the
789 2766 76 40 old
895 2765 152 39 Norse
1076 2774 143 38 sagas
1248 2765 193 48 dealing
1470 2763 119 42 with
1620 2767 79 37 the
1727 2766 134 46 early
1892 2774 206 39 voyages
2129 2765 50 40 of
2208 2767 80 38 the

302 2822 192 48 vikings
523 2824 48 37 to
602 2822 155 39 North
788 2821 233 40 America.

303 2874 52 53 ©
381 2879 100 40 Oct.
507 2879 40 46 4,
574 2877 114 41 1934;
740 2878 65 39 2c.
834 2877 97 40 Oct.
961 2878 80 46 13;
1071 2877 80 40 aff.
1181 2878 109 39 Feb.
1318 2878 68 46 18,
1415 2877 139 47 1935;
1584 2879 39 38 A
1649 2877 168 48 80490;
1849 2879 203 39 Prosser
2073 2877 219 49 printing

371 2946 65 29 co.
508 2934 250 49 (35-6367)

302 3036 264 66 Strayer,
598 3037 224 64 George
852 3038 285 64 Drayton,
1170 3038 171 54 1876-

435 3113 1850 69 … Strayer-Upton arithmetics. Grades four, five, and six,
303 3190 1984 70 by George Drayton Strayer … and Clifford Brewster Upton
365 3269 1846 68 … New York, Boston [etc.] American book company [1935]
373 3344 24 38 3
425 3355 41 28 v.
493 3344 48 38 in
570 3343 38 39 1.
664 3343 142 46 illus.,
833 3342 176 46 diagrs.
1066 3342 143 39 18½cm.

373 3401 63 39 At
462 3401 123 38 head
615 3400 52 39 of
694 3400 110 39 title;
859 3399 295 39 Three-book
1184 3399 162 39 series.

306 3452 52 53 ©
391 3457 111 46 Apr.
537 3456 68 47 24,
640 3455 139 47 1935;
815 3455 66 40 2c.
918 3456 112 46 May
1063 3456 53 45 3;
1154 3455 80 39 aff.
1270 3456 114 47 May
1415 3456 53 45 4;
1505 3455 40 39 A
1581 3454 168 47 81684;
1785 3455 159 40 Amer,
1980 3455 121 39 book
2133 3465 67 30 co.

305 3600 1980 69 Texas jurisprudence … a complete statement of the law and
375 3679 246 66 practice
647 3678 63 52 of
734 3680 95 51 the
853 3682 142 49 state
1022 3678 63 54 of
1110 3681 198 60 Texas,
1333 3678 75 66 by
1430 3679 258 54 William
1714 3679 77 51 M.
1820 3679 327 66 McKinney
2173 3678 111 51 and

377 3755 1907 67 other lawyers. Volume 35. Railroads to Receipts … San
375 3833 318 62 Francisco,
726 3832 576 66 Bancroft-Whitney
1333 3850 294 48 company,
1661 3835 146 50 1935.

376 3905 81 47 vii,
484 3905 89 40 913
595 3917 43 36 p.
696 3904 115 40 25cm.

308 3957 52 51 ©
388 3962 112 46 Apr.
529 3961 68 46 26,
628 3959 139 48 1935;
798 3961 66 39 2c.
892 3961 94 39 and
1016 3960 80 40 aff.
1129 3961 112 47 May
1270 3960 52 45 2;
1355 3959 40 39 A
1424 3959 168 47 82873;
1625 3958 482 48 Bancroft-Whitney
2164 3969 36 28 co.
