2424 4375
1044 3978 101 53 815

120 383 191 64 Greer,
341 384 200 52 James
569 381 311 67 Kimmins,
912 389 170 50 1896-

183 459 196 56 Grand
421 459 240 69 Prairie,
703 461 75 68 by
819 461 192 53 James
1052 461 73 53 K.
1170 461 194 55 Greer.
1443 463 219 68 Dallas,
1703 463 155 69 Tex.,
1902 463 196 69 Tardy

115 536 324 69 publishing
473 554 278 51 company
793 570 13 34 [
811 544 18 21 c
833 541 151 64 1935]

182 609 929 49 4 p. l. , 284 p. plates, maps. 19½ cm .
185 666 125 40 “The
343 675 208 38 purpose
582 666 53 40 of
665 665 100 43 this
798 667 134 40 work
963 666 43 41 is
1040 670 48 38 to
1122 669 196 47 present
1351 678 133 33 some
1521 669 53 39 of
1606 670 83 40 the
1724 668 243 42 economic
2003 671 95 40 and

117 721 142 43 social
289 722 270 41 conditions
588 723 94 40 and
715 725 294 39 movements
1042 724 53 40 of
1125 725 82 40 the
1238 723 166 42 Grand
1437 725 190 42 Prairie
1660 725 162 49 region
1856 725 54 41 of
1941 727 158 40 Texas

115 780 207 40 between
351 778 113 41 1850
489 781 95 38 and
609 779 348 43 1890.”—Pref.

182 835 405 48 Bibliographical
617 834 271 44 references
915 838 50 39 in
993 836 205 41 “Notes”
1234 839 67 46 (p.
1328 837 228 49 235-264)

116 890 50 53 ©
194 896 123 38 June
342 894 39 47 1,
408 894 140 47 1935;
578 895 65 39 2c.
674 895 126 40 June
828 895 81 46 13;
942 895 82 40 aff.
1055 896 128 39 June
1207 898 82 45 11;
1319 898 40 38 A
1387 898 170 46 83568;
1588 898 165 49 Tardy
1782 898 106 49 pub.
1920 909 67 30 co.

192 950 247 49 (35-8779)

115 1056 250 62 Hansen,
397 1055 295 55 Christen.

183 1131 117 51 The
326 1129 242 69 English
595 1132 176 67 smile,
795 1130 76 69 by
899 1130 263 55 Christen
1188 1134 232 52 Hansen
1448 1133 140 52 with
1617 1133 76 54 H.
1723 1133 83 53 W.
1840 1134 256 54 Seaman.

120 1207 245 68 London,
395 1208 67 53 Y.
493 1207 288 70 Gollancz,
809 1208 121 70 ltd.,
962 1211 149 49 1935.

184 1279 83 40 256
296 1290 42 37 p.
399 1279 54 40 19
456 1282 44 21 cm
504 1311 9 9 .

116 1335 50 53 ©
196 1341 60 39 Jc.
293 1341 107 38 Jan.
432 1340 69 45 23,
533 1339 140 47 1935;
706 1341 39 39 A
776 1342 62 38 ad
869 1340 87 41 int.
989 1340 171 47 20214;
1195 1341 142 49 pubd.
1372 1343 115 39 Nov.
1521 1342 69 48 26,
1624 1342 140 48 1934;
1800 1344 49 40 C.
1884 1345 214 47 Hansen,

182 1398 205 39 London.
460 1396 229 47 (35-8895
697 1401 15 47 )

114 1499 290 64 Helliwell,
435 1501 244 54 Charles
707 1501 238 53 Harold.

182 1578 443 53 Fundamentals
667 1577 64 53 of
772 1580 208 66 college
1025 1578 407 68 mathematics,
1474 1581 75 66 by
1593 1582 235 56 Charles
1870 1585 224 52 Harold

116 1652 1916 74 Helliwell, Arthur Tilley [ and] Howard Elmer Wahlert …
115 1734 130 52 New
274 1734 177 63 York,
479 1735 120 51 The
627 1733 331 54 Macmillan
989 1754 296 50 company,
1318 1741 150 49 1935.

182 1806 100 47 xiii,
311 1806 87 41 406
428 1817 44 37 p.
531 1807 178 49 diagrs.
769 1807 57 41 20
826 1810 44 21 cm
874 1839 9 9 .

115 1859 50 53 ©
192 1865 111 48 May
329 1865 38 47 1,
395 1865 114 39 1935;
566 1865 65 39 2c.
660 1865 96 40 and
783 1865 82 40 aff.
894 1867 112 46 May
1035 1865 26 38 2;
1118 1865 45 40 A
1189 1864 142 43 81672;
1391 1866 281 40 Macmillan
1700 1877 65 31 co.

188 1921 249 49 (35-8714)

113 2010 316 65 Hoagland,
458 2012 263 63 Hudson,
752 2017 169 49 1899-

181 2089 366 54 Pacemakers
584 2087 57 55 in
680 2086 237 55 relation
957 2095 58 48 to
1055 2094 216 63 aspects
1310 2091 64 53 of
1410 2091 289 65 behavior,
1737 2094 74 66 by
1849 2095 244 52 Hudson

114 2165 1873 74 Hoagland … New York, The Macmillan company. 1935.
182 2238 1912 56 x p., 1 l., 138 p. pl., diagrs. 22cm. (On cover: Experimental biology
115 2296 339 49 monographs)

183 2353 322 43 “Citations”:
541 2366 42 37 p.
617 2354 215 43 127-134.

113 2408 51 53 ©
185 2413 111 47 Apr.
317 2413 27 39 2
366 2411 132 49 ,1935;
546 2413 68 40 2c.
640 2414 97 40 and
759 2412 83 41 aff.
866 2414 115 46 Apr.
1004 2414 27 39 3;
1083 2414 43 38 A
1149 2412 144 42 82344;
1346 2414 283 40 Macmillan
1652 2424 68 31 co.

188 2470 246 48 (35-8849)

118 2574 305 63 Hootman,
453 2574 225 63 George
705 2575 265 53 Warren.

185 2652 172 54 Short
396 2656 201 48 nature
638 2650 252 54 sketches
935 2651 92 52 for
1071 2652 252 52 children
1369 2653 111 51 and
1523 2671 193 49 young
1758 2654 218 67 people,
2018 2655 74 67 by

115 2727 1978 72 George Warren Hootman … illustrated by W. J. Wilwerding
172 2804 1920 73 … Minneapolis, Philadelphia, Educational test bureau, inc.,
118 2887 143 51 1934.

177 2958 56 40 92
256 2970 41 37 p.
354 2958 130 40 illus.
511 2957 133 48 (incl.
670 2957 174 49 ports.)
905 2957 56 40 23
963 2960 46 20 cm
1012 2989 9 8 .

113 3009 50 53 ©
192 3015 98 40 Oct.
320 3015 69 47 23,
422 3014 140 46 1934;
596 3014 67 40 2c.
697 3014 96 40 and
826 3014 80 40 aff.
940 3015 108 38 Jan.
1080 3014 68 47 10,
1181 3012 140 48 1935;
1360 3015 41 38 A
1433 3014 169 47 78952;
1640 3014 322 43 Educational
1998 3020 94 37 test

179 3072 193 47 bureau,
404 3072 90 39 inc.
563 3070 250 50 (35-8710)

113 3160 175 64 Hunt,
316 3162 261 53 Francis.

116 3234 1972 152 … The mystery of the toy bank, by Francis Hunt … illustrated by Margaret Ayer. New York, Grosset & Dunlap
158 3394 146 66 [c1935]

181 3463 1908 54 2 p. l. , 175 p. front., plates. 19½ cm . (His Mary and Jerry mystery
116 3518 193 51 stories)

182 3577 282 42 Illustrated
492 3578 360 50 lining-papers.

116 3627 49 53 ©
190 3635 123 41 June
339 3636 68 47 25,
435 3635 138 47 1935;
605 3636 66 40 2c.
701 3638 94 38 and
823 3636 79 39 aff.
936 3636 129 40 June
1089 3636 55 40 27;
1200 3636 41 40 A
1268 3636 167 46 83786;
1469 3636 197 40 Grosset
1698 3637 38 41 &
1762 3637 208 47 Dunlap,
2000 3638 88 39 inc.

193 3691 244 49 (35-8863)

241 3779 1845 72 … The story the parrot told, by Francis Hunt … illustrated
117 3851 70 70 by
218 3855 289 69 Margaret
543 3859 169 66 Ayer.
787 3859 137 52 New
960 3859 178 65 York,
1174 3858 230 56 Grosset
1436 3862 47 49 &
1515 3860 232 67 Dunlap
1790 3893 8 33 [
1806 3865 17 21 c
1830 3863 132 48 1935]
