2424 4375
1307 4042 99 53 876

367 496 269 65 Chicago,
663 497 111 63 Ill.,
804 496 276 52 Burdette
1110 495 188 55 Smith
1326 513 307 48 company;
1666 493 82 54 St.
1777 495 164 64 Paul,
1969 494 201 66 Minn.,
2195 495 158 52 West

365 572 335 68 publishing
732 590 107 48 co.;
876 573 225 53 Kansas
1137 571 152 67 City,
1325 573 131 64 Mo.,
1491 573 231 52 Vernon
1756 573 107 50 law
1897 571 146 52 book
2077 589 276 51 company

387 654 174 63 [ c 1935]
434 736 44 34 x,
508 723 112 40 1105
649 733 41 37 p.
745 723 57 38 24
805 725 43 20 cm
854 754 7 8 .

369 790 52 52 ©
457 794 126 40 June
618 793 67 45 17,
722 791 140 47 1935;
900 791 67 41 2c.
1002 793 96 38 and
1133 791 81 41 aff.
1251 792 116 47 July
1403 792 81 44 15;
1523 793 39 37 A
1599 791 169 47 84625;
1807 792 238 42 Burdette
2082 791 157 42 Smith
2273 802 79 39 co.,

437 851 193 39 Vernon
653 852 94 37 law
771 850 121 39 book
920 860 67 29 co.
1015 848 94 41 and
1134 849 136 40 West
1294 849 107 48 pub.
1430 859 65 29 co.
2148 847 120 42 5662

364 952 263 53 Indiana.
702 954 181 64 Laws,
914 958 255 61 statutes,
1202 959 99 46 etc.

370 1029 1983 146 … Cumulative pocket supplement [May, 1935] Burns annotated Indiana statutes. volume 12 .… [Indianapolis, The
370 1186 440 52 Bobbs-Merrill
839 1203 295 50 company]
1168 1192 18 22 c
1192 1188 148 49 1935.

442 1257 547 50 1 p. l., 155 p. 25½cm.
439 1315 120 40 This
579 1316 246 47 pamphlet
851 1315 40 39 is
916 1317 50 38 to
989 1315 56 38 be
1069 1314 138 40 fitted
1231 1314 102 39 into
1358 1315 83 38 the
1464 1314 174 47 pocket
1659 1316 54 38 at
1736 1316 83 39 the
1842 1315 121 39 back
1988 1315 53 40 of
2066 1316 80 39 the
2169 1316 188 41 volume

368 1373 52 40 of
447 1374 82 39 the
554 1375 75 38 set
655 1375 48 37 to
729 1371 155 40 which
909 1371 41 40 it
974 1372 208 46 belongs.

369 1438 52 52 ©
449 1442 114 47 July
589 1442 39 46 2,
658 1440 139 47 1935;
825 1441 67 40 2c.
921 1441 115 47 July
1064 1440 81 47 22;
1177 1440 82 40 aff.
1289 1441 115 47 July
1431 1440 81 46 20;
1544 1441 41 38 A
1613 1440 170 48 84698;
1813 1442 367 39 Bobbs-Merrill
2209 1452 66 31 co.

367 1561 219 64 James,
613 1560 209 64 Laylin
850 1560 70 56 K.

443 1639 168 52 Cases
659 1638 112 51 and
818 1638 288 51 materials
1154 1654 73 34 on
1271 1637 93 52 the
1413 1638 109 50 law
1569 1636 62 52 of
1677 1637 251 52 business
1977 1638 359 53 associations.

369 1713 1960 145 volume 2. By Laylin K. James … Ann Arbor, Mich., Edwards brothers, inc., 1935.
439 1863 688 51 1 p. l., 535-1179 p. 27½ cm .
369 1933 55 52 ©
448 1937 127 39 June
597 1936 69 45 21,
692 1934 138 47 1935;
856 1935 66 39 2c.
946 1935 97 39 and
1067 1934 81 39 aff.
1174 1934 115 47 July
1316 1934 80 47 18;
1426 1935 40 37 A
1491 1934 169 46 84682;
1690 1935 50 39 L.
1767 1935 57 38 K.
1853 1935 178 48 James,
2056 1935 111 39 Ann
2188 1937 165 39 Arbor.

370 2055 274 61 Landale,
673 2053 153 55 Cecil
854 2053 242 55 Charles
1123 2053 273 55 William.

444 2130 142 53 Sons
612 2129 61 53 of
699 2131 94 52 the
818 2147 119 50 sun,
963 2128 74 69 by
1067 2127 59 55 C.
1156 2127 60 55 C.
1246 2128 87 53 W.
1361 2126 268 55 Landale.
1704 2128 236 52 London
1992 2135 119 62 [etc.]
2146 2128 205 55 Cassell

372 2210 44 49 &
447 2226 97 48 co.,
574 2208 101 52 ltd.
715 2209 170 66 [1935]

444 2280 98 39 viii.
575 2278 82 39 311
692 2288 42 37 p.
796 2278 54 38 19½
881 2279 43 21 cm
931 2308 7 8 .

370 2335 52 52 ©
456 2340 65 38 1c.
551 2338 125 40 June
706 2338 28 40 8,
774 2335 139 48 1935;
945 2337 41 38 A
1017 2337 62 39 ad
1109 2336 84 39 int.
1225 2334 170 48 20290;
1429 2337 140 46 pubd.
1601 2337 114 47 Apr.
1745 2336 81 47 11;
1862 2336 49 41 C.
1945 2337 47 41 C.
2027 2339 68 38 W.
2129 2337 221 47 Landale,

439 2396 209 39 London.
723 2392 247 50 (35-9389)

370 2496 207 65 Leslie,
604 2497 213 62 Shane,
846 2501 170 50 1885-

438 2573 120 52 The
591 2572 180 67 script
806 2571 63 53 of
904 2571 295 54 Jonathan
1237 2569 193 69 Swift,
1467 2572 112 52 and
1617 2571 162 53 other
1814 2589 203 51 essays,
2052 2572 75 68 by
2168 2570 183 56 Shane

367 2647 1981 71 Leslie … Philadelphia, University of Pennsylvania press;
370 2727 252 66 London,
646 2727 75 50 H.
749 2725 264 66 Milford,
1041 2725 229 54 Oxford
1295 2725 315 69 university
1639 2744 172 49 press,
1841 2729 150 49 1935.

438 2796 970 50 6 p. l., 97 p. front., facsims. 22½ cm .
438 2854 248 41 Half-title:
750 2854 99 39 The
880 2854 54 37 A.
971 2852 43 41 S.
1050 2853 69 41 W.
1155 2853 283 40 Rosenbach
1472 2853 275 48 fellowship
1783 2854 47 39 in
1866 2853 347 48 bibliography.

439 2909 1909 52 “The three lectures … delivered at … [Pennsylvania] university in the
371 2967 172 39 winter
566 2969 50 36 of
639 2966 125 47 1934,
792 2966 359 47 supplemented
1178 2966 59 46 by
1263 2964 326 42 notes.”—4th
1613 2965 170 48 prelim.
1823 2967 112 40 leaf.

713 3023 160 40 CONTENTS.—The
904 3022 148 47 script
1083 3022 51 40 of
1161 3023 248 39 Jonathan
1442 3022 318 40 Swift.—The
1794 3027 156 36 rarest
1981 3024 124 39 Irish
2137 3023 212 41 books.—

370 3078 138 41 Saint
539 3078 236 41 Patrick’s
802 3079 501 47 purgatory.—Notes.

370 3134 51 51 ©
449 3138 105 39 Feb.
583 3137 68 46 27,
679 3136 112 41 1935;
847 3137 64 39 2c.
941 3138 121 37 Mar.
1087 3136 53 38 22;
1198 3137 82 39 aff.
1306 3138 113 47 Apr.
1447 3137 80 46 10;
1557 3138 40 37 A
1624 3137 169 46 82479;
1825 3137 279 49 University
2128 3138 51 40 of
438 3139 1893 102 Pennsylvania
682 3204 147 37 press.
903 3193 248 47 (35-9087)

370 3296 180 63 Long,
582 3296 216 53 Ernest
828 3296 230 54 Laurie.

442 3372 138 49 Two
621 3371 148 53 little
811 3372 175 67 ships,
1028 3371 74 67 by
1145 3371 66 54 E.
1255 3370 206 54 Laurie
1505 3371 177 67 Long.
1774 3371 238 53 London
2057 3370 111 52 and
374 3366 1947 144 Melbourne,
626 3447 197 68 Ward,
850 3446 152 53 Lock
1028 3449 45 49 &
1100 3466 97 49 co.,
1221 3446 220 54 limited
1496 3450 151 65 [1935]

443 3516 84 40 256
565 3530 39 35 p.
667 3518 54 39 19
724 3521 43 20 cm
773 3549 8 9 .

370 3572 52 52 ©
453 3579 63 38 1c.
549 3578 129 38 June
699 3579 43 45 7,
773 3577 138 46 1935;
942 3578 41 38 A
1012 3578 60 39 ad
1104 3577 86 40 int.
1220 3576 170 48 20297;
1423 3578 142 47 pubd.
1596 3578 112 51 Apr.
1740 3578 81 46 16;
1854 3580 51 36 E.
1938 3579 50 38 L.
2022 3579 142 45 Long,
2199 3575 141 41 Gidea

437 3634 141 45 Park,
610 3635 164 45 Essex,
805 3634 232 47 England.
1107 3633 248 48 (35-9388)

368 3734 171 65 Love,
572 3736 268 53 Cornelia
868 3738 269 62 Spencer.

371 3809 2053 159 … Other people’s lives. Fourth series, 1934-1935 [by] Cornelin Spencer Love … Chapel Hill, N. C., The University of J
366 3964 184 52 North
584 3966 268 54 Carolina
883 3984 155 46 press
1096 3969 150 64 [1935]
