2424 4375
1070 4032 131 49 1649

217 468 1770 51 xiv, 242 p. 19 ½ cm . ( Half-title ; McGraw-Hill education classics)
218 527 317 46 Pedagogical
576 527 197 38 manual
814 527 51 38 of
906 527 81 39 the
1030 527 234 38 Brothers
1304 526 52 38 of
1397 527 82 39 the
1520 527 250 39 Christian
1812 526 201 39 schools,
2074 527 61 46 cf.

149 594 41 37 p.
222 581 69 41 34.

219 639 232 41 “Sources
480 638 79 40 for
592 639 81 39 the
703 638 128 40 brief
862 638 265 47 biography
1160 638 51 40 of
1246 638 67 43 St.
1346 639 71 39 De
1449 639 47 39 la
1532 638 129 41 Salle
1692 639 95 40 and
1818 639 82 40 the
1934 643 201 36 account

147 696 51 40 of
228 697 81 39 the
340 693 252 42 institute”;
653 705 43 38 p.
727 694 198 41 vii-viii.

151 752 52 53 ©
225 756 101 41 Oct.
347 756 69 47 21,
441 754 113 41 1935;
605 755 67 39 2c.
697 754 100 40 Oct.
823 754 54 38 24;
930 752 80 41 aff.
1037 753 101 40 Oct.
1162 753 54 40 23;
1271 754 41 37 A
1336 752 145 41 87910;
1534 753 350 40 McGraw-Hill
1908 755 122 39 book
2054 762 82 40 co.,

218 813 88 40 inc.
380 812 278 48 (35-29645)

150 915 243 63 Laslett,
421 915 255 53 Herbert
704 913 311 65 Reynolds,
1045 919 172 50 1891-

213 990 1925 71 Hygiene; a way to happiness [by] H. R. Laslett … and
146 1069 1992 69 Charles Dalton … consulting editor, Dr. Forrest D. McCrea
203 1148 1936 69 … illustrated by Aurelia Buchanan, Max Dalton and Terrel
145 1227 1856 68 Dalton. Nashville, Tenn., R. R. Alexander & sons [ c 1935]
218 1300 1157 50 1 p. l., vii-xiv, 288 p. front., ilius. 19½cm.
215 1358 346 49 Bibliography;
616 1370 41 37 p.
689 1358 215 41 286-288.

152 1412 51 52 ©
231 1417 117 38 Nov.
377 1417 40 45 4,
449 1415 114 40 1935;
621 1416 65 38 2c.
718 1416 96 39 and
845 1415 80 40 aff.
956 1416 117 39 Nov.
1105 1415 27 39 9;
1192 1416 41 37 A
1262 1414 144 40 89265;
1466 1416 56 39 R.
1553 1416 55 39 R.
1638 1416 277 40 Alexander
1948 1416 36 40 &
2012 1426 124 31 sons.

229 1471 277 50 (35-29172)

150 1575 204 65 Lewis,
382 1577 218 52 Ernest
627 1576 317 64 Septimus.

219 1651 187 67 Every
437 1668 149 51 man,
618 1669 220 35 woman
871 1651 111 51 and
1015 1650 153 53 child
1202 1650 148 54 their
1384 1669 125 35 own
1540 1650 326 68 physician;
1901 1671 31 33 a
149 1652 1966 129 scientific

294 1730 228 52 treatise
555 1747 71 34 on
656 1729 371 67 neuropathic
1058 1727 408 70 therapeutics;
1500 1727 331 69 containing
150 1730 1963 129 prescriptions
323 1805 93 53 for

445 1805 232 69 healing
706 1806 77 55 all
813 1806 212 51 human
1054 1806 240 53 diseases
1323 1805 73 69 by
1426 1805 95 54 the
1553 1805 221 53 electric
1806 1824 187 49 power
2026 1806 109 52 and

154 1882 256 54 function
443 1883 62 52 of
534 1883 93 55 the
658 1883 230 67 organic
920 1900 197 36 nerves
1149 1883 63 53 of
1242 1884 95 53 the
1369 1883 148 68 body
1548 1883 243 54 without
1821 1883 94 53 the
1950 1883 94 53 aid
2078 1885 63 52 of

152 1978 108 50 any
312 1961 149 67 drug
510 1961 320 67 medicines,
882 1959 309 69 liniments,
1241 1960 208 53 lotions
1501 1980 64 35 or
1616 1961 262 67 galvanic
152 1962 1961 142 instruments;

395 2037 280 54 vicarious
714 2037 112 54 and
863 2037 364 68 self-healing
1265 2037 180 53 forms
1482 2038 62 52 of
1581 2044 301 47 treatment
1919 2039 74 68 by
151 2038 1964 131 Ernest
317 2113 287 70 Septimus

153 2114 1986 130 Lewis … Barkingside, Ilford, M. E. Line, 1935.
219 2264 100 47 xiii,
351 2263 84 41 367
465 2274 42 38 p.
568 2263 170 48 plates.
798 2264 56 40 19
856 2266 42 21 cm
903 2295 9 9 .

153 2318 51 53 ©
225 2325 62 38 1c.
314 2324 115 47 July
451 2324 68 41 29,
544 2324 112 40 1935;
709 2325 41 37 A
772 2324 62 39 ad
857 2323 85 41 int.
966 2323 144 40 20542;
1163 2324 142 47 pubd.
1331 2324 126 40 June
1482 2325 25 37 5;
1562 2326 143 46 Mary
1728 2325 253 39 Elizabeth
2006 2324 131 42 Line.

228 2380 277 47 (35-30972)

151 2482 179 65 Lønn,
357 2484 134 54 Leo.

219 2561 31 51 I
283 2561 107 51 den
423 2560 185 67 garnie
639 2560 540 68 kjobmandsgaard,
1213 2579 198 34 roman
1444 2580 101 48 per
1578 2563 113 54 Leo
1726 2563 180 52 Lønn.
1982 2562 156 69 Oslo,

152 2638 74 53 H.
251 2638 341 67 Aschehoug
615 2642 45 51 &
684 2657 96 48 co.,
807 2641 148 51 1934.

218 2707 85 39 180
329 2719 44 36 p.
432 2708 58 39 20½
521 2711 43 20 cm
569 2739 7 8 .
648 2709 269 46 (Dengang.
976 2708 64 47 2.)

155 2761 1982 55 © Oct. 19, 1934; 1c. Dec. 21; A-Foreign 26527; H. Aschehoug & co.
153 2881 250 67 Lukens,
433 2883 204 55 Victor
666 2884 275 65 Herbert,
973 2884 172 54 1873-

218 2959 127 56 God
373 2961 183 54 works
585 2961 250 68 through
865 2959 274 55 medicine;
1202 2980 31 33 a
1263 2960 312 54 discussion
1605 2962 64 52 of
1700 2960 173 56 God’s
1902 2962 231 68 healing

158 3036 1982 72 force, by Victor Herbert Lukens … New York [etc.] Fleming
154 3113 832 70 H. Revell company [ c 1935]
221 3188 84 40 166
331 3199 43 38 p.
462 3187 29 41 19½
521 3190 44 21 cm
569 3221 10 9 .

222 3244 345 49 Bibliography;
623 3256 45 37 p.
697 3244 98 41 163.

156 3296 50 51 ©
232 3302 114 39 Nov.
373 3302 40 48 2,
441 3302 112 40 1935;
610 3302 67 39 2c.
706 3303 94 38 and
827 3301 81 40 aff.
936 3302 117 39 Nov.
1081 3300 27 40 9;
1164 3303 41 37 A
1233 3301 142 41 88204;
1434 3302 219 49 Fleming
1679 3303 61 39 H.
1768 3303 168 40 Revell
1960 3314 65 29 co.

232 3357 276 50 (35-29155)

155 3456 244 67 Lupton,
431 3460 226 63 George
684 3459 271 65 William,
983 3462 72 64 jr.

223 3534 1911 72 Civil aviation law, by George W. Lupton, jr. … Chicago,
155 3611 315 68 Callaghan
500 3615 111 51 and
638 3632 295 50 company,
965 3618 148 50 1935.

220 3685 167 48 xxviii,
416 3686 86 41 347
530 3697 43 37 p.
633 3685 56 41 23
692 3688 44 22 cm
739 3718 10 9 .

224 3740 174 43 “Table
441 3743 50 40 of
532 3743 229 41 citations
803 3746 52 38 to
896 3745 128 39 state
1066 3744 96 39 and
1205 3742 271 42 territorial
1519 3742 239 42 statutes”;
1830 3754 44 38 p.
1916 3742 216 44 237-284.

154 3794 172 43 “Table
352 3798 51 39 of
428 3798 161 40 cases”;
645 3811 43 36 p.
713 3798 216 41 285-306.

221 3850 343 52 Bibliography;
623 3866 42 37 p.
697 3854 287 43 xix-xxviii.

155 3902 51 52 ©
228 3909 115 40 Nov.
371 3911 38 46 8,
437 3910 139 47 1935;
606 3911 67 39 2c.
701 3911 117 40 Nov.
847 3912 80 46 14;
958 3911 81 40 aff.
1068 3912 118 39 Nov.
1214 3911 54 40 13;
1325 3912 42 38 A
1395 3910 169 49 89378;
1596 3911 271 48 Callaghan
1891 3912 39 41 &
1956 3922 68 30 co.

230 3964 274 50 (35-29633)
