2424 4375
1253 4041 136 49 2058

317 403 183 57 Bible.
565 406 65 53 O.
659 408 63 51 T.
784 407 161 64 Song
971 406 64 64 of
1059 404 288 54 Solomon.
1410 404 264 66 English.
1736 410 153 50 1935.

386 480 122 53 The
557 479 159 69 Song
761 479 64 53 of
872 498 167 51 songs
1089 479 185 53 which
1325 480 47 53 is
1424 478 343 69 Solomon’s;
1820 479 324 56 illustrated
2196 482 112 52 and

314 554 361 56 illuminated
720 556 75 71 by
843 557 231 55 Valenti
1120 557 241 69 Angelo.
1445 557 138 52 New
1632 557 180 68 York,
1860 558 123 53 The
2029 557 280 70 Heritage

314 652 176 51 press,
536 638 151 51 c1935.

384 707 767 49 32 l. incl. front., illus. 26 cm .
388 765 199 42 Printed
612 776 61 30 on
700 775 89 31 one
813 764 103 42 side
941 765 53 40 of
1018 765 102 41 leaf
1146 777 60 28 on
1232 765 218 48 opposite
1476 774 159 39 pages.

389 822 133 42 With
547 822 199 41 borders
773 823 53 40 of
852 822 188 41 colored
1069 823 257 40 decorated
1352 832 164 39 paper.

321 879 53 53 ©
402 883 119 40 Nov.
550 883 40 46 1,
621 880 139 48 1935;
790 882 66 40 2c.
886 882 111 40 Dec.
1026 881 83 47 26;
1140 881 83 41 aff.
1252 883 111 39 Dec.
1394 882 83 46 24;
1508 882 40 39 A
1575 881 171 48 90011;
1779 882 238 49 Heritage
2041 894 151 38 press,
2221 884 89 40 inc.

450 939 224 48 [Copyright
698 938 41 41 is
765 938 206 41 claimed
993 949 59 30 on
1076 938 342 49 illustrations]
1483 938 250 49 (36-4287)

318 1039 178 66 Blow,
524 1040 256 65 Sydney,
811 1043 170 53 1878-

389 1115 121 54 The
544 1117 167 66 ghost
746 1114 173 54 walks
953 1134 71 34 on
1060 1114 271 71 Fridays;
1367 1117 60 52 in
1461 1116 112 54 and
1607 1122 99 47 out
1740 1115 63 53 of
1837 1115 93 52 the
1966 1122 157 61 stage
2158 1114 155 70 door,

321 1190 1932 72 by Sydney Blow; with a foreword by Sir Seymour Hicks …
322 1269 253 66 London,
605 1270 210 67 Heath,
845 1270 267 69 Cranton,
1140 1269 237 69 limited,
1408 1273 148 51 1935.

391 1341 102 48 xiii,
526 1340 174 40 15-224
734 1352 43 38 p.
838 1340 162 50 front.,
1034 1343 171 48 plates,
1237 1345 149 45 ports.
1445 1343 146 40 22½cm.

393 1398 413 40 “Reminiscences
843 1399 50 39 of
929 1399 81 40 the
1047 1398 526 41 theatre.”—Author’s
1610 1399 122 49 pref.

323 1454 1993 53 © 1c. Dec. 13, 1935; A ad int. 20895; pubd. Oct. 18; S. Blow, Henley
394 1524 61 31 on
477 1515 223 47 Thames,
724 1514 235 49 England.
1023 1515 250 48 (36-3685)

321 1604 210 64 Boeck,
559 1604 221 53 Alvord
807 1604 208 65 Leslie,
1047 1611 171 48 1903-

455 1676 1859 71 … The economic essentials of world peace, by Alvord L.
321 1753 1972 148 Boeck … Los Angeles, The University of Southern California press, 1935.
395 1902 1923 52 3 p. l. , 45 p. 22½cm. (The University of Southern California. School
321 1960 53 40 of
407 1961 225 41 research
664 1961 200 41 studies,
922 1971 75 31 no.
1031 1961 80 48 10)

397 2017 158 41 Social
581 2019 186 39 science
793 2019 162 48 series,
984 2028 73 30 no.
1086 2017 68 41 13.

396 2074 322 48 “Containing
764 2076 242 46 approved
1052 2076 218 47 portions
1317 2075 52 40 of
1415 2086 28 30 a
1491 2076 315 40 dissertation
1854 2076 225 48 accepted
2127 2076 61 48 by
2234 2075 85 41 the

323 2131 1975 107 Council on graduate study and research [University of Southern California] … for the degree of doctor of philosophy, June, 1933.”
396 2245 245 41 “Selected
674 2243 364 50 bibliography”:
1099 2255 42 38 p.
1174 2244 189 50 [41]-45.

330 2301 53 53 ©
422 2307 117 39 Nov.
577 2305 71 46 30,
688 2304 140 42 1935;
871 2304 66 41 2c.
978 2306 111 39 Dec.
1128 2304 60 40 27;
1254 2303 81 41 aff.
1378 2305 111 39 Dec.
1528 2303 60 41 26;
1654 2304 41 40 A
1735 2304 141 41 88911;
1949 2303 282 49 University
2267 2304 54 42 of

403 2363 238 40 Southern
670 2361 285 47 California,
984 2361 92 40 Los
1104 2361 218 48 Angeles.
1389 2360 250 49 (36-4173)

327 2451 267 65 Boisson,
624 2452 291 54 Fernand.

463 2526 1404 70 … Orgebic-le-Nu. Paris, E. Figuière t c 1934]
395 2601 745 50 2 p. l. , [7]-281 p., 2 l. 19 cm .
331 2654 1989 53 © Dec. 20, 1934; 1c. Mar. 26, 1935; A-Foreign 27442; F. Boisson,
402 2715 155 39 Paris.
624 2713 248 49 (36-3319)

329 2803 412 65 Bonhommet,
767 2805 183 53 Marc.

463 2875 1564 69 … J’ai tant d’enfants à marier. Paris, Plon [1935]
400 2948 721 50 3 p. l., vi, 253 p., 1 l. 19cm.
402 3006 224 39 Includes
659 3006 152 39 music
856 3005 149 48 (“J’ai
1040 3008 107 37 tant
1183 3005 244 40 d’enfants
1462 3004 29 40 à
1525 3003 222 49 marier”,
1782 3012 138 31 verso
1954 3003 52 40 of
2039 3003 60 41 3d
2135 3002 184 48 prelim,

329 3061 127 48 leaf)

332 3117 1200 54 © June 27, 1935; 1c. Nov. 20; A-Foreign
1564 3118 170 47 29685;
1771 3118 241 40 Librairie
2045 3118 134 39 Plon.

414 3178 250 48 (36-3524)

330 3266 249 54 Briones
602 3268 211 63 Martz,
835 3267 156 54 José.

405 3344 402 54 Sentimientos;
877 3343 318 52 formation
1233 3346 180 49 moral
1451 3343 91 51 del
1579 3342 154 67 nino,
1767 3360 105 49 por
1910 3341 134 55 José
2082 3338 240 54 Briones

333 3422 204 53 Martz.
613 3421 242 65 Gerona,
890 3420 197 67 Spain,
1121 3420 248 53 Dalmau
1403 3419 210 66 Carles,
1644 3421 125 64 Pla,
1800 3437 40 34 s.
1875 3437 65 47 a.,
1976 3419 147 50 1935.

412 3493 83 41 152
524 3504 43 38 p.
623 3493 127 40 illus.
809 3492 144 41 19½cm.

337 3544 1984 55 © Sept. 1, 1935; 1c. Oct. 12: A-Foreign 30139; Dalmâu Carles, Pla,
407 3617 36 31 s.
471 3617 44 31 a.
542 3637 20 14 .

335 3694 439 66 Brüggemann,
809 3694 179 63 Fritz,
1024 3697 171 52 1876-

406 3769 117 54 Der
553 3768 410 67 siebenjährige
994 3767 162 67 krieg
1187 3769 75 51 im
1297 3767 209 67 spiegel
1540 3766 97 53 der
1669 3763 497 67 zeitgenössischen
339 3761 1957 151 literatur,

570 3844 446 68 herausgegeben
1077 3861 107 34 von
1245 3840 330 70 univ.-prof.
1636 3841 84 53 dr.
1778 3840 65 54 F.
1904 3839 417 67 Brüggemann.

335 3921 257 69 Leipzig,
616 3922 66 53 P.
707 3921 249 67 Reclam,
982 3921 138 68 jun.,
1148 3922 149 51 1935.
