2424 4375
1172 4053 101 53 530

216 435 218 66 Kyber,
468 436 294 65 Manfred,
801 440 322 51 1880-1933.

219 511 1990 145 … Tiergeschichten, edited with introduction, notes, exercises and vocabulary by Edmund P. Kremer … Enl. ed. New
217 668 178 67 York,
428 666 449 68 Prentice-Hall,
909 669 127 65 inc.,
1073 670 149 50 1935.

359 769 9 17 xv,
401 738 86 40 159
520 749 42 36 p.
597 738 108 40 incl.
740 738 149 39 front.
917 738 173 48 (port.)
1158 738 116 41 19cm.

293 794 1917 49 “The text of this edition … is substantially that of Unter tieren and
221 853 133 39 Neue
403 851 404 48 tiergeschichten
859 853 60 47 by
971 851 226 40 Manfred
1250 851 177 49 Kyber,
1480 851 416 50 Leipzig/Zürich,
1948 852 113 40 1922
2113 852 97 41 and

222 907 349 43 1926.”—Pref.

220 981 53 52 ©
304 985 112 46 Apr.
449 983 39 48 9,
522 983 116 40 1935;
695 982 68 40 2c.
796 983 113 47 Apr.
942 981 58 40 19;
1059 979 81 43 aff.
1174 983 111 46 Apr.
1320 982 54 40 17;
1435 983 41 38 A
1509 982 142 39 81515;
1714 975 374 53 Prentice-Hall,
2122 982 89 40 inc.

297 1040 251 49 (35-6143)

218 1141 540 65 Lavater-Sloman,
794 1144 188 62 Mary,
1021 1148 169 49 1891-

353 1218 1856 69 … Der Schweizerkönig; historischer roman aus der zeit des
217 1296 1795 69 westfälischen friedens. Zürich [etc.] Rascher & cie. a.-g. [c1935]
293 1370 362 48 236 p. 20 ½ cm.
295 1428 197 40 “Erstes
523 1428 95 39 und
650 1426 194 41 zweites
874 1426 248 41 tausend.”

294 1484 258 48 “Quellen”:
612 1495 43 37 p.
685 1483 216 42 235-236.

221 1552 1991 52 © Oct. 30, 1934; 1c. Jan. 8, 1935; A -Foreign 26898; Rascher & cie.,
290 1622 120 38 a.-g.,
439 1614 178 45 verlag.
688 1612 250 48 (35-6234)

221 1712 276 65 Leacock,
527 1713 261 66 Stephen
817 1715 224 64 Butler,
1073 1720 170 50 1869-

292 1790 251 54 Humor:
579 1792 74 53 its
689 1792 201 67 theory
925 1792 112 53 and
1073 1792 316 68 technique,
1424 1792 139 53 with
1602 1792 283 67 examples
1922 1791 110 53 and
225 1809 1963 127 samples;

408 1888 31 34 a
477 1869 147 53 book
660 1869 64 53 of
762 1869 312 67 discovery,
1110 1869 73 67 by
1225 1869 250 67 Stephen
1514 1869 268 53 Leacock.
1855 1867 139 54 New
2033 1868 178 66 York,

223 1947 185 65 Dodd,
437 1946 170 54 Mead
637 1949 46 50 &
713 1964 295 48 company,
1041 1949 150 50 1935.

320 2017 514 51 v p., 1 l., 268 p. 20½cm.
221 2085 53 52 ©
301 2090 111 46 Apr.
445 2090 69 46 10,
545 2088 140 49 1935;
716 2089 68 40 2c.
813 2091 96 38 and
938 2089 82 40 aff.
1051 2090 111 48 Apr.
1194 2089 81 46 12;
1308 2090 41 38 A
1379 2088 169 47 82746;
1583 2090 152 45 Dodd,
1769 2090 141 39 Mead
1941 2090 37 39 &
2008 2099 82 37 co.,
2120 2090 89 40 inc.

299 2146 250 50 (35-6147)

221 2248 366 67 Lieberman,
617 2250 180 64 Elias,
834 2255 168 50 1883-
1214 2251 83 53 ed.

295 2327 1854 68 Magazine essays of today, edited by Elias Lieberman …
225 2403 133 53 New
392 2403 178 68 York,
600 2404 449 65 Prentice-Hall,
1080 2407 126 62 inc.,
1239 2408 150 50 1935.

358 2507 9 16 xv,
397 2475 88 41 438
513 2487 44 38 p.
616 2475 116 42 20cm.

293 2531 342 50 “Suggestions
662 2533 79 40 for
769 2532 227 49 reading”
1027 2534 52 38 at
1105 2533 90 40 end
1224 2532 52 41 of
1299 2534 117 39 each
1445 2533 242 41 selection.

222 2586 53 52 ©
302 2591 113 46 Apr.
446 2590 68 47 16,
573 2589 87 40 1935;
715 2590 67 40 2c.
813 2591 111 46 Apr.
954 2589 83 47 26;
1070 2588 81 41 aff.
1181 2590 113 47 Apr.
1324 2589 83 47 24;
1440 2591 41 38 A
1512 2589 169 48 82751;
1714 2589 374 49 Prentice-Hall,
2121 2591 89 40 inc.

303 2645 250 50 (35-6149)

222 2746 377 65 McTaggart,
628 2748 268 53 Maxwell
925 2746 284 66 Fielding,
1242 2749 169 55 1874-

297 2823 448 68 Horsemanship
777 2823 93 53 for
897 2824 136 67 boys
1062 2825 113 53 and
1204 2824 159 67 girls,
1392 2824 73 68 by
1493 2822 240 55 Lt.-Col.
1762 2824 81 53 M.
1874 2824 62 53 F.

226 2823 1963 146 McTaggart,
436 2945 10 11 D.
506 2943 10 10 S.
582 2942 10 10 O.;
651 2900 294 70 profusely
973 2900 320 55 illustrated
1323 2901 73 69 by
1425 2900 290 55 Winifred
1745 2901 255 54 Roberts.
2074 2900 137 54 New

230 2978 177 68 York,
434 2977 61 55 C.
526 2976 309 55 Scribner’s
863 2995 143 51 sons,
1037 2981 149 50 1935.

330 3048 757 50 x p., 1 l., 138 p. illus. 20cm.
225 3105 53 52 ©
304 3110 113 48 Apr.
447 3109 69 46 17,
546 3107 112 41 1935;
718 3108 67 39 2c.
815 3109 112 46 Apr.
957 3108 58 39 20;
1071 3108 82 40 aff.
1182 3109 114 47 Apr.
1326 3108 57 40 19;
1439 3110 41 38 A
1510 3109 143 41 82585;
1714 3110 201 40 Charles
1948 3108 263 42 Scribner’s

293 3175 124 30 sons.
488 3165 249 48 (35-6115)

225 3267 198 63 Mann,
455 3267 274 64 Thomas,
765 3268 168 55 1875-

302 3342 209 68 Young
551 3343 244 68 Joseph;
839 3342 308 53 translated
1196 3343 146 52 from
1386 3344 96 52 the
1525 3343 245 53 German
1818 3346 92 50 for
1952 3343 94 53 the
2088 3342 123 55 first

229 3418 136 54 time
398 3419 75 68 by
506 3420 75 51 H.
617 3420 64 51 T.
715 3418 411 54 Lowe-Porter.
1201 3420 137 53 New
1374 3420 177 68 York,
1586 3420 68 52 A.
1691 3421 70 53 A.
1799 3419 221 70 Knopf,
2058 3422 148 52 1935.

295 3490 744 50 4 p. l., [3]-311, [1] p. 19½cm.
302 3546 181 40 Second
513 3548 189 38 volume
736 3547 51 39 of
819 3548 79 39 the
930 3547 217 40 author’s
1180 3548 176 47 trilogy:
1417 3549 178 48 Joseph
1627 3550 94 39 and
1753 3551 76 38 his
1860 3551 236 41 brothers.

301 3602 161 40 “First
488 3603 255 39 American
772 3602 223 41 edition.”

227 3657 53 52 ©
307 3662 112 47 Apr.
445 3661 70 48 29,
542 3660 113 41 1935;
709 3661 66 40 2c.
805 3663 93 38 and
926 3660 81 41 aff.
1036 3662 112 47 May
1174 3663 23 37 1;
1256 3663 40 37 A
1323 3662 142 39 81660;
1522 3663 170 40 Alfred
1720 3665 53 38 A.
1804 3662 177 49 Knopf,
2010 3663 89 41 inc.

307 3717 250 50 (35-6198)

228 3817 302 66 Marañón,
563 3820 299 63 Gregorio,
896 3822 169 52 1887-

230 3894 1975 142 … Las ideas biol ó gicas del padre Feijóo. Madrid, Espasa-Calpe, s. a., 1934.
