2424 4375
1071 4034 101 55 387

114 441 278 63 Mertens,
422 441 151 64 Carl,
603 443 171 50 1889-

187 517 64 51 75
289 516 150 51 ideal
475 515 245 66 tropical
755 515 105 51 fish
900 515 93 51 for
1030 516 96 51 the
1162 513 349 69 community
1550 515 312 68 aquarium.
1962 517 141 51 [East

120 593 242 68 Orange,
390 593 69 54 N.
487 594 74 65 J.,
587 591 201 68 Abbey
816 591 262 69 printing
1106 610 295 50 company]
1435 599 18 22 c
1458 597 150 50 1934.

189 665 67 43 77.
292 666 54 49 [3]
378 675 42 37 p.
481 664 126 40 illus.
637 664 136 48 (part
802 665 111 48 col.)
951 664 153 47 diagr.
1164 665 116 41 17cm.

190 721 352 47 “Copyrighted
574 721 61 46 by
667 721 112 41 Carl
813 721 255 41 Mertens.”

116 791 52 53 ©
191 796 115 38 Nov.
330 794 68 46 10,
422 792 140 42 1934;
589 793 67 40 2c.
681 794 111 39 Dec.
819 793 52 47 6;
898 792 80 41 aff.
1004 794 111 39 Dec.
1140 794 25 39 3;
1223 794 40 39 A
1288 793 171 47 77539;
1489 794 49 40 C.
1565 794 227 45 Mertens,
1819 794 118 40 New
1961 794 145 40 York.

191 851 248 49 (35-4741)

115 953 345 65 Mikhelson,
488 954 203 53 Andre
716 953 205 58 Lwoff.

252 1027 1854 70 … I came out alive; translated from the Russian by John
123 1108 265 55 Cournos.
464 1108 232 65 Boston,
725 1107 193 68 Little,
951 1108 229 65 Brown,
1212 1108 110 55 and
1357 1126 292 50 company,
1686 1110 151 51 1935.

183 1184 1050 50 4 p. l., [3]-304 p. front. (port.) 21½cm.
116 1251 52 53 ©
193 1256 120 39 Mar.
338 1254 70 48 22,
435 1254 140 47 1935;
604 1254 67 41 2c.
700 1256 95 39 and
821 1254 79 41 aff.
928 1256 120 39 Mar.
1076 1255 53 40 23;
1187 1256 43 39 A
1255 1256 169 47 81155;
1455 1256 163 47 Little,

1646 1258 192 46 Brown,
1866 1257 96 39 and
181 1266 1911 94 company.
392 1312 249 48 (35-4706)

116 1417 210 64 Morse,
356 1419 138 51 Mrs.
526 1416 326 56 Elizabeth.

187 1492 119 52 The
358 1496 248 51 emerald
657 1494 265 68 Buddha,
972 1495 77 67 by
1100 1492 301 56 Elizabeth
1454 1496 204 53 Morse.
1733 1497 139 53 New
1926 1497 180 66 York,

122 1572 65 52 E.
214 1573 64 53 P.
308 1573 223 52 Dutton
558 1576 47 51 &
630 1591 97 48 co.,
754 1571 124 68 inc.,
909 1576 150 51 1935.

190 1643 86 41 320
303 1654 43 38 p.
406 1642 145 42 19½cm.

192 1699 162 42 “First
383 1699 226 43 edition.”

119 1767 52 53 ©
200 1772 111 48 Apr.
343 1773 39 46 1,
416 1771 140 48 1935;
589 1772 65 40 2c.
689 1773 95 39 and
816 1770 81 42 aff.
929 1772 114 49 Apr.
1075 1773 53 46 3;
1162 1773 41 38 A
1235 1772 170 48 82320;
1443 1775 52 37 E.
1529 1773 50 40 P.
1613 1774 188 39 Dutton
1834 1774 36 39 &
1904 1784 82 36 co.,
2018 1773 90 40 inc.

193 1829 248 48 (35-4722)

115 1929 224 67 Müller,
369 1930 180 66 Fritz,
582 1933 171 55 1875-

247 2009 1862 68 … Hü Bräundl, fröhliche und besinnliche geschichten.
120 2084 1171 70 Gross-Schönau Sa., E. Kaiser [ c 1934]
186 2156 98 50 224,
336 2158 42 51 [2]
412 2170 44 38 p.
516 2158 116 43 19cm.

188 2215 62 39 At
276 2216 123 40 head
428 2215 52 41 of
505 2215 135 41 title:
670 2216 135 40 Fritz
832 2215 595 43 Müller-Partenkirchen.

118 2281 1993 54 © Dec. 5, 1934; 1c. Feb. 19, 1935; A -Foreign 26903; Ed. Kaiser verlag.
196 2343 249 50 (35-5226)

119 2445 144 54 New
290 2446 160 53 York
485 2447 217 67 (State)
791 2447 203 52 Courts
1022 2448 64 66 of
1110 2448 214 55 record.

252 2525 1857 67 … The miscellaneous reports; cases decided … other than
124 2601 94 53 the
256 2603 180 54 Court
473 2602 64 52 of
577 2603 231 67 appeals
849 2603 112 51 and
996 2603 97 52 the
1131 2604 311 66 Appellate
1480 2603 246 52 division
1766 2604 64 52 of
1868 2605 97 52 the
125 2604 1960 140 Supreme
343 2684 175 49 court.
588 2679 214 53 Austin
835 2683 65 50 B.
935 2677 219 69 Griffin,
1187 2687 272 60 reporter.
1528 2683 242 51 Volume
1806 2686 117 64 153,
1959 2687 149 49 1935.

129 2753 234 69 [Official
390 2757 104 66 ed.]
560 2756 249 68 Albany,
835 2758 55 53 J.
918 2759 66 50 B.
1013 2759 163 65 Lyon
1203 2775 296 50 company,
1528 2762 149 50 1935.

187 2841 77 36 xv,
291 2829 86 42 974
401 2840 45 38 p.
503 2829 145 41 23½cm.

124 2896 51 53 ©
202 2901 111 48 Apr.
343 2901 69 47 16,
442 2900 140 47 1935;
615 2900 67 40 2c.
713 2901 113 46 Apr.
856 2899 82 47 22;
972 2899 82 40 aff.
1085 2900 113 47 Apr.
1228 2900 84 47 18;
1345 2901 43 39 A
1419 2901 169 47 82605;
1624 2903 211 39 Edward
1867 2904 42 39 J.
1942 2904 170 48 Flynn,

193 2961 244 45 secretary
471 2958 53 39 of
557 2958 81 39 the
673 2959 128 38 state
836 2957 51 40 of
920 2957 116 39 New
1070 2957 145 47 York,
1251 2956 53 39 in
1337 2960 133 38 trust
1502 2958 84 39 for
1617 2960 85 38 the
1735 2960 175 40 benefit
1944 2962 55 39 of
2033 2962 80 42 the

188 3016 165 47 people
381 3015 52 39 of
459 3016 82 39 the
569 3016 141 45 state,
738 3014 202 47 Albany.

122 3117 243 65 Norton,
393 3115 328 64 Mortimer,
751 3121 170 50 1908-
1133 3117 84 53 ed.

193 3194 259 68 Angling
505 3212 231 48 success,
789 3193 77 66 by
916 3193 232 66 leading
1204 3194 240 52 outdoor
1498 3196 238 66 writers,
1792 3197 190 54 edited
2036 3198 75 68 by

125 3271 296 53 Mortimer
447 3272 240 52 Norton.
746 3270 140 52 New
914 3269 180 66 York,
1122 3270 123 53 The
1271 3270 334 54 Macmillan
1633 3290 296 51 company,
1959 3279 151 50 1935.

193 3341 117 49 xxii,
336 3343 85 41 291
447 3355 44 37 p.
546 3342 162 47 front.,
737 3343 170 47 plates,
934 3343 149 46 ports.
1139 3340 146 50 22½cm.

196 3401 39 37 A
266 3401 136 40 short
432 3399 267 48 biography
732 3398 52 40 of
814 3398 116 40 each
963 3397 305 41 contributor
1296 3400 227 46 precedes
1554 3401 118 39 each
1703 3402 214 49 chapter.

127 3455 51 52 ©
205 3459 120 39 Mar.
353 3458 69 47 26,
449 3457 117 40 1935;
619 3455 68 40 2c.
715 3456 97 38 and
841 3454 80 40 aff.
951 3456 121 38 Mar.
1102 3453 82 48 27;
1214 3455 41 38 A
1285 3454 169 49 822.04;
1487 3456 281 41 Macmillan
1798 3470 65 29 co.

200 3515 247 48 (35-4672)

127 3616 395 54 Numismatic
550 3630 286 47 company
864 3613 63 53 of
954 3613 208 64 Texas,
1191 3613 186 52 Forth
1409 3615 216 52 Worth.

197 3696 118 50 The
350 3700 117 46 star
502 3711 128 33 rare
661 3693 127 51 coin
819 3687 413 70 encyclopedia.
1303 3690 108 51 42d
1445 3691 84 52 ed.
1599 3692 228 71 Listing
1861 3697 152 53 coins
2048 3699 63 52 of

130 3766 1982 68 the world. Profusely illustrated … Complete lists of all rare
132 3849 213 53 United
380 3849 185 54 States
597 3846 112 51 and
741 3843 241 54 colonial
1013 3841 171 68 coins,
1214 3842 225 67 private
1471 3847 113 51 and
1614 3848 315 55 territorial
1957 3855 153 67 gold,

133 3929 68 51 U.
229 3926 53 54 S.
308 3930 175 50 notes,
508 3923 305 52 fractional
838 3938 287 49 currency,
1147 3919 362 55 confederate
1534 3925 113 51 and
1671 3927 243 54 colonial
1936 3935 175 64 notes,
