2568 4342
1260 4097 32 49 6

271 484 348 63 Hammond,
647 483 151 52 Hala
824 480 166 55 Jean.

343 563 31 51 I
419 578 145 50 pray
608 577 128 50 you,
782 556 293 68 lapidary;
1124 559 225 48 sonnets
1394 553 76 66 by
1514 551 155 53 Hala
1716 552 148 54 Jean
1910 549 346 54 Hammond.

274 639 292 66 Caldwell,
592 639 106 65 Id.,
723 636 121 54 The
872 635 221 55 Caxton
1122 631 265 69 printers,
1414 630 122 67 ltd.,
1563 631 150 52 1934.

342 710 331 48 86 p. 19½cm .
274 765 51 52 ©
351 771 109 38 Dec.
487 769 68 40 20,
582 767 113 40 1934;
749 767 64 39 2c.
841 766 95 40 and
962 764 79 39 aff.
1070 763 108 40 Jan.
1205 762 39 47 2,
1272 760 113 40 1935;
1439 761 41 38 A
1505 757 143 43 77970;
1703 757 190 41 Caxton
1921 754 227 50 printers,
2175 756 71 41 ltd

350 825 221 49 (35-467)

274 917 164 64 Held,
466 916 172 63 John,
669 919 169 50 1889-

342 993 110 51 I’m
478 992 98 52 the
602 989 267 69 happiest
898 988 112 69 girl
1041 987 60 52 in
1130 986 94 53 the
1257 983 200 69 world,
1485 983 75 69 by
1590 981 157 56 John
1779 979 174 70 Held,
1982 979 71 70 jr.
2123 977 140 55 New

276 1065 1064 73 York, The Vanguard press [ c 1935]
343 1141 86 41 286
456 1153 42 37 p.
559 1141 55 40 19
618 1144 44 20 cm
666 1173 10 9 .

278 1198 50 51 ©
357 1201 107 40 Jan.
491 1202 40 44 4,
559 1198 139 47 1935;
728 1198 66 40 2c.
824 1199 108 39 Jan.
961 1199 51 45 7;
1043 1194 80 42 aff.
1155 1196 108 39 Jan.
1293 1194 53 47 8;
1376 1195 42 38 A
1443 1192 171 47 78888;
1644 1191 266 48 Vanguard
1938 1200 150 39 press,
2120 1189 87 41 inc.

353 1258 220 48 (35-431)

277 1334 362 64 Henderson,
668 1332 262 62 Yandell,
962 1331 170 54 1873-

282 1397 1962 143 A new deal in liquor, a plea for dilution, by Yandell Henderson …
536 1485 139 53 Also
705 1504 32 34 a
766 1483 326 69 reprinting
1118 1481 64 53 of
1210 1481 95 53 An
1334 1480 230 69 inquiry
1595 1479 120 53 into
1745 1480 95 52 the
1869 1474 192 57 effects
2086 1475 65 53 of
282 1492 1964 125 ardent
444 1562 196 68 spirits

669 1580 151 49 upon
849 1561 93 54 the
972 1560 209 52 human
1207 1558 149 69 body
1385 1558 112 52 and
1523 1556 177 70 mind,
1726 1556 75 69 by
1829 1555 101 52 Dr.
1961 1549 306 72 Benjamin

284 1639 170 53 Rush.
531 1638 228 55 Garden
782 1637 151 70 City,
957 1636 66 54 N.
1050 1636 90 68 Y.,
1163 1635 352 68 Doubleday,
1537 1634 196 54 Doran
1753 1635 46 51 &
1822 1648 298 53 company,
2143 1630 127 68 inc.,

290 1719 144 52 1934.

351 1787 934 50 8 p. l., 239 p. illus., diagr. 20½ cm .
354 1848 176 39 Rush’s
562 1847 133 39 work
727 1847 41 38 is
801 1846 80 39 the
914 1846 165 47 eighth
1115 1844 196 42 edition,
1346 1844 254 49 published
1633 1844 50 40 in
1716 1844 128 41 1814.

352 1903 160 40 “First
541 1902 225 41 edition.”

282 1953 51 57 ©
361 1963 110 38 Dec.
499 1962 69 46 12,
594 1960 140 47 1934;
761 1960 65 40 2c.
856 1961 95 40 and
977 1959 83 40 aff.
1087 1962 110 37 Dec.
1226 1961 82 45 17;
1337 1959 40 39 A
1404 1958 143 41 78800;
1605 1957 298 48 Doubleday,
1931 1958 167 39 Doran
2125 1955 36 41 &
2186 1962 83 39 co.,

347 2019 88 39 inc.
506 2016 278 50 (35-27009)

281 2092 234 67 Hiscox,
547 2094 265 54 Gardner
839 2094 240 65 Dexter,
1108 2094 52 52 d.
1193 2097 149 59 1908,
1372 2093 84 53 ed.

350 2170 270 67 Henley’s
649 2168 293 55 twentieth
975 2173 234 63 century
1240 2168 145 53 book
1417 2167 63 53 of
1514 2167 295 68 formulas,
1843 2182 280 52 processes
2156 2161 110 56 and

284 2246 158 56 trade
472 2252 202 47 secrets;
735 2265 30 34 a
796 2243 258 56 valuable
1085 2244 283 55 reference
1393 2244 146 53 book
1570 2243 93 55 for
1692 2246 95 52 the
1817 2244 179 67 home,
2028 2240 242 69 factory,

283 2319 165 73 office,
483 2322 322 68 laboratory
843 2324 112 51 and
990 2322 96 54 the
1121 2321 329 69 workshop;
1491 2320 330 70 containing
1856 2328 96 47 ten
1986 2316 284 58 thousand

282 2398 234 56 selected
544 2399 327 68 household,
900 2398 296 70 workshop
1231 2398 111 53 and
1372 2397 271 55 scientific
1671 2398 296 68 formulas,
1997 2396 163 54 trade
285 2412 1961 133 secrets,

479 2474 267 54 chemical
783 2474 228 70 recipes,
1047 2494 279 49 processes
1361 2477 112 53 and
1510 2492 202 55 money
1748 2474 202 69 saving
1985 2475 157 54 ideas
2178 2471 93 55 for

287 2554 131 51 both
451 2553 94 54 the
577 2560 253 47 amateur
863 2553 111 52 and
1005 2552 374 69 professional
1412 2552 235 72 worker,
1679 2554 189 54 edited
1902 2553 74 69 by
2009 2550 263 57 Gardner

288 2625 1983 76 D. Hiscox, M. E. Rev. and enl. ed. by Prof. T. O’Conor Sloane
345 2702 1924 77 … New York, The Norman W. Henley publishing company,
289 2785 148 52 1934.

434 2851 1097 52 11 p. l., xiv, [9]-809 p. illus., diagrs. 23 cm .
353 2909 232 40 Previous
614 2910 181 39 edition
824 2910 89 40 has
940 2911 109 40 title;
1106 2911 226 46 Henley’s
1360 2912 255 41 twentieth
1643 2915 201 47 century
1871 2913 254 48 formulas,
285 2912 1966 101 recipes
391 2966 95 39 and
512 2975 259 37 processes.

357 3022 216 39 “Partial
601 3023 85 38 list
713 3022 50 38 of
791 3021 291 42 authorities
1112 3023 275 39 consulted”;
1445 3025 84 39 4th
1558 3026 185 47 prelim,
1770 3025 114 42 leaf.

286 3078 50 51 ©
366 3083 109 38 Dec.
504 3081 69 47 31,
601 3080 113 41 1934;
770 3080 66 40 2c.
866 3083 95 37 and
988 3080 80 41 aff.
1094 3081 108 40 Jan.
1230 3082 41 48 2,
1301 3080 112 41 1935;
1470 3082 42 39 A
1539 3082 141 42 77971;
1739 3085 214 39 Norman
1981 3084 70 40 W.
2082 3083 188 48 Henley

352 3139 106 46 pub.
487 3147 67 30 co.
624 3138 220 48 (35-542)

285 3212 181 67 Hunt,
493 3213 152 55 Alva
670 3215 238 63 Roscoe,
939 3218 169 51 1862-

357 3289 356 54 Revelations
754 3289 336 69 concerning
1123 3307 200 50 money
1360 3290 111 52 and
1507 3290 270 70 banking,
1813 3290 140 55 with
1989 3288 279 70 proposed

289 3363 1954 146 reforms; a brief for the people, by Alva R. Hunt … Philadelphia,
465 3443 286 52 Dorrance
775 3444 46 49 &
844 3458 291 53 company,
1161 3443 105 52 inc.
1299 3445 173 66 [1934]

355 3512 56 40 88
439 3523 41 37 p.
541 3512 55 40 19½
628 3515 44 21 cm
677 3544 8 8 .

286 3568 50 51 ©
369 3573 115 39 Nov.
517 3572 68 46 22,
619 3572 113 39 1934;
792 3571 66 40 2c.
892 3572 109 39 Dec.
1035 3573 54 39 31;
1152 3571 80 41 aff.
1266 3573 107 39 Jan.
1405 3574 41 45 3;,
1480 3573 113 42 1935;
1657 3576 41 38 A
1731 3575 141 40 78812;
1935 3574 52 38 A.
2024 3574 55 38 R.
2115 3573 151 49 Hunt,

353 3628 266 47 Litchfield,
646 3628 147 39 Minn.
865 3627 218 49 (35-537)

284 3704 245 64 Hutton,
559 3704 217 52 Althea
803 3702 314 57 Swinford.

412 3775 1855 75 … To Virginia, by Althea Swinford Hutton. Philadelphia,
281 3855 288 54 Dorrance
596 3856 44 50 &
667 3874 294 50 company,
990 3856 107 53 inc.
1131 3888 13 35 [
1147 3861 20 22 c
1171 3859 151 63 1935]

351 3926 55 41 63
429 3938 44 37 p.
533 3928 54 40 19½
621 3929 43 22 cm
667 3959 10 9 .
747 3926 402 50 (Contemporary
1173 3932 135 44 poets
1336 3927 51 41 of
1411 3926 259 49 Dorrance,
1697 3927 108 50 128)

284 3982 51 53 ©
361 3987 111 39 Dec.
499 3986 67 47 15,
593 3985 140 48 1934;
760 3987 67 40 2c.
855 3988 109 38 Dec.
993 3987 81 46 31;
1103 3986 81 40 aff.
1212 3987 107 39 Jan.
1343 3987 41 47 3,
1411 3985 113 41 1935;
1581 3986 42 41 A
1647 3986 142 41 78813;
1846 3989 249 39 Dorrance
2123 3988 35 39 &
2183 3996 83 33 co.,

351 4041 89 41 inc.
511 4043 219 47 (35-510)
