2424 4375
1092 4026 132 51 1867

178 406 279 53 National
481 406 146 54 laws
649 406 115 53 and
790 405 158 53 rules
973 405 356 54 committee.

247 484 120 53 The
395 483 137 54 laws
561 483 63 54 of
652 483 285 66 duplicate
965 487 253 48 contract
1245 481 229 67 bridge;
1506 480 289 68 duplicate
1822 486 345 49 movements

176 560 112 53 and
310 560 243 67 scoring,
574 566 171 61 party
767 565 252 47 contract
1040 559 219 68 bridge,
1282 560 354 66 progressive
1659 558 111 53 and
1794 558 161 68 pivot;

176 553 1967 138 effective
331 638 307 53 December
676 641 50 64 2,
769 640 161 64 1935;
974 637 290 68 approved
1306 637 113 52 and
1461 637 247 67 adopted
1747 636 75 67 by
1862 634 301 55 American

176 716 201 68 bridge
415 717 216 68 league,
671 715 303 54 American
1018 716 166 52 whist
1223 719 215 64 league,
1478 713 217 56 United
1738 714 189 55 States
1966 713 200 68 bridge

177 792 352 57 association.
605 793 270 54 National
915 796 136 50 laws
1089 793 111 53 and
1240 793 149 55 rules
1427 793 336 66 committee,
1799 792 260 55 William
2100 794 65 51 E.

177 871 1987 68 McKenney, chairman … Philadelphia, Chicago, The John C.
176 951 263 55 Winston
475 968 278 49 company
811 954 156 48 [c1935]

249 1021 98 48 xix,
377 1019 54 41 91
461 1030 43 38 p.
563 1018 116 42 19cm.

245 1076 72 42 On
343 1086 141 32 cover:
538 1076 118 41 New
682 1075 115 42 1935
822 1077 285 40 authorized
1134 1078 134 40 laws.

180 1146 52 53 ©
258 1152 110 38 Dec.
393 1149 38 48 2,
460 1149 137 47 1935;
625 1149 66 40 2c.
718 1150 109 39 Dec.
854 1148 51 47 6;
931 1148 82 41 aff.
1040 1150 111 39 Dec.
1178 1149 51 42 5;
1260 1150 39 38 A
1326 1149 142 40 89735:
1525 1150 128 39 Natl.
1683 1150 121 39 laws
1830 1149 36 40 &
1893 1149 129 39 rules
249 1157 1901 91 committee.
463 1206 353 49 Philadelphia.
889 1206 220 47 (36-291)

176 1308 324 66 Needham,
531 1309 204 53 James
763 1309 244 64 George,
1041 1312 170 51 1868-

246 1385 123 53 The
392 1384 232 70 biology
652 1383 65 54 of
742 1384 271 70 mayflies,
1042 1384 140 53 with
1211 1402 31 35 a
1270 1383 325 71 systematic
1624 1391 235 46 account
1889 1384 65 53 of
1980 1383 185 55 North

175 1460 1928 72 American species, by James G. Needham … Jay R. Traver …
199 1538 1966 71 [and] Yin-chi Hsu … assisted by specialists in certain subjects.
176 1617 217 68 Ithaca,
420 1618 69 52 N.
519 1617 93 66 Y.,
639 1615 300 55 Comstock
967 1616 338 69 publishing
1331 1634 298 51 company,
1657 1616 127 69 inc.,
1817 1620 151 50 1935.

247 1687 1365 51 xiv p., 1 l., 759 p. incl. col. front., illus., diagrs. 24½cm.
250 1745 372 49 Bibliography:
657 1756 44 38 p.
732 1746 228 46 741-749;
998 1744 247 42 “Selected
1276 1744 365 49 bibliography”
1677 1748 54 39 at
1763 1746 80 41 the
1876 1747 90 39 end
2002 1746 53 40 of
2090 1745 78 40 the

179 1802 199 48 chapter
402 1813 59 30 on
487 1802 128 42 “The
638 1802 329 42 musculature
994 1803 53 39 of
1072 1803 82 40 the
1181 1801 219 45 thorax”.

181 1871 51 53 ©
260 1877 110 38 Dec.
400 1875 67 48 10,
497 1876 140 40 1935;
667 1875 67 41 2c.
764 1876 109 39 Dec.
904 1876 81 40 14:
1017 1874 81 41 aff.
1129 1875 108 40 Jan.
1300 1906 7 11 8,
1334 1874 139 48 1936;
1504 1876 40 38 A
1574 1874 169 43 89852:
1776 1875 254 41 Comstock
2061 1875 107 49 pub.

250 1942 64 30 co.,
360 1933 87 39 inc.
517 1932 220 48 (36-203)

177 2034 145 54 New
349 2036 160 51 York
539 2036 166 53 stock
736 2036 266 52 transfer
1030 2035 376 55 association.

249 2111 389 55 Certification
685 2113 180 53 forms
908 2113 95 52 for
1047 2113 209 53 waiver
1299 2112 63 52 of
1406 2113 218 52 federal
1668 2114 111 52 and
1824 2115 137 52 New
2007 2113 161 53 York

179 2197 142 46 state
369 2191 156 53 stock
572 2191 252 52 transfer
869 2195 115 62 tax,
1031 2192 279 66 prepared
1356 2192 74 66 by
1476 2192 94 51 the
1618 2192 135 52 New
1803 2192 162 52 York
2011 2193 157 51 stock

178 2269 250 52 transfer
455 2269 334 53 association
817 2269 93 52 for
935 2270 93 51 the
1054 2287 94 35 use
1177 2269 62 52 of
1266 2269 71 54 its
1365 2270 273 51 members
1666 2288 59 34 as
1753 2288 27 33 a
1810 2272 359 64 supplement

179 2352 57 46 to
271 2347 94 52 the
402 2347 159 53 stock
595 2347 251 52 transfer
883 2346 171 68 guide
1093 2348 110 51 and
1243 2347 226 66 sendee,
1507 2345 170 69 April
1720 2352 46 54 1,
1806 2351 148 49 1935.
2030 2349 137 52 New

180 2425 176 65 York,
386 2424 250 68 Chicago
670 2430 136 62 [etc.]
843 2425 321 53 Commerce
1194 2425 253 67 clearing
1474 2426 189 64 house,
1690 2426 106 52 inc.,
1845 2427 176 51 Loose
2051 2425 117 53 leaf

178 2501 207 54 service
428 2503 264 65 division,
733 2503 119 51 The
895 2503 380 67 Corporation
1316 2506 148 49 trust
1504 2521 279 49 company
1831 2507 173 63 [c1935]

254 2575 57 40 72,
336 2586 42 37 p.
436 2575 115 40 23cm.

182 2627 51 52 ©
265 2632 111 47 Apr.
413 2632 67 47 13,
514 2631 140 42 1935;
690 2631 66 40 2c.
792 2632 111 48 Apr.
939 2630 80 47 19;
1056 2631 81 40 aff.
1172 2632 112 47 Apr.
1319 2632 81 45 18;
1438 2632 39 38 A
1512 2632 168 42 81513;
1717 2632 116 39 New
1868 2632 130 38 York
2032 2633 137 39 stock

252 2682 1146 52 transfer assn., ℅ H. B. Smith. New York.
179 2784 258 69 Nichols,
464 2789 225 64 Egbert
715 2791 147 62 Ray,
889 2793 171 50 1884-
1270 2790 83 53 ed.

181 2864 1962 130 … Congress or the Supreme court; which shall rule America?
363 2943 350 68 Containing
736 2943 96 52 the
856 2943 287 68 principal
1169 2948 325 64 arguments
1519 2943 135 53 both
1684 2943 94 52 for
1804 2943 109 53 and
1942 2943 221 69 against

180 3019 92 52 the
328 3021 384 68 proposition:
765 3021 279 53 Resolved
1099 3021 128 53 that
1282 3021 279 69 Congress
1616 3021 203 53 should
1876 3021 141 52 have
2073 3021 91 52 the

182 3114 186 49 power
406 3103 58 49 to
505 3098 298 68 over-ride,
841 3099 74 68 by
957 3118 31 33 a
1028 3098 327 53 two-thirds
1394 3098 272 69 majority
1709 3104 143 62 vote,
1890 3098 166 53 decisi
2067 3117 98 34 ono

181 3173 61 52 of
276 3175 95 54 the
405 3175 274 68 Supreme
714 3181 160 48 court
908 3176 293 69 declaring
1233 3176 137 54 laws
1405 3176 201 69 passed
1642 3177 74 67 by
1752 3176 279 68 Congress

182 3196 1957 127 unconstitutional, compiled and edited by Egbert Ray Nichols …
183 3328 132 53 New
345 3329 162 53 York
535 3328 133 69 city,
696 3330 180 53 Noble
906 3332 112 51 and
1048 3330 198 68 Noble,
1276 3330 107 55 inc.
1436 3335 174 64 [c1935]

251 3401 61 47 iv,
338 3402 85 40 476
450 3412 42 38 p.
547 3402 56 41 20½cm.
759 3403 122 46 (The
911 3403 278 49 University
1217 3404 238 42 debaters’
1485 3405 109 49 help
1623 3405 134 41 book.
1816 3405 88 42 vol.
1981 3408 14 46 II)

252 3457 370 50 Bibliography:
654 3470 42 38 p.
726 3459 215 41 445-476.

185 3510 51 52 ©
269 3516 109 39 Dec.
411 3516 39 42 6,
484 3516 115 39 1935;
657 3517 65 39 2c.
758 3517 95 39 and
884 3516 79 40 aff.
1002 3518 109 39 Dec.
1144 3516 81 44 19;
1262 3519 39 38 A
1335 3517 169 43 89937:
1542 3519 149 39 Noble
1725 3520 95 38 and
1856 3520 163 46 Noble,
251 3519 1897 97 publishers,
468 3572 89 40 inc.
625 3572 220 48 (36-382)

184 3669 330 68 Patterson,
545 3674 233 53 Samuel
810 3673 213 65 White,
1057 3680 167 49 1883-

253 3746 113 56 Old
392 3749 233 55 Chelsea
651 3752 111 52 and
791 3750 164 57 Saint
980 3752 214 54 Peter’s
1218 3754 208 51 church;
1483 3754 95 51 the
1603 3754 315 54 centennial
1944 3754 220 66 history

184 3822 1979 73 of a New York parish, by Samuel White Patterson … New
187 3898 174 71 York,
389 3903 120 53 The
535 3903 255 55 Friebele
818 3923 172 49 press,
1020 3909 148 51 1935.
