2424 4375
1086 4006 97 49 595

130 419 178 65 Odell,
341 419 245 55 Charles
612 420 281 62 Watters,
926 423 170 49 1891-

264 507 1796 66 … Statistical method in education, by Charles W. Odell …
130 586 137 52 New
317 586 179 66 York,
542 585 258 66 London,
847 586 70 51 D.
965 585 579 66 Appleton-Century
1594 602 295 49 company,
129 584 1966 147 incorporated
408 666 172 64 [c1935]

201 747 1910 49 XX, 457 p. incl. illus., tables, diagrs. 20½cm. (Century education series)
202 820 38 37 A
268 818 208 40 revision
502 819 51 39 of
578 819 80 39 the
685 818 216 40 author’s
923 816 177 41 earlier
1126 817 134 40 work
1287 817 201 41 entitled
1516 817 318 40 Educational
1866 817 251 39 statistics.

204 874 232 40 “General
467 872 394 50 bibliography”:
891 884 41 38 p.
962 874 230 45 435-438;
1221 872 397 48 bibliographical
1653 872 274 40 foot-notes.

132 941 52 52 ©
212 946 122 38 Mar.
361 944 69 47 27,
459 943 139 47 1935;
628 942 67 41 2c.
725 945 112 46 Apr.
867 946 50 40 1;
951 943 82 40 aff.
1061 945 113 45 Apr.
1205 943 53 43 5;
1288 944 41 37 A
1358 942 170 47 82361;
1559 943 55 38 D.
1645 940 476 49 Appleton-Century

199 1012 82 36 co.,
311 1002 88 39 inc.
471 1000 249 49 (35-6632)

134 1105 333 63 Patterson,
500 1105 279 63 Sterling.

202 1182 172 52 Week
406 1182 108 51 end
546 1181 347 67 gardening;
928 1201 27 33 a
994 1181 143 53 book
1170 1181 269 66 designed
1472 1187 58 46 to
1567 1181 61 52 be
1661 1180 188 52 useful
1881 1187 57 45 to
133 1198 1964 113 amateur

311 1258 188 52 flower
553 1276 247 48 growers
855 1259 182 51 whose
1092 1258 319 66 gardening
1465 1260 135 51 time
1652 1260 48 51 is
1754 1258 241 64 limited,
2046 1258 73 65 by

134 1334 254 67 Sterling
434 1336 331 63 Patterson;
813 1335 393 66 photographs
1253 1335 111 53 and
1412 1336 114 53 line
1572 1335 288 66 drawings
1906 1335 76 67 by
2026 1336 95 51 the

132 1412 220 52 author.
422 1413 138 52 New
595 1412 179 65 York,
807 1413 120 52 The
963 1412 333 52 Macmillan
1331 1430 296 48 company,
1663 1416 150 48 1935.

236 1498 1179 49 x p., 1 l., 255 p. front., illus., plates. 20½cm.
133 1565 52 52 ©
211 1570 112 47 Apr.
352 1569 69 45 23,
449 1567 140 43 1935;
618 1568 68 40 2c.
713 1569 96 39 and
839 1567 81 40 aff.
948 1569 113 46 Apr.
1090 1567 83 48 24;
1204 1568 40 38 A
1274 1568 169 46 82656;
1476 1567 281 40 Macmillan
1785 1578 67 29 co.

212 1625 248 48 (35-6643)

133 1727 224 63 Ripley,
390 1729 314 64 Clements,
737 1733 168 50 1892-

203 1806 236 52 Murder
498 1806 175 54 walks
732 1807 176 62 alone,
969 1807 72 66 by
1102 1806 285 55 Clements
1446 1805 224 68 Ripley.
1746 1808 136 52 New
1951 1808 170 54 York.

134 1886 54 53 J.
223 1886 267 64 Messner,
522 1884 106 54 inc.
684 1889 154 48 [c1935]

207 1971 616 49 4 p. l., 7-284 p. 19½cm.
135 2040 52 52 ©
211 2045 111 45 Apr.
349 2041 69 49 29,
472 2043 112 46 1935;
610 2042 67 40 2c.
705 2044 115 46 May
843 2042 80 46 13;
953 2041 81 41 aff.
1062 2043 116 46 May
1202 2041 56 40 10;
1312 2043 40 37 A
1379 2041 170 47 81764;
1578 2042 172 40 Julian
1774 2043 231 45 Messner,
2033 2044 91 39 inc.

216 2099 249 49 (35-6649)

137 2202 313 66 Robinson,
478 2203 279 54 Rowland
787 2205 216 63 Evans,
1035 2209 324 49 1833-1900.

269 2277 1855 70 … Dan vis folks, and A hero of Ticonderoga; foreword by
138 2356 217 52 Walter
391 2356 279 54 Prichard
707 2356 215 67 Eaton;
957 2356 386 53 introduction
1378 2356 73 68 by
1488 2356 152 54 John
1680 2356 226 52 Farrar.

137 2356 1964 145 Rutland,
315 2433 114 67 Vt.,
456 2434 122 53 The
601 2433 196 53 Tuttle
823 2451 277 51 company
1132 2435 193 66 [c1934]

206 2517 86 41 287
318 2528 43 38 p.
389 2519 108 39 incl.
522 2520 171 46 plates,
752 2518 148 42 front.
960 2518 115 42 24cm.

206 2589 64 39 At
302 2589 124 39 head
460 2588 52 40 of
546 2589 135 40 title:
721 2589 283 40 Centennial
1041 2590 210 47 edition;
1289 2590 234 41 Rowland
1562 2591 52 41 E.
1653 2591 272 45 Robinson;
1963 2591 159 41 edited

138 2645 60 47 by
225 2645 260 47 Llewellyn
514 2646 55 39 R.
597 2646 217 39 Perkins.

137 2716 52 51 ©
217 2720 98 39 Oct.
342 2721 40 44 1,
407 2718 113 40 1934;
575 2719 67 40 2c.
669 2721 114 46 May
809 2720 68 44 13,
902 2719 118 39 1935;
1073 2719 83 40 aff.
1184 2721 113 46 May
1324 2719 58 39 10;
1433 2721 42 37 A
1500 2720 147 39 81770;
1701 2721 262 46 Llewellyn
1992 2721 134 39 Rood

206 2776 217 46 Perkins,
469 2776 320 47 Middlebury,
834 2776 75 39 Vt.
973 2775 279 48 [Copyright
1298 2777 41 39 is
1386 2776 203 40 claimed
1637 2786 60 30 on
1742 2777 244 39 foreword
2031 2777 95 40 and

203 2832 344 49 introduction]
619 2831 250 49 (35-6768)

271 2935 1852 68 … Uncle Lisha’s outing, The Buttles gals and Along three
140 3009 178 55 rivers;
373 3010 282 55 foreword
678 3011 74 68 by
779 3011 252 53 Edward
1056 3011 69 52 D.
1147 3010 217 55 Collins;
1419 3012 388 54 introduction
1832 3012 74 67 by
1923 3012 202 69 Henry

140 3088 270 68 Wysham
440 3088 221 53 Lanier.
737 3089 273 67 Rutland,
1038 3089 113 67 Vt.,
1179 3089 121 52 The
1327 3090 196 52 Tuttle
1548 3107 275 50 company
1899 3092 151 65 [c1934]

210 3171 87 41 258
323 3185 43 36 p.
398 3173 108 40 incl.
537 3174 142 47 illus.,
709 3174 168 47 plates,
937 3174 150 40 front.
1146 3175 116 40 24cm.

210 3243 64 38 At
308 3243 124 40 head
466 3244 52 39 of
552 3245 135 39 title:
726 3245 283 40 Centennial
1043 3246 210 43 edition:
1291 3247 235 40 Rowland
1563 3248 52 39 E.
1653 3247 270 47 Robinson;
1961 3248 160 40 edited

141 3299 62 46 by
230 3299 261 47 Llewellyn
522 3300 54 40 R.
607 3301 217 40 Perkins.

140 3354 52 52 ©
215 3360 110 38 Dec.
349 3359 68 47 27,
442 3358 139 41 1934;
607 3358 67 41 2c.
700 3361 112 46 May
834 3361 67 40 13.
925 3359 140 47 1935;
1091 3360 82 40 aff.
1199 3362 112 47 May
1335 3361 55 40 10;
1442 3362 40 38 A
1507 3362 46 39 81769
1567 3360 108 47 ;
1704 3362 262 46 Llewellyn
1993 3363 133 39 Rood

209 3416 216 46 Perkins,
458 3416 317 47 Middlebury.
807 3417 73 39 Vt.
946 3417 280 48 [Copyright
1254 3419 44 38 is
1326 3418 203 39 claimed
1561 3429 59 28 on
1652 3418 104 40 The
1785 3419 191 40 Buttles
2006 3419 119 47 gals,

209 3474 155 45 Along
387 3474 135 37 three
546 3472 154 40 rivers;
751 3474 241 39 foreword
1018 3474 94 39 and
1137 3474 345 49 introduction]
1554 3474 249 47 (35-6767)

139 3571 306 67 Rutledge,
479 3574 317 54 Archibald
830 3575 319 65 Hamilton,
1185 3583 170 48 1883-

210 3651 1912 71 When boys go off to school, by Archibald Rutledge … New
145 3728 1281 69 York [etc.] Fleming H. Revell company [c1935]
213 3813 85 38 124
324 3825 43 35 p.
426 3813 57 39 19½cm.

143 3878 52 52 ©
221 3883 113 46 Apr.
361 3883 38 46 6,
427 3881 112 42 1935;
596 3883 65 39 2c.
690 3884 94 38 and
813 3883 80 40 aff.
924 3886 113 46 May
1064 3884 53 47 2;
1147 3885 40 38 A
1216 3885 169 46 81650;
1417 3885 220 49 Fleming
1664 3888 57 38 H.
1753 3887 167 40 Revell
1948 3898 68 29 co.

222 3938 247 48 (35-6638)
