2424 4375
1017 4059 98 51 1769

81 534 95 50 the
202 532 228 65 regular
454 531 236 52 sessions
716 531 63 50 of
808 533 129 48 1933
966 531 111 49 and
1107 533 131 47 1935
1268 529 112 51 and
1405 532 465 63 supplementary

84 547 1960 114 annotations
325 608 152 51 from
508 611 99 49 343
640 606 93 53 Ill.
765 609 99 49 443
894 612 58 49 to
984 607 107 50 end
1122 607 63 51 of
1217 608 103 49 360
1348 606 122 59 Ill.;
1505 609 100 51 261
1637 607 94 52 Ill.
1763 608 154 65 App.
1953 611 26 47 1
2011 613 57 48 to

84 687 106 51 end
220 686 63 53 of
310 688 102 49 280
439 684 92 53 Ill.
561 685 183 66 App.;
780 689 26 46 1
838 686 61 51 F.
930 702 161 49 supp.
1125 691 26 46 1
1182 686 55 49 to
1266 684 108 51 end
1403 683 63 53 of
1498 687 63 49 10
1588 686 64 51 F.
1682 703 194 48 supp.;
1910 689 65 48 50
2004 687 64 52 F.

97 764 126 66 (2d)
275 770 25 46 1
338 769 60 46 to
434 763 107 52 end
579 762 62 52 of
677 765 66 52 76
782 764 65 51 F.
895 762 127 66 (2d);
1100 761 101 53 287
1238 762 70 53 U.
1351 762 54 54 S.
1449 765 26 47 1
1514 766 56 50 to
1606 765 100 48 295
1744 764 71 53 U.
1856 764 55 54 S.
1949 767 115 49 392.

87 839 1924 68 Compiled and edited by Basil Jones and Charles Ulrich …
85 919 267 66 Chicago,
381 918 320 65 Callaghan
729 918 112 52 and
869 936 294 47 company,
1193 921 150 49 1935.

153 989 726 50 2 p. l., iii-iv, 1444 p 27 cm .
87 1044 52 53 ©
174 1050 116 38 Nov.
328 1048 69 46 26,
435 1046 139 47 1935;
614 1047 64 39 2c.
719 1046 93 40 and
849 1047 81 38 aff.
969 1047 116 38 Nov.
1123 1045 81 46 29;
1246 1046 39 39 A
1324 1046 169 42 88443;
1536 1047 271 48 Callaghan
1844 1048 37 39 &
1917 1058 67 31 co.

85 1178 428 53 International
555 1178 222 65 clinics;
824 1197 28 33 a
897 1178 290 67 quarterly
1230 1178 62 51 of
1335 1178 324 53 illustrated

153 1180 1897 145 clinical lectures and especially prepared original articles … By
154 1260 1896 142 leading
307 1335 273 52 members
634 1333 63 53 of
753 1334 93 51 the
901 1331 239 55 medical
1196 1333 322 66 profession
1572 1336 354 66 throughout
1980 1339 97 51 the

157 1411 1920 66 world. Edited by Louis Hamman … with the collaboration
156 1489 1920 70 of Francis Gilman Blake … Arthur L. Bloomfield … [and
156 1569 206 64 others]
440 1569 220 50 volume
699 1570 48 48 4.
821 1564 342 69 Forty-fifth
1202 1568 185 64 series,
1427 1571 149 50 1935.
1652 1569 425 68 Philadelphia,

156 1643 286 54 Montreal
581 1677 29 33 [etc.]
643 1645 55 53 J.
729 1645 66 51 B.
826 1643 336 66 Lippincott
1189 1661 278 49 company
1681 1679 12 33 [c1935]

155 1718 100 46 viii,
281 1717 76 39 331
393 1728 42 36 p.
492 1717 85 39 col.
607 1715 163 46 front.,
799 1715 155 48 plates
983 1716 48 46 (1
1060 1715 111 47 col.)
1210 1715 177 48 diagrs.
1446 1717 55 39 23
1504 1719 44 21 cm
1554 1749 9 8 .

89 1770 51 52 ©
169 1775 116 38 Nov.
314 1773 69 49 30,
412 1773 139 46 1935;
583 1773 66 39 2c.
676 1772 96 39 and
801 1771 80 40 aff.
912 1772 111 39 Dec.
1054 1772 81 46 10;
1167 1772 40 38 A
1235 1772 169 48 89765;
1438 1774 43 39 J.
1512 1775 53 39 B.
1596 1773 275 50 Lippincott
1903 1787 64 29 co.

89 1893 170 52 Iowa.
334 1893 276 65 Supreme
641 1894 174 49 court.

90 1968 1964 146 Reports of cases at law and in equity determined … January,
270 2049 154 64 May,
448 2047 112 51 and
585 2045 329 68 September
935 2052 190 60 terms,
1150 2048 150 64 1934,
1324 2046 112 52 and
1459 2049 262 66 January
1744 2054 161 56 term,
1929 2055 148 50 1935.

93 2127 68 52 U.
187 2125 66 54 G.
279 2123 290 67 Whitney,
593 2129 271 62 reporter.
925 2124 239 52 Volume
1190 2127 116 49 218.
1369 2127 112 50 Des
1507 2127 237 66 Moines,
1771 2129 119 51 The
1920 2130 158 54 State

92 2204 61 51 of
183 2204 154 50 Iowa
373 2235 12 33 [
389 2208 19 20 c
413 2204 151 64 1935]

161 2275 133 47 xviii,
325 2273 112 41 1492
466 2285 42 36 p.
565 2273 55 40 23
622 2275 44 21 cm
673 2305 7 8 .

95 2328 51 52 ©
176 2334 111 42 May
314 2331 68 47 25,
411 2329 139 48 1935;
578 2331 66 38 2c.
673 2330 116 39 Nov.
818 2328 81 48 29;
930 2329 82 40 aff.
1044 2329 127 47 Sept.
1196 2329 55 39 26;
1310 2331 40 38 A
1377 2331 169 42 88425;
1582 2332 136 41 State
1747 2333 53 40 of
1829 2336 144 40 Iowa.

92 2450 289 64 Jennifer,
407 2450 171 55 June.

163 2525 155 52 Born
356 2532 58 46 to
455 2525 66 53 be
560 2523 109 52 bad
810 2556 12 34 [by]
867 2523 150 53 June
1055 2522 281 54 Jennifer.
1417 2524 155 68 [New
1619 2526 174 68 York]
1840 2527 239 54 Godwin

99 2637 13 35 [
116 2609 19 23 c
140 2605 151 65 1935]

161 2673 218 48 286 p. 19½cm.
95 2729 1988 54 © Dec. 6, 1935; 2c. Dec. 14; aff. Dec. 13; A 88654; Godwin, publishers.
173 2788 278 48 (35-35380)

99 2890 489 65 Katzenelbogen,
618 2890 288 64 Solomon,
940 2893 169 49 1890-

167 2969 120 51 The
333 2967 415 67 cerebrospinal
797 2965 139 52 fluid
985 2966 113 52 and
1146 2966 74 53 its
1268 2967 242 53 relation
1558 2974 57 48 to
1663 2971 97 51 the
1806 2972 197 67 blood;
2056 2994 30 33 a

99 3046 410 69 physiological
546 3045 111 52 and
694 3044 225 52 clinical
956 3045 170 67 study
1265 3078 11 33 [by]
1321 3044 269 55 Solomon
1626 3048 458 71 Katzenelbogen

157 3122 1441 70 … Baltimore, The Johns Hopkins press, 1935.
163 3198 98 42 xix,
289 3198 88 40 468
400 3208 40 37 p.
500 3197 179 48 diagrs.
735 3196 55 41 23½cm.

162 3253 375 50 Bibliography:
569 3264 43 37 p.
643 3251 216 42 399-443.

104 3306 1873 57 © Nov. 16, 1935; 2c. and aff. Dec. 3: A 88679; Johns Hopkins press,
178 3367 278 48 (35-35714)

103 3468 172 65 King,
310 3469 294 64 Clarence,
641 3472 321 50 1842-1901.

171 3544 497 68 Mountaineering
697 3545 61 52 in
789 3545 93 52 the
914 3543 193 55 Sierra
1140 3544 250 69 Nevada,
1425 3547 71 67 by
1531 3546 265 56 Clarence
1830 3552 163 68 King

106 3622 183 54 edited
337 3623 110 52 and
495 3621 139 54 with
683 3639 30 33 a
761 3621 225 69 preface
1032 3621 74 68 by
1154 3622 235 53 Francis
1435 3624 63 51 P.
1550 3625 310 68 Farquhar.
1953 3630 135 55 New

110 3698 170 69 York,
305 3699 87 52 W.
420 3698 87 53 W.
535 3698 219 53 Norton
781 3699 45 49 &
853 3715 293 51 company,
1172 3697 106 56 inc.
1491 3734 12 34 [c1935]

172 3769 888 48 320 p. front. (port.) plates. 22½cm.
174 3826 435 46 “Bibliographical
643 3824 194 41 notes”:
871 3835 42 37 p.
946 3825 216 40 317-320.

111 3878 50 53 ©
186 3884 99 40 Oct.
311 3885 70 46 29,
405 3884 139 46 1935;
574 3884 64 39 2c.
665 3884 111 38 Dec.
804 3882 80 47 11;
914 3882 81 40 aff.
1022 3884 112 39 Dec.
1161 3883 81 48 10;
1271 3885 41 38 A
1336 3885 168 48 88604;
1535 3889 70 39 W.
1635 3890 70 40 W.
1733 3892 185 40 Norton
1946 3895 37 40 &
2008 3906 81 40 co.,

177 3940 86 40 inc.
329 3939 280 51 [Copyright
633 3940 41 39 is
703 3938 204 41 claimed
935 3949 60 29 on
1024 3939 203 42 Preface
1256 3943 95 37 and
1380 3945 151 47 notes]

186 3998 276 46 (35-35677)
