2424 4375
1314 4028 99 50 826

442 475 79 47 (In
551 470 279 51 Pearson’s,
857 471 132 52 May,
1020 471 141 50 1935)

366 540 1991 52 © 1c. June 28, 1935; A ad int. 20352; pubd. May 1; R. Campbell,
434 600 300 47 Folkestone,
766 601 142 46 Kent,
938 600 235 49 England.

364 703 245 65 Cherry,
638 704 257 53 Thomas
923 704 365 56 Crittenden.

433 780 334 68 Kentucky;
806 782 94 52 the
934 781 230 67 pioneer
1199 786 146 49 state
1378 781 64 53 of
1474 782 97 52 the
1603 782 177 65 West,
1813 782 76 65 by

1923 782 247 53 Thomas
364 782 1968 129 Crittenden
604 858 250 67 Cherry;
889 858 139 54 with
1060 858 389 54 introduction
1479 859 75 65 by
1587 859 165 53 Irvin
1788 859 57 55 S.
1881 859 174 55 Cobb.
2125 861 230 65 Boston,

365 935 139 53 New
534 935 162 53 York
837 969 27 34 [etc.]
897 936 71 51 D.
1002 936 63 55 C.
1097 935 192 53 Heath
1319 937 112 51 and
1461 954 279 49 company
1815 939 150 63 [c1935]

435 1008 81 47 vii,
551 1009 70 50 [1],
650 1008 85 41 374
762 1018 45 38 p.
863 1009 164 47 front.,
1056 1008 127 41 illus.
1213 1007 131 49 (incl.
1378 1010 174 48 ports.)
1589 1019 137 39 maps
1754 1009 47 48 (1
1834 1007 144 48 fold.)
2046 1006 54 42 19½
2133 1011 42 21 cm
2182 1041 7 7 .

367 1074 53 53 ©
449 1079 113 47 May
588 1077 69 48 25,
686 1078 139 46 1935;
855 1078 66 40 2c.
950 1078 126 41 June
1103 1078 83 46 21;
1217 1077 82 41 aff.
1327 1079 129 40 June
1484 1078 82 47 24;
1597 1079 41 39 A
1665 1078 170 46 84388;
1868 1080 55 38 D.
1956 1078 49 42 C.
2036 1078 163 41 Heath
2229 1078 37 40 &
2291 1088 64 31 co.

439 1134 279 51 [Copyright
746 1135 45 40 is:
814 1135 203 40 claimed
1047 1146 63 29 on
1136 1136 207 47 changes
1373 1137 96 39 and
1499 1146 106 29 new
1633 1138 193 47 matter]

449 1191 250 49 (35-8942)

365 1295 248 54 Chester
641 1299 220 60 county
884 1296 342 53 mushroom
1253 1295 407 67 laboratories,
1690 1298 155 52 West
1874 1297 251 65 Chester,
2150 1300 100 51 Pa.

435 1372 1860 68 Manual of mushroom culture, by G. Raymond Rettew …
367 1448 1989 70 Otis E. Gahm … [ and] Floyd W. Divine … West Chester,
366 1527 119 62 Pa.,
513 1527 235 55 Chester
775 1532 208 63 county
1009 1529 327 52 mushroom
1361 1528 369 53 laboratories
1805 1531 151 62 [c1935]

434 1600 84 41 106
547 1610 41 38 p.
647 1601 128 39 illus.
803 1600 131 47 (incl.
965 1600 166 48 plans)
1197 1600 58 41 20½
1284 1603 45 21 cm
1334 1632 8 9 .

437 1656 74 39 An
536 1657 229 47 enlarged
792 1656 182 42 edition
1001 1657 52 40 of
1077 1657 82 40 the
1184 1657 194 40 booklet
1404 1655 255 49 published
1685 1655 50 41 in
1763 1655 112 41 1932
1903 1656 154 40 under
2085 1653 106 43 title

367 1655 1975 98 “Successful
574 1714 277 40 mushroom
876 1711 261 51 growing”,
1192 1714 61 48 cf.
1283 1712 230 42 Author’s
1544 1713 122 49 pref.

367 1766 53 53 ©
453 1771 127 39 June
610 1771 70 46 18,
713 1770 140 48 1935;
887 1770 66 40 2c.
990 1771 129 39 June
1148 1771 82 46 21;
1268 1770 82 40 aff.
1385 1771 126 40 June
1546 1769 82 48 20;
1666 1771 39 38 A
1740 1769 168 47 83727;
1947 1768 202 42 Chester
2182 1772 175 45 county

434 1828 277 40 mushroom
743 1827 334 41 laboratories.
1148 1827 249 48 (35-8929)

369 1928 290 66 Coolidge,
688 1931 183 63 Dane,
901 1931 170 54 1873-

499 2005 1856 69 … Wolf’s candle. New York, E. P. Dutton & co., inc., 1935.
438 2079 224 49 256 p. 19½cm.
443 2133 1601 51 “First printing June, 1935 … third printing June, 1935.”
371 2188 53 53 ©
449 2193 115 47 July
592 2192 39 47 2,
658 2192 138 48 1935;
826 2192 65 42 2c.
918 2194 95 39 and
1039 2193 80 39 aff.
1149 2193 116 47 July
1291 2194 25 39 3;
1374 2194 40 38 A
1443 2192 169 46 83882;
1643 2194 51 38 E.
1724 2193 50 39 P.
1803 2193 186 39 Dutton
2018 2192 35 39 &
2080 2201 81 37 co.,
2190 2191 89 39 inc.

450 2249 250 48 (35-9051)

370 2350 275 66 Coutant,
676 2353 196 52 Frank
901 2354 325 61 Raymond,
1258 2357 170 51 1885-

445 2425 1910 72 Simplified market research, by Frank R. Coutant … and
372 2503 1985 71 J. Russell Doubman … Philadelphia, Pa., Walther printing
371 2582 187 69 house,
590 2586 147 49 1935.

441 2654 531 49 4 p. l., 152 p. 19 cm .
444 2711 162 40 “First
641 2710 226 41 edition.”

444 2766 205 41 “Source
686 2767 146 40 books
867 2768 51 39 of
947 2768 336 47 methodology
1318 2768 96 39 and
1448 2767 177 41 results
1659 2768 52 39 of
1745 2766 281 42 research”:
2061 2777 44 38 p.
2140 2765 212 42 151-152.

371 2822 53 53 ©
458 2828 119 38 Mar.
611 2827 71 46 25,
715 2826 140 46 1935;
891 2827 67 39 2c.
993 2827 94 39 and
1123 2826 82 39 aff.
1240 2827 112 47 Apr.
1387 2825 82 47 29;
1506 2826 41 39 A
1580 2825 170 47 82801;
1785 2826 43 40 J.
1864 2826 193 40 Russell
2091 2826 265 45 Doubman,

438 2882 351 50 Philadelphia.
864 2882 248 49 (35-9021)

373 2987 215 65 Droba,
614 2987 208 54 Daniel
848 2989 87 64 D.,
962 2988 82 52 ed.

445 3063 180 54 Czech
664 3066 111 51 and
815 3063 212 57 Slovak
1060 3064 218 54 leaders
1312 3067 62 51 in
1410 3064 405 67 metropolitan
1855 3064 277 67 Chicago;
2172 3084 31 33 a
375 3061 1953 148 biographical

709 3143 170 66 study
915 3142 63 52 of
1013 3145 102 51 300
1149 3142 327 67 prominent
1509 3160 129 34 men
1674 3143 112 51 and
1822 3160 215 35 women
2073 3142 63 52 of
2174 3140 176 55 Czech

377 3218 1968 69 and Slovak descent, edited by Daniel D. Droba … [Chicago]
373 3298 122 52 The
523 3296 266 55 Slavonic
814 3297 127 53 club
966 3298 63 53 of
1055 3298 95 51 the
1178 3298 334 66 University
1540 3298 63 52 of
1631 3296 267 68 Chicago,
1928 3301 147 48 1934.

438 3382 42 35 V,
510 3370 83 40 307
624 3381 43 36 p.
726 3371 126 38 illus.
882 3369 197 48 (ports.)
1144 3370 53 38 21½
1232 3372 42 21 cm
1280 3401 7 8 .

438 3426 373 48 Bibliography:
844 3437 40 36 p.
917 3425 246 50 [298]-299.

373 3478 53 53 ©
454 3483 99 40 Oct.
582 3482 70 45 20,
680 3483 139 43 1934;
850 3483 63 39 2c.
944 3484 108 38 Jan.
1080 3483 69 47 21,
1179 3481 138 47 1935;
1349 3482 80 39 aff.
1463 3483 127 39 June
1614 3481 82 47 21;
1726 3482 41 39 A
1796 3482 168 45 84347;
1998 3480 223 42 Slavonic
2248 3479 103 42 club

442 3540 51 39 of
524 3540 83 39 the
637 3539 138 40 Unir.
808 3540 52 38 of
890 3539 221 48 Chicago,
1143 3539 222 46 Chicago.
1436 3538 250 50 (35-8986)

373 3641 256 64 Dunton,
658 3640 204 66 Nellie,
892 3660 177 48 comp.

445 3716 120 54 The
601 3716 248 69 Spanish
886 3716 239 54 colonial
1163 3721 292 48 ornament
1491 3716 111 54 and
1638 3717 95 53 the
1765 3714 199 54 motifs
2002 3712 255 70 depicted
2294 3711 53 53 in

375 3791 1972 147 the textiles of the period of the American Southwest, compiled and arranged by Nellie Dunton … pt. 1. Philadelphia,
375 3949 75 54 H,
481 3949 59 57 G
570 3949 303 66 Perleberg
904 3952 192 62 [c1935]
