<alto xmlns="http://www.loc.gov/standards/alto/ns-v3#" xmlns:xlink="http://www.w3.org/1999/xlink" xmlns:xsi="http://www.w3.org/2001/XMLSchema-instance" xsi:schemaLocation="http://www.loc.gov/standards/alto/ns-v3# http://www.loc.gov/alto/v3/alto-3-0.xsd"><Description>
<MeasurementUnit>pixel</MeasurementUnit>
<sourceImageInformation>
<fileName>1935_v32_Part1.pdf</fileName>
</sourceImageInformation>
<OCRProcessing ID="IdOcr">
<ocrProcessingStep>
<processingDateTime>2019-01-15</processingDateTime>
<processingSoftware>
<softwareCreator>ABBYY</softwareCreator>
<softwareName>ABBYY Recognition Server</softwareName>
<softwareVersion>4.0</softwareVersion>
</processingSoftware>
</ocrProcessingStep>
</OCRProcessing>
</Description>
<Styles>
<ParagraphStyle ID="StyleId-FFFFFFFF-FFFF-FFFF-FFFF-FFFFFFFFFFFF-" ALIGN="Left" LEFT="0." RIGHT="0." FIRSTLINE="0."/>
<ParagraphStyle ID="StyleId-09A13A44-4F77-4ABE-84F3-84CC8B3C72CE-" ALIGN="Left" LEFT="0." RIGHT="0." FIRSTLINE="0." LINESPACE="7.699999809"/>
<ParagraphStyle ID="StyleId-1F945060-F8CD-4435-B69A-5FF49DB0C586-" ALIGN="Left" LEFT="0." RIGHT="0." FIRSTLINE="-10." LINESPACE="12.19999981"/>
<ParagraphStyle ID="StyleId-C6CAE747-F5A4-4D0D-8D74-D452DA7E2C1C-" ALIGN="Block" LEFT="0." RIGHT="0." FIRSTLINE="-14." LINESPACE="8.350000381"/>
<ParagraphStyle ID="StyleId-FC0F3374-189A-459E-BE29-2DC14180F022-" ALIGN="Left" LEFT="0." RIGHT="0." FIRSTLINE="0."/>
<ParagraphStyle ID="StyleId-49397C49-A894-4B3E-BA5E-1126226BA375-" ALIGN="Left" LEFT="0." RIGHT="0." FIRSTLINE="-12." LINESPACE="11.09000015"/>
<ParagraphStyle ID="StyleId-9E34DD3A-E661-48BD-A3A1-6A3D48346F00-" ALIGN="Block" LEFT="0." RIGHT="0." FIRSTLINE="-14." LINESPACE="11.09000015"/>
<ParagraphStyle ID="StyleId-56CE54AA-A08B-4BAA-8605-F26020A0E36E-" ALIGN="Left" LEFT="0." RIGHT="0." FIRSTLINE="0." LINESPACE="9.399999619"/>
<ParagraphStyle ID="StyleId-77814FFC-C42F-4AA9-9880-EF33B947DEC8-" ALIGN="Left" LEFT="0." RIGHT="0." FIRSTLINE="-11." LINESPACE="11.06999969"/>
<ParagraphStyle ID="StyleId-FDE92EC0-67DC-4C7B-8A24-094B12C38B6C-" ALIGN="Center" LEFT="0." RIGHT="0." FIRSTLINE="0." LINESPACE="11.30000019"/>
<ParagraphStyle ID="StyleId-65180E3B-4C93-4FB8-81EE-E026DD63DBF3-" ALIGN="Left" LEFT="0." RIGHT="0." FIRSTLINE="0." LINESPACE="11.10000038"/>
<ParagraphStyle ID="StyleId-10E885C2-5813-4620-B0AA-0FBA30CF7A32-" ALIGN="Left" LEFT="0." RIGHT="0." FIRSTLINE="0." LINESPACE="9.5"/>
<ParagraphStyle ID="StyleId-913C2DB5-9F02-4067-BAF7-0AED37B60BBE-" ALIGN="Left" LEFT="0." RIGHT="0." FIRSTLINE="0." LINESPACE="6.099999905"/>
<ParagraphStyle ID="StyleId-9C79A9D2-8F08-4A8F-985D-B00E253ED1E5-" ALIGN="Left" LEFT="0." RIGHT="0." FIRSTLINE="0." LINESPACE="4.400000095"/>
<ParagraphStyle ID="StyleId-A41F0407-FEFE-4738-9EC5-E05AFFF62781-" ALIGN="Left" LEFT="0." RIGHT="0." FIRSTLINE="0." LINESPACE="7.300000191"/>
<ParagraphStyle ID="StyleId-61D37176-94E8-408D-9B87-01C406CE8AB2-" ALIGN="Left" LEFT="0." RIGHT="0." FIRSTLINE="0." LINESPACE="8.050000191"/>
</Styles>
<Layout>
<Page ID="Page1728" PHYSICAL_IMG_NR="1728" HEIGHT="4375" WIDTH="2424">
<TopMargin HEIGHT="390" WIDTH="2424" VPOS="0" HPOS="0">
</TopMargin>
<LeftMargin HEIGHT="3686" WIDTH="273" VPOS="390" HPOS="0">
</LeftMargin>
<RightMargin HEIGHT="3686" WIDTH="80" VPOS="390" HPOS="2344">
</RightMargin>
<BottomMargin HEIGHT="299" WIDTH="2424" VPOS="4076" HPOS="0">
</BottomMargin>
<PrintSpace HEIGHT="3686" WIDTH="2071" VPOS="390" HPOS="273">
<TextBlock ID="Page1728_Block1" HEIGHT="74" WIDTH="152" VPOS="4002" HPOS="1226" LANG="en-US" STYLEREFS="StyleId-A67056A0-1DD6-4C17-9B51-4662B5CDA3AE-">
<TextLine HEIGHT="54" WIDTH="133" VPOS="4012" HPOS="1235">
<String CONTENT="1728" HEIGHT="54" WIDTH="133" VPOS="4012" HPOS="1235"/>
</TextLine>
</TextBlock>
<TextBlock ID="Page1728_Block2" HEIGHT="3604" WIDTH="2071" VPOS="390" HPOS="273" LANG="en-US" CS="1" STYLEREFS="StyleId-619E9BAE-8CC1-4FCE-96E2-A6FE20486874-">
<TextLine HEIGHT="67" WIDTH="730" VPOS="399" HPOS="319" STYLEREFS="StyleId-A3E2A74F-1C38-422B-8DDF-2BB29F333E41-">
<String LANG="fr" CONTENT="Vanlande," HEIGHT="66" WIDTH="322" VPOS="399" HPOS="319"/>
<SP HEIGHT="64" WIDTH="28" VPOS="401" HPOS="642"/>
<String LANG="fr" CONTENT="Ren&#233;," HEIGHT="66" WIDTH="178" VPOS="400" HPOS="671"/>
<SP HEIGHT="59" WIDTH="28" VPOS="407" HPOS="850"/>
<String LANG="en-US" CONTENT="1886-" HEIGHT="50" WIDTH="170" VPOS="405" HPOS="879"/>
</TextLine>
<TextLine HEIGHT="69" WIDTH="1764" VPOS="478" HPOS="453" LANG="fr" CS="1">
<String LANG="en-US" CS="1" CONTENT="&#8230;"/>
<SP HEIGHT="55" WIDTH="30" VPOS="479" HPOS="453"/>
<String CONTENT="Comptoirs" HEIGHT="67" WIDTH="326" VPOS="479" HPOS="484"/>
<SP HEIGHT="36" WIDTH="25" VPOS="497" HPOS="811"/>
<String CONTENT="en" HEIGHT="35" WIDTH="67" VPOS="497" HPOS="837"/>
<SP HEIGHT="54" WIDTH="26" VPOS="480" HPOS="905"/>
<String CONTENT="Chine." HEIGHT="55" WIDTH="197" VPOS="479" HPOS="932"/>
<SP HEIGHT="51" WIDTH="61" VPOS="481" HPOS="1130"/>
<String CONTENT="Paris," HEIGHT="65" WIDTH="184" VPOS="479" HPOS="1192"/>
<SP HEIGHT="64" WIDTH="23" VPOS="480" HPOS="1377"/>
<String CONTENT="J." HEIGHT="54" WIDTH="55" VPOS="480" HPOS="1401"/>
<SP HEIGHT="51" WIDTH="27" VPOS="481" HPOS="1457"/>
<String CONTENT="Peyronnet" HEIGHT="64" WIDTH="323" VPOS="481" HPOS="1485"/>
<SP HEIGHT="48" WIDTH="24" VPOS="484" HPOS="1809"/>
<String CONTENT="et" HEIGHT="48" WIDTH="54" VPOS="484" HPOS="1834"/>
<SP HEIGHT="49" WIDTH="24" VPOS="484" HPOS="1889"/>
<String CONTENT="cie." HEIGHT="55" WIDTH="96" VPOS="478" HPOS="1914"/>
<SP HEIGHT="34" WIDTH="32" VPOS="513" HPOS="2011"/>
<String CS="1" CONTENT="["/>
<String STYLE="superscript" CONTENT="c" HEIGHT="21" WIDTH="20" VPOS="486" HPOS="2060"/>
<String CS="1" CONTENT="1935]" HEIGHT="50" WIDTH="131" VPOS="482" HPOS="2086"/>
</TextLine>
<TextLine HEIGHT="51" WIDTH="1912" VPOS="562" HPOS="391" LANG="fr" CS="1">
<String CONTENT="3" HEIGHT="40" WIDTH="26" VPOS="566" HPOS="391"/>
<SP HEIGHT="47" WIDTH="22" VPOS="566" HPOS="418"/>
<String CONTENT="p." HEIGHT="37" WIDTH="44" VPOS="576" HPOS="441"/>
<SP/>
<String CS="1" CONTENT="l.," HEIGHT="18" WIDTH="10" VPOS="595" HPOS="543"/>
<SP HEIGHT="30" WIDTH="26" VPOS="583" HPOS="554"/>
<String CONTENT="[9]-206" HEIGHT="49" WIDTH="175" VPOS="564" HPOS="581"/>
<SP HEIGHT="47" WIDTH="22" VPOS="565" HPOS="757"/>
<String CONTENT="p.," HEIGHT="37" WIDTH="56" VPOS="575" HPOS="780"/>
<SP HEIGHT="46" WIDTH="23" VPOS="565" HPOS="837"/>
<String CONTENT="1" HEIGHT="38" WIDTH="22" VPOS="565" HPOS="861"/>
<SP/>
<String CS="1" CONTENT="l."/>
<SP/>
<String CS="1" CONTENT="front."/>
<SP HEIGHT="47" WIDTH="33" VPOS="564" HPOS="1149"/>
<String CONTENT="(port.)" HEIGHT="49" WIDTH="172" VPOS="563" HPOS="1183"/>
<SP HEIGHT="47" WIDTH="58" VPOS="563" HPOS="1356"/>
<String CONTENT="19" HEIGHT="40" WIDTH="57" VPOS="563" HPOS="1415"/>
<String LANG="en-US" CS="1" CONTENT="&#189;"/>
<String CS="1" CONTENT="cm." HEIGHT="9" WIDTH="9" VPOS="595" HPOS="1550"/>
<SP HEIGHT="48" WIDTH="69" VPOS="563" HPOS="1560"/>
<String CONTENT="(Collection" HEIGHT="49" WIDTH="288" VPOS="562" HPOS="1630"/>
<SP HEIGHT="39" WIDTH="25" VPOS="563" HPOS="1919"/>
<String CONTENT="&#8220;Outre" HEIGHT="42" WIDTH="180" VPOS="563" HPOS="1945"/>
<SP HEIGHT="31" WIDTH="20" VPOS="574" HPOS="2126"/>
<String CONTENT="mer)" HEIGHT="49" WIDTH="156" VPOS="564" HPOS="2147"/>
</TextLine>
<TextLine HEIGHT="53" WIDTH="1908" VPOS="632" HPOS="321" LANG="fr" CS="1">
<String CONTENT="&#169;" HEIGHT="53" WIDTH="53" VPOS="632" HPOS="321"/>
<SP HEIGHT="53" WIDTH="25" VPOS="632" HPOS="375"/>
<String CONTENT="May" HEIGHT="45" WIDTH="113" VPOS="638" HPOS="401"/>
<SP HEIGHT="47" WIDTH="24" VPOS="636" HPOS="515"/>
<String CONTENT="10," HEIGHT="47" WIDTH="70" VPOS="636" HPOS="540"/>
<SP HEIGHT="47" WIDTH="25" VPOS="636" HPOS="611"/>
<String CS="1" CONTENT="1935;" HEIGHT="39" WIDTH="112" VPOS="636" HPOS="637"/>
<SP/>
<String CS="1" CONTENT="1c."/>
<SP HEIGHT="40" WIDTH="27" VPOS="635" HPOS="873"/>
<String CONTENT="Aug." HEIGHT="47" WIDTH="118" VPOS="635" HPOS="901"/>
<SP HEIGHT="39" WIDTH="28" VPOS="635" HPOS="1020"/>
<String CONTENT="29;" HEIGHT="47" WIDTH="81" VPOS="634" HPOS="1049"/>
<SP HEIGHT="46" WIDTH="28" VPOS="635" HPOS="1131"/>
<!-- cceid 9668DCCF-6D82-1014-B070-FDFD250A9EDA --><String CONTENT="A-" HEIGHT="38" WIDTH="102" VPOS="635" HPOS="1160"/>
<String LANG="en-US" CONTENT="Foreign" HEIGHT="48" WIDTH="213" VPOS="634" HPOS="1260"/>
<SP HEIGHT="38" WIDTH="21" VPOS="635" HPOS="1474"/>
<String CONTENT="28914;" HEIGHT="48" WIDTH="170" VPOS="633" HPOS="1496"/>
<SP HEIGHT="46" WIDTH="29" VPOS="635" HPOS="1667"/>
<String CONTENT="J." HEIGHT="39" WIDTH="42" VPOS="635" HPOS="1697"/>
<SP HEIGHT="38" WIDTH="29" VPOS="635" HPOS="1740"/>
<String CONTENT="Peyronnet" HEIGHT="47" WIDTH="271" VPOS="635" HPOS="1770"/>
<SP HEIGHT="38" WIDTH="27" VPOS="637" HPOS="2042"/>
<String CONTENT="et" HEIGHT="39" WIDTH="50" VPOS="636" HPOS="2070"/>
<SP HEIGHT="39" WIDTH="24" VPOS="636" HPOS="2121"/>
<String CONTENT="cie." HEIGHT="42" WIDTH="83" VPOS="633" HPOS="2146"/>
</TextLine>
<TextLine HEIGHT="49" WIDTH="279" VPOS="692" HPOS="401" LANG="fr">
<String CONTENT="(35-35406)" HEIGHT="49" WIDTH="279" VPOS="692" HPOS="401"/>
</TextLine>
<TextLine HEIGHT="67" WIDTH="722" VPOS="817" HPOS="321" STYLEREFS="StyleId-A3E2A74F-1C38-422B-8DDF-2BB29F333E41-" LANG="fr">
<String CONTENT="Weinper," HEIGHT="66" WIDTH="291" VPOS="818" HPOS="321"/>
<SP HEIGHT="65" WIDTH="32" VPOS="819" HPOS="613"/>
<String CONTENT="Zishe," HEIGHT="65" WIDTH="192" VPOS="817" HPOS="646"/>
<SP HEIGHT="61" WIDTH="33" VPOS="821" HPOS="839"/>
<String CONTENT="1893-" HEIGHT="51" WIDTH="170" VPOS="820" HPOS="873"/>
</TextLine>
<TextLine HEIGHT="69" WIDTH="1917" VPOS="892" HPOS="391" STYLEREFS="StyleId-A67056A0-1DD6-4C17-9B51-4662B5CDA3AE-">
<String LANG="fr" CONTENT="At" HEIGHT="54" WIDTH="81" VPOS="894" HPOS="391"/>
<SP HEIGHT="49" WIDTH="35" VPOS="899" HPOS="473"/>
<String CONTENT="the" HEIGHT="52" WIDTH="94" VPOS="895" HPOS="509"/>
<SP HEIGHT="34" WIDTH="36" VPOS="912" HPOS="604"/>
<String CONTENT="rich" HEIGHT="54" WIDTH="123" VPOS="893" HPOS="641"/>
<SP HEIGHT="52" WIDTH="35" VPOS="895" HPOS="765"/>
<String CONTENT="man&#8217;s" HEIGHT="53" WIDTH="176" VPOS="893" HPOS="801"/>
<SP HEIGHT="50" WIDTH="37" VPOS="911" HPOS="978"/>
<String CONTENT="gate;" HEIGHT="62" WIDTH="159" VPOS="899" HPOS="1016"/>
<SP HEIGHT="51" WIDTH="41" VPOS="910" HPOS="1176"/>
<String CONTENT="poems" HEIGHT="51" WIDTH="190" VPOS="910" HPOS="1218"/>
<SP HEIGHT="53" WIDTH="36" VPOS="892" HPOS="1409"/>
<String CONTENT="by" HEIGHT="69" WIDTH="74" VPOS="892" HPOS="1446"/>
<SP HEIGHT="69" WIDTH="38" VPOS="892" HPOS="1521"/>
<String CONTENT="Z." HEIGHT="53" WIDTH="57" VPOS="892" HPOS="1560"/>
<SP HEIGHT="53" WIDTH="39" VPOS="892" HPOS="1618"/>
<String CONTENT="Weinper;" HEIGHT="68" WIDTH="298" VPOS="892" HPOS="1658"/>
<SP HEIGHT="57" WIDTH="43" VPOS="899" HPOS="1957"/>
<String CONTENT="translated" HEIGHT="53" WIDTH="307" VPOS="893" HPOS="2001"/>
</TextLine>
<TextLine HEIGHT="72" WIDTH="1989" VPOS="969" HPOS="321" STYLEREFS="StyleId-A67056A0-1DD6-4C17-9B51-4662B5CDA3AE-">
<String CONTENT="by" HEIGHT="69" WIDTH="72" VPOS="972" HPOS="321"/>
<SP HEIGHT="68" WIDTH="34" VPOS="973" HPOS="394"/>
<String CONTENT="Morton" HEIGHT="52" WIDTH="231" VPOS="973" HPOS="429"/>
<SP HEIGHT="51" WIDTH="37" VPOS="972" HPOS="661"/>
<String CONTENT="Deutsch;" HEIGHT="66" WIDTH="276" VPOS="971" HPOS="699"/>
<SP HEIGHT="67" WIDTH="38" VPOS="970" HPOS="976"/>
<String CONTENT="introduction" HEIGHT="53" WIDTH="386" VPOS="970" HPOS="1015"/>
<SP HEIGHT="52" WIDTH="36" VPOS="970" HPOS="1402"/>
<String CONTENT="by" HEIGHT="69" WIDTH="73" VPOS="970" HPOS="1439"/>
<SP HEIGHT="69" WIDTH="36" VPOS="970" HPOS="1513"/>
<String CONTENT="Isidor" HEIGHT="54" WIDTH="189" VPOS="969" HPOS="1550"/>
<SP HEIGHT="53" WIDTH="37" VPOS="970" HPOS="1740"/>
<String CONTENT="Schneider." HEIGHT="53" WIDTH="323" VPOS="970" HPOS="1778"/>
<SP HEIGHT="51" WIDTH="75" VPOS="971" HPOS="2102"/>
<String CONTENT="New" HEIGHT="53" WIDTH="132" VPOS="971" HPOS="2178"/>
</TextLine>
<TextLine HEIGHT="73" WIDTH="968" VPOS="1045" HPOS="323" STYLEREFS="StyleId-A67056A0-1DD6-4C17-9B51-4662B5CDA3AE-">
<String CONTENT="York," HEIGHT="69" WIDTH="177" VPOS="1049" HPOS="323"/>
<SP HEIGHT="73" WIDTH="31" VPOS="1045" HPOS="501"/>
<String CONTENT="Coward-McCann" HEIGHT="59" WIDTH="527" VPOS="1045" HPOS="533"/>
<SP HEIGHT="51" WIDTH="36" VPOS="1066" HPOS="1061"/>
<String STYLE="subscript" CONTENT="[" HEIGHT="34" WIDTH="12" VPOS="1083" HPOS="1098"/>
<String STYLE="superscript" CONTENT="c" HEIGHT="22" WIDTH="17" VPOS="1055" HPOS="1116"/>
<String CONTENT="1935" HEIGHT="50" WIDTH="132" VPOS="1050" HPOS="1139"/>
<String STYLE="subscript" CONTENT="]" HEIGHT="34" WIDTH="13" VPOS="1082" HPOS="1278"/>
</TextLine>
<TextLine HEIGHT="50" WIDTH="594" VPOS="1135" HPOS="388" CS="1">
<String LANG="en-US" CONTENT="3" HEIGHT="40" WIDTH="28" VPOS="1135" HPOS="388"/>
<SP HEIGHT="50" WIDTH="26" VPOS="1135" HPOS="417"/>
<String LANG="fr" CONTENT="p." HEIGHT="38" WIDTH="44" VPOS="1147" HPOS="444"/>
<SP/>
<String LANG="fr" CS="1" CONTENT="l."/>
<String LANG="en-US" CONTENT="," HEIGHT="16" WIDTH="9" VPOS="1167" HPOS="552"/>
<SP HEIGHT="48" WIDTH="28" VPOS="1135" HPOS="562"/>
<String LANG="en-US" CONTENT="5-62" HEIGHT="40" WIDTH="114" VPOS="1135" HPOS="591"/>
<SP HEIGHT="48" WIDTH="28" VPOS="1135" HPOS="706"/>
<String LANG="en-US" CONTENT="p." HEIGHT="37" WIDTH="41" VPOS="1146" HPOS="735"/>
<SP HEIGHT="40" WIDTH="60" VPOS="1135" HPOS="777"/>
<String LANG="en-US" CS="1" CONTENT="19&#189;cm." HEIGHT="39" WIDTH="144" VPOS="1135" HPOS="838"/>
</TextLine>
<TextLine HEIGHT="54" WIDTH="1989" VPOS="1206" HPOS="322" CS="1">
<String CONTENT="&#169;" HEIGHT="53" WIDTH="53" VPOS="1207" HPOS="322"/>
<SP HEIGHT="53" WIDTH="24" VPOS="1207" HPOS="376"/>
<String CONTENT="Aug." HEIGHT="46" WIDTH="116" VPOS="1212" HPOS="401"/>
<SP HEIGHT="38" WIDTH="29" VPOS="1211" HPOS="518"/>
<String CONTENT="22," HEIGHT="47" WIDTH="70" VPOS="1210" HPOS="548"/>
<SP HEIGHT="47" WIDTH="25" VPOS="1210" HPOS="619"/>
<String CS="1" CONTENT="1935;" HEIGHT="40" WIDTH="117" VPOS="1210" HPOS="645"/>
<SP HEIGHT="46" WIDTH="28" VPOS="1210" HPOS="787"/>
<String CONTENT="2c." HEIGHT="39" WIDTH="66" VPOS="1210" HPOS="816"/>
<SP HEIGHT="29" WIDTH="28" VPOS="1220" HPOS="883"/>
<String CONTENT="and" HEIGHT="40" WIDTH="95" VPOS="1209" HPOS="912"/>
<SP HEIGHT="39" WIDTH="27" VPOS="1209" HPOS="1008"/>
<String CONTENT="aff." HEIGHT="40" WIDTH="81" VPOS="1208" HPOS="1036"/>
<SP HEIGHT="40" WIDTH="26" VPOS="1208" HPOS="1118"/>
<String CONTENT="Aug." HEIGHT="48" WIDTH="120" VPOS="1208" HPOS="1145"/>
<SP HEIGHT="40" WIDTH="27" VPOS="1208" HPOS="1266"/>
<String CS="1" CONTENT="23;" HEIGHT="40" WIDTH="54" VPOS="1208" HPOS="1294"/>
<SP HEIGHT="46" WIDTH="30" VPOS="1208" HPOS="1377"/>
<!-- cceid 966903B1-6D82-1014-B070-FDFD250A9EDA --><String CONTENT="A" HEIGHT="39" WIDTH="39" VPOS="1208" HPOS="1408"/>
<SP HEIGHT="40" WIDTH="27" VPOS="1208" HPOS="1448"/>
<String CS="1" CONTENT="85610;" HEIGHT="40" WIDTH="147" VPOS="1208" HPOS="1476"/>
<SP HEIGHT="44" WIDTH="31" VPOS="1209" HPOS="1647"/>
<String CONTENT="Z." HEIGHT="39" WIDTH="45" VPOS="1209" HPOS="1679"/>
<SP HEIGHT="39" WIDTH="29" VPOS="1209" HPOS="1725"/>
<String CONTENT="Weinper," HEIGHT="50" WIDTH="238" VPOS="1207" HPOS="1755"/>
<SP HEIGHT="46" WIDTH="28" VPOS="1209" HPOS="1994"/>
<String CONTENT="New" HEIGHT="40" WIDTH="116" VPOS="1209" HPOS="2023"/>
<SP HEIGHT="43" WIDTH="25" VPOS="1206" HPOS="2140"/>
<String CONTENT="York." HEIGHT="44" WIDTH="145" VPOS="1206" HPOS="2166"/>
</TextLine>
<TextLine HEIGHT="48" WIDTH="279" VPOS="1267" HPOS="400">
<String CONTENT="(35-23928)" HEIGHT="48" WIDTH="279" VPOS="1267" HPOS="400"/>
</TextLine>
<TextLine HEIGHT="65" WIDTH="767" VPOS="1391" HPOS="320" STYLEREFS="StyleId-A3E2A74F-1C38-422B-8DDF-2BB29F333E41-">
<String CONTENT="Whipple," HEIGHT="64" WIDTH="287" VPOS="1392" HPOS="320"/>
<SP HEIGHT="62" WIDTH="25" VPOS="1394" HPOS="608"/>
<String CONTENT="Mrs." HEIGHT="52" WIDTH="138" VPOS="1394" HPOS="634"/>
<SP HEIGHT="53" WIDTH="27" VPOS="1392" HPOS="773"/>
<String CONTENT="Dorothy." HEIGHT="64" WIDTH="286" VPOS="1391" HPOS="801"/>
</TextLine>
<TextLine HEIGHT="72" WIDTH="1915" VPOS="1465" HPOS="393" STYLEREFS="StyleId-A67056A0-1DD6-4C17-9B51-4662B5CDA3AE-">
<String CONTENT="On" HEIGHT="55" WIDTH="91" VPOS="1469" HPOS="393"/>
<SP HEIGHT="34" WIDTH="46" VPOS="1487" HPOS="485"/>
<String CONTENT="approval," HEIGHT="69" WIDTH="296" VPOS="1468" HPOS="532"/>
<SP HEIGHT="68" WIDTH="42" VPOS="1467" HPOS="829"/>
<String CONTENT="by" HEIGHT="69" WIDTH="74" VPOS="1467" HPOS="872"/>
<SP HEIGHT="69" WIDTH="44" VPOS="1467" HPOS="947"/>
<String CONTENT="Dorothy" HEIGHT="67" WIDTH="263" VPOS="1467" HPOS="992"/>
<SP HEIGHT="67" WIDTH="42" VPOS="1467" HPOS="1256"/>
<String CONTENT="Whipple." HEIGHT="69" WIDTH="292" VPOS="1465" HPOS="1299"/>
<SP HEIGHT="52" WIDTH="78" VPOS="1466" HPOS="1592"/>
<String CONTENT="London," HEIGHT="66" WIDTH="256" VPOS="1466" HPOS="1671"/>
<SP HEIGHT="66" WIDTH="41" VPOS="1466" HPOS="1928"/>
<String CONTENT="J." HEIGHT="53" WIDTH="57" VPOS="1466" HPOS="1970"/>
<SP HEIGHT="53" WIDTH="47" VPOS="1466" HPOS="2028"/>
<String CONTENT="Murray" HEIGHT="69" WIDTH="232" VPOS="1466" HPOS="2076"/>
</TextLine>
<TextLine HEIGHT="63" WIDTH="153" VPOS="1551" HPOS="345" STYLEREFS="StyleId-A67056A0-1DD6-4C17-9B51-4662B5CDA3AE-" CS="1">
<String CS="1" CONTENT="[1935]" HEIGHT="63" WIDTH="153" VPOS="1551" HPOS="345"/>
</TextLine>
<TextLine HEIGHT="51" WIDTH="334" VPOS="1632" HPOS="388" CS="1">
<String CONTENT="308" HEIGHT="42" WIDTH="87" VPOS="1633" HPOS="388"/>
<SP HEIGHT="49" WIDTH="24" VPOS="1634" HPOS="476"/>
<String CONTENT="p." HEIGHT="40" WIDTH="45" VPOS="1643" HPOS="501"/>
<SP HEIGHT="40" WIDTH="58" VPOS="1634" HPOS="547"/>
<String CS="1" CONTENT="19cm." HEIGHT="41" WIDTH="116" VPOS="1632" HPOS="606"/>
</TextLine>
<TextLine HEIGHT="44" WIDTH="365" VPOS="1702" HPOS="393">
<String CONTENT="Short" HEIGHT="42" WIDTH="146" VPOS="1704" HPOS="393"/>
<SP HEIGHT="40" WIDTH="27" VPOS="1705" HPOS="540"/>
<String CONTENT="stories." HEIGHT="43" WIDTH="190" VPOS="1702" HPOS="568"/>
</TextLine>
<TextLine HEIGHT="44" WIDTH="417" VPOS="1772" HPOS="391">
<String CONTENT="&#8220;First" HEIGHT="42" WIDTH="163" VPOS="1774" HPOS="391"/>
<SP HEIGHT="40" WIDTH="24" VPOS="1776" HPOS="555"/>
<String CONTENT="edition.&#8221;" HEIGHT="44" WIDTH="228" VPOS="1772" HPOS="580"/>
</TextLine>
<TextLine HEIGHT="108" WIDTH="1971" VPOS="1843" HPOS="323" CS="1">
<String CONTENT="&#169;" HEIGHT="53" WIDTH="53" VPOS="1843" HPOS="323"/>
<SP HEIGHT="53" WIDTH="22" VPOS="1843" HPOS="377"/>
<String CONTENT="3" HEIGHT="38" WIDTH="18" VPOS="1848" HPOS="400"/>
<SP HEIGHT="39" WIDTH="9" VPOS="1848" HPOS="419"/>
<String CONTENT="c." HEIGHT="29" WIDTH="37" VPOS="1858" HPOS="429"/>
<SP HEIGHT="40" WIDTH="23" VPOS="1847" HPOS="467"/>
<String CONTENT="Nov." HEIGHT="39" WIDTH="117" VPOS="1847" HPOS="491"/>
<SP HEIGHT="39" WIDTH="24" VPOS="1847" HPOS="609"/>
<String CONTENT="30," HEIGHT="49" WIDTH="69" VPOS="1845" HPOS="634"/>
<SP HEIGHT="48" WIDTH="24" VPOS="1846" HPOS="704"/>
<String CONTENT="1935;" HEIGHT="47" WIDTH="142" VPOS="1844" HPOS="729"/>
<SP HEIGHT="47" WIDTH="24" VPOS="1844" HPOS="872"/>
<!-- cceid 96692A5B-6D82-1014-B070-FDFD250A9EDA --><String CONTENT="A" HEIGHT="39" WIDTH="41" VPOS="1844" HPOS="897"/>
<SP HEIGHT="39" WIDTH="23" VPOS="1844" HPOS="939"/>
<String CONTENT="ad" HEIGHT="39" WIDTH="63" VPOS="1844" HPOS="963"/>
<SP HEIGHT="39" WIDTH="24" VPOS="1844" HPOS="1027"/>
<String CONTENT="int." HEIGHT="39" WIDTH="85" VPOS="1844" HPOS="1052"/>
<SP HEIGHT="40" WIDTH="25" VPOS="1843" HPOS="1138"/>
<String CS="1" CONTENT="20833;" HEIGHT="40" WIDTH="142" VPOS="1843" HPOS="1164"/>
<SP HEIGHT="37" WIDTH="26" VPOS="1853" HPOS="1335"/>
<String CONTENT="pubd." HEIGHT="47" WIDTH="141" VPOS="1843" HPOS="1362"/>
<SP HEIGHT="40" WIDTH="28" VPOS="1843" HPOS="1504"/>
<String CONTENT="Oct." HEIGHT="40" WIDTH="101" VPOS="1843" HPOS="1533"/>
<SP HEIGHT="39" WIDTH="26" VPOS="1844" HPOS="1635"/>
<String CONTENT="4;" HEIGHT="44" WIDTH="52" VPOS="1844" HPOS="1662"/>
<SP HEIGHT="43" WIDTH="29" VPOS="1845" HPOS="1715"/>
<String CONTENT="D." HEIGHT="39" WIDTH="57" VPOS="1845" HPOS="1745"/>
<SP HEIGHT="39" WIDTH="26" VPOS="1845" HPOS="1803"/>
<String CONTENT="Whipple," HEIGHT="49" WIDTH="234" VPOS="1844" HPOS="1830"/>
<SP HEIGHT="48" WIDTH="26" VPOS="1845" HPOS="2065"/>
<String CONTENT="Nottingham," HEIGHT="108" WIDTH="1903" VPOS="1843" HPOS="391"/>
<SP HEIGHT="47" WIDTH="26" VPOS="1904" HPOS="517"/>
<String CONTENT="England." HEIGHT="47" WIDTH="234" VPOS="1903" HPOS="544"/>
<SP HEIGHT="47" WIDTH="73" VPOS="1902" HPOS="779"/>
<String CONTENT="(35-37762)" HEIGHT="48" WIDTH="278" VPOS="1901" HPOS="853"/>
<SP HEIGHT="49" WIDTH="943" VPOS="1900" HPOS="1132"/>
<String CONTENT="10999" HEIGHT="43" WIDTH="145" VPOS="1899" HPOS="2076"/>
</TextLine>
<TextLine HEIGHT="69" WIDTH="1991" VPOS="2023" HPOS="319" STYLEREFS="StyleId-A67056A0-1DD6-4C17-9B51-4662B5CDA3AE-">
<String CONTENT="The" HEIGHT="53" WIDTH="123" VPOS="2028" HPOS="319"/>
<SP HEIGHT="53" WIDTH="27" VPOS="2028" HPOS="443"/>
<String CONTENT="White" HEIGHT="56" WIDTH="199" VPOS="2025" HPOS="471"/>
<SP HEIGHT="37" WIDTH="27" VPOS="2043" HPOS="671"/>
<String CONTENT="sea" HEIGHT="34" WIDTH="92" VPOS="2046" HPOS="699"/>
<SP HEIGHT="34" WIDTH="28" VPOS="2045" HPOS="792"/>
<String CONTENT="canal;" HEIGHT="66" WIDTH="189" VPOS="2026" HPOS="821"/>
<SP HEIGHT="66" WIDTH="32" VPOS="2026" HPOS="1011"/>
<String CONTENT="being" HEIGHT="66" WIDTH="171" VPOS="2026" HPOS="1044"/>
<SP HEIGHT="49" WIDTH="28" VPOS="2043" HPOS="1216"/>
<String CONTENT="an" HEIGHT="35" WIDTH="72" VPOS="2043" HPOS="1245"/>
<SP HEIGHT="35" WIDTH="29" VPOS="2043" HPOS="1318"/>
<String CONTENT="account" HEIGHT="48" WIDTH="235" VPOS="2030" HPOS="1348"/>
<SP HEIGHT="47" WIDTH="29" VPOS="2030" HPOS="1584"/>
<String CONTENT="of" HEIGHT="52" WIDTH="64" VPOS="2024" HPOS="1614"/>
<SP HEIGHT="53" WIDTH="29" VPOS="2024" HPOS="1679"/>
<String CONTENT="the" HEIGHT="53" WIDTH="95" VPOS="2025" HPOS="1709"/>
<SP HEIGHT="35" WIDTH="29" VPOS="2043" HPOS="1805"/>
<String CONTENT="construction" HEIGHT="56" WIDTH="381" VPOS="2023" HPOS="1835"/>
<SP HEIGHT="36" WIDTH="30" VPOS="2043" HPOS="2217"/>
<String CONTENT="of" HEIGHT="52" WIDTH="62" VPOS="2027" HPOS="2248"/>
</TextLine>
<TextLine HEIGHT="57" WIDTH="1920" VPOS="2101" HPOS="389" STYLEREFS="StyleId-A67056A0-1DD6-4C17-9B51-4662B5CDA3AE-">
<String CONTENT="the" HEIGHT="53" WIDTH="97" VPOS="2105" HPOS="389"/>
<SP HEIGHT="35" WIDTH="37" VPOS="2123" HPOS="487"/>
<String CONTENT="new" HEIGHT="34" WIDTH="123" VPOS="2123" HPOS="525"/>
<SP HEIGHT="34" WIDTH="40" VPOS="2122" HPOS="649"/>
<String CONTENT="canal" HEIGHT="53" WIDTH="161" VPOS="2104" HPOS="690"/>
<SP HEIGHT="53" WIDTH="39" VPOS="2103" HPOS="852"/>
<String CONTENT="between" HEIGHT="53" WIDTH="249" VPOS="2103" HPOS="892"/>
<SP HEIGHT="49" WIDTH="39" VPOS="2106" HPOS="1142"/>
<String CONTENT="the" HEIGHT="54" WIDTH="95" VPOS="2101" HPOS="1182"/>
<SP HEIGHT="54" WIDTH="35" VPOS="2102" HPOS="1278"/>
<String CONTENT="White" HEIGHT="55" WIDTH="195" VPOS="2101" HPOS="1314"/>
<SP HEIGHT="35" WIDTH="38" VPOS="2120" HPOS="1510"/>
<String CONTENT="sea" HEIGHT="34" WIDTH="91" VPOS="2120" HPOS="1549"/>
<SP HEIGHT="35" WIDTH="40" VPOS="2120" HPOS="1641"/>
<String CONTENT="and" HEIGHT="54" WIDTH="113" VPOS="2101" HPOS="1682"/>
<SP HEIGHT="53" WIDTH="38" VPOS="2101" HPOS="1796"/>
<String CONTENT="the" HEIGHT="54" WIDTH="96" VPOS="2101" HPOS="1835"/>
<SP HEIGHT="52" WIDTH="39" VPOS="2103" HPOS="1932"/>
<String CONTENT="Baltic" HEIGHT="54" WIDTH="189" VPOS="2101" HPOS="1972"/>
<SP HEIGHT="35" WIDTH="38" VPOS="2119" HPOS="2162"/>
<String CONTENT="sea." HEIGHT="35" WIDTH="108" VPOS="2120" HPOS="2201"/>
</TextLine>
<TextLine HEIGHT="72" WIDTH="1914" VPOS="2178" HPOS="391" STYLEREFS="StyleId-A67056A0-1DD6-4C17-9B51-4662B5CDA3AE-" CS="1">
<String CONTENT="written" HEIGHT="54" WIDTH="226" VPOS="2181" HPOS="391"/>
<SP HEIGHT="52" WIDTH="28" VPOS="2182" HPOS="618"/>
<String CONTENT="by" HEIGHT="68" WIDTH="74" VPOS="2182" HPOS="647"/>
<SP HEIGHT="70" WIDTH="24" VPOS="2180" HPOS="722"/>
<String CONTENT="L." HEIGHT="54" WIDTH="64" VPOS="2180" HPOS="747"/>
<SP HEIGHT="55" WIDTH="29" VPOS="2179" HPOS="812"/>
<String CONTENT="Auerbach," HEIGHT="66" WIDTH="318" VPOS="2179" HPOS="842"/>
<SP HEIGHT="64" WIDTH="30" VPOS="2181" HPOS="1161"/>
<String CONTENT="B." HEIGHT="51" WIDTH="68" VPOS="2181" HPOS="1192"/>
<SP HEIGHT="52" WIDTH="30" VPOS="2179" HPOS="1261"/>
<String CONTENT="Agapov," HEIGHT="69" WIDTH="262" VPOS="2179" HPOS="1292"/>
<SP HEIGHT="68" WIDTH="27" VPOS="2178" HPOS="1555"/>
<String CONTENT="S." HEIGHT="56" WIDTH="58" VPOS="2178" HPOS="1583"/>
<SP HEIGHT="54" WIDTH="28" VPOS="2178" HPOS="1642"/>
<String CONTENT="Alimov" HEIGHT="54" WIDTH="233" VPOS="2178" HPOS="1671"/>
<SP HEIGHT="50" WIDTH="31" VPOS="2196" HPOS="1905"/>
<String CS="1" CONTENT="[and" HEIGHT="53" WIDTH="112" VPOS="2179" HPOS="1956"/>
<SP HEIGHT="53" WIDTH="29" VPOS="2179" HPOS="2069"/>
<String CONTENT="others]" HEIGHT="67" WIDTH="206" VPOS="2180" HPOS="2099"/>
</TextLine>
<TextLine HEIGHT="72" WIDTH="1856" VPOS="2255" HPOS="453" STYLEREFS="StyleId-A67056A0-1DD6-4C17-9B51-4662B5CDA3AE-" CS="1">
<String CS="1" CONTENT="&#8230;"/>
<SP HEIGHT="35" WIDTH="40" VPOS="2278" HPOS="453"/>
<String CONTENT="and" HEIGHT="52" WIDTH="113" VPOS="2260" HPOS="494"/>
<SP HEIGHT="52" WIDTH="36" VPOS="2260" HPOS="608"/>
<String CONTENT="edited" HEIGHT="54" WIDTH="189" VPOS="2258" HPOS="645"/>
<SP HEIGHT="53" WIDTH="35" VPOS="2258" HPOS="835"/>
<String CONTENT="by" HEIGHT="69" WIDTH="74" VPOS="2258" HPOS="871"/>
<SP HEIGHT="69" WIDTH="33" VPOS="2258" HPOS="946"/>
<String CONTENT="Maxim" HEIGHT="54" WIDTH="220" VPOS="2256" HPOS="980"/>
<SP HEIGHT="55" WIDTH="38" VPOS="2257" HPOS="1201"/>
<String CONTENT="Gorky" HEIGHT="69" WIDTH="198" VPOS="2256" HPOS="1240"/>
<SP HEIGHT="50" WIDTH="41" VPOS="2275" HPOS="1439"/>
<String CS="1" CONTENT="[pseud.]" HEIGHT="69" WIDTH="216" VPOS="2256" HPOS="1497"/>
<SP HEIGHT="69" WIDTH="39" VPOS="2255" HPOS="1714"/>
<String CONTENT="L." HEIGHT="55" WIDTH="65" VPOS="2255" HPOS="1754"/>
<SP HEIGHT="54" WIDTH="38" VPOS="2256" HPOS="1820"/>
<String CONTENT="Auerbach" HEIGHT="54" WIDTH="301" VPOS="2256" HPOS="1859"/>
<SP HEIGHT="54" WIDTH="36" VPOS="2258" HPOS="2161"/>
<String CONTENT="and" HEIGHT="54" WIDTH="111" VPOS="2258" HPOS="2198"/>
</TextLine>
<TextLine HEIGHT="71" WIDTH="1917" VPOS="2333" HPOS="392" STYLEREFS="StyleId-A67056A0-1DD6-4C17-9B51-4662B5CDA3AE-">
<String LANG="fr" CONTENT="S." HEIGHT="55" WIDTH="58" VPOS="2337" HPOS="392"/>
<SP HEIGHT="56" WIDTH="41" VPOS="2337" HPOS="451"/>
<String CONTENT="G." HEIGHT="56" WIDTH="67" VPOS="2337" HPOS="493"/>
<SP HEIGHT="53" WIDTH="42" VPOS="2337" HPOS="561"/>
<String CONTENT="Firm." HEIGHT="54" WIDTH="183" VPOS="2335" HPOS="604"/>
<SP HEIGHT="54" WIDTH="76" VPOS="2335" HPOS="788"/>
<String CONTENT="English" HEIGHT="70" WIDTH="244" VPOS="2334" HPOS="865"/>
<SP HEIGHT="51" WIDTH="42" VPOS="2336" HPOS="1110"/>
<String CONTENT="edition" HEIGHT="53" WIDTH="216" VPOS="2334" HPOS="1153"/>
<SP HEIGHT="51" WIDTH="41" VPOS="2352" HPOS="1370"/>
<String CONTENT="prepared" HEIGHT="68" WIDTH="279" VPOS="2335" HPOS="1412"/>
<SP HEIGHT="52" WIDTH="41" VPOS="2334" HPOS="1692"/>
<String CONTENT="from" HEIGHT="54" WIDTH="154" VPOS="2334" HPOS="1734"/>
<SP HEIGHT="47" WIDTH="41" VPOS="2341" HPOS="1889"/>
<String CONTENT="the" HEIGHT="54" WIDTH="95" VPOS="2335" HPOS="1931"/>
<SP HEIGHT="53" WIDTH="36" VPOS="2336" HPOS="2027"/>
<String CONTENT="Russian" HEIGHT="56" WIDTH="245" VPOS="2333" HPOS="2064"/>
</TextLine>
<TextLine HEIGHT="71" WIDTH="1916" VPOS="2411" HPOS="390" STYLEREFS="StyleId-A67056A0-1DD6-4C17-9B51-4662B5CDA3AE-">
<String CONTENT="version" HEIGHT="53" WIDTH="221" VPOS="2415" HPOS="390"/>
<SP HEIGHT="35" WIDTH="34" VPOS="2433" HPOS="612"/>
<String CONTENT="and" HEIGHT="54" WIDTH="112" VPOS="2414" HPOS="647"/>
<SP HEIGHT="53" WIDTH="33" VPOS="2414" HPOS="760"/>
<String CONTENT="edited," HEIGHT="69" WIDTH="207" VPOS="2412" HPOS="794"/>
<SP HEIGHT="50" WIDTH="34" VPOS="2431" HPOS="1002"/>
<String CONTENT="with" HEIGHT="55" WIDTH="140" VPOS="2411" HPOS="1037"/>
<SP HEIGHT="53" WIDTH="34" VPOS="2412" HPOS="1178"/>
<String CONTENT="a" HEIGHT="33" WIDTH="31" VPOS="2432" HPOS="1213"/>
<SP HEIGHT="34" WIDTH="31" VPOS="2431" HPOS="1245"/>
<String CONTENT="special" HEIGHT="69" WIDTH="210" VPOS="2411" HPOS="1277"/>
<SP HEIGHT="51" WIDTH="33" VPOS="2412" HPOS="1488"/>
<String CONTENT="introduction," HEIGHT="67" WIDTH="405" VPOS="2412" HPOS="1522"/>
<SP HEIGHT="66" WIDTH="32" VPOS="2413" HPOS="1928"/>
<String CONTENT="by" HEIGHT="69" WIDTH="75" VPOS="2413" HPOS="1961"/>
<SP HEIGHT="69" WIDTH="33" VPOS="2413" HPOS="2037"/>
<String CONTENT="Amabel" HEIGHT="55" WIDTH="235" VPOS="2413" HPOS="2071"/>
</TextLine>
<TextLine HEIGHT="149" WIDTH="1895" VPOS="2489" HPOS="389" STYLEREFS="StyleId-A67056A0-1DD6-4C17-9B51-4662B5CDA3AE-" CS="1">
<String CS="1" CONTENT="Williams-Ellis:" HEIGHT="55" WIDTH="465" VPOS="2491" HPOS="389"/>
<SP HEIGHT="35" WIDTH="32" VPOS="2509" HPOS="882"/>
<String CONTENT="with" HEIGHT="52" WIDTH="137" VPOS="2490" HPOS="915"/>
<SP HEIGHT="52" WIDTH="30" VPOS="2490" HPOS="1053"/>
<String CONTENT="32" HEIGHT="49" WIDTH="66" VPOS="2493" HPOS="1084"/>
<SP HEIGHT="53" WIDTH="31" VPOS="2489" HPOS="1151"/>
<String CONTENT="illustrations" HEIGHT="53" WIDTH="376" VPOS="2489" HPOS="1183"/>
<SP HEIGHT="34" WIDTH="27" VPOS="2509" HPOS="1560"/>
<String CONTENT="and" HEIGHT="53" WIDTH="112" VPOS="2490" HPOS="1588"/>
<SP HEIGHT="53" WIDTH="25" VPOS="2490" HPOS="1701"/>
<String CONTENT="sketch-map." HEIGHT="70" WIDTH="372" VPOS="2490" HPOS="1727"/>
<SP HEIGHT="53" WIDTH="63" VPOS="2492" HPOS="2100"/>
<String CONTENT="London," HEIGHT="146" WIDTH="1895" VPOS="2492" HPOS="389"/>
<SP HEIGHT="67" WIDTH="25" VPOS="2571" HPOS="521"/>
<String CONTENT="John" HEIGHT="56" WIDTH="157" VPOS="2569" HPOS="547"/>
<SP HEIGHT="53" WIDTH="24" VPOS="2569" HPOS="705"/>
<String CONTENT="Lane" HEIGHT="53" WIDTH="155" VPOS="2569" HPOS="730"/>
<SP HEIGHT="48" WIDTH="31" VPOS="2588" HPOS="886"/>
<String CONTENT="[1935]" HEIGHT="65" WIDTH="173" VPOS="2571" HPOS="918"/>
</TextLine>
<TextLine HEIGHT="54" WIDTH="1918" VPOS="2653" HPOS="389" CS="1">
<String CONTENT="3" HEIGHT="40" WIDTH="28" VPOS="2658" HPOS="389"/>
<SP HEIGHT="49" WIDTH="27" VPOS="2658" HPOS="418"/>
<String CONTENT="p." HEIGHT="38" WIDTH="45" VPOS="2669" HPOS="446"/>
<SP/>
<String CS="1" CONTENT="l.,"/>
<SP HEIGHT="50" WIDTH="28" VPOS="2655" HPOS="565"/>
<String CONTENT="ix-xvii" HEIGHT="40" WIDTH="185" VPOS="2655" HPOS="594"/>
<SP HEIGHT="49" WIDTH="27" VPOS="2655" HPOS="780"/>
<String LANG="fr" CONTENT="p.," HEIGHT="38" WIDTH="57" VPOS="2666" HPOS="808"/>
<SP HEIGHT="48" WIDTH="29" VPOS="2655" HPOS="866"/>
<String CONTENT="1" HEIGHT="39" WIDTH="24" VPOS="2655" HPOS="896"/>
<SP/>
<String CS="1" CONTENT="l.," HEIGHT="15" WIDTH="9" VPOS="2686" HPOS="985"/>
<SP HEIGHT="47" WIDTH="26" VPOS="2654" HPOS="995"/>
<String CONTENT="356" HEIGHT="40" WIDTH="87" VPOS="2654" HPOS="1022"/>
<SP HEIGHT="48" WIDTH="25" VPOS="2654" HPOS="1110"/>
<String CONTENT="p." HEIGHT="38" WIDTH="44" VPOS="2664" HPOS="1136"/>
<SP HEIGHT="42" WIDTH="55" VPOS="2653" HPOS="1181"/>
<String CONTENT="front.," HEIGHT="47" WIDTH="164" VPOS="2653" HPOS="1237"/>
<SP HEIGHT="45" WIDTH="27" VPOS="2655" HPOS="1402"/>
<String CONTENT="illus." HEIGHT="42" WIDTH="128" VPOS="2653" HPOS="1430"/>
<SP HEIGHT="48" WIDTH="27" VPOS="2654" HPOS="1559"/>
<String CONTENT="(map)" HEIGHT="50" WIDTH="158" VPOS="2654" HPOS="1587"/>
<SP HEIGHT="48" WIDTH="38" VPOS="2655" HPOS="1746"/>
<String CONTENT="plates," HEIGHT="49" WIDTH="170" VPOS="2654" HPOS="1785"/>
<SP HEIGHT="38" WIDTH="28" VPOS="2666" HPOS="1956"/>
<String CONTENT="ports." HEIGHT="46" WIDTH="148" VPOS="2658" HPOS="1985"/>
<SP HEIGHT="40" WIDTH="57" VPOS="2657" HPOS="2134"/>
<String CS="1" CONTENT="22cm." HEIGHT="41" WIDTH="115" VPOS="2657" HPOS="2192"/>
</TextLine>
<TextLine HEIGHT="49" WIDTH="1914" VPOS="2724" HPOS="390">
<String CONTENT="American" HEIGHT="41" WIDTH="257" VPOS="2727" HPOS="390"/>
<SP HEIGHT="30" WIDTH="40" VPOS="2737" HPOS="648"/>
<String CONTENT="edition" HEIGHT="42" WIDTH="183" VPOS="2725" HPOS="689"/>
<SP HEIGHT="46" WIDTH="50" VPOS="2727" HPOS="873"/>
<String CONTENT="(New" HEIGHT="48" WIDTH="140" VPOS="2725" HPOS="924"/>
<SP HEIGHT="38" WIDTH="40" VPOS="2725" HPOS="1065"/>
<String CONTENT="York," HEIGHT="46" WIDTH="143" VPOS="2725" HPOS="1106"/>
<SP HEIGHT="46" WIDTH="41" VPOS="2725" HPOS="1250"/>
<String CONTENT="H." HEIGHT="39" WIDTH="60" VPOS="2725" HPOS="1292"/>
<SP HEIGHT="40" WIDTH="42" VPOS="2724" HPOS="1353"/>
<String CONTENT="Smith" HEIGHT="40" WIDTH="157" VPOS="2724" HPOS="1396"/>
<SP HEIGHT="39" WIDTH="40" VPOS="2725" HPOS="1554"/>
<String CONTENT="and" HEIGHT="40" WIDTH="97" VPOS="2724" HPOS="1595"/>
<SP HEIGHT="39" WIDTH="39" VPOS="2724" HPOS="1693"/>
<String CONTENT="R." HEIGHT="39" WIDTH="54" VPOS="2725" HPOS="1733"/>
<SP HEIGHT="39" WIDTH="40" VPOS="2725" HPOS="1788"/>
<String CONTENT="Haas)" HEIGHT="48" WIDTH="160" VPOS="2725" HPOS="1829"/>
<SP HEIGHT="46" WIDTH="49" VPOS="2727" HPOS="1990"/>
<String CONTENT="has" HEIGHT="39" WIDTH="89" VPOS="2727" HPOS="2040"/>
<SP HEIGHT="38" WIDTH="40" VPOS="2729" HPOS="2130"/>
<String CONTENT="title:" HEIGHT="39" WIDTH="133" VPOS="2728" HPOS="2171"/>
</TextLine>
<TextLine HEIGHT="50" WIDTH="1983" VPOS="2779" HPOS="322" CS="1">
<String CS="1" CONTENT="Belomor;" HEIGHT="43" WIDTH="222" VPOS="2782" HPOS="322"/>
<SP HEIGHT="36" WIDTH="30" VPOS="2793" HPOS="571"/>
<String CONTENT="an" HEIGHT="30" WIDTH="63" VPOS="2793" HPOS="602"/>
<SP HEIGHT="30" WIDTH="29" VPOS="2792" HPOS="666"/>
<String CONTENT="account" HEIGHT="39" WIDTH="203" VPOS="2783" HPOS="696"/>
<SP HEIGHT="39" WIDTH="29" VPOS="2783" HPOS="900"/>
<String CONTENT="of" HEIGHT="41" WIDTH="52" VPOS="2781" HPOS="930"/>
<SP HEIGHT="40" WIDTH="28" VPOS="2781" HPOS="983"/>
<String CONTENT="the" HEIGHT="42" WIDTH="82" VPOS="2780" HPOS="1012"/>
<SP HEIGHT="31" WIDTH="27" VPOS="2791" HPOS="1095"/>
<String CONTENT="construction" HEIGHT="42" WIDTH="330" VPOS="2779" HPOS="1123"/>
<SP HEIGHT="30" WIDTH="29" VPOS="2791" HPOS="1454"/>
<String CONTENT="of" HEIGHT="42" WIDTH="53" VPOS="2779" HPOS="1484"/>
<SP HEIGHT="41" WIDTH="28" VPOS="2779" HPOS="1538"/>
<String CONTENT="the" HEIGHT="41" WIDTH="81" VPOS="2781" HPOS="1567"/>
<SP HEIGHT="31" WIDTH="27" VPOS="2791" HPOS="1649"/>
<String CONTENT="new" HEIGHT="31" WIDTH="105" VPOS="2791" HPOS="1677"/>
<SP HEIGHT="29" WIDTH="28" VPOS="2791" HPOS="1783"/>
<String CONTENT="canal" HEIGHT="37" WIDTH="139" VPOS="2784" HPOS="1812"/>
<SP HEIGHT="40" WIDTH="31" VPOS="2782" HPOS="1952"/>
<String CONTENT="between" HEIGHT="42" WIDTH="213" VPOS="2782" HPOS="1984"/>
<SP HEIGHT="37" WIDTH="29" VPOS="2787" HPOS="2198"/>
<String CONTENT="the" HEIGHT="39" WIDTH="77" VPOS="2785" HPOS="2228"/>
</TextLine>
<TextLine HEIGHT="46" WIDTH="818" VPOS="2837" HPOS="320">
<String CONTENT="White" HEIGHT="42" WIDTH="162" VPOS="2841" HPOS="320"/>
<SP HEIGHT="31" WIDTH="25" VPOS="2852" HPOS="483"/>
<String CONTENT="sea" HEIGHT="31" WIDTH="81" VPOS="2850" HPOS="509"/>
<SP HEIGHT="31" WIDTH="27" VPOS="2849" HPOS="591"/>
<String CONTENT="and" HEIGHT="41" WIDTH="97" VPOS="2838" HPOS="619"/>
<SP HEIGHT="41" WIDTH="27" VPOS="2838" HPOS="717"/>
<String CONTENT="the" HEIGHT="41" WIDTH="81" VPOS="2839" HPOS="745"/>
<SP HEIGHT="42" WIDTH="27" VPOS="2838" HPOS="827"/>
<String CONTENT="Baltic" HEIGHT="41" WIDTH="160" VPOS="2837" HPOS="855"/>
<SP HEIGHT="31" WIDTH="25" VPOS="2847" HPOS="1016"/>
<String CONTENT="sea." HEIGHT="32" WIDTH="96" VPOS="2846" HPOS="1042"/>
</TextLine>
<TextLine HEIGHT="50" WIDTH="570" VPOS="2909" HPOS="391" CS="1">
<String CS="1" CONTENT="Bibliography:" HEIGHT="50" WIDTH="348" VPOS="2909" HPOS="391"/>
<SP HEIGHT="39" WIDTH="26" VPOS="2919" HPOS="767"/>
<String CONTENT="p." HEIGHT="38" WIDTH="43" VPOS="2920" HPOS="794"/>
<SP HEIGHT="31" WIDTH="26" VPOS="2919" HPOS="838"/>
<String CONTENT="xiv." HEIGHT="41" WIDTH="96" VPOS="2909" HPOS="865"/>
</TextLine>
<TextLine HEIGHT="53" WIDTH="1985" VPOS="2978" HPOS="324" CS="1">
<String CONTENT="&#169;" HEIGHT="53" WIDTH="53" VPOS="2978" HPOS="324"/>
<SP/>
<String CS="1" CONTENT="1c."/>
<SP HEIGHT="37" WIDTH="28" VPOS="2983" HPOS="472"/>
<String CONTENT="Nov." HEIGHT="37" WIDTH="116" VPOS="2983" HPOS="501"/>
<SP HEIGHT="38" WIDTH="30" VPOS="2982" HPOS="618"/>
<String CONTENT="16," HEIGHT="43" WIDTH="67" VPOS="2981" HPOS="649"/>
<SP HEIGHT="43" WIDTH="29" VPOS="2981" HPOS="717"/>
<String CONTENT="1935;" HEIGHT="47" WIDTH="140" VPOS="2979" HPOS="747"/>
<SP HEIGHT="46" WIDTH="30" VPOS="2980" HPOS="888"/>
<!-- cceid 96695BCD-6D82-1014-B070-FDFD250A9EDA --><String CONTENT="A" HEIGHT="38" WIDTH="40" VPOS="2980" HPOS="919"/>
<SP HEIGHT="38" WIDTH="28" VPOS="2980" HPOS="960"/>
<String CONTENT="ad" HEIGHT="38" WIDTH="62" VPOS="2980" HPOS="989"/>
<SP HEIGHT="40" WIDTH="29" VPOS="2978" HPOS="1052"/>
<String CONTENT="int." HEIGHT="40" WIDTH="85" VPOS="2978" HPOS="1082"/>
<SP HEIGHT="40" WIDTH="30" VPOS="2978" HPOS="1168"/>
<String CONTENT="20751;" HEIGHT="47" WIDTH="169" VPOS="2978" HPOS="1199"/>
<SP HEIGHT="37" WIDTH="30" VPOS="2988" HPOS="1369"/>
<String CONTENT="pubd." HEIGHT="46" WIDTH="143" VPOS="2979" HPOS="1400"/>
<SP HEIGHT="40" WIDTH="29" VPOS="2978" HPOS="1544"/>
<String CONTENT="Nov." HEIGHT="41" WIDTH="117" VPOS="2978" HPOS="1574"/>
<SP HEIGHT="39" WIDTH="31" VPOS="2980" HPOS="1692"/>
<String CS="1" CONTENT="8;" HEIGHT="39" WIDTH="26" VPOS="2980" HPOS="1724"/>
<SP HEIGHT="46" WIDTH="32" VPOS="2980" HPOS="1778"/>
<String CONTENT="Harrison" HEIGHT="40" WIDTH="244" VPOS="2980" HPOS="1811"/>
<SP HEIGHT="39" WIDTH="29" VPOS="2982" HPOS="2056"/>
<String CONTENT="Smith" HEIGHT="42" WIDTH="160" VPOS="2979" HPOS="2086"/>
<SP HEIGHT="40" WIDTH="25" VPOS="2981" HPOS="2247"/>
<String CONTENT="&amp;" HEIGHT="40" WIDTH="36" VPOS="2981" HPOS="2273"/>
</TextLine>
<TextLine HEIGHT="49" WIDTH="1138" VPOS="3034" HPOS="392">
<String CONTENT="Robert" HEIGHT="39" WIDTH="179" VPOS="3039" HPOS="392"/>
<SP HEIGHT="38" WIDTH="23" VPOS="3039" HPOS="572"/>
<String CONTENT="Haas," HEIGHT="44" WIDTH="150" VPOS="3039" HPOS="596"/>
<SP HEIGHT="46" WIDTH="21" VPOS="3037" HPOS="747"/>
<String CONTENT="inc.," HEIGHT="46" WIDTH="105" VPOS="3037" HPOS="769"/>
<SP HEIGHT="46" WIDTH="22" VPOS="3037" HPOS="875"/>
<String CONTENT="New" HEIGHT="38" WIDTH="115" VPOS="3037" HPOS="898"/>
<SP HEIGHT="38" WIDTH="23" VPOS="3036" HPOS="1014"/>
<String CONTENT="York." HEIGHT="38" WIDTH="143" VPOS="3036" HPOS="1038"/>
<SP HEIGHT="47" WIDTH="69" VPOS="3034" HPOS="1182"/>
<String CONTENT="(35-36732)" HEIGHT="48" WIDTH="278" VPOS="3034" HPOS="1252"/>
</TextLine>
<TextLine HEIGHT="63" WIDTH="567" VPOS="3160" HPOS="322" STYLEREFS="StyleId-A3E2A74F-1C38-422B-8DDF-2BB29F333E41-">
<String CONTENT="Whitelaw," HEIGHT="62" WIDTH="327" VPOS="3161" HPOS="322"/>
<SP HEIGHT="61" WIDTH="30" VPOS="3162" HPOS="650"/>
<String CONTENT="David." HEIGHT="55" WIDTH="208" VPOS="3160" HPOS="681"/>
</TextLine>
<TextLine HEIGHT="67" WIDTH="1911" VPOS="3236" HPOS="391" STYLEREFS="StyleId-A67056A0-1DD6-4C17-9B51-4662B5CDA3AE-">
<String CONTENT="Hotel" HEIGHT="53" WIDTH="175" VPOS="3238" HPOS="391"/>
<SP HEIGHT="49" WIDTH="29" VPOS="3242" HPOS="567"/>
<String CONTENT="sinister," HEIGHT="64" WIDTH="243" VPOS="3237" HPOS="597"/>
<SP HEIGHT="63" WIDTH="30" VPOS="3238" HPOS="841"/>
<String CONTENT="by" HEIGHT="65" WIDTH="72" VPOS="3238" HPOS="872"/>
<SP HEIGHT="64" WIDTH="30" VPOS="3239" HPOS="945"/>
<String CONTENT="David" HEIGHT="55" WIDTH="191" VPOS="3236" HPOS="976"/>
<SP HEIGHT="54" WIDTH="27" VPOS="3237" HPOS="1168"/>
<String CONTENT="Whitelaw." HEIGHT="53" WIDTH="323" VPOS="3237" HPOS="1196"/>
<SP HEIGHT="53" WIDTH="65" VPOS="3237" HPOS="1520"/>
<String CONTENT="London," HEIGHT="63" WIDTH="257" VPOS="3237" HPOS="1586"/>
<SP HEIGHT="63" WIDTH="29" VPOS="3237" HPOS="1844"/>
<String CONTENT="G." HEIGHT="55" WIDTH="68" VPOS="3237" HPOS="1874"/>
<SP HEIGHT="50" WIDTH="32" VPOS="3240" HPOS="1943"/>
<String CONTENT="Bles," HEIGHT="64" WIDTH="147" VPOS="3239" HPOS="1976"/>
<SP HEIGHT="60" WIDTH="32" VPOS="3243" HPOS="2124"/>
<String CONTENT="1935." HEIGHT="49" WIDTH="145" VPOS="3241" HPOS="2157"/>
</TextLine>
<TextLine HEIGHT="50" WIDTH="552" VPOS="3323" HPOS="393" CS="1">
<String LANG="en-US" CONTENT="2" HEIGHT="39" WIDTH="26" VPOS="3324" HPOS="393"/>
<SP HEIGHT="49" WIDTH="32" VPOS="3324" HPOS="420"/>
<String LANG="fr" CONTENT="p." HEIGHT="38" WIDTH="43" VPOS="3335" HPOS="453"/>
<SP/>
<String LANG="fr" CS="1" CONTENT="l."/>
<String LANG="en-US" CONTENT="," HEIGHT="16" WIDTH="9" VPOS="3355" HPOS="567"/>
<SP HEIGHT="48" WIDTH="32" VPOS="3323" HPOS="577"/>
<String LANG="en-US" CONTENT="284" HEIGHT="41" WIDTH="84" VPOS="3323" HPOS="610"/>
<SP HEIGHT="46" WIDTH="33" VPOS="3325" HPOS="695"/>
<String LANG="en-US" CONTENT="p." HEIGHT="37" WIDTH="40" VPOS="3334" HPOS="729"/>
<SP HEIGHT="39" WIDTH="60" VPOS="3324" HPOS="770"/>
<String LANG="en-US" CS="1" CONTENT="19cm." HEIGHT="41" WIDTH="114" VPOS="3323" HPOS="831"/>
</TextLine>
<TextLine HEIGHT="53" WIDTH="1981" VPOS="3390" HPOS="324" CS="1">
<String CONTENT="&#169;" HEIGHT="52" WIDTH="52" VPOS="3391" HPOS="324"/>
<SP/>
<String CS="1" CONTENT="1c."/>
<SP HEIGHT="39" WIDTH="37" VPOS="3395" HPOS="479"/>
<String CONTENT="Nov." HEIGHT="38" WIDTH="115" VPOS="3395" HPOS="517"/>
<SP HEIGHT="38" WIDTH="37" VPOS="3394" HPOS="633"/>
<String CONTENT="21," HEIGHT="47" WIDTH="68" VPOS="3394" HPOS="671"/>
<SP HEIGHT="47" WIDTH="37" VPOS="3394" HPOS="740"/>
<String CONTENT="1935;" HEIGHT="47" WIDTH="138" VPOS="3392" HPOS="778"/>
<SP HEIGHT="45" WIDTH="39" VPOS="3394" HPOS="917"/>
<!-- cceid 9669881D-6D82-1014-B070-FDFD250A9EDA --><String CONTENT="A" HEIGHT="37" WIDTH="40" VPOS="3394" HPOS="957"/>
<SP HEIGHT="43" WIDTH="35" VPOS="3394" HPOS="998"/>
<String CONTENT="ad" HEIGHT="43" WIDTH="61" VPOS="3394" HPOS="1034"/>
<SP HEIGHT="40" WIDTH="35" VPOS="3392" HPOS="1096"/>
<String CONTENT="int." HEIGHT="39" WIDTH="86" VPOS="3392" HPOS="1132"/>
<SP HEIGHT="39" WIDTH="36" VPOS="3392" HPOS="1219"/>
<String CONTENT="20783;" HEIGHT="45" WIDTH="170" VPOS="3392" HPOS="1256"/>
<SP HEIGHT="37" WIDTH="38" VPOS="3402" HPOS="1427"/>
<String CONTENT="pubd." HEIGHT="47" WIDTH="142" VPOS="3392" HPOS="1466"/>
<SP HEIGHT="39" WIDTH="40" VPOS="3392" HPOS="1609"/>
<String CONTENT="Sept." HEIGHT="47" WIDTH="127" VPOS="3392" HPOS="1650"/>
<SP HEIGHT="40" WIDTH="37" VPOS="3391" HPOS="1778"/>
<String CONTENT="23;" HEIGHT="47" WIDTH="81" VPOS="3391" HPOS="1816"/>
<SP HEIGHT="46" WIDTH="41" VPOS="3392" HPOS="1898"/>
<String CONTENT="D." HEIGHT="39" WIDTH="54" VPOS="3392" HPOS="1940"/>
<SP HEIGHT="39" WIDTH="38" VPOS="3392" HPOS="1995"/>
<String CONTENT="Whitelaw," HEIGHT="48" WIDTH="271" VPOS="3390" HPOS="2034"/>
</TextLine>
<TextLine HEIGHT="49" WIDTH="1082" VPOS="3448" HPOS="390">
<String CONTENT="Roedeau," HEIGHT="45" WIDTH="239" VPOS="3451" HPOS="390"/>
<SP HEIGHT="45" WIDTH="35" VPOS="3451" HPOS="630"/>
<String CONTENT="Sussex," HEIGHT="46" WIDTH="192" VPOS="3451" HPOS="666"/>
<SP HEIGHT="46" WIDTH="29" VPOS="3451" HPOS="859"/>
<String CONTENT="England." HEIGHT="48" WIDTH="235" VPOS="3449" HPOS="889"/>
<SP HEIGHT="46" WIDTH="68" VPOS="3449" HPOS="1125"/>
<String CONTENT="(35-86,774)" HEIGHT="47" WIDTH="278" VPOS="3448" HPOS="1194"/>
</TextLine>
<TextLine HEIGHT="65" WIDTH="803" VPOS="3572" HPOS="321" STYLEREFS="StyleId-A3E2A74F-1C38-422B-8DDF-2BB29F333E41-">
<String CONTENT="Williams," HEIGHT="65" WIDTH="302" VPOS="3572" HPOS="321"/>
<SP HEIGHT="62" WIDTH="33" VPOS="3575" HPOS="624"/>
<String CONTENT="Charles," HEIGHT="63" WIDTH="259" VPOS="3573" HPOS="658"/>
<SP HEIGHT="56" WIDTH="34" VPOS="3580" HPOS="918"/>
<String CONTENT="1886-" HEIGHT="51" WIDTH="171" VPOS="3576" HPOS="953"/>
</TextLine>
<TextLine HEIGHT="73" WIDTH="1911" VPOS="3645" HPOS="391" STYLEREFS="StyleId-A67056A0-1DD6-4C17-9B51-4662B5CDA3AE-">
<String CONTENT="Rochester," HEIGHT="67" WIDTH="322" VPOS="3650" HPOS="391"/>
<SP HEIGHT="66" WIDTH="38" VPOS="3651" HPOS="714"/>
<String CONTENT="by" HEIGHT="67" WIDTH="74" VPOS="3651" HPOS="753"/>
<SP HEIGHT="68" WIDTH="38" VPOS="3650" HPOS="828"/>
<String CONTENT="Charles" HEIGHT="54" WIDTH="237" VPOS="3650" HPOS="867"/>
<SP HEIGHT="52" WIDTH="35" VPOS="3650" HPOS="1105"/>
<String CONTENT="Williams." HEIGHT="54" WIDTH="302" VPOS="3648" HPOS="1141"/>
<SP HEIGHT="52" WIDTH="74" VPOS="3648" HPOS="1444"/>
<String CONTENT="London," HEIGHT="66" WIDTH="255" VPOS="3648" HPOS="1519"/>
<SP HEIGHT="68" WIDTH="41" VPOS="3646" HPOS="1775"/>
<String CONTENT="A." HEIGHT="54" WIDTH="68" VPOS="3646" HPOS="1817"/>
<SP HEIGHT="51" WIDTH="41" VPOS="3649" HPOS="1886"/>
<String CONTENT="Barker," HEIGHT="67" WIDTH="236" VPOS="3646" HPOS="1928"/>
<SP HEIGHT="65" WIDTH="36" VPOS="3648" HPOS="2165"/>
<String CONTENT="ltd." HEIGHT="54" WIDTH="100" VPOS="3645" HPOS="2202"/>
</TextLine>
<TextLine HEIGHT="63" WIDTH="171" VPOS="3730" HPOS="327" STYLEREFS="StyleId-A67056A0-1DD6-4C17-9B51-4662B5CDA3AE-">
<String CONTENT="[1935]" HEIGHT="63" WIDTH="171" VPOS="3730" HPOS="327"/>
</TextLine>
<TextLine HEIGHT="48" WIDTH="844" VPOS="3812" HPOS="390" CS="1">
<String CONTENT="vi," HEIGHT="42" WIDTH="62" VPOS="3813" HPOS="390"/>
<SP HEIGHT="43" WIDTH="30" VPOS="3812" HPOS="453"/>
<String CONTENT="274" HEIGHT="39" WIDTH="86" VPOS="3812" HPOS="484"/>
<SP HEIGHT="46" WIDTH="30" VPOS="3813" HPOS="571"/>
<String CONTENT="p." HEIGHT="36" WIDTH="41" VPOS="3823" HPOS="602"/>
<SP/>
<String CS="1" CONTENT="front."/>
<SP HEIGHT="46" WIDTH="27" VPOS="3813" HPOS="853"/>
<String CONTENT="(port.)" HEIGHT="47" WIDTH="169" VPOS="3813" HPOS="881"/>
<SP HEIGHT="48" WIDTH="67" VPOS="3812" HPOS="1051"/>
<String CS="1" CONTENT="22cm." HEIGHT="41" WIDTH="115" VPOS="3812" HPOS="1119"/>
</TextLine>
<TextLine HEIGHT="52" WIDTH="1974" VPOS="3878" HPOS="325">
<String CONTENT="&#169;" HEIGHT="52" WIDTH="52" VPOS="3878" HPOS="325"/>
<SP HEIGHT="52" WIDTH="21" VPOS="3878" HPOS="378"/>
<String CONTENT="3" HEIGHT="38" WIDTH="18" VPOS="3883" HPOS="400"/>
<SP HEIGHT="39" WIDTH="10" VPOS="3883" HPOS="419"/>
<String CONTENT="c." HEIGHT="29" WIDTH="36" VPOS="3893" HPOS="430"/>
<SP HEIGHT="39" WIDTH="23" VPOS="3882" HPOS="467"/>
<String CONTENT="Oct." HEIGHT="39" WIDTH="100" VPOS="3882" HPOS="491"/>
<SP HEIGHT="39" WIDTH="23" VPOS="3882" HPOS="592"/>
<String CONTENT="30," HEIGHT="46" WIDTH="69" VPOS="3882" HPOS="616"/>
<SP HEIGHT="46" WIDTH="23" VPOS="3882" HPOS="686"/>
<String CONTENT="1935;" HEIGHT="42" WIDTH="139" VPOS="3881" HPOS="710"/>
<SP HEIGHT="39" WIDTH="25" VPOS="3884" HPOS="850"/>
<!-- cceid 9669B096-6D82-1014-B070-FDFD250A9EDA --><String CONTENT="A" HEIGHT="37" WIDTH="39" VPOS="3884" HPOS="876"/>
<SP HEIGHT="38" WIDTH="22" VPOS="3884" HPOS="916"/>
<String CONTENT="ad" HEIGHT="38" WIDTH="62" VPOS="3884" HPOS="939"/>
<SP HEIGHT="38" WIDTH="22" VPOS="3883" HPOS="1002"/>
<String CONTENT="int." HEIGHT="39" WIDTH="85" VPOS="3883" HPOS="1025"/>
<SP HEIGHT="40" WIDTH="24" VPOS="3882" HPOS="1111"/>
<String CONTENT="20673;" HEIGHT="47" WIDTH="169" VPOS="3882" HPOS="1136"/>
<SP HEIGHT="36" WIDTH="27" VPOS="3893" HPOS="1306"/>
<String CONTENT="pubd." HEIGHT="47" WIDTH="141" VPOS="3882" HPOS="1334"/>
<SP HEIGHT="39" WIDTH="28" VPOS="3882" HPOS="1476"/>
<String CONTENT="Sept." HEIGHT="46" WIDTH="126" VPOS="3882" HPOS="1505"/>
<SP HEIGHT="41" WIDTH="23" VPOS="3880" HPOS="1632"/>
<String CONTENT="2;" HEIGHT="48" WIDTH="52" VPOS="3880" HPOS="1656"/>
<SP HEIGHT="47" WIDTH="27" VPOS="3881" HPOS="1709"/>
<String CONTENT="C." HEIGHT="40" WIDTH="49" VPOS="3881" HPOS="1737"/>
<SP HEIGHT="39" WIDTH="24" VPOS="3881" HPOS="1787"/>
<String CONTENT="Williams," HEIGHT="46" WIDTH="255" VPOS="3879" HPOS="1812"/>
<SP HEIGHT="46" WIDTH="25" VPOS="3879" HPOS="2068"/>
<String CONTENT="London." HEIGHT="39" WIDTH="205" VPOS="3878" HPOS="2094"/>
</TextLine>
<TextLine HEIGHT="47" WIDTH="278" VPOS="3938" HPOS="405">
<String CONTENT="(35-34903)" HEIGHT="47" WIDTH="278" VPOS="3938" HPOS="405"/>
</TextLine>
</TextBlock>
</PrintSpace>
</Page>
</Layout>
</alto>