2424 4375
1087 4045 134 50 2003

175 403 308 67 [Braught,
512 406 150 51 Ross
690 404 258 67 Eugene]
983 409 169 50 1898-

240 494 313 53 Phaethon.
635 495 376 66 [Woodstock,
1042 496 69 51 N.
1144 495 90 65 Y.,
1263 495 66 52 R.
1364 496 281 66 Braught,
1676 499 150 62 1935]

241 568 82 49 [75]
354 578 43 37 p.
427 567 110 40 incl.
567 567 164 47 front.,
761 568 127 40 illus.
946 567 179 41 36×28
1127 569 44 21 cm
1176 598 8 9 .

238 624 128 41 “One
394 625 219 39 hundred
642 624 260 40 numbered
931 624 95 40 and
1054 623 333 48 autographed
1412 622 202 50 copies.”
1672 622 118 42 This
1819 633 118 38 copy
1966 623 189 41 neither

166 681 260 40 numbered
454 691 91 30 nor
572 681 346 47 autographed.

243 738 127 38 “The
399 739 171 47 poetry
598 737 45 40 is
672 748 27 29 a
731 736 260 49 composite
1022 738 128 39 from
1181 737 83 40 the
1295 735 293 42 translation
1620 736 54 41 of
1705 734 163 43 Ovid’s
170 738 1969 105 Metamorphosis

375 793 60 48 by
477 794 178 48 Joseph
699 794 213 39 Addison
955 793 274 40 1672-1719.
1299 794 79 39 All
1417 792 281 49 quotations
1739 792 50 40 in
1831 794 198 47 prelude
2073 803 82 31 are

169 851 154 40 direct
370 850 320 41 translations
738 850 128 39 from
916 849 163 42 Ovid’s
1130 849 420 49 Metamorphosis.
1628 850 101 41 The
1779 850 129 39 John
1958 851 102 47 Dry
2065 850 89 39 den

168 907 295 42 translation
490 908 42 39 is
561 909 118 38 used
707 907 51 38 in
788 908 84 44 the
897 917 138 30 verse
1064 918 60 28 on
1155 907 172 41 Chaos.
1384 906 326 49 Lithographs
1741 906 168 40 drawn
1942 907 59 47 by
2033 906 122 41 Ross

167 964 369 49 Braught.”—p.
570 985 10 29 [
583 964 70 49 72]

175 1030 54 54 ©
258 1036 111 39 Dec.
400 1035 68 46 12,
498 1033 112 42 1935
628 1045 9 31 :
670 1034 65 40 2c.
770 1035 93 39 and
895 1034 83 41 aff.
1010 1035 113 40 Dec.
1154 1034 55 41 17
1226 1044 9 36 ;
1270 1035 39 38 A
1341 1033 146 41 89949
1501 1044 9 36 ;
1546 1034 54 39 R.
1634 1034 51 39 E.
1720 1034 235 47 Braught,
247 1033 1891 107 Woodstock,

426 1092 55 40 N.
511 1092 53 39 Y.
633 1091 248 49 (36-1521)

167 1194 281 66 Brenner,
481 1196 222 64 Henry,
739 1198 170 50 1881-

238 1282 54 52 A
317 1282 168 68 guide
514 1282 90 54 for
628 1282 232 54 modern
884 1282 102 53 life
1004 1301 12 48 ;
1045 1301 80 49 or,
1151 1282 157 52 Back
1333 1289 57 48 to
1420 1281 210 68 Christ,
1654 1282 73 67 by
1753 1281 199 67 Henry
169 1281 1962 147 Brenner,

354 1358 1800 69 O . S. B . The four Gospels reduced to 429 rules under 29
167 1436 288 69 headings,
483 1438 422 67 supplemented
934 1436 140 54 with
1104 1457 31 33 a
1165 1436 303 68 composite
1494 1443 379 62 commentary
1903 1437 72 67 by
166 1437 1963 146 leading

306 1518 233 52 authors
575 1517 234 66 writing
843 1519 58 50 in
938 1518 95 51 the
1071 1522 224 47 current
1335 1516 260 56 Catholic
1633 1536 171 48 press.
1898 1521 132 51 1935
2068 1517 84 53 ed.

169 1593 1152 68 St. Meinrad, Ind., The Raven [ c 1935]
244 1681 25 38 1
331 1711 8 9 v.
396 1678 54 40 19½
482 1682 44 20 cm
530 1711 8 8 .
596 1682 195 39 annual.

174 1746 52 52 ©
252 1751 115 46 May
391 1750 68 48 15,
487 1750 116 40 1935
619 1761 9 36 ;
656 1750 66 40 2c.
751 1751 95 39 and
872 1750 82 41 aff.
982 1751 111 39 Dec.
1122 1749 52 47 9;
1205 1751 40 38 A
1272 1749 143 41 90017
1433 1761 8 36 ;
1473 1751 59 39 H.
1563 1752 229 46 Brenner,
1823 1752 67 39 St.
1921 1751 235 48 Meinrad,

242 1808 104 40 Ind.
410 1806 249 50 (36-1893)

167 1911 229 64 Brown,
427 1912 252 53 Edward
710 1911 281 66 Killoran,
1025 1918 170 49 1905-

299 2001 1756 68 … Edith Wharton, étude critique. Paris, E. Droz, 1935.
243 2075 25 39 2
298 2086 41 37 p.
406 2106 8 15 l.,
445 2075 88 40 348
560 2087 42 37 p.
661 2075 149 40 front.
839 2075 169 48 (port.)
1076 2075 58 39 25½
1164 2077 43 21 cm
1212 2107 9 9 .

242 2133 62 39 At
331 2133 123 39 head
482 2132 53 40 of
560 2132 107 40 title
685 2143 9 28 :
724 2133 52 39 E.
804 2133 59 39 K.
890 2132 191 41 Brown.

246 2188 417 48 “Bibliographie”
683 2199 9 29 :
723 2200 41 36 p.
801 2188 246 50 [331]-340.

175 2255 1979 52 © June 15, 1935; 1c. Aug. 29; A-Foreign 28927 ; E. K. Brown, Toronto.
254 2315 278 49 (35-19452)

166 2419 243 64 Brunet,
440 2419 276 65 Georges.

237 2509 199 54 Victor
466 2511 192 65 Hugo,
690 2528 105 48 par
827 2510 246 66 Georges
1107 2512 234 51 Brunet.
1417 2511 183 64 Paris,
1633 2511 208 51 Rieder
1878 2513 169 64 [1935]

175 2580 1981 99 104 p. XLVIII pl. (incl. ports., facsims.) on 24 l. 20½ × 15½ cm . (Half-title: Maîtres
564 2640 87 39 des
676 2638 316 41 littératures.
1053 2638 78 47 19)

243 2695 416 47 “Bibliographie”
679 2707 8 27 :
721 2707 42 36 p.
799 2716 10 28 [
812 2696 173 47 91]-94.

176 2762 1762 60 © Mar. 8, 1935 ; 1c. Aug. 29 ; A- Foreign 28922 ; Éditions Rieder.
254 2828 278 49 (35-24739)

168 2931 246 66 Bryant,
441 2933 97 52 Ira
561 2932 354 65 Babington,
945 2939 169 49 1908-

235 3019 122 54 The
389 3020 393 68 development
817 3020 63 54 of
913 3021 93 52 the
1039 3020 265 53 Houston
1341 3020 189 68 Negro
1568 3020 234 68 schools,
1838 3020 73 68 by
1946 3020 97 51 Ira
2083 3020 65 50 B.

169 3096 1983 71 Bryant, jr. … [Houston, Tex., Informer publishing company,
168 3178 18 21 c
191 3176 149 67 1935]

238 3246 98 47 viii,
362 3248 85 40 225
470 3258 41 38 p.
570 3248 126 40 illus.
726 3249 131 48 (incl.
884 3249 174 48 ports.)
1093 3249 178 48 diagrs.
1325 3248 56 41 20
1383 3251 43 21 cm
1432 3281 8 9 .

238 3303 344 50 Bibliography
600 3316 9 29 :
641 3316 43 37 p.
715 3305 215 43 222-223.

179 3371 51 52 ©
261 3377 102 40 Oct.
394 3377 40 48 9,
469 3377 140 42 1935;
645 3378 67 41 2c.
747 3380 111 39 Dec.
892 3379 57 40 28
965 3390 8 35 ;
1010 3380 82 39 aff.
1128 3380 110 39 Dec.
1275 3380 54 39 27
1348 3390 9 30 :
1396 3380 39 38 A
1469 3378 143 42 90034
1630 3390 8 34 ;
1678 3380 35 39 I.
1751 3380 52 39 B.
1841 3380 201 46 Bryant,
2078 3380 75 47 jr..

245 3434 233 40 Houston.
545 3434 249 48 (36-1692)

172 3532 338 69 Carpenter,
541 3539 196 52 Frank
769 3539 243 66 George,
1045 3544 320 50 1855-1924.

238 3626 240 53 Around
524 3629 92 52 the
663 3628 179 53 world
889 3630 137 51 with
1072 3631 95 50 the
1212 3630 283 58 children;
1546 3649 71 34 an
1662 3630 387 53 introduction
2094 3636 57 47 to

172 3703 1957 147 geography, by Frank G. Carpenter … Rev. New York, Cincinnati [etc.] American book company [ c 1935]
280 3882 8 16 x,
318 3852 81 39 136
428 3863 42 36 p.
499 3853 108 41 incl.
636 3854 83 38 col.
749 3854 161 43 front.,
941 3854 127 40 illus.
1098 3855 137 47 (part
1261 3841 84 54 coi.
1361 3857 13 41 )
1439 3856 55 39 21
1498 3858 43 21 cm
1547 3888 8 8 .

177 3913 51 53 ©
259 3920 119 40 Mar.
411 3923 68 46 11,
512 3921 139 48 1935;
686 3923 67 40 2c.
788 3925 119 39 Mar.
941 3925 80 45 14;
1055 3924 81 41 aff.
1172 3927 119 38 Mar.
1328 3925 81 42 15;
1447 3928 40 38 A
1519 3925 169 49 80939;
1725 3927 156 41 Amer.
1916 3926 135 39 book.
2088 3935 67 30 co.

254 3974 247 52 (35-684)
