2568 4342
1172 4059 67 50 43

210 423 176 54 Libro
414 425 69 52 de
511 424 342 55 Alixandre.

347 499 1862 68 … El libro de Alexandre; texts of the Paris and the Madrid
212 578 397 68 manuscripts,
649 579 281 67 prepared
968 578 143 53 with
1150 597 72 33 an
1260 577 390 56 introduction
1688 579 77 68 by
1803 579 305 68 Raymond
2148 579 56 56 S.

209 656 209 68 Willis,
442 656 70 69 jr.
587 656 324 66 Princeton,
936 657 69 54 N.
1032 658 74 66 J.,
1133 657 308 53 Princeton
1464 655 319 70 university
1807 675 184 50 press;
2021 656 185 67 Paris,

210 735 106 53 Les
343 736 227 52 Presses
595 734 427 54 universitaires
1050 735 68 53 de
1147 736 235 64 France,
1410 739 150 50 1934.

284 806 1927 50 xl, 461 p. illus., IV facsim. on 2 l. 25 ½cm . (Elliott monographs in the
213 865 243 40 Romance
483 867 268 45 languages
780 865 96 39 and
906 864 299 45 literatures,
1235 865 72 39 ed.
1339 865 60 46 by
1431 865 211 39 Edward
1678 863 48 41 C.
1758 864 301 48 Armstrong.
2118 864 82 42 32)

287 923 149 39 Texts
476 922 51 40 of
565 923 82 39 the
686 921 141 40 Paris
866 922 302 46 manuscript
1219 921 358 48 (“Manuscript
1614 922 231 46 espagnol
1883 921 114 41 488”
2038 921 53 40 of
2128 923 83 39 the

215 975 337 50 Bibliothèque
581 977 274 49 nationale)
894 979 96 39 and
1020 979 82 39 the
1132 978 194 40 Madrid
1355 977 302 49 manuscript
1695 977 360 49 (“Manuscript

217 979 1995 97 V-5-n°
301 1035 84 41 10”
417 1036 52 40 of
503 1036 83 40 the
617 1035 268 41 Biblioteca
919 1035 250 44 nacional)
1209 1035 192 48 printed
1437 1046 59 29 on
1531 1036 216 47 opposite
1782 1045 160 38 pages,
1976 1035 120 40 with
2130 1037 81 39 the

217 1095 128 39 texts
381 1094 52 39 of
467 1094 139 40 other
641 1094 214 47 existing
889 1094 271 46 fragments
1197 1094 96 39 and
1329 1096 223 45 excerpts
1587 1094 194 47 printed
1817 1096 52 37 at
1907 1095 84 39 the
2025 1094 183 40 bottom

217 1151 51 39 of
299 1151 82 40 the
412 1161 160 38 pages,
604 1151 153 40 below
788 1151 83 40 the
901 1150 377 48 corresponding
1307 1153 198 38 stanzas
1536 1150 52 40 of
1619 1151 82 40 the
1732 1150 133 40 main
1896 1152 117 39 text.

286 1206 301 49 Authorship
617 1206 218 41 ascribed
868 1208 59 39 by
958 1217 129 30 some
1118 1207 294 40 authorities
1440 1211 48 36 to
1521 1208 211 40 Gonzalo
1762 1209 58 38 de
1849 1209 194 42 Berceo.

217 1261 56 52 ©
304 1266 110 40 Dec.
450 1266 69 47 15,
557 1264 114 42 1934;
734 1265 66 40 2c.
835 1266 109 39 Jan.
982 1266 69 47 11,
1089 1264 114 41 1935;
1270 1264 80 41 aff.
1388 1265 109 40 Jan.
1535 1264 27 41 9;
1627 1266 40 38 A
1701 1264 147 42 79124;
1913 1266 212 39 Edward
2162 1265 49 42 C.

282 1323 300 48 Armstrong,
611 1322 272 47 Princeton,
913 1323 54 38 N.
999 1323 42 40 J.
1113 1322 250 48 (35-1074)

209 1423 283 70 Lochner,
521 1427 221 53 Robert
770 1423 273 68 William,
1074 1429 173 50 1906-

280 1504 303 53 Lochner’s
633 1505 206 52 review
889 1505 94 52 for
1030 1506 140 52 New
1220 1505 164 54 York
1431 1505 104 52 bar
1584 1505 416 66 examination;
210 1522 1976 129 questions—answers—general
1014 1583 187 68 guide.
1270 1585 57 52 A
1355 1584 236 52 manual
1620 1583 279 67 concisely
1930 1584 104 52 but
210 1601 1978 128 comprehensively
642 1660 310 69 reviewing
987 1662 97 52 the
1121 1659 132 54 field
1290 1662 64 53 of
1391 1662 353 53 substantive
1778 1665 129 62 law,
1944 1661 266 68 practice,

212 1739 1998 146 procedure and evidence, with suggestions, questions and answers. By Robert W. Lochner … Albany, N. Y., M. Bender
209 1899 44 49 &
281 1913 296 49 company,
605 1895 419 68 incorporated,
1055 1899 150 52 1935.

280 1968 64 47 ix,
373 1968 88 40 542
485 1979 41 37 p.
581 1968 55 41 23
639 1972 16 20 cm
688 2000 8 8 .

215 2021 51 52 ©
293 2025 107 40 Jan.
426 2024 40 48 2,
492 2024 115 42 1935;
661 2025 65 40 2c.
751 2026 109 39 Jan.
885 2027 26 40 3;
967 2025 82 41 aff.
1076 2026 109 40 Jan.
1211 2026 83 47 10;
1320 2027 42 38 A
1387 2024 144 43 79135;
1587 2027 237 40 Matthew
1850 2026 192 40 Bender
2069 2027 37 40 &
2129 2036 82 39 co.,

282 2082 88 41 inc.
442 2082 250 48 (35-1006)

211 2184 341 68 Lockwood,
579 2188 139 55 Mrs.
747 2186 190 55 Sarah
969 2186 289 66 (McNeil)
1295 2191 173 51 1882-

281 2263 362 68 Decoration,
676 2270 146 61 past,
854 2270 228 62 present
1111 2269 45 49 &
1188 2264 211 68 future,
1431 2264 76 68 by
1541 2265 185 55 Sarah
1759 2265 79 52 M.
1870 2264 337 54 Lockwood.

212 2341 231 56 Garden
476 2341 151 68 City,
657 2343 70 52 N.
760 2343 57 52 Y.,
879 2342 357 68 Doubleday,
1268 2344 199 51 Doran
1497 2346 46 50 &
1571 2360 297 50 company,
1899 2342 127 66 inc.,
2059 2346 149 50 1934.

281 2415 65 48 xi,
373 2415 87 41 198
483 2426 43 38 p.
581 2416 129 42 illus.
763 2415 56 41 25½
853 2418 44 21 cm
902 2449 9 9 .

283 2472 161 42 “First
475 2472 226 41 edition.”

281 2529 350 48 Bibliography:
689 2541 42 37 p.
760 2528 98 41 191.

215 2582 51 52 ©
290 2588 110 39 Dec.
426 2586 69 48 12,
520 2585 115 42 1934;
687 2586 66 41 2c.
781 2588 95 39 and
901 2586 80 40 aff.
1008 2586 110 40 Dec.
1145 2587 55 39 17;
1255 2587 43 38 A
1322 2585 143 42 78803;
1521 2586 44 41 S.
1592 2588 62 38 M.
1683 2586 282 48 Lockwood,
1994 2585 217 40 Bedford

281 2644 143 47 Hills,
456 2644 55 39 N.
543 2644 54 39 Y.
667 2643 222 48 (35-930)

211 2744 839 66 Lowenstein-Scharffeneck,
1083 2747 326 65 Hubertus,
1440 2747 139 67 graf
1608 2763 132 48 von,
1776 2753 170 49 1906-

282 2821 177 55 After
508 2822 240 55 Hitler's
799 2824 137 67 fall;
991 2825 336 67 Germany’s
1380 2824 225 69 coming
1656 2824 170 67 reich,
1876 2824 75 67 by
2003 2824 207 53 Prince

215 2900 1968 148 Hubertus Loewenstein … translated by Denis Waldock. London, Faber & Faber, limited [1934]
285 3052 164 49 xxxvi,
477 3053 86 42 281
589 3064 42 37 p.
692 3054 56 40 19½
780 3056 45 21 cm
829 3088 9 9 .

217 3105 1992 54 © 1c. Nov. 30, 1934; A ad int 19858; pubd. Oct. 11; Hubertus Friedrich,
282 3167 136 48 prinz
450 3179 58 28 zu
541 3167 976 47 Lowenstein-Wertheim-Freudenburg,
1556 3167 193 40 Schloss
1784 3166 315 42 Neumatson,
2134 3166 78 40 bei

281 3224 241 50 Brixlegg,
554 3225 216 41 Austria.
841 3224 251 50 (35-1804)

211 3314 333 55 Louisiana.
618 3318 184 66 Laws,
828 3322 256 62 statutes,
1113 3322 99 48 etc.

212 3393 1994 303 … Code of practice of the state of Louisiana, edited by Benjamin Wall Dart … annotated by George A. Wilson … assisted by the publisher's editorial staff. c 1934 cumulative annual pocket supplement] [Indianapolis] The Bobbs-Merrill
210 3721 293 50 company,
527 3713 23 21 c
554 3708 149 50 1934.

280 3777 26 38 1
333 3788 41 37 p.
403 3779 44 46 l.,
472 3780 57 38 41
557 3790 42 36 p.
655 3779 56 40 25½
744 3781 44 21 cm
792 3811 9 8 .

280 3833 116 41 This
420 3836 247 46 pamphlet
692 3835 42 40 is
758 3838 49 37 to
831 3836 57 40 be
910 3835 140 40 fitted
1074 3836 102 40 into
1201 3837 81 39 the
1305 3836 174 47 pocket
1502 3838 54 38 at
1580 3836 83 40 the
1686 3835 123 40 back
1831 3835 53 40 of
1908 3836 84 39 the
2013 3835 193 41 volume

213 3888 49 39 of
288 3891 81 39 the
394 3894 72 37 set
494 3894 52 37 to
566 3892 158 40 which
752 3893 39 39 it
818 3893 208 46 belongs.

214 3940 51 52 ©
297 3947 110 39 Dec.
442 3946 68 49 29,
542 3947 140 48 1934;
716 3949 66 39 2c.
817 3949 108 39 Jan.
958 3948 40 48 2,
1030 3947 141 49 1935;
1207 3948 81 41 aff.
1322 3949 110 39 Dec.
1465 3949 70 47 31,
1569 3947 142 49 1934;
1744 3948 41 39 A
1820 3946 171 50 77944;
281 3947 1924 95 Bobbs-Merrill
494 4015 67 27 co.
