<alto xmlns="http://www.loc.gov/standards/alto/ns-v3#" xmlns:xsi="http://www.w3.org/2001/XMLSchema-instance" xsi:schemaLocation="http://www.loc.gov/standards/alto/ns-v3# http://www.loc.gov/alto/v3/alto-3-0.xsd"><Description>
<MeasurementUnit>pixel</MeasurementUnit>
<sourceImageInformation>
<fileName>1935_v32_Part1.pdf</fileName>
</sourceImageInformation>
<OCRProcessing ID="IdOcr">
<ocrProcessingStep>
<processingDateTime>2019-01-15</processingDateTime>
<processingSoftware>
<softwareCreator>ABBYY</softwareCreator>
<softwareName>ABBYY Recognition Server</softwareName>
<softwareVersion>4.0</softwareVersion>
</processingSoftware>
</ocrProcessingStep>
</OCRProcessing>
</Description>
<Styles>
<ParagraphStyle ALIGN="Left" FIRSTLINE="0." ID="StyleId-FFFFFFFF-FFFF-FFFF-FFFF-FFFFFFFFFFFF-" LEFT="0." RIGHT="0." />
<ParagraphStyle ALIGN="Left" FIRSTLINE="0." ID="StyleId-09A13A44-4F77-4ABE-84F3-84CC8B3C72CE-" LEFT="0." LINESPACE="7.699999809" RIGHT="0." />
<ParagraphStyle ALIGN="Left" FIRSTLINE="-10." ID="StyleId-1F945060-F8CD-4435-B69A-5FF49DB0C586-" LEFT="0." LINESPACE="12.19999981" RIGHT="0." />
<ParagraphStyle ALIGN="Block" FIRSTLINE="-14." ID="StyleId-C6CAE747-F5A4-4D0D-8D74-D452DA7E2C1C-" LEFT="0." LINESPACE="8.350000381" RIGHT="0." />
<ParagraphStyle ALIGN="Left" FIRSTLINE="0." ID="StyleId-FC0F3374-189A-459E-BE29-2DC14180F022-" LEFT="0." RIGHT="0." />
<ParagraphStyle ALIGN="Left" FIRSTLINE="-12." ID="StyleId-49397C49-A894-4B3E-BA5E-1126226BA375-" LEFT="0." LINESPACE="11.09000015" RIGHT="0." />
<ParagraphStyle ALIGN="Block" FIRSTLINE="-14." ID="StyleId-9E34DD3A-E661-48BD-A3A1-6A3D48346F00-" LEFT="0." LINESPACE="11.09000015" RIGHT="0." />
<ParagraphStyle ALIGN="Left" FIRSTLINE="0." ID="StyleId-56CE54AA-A08B-4BAA-8605-F26020A0E36E-" LEFT="0." LINESPACE="9.399999619" RIGHT="0." />
<ParagraphStyle ALIGN="Left" FIRSTLINE="-11." ID="StyleId-77814FFC-C42F-4AA9-9880-EF33B947DEC8-" LEFT="0." LINESPACE="11.06999969" RIGHT="0." />
<ParagraphStyle ALIGN="Center" FIRSTLINE="0." ID="StyleId-FDE92EC0-67DC-4C7B-8A24-094B12C38B6C-" LEFT="0." LINESPACE="11.30000019" RIGHT="0." />
<ParagraphStyle ALIGN="Left" FIRSTLINE="0." ID="StyleId-65180E3B-4C93-4FB8-81EE-E026DD63DBF3-" LEFT="0." LINESPACE="11.10000038" RIGHT="0." />
<ParagraphStyle ALIGN="Left" FIRSTLINE="0." ID="StyleId-10E885C2-5813-4620-B0AA-0FBA30CF7A32-" LEFT="0." LINESPACE="9.5" RIGHT="0." />
<ParagraphStyle ALIGN="Left" FIRSTLINE="0." ID="StyleId-913C2DB5-9F02-4067-BAF7-0AED37B60BBE-" LEFT="0." LINESPACE="6.099999905" RIGHT="0." />
<ParagraphStyle ALIGN="Left" FIRSTLINE="0." ID="StyleId-9C79A9D2-8F08-4A8F-985D-B00E253ED1E5-" LEFT="0." LINESPACE="4.400000095" RIGHT="0." />
<ParagraphStyle ALIGN="Left" FIRSTLINE="0." ID="StyleId-A41F0407-FEFE-4738-9EC5-E05AFFF62781-" LEFT="0." LINESPACE="7.300000191" RIGHT="0." />
<ParagraphStyle ALIGN="Left" FIRSTLINE="0." ID="StyleId-61D37176-94E8-408D-9B87-01C406CE8AB2-" LEFT="0." LINESPACE="8.050000191" RIGHT="0." />
</Styles>
<Layout>
<Page HEIGHT="4375" ID="Page1819" PHYSICAL_IMG_NR="1819" WIDTH="2424">
<TopMargin HEIGHT="458" HPOS="0" VPOS="0" WIDTH="2424">
</TopMargin>
<LeftMargin HEIGHT="3792" HPOS="0" VPOS="458" WIDTH="120">
</LeftMargin>
<RightMargin HEIGHT="3792" HPOS="2136" VPOS="458" WIDTH="288">
</RightMargin>
<BottomMargin HEIGHT="125" HPOS="0" VPOS="4250" WIDTH="2424">
</BottomMargin>
<PrintSpace HEIGHT="3792" HPOS="120" VPOS="458" WIDTH="2016">
<TextBlock HEIGHT="183" HPOS="986" ID="Page1819_Block1" LANG="en-US" STYLEREFS="StyleId-881A2545-EB42-4370-8670-57526B9C2978-" VPOS="4067" WIDTH="405">
<TextLine HEIGHT="50" HPOS="1050" VPOS="4079" WIDTH="132">
<String CONTENT="1819" HEIGHT="50" HPOS="1050" VPOS="4079" WIDTH="132" />
</TextLine>
</TextBlock>
<TextBlock CS="1" HEIGHT="3565" HPOS="120" ID="Page1819_Block2" LANG="en-US" STYLEREFS="StyleId-B57F3F07-C79A-4748-B9D4-A96F8AF587D4-" VPOS="458" WIDTH="2016">
<TextLine HEIGHT="64" HPOS="133" STYLEREFS="StyleId-012FD27A-A1F7-4177-B737-36FF2BF5FE89-" VPOS="468" WIDTH="577">
<String CONTENT="Oakes," HEIGHT="63" HPOS="133" VPOS="469" WIDTH="210" />
<SP HEIGHT="62" HPOS="344" VPOS="470" WIDTH="26" />
<String CONTENT="Mansur" HEIGHT="52" HPOS="371" VPOS="470" WIDTH="247" />
<SP HEIGHT="52" HPOS="619" VPOS="468" WIDTH="24" />
<String CONTENT="B." HEIGHT="55" HPOS="644" VPOS="468" WIDTH="66" />
</TextLine>
<TextLine HEIGHT="69" HPOS="202" STYLEREFS="StyleId-881A2545-EB42-4370-8670-57526B9C2978-" VPOS="541" WIDTH="1917">
<String CONTENT="Mental" HEIGHT="52" HPOS="202" VPOS="545" WIDTH="219" />
<SP HEIGHT="50" HPOS="422" VPOS="545" WIDTH="47" />
<String CONTENT="attitude" HEIGHT="54" HPOS="470" VPOS="543" WIDTH="244" />
<SP HEIGHT="54" HPOS="715" VPOS="543" WIDTH="49" />
<String CONTENT="for" HEIGHT="51" HPOS="765" VPOS="543" WIDTH="93" />
<SP HEIGHT="33" HPOS="859" VPOS="561" WIDTH="46" />
<String CONTENT="underwriting" HEIGHT="69" HPOS="906" VPOS="541" WIDTH="417" />
<SP HEIGHT="50" HPOS="1324" VPOS="560" WIDTH="42" />
<String CONTENT="success," HEIGHT="46" HPOS="1367" VPOS="559" WIDTH="229" />
<SP HEIGHT="64" HPOS="1597" VPOS="541" WIDTH="46" />
<String CONTENT="by" HEIGHT="68" HPOS="1644" VPOS="541" WIDTH="75" />
<SP HEIGHT="67" HPOS="1720" VPOS="542" WIDTH="46" />
<String CONTENT="Mansur" HEIGHT="52" HPOS="1767" VPOS="542" WIDTH="240" />
<SP HEIGHT="49" HPOS="2008" VPOS="544" WIDTH="44" />
<String CONTENT="B," HEIGHT="51" HPOS="2053" VPOS="544" WIDTH="66" />
</TextLine>
<TextLine CS="1" HEIGHT="69" HPOS="131" STYLEREFS="StyleId-881A2545-EB42-4370-8670-57526B9C2978-" VPOS="618" WIDTH="1560">
<String CONTENT="Oakes." HEIGHT="55" HPOS="131" VPOS="622" WIDTH="203" />
<SP HEIGHT="52" HPOS="335" VPOS="621" WIDTH="73" />
<String CONTENT="Indianapolis," HEIGHT="69" HPOS="409" VPOS="618" WIDTH="416" />
<SP HEIGHT="55" HPOS="826" VPOS="620" WIDTH="26" />
<String CONTENT="R" HEIGHT="52" HPOS="853" VPOS="620" WIDTH="51" />
<SP HEIGHT="52" HPOS="905" VPOS="620" WIDTH="25" />
<String CONTENT="&amp;" HEIGHT="50" HPOS="931" VPOS="622" WIDTH="44" />
<SP HEIGHT="52" HPOS="976" VPOS="620" WIDTH="27" />
<String CONTENT="R" HEIGHT="51" HPOS="1004" VPOS="620" WIDTH="53" />
<SP HEIGHT="67" HPOS="1058" VPOS="620" WIDTH="29" />
<String CONTENT="publications" HEIGHT="69" HPOS="1088" VPOS="618" WIDTH="378" />
<SP HEIGHT="47" HPOS="1467" VPOS="638" WIDTH="32" />
<String CONTENT="[" CS="1" />
<String CONTENT="c" HEIGHT="22" HPOS="1518" STYLE="superscript" VPOS="625" WIDTH="17" />
<String CONTENT="1935]" HEIGHT="63" HPOS="1541" VPOS="622" WIDTH="150" />
</TextLine>
<TextLine CS="1" HEIGHT="49" HPOS="202" VPOS="694" WIDTH="362">
<String CONTENT="127" HEIGHT="40" HPOS="202" VPOS="695" WIDTH="87" />
<SP HEIGHT="47" HPOS="290" VPOS="696" WIDTH="23" />
<String CONTENT="p." HEIGHT="38" HPOS="314" VPOS="705" WIDTH="42" />
<SP HEIGHT="40" HPOS="357" VPOS="694" WIDTH="58" />
<String CONTENT="21&#189;" CS="1" HEIGHT="40" HPOS="416" VPOS="694" WIDTH="29" />
<String CONTENT="cm" HEIGHT="22" HPOS="505" STYLE="superscript" VPOS="696" WIDTH="45" />
<String CONTENT="." HEIGHT="10" HPOS="554" VPOS="726" WIDTH="10" />
</TextLine>
<TextLine CS="1" HEIGHT="52" HPOS="134" VPOS="748" WIDTH="1990">
<String CONTENT="&#169;" HEIGHT="52" HPOS="134" VPOS="748" WIDTH="53" />
<SP HEIGHT="52" HPOS="188" VPOS="748" WIDTH="32" />
<String CONTENT="Sept." HEIGHT="48" HPOS="221" VPOS="751" WIDTH="127" />
<SP HEIGHT="38" HPOS="349" VPOS="753" WIDTH="33" />
<String CONTENT="10," HEIGHT="48" HPOS="383" VPOS="751" WIDTH="68" />
<SP HEIGHT="47" HPOS="452" VPOS="752" WIDTH="33" />
<String CONTENT="1935;" HEIGHT="48" HPOS="486" VPOS="749" WIDTH="140" />
<SP HEIGHT="47" HPOS="627" VPOS="750" WIDTH="33" />
<String CONTENT="2c." HEIGHT="40" HPOS="661" VPOS="750" WIDTH="65" />
<SP HEIGHT="29" HPOS="727" VPOS="760" WIDTH="34" />
<String CONTENT="and" HEIGHT="38" HPOS="762" VPOS="751" WIDTH="94" />
<SP HEIGHT="38" HPOS="857" VPOS="751" WIDTH="32" />
<String CONTENT="aff." HEIGHT="40" HPOS="890" VPOS="749" WIDTH="83" />
<SP HEIGHT="38" HPOS="974" VPOS="751" WIDTH="33" />
<String CONTENT="Dec." HEIGHT="38" HPOS="1008" VPOS="751" WIDTH="111" />
<SP HEIGHT="40" HPOS="1120" VPOS="749" WIDTH="34" />
<String CONTENT="6;" CS="1" HEIGHT="39" HPOS="1155" VPOS="749" WIDTH="28" />
<SP HEIGHT="41" HPOS="1208" VPOS="749" WIDTH="34" />
<String CONTENT="A" HEIGHT="39" HPOS="1243" VPOS="749" WIDTH="42" />
<SP HEIGHT="40" HPOS="1286" VPOS="749" WIDTH="32" />
<String CONTENT="88563;" CS="1" HEIGHT="40" HPOS="1319" VPOS="749" WIDTH="141" />
<SP HEIGHT="46" HPOS="1489" VPOS="750" WIDTH="36" />
<String CONTENT="Insurance" HEIGHT="39" HPOS="1526" VPOS="750" WIDTH="267" />
<SP HEIGHT="30" HPOS="1794" VPOS="759" WIDTH="32" />
<String CONTENT="research" HEIGHT="39" HPOS="1827" VPOS="750" WIDTH="227" />
<SP HEIGHT="40" HPOS="2055" VPOS="749" WIDTH="30" />
<String CONTENT="&amp;" HEIGHT="40" HPOS="2086" VPOS="749" WIDTH="38" />
</TextLine>
<TextLine HEIGHT="52" HPOS="198" VPOS="805" WIDTH="1131">
<String CONTENT="review" HEIGHT="41" HPOS="198" VPOS="808" WIDTH="176" />
<SP HEIGHT="29" HPOS="375" VPOS="819" WIDTH="26" />
<String CONTENT="service," HEIGHT="49" HPOS="402" VPOS="808" WIDTH="195" />
<SP HEIGHT="48" HPOS="598" VPOS="809" WIDTH="31" />
<String CONTENT="Indianapolis." HEIGHT="49" HPOS="630" VPOS="806" WIDTH="346" />
<SP HEIGHT="47" HPOS="977" VPOS="807" WIDTH="72" />
<String CONTENT="(35-38095)" HEIGHT="49" HPOS="1050" VPOS="805" WIDTH="279" />
</TextLine>
<TextLine CS="1" HEIGHT="64" HPOS="132" LANG="de" STYLEREFS="StyleId-012FD27A-A1F7-4177-B737-36FF2BF5FE89-" VPOS="897" WIDTH="577">
<String CONTENT="Oberdorfer," CS="1" HEIGHT="64" HPOS="132" VPOS="897" WIDTH="376" />
<SP HEIGHT="64" HPOS="509" VPOS="897" WIDTH="32" />
<String CONTENT="Aldo." HEIGHT="55" HPOS="542" VPOS="897" WIDTH="167" />
</TextLine>
<TextLine CS="1" HEIGHT="69" HPOS="265" STYLEREFS="StyleId-881A2545-EB42-4370-8670-57526B9C2978-" VPOS="972" WIDTH="1852">
<String CONTENT="&#8230;" CS="1" />
<SP HEIGHT="52" HPOS="265" VPOS="974" WIDTH="35" />
<String CONTENT="Il" CS="1" HEIGHT="52" HPOS="301" VPOS="974" WIDTH="32" />
<SP HEIGHT="51" HPOS="357" VPOS="975" WIDTH="30" />
<String CONTENT="re" HEIGHT="34" HPOS="388" VPOS="991" WIDTH="57" />
<SP HEIGHT="53" HPOS="446" VPOS="972" WIDTH="34" />
<String CONTENT="folle," HEIGHT="69" HPOS="481" VPOS="972" WIDTH="155" />
<SP HEIGHT="68" HPOS="637" VPOS="973" WIDTH="30" />
<String CONTENT="Luigi" HEIGHT="68" HPOS="668" VPOS="973" WIDTH="174" />
<SP HEIGHT="52" HPOS="843" VPOS="973" WIDTH="32" />
<String CONTENT="II" CS="1" />
<SP HEIGHT="53" HPOS="925" VPOS="974" WIDTH="31" />
<String CONTENT="di" HEIGHT="55" HPOS="957" VPOS="972" WIDTH="59" />
<SP HEIGHT="54" HPOS="1017" VPOS="972" WIDTH="32" />
<String CONTENT="Baviera" HEIGHT="54" HPOS="1050" VPOS="972" WIDTH="243" />
<SP HEIGHT="51" HPOS="1294" VPOS="980" WIDTH="31" />
<String CONTENT="&lt;1845-1886&gt;" HEIGHT="68" HPOS="1326" VPOS="972" WIDTH="382" />
<SP HEIGHT="67" HPOS="1709" VPOS="973" WIDTH="64" />
<String CONTENT="Milano," HEIGHT="67" HPOS="1774" VPOS="973" WIDTH="238" />
<SP HEIGHT="65" HPOS="2013" VPOS="975" WIDTH="34" />
<String CONTENT="A." HEIGHT="51" HPOS="2048" VPOS="975" WIDTH="69" />
</TextLine>
<TextLine CS="1" HEIGHT="68" HPOS="132" STYLEREFS="StyleId-881A2545-EB42-4370-8670-57526B9C2978-" VPOS="1051" WIDTH="550">
<String CONTENT="Mondadori" HEIGHT="54" HPOS="132" VPOS="1051" WIDTH="344" />
<SP HEIGHT="68" HPOS="477" VPOS="1051" WIDTH="34" />
<String CONTENT="[1935]" CS="1" HEIGHT="62" HPOS="531" VPOS="1056" WIDTH="151" />
</TextLine>
<TextLine CS="1" HEIGHT="51" HPOS="203" VPOS="1121" WIDTH="1919">
<String CONTENT="341," HEIGHT="48" HPOS="203" VPOS="1123" WIDTH="98" />
<SP HEIGHT="30" HPOS="302" VPOS="1142" WIDTH="26" />
<String CONTENT="[5]" HEIGHT="50" HPOS="329" VPOS="1122" WIDTH="54" />
<SP HEIGHT="39" HPOS="384" VPOS="1133" WIDTH="25" />
<String CONTENT="p.," HEIGHT="38" HPOS="410" VPOS="1133" WIDTH="56" />
<SP HEIGHT="46" HPOS="467" VPOS="1124" WIDTH="23" />
<String CONTENT="1" HEIGHT="39" HPOS="491" VPOS="1124" WIDTH="25" />
<SP HEIGHT="39" HPOS="517" VPOS="1124" WIDTH="21" />
<String CONTENT="l." CS="1" HEIGHT="8" HPOS="560" VPOS="1155" WIDTH="9" />
<SP HEIGHT="39" HPOS="570" VPOS="1124" WIDTH="50" />
<String CONTENT="illus." HEIGHT="40" HPOS="621" VPOS="1123" WIDTH="127" />
<SP HEIGHT="48" HPOS="749" VPOS="1122" WIDTH="29" />
<String CONTENT="(plan," HEIGHT="48" HPOS="779" VPOS="1122" WIDTH="150" />
<SP HEIGHT="46" HPOS="930" VPOS="1123" WIDTH="20" />
<String CONTENT="facsims.)" HEIGHT="48" HPOS="951" VPOS="1121" WIDTH="240" />
<SP HEIGHT="49" HPOS="1192" VPOS="1122" WIDTH="29" />
<String CONTENT="plates," HEIGHT="48" HPOS="1222" VPOS="1123" WIDTH="170" />
<SP HEIGHT="37" HPOS="1393" VPOS="1133" WIDTH="24" />
<String CONTENT="ports." HEIGHT="44" HPOS="1418" VPOS="1126" WIDTH="147" />
<SP HEIGHT="38" HPOS="1566" VPOS="1123" WIDTH="50" />
<String CONTENT="19&#189;" CS="1" HEIGHT="40" HPOS="1617" VPOS="1121" WIDTH="57" />
<String CONTENT="cm" HEIGHT="21" HPOS="1705" STYLE="superscript" VPOS="1124" WIDTH="43" />
<String CONTENT="." HEIGHT="7" HPOS="1753" VPOS="1154" WIDTH="8" />
<SP HEIGHT="46" HPOS="1762" VPOS="1122" WIDTH="60" />
<String CONTENT="(Half-title:" HEIGHT="47" HPOS="1823" VPOS="1122" WIDTH="299" />
</TextLine>
<TextLine HEIGHT="49" HPOS="137" VPOS="1178" WIDTH="1427">
<String CONTENT="&#8220;I" HEIGHT="40" HPOS="137" VPOS="1180" WIDTH="52" />
<SP HEIGHT="39" HPOS="190" VPOS="1181" WIDTH="23" />
<String CONTENT="libri" HEIGHT="41" HPOS="214" VPOS="1179" WIDTH="111" />
<SP HEIGHT="39" HPOS="326" VPOS="1180" WIDTH="25" />
<String CONTENT="verdi&#8221;;" HEIGHT="46" HPOS="352" VPOS="1180" WIDTH="193" />
<SP HEIGHT="45" HPOS="546" VPOS="1181" WIDTH="29" />
<String CONTENT="drammi" HEIGHT="40" HPOS="576" VPOS="1180" WIDTH="205" />
<SP HEIGHT="39" HPOS="782" VPOS="1180" WIDTH="25" />
<String CONTENT="e" HEIGHT="28" HPOS="808" VPOS="1191" WIDTH="26" />
<SP HEIGHT="29" HPOS="835" VPOS="1190" WIDTH="23" />
<String CONTENT="segreti" HEIGHT="47" HPOS="859" VPOS="1179" WIDTH="176" />
<SP HEIGHT="40" HPOS="1036" VPOS="1179" WIDTH="25" />
<String CONTENT="della" HEIGHT="39" HPOS="1062" VPOS="1180" WIDTH="126" />
<SP HEIGHT="30" HPOS="1189" VPOS="1189" WIDTH="26" />
<String CONTENT="storia," HEIGHT="46" HPOS="1216" VPOS="1181" WIDTH="166" />
<SP HEIGHT="37" HPOS="1383" VPOS="1190" WIDTH="27" />
<String CONTENT="n." HEIGHT="30" HPOS="1411" VPOS="1190" WIDTH="44" />
<SP HEIGHT="41" HPOS="1456" VPOS="1179" WIDTH="27" />
<String CONTENT="23)" HEIGHT="47" HPOS="1484" VPOS="1178" WIDTH="80" />
</TextLine>
<TextLine HEIGHT="49" HPOS="206" VPOS="1236" WIDTH="1053">
<String CONTENT="&#8220;Bibliografia" HEIGHT="49" HPOS="206" VPOS="1236" WIDTH="342" />
<SP HEIGHT="30" HPOS="549" VPOS="1247" WIDTH="33" />
<String CONTENT="essenziale&#8221;:" HEIGHT="41" HPOS="583" VPOS="1236" WIDTH="320" />
<SP HEIGHT="40" HPOS="904" VPOS="1237" WIDTH="32" />
<String CONTENT="leaf" HEIGHT="40" HPOS="937" VPOS="1236" WIDTH="101" />
<SP HEIGHT="40" HPOS="1039" VPOS="1236" WIDTH="30" />
<String CONTENT="at" HEIGHT="37" HPOS="1070" VPOS="1239" WIDTH="51" />
<SP HEIGHT="37" HPOS="1122" VPOS="1239" WIDTH="31" />
<String CONTENT="end." HEIGHT="40" HPOS="1154" VPOS="1237" WIDTH="105" />
</TextLine>
<TextLine CS="1" HEIGHT="109" HPOS="131" VPOS="1291" WIDTH="1971">
<String CONTENT="&#169;" HEIGHT="52" HPOS="131" VPOS="1291" WIDTH="53" />
<SP HEIGHT="52" HPOS="185" VPOS="1291" WIDTH="24" />
<String CONTENT="Mar." HEIGHT="39" HPOS="210" VPOS="1296" WIDTH="122" />
<SP HEIGHT="39" HPOS="333" VPOS="1296" WIDTH="25" />
<String CONTENT="3." HEIGHT="42" HPOS="359" VPOS="1296" WIDTH="39" />
<SP HEIGHT="42" HPOS="399" VPOS="1296" WIDTH="26" />
<String CONTENT="1935;" HEIGHT="48" HPOS="426" VPOS="1293" WIDTH="140" />
<SP />
<String CONTENT="1c." CS="1" />
<SP HEIGHT="41" HPOS="664" VPOS="1294" WIDTH="24" />
<String CONTENT="Nov." HEIGHT="40" HPOS="689" VPOS="1294" WIDTH="119" />
<SP HEIGHT="39" HPOS="809" VPOS="1295" WIDTH="27" />
<String CONTENT="1;" HEIGHT="45" HPOS="837" VPOS="1295" WIDTH="50" />
<SP HEIGHT="45" HPOS="888" VPOS="1295" WIDTH="28" />
<String CONTENT="A-Foreign" HEIGHT="48" HPOS="917" VPOS="1293" WIDTH="310" />
<SP HEIGHT="38" HPOS="1228" VPOS="1294" WIDTH="26" />
<String CONTENT="29620;" HEIGHT="46" HPOS="1255" VPOS="1293" WIDTH="171" />
<SP HEIGHT="46" HPOS="1427" VPOS="1293" WIDTH="31" />
<String CONTENT="Casa" HEIGHT="40" HPOS="1459" VPOS="1293" WIDTH="123" />
<SP HEIGHT="29" HPOS="1583" VPOS="1304" WIDTH="30" />
<String CONTENT="editrice" HEIGHT="41" HPOS="1614" VPOS="1292" WIDTH="202" />
<SP HEIGHT="39" HPOS="1817" VPOS="1293" WIDTH="25" />
<String CONTENT="A." HEIGHT="39" HPOS="1843" VPOS="1293" WIDTH="53" />
<SP HEIGHT="38" HPOS="1897" VPOS="1294" WIDTH="30" />
<String CONTENT="Mondadori." HEIGHT="99" HPOS="202" VPOS="1293" WIDTH="1900" />
<SP HEIGHT="48" HPOS="322" VPOS="1352" WIDTH="69" />
<String CONTENT="(36-140)" HEIGHT="50" HPOS="392" VPOS="1350" WIDTH="220" />
</TextLine>
<TextLine HEIGHT="66" HPOS="133" STYLEREFS="StyleId-012FD27A-A1F7-4177-B737-36FF2BF5FE89-" VPOS="1438" WIDTH="1298">
<String CONTENT="Oklahoma" HEIGHT="54" HPOS="133" VPOS="1438" WIDTH="326" />
<SP HEIGHT="51" HPOS="460" VPOS="1441" WIDTH="28" />
<String CONTENT="Baptist" HEIGHT="64" HPOS="489" VPOS="1439" WIDTH="238" />
<SP HEIGHT="50" HPOS="728" VPOS="1443" WIDTH="29" />
<String CONTENT="university," HEIGHT="64" HPOS="758" VPOS="1440" WIDTH="350" />
<SP HEIGHT="62" HPOS="1109" VPOS="1442" WIDTH="28" />
<String CONTENT="Shawnee." HEIGHT="52" HPOS="1138" VPOS="1441" WIDTH="293" />
</TextLine>
<TextLine HEIGHT="68" HPOS="201" STYLEREFS="StyleId-881A2545-EB42-4370-8670-57526B9C2978-" VPOS="1515" WIDTH="1921">
<String CONTENT="Why" HEIGHT="65" HPOS="201" VPOS="1518" WIDTH="154" />
<SP HEIGHT="67" HPOS="356" VPOS="1516" WIDTH="35" />
<String CONTENT="Christian" HEIGHT="55" HPOS="392" VPOS="1516" WIDTH="295" />
<SP HEIGHT="34" HPOS="688" VPOS="1535" WIDTH="34" />
<String CONTENT="education;" HEIGHT="64" HPOS="723" VPOS="1518" WIDTH="326" />
<SP HEIGHT="47" HPOS="1050" VPOS="1535" WIDTH="39" />
<String CONTENT="a" HEIGHT="34" HPOS="1090" VPOS="1535" WIDTH="31" />
<SP HEIGHT="34" HPOS="1122" VPOS="1535" WIDTH="32" />
<String CONTENT="symposium," HEIGHT="67" HPOS="1155" VPOS="1516" WIDTH="368" />
<SP HEIGHT="67" HPOS="1524" VPOS="1516" WIDTH="32" />
<String CONTENT="by" HEIGHT="67" HPOS="1557" VPOS="1516" WIDTH="76" />
<SP HEIGHT="62" HPOS="1634" VPOS="1521" WIDTH="33" />
<String CONTENT="the" HEIGHT="53" HPOS="1668" VPOS="1516" WIDTH="94" />
<SP HEIGHT="53" HPOS="1763" VPOS="1516" WIDTH="35" />
<String CONTENT="faculty" HEIGHT="66" HPOS="1799" VPOS="1516" WIDTH="224" />
<SP HEIGHT="50" HPOS="2024" VPOS="1532" WIDTH="34" />
<String CONTENT="of" HEIGHT="52" HPOS="2059" VPOS="1515" WIDTH="63" />
</TextLine>
<TextLine HEIGHT="67" HPOS="133" STYLEREFS="StyleId-881A2545-EB42-4370-8670-57526B9C2978-" VPOS="1593" WIDTH="1708">
<String CONTENT="Oklahoma" HEIGHT="54" HPOS="133" VPOS="1594" WIDTH="319" />
<SP HEIGHT="52" HPOS="453" VPOS="1596" WIDTH="39" />
<String CONTENT="Baptist" HEIGHT="64" HPOS="493" VPOS="1596" WIDTH="230" />
<SP HEIGHT="45" HPOS="724" VPOS="1600" WIDTH="36" />
<String CONTENT="university." HEIGHT="52" HPOS="761" VPOS="1594" WIDTH="332" />
<SP HEIGHT="54" HPOS="1094" VPOS="1593" WIDTH="77" />
<String CONTENT="Shawnee," HEIGHT="62" HPOS="1172" VPOS="1593" WIDTH="290" />
<SP HEIGHT="61" HPOS="1463" VPOS="1594" WIDTH="38" />
<String CONTENT="Old.," HEIGHT="63" HPOS="1502" VPOS="1594" WIDTH="149" />
<SP HEIGHT="58" HPOS="1652" VPOS="1599" WIDTH="38" />
<String CONTENT="1935." HEIGHT="49" HPOS="1691" VPOS="1596" WIDTH="150" />
</TextLine>
<TextLine CS="1" HEIGHT="51" HPOS="201" VPOS="1664" WIDTH="521">
<String CONTENT="7" HEIGHT="39" HPOS="201" VPOS="1667" WIDTH="27" />
<SP HEIGHT="48" HPOS="229" VPOS="1667" WIDTH="23" />
<String CONTENT="p." CS="1" />
<SP />
<String CONTENT="l.," CS="1" HEIGHT="16" HPOS="358" VPOS="1697" WIDTH="8" />
<SP HEIGHT="47" HPOS="367" VPOS="1666" WIDTH="26" />
<String CONTENT="188" HEIGHT="41" HPOS="394" VPOS="1665" WIDTH="85" />
<SP HEIGHT="49" HPOS="480" VPOS="1665" WIDTH="22" />
<String CONTENT="p." HEIGHT="38" HPOS="503" VPOS="1676" WIDTH="43" />
<SP HEIGHT="42" HPOS="547" VPOS="1664" WIDTH="57" />
<String CONTENT="24" HEIGHT="40" HPOS="605" VPOS="1664" WIDTH="58" />
<String CONTENT="cm" HEIGHT="22" HPOS="665" STYLE="superscript" VPOS="1666" WIDTH="45" />
<String CONTENT="." HEIGHT="8" HPOS="713" VPOS="1697" WIDTH="9" />
</TextLine>
<TextLine CS="1" HEIGHT="53" HPOS="133" VPOS="1719" WIDTH="1991">
<String CONTENT="&#169;" HEIGHT="53" HPOS="133" VPOS="1719" WIDTH="51" />
<SP HEIGHT="53" HPOS="185" VPOS="1719" WIDTH="25" />
<String CONTENT="Nov." HEIGHT="39" HPOS="211" VPOS="1723" WIDTH="116" />
<SP HEIGHT="38" HPOS="328" VPOS="1724" WIDTH="24" />
<String CONTENT="12," HEIGHT="46" HPOS="353" VPOS="1723" WIDTH="68" />
<SP HEIGHT="46" HPOS="422" VPOS="1723" WIDTH="27" />
<String CONTENT="1935;" CS="1" HEIGHT="40" HPOS="450" VPOS="1722" WIDTH="115" />
<SP HEIGHT="40" HPOS="590" VPOS="1722" WIDTH="27" />
<String CONTENT="2c." HEIGHT="40" HPOS="618" VPOS="1722" WIDTH="66" />
<SP HEIGHT="30" HPOS="685" VPOS="1732" WIDTH="28" />
<String CONTENT="and" HEIGHT="38" HPOS="714" VPOS="1723" WIDTH="92" />
<SP HEIGHT="39" HPOS="807" VPOS="1723" WIDTH="28" />
<String CONTENT="aff." HEIGHT="41" HPOS="836" VPOS="1721" WIDTH="82" />
<SP HEIGHT="40" HPOS="919" VPOS="1722" WIDTH="26" />
<String CONTENT="Nov." HEIGHT="40" HPOS="946" VPOS="1722" WIDTH="117" />
<SP HEIGHT="38" HPOS="1064" VPOS="1723" WIDTH="26" />
<String CONTENT="18;" CS="1" HEIGHT="40" HPOS="1091" VPOS="1722" WIDTH="55" />
<SP HEIGHT="40" HPOS="1173" VPOS="1722" WIDTH="30" />
<String CONTENT="A" HEIGHT="39" HPOS="1204" VPOS="1722" WIDTH="41" />
<SP HEIGHT="40" HPOS="1246" VPOS="1722" WIDTH="25" />
<String CONTENT="89428;" CS="1" HEIGHT="42" HPOS="1272" VPOS="1720" WIDTH="146" />
<SP HEIGHT="42" HPOS="1443" VPOS="1721" WIDTH="29" />
<String CONTENT="Oklahoma" HEIGHT="41" HPOS="1473" VPOS="1721" WIDTH="268" />
<SP HEIGHT="40" HPOS="1742" VPOS="1721" WIDTH="27" />
<String CONTENT="Baptist" HEIGHT="48" HPOS="1770" VPOS="1720" WIDTH="197" />
<SP HEIGHT="38" HPOS="1968" VPOS="1723" WIDTH="25" />
<String CONTENT="univ." HEIGHT="40" HPOS="1994" VPOS="1722" WIDTH="130" />
</TextLine>
<TextLine HEIGHT="49" HPOS="211" VPOS="1779" WIDTH="279">
<String CONTENT="(35-37850)" HEIGHT="49" HPOS="211" VPOS="1779" WIDTH="279" />
</TextLine>
<TextLine HEIGHT="65" HPOS="132" STYLEREFS="StyleId-012FD27A-A1F7-4177-B737-36FF2BF5FE89-" VPOS="1867" WIDTH="909">
<String CONTENT="O&#8217;Rourke," HEIGHT="65" HPOS="132" VPOS="1867" WIDTH="322" />
<SP HEIGHT="63" HPOS="455" VPOS="1869" WIDTH="26" />
<String CONTENT="Lawrence" HEIGHT="52" HPOS="482" VPOS="1869" WIDTH="314" />
<SP HEIGHT="52" HPOS="797" VPOS="1869" WIDTH="25" />
<String CONTENT="James." HEIGHT="54" HPOS="823" VPOS="1869" WIDTH="218" />
</TextLine>
<TextLine CS="1" HEIGHT="69" HPOS="203" STYLEREFS="StyleId-881A2545-EB42-4370-8670-57526B9C2978-" VPOS="1944" WIDTH="1860">
<String CONTENT="English" HEIGHT="67" HPOS="203" VPOS="1946" WIDTH="246" />
<SP HEIGHT="52" HPOS="450" VPOS="1946" WIDTH="27" />
<String CONTENT="and" HEIGHT="52" HPOS="478" VPOS="1946" WIDTH="113" />
<SP HEIGHT="52" HPOS="592" VPOS="1946" WIDTH="26" />
<String CONTENT="everyday" HEIGHT="67" HPOS="619" VPOS="1946" WIDTH="283" />
<SP HEIGHT="67" HPOS="903" VPOS="1946" WIDTH="26" />
<String CONTENT="life." CS="1" HEIGHT="51" HPOS="930" VPOS="1946" WIDTH="104" />
<SP HEIGHT="51" HPOS="1051" VPOS="1947" WIDTH="62" />
<String CONTENT="book" HEIGHT="52" HPOS="1114" VPOS="1946" WIDTH="147" />
<SP HEIGHT="52" HPOS="1262" VPOS="1946" WIDTH="25" />
<String CONTENT="2" HEIGHT="49" HPOS="1288" VPOS="1949" WIDTH="33" />
<SP HEIGHT="49" HPOS="1322" VPOS="1949" WIDTH="31" />
<String CONTENT="&#8230;" CS="1" />
<SP HEIGHT="52" HPOS="1410" VPOS="1946" WIDTH="32" />
<String CONTENT="by" HEIGHT="67" HPOS="1443" VPOS="1946" WIDTH="75" />
<SP HEIGHT="66" HPOS="1519" VPOS="1947" WIDTH="25" />
<String CONTENT="L." HEIGHT="51" HPOS="1545" VPOS="1947" WIDTH="64" />
<SP HEIGHT="54" HPOS="1610" VPOS="1947" WIDTH="28" />
<String CONTENT="J." HEIGHT="54" HPOS="1639" VPOS="1947" WIDTH="55" />
<SP HEIGHT="54" HPOS="1695" VPOS="1947" WIDTH="31" />
<String CONTENT="O&#8217;Rourke" HEIGHT="57" HPOS="1727" VPOS="1944" WIDTH="300" />
<SP HEIGHT="34" HPOS="2028" VPOS="1964" WIDTH="35" />
<String CONTENT="&#8230;" CS="1" />
</TextLine>
<TextLine HEIGHT="66" HPOS="131" STYLEREFS="StyleId-881A2545-EB42-4370-8670-57526B9C2978-" VPOS="2024" WIDTH="1748">
<String CONTENT="Washington," HEIGHT="66" HPOS="131" VPOS="2024" WIDTH="400" />
<SP HEIGHT="63" HPOS="532" VPOS="2026" WIDTH="28" />
<String CONTENT="D." HEIGHT="51" HPOS="561" VPOS="2026" WIDTH="70" />
<SP HEIGHT="54" HPOS="632" VPOS="2024" WIDTH="33" />
<String CONTENT="C.," HEIGHT="65" HPOS="666" VPOS="2024" WIDTH="80" />
<SP HEIGHT="63" HPOS="747" VPOS="2026" WIDTH="29" />
<String CONTENT="The" HEIGHT="51" HPOS="777" VPOS="2025" WIDTH="118" />
<SP HEIGHT="50" HPOS="896" VPOS="2026" WIDTH="28" />
<String CONTENT="Psychological" HEIGHT="66" HPOS="925" VPOS="2024" WIDTH="432" />
<SP HEIGHT="52" HPOS="1358" VPOS="2024" WIDTH="31" />
<String CONTENT="institute" HEIGHT="53" HPOS="1390" VPOS="2024" WIDTH="261" />
<SP HEIGHT="47" HPOS="1652" VPOS="2043" WIDTH="35" />
<String CONTENT="[" HEIGHT="33" HPOS="1688" STYLE="subscript" VPOS="2057" WIDTH="12" />
<String CONTENT="c" HEIGHT="20" HPOS="1704" STYLE="superscript" VPOS="2030" WIDTH="19" />
<String CONTENT="1935" HEIGHT="49" HPOS="1730" VPOS="2027" WIDTH="130" />
<String CONTENT="]" HEIGHT="33" HPOS="1867" STYLE="subscript" VPOS="2057" WIDTH="12" />
</TextLine>
<TextLine CS="1" HEIGHT="50" HPOS="204" STYLEREFS="StyleId-881A2545-EB42-4370-8670-57526B9C2978-" VPOS="2095" WIDTH="1481">
<String CONTENT="xiii," HEIGHT="46" HPOS="204" VPOS="2096" WIDTH="103" />
<SP HEIGHT="29" HPOS="308" VPOS="2116" WIDTH="27" />
<String CONTENT="[1]," HEIGHT="48" HPOS="336" VPOS="2097" WIDTH="71" />
<SP HEIGHT="47" HPOS="408" VPOS="2096" WIDTH="24" />
<String CONTENT="210" HEIGHT="40" HPOS="433" VPOS="2096" WIDTH="87" />
<SP HEIGHT="48" HPOS="521" VPOS="2096" WIDTH="22" />
<String CONTENT="p." HEIGHT="37" HPOS="544" VPOS="2107" WIDTH="43" />
<SP HEIGHT="40" HPOS="588" VPOS="2096" WIDTH="53" />
<String CONTENT="illus." HEIGHT="40" HPOS="642" VPOS="2096" WIDTH="125" />
<SP HEIGHT="38" HPOS="768" VPOS="2097" WIDTH="55" />
<String CONTENT="19&#189;" CS="1" HEIGHT="40" HPOS="824" VPOS="2095" WIDTH="56" />
<String CONTENT="cm" HEIGHT="20" HPOS="911" STYLE="superscript" VPOS="2099" WIDTH="44" />
<String CONTENT="." HEIGHT="8" HPOS="960" VPOS="2128" WIDTH="8" />
<SP HEIGHT="46" HPOS="969" VPOS="2097" WIDTH="65" />
<String CONTENT="(Junior" HEIGHT="47" HPOS="1035" VPOS="2096" WIDTH="201" />
<SP HEIGHT="28" HPOS="1237" VPOS="2107" WIDTH="23" />
<String CONTENT="self-aids" HEIGHT="39" HPOS="1261" VPOS="2096" WIDTH="220" />
<SP HEIGHT="30" HPOS="1482" VPOS="2106" WIDTH="28" />
<String CONTENT="series)" HEIGHT="46" HPOS="1511" VPOS="2096" WIDTH="174" />
</TextLine>
<TextLine CS="1" HEIGHT="109" HPOS="133" VPOS="2149" WIDTH="1974">
<String CONTENT="&#169;" HEIGHT="53" HPOS="133" VPOS="2149" WIDTH="53" />
<SP HEIGHT="53" HPOS="187" VPOS="2149" WIDTH="26" />
<String CONTENT="Aug." HEIGHT="46" HPOS="214" VPOS="2155" WIDTH="119" />
<SP HEIGHT="41" HPOS="334" VPOS="2152" WIDTH="28" />
<String CONTENT="21," HEIGHT="48" HPOS="363" VPOS="2152" WIDTH="69" />
<SP HEIGHT="46" HPOS="433" VPOS="2154" WIDTH="28" />
<String CONTENT="1935;" CS="1" HEIGHT="41" HPOS="462" VPOS="2152" WIDTH="113" />
<SP HEIGHT="43" HPOS="603" VPOS="2151" WIDTH="31" />
<String CONTENT="2c." HEIGHT="41" HPOS="635" VPOS="2151" WIDTH="66" />
<SP HEIGHT="30" HPOS="702" VPOS="2162" WIDTH="27" />
<String CONTENT="and" HEIGHT="38" HPOS="730" VPOS="2154" WIDTH="96" />
<SP HEIGHT="39" HPOS="827" VPOS="2154" WIDTH="28" />
<String CONTENT="aff." HEIGHT="42" HPOS="856" VPOS="2151" WIDTH="81" />
<SP HEIGHT="39" HPOS="938" VPOS="2154" WIDTH="30" />
<String CONTENT="Dec." HEIGHT="39" HPOS="969" VPOS="2154" WIDTH="111" />
<SP HEIGHT="39" HPOS="1081" VPOS="2154" WIDTH="29" />
<String CONTENT="14;" HEIGHT="46" HPOS="1111" VPOS="2154" WIDTH="82" />
<SP HEIGHT="47" HPOS="1194" VPOS="2153" WIDTH="31" />
<String CONTENT="A" HEIGHT="39" HPOS="1226" VPOS="2153" WIDTH="40" />
<SP HEIGHT="41" HPOS="1267" VPOS="2153" WIDTH="29" />
<String CONTENT="89849;" HEIGHT="49" HPOS="1297" VPOS="2151" WIDTH="169" />
<SP HEIGHT="46" HPOS="1467" VPOS="2154" WIDTH="32" />
<String CONTENT="L." HEIGHT="39" HPOS="1500" VPOS="2154" WIDTH="52" />
<SP HEIGHT="40" HPOS="1553" VPOS="2153" WIDTH="29" />
<String CONTENT="J." HEIGHT="40" HPOS="1583" VPOS="2153" WIDTH="43" />
<SP HEIGHT="41" HPOS="1627" VPOS="2152" WIDTH="32" />
<String CONTENT="O&#8217;Rourke," HEIGHT="47" HPOS="1660" VPOS="2152" WIDTH="265" />
<SP HEIGHT="46" HPOS="1926" VPOS="2153" WIDTH="30" />
<String CONTENT="Washington." HEIGHT="106" HPOS="207" VPOS="2152" WIDTH="1900" />
</TextLine>
<TextLine HEIGHT="64" HPOS="133" STYLEREFS="StyleId-012FD27A-A1F7-4177-B737-36FF2BF5FE89-" VPOS="2298" WIDTH="439">
<String CONTENT="Osta," HEIGHT="64" HPOS="133" VPOS="2298" WIDTH="164" />
<SP HEIGHT="63" HPOS="298" VPOS="2299" WIDTH="25" />
<String CONTENT="Amelia." HEIGHT="56" HPOS="324" VPOS="2298" WIDTH="248" />
</TextLine>
<TextLine CS="1" HEIGHT="145" HPOS="131" STYLEREFS="StyleId-881A2545-EB42-4370-8670-57526B9C2978-" VPOS="2373" WIDTH="1965">
<String CONTENT="&#8230;" CS="1" />
<SP HEIGHT="51" HPOS="260" VPOS="2374" WIDTH="32" />
<String CONTENT="Tempeste;" HEIGHT="68" HPOS="293" VPOS="2374" WIDTH="322" />
<SP HEIGHT="49" HPOS="616" VPOS="2392" WIDTH="28" />
<String CONTENT="romanzo." HEIGHT="36" HPOS="645" VPOS="2392" WIDTH="280" />
<SP HEIGHT="53" HPOS="926" VPOS="2374" WIDTH="63" />
<String CONTENT="Milano," HEIGHT="68" HPOS="990" VPOS="2374" WIDTH="238" />
<SP HEIGHT="67" HPOS="1229" VPOS="2375" WIDTH="26" />
<String CONTENT="I[stitulo]" CS="1" HEIGHT="67" HPOS="1256" VPOS="2374" WIDTH="277" />
<SP HEIGHT="61" HPOS="1534" VPOS="2380" WIDTH="32" />
<String CONTENT="t[ipografico]" CS="1" HEIGHT="70" HPOS="1567" VPOS="2373" WIDTH="364" />
<SP HEIGHT="49" HPOS="1950" VPOS="2392" WIDTH="32" />
<String CONTENT="e[ditoriale]" CS="1" HEIGHT="145" HPOS="131" VPOS="2373" WIDTH="1965" />
<SP HEIGHT="62" HPOS="347" VPOS="2456" WIDTH="36" />
<String CONTENT="1935." HEIGHT="50" HPOS="384" VPOS="2454" WIDTH="149" />
</TextLine>
<TextLine CS="1" HEIGHT="51" HPOS="202" VPOS="2525" WIDTH="466">
<String CONTENT="351," HEIGHT="47" HPOS="202" VPOS="2525" WIDTH="99" />
<SP HEIGHT="30" HPOS="302" VPOS="2546" WIDTH="32" />
<String CONTENT="[1]" HEIGHT="49" HPOS="335" VPOS="2527" WIDTH="53" />
<SP HEIGHT="37" HPOS="389" VPOS="2537" WIDTH="30" />
<String CONTENT="p." HEIGHT="37" HPOS="420" VPOS="2537" WIDTH="44" />
<SP HEIGHT="39" HPOS="465" VPOS="2527" WIDTH="57" />
<String CONTENT="19&#189;" CS="1" HEIGHT="41" HPOS="523" VPOS="2525" WIDTH="58" />
<String CONTENT="cm" HEIGHT="21" HPOS="610" STYLE="superscript" VPOS="2528" WIDTH="43" />
<String CONTENT="." HEIGHT="9" HPOS="660" VPOS="2558" WIDTH="8" />
</TextLine>
<TextLine HEIGHT="50" HPOS="200" VPOS="2579" WIDTH="1453">
<String CONTENT="At" HEIGHT="39" HPOS="200" LANG="en-US" VPOS="2581" WIDTH="63" />
<SP HEIGHT="39" HPOS="264" VPOS="2581" WIDTH="22" />
<String CONTENT="head" HEIGHT="39" HPOS="287" LANG="en-US" VPOS="2581" WIDTH="122" />
<SP HEIGHT="38" HPOS="410" VPOS="2582" WIDTH="26" />
<String CONTENT="of" HEIGHT="39" HPOS="437" LANG="en-US" VPOS="2581" WIDTH="52" />
<SP HEIGHT="40" HPOS="490" VPOS="2581" WIDTH="20" />
<String CONTENT="title:" HEIGHT="41" HPOS="511" LANG="en-US" VPOS="2580" WIDTH="134" />
<SP HEIGHT="40" HPOS="646" VPOS="2580" WIDTH="29" />
<String CONTENT="Flavia" HEIGHT="41" HPOS="676" LANG="de" VPOS="2580" WIDTH="173" />
<SP HEIGHT="42" HPOS="850" VPOS="2579" WIDTH="25" />
<String CONTENT="Steno" HEIGHT="42" HPOS="876" LANG="de" VPOS="2579" WIDTH="145" />
<SP HEIGHT="48" HPOS="1022" VPOS="2581" WIDTH="37" />
<String CONTENT="(Amelia" HEIGHT="49" HPOS="1060" LANG="en-US" VPOS="2580" WIDTH="209" />
<SP HEIGHT="42" HPOS="1270" VPOS="2579" WIDTH="28" />
<String CONTENT="Osta" HEIGHT="41" HPOS="1299" LANG="en-US" VPOS="2579" WIDTH="118" />
<SP HEIGHT="41" HPOS="1418" VPOS="2579" WIDTH="24" />
<String CONTENT="Cottini)" HEIGHT="47" HPOS="1443" LANG="en-US" VPOS="2579" WIDTH="210" />
</TextLine>
<TextLine CS="1" HEIGHT="53" HPOS="135" VPOS="2634" WIDTH="1988">
<String CONTENT="&#169;" HEIGHT="52" HPOS="135" VPOS="2634" WIDTH="53" />
<SP HEIGHT="52" HPOS="189" VPOS="2634" WIDTH="33" />
<String CONTENT="May" HEIGHT="47" HPOS="223" VPOS="2640" WIDTH="115" />
<SP HEIGHT="48" HPOS="339" VPOS="2639" WIDTH="33" />
<String CONTENT="12," HEIGHT="46" HPOS="373" VPOS="2639" WIDTH="69" />
<SP HEIGHT="44" HPOS="443" VPOS="2641" WIDTH="31" />
<String CONTENT="1935;" CS="1" HEIGHT="42" HPOS="475" VPOS="2637" WIDTH="115" />
<SP />
<String CONTENT="1c." CS="1" />
<SP HEIGHT="40" HPOS="722" VPOS="2639" WIDTH="36" />
<String CONTENT="Oct." HEIGHT="41" HPOS="759" VPOS="2639" WIDTH="102" />
<SP HEIGHT="39" HPOS="862" VPOS="2640" WIDTH="33" />
<String CONTENT="2;" CS="1" HEIGHT="38" HPOS="896" VPOS="2640" WIDTH="25" />
<SP HEIGHT="39" HPOS="949" VPOS="2641" WIDTH="38" />
<String CONTENT="A-Foreign" HEIGHT="49" HPOS="988" VPOS="2638" WIDTH="310" />
<SP HEIGHT="38" HPOS="1299" VPOS="2640" WIDTH="34" />
<String CONTENT="29318;" CS="1" HEIGHT="47" HPOS="1334" VPOS="2639" WIDTH="170" />
<SP HEIGHT="45" HPOS="1505" VPOS="2641" WIDTH="39" />
<String CONTENT="Amelia" HEIGHT="41" HPOS="1545" VPOS="2639" WIDTH="187" />
<SP HEIGHT="41" HPOS="1733" VPOS="2639" WIDTH="34" />
<String CONTENT="Osta" HEIGHT="41" HPOS="1768" VPOS="2639" WIDTH="119" />
<SP HEIGHT="41" HPOS="1888" VPOS="2639" WIDTH="37" />
<String CONTENT="Cottini," HEIGHT="50" HPOS="1926" VPOS="2637" WIDTH="197" />
</TextLine>
<TextLine HEIGHT="47" HPOS="204" VPOS="2696" WIDTH="613">
<String CONTENT="Genoa," HEIGHT="46" HPOS="204" VPOS="2696" WIDTH="176" />
<SP HEIGHT="45" HPOS="381" VPOS="2697" WIDTH="26" />
<String CONTENT="Italy." HEIGHT="46" HPOS="408" VPOS="2697" WIDTH="144" />
<SP HEIGHT="47" HPOS="553" VPOS="2696" WIDTH="71" />
<String CONTENT="(36-46)" HEIGHT="47" HPOS="625" VPOS="2696" WIDTH="192" />
</TextLine>
<TextLine HEIGHT="70" HPOS="134" STYLEREFS="StyleId-881A2545-EB42-4370-8670-57526B9C2978-" VPOS="2779" WIDTH="1040">
<String CONTENT="Parkman," HEIGHT="68" HPOS="134" LANG="en-US" VPOS="2779" WIDTH="314" />
<SP HEIGHT="63" HPOS="449" VPOS="2784" WIDTH="28" />
<String CONTENT="Sydney" HEIGHT="64" HPOS="478" LANG="en-US" VPOS="2784" WIDTH="238" />
<SP HEIGHT="64" HPOS="717" VPOS="2784" WIDTH="25" />
<String CONTENT="M&#252;ller," HEIGHT="66" HPOS="743" LANG="de" VPOS="2783" WIDTH="228" />
<SP HEIGHT="59" HPOS="972" VPOS="2790" WIDTH="31" />
<String CONTENT="1895-" HEIGHT="50" HPOS="1004" LANG="en-US" VPOS="2788" WIDTH="170" />
</TextLine>
<TextLine HEIGHT="70" HPOS="204" STYLEREFS="StyleId-881A2545-EB42-4370-8670-57526B9C2978-" VPOS="2859" WIDTH="1812">
<String CONTENT="Uncharted," HEIGHT="68" HPOS="204" VPOS="2859" WIDTH="349" />
<SP HEIGHT="67" HPOS="554" VPOS="2860" WIDTH="62" />
<String CONTENT="by" HEIGHT="69" HPOS="617" VPOS="2860" WIDTH="75" />
<SP HEIGHT="69" HPOS="693" VPOS="2860" WIDTH="64" />
<String CONTENT="Sydney" HEIGHT="69" HPOS="758" VPOS="2860" WIDTH="230" />
<SP HEIGHT="68" HPOS="989" VPOS="2861" WIDTH="62" />
<String CONTENT="Parkman." HEIGHT="53" HPOS="1052" VPOS="2861" WIDTH="307" />
<SP HEIGHT="52" HPOS="1360" VPOS="2861" WIDTH="96" />
<String CONTENT="London," HEIGHT="57" HPOS="1457" VPOS="2860" WIDTH="258" />
<SP HEIGHT="56" HPOS="1716" VPOS="2861" WIDTH="60" />
<String CONTENT="Hodder" HEIGHT="52" HPOS="1777" VPOS="2861" WIDTH="239" />
</TextLine>
<TextLine CS="1" HEIGHT="69" HPOS="136" STYLEREFS="StyleId-881A2545-EB42-4370-8670-57526B9C2978-" VPOS="2936" WIDTH="790">
<String CONTENT="Stoughton" HEIGHT="68" HPOS="136" VPOS="2936" WIDTH="321" />
<SP HEIGHT="51" HPOS="458" VPOS="2940" WIDTH="33" />
<String CONTENT="limited" HEIGHT="55" HPOS="492" VPOS="2936" WIDTH="222" />
<SP HEIGHT="67" HPOS="715" VPOS="2938" WIDTH="39" />
<String CONTENT="[1935]" CS="1" HEIGHT="64" HPOS="775" VPOS="2941" WIDTH="151" />
</TextLine>
<TextLine CS="1" HEIGHT="49" HPOS="203" VPOS="3009" WIDTH="362">
<String CONTENT="317" HEIGHT="41" HPOS="203" VPOS="3010" WIDTH="85" />
<SP HEIGHT="48" HPOS="289" VPOS="3010" WIDTH="28" />
<String CONTENT="p." HEIGHT="38" HPOS="318" VPOS="3020" WIDTH="43" />
<SP HEIGHT="40" HPOS="362" VPOS="3010" WIDTH="58" />
<String CONTENT="19&#189;" CS="1" HEIGHT="40" HPOS="421" VPOS="3009" WIDTH="54" />
<String CONTENT="cm" HEIGHT="21" HPOS="508" STYLE="superscript" VPOS="3012" WIDTH="44" />
<String CONTENT="." HEIGHT="9" HPOS="555" VPOS="3041" WIDTH="10" />
</TextLine>
<TextLine CS="1" HEIGHT="53" HPOS="135" VPOS="3063" WIDTH="1988">
<String CONTENT="&#169;" HEIGHT="52" HPOS="135" VPOS="3063" WIDTH="53" />
<SP />
<String CONTENT="1c." CS="1" />
<SP HEIGHT="37" HPOS="280" VPOS="3069" WIDTH="28" />
<String CONTENT="Dec." HEIGHT="38" HPOS="309" VPOS="3069" WIDTH="109" />
<SP HEIGHT="40" HPOS="419" VPOS="3066" WIDTH="26" />
<String CONTENT="20," HEIGHT="48" HPOS="446" VPOS="3066" WIDTH="68" />
<SP HEIGHT="45" HPOS="515" VPOS="3069" WIDTH="26" />
<String CONTENT="1935;" HEIGHT="47" HPOS="542" VPOS="3066" WIDTH="141" />
<SP HEIGHT="44" HPOS="684" VPOS="3069" WIDTH="27" />
<String CONTENT="A" HEIGHT="38" HPOS="712" VPOS="3069" WIDTH="41" />
<SP HEIGHT="38" HPOS="754" VPOS="3069" WIDTH="25" />
<String CONTENT="ad" HEIGHT="37" HPOS="780" VPOS="3070" WIDTH="61" />
<SP HEIGHT="39" HPOS="842" VPOS="3068" WIDTH="23" />
<String CONTENT="int." HEIGHT="40" HPOS="866" VPOS="3068" WIDTH="83" />
<SP HEIGHT="40" HPOS="950" VPOS="3067" WIDTH="28" />
<String CONTENT="20930;" HEIGHT="43" HPOS="979" VPOS="3067" WIDTH="170" />
<SP HEIGHT="37" HPOS="1150" VPOS="3079" WIDTH="29" />
<String CONTENT="pubd." HEIGHT="47" HPOS="1180" VPOS="3069" WIDTH="142" />
<SP HEIGHT="40" HPOS="1323" VPOS="3069" WIDTH="29" />
<String CONTENT="Oct." HEIGHT="40" HPOS="1353" VPOS="3069" WIDTH="101" />
<SP HEIGHT="41" HPOS="1455" VPOS="3068" WIDTH="26" />
<String CONTENT="24;" HEIGHT="47" HPOS="1482" VPOS="3068" WIDTH="83" />
<SP HEIGHT="45" HPOS="1566" VPOS="3070" WIDTH="32" />
<String CONTENT="S." HEIGHT="39" HPOS="1599" VPOS="3070" WIDTH="44" />
<SP HEIGHT="39" HPOS="1644" VPOS="3070" WIDTH="28" />
<String CONTENT="M." HEIGHT="39" HPOS="1673" VPOS="3070" WIDTH="62" />
<SP HEIGHT="39" HPOS="1736" VPOS="3070" WIDTH="27" />
<String CONTENT="Parkman." HEIGHT="41" HPOS="1764" VPOS="3070" WIDTH="257" />
<SP HEIGHT="40" HPOS="2022" VPOS="3071" WIDTH="33" />
<String CONTENT="St." HEIGHT="40" HPOS="2056" VPOS="3071" WIDTH="67" />
</TextLine>
<TextLine HEIGHT="51" HPOS="202" VPOS="3123" WIDTH="1254">
<String CONTENT="Leonard&#8217;s-on-Sea," HEIGHT="49" HPOS="202" VPOS="3123" WIDTH="468" />
<SP HEIGHT="47" HPOS="671" VPOS="3125" WIDTH="35" />
<String CONTENT="Sussex," HEIGHT="46" HPOS="707" VPOS="3125" WIDTH="191" />
<SP HEIGHT="45" HPOS="899" VPOS="3126" WIDTH="30" />
<String CONTENT="England." HEIGHT="46" HPOS="930" VPOS="3126" WIDTH="235" />
<SP HEIGHT="46" HPOS="1166" VPOS="3125" WIDTH="69" />
<String CONTENT="(36-370)" HEIGHT="49" HPOS="1236" VPOS="3125" WIDTH="220" />
</TextLine>
<TextLine HEIGHT="67" HPOS="135" STYLEREFS="StyleId-012FD27A-A1F7-4177-B737-36FF2BF5FE89-" VPOS="3211" WIDTH="814">
<String CONTENT="Paul," HEIGHT="64" HPOS="135" VPOS="3211" WIDTH="162" />
<SP HEIGHT="62" HPOS="298" VPOS="3213" WIDTH="26" />
<String CONTENT="Randolph" HEIGHT="64" HPOS="325" VPOS="3213" WIDTH="306" />
<SP HEIGHT="51" HPOS="632" VPOS="3214" WIDTH="29" />
<String CONTENT="E.," HEIGHT="63" HPOS="662" VPOS="3215" WIDTH="85" />
<SP HEIGHT="58" HPOS="748" VPOS="3220" WIDTH="30" />
<String CONTENT="1890-" HEIGHT="49" HPOS="779" VPOS="3220" WIDTH="170" />
</TextLine>
<TextLine CS="1" HEIGHT="71" HPOS="206" STYLEREFS="StyleId-881A2545-EB42-4370-8670-57526B9C2978-" VPOS="3289" WIDTH="1855">
<String CONTENT="The" HEIGHT="52" HPOS="206" VPOS="3290" WIDTH="121" />
<SP HEIGHT="53" HPOS="328" VPOS="3289" WIDTH="21" />
<String CONTENT="law" HEIGHT="55" HPOS="350" VPOS="3289" WIDTH="109" />
<SP HEIGHT="36" HPOS="460" VPOS="3308" WIDTH="23" />
<String CONTENT="of" HEIGHT="51" HPOS="484" VPOS="3292" WIDTH="63" />
<SP HEIGHT="53" HPOS="548" VPOS="3290" WIDTH="22" />
<String CONTENT="federal" HEIGHT="53" HPOS="571" VPOS="3290" WIDTH="220" />
<SP HEIGHT="50" HPOS="792" VPOS="3292" WIDTH="24" />
<String CONTENT="income" HEIGHT="53" HPOS="817" VPOS="3292" WIDTH="212" />
<SP HEIGHT="48" HPOS="1030" VPOS="3297" WIDTH="25" />
<String CONTENT="taxation," HEIGHT="58" HPOS="1056" VPOS="3293" WIDTH="276" />
<SP HEIGHT="57" HPOS="1333" VPOS="3294" WIDTH="22" />
<String CONTENT="by" HEIGHT="64" HPOS="1356" VPOS="3294" WIDTH="74" />
<SP HEIGHT="63" HPOS="1431" VPOS="3295" WIDTH="25" />
<String CONTENT="Randolph" HEIGHT="67" HPOS="1457" VPOS="3293" WIDTH="307" />
<SP HEIGHT="50" HPOS="1765" VPOS="3294" WIDTH="26" />
<String CONTENT="F." HEIGHT="51" HPOS="1792" VPOS="3295" WIDTH="64" />
<SP HEIGHT="50" HPOS="1857" VPOS="3296" WIDTH="26" />
<String CONTENT="Paul" HEIGHT="51" HPOS="1884" VPOS="3296" WIDTH="146" />
<SP HEIGHT="51" HPOS="2031" VPOS="3296" WIDTH="30" />
<String CONTENT="&#8230;" CS="1" />
</TextLine>
<TextLine CS="1" HEIGHT="70" HPOS="139" STYLEREFS="StyleId-881A2545-EB42-4370-8670-57526B9C2978-" VPOS="3368" WIDTH="1922">
<String CONTENT="and" HEIGHT="51" HPOS="139" VPOS="3368" WIDTH="110" />
<SP HEIGHT="52" HPOS="250" VPOS="3368" WIDTH="39" />
<String CONTENT="Jacob" HEIGHT="52" HPOS="290" VPOS="3368" WIDTH="178" />
<SP HEIGHT="52" HPOS="469" VPOS="3368" WIDTH="39" />
<String CONTENT="Mertens," HEIGHT="59" HPOS="509" LANG="de" VPOS="3370" WIDTH="267" />
<SP HEIGHT="65" HPOS="777" VPOS="3370" WIDTH="39" />
<String CONTENT="jr." HEIGHT="65" HPOS="817" VPOS="3370" WIDTH="68" />
<SP HEIGHT="9" HPOS="886" VPOS="3412" WIDTH="47" />
<String CONTENT="&#8230;" CS="1" />
<SP />
<String CONTENT="1935" HEIGHT="48" HPOS="1072" VPOS="3374" WIDTH="132" />
<SP HEIGHT="46" HPOS="1205" VPOS="3376" WIDTH="40" />
<String CONTENT="cumulative" HEIGHT="53" HPOS="1246" VPOS="3371" WIDTH="343" />
<SP HEIGHT="34" HPOS="1590" VPOS="3390" WIDTH="40" />
<String CONTENT="supplements" HEIGHT="65" HPOS="1631" VPOS="3373" WIDTH="385" />
<SP HEIGHT="32" HPOS="2017" VPOS="3392" WIDTH="44" />
<String CONTENT="&#8230;" CS="1" />
</TextLine>
<TextLine HEIGHT="72" HPOS="142" STYLEREFS="StyleId-881A2545-EB42-4370-8670-57526B9C2978-" VPOS="3443" WIDTH="1910">
<String CONTENT="[for]" HEIGHT="68" HPOS="142" VPOS="3443" WIDTH="127" />
<SP HEIGHT="48" HPOS="270" VPOS="3463" WIDTH="34" />
<String CONTENT="volumes" HEIGHT="55" HPOS="305" VPOS="3445" WIDTH="249" />
<SP HEIGHT="51" HPOS="555" VPOS="3449" WIDTH="31" />
<String CONTENT="1-6." HEIGHT="50" HPOS="587" VPOS="3448" WIDTH="114" />
<SP HEIGHT="54" HPOS="702" VPOS="3446" WIDTH="76" />
<String CONTENT="Chicago," HEIGHT="67" HPOS="779" VPOS="3446" WIDTH="267" />
<SP HEIGHT="58" HPOS="1047" VPOS="3448" WIDTH="31" />
<String CONTENT="Callaghan" HEIGHT="68" HPOS="1079" VPOS="3447" WIDTH="319" />
<SP HEIGHT="34" HPOS="1399" VPOS="3467" WIDTH="30" />
<String CONTENT="and" HEIGHT="51" HPOS="1430" VPOS="3450" WIDTH="111" />
<SP HEIGHT="51" HPOS="1542" VPOS="3450" WIDTH="31" />
<String CONTENT="company," HEIGHT="49" HPOS="1574" VPOS="3466" WIDTH="294" />
<SP HEIGHT="55" HPOS="1869" VPOS="3454" WIDTH="32" />
<String CONTENT="1935." HEIGHT="48" HPOS="1902" VPOS="3453" WIDTH="150" />
</TextLine>
<TextLine HEIGHT="41" HPOS="207" VPOS="3516" WIDTH="269">
<String CONTENT="6" HEIGHT="39" HPOS="207" VPOS="3517" WIDTH="28" />
<SP HEIGHT="39" HPOS="236" VPOS="3517" WIDTH="25" />
<String CONTENT="v." HEIGHT="28" HPOS="262" VPOS="3528" WIDTH="40" />
<SP HEIGHT="40" HPOS="303" VPOS="3516" WIDTH="56" />
<String CONTENT="25" HEIGHT="39" HPOS="360" VPOS="3516" WIDTH="54" />
<String CONTENT="cm" HEIGHT="21" HPOS="418" STYLE="superscript" VPOS="3519" WIDTH="43" />
<String CONTENT="." HEIGHT="8" HPOS="467" VPOS="3549" WIDTH="9" />
</TextLine>
<TextLine HEIGHT="52" HPOS="207" VPOS="3573" WIDTH="1918">
<String CONTENT="These" HEIGHT="39" HPOS="207" VPOS="3573" WIDTH="154" />
<SP HEIGHT="38" HPOS="362" VPOS="3583" WIDTH="27" />
<String CONTENT="pamphlets" HEIGHT="47" HPOS="390" VPOS="3574" WIDTH="272" />
<SP HEIGHT="29" HPOS="663" VPOS="3584" WIDTH="30" />
<String CONTENT="are" HEIGHT="29" HPOS="694" VPOS="3585" WIDTH="84" />
<SP HEIGHT="37" HPOS="779" VPOS="3578" WIDTH="28" />
<String CONTENT="to" HEIGHT="37" HPOS="808" VPOS="3578" WIDTH="47" />
<SP HEIGHT="38" HPOS="856" VPOS="3576" WIDTH="29" />
<String CONTENT="be" HEIGHT="40" HPOS="886" VPOS="3576" WIDTH="58" />
<SP HEIGHT="41" HPOS="945" VPOS="3575" WIDTH="27" />
<String CONTENT="fitted" HEIGHT="41" HPOS="973" VPOS="3574" WIDTH="138" />
<SP HEIGHT="39" HPOS="1112" VPOS="3576" WIDTH="26" />
<String CONTENT="into" HEIGHT="40" HPOS="1139" VPOS="3576" WIDTH="101" />
<SP HEIGHT="38" HPOS="1241" VPOS="3579" WIDTH="31" />
<String CONTENT="the" HEIGHT="40" HPOS="1273" VPOS="3578" WIDTH="84" />
<SP HEIGHT="37" HPOS="1358" VPOS="3588" WIDTH="26" />
<String CONTENT="pockets" HEIGHT="47" HPOS="1385" VPOS="3578" WIDTH="196" />
<SP HEIGHT="28" HPOS="1582" VPOS="3588" WIDTH="29" />
<String CONTENT="at" HEIGHT="38" HPOS="1612" VPOS="3579" WIDTH="53" />
<SP HEIGHT="38" HPOS="1666" VPOS="3579" WIDTH="28" />
<String CONTENT="the" HEIGHT="39" HPOS="1695" VPOS="3578" WIDTH="83" />
<SP HEIGHT="39" HPOS="1779" VPOS="3578" WIDTH="27" />
<String CONTENT="back" HEIGHT="39" HPOS="1807" VPOS="3578" WIDTH="122" />
<SP HEIGHT="39" HPOS="1930" VPOS="3578" WIDTH="30" />
<String CONTENT="of" HEIGHT="39" HPOS="1961" VPOS="3578" WIDTH="52" />
<SP HEIGHT="41" HPOS="2014" VPOS="3578" WIDTH="28" />
<String CONTENT="the" HEIGHT="39" HPOS="2043" VPOS="3580" WIDTH="82" />
</TextLine>
<TextLine HEIGHT="50" HPOS="139" VPOS="3629" WIDTH="1113">
<String CONTENT="volumes" HEIGHT="39" HPOS="139" VPOS="3629" WIDTH="212" />
<SP HEIGHT="28" HPOS="352" VPOS="3640" WIDTH="26" />
<String CONTENT="of" HEIGHT="38" HPOS="379" VPOS="3630" WIDTH="51" />
<SP HEIGHT="39" HPOS="431" VPOS="3630" WIDTH="25" />
<String CONTENT="the" HEIGHT="38" HPOS="457" VPOS="3631" WIDTH="83" />
<SP HEIGHT="30" HPOS="541" VPOS="3640" WIDTH="23" />
<String CONTENT="set" HEIGHT="37" HPOS="565" VPOS="3633" WIDTH="72" />
<SP HEIGHT="37" HPOS="638" VPOS="3633" WIDTH="26" />
<String CONTENT="to" HEIGHT="37" HPOS="665" VPOS="3633" WIDTH="47" />
<SP HEIGHT="29" HPOS="713" VPOS="3641" WIDTH="28" />
<String CONTENT="which" HEIGHT="38" HPOS="742" VPOS="3632" WIDTH="156" />
<SP HEIGHT="40" HPOS="899" VPOS="3632" WIDTH="28" />
<String CONTENT="they" HEIGHT="46" HPOS="928" VPOS="3633" WIDTH="113" />
<SP HEIGHT="47" HPOS="1042" VPOS="3632" WIDTH="25" />
<String CONTENT="belong." HEIGHT="46" HPOS="1068" VPOS="3632" WIDTH="184" />
</TextLine>
<TextLine CS="1" HEIGHT="57" HPOS="140" VPOS="3680" WIDTH="1983">
<String CONTENT="&#169;" HEIGHT="52" HPOS="140" VPOS="3680" WIDTH="51" />
<SP HEIGHT="52" HPOS="192" VPOS="3680" WIDTH="30" />
<String CONTENT="Dec." HEIGHT="39" HPOS="223" VPOS="3686" WIDTH="111" />
<SP HEIGHT="37" HPOS="335" VPOS="3688" WIDTH="32" />
<String CONTENT="14," HEIGHT="41" HPOS="368" VPOS="3686" WIDTH="68" />
<SP HEIGHT="39" HPOS="437" VPOS="3688" WIDTH="32" />
<String CONTENT="1935;" CS="1" HEIGHT="40" HPOS="499" VPOS="3686" WIDTH="83" />
<SP HEIGHT="41" HPOS="610" VPOS="3686" WIDTH="33" />
<String CONTENT="2c." HEIGHT="40" HPOS="644" VPOS="3686" WIDTH="66" />
<SP HEIGHT="29" HPOS="711" VPOS="3697" WIDTH="33" />
<String CONTENT="each" HEIGHT="39" HPOS="745" VPOS="3688" WIDTH="116" />
<SP HEIGHT="38" HPOS="862" VPOS="3688" WIDTH="33" />
<String CONTENT="and" HEIGHT="37" HPOS="896" VPOS="3690" WIDTH="94" />
<SP HEIGHT="38" HPOS="991" VPOS="3690" WIDTH="32" />
<String CONTENT="aff." HEIGHT="40" HPOS="1024" VPOS="3688" WIDTH="82" />
<SP HEIGHT="38" HPOS="1107" VPOS="3690" WIDTH="32" />
<String CONTENT="Dec." HEIGHT="39" HPOS="1140" VPOS="3690" WIDTH="112" />
<SP HEIGHT="37" HPOS="1253" VPOS="3691" WIDTH="33" />
<String CONTENT="17;" CS="1" HEIGHT="39" HPOS="1315" VPOS="3690" WIDTH="25" />
<SP HEIGHT="39" HPOS="1367" VPOS="3690" WIDTH="37" />
<String CONTENT="A" HEIGHT="38" HPOS="1405" VPOS="3690" WIDTH="40" />
<SP HEIGHT="39" HPOS="1446" VPOS="3690" WIDTH="28" />
<String CONTENT="89907;" CS="1" HEIGHT="42" HPOS="1475" VPOS="3688" WIDTH="144" />
<SP HEIGHT="40" HPOS="1645" VPOS="3690" WIDTH="36" />
<String CONTENT="Callaghan" HEIGHT="47" HPOS="1682" VPOS="3690" WIDTH="269" />
<SP HEIGHT="40" HPOS="1952" VPOS="3690" WIDTH="34" />
<String CONTENT="&amp;" HEIGHT="40" HPOS="1987" VPOS="3690" WIDTH="37" />
<SP HEIGHT="40" HPOS="2025" VPOS="3690" WIDTH="29" />
<String CONTENT="co." HEIGHT="31" HPOS="2055" VPOS="3700" WIDTH="68" />
</TextLine>
<TextLine HEIGHT="68" HPOS="137" STYLEREFS="StyleId-012FD27A-A1F7-4177-B737-36FF2BF5FE89-" VPOS="3799" WIDTH="941">
<String CONTENT="Pratt," HEIGHT="65" HPOS="137" VPOS="3799" WIDTH="189" />
<SP HEIGHT="61" HPOS="327" VPOS="3803" WIDTH="29" />
<String CONTENT="Adelene" HEIGHT="55" HPOS="357" VPOS="3803" WIDTH="256" />
<SP HEIGHT="56" HPOS="614" VPOS="3802" WIDTH="28" />
<String CONTENT="Jessup," HEIGHT="65" HPOS="643" VPOS="3802" WIDTH="230" />
<SP HEIGHT="57" HPOS="874" VPOS="3810" WIDTH="33" />
<String CONTENT="1882-" HEIGHT="49" HPOS="908" VPOS="3809" WIDTH="170" />
</TextLine>
<TextLine HEIGHT="74" HPOS="208" STYLEREFS="StyleId-881A2545-EB42-4370-8670-57526B9C2978-" VPOS="3877" WIDTH="1914">
<String CONTENT="Encyclopedias;" HEIGHT="69" HPOS="208" VPOS="3877" WIDTH="477" />
<SP HEIGHT="64" HPOS="686" VPOS="3881" WIDTH="37" />
<String CONTENT="how" HEIGHT="52" HPOS="724" VPOS="3881" WIDTH="127" />
<SP HEIGHT="48" HPOS="852" VPOS="3886" WIDTH="32" />
<String CONTENT="to" HEIGHT="48" HPOS="885" VPOS="3886" WIDTH="58" />
<SP HEIGHT="34" HPOS="944" VPOS="3899" WIDTH="34" />
<String CONTENT="use" HEIGHT="35" HPOS="979" VPOS="3899" WIDTH="95" />
<SP HEIGHT="34" HPOS="1075" VPOS="3900" WIDTH="37" />
<String CONTENT="and" HEIGHT="52" HPOS="1113" VPOS="3882" WIDTH="110" />
<SP HEIGHT="52" HPOS="1224" VPOS="3882" WIDTH="37" />
<String CONTENT="evaluate" HEIGHT="53" HPOS="1262" VPOS="3882" WIDTH="255" />
<SP HEIGHT="48" HPOS="1518" VPOS="3887" WIDTH="35" />
<String CONTENT="them," HEIGHT="68" HPOS="1554" VPOS="3882" WIDTH="172" />
<SP HEIGHT="67" HPOS="1727" VPOS="3883" WIDTH="34" />
<String CONTENT="by" HEIGHT="68" HPOS="1762" VPOS="3883" WIDTH="74" />
<SP HEIGHT="69" HPOS="1837" VPOS="3882" WIDTH="34" />
<String CONTENT="Adelene" HEIGHT="54" HPOS="1872" VPOS="3882" WIDTH="250" />
</TextLine>
<TextLine CS="1" HEIGHT="71" HPOS="139" STYLEREFS="StyleId-881A2545-EB42-4370-8670-57526B9C2978-" VPOS="3951" WIDTH="1958">
<String CONTENT="Jessup" HEIGHT="71" HPOS="139" VPOS="3951" WIDTH="205" />
<SP HEIGHT="65" HPOS="345" VPOS="3957" WIDTH="28" />
<String CONTENT="Pratt" HEIGHT="51" HPOS="374" VPOS="3957" WIDTH="168" />
<SP HEIGHT="45" HPOS="543" VPOS="3963" WIDTH="34" />
<String CONTENT="&#8230;" CS="1" />
<SP HEIGHT="56" HPOS="635" VPOS="3955" WIDTH="86" />
<String CONTENT="Chicago," HEIGHT="67" HPOS="722" VPOS="3955" WIDTH="268" />
<SP HEIGHT="63" HPOS="991" VPOS="3959" WIDTH="28" />
<String CONTENT="F." HEIGHT="52" HPOS="1020" VPOS="3959" WIDTH="67" />
<SP HEIGHT="53" HPOS="1088" VPOS="3958" WIDTH="29" />
<String CONTENT="E." HEIGHT="53" HPOS="1118" VPOS="3958" WIDTH="69" />
<SP HEIGHT="56" HPOS="1188" VPOS="3958" WIDTH="32" />
<String CONTENT="Compton" HEIGHT="64" HPOS="1221" VPOS="3958" WIDTH="282" />
<SP HEIGHT="50" HPOS="1504" VPOS="3962" WIDTH="30" />
<String CONTENT="&amp;" HEIGHT="50" HPOS="1535" VPOS="3962" WIDTH="45" />
<SP HEIGHT="50" HPOS="1581" VPOS="3962" WIDTH="29" />
<String CONTENT="company" HEIGHT="44" HPOS="1611" VPOS="3978" WIDTH="278" />
<SP HEIGHT="43" HPOS="1890" VPOS="3979" WIDTH="33" />
<String CONTENT="[" CS="1" />
<String CONTENT="c" HEIGHT="21" HPOS="1941" STYLE="superscript" VPOS="3967" WIDTH="17" />
<String CONTENT="1935]" CS="1" HEIGHT="49" HPOS="1966" VPOS="3964" WIDTH="131" />
</TextLine>
</TextBlock>
</PrintSpace>
</Page>
</Layout>
</alto>