2424 4375
1228 4095 131 49 1008

359 559 229 40 Abstract
613 560 51 40 of
690 560 151 40 thesis
870 559 105 49 (PH.
1032 560 284 48 D.)—George
1341 561 223 48 Peabody
1590 562 177 48 college
1792 562 78 39 for
1897 560 234 49 teachers,
2156 560 125 42 1932.

287 626 53 52 ©
367 630 109 39 Feb.
505 630 71 45 25,
604 629 140 48 1935;
775 630 64 41 2c.
870 632 120 38 Mar.
1018 631 51 41 1;
1100 631 81 40 aff.
1212 632 109 39 Feb.
1350 631 83 47 28;
1464 633 40 38 A
1531 630 168 48 79877;
1732 632 184 48 George

1942 632 224 47 Peabody
355 632 1909 102 college
486 687 78 38 for
594 688 233 39 teachers.
901 687 279 49 (35-11133)

294 789 266 61 Larrikin,
589 790 159 54 Nina
774 792 66 53 B.

423 867 1860 70 … Easter and the spring, by Nina B. Lamkin … New
294 945 177 66 York,
517 946 70 53 N.
639 945 92 68 Y.,
779 946 113 53 Los
935 946 267 69 Angeles,
1254 945 196 70 Calif.,
1503 946 57 57 S.
1612 946 251 68 French;
1914 946 261 68 London,
2228 945 55 57 S.

294 1024 240 65 French,
564 1024 132 67 ltd.;
754 1029 119 62 [etc.,
903 1030 120 63 etc.,
1049 1031 20 23 c
1073 1028 153 64 1935]

362 1097 83 40 105
477 1108 42 37 p.
580 1096 57 41 19
636 1099 45 21 cm
685 1128 8 9 .
765 1097 101 48 (All
896 1098 208 49 through
1135 1098 80 41 the
1246 1108 117 38 year
1389 1099 176 49 series)

365 1168 373 49 Bibliography:
769 1179 43 38 p.
839 1168 185 42 97-103.

289 1235 53 52 ©
367 1239 109 39 Jan.
507 1239 67 42 10.
602 1238 139 47 1935;
769 1239 66 40 2c.
864 1240 95 39 and
983 1239 82 40 aff.
1094 1240 116 47 July
1236 1239 81 47 26;
1349 1241 40 38 A
1444 1239 140 47 85216;
1617 1240 192 40 Samuel
1838 1240 199 41 French.

367 1296 280 47 (35-11029)

295 1397 269 64 Legouis,
595 1399 190 53 Emile
811 1398 355 67 Hyacinthe,
1200 1406 170 49 1861-

362 1477 44 49 A
450 1474 220 68 history
705 1476 63 53 of
803 1476 246 67 English
1085 1478 313 52 literature.
1468 1478 122 53 The
1625 1477 214 53 middle
1875 1496 129 46 ages
2042 1477 111 52 and
2188 1477 96 52 the

292 1570 325 36 renascence
661 1554 331 66 (650-1660)
1034 1554 74 67 by
1142 1555 189 52 Emile
1363 1554 261 66 Legouis,
1656 1554 315 53 translated
2005 1554 153 52 from
2190 1554 94 51 the

295 1630 218 51 French
546 1631 72 65 by
650 1630 185 52 Helen
864 1631 256 66 Douglas
1151 1630 212 53 Irvine.
1431 1631 240 53 Modern
1702 1630 164 54 times
1908 1631 365 65 (1660-1932)

294 1706 72 67 by
409 1706 173 53 Louis
628 1705 327 66 Cazamian,
997 1708 316 53 translated
1358 1707 154 54 from
1556 1708 96 55 the
1694 1707 223 54 French
1961 1707 75 66 by
2078 1708 91 54 W.
2213 1707 71 53 D.

293 1783 321 66 Maclnnes,
711 1827 10 10 M.
801 1825 29 25 A.,
871 1785 112 52 and
1020 1785 96 53 the
1155 1785 222 53 author.
1450 1786 140 52 Rev.
1629 1784 115 65 ed.;
1785 1790 113 47 two
1936 1785 249 52 volumes
2223 1784 61 53 in

292 1878 117 34 one.
481 1861 138 53 New
655 1861 180 68 York,
869 1862 120 54 The
1024 1862 336 52 Macmillan
1394 1880 297 48 company,
1725 1864 151 50 1935.

362 1941 111 37 xxv,
505 1935 69 47 [1],
605 1933 113 41 1448
743 1945 43 37 p.
841 1933 171 50 plates,
1039 1937 164 46 ports.,
1231 1934 189 41 facsim.
1475 1933 56 39 22½
1564 1936 44 22 cm
1612 1965 9 10 .

365 2003 131 39 "List
523 2003 50 40 of
598 2003 159 41 works
782 2003 79 40 for
886 2005 194 47 general
1109 2002 302 42 reference”:
1441 2014 42 38 p.
1513 2003 145 50 [xxvi]

293 2069 1767 53 © July 23, 1935; 2c. and aff. July 24; A 85141; Macmillan co.
364 2071 1904 106 [Copyright
523 2132 43 38 is
593 2131 204 39 claimed
826 2141 58 29 on
913 2140 103 28 new
1047 2131 95 39 and
1174 2129 189 40 revised
1393 2129 241 49 material]
1704 2129 279 49 (35-10888)

298 2232 345 65 Lepawsky,
670 2233 226 67 Albert,
929 2239 170 49 1908-

361 2311 186 51 Home
584 2311 121 51 rule
741 2310 95 52 for
870 2311 404 67 metropolitan
1314 2311 268 66 Chicago,
1619 2311 73 66 by
1728 2311 205 52 Albert
1969 2309 315 68 Lepawsky

355 2387 1758 67 … Chicago, Ill., The University of Chicago press [1935]
360 2461 136 46 xxiii,
526 2460 88 40 210
639 2471 42 37 p.
737 2460 53 38 21
795 2463 15 20 cm
844 2492 8 7 .
919 2459 298 50 (Half-title:
1249 2460 157 40 Social
1435 2460 188 40 science
1648 2461 198 44 studies,
1877 2459 212 40 directed
2117 2461 60 47 by
2206 2462 82 39 the

288 2518 156 40 Social
468 2517 184 41 science
676 2519 223 38 research
920 2515 274 42 committee
1216 2517 51 40 of
1290 2518 83 39 the
1397 2516 282 48 University
1696 2517 51 39 of
1766 2515 221 48 Chicago,
2040 2524 74 31 no.
2133 2517 144 47 xxxi)

368 2588 144 40 “This
545 2590 197 45 present
774 2589 143 46 study
953 2587 41 40 is
1029 2588 49 38 in
1116 2599 25 28 a
1180 2597 140 30 sense
1350 2598 24 29 a
1413 2588 315 48 complement
1764 2589 48 37 to
1847 2588 85 39 the
1964 2586 190 48 picture
294 2596 1976 88 presented

503 2645 48 38 in
595 2646 84 38 the
720 2643 230 41 Merriam
993 2648 164 44 report
1200 2645 129 48 [‘The
1371 2647 312 45 government
1725 2643 51 41 of
1820 2644 81 40 the
1944 2641 342 49 metropolitan

290 2703 163 44 region
485 2702 51 37 of
567 2701 462 47 Chicago’]”—Pref.

363 2756 518 49 “Appendix—Notes”:
941 2768 42 37 p.
1016 2756 204 40 184-210
1251 2789 7 7 .

296 2824 53 52 ©
411 2838 94 29 June
531 2828 69 47 25,
631 2827 138 45 19,35;
799 2827 67 40 2c.
896 2828 97 39 and
1020 2827 81 40 aff.
1134 2828 130 39 June
1288 2828 82 44 28;
1401 2828 40 37 A
1470 2827 168 45 84437;
1672 2826 281 48 University
1980 2826 56 41 of
2064 2823 221 49 Chicago,

363 2885 219 47 Chicago.
655 2883 278 48 (35-10980)

302 2987 392 64 Lévy-Bruhl,
721 2988 235 60 Lucien,
987 2990 169 52 1857-

370 3062 1852 69 Primitives and the supernatural, by Lucien Levy-Bruhl …
300 3142 329 54 authorized
664 3141 338 53 translation
1036 3142 74 68 by
1143 3142 191 51 Lilian
1368 3143 69 52 A.
1475 3141 181 55 Clare.
1732 3142 137 51 New
1904 3140 177 65 York,
2117 3140 65 53 E.
2217 3140 63 52 P.

301 3222 218 51 Dutton
551 3224 44 49 &
624 3240 97 44 co.,
751 3221 124 65 inc.,
909 3224 147 49 1935.

368 3294 85 38 405
482 3304 42 37 p.
582 3293 55 38 22½
668 3295 15 20 cm
717 3323 8 9 .

371 3363 158 39 “First
563 3362 225 40 edition.”

299 3428 53 52 ©
379 3432 115 40 July
521 3431 69 47 24,
619 3431 140 47 1935;
788 3432 66 39 2c.
884 3432 95 39 and
1008 3431 80 39 aff.
1118 3431 117 47 July
1260 3429 81 47 25;
1370 3431 42 37 A
1439 3429 168 46 85198;
1643 3431 51 37 E.
1724 3429 49 39 P.
1804 3430 188 38 Dutton
2018 3428 36 39 &
2083 3436 81 35 co.,
2194 3427 89 38 inc.

375 3489 278 47 (35-11161)

311 3592 68 49 La
419 3590 176 52 Llave
628 3592 88 51 del
749 3591 186 62 saber;
968 3608 114 34 una
1114 3590 135 53 obra
1281 3590 390 66 comprensiva
1697 3606 38 49 y
1765 3587 361 64 sistemática,
375 3601 1883 119 conteniendo

687 3668 164 52 datos
901 3669 70 51 de
1016 3667 143 52 vital
1211 3664 379 69 importancia
1637 3683 65 34 en
1757 3662 246 54 relación
2051 3680 102 35 con
2205 3662 82 52 los

377 3745 315 66 problemas
725 3745 211 52 diarios
971 3762 108 50 que
1113 3743 341 53 confrontan
1491 3746 55 52 al
1578 3742 137 52 niño
1751 3760 66 34 en
1852 3741 55 51 la
1943 3740 233 64 escuela,
2208 3757 77 34 es-

373 3816 1889 135 crita en lenguaje claro y sencillo … Preparada por prominentes
620 3893 1604 69 educadores norteamericanos y puertorriquenos …
376 3971 1701 71 Chicago, Nueva York, Americana corporation [ c 1935]
