2424 4375
1261 4058 64 49 680

361 507 121 41 xviii
509 519 58 37 p.,
597 508 24 39 1
683 539 9 16 l.,
722 507 113 41 1137
861 519 43 38 p.
963 508 117 41 24cm.

361 577 646 43 “First edition … 1927.”
359 636 226 41 Includes
620 635 390 50 bibliographies.

293 703 53 53 ©
370 708 113 47 May
508 707 69 48 14,
601 706 115 41 1935;
768 705 68 42 2c.
862 708 94 38 and
981 705 82 41 aff.
1089 706 114 48 May
1226 705 55 41 15;
1336 706 41 39 A
1402 705 146 42 83118;
1601 707 279 40 Macmillan
1908 719 65 29 co.

371 762 250 50 (35-7228)

290 864 189 56 Social
506 866 157 52 work
687 883 138 49 year
847 865 163 66 book,
1038 868 160 64 1935;
1230 884 31 33 a
1288 865 347 68 description
1662 865 64 54 of
1752 868 304 66 organized
358 867 1892 130 activities
497 944 61 52 in
590 944 174 53 social
798 944 155 51 work
987 944 113 52 and
1130 945 63 52 in
1226 943 215 53 related
1475 941 176 56 fields.
1719 946 71 51 3d
1825 944 161 53 issue.
2056 946 224 67 Editor,

359 1023 152 52 Fred
544 1022 56 55 S.
631 1022 159 53 Hall.
856 1023 138 53 New
1025 1021 179 66 York,
1289 1022 168 52 Russell
1490 1020 147 69 Sage
1666 1022 361 67 foundation,
2059 1027 150 49 1935.

359 1105 860 54 4 p. l., 7-698 p. 25cm. biennial.
363 1182 223 39 Includes
614 1178 388 49 bibliographies.

291 1248 53 53 ©
367 1253 115 47 Apr.
505 1251 69 47 18,
601 1250 118 41 1935;
770 1249 65 41 2c.
863 1250 95 40 and
983 1247 81 42 aff.
1092 1250 112 47 May
1230 1248 59 41 29;
1340 1248 41 39 A
1405 1247 146 42 83349;
1604 1249 192 41 Russell
1827 1250 124 48 Sage
1977 1250 303 41 foundation.

288 1369 282 66 Starrett,
597 1368 271 64 Vincent,
898 1372 170 51 1886-

354 1445 120 53 The
512 1451 160 64 great
711 1444 151 53 hotel
899 1444 232 53 murder
1191 1443 93 70 [by]

1329 1443 943 56 Vincent Starrett … Garden
286 1522 151 70 City,
459 1523 70 54 N.
555 1523 91 66 Y.,
669 1522 142 53 Pub.
838 1521 92 54 for
951 1521 95 54 the
1070 1520 191 56 Crime
1286 1519 146 70 club,
1456 1522 126 68 inc.,
1606 1522 75 69 by
1703 1522 355 69 Doubleday,
2079 1524 195 51 Doran

283 1603 46 50 &
356 1618 297 51 company,
681 1600 127 68 inc.,
840 1602 150 49 1935.

384 1684 491 51 6 p. l., 299 p. 20cm.
360 1756 312 49 “Previously
709 1755 255 49 published
1002 1755 51 41 in
1089 1755 82 42 the
1210 1755 231 41 Redbook
1476 1754 250 49 magazine
1763 1755 50 41 in
1851 1766 88 31 one
1980 1756 299 42 installment

289 1813 150 41 under
465 1815 82 39 the
574 1814 108 40 title
709 1813 52 40 of
786 1812 187 48 ‘Recipe
1000 1813 79 40 for
1103 1811 253 42 murder’.”

355 1870 163 42 “First
548 1868 227 43 edition.”

289 1939 53 53 ©
372 1944 115 47 May
516 1943 69 47 17,
613 1941 113 42 1935;
784 1941 68 41 2c.
881 1943 97 39 and
1006 1940 80 41 aff.
1118 1942 113 48 May
1260 1942 56 39 22;
1378 1941 42 40 A
1450 1941 142 41 83213;
1652 1943 53 40 V.
1740 1943 227 48 Starrett,
1999 1942 221 50 Chicago.

369 2000 251 48 (35-7314)

287 2102 237 64 Stroud,
550 2102 205 54 James
779 2101 166 54 Bart.

356 2177 1918 68 Educational psychology, by James Bart Stroud … New
288 2255 178 67 York,
493 2256 123 52 The
639 2255 333 53 Macmillan
999 2273 295 49 company,
1324 2259 151 49 1935.

355 2328 67 48 xi,
447 2328 86 41 490
558 2337 44 39 p.
657 2328 142 48 illus.,
826 2327 179 50 diagrs.
1057 2327 146 41 20½cm.

359 2397 246 42 “Selected
634 2397 299 42 references”
962 2400 53 38 at
1041 2398 91 41 end
1162 2398 50 40 of
1240 2399 119 40 each
1385 2400 213 47 chapter.

289 2465 53 53 ©
363 2471 115 47 May
501 2471 38 46 7,
565 2469 113 41 1935;
730 2469 68 40 2c.
824 2470 94 38 and
947 2468 81 40 aff.
1054 2469 113 47 May
1191 2469 25 40 8;
1270 2469 41 38 A
1334 2467 143 41 82994;
1532 2469 281 39 Macmillan
1836 2480 67 30 co.

367 2526 250 49 (35-7332)

285 2626 352 66 Thompson,
665 2627 264 64 Randall,
960 2633 169 49 1899-

360 2705 228 66 College
642 2705 205 64 music;
907 2723 72 32 an
1036 2703 404 68 investigation
1497 2704 93 51 for
1645 2702 96 53 the
1795 2702 359 53 Association
2210 2705 64 52 of

287 2781 306 53 American
634 2781 254 68 colleges,
928 2782 74 67 by
1044 2779 249 54 Randall
1334 2780 356 67 Thompson;
1734 2779 139 54 with
1915 2799 32 34 a
1989 2780 281 55 foreword

287 2858 75 69 by
387 2858 213 53 Robert
626 2858 63 52 L.
717 2858 173 68 Kelly
916 2858 112 52 and
1056 2856 464 69 supplementary
1547 2861 328 50 statements
1900 2858 75 67 by
2000 2858 272 58 members

288 2936 63 52 of
398 2936 96 52 the
545 2935 355 68 Sponsoring
947 2934 333 54 committee.
1356 2935 137 52 New
1544 2933 177 69 York,
1770 2935 122 53 The
1939 2936 333 54 Macmillan

287 3031 297 50 company,
615 3015 149 50 1935.

359 3087 134 46 xviii,
520 3087 88 40 279
632 3098 41 37 p.
735 3097 75 37 pl.,
838 3084 186 42 facsim.
1084 3086 115 39 24cm.

361 3157 50 38 E.
442 3156 59 39 H.
534 3155 220 46 Wilkins,
784 3154 263 48 chairman,
1081 3153 294 50 Sponsoring
1402 3153 286 42 committee.
1748 3155 56 40 D.
1836 3155 45 41 S.
1912 3157 177 43 Moore,
292 3156 1963 97 chairman.
447 3211 250 41 executive
730 3210 270 41 committee
1032 3211 51 40 of
1119 3212 79 38 the
1233 3210 294 47 Sponsoring
1557 3209 272 42 committee.
1903 3212 60 47 cf.
2000 3212 270 41 Foreword.

289 3278 53 53 ©
370 3283 112 46 May
511 3282 39 46 2,
577 3281 113 41 1935;
747 3283 64 39 2c.
843 3283 111 46 May
980 3281 27 40 9;
1064 3281 79 41 aff.
1175 3282 116 47 May
1320 3282 54 38 14;
1433 3282 41 39 A
1501 3282 142 40 81808;
1701 3282 309 41 Association
2036 3282 52 41 of
2113 3284 158 39 Amer.

357 3339 215 47 colleges,
603 3340 116 38 New
751 3339 142 39 York.
964 3338 248 47 (35-7363)

286 3441 223 64 Tubby,
541 3442 290 53 Gertrude
860 3442 220 64 Ogden.

357 3517 268 52 Psychics
676 3518 112 51 and
837 3517 303 64 mediums;
1194 3534 31 34 a
1275 3516 230 53 manual
1557 3516 111 53 and
1719 3515 404 69 bibliography
2175 3515 92 54 for

287 3592 1979 70 students, by Gertrude Ogden Tubby … Boston, Marshall
287 3671 173 54 Jones
492 3689 279 50 company
804 3674 189 64 [c1935]

359 3744 98 49 viii,
487 3745 86 40 168
598 3755 42 38 p.
701 3745 114 40 22cm.

361 3814 151 37 “How
543 3816 48 36 to
623 3814 202 38 conduct
857 3824 26 28 a
916 3812 233 40 scientific
1180 3809 197 43 séance”
1394 3822 11 28 :
1438 3812 164 39 folded
1634 3812 101 39 leaf
1764 3812 99 39 laid
1896 3812 63 38 in.

360 3868 346 48 Bibliography
723 3879 10 29 :
766 3879 42 37 p.
841 3868 213 40 152-165.

290 3933 53 53 ©
369 3938 115 47 May
508 3939 39 44 2,
574 3937 138 48 1935;
741 3937 65 42 2c.
836 3939 112 47 May
973 3939 53 45 4;
1056 3938 80 39 aff.
1168 3939 114 46 May
1308 3938 81 46 14;
1417 3938 43 39 A
1485 3937 168 48 81820;
1684 3938 235 39 Marshall
1948 3938 145 40 Jones
2119 3947 67 30 co.

367 3995 248 49 (35-7300)
