2424 4375
1280 4045 134 49 1424

355 518 1930 67 gate’s court act and allied statutes, by Edwin M. Bohm …
357 597 377 67 Supplement
762 602 58 47 to
852 596 377 67 replacement
1257 599 223 51 volume
1510 616 181 34 seven.
1760 598 138 52 New
1931 596 180 67 York,
2142 597 206 68 Baker,

355 676 247 53 Voorhis
628 679 46 49 &
697 692 98 45 co.,
825 678 146 50 1935.

426 749 24 38 1
475 759 44 38 p.
586 780 8 15 l.,
622 749 56 40 84
705 759 42 37 p.
804 747 55 41 23
861 750 45 21 cm
911 779 9 9 .

425 805 118 40 This
567 805 250 48 pamphlet
839 804 41 40 is
904 806 53 38 to
978 804 56 40 be
1059 803 137 41 fitted
1220 803 102 40 into
1347 804 82 39 the
1453 804 170 49 pocket
1648 806 56 39 at
1726 804 82 40 the
1831 804 122 40 back
1978 804 54 40 of
2055 805 84 40 the
2159 804 191 42 volume

355 862 53 39 of
434 864 83 39 the
545 865 76 37 set
645 864 48 38 to
721 861 157 40 which
906 860 41 41 it
974 861 209 47 belongs.

357 922 52 53 ©
441 926 127 47 Sept.
598 924 69 48 25,
695 924 141 45 1935;
867 924 66 40 2c.
967 924 127 47 Sept.
1124 922 83 48 28;
1239 923 82 40 aff.
1354 923 102 40 Oct.
1486 923 52 46 8;
1571 923 40 39 A
1641 922 144 42 87287
1803 934 8 35 ;
1844 923 215 41 William
2091 922 132 42 Wait
2253 926 96 39 and

429 984 141 39 Isaac
597 982 53 39 V.
681 981 53 40 A.
764 980 145 46 Wait,
940 980 256 47 Peekskill,
1227 980 55 39 N.
1312 980 52 39 Y.

354 1085 223 64 Walsh,
608 1085 245 54 Charles
875 1084 240 54 Robert.

419 1157 1867 71 The science and art of speech, by Charles Robert Walsh …
348 1237 140 53 New
520 1237 179 70 York,
732 1235 328 56 Cincinnati
1117 1243 120 61 [etc.]
1274 1235 280 70 Benziger
1583 1236 278 69 brothers,
1895 1239 151 51 1935.

424 1311 86 40 xix
533 1321 58 38 p.,
616 1310 26 40 2
702 1342 9 17 l.,
736 1310 83 41 193
843 1320 41 38 p.
936 1310 142 48 illus.,
1102 1310 180 49 diagrs.
1336 1309 55 40 21
1396 1311 43 22 cm
1444 1341 9 10 .

421 1366 374 49 Bibliography:
827 1377 44 38 p.
904 1366 214 42 187-188.

425 1422 1926 51 Contents.—pt. l. The science of speech : Voice training. Phonetics.—
353 1483 68 47 pt.
447 1481 42 41 2.
513 1481 100 42 The
638 1482 79 40 art
738 1481 53 40 of
814 1482 169 47 speech
1001 1491 9 30 :
1039 1480 208 42 General
1268 1481 162 48 public
1452 1480 245 49 speaking.
1748 1480 268 49 Argument
2040 1482 96 40 and
2162 1481 185 41 debate.

357 1543 55 52 ©
442 1548 125 47 Sept.
596 1546 69 48 20,
695 1545 116 42 1935
826 1557 9 36 ;
866 1546 66 40 2c.
961 1548 95 38 and
1086 1546 82 40 aff.
1199 1546 100 40 Oct.
1330 1547 27 39 7
1373 1556 9 37 ;
1414 1546 43 39 A
1482 1546 146 40 87505
1642 1557 9 36 ;
1682 1546 235 48 Benziger
1945 1547 124 40 bros.

439 1602 280 48 (35-19121)

356 1711 242 65 Walter,
624 1712 151 64 Will,
806 1717 170 50 1866-

425 1786 1925 71 A half century of Nu sigma nu, 1882-1932 … alphabetic,
356 1863 378 71 chronologic,
777 1863 251 70 historic,
1070 1863 364 70 biographic;
1478 1864 140 53 with
1665 1865 184 53 added
1892 1883 206 50 papers
2142 1883 71 35 on
2257 1866 94 54 the

354 1960 262 52 progress
648 1942 63 53 of
742 1943 95 54 the
867 1943 232 67 healing
1131 1948 92 47 art
1253 1942 212 68 during
1496 1942 94 52 the
1619 1942 130 54 half
1780 1949 251 62 century,
2063 1943 96 54 the
356 1940 1970 134 semicentennial

354 2018 1973 134 convention reports, et cetera; Will Walter … author
519 2095 1828 72 and editor, Stuart Graves … co-author and collaborator.
359 2175 345 70 [Louisville,
741 2175 131 68 Ky.]
912 2175 120 52 The
1066 2174 91 53 Nu
1196 2175 178 67 sigma
1410 2193 77 33 nu
1526 2174 309 70 fraternity
1876 2209 13 34 [
1894 2182 18 21 c
1918 2178 132 48 1935
2056 2209 13 34 ]

423 2246 29 40 2
481 2258 42 29 V.
585 2247 128 41 illus.
741 2247 132 47 (incl.
908 2248 162 47 ports.,
1102 2246 241 49 facsims.)
1385 2247 179 47 diagrs.
1623 2247 56 40 24
1682 2249 45 22 cm
1731 2279 9 9 .

426 2304 162 48 Paged
614 2303 351 46 continuously.

358 2367 52 53 ©
436 2372 128 47 Sept.
587 2372 39 47 3,
651 2369 114 41 1935
783 2381 9 36 ;
816 2370 65 40 2c.
905 2370 116 40 each
1050 2369 127 48 Sept.
1201 2369 54 39 23
1275 2379 8 36 ;
1312 2369 81 39 aff.
1422 2370 127 46 Sept.
1574 2369 55 40 19
1647 2380 9 36 ;
1683 2370 40 39 A
1749 2371 144 40 87577
1909 2381 10 36 ;
2008 2403 8 8 W.
2043 2371 189 41 Walter
2253 2373 96 39 and

427 2428 170 40 Stuart
630 2427 196 47 Graves,
859 2427 308 45 Tuscaloosa,
1199 2426 104 39 Ala.
1374 2425 280 49 (35-19104)

355 2536 216 64 White,
604 2536 258 54 Stewart
892 2534 271 65 Edward,
1196 2539 171 51 1873-

424 2613 140 53 Pole
593 2618 136 61 star,
756 2612 75 68 by
863 2610 245 55 Stewart
1139 2611 254 53 Edward
1420 2611 196 55 White
1645 2612 114 53 and
1786 2612 199 69 Harry
2014 2611 332 71 DeVighne.

355 2692 232 54 Garden
620 2689 153 68 City,
802 2689 69 51 N.
904 2687 89 69 Y.,
1023 2688 356 67 Doubleday,
1409 2689 198 52 Doran
1637 2691 48 50 &
1713 2707 297 50 company,
2040 2690 127 68 inc.,
2199 2695 146 48 1935.

425 2764 29 40 4
479 2774 42 38 p.
582 2793 10 18 l.,
617 2761 189 42 vii-viii
830 2773 57 37 p.,
913 2762 25 39 1
999 2792 10 18 l.,
1035 2761 89 41 452
1146 2772 43 38 p.
1249 2761 59 41 20½
1337 2764 46 22 cm
1385 2792 9 10 .

427 2819 290 42 Illustrated
749 2819 99 47 t.-p.

428 2875 163 41 “First
621 2873 227 44 edition.”

359 2934 52 53 ©
439 2939 124 47 Sept.
593 2938 69 47 20,
689 2936 117 41 1935
820 2948 9 36 ;
858 2937 66 40 2c.
952 2937 96 39 and
1074 2935 82 41 aff.
1185 2937 102 40 Oct.
1314 2937 27 38 2
1358 2947 10 36 ;
1397 2938 40 38 A
1464 2938 146 40 87448
1624 2948 9 37 ;
1667 2939 43 40 S.
1740 2940 51 38 E.
1819 2939 176 47 White,
2021 2940 323 47 Burlingame,

428 2995 145 40 Calif.
643 2993 278 49 (35-17682)

354 3102 304 64 Williams,
689 3102 245 54 Francis
962 3104 221 63 Henry,
1216 3109 169 49 1852-

426 3179 251 54 Radium
717 3183 307 50 treatment
1061 3179 65 53 of
1165 3179 127 53 skin
1335 3178 258 61 diseases,
1634 3198 122 35 new
1796 3179 270 69 growths,
2106 3181 237 53 diseases

357 3256 1987 69 of the eyes, and tonsils, by Francis H. Williams … with twelve
357 3334 391 53 illustrations.
826 3334 231 58 Boston,
1083 3334 190 62 Mass.,
1299 3335 120 53 The
1448 3333 297 56 Stratford
1770 3353 279 50 company
2080 3368 12 33 [
2097 3342 18 21 c
2121 3338 150 65 1935]

427 3407 1778 49 2 p. l. , iii p., 2 l., 3-118 p. front. (port.) plates, diagrs. 19½ cm .
360 3467 52 52 ©
437 3471 101 40 Oct.
564 3472 39 46 1,
626 3471 113 40 1935
757 3482 9 35 ;
791 3472 67 39 2c.
885 3472 101 39 Oct.
1013 3472 24 38 5
1056 3483 8 34 ;
1092 3470 81 41 aff.
1201 3472 102 39 Oct.
1327 3473 26 37 4
1372 3483 8 35 ;
1408 3473 41 38 A
1474 3472 143 40 87484
1635 3483 8 35 ;
1674 3473 251 40 Stratford
1950 3484 83 36 co.,
2058 3472 280 49 publishers.

439 3527 278 48 (35-18793)

360 3635 304 65 Williams,
690 3637 138 54 Tod.

428 3711 423 54 Mademoiselle
882 3712 138 68 Kid,
1049 3714 76 66 by
1156 3715 123 51 Tod
1308 3712 303 56 Williams.
1686 3715 138 53 New
1858 3715 178 66 York,
2068 3716 120 52 The
359 3715 1955 139 Macaulay
591 3808 279 48 company
906 3794 191 62 [c1935,

431 3860 614 48 3 p. l. , 9-313 p. 19½ cm .
361 3918 52 52 ©
444 3922 127 48 Sept.
599 3923 39 46 6,
667 3922 139 48 1935;
837 3923 66 41 2c.
932 3924 100 40 Oct.
1064 3924 80 47 12;
1175 3925 80 39 aff.
1287 3925 102 40 Oct.
1419 3926 80 41 11;
1529 3925 40 39 A
1595 3925 169 47 87638;
1797 3926 259 47 Macaulay
2083 3935 67 29 co.

440 3978 278 48 (35-19153)
