2568 4342
0 0 0 0 12
221 438 262 66 Peisson,
512 429 295 68 Édouard.

291 514 281 56 Outward
595 515 192 55 bound
814 516 152 54 from
990 517 327 68 Liverpool,
1339 518 75 69 by
1439 508 276 64 Édouard
1739 519 235 53 Peisson;
224 524 1966 122 translated
408 593 153 54 from

591 594 97 53 the
718 594 224 54 French
973 595 75 69 by
1084 593 62 56 C.
1180 595 70 53 R.
1283 595 301 54 Benstead.
1653 596 138 53 New
1825 595 182 69 York,
221 596 1969 127 Frederick
402 671 72 53 A.
506 670 202 56 Stokes
737 689 301 52 company,
1067 674 150 51 1935.

294 744 27 37 4
348 754 43 37 p.
452 775 9 12 l.,
489 743 86 41 248
601 754 42 38 p.
705 744 145 44 19½cm.

225 798 52 52 ©
305 803 108 39 Jan.
441 804 41 45 4,
510 801 117 41 1935;
679 802 65 40 2c.
773 805 95 38 and
897 802 80 40 aff.
1007 803 109 40 Jan.
1146 804 25 39 7;
1226 803 40 39 A
1295 802 168 48 78923;
1495 804 261 41 Frederick
1783 806 53 38 A.
1870 805 170 40 Stokes
2069 815 66 30 co.

302 859 221 49 (35-525)

221 950 226 64 Peters,
477 950 204 65 Royal.

293 1028 167 68 Body
493 1045 62 36 or
590 1028 140 68 soul,
763 1028 76 68 by
874 1028 183 68 Royal
1091 1029 211 52 Peters.
1379 1029 137 52 New
1552 1029 178 66 York,
1763 1029 259 53 Phoenix
2059 1048 155 49 press

0 0 0 0 [c1935]
293 1180 84 40 252
405 1190 41 38 p.
505 1178 144 41 19½cm.

225 1232 51 53 ©
305 1237 108 40 Jan.
440 1236 39 47 2,
508 1235 139 49 1935;
676 1236 66 41 2c.
773 1238 95 39 and
895 1236 80 40 aff.
1006 1237 108 39 Jan.
1143 1236 52 47 5;
1226 1237 41 38 A
1294 1236 168 47 78859;
1496 1236 217 40 Phoenix
1741 1246 149 39 press.

301 1294 221 48 (35-443)

217 1366 222 54 Punch,
514 1386 49 35 v.
597 1368 115 68 187,
739 1388 87 36 no.
857 1369 153 67 4874,
1039 1370 141 52 Nov.
1210 1368 49 66 7,
1291 1372 149 50 1934.

225 1438 1990 53 © 1c. Jan. 5, 1935; A ad int. 19874; pubd. Nov. 7, 1934; Herbert Heather,
291 1500 209 39 London.

219 1573 310 67 Richards,
558 1576 208 63 Grant,
797 1577 170 54 1872-

222 1651 1994 132 … Author hunting, by an old literary sports man, Grant Richards …
664 1730 140 53 New
835 1730 181 67 York,
1045 1729 553 69 Coward-McCann,
1629 1730 130 68 inc.,
1790 1732 150 51 1934.

292 1802 50 39 xi
363 1812 58 38 p.,
445 1802 26 39 2
526 1834 9 17 l.,
559 1802 86 40 319
665 1812 42 38 p.
734 1803 107 40 incl.
866 1803 170 48 plates,
1062 1805 163 46 ports.,
1251 1802 214 41 facsims.
1518 1802 57 39 24
1578 1805 43 21 cm
1626 1835 8 8 .

293 1858 65 41 At
381 1859 124 40 head
532 1858 54 41 of
609 1859 109 41 title:
773 1859 257 41 Memories
1057 1860 53 40 of
1133 1870 142 36 years
1302 1861 139 46 spent
1467 1858 183 48 mainly
1677 1858 50 41 in
1752 1857 291 50 publishing,
221 1856 1996 99 1897-1925.

295 1970 51 39 “I
388 1971 134 41 dealt
561 1972 120 40 with
723 1973 83 42 the
845 1982 142 37 years
1027 1971 114 42 1872
1183 1974 49 39 to
1271 1971 116 42 1896
1427 1972 50 40 in
1518 1972 257 41 Memories
1817 1971 53 42 of
1910 1983 27 29 a
1980 1970 234 49 misspent

221 2027 384 44 youth.”—Pref.

225 2081 52 52 ©
300 2087 118 39 Nov.
443 2087 69 45 30,
538 2085 139 48 1934;
705 2086 66 40 2c.
798 2088 109 39 Dec.
936 2086 81 48 29;
1047 2087 81 40 aff.
1154 2088 111 39 Dec.
1293 2088 26 39 6:
1375 2088 40 38 A
1441 2087 169 46 77965;
1641 2086 455 47 Coward-McCann,
2124 2087 88 39 inc.

302 2142 278 47 (34-28497)

221 2217 220 66 Riegel,
469 2219 184 54 Oscar
679 2219 399 65 Wetherhold,
1109 2225 171 50 1902-

291 2295 341 68 Mobilizing
664 2296 96 53 for
791 2296 167 55 chaos;
1020 2297 98 54 the
1148 2302 159 63 story
1338 2297 64 54 of
1433 2298 98 52 the
1558 2315 123 35 new
1714 2296 395 70 propaganda,
2138 2296 76 68 by
223 2372 68 54 O.
320 2373 91 54 W.
438 2373 218 67 Riegel.
717 2374 140 53 New

885 2375 223 66 Haven,
1139 2375 145 52 Yale
1312 2375 318 66 university
1659 2392 174 49 press,
1863 2376 151 51 1934.

289 2444 530 50 4 p. l. , 231 p. 21 cm .
292 2502 231 41 “Notes”:
558 2514 43 37 p.
633 2501 215 43 215-222.

225 2556 52 52 ©
302 2561 116 38 Nov.
443 2559 69 40 22.
537 2559 113 40 1934;
703 2559 66 40 2c.
797 2560 108 39 Jan.
932 2560 68 46 14,
1027 2558 113 41 1935;
1195 2559 79 40 aff.
1302 2560 111 40 Dec.
1441 2560 39 47 6,
1507 2558 113 41 1934;
1677 2560 40 39 A
1741 2559 143 41 80004;
1939 2560 119 40 Yale
2084 2559 128 40 univ.

291 2627 148 38 press.
511 2615 279 50 (34-28498)

221 2691 241 65 Rollins,
489 2692 313 56 Kathleen.

290 2769 198 53 Love’s
524 2774 274 62 tapestry,
831 2769 75 67 by
939 2768 286 53 Kathleen
1259 2769 238 53 Rollins.
1574 2771 138 51 New
1748 2770 178 66 York,
1960 2769 248 54 Arcadia

220 2848 174 53 house
426 2882 13 33 [
443 2854 18 21 c
466 2851 132 50 1935
605 2881 12 33 ]

290 2921 88 40 286
403 2932 43 37 p.
503 2919 55 40 19½
591 2922 44 21 cm
638 2950 9 9 .

225 2974 52 52 ©
304 2979 108 39 Jan.
439 2977 40 48 2,
506 2976 140 47 1935;
675 2976 65 40 2c.
771 2977 108 39 Jan.
907 2978 52 45 7;
991 2976 80 40 aff.
1101 2977 107 39 Jan.
1236 2976 83 47 24;
1349 2977 42 39 A
1418 2976 169 48 78891;
1618 2976 217 41 William
1864 2974 215 48 Godwin,
2108 2976 104 48 inc.,

291 3036 116 39 New
433 3034 143 39 York.
647 3032 223 50 (35-432)

223 3111 188 66 [Rose,
438 3110 227 55 Walter
690 3109 214 53 Malins]

292 3190 134 50 1932
464 3187 360 68 supplement
860 3191 58 48 to
954 3188 191 51 Rose’s
1182 3192 159 47 notes
1380 3206 71 33 on
1489 3188 94 51 the
1621 3186 216 55 United

1879 3187 188 54 States
220 3186 1969 148 Supreme
447 3273 160 47 court
643 3271 223 63 reports
911 3266 59 67 (2
1005 3267 198 51 Dallas
1240 3271 58 46 to
1335 3269 99 50 283
1472 3266 217 54 United
1728 3267 187 54 States
1952 3264 249 69 reports)

218 3345 260 67 showing
502 3345 97 53 the
622 3343 269 68 holdings
917 3343 62 52 of
1006 3344 94 51 the
1127 3346 144 50 later
1296 3349 146 47 state
1466 3345 112 51 and
1606 3344 219 52 federal
1851 3361 147 36 cases
2026 3343 184 51 which

221 3421 108 54 cite
362 3424 96 52 the
491 3423 275 51 decisions
800 3423 62 51 of
893 3423 94 51 the
1025 3422 274 66 Supreme
1332 3427 163 46 court
1527 3422 63 51 of
1623 3422 97 52 the
1752 3421 216 55 United
2006 3420 204 64 States,

223 3500 120 53 also
386 3502 237 52 citation
671 3500 63 53 of
783 3502 276 65 Supreme
1104 3505 161 48 court
1311 3497 275 58 decisions
1631 3500 61 51 in
1741 3498 361 53 annotations
2147 3498 64 52 in

220 3576 305 54 American
557 3580 110 51 law
699 3584 220 62 reports
964 3578 97 66 (A.
1095 3580 61 49 L.
1193 3577 124 67 R.),
1349 3579 266 64 Lawyers
1647 3582 221 61 reports
1903 3575 308 52 annotated

233 3654 106 66 (L.,
359 3657 67 50 R.
461 3657 128 66 A.),
623 3658 266 66 Lawyers
925 3658 220 64 reports
1182 3654 324 66 annotated,
1537 3673 122 33 new
1693 3653 168 53 series
1907 3654 88 66 (L.
2033 3654 68 50 R.
2138 3654 69 52 A.

233 3732 95 66 (N.
374 3733 151 67 S.)),
565 3733 331 53 Annotated
937 3749 148 36 cases
1137 3732 176 66 (Ann.
1359 3732 162 66 cas.),
1563 3732 220 52 British
1826 3731 192 67 ruling
2061 3749 149 34 cases

232 3809 94 67 (B.
378 3813 66 50 R.
499 3811 119 67 C.),
670 3812 343 68 Negligence
1065 3811 112 51 and
1228 3810 423 67 compensation
1702 3829 148 34 cases
1902 3810 307 51 annotated

233 3887 95 67 (N.
364 3889 61 53 C.
459 3887 61 54 C.
551 3889 129 67 A.),
709 3889 218 55 United
957 3890 188 54 States
1179 3888 272 67 Supreme
1483 3893 160 47 court
1673 3891 237 63 reports,
1942 3889 266 65 Lawyers

224 3965 216 51 edition
472 3965 89 67 (L.
590 3967 113 67 ed.)
775 3983 49 36 v.
854 3970 45 49 9.
964 3969 238 49 244-259
1230 3965 215 56 United
1477 3966 201 54 States.
1745 3964 116 54 San
1888 3963 322 67 Francisco,
