2424 4375
1110 4055 98 47 931

246 505 145 39 “This
427 504 248 47 pamphlet
714 503 220 42 contains
973 505 82 40 the
1096 506 105 39 text
1241 505 52 39 of
1335 516 27 28 a
1406 505 201 46 chapter
1648 505 52 40 of
1740 517 27 28 a
1809 505 122 40 book
1972 517 60 28 on
2075 507 80 38 the

170 559 308 47 professions,
510 560 158 39 which
700 560 42 39 is
772 560 142 47 being
942 560 195 40 written
1167 560 81 40 for
1276 561 81 40 the
1389 560 192 40 Russell
1618 559 124 49 Sage
1771 559 290 41 foundation
2094 561 57 47 by

170 615 176 41 Esther
371 615 50 41 L.
451 614 542 50 Brown.”—Prefatory
1022 618 125 39 note.

171 685 51 52 ©
247 688 125 39 June
394 688 40 40 6.
460 687 115 40 1935;
629 688 66 40 2c.
725 689 96 38 and
847 688 81 39 aff.
954 689 128 39 June
1105 688 81 46 27;
1217 689 40 38 A
1283 688 168 46 83824;
1483 689 193 39 Russell
1706 690 121 47 Sage
1851 690 304 40 foundation.

251 744 248 47 (35-9987)

170 846 142 63 Bud,
338 848 157 51 Frau
521 847 141 53 Elsa
685 848 207 64 Maria,
922 854 171 49 1883-

237 921 116 53 Das
396 923 292 67 spanische
732 922 148 68 bild;
925 922 469 55 kriminalroman
1437 943 110 34 von
1591 924 138 52 Elsa
1772 924 190 53 Maria
2008 924 148 54 Bud.

172 998 212 68 Berlin,
414 1000 247 54 Ullstein
698 1035 13 34 [
715 1007 19 22 c
738 1004 152 65 1935]

240 1070 96 48 241,
368 1071 54 49 [1]
452 1083 56 36 p.,
536 1072 25 38 1
609 1104 8 8 l.
672 1073 55 40 17
730 1074 44 21 cm
778 1103 10 9 .
851 1072 99 49 (On
976 1085 163 31 cover:
1166 1074 209 40 Ullstein
1400 1073 204 48 bücher)

167 1140 1712 56 © Apr. 11, 1935; 1c. June 5; A-Foreign 28116; Ullstein, a. g.
247 1201 277 47 (35-10098)

166 1303 147 66 Bull,
342 1304 188 65 Titus,
562 1307 169 53 1871-

233 1380 1922 69 Man’s great adventure, by Titus Bull … New York, N. Y.,
166 1458 190 54 James
382 1457 77 54 H.
487 1459 225 67 Hyslop
741 1459 360 67 foundation,
1126 1460 110 53 inc.
1268 1493 13 33 [
1284 1466 20 21 c
1308 1463 153 62 1934]

234 1530 65 48 ix,
331 1530 56 39 42
420 1542 44 38 p.
524 1531 54 40 23
582 1534 44 21 cm
630 1563 10 9 .

169 1598 1971 108 © Nov. 19, 1934; 2c. and aff. Nov. 28; A 78374; James H. Hyslop foundation, inc. (35-9863)
169 1760 321 65 Burnham,
519 1763 214 63 Smith,
763 1768 170 48 1866-

301 1839 1854 69 … The story of America for young Americans … by Smith
172 1917 1982 71 Burnham … and Theodore H. Jack … pt. 1. The beginnings
164 1995 62 53 of
250 2014 103 34 our
376 2002 254 60 country.
691 1996 419 67 Pennsylvania
1137 1997 85 52 ed.
1282 1996 424 68 Philadelphia,
1734 1997 249 68 Chicago
2030 2004 120 60 [etc.]

171 2075 1204 66 The John C. Winston company [ c 1934]
233 2147 95 47 xvi,
356 2148 84 39 334
465 2157 44 37 p.
570 2148 85 38 col.
683 2147 162 46 front.,
873 2147 128 39 illus.
1029 2147 137 47 (part
1193 2148 113 45 col.;
1337 2148 109 39 incl.
1477 2149 161 46 maps)
1705 2147 61 39 20½
1794 2150 44 20 cm
1842 2179 8 7 .

238 2205 186 38 “Books
454 2207 49 37 to
532 2203 143 40 read”
706 2206 50 37 at
782 2205 92 38 end
901 2204 50 39 of
979 2205 116 38 each
1123 2205 202 46 chapter
1351 2207 172 45 except
1547 2205 84 39 the
1653 2205 114 39 last.

168 2272 51 52 ©
254 2276 126 39 June
413 2275 70 41 18,
518 2275 139 45 1934;
693 2274 67 40 2c.
796 2276 93 38 and
927 2275 83 39 aff.
1046 2275 119 47 Aug.
1202 2276 51 44 1;
1291 2276 41 38 A
1367 2274 169 47 73669;
1576 2276 128 39 John
1740 2277 47 40 C.
1827 2276 223 41 Winston
2088 2289 67 28 co.

238 2331 278 50 [Copyright
547 2332 43 39 is
618 2332 205 39 claimed
852 2343 59 28 on
941 2331 239 40 revisions
1208 2333 96 38 and
1334 2331 261 50 additions]

253 2388 248 48 (34-5501)

166 2489 205 66 Byers,
400 2491 218 64 Joseph
646 2491 268 63 Perkins,
945 2497 170 49 1868-

239 2567 121 53 The
396 2567 208 67 village
642 2567 63 53 of
739 2566 323 69 happiness,
1097 2566 96 54 the
1229 2572 155 64 story
1422 2567 62 52 of
1520 2568 96 52 the
1650 2567 282 68 Training
1968 2567 189 54 school

193 2643 74 68 [by]
324 2644 213 67 Joseph
571 2645 64 52 P.
671 2644 194 68 Byers.
945 2643 320 69 [Vineland,
1300 2644 70 52 N.
1405 2644 74 67 J.,
1512 2644 122 52 The
1670 2643 190 55 Smith
1894 2643 262 69 printing

169 2722 187 67 house,
390 2723 152 65 1934]

237 2791 959 49 3 p. l., 90 p. plates, ports. 23½ cm .
169 2862 51 52 ©
241 2867 112 39 Dec.
374 2865 69 43 20,
465 2865 113 40 1934;
630 2866 66 39 2c.
720 2867 120 38 Mar.
867 2865 68 47 25,
961 2864 113 41 1935;
1125 2865 82 40 aff.
1230 2866 115 48 Apr.
1367 2866 57 39 12;
1475 2867 41 38 A
1540 2867 170 46 82486;
1735 2865 237 48 Training
1993 2868 162 38 school

234 2925 51 37 at
311 2922 251 47 Vineland,
590 2923 56 38 N.
673 2923 42 38 J.
786 2921 248 48 (35-9826)

171 3025 271 66 [Church,
474 3026 245 53 Francis
748 3026 356 67 Pharcellus]
1142 3031 324 50 1839-1906.

235 3100 61 54 Is
338 3101 156 52 there
539 3120 31 33 a
617 3100 179 55 Santa
843 3100 204 55 Claus?
1133 3101 139 53 New
1317 3101 181 68 York,
1544 3100 232 55 Grosset
1822 3104 46 49 &
1914 3101 235 67 Dunlap

170 3210 13 33 [
188 3182 17 22 c
210 3181 151 64 1934]

239 3253 85 48 [22]
352 3264 57 37 p.,
437 3254 25 38 1
512 3284 8 8 l.
580 3252 128 40 illus.
766 3252 55 39 22
825 3255 43 20 cm
873 3284 10 9 .

236 3311 287 38 Illustrated
553 3308 361 49 lining-papers.

236 3366 103 39 The
364 3368 105 38 text
493 3366 52 39 of
572 3366 82 41 the
677 3365 229 41 editorial
930 3366 61 47 by
1019 3366 51 39 F.
1097 3366 51 39 P.
1178 3366 192 40 Church
1399 3365 159 40 which
1586 3366 240 47 appeared
1852 3365 51 40 in
1932 3367 80 40 the
2037 3367 117 40 New

167 3423 131 39 York
327 3423 113 46 Sun,
470 3422 277 47 September
773 3422 70 49 21,
871 3421 127 48 1897,
1030 3423 220 46 together
1278 3422 119 40 with
1426 3424 95 38 two
1550 3424 170 38 letters
1749 3422 128 40 from
1907 3424 114 39 Mrs.
167 3423 1970 104 Virginia
328 3478 250 41 O’Hanlon
604 3480 216 46 Douglas
849 3480 95 39 and
970 3491 27 28 a
1025 3478 332 48 biographical
1385 3479 168 39 sketch
1581 3479 50 38 of
1661 3480 88 38 Mr.
1780 3479 206 40 Church.

169 3545 51 52 ©
247 3550 117 38 Nov.
392 3549 68 41 15,
486 3549 114 39 1934;
655 3549 65 39 2c.
749 3550 95 38 and
871 3548 81 40 aff.
979 3550 112 46 Apr.
1119 3549 68 42 16,
1217 3547 140 42 1935;
1390 3549 41 37 A
1458 3547 169 47 81452;
1659 3548 196 41 Grosset
1883 3550 36 39 &
1945 3549 208 45 Dunlap,

236 3605 90 40 inc.
397 3605 248 47 (35-9893)

171 3706 295 65 Claassen,
496 3706 304 55 Cornelius
826 3708 238 62 Jansen,
1093 3713 171 48 1883-

236 3785 197 51 Better
464 3787 197 47 tenant
695 3784 272 66 farming,
1000 3784 75 66 by
1111 3782 297 54 Cornelius
1442 3783 56 51 J.
1535 3782 283 53 Claassen.
1894 3781 259 66 [Omaha,

168 3860 119 53 The
319 3860 261 53 Western
611 3859 261 69 printing
903 3877 296 49 company]
1237 3865 19 22 c
1261 3862 150 49 1935.

238 3933 59 40 46
321 3944 43 38 p.
391 3932 108 41 incl.
528 3933 170 47 plates,
726 3933 166 40 forms.
952 3934 55 38 21½
1040 3936 43 21 cm
1088 3965 8 8 .

241 3989 73 41 On
351 4000 166 29 cover:
558 3989 185 40 Fourth
780 3989 193 41 edition.
