2526 4384
1096 4001 98 54 227

151 389 354 65 Brueckner,
532 389 119 53 Leo
674 389 173 66 John,
877 393 171 51 1890-

216 464 401 55 Mathematics
654 467 113 52 and
807 465 368 69 Elementary
1214 464 254 55 business
1509 463 266 69 practice,
1814 464 76 70 by
1928 464 115 53 Leo
2084 460 56 57 J.

150 539 1991 72 Brueckner … C. J. Anderson … [and] G. O. Banting … edited
148 618 1996 71 by William B. Nichols … Philadelphia, Chicago [etc.] The
146 697 157 54 John
330 697 62 56 C.
420 697 266 56 Winston
715 716 280 51 company
1209 729 14 36 [c1935]

218 770 83 49 xii,
333 771 72 51 [2],
432 770 86 41 465
545 781 44 38 p.
649 770 143 46 illus.,
820 771 179 48 diagrs.
1059 770 57 41 19½cm.

219 826 100 41 The
353 827 184 41 section
568 827 344 41 Mathematics
943 827 43 41 is
1018 838 64 29 an
1115 826 184 42 edition
1334 827 51 40 of
1421 828 81 40 the
1535 825 218 43 authors’
1788 825 356 44 Mathematics,

149 885 147 46 grade
322 896 158 37 seven,
503 884 257 48 published
785 885 51 41 in
862 884 128 42 1934.

152 939 52 53 ©
238 944 108 39 Jan.
380 943 71 47 30,
484 943 117 40 1935;
662 943 68 40 2c.
767 945 95 38 and
898 943 82 40 aff.
1016 942 110 41 Feb.
1160 944 82 46 18;
1280 943 40 39 A
1356 942 171 48 79714;
1567 944 128 40 John
1731 944 48 40 C.
1816 943 223 40 Winston
2074 953 69 30 co.

221 1000 280 49 [Copyright
521 1000 41 40 is
586 1000 205 40 claimed
813 1011 64 30 on
900 1000 235 41 revisions
1160 1001 95 39 and
1280 999 261 50 additions]
1614 999 252 50 (35-3527)

147 1104 217 65 Bryan,
395 1103 183 55 Edith
604 1103 182 65 Sibyl.

219 1180 1863 70 The art of public health nursing, by Edith S. Bryan …
151 1256 1992 72 with an introduction by Elnora E. Thomson … Philadelphia
150 1339 111 54 and
287 1337 259 69 London,
568 1336 91 56 W.
687 1338 68 54 B.
786 1336 290 57 Saunders
1101 1355 296 51 company,
1428 1340 151 52 1935.

221 1410 87 42 296
334 1420 43 38 p.
437 1410 180 48 diagrs.
676 1411 116 41 20cm.

151 1465 52 53 ©
230 1469 110 40 Feb.
367 1468 69 48 21,
465 1467 116 42 1935;
635 1469 67 40 2c.
731 1469 111 41 Feb.
869 1469 60 40 26;
981 1468 82 41 aff.
1093 1468 109 40 Feb.
1232 1468 59 41 27;
1345 1469 41 39 A
1413 1467 146 42 80597;
1613 1468 73 40 W.
1714 1468 53 39 B.
1801 1468 244 40 Saunders
2075 1480 66 29 co.

228 1525 250 49 (35-3520)

147 1628 245 65 Buford,
420 1629 171 55 Carol
616 1628 257 65 Aycock.

221 1703 237 54 Passion
496 1702 207 71 flower,
744 1704 75 68 by
862 1702 171 56 Carol
1075 1702 230 71 Aycock
1345 1702 257 68 Buford;
1647 1702 381 55 illustrations
2071 1702 72 69 by

154 1781 171 55 Ethel
349 1781 320 55 McMillan.
745 1781 202 68 Berne,
975 1781 147 69 Ind.,
1150 1781 184 53 Berne
1358 1778 250 57 Witness
1635 1797 279 52 company
1946 1814 13 35 [c
1986 1782 134 50 1935
2126 1813 14 36 ]

222 1853 1154 49 5 p. l., 15-110 p. incl. plates, front. 19cm.
221 1910 184 40 Poems.

151 1967 52 53 ©
243 1971 111 39 Feb.
393 1970 69 48 26,
504 1970 140 46 1935;
686 1970 69 40 2c.
795 1969 109 40 Feb.
945 1969 83 48 28;
1071 1969 82 40 aff.
1193 1970 122 40 Mar.
1357 1971 52 46 1;
1452 1969 44 40 A
1534 1969 171 48 80654;
1790 2002 9 7 C.
1840 1970 55 40 A.
1937 1969 204 47 Buford,

218 2029 202 39 Denver.
493 2027 250 49 (35-3481)

148 2128 211 66 Burns,
389 2130 227 64 George
642 2129 69 56 V.

222 2205 120 52 The
372 2204 151 69 cycle
550 2204 65 55 of
640 2204 103 54 life
780 2204 109 70 [by]
925 2204 334 68 Monsignor
1290 2203 206 54 Burns.
1577 2202 340 70 [Rochester,
1948 2203 69 53 N.
2054 2203 90 69 Y.,

155 2280 218 71 George
400 2282 64 53 P.
495 2282 190 54 Burns
714 2301 173 52 press,
915 2283 127 69 inc.,
1071 2289 17 22 c
1094 2284 151 67 1935]

222 2354 494 49 1 p. l., 9-39 p. 22½cm.
221 2411 146 41 Prose
400 2412 95 39 and
529 2413 183 46 poetry.

150 2467 52 53 ©
229 2472 108 40 Jan.
365 2472 69 47 31,
463 2471 140 47 1935;
634 2471 67 40 2c.
730 2472 95 39 and
854 2471 83 40 aff.
966 2471 111 40 Feb.
1106 2471 81 47 16;
1217 2471 41 39 A
1286 2471 170 47 80445;
1491 2471 51 40 G.
1572 2473 53 38 V.
1656 2473 176 46 Burns,
1862 2473 279 44 Rochester,

217 2529 56 40 N.
298 2530 54 39 Y.
422 2527 250 50 (35-3398)

149 2630 252 65 Calvert,
430 2630 254 56 William
714 2631 320 65 Jonathan,
1063 2635 171 51 1901-

217 2708 195 68 Byron:
477 2706 279 55 romantic
791 2709 275 67 paradox,
1100 2709 75 67 by
1207 2708 261 57 William
1503 2710 55 54 J.
1597 2710 247 54 Calvert.
1920 2710 219 67 Chapel

154 2784 144 69 Hill,
327 2785 122 54 The
479 2783 334 70 University
841 2784 64 53 of
933 2784 187 53 North
1151 2782 267 56 Carolina
1448 2802 174 50 press,
1652 2787 150 49 1935.

221 2855 399 49 xiii, 235 p. 22 cm.
222 2913 246 40 “Selected
495 2910 366 50 bibliography”:
919 2922 43 37 p.
987 2912 217 41 226-228.

151 2968 52 53 ©
228 2972 108 41 Feb.
362 2972 68 48 12,
458 2972 140 46 1935;
627 2971 67 41 2c.
721 2971 111 41 Feb.
857 2971 82 47 21;
968 2971 83 40 aff.
1079 2972 109 39 Feb.
1215 2972 83 47 25;
1327 2972 41 39 A
1394 2970 171 49 80589;
1596 2971 282 50 University
1906 2974 54 41 of
1984 2975 154 39 North

220 3030 226 40 Carolina
478 3039 150 38 press.
698 3028 251 50 (35-3567)

151 3130 212 67 Castel,
390 3132 259 64 Eugène,
681 3136 170 51 1885-

218 3210 145 54 Rose
411 3209 63 55 of
522 3209 187 57 China
767 3209 480 67 (Marie-Therese
1292 3210 217 65 Wang)
1570 3209 337 64 1917-1932;
151 3216 1962 124 translated
333 3287 153 53 from
515 3287 97 53 the
643 3287 223 53 French
899 3286 64 54 of
992 3287 139 52 Rev.
1162 3286 69 53 E.
1263 3286 209 66 Castel,
1504 3305 47 35 c.
1585 3305 84 47 m.,
1700 3288 76 65 by
1805 3289 140 51 Rev.
1976 3289 155 53 Basil

153 3360 326 70 Stegmann,
530 3381 48 35 o.
631 3381 41 35 s.
723 3382 49 33 b.
858 3363 140 53 New
1050 3362 178 67 York,
1278 3363 328 55 Cincinnati
1773 3396 29 34 [etc.]
1860 3365 279 66 Benziger

150 3439 272 66 brothers,
459 3443 150 52 1934.

218 3511 1571 49 x p., 1 l., 13-131 p. incl. front., illus., ports., facsim. 19 cm .
153 3563 52 53 ©
230 3569 101 40 Oct.
355 3570 41 47 4,
422 3569 140 47 1934;
591 3570 66 39 2c.
686 3570 118 38 Nov.
831 3569 53 46 9;
913 3567 81 41 aff.
1023 3569 118 39 Nov.
1168 3569 53 47 8;
1250 3569 41 39 A
1317 3569 169 41 77181:
1517 3569 237 47 Benziger
1780 3570 110 39 bros

231 3625 248 49 (35-3448)

154 3724 261 59 Catholic
446 3729 252 53 builders
729 3728 63 54 of
823 3729 97 53 the
950 3727 225 67 nation;
1209 3749 31 33 a
1270 3729 351 67 symposium
1653 3729 64 54 of
1749 3730 96 53 the
1877 3731 259 55 Catholic

220 3805 1894 147 contribution to the civilization of the United States. Prepared under the editorship of Constantine E. McGuire …
