2424 4375
999 4070 135 55 1257

98 452 187 65 Abby,
316 453 151 55 Carl.

161 529 61 52 Is
253 547 218 48 anyone
497 547 149 49 sane,
677 529 75 68 by
787 529 134 54 Carl
952 529 186 68 Abby.
1214 532 233 66 Boston,
1480 532 241 52 Meador
1749 532 334 68 publishing

92 622 293 52 company,
421 609 150 51 1935.

161 679 85 42 184
272 690 46 37 p.
375 679 143 40 19½cm.

92 744 51 54 ©
166 749 120 47 Aug.
309 748 232 48 24,1935;
569 749 66 41 2c.
664 750 127 47 Sept.
819 750 52 47 7;
897 749 81 41 aff.
1009 751 127 47 Sept.
1163 750 81 47 13;
1272 750 41 39 A
1340 750 169 48 86294;
1541 752 209 39 Edward
1778 752 58 39 K.
1866 753 213 49 Meador,

159 807 194 39 Boston.
423 805 278 49 (35-16579)

94 909 301 64 Albrecht,
424 909 222 55 Allene.

149 983 399 54 To-morrow’s
581 984 271 69 rainbow,
883 985 76 69 by
993 984 204 54 Allene
1231 984 292 54 Albrecht.
1596 984 84 56 St.
1714 986 192 68 Louis,
1942 986 133 65 Mo.,

81 1059 315 57 Concordia
426 1062 334 69 publishing
787 1062 186 68 house,
1006 1065 151 51 1935.

153 1132 28 40 2
204 1144 43 38 p.
308 1166 9 17 l.,
343 1134 87 41 299
455 1145 44 38 p.
558 1133 146 43 19½cm.

88 1202 51 54 ©
166 1207 119 48 Aug.
314 1207 70 47 28,
414 1207 140 47 1935;
587 1206 65 41 2c.
686 1208 94 39 and
811 1207 82 40 aff.
926 1208 128 47 Sept.
1085 1207 82 47 19;
1201 1208 39 39 A
1270 1207 169 48 86360;
1476 1208 269 41 Concordia
1775 1209 107 48 pub.
1915 1211 161 40 house.

164 1263 278 50 (35-16204)

90 1366 215 65 Alcott,
338 1367 215 54 Louisa
583 1369 157 63 May,
775 1373 323 52 1832-1888.

156 1445 1923 70 Under the lilacs, by Louisa M. Alcott … illustrated by
88 1521 1965 147 George Lawson. Akron, O., New York, The Saalfield publishing company [ c 1935]
154 1674 86 41 348
264 1685 41 37 p.
330 1673 111 40 incl.
469 1674 84 40 col.
578 1673 163 49 front.,
767 1673 126 40 illus.
954 1673 54 39 21
1012 1675 44 22 cm
1060 1704 8 9 .

90 1739 51 54 ©
181 1745 127 47 Sept.
347 1745 68 47 14,
455 1744 140 48 1935;
638 1744 67 40 2c.
744 1745 96 39 and
875 1743 84 41 aff.
1002 1744 127 48 Sept.
1169 1744 82 46 23;
1293 1744 43 39 A
1374 1742 169 48 87218;
1590 1744 229 40 Saalfield
1859 1745 107 47 pub.
2007 1756 67 30 co.

159 1801 280 49 [Copyright
472 1801 44 40 is
550 1801 205 40 claimed
791 1811 59 29 on
885 1799 342 50 illustrations]
1302 1800 279 48 (35-16589)

88 1903 338 66 Aldington,
456 1903 276 64 Richard,
763 1909 169 50 1892-

217 1979 1856 71 … Life quest. Garden City, N. Y., Doubleday, Doran &
87 2077 291 51 company,
407 2059 125 68 inc.,
562 2064 151 51 1935.

154 2133 29 39 4
209 2143 42 38 p.
279 2133 46 48 h,
352 2133 56 40 37
434 2143 44 38 p.
538 2133 54 39 21
596 2134 44 22 cm
644 2164 10 10 .

156 2189 41 40 A
226 2199 150 39 poem.

157 2245 162 42 “First
350 2245 225 41 edition.”

89 2312 51 53 ©
166 2318 127 48 Sept.
318 2317 39 47 6,
383 2317 140 46 1935;
549 2317 66 40 2c.
642 2317 96 39 and
764 2315 82 41 aff.
876 2316 129 48 Sept.
1031 2315 81 47 16;
1142 2315 40 39 A
1210 2314 168 47 87010;
1409 2315 297 50 Doubleday,
1735 2317 166 39 Doran
1926 2317 37 40 &
1992 2329 82 37 co.,

154 2372 88 42 inc.
313 2373 279 49 (35-16447)

87 2475 310 55 American
425 2476 279 53 institute
729 2476 64 52 of
821 2476 390 63 cooperation.

153 2554 306 53 American
486 2553 379 69 cooperation,
895 2557 160 63 1935;
1090 2572 31 34 a
1151 2554 294 53 collection
1474 2554 62 51 of
1565 2571 208 49 papers
88 2553 1956 146 comprising
213 2633 99 52 the
341 2632 256 53 eleventh
631 2650 244 36 summer

907 2631 209 53 session
1149 2631 64 55 of
1243 2631 96 53 the
1370 2632 306 53 American
1709 2631 262 55 institute
2006 2631 65 53 of

88 2709 1957 146 cooperation at Cornell university, July 15-19, 1935. Washington, D. C., The American institute of cooperation [ c 1935]
153 2860 83 48 xii,
265 2861 87 39 676
375 2872 44 37 p.
477 2860 178 47 diagrs.
710 2859 54 40 23½
798 2861 44 21 cm
845 2890 8 9 .

88 2911 51 54 ©
163 2917 124 48 Sept.
310 2916 69 49 26,
404 2916 112 41 1935;
569 2916 67 41 2c.
660 2917 96 39 and
777 2916 81 39 aff.
882 2915 100 40 Oct.
1007 2915 54 47 2;
1086 2915 40 39 A
1149 2915 169 48 87365;
1343 2916 159 40 Amer.
1527 2914 229 42 institute
1778 2926 25 29 of
160 2924 1891 90 cooperation.

90 3076 309 54 American
426 3078 111 51 law
567 3076 293 54 institute.

157 3151 243 56 Student
445 3151 215 55 edition
708 3153 62 52 of
816 3152 387 52 Restatement
1250 3150 63 53 of
1358 3150 97 54 the
1498 3152 111 51 law
1657 3150 63 54 of
1766 3157 194 60 trusts,
2008 3172 57 33 as

90 3229 239 68 adopted
372 3230 112 53 and
524 3229 398 69 promulgated
962 3229 76 67 by
1078 3228 95 53 the
1212 3228 305 52 American
1557 3230 110 51 law
1708 3228 259 55 institute
2010 3238 55 45 at

86 3304 1980 72 Washington, D. C., May 11, 1935 … St. Paul, American law
87 3385 256 54 institute
373 3384 337 69 publishers,
743 3387 152 50 1935.

153 3459 26 38 4
208 3469 42 29 v.
308 3458 54 41 25½
396 3459 44 22 cm
443 3489 10 9 .

154 3513 292 44 Cover-title.

154 3569 158 52 Paged
342 3571 351 47 continuously.

89 3624 51 53 ©
162 3629 113 48 July
296 3629 69 48 22,
388 3628 139 47 1935;
551 3626 66 42 2c.
641 3628 117 39 each
783 3628 93 38 and
900 3625 81 41 aff.
1006 3626 127 47 Sept.
1157 3625 81 42 12;
1266 3624 40 41 A
1332 3625 169 48 85915;
1529 3625 156 41 Amer.
1712 3627 93 40 law
1827 3626 240 42 institute.

167 3684 274 49 (35-16152)

90 3787 320 67 Anderson,
437 3789 145 51 Paul
607 3787 208 63 Lewis,
846 3792 169 48 1880-

157 3861 225 55 Swords
424 3863 60 52 in
524 3863 97 52 the
658 3862 189 66 north,
888 3860 77 69 by
1005 3861 148 51 Paul
1195 3859 65 54 L.
1306 3860 319 54 Anderson.
1701 3861 140 53 New
1884 3861 181 66 York,

87 3937 249 57 London.
362 3940 74 52 D.
469 3937 574 69 Appleton-Century
1073 3955 296 51 company,
1401 3938 417 73 incorporated,
1852 3943 134 53 1935.

152 4021 31 28 x
206 4023 57 37 p.,
288 4013 24 38 1
372 4043 8 16 l.,
406 4011 84 41 270
514 4021 44 38 p.
617 4009 56 41 20
676 4012 45 22 cm
724 4042 9 9 .
