2424 4375
1241 4095 132 50 1904

312 446 216 66 Smith,
559 447 228 66 George
819 447 335 65 Frederick,
1188 452 172 50 1891-

384 525 197 53 Mixed
622 525 333 68 perchloric,
994 525 249 53 sulfuric
1283 526 111 52 and
1437 525 348 69 phosphoric
1824 525 153 54 acids
2017 527 112 52 and
2171 527 147 53 their

314 601 2003 72 applications in analysis, by G. Frederick Smith … 1st ed.,
315 684 153 51 1935.
549 681 329 69 Columbus,
923 680 87 69 O.,
1052 681 123 54 The
1218 680 68 56 G.
1332 681 312 54 Frederick
1689 680 189 57 Smith
1923 683 270 54 chemical
2238 701 77 38 co.

317 794 13 35 [
335 767 18 22 c
359 764 134 50 1935
499 794 13 34 ]

384 834 100 48 viii,
511 833 56 41 70
594 844 43 39 p.
691 833 145 48 illus.,
863 832 153 50 diagr.
1072 832 55 41 23
1132 835 43 22 cm
1181 868 8 7 .

387 889 1821 52 “A companion work to … [the author’s] ‘Perchloric acid.’—Pref.
385 948 377 51 Bibliography:
790 959 43 39 p.
860 947 159 42 68-70.

315 1003 53 54 ©
394 1008 118 39 Nov.
539 1007 70 47 30,
637 1007 141 46 1935;
809 1006 66 40 2c.
904 1007 113 40 Dec.
1045 1006 53 46 9;
1130 1006 82 40 aff.
1242 1007 110 39 Dec.
1384 1007 52 45 7;
1466 1007 40 39 A
1535 1006 170 48 89756;
1738 1008 52 40 G.
1822 1008 51 41 F.
1904 1007 172 50 Smith,
2106 1010 211 49 Urbana,

386 1066 75 38 Ill.
529 1064 222 47 (36-442)

312 1156 275 64 Snavely,
616 1156 221 63 Joseph
866 1155 278 54 Richard.

379 1230 1875 73 Milton S. Hershey, builder, by Joseph Richard Snavely …
309 1309 283 70 Hershey,
617 1310 122 68 Pa.,
767 1312 150 51 1935.

385 1382 27 42 3
439 1393 44 39 p.
547 1414 8 15 l.,
586 1383 219 48 xi-xviii,
833 1382 83 41 237
943 1394 43 38 p.
1018 1383 109 41 incl.
1158 1383 142 46 illus.,
1329 1383 171 48 plates,
1531 1385 150 46 ports,
1741 1384 149 40 front.
1950 1383 56 41 28½
2038 1385 45 23 cm
2086 1417 10 10 .

382 1441 223 47 Hershey
627 1443 111 38 coat
759 1439 53 42 of
834 1450 130 32 arms
989 1452 61 29 on
1076 1443 98 46 t.-p.

315 1496 53 54 ©
396 1502 111 39 Dec.
536 1501 68 47 10,
635 1499 139 47 1935;
805 1500 66 39 2c.
901 1501 95 38 and
1025 1499 81 42 aff.
1137 1500 112 40 Dec.
1279 1500 81 46 12;
1393 1500 40 39 A
1461 1499 171 47 90027;
1665 1501 43 40 J.
1741 1501 54 40 R.
1828 1501 223 48 Suavely,
2081 1502 235 49 Hershey,

386 1558 81 40 Pa.
533 1557 282 50 [Copyright
851 1558 39 37 is
922 1557 203 40 claimed
1162 1566 60 30 on
1255 1568 106 29 new
1395 1559 194 48 matter]
1666 1558 222 48 (36-303.)

312 1634 425 64 Sommerville,
766 1635 197 52 Rufus
991 1634 175 54 John.

382 1708 1935 71 Winning ways in contract plays … interesting anecdotes of
311 1786 2003 72 “playing the game” by Rufus J. Sommerville … a simplified
310 1866 441 71 interpretation
791 1867 65 54 of
894 1868 96 52 the
1030 1867 294 70 teachings
1365 1866 66 54 of
1468 1867 98 54 the
1606 1866 228 55 famous
1875 1867 337 56 authorities
2251 1867 64 53 of

311 1946 231 70 bridge;
599 1945 357 70 Culbertson,
1006 1946 221 68 Foster,
1276 1946 364 68 Whitehead,
1691 1946 171 69 Lenz,
1916 1945 169 71 Sims,
2136 1945 180 56 Work

310 2025 114 53 and
451 2027 129 67 last,
608 2026 103 53 but
739 2030 104 48 not
870 2026 158 68 least,
1058 2025 314 68 Josephine
1400 2024 80 54 M.
1512 2023 371 57 Culbertson!
1953 2025 56 53 A
2039 2026 277 69 complete

310 2106 48 52 &
385 2105 171 69 quick
583 2103 492 69 reference-work,
1104 2104 351 69 thoroughly
1487 2105 112 53 and
1621 2104 292 71 .minutely
1943 2103 262 70 indexed,
2239 2104 74 53 all

309 2182 66 53 of
408 2184 96 54 the
540 2184 317 69 plays—all
891 2183 66 53 of
989 2183 97 53 the
1120 2183 144 53 bids.
1336 2183 246 68 Detroit,
1615 2182 283 71 Winning
1933 2182 380 70 publications

315 2293 14 35 [
333 2267 19 23 c
357 2265 135 51 1935]

383 2345 80 38 xx,
490 2336 87 42 349
603 2345 43 39 p.
706 2335 58 40 24
766 2337 15 23 cm
814 2366 10 10 .

387 2391 72 43 On
498 2402 166 31 cover:
707 2392 132 40 Your
876 2392 340 48 encyclopedia
1257 2391 36 40 &
1333 2393 105 40 text
1478 2390 125 42 book
1644 2392 53 41 of
1736 2393 83 41 the
1862 2392 249 42 universal
2149 2391 166 50 bridge

314 2448 139 49 plays
478 2449 37 41 &
539 2449 122 42 bids.

315 2505 53 54 ©
402 2511 112 39 Dec.
549 2509 40 48 5,
626 2508 139 47 1935;
803 2507 65 41 2c.
905 2509 112 39 Dec.
1052 2506 54 43 9;
1146 2507 80 40 aff.
1267 2509 107 38 Dec.
1414 2509 51 40 7;
1504 2508 39 38 A
1580 2507 170 42 89776;
1793 2509 52 40 R.
1883 2510 43 39 J.
1967 2509 346 49 Sommerville,

386 2567 208 40 Detroit.
673 2565 220 47 (36-476)

317 2642 253 67 [Spivey,
598 2642 258 53 Thomas
885 2642 242 62 Sawyer]
1182 2647 172 49 1856-

381 2717 122 53 The
535 2717 338 68 awakening
906 2716 64 52 of
1004 2718 95 51 the
1132 2717 152 52 sixth
1321 2734 173 50 sense,
1526 2717 76 68 by
1636 2716 125 53 Mot
1795 2717 240 68 Reywas
2093 2716 193 69 [pseud.]

311 2795 57 52 A
409 2794 133 54 look
585 2794 121 53 into
752 2794 95 53 the
888 2802 162 61 great
1097 2793 303 53 unknown.
1485 2791 450 70 Shawneetown,
1980 2792 113 69 Ill.,
2140 2794 64 52 T.
2254 2791 56 56 S.

312 2872 234 71 Spivey,
575 2875 151 52 1935.

384 2950 90 40 336
499 2960 41 37 p.
597 2949 141 47 illus.,
768 2947 176 47 diagrs.
1004 2947 58 39 20
1062 2950 44 21 cm
1112 2980 7 7 .

315 3001 53 54 ©
401 3007 101 40 Oct.
534 3007 40 47 3,
610 3006 139 42 1935·;
785 3005 67 40 2c.
885 3006 118 38 Nov.
1037 3005 51 46 1;
1126 3004 81 40 aff.
1244 3004 101 40 Oct.
1380 3003 82 46 30;
1501 3004 39 38 A
1574 3003 143 40 89107;
1781 3004 52 40 T.
1871 3005 43 39 S.
1953 3002 188 49 Spivey.

394 3062 221 49 (36-319)

312 3138 194 65 Spyri,
539 3140 159 51 Frau
729 3138 272 53 Johanna
1032 3136 324 67 (Heusser)
1401 3136 324 54 1827-1901.

376 3216 197 64 Heidi,
594 3214 76 66 by
688 3214 269 54 Johanna
982 3213 204 68 Spyri;
1208 3211 137 54 with
1370 3211 382 55 illustrations
1772 3211 75 68 by
1869 3209 171 54 Ethel
2064 3212 244 52 Vernon.

311 3294 229 66 Racine,
567 3291 160 68 Wis.,
752 3290 299 56 Whitman
1077 3290 335 69 publishing
1436 3308 298 50 company,
1758 3296 17 23 c
1781 3292 150 50 1934.

383 3369 25 38 1
431 3379 43 37 p.
535 3398 9 17 l.,
570 3366 145 41 7-284
739 3377 42 37 p.
842 3366 85 41 col.
954 3366 164 47 front.,
1144 3364 127 41 illus.
1332 3364 57 40 29½
1420 3367 16 22 cm
1470 3396 9 9 .

315 3420 54 53 ©
399 3424 126 48 Sept.
557 3424 68 47 15,
655 3423 140 45 1934;
827 3422 66 40 2c.
924 3423 111 39 Dec.
1064 3422 41 46 3,
1134 3421 140 46 1935;
1306 3421 81 40 aff.
1419 3422 111 39 Dec.
1561 3421 52 46 2;
1647 3422 40 37 A
1717 3419 170 47 88492;
1921 3418 249 41 Whitman
2201 3420 108 47 pub.

385 3492 65 28 co.
516 3479 278 50 [Copyright
826 3480 44 38 is
896 3479 205 40 claimed
1133 3489 59 29 on
1225 3477 342 49 illustrations]
1640 3476 280 49 (35-32768)

381 3552 160 53 Moni
582 3554 95 52 the
717 3559 133 63 goat
888 3553 129 65 boy,
1057 3552 196 62 Mazli,
1294 3550 281 67 Cornelli;
1621 3551 155 53 three
1818 3549 200 54 stories
2058 3546 243 70 adapted

313 3628 150 55 from
495 3632 93 52 the
622 3631 246 66 original
903 3630 250 55 German
1186 3630 64 53 of
1281 3630 268 53 Johanna
1586 3627 175 71 Spyri
1793 3628 77 69 by
1900 3628 171 52 Anna
2105 3625 199 68 Darby

312 3707 254 68 Merrill;
610 3708 138 53 with
795 3708 289 70 drawings
1125 3709 76 68 by
1245 3708 239 53 Juanita
1528 3708 263 52 Bennett.
1873 3704 231 69 Racine,
2146 3704 159 58 Wis.,

308 3784 299 54 Whitman
638 3786 334 69 publishing
1002 3804 298 50 company,
1331 3792 18 22 c
1354 3788 150 49 1935.

380 3857 86 42 237
492 3869 44 38 p.
597 3860 127 39 illus.
784 3858 56 41 20
843 3860 43 23 cm
892 3895 8 8 .

315 3913 54 53 ©
401 3917 126 49 Sept.
557 3919 69 46 27,
658 3918 112 40 1935;
830 3920 65 37 2c.
929 3919 101 39 Oct.
1062 3918 81 45 22;
1178 3918 80 39 aff.
1293 3917 100 41 Oct.
1424 3917 82 45 21;
1539 3918 41 38 A
1611 3915 169 48 87905;
1814 3915 249 40 Whitman
2095 3914 109 49 pub.
2236 3923 67 31 co.

403 3974 129 48 [Copy
539 3975 127 45 right
704 3975 41 39 is
781 3975 200 39 claimed
1019 3985 59 28 on
1147 3973 254 37 adaptation
1437 3973 126 37 from
1602 3974 81 36 the
1719 3973 206 37 original
1966 3972 207 38 German
2211 3970 93 39 and

384 4031 344 47 illustrations]
803 4031 220 45 (36-488)
