2424 4375
1235 4033 99 53 750

278 419 375 65 Duhoureau,
683 420 298 66 François,
1012 425 170 49 1883-

412 496 1861 68 … Une sainte de la légende dorée, Sainte Bernadette de
278 575 267 52 Lourdes.
612 574 183 67 Paris,
825 576 64 51 B.
920 575 233 54 Grasset
1186 578 171 63 [1933]

351 646 1076 50 5 p. l., 238 p., 31 l. front. (port.) 28 ½ cm .
353 703 419 49 “Bibliographie”;
830 715 42 38 p.
902 704 113 49 [239]

283 759 1993 60 © Nov. 21, 1933; 1c. Mar. 24; A- Foreign 24174; Éditions Bernard
351 826 213 41 Grasset.
635 824 279 50 (34-13000)

281 929 184 64 Duke,
498 929 309 56 Winifred.

352 1005 144 55 Skin
535 1004 92 55 for
663 1005 147 68 skin,
847 1006 75 67 by
957 1005 293 56 Winifred
1287 1005 182 54 Duke.
1542 1008 233 62 Boston,
1812 1006 194 65 Little,
2043 1008 229 64 Brown,

281 1084 111 52 and
425 1100 296 49 company,
755 1086 151 51 1935.

351 1154 652 51 6 p. l., [3]-287 p. 19½ cm .
284 1209 52 52 ©
374 1213 126 40 June
537 1213 39 47 8,
616 1212 139 47 1935;
795 1212 65 40 2c.
902 1214 95 38 and
1036 1211 81 41 aff.
1157 1212 126 42 June
1322 1212 82 47 11;
1442 1213 41 38 A
1520 1212 171 47 83551;
1731 1213 70 40 W.
1842 1213 152 46 Duke,
2036 1212 237 48 Colinton,

353 1268 305 49 Midlothian,
696 1268 240 42 Scotland.
1008 1268 250 49 (35-8103)

283 1372 260 64 Dunbar,
573 1372 185 53 Helen
787 1372 301 63 Flanders,
1120 1378 170 50 1902-

353 1448 296 54 Emotions
694 1449 112 52 and
851 1449 195 69 bodily
1094 1449 273 69 changes;
1417 1468 32 34 a
1496 1467 204 51 survey
1746 1449 66 53 of
1857 1448 295 55 literature
2200 1467 71 34 on

282 1526 448 68 psychosomatic
771 1526 571 69 interrelationships,
1386 1529 325 65 1910-1933,
1754 1526 75 70 by
1872 1527 79 54 H.
1995 1526 279 53 Flanders

278 1603 1970 129 Dunbar … New York, Pub. for the Josiah Macy, jr., foundation
424 1681 73 68 by
527 1680 297 54 Columbia
853 1681 315 68 university
1195 1698 173 51 press,
1396 1684 150 50 1935.

415 1752 768 50 xv p., 2 l., [3]-595 p., 1 l. 24 cm .
352 1809 343 48 Bibliography;
752 1819 40 38 p.
829 1809 246 50 [433]-560.

285 1865 52 52 ©
364 1869 125 39 June
518 1869 39 46 3,
583 1867 140 48 1935;
751 1867 66 41 2c.
845 1869 124 39 June
996 1868 25 40 5;
1078 1868 83 40 aff.
1188 1869 129 39 June
1339 1869 55 47 6;
1419 1869 42 39 A
1489 1868 141 41 83483;
1689 1869 250 41 Columbia
1967 1868 129 42 univ.
2126 1880 149 37 press.

364 1925 250 49 (35-8272)

286 2028 264 64 Everett,
578 2028 233 54 Millard
838 2029 271 64 Spencer,
1139 2031 170 52 1897-

351 2104 118 52 The
499 2104 138 53 road
666 2108 58 49 to
755 2104 368 69 civilization,
1149 2104 76 68 by
1255 2104 240 54 Millard
1526 2103 56 57 S.
1615 2105 252 68 Everett,
1895 2123 97 36 ph.
2022 2124 48 35 d.
280 2104 1967 143 Chicago.

464 2182 324 67 Ill. [ c 1935]
355 2255 86 41 240
468 2267 42 38 p.
567 2255 54 41 23
624 2258 45 21 cm
674 2287 8 9 .

287 2310 52 52 ©
369 2314 107 39 Jan.
509 2313 68 47 10,
606 2311 114 42 1935;
778 2313 66 39 2c.
875 2313 95 39 and
997 2312 80 40 aff.
1109 2313 109 39 Jan.
1248 2312 58 40 19;
1363 2313 40 38 A
1434 2312 142 41 80082;
1635 2314 62 39 M.
1730 2313 46 40 S.
1806 2314 211 47 Everett,
2052 2311 222 51 Chicago.

369 2370 250 48 (35-8246)

284 2457 163 53 Felix
474 2460 66 53 E.
567 2458 312 64 Sclielling.
954 2457 424 68 Philadelphia,
1403 2458 336 67 University
1765 2458 63 54 of
1853 2456 421 70 Pennsylvania

354 2554 173 50 press,
558 2539 147 50 1935.

361 2607 848 50 vii, 30 p. front. (port.) 23½ cm .
359 2666 227 40 Includes
620 2665 254 40 addresses
910 2665 139 39 made
1084 2674 129 38 upon
1247 2665 81 39 the
1366 2663 222 41 occasion
1624 2665 54 40 of
1712 2666 81 38 the
1832 2664 344 48 presentation,
2215 2665 61 46 by

287 2734 28 28 a
343 2732 155 37 group
521 2721 53 40 of
600 2721 198 46 alumni,
828 2732 128 28 some
984 2721 188 39 friends
1199 2721 96 38 and
1324 2721 269 46 colleagues
1621 2721 50 38 in
1700 2722 81 38 the
1811 2722 127 45 Dept.
1982 2721 53 39 of
2061 2720 214 47 English,

289 2778 53 39 of
373 2788 28 30 a
435 2778 115 39 bust
585 2777 51 40 of
671 2778 137 38 Felix
845 2778 50 39 E.
937 2776 245 48 Schelling
1215 2779 49 37 to
1300 2778 84 39 the
1419 2777 282 47 University
1735 2777 51 40 of
1822 2776 356 47 Pennsylvania
2214 2787 60 30 on

289 2836 113 46 May
429 2835 67 45 17,
522 2832 126 42 1935.
704 2834 61 47 cf.
794 2834 269 39 Foreword.

635 2889 401 40 CONTENTS.—Presentation
1061 2890 54 39 of
1138 2891 82 38 the
1244 2890 125 46 bust,
1396 2890 61 47 by
1483 2890 42 39 J.
1552 2890 60 39 H.
1638 2888 640 49 Penniman.—Acceptance

289 2948 51 39 of
372 2950 83 37 the
483 2948 125 45 bust,
640 2947 61 48 by
733 2948 50 37 T.
822 2947 44 40 S.
898 2944 535 42 Gates.—Resolutions
1470 2946 52 39 of
1552 2948 81 38 the
1665 2947 177 46 college
1873 2945 403 47 faculty.—Felix

291 3006 50 38 E.
370 3004 253 47 Schelling,
650 3005 61 46 by
735 3004 52 38 A.
815 3004 59 39 H.
902 3002 159 48 Quinn
1089 3003 95 39 and
1209 3004 59 37 M.
1298 3003 70 39 W.
1395 3002 577 48 Black.—Bibliography
2008 3004 64 47 (p.
2100 3000 167 50 21-30)

290 3058 52 52 ©
368 3063 113 46 May
505 3062 68 45 17,
600 3060 112 40 1935;
768 3060 66 40 2c.
862 3061 113 46 May
999 3059 55 40 27;
1110 3059 80 40 aff.
1222 3060 113 46 May
1360 3059 59 40 25;
1473 3060 40 38 A
1541 3058 146 41 81970;
1741 3058 280 49 University
2048 3059 53 40 of
359 3059 1899 107 Pennsylvania
607 3128 148 37 press.
829 3115 248 48 (35-8226)

294 3206 287 64 Fenwick,
611 3207 247 54 Charles
883 3204 347 65 Ghequiere,
1258 3212 169 49 1880-

289 3282 1958 146 Cases on international law, by Charles G. Fenwick … Chicago.
474 3361 318 68 Callaghan
819 3361 110 52 and
958 3378 294 50 company,
1284 3365 147 49 1935.

363 3434 136 47 xxiii,
528 3434 83 40 815
639 3444 42 37 p.
743 3433 54 40 26
801 3436 43 21 cm
849 3464 10 9 .
927 3432 256 47 (National
1210 3444 109 29 case
1347 3434 122 39 book
1496 3434 174 41 series)

292 3487 52 52 ©
371 3492 113 46 May
511 3490 68 48 22,
606 3489 114 41 1935;
777 3489 65 41 2c.
872 3491 113 46 May
1012 3490 57 40 27;
1127 3489 81 41 aff.
1239 3490 113 47 May
1379 3490 55 39 25;
1496 3491 42 38 A
1563 3489 146 41 83309;
1764 3490 270 46 Callaghan
2060 3490 37 39 &
2125 3498 67 31 co.

371 3547 250 50 (35-8154)

293 3632 282 67 Fielding,
605 3634 336 65 Archibald,
972 3641 169 49 1900-

366 3713 265 66 Tragedy
662 3718 61 48 at
749 3710 341 55 Beechcroft
1135 3712 94 67 [by]
1259 3712 71 54 A.
1362 3712 283 68 Fielding.
1720 3713 257 63 London,
2006 3712 141 52 Pub.
2184 3711 91 52 for

298 3788 1776 67 the Crime club, ltd. by W. Collins sons & co., ltd. [ c 1935]
359 3861 85 38 252
473 3872 41 36 p.
575 3860 57 40 19
633 3863 43 21 cm
681 3891 8 8 .

294 3912 1979 52 © 1c. May 24, 1935; A ad int. 20251; pubd. Apr. 1; H. C. Kinsey & co.,
363 3971 105 48 inc.,
499 3972 116 39 New
643 3972 144 40 York.
857 3972 248 49 (35-8411)
