2526 4384
1361 3985 102 48 244

400 361 294 66 Coleman,
721 364 131 63 Roy
877 363 88 65 V.,
995 367 171 51 1885-

467 437 1868 72 Mr. Ludlow goes for old England, by R. V. Coleman …
396 515 312 70 Westport,
736 515 199 69 Conn.,
965 519 150 51 1935.

471 605 60 41 30
555 616 58 38 p.,
641 606 25 39 1
715 636 8 8 l.
780 604 55 39 21½
868 606 45 22 cm
916 634 10 9 .

475 676 93 41 “Of
594 675 98 41 this
719 675 183 41 edition
930 673 84 42 199
1042 674 161 49 copies
1227 675 123 40 have
1377 676 117 39 been
1522 672 193 51 printed
1740 675 129 40 from
1897 677 113 47 type
2037 676 52 41 of
2116 675 159 42 which
2304 676 97 42 this

403 733 42 40 is
475 734 202 39 number
707 731 130 42 198.”

404 800 54 53 ©
486 805 121 38 Mar.
634 803 41 47 2,
700 802 113 41 1935;
870 801 67 41 2c.
967 803 95 39 and
1090 801 80 41 aff.
1200 803 121 38 Mar.
1350 803 25 39 7;
1432 803 41 38 A
1499 800 143 42 79951;
1701 802 56 40 R.
1785 803 54 40 V.
1870 803 243 48 Coleman,
2142 805 260 49 Westport,

474 860 148 41 Conn.
692 858 253 50 (35-3746)

404 962 264 64 Conklin,
699 962 273 55 Edmund
1001 961 215 64 Smith,
1248 968 172 50 1884-

479 1039 320 68 Principles
826 1038 64 54 of
919 1038 318 54 adolescent
1265 1037 367 71 psychology,
1660 1038 74 69 by
1763 1038 273 55 Edmund
2067 1037 57 56 S.
2156 1038 243 55 Conklin

471 1115 1352 71 … New York, H. Holt and company [c1935]
480 1200 614 50 ix p., 1 l., 437 p. 22 cm .
478 1270 225 42 Includes
733 1272 390 48 bibliographies.

408 1342 54 54 ©
488 1347 110 41 Jan.
626 1347 70 48 15,
724 1347 118 41 1935;
895 1347 66 41 2c.
991 1347 111 41 Feb.
1130 1346 26 42 5;
1213 1344 83 44 aff.
1326 1347 110 41 Ffeb.
1465 1347 29 41 6;
1547 1347 40 40 A
1616 1346 145 42 79552;
1819 1348 58 40 H.
1908 1348 119 42 Holt
2057 1348 35 40 &
2121 1359 82 37 co.,
2233 1347 89 41 inc.

487 1405 251 48 (35-3716)

405 1506 238 65 Corliss,
674 1507 154 54 John
860 1506 294 68 Blaisdell,
1189 1508 171 55 1877-

477 1583 242 54 Radical
758 1584 305 68 solutions;
1107 1605 30 33 a
1178 1586 232 51 manual
1450 1585 65 51 of
1553 1583 300 67 economic,
1893 1584 173 54 social
2108 1586 112 53 and
2262 1584 142 54 civic

408 1660 261 70 reforms,
703 1662 76 68 by
812 1662 158 54 John
1006 1663 68 53 B.
1112 1661 232 70 Corliss,
1376 1662 71 69 jr.
1522 1661 248 69 Detroit,
1804 1660 195 70 Mich.,
2036 1661 368 57 Continental

411 1738 262 70 printing
699 1758 79 35 co.
815 1773 12 35 [
832 1746 18 22 c
855 1743 152 65 1934]

480 1826 974 49 6 p. l., 129 p. illus. (maps) 23½cm.
408 1893 54 53 ©
483 1897 111 41 Dec.
621 1897 69 48 10,
715 1897 114 41 1934;
882 1896 68 42 2c.
975 1899 96 39 and
1097 1897 81 41 aff.
1204 1899 113 39 Dec.
1342 1897 82 48 12;
1451 1899 41 38 A
1517 1896 143 42 77639;
1716 1897 43 41 J.
1788 1898 54 40 B.
1870 1897 197 49 Corliss,
2094 1897 75 49 jr.,
2197 1896 205 43 Detroit.

486 1953 252 52 (35-3859)

411 2054 227 66 Corpus
661 2058 143 67 juris;
860 2058 171 67 being
1056 2078 31 33 a
1110 2060 274 66 complete
1410 2060 112 51 and
1547 2058 325 66 systematic
1897 2063 304 49 statement
2222 2059 64 52 of
2307 2057 99 53 the

482 2135 181 53 whole
692 2136 152 66 body
873 2137 63 51 of
966 2137 95 53 the
1090 2138 109 51 law
1231 2155 58 33 as
1321 2136 300 56 embodied,
1645 2137 62 52 in
1738 2137 112 51 and
1882 2136 309 68 developed
2220 2137 75 67 by
2326 2139 77 51 all

482 2212 1921 69 reported decisions, edited by William Mack … and Donald
480 2290 1922 71 J. Kiser … Volume LXX [Witnesses to Wood pulp] New
484 2368 178 67 York,
695 2369 123 53 The
846 2369 307 53 American
1183 2373 111 50 law
1324 2370 147 52 book
1501 2387 109 50 co.;
1644 2369 258 68 London,
1933 2371 393 53 Butterworth
2359 2375 45 50 &

480 2466 98 47 co.,
610 2449 151 51 1935.

480 2532 133 49 xxvi,
641 2532 118 41 1195
784 2543 42 37 p.
885 2532 59 40 26
942 2533 46 23 cm
991 2564 9 9 .

412 2601 54 53 ©
493 2605 109 40 Feb.
631 2604 40 47 8,
699 2603 116 41 1935;
870 2604 68 40 2c.
966 2605 123 39 Mar.
1118 2604 54 41 18;
1230 2603 80 41 aff.
1341 2605 123 39 Mar.
1491 2603 56 40 21;
1605 2605 41 38 A
1674 2603 144 41 82044;
1874 2605 159 40 Amer,
2062 2604 99 41 law
2185 2606 123 39 book
2336 2615 67 31 co.

412 2720 181 67 Corti,
621 2723 167 61 Egon
817 2723 236 64 Caesar,
1081 2728 178 59 conte,
1286 2725 169 51 1886-

478 2796 1925 71 The wizard of Monte Carlo, by Count Corti … New York,
412 2874 962 69 E. P. Dutton & co., inc. [ c 1935]
483 2948 1810 50 xiii p., 1 l., 17-287, [1] p. incl. front. (port.) plates, ports. 22½ cm .
485 3019 162 41 “First
676 3018 226 41 edition.”

415 3086 54 53 ©
499 3091 121 38 Mar.
653 3090 41 46 5,
725 3088 140 49 1935;
897 3089 68 40 2c.
996 3090 95 39 and
1120 3089 81 40 aff.
1234 3090 121 38 Mar.
1386 3088 54 47 6;
1472 3089 41 38 A
1543 3087 170 49 79935;
1746 3090 52 38 E.
1831 3090 51 39 P.
1914 3090 187 39 Dutton
2133 3090 36 39 &
2199 3099 82 38 co.,
2314 3090 91 40 inc.

494 3146 251 49 (35-3754)

416 3248 194 66 Cyzio,
638 3249 247 65 Stanley
912 3251 61 55 C.

488 3323 161 57 Your
677 3327 323 67 insurance;
1031 3327 73 52 its
1133 3325 282 69 problems
1444 3328 112 51 and
1583 3325 149 53 their
1760 3325 260 54 solution.
2096 3326 95 52 An
418 3325 1959 130 insurance

582 3402 186 68 digest
795 3403 91 52 for
917 3405 95 51 the
1040 3403 406 68 policyholder,
1475 3401 296 69 including
1801 3402 248 67 analysis
2079 3403 63 51 of
2172 3401 229 69 policies

420 3476 59 56 in
518 3480 95 54 the
653 3479 160 56 fields
852 3479 64 53 of
956 3477 105 56 life
1101 3480 312 68 insurance,
1451 3481 96 52 old
1587 3497 103 50 age
1730 3479 232 66 income,
2002 3478 245 54 sickness
2288 3483 112 51 and

419 3554 254 56 accident
701 3557 295 53 insurance
1026 3561 110 51 and
1164 3557 94 53 the
1287 3557 424 55 miscellaneous
1739 3573 183 51 group
1952 3557 64 52 of
2045 3555 356 68 automobile,

421 3631 115 69 fire,
577 3634 292 68 burglary,
910 3633 267 69 liability,
1219 3633 331 55 workmen’s
1592 3632 422 68 compensation
2056 3636 112 51 and
2210 3639 192 61 surety

418 3708 1876 70 lines. By S. C. Cyzio … Chicago, R. R. Harrold, 1934.
490 3793 817 51 3 p. l., x , [7]-295, [6] p. 21½ cm .
418 3862 54 53 ©
502 3867 111 38 Dec.
646 3864 70 48 10,
749 3866 112 40 1934;
924 3864 66 41 2c.
1024 3865 108 40 Feb.
1167 3865 39 48 8,
1239 3863 117 42 1935;
1416 3864 81 40 aff.
1532 3863 110 40 Feb.
1675 3863 54 39 11;
1792 3864 41 38 A
1866 3862 142 41 79607;
2076 3863 43 40 S.
2156 3862 49 40 C.
2285 3861 115 48 Cyzio,

485 3922 222 46 Chicago.
778 3921 249 47 (35-3738)
