2568 4342
1350 4075 64 50 88

448 530 57 41 80
532 541 43 38 p.
635 530 56 41 19½
724 533 43 21 cm
772 562 9 10 .

380 587 53 52 ©
459 593 115 39 Nov.
603 590 69 47 30,
700 589 117 41 1934;
870 589 65 41 2c.
964 592 95 38 and
1086 588 81 41 aff.
1196 589 108 39 Jan.
1334 587 69 48 18,
1432 586 141 48 1935;
1601 588 41 38 A
1667 586 171 48 79244;
1870 587 171 40 Edwin
2074 587 42 40 S.
2147 586 225 47 Gorham,

447 647 89 41 inc.
608 647 251 49 (35-1826)

380 749 226 66 [Leslie,
631 750 138 52 Mrs.
796 748 192 54 Annie
1014 745 215 56 Louise
1259 746 300 67 (Brown)]
1591 747 172 55 1870-
1974 747 83 53 ed.

451 824 277 56 “Column
771 825 205 69 folks”,
1017 845 30 33 a
1089 830 257 62 tapestry
1388 825 63 53 of
1493 823 304 55 American
1837 823 104 54 life
1982 843 196 35 woven
2221 823 146 54 from

379 905 209 67 letters,
613 902 190 56 edited
824 904 76 68 by
923 905 201 66 Nancy
1148 905 211 51 Brown
1408 901 213 68 [pseud.]
1706 901 263 69 [Detroit]
1997 903 123 52 The
2144 902 230 54 Detroit
379 1002 167 45 news,
578 987 148 50 1934.

451 1066 44 38 x,
523 1056 86 41 278
638 1066 44 39 p.
741 1054 55 41 21½
829 1057 44 21 cm
877 1086 9 10 .

454 1109 1646 51 “First published in … the Detroit news from 1920 to 1933.”
455 1171 128 39 “The
619 1170 132 40 third
788 1169 253 40 collection
1077 1168 51 41 of
1162 1169 171 39 letters
1368 1166 128 41 from
1530 1168 82 41 the
1648 1166 296 49 Experience
1981 1168 192 41 column
2207 1166 51 41 of
2294 1168 82 39 the

382 1225 192 42 Detroit
601 1237 131 29 news
762 1228 48 38 to
837 1227 57 39 be
920 1225 254 48 published
1201 1224 52 40 in
1277 1224 123 41 book
1425 1224 419 44 form.”—Introd.

384 1281 51 52 ©
457 1285 116 39 Nov.
598 1284 68 46 30,
691 1283 140 47 1934;
858 1283 65 40 2c.
949 1284 95 39 and
1069 1282 81 40 aff.
1176 1284 110 39 Jan.
1309 1282 69 47 28,
1403 1281 142 48 1935;
1570 1283 43 38 A
1635 1281 170 48 79401;
1834 1282 218 48 Evening
2077 1292 131 30 news
2234 1291 141 38 assn.,

450 1341 205 40 Detroit.
728 1340 250 49 (35-1809)

378 1443 336 54 Louisiana.
787 1444 183 65 Laws,
998 1447 258 62 statutes,
1284 1448 100 48 etc.

513 1518 1863 70 … Civil code of the state of Louisiana, revision of 1870,
381 1598 1994 68 edited by Benjamin Wall Dart … annotated by George A.
379 1673 2001 71 Wilson … assisted by the publisher’s editorial staff. [1934
379 1753 344 52 cumulative
780 1755 211 51 annual
1048 1754 206 68 pocket
1307 1755 376 67 supplement.
1777 1753 418 69 Indianapolis]
2258 1755 121 53 The

378 1831 443 55 Bobbs-Merrill
849 1851 296 49 company,
1173 1839 18 22 c
1196 1835 149 50 1934.

452 1906 25 39 1
506 1917 41 36 p.
612 1936 8 16 l.,
650 1905 86 40 124
766 1916 40 37 p.
865 1905 57 40 25½
955 1908 46 20 cm
1003 1936 8 9 .

451 1961 119 41 This
593 1963 250 47 pamphlet
864 1963 42 39 is
931 1964 48 38 to
1005 1963 56 40 be
1084 1962 138 41 fitted
1246 1962 103 40 into
1376 1962 82 40 the
1482 1962 173 48 pocket
1678 1965 54 38 at
1752 1963 85 39 the
1860 1962 122 40 back
2005 1962 53 41 of
2083 1962 82 40 the
2189 1962 189 41 volume

383 2017 52 40 of
459 2020 82 39 the
565 2020 75 39 set
664 2021 49 38 to
738 2018 159 41 which
920 2019 42 40 it
985 2019 210 47 belongs.

387 2071 51 52 ©
473 2076 110 39 Dec.
615 2074 69 48 29,
717 2074 139 48 1934;
891 2075 66 40 2c.
993 2076 108 39 Jan.
1132 2074 40 49 2,
1206 2073 140 49 1935;
1382 2074 81 41 aff.
1499 2076 110 39 Dec.
1643 2075 70 48 31,
1746 2073 140 49 1934;
1923 2075 42 39 A
1996 2073 171 49 77943;
454 2075 1926 96 Bobbs-Merrill
670 2143 66 29 co.

382 2217 185 66 Lund,
599 2217 154 67 Eric,
785 2223 325 53 1852-1933.

460 2293 457 68 Hermeneutics;
960 2312 80 51 or,
1077 2295 121 54 The
1235 2295 213 54 science
1485 2295 113 52 and
1638 2302 89 46 art
1765 2295 65 53 of
1866 2294 383 70 interpreting
2285 2295 96 54 the

388 2372 182 66 Bible,
615 2371 75 69 by
735 2371 103 54 Dr.
883 2370 139 56 Eric
1065 2372 197 67 Lund;
1310 2372 314 54 translated
1670 2372 153 55 from
1868 2373 95 53 the
2009 2372 249 69 Spanish
2305 2372 71 69 by

389 2448 1987 71 P. C. Nelson … Enid, Okl., Printed by the Southwestern
388 2544 171 49 press,
594 2533 18 22 c
618 2528 147 51 1934.

455 2596 27 41 3
513 2608 42 37 p.
622 2628 8 16 l.,
661 2596 146 41 9-140
834 2608 43 38 p.
937 2596 59 41 19½
1024 2599 46 22 cm
1073 2628 10 10 .

388 2652 51 52 ©
473 2658 110 39 Dec.
617 2657 70 46 24,
720 2657 140 47 1934;
893 2657 68 40 2c.
997 2658 110 39 Jan.
1140 2658 68 47 11,
1243 2657 141 49 1935;
1418 2658 82 41 aff.
1536 2660 110 39 Dec.
1680 2658 69 49 28,
1783 2659 141 49 1934;
1960 2661 43 38 A
2035 2659 171 48 79128;
2243 2660 50 39 P.
2328 2659 49 41 O.

453 2714 191 46 Nelson,
676 2714 137 47 Enid,
847 2714 103 41 Okl.
1021 2714 251 49 (35-1827)

385 2802 222 64 Lynch,
636 2802 162 55 Alice
828 2804 186 55 Clare.

454 2878 121 54 The
618 2879 282 68 Kennedy
943 2883 128 50 clan
1113 2883 113 52 and
1270 2883 200 52 Tierra
1513 2883 277 53 Redonda
1842 2883 92 67 [by]
2002 2883 164 53 Alice
2210 2883 167 55 Clare

384 2954 215 66 Lynch.
699 2956 117 55 [San
855 2958 322 67 Francisco,
1213 2959 248 53 Marnell
1500 2963 46 49 &
1583 2978 296 49 company,
1914 2967 21 21 c
1939 2964 154 63 1935]

454 3027 27 39 3
511 3038 43 37 p.
620 3059 8 16 l.,
657 3027 86 40 264
771 3040 45 37 p.
875 3028 56 41 20
935 3032 43 21 cm
982 3061 10 9 .

456 3083 39 37 A
522 3083 188 48 history
737 3085 52 40 of
813 3086 83 40 the
923 3087 218 40 author’s
1166 3086 189 49 family.

389 3134 53 52 ©
471 3140 108 39 Jan.
609 3139 69 47 25,
709 3140 140 48 1935;
881 3143 66 39 2c.
979 3145 95 38 and
1105 3142 80 41 aff.
1218 3143 110 41 Feb.
1361 3144 53 47 5;
1444 3145 43 38 A
1516 3143 169 49 80333;
1718 3146 54 38 A.
1807 3145 48 41 C.
1888 3146 179 48 Lynch,
2101 3146 96 41 San
456 3147 1904 89 Francisco.
664 3198 250 49 (35-2038)

386 3285 265 65 Mauron,
678 3288 206 56 Marie.

455 3359 205 56 Mount
682 3365 280 68 Peacock;
989 3384 80 49 or,
1092 3369 273 65 Progress
1387 3370 60 51 in
1469 3370 304 66 Provence,
1794 3370 76 66 by
1892 3369 187 54 Marie
2099 3370 273 58 Mauron;

388 3439 1962 148 translated by F. L. Lucas … New York, The Macmillan company; Cambridge,
991 3522 166 66 Eng.,
1187 3522 121 53 The
1334 3522 337 69 University
1698 3542 172 48 press,
1902 3528 148 49 1935.

457 3591 28 37 4
510 3598 42 37 p.
613 3620 9 13 l.,
666 3588 212 49 [vii]-xvi,
906 3591 82 40 181
1015 3604 42 36 p.
1117 3593 148 41 front.
1325 3594 55 40 19½
1413 3597 44 21 cm
1461 3624 8 9 .

389 3641 51 52 ©
469 3647 108 39 Jan.
606 3645 68 48 22,
702 3645 140 49 1935;
872 3647 65 41 2c.
969 3651 95 38 and
1093 3650 80 40 aff.
1204 3651 108 39 Jan.
1339 3652 83 47 23;
1455 3653 43 39 A
1523 3651 170 48 79882;
1725 3652 280 40 Macmillan
2033 3661 67 31 co.

465 3701 250 50 (35-1800)

386 3790 323 65 Mellinger,
736 3792 98 52 Ira
862 3793 258 64 Eugene,
1152 3800 170 50 1883-

453 3866 1923 75 From God to man, by Ira E. Mellinger … Beauty in His
380 3949 167 61 steps.
620 3943 325 69 Lancaster,
975 3946 120 66 Pa.,
1128 3950 150 52 1934.

457 4013 86 40 217
569 4023 43 37 p.
670 4012 149 42 front.
848 4013 171 49 (port.)
1085 4015 56 41 23½
1173 4019 45 21 cm
1222 4048 9 9 .
