2568 4342
1312 4087 65 48 30

369 559 137 55 New
540 559 222 68 Haven,
797 558 143 54 Yale
972 557 316 69 university
1320 574 183 51 press:
1539 555 256 70 London,
1827 557 76 52 H.
1940 554 265 68 Milford,

372 555 1960 135 Oxford
532 637 316 67 university
875 653 172 51 press,
1079 638 151 50 1934.

435 720 27 40 3
494 730 43 39 p.
601 751 9 17 l.,
640 720 87 40 349
756 731 43 37 p.
859 720 171 48 plates,
1060 723 137 45 port.,
1230 730 151 39 maps,
1414 720 190 40 facsim.
1663 720 55 41 23½c
1768 723 26 20 m
1800 753 9 9 .

438 792 139 48 Maps
607 802 60 29 on
694 792 361 48 lining-papers.

438 848 101 40 The
565 848 196 48 journal
787 859 101 29 was
915 848 196 40 written
1135 849 61 46 by
1224 848 145 40 Janet
1397 848 171 40 Schaw
1593 848 51 40 of
1669 848 298 46 Edinburgh,
2027 850 62 47 cf.
2118 849 181 40 Introd.

440 905 130 40 “The
595 905 301 47 manuscript
922 904 129 40 from
1082 905 158 39 which
1269 905 81 39 the
1379 907 193 45 present
1602 908 103 37 text
1734 905 42 41 is
1805 906 193 48 printed
2029 907 42 39 is
2100 907 175 38 known
2302 918 53 29 as

370 961 1499 50 Egerton 2423, and is … in the British museum.”—p. [1]
439 1018 212 41 “Second
676 1018 197 48 edition,
895 1017 120 41 with
1039 1017 272 42 additional
1335 1019 138 39 notes
1498 1019 96 39 and
1617 1018 369 40 illustrations.”

366 1089 51 52 ©
442 1094 117 39 Nov.
584 1093 68 45 13,
674 1091 141 47 1934;
841 1091 67 40 2c.
935 1092 108 39 Jan.
1071 1091 70 47 14,
1167 1090 140 47 1935;
1337 1090 80 41 aff.
1445 1092 110 38 Dec.
1583 1091 39 47 6,
1649 1091 140 47 1934;
1817 1091 41 39 A
1884 1091 168 47 80005;
2082 1093 119 38 Yale
2227 1092 127 40 univ.

433 1160 147 38 press.
645 1148 280 51 [Copyright
965 1148 40 39 is
1047 1148 204 40 claimed
1293 1158 61 30 on
1394 1148 255 48 appendix,
1691 1150 353 46 supplemental
2084 1151 137 38 notes
2263 1149 96 40 and

431 1218 105 29 new
565 1206 193 40 illustra
765 1205 142 49 tionsj
980 1204 220 49 (35-841)

362 1309 277 65 Shippey,
668 1309 134 55 Lee.

429 1387 207 54 Where
661 1386 244 68 nothing
929 1403 128 35 ever
1083 1388 257 65 happens
1371 1386 108 67 [by]
1511 1387 109 52 Lee
1649 1386 273 67 Shippey.
1999 1388 213 51 Boston
2241 1390 104 49 and

361 1464 138 55 New
527 1463 178 68 York,
732 1465 319 66 Houghton
1078 1463 203 54 Mifflin
1313 1480 295 51 company,
1638 1468 148 49 1935.

431 1539 27 39 4
486 1550 42 37 p.
592 1569 8 16 l.,
633 1537 176 50 [3]-256
836 1548 41 37 p.
933 1535 55 42 19½
1020 1539 44 22 cm
1070 1569 8 8 .

365 1606 51 51 ©
451 1611 109 39 Jan.
594 1610 40 46 4,
668 1608 140 47 1935;
845 1608 65 39 2c.
946 1608 108 39 Jan.
1091 1607 81 47 10;
1208 1607 79 41 aff.
1324 1608 109 39 Jan.
1467 1606 53 49 9;
1558 1608 41 39 A
1633 1607 168 47 79120;
1840 1608 48 39 L.
1929 1607 223 49 Shippey,
2194 1609 162 40 Sierra

429 1668 182 44 Madre,
645 1666 144 41 Calif.
860 1665 221 48 (35-942)

358 1766 313 68 Simmons,
696 1769 219 53 Ernest
940 1768 240 64 Joseph,
1209 1772 171 50 1903-

492 1842 1860 71 … English literature and culture in Russia (1553-1840) by
358 1919 209 56 Ernest
606 1921 57 55 J.
707 1920 302 56 Simmons.
1090 1920 364 70 Cambridge,
1496 1920 275 54 Harvard
1814 1919 320 72 university
2176 1939 176 51 press,

358 2002 152 51 1935.

434 2071 88 40 viii
547 2082 58 38 p.,
633 2072 26 41 3
721 2102 9 17 l.,
764 2070 175 51 [3]-357
965 2081 45 38 p.
1068 2070 56 41 22
1128 2073 45 22 cm
1176 2103 9 9 .
1256 2070 254 49 (Harvard
1539 2071 187 40 studies
1753 2070 50 40 in
1833 2070 331 48 comparative
356 2070 1979 98 literature.
531 2128 89 41 vol.
647 2128 99 48 xn)

428 2183 348 50 Bibliography
805 2185 53 40 at
884 2185 91 40 end
1005 2184 52 41 of
1085 2184 114 41 each
1232 2185 211 47 chapter.
1504 2183 232 41 “Notes”:
1769 2193 44 38 p.
1848 2203 10 30 [
1861 2181 233 51 309]-338.

359 2252 51 52 ©
443 2257 107 40 Jan.
582 2256 39 47 2,
653 2256 139 47 1935;
825 2256 65 41 2c.
923 2256 95 40 and
1049 2256 80 41 aff.
1163 2257 109 40 Jan.
1302 2258 52 45 7;
1386 2257 43 38 A
1457 2255 171 48 79059;
1662 2256 255 41 President
1949 2258 96 39 and
2075 2258 190 39 fellows
2299 2258 50 39 of

427 2314 230 39 Harvard
688 2315 191 46 college,
912 2313 301 49 Cambridge,
1247 2314 144 39 Mass.
1464 2312 219 49 (35-892)

357 2413 319 66 Simpkins,
703 2416 260 53 Thomas
986 2416 71 56 V.

425 2490 247 69 Rhymes
705 2491 64 52 of
801 2510 200 51 puppy
1032 2494 124 51 love
1189 2493 111 52 and
1335 2493 206 64 others,
1574 2492 298 67 including
1902 2493 191 68 Negro
2124 2492 223 69 dialect,

355 2569 1967 146 by Thomas V. Simpkins … Boston, The Christopher publishing house [ c 1935]
427 2731 44 37 x,
501 2721 145 40 13-60
672 2731 41 37 p.
774 2721 58 40 20½
863 2724 43 21 cm
911 2754 8 8 .

358 2786 51 51 ©
437 2791 107 39 Jan.
572 2791 40 45 2,
641 2790 138 47 1935;
810 2790 64 41 2c.
905 2794 95 37 and
1027 2792 80 39 aff.
1136 2794 109 39 Jan.
1274 2794 51 45 7;
1355 2793 42 38 A
1421 2791 169 48 79074;
1621 2792 316 48 Christopher
1965 2792 109 48 pub.
2103 2793 160 38 house.

434 2846 220 50 (35-876)

353 2948 231 65 Spates,
610 2948 290 66 Virginia.

425 3025 1918 71 Enchanted window [by] Virginia Spates … Dallas, Tex.,
355 3102 1003 70 The Kaleidograph press [ c 1934]
424 3174 50 40 xi
502 3186 58 37 p.,
588 3176 25 38 1
640 3177 44 46 l.,
715 3176 174 40 15-112
913 3188 43 37 p.
1019 3178 58 40 20
1077 3180 44 21 cm
1126 3210 8 9 .

429 3231 183 41 Poems.

357 3297 51 51 ©
435 3303 115 38 Nov.
576 3300 69 49 24,
673 3301 138 47 1934;
840 3303 65 40 2c.
931 3305 107 39 Jan.
1067 3306 40 46 3.,
1134 3305 140 46 1935;
1305 3305 80 40 aff.
1414 3307 107 38 Jan.
1551 3305 52 47 2;
1635 3306 40 38 A
1703 3305 169 47 77986;
1902 3307 53 38 V.
1988 3306 185 47 Spates,
422 3304 1901 100 Sherman,
576 3358 113 39 Tex.
759 3359 219 51 (35-877)

352 3458 301 66 Stockton,
683 3461 173 66 Calif.
934 3463 226 67 College
1189 3465 62 65 of
1278 3466 92 51 the
1397 3463 226 67 Pacifc.
1685 3465 355 65 Philosophy
2069 3465 140 52 club.

347 3537 1989 226 … Publications in philosophy. Volume III. Lectures delivered under the auspices of the Pacific philosophy club in Anderson hall during 1933-1934. Edited by Paul Arthur Schilpp.
353 3765 290 68 Stockton,
670 3769 193 66 Calif.,
891 3771 230 66 College
1145 3771 64 56 of
1233 3774 94 52 the
1354 3773 226 67 Pacific,
1609 3777 148 51 1934.

423 3841 82 39 153
534 3851 42 37 p.
632 3841 55 40 23½
720 3844 42 20 cm
767 3873 8 7 .

423 3905 62 40 At
510 3905 124 40 head
661 3905 51 40 of
737 3906 134 39 title:
900 3905 190 49 College
1117 3907 51 40 of
1195 3909 81 39 the
1304 3909 188 40 Pacific.

355 3969 50 52 ©
429 3974 109 39 Dec.
564 3973 70 47 24,
657 3972 139 48 1934;
820 3973 66 41 2c.
912 3975 109 39 Dec.
1046 3974 81 47 31;
1154 3976 80 40 aff.
1259 3978 110 39 Dec.
1393 3977 82 47 29;
1504 3979 42 38 A
1569 3979 168 47 78766;
1766 3980 122 39 Paul
1913 3979 185 39 Arthur
2126 3976 207 50 Schilpp,

423 4030 243 46 Stockton,
695 4029 143 41 Calif.
