2424 4375
1011 4052 134 54 1127

166 581 128 41 “The
322 580 222 41 material
577 590 101 31 was
708 581 235 48 prepared
972 581 152 40 under
1154 581 83 42 the
1267 579 222 49 auspices
1520 579 53 39 of
1602 580 82 39 the
1714 579 231 40 National
97 588 1964 90 conference

311 637 53 40 of
386 636 129 41 Jews
542 638 96 39 and
665 635 290 50 Christians,
980 637 96 40 and
1105 639 53 39 at
1183 638 82 39 the
1292 636 440 41 recommendation
1758 636 54 39 of
1838 636 82 41 the
95 637 1965 97 Committee

288 705 60 28 on
379 694 82 40 the
492 693 228 48 religious
752 694 256 40 education
1039 693 53 40 of
1121 693 149 47 youth
1302 693 54 40 of
1386 694 83 39 the
1503 691 354 42 International
1893 691 184 41 council

93 752 51 39 of
172 751 228 48 religious
429 750 258 42 education
717 752 81 39 for
825 762 85 29 use
939 752 51 39 in
1017 751 299 41 discussions
1343 752 53 40 of
1425 750 278 41 inter-faith
1736 749 344 47 relationships

95 810 48 38 in
185 809 81 39 the
306 819 105 29 new
454 808 169 41 united
664 808 151 48 youth
857 818 237 38 program,
1142 807 264 42 ‘Christian
1449 809 150 46 youth
1643 806 221 49 building
1905 818 27 30 a
1974 818 107 29 new

91 864 314 49 world'.”—p.
440 864 54 51 [2]

159 922 223 39 Includes
410 920 390 49 bibliographies.

94 974 52 53 ©
171 979 117 39 Nov.
314 978 70 48 23,
411 978 140 47 1934;
578 978 68 40 2c.
674 979 122 39 Mar.
824 978 39 47 5,
890 978 112 39 1935;
1058 978 82 40 aff.
1169 979 115 46 May
1310 977 83 46 22;
1424 978 41 38 A
1493 976 170 47 83252;
1695 976 208 40 General
1930 974 150 41 board

162 1035 52 40 of
240 1036 82 39 the
349 1035 52 39 Y.
430 1036 61 38 M.
523 1035 50 40 C.
600 1036 69 46 A.,
695 1035 120 40 New
841 1034 143 40 York.
1053 1032 281 51 (35-13949)

88 1096 282 65 Gregory,
400 1097 153 54 John
581 1097 265 65 Duncan,
878 1098 170 55 1878-

92 1169 1961 133 Dollfuss and his times [by] J. D. Gregory … with 31 illustrations
358 1248 1436 69 and 8 maps. London, Hutchinson & co., ltd. [1935]
163 1321 1913 49 xxiv p., 1 l., 27-384 p. front., illus. (incl. maps) plates, ports. 23½ cm .
161 1376 371 51 Bibliography:
569 1387 44 40 p.
651 1378 247 51 [371]-378.

93 1432 1984 53 © 1c. Aug. 2, 1935; A ad int. 20463; pubd. June 6; J. D. Gregory,
161 1493 339 49 Graubunden,
535 1494 333 41 Switzerland.
938 1494 280 49 (35-13642)

86 1554 353 66 Haberland,
468 1556 303 53 Hermann
801 1557 189 52 Franz
1019 1556 210 64 Oskar,
1258 1556 465 55 1887-ed.

158 1628 107 55 Die
319 1629 619 70 differentialdiagnose
989 1628 416 70 chirurgischer
1458 1629 453 68 erkrankungen,
89 1631 1966 130 einschliesslich

473 1709 101 53 der
616 1707 405 69 grenzgebiete,
1066 1708 107 54 mit
1218 1707 493 69 therapeutischen
1755 1707 324 68 hinweisen,

90 1783 1988 57 bearbeitet von W. Braeucker … H. F. O. Haberland … H.
92 1861 1986 69 Klose … [und] M. zur Verth … herausgegeben von H. F. O.
89 1939 347 68 Haberland,
468 1942 107 53 mit
606 1942 104 50 460
742 1938 398 72 abbildungen.
1215 1939 200 54 Berlin
1447 1940 116 52 und
1598 1937 255 71 Leipzig,
1886 1939 87 55 W.
2010 1940 69 55 de

89 2014 249 70 Gruyter
361 2017 46 51 &
431 2035 96 49 co.,
555 2019 149 51 1935.

156 2089 64 48 xi,
244 2089 116 43 1180
381 2101 43 38 p.
479 2091 126 40 illus.
659 2091 57 40 25½
748 2094 45 21 cm
796 2122 10 10 .

93 2142 1985 55 © Feb. 11, 1935; 1c. Apr. 26; A-Foreign 27798; Walter de Gruyter & co.
171 2204 278 48 (35-13633)

90 2264 221 65 Hardy,
339 2266 241 64 Jocelyn
607 2267 134 63 Lee,
771 2271 171 51 1894-

219 2342 1858 71 … Everything is thunder. Garden City, N. Y., Doubleclay,
89 2421 195 53 Doran
313 2424 46 51 &
387 2438 296 51 company,
713 2420 107 56 inc.
857 2456 14 35 [
874 2428 19 23 c
898 2425 133 51 1935
1035 2456 14 34 ]

160 2492 529 50 5 p. l., 306 p. 21 cm .
160 2551 63 39 At
246 2551 125 40 head
396 2551 53 39 of
472 2550 136 42 title:
634 2551 45 41 J.
704 2551 51 41 L.
781 2551 184 48 Hardy.

159 2604 162 43 “First
348 2606 228 43 edition.”

95 2659 52 53 ©
180 2664 115 48 July
328 2664 68 48 19,
431 2663 114 41 1935;
608 2664 68 41 2c.
710 2665 97 39 and
841 2664 82 40 aff.
957 2665 120 47 Aug.
1112 2664 85 48 24;
1233 2665 42 39 A
1310 2665 170 48 85630;
1519 2665 44 41 J.
1598 2665 49 40 L.
1686 2666 186 48 Hardy,
1908 2665 174 48 King’s

163 2720 149 47 Lynn,
336 2721 220 46 Norfolk,
581 2722 235 45 England.
885 2720 280 48 (35-13551)

93 2780 304 66 Harrison,
427 2781 270 57 Michael.

162 2856 1853 71 Spring in Tartarus; an arabesque, by Michael Harrison …
90 2935 252 68 London,
369 2936 71 55 A.
470 2936 237 68 Barker,
731 2937 124 67 ltd.,
885 2941 149 50 1935.

159 3007 97 48 351,
291 3009 55 49 [1]
378 3019 43 38 p.
480 3008 55 39 21
539 3011 44 22 cm
588 3041 9 9 .

94 3060 1983 55 © 1c. July 3, 1935; A ad int. 20372; pubd. May 13; M. Harrison, London.
170 3121 278 48 (35-13677)

92 3182 322 66 Hartwich,
445 3184 353 56 Alexander.

157 3257 341 56 Praktikum
536 3260 100 52 der
673 3258 224 55 kleinen
938 3259 578 68 sportverletzungen,
1555 3278 108 33 von
1703 3260 84 52 dr.
91 3259 1962 129 Alexander

226 3335 1850 70 Hartwich … mit 23 abbildungen. Wien, W. Maudrich,
96 3413 145 52 1935.

156 3486 786 50 3 p. l., [3]-130 p. illus. 23 cm .
159 3542 633 41 “Literaturverzeichnis”:
820 3553 41 38 p.
892 3542 248 51 [124]-130.

96 3592 1867 56 © Feb. 1, 1935; 1c. June 5; A-Foreign 28154; Wilhelm Maudrich.
172 3655 276 47 (35-13630)

91 3713 360 69 Henderson,
477 3717 154 54 John
660 3717 294 65 Clarence,
157 3719 960 141 1871-Eternity;
493 3812 81 42 or,
612 3793 176 52 From
826 3792 343 68 everlasting
1206 3799 58 48 to
1304 3794 370 68 everlasting;
1717 3814 32 33 a
1788 3813 286 51 summary

88 3866 64 52 of
178 3870 265 66 creation,
473 3871 112 52 and
612 3871 97 52 the
736 3870 221 68 history
986 3872 112 52 and
1126 3870 227 69 destiny
1379 3870 65 53 of
1471 3890 150 49 man,
1649 3873 74 68 by
1752 3874 137 53 Rev.
1920 3873 152 55 John

91 3942 62 56 C.
187 3944 351 56 Henderson.
616 3946 330 69 Stillwater,
980 3947 151 68 Okl.,
1166 3951 151 50 1935.
