2424 4375
1077 4069 134 53 1587

156 450 119 52 The
313 448 279 54 National
632 449 340 67 cyclopædia
1014 451 63 51 of
1116 450 305 54 American
1460 450 340 68 biography,
1838 452 172 67 being
2048 454 94 51 the

224 527 220 66 history
483 527 62 52 of
583 529 95 49 the
717 528 216 52 United
974 527 188 54 States
1203 547 59 34 as
1300 528 327 52 illustrated
1665 528 62 52 in
1765 530 96 50 the
1899 530 140 51 lives
2079 531 62 52 of

223 606 98 50 the
357 604 290 65 founders,
685 604 267 65 builders,
993 605 112 51 and
1143 604 301 54 defenders
1484 604 62 53 of
1583 607 98 50 the
1717 607 272 66 republic,
2030 608 112 51 and

225 682 62 51 of
315 683 98 51 the
438 699 127 35 men
595 682 113 51 and
739 700 214 34 women
982 682 125 52 who
1141 700 92 34 are
1262 680 177 69 doing
1466 683 94 53 the
1591 683 158 52 work
1780 684 112 52 and
222 685 1895 141 moulding
348 760 95 52 the
470 760 244 66 thought
743 759 62 52 of
833 761 96 50 the
954 765 226 61 present
1205 759 137 54 time;
1402 760 189 53 edited
1619 762 75 65 by
1721 760 421 69 distinguished

222 838 388 66 biographers,
641 837 236 52 selected
910 836 153 53 from
1094 839 134 50 each
1259 842 162 62 state,
1452 838 219 52 revised
1706 840 111 51 and
1850 842 291 65 approved

222 916 73 65 by
319 916 94 52 the
436 921 144 47 most
604 914 245 53 eminent
873 914 326 66 historians,
1222 916 248 53 scholars
1497 917 113 51 and
1633 920 302 49 statesmen
1960 918 62 52 of
2047 920 94 51 the

223 993 126 66 day.
425 994 223 51 volume
673 995 82 50 24.
831 993 137 51 New
997 992 177 65 York,
1201 996 55 52 J.
1284 995 63 51 T.
1374 994 194 53 White
1595 998 45 49 &
1665 1012 296 51 company,
1991 1000 150 49 1935.

219 1064 827 50 2 p. l. , 439, [4] p. ports. 28 cm .
155 1131 51 53 ©
235 1137 118 39 Nov.
384 1136 68 46 18,
483 1134 140 47 1935;
655 1134 68 41 2c.
755 1136 96 38 and
878 1134 81 40 aff.
991 1135 116 38 Nov.
1140 1135 55 40 19;
1256 1136 39 37 A
1328 1135 116 40 88296;
1533 1136 164 40 James
1729 1137 52 39 T.
1813 1137 163 40 White
2008 1139 37 39 &
2074 1149 69 30 co.

152 1257 330 62 Neumann,
514 1256 246 53 Gustav.

222 1333 209 52 Flucht
459 1333 179 51 durch
667 1332 409 64 Deutschland,
1106 1349 130 35 vom
1265 1336 208 62 system
1501 1332 254 67 verfolgt
1783 1352 109 33 von
1923 1334 221 54 Gustav

153 1413 313 50 Neumann.
542 1411 316 65 Lüneberg,
885 1408 301 55 Volkmar-
1191 1413 212 64 verlag,
1434 1413 150 51 1934.

221 1485 57 39 47
305 1495 41 36 p.
403 1484 57 39 18½
491 1485 43 21 cm
539 1515 8 7 .
615 1484 124 47 (Das
767 1483 111 39 volk
906 1482 187 40 erzählt
1121 1482 52 47 2)

154 1551 1820 53 © Apr. 17, 1934; 1c. Aug. 6; A-Foreign 25341; Volkmar-verlag.
153 1716 143 51 New
323 1716 227 61 Jersey.
624 1716 183 64 Laws,
835 1719 255 60 statutes,
1119 1720 98 45 etc.

153 1791 1988 147 New Jersey statute service. October, 1935, cumulative pamphlet. with annotations … Newark, Soney & Sage co.; St.
154 1951 163 51 Paul.
345 1951 159 51 West
530 1947 336 68 publishing
891 1965 78 35 co.
1005 1981 12 32 [
1022 1953 18 21 c
1045 1950 132 49 1935
1184 1980 12 33 ]

220 2023 55 40 37
306 2033 42 37 p.
407 2021 56 39 24
466 2024 44 21 cm
514 2053 9 8 .

157 2089 50 52 ©
239 2093 101 40 Oct.
370 2093 68 45 14,
470 2089 140 48 1935;
643 2091 67 39 2c.
741 2091 117 39 Nov.
889 2089 82 46 16;
1006 2089 81 40 aff.
1120 2088 116 40 Nov.
1268 2089 81 47 21;
1384 2090 40 38 A
1456 2087 169 49 89521;
1664 2090 155 48 Soney
1852 2090 35 40 &
1922 2091 121 47 Sage
2075 2102 68 30 co.

225 2151 95 39 and
346 2150 137 39 West
511 2150 108 46 pub.
652 2157 66 31 co.

154 2251 143 52 New
326 2252 161 51 York
519 2253 208 50 annual
757 2250 201 66 digest,
990 2252 151 63 1935,
1170 2248 267 66 covering
1467 2249 76 51 all
1573 2251 264 65 reported
1867 2250 275 53 decisions

225 2329 63 52 of
329 2330 93 52 the
465 2334 188 49 courts
695 2328 61 51 of
797 2329 138 50 New
977 2326 179 66 York,
1197 2327 139 51 with
1379 2327 150 52 table
1571 2328 63 52 of
1676 2345 149 35 cases
1868 2328 272 67 digested.

227 2405 477 69 Supplementing
755 2405 110 51 and
915 2403 336 68 continuing
1299 2405 138 52 New
1487 2405 162 52 York
1697 2407 211 50 annual
1956 2406 186 68 digest

226 2488 148 49 1934.
449 2484 306 52 Rochester
807 2483 111 51 and
967 2484 139 51 New
1156 2482 162 52 York
1366 2483 134 66 city,
1550 2484 68 52 N.
1671 2484 90 65 Y.,
1810 2483 121 54 The
224 2486 1893 142 Lawyers
405 2561 379 67 co-operative
837 2559 334 69 publishing
1221 2578 307 49 company;
1587 2560 82 55 St.
1723 2561 165 67 Paul,
1940 2563 202 67 Minn.,

222 2642 157 53 West
403 2638 334 68 publishing
761 2658 77 33 co.;
902 2644 137 60 [etc.,
1065 2642 119 62 etc.,
1209 2645 18 21 c
1233 2641 151 63 1935]

223 2713 68 47 iii,
321 2712 82 40 582
432 2723 43 36 p.
532 2711 58 39 26
590 2713 46 21 cm
639 2742 9 8 .

159 2777 51 53 ©
240 2782 100 40 Oct.
369 2782 68 46 25,
468 2779 139 48 1935;
638 2780 67 40 2c.
735 2780 117 39 Nov.
881 2779 54 39 16;
995 2778 80 41 aff.
1107 2779 118 39 Nov.
1256 2778 82 47 21;
1371 2779 42 39 A
1442 2778 169 47 89519;
1643 2780 135 39 West
1808 2781 107 46 pub.
1948 2789 68 30 co.
2048 2782 94 38 and

224 2839 226 46 Lawyers
481 2836 323 49 co-operative
833 2836 106 49 pub.
970 2846 66 29 co.

158 2940 251 63 Nogaro,
439 2940 313 64 Bertrand,
785 2942 169 50 1880-

287 3013 1852 68 … La monnaie et les phénomènes monétaires contemporains.
160 3092 177 67 Paris,
367 3091 281 54 Librairie
677 3089 258 71 générale
966 3090 67 52 de
1062 3089 154 55 droit
1246 3091 44 50 &
1319 3089 67 52 de
1415 3088 447 69 jurisprudence,
1896 3092 149 50 1935.

224 3161 986 51 2 p. l., [7]-42 p., 1 l. diagr. 22 ½ cm .
226 3219 71 41 On
347 3230 166 30 cover:
566 3218 267 41 Deuxième
881 3217 196 49 édition,
1132 3218 234 40 refondue
1416 3223 49 36 et
1515 3217 464 42 considérablement
159 3230 1966 86 augmentée.

161 3344 1982 54 © July 15, 1935; 1c. Oct. 2; A- Foreign 29382; Bertrand Nogaro and
232 3407 236 40 Librairie
495 3406 226 49 générale
745 3407 57 38 de
829 3405 129 40 droit
986 3409 48 36 et
1060 3406 60 39 de
1146 3404 383 49 jurisprudence,
1558 3403 155 41 Paris.

236 3463 275 47 (35-25409)

161 3564 161 53 Ohio.
396 3568 182 64 Laws,
605 3572 237 47 statutes
849 3608 11 23 ,
889 3571 99 46 etc.

228 3643 197 66 Page’s
470 3643 149 54 Ohio
662 3644 341 50 cumulative
1046 3642 135 51 code
1223 3640 226 66 service,
1493 3640 332 67 containing
1867 3641 94 51 the
2006 3644 135 49 laws

163 3720 194 63 passed
387 3728 57 46 at
472 3721 93 51 the
592 3723 228 64 regular
847 3721 209 51 session
1082 3720 63 50 of
1171 3720 95 51 the
1293 3716 346 69 ninety-first
1669 3719 245 54 General
164 3736 1956 125 assembly,
311 3797 151 52 from
498 3800 262 63 January
797 3796 49 65 7,
884 3800 151 61 1935,
1071 3803 58 45 to
1165 3798 138 64 May
1340 3799 84 61 23,
1465 3799 149 62 1935,
1652 3797 112 50 and
1801 3797 95 50 the
1933 3796 210 66 special

163 3873 221 65 session,
421 3874 151 52 from
611 3873 327 67 September
977 3877 80 63 18,
1096 3877 149 62 1935,
1280 3878 58 46 to
1375 3873 316 52 November
1730 3878 47 61 5,
1817 3876 150 63 1935,
2003 3874 140 51 with

163 3954 153 48 notes
347 3950 63 52 of
443 3950 274 54 decisions
750 3951 62 52 of
845 3952 94 51 the
972 3955 186 47 courts
1193 3951 112 51 and
1339 3948 263 69 opinions
1635 3950 62 52 of
1732 3951 94 51 the
1859 3951 284 67 Attorney
