2424 4375
1029 4045 134 51 1639

163 500 956 49 6 p. l., 3-340 p. front., plates. 21½cm.
162 556 287 41 Illustrated
481 556 361 47 lining-papers.

163 613 278 48 “Margaret
477 612 263 41 Stevenson
777 612 48 40 in
864 613 133 40 these
1033 623 146 38 pages
1217 612 41 41 is
1295 623 60 29 an
1393 613 267 47 attempted
1699 622 118 39 copy
1854 612 51 39 of
1944 613 138 46 Mary

92 668 464 49 Dyer.”—Author’s
585 670 125 39 note.

164 725 162 41 “First
358 724 226 41 edition.”

97 781 52 54 ©
183 786 101 40 Oct.
319 785 70 46 25,
425 783 140 47 1935;
602 784 66 40 2c.
706 786 95 37 and
837 783 79 40 aff.
956 785 111 38 Dec.
1105 784 52 46 6;
1195 784 40 38 A
1272 783 143 41 88514;
1482 783 49 41 C.
1569 785 56 38 D.
1666 784 255 47 Snedeker,
163 784 1904 105 Nantucket,
371 843 144 38 Mass.
587 840 278 48 (35-27439)

93 918 173 62 Snell,
296 920 138 50 Mrs.
465 918 209 62 Fanny
703 917 253 64 (Rouse)
995 918 342 62 Carpenter.

162 993 202 54 Moods
407 993 63 52 of
514 1012 29 32 a
588 993 279 67 Japane.se
911 993 231 67 garden,
1189 992 70 68 by
1304 992 203 68 Fanny
1553 990 312 69 Carpenter
1910 990 175 55 Snell.

95 1070 420 68 Philadelphia,
540 1070 290 53 Dorrance
854 1071 44 50 &
925 1089 96 46 co.,
1046 1070 106 51 inc.
1187 1072 192 66 [c1935]

163 1142 68 48 83,
264 1144 53 48 [1]
347 1152 41 37 p.
418 1142 107 40 incl.
551 1141 163 42 front.,
743 1142 127 39 illus.
928 1142 60 39 20½cm.

96 1199 52 52 ©
171 1204 118 46 Aug.
313 1202 71 47 26,
407 1201 116 41 1935;
572 1201 64 40 2c.
665 1201 124 48 Sept.
815 1200 55 40 20;
923 1201 82 40 aff.
1032 1201 127 48 Sept.
1184 1200 55 40 19;
1293 1201 43 39 A
1358 1200 143 41 86379;
1556 1202 251 40 Dorrance
1829 1201 36 39 &
1888 1212 82 35 co.,
1995 1201 91 40 inc.

175 1258 278 49 (35-28708)

94 1332 299 66 Spalding,
422 1334 196 52 Phebe
650 1334 237 63 Estelle,
919 1336 170 50 1859-

277 1408 1808 71 … San Diego and Santiago, by Phebe Estelle Spalding.
98 1488 364 69 [Claremont,
493 1486 194 67 Calif.,
716 1488 120 52 The
869 1486 287 56 Saunders
1185 1486 188 57 studio
1404 1505 173 50 press,
1607 1489 175 64 c1934]

166 1562 282 47 cover-title,
476 1561 82 50 [20]
587 1572 42 37 p.
684 1563 24 37 1
732 1561 127 41 illus.
913 1561 115 40 19cm.
1092 1562 208 47 (Patron
1325 1561 155 41 saints
1505 1561 52 41 of
1580 1560 287 42 California.
94 1561 1974 98 [Franciscan
286 1618 149 40 series.
509 1629 75 28 no.
611 1618 69 47 3])

164 1674 127 40 Text
314 1684 60 29 on
401 1683 149 38 pages
591 1673 40 48 [2]
661 1673 95 40 and
785 1674 53 48 [3]
869 1673 51 40 of
946 1682 153 31 cover.

97 1723 52 52 ©
183 1728 126 42 June
338 1729 68 47 12,
438 1727 113 41 1935;
612 1729 66 38 2c.
714 1730 94 38 and
840 1727 80 41 aff.
953 1728 119 47 Aug.
1108 1727 25 40 5;
1193 1728 42 37 A
1267 1726 143 42 84987;
1471 1728 49 38 P.
1557 1727 51 41 E.
1645 1726 246 49 Spalding,
166 1727 1901 108 Claremont,
340 1787 143 41 Calif.
557 1786 279 50 (35-25810)
1851 1786 147 42 10416

96 1861 323 65 Spurgeon,
448 1862 267 55 Caroline
743 1863 255 53 Frances
1028 1861 267 65 Eleanor,
1329 1866 169 49 1869-

169 1936 433 70 Shakespeare’s
645 1938 273 70 imagery,
963 1938 113 52 and
1119 1939 153 52 what
1316 1939 45 52 it
1405 1939 126 53 tells
1575 1957 81 49 us,
1699 1937 75 71 by
1820 1937 267 55 Caroline

99 2015 1988 69 F. E. Spurgeon … with charts and illustrations … New York,
97 2093 120 54 The
255 2093 334 53 Macmillan
630 2111 306 50 company;
981 2093 363 69 Cambridge,
1384 2094 167 69 Eng.,
1590 2094 120 53 The
1749 2093 338 70 University

98 2187 172 53 press,
302 2173 149 51 1935.

167 2242 1222 52 XV, [1], 408 p. front., pl., VIII fold. diagr. 22½cm.
101 2300 52 52 ©
181 2304 117 39 Nov.
324 2303 40 46 6,
394 2302 113 41 1935;
565 2302 67 40 2c.
664 2304 94 38 and
787 2302 82 40 aff.
898 2303 118 39 Nov.
1047 2304 26 38 7;
1132 2304 42 38 A
1202 2303 142 40 88152;
1406 2303 281 40 Macmillan
1717 2315 68 29 co.

177 2359 279 49 (35-28759)

99 2434 197 64 Stone,
327 2434 232 53 Arthur
587 2435 348 64 Fairbanks,
967 2437 171 50 1863-

167 2511 121 53 The
324 2510 105 53 life
467 2509 62 52 of
565 2510 199 69 Henry
807 2509 141 70 Clay
988 2509 119 67 Ide,
1146 2511 32 51 by
1255 2510 224 52 Arthur
1517 2510 65 52 F.
1626 2509 187 54 Stone.
100 2511 1967 145 [Binghamton,
384 2587 68 52 N.
490 2588 88 67 Y.]
621 2587 155 55 Priv.
812 2587 130 69 pub.
986 2585 385 70 [Vail-Ballou
1410 2605 171 50 press,
1615 2587 124 67 inc.,
1775 2590 155 48 c1935]

169 2658 1640 49 5 p. l., 3-262 p. front., plates. ports., double facsim. 20cm.
103 2715 52 51 ©
185 2719 129 38 June
342 2719 67 46 18,
442 2718 139 41 1935;
615 2718 66 39 2c.
714 2719 116 38 Nov.
863 2720 51 42 4;
949 2718 81 39 aff.
1063 2719 115 38 Nov.
1211 2719 52 44 5;
1299 2719 41 37 A
1370 2719 169 45 88112;
1575 2719 136 40 Anne
1741 2720 84 39 Ide
1857 2719 235 47 Cockran,

168 2775 117 40 New
314 2776 144 39 York.
528 2774 279 48 (35-25824)

100 2850 227 64 Stuart,
357 2850 262 54 Francis.

172 2927 220 67 Things
425 2932 57 47 to
515 2927 110 53 live
659 2927 121 66 for;
815 2931 157 49 notes
1005 2928 94 51 for
1132 2946 72 33 an
1237 2927 474 68 autobiography,
1745 2929 74 65 by
1853 2928 236 52 Francis

105 3004 213 55 Stuart.
394 3006 256 65 London,
677 3008 54 52 J.
764 3006 170 66 Cape,
962 3009 148 48 1934.

195 3080 72 37 1 V.
106 3131 1968 107 © 1c. Nov. 28, 1934; A ad int. 19647; pubd. Oct. 8; F. Stuart, Glendalough,
359 3191 189 46 County
573 3190 244 46 Wicklow,
845 3191 208 39 Ireland.

103 3266 232 63 Sutton,
364 3268 139 51 Mrs.
531 3267 259 52 Roberta
821 3267 277 63 (Briggs)

173 3339 216 70 Speech
425 3340 199 68 index;
665 3360 72 34 an
777 3342 169 52 index
981 3347 58 47 to
1078 3344 67 49 64
1182 3340 322 54 collections
1543 3339 65 54 of
1644 3340 181 53 world
1866 3338 225 54 famous

103 3418 249 53 orations
406 3419 109 51 and
573 3419 258 67 speeches
888 3417 93 54 for
1037 3419 228 52 various
1323 3417 298 68 occasions,
1679 3417 279 68 compiled
2015 3416 74 70 by

103 3493 1961 147 Roberta Briggs Sutton … New York, The H. W. Wilson company. 1935.
172 3644 86 39 272
287 3655 43 38 p.
389 3645 57 39 26cm.

179 3700 128 41 “The
334 3701 221 40 material
587 3702 40 37 is
658 3703 237 46 arranged
924 3702 50 40 in
1001 3701 274 46 dictionary
1300 3701 127 40 form
1454 3700 120 40 with
1603 3701 180 40 entries
1815 3701 59 46 by
1904 3700 189 47 author,

108 3756 202 47 subject,
338 3758 94 38 and
459 3759 112 45 type
598 3758 52 37 of
676 3759 184 46 speech,
885 3760 95 38 and
1008 3757 438 48 cross-references,
1476 3757 67 40 all
1571 3757 48 39 in
1648 3768 87 30 one
1764 3756 331 49 alphabet.”—

112 3810 122 41 Pref.

178 3866 133 42 “List
333 3868 52 39 of
409 3867 147 41 books
580 3869 232 40 indexed”
831 3879 9 29 :
866 3879 42 38 p.
937 3868 158 51 [9]-10.

111 3921 52 52 ©
190 3926 100 40 Oct.
319 3926 68 47 28,
416 3926 112 40 1935;
585 3927 66 39 2c.
681 3927 115 39 Nov.
824 3928 27 37 4;
907 3927 79 39 aff.
1018 3928 116 38 Nov.
1165 3929 24 37 1;
1247 3928 42 37 A
1316 3926 141 41 89164;
1516 3928 60 40 H.
1604 3929 71 39 W.
1704 3928 186 39 Wilson
1919 3939 66 29 co.

189 3982 278 48 (35-27443)
