2424 4375
1016 4106 132 54 1427

106 489 314 62 Campbell,
450 489 304 63 Reginald.

173 566 89 52 No
290 566 565 53 trains—man-eater
884 565 242 53 abroad!

181 653 82 49 (In
292 649 260 44 Pearson’s
585 649 274 52 magazine,
893 649 151 52 Sept.,
1078 649 143 50 1935)

105 720 1988 53 © 1c. Oct. 28, 1935; A ad int. 20725; pubd. Aug. 31; R. Campbell,
173 781 302 46 Folkestone,
501 780 142 47 Kent,
672 780 234 47 England.

105 883 261 64 Carlson,
395 883 235 54 Samuel
658 883 331 65 Augustus,
1020 888 170 50 1868-

175 961 121 52 The
332 977 135 51 saga
505 960 64 52 of
604 980 30 33 a
672 960 132 68 city,
843 962 110 51 and
992 978 32 35 a
1060 979 122 34 new
1218 965 235 62 concept
1489 958 64 55 of
1589 965 387 62 government,
2013 960 75 67 by

101 1038 1966 130 Hon. Samuel A. Carlson; Arthur Wellington Anderson … collaborator
430 1118 111 51 and
581 1117 206 52 author
825 1116 63 53 of
927 1117 234 66 chapter
1198 1134 117 34 one.
1398 1116 345 66 [Cleveland,
1785 1115 85 66 O.,
1913 1117 66 50 E.
2022 1116 68 54 G.

101 1194 331 54 Lindstrom
460 1193 257 69 linotype
744 1214 97 47 co.,
892 1198 132 49 c1935]

172 1274 28 40 3
228 1285 43 37 p.
334 1305 10 16 l.,
374 1274 85 40 117
488 1284 43 37 p.
591 1274 123 47 port.
773 1273 55 40 23½
861 1275 43 21 cm
910 1305 8 9 .

102 1342 53 53 ©
180 1346 127 47 Sept.
332 1345 70 48 20,
429 1344 117 41 1935
560 1356 8 35 ;
595 1344 67 41 2c.
690 1345 100 40 Oct.
818 1344 54 41 10
889 1355 8 37 ;
927 1344 82 40 aff.
1037 1345 101 40 Oct.
1164 1345 26 40 8
1207 1354 10 36 ;
1245 1344 41 39 A
1310 1344 143 40 86664
1471 1354 10 37 ;
1513 1344 41 40 S.
1583 1344 55 39 A.
1665 1343 217 47 Carlson,
171 1344 1905 107 Jamestown,
341 1403 56 39 N.
426 1403 53 39 Y.
549 1401 280 50 (35-19361)

103 1505 383 66 Carmichael,
516 1507 78 53 M.
624 1507 57 55 S.

171 1578 1860 71 The new bankruptcy handbook, by M. S. Carmichael …
101 1655 1991 71 Walter J. Knabe … [ and] J. C. Fleming … Montgomery,
99 1735 148 69 Ala.,
276 1735 597 68 Kreider-Thompson
903 1735 45 51 &
975 1751 277 52 company
1285 1736 173 66 [c1935]

169 1811 740 51 viii, 439 p. 23½ cm . $5.00
172 1883 71 42 On
273 1893 140 31 cover
430 1894 10 30 :
470 1883 39 41 A
540 1884 168 40 debtor
735 1885 95 39 and
861 1884 210 40 creditor
1099 1883 311 49 publication.

100 1954 53 53 ©
182 1959 101 40 Oct.
311 1957 68 48 10,
409 1958 112 40 1935
539 1968 10 37 ;
579 1958 67 40 2c.
673 1957 96 41 and
799 1956 80 42 aff.
910 1957 102 40 Oct.
1041 1956 54 40 12
1112 1967 11 37 ;
1154 1957 41 39 A
1224 1956 143 41 86724
1384 1967 10 36 ;
1426 1957 503 47 Kreider-Thompson
1959 1957 36 40 &
2024 1968 67 30 co.

178 2013 280 51 (35-19521)

103 2117 237 66 Carver,
366 2117 254 56 William
648 2118 197 65 Owen,
872 2122 170 51 1868-

170 2190 1858 73 The furtherance of the gospel, by William Owen Carver …
101 2273 313 68 Nashville,
453 2273 195 67 Tenn.,
685 2272 122 53 The
847 2271 237 69 Sunday
1122 2272 190 54 school
1350 2272 179 53 board
1568 2272 63 54 of
1668 2274 97 52 the
1805 2272 285 56 Southern

101 2350 823 70 Baptist convention [ c 1935]
170 2431 85 40 146
286 2441 44 38 p.
391 2428 56 40 19
449 2431 44 21 cm
497 2460 8 9 .

172 2499 167 42 “Some
367 2500 147 40 books
543 2499 79 41 for
650 2498 196 42 further
874 2499 174 49 study”
1066 2509 10 31 :
1107 2510 44 38 p.
1182 2499 214 41 145-146.

100 2568 53 53 ©
190 2572 128 49 Sept.
353 2571 39 48 6,
429 2570 116 42 1935
561 2582 8 36 ;
607 2571 67 39 2c.
714 2571 127 47 Sept.
876 2570 82 47 20;
998 2569 80 41 aff.
1120 2570 125 48 Sept.
1283 2569 82 48 18;
1405 2571 42 39 A
1480 2571 169 47 87162;
1693 2572 196 48 Sunday
1928 2574 161 39 school

165 2629 150 40 board
350 2629 53 40 of
437 2629 82 39 the
557 2628 241 40 Southern
834 2627 196 48 Baptist
1066 2626 301 41 convention.
1438 2627 279 51 (35-19551)

102 2732 432 63 Caulaincourt,
573 2731 264 52 Armand
878 2729 302 64 Augustin
1218 2729 197 65 Louis,
1454 2732 252 66 marquis
1745 2733 88 63 de,
1872 2734 111 51 duc
2019 2733 69 52 de

173 2807 252 66 Vicence,
453 2806 323 55 1773-1827.

167 2886 164 55 With
362 2888 295 65 Napoleon
689 2885 61 52 in
781 2886 232 66 Russia;
1047 2886 97 52 the
1173 2885 263 54 memoirs
1469 2886 63 52 of
1563 2886 244 55 General
1840 2887 68 53 de
100 2888 1961 142 Caulaincourt,
447 2963 148 54 duke
640 2963 64 52 of
749 2962 275 67 Vicenza;
1076 2962 152 55 from
1278 2964 96 52 the
1421 2965 246 66 original
1716 2965 262 53 memoirs
2029 2984 58 34 as

100 3041 189 54 edited
345 3042 75 66 by
475 3042 146 54 Jean
676 3041 321 52 Hanoteau.
1071 3040 318 68 Abridged,
1430 3042 207 66 edited,
1677 3044 111 51 and
1834 3042 140 54 with
2015 3062 70 34 an

99 3119 390 54 introduction
519 3119 75 66 by
626 3118 222 68 George
874 3118 244 53 Libaire.
1188 3120 139 52 New
1359 3120 178 67 York,
1567 3122 89 53 W.
1690 3121 248 52 Morrow
1974 3123 109 52 and

99 3215 277 49 company
410 3199 192 64 [c1935]

166 3272 132 47 xxiv,
327 3270 86 40 422
443 3281 45 38 p.
545 3269 164 50 front.,
743 3271 76 48 pi.,
851 3273 161 46 ports.,
1044 3271 117 41 fold,
1194 3282 126 38 map,
1351 3272 188 41 facsim.
1600 3273 55 39 24½
1687 3274 45 22 cm
1737 3302 10 11 .

169 3341 161 41 “First
356 3339 258 50 printing.”

99 3410 53 53 ©
182 3415 100 40 Oct.
315 3414 69 47 10,
414 3414 114 40 1935
546 3425 8 35 ;
586 3414 67 40 2c.
686 3415 96 39 and
813 3413 80 41 aff.
926 3415 101 40 Oct.
1056 3415 58 39 12
1129 3426 9 35 ;
1173 3415 41 39 A
1244 3414 144 42 86747
1405 3426 8 36 ;
1448 3415 216 40 William
1696 3417 209 40 Morrow
1938 3418 35 39 &
2004 3429 81 37 co.,

170 3469 90 42 inc.
333 3470 278 48 (35-19404)

101 3572 341 65 Champion,
471 3574 141 63 May
637 3573 234 65 Kelsey,
901 3579 323 51 1869-1911.

173 3647 144 56 Clad
366 3649 60 52 in
475 3650 231 54 doublet
754 3653 110 51 and
913 3652 149 63 hose,
1110 3653 111 51 and
1270 3652 161 52 other
1478 3650 198 55 stories
1727 3652 64 53 of
1837 3654 242 53 colonial

98 3727 181 66 times,
313 3728 74 65 by
422 3728 138 66 May
598 3729 209 66 Kelsey
846 3728 335 69 Champion.
1254 3730 139 53 New
1431 3730 257 67 London,
1729 3731 196 66 Conn.,
1963 3732 121 53 The

99 3805 289 65 Bingham
415 3823 174 47 press,
623 3809 150 49 1935.

171 3874 27 40 5
222 3885 45 39 p.
327 3906 9 17 l.,
364 3874 143 42 3-181
534 3886 42 37 p.
635 3875 148 41 front.
811 3876 172 49 (port.)
1050 3876 56 41 20
1109 3880 44 21 cm
1157 3909 10 10 .

97 3940 55 53 ©
181 3946 100 40 Oct.
311 3945 68 46 10,
410 3946 113 40 1935
541 3957 8 35 ;
582 3946 66 40 2c.
680 3947 100 40 Oct.
812 3948 55 38 14
883 3958 8 36 ;
926 3946 82 41 aff.
1037 3948 100 40 Oct.
1169 3948 55 39 12
1242 3959 10 35 ;
1285 3949 41 38 A
1357 3949 145 40 86750
1516 3959 9 37 ;
1558 3949 232 42 Florence
1821 3951 59 38 M.
164 3951 1902 99 Champion,
316 4002 116 40 New
459 4003 210 48 London,
697 4003 146 40 Conn.
913 4003 278 49 (35-19417)
