2424 4375
1022 4087 133 49 1251

155 536 1148 98 At head of title: L’aviation de l’amateur … “Troisième édition transformée.”
160 652 135 40 First
320 651 266 48 published,
616 651 154 47 Paris,
802 649 126 48 1930,
958 651 152 39 under
1140 650 107 39 title:
1308 649 250 40 Comment
1584 648 87 47 j’ai
1701 645 241 43 construit
1970 657 109 30 mon

90 710 287 39 avionnette.

97 773 1982 110 © Nov. 1, 1934; 1c. Feb. 1, 1935; A- Foreign 26784; Henri Mignet, Bois-Colombes (Seine) France. (35-16156)
96 938 282 64 Morland,
406 936 191 65 Nigel.

153 1012 121 53 The
292 1030 169 34 moon
482 1013 277 66 murders,
781 1011 75 56 by
879 1012 170 68 Nigel
1074 1012 285 54 Morland.
1420 1010 238 53 London
1691 1015 138 63 [etc.]
1862 1009 209 56 Cassell

85 1090 110 52 and
224 1107 295 50 company,
545 1089 102 53 ltd.
705 1092 151 64 [1935]

163 1161 97 49 287,
293 1162 55 50 [1]
376 1172 44 38 p.
480 1162 54 40 19½
567 1164 45 22 cm
615 1194 9 9 .

99 1218 1979 52 © 1c. Sept. 7, 1935; A ad int. 20553; pubd. July 11; N. Morland, London.
173 1277 278 48 (35-16206)

97 1382 234 63 Nelson,
359 1382 65 56 O.
454 1384 78 53 M.

162 1456 1920 70 On the wane, democracy or communism … Montesano,
91 1534 1468 71 Wash., Montesano publishing company [ c 1934]
165 1610 86 39 192
288 1621 42 36 p.
389 1610 57 38 22½
477 1611 46 22 cm
526 1641 9 8 .

166 1666 71 41 On
263 1675 141 31 cover:
457 1666 76 39 An
557 1664 288 42 indictment
869 1665 50 40 of
944 1665 189 48 private
1162 1664 225 48 banking.

101 1720 51 52 ©
183 1725 109 38 Dec.
323 1722 68 45 22,
422 1723 114 39 1934;
595 1723 65 39 2c.
696 1723 110 39 Feb.
841 1723 66 47 18,
940 1722 113 40 19-35;
1115 1723 81 39 aff.
1231 1723 110 39 Dec.
1374 1723 69 47 27,
1478 1721 115 41 1934;
1655 1723 41 38 A
1727 1721 141 42 79702;
1933 1723 51 40 O.
2020 1724 61 39 M.

160 1781 190 45 Nelson,
382 1781 297 46 Montesano,
710 1781 162 38 Wash.
943 1779 279 49 (35-15876)

102 1882 338 65 Newberry,
464 1884 204 64 Perry,
697 1886 168 52 1870-

167 1957 1918 70 The house-boat mystery, by Perry Newberry … with eight
101 2035 424 68 reproductions
552 2035 150 52 from
727 2035 115 56 line
869 2033 286 70 drawings
1179 2037 74 67 by
1280 2035 161 53 Robb
1468 2035 195 54 Beebe.
1739 2034 135 54 New
1906 2034 179 70 York,

100 2112 301 55 Frederick
432 2113 70 53 A.
537 2111 199 56 Stokes
765 2130 292 51 company,
1093 2115 150 52 1935.

167 2183 1091 50 5 p. l. , 240 p. incl. plates, front. 19½ cm .
103 2240 51 52 ©
190 2244 125 48 Sept.
354 2245 69 46 12,
461 2244 112 40 1935;
639 2244 67 40 2c.
748 2245 125 47 Sept.
909 2244 81 47 16;
1033 2243 79 40 aff.
1156 2244 126 48 Sept.
1320 2245 81 45 14;
1441 2245 41 38 A
1520 2244 169 47 86314;
1730 2244 261 40 Frederick
2028 2245 55 39 A.

170 2302 169 39 Stokes
367 2312 65 29 co.
503 2301 279 48 (35-15741)

103 2403 1980 68 Ohio jurisprudence … a complete statement of the law and
169 2484 248 64 practice
446 2482 62 52 of
539 2483 95 52 the
666 2488 144 47 state
844 2482 62 53 of
940 2483 168 65 Ohio,
1140 2483 139 52 with
1314 2482 196 54 forms.
1580 2483 207 52 Editor
1820 2483 61 51 in
1913 2482 171 66 chief,

168 2559 190 54 Willis
383 2562 69 51 A.
479 2561 228 51 Estrich;
764 2560 321 72 consulting
1110 2561 201 66 editor,
1337 2561 260 53 William
1620 2562 79 52 M.
1724 2562 328 66 McKinney;

170 2638 309 67 managing
509 2639 201 66 editor,
742 2639 218 66 George
997 2639 54 55 S.
1088 2638 223 55 Gulick.
1378 2639 243 53 Volume
1651 2642 83 50 41.
1768 2641 224 53 Waters
2025 2644 58 48 to

169 2716 183 52 Wills.
416 2717 322 63 Rochestèr,
766 2717 68 50 N.
865 2718 88 62 Y.,
981 2716 119 52 The
1127 2718 266 64 Lawyers
1421 2720 381 62 co-operative
170 2717 1889 142 publishing
293 2809 295 50 company,
615 2796 149 49 1935.

169 2864 861 49 ix, 1081 p. front. (port.) 25 cm .
107 2917 51 52 ©
197 2922 125 47 Sept.
360 2922 69 46 26,
469 2921 139 48 1935;
649 2922 67 40 2c.
758 2922 125 47 Sept.
921 2922 83 46 30;
1046 2921 79 40 aff.
1170 2922 126 48 Sept.
1335 2922 82 46 28;
1456 2923 40 38 A
1536 2922 168 47 86547;

1746 2923 228 46 Lawyers
172 2934 1895 92 cooperative
443 2979 108 47 pub.
580 2989 66 28 co.

109 3078 198 66 Orton,
335 3082 137 51 Mrs.
501 3080 184 53 Helen
717 3080 253 65 (Fuller)
1010 3085 168 51 1872-

105 3155 1954 146 Danny’s country store, by Helen Fuller Orton … with engravings from
604 3232 286 69 drawings
932 3234 73 68 by
1043 3233 187 55 Mabel
1274 3234 174 68 Betsy
1489 3234 143 53 Hill.
1726 3233 135 54 New
1910 3234 175 68 York,

106 3307 300 56 Frederick
429 3311 73 53 A.
530 3309 200 56 Stokes
757 3328 293 51 company,
1079 3314 149 51 1935.

172 3380 1044 49 4 p. l. , 108 p. col. front., illus. 19½ cm .
109 3434 51 52 ©
198 3440 124 47 Sept.
359 3440 68 48 12,
465 3440 113 41 1935;
643 3441 65 40 2c.
751 3441 125 47 Sept.
916 3441 80 47 16;
1036 3441 81 40 aff.
1156 3442 126 47 Sept.
1322 3443 81 46 14;
1444 3443 40 38 A
1522 3442 168 48 86317;
1732 3444 59 39 H.
1831 3444 50 38 F.
1921 3443 165 47 Orton,

171 3496 208 40 Jackson
412 3498 219 47 Heights,
666 3498 49 39 L.
751 3499 51 47 I.,
837 3499 55 38 N.
925 3499 53 38 Y.
1049 3498 278 48 (35-15740)

106 3596 243 66 Osgood,
379 3601 204 51 Edwin
614 3602 258 63 Eugene,
903 3607 170 49 1899-

110 3673 1945 151 A textbook of laboratory diagnosis; with clinical applications for practitioners and students, by Edwin E. Osgood …
109 3824 68 51 2d
211 3828 81 50 ed.
358 3828 161 52 With
548 3834 404 63 twenty-seven
983 3830 207 68 figures
1220 3830 60 52 in
1311 3831 97 51 the
1438 3836 120 47 text
1590 3833 111 51 and
1732 3836 94 48 ten
1858 3831 223 54 colored

108 3900 190 65 plates.
373 3905 423 68 Philadelphia,
831 3907 63 51 P.
933 3907 346 52 Blakiston’s
1314 3924 100 35 son
1451 3910 45 50 &
1531 3926 98 50 co.,
1666 3907 108 54 inc.
1858 3910 152 64 [c1935]

170 3983 77 38 xx,
275 3975 82 41 585
380 3987 44 36 p.
483 3978 85 39 col.
595 3978 161 48 front.,
785 3979 141 48 illus.,
952 3979 160 47 plates
1147 3980 136 47 (part
1307 3980 110 48 col.)
1456 3979 178 49 diagrs.
1693 3982 54 40 23½c
1798 3983 27 21 m
1829 4013 9 9 .
