<alto xmlns="http://www.loc.gov/standards/alto/ns-v3#" xmlns:xlink="http://www.w3.org/1999/xlink" xmlns:xsi="http://www.w3.org/2001/XMLSchema-instance" xsi:schemaLocation="http://www.loc.gov/standards/alto/ns-v3# http://www.loc.gov/alto/v3/alto-3-0.xsd"><Description>
<MeasurementUnit>pixel</MeasurementUnit>
<sourceImageInformation>
<fileName>1935_v32_Part1.pdf</fileName>
</sourceImageInformation>
<OCRProcessing ID="IdOcr">
<ocrProcessingStep>
<processingDateTime>2019-01-15</processingDateTime>
<processingSoftware>
<softwareCreator>ABBYY</softwareCreator>
<softwareName>ABBYY Recognition Server</softwareName>
<softwareVersion>4.0</softwareVersion>
</processingSoftware>
</ocrProcessingStep>
</OCRProcessing>
</Description>
<Styles>
<ParagraphStyle ID="StyleId-FFFFFFFF-FFFF-FFFF-FFFF-FFFFFFFFFFFF-" ALIGN="Left" LEFT="0." RIGHT="0." FIRSTLINE="0."/>
<ParagraphStyle ID="StyleId-09A13A44-4F77-4ABE-84F3-84CC8B3C72CE-" ALIGN="Left" LEFT="0." RIGHT="0." FIRSTLINE="0." LINESPACE="7.699999809"/>
<ParagraphStyle ID="StyleId-1F945060-F8CD-4435-B69A-5FF49DB0C586-" ALIGN="Left" LEFT="0." RIGHT="0." FIRSTLINE="-10." LINESPACE="12.19999981"/>
<ParagraphStyle ID="StyleId-C6CAE747-F5A4-4D0D-8D74-D452DA7E2C1C-" ALIGN="Block" LEFT="0." RIGHT="0." FIRSTLINE="-14." LINESPACE="8.350000381"/>
<ParagraphStyle ID="StyleId-FC0F3374-189A-459E-BE29-2DC14180F022-" ALIGN="Left" LEFT="0." RIGHT="0." FIRSTLINE="0."/>
<ParagraphStyle ID="StyleId-49397C49-A894-4B3E-BA5E-1126226BA375-" ALIGN="Left" LEFT="0." RIGHT="0." FIRSTLINE="-12." LINESPACE="11.09000015"/>
<ParagraphStyle ID="StyleId-9E34DD3A-E661-48BD-A3A1-6A3D48346F00-" ALIGN="Block" LEFT="0." RIGHT="0." FIRSTLINE="-14." LINESPACE="11.09000015"/>
<ParagraphStyle ID="StyleId-56CE54AA-A08B-4BAA-8605-F26020A0E36E-" ALIGN="Left" LEFT="0." RIGHT="0." FIRSTLINE="0." LINESPACE="9.399999619"/>
<ParagraphStyle ID="StyleId-77814FFC-C42F-4AA9-9880-EF33B947DEC8-" ALIGN="Left" LEFT="0." RIGHT="0." FIRSTLINE="-11." LINESPACE="11.06999969"/>
<ParagraphStyle ID="StyleId-FDE92EC0-67DC-4C7B-8A24-094B12C38B6C-" ALIGN="Center" LEFT="0." RIGHT="0." FIRSTLINE="0." LINESPACE="11.30000019"/>
<ParagraphStyle ID="StyleId-65180E3B-4C93-4FB8-81EE-E026DD63DBF3-" ALIGN="Left" LEFT="0." RIGHT="0." FIRSTLINE="0." LINESPACE="11.10000038"/>
<ParagraphStyle ID="StyleId-10E885C2-5813-4620-B0AA-0FBA30CF7A32-" ALIGN="Left" LEFT="0." RIGHT="0." FIRSTLINE="0." LINESPACE="9.5"/>
<ParagraphStyle ID="StyleId-913C2DB5-9F02-4067-BAF7-0AED37B60BBE-" ALIGN="Left" LEFT="0." RIGHT="0." FIRSTLINE="0." LINESPACE="6.099999905"/>
<ParagraphStyle ID="StyleId-9C79A9D2-8F08-4A8F-985D-B00E253ED1E5-" ALIGN="Left" LEFT="0." RIGHT="0." FIRSTLINE="0." LINESPACE="4.400000095"/>
<ParagraphStyle ID="StyleId-A41F0407-FEFE-4738-9EC5-E05AFFF62781-" ALIGN="Left" LEFT="0." RIGHT="0." FIRSTLINE="0." LINESPACE="7.300000191"/>
<ParagraphStyle ID="StyleId-61D37176-94E8-408D-9B87-01C406CE8AB2-" ALIGN="Left" LEFT="0." RIGHT="0." FIRSTLINE="0." LINESPACE="8.050000191"/>
</Styles>
<Layout>
<Page ID="Page1894" PHYSICAL_IMG_NR="1894" HEIGHT="4375" WIDTH="2424">
<TopMargin HEIGHT="368" WIDTH="2424" VPOS="0" HPOS="0">
</TopMargin>
<LeftMargin HEIGHT="3780" WIDTH="300" VPOS="368" HPOS="0">
</LeftMargin>
<RightMargin HEIGHT="3780" WIDTH="100" VPOS="368" HPOS="2324">
</RightMargin>
<BottomMargin HEIGHT="227" WIDTH="2424" VPOS="4148" HPOS="0">
</BottomMargin>
<PrintSpace HEIGHT="3780" WIDTH="2024" VPOS="368" HPOS="300">
<TextBlock ID="Page1894_Block1" HEIGHT="72" WIDTH="253" VPOS="4076" HPOS="1185" LANG="en-US" STYLEREFS="StyleId-3C620C95-E712-442B-98B2-B479010490CA-">
<TextLine HEIGHT="47" WIDTH="135" VPOS="4076" HPOS="1239">
<String CONTENT="1894" HEIGHT="47" WIDTH="135" VPOS="4076" HPOS="1239"/>
</TextLine>
</TextBlock>
<TextBlock ID="Page1894_Block2" HEIGHT="3665" WIDTH="2024" VPOS="368" HPOS="300" LANG="en-US" CS="1" STYLEREFS="StyleId-338273F2-DD3B-46C3-A0D2-479D90AA0FC7-">
<TextLine HEIGHT="50" WIDTH="460" VPOS="496" HPOS="379">
<String LANG="en-US" CONTENT="Various" HEIGHT="41" WIDTH="210" VPOS="497" HPOS="379"/>
<SP HEIGHT="38" WIDTH="31" VPOS="508" HPOS="590"/>
<String LANG="fr" CONTENT="pagings." HEIGHT="50" WIDTH="217" VPOS="496" HPOS="622"/>
</TextLine>
<TextLine HEIGHT="42" WIDTH="286" VPOS="553" HPOS="381">
<String CONTENT="Loose-leaf." HEIGHT="42" WIDTH="286" VPOS="553" HPOS="381"/>
</TextLine>
<TextLine HEIGHT="53" WIDTH="2001" VPOS="607" HPOS="313" CS="1">
<String LANG="fr" CONTENT="&#169;" HEIGHT="53" WIDTH="52" VPOS="607" HPOS="313"/>
<SP HEIGHT="53" WIDTH="24" VPOS="607" HPOS="366"/>
<String LANG="en-US" CONTENT="July" HEIGHT="47" WIDTH="118" VPOS="612" HPOS="391"/>
<SP HEIGHT="47" WIDTH="20" VPOS="612" HPOS="510"/>
<String LANG="en-US" CS="1" CONTENT="15," HEIGHT="48" WIDTH="38" VPOS="611" HPOS="561"/>
<SP HEIGHT="47" WIDTH="25" VPOS="612" HPOS="600"/>
<String LANG="en-US" CS="1" CONTENT="1935;" HEIGHT="41" WIDTH="114" VPOS="610" HPOS="626"/>
<SP/>
<String LANG="en-US" CS="1" CONTENT="1c."/>
<SP/>
<String LANG="en-US" CONTENT="Oct." HEIGHT="41" WIDTH="103" VPOS="609" HPOS="887"/>
<SP HEIGHT="39" WIDTH="22" VPOS="610" HPOS="991"/>
<String LANG="en-US" CONTENT="2;" HEIGHT="46" WIDTH="53" VPOS="610" HPOS="1014"/>
<SP/>
<!-- cceid 96F3B203-6D82-1014-B070-FDFD250A9EDA --><String LANG="en-US" CONTENT="A-Foreign" HEIGHT="48" WIDTH="315" VPOS="608" HPOS="1097"/>
<SP HEIGHT="39" WIDTH="18" VPOS="608" HPOS="1413"/>
<String LANG="en-US" CS="1" CONTENT="29368;" HEIGHT="40" WIDTH="145" VPOS="608" HPOS="1432"/>
<SP HEIGHT="48" WIDTH="28" VPOS="608" HPOS="1604"/>
<String LANG="fr" CONTENT="Comit&#233;" HEIGHT="41" WIDTH="189" VPOS="608" HPOS="1633"/>
<SP HEIGHT="41" WIDTH="21" VPOS="608" HPOS="1823"/>
<String LANG="fr" CONTENT="de" HEIGHT="39" WIDTH="58" VPOS="610" HPOS="1845"/>
<SP HEIGHT="38" WIDTH="22" VPOS="610" HPOS="1904"/>
<String LANG="fr" CONTENT="l&#8217;Encyclop&#233;die" HEIGHT="49" WIDTH="387" VPOS="608" HPOS="1927"/>
</TextLine>
<TextLine HEIGHT="48" WIDTH="262" VPOS="668" HPOS="380" LANG="fr">
<String CONTENT="fran&#231;aise." HEIGHT="48" WIDTH="262" VPOS="668" HPOS="380"/>
</TextLine>
<TextLine HEIGHT="66" WIDTH="706" VPOS="770" HPOS="312" STYLEREFS="StyleId-9E242202-FE9B-4E6E-8C96-11FB7219E9BB-">
<String LANG="en-US" CONTENT="Ervin," HEIGHT="66" WIDTH="203" VPOS="770" HPOS="312"/>
<SP HEIGHT="64" WIDTH="25" VPOS="772" HPOS="516"/>
<String LANG="fr" CONTENT="Spencer," HEIGHT="63" WIDTH="274" VPOS="772" HPOS="542"/>
<SP HEIGHT="60" WIDTH="29" VPOS="775" HPOS="817"/>
<String LANG="en-US" CONTENT="1886-" HEIGHT="51" WIDTH="171" VPOS="773" HPOS="847"/>
</TextLine>
<TextLine HEIGHT="69" WIDTH="1931" VPOS="848" HPOS="382" STYLEREFS="StyleId-3C620C95-E712-442B-98B2-B479010490CA-">
<String CONTENT="Henry" HEIGHT="68" WIDTH="204" VPOS="849" HPOS="382"/>
<SP HEIGHT="67" WIDTH="33" VPOS="850" HPOS="587"/>
<String LANG="fr" CONTENT="Ford" HEIGHT="54" WIDTH="158" VPOS="850" HPOS="621"/>
<SP HEIGHT="54" WIDTH="31" VPOS="850" HPOS="780"/>
<String CONTENT="vs." HEIGHT="36" WIDTH="79" VPOS="867" HPOS="812"/>
<SP HEIGHT="53" WIDTH="34" VPOS="850" HPOS="892"/>
<String CONTENT="Truman" HEIGHT="53" WIDTH="256" VPOS="850" HPOS="927"/>
<SP HEIGHT="54" WIDTH="34" VPOS="849" HPOS="1184"/>
<String CONTENT="H." HEIGHT="53" WIDTH="76" VPOS="849" HPOS="1219"/>
<SP HEIGHT="52" WIDTH="35" VPOS="850" HPOS="1296"/>
<String CONTENT="Newberry;" HEIGHT="69" WIDTH="339" VPOS="848" HPOS="1332"/>
<SP HEIGHT="60" WIDTH="36" VPOS="856" HPOS="1672"/>
<String CONTENT="the" HEIGHT="51" WIDTH="93" VPOS="850" HPOS="1709"/>
<SP HEIGHT="53" WIDTH="38" VPOS="848" HPOS="1803"/>
<String CONTENT="famous" HEIGHT="54" WIDTH="224" VPOS="848" HPOS="1842"/>
<SP HEIGHT="56" WIDTH="39" VPOS="848" HPOS="2067"/>
<String CONTENT="Senate" HEIGHT="56" WIDTH="206" VPOS="848" HPOS="2107"/>
</TextLine>
<TextLine HEIGHT="70" WIDTH="1998" VPOS="925" HPOS="314" STYLEREFS="StyleId-3C620C95-E712-442B-98B2-B479010490CA-">
<String CONTENT="election" HEIGHT="54" WIDTH="237" VPOS="928" HPOS="314"/>
<SP HEIGHT="34" WIDTH="30" VPOS="946" HPOS="552"/>
<String CONTENT="contest;" HEIGHT="63" WIDTH="243" VPOS="932" HPOS="583"/>
<SP HEIGHT="49" WIDTH="36" VPOS="946" HPOS="827"/>
<String CONTENT="a" HEIGHT="34" WIDTH="31" VPOS="946" HPOS="864"/>
<SP HEIGHT="34" WIDTH="32" VPOS="946" HPOS="896"/>
<String CONTENT="study" HEIGHT="68" WIDTH="173" VPOS="927" HPOS="929"/>
<SP HEIGHT="70" WIDTH="29" VPOS="925" HPOS="1103"/>
<String CONTENT="in" HEIGHT="55" WIDTH="60" VPOS="925" HPOS="1133"/>
<SP HEIGHT="52" WIDTH="29" VPOS="928" HPOS="1194"/>
<String CONTENT="American" HEIGHT="54" WIDTH="308" VPOS="926" HPOS="1224"/>
<SP HEIGHT="50" WIDTH="30" VPOS="945" HPOS="1533"/>
<String CONTENT="politics," HEIGHT="70" WIDTH="246" VPOS="925" HPOS="1564"/>
<SP HEIGHT="67" WIDTH="29" VPOS="927" HPOS="1811"/>
<String CONTENT="legislation" HEIGHT="69" WIDTH="324" VPOS="926" HPOS="1841"/>
<SP HEIGHT="35" WIDTH="31" VPOS="945" HPOS="2166"/>
<String CONTENT="and" HEIGHT="53" WIDTH="114" VPOS="929" HPOS="2198"/>
</TextLine>
<TextLine HEIGHT="71" WIDTH="1999" VPOS="1004" HPOS="313" STYLEREFS="StyleId-3C620C95-E712-442B-98B2-B479010490CA-">
<String CONTENT="justice," HEIGHT="70" WIDTH="220" VPOS="1005" HPOS="313"/>
<SP HEIGHT="70" WIDTH="35" VPOS="1005" HPOS="534"/>
<String CONTENT="by" HEIGHT="69" WIDTH="75" VPOS="1005" HPOS="570"/>
<SP HEIGHT="69" WIDTH="38" VPOS="1005" HPOS="646"/>
<String CONTENT="Spencer" HEIGHT="68" WIDTH="248" VPOS="1005" HPOS="685"/>
<SP HEIGHT="52" WIDTH="37" VPOS="1006" HPOS="934"/>
<String CONTENT="Ervin;" HEIGHT="68" WIDTH="212" VPOS="1005" HPOS="972"/>
<SP HEIGHT="69" WIDTH="42" VPOS="1004" HPOS="1185"/>
<String CONTENT="introduction" HEIGHT="54" WIDTH="388" VPOS="1004" HPOS="1228"/>
<SP HEIGHT="52" WIDTH="36" VPOS="1006" HPOS="1617"/>
<String CONTENT="by" HEIGHT="67" WIDTH="74" VPOS="1006" HPOS="1654"/>
<SP HEIGHT="66" WIDTH="35" VPOS="1007" HPOS="1729"/>
<String CONTENT="William" HEIGHT="56" WIDTH="260" VPOS="1005" HPOS="1765"/>
<SP HEIGHT="51" WIDTH="39" VPOS="1008" HPOS="2026"/>
<String CONTENT="Bennett" HEIGHT="52" WIDTH="246" VPOS="1008" HPOS="2066"/>
</TextLine>
<TextLine HEIGHT="69" WIDTH="1256" VPOS="1083" HPOS="313" STYLEREFS="StyleId-3C620C95-E712-442B-98B2-B479010490CA-">
<String CONTENT="Munro." HEIGHT="54" WIDTH="225" VPOS="1085" HPOS="313"/>
<SP HEIGHT="53" WIDTH="62" VPOS="1086" HPOS="539"/>
<String CONTENT="New" HEIGHT="52" WIDTH="140" VPOS="1086" HPOS="602"/>
<SP HEIGHT="53" WIDTH="27" VPOS="1085" HPOS="743"/>
<String CONTENT="York," HEIGHT="68" WIDTH="178" VPOS="1084" HPOS="771"/>
<SP HEIGHT="67" WIDTH="31" VPOS="1085" HPOS="950"/>
<String LANG="fr" CONTENT="R." HEIGHT="54" WIDTH="66" VPOS="1085" HPOS="982"/>
<SP HEIGHT="54" WIDTH="30" VPOS="1085" HPOS="1049"/>
<String CONTENT="R." HEIGHT="53" WIDTH="68" VPOS="1085" HPOS="1080"/>
<SP HEIGHT="56" WIDTH="31" VPOS="1084" HPOS="1149"/>
<String CONTENT="Smith," HEIGHT="68" WIDTH="207" VPOS="1083" HPOS="1181"/>
<SP HEIGHT="63" WIDTH="29" VPOS="1088" HPOS="1389"/>
<String CONTENT="1935." HEIGHT="52" WIDTH="150" VPOS="1087" HPOS="1419"/>
</TextLine>
<TextLine HEIGHT="50" WIDTH="483" VPOS="1157" HPOS="383" STYLEREFS="StyleId-3C620C95-E712-442B-98B2-B479010490CA-">
<String CONTENT="xvii," HEIGHT="49" WIDTH="117" VPOS="1158" HPOS="383"/>
<SP HEIGHT="49" WIDTH="30" VPOS="1158" HPOS="501"/>
<String CONTENT="616" HEIGHT="41" WIDTH="87" VPOS="1158" HPOS="532"/>
<SP HEIGHT="49" WIDTH="26" VPOS="1158" HPOS="620"/>
<String CONTENT="p." HEIGHT="39" WIDTH="43" VPOS="1168" HPOS="647"/>
<SP HEIGHT="44" WIDTH="55" VPOS="1157" HPOS="691"/>
<String CONTENT="24" HEIGHT="40" WIDTH="57" VPOS="1157" HPOS="747"/>
<String STYLE="superscript" CONTENT="cm" HEIGHT="22" WIDTH="45" VPOS="1160" HPOS="806"/>
<String CONTENT="." HEIGHT="11" WIDTH="11" VPOS="1188" HPOS="855"/>
</TextLine>
<TextLine HEIGHT="50" WIDTH="801" VPOS="1213" HPOS="386" CS="1">
<String CONTENT="&#8220;Table" HEIGHT="41" WIDTH="180" VPOS="1215" HPOS="386"/>
<SP HEIGHT="31" WIDTH="26" VPOS="1225" HPOS="567"/>
<String CONTENT="of" HEIGHT="41" WIDTH="53" VPOS="1215" HPOS="594"/>
<SP HEIGHT="41" WIDTH="23" VPOS="1215" HPOS="648"/>
<String CS="1" CONTENT="cases&#8221;;" HEIGHT="43" WIDTH="166" VPOS="1213" HPOS="672"/>
<SP HEIGHT="39" WIDTH="28" VPOS="1224" HPOS="868"/>
<String CONTENT="p." HEIGHT="39" WIDTH="44" VPOS="1224" HPOS="897"/>
<SP HEIGHT="42" WIDTH="25" VPOS="1214" HPOS="942"/>
<String CONTENT="601-604." HEIGHT="42" WIDTH="219" VPOS="1214" HPOS="968"/>
</TextLine>
<TextLine HEIGHT="53" WIDTH="1999" VPOS="1270" HPOS="314" CS="1">
<String CONTENT="&#169;" HEIGHT="53" WIDTH="52" VPOS="1270" HPOS="314"/>
<SP HEIGHT="53" WIDTH="26" VPOS="1270" HPOS="367"/>
<String CONTENT="Dec." HEIGHT="39" WIDTH="112" VPOS="1274" HPOS="394"/>
<SP HEIGHT="40" WIDTH="24" VPOS="1273" HPOS="507"/>
<String CONTENT="18," HEIGHT="48" WIDTH="68" VPOS="1273" HPOS="532"/>
<SP HEIGHT="47" WIDTH="28" VPOS="1274" HPOS="601"/>
<String CS="1" CONTENT="1935;" HEIGHT="40" WIDTH="114" VPOS="1273" HPOS="630"/>
<SP HEIGHT="47" WIDTH="28" VPOS="1272" HPOS="771"/>
<String CONTENT="2c." HEIGHT="41" WIDTH="67" VPOS="1272" HPOS="800"/>
<SP HEIGHT="40" WIDTH="27" VPOS="1273" HPOS="868"/>
<String CONTENT="Dec." HEIGHT="39" WIDTH="112" VPOS="1273" HPOS="896"/>
<SP HEIGHT="39" WIDTH="26" VPOS="1272" HPOS="1009"/>
<String CONTENT="23;" HEIGHT="47" WIDTH="83" VPOS="1272" HPOS="1036"/>
<SP HEIGHT="36" WIDTH="30" VPOS="1283" HPOS="1120"/>
<String CONTENT="aff." HEIGHT="40" WIDTH="80" VPOS="1272" HPOS="1151"/>
<SP HEIGHT="39" WIDTH="31" VPOS="1273" HPOS="1232"/>
<String CONTENT="Dec." HEIGHT="40" WIDTH="110" VPOS="1273" HPOS="1264"/>
<SP HEIGHT="40" WIDTH="27" VPOS="1273" HPOS="1375"/>
<String CONTENT="21;" HEIGHT="46" WIDTH="82" VPOS="1273" HPOS="1403"/>
<SP HEIGHT="46" WIDTH="29" VPOS="1273" HPOS="1486"/>
<!-- cceid 96F3CB0D-6D82-1014-B070-FDFD250A9EDA --><String CONTENT="A" HEIGHT="39" WIDTH="41" VPOS="1273" HPOS="1516"/>
<SP HEIGHT="40" WIDTH="27" VPOS="1273" HPOS="1558"/>
<String CONTENT="88811;" HEIGHT="47" WIDTH="170" VPOS="1272" HPOS="1586"/>
<SP HEIGHT="47" WIDTH="34" VPOS="1272" HPOS="1757"/>
<String CONTENT="S." HEIGHT="41" WIDTH="44" VPOS="1272" HPOS="1792"/>
<SP HEIGHT="39" WIDTH="29" VPOS="1274" HPOS="1837"/>
<String CONTENT="Ervin," HEIGHT="49" WIDTH="163" VPOS="1272" HPOS="1867"/>
<SP HEIGHT="47" WIDTH="30" VPOS="1274" HPOS="2031"/>
<String CONTENT="Bala," HEIGHT="49" WIDTH="137" VPOS="1274" HPOS="2062"/>
<SP HEIGHT="48" WIDTH="29" VPOS="1275" HPOS="2200"/>
<String CONTENT="Pa." HEIGHT="40" WIDTH="83" VPOS="1275" HPOS="2230"/>
</TextLine>
<TextLine HEIGHT="50" WIDTH="222" VPOS="1329" HPOS="397">
<String CONTENT="(36-494)" HEIGHT="50" WIDTH="222" VPOS="1329" HPOS="397"/>
</TextLine>
<TextLine HEIGHT="64" WIDTH="386" VPOS="1435" HPOS="313" STYLEREFS="StyleId-9E242202-FE9B-4E6E-8C96-11FB7219E9BB-">
<String CONTENT="Frick," HEIGHT="64" WIDTH="192" VPOS="1435" HPOS="313"/>
<SP HEIGHT="64" WIDTH="31" VPOS="1435" HPOS="506"/>
<String CONTENT="Otto." HEIGHT="56" WIDTH="161" VPOS="1435" HPOS="538"/>
</TextLine>
<TextLine HEIGHT="69" WIDTH="1925" VPOS="1511" HPOS="385" STYLEREFS="StyleId-3C620C95-E712-442B-98B2-B479010490CA-" CS="1">
<String CONTENT="Baukonstruktionslehre," HEIGHT="66" WIDTH="737" VPOS="1512" HPOS="385"/>
<SP HEIGHT="46" WIDTH="37" VPOS="1532" HPOS="1123"/>
<String CONTENT="von" HEIGHT="34" WIDTH="110" VPOS="1531" HPOS="1161"/>
<SP HEIGHT="48" WIDTH="40" VPOS="1531" HPOS="1272"/>
<String CONTENT="prof." HEIGHT="68" WIDTH="151" VPOS="1511" HPOS="1313"/>
<SP HEIGHT="55" WIDTH="40" VPOS="1512" HPOS="1465"/>
<String CONTENT="Otto" HEIGHT="55" WIDTH="140" VPOS="1512" HPOS="1506"/>
<SP HEIGHT="51" WIDTH="38" VPOS="1514" HPOS="1647"/>
<String CONTENT="Frick" HEIGHT="53" WIDTH="175" VPOS="1512" HPOS="1686"/>
<SP HEIGHT="53" WIDTH="41" VPOS="1512" HPOS="1862"/>
<String CS="1" CONTENT="&#8230;"/>
<SP HEIGHT="33" WIDTH="45" VPOS="1531" HPOS="1960"/>
<String LANG="de" CONTENT="und" HEIGHT="52" WIDTH="114" VPOS="1513" HPOS="2006"/>
<SP HEIGHT="67" WIDTH="38" VPOS="1513" HPOS="2121"/>
<String CONTENT="prof." HEIGHT="67" WIDTH="150" VPOS="1513" HPOS="2160"/>
</TextLine>
<TextLine HEIGHT="132" WIDTH="1974" VPOS="1589" HPOS="312" STYLEREFS="StyleId-3C620C95-E712-442B-98B2-B479010490CA-" CS="1">
<String LANG="de" CONTENT="Karl" HEIGHT="52" WIDTH="147" VPOS="1591" HPOS="315"/>
<SP HEIGHT="51" WIDTH="30" VPOS="1592" HPOS="463"/>
<String LANG="de" CONTENT="Kn&#246;ll" HEIGHT="52" WIDTH="179" VPOS="1592" HPOS="494"/>
<SP HEIGHT="50" WIDTH="37" VPOS="1594" HPOS="674"/>
<String LANG="en-US" CS="1" CONTENT="&#8230;"/>
<SP HEIGHT="48" WIDTH="71" VPOS="1594" HPOS="769"/>
<String LANG="en-US" CONTENT="2." HEIGHT="49" WIDTH="46" VPOS="1594" HPOS="841"/>
<SP HEIGHT="49" WIDTH="32" VPOS="1594" HPOS="888"/>
<String LANG="en-US" CONTENT="t." HEIGHT="48" WIDTH="37" VPOS="1594" HPOS="921"/>
<SP HEIGHT="50" WIDTH="68" VPOS="1592" HPOS="959"/>
<String LANG="de" CONTENT="Mit" HEIGHT="50" WIDTH="109" VPOS="1592" HPOS="1028"/>
<SP HEIGHT="49" WIDTH="34" VPOS="1593" HPOS="1138"/>
<String LANG="en-US" CONTENT="311" HEIGHT="50" WIDTH="98" VPOS="1593" HPOS="1173"/>
<SP HEIGHT="47" WIDTH="35" VPOS="1596" HPOS="1272"/>
<String LANG="en-US" CONTENT="abbildungen" HEIGHT="67" WIDTH="386" VPOS="1589" HPOS="1308"/>
<SP HEIGHT="51" WIDTH="31" VPOS="1590" HPOS="1695"/>
<String LANG="en-US" CONTENT="im" HEIGHT="51" WIDTH="78" VPOS="1590" HPOS="1727"/>
<SP HEIGHT="47" WIDTH="31" VPOS="1595" HPOS="1806"/>
<String LANG="en-US" CONTENT="text." HEIGHT="47" WIDTH="137" VPOS="1595" HPOS="1838"/>
<SP HEIGHT="47" WIDTH="71" VPOS="1595" HPOS="1976"/>
<String LANG="en-US" CONTENT="12.," HEIGHT="63" WIDTH="100" VPOS="1594" HPOS="2048"/>
<SP HEIGHT="48" WIDTH="29" VPOS="1609" HPOS="2149"/>
<String LANG="en-US" CONTENT="neubearb." HEIGHT="112" WIDTH="1974" VPOS="1609" HPOS="312"/>
</TextLine>
<TextLine HEIGHT="69" WIDTH="1569" VPOS="1666" HPOS="538" STYLEREFS="StyleId-3C620C95-E712-442B-98B2-B479010490CA-">
<String CONTENT="aufl." HEIGHT="54" WIDTH="128" VPOS="1666" HPOS="538"/>
<SP HEIGHT="51" WIDTH="74" VPOS="1669" HPOS="667"/>
<String CONTENT="Leipzig" HEIGHT="68" WIDTH="241" VPOS="1667" HPOS="742"/>
<SP HEIGHT="49" WIDTH="33" VPOS="1686" HPOS="984"/>
<String LANG="de" CONTENT="und" HEIGHT="52" WIDTH="116" VPOS="1668" HPOS="1018"/>
<SP HEIGHT="52" WIDTH="38" VPOS="1668" HPOS="1135"/>
<String CONTENT="Berlin," HEIGHT="68" WIDTH="217" VPOS="1666" HPOS="1174"/>
<SP HEIGHT="65" WIDTH="36" VPOS="1669" HPOS="1392"/>
<String CONTENT="B." HEIGHT="52" WIDTH="66" VPOS="1669" HPOS="1429"/>
<SP HEIGHT="55" WIDTH="36" VPOS="1667" HPOS="1496"/>
<String CONTENT="G." HEIGHT="55" WIDTH="68" VPOS="1667" HPOS="1533"/>
<SP HEIGHT="51" WIDTH="37" VPOS="1669" HPOS="1602"/>
<String CONTENT="Teubner," HEIGHT="65" WIDTH="278" VPOS="1668" HPOS="1640"/>
<SP HEIGHT="61" WIDTH="37" VPOS="1672" HPOS="1919"/>
<String CONTENT="1935." HEIGHT="50" WIDTH="150" VPOS="1671" HPOS="1957"/>
</TextLine>
<TextLine HEIGHT="50" WIDTH="894" VPOS="1740" HPOS="383" STYLEREFS="StyleId-3C620C95-E712-442B-98B2-B479010490CA-" CS="1">
<String CONTENT="vii," HEIGHT="47" WIDTH="81" VPOS="1743" HPOS="383"/>
<SP HEIGHT="48" WIDTH="30" VPOS="1742" HPOS="465"/>
<String CONTENT="232" HEIGHT="40" WIDTH="90" VPOS="1741" HPOS="496"/>
<SP HEIGHT="48" WIDTH="25" VPOS="1741" HPOS="587"/>
<String CONTENT="p." HEIGHT="37" WIDTH="41" VPOS="1752" HPOS="613"/>
<SP HEIGHT="39" WIDTH="61" VPOS="1741" HPOS="655"/>
<String CONTENT="illus.," HEIGHT="47" WIDTH="142" VPOS="1741" HPOS="717"/>
<SP HEIGHT="47" WIDTH="29" VPOS="1741" HPOS="860"/>
<String CONTENT="diagrs." HEIGHT="47" WIDTH="178" VPOS="1740" HPOS="890"/>
<SP HEIGHT="39" WIDTH="60" VPOS="1741" HPOS="1069"/>
<String CS="1" CONTENT="23&#189;" HEIGHT="40" WIDTH="55" VPOS="1740" HPOS="1130"/>
<String STYLE="superscript" CONTENT="cm" HEIGHT="22" WIDTH="44" VPOS="1741" HPOS="1218"/>
<String CONTENT="." HEIGHT="9" WIDTH="9" VPOS="1771" HPOS="1268"/>
</TextLine>
<TextLine HEIGHT="44" WIDTH="1299" VPOS="1796" HPOS="386" CS="1">
<String CONTENT="On" HEIGHT="41" WIDTH="71" VPOS="1799" HPOS="386"/>
<SP HEIGHT="29" WIDTH="28" VPOS="1810" HPOS="458"/>
<String CS="1" CONTENT="cover;" HEIGHT="30" WIDTH="144" VPOS="1809" HPOS="487"/>
<SP HEIGHT="40" WIDTH="28" VPOS="1798" HPOS="655"/>
<String CONTENT="Teubners." HEIGHT="40" WIDTH="251" VPOS="1798" HPOS="684"/>
<SP HEIGHT="38" WIDTH="22" VPOS="1798" HPOS="936"/>
<String LANG="fr" CONTENT="H." HEIGHT="39" WIDTH="60" VPOS="1798" HPOS="959"/>
<SP HEIGHT="40" WIDTH="28" VPOS="1797" HPOS="1020"/>
<String LANG="fr" CONTENT="T." HEIGHT="41" WIDTH="52" VPOS="1797" HPOS="1049"/>
<SP HEIGHT="40" WIDTH="29" VPOS="1798" HPOS="1102"/>
<String CONTENT="L." HEIGHT="38" WIDTH="47" VPOS="1798" HPOS="1132"/>
<SP HEIGHT="39" WIDTH="29" VPOS="1798" HPOS="1180"/>
<String CONTENT="biicherei." HEIGHT="41" WIDTH="239" VPOS="1796" HPOS="1210"/>
<SP HEIGHT="39" WIDTH="61" VPOS="1797" HPOS="1450"/>
<String CONTENT="bd." HEIGHT="41" WIDTH="75" VPOS="1797" HPOS="1512"/>
<SP HEIGHT="41" WIDTH="26" VPOS="1797" HPOS="1588"/>
<String CONTENT="38." HEIGHT="41" WIDTH="70" VPOS="1797" HPOS="1615"/>
</TextLine>
<TextLine HEIGHT="53" WIDTH="1678" VPOS="1852" HPOS="311" CS="1">
<String CONTENT="&#169;" HEIGHT="53" WIDTH="52" VPOS="1852" HPOS="311"/>
<SP HEIGHT="53" WIDTH="22" VPOS="1852" HPOS="364"/>
<String CONTENT="Jan." HEIGHT="41" WIDTH="110" VPOS="1855" HPOS="387"/>
<SP HEIGHT="39" WIDTH="22" VPOS="1857" HPOS="498"/>
<String CONTENT="1," HEIGHT="46" WIDTH="39" VPOS="1857" HPOS="521"/>
<SP HEIGHT="46" WIDTH="22" VPOS="1857" HPOS="561"/>
<String CONTENT="1935;" HEIGHT="47" WIDTH="140" VPOS="1855" HPOS="584"/>
<SP/>
<String CS="1" CONTENT="1c."/>
<SP/>
<String CONTENT="June" HEIGHT="39" WIDTH="126" VPOS="1855" HPOS="839"/>
<SP HEIGHT="39" WIDTH="21" VPOS="1855" HPOS="966"/>
<String CS="1" CONTENT="5;" HEIGHT="39" WIDTH="25" VPOS="1855" HPOS="988"/>
<SP HEIGHT="46" WIDTH="24" VPOS="1855" HPOS="1041"/>
<!-- cceid 96F3E4E4-6D82-1014-B070-FDFD250A9EDA --><String CONTENT="A-Foreign" HEIGHT="48" WIDTH="311" VPOS="1854" HPOS="1066"/>
<SP HEIGHT="39" WIDTH="21" VPOS="1854" HPOS="1378"/>
<String CS="1" CONTENT="28126;" HEIGHT="41" WIDTH="148" VPOS="1853" HPOS="1400"/>
<SP HEIGHT="41" WIDTH="26" VPOS="1855" HPOS="1573"/>
<String LANG="fr" CONTENT="B." HEIGHT="39" WIDTH="53" VPOS="1855" HPOS="1600"/>
<SP HEIGHT="41" WIDTH="25" VPOS="1853" HPOS="1654"/>
<String CONTENT="G." HEIGHT="41" WIDTH="50" VPOS="1853" HPOS="1680"/>
<SP HEIGHT="39" WIDTH="26" VPOS="1854" HPOS="1731"/>
<String CONTENT="Teubner." HEIGHT="40" WIDTH="231" VPOS="1854" HPOS="1758"/>
</TextLine>
<TextLine HEIGHT="67" WIDTH="519" VPOS="1959" HPOS="314">
<String CONTENT="Fry," HEIGHT="66" WIDTH="137" VPOS="1960" HPOS="314"/>
<SP HEIGHT="66" WIDTH="26" VPOS="1960" HPOS="452"/>
<String CONTENT="Samuel," HEIGHT="66" WIDTH="256" VPOS="1959" HPOS="479"/>
<SP HEIGHT="66" WIDTH="23" VPOS="1960" HPOS="736"/>
<String CONTENT="jr." HEIGHT="66" WIDTH="73" VPOS="1960" HPOS="760"/>
</TextLine>
<TextLine HEIGHT="150" WIDTH="1978" VPOS="2033" HPOS="311" STYLEREFS="StyleId-3C620C95-E712-442B-98B2-B479010490CA-" CS="1">
<String CONTENT="Better" HEIGHT="52" WIDTH="197" VPOS="2036" HPOS="384"/>
<SP HEIGHT="53" WIDTH="33" VPOS="2034" HPOS="582"/>
<String CONTENT="bridge," HEIGHT="69" WIDTH="221" VPOS="2034" HPOS="616"/>
<SP HEIGHT="48" WIDTH="32" VPOS="2054" HPOS="838"/>
<String CONTENT="a" HEIGHT="34" WIDTH="30" VPOS="2054" HPOS="871"/>
<SP HEIGHT="53" WIDTH="35" VPOS="2035" HPOS="902"/>
<String CONTENT="discussion" HEIGHT="53" WIDTH="314" VPOS="2035" HPOS="938"/>
<SP HEIGHT="34" WIDTH="36" VPOS="2053" HPOS="1253"/>
<String CONTENT="of" HEIGHT="53" WIDTH="64" VPOS="2033" HPOS="1290"/>
<SP HEIGHT="53" WIDTH="33" VPOS="2033" HPOS="1355"/>
<String CONTENT="modern" HEIGHT="53" WIDTH="234" VPOS="2034" HPOS="1389"/>
<SP HEIGHT="35" WIDTH="35" VPOS="2052" HPOS="1624"/>
<String CONTENT="contract" HEIGHT="49" WIDTH="255" VPOS="2039" HPOS="1660"/>
<SP HEIGHT="53" WIDTH="37" VPOS="2035" HPOS="1916"/>
<String CONTENT="bridge" HEIGHT="69" WIDTH="198" VPOS="2035" HPOS="1954"/>
<SP HEIGHT="54" WIDTH="36" VPOS="2034" HPOS="2153"/>
<String CONTENT="bidding," HEIGHT="150" WIDTH="1978" VPOS="2033" HPOS="311"/>
<SP HEIGHT="67" WIDTH="25" VPOS="2114" HPOS="471"/>
<String CONTENT="by" HEIGHT="69" WIDTH="75" VPOS="2114" HPOS="497"/>
</TextLine>
<TextLine HEIGHT="148" WIDTH="1974" VPOS="2111" HPOS="313" STYLEREFS="StyleId-3C620C95-E712-442B-98B2-B479010490CA-" CS="1">
<String CONTENT="Samuel" HEIGHT="56" WIDTH="231" VPOS="2112" HPOS="602"/>
<SP HEIGHT="53" WIDTH="24" VPOS="2113" HPOS="834"/>
<String CONTENT="Fry," HEIGHT="69" WIDTH="137" VPOS="2113" HPOS="859"/>
<SP HEIGHT="69" WIDTH="24" VPOS="2113" HPOS="997"/>
<String CONTENT="jr." HEIGHT="69" WIDTH="72" VPOS="2113" HPOS="1022"/>
<SP HEIGHT="53" WIDTH="62" VPOS="2113" HPOS="1095"/>
<String CONTENT="New" HEIGHT="53" WIDTH="140" VPOS="2113" HPOS="1158"/>
<SP HEIGHT="53" WIDTH="25" VPOS="2112" HPOS="1299"/>
<String CONTENT="York," HEIGHT="70" WIDTH="180" VPOS="2112" HPOS="1325"/>
<SP HEIGHT="69" WIDTH="24" VPOS="2113" HPOS="1506"/>
<String CONTENT="Leisure" HEIGHT="55" WIDTH="232" VPOS="2111" HPOS="1531"/>
<SP HEIGHT="52" WIDTH="26" VPOS="2113" HPOS="1764"/>
<String CONTENT="league" HEIGHT="69" WIDTH="198" VPOS="2113" HPOS="1791"/>
<SP HEIGHT="37" WIDTH="26" VPOS="2129" HPOS="1990"/>
<String CONTENT="of" HEIGHT="54" WIDTH="66" VPOS="2112" HPOS="2017"/>
<SP HEIGHT="54" WIDTH="24" VPOS="2112" HPOS="2084"/>
<String CONTENT="America," HEIGHT="147" WIDTH="1974" VPOS="2112" HPOS="313"/>
<SP HEIGHT="62" WIDTH="26" VPOS="2197" HPOS="416"/>
<String CONTENT="1935." HEIGHT="50" WIDTH="151" VPOS="2196" HPOS="443"/>
</TextLine>
<TextLine HEIGHT="52" WIDTH="1918" VPOS="2266" HPOS="388" CS="1">
<String CONTENT="2" HEIGHT="38" WIDTH="27" VPOS="2269" HPOS="388"/>
<SP HEIGHT="47" WIDTH="20" VPOS="2269" HPOS="416"/>
<String LANG="fr" CONTENT="p." HEIGHT="37" WIDTH="41" VPOS="2279" HPOS="437"/>
<SP/>
<String LANG="fr" CS="1" CONTENT="l.,"/>
<SP HEIGHT="47" WIDTH="23" VPOS="2269" HPOS="548"/>
<String CONTENT="7-109" HEIGHT="40" WIDTH="146" VPOS="2268" HPOS="572"/>
<SP HEIGHT="48" WIDTH="19" VPOS="2268" HPOS="719"/>
<String CONTENT="p." HEIGHT="37" WIDTH="41" VPOS="2279" HPOS="739"/>
<SP HEIGHT="40" WIDTH="52" VPOS="2266" HPOS="781"/>
<String CS="1" CONTENT="20&#189;" HEIGHT="41" WIDTH="54" VPOS="2266" HPOS="834"/>
<String STYLE="superscript" CONTENT="cm" HEIGHT="21" WIDTH="44" VPOS="2269" HPOS="921"/>
<String CONTENT="." HEIGHT="8" WIDTH="8" VPOS="2300" HPOS="972"/>
<SP HEIGHT="48" WIDTH="60" VPOS="2267" HPOS="981"/>
<String CS="1" CONTENT="(Half-title;" HEIGHT="48" WIDTH="277" VPOS="2267" HPOS="1042"/>
<SP HEIGHT="38" WIDTH="23" VPOS="2267" HPOS="1342"/>
<String CONTENT="Leisure" HEIGHT="41" WIDTH="202" VPOS="2267" HPOS="1366"/>
<SP HEIGHT="40" WIDTH="20" VPOS="2268" HPOS="1569"/>
<String CONTENT="league" HEIGHT="48" WIDTH="173" VPOS="2268" HPOS="1590"/>
<SP HEIGHT="38" WIDTH="20" VPOS="2268" HPOS="1764"/>
<String CONTENT="little" HEIGHT="40" WIDTH="128" VPOS="2267" HPOS="1785"/>
<SP HEIGHT="39" WIDTH="20" VPOS="2268" HPOS="1914"/>
<String CONTENT="book." HEIGHT="40" WIDTH="135" VPOS="2267" HPOS="1935"/>
<SP HEIGHT="28" WIDTH="53" VPOS="2279" HPOS="2071"/>
<String CONTENT="no." HEIGHT="32" WIDTH="74" VPOS="2277" HPOS="2125"/>
<SP HEIGHT="39" WIDTH="24" VPOS="2270" HPOS="2200"/>
<String CONTENT="19)" HEIGHT="51" WIDTH="81" VPOS="2267" HPOS="2225"/>
</TextLine>
<TextLine HEIGHT="49" WIDTH="579" VPOS="2322" HPOS="384" CS="1">
<String CS="1" CONTENT="Bibliography;" HEIGHT="49" WIDTH="350" VPOS="2322" HPOS="384"/>
<SP HEIGHT="39" WIDTH="29" VPOS="2332" HPOS="762"/>
<String CONTENT="p." HEIGHT="39" WIDTH="43" VPOS="2332" HPOS="792"/>
<SP HEIGHT="38" WIDTH="29" VPOS="2324" HPOS="836"/>
<String CS="1" CONTENT="1"/>
<String LANG="de" CS="1" CONTENT="09." HEIGHT="41" WIDTH="39" VPOS="2322" HPOS="924"/>
</TextLine>
<TextLine HEIGHT="53" WIDTH="1997" VPOS="2378" HPOS="315" CS="1">
<String CONTENT="&#169;" HEIGHT="53" WIDTH="52" VPOS="2378" HPOS="315"/>
<SP HEIGHT="53" WIDTH="32" VPOS="2378" HPOS="368"/>
<String CONTENT="Dec." HEIGHT="39" WIDTH="109" VPOS="2384" HPOS="401"/>
<SP HEIGHT="40" WIDTH="31" VPOS="2382" HPOS="511"/>
<String CONTENT="9," HEIGHT="48" WIDTH="39" VPOS="2382" HPOS="543"/>
<SP HEIGHT="46" WIDTH="32" VPOS="2384" HPOS="583"/>
<String CS="1" CONTENT="1935;" HEIGHT="41" WIDTH="113" VPOS="2381" HPOS="616"/>
<SP HEIGHT="46" WIDTH="33" VPOS="2382" HPOS="757"/>
<String CONTENT="2c." HEIGHT="40" WIDTH="68" VPOS="2382" HPOS="791"/>
<SP HEIGHT="29" WIDTH="30" VPOS="2393" HPOS="860"/>
<String CONTENT="and" HEIGHT="40" WIDTH="95" VPOS="2382" HPOS="891"/>
<SP HEIGHT="39" WIDTH="32" VPOS="2382" HPOS="987"/>
<String CONTENT="aff." HEIGHT="41" WIDTH="82" VPOS="2380" HPOS="1020"/>
<SP HEIGHT="40" WIDTH="32" VPOS="2381" HPOS="1103"/>
<String CONTENT="Dec." HEIGHT="39" WIDTH="111" VPOS="2381" HPOS="1136"/>
<SP HEIGHT="38" WIDTH="33" VPOS="2382" HPOS="1248"/>
<String CS="1" CONTENT="10;" HEIGHT="39" WIDTH="54" VPOS="2380" HPOS="1282"/>
<SP HEIGHT="41" WIDTH="36" VPOS="2381" HPOS="1363"/>
<!-- cceid 96F3FEA7-6D82-1014-B070-FDFD250A9EDA --><String CONTENT="A" HEIGHT="38" WIDTH="40" VPOS="2381" HPOS="1400"/>
<SP HEIGHT="39" WIDTH="31" VPOS="2381" HPOS="1441"/>
<String CS="1" CONTENT="89789;" HEIGHT="41" WIDTH="147" VPOS="2379" HPOS="1473"/>
<SP HEIGHT="41" WIDTH="38" VPOS="2381" HPOS="1643"/>
<String CONTENT="S." HEIGHT="40" WIDTH="44" VPOS="2381" HPOS="1682"/>
<SP HEIGHT="40" WIDTH="34" VPOS="2381" HPOS="1727"/>
<String CONTENT="Fry," HEIGHT="48" WIDTH="110" VPOS="2381" HPOS="1762"/>
<SP HEIGHT="47" WIDTH="33" VPOS="2381" HPOS="1873"/>
<String CONTENT="jr.," HEIGHT="48" WIDTH="75" VPOS="2381" HPOS="1907"/>
<SP HEIGHT="47" WIDTH="33" VPOS="2382" HPOS="1983"/>
<String CONTENT="New" HEIGHT="40" WIDTH="119" VPOS="2382" HPOS="2017"/>
<SP HEIGHT="40" WIDTH="29" VPOS="2382" HPOS="2137"/>
<String CONTENT="York." HEIGHT="40" WIDTH="145" VPOS="2382" HPOS="2167"/>
</TextLine>
<TextLine HEIGHT="49" WIDTH="220" VPOS="2439" HPOS="395">
<String CONTENT="(36-477)" HEIGHT="49" WIDTH="220" VPOS="2439" HPOS="395"/>
</TextLine>
<TextLine HEIGHT="69" WIDTH="770" VPOS="2528" HPOS="319" STYLEREFS="StyleId-9E242202-FE9B-4E6E-8C96-11FB7219E9BB-" CS="1">
<String CONTENT="[Gaglione," HEIGHT="69" WIDTH="321" VPOS="2528" HPOS="319"/>
<SP HEIGHT="67" WIDTH="29" VPOS="2530" HPOS="641"/>
<String CS="1" CONTENT="Philip]" HEIGHT="66" WIDTH="192" VPOS="2528" HPOS="671"/>
<SP HEIGHT="63" WIDTH="35" VPOS="2533" HPOS="882"/>
<String CONTENT="1900-" HEIGHT="50" WIDTH="171" VPOS="2532" HPOS="918"/>
</TextLine>
<TextLine HEIGHT="70" WIDTH="1925" VPOS="2605" HPOS="386" STYLEREFS="StyleId-3C620C95-E712-442B-98B2-B479010490CA-">
<String CONTENT="Barbers&#8217;" HEIGHT="53" WIDTH="264" VPOS="2607" HPOS="386"/>
<SP HEIGHT="68" WIDTH="35" VPOS="2607" HPOS="651"/>
<String CONTENT="psychology," HEIGHT="70" WIDTH="367" VPOS="2605" HPOS="687"/>
<SP HEIGHT="69" WIDTH="34" VPOS="2605" HPOS="1055"/>
<String CONTENT="in" HEIGHT="53" WIDTH="60" VPOS="2605" HPOS="1090"/>
<SP HEIGHT="52" WIDTH="36" VPOS="2606" HPOS="1151"/>
<String CONTENT="brief;" HEIGHT="67" WIDTH="179" VPOS="2605" HPOS="1188"/>
<SP HEIGHT="61" WIDTH="37" VPOS="2611" HPOS="1368"/>
<String CONTENT="the" HEIGHT="54" WIDTH="97" VPOS="2607" HPOS="1406"/>
<SP HEIGHT="36" WIDTH="34" VPOS="2625" HPOS="1504"/>
<String CONTENT="contents" HEIGHT="49" WIDTH="253" VPOS="2611" HPOS="1539"/>
<SP HEIGHT="35" WIDTH="37" VPOS="2625" HPOS="1793"/>
<String CONTENT="of" HEIGHT="54" WIDTH="64" VPOS="2606" HPOS="1831"/>
<SP HEIGHT="52" WIDTH="33" VPOS="2606" HPOS="1896"/>
<String CONTENT="this" HEIGHT="54" WIDTH="114" VPOS="2605" HPOS="1930"/>
<SP HEIGHT="52" WIDTH="35" VPOS="2607" HPOS="2045"/>
<String CONTENT="book" HEIGHT="54" WIDTH="145" VPOS="2606" HPOS="2081"/>
<SP HEIGHT="53" WIDTH="35" VPOS="2606" HPOS="2227"/>
<String CONTENT="is" HEIGHT="52" WIDTH="48" VPOS="2608" HPOS="2263"/>
</TextLine>
<TextLine HEIGHT="70" WIDTH="1775" VPOS="2682" HPOS="315" STYLEREFS="StyleId-3C620C95-E712-442B-98B2-B479010490CA-" CS="1">
<String CONTENT="the" HEIGHT="52" WIDTH="92" VPOS="2685" HPOS="315"/>
<SP HEIGHT="34" WIDTH="29" VPOS="2703" HPOS="408"/>
<String CONTENT="voice" HEIGHT="52" WIDTH="154" VPOS="2685" HPOS="438"/>
<SP HEIGHT="34" WIDTH="30" VPOS="2703" HPOS="593"/>
<String CONTENT="of" HEIGHT="53" WIDTH="64" VPOS="2684" HPOS="624"/>
<SP HEIGHT="51" WIDTH="27" VPOS="2684" HPOS="689"/>
<String CONTENT="the" HEIGHT="53" WIDTH="95" VPOS="2684" HPOS="717"/>
<SP HEIGHT="53" WIDTH="27" VPOS="2684" HPOS="813"/>
<String CONTENT="barbers" HEIGHT="52" WIDTH="228" VPOS="2684" HPOS="841"/>
<SP HEIGHT="33" WIDTH="30" VPOS="2703" HPOS="1070"/>
<String CONTENT="and" HEIGHT="54" WIDTH="113" VPOS="2682" HPOS="1101"/>
<SP HEIGHT="53" WIDTH="30" VPOS="2682" HPOS="1215"/>
<String CONTENT="for" HEIGHT="53" WIDTH="95" VPOS="2684" HPOS="1246"/>
<SP HEIGHT="49" WIDTH="28" VPOS="2688" HPOS="1342"/>
<String CONTENT="the" HEIGHT="51" WIDTH="96" VPOS="2685" HPOS="1371"/>
<SP HEIGHT="34" WIDTH="28" VPOS="2702" HPOS="1468"/>
<String CONTENT="enlightenment" HEIGHT="68" WIDTH="449" VPOS="2684" HPOS="1497"/>
<SP HEIGHT="47" WIDTH="30" VPOS="2690" HPOS="1947"/>
<String CONTENT="and" HEIGHT="51" WIDTH="112" VPOS="2685" HPOS="1978"/>
</TextLine>
<TextLine HEIGHT="126" WIDTH="1973" VPOS="2703" HPOS="313" STYLEREFS="StyleId-3C620C95-E712-442B-98B2-B479010490CA-" CS="1">
<String CONTENT="reconstruction" HEIGHT="112" WIDTH="1973" VPOS="2703" HPOS="313"/>
<SP HEIGHT="35" WIDTH="27" VPOS="2780" HPOS="592"/>
<String CONTENT="of" HEIGHT="54" WIDTH="65" VPOS="2761" HPOS="620"/>
<SP HEIGHT="53" WIDTH="26" VPOS="2761" HPOS="686"/>
<String CONTENT="the" HEIGHT="53" WIDTH="97" VPOS="2761" HPOS="713"/>
<SP HEIGHT="52" WIDTH="26" VPOS="2761" HPOS="811"/>
<String LANG="de" CONTENT="barbering" HEIGHT="70" WIDTH="306" VPOS="2759" HPOS="838"/>
<SP HEIGHT="51" WIDTH="27" VPOS="2778" HPOS="1145"/>
<String CONTENT="profession" HEIGHT="69" WIDTH="320" VPOS="2760" HPOS="1173"/>
<SP HEIGHT="35" WIDTH="35" VPOS="2779" HPOS="1494"/>
<String CS="1" CONTENT="&#8230;"/>
<SP HEIGHT="34" WIDTH="72" VPOS="2794" HPOS="1587"/>
<String CS="1" CONTENT="[New" HEIGHT="53" WIDTH="140" VPOS="2761" HPOS="1677"/>
<SP HEIGHT="53" WIDTH="30" VPOS="2761" HPOS="1818"/>
<String CONTENT="York," HEIGHT="69" WIDTH="180" VPOS="2760" HPOS="1849"/>
<SP HEIGHT="63" WIDTH="26" VPOS="2766" HPOS="2030"/>
<String CONTENT="1935]" HEIGHT="65" WIDTH="152" VPOS="2764" HPOS="2057"/>
</TextLine>
<TextLine HEIGHT="51" WIDTH="642" VPOS="2833" HPOS="383" STYLEREFS="StyleId-3C620C95-E712-442B-98B2-B479010490CA-">
<String CONTENT="xiii," HEIGHT="49" WIDTH="105" VPOS="2835" HPOS="383"/>
<SP HEIGHT="50" WIDTH="25" VPOS="2834" HPOS="489"/>
<String CONTENT="230" HEIGHT="41" WIDTH="86" VPOS="2834" HPOS="515"/>
<SP HEIGHT="50" WIDTH="24" VPOS="2834" HPOS="602"/>
<String CONTENT="p." HEIGHT="38" WIDTH="44" VPOS="2846" HPOS="627"/>
<SP HEIGHT="41" WIDTH="53" VPOS="2834" HPOS="672"/>
<String CONTENT="illus." HEIGHT="41" WIDTH="128" VPOS="2834" HPOS="726"/>
<SP HEIGHT="42" WIDTH="53" VPOS="2833" HPOS="855"/>
<String CONTENT="21" HEIGHT="41" WIDTH="55" VPOS="2833" HPOS="909"/>
<String STYLE="superscript" CONTENT="cm" HEIGHT="22" WIDTH="45" VPOS="2835" HPOS="967"/>
<String CONTENT="." HEIGHT="9" WIDTH="9" VPOS="2865" HPOS="1016"/>
</TextLine>
<TextLine HEIGHT="50" WIDTH="791" VPOS="2890" HPOS="385" CS="1">
<String CONTENT="On" HEIGHT="41" WIDTH="73" VPOS="2891" HPOS="385"/>
<SP HEIGHT="30" WIDTH="26" VPOS="2902" HPOS="459"/>
<String CS="1" CONTENT="cover;" HEIGHT="31" WIDTH="141" VPOS="2902" HPOS="486"/>
<SP HEIGHT="41" WIDTH="31" VPOS="2890" HPOS="654"/>
<String CONTENT="By" HEIGHT="49" WIDTH="73" VPOS="2890" HPOS="686"/>
<SP HEIGHT="49" WIDTH="26" VPOS="2890" HPOS="760"/>
<String CONTENT="Philip" HEIGHT="50" WIDTH="160" VPOS="2890" HPOS="787"/>
<SP HEIGHT="49" WIDTH="26" VPOS="2891" HPOS="948"/>
<String CONTENT="Galileo." HEIGHT="42" WIDTH="201" VPOS="2890" HPOS="975"/>
</TextLine>
<TextLine HEIGHT="53" WIDTH="1996" VPOS="2946" HPOS="316" CS="1">
<String CONTENT="&#169;" HEIGHT="53" WIDTH="52" VPOS="2946" HPOS="316"/>
<SP HEIGHT="53" WIDTH="25" VPOS="2946" HPOS="369"/>
<String CONTENT="Nov." HEIGHT="39" WIDTH="117" VPOS="2951" HPOS="395"/>
<SP HEIGHT="38" WIDTH="30" VPOS="2951" HPOS="513"/>
<String CONTENT="11," HEIGHT="47" WIDTH="68" VPOS="2950" HPOS="544"/>
<SP HEIGHT="47" WIDTH="30" VPOS="2950" HPOS="613"/>
<String CS="1" CONTENT="1935;" HEIGHT="41" WIDTH="113" VPOS="2947" HPOS="644"/>
<SP HEIGHT="47" WIDTH="30" VPOS="2947" HPOS="784"/>
<String CONTENT="2c." HEIGHT="41" WIDTH="67" VPOS="2947" HPOS="815"/>
<SP HEIGHT="40" WIDTH="29" VPOS="2948" HPOS="883"/>
<String CONTENT="Nov." HEIGHT="41" WIDTH="119" VPOS="2948" HPOS="913"/>
<SP HEIGHT="40" WIDTH="29" VPOS="2949" HPOS="1033"/>
<String CS="1" CONTENT="14;" HEIGHT="38" WIDTH="55" VPOS="2949" HPOS="1063"/>
<SP HEIGHT="37" WIDTH="32" VPOS="2958" HPOS="1146"/>
<String CONTENT="aff." HEIGHT="41" WIDTH="82" VPOS="2947" HPOS="1179"/>
<SP HEIGHT="40" WIDTH="29" VPOS="2948" HPOS="1262"/>
<String CONTENT="Nov." HEIGHT="41" WIDTH="118" VPOS="2948" HPOS="1292"/>
<SP HEIGHT="40" WIDTH="30" VPOS="2949" HPOS="1411"/>
<String CS="1" CONTENT="22,;" HEIGHT="39" WIDTH="59" VPOS="2947" HPOS="1442"/>
<SP HEIGHT="47" WIDTH="32" VPOS="2949" HPOS="1525"/>
<!-- cceid 96F41871-6D82-1014-B070-FDFD250A9EDA --><String CONTENT="A" HEIGHT="38" WIDTH="41" VPOS="2949" HPOS="1558"/>
<SP HEIGHT="40" WIDTH="29" VPOS="2949" HPOS="1600"/>
<String CS="1" CONTENT="89690;" HEIGHT="42" WIDTH="142" VPOS="2947" HPOS="1630"/>
<SP HEIGHT="46" WIDTH="33" VPOS="2950" HPOS="1799"/>
<String CONTENT="P." HEIGHT="38" WIDTH="48" VPOS="2950" HPOS="1833"/>
<SP HEIGHT="41" WIDTH="34" VPOS="2949" HPOS="1882"/>
<String CONTENT="Gaglione," HEIGHT="49" WIDTH="245" VPOS="2949" HPOS="1917"/>
<SP HEIGHT="47" WIDTH="29" VPOS="2951" HPOS="2163"/>
<String CONTENT="New" HEIGHT="39" WIDTH="119" VPOS="2951" HPOS="2193"/>
</TextLine>
<TextLine HEIGHT="51" WIDTH="444" VPOS="3003" HPOS="386">
<String CONTENT="York." HEIGHT="39" WIDTH="141" VPOS="3008" HPOS="386"/>
<SP HEIGHT="48" WIDTH="80" VPOS="3006" HPOS="528"/>
<String CONTENT="(36-449)" HEIGHT="51" WIDTH="221" VPOS="3003" HPOS="609"/>
</TextLine>
<TextLine HEIGHT="69" WIDTH="1469" VPOS="3094" HPOS="315" STYLEREFS="StyleId-9E242202-FE9B-4E6E-8C96-11FB7219E9BB-">
<String CONTENT="Gongaware," HEIGHT="66" WIDTH="384" VPOS="3094" HPOS="315"/>
<SP HEIGHT="63" WIDTH="31" VPOS="3097" HPOS="700"/>
<String CONTENT="George" HEIGHT="62" WIDTH="227" VPOS="3097" HPOS="732"/>
<SP HEIGHT="52" WIDTH="27" VPOS="3097" HPOS="960"/>
<String CONTENT="Jonas," HEIGHT="64" WIDTH="201" VPOS="3097" HPOS="988"/>
<SP HEIGHT="61" WIDTH="33" VPOS="3100" HPOS="1190"/>
<String CONTENT="1866-" HEIGHT="49" WIDTH="170" VPOS="3100" HPOS="1224"/>
<SP HEIGHT="34" WIDTH="211" VPOS="3114" HPOS="1395"/>
<String CONTENT="comp." HEIGHT="49" WIDTH="177" VPOS="3114" HPOS="1607"/>
</TextLine>
<TextLine HEIGHT="72" WIDTH="1926" VPOS="3170" HPOS="383" STYLEREFS="StyleId-3C620C95-E712-442B-98B2-B479010490CA-">
<String CONTENT="The" HEIGHT="52" WIDTH="120" VPOS="3172" HPOS="383"/>
<SP HEIGHT="53" WIDTH="34" VPOS="3171" HPOS="504"/>
<String CONTENT="history" HEIGHT="68" WIDTH="220" VPOS="3171" HPOS="539"/>
<SP HEIGHT="49" WIDTH="37" VPOS="3190" HPOS="760"/>
<String CONTENT="of" HEIGHT="53" WIDTH="63" VPOS="3171" HPOS="798"/>
<SP HEIGHT="52" WIDTH="35" VPOS="3171" HPOS="862"/>
<String CONTENT="the" HEIGHT="52" WIDTH="93" VPOS="3173" HPOS="898"/>
<SP HEIGHT="55" WIDTH="38" VPOS="3170" HPOS="992"/>
<String CONTENT="German" HEIGHT="55" WIDTH="246" VPOS="3170" HPOS="1031"/>
<SP HEIGHT="52" WIDTH="41" VPOS="3171" HPOS="1278"/>
<String CONTENT="friendly" HEIGHT="70" WIDTH="252" VPOS="3171" HPOS="1320"/>
<SP HEIGHT="51" WIDTH="37" VPOS="3190" HPOS="1573"/>
<String CONTENT="society" HEIGHT="68" WIDTH="206" VPOS="3172" HPOS="1611"/>
<SP HEIGHT="50" WIDTH="37" VPOS="3190" HPOS="1818"/>
<String CONTENT="of" HEIGHT="53" WIDTH="64" VPOS="3172" HPOS="1856"/>
<SP HEIGHT="55" WIDTH="37" VPOS="3172" HPOS="1921"/>
<String CONTENT="Charleston," HEIGHT="70" WIDTH="350" VPOS="3172" HPOS="1959"/>
</TextLine>
<TextLine HEIGHT="73" WIDTH="1993" VPOS="3247" HPOS="315" STYLEREFS="StyleId-3C620C95-E712-442B-98B2-B479010490CA-" CS="1">
<String CONTENT="South" HEIGHT="54" WIDTH="182" VPOS="3248" HPOS="315"/>
<SP HEIGHT="55" WIDTH="32" VPOS="3248" HPOS="498"/>
<String CONTENT="Carolina," HEIGHT="68" WIDTH="283" VPOS="3248" HPOS="531"/>
<SP HEIGHT="64" WIDTH="35" VPOS="3252" HPOS="815"/>
<String CONTENT="1766-1916," HEIGHT="68" WIDTH="324" VPOS="3247" HPOS="851"/>
<SP HEIGHT="49" WIDTH="33" VPOS="3266" HPOS="1176"/>
<String CONTENT="compiled" HEIGHT="69" WIDTH="275" VPOS="3248" HPOS="1210"/>
<SP HEIGHT="53" WIDTH="35" VPOS="3248" HPOS="1486"/>
<String CONTENT="from" HEIGHT="53" WIDTH="149" VPOS="3248" HPOS="1522"/>
<SP HEIGHT="36" WIDTH="31" VPOS="3267" HPOS="1672"/>
<String CONTENT="original" HEIGHT="68" WIDTH="245" VPOS="3250" HPOS="1704"/>
<SP HEIGHT="53" WIDTH="32" VPOS="3250" HPOS="1950"/>
<String CONTENT="sources" HEIGHT="36" WIDTH="218" VPOS="3268" HPOS="1983"/>
<SP HEIGHT="54" WIDTH="33" VPOS="3250" HPOS="2202"/>
<String CONTENT="by" HEIGHT="70" WIDTH="72" VPOS="3250" HPOS="2236"/>
</TextLine>
<TextLine HEIGHT="73" WIDTH="1970" VPOS="3324" HPOS="314" STYLEREFS="StyleId-3C620C95-E712-442B-98B2-B479010490CA-" CS="1">
<String CONTENT="George" HEIGHT="69" WIDTH="217" VPOS="3324" HPOS="314"/>
<SP HEIGHT="55" WIDTH="27" VPOS="3325" HPOS="532"/>
<String CONTENT="J." HEIGHT="54" WIDTH="56" VPOS="3325" HPOS="560"/>
<SP HEIGHT="55" WIDTH="32" VPOS="3324" HPOS="617"/>
<String CONTENT="Gongaware" HEIGHT="69" WIDTH="350" VPOS="3324" HPOS="650"/>
<SP HEIGHT="33" WIDTH="32" VPOS="3345" HPOS="1001"/>
<String CS="1" CONTENT="&#8230;"/>
<SP HEIGHT="54" WIDTH="78" VPOS="3325" HPOS="1091"/>
<String CONTENT="Richmond," HEIGHT="66" WIDTH="335" VPOS="3325" HPOS="1170"/>
<SP HEIGHT="67" WIDTH="29" VPOS="3324" HPOS="1506"/>
<String CONTENT="Garrett" HEIGHT="57" WIDTH="231" VPOS="3324" HPOS="1536"/>
<SP HEIGHT="53" WIDTH="26" VPOS="3328" HPOS="1768"/>
<String CONTENT="&amp;" HEIGHT="50" WIDTH="45" VPOS="3328" HPOS="1795"/>
<SP HEIGHT="51" WIDTH="28" VPOS="3327" HPOS="1841"/>
<String CONTENT="Massie" HEIGHT="54" WIDTH="208" VPOS="3327" HPOS="1870"/>
<SP HEIGHT="50" WIDTH="32" VPOS="3347" HPOS="2079"/>
<String CS="1" CONTENT="["/>
<String STYLE="superscript" CONTENT="c" HEIGHT="21" WIDTH="18" VPOS="3335" HPOS="2130"/>
<String CS="1" CONTENT="1935]" HEIGHT="49" WIDTH="130" VPOS="3331" HPOS="2154"/>
</TextLine>
<TextLine HEIGHT="49" WIDTH="1169" VPOS="3396" HPOS="446" CS="1">
<String CS="1" CONTENT="xv"/>
<SP HEIGHT="37" WIDTH="25" VPOS="3407" HPOS="446"/>
<String LANG="fr" CONTENT="p.," HEIGHT="37" WIDTH="57" VPOS="3407" HPOS="472"/>
<SP HEIGHT="45" WIDTH="27" VPOS="3399" HPOS="530"/>
<String CONTENT="1" HEIGHT="38" WIDTH="24" VPOS="3399" HPOS="558"/>
<SP/>
<String CS="1" CONTENT="l.,"/>
<SP HEIGHT="48" WIDTH="26" VPOS="3396" HPOS="656"/>
<String CONTENT="226" HEIGHT="41" WIDTH="88" VPOS="3396" HPOS="683"/>
<SP HEIGHT="49" WIDTH="22" VPOS="3396" HPOS="772"/>
<String CONTENT="p." HEIGHT="38" WIDTH="43" VPOS="3407" HPOS="795"/>
<SP HEIGHT="38" WIDTH="58" VPOS="3406" HPOS="839"/>
<String CS="1" CONTENT="pl.," HEIGHT="38" WIDTH="76" VPOS="3406" HPOS="898"/>
<SP HEIGHT="38" WIDTH="29" VPOS="3406" HPOS="975"/>
<String CONTENT="ports.," HEIGHT="40" WIDTH="162" VPOS="3404" HPOS="1005"/>
<SP HEIGHT="45" WIDTH="27" VPOS="3397" HPOS="1168"/>
<String CONTENT="facsims." HEIGHT="41" WIDTH="214" VPOS="3397" HPOS="1196"/>
<SP HEIGHT="39" WIDTH="58" VPOS="3398" HPOS="1411"/>
<String CS="1" CONTENT="23&#189;" HEIGHT="40" WIDTH="55" VPOS="3397" HPOS="1470"/>
<String STYLE="superscript" CONTENT="cm" HEIGHT="22" WIDTH="44" VPOS="3400" HPOS="1558"/>
<String CONTENT="." HEIGHT="9" WIDTH="9" VPOS="3430" HPOS="1606"/>
</TextLine>
<TextLine HEIGHT="54" WIDTH="1872" VPOS="3452" HPOS="385" CS="1">
<String CONTENT="&#8220;Complete" HEIGHT="47" WIDTH="276" VPOS="3453" HPOS="385"/>
<SP HEIGHT="40" WIDTH="35" VPOS="3453" HPOS="662"/>
<String CONTENT="list" HEIGHT="41" WIDTH="86" VPOS="3452" HPOS="698"/>
<SP HEIGHT="38" WIDTH="38" VPOS="3455" HPOS="785"/>
<String CONTENT="of" HEIGHT="40" WIDTH="50" VPOS="3452" HPOS="824"/>
<SP HEIGHT="42" WIDTH="38" VPOS="3452" HPOS="875"/>
<String CONTENT="the" HEIGHT="40" WIDTH="83" VPOS="3454" HPOS="914"/>
<SP HEIGHT="30" WIDTH="36" VPOS="3463" HPOS="998"/>
<String CONTENT="members" HEIGHT="40" WIDTH="237" VPOS="3454" HPOS="1035"/>
<SP HEIGHT="30" WIDTH="38" VPOS="3464" HPOS="1273"/>
<String CONTENT="of" HEIGHT="39" WIDTH="51" VPOS="3455" HPOS="1312"/>
<SP HEIGHT="39" WIDTH="39" VPOS="3455" HPOS="1364"/>
<String CONTENT="the" HEIGHT="40" WIDTH="83" VPOS="3455" HPOS="1404"/>
<SP HEIGHT="39" WIDTH="38" VPOS="3456" HPOS="1488"/>
<String CONTENT="German" HEIGHT="40" WIDTH="210" VPOS="3456" HPOS="1527"/>
<SP HEIGHT="40" WIDTH="37" VPOS="3456" HPOS="1738"/>
<String CONTENT="friendly" HEIGHT="48" WIDTH="213" VPOS="3456" HPOS="1776"/>
<SP HEIGHT="36" WIDTH="40" VPOS="3468" HPOS="1990"/>
<String CONTENT="society" HEIGHT="48" WIDTH="181" VPOS="3458" HPOS="2031"/>
<SP HEIGHT="37" WIDTH="44" VPOS="3469" HPOS="2213"/>
<String CS="1" CONTENT="&#8230;"/>
</TextLine>
<TextLine HEIGHT="50" WIDTH="1261" VPOS="3509" HPOS="313" CS="1">
<String CONTENT="January," HEIGHT="48" WIDTH="234" VPOS="3509" HPOS="313"/>
<SP HEIGHT="46" WIDTH="31" VPOS="3510" HPOS="548"/>
<String CONTENT="1766," HEIGHT="48" WIDTH="127" VPOS="3509" HPOS="580"/>
<SP HEIGHT="46" WIDTH="28" VPOS="3511" HPOS="708"/>
<String CONTENT="to" HEIGHT="38" WIDTH="51" VPOS="3511" HPOS="737"/>
<SP HEIGHT="40" WIDTH="25" VPOS="3509" HPOS="789"/>
<String CONTENT="January," HEIGHT="48" WIDTH="234" VPOS="3509" HPOS="815"/>
<SP HEIGHT="46" WIDTH="30" VPOS="3511" HPOS="1050"/>
<String CS="1" CONTENT="1935&#8221;;" HEIGHT="40" WIDTH="143" VPOS="3510" HPOS="1081"/>
<SP HEIGHT="38" WIDTH="31" VPOS="3521" HPOS="1253"/>
<String CONTENT="p." HEIGHT="38" WIDTH="42" VPOS="3521" HPOS="1285"/>
<SP HEIGHT="42" WIDTH="28" VPOS="3511" HPOS="1328"/>
<String CONTENT="206-219." HEIGHT="42" WIDTH="217" VPOS="3510" HPOS="1357"/>
</TextLine>
<TextLine HEIGHT="55" WIDTH="1993" VPOS="3564" HPOS="314" CS="1">
<String CONTENT="&#169;" HEIGHT="53" WIDTH="52" VPOS="3564" HPOS="314"/>
<SP HEIGHT="53" WIDTH="32" VPOS="3564" HPOS="367"/>
<String CONTENT="Dec." HEIGHT="39" WIDTH="111" VPOS="3570" HPOS="400"/>
<SP HEIGHT="39" WIDTH="32" VPOS="3570" HPOS="512"/>
<String CONTENT="10," HEIGHT="46" WIDTH="69" VPOS="3569" HPOS="545"/>
<SP HEIGHT="45" WIDTH="31" VPOS="3570" HPOS="615"/>
<String CONTENT="1935;" HEIGHT="47" WIDTH="140" VPOS="3568" HPOS="647"/>
<SP HEIGHT="46" WIDTH="34" VPOS="3569" HPOS="788"/>
<String CONTENT="2c." HEIGHT="40" WIDTH="66" VPOS="3569" HPOS="823"/>
<SP HEIGHT="38" WIDTH="33" VPOS="3570" HPOS="890"/>
<String CONTENT="Dec." HEIGHT="39" WIDTH="111" VPOS="3570" HPOS="924"/>
<SP HEIGHT="41" WIDTH="32" VPOS="3568" HPOS="1036"/>
<String CONTENT="21;" HEIGHT="44" WIDTH="82" VPOS="3568" HPOS="1069"/>
<SP HEIGHT="32" WIDTH="36" VPOS="3580" HPOS="1152"/>
<String CONTENT="aff." HEIGHT="40" WIDTH="81" VPOS="3569" HPOS="1189"/>
<SP HEIGHT="39" WIDTH="35" VPOS="3570" HPOS="1271"/>
<String CONTENT="Dec." HEIGHT="39" WIDTH="110" VPOS="3570" HPOS="1307"/>
<SP HEIGHT="38" WIDTH="33" VPOS="3570" HPOS="1418"/>
<String CS="1" CONTENT="20;" HEIGHT="39" WIDTH="55" VPOS="3570" HPOS="1452"/>
<SP HEIGHT="41" WIDTH="36" VPOS="3571" HPOS="1535"/>
<!-- cceid 96F435CB-6D82-1014-B070-FDFD250A9EDA --><String CONTENT="A" HEIGHT="38" WIDTH="41" VPOS="3571" HPOS="1572"/>
<SP HEIGHT="40" WIDTH="30" VPOS="3571" HPOS="1614"/>
<String CS="1" CONTENT="88808;" HEIGHT="40" WIDTH="142" VPOS="3571" HPOS="1645"/>
<SP HEIGHT="45" WIDTH="38" VPOS="3571" HPOS="1815"/>
<String CONTENT="German" HEIGHT="40" WIDTH="209" VPOS="3571" HPOS="1854"/>
<SP HEIGHT="39" WIDTH="28" VPOS="3573" HPOS="2064"/>
<String CONTENT="friendly" HEIGHT="47" WIDTH="214" VPOS="3572" HPOS="2093"/>
</TextLine>
<TextLine HEIGHT="48" WIDTH="1043" VPOS="3625" HPOS="388">
<String CONTENT="sec.," HEIGHT="37" WIDTH="107" VPOS="3636" HPOS="388"/>
<SP HEIGHT="47" WIDTH="33" VPOS="3626" HPOS="496"/>
<String CONTENT="inc.," HEIGHT="47" WIDTH="104" VPOS="3626" HPOS="530"/>
<SP HEIGHT="47" WIDTH="33" VPOS="3626" HPOS="635"/>
<String CONTENT="Charleston," HEIGHT="46" WIDTH="301" VPOS="3626" HPOS="669"/>
<SP HEIGHT="46" WIDTH="36" VPOS="3626" HPOS="971"/>
<String CONTENT="S." HEIGHT="40" WIDTH="45" VPOS="3626" HPOS="1008"/>
<SP HEIGHT="40" WIDTH="33" VPOS="3626" HPOS="1054"/>
<String CONTENT="G." HEIGHT="40" WIDTH="50" VPOS="3626" HPOS="1088"/>
<SP HEIGHT="47" WIDTH="70" VPOS="3625" HPOS="1139"/>
<String CONTENT="(36-342)" HEIGHT="47" WIDTH="221" VPOS="3625" HPOS="1210"/>
</TextLine>
<TextLine HEIGHT="69" WIDTH="1003" VPOS="3712" HPOS="314" STYLEREFS="StyleId-9E242202-FE9B-4E6E-8C96-11FB7219E9BB-">
<String CONTENT="Goolrick," HEIGHT="69" WIDTH="286" VPOS="3712" HPOS="314"/>
<SP HEIGHT="65" WIDTH="25" VPOS="3716" HPOS="601"/>
<String CONTENT="John" HEIGHT="53" WIDTH="154" VPOS="3716" HPOS="627"/>
<SP HEIGHT="53" WIDTH="26" VPOS="3716" HPOS="782"/>
<String CONTENT="Taquette," HEIGHT="65" WIDTH="309" VPOS="3716" HPOS="809"/>
<SP HEIGHT="58" WIDTH="29" VPOS="3723" HPOS="1119"/>
<String CONTENT="1879-" HEIGHT="50" WIDTH="168" VPOS="3720" HPOS="1149"/>
</TextLine>
<TextLine HEIGHT="71" WIDTH="1917" VPOS="3790" HPOS="386" STYLEREFS="StyleId-3C620C95-E712-442B-98B2-B479010490CA-">
<String CONTENT="Fredericksburg" HEIGHT="70" WIDTH="484" VPOS="3790" HPOS="386"/>
<SP HEIGHT="49" WIDTH="38" VPOS="3811" HPOS="871"/>
<String CONTENT="and" HEIGHT="51" WIDTH="112" VPOS="3796" HPOS="910"/>
<SP HEIGHT="51" WIDTH="40" VPOS="3796" HPOS="1023"/>
<String CONTENT="the" HEIGHT="53" WIDTH="96" VPOS="3793" HPOS="1064"/>
<SP HEIGHT="53" WIDTH="41" VPOS="3795" HPOS="1161"/>
<String CONTENT="Cavalier" HEIGHT="53" WIDTH="264" VPOS="3795" HPOS="1203"/>
<SP HEIGHT="33" WIDTH="41" VPOS="3814" HPOS="1468"/>
<String CONTENT="country," HEIGHT="59" WIDTH="256" VPOS="3802" HPOS="1510"/>
<SP HEIGHT="60" WIDTH="40" VPOS="3799" HPOS="1767"/>
<String CONTENT="America&#8217;s" HEIGHT="52" WIDTH="308" VPOS="3796" HPOS="1808"/>
<SP HEIGHT="32" WIDTH="39" VPOS="3816" HPOS="2117"/>
<String CONTENT="most" HEIGHT="45" WIDTH="146" VPOS="3803" HPOS="2157"/>
</TextLine>
<TextLine HEIGHT="76" WIDTH="1987" VPOS="3865" HPOS="315" STYLEREFS="StyleId-3C620C95-E712-442B-98B2-B479010490CA-" CS="1">
<String CONTENT="historic" HEIGHT="55" WIDTH="230" VPOS="3865" HPOS="315"/>
<SP HEIGHT="36" WIDTH="32" VPOS="3886" HPOS="546"/>
<String CONTENT="section;" HEIGHT="68" WIDTH="237" VPOS="3870" HPOS="579"/>
<SP HEIGHT="69" WIDTH="37" VPOS="3869" HPOS="817"/>
<String CONTENT="its" HEIGHT="54" WIDTH="73" VPOS="3869" HPOS="855"/>
<SP HEIGHT="51" WIDTH="31" VPOS="3872" HPOS="929"/>
<String CS="1" CONTENT="homes;" HEIGHT="52" WIDTH="190" VPOS="3872" HPOS="961"/>
<SP HEIGHT="51" WIDTH="31" VPOS="3873" HPOS="1181"/>
<String CONTENT="its" HEIGHT="51" WIDTH="73" VPOS="3873" HPOS="1213"/>
<SP HEIGHT="49" WIDTH="36" VPOS="3890" HPOS="1287"/>
<String CONTENT="people" HEIGHT="67" WIDTH="198" VPOS="3872" HPOS="1324"/>
<SP HEIGHT="34" WIDTH="34" VPOS="3891" HPOS="1523"/>
<String CONTENT="and" HEIGHT="52" WIDTH="109" VPOS="3873" HPOS="1558"/>
<SP HEIGHT="52" WIDTH="35" VPOS="3873" HPOS="1668"/>
<String CONTENT="romances," HEIGHT="48" WIDTH="302" VPOS="3891" HPOS="1704"/>
<SP HEIGHT="65" WIDTH="33" VPOS="3874" HPOS="2007"/>
<String CONTENT="by" HEIGHT="67" WIDTH="74" VPOS="3874" HPOS="2041"/>
<SP HEIGHT="67" WIDTH="29" VPOS="3874" HPOS="2116"/>
<String CONTENT="John" HEIGHT="54" WIDTH="156" VPOS="3874" HPOS="2146"/>
</TextLine>
<TextLine HEIGHT="75" WIDTH="1580" VPOS="3943" HPOS="313" STYLEREFS="StyleId-3C620C95-E712-442B-98B2-B479010490CA-" CS="1">
<String CONTENT="T." HEIGHT="52" WIDTH="63" VPOS="3946" HPOS="313"/>
<SP HEIGHT="56" WIDTH="31" VPOS="3943" HPOS="377"/>
<String CONTENT="Goolrick." HEIGHT="57" WIDTH="284" VPOS="3943" HPOS="409"/>
<SP HEIGHT="53" WIDTH="65" VPOS="3947" HPOS="694"/>
<String CONTENT="Richmond," HEIGHT="69" WIDTH="337" VPOS="3946" HPOS="760"/>
<SP HEIGHT="67" WIDTH="26" VPOS="3948" HPOS="1098"/>
<String CONTENT="Garrett" HEIGHT="55" WIDTH="234" VPOS="3948" HPOS="1125"/>
<SP HEIGHT="50" WIDTH="26" VPOS="3954" HPOS="1360"/>
<String CONTENT="&amp;" HEIGHT="50" WIDTH="46" VPOS="3954" HPOS="1387"/>
<SP HEIGHT="53" WIDTH="23" VPOS="3951" HPOS="1434"/>
<String CONTENT="Massie" HEIGHT="52" WIDTH="209" VPOS="3951" HPOS="1458"/>
<SP HEIGHT="49" WIDTH="33" VPOS="3968" HPOS="1668"/>
<String CS="1" CONTENT="["/>
<String STYLE="superscript" CONTENT="c" HEIGHT="21" WIDTH="18" VPOS="3957" HPOS="1719"/>
<String CONTENT="1935]" HEIGHT="64" WIDTH="150" VPOS="3954" HPOS="1743"/>
</TextLine>
</TextBlock>
</PrintSpace>
</Page>
</Layout>
</alto>