<alto xmlns="http://www.loc.gov/standards/alto/ns-v3#" xmlns:xlink="http://www.w3.org/1999/xlink" xmlns:xsi="http://www.w3.org/2001/XMLSchema-instance" xsi:schemaLocation="http://www.loc.gov/standards/alto/ns-v3# http://www.loc.gov/alto/v3/alto-3-0.xsd"><Description>
<MeasurementUnit>pixel</MeasurementUnit>
<sourceImageInformation>
<fileName>1935_v32_Part1.pdf</fileName>
</sourceImageInformation>
<OCRProcessing ID="IdOcr">
<ocrProcessingStep>
<processingDateTime>2019-01-15</processingDateTime>
<processingSoftware>
<softwareCreator>ABBYY</softwareCreator>
<softwareName>ABBYY Recognition Server</softwareName>
<softwareVersion>4.0</softwareVersion>
</processingSoftware>
</ocrProcessingStep>
</OCRProcessing>
</Description>
<Styles>
<ParagraphStyle ID="StyleId-FFFFFFFF-FFFF-FFFF-FFFF-FFFFFFFFFFFF-" ALIGN="Left" LEFT="0." RIGHT="0." FIRSTLINE="0."/>
<ParagraphStyle ID="StyleId-09A13A44-4F77-4ABE-84F3-84CC8B3C72CE-" ALIGN="Left" LEFT="0." RIGHT="0." FIRSTLINE="0." LINESPACE="7.699999809"/>
<ParagraphStyle ID="StyleId-1F945060-F8CD-4435-B69A-5FF49DB0C586-" ALIGN="Left" LEFT="0." RIGHT="0." FIRSTLINE="-10." LINESPACE="12.19999981"/>
<ParagraphStyle ID="StyleId-C6CAE747-F5A4-4D0D-8D74-D452DA7E2C1C-" ALIGN="Block" LEFT="0." RIGHT="0." FIRSTLINE="-14." LINESPACE="8.350000381"/>
<ParagraphStyle ID="StyleId-FC0F3374-189A-459E-BE29-2DC14180F022-" ALIGN="Left" LEFT="0." RIGHT="0." FIRSTLINE="0."/>
<ParagraphStyle ID="StyleId-49397C49-A894-4B3E-BA5E-1126226BA375-" ALIGN="Left" LEFT="0." RIGHT="0." FIRSTLINE="-12." LINESPACE="11.09000015"/>
<ParagraphStyle ID="StyleId-9E34DD3A-E661-48BD-A3A1-6A3D48346F00-" ALIGN="Block" LEFT="0." RIGHT="0." FIRSTLINE="-14." LINESPACE="11.09000015"/>
<ParagraphStyle ID="StyleId-56CE54AA-A08B-4BAA-8605-F26020A0E36E-" ALIGN="Left" LEFT="0." RIGHT="0." FIRSTLINE="0." LINESPACE="9.399999619"/>
<ParagraphStyle ID="StyleId-77814FFC-C42F-4AA9-9880-EF33B947DEC8-" ALIGN="Left" LEFT="0." RIGHT="0." FIRSTLINE="-11." LINESPACE="11.06999969"/>
<ParagraphStyle ID="StyleId-FDE92EC0-67DC-4C7B-8A24-094B12C38B6C-" ALIGN="Center" LEFT="0." RIGHT="0." FIRSTLINE="0." LINESPACE="11.30000019"/>
<ParagraphStyle ID="StyleId-65180E3B-4C93-4FB8-81EE-E026DD63DBF3-" ALIGN="Left" LEFT="0." RIGHT="0." FIRSTLINE="0." LINESPACE="11.10000038"/>
<ParagraphStyle ID="StyleId-10E885C2-5813-4620-B0AA-0FBA30CF7A32-" ALIGN="Left" LEFT="0." RIGHT="0." FIRSTLINE="0." LINESPACE="9.5"/>
<ParagraphStyle ID="StyleId-913C2DB5-9F02-4067-BAF7-0AED37B60BBE-" ALIGN="Left" LEFT="0." RIGHT="0." FIRSTLINE="0." LINESPACE="6.099999905"/>
<ParagraphStyle ID="StyleId-9C79A9D2-8F08-4A8F-985D-B00E253ED1E5-" ALIGN="Left" LEFT="0." RIGHT="0." FIRSTLINE="0." LINESPACE="4.400000095"/>
<ParagraphStyle ID="StyleId-A41F0407-FEFE-4738-9EC5-E05AFFF62781-" ALIGN="Left" LEFT="0." RIGHT="0." FIRSTLINE="0." LINESPACE="7.300000191"/>
<ParagraphStyle ID="StyleId-61D37176-94E8-408D-9B87-01C406CE8AB2-" ALIGN="Left" LEFT="0." RIGHT="0." FIRSTLINE="0." LINESPACE="8.050000191"/>
</Styles>
<Layout>
<Page ID="Page55" PHYSICAL_IMG_NR="55" HEIGHT="4342" WIDTH="2568">
<TopMargin HEIGHT="424" WIDTH="2568" VPOS="0" HPOS="0">
</TopMargin>
<LeftMargin HEIGHT="3720" WIDTH="204" VPOS="424" HPOS="0">
</LeftMargin>
<RightMargin HEIGHT="3720" WIDTH="336" VPOS="424" HPOS="2232">
</RightMargin>
<BottomMargin HEIGHT="198" WIDTH="2568" VPOS="4144" HPOS="0">
</BottomMargin>
<PrintSpace HEIGHT="3720" WIDTH="2028" VPOS="424" HPOS="204">
<TextBlock ID="Page55_Block1" HEIGHT="70" WIDTH="84" VPOS="4074" HPOS="1176" LANG="en-US" STYLEREFS="StyleId-3BA5EA08-DBA6-4EDE-AAE8-48BF05C71380-">
<TextLine HEIGHT="49" WIDTH="64" VPOS="4084" HPOS="1186">
<String CONTENT="55" HEIGHT="49" WIDTH="64" VPOS="4084" HPOS="1186"/>
</TextLine>
</TextBlock>
<TextBlock ID="Page55_Block2" HEIGHT="3670" WIDTH="2028" VPOS="424" HPOS="204" LANG="en-US" CS="1" STYLEREFS="StyleId-E3008A6A-135B-4B15-8BAF-0C48B8783338-">
<Shape>
<Polygon POINTS="204,424 2232,424 2232,4038 2126,4038 2126,4082 1184,4082 1184,4084 214,4084 214,4094 204,4094 204,424"/>
</Shape>
<TextLine HEIGHT="67" WIDTH="1193" VPOS="435" HPOS="221" STYLEREFS="StyleId-4DC81F0F-3177-4D0B-93C2-B9BDF1EEF5AF-">
<String CONTENT="Fitzpatrick," HEIGHT="66" WIDTH="383" VPOS="435" HPOS="221"/>
<SP HEIGHT="62" WIDTH="28" VPOS="439" HPOS="605"/>
<String CONTENT="Frederick" HEIGHT="54" WIDTH="315" VPOS="436" HPOS="634"/>
<SP HEIGHT="52" WIDTH="24" VPOS="437" HPOS="950"/>
<String CONTENT="Linder," HEIGHT="67" WIDTH="236" VPOS="435" HPOS="975"/>
<SP HEIGHT="59" WIDTH="30" VPOS="443" HPOS="1212"/>
<String CONTENT="1900-" HEIGHT="49" WIDTH="171" VPOS="442" HPOS="1243"/>
</TextLine>
<TextLine HEIGHT="71" WIDTH="1931" VPOS="512" HPOS="292" STYLEREFS="StyleId-A32D3A34-129B-46B7-935F-38DA70ADE1DB-" CS="1">
<String CONTENT="Biology" HEIGHT="71" WIDTH="247" VPOS="512" HPOS="292"/>
<SP/>
<String CS="1" CONTENT="[by]" HEIGHT="34" WIDTH="13" VPOS="547" HPOS="681"/>
<SP HEIGHT="68" WIDTH="45" VPOS="513" HPOS="695"/>
<String CONTENT="Frederick" HEIGHT="55" WIDTH="312" VPOS="513" HPOS="741"/>
<SP HEIGHT="53" WIDTH="35" VPOS="513" HPOS="1054"/>
<String CONTENT="L." HEIGHT="52" WIDTH="67" VPOS="514" HPOS="1090"/>
<SP HEIGHT="53" WIDTH="40" VPOS="514" HPOS="1158"/>
<String CONTENT="Fitzpatrick" HEIGHT="68" WIDTH="364" VPOS="513" HPOS="1199"/>
<SP HEIGHT="53" WIDTH="43" VPOS="513" HPOS="1564"/>
<String CS="1" CONTENT="&#8230;"/>
<SP HEIGHT="34" WIDTH="49" VPOS="547" HPOS="1667"/>
<String CS="1" CONTENT="[and]" HEIGHT="67" WIDTH="132" VPOS="514" HPOS="1736"/>
<SP HEIGHT="67" WIDTH="44" VPOS="514" HPOS="1869"/>
<String CONTENT="Ralph" HEIGHT="68" WIDTH="197" VPOS="514" HPOS="1914"/>
<SP HEIGHT="53" WIDTH="41" VPOS="514" HPOS="2112"/>
<String CONTENT="E." HEIGHT="53" WIDTH="69" VPOS="514" HPOS="2154"/>
</TextLine>
<TextLine HEIGHT="147" WIDTH="1980" VPOS="591" HPOS="219" STYLEREFS="StyleId-A32D3A34-129B-46B7-935F-38DA70ADE1DB-" CS="1">
<String CONTENT="Horton" HEIGHT="52" WIDTH="228" VPOS="593" HPOS="222"/>
<SP HEIGHT="34" WIDTH="43" VPOS="611" HPOS="451"/>
<String CS="1" CONTENT="&#8230;"/>
<SP HEIGHT="51" WIDTH="77" VPOS="593" HPOS="552"/>
<String CONTENT="Boston," HEIGHT="66" WIDTH="235" VPOS="593" HPOS="630"/>
<SP HEIGHT="67" WIDTH="36" VPOS="592" HPOS="866"/>
<String CONTENT="New" HEIGHT="53" WIDTH="139" VPOS="592" HPOS="903"/>
<SP HEIGHT="52" WIDTH="38" VPOS="592" HPOS="1043"/>
<String CONTENT="York" HEIGHT="53" WIDTH="164" VPOS="591" HPOS="1082"/>
<SP/>
<String CS="1" CONTENT="[etc.]" HEIGHT="34" WIDTH="29" VPOS="624" HPOS="1397"/>
<SP HEIGHT="67" WIDTH="43" VPOS="591" HPOS="1427"/>
<String CONTENT="Houghton" HEIGHT="68" WIDTH="321" VPOS="591" HPOS="1471"/>
<SP HEIGHT="53" WIDTH="37" VPOS="591" HPOS="1793"/>
<String CONTENT="Mifflin" HEIGHT="53" WIDTH="205" VPOS="591" HPOS="1831"/>
<SP HEIGHT="36" WIDTH="39" VPOS="610" HPOS="2037"/>
<String CONTENT="company" HEIGHT="129" WIDTH="1980" VPOS="609" HPOS="219"/>
<SP/>
<String CS="1" CONTENT="[c1935]" HEIGHT="35" WIDTH="14" VPOS="702" HPOS="585"/>
</TextLine>
<TextLine HEIGHT="49" WIDTH="1416" VPOS="741" HPOS="289" CS="1">
<String CONTENT="xiv," HEIGHT="46" WIDTH="95" VPOS="744" HPOS="289"/>
<SP HEIGHT="47" WIDTH="27" VPOS="743" HPOS="385"/>
<String CONTENT="611," HEIGHT="47" WIDTH="98" VPOS="743" HPOS="413"/>
<SP HEIGHT="36" WIDTH="23" VPOS="754" HPOS="512"/>
<String CONTENT="xlv" HEIGHT="40" WIDTH="84" VPOS="743" HPOS="536"/>
<SP HEIGHT="37" WIDTH="23" VPOS="753" HPOS="621"/>
<String CONTENT="p." HEIGHT="37" WIDTH="42" VPOS="753" HPOS="645"/>
<SP HEIGHT="31" WIDTH="54" VPOS="753" HPOS="688"/>
<String CONTENT="col." HEIGHT="38" WIDTH="85" VPOS="744" HPOS="743"/>
<SP HEIGHT="40" WIDTH="25" VPOS="742" HPOS="829"/>
<String CONTENT="front.," HEIGHT="48" WIDTH="165" VPOS="742" HPOS="855"/>
<SP HEIGHT="49" WIDTH="24" VPOS="741" HPOS="1021"/>
<String CONTENT="illus.," HEIGHT="49" WIDTH="144" VPOS="741" HPOS="1046"/>
<SP HEIGHT="37" WIDTH="26" VPOS="753" HPOS="1191"/>
<String CONTENT="col." HEIGHT="40" WIDTH="87" VPOS="742" HPOS="1218"/>
<SP HEIGHT="37" WIDTH="24" VPOS="753" HPOS="1306"/>
<String CONTENT="plates." HEIGHT="47" WIDTH="171" VPOS="743" HPOS="1331"/>
<SP HEIGHT="39" WIDTH="54" VPOS="742" HPOS="1503"/>
<String CS="1" CONTENT="19&#189;cm." HEIGHT="10" WIDTH="11" VPOS="774" HPOS="1694"/>
</TextLine>
<TextLine HEIGHT="48" WIDTH="1097" VPOS="799" HPOS="292">
<String CONTENT="&#8220;Books" HEIGHT="40" WIDTH="188" VPOS="800" HPOS="292"/>
<SP HEIGHT="39" WIDTH="26" VPOS="801" HPOS="481"/>
<String CONTENT="to" HEIGHT="39" WIDTH="51" VPOS="801" HPOS="508"/>
<SP HEIGHT="29" WIDTH="22" VPOS="811" HPOS="560"/>
<String CONTENT="read&#8221;" HEIGHT="40" WIDTH="144" VPOS="799" HPOS="583"/>
<SP HEIGHT="40" WIDTH="27" VPOS="799" HPOS="728"/>
<String CONTENT="at" HEIGHT="39" WIDTH="54" VPOS="801" HPOS="756"/>
<SP HEIGHT="39" WIDTH="23" VPOS="801" HPOS="811"/>
<String CONTENT="end" HEIGHT="40" WIDTH="91" VPOS="800" HPOS="835"/>
<SP HEIGHT="39" WIDTH="25" VPOS="800" HPOS="927"/>
<String CONTENT="of" HEIGHT="39" WIDTH="51" VPOS="799" HPOS="953"/>
<SP HEIGHT="39" WIDTH="24" VPOS="799" HPOS="1005"/>
<String CONTENT="each" HEIGHT="40" WIDTH="117" VPOS="799" HPOS="1030"/>
<SP HEIGHT="40" WIDTH="24" VPOS="799" HPOS="1148"/>
<String CONTENT="chapter." HEIGHT="48" WIDTH="216" VPOS="799" HPOS="1173"/>
</TextLine>
<TextLine HEIGHT="52" WIDTH="1998" VPOS="853" HPOS="223" CS="1">
<String CONTENT="&#169;" HEIGHT="52" WIDTH="55" VPOS="853" HPOS="223"/>
<SP HEIGHT="52" WIDTH="29" VPOS="853" HPOS="279"/>
<String CONTENT="Jan." HEIGHT="39" WIDTH="109" VPOS="858" HPOS="309"/>
<SP HEIGHT="39" WIDTH="35" VPOS="858" HPOS="419"/>
<String CONTENT="7," HEIGHT="46" WIDTH="39" VPOS="858" HPOS="455"/>
<SP HEIGHT="47" WIDTH="33" VPOS="857" HPOS="495"/>
<String CONTENT="1935;" HEIGHT="48" WIDTH="140" VPOS="855" HPOS="529"/>
<SP HEIGHT="47" WIDTH="36" VPOS="856" HPOS="670"/>
<String CONTENT="2c." HEIGHT="40" WIDTH="65" VPOS="856" HPOS="707"/>
<SP HEIGHT="40" WIDTH="35" VPOS="856" HPOS="773"/>
<String CONTENT="Jan." HEIGHT="40" WIDTH="109" VPOS="856" HPOS="809"/>
<SP HEIGHT="38" WIDTH="34" VPOS="856" HPOS="919"/>
<String CONTENT="21;" HEIGHT="46" WIDTH="82" VPOS="856" HPOS="954"/>
<SP HEIGHT="36" WIDTH="37" VPOS="866" HPOS="1037"/>
<String CONTENT="aff." HEIGHT="39" WIDTH="80" VPOS="855" HPOS="1075"/>
<SP HEIGHT="39" WIDTH="36" VPOS="857" HPOS="1156"/>
<String CONTENT="Jan." HEIGHT="39" WIDTH="109" VPOS="857" HPOS="1193"/>
<SP HEIGHT="37" WIDTH="37" VPOS="857" HPOS="1303"/>
<String CS="1" CONTENT="19;" HEIGHT="40" WIDTH="54" VPOS="855" HPOS="1341"/>
<SP HEIGHT="46" WIDTH="35" VPOS="856" HPOS="1423"/>
<!-- cceid 83092BD4-6D82-1014-B070-FDFD250A9EDA --><String CONTENT="A" HEIGHT="39" WIDTH="40" VPOS="856" HPOS="1459"/>
<SP HEIGHT="40" WIDTH="32" VPOS="856" HPOS="1500"/>
<String CONTENT="79279;" HEIGHT="47" WIDTH="170" VPOS="855" HPOS="1533"/>
<SP HEIGHT="46" WIDTH="38" VPOS="856" HPOS="1704"/>
<String CONTENT="F." HEIGHT="38" WIDTH="49" VPOS="856" HPOS="1743"/>
<SP HEIGHT="39" WIDTH="35" VPOS="856" HPOS="1793"/>
<String CONTENT="L." HEIGHT="39" WIDTH="50" VPOS="856" HPOS="1829"/>
<SP HEIGHT="38" WIDTH="36" VPOS="857" HPOS="1880"/>
<String CONTENT="Fitzpatrick" HEIGHT="48" WIDTH="304" VPOS="856" HPOS="1917"/>
</TextLine>
<TextLine HEIGHT="50" WIDTH="1930" VPOS="912" HPOS="290">
<String CONTENT="and" HEIGHT="38" WIDTH="96" VPOS="916" HPOS="290"/>
<SP HEIGHT="39" WIDTH="38" VPOS="915" HPOS="387"/>
<String CONTENT="Ralph" HEIGHT="47" WIDTH="161" VPOS="915" HPOS="426"/>
<SP HEIGHT="37" WIDTH="35" VPOS="915" HPOS="588"/>
<String CONTENT="E." HEIGHT="37" WIDTH="51" VPOS="915" HPOS="624"/>
<SP HEIGHT="38" WIDTH="41" VPOS="914" HPOS="676"/>
<String CONTENT="Horton," HEIGHT="46" WIDTH="205" VPOS="914" HPOS="718"/>
<SP HEIGHT="47" WIDTH="40" VPOS="913" HPOS="924"/>
<String CONTENT="New" HEIGHT="39" WIDTH="117" VPOS="913" HPOS="965"/>
<SP HEIGHT="39" WIDTH="38" VPOS="913" HPOS="1083"/>
<String CONTENT="York." HEIGHT="39" WIDTH="144" VPOS="913" HPOS="1122"/>
<SP HEIGHT="29" WIDTH="63" VPOS="933" HPOS="1267"/>
<String CONTENT="[Copyright" HEIGHT="50" WIDTH="281" VPOS="912" HPOS="1331"/>
<SP HEIGHT="40" WIDTH="38" VPOS="913" HPOS="1613"/>
<String CONTENT="is" HEIGHT="40" WIDTH="42" VPOS="913" HPOS="1652"/>
<SP HEIGHT="29" WIDTH="40" VPOS="924" HPOS="1695"/>
<String CONTENT="claimed" HEIGHT="40" WIDTH="204" VPOS="913" HPOS="1736"/>
<SP HEIGHT="40" WIDTH="40" VPOS="914" HPOS="1941"/>
<String CONTENT="on" HEIGHT="29" WIDTH="64" VPOS="925" HPOS="1982"/>
<SP HEIGHT="39" WIDTH="36" VPOS="914" HPOS="2047"/>
<String CONTENT="front" HEIGHT="40" WIDTH="136" VPOS="914" HPOS="2084"/>
</TextLine>
<TextLine HEIGHT="49" WIDTH="1278" VPOS="970" HPOS="288">
<String CONTENT="matter," HEIGHT="45" WIDTH="193" VPOS="973" HPOS="288"/>
<SP HEIGHT="46" WIDTH="31" VPOS="972" HPOS="482"/>
<String CONTENT="last" HEIGHT="38" WIDTH="100" VPOS="972" HPOS="514"/>
<SP HEIGHT="37" WIDTH="28" VPOS="973" HPOS="615"/>
<String CONTENT="chapter" HEIGHT="47" WIDTH="204" VPOS="971" HPOS="644"/>
<SP HEIGHT="29" WIDTH="29" VPOS="980" HPOS="849"/>
<String CONTENT="and" HEIGHT="38" WIDTH="95" VPOS="971" HPOS="879"/>
<SP HEIGHT="46" WIDTH="31" VPOS="971" HPOS="975"/>
<String CONTENT="glossary]" HEIGHT="48" WIDTH="236" VPOS="971" HPOS="1007"/>
<SP HEIGHT="48" WIDTH="70" VPOS="971" HPOS="1244"/>
<String CONTENT="(35-1306)" HEIGHT="48" WIDTH="251" VPOS="970" HPOS="1315"/>
</TextLine>
<TextLine HEIGHT="66" WIDTH="824" VPOS="1060" HPOS="219" STYLEREFS="StyleId-4DC81F0F-3177-4D0B-93C2-B9BDF1EEF5AF-">
<String CONTENT="Flanagan," HEIGHT="66" WIDTH="321" VPOS="1060" HPOS="219"/>
<SP HEIGHT="65" WIDTH="25" VPOS="1061" HPOS="541"/>
<String CONTENT="John" HEIGHT="55" WIDTH="156" VPOS="1061" HPOS="567"/>
<SP HEIGHT="55" WIDTH="27" VPOS="1062" HPOS="724"/>
<String CONTENT="Clemans." HEIGHT="58" WIDTH="291" VPOS="1060" HPOS="752"/>
</TextLine>
<TextLine HEIGHT="71" WIDTH="1931" VPOS="1136" HPOS="289" STYLEREFS="StyleId-A32D3A34-129B-46B7-935F-38DA70ADE1DB-" CS="1">
<String CONTENT="Factor" HEIGHT="52" WIDTH="210" VPOS="1140" HPOS="289"/>
<SP HEIGHT="34" WIDTH="55" VPOS="1157" HPOS="500"/>
<String CONTENT="analysis" HEIGHT="67" WIDTH="249" VPOS="1138" HPOS="556"/>
<SP HEIGHT="51" WIDTH="52" VPOS="1139" HPOS="806"/>
<String CONTENT="in" HEIGHT="51" WIDTH="62" VPOS="1139" HPOS="859"/>
<SP HEIGHT="46" WIDTH="54" VPOS="1144" HPOS="922"/>
<String CONTENT="the" HEIGHT="52" WIDTH="96" VPOS="1139" HPOS="977"/>
<SP HEIGHT="34" WIDTH="54" VPOS="1157" HPOS="1074"/>
<String CONTENT="study" HEIGHT="68" WIDTH="173" VPOS="1138" HPOS="1129"/>
<SP HEIGHT="49" WIDTH="53" VPOS="1157" HPOS="1303"/>
<String CONTENT="of" HEIGHT="54" WIDTH="64" VPOS="1136" HPOS="1357"/>
<SP HEIGHT="70" WIDTH="54" VPOS="1136" HPOS="1422"/>
<String CONTENT="personality" HEIGHT="70" WIDTH="352" VPOS="1137" HPOS="1477"/>
<SP/>
<String CS="1" CONTENT="[by]"/>
<SP HEIGHT="68" WIDTH="60" VPOS="1138" HPOS="2002"/>
<String CONTENT="John" HEIGHT="55" WIDTH="157" VPOS="1138" HPOS="2063"/>
</TextLine>
<TextLine HEIGHT="70" WIDTH="2002" VPOS="1215" HPOS="220" STYLEREFS="StyleId-A32D3A34-129B-46B7-935F-38DA70ADE1DB-">
<String CONTENT="Clemans" HEIGHT="55" WIDTH="262" VPOS="1217" HPOS="220"/>
<SP HEIGHT="54" WIDTH="53" VPOS="1216" HPOS="483"/>
<String CONTENT="Flanagan." HEIGHT="68" WIDTH="317" VPOS="1216" HPOS="537"/>
<SP HEIGHT="55" WIDTH="76" VPOS="1215" HPOS="855"/>
<String CONTENT="Stanford" HEIGHT="55" WIDTH="282" VPOS="1215" HPOS="932"/>
<SP HEIGHT="53" WIDTH="55" VPOS="1217" HPOS="1215"/>
<String CONTENT="University," HEIGHT="70" WIDTH="354" VPOS="1215" HPOS="1271"/>
<SP HEIGHT="69" WIDTH="57" VPOS="1216" HPOS="1626"/>
<String CONTENT="Calif.," HEIGHT="68" WIDTH="195" VPOS="1215" HPOS="1684"/>
<SP HEIGHT="67" WIDTH="55" VPOS="1216" HPOS="1880"/>
<String CONTENT="Stanford" HEIGHT="55" WIDTH="286" VPOS="1216" HPOS="1936"/>
</TextLine>
<TextLine HEIGHT="69" WIDTH="715" VPOS="1294" HPOS="218" STYLEREFS="StyleId-A32D3A34-129B-46B7-935F-38DA70ADE1DB-">
<String CONTENT="university" HEIGHT="69" WIDTH="317" VPOS="1294" HPOS="218"/>
<SP HEIGHT="51" WIDTH="32" VPOS="1312" HPOS="536"/>
<String CONTENT="press," HEIGHT="50" WIDTH="175" VPOS="1312" HPOS="569"/>
<SP HEIGHT="64" WIDTH="36" VPOS="1298" HPOS="745"/>
<String CONTENT="1935." HEIGHT="52" WIDTH="151" VPOS="1297" HPOS="782"/>
</TextLine>
<TextLine HEIGHT="50" WIDTH="1098" VPOS="1367" HPOS="289">
<String CONTENT="x," HEIGHT="35" WIDTH="45" VPOS="1381" HPOS="289"/>
<SP HEIGHT="46" WIDTH="29" VPOS="1370" HPOS="335"/>
<String CONTENT="103" HEIGHT="41" WIDTH="86" VPOS="1368" HPOS="365"/>
<SP HEIGHT="47" WIDTH="28" VPOS="1370" HPOS="452"/>
<String CONTENT="p." HEIGHT="37" WIDTH="42" VPOS="1380" HPOS="481"/>
<SP HEIGHT="39" WIDTH="59" VPOS="1370" HPOS="524"/>
<String CONTENT="tables" HEIGHT="39" WIDTH="157" VPOS="1369" HPOS="584"/>
<SP HEIGHT="49" WIDTH="25" VPOS="1368" HPOS="742"/>
<String CONTENT="(1" HEIGHT="49" WIDTH="49" VPOS="1368" HPOS="768"/>
<SP HEIGHT="40" WIDTH="27" VPOS="1368" HPOS="818"/>
<String CONTENT="fold.)" HEIGHT="50" WIDTH="145" VPOS="1367" HPOS="846"/>
<SP HEIGHT="50" WIDTH="38" VPOS="1367" HPOS="992"/>
<String CONTENT="diagrs." HEIGHT="48" WIDTH="179" VPOS="1368" HPOS="1031"/>
<SP HEIGHT="42" WIDTH="58" VPOS="1367" HPOS="1211"/>
<String CONTENT="20" HEIGHT="42" WIDTH="58" VPOS="1367" HPOS="1270"/>
<String STYLE="superscript" CONTENT="cm" HEIGHT="22" WIDTH="44" VPOS="1369" HPOS="1330"/>
<String CONTENT="." HEIGHT="9" WIDTH="9" VPOS="1401" HPOS="1378"/>
</TextLine>
<TextLine HEIGHT="49" WIDTH="661" VPOS="1424" HPOS="289">
<String CONTENT="Text" HEIGHT="40" WIDTH="126" VPOS="1426" HPOS="289"/>
<SP HEIGHT="45" WIDTH="28" VPOS="1428" HPOS="416"/>
<String CONTENT="photolithographed." HEIGHT="49" WIDTH="505" VPOS="1424" HPOS="445"/>
</TextLine>
<TextLine HEIGHT="49" WIDTH="1929" VPOS="1480" HPOS="292">
<String CONTENT="&#8220;This" HEIGHT="39" WIDTH="146" VPOS="1482" HPOS="292"/>
<SP HEIGHT="30" WIDTH="22" VPOS="1492" HPOS="439"/>
<String CONTENT="work" HEIGHT="41" WIDTH="135" VPOS="1482" HPOS="462"/>
<SP HEIGHT="39" WIDTH="21" VPOS="1482" HPOS="598"/>
<String CONTENT="is" HEIGHT="40" WIDTH="42" VPOS="1482" HPOS="620"/>
<SP HEIGHT="30" WIDTH="22" VPOS="1492" HPOS="663"/>
<String CONTENT="a" HEIGHT="29" WIDTH="28" VPOS="1492" HPOS="686"/>
<SP HEIGHT="38" WIDTH="24" VPOS="1484" HPOS="715"/>
<String CONTENT="thesis" HEIGHT="41" WIDTH="153" VPOS="1481" HPOS="740"/>
<SP HEIGHT="37" WIDTH="23" VPOS="1492" HPOS="894"/>
<String CONTENT="presented" HEIGHT="49" WIDTH="257" VPOS="1480" HPOS="918"/>
<SP HEIGHT="41" WIDTH="24" VPOS="1480" HPOS="1176"/>
<String CONTENT="to" HEIGHT="38" WIDTH="49" VPOS="1483" HPOS="1201"/>
<SP HEIGHT="38" WIDTH="23" VPOS="1483" HPOS="1251"/>
<String CONTENT="the" HEIGHT="39" WIDTH="81" VPOS="1482" HPOS="1275"/>
<SP HEIGHT="39" WIDTH="22" VPOS="1482" HPOS="1357"/>
<String CONTENT="faculty" HEIGHT="49" WIDTH="191" VPOS="1480" HPOS="1380"/>
<SP HEIGHT="37" WIDTH="23" VPOS="1492" HPOS="1572"/>
<String CONTENT="of" HEIGHT="40" WIDTH="51" VPOS="1482" HPOS="1596"/>
<SP HEIGHT="40" WIDTH="22" VPOS="1482" HPOS="1648"/>
<String CONTENT="the" HEIGHT="40" WIDTH="82" VPOS="1482" HPOS="1671"/>
<SP HEIGHT="41" WIDTH="25" VPOS="1481" HPOS="1754"/>
<String CONTENT="Graduate" HEIGHT="42" WIDTH="252" VPOS="1481" HPOS="1780"/>
<SP HEIGHT="32" WIDTH="23" VPOS="1492" HPOS="2033"/>
<String CONTENT="school" HEIGHT="41" WIDTH="164" VPOS="1484" HPOS="2057"/>
</TextLine>
<TextLine HEIGHT="50" WIDTH="2001" VPOS="1537" HPOS="219">
<String CONTENT="of" HEIGHT="40" WIDTH="52" VPOS="1540" HPOS="219"/>
<SP HEIGHT="40" WIDTH="28" VPOS="1540" HPOS="272"/>
<String CONTENT="arts" HEIGHT="39" WIDTH="104" VPOS="1541" HPOS="301"/>
<SP HEIGHT="29" WIDTH="28" VPOS="1550" HPOS="406"/>
<String CONTENT="and" HEIGHT="39" WIDTH="99" VPOS="1540" HPOS="435"/>
<SP HEIGHT="39" WIDTH="26" VPOS="1540" HPOS="535"/>
<String CONTENT="sciences" HEIGHT="41" WIDTH="212" VPOS="1538" HPOS="562"/>
<SP HEIGHT="30" WIDTH="28" VPOS="1550" HPOS="775"/>
<String CONTENT="of" HEIGHT="40" WIDTH="51" VPOS="1540" HPOS="804"/>
<SP HEIGHT="40" WIDTH="27" VPOS="1539" HPOS="856"/>
<String CONTENT="Harvard" HEIGHT="39" WIDTH="231" VPOS="1539" HPOS="884"/>
<SP HEIGHT="40" WIDTH="30" VPOS="1539" HPOS="1116"/>
<String CONTENT="university" HEIGHT="49" WIDTH="272" VPOS="1537" HPOS="1147"/>
<SP HEIGHT="48" WIDTH="26" VPOS="1538" HPOS="1420"/>
<String CONTENT="in" HEIGHT="40" WIDTH="51" VPOS="1538" HPOS="1447"/>
<SP HEIGHT="38" WIDTH="28" VPOS="1549" HPOS="1499"/>
<String CONTENT="partial" HEIGHT="49" WIDTH="183" VPOS="1538" HPOS="1528"/>
<SP HEIGHT="41" WIDTH="27" VPOS="1538" HPOS="1712"/>
<String CONTENT="fulfillment" HEIGHT="42" WIDTH="286" VPOS="1538" HPOS="1740"/>
<SP HEIGHT="39" WIDTH="25" VPOS="1542" HPOS="2027"/>
<String CONTENT="of" HEIGHT="42" WIDTH="56" VPOS="1539" HPOS="2053"/>
<SP HEIGHT="42" WIDTH="25" VPOS="1539" HPOS="2110"/>
<String CONTENT="the" HEIGHT="39" WIDTH="84" VPOS="1542" HPOS="2136"/>
</TextLine>
<TextLine HEIGHT="51" WIDTH="1861" VPOS="1594" HPOS="221">
<String CONTENT="requirements" HEIGHT="48" WIDTH="350" VPOS="1596" HPOS="221"/>
<SP HEIGHT="41" WIDTH="27" VPOS="1595" HPOS="572"/>
<String CONTENT="for" HEIGHT="40" WIDTH="82" VPOS="1595" HPOS="600"/>
<SP HEIGHT="38" WIDTH="25" VPOS="1598" HPOS="683"/>
<String CONTENT="the" HEIGHT="40" WIDTH="85" VPOS="1596" HPOS="709"/>
<SP HEIGHT="39" WIDTH="28" VPOS="1596" HPOS="795"/>
<String CONTENT="degree" HEIGHT="46" WIDTH="171" VPOS="1596" HPOS="824"/>
<SP HEIGHT="29" WIDTH="29" VPOS="1606" HPOS="996"/>
<String CONTENT="of" HEIGHT="39" WIDTH="51" VPOS="1596" HPOS="1026"/>
<SP HEIGHT="39" WIDTH="30" VPOS="1596" HPOS="1078"/>
<String CONTENT="doctor" HEIGHT="40" WIDTH="167" VPOS="1596" HPOS="1109"/>
<SP HEIGHT="30" WIDTH="28" VPOS="1605" HPOS="1277"/>
<String CONTENT="of" HEIGHT="41" WIDTH="52" VPOS="1594" HPOS="1306"/>
<SP HEIGHT="49" WIDTH="27" VPOS="1594" HPOS="1359"/>
<String CONTENT="philosophy" HEIGHT="49" WIDTH="289" VPOS="1594" HPOS="1387"/>
<SP HEIGHT="39" WIDTH="32" VPOS="1606" HPOS="1677"/>
<String CONTENT="[1934]&#8221;&#8212;Pref." HEIGHT="51" WIDTH="372" VPOS="1594" HPOS="1710"/>
</TextLine>
<TextLine HEIGHT="50" WIDTH="668" VPOS="1651" HPOS="289">
<String CONTENT="Bibliography:" HEIGHT="48" WIDTH="376" VPOS="1652" HPOS="289"/>
<SP HEIGHT="38" WIDTH="30" VPOS="1663" HPOS="666"/>
<String CONTENT="p." HEIGHT="37" WIDTH="42" VPOS="1664" HPOS="697"/>
<SP HEIGHT="42" WIDTH="29" VPOS="1651" HPOS="740"/>
<String CONTENT="92-100." HEIGHT="42" WIDTH="187" VPOS="1651" HPOS="770"/>
</TextLine>
<TextLine HEIGHT="52" WIDTH="2000" VPOS="1705" HPOS="221" CS="1">
<String CONTENT="&#169;" HEIGHT="52" WIDTH="51" VPOS="1705" HPOS="221"/>
<SP HEIGHT="52" WIDTH="28" VPOS="1705" HPOS="273"/>
<String CONTENT="Jan." HEIGHT="39" WIDTH="108" VPOS="1710" HPOS="302"/>
<SP HEIGHT="38" WIDTH="27" VPOS="1710" HPOS="411"/>
<String CONTENT="4," HEIGHT="47" WIDTH="41" VPOS="1710" HPOS="439"/>
<SP HEIGHT="47" WIDTH="28" VPOS="1710" HPOS="481"/>
<String CS="1" CONTENT="1935;" HEIGHT="41" WIDTH="113" VPOS="1708" HPOS="510"/>
<SP HEIGHT="48" WIDTH="29" VPOS="1708" HPOS="651"/>
<String CONTENT="2c." HEIGHT="41" WIDTH="68" VPOS="1708" HPOS="681"/>
<SP HEIGHT="28" WIDTH="27" VPOS="1721" HPOS="750"/>
<String CONTENT="and" HEIGHT="39" WIDTH="95" VPOS="1710" HPOS="778"/>
<SP HEIGHT="39" WIDTH="27" VPOS="1710" HPOS="874"/>
<String CONTENT="aff." HEIGHT="41" WIDTH="82" VPOS="1708" HPOS="902"/>
<SP HEIGHT="39" WIDTH="29" VPOS="1709" HPOS="985"/>
<String CONTENT="Jan." HEIGHT="39" WIDTH="108" VPOS="1709" HPOS="1015"/>
<SP HEIGHT="38" WIDTH="29" VPOS="1709" HPOS="1124"/>
<String CONTENT="14;" HEIGHT="46" WIDTH="82" VPOS="1709" HPOS="1154"/>
<SP HEIGHT="47" WIDTH="29" VPOS="1708" HPOS="1237"/>
<!-- cceid 8309F972-6D82-1014-B070-FDFD250A9EDA --><String CONTENT="A" HEIGHT="39" WIDTH="43" VPOS="1708" HPOS="1267"/>
<SP HEIGHT="40" WIDTH="25" VPOS="1708" HPOS="1311"/>
<String CONTENT="79179;" HEIGHT="49" WIDTH="171" VPOS="1707" HPOS="1337"/>
<SP HEIGHT="46" WIDTH="30" VPOS="1710" HPOS="1509"/>
<String CONTENT="Board" HEIGHT="39" WIDTH="163" VPOS="1710" HPOS="1540"/>
<SP HEIGHT="38" WIDTH="30" VPOS="1711" HPOS="1704"/>
<String CONTENT="of" HEIGHT="39" WIDTH="54" VPOS="1710" HPOS="1735"/>
<SP HEIGHT="40" WIDTH="24" VPOS="1710" HPOS="1790"/>
<String CONTENT="trustees" HEIGHT="39" WIDTH="212" VPOS="1712" HPOS="1815"/>
<SP HEIGHT="30" WIDTH="26" VPOS="1722" HPOS="2028"/>
<String CONTENT="of" HEIGHT="40" WIDTH="53" VPOS="1712" HPOS="2055"/>
<SP HEIGHT="40" WIDTH="28" VPOS="1712" HPOS="2109"/>
<String CONTENT="the" HEIGHT="40" WIDTH="83" VPOS="1712" HPOS="2138"/>
</TextLine>
<TextLine HEIGHT="49" WIDTH="1567" VPOS="1765" HPOS="287">
<String CONTENT="Leland" HEIGHT="40" WIDTH="184" VPOS="1766" HPOS="287"/>
<SP HEIGHT="41" WIDTH="25" VPOS="1766" HPOS="472"/>
<String CONTENT="Stanford" HEIGHT="41" WIDTH="234" VPOS="1766" HPOS="498"/>
<SP HEIGHT="47" WIDTH="26" VPOS="1767" HPOS="733"/>
<String CONTENT="junior" HEIGHT="48" WIDTH="169" VPOS="1766" HPOS="760"/>
<SP HEIGHT="29" WIDTH="25" VPOS="1776" HPOS="930"/>
<String CONTENT="univ.," HEIGHT="47" WIDTH="144" VPOS="1766" HPOS="956"/>
<SP HEIGHT="48" WIDTH="29" VPOS="1765" HPOS="1101"/>
<String CONTENT="Stanford" HEIGHT="41" WIDTH="236" VPOS="1765" HPOS="1131"/>
<SP HEIGHT="40" WIDTH="27" VPOS="1766" HPOS="1368"/>
<String CONTENT="University" HEIGHT="49" WIDTH="287" VPOS="1765" HPOS="1396"/>
<SP HEIGHT="47" WIDTH="25" VPOS="1767" HPOS="1684"/>
<String CONTENT="Calif." HEIGHT="42" WIDTH="144" VPOS="1766" HPOS="1710"/>
</TextLine>
<TextLine HEIGHT="49" WIDTH="250" VPOS="1823" HPOS="298">
<String CONTENT="(35-1418)" HEIGHT="49" WIDTH="250" VPOS="1823" HPOS="298"/>
</TextLine>
<TextLine HEIGHT="65" WIDTH="1154" VPOS="1912" HPOS="220" STYLEREFS="StyleId-A32D3A34-129B-46B7-935F-38DA70ADE1DB-">
<String CONTENT="Frank," HEIGHT="64" WIDTH="214" VPOS="1913" HPOS="220"/>
<SP HEIGHT="63" WIDTH="27" VPOS="1914" HPOS="435"/>
<String CONTENT="Herman" HEIGHT="52" WIDTH="264" VPOS="1914" HPOS="463"/>
<SP HEIGHT="54" WIDTH="26" VPOS="1914" HPOS="728"/>
<String CONTENT="Washington," HEIGHT="65" WIDTH="415" VPOS="1912" HPOS="755"/>
<SP HEIGHT="57" WIDTH="31" VPOS="1919" HPOS="1171"/>
<String CONTENT="1860-" HEIGHT="50" WIDTH="171" VPOS="1918" HPOS="1203"/>
</TextLine>
<TextLine HEIGHT="71" WIDTH="1929" VPOS="1987" HPOS="289" STYLEREFS="StyleId-A32D3A34-129B-46B7-935F-38DA70ADE1DB-">
<String CONTENT="Scrapbook" HEIGHT="71" WIDTH="331" VPOS="1987" HPOS="289"/>
<SP HEIGHT="54" WIDTH="44" VPOS="1989" HPOS="621"/>
<String CONTENT="of" HEIGHT="54" WIDTH="65" VPOS="1989" HPOS="666"/>
<SP HEIGHT="53" WIDTH="42" VPOS="1989" HPOS="732"/>
<String CONTENT="a" HEIGHT="33" WIDTH="30" VPOS="2009" HPOS="775"/>
<SP HEIGHT="34" WIDTH="46" VPOS="2008" HPOS="806"/>
<String CONTENT="western" HEIGHT="48" WIDTH="240" VPOS="1994" HPOS="853"/>
<SP HEIGHT="50" WIDTH="44" VPOS="2007" HPOS="1094"/>
<String CONTENT="pioneer," HEIGHT="68" WIDTH="251" VPOS="1989" HPOS="1139"/>
<SP HEIGHT="68" WIDTH="42" VPOS="1989" HPOS="1391"/>
<String CONTENT="by" HEIGHT="69" WIDTH="77" VPOS="1989" HPOS="1434"/>
<SP HEIGHT="69" WIDTH="43" VPOS="1989" HPOS="1512"/>
<String CONTENT="Herman" HEIGHT="54" WIDTH="261" VPOS="1989" HPOS="1556"/>
<SP HEIGHT="54" WIDTH="43" VPOS="1991" HPOS="1818"/>
<String CONTENT="W." HEIGHT="54" WIDTH="91" VPOS="1991" HPOS="1862"/>
<SP HEIGHT="52" WIDTH="46" VPOS="1992" HPOS="1954"/>
<String CONTENT="Frank." HEIGHT="54" WIDTH="217" VPOS="1990" HPOS="2001"/>
</TextLine>
<TextLine HEIGHT="70" WIDTH="1268" VPOS="2066" HPOS="217" STYLEREFS="StyleId-A32D3A34-129B-46B7-935F-38DA70ADE1DB-" CS="1">
<String CONTENT="Los" HEIGHT="54" WIDTH="109" VPOS="2067" HPOS="217"/>
<SP HEIGHT="53" WIDTH="24" VPOS="2068" HPOS="327"/>
<String CONTENT="Angeles," HEIGHT="68" WIDTH="266" VPOS="2068" HPOS="352"/>
<SP HEIGHT="69" WIDTH="27" VPOS="2066" HPOS="619"/>
<String CONTENT="Calif.," HEIGHT="69" WIDTH="195" VPOS="2066" HPOS="647"/>
<SP HEIGHT="67" WIDTH="27" VPOS="2068" HPOS="843"/>
<String CONTENT="Times-mirror" HEIGHT="54" WIDTH="429" VPOS="2066" HPOS="871"/>
<SP HEIGHT="50" WIDTH="26" VPOS="2085" HPOS="1301"/>
<String CONTENT="press" HEIGHT="50" WIDTH="157" VPOS="2085" HPOS="1328"/>
<SP/>
<String CS="1" CONTENT="[c1934]"/>
</TextLine>
<TextLine HEIGHT="51" WIDTH="1458" VPOS="2139" HPOS="287" CS="1">
<String CONTENT="7" HEIGHT="39" WIDTH="25" VPOS="2141" HPOS="287"/>
<SP/>
<String CONTENT="p." HEIGHT="38" WIDTH="45" VPOS="2150" HPOS="337"/>
<SP HEIGHT="39" WIDTH="22" VPOS="2141" HPOS="383"/>
<String CS="1" CONTENT="l.,"/>
<SP HEIGHT="47" WIDTH="24" VPOS="2141" HPOS="450"/>
<String CONTENT="256," HEIGHT="47" WIDTH="99" VPOS="2140" HPOS="475"/>
<SP HEIGHT="30" WIDTH="29" VPOS="2160" HPOS="575"/>
<String CONTENT="[8]" HEIGHT="50" WIDTH="54" VPOS="2140" HPOS="605"/>
<SP HEIGHT="39" WIDTH="22" VPOS="2150" HPOS="660"/>
<String CONTENT="p." HEIGHT="37" WIDTH="43" VPOS="2150" HPOS="683"/>
<SP HEIGHT="40" WIDTH="53" VPOS="2140" HPOS="727"/>
<String CONTENT="front.," HEIGHT="48" WIDTH="164" VPOS="2140" HPOS="781"/>
<SP HEIGHT="38" WIDTH="22" VPOS="2150" HPOS="946"/>
<String CONTENT="plates," HEIGHT="48" WIDTH="173" VPOS="2140" HPOS="969"/>
<SP HEIGHT="37" WIDTH="22" VPOS="2150" HPOS="1143"/>
<String CONTENT="ports.," HEIGHT="44" WIDTH="164" VPOS="2143" HPOS="1166"/>
<SP HEIGHT="48" WIDTH="25" VPOS="2139" HPOS="1331"/>
<String CONTENT="facsims." HEIGHT="45" WIDTH="216" VPOS="2139" HPOS="1357"/>
<SP HEIGHT="44" WIDTH="52" VPOS="2140" HPOS="1574"/>
<String CONTENT="26" HEIGHT="40" WIDTH="58" VPOS="2140" HPOS="1627"/>
<String STYLE="superscript" CONTENT="cm" HEIGHT="22" WIDTH="45" VPOS="2142" HPOS="1687"/>
<String CONTENT="." HEIGHT="9" WIDTH="9" VPOS="2172" HPOS="1736"/>
</TextLine>
<TextLine HEIGHT="54" WIDTH="1996" VPOS="2195" HPOS="222" CS="1">
<String CONTENT="&#169;" HEIGHT="52" WIDTH="51" VPOS="2195" HPOS="222"/>
<SP HEIGHT="52" WIDTH="31" VPOS="2195" HPOS="274"/>
<String CONTENT="Dec." HEIGHT="39" WIDTH="111" VPOS="2201" HPOS="306"/>
<SP HEIGHT="38" WIDTH="33" VPOS="2201" HPOS="418"/>
<String CONTENT="12," HEIGHT="46" WIDTH="69" VPOS="2200" HPOS="452"/>
<SP HEIGHT="46" WIDTH="31" VPOS="2200" HPOS="522"/>
<String CONTENT="1934;" HEIGHT="47" WIDTH="141" VPOS="2199" HPOS="554"/>
<SP HEIGHT="47" WIDTH="34" VPOS="2199" HPOS="696"/>
<String CONTENT="2c." HEIGHT="40" WIDTH="67" VPOS="2199" HPOS="731"/>
<SP HEIGHT="39" WIDTH="32" VPOS="2200" HPOS="799"/>
<String CONTENT="Jan." HEIGHT="39" WIDTH="109" VPOS="2200" HPOS="832"/>
<SP HEIGHT="39" WIDTH="34" VPOS="2200" HPOS="942"/>
<String CONTENT="3," HEIGHT="47" WIDTH="41" VPOS="2200" HPOS="977"/>
<SP HEIGHT="47" WIDTH="30" VPOS="2200" HPOS="1019"/>
<String CS="1" CONTENT="1935;" HEIGHT="37" WIDTH="8" VPOS="2209" HPOS="1183"/>
<SP HEIGHT="37" WIDTH="34" VPOS="2209" HPOS="1192"/>
<String CONTENT="aff." HEIGHT="42" WIDTH="81" VPOS="2197" HPOS="1227"/>
<SP HEIGHT="39" WIDTH="34" VPOS="2200" HPOS="1309"/>
<String CONTENT="Dec." HEIGHT="39" WIDTH="111" VPOS="2200" HPOS="1344"/>
<SP HEIGHT="40" WIDTH="31" VPOS="2198" HPOS="1456"/>
<String CONTENT="24," HEIGHT="50" WIDTH="70" VPOS="2198" HPOS="1488"/>
<SP HEIGHT="47" WIDTH="34" VPOS="2201" HPOS="1559"/>
<String CONTENT="1934;" HEIGHT="49" WIDTH="142" VPOS="2199" HPOS="1594"/>
<SP HEIGHT="47" WIDTH="33" VPOS="2201" HPOS="1737"/>
<!-- cceid 830ACDD7-6D82-1014-B070-FDFD250A9EDA --><String CONTENT="A" HEIGHT="39" WIDTH="41" VPOS="2201" HPOS="1771"/>
<SP HEIGHT="41" WIDTH="29" VPOS="2201" HPOS="1813"/>
<String CONTENT="78838;" HEIGHT="48" WIDTH="171" VPOS="2201" HPOS="1843"/>
<SP HEIGHT="46" WIDTH="36" VPOS="2203" HPOS="2015"/>
<String CONTENT="H." HEIGHT="38" WIDTH="60" VPOS="2203" HPOS="2052"/>
<SP HEIGHT="40" WIDTH="34" VPOS="2203" HPOS="2113"/>
<String CONTENT="W." HEIGHT="40" WIDTH="70" VPOS="2203" HPOS="2148"/>
</TextLine>
<TextLine HEIGHT="48" WIDTH="874" VPOS="2256" HPOS="288">
<String CONTENT="Frank," HEIGHT="47" WIDTH="178" VPOS="2257" HPOS="288"/>
<SP HEIGHT="46" WIDTH="30" VPOS="2258" HPOS="467"/>
<String CONTENT="Los" HEIGHT="39" WIDTH="92" VPOS="2258" HPOS="498"/>
<SP HEIGHT="40" WIDTH="28" VPOS="2256" HPOS="591"/>
<String CONTENT="Angeles." HEIGHT="48" WIDTH="219" VPOS="2256" HPOS="620"/>
<SP HEIGHT="47" WIDTH="70" VPOS="2257" HPOS="840"/>
<String CONTENT="(35-1373)" HEIGHT="48" WIDTH="251" VPOS="2256" HPOS="911"/>
</TextLine>
<TextLine HEIGHT="69" WIDTH="897" VPOS="2332" HPOS="217" STYLEREFS="StyleId-C648D57E-5AA8-4343-A272-94C1C50B9972-">
<String CONTENT="Georgia." HEIGHT="66" WIDTH="269" VPOS="2332" HPOS="217"/>
<SP HEIGHT="52" WIDTH="76" VPOS="2334" HPOS="487"/>
<String CONTENT="Court" HEIGHT="53" WIDTH="180" VPOS="2334" HPOS="564"/>
<SP HEIGHT="47" WIDTH="26" VPOS="2340" HPOS="745"/>
<String CONTENT="of" HEIGHT="66" WIDTH="63" VPOS="2334" HPOS="772"/>
<SP HEIGHT="66" WIDTH="24" VPOS="2334" HPOS="836"/>
<String CONTENT="appeals." HEIGHT="68" WIDTH="253" VPOS="2333" HPOS="861"/>
</TextLine>
<TextLine HEIGHT="70" WIDTH="1928" VPOS="2409" HPOS="288" STYLEREFS="StyleId-A32D3A34-129B-46B7-935F-38DA70ADE1DB-" CS="1">
<String CONTENT="Reports" HEIGHT="67" WIDTH="246" VPOS="2411" HPOS="288"/>
<SP HEIGHT="34" WIDTH="29" VPOS="2430" HPOS="535"/>
<String CONTENT="of" HEIGHT="53" WIDTH="63" VPOS="2411" HPOS="565"/>
<SP HEIGHT="53" WIDTH="28" VPOS="2411" HPOS="629"/>
<String CONTENT="cases" HEIGHT="34" WIDTH="149" VPOS="2430" HPOS="658"/>
<SP HEIGHT="51" WIDTH="28" VPOS="2412" HPOS="808"/>
<String CONTENT="decided" HEIGHT="54" WIDTH="235" VPOS="2409" HPOS="837"/>
<SP HEIGHT="52" WIDTH="34" VPOS="2411" HPOS="1073"/>
<String CS="1" CONTENT="&#8230;"/>
<SP HEIGHT="34" WIDTH="34" VPOS="2430" HPOS="1165"/>
<String CONTENT="at" HEIGHT="47" WIDTH="61" VPOS="2418" HPOS="1200"/>
<SP HEIGHT="48" WIDTH="21" VPOS="2417" HPOS="1262"/>
<String CONTENT="the" HEIGHT="50" WIDTH="94" VPOS="2413" HPOS="1284"/>
<SP HEIGHT="52" WIDTH="28" VPOS="2411" HPOS="1379"/>
<String CONTENT="March" HEIGHT="54" WIDTH="202" VPOS="2411" HPOS="1408"/>
<SP HEIGHT="52" WIDTH="27" VPOS="2413" HPOS="1611"/>
<String CONTENT="term," HEIGHT="62" WIDTH="164" VPOS="2417" HPOS="1639"/>
<SP HEIGHT="63" WIDTH="30" VPOS="2416" HPOS="1804"/>
<String CONTENT="1934." HEIGHT="53" WIDTH="150" VPOS="2416" HPOS="1835"/>
<SP HEIGHT="37" WIDTH="63" VPOS="2432" HPOS="1986"/>
<String CONTENT="v." HEIGHT="35" WIDTH="52" VPOS="2432" HPOS="2050"/>
<SP HEIGHT="50" WIDTH="30" VPOS="2417" HPOS="2103"/>
<String CONTENT="49." HEIGHT="49" WIDTH="82" VPOS="2417" HPOS="2134"/>
</TextLine>
<TextLine HEIGHT="149" WIDTH="1980" VPOS="2488" HPOS="215" STYLEREFS="StyleId-A32D3A34-129B-46B7-935F-38DA70ADE1DB-" CS="1">
<String CONTENT="Stevens" HEIGHT="54" WIDTH="234" VPOS="2488" HPOS="219"/>
<SP HEIGHT="33" WIDTH="31" VPOS="2509" HPOS="454"/>
<String CONTENT="and" HEIGHT="51" WIDTH="112" VPOS="2491" HPOS="486"/>
<SP HEIGHT="54" WIDTH="32" VPOS="2491" HPOS="599"/>
<String CONTENT="Graham," HEIGHT="66" WIDTH="274" VPOS="2490" HPOS="632"/>
<SP HEIGHT="47" WIDTH="29" VPOS="2509" HPOS="907"/>
<String CONTENT="reporters." HEIGHT="63" WIDTH="301" VPOS="2494" HPOS="937"/>
<SP HEIGHT="53" WIDTH="64" VPOS="2489" HPOS="1239"/>
<String CONTENT="Atlanta," HEIGHT="68" WIDTH="262" VPOS="2489" HPOS="1304"/>
<SP HEIGHT="63" WIDTH="30" VPOS="2494" HPOS="1567"/>
<String CONTENT="The" HEIGHT="53" WIDTH="121" VPOS="2491" HPOS="1598"/>
<SP HEIGHT="51" WIDTH="30" VPOS="2493" HPOS="1720"/>
<String CONTENT="Harrison" HEIGHT="52" WIDTH="289" VPOS="2493" HPOS="1751"/>
<SP HEIGHT="34" WIDTH="30" VPOS="2512" HPOS="2041"/>
<String CONTENT="company," HEIGHT="126" WIDTH="1980" VPOS="2511" HPOS="215"/>
<SP HEIGHT="63" WIDTH="26" VPOS="2572" HPOS="387"/>
<String CONTENT="1935." HEIGHT="50" WIDTH="152" VPOS="2572" HPOS="414"/>
</TextLine>
<TextLine HEIGHT="49" WIDTH="473" VPOS="2641" HPOS="287">
<String CONTENT="xlix," HEIGHT="48" WIDTH="118" VPOS="2642" HPOS="287"/>
<SP HEIGHT="49" WIDTH="27" VPOS="2641" HPOS="406"/>
<String CONTENT="947" HEIGHT="42" WIDTH="86" VPOS="2641" HPOS="434"/>
<SP HEIGHT="47" WIDTH="23" VPOS="2643" HPOS="521"/>
<String CONTENT="p." HEIGHT="37" WIDTH="42" VPOS="2653" HPOS="545"/>
<SP HEIGHT="39" WIDTH="55" VPOS="2642" HPOS="588"/>
<String CONTENT="23" HEIGHT="40" WIDTH="53" VPOS="2642" HPOS="644"/>
<String STYLE="superscript" CONTENT="cm" HEIGHT="21" WIDTH="47" VPOS="2644" HPOS="702"/>
<String CONTENT="." HEIGHT="9" WIDTH="9" VPOS="2672" HPOS="751"/>
</TextLine>
<TextLine HEIGHT="51" WIDTH="1996" VPOS="2696" HPOS="221">
<String CONTENT="&#169;" HEIGHT="51" WIDTH="50" VPOS="2696" HPOS="221"/>
<SP HEIGHT="51" WIDTH="24" VPOS="2696" HPOS="272"/>
<String CONTENT="Jan." HEIGHT="39" WIDTH="108" VPOS="2701" HPOS="297"/>
<SP HEIGHT="39" WIDTH="21" VPOS="2700" HPOS="406"/>
<String CONTENT="12," HEIGHT="48" WIDTH="69" VPOS="2699" HPOS="428"/>
<SP HEIGHT="47" WIDTH="21" VPOS="2700" HPOS="498"/>
<String CONTENT="1935;" HEIGHT="48" WIDTH="141" VPOS="2698" HPOS="520"/>
<SP HEIGHT="48" WIDTH="22" VPOS="2698" HPOS="662"/>
<String CONTENT="2c." HEIGHT="41" WIDTH="66" VPOS="2698" HPOS="685"/>
<SP HEIGHT="29" WIDTH="25" VPOS="2710" HPOS="752"/>
<String CONTENT="and" HEIGHT="39" WIDTH="96" VPOS="2700" HPOS="778"/>
<SP HEIGHT="38" WIDTH="21" VPOS="2700" HPOS="875"/>
<String CONTENT="aff." HEIGHT="41" WIDTH="81" VPOS="2697" HPOS="897"/>
<SP HEIGHT="40" WIDTH="25" VPOS="2697" HPOS="979"/>
<String CONTENT="Jan." HEIGHT="40" WIDTH="109" VPOS="2697" HPOS="1005"/>
<SP HEIGHT="39" WIDTH="23" VPOS="2698" HPOS="1115"/>
<String CONTENT="16;" HEIGHT="47" WIDTH="82" VPOS="2698" HPOS="1139"/>
<SP HEIGHT="47" WIDTH="25" VPOS="2698" HPOS="1222"/>
<!-- cceid 830B9936-6D82-1014-B070-FDFD250A9EDA --><String CONTENT="A" HEIGHT="38" WIDTH="41" VPOS="2698" HPOS="1248"/>
<SP HEIGHT="40" WIDTH="21" VPOS="2698" HPOS="1290"/>
<String CONTENT="79243;" HEIGHT="48" WIDTH="171" VPOS="2696" HPOS="1312"/>
<SP HEIGHT="46" WIDTH="28" VPOS="2698" HPOS="1484"/>
<String CONTENT="State" HEIGHT="41" WIDTH="140" VPOS="2698" HPOS="1513"/>
<SP HEIGHT="29" WIDTH="21" VPOS="2709" HPOS="1654"/>
<String CONTENT="of" HEIGHT="39" WIDTH="51" VPOS="2699" HPOS="1676"/>
<SP HEIGHT="40" WIDTH="23" VPOS="2699" HPOS="1728"/>
<String CONTENT="Georgia," HEIGHT="48" WIDTH="221" VPOS="2699" HPOS="1752"/>
<SP HEIGHT="46" WIDTH="24" VPOS="2701" HPOS="1974"/>
<String CONTENT="Atlanta." HEIGHT="40" WIDTH="218" VPOS="2701" HPOS="1999"/>
</TextLine>
<TextLine HEIGHT="67" WIDTH="656" VPOS="2817" HPOS="219" STYLEREFS="StyleId-4DC81F0F-3177-4D0B-93C2-B9BDF1EEF5AF-" CS="1">
<String CONTENT="Gielgud," HEIGHT="67" WIDTH="264" VPOS="2817" HPOS="219"/>
<SP HEIGHT="65" WIDTH="27" VPOS="2819" HPOS="484"/>
<String CS="1" CONTENT="Val" HEIGHT="52" WIDTH="55" VPOS="2819" HPOS="568"/>
<SP HEIGHT="52" WIDTH="27" VPOS="2819" HPOS="624"/>
<String CONTENT="Henry." HEIGHT="63" WIDTH="223" VPOS="2819" HPOS="652"/>
</TextLine>
<TextLine HEIGHT="67" WIDTH="1181" VPOS="2894" HPOS="285" STYLEREFS="StyleId-A32D3A34-129B-46B7-935F-38DA70ADE1DB-">
<String CONTENT="Murder" HEIGHT="51" WIDTH="238" VPOS="2898" HPOS="285"/>
<SP HEIGHT="50" WIDTH="20" VPOS="2899" HPOS="524"/>
<String CONTENT="in" HEIGHT="50" WIDTH="61" VPOS="2899" HPOS="545"/>
<SP HEIGHT="47" WIDTH="24" VPOS="2901" HPOS="607"/>
<String CONTENT="the" HEIGHT="52" WIDTH="95" VPOS="2896" HPOS="632"/>
<SP HEIGHT="34" WIDTH="24" VPOS="2915" HPOS="728"/>
<String CONTENT="studio." HEIGHT="55" WIDTH="207" VPOS="2894" HPOS="753"/>
<SP HEIGHT="33" WIDTH="67" VPOS="2928" HPOS="961"/>
<String CONTENT="[Instalment" HEIGHT="67" WIDTH="362" VPOS="2894" HPOS="1029"/>
<SP HEIGHT="49" WIDTH="26" VPOS="2900" HPOS="1392"/>
<String CONTENT="1]" HEIGHT="59" WIDTH="47" VPOS="2901" HPOS="1419"/>
</TextLine>
<TextLine HEIGHT="55" WIDTH="995" VPOS="2964" HPOS="298">
<String CONTENT="(In" HEIGHT="48" WIDTH="84" VPOS="2971" HPOS="298"/>
<SP HEIGHT="42" WIDTH="20" VPOS="2967" HPOS="383"/>
<String CONTENT="Pictorial" HEIGHT="45" WIDTH="238" VPOS="2965" HPOS="404"/>
<SP HEIGHT="42" WIDTH="27" VPOS="2966" HPOS="643"/>
<String CONTENT="weekly," HEIGHT="53" WIDTH="205" VPOS="2964" HPOS="671"/>
<SP HEIGHT="51" WIDTH="26" VPOS="2965" HPOS="877"/>
<String CONTENT="Dec." HEIGHT="42" WIDTH="116" VPOS="2965" HPOS="904"/>
<SP HEIGHT="41" WIDTH="26" VPOS="2966" HPOS="1021"/>
<String CONTENT="22," HEIGHT="48" WIDTH="72" VPOS="2966" HPOS="1048"/>
<SP HEIGHT="48" WIDTH="27" VPOS="2966" HPOS="1121"/>
<String CONTENT="1934)" HEIGHT="50" WIDTH="144" VPOS="2964" HPOS="1149"/>
</TextLine>
<TextLine HEIGHT="52" WIDTH="1995" VPOS="3023" HPOS="223" CS="1">
<String CONTENT="&#169;" HEIGHT="52" WIDTH="51" VPOS="3023" HPOS="223"/>
<SP/>
<String CS="1" CONTENT="1c."/>
<SP/>
<String CONTENT="Feb." HEIGHT="39" WIDTH="109" VPOS="3028" HPOS="394"/>
<SP HEIGHT="40" WIDTH="28" VPOS="3028" HPOS="504"/>
<String CONTENT="8," HEIGHT="46" WIDTH="39" VPOS="3028" HPOS="533"/>
<SP HEIGHT="47" WIDTH="26" VPOS="3027" HPOS="573"/>
<String CONTENT="1935;" HEIGHT="47" WIDTH="141" VPOS="3026" HPOS="600"/>
<SP HEIGHT="46" WIDTH="27" VPOS="3027" HPOS="742"/>
<!-- cceid 830C6008-6D82-1014-B070-FDFD250A9EDA --><String CONTENT="A" HEIGHT="38" WIDTH="42" VPOS="3027" HPOS="770"/>
<SP HEIGHT="38" WIDTH="26" VPOS="3027" HPOS="813"/>
<String CONTENT="ad" HEIGHT="38" WIDTH="62" VPOS="3027" HPOS="840"/>
<SP HEIGHT="40" WIDTH="24" VPOS="3025" HPOS="903"/>
<String CONTENT="int." HEIGHT="40" WIDTH="85" VPOS="3025" HPOS="928"/>
<SP HEIGHT="39" WIDTH="28" VPOS="3025" HPOS="1014"/>
<String CONTENT="19938;" HEIGHT="48" WIDTH="171" VPOS="3024" HPOS="1043"/>
<SP HEIGHT="37" WIDTH="27" VPOS="3035" HPOS="1215"/>
<String CONTENT="pubd." HEIGHT="47" WIDTH="141" VPOS="3025" HPOS="1243"/>
<SP HEIGHT="38" WIDTH="28" VPOS="3025" HPOS="1385"/>
<String CONTENT="Dec." HEIGHT="39" WIDTH="110" VPOS="3025" HPOS="1414"/>
<SP HEIGHT="38" WIDTH="28" VPOS="3025" HPOS="1525"/>
<String CONTENT="14," HEIGHT="46" WIDTH="70" VPOS="3025" HPOS="1554"/>
<SP HEIGHT="46" WIDTH="26" VPOS="3025" HPOS="1625"/>
<String CONTENT="1934;" HEIGHT="47" WIDTH="141" VPOS="3024" HPOS="1652"/>
<SP HEIGHT="45" WIDTH="28" VPOS="3026" HPOS="1794"/>
<String CONTENT="V." HEIGHT="39" WIDTH="53" VPOS="3026" HPOS="1823"/>
<SP HEIGHT="38" WIDTH="29" VPOS="3027" HPOS="1877"/>
<String CONTENT="H." HEIGHT="38" WIDTH="59" VPOS="3027" HPOS="1907"/>
<SP HEIGHT="40" WIDTH="31" VPOS="3027" HPOS="1967"/>
<String CONTENT="Gielgud," HEIGHT="50" WIDTH="219" VPOS="3025" HPOS="1999"/>
</TextLine>
<TextLine HEIGHT="39" WIDTH="210" VPOS="3086" HPOS="287">
<String CONTENT="London." HEIGHT="39" WIDTH="210" VPOS="3086" HPOS="287"/>
</TextLine>
<TextLine HEIGHT="67" WIDTH="491" VPOS="3159" HPOS="219" STYLEREFS="StyleId-4DC81F0F-3177-4D0B-93C2-B9BDF1EEF5AF-">
<String CONTENT="Golding," HEIGHT="64" WIDTH="265" VPOS="3162" HPOS="219"/>
<SP HEIGHT="64" WIDTH="27" VPOS="3162" HPOS="485"/>
<String CONTENT="Louis." HEIGHT="56" WIDTH="197" VPOS="3159" HPOS="513"/>
</TextLine>
<TextLine HEIGHT="69" WIDTH="774" VPOS="3235" HPOS="286" STYLEREFS="StyleId-A32D3A34-129B-46B7-935F-38DA70ADE1DB-">
<String CONTENT="The" HEIGHT="52" WIDTH="120" VPOS="3240" HPOS="286"/>
<SP HEIGHT="32" WIDTH="23" VPOS="3260" HPOS="407"/>
<String CONTENT="runner" HEIGHT="34" WIDTH="213" VPOS="3258" HPOS="431"/>
<SP HEIGHT="53" WIDTH="21" VPOS="3238" HPOS="645"/>
<String CONTENT="in" HEIGHT="52" WIDTH="61" VPOS="3238" HPOS="667"/>
<SP HEIGHT="48" WIDTH="23" VPOS="3242" HPOS="729"/>
<String CONTENT="the" HEIGHT="53" WIDTH="97" VPOS="3237" HPOS="753"/>
<SP HEIGHT="36" WIDTH="22" VPOS="3254" HPOS="851"/>
<String CONTENT="night." HEIGHT="69" WIDTH="186" VPOS="3235" HPOS="874"/>
</TextLine>
<TextLine HEIGHT="56" WIDTH="776" VPOS="3306" HPOS="299">
<String CONTENT="(In" HEIGHT="48" WIDTH="80" VPOS="3314" HPOS="299"/>
<SP HEIGHT="43" WIDTH="29" VPOS="3310" HPOS="380"/>
<String CONTENT="Story-teller," HEIGHT="52" WIDTH="337" VPOS="3309" HPOS="410"/>
<SP HEIGHT="51" WIDTH="25" VPOS="3307" HPOS="748"/>
<String CONTENT="Jan.," HEIGHT="51" WIDTH="128" VPOS="3307" HPOS="774"/>
<SP HEIGHT="50" WIDTH="27" VPOS="3308" HPOS="903"/>
<String CONTENT="1935)" HEIGHT="50" WIDTH="144" VPOS="3306" HPOS="931"/>
</TextLine>
<TextLine HEIGHT="54" WIDTH="1993" VPOS="3364" HPOS="224" CS="1">
<String CONTENT="&#169;" HEIGHT="51" WIDTH="50" VPOS="3367" HPOS="224"/>
<SP/>
<String CS="1" CONTENT="1c."/>
<SP/>
<String CONTENT="Feb." HEIGHT="39" WIDTH="109" VPOS="3371" HPOS="410"/>
<SP HEIGHT="39" WIDTH="34" VPOS="3370" HPOS="520"/>
<String CONTENT="8," HEIGHT="47" WIDTH="38" VPOS="3370" HPOS="555"/>
<SP HEIGHT="47" WIDTH="34" VPOS="3370" HPOS="594"/>
<String CS="1" CONTENT="1935;" HEIGHT="36" WIDTH="9" VPOS="3379" HPOS="760"/>
<SP HEIGHT="47" WIDTH="35" VPOS="3368" HPOS="770"/>
<!-- cceid 830D2B44-6D82-1014-B070-FDFD250A9EDA --><String CONTENT="A" HEIGHT="39" WIDTH="41" VPOS="3368" HPOS="806"/>
<SP HEIGHT="39" WIDTH="31" VPOS="3368" HPOS="848"/>
<String CONTENT="ad" HEIGHT="38" WIDTH="61" VPOS="3369" HPOS="880"/>
<SP HEIGHT="40" WIDTH="32" VPOS="3367" HPOS="942"/>
<String CONTENT="int." HEIGHT="39" WIDTH="87" VPOS="3367" HPOS="975"/>
<SP HEIGHT="39" WIDTH="32" VPOS="3367" HPOS="1063"/>
<String CONTENT="19937;" HEIGHT="47" WIDTH="170" VPOS="3364" HPOS="1096"/>
<SP HEIGHT="37" WIDTH="33" VPOS="3376" HPOS="1267"/>
<String CONTENT="pubd." HEIGHT="47" WIDTH="141" VPOS="3366" HPOS="1301"/>
<SP HEIGHT="38" WIDTH="36" VPOS="3366" HPOS="1443"/>
<String CONTENT="Dec." HEIGHT="39" WIDTH="111" VPOS="3366" HPOS="1480"/>
<SP HEIGHT="38" WIDTH="33" VPOS="3366" HPOS="1592"/>
<String CONTENT="14," HEIGHT="47" WIDTH="69" VPOS="3366" HPOS="1626"/>
<SP HEIGHT="47" WIDTH="33" VPOS="3366" HPOS="1696"/>
<String CONTENT="1934;" HEIGHT="49" WIDTH="141" VPOS="3365" HPOS="1730"/>
<SP HEIGHT="46" WIDTH="36" VPOS="3368" HPOS="1872"/>
<String CONTENT="L." HEIGHT="39" WIDTH="49" VPOS="3368" HPOS="1909"/>
<SP HEIGHT="40" WIDTH="36" VPOS="3368" HPOS="1959"/>
<String CONTENT="Golding," HEIGHT="49" WIDTH="221" VPOS="3368" HPOS="1996"/>
</TextLine>
<TextLine HEIGHT="41" WIDTH="211" VPOS="3427" HPOS="288">
<String CONTENT="London." HEIGHT="41" WIDTH="211" VPOS="3427" HPOS="288"/>
</TextLine>
<TextLine HEIGHT="71" WIDTH="1134" VPOS="3497" HPOS="220" STYLEREFS="StyleId-A32D3A34-129B-46B7-935F-38DA70ADE1DB-">
<String CONTENT="Graham," HEIGHT="65" WIDTH="277" VPOS="3503" HPOS="220"/>
<SP HEIGHT="64" WIDTH="25" VPOS="3504" HPOS="498"/>
<String CONTENT="William" HEIGHT="56" WIDTH="255" VPOS="3501" HPOS="524"/>
<SP HEIGHT="54" WIDTH="28" VPOS="3500" HPOS="780"/>
<String CONTENT="Creighton," HEIGHT="66" WIDTH="342" VPOS="3497" HPOS="809"/>
<SP HEIGHT="60" WIDTH="29" VPOS="3503" HPOS="1152"/>
<String CONTENT="1887-" HEIGHT="54" WIDTH="172" VPOS="3498" HPOS="1182"/>
</TextLine>
<TextLine HEIGHT="73" WIDTH="1927" VPOS="3575" HPOS="290" STYLEREFS="StyleId-A32D3A34-129B-46B7-935F-38DA70ADE1DB-">
<String CONTENT="The" HEIGHT="53" WIDTH="120" VPOS="3581" HPOS="290"/>
<SP HEIGHT="49" WIDTH="41" VPOS="3599" HPOS="411"/>
<String CONTENT="prophets" HEIGHT="68" WIDTH="273" VPOS="3580" HPOS="453"/>
<SP HEIGHT="37" WIDTH="43" VPOS="3597" HPOS="727"/>
<String CONTENT="and" HEIGHT="52" WIDTH="113" VPOS="3578" HPOS="771"/>
<SP HEIGHT="52" WIDTH="42" VPOS="3578" HPOS="885"/>
<String CONTENT="Israel&#8217;s" HEIGHT="55" WIDTH="227" VPOS="3575" HPOS="928"/>
<SP HEIGHT="35" WIDTH="42" VPOS="3594" HPOS="1156"/>
<String CONTENT="culture," HEIGHT="66" WIDTH="236" VPOS="3575" HPOS="1199"/>
<SP HEIGHT="66" WIDTH="40" VPOS="3575" HPOS="1436"/>
<String CONTENT="by" HEIGHT="66" WIDTH="76" VPOS="3575" HPOS="1477"/>
<SP HEIGHT="63" WIDTH="39" VPOS="3578" HPOS="1554"/>
<String CONTENT="William" HEIGHT="56" WIDTH="260" VPOS="3575" HPOS="1594"/>
<SP HEIGHT="55" WIDTH="44" VPOS="3578" HPOS="1855"/>
<String CONTENT="Creighton" HEIGHT="69" WIDTH="317" VPOS="3578" HPOS="1900"/>
</TextLine>
<TextLine HEIGHT="72" WIDTH="1991" VPOS="3653" HPOS="223" STYLEREFS="StyleId-A32D3A34-129B-46B7-935F-38DA70ADE1DB-" CS="1">
<String CONTENT="Graham" HEIGHT="55" WIDTH="255" VPOS="3658" HPOS="223"/>
<SP HEIGHT="33" WIDTH="41" VPOS="3678" HPOS="479"/>
<String CS="1" CONTENT="&#8230;"/>
<SP HEIGHT="55" WIDTH="78" VPOS="3657" HPOS="578"/>
<String CONTENT="Chicago," HEIGHT="66" WIDTH="270" VPOS="3656" HPOS="657"/>
<SP HEIGHT="66" WIDTH="37" VPOS="3656" HPOS="928"/>
<String CONTENT="Ill.," HEIGHT="64" WIDTH="115" VPOS="3655" HPOS="966"/>
<SP HEIGHT="64" WIDTH="38" VPOS="3655" HPOS="1082"/>
<String CONTENT="The" HEIGHT="53" WIDTH="123" VPOS="3653" HPOS="1121"/>
<SP HEIGHT="52" WIDTH="34" VPOS="3655" HPOS="1245"/>
<String CONTENT="University" HEIGHT="66" WIDTH="339" VPOS="3653" HPOS="1280"/>
<SP HEIGHT="46" WIDTH="38" VPOS="3673" HPOS="1620"/>
<String CONTENT="of" HEIGHT="53" WIDTH="64" VPOS="3653" HPOS="1659"/>
<SP HEIGHT="58" WIDTH="40" VPOS="3653" HPOS="1724"/>
<String CONTENT="Chicago" HEIGHT="68" WIDTH="252" VPOS="3656" HPOS="1765"/>
<SP HEIGHT="48" WIDTH="39" VPOS="3677" HPOS="2018"/>
<String CONTENT="press" HEIGHT="48" WIDTH="156" VPOS="3677" HPOS="2058"/>
</TextLine>
<TextLine HEIGHT="64" WIDTH="167" VPOS="3740" HPOS="225" STYLEREFS="StyleId-A32D3A34-129B-46B7-935F-38DA70ADE1DB-">
<String CONTENT="[1934]" HEIGHT="64" WIDTH="167" VPOS="3740" HPOS="225"/>
</TextLine>
<TextLine HEIGHT="57" WIDTH="1859" VPOS="3801" HPOS="359" CS="1">
<String CS="1" CONTENT="xv," HEIGHT="16" WIDTH="8" VPOS="3842" HPOS="359"/>
<SP HEIGHT="47" WIDTH="32" VPOS="3811" HPOS="368"/>
<String CONTENT="117" HEIGHT="39" WIDTH="81" VPOS="3811" HPOS="401"/>
<SP HEIGHT="47" WIDTH="24" VPOS="3811" HPOS="483"/>
<String CONTENT="p." HEIGHT="37" WIDTH="42" VPOS="3821" HPOS="508"/>
<SP HEIGHT="39" WIDTH="57" VPOS="3809" HPOS="551"/>
<String CONTENT="20" HEIGHT="41" WIDTH="58" VPOS="3807" HPOS="609"/>
<String STYLE="superscript" CONTENT="cm" HEIGHT="21" WIDTH="44" VPOS="3810" HPOS="667"/>
<String CONTENT="." HEIGHT="7" WIDTH="8" VPOS="3838" HPOS="715"/>
<SP HEIGHT="47" WIDTH="70" VPOS="3807" HPOS="724"/>
<String CONTENT="(Half-title:" HEIGHT="50" WIDTH="298" VPOS="3804" HPOS="795"/>
<SP HEIGHT="38" WIDTH="26" VPOS="3804" HPOS="1094"/>
<String CONTENT="The" HEIGHT="40" WIDTH="104" VPOS="3804" HPOS="1121"/>
<SP HEIGHT="40" WIDTH="26" VPOS="3804" HPOS="1226"/>
<String CONTENT="University" HEIGHT="50" WIDTH="285" VPOS="3801" HPOS="1253"/>
<SP HEIGHT="38" WIDTH="28" VPOS="3813" HPOS="1539"/>
<String CONTENT="of" HEIGHT="41" WIDTH="52" VPOS="3802" HPOS="1568"/>
<SP HEIGHT="42" WIDTH="28" VPOS="3802" HPOS="1621"/>
<String CONTENT="Chicago" HEIGHT="49" WIDTH="210" VPOS="3802" HPOS="1650"/>
<SP HEIGHT="38" WIDTH="29" VPOS="3815" HPOS="1861"/>
<String CONTENT="publications" HEIGHT="47" WIDTH="327" VPOS="3806" HPOS="1891"/>
</TextLine>
<TextLine HEIGHT="54" WIDTH="1701" VPOS="3860" HPOS="222" CS="1">
<String CONTENT="in" HEIGHT="40" WIDTH="49" VPOS="3867" HPOS="222"/>
<SP HEIGHT="28" WIDTH="28" VPOS="3879" HPOS="272"/>
<String CONTENT="religious" HEIGHT="46" WIDTH="232" VPOS="3868" HPOS="301"/>
<SP HEIGHT="30" WIDTH="26" VPOS="3876" HPOS="534"/>
<String CONTENT="education" HEIGHT="42" WIDTH="258" VPOS="3863" HPOS="561"/>
<SP HEIGHT="27" WIDTH="34" VPOS="3875" HPOS="820"/>
<String CS="1" CONTENT="&#8230;"/>
<SP HEIGHT="40" WIDTH="61" VPOS="3862" HPOS="901"/>
<String CONTENT="Handbooks" HEIGHT="39" WIDTH="302" VPOS="3861" HPOS="963"/>
<SP HEIGHT="32" WIDTH="26" VPOS="3868" HPOS="1266"/>
<String CONTENT="of" HEIGHT="40" WIDTH="52" VPOS="3860" HPOS="1293"/>
<SP HEIGHT="39" WIDTH="30" VPOS="3860" HPOS="1346"/>
<String CONTENT="ethics" HEIGHT="40" WIDTH="155" VPOS="3860" HPOS="1377"/>
<SP HEIGHT="29" WIDTH="30" VPOS="3871" HPOS="1533"/>
<String CONTENT="and" HEIGHT="39" WIDTH="96" VPOS="3861" HPOS="1564"/>
<SP HEIGHT="38" WIDTH="32" VPOS="3861" HPOS="1661"/>
<String CONTENT="religion)" HEIGHT="47" WIDTH="229" VPOS="3861" HPOS="1694"/>
</TextLine>
<TextLine HEIGHT="51" WIDTH="990" VPOS="3916" HPOS="293" CS="1">
<String CONTENT="&#8220;Selected" HEIGHT="41" WIDTH="245" VPOS="3924" HPOS="293"/>
<SP HEIGHT="39" WIDTH="26" VPOS="3923" HPOS="539"/>
<String CONTENT="bibliography&#8221;:" HEIGHT="49" WIDTH="395" VPOS="3918" HPOS="566"/>
<SP HEIGHT="37" WIDTH="28" VPOS="3929" HPOS="962"/>
<String CONTENT="p." HEIGHT="37" WIDTH="42" VPOS="3929" HPOS="991"/>
<SP HEIGHT="29" WIDTH="32" VPOS="3937" HPOS="1034"/>
<String CS="1" CONTENT="[97]-111." HEIGHT="50" WIDTH="216" VPOS="3916" HPOS="1067"/>
</TextLine>
<TextLine HEIGHT="57" WIDTH="1766" VPOS="3971" HPOS="227" CS="1">
<String CONTENT="&#169;" HEIGHT="51" WIDTH="49" VPOS="3977" HPOS="227"/>
<SP HEIGHT="41" WIDTH="22" VPOS="3982" HPOS="283"/>
<String CONTENT="Dec." HEIGHT="38" WIDTH="110" VPOS="3982" HPOS="306"/>
<SP HEIGHT="39" WIDTH="29" VPOS="3981" HPOS="417"/>
<String CONTENT="31," HEIGHT="41" WIDTH="68" VPOS="3981" HPOS="447"/>
<SP HEIGHT="43" WIDTH="28" VPOS="3979" HPOS="516"/>
<String CONTENT="1934;" HEIGHT="46" WIDTH="140" VPOS="3978" HPOS="545"/>
<SP HEIGHT="47" WIDTH="27" VPOS="3977" HPOS="686"/>
<String CONTENT="2c." HEIGHT="39" WIDTH="66" VPOS="3977" HPOS="714"/>
<SP HEIGHT="28" WIDTH="32" VPOS="3987" HPOS="781"/>
<String CONTENT="and" HEIGHT="38" WIDTH="95" VPOS="3977" HPOS="814"/>
<SP HEIGHT="38" WIDTH="28" VPOS="3977" HPOS="910"/>
<String CONTENT="aff." HEIGHT="41" WIDTH="80" VPOS="3973" HPOS="939"/>
<SP HEIGHT="39" WIDTH="30" VPOS="3975" HPOS="1020"/>
<String CONTENT="Jan." HEIGHT="39" WIDTH="109" VPOS="3975" HPOS="1051"/>
<SP HEIGHT="39" WIDTH="30" VPOS="3975" HPOS="1161"/>
<String CONTENT="7," HEIGHT="45" WIDTH="39" VPOS="3975" HPOS="1192"/>
<SP HEIGHT="46" WIDTH="29" VPOS="3974" HPOS="1232"/>
<String CONTENT="1935;" HEIGHT="47" WIDTH="140" VPOS="3973" HPOS="1262"/>
<SP HEIGHT="47" WIDTH="31" VPOS="3973" HPOS="1403"/>
<!-- cceid 830DF517-6D82-1014-B070-FDFD250A9EDA --><String CONTENT="A" HEIGHT="39" WIDTH="41" VPOS="3973" HPOS="1435"/>
<SP HEIGHT="40" WIDTH="28" VPOS="3973" HPOS="1477"/>
<String CONTENT="79081;" HEIGHT="48" WIDTH="170" VPOS="3971" HPOS="1506"/>
<SP HEIGHT="46" WIDTH="32" VPOS="3973" HPOS="1677"/>
<String CONTENT="University" HEIGHT="51" WIDTH="283" VPOS="3973" HPOS="1710"/>
</TextLine>
<TextLine HEIGHT="106" WIDTH="1909" VPOS="3978" HPOS="290" CS="1">
<String CONTENT="of" HEIGHT="40" WIDTH="54" VPOS="3978" HPOS="2024"/>
<SP HEIGHT="42" WIDTH="29" VPOS="3978" HPOS="2079"/>
<String CONTENT="Chicago," HEIGHT="105" WIDTH="1909" VPOS="3979" HPOS="290"/>
<SP HEIGHT="47" WIDTH="27" VPOS="4036" HPOS="420"/>
<String CONTENT="Chicago." HEIGHT="47" WIDTH="221" VPOS="4035" HPOS="448"/>
<SP HEIGHT="47" WIDTH="69" VPOS="4034" HPOS="670"/>
<String CONTENT="(35-1422)" HEIGHT="50" WIDTH="250" VPOS="4031" HPOS="740"/>
</TextLine>
</TextBlock>
</PrintSpace>
</Page>
</Layout>
</alto>