2424 4375
1069 4108 133 49 1439

138 484 344 63 Stevenson,
509 484 306 62 Margaret
842 482 52 54 J.

206 558 216 55 Nature
477 558 166 68 facts,
693 558 76 68 by
819 558 295 67 Margaret
1164 558 56 54 J.
1275 557 328 55 Stevenson.
1679 555 227 68 Olathe,
1957 556 169 67 Kan.,

135 639 294 66 Margaret
455 637 55 55 J.
544 637 310 55 Stevenson
888 639 173 64 [c1935]

208 707 520 51 87 p. illus. 18 ½ cm.
209 765 280 42 “Revised.”

136 833 54 54 ©
221 839 126 46 Sept.
377 837 69 46 21,
475 835 112 41 1935;
646 836 66 39 2c.
746 836 126 47 Sept.
902 834 56 39 24;
1017 832 79 41 aff.
1132 834 127 47 Sept.
1290 833 55 40 23;
1404 832 43 39 A
1475 831 143 42 87542;
1676 833 64 39 M.
1771 832 44 40 J.
1849 833 279 39 Stevenson.

211 893 280 50 [Copyright
517 892 42 40 is
587 891 204 41 claimed
819 901 58 31 on
906 902 106 28 new
1040 892 181 38 matter
1246 890 95 39 and
1369 888 344 50 illustrations]

214 950 280 50 (35-19528)

138 1039 227 64 Stuart,
392 1039 239 64 Robert,
661 1040 323 53 1785-1848.

207 1118 120 52 The
366 1116 292 67 discovery
695 1116 63 53 of
796 1116 91 51 the
926 1113 231 69 Oregon
1191 1112 165 68 trail;
1397 1113 215 54 Robert
1652 1112 243 57 Stuart’s
138 1131 1967 118 narratives
317 1195 63 53 of
413 1196 90 52 his
539 1194 271 53 overland
847 1193 117 67 trip
1001 1193 279 53 eastward
1317 1192 152 53 from
1504 1191 234 54 Astoria
1774 1193 61 52 in
1873 1194 255 50 1812-13.

139 1275 172 51 From
351 1273 96 53 the
486 1272 246 68 original
773 1272 378 66 manuscripts
1194 1270 60 52 in
1293 1271 95 52 the
1430 1270 296 54 collection
1768 1269 64 54 of
1870 1268 259 56 William

135 1350 317 54 Robertson
498 1348 129 64 Coe,
669 1366 128 51 esq.,
839 1352 57 49 to
939 1346 186 54 which
1168 1349 48 53 is
1259 1347 183 53 added
1462 1365 10 34 :
1514 1346 96 53 An
1652 1350 236 49 account
1931 1347 65 52 of
2036 1347 94 53 the

138 1428 310 69 Tonquin’s
489 1445 218 51 voyage
751 1428 111 52 and
906 1426 64 54 of
1015 1431 192 49 events
1252 1433 59 47 at
1354 1428 145 52 Fort
1540 1425 235 56 Astoria
1858 1429 238 52 〈1811-12〉

140 1508 111 53 and
281 1507 223 55 Wilson
535 1507 163 53 Price
728 1505 211 54 Hunt’s
971 1505 167 67 diary
1169 1504 63 55 of
1260 1504 91 53 his
1381 1506 272 52 overland
1683 1505 119 68 trip
1834 1506 296 52 westward

140 1590 56 49 to
223 1586 233 53 Astoria
482 1584 59 53 in
575 1588 253 49 1811-12.
892 1583 341 54 Translated
1263 1583 155 53 from
1444 1583 304 54 Nouvelles
1777 1583 229 54 annales
2036 1585 96 52 des

140 1679 260 51 voyages,
433 1662 185 66 Paris,
654 1664 162 64 1821;
854 1661 188 53 edited
1076 1662 76 66 by
1187 1659 200 69 Philip
1424 1661 226 52 Ashton
1683 1661 241 53 Rollins.
1993 1662 137 53 New

143 1740 176 67 York,
345 1740 257 66 London,
630 1740 61 55 C.
723 1739 310 56 Scribner’s
1061 1758 145 47 sons,
1236 1741 150 51 1935.

209 1811 211 49 cxxxvii,
447 1811 86 42 391
561 1822 44 38 p.
663 1811 30 40 2
720 1813 123 47 port.
881 1811 134 49 (incl.
1044 1811 176 48 front.)
1257 1821 136 38 maps
1430 1810 49 49 (1
1509 1809 198 49 double)
1743 1810 215 42 facsims.
2015 1813 116 40 25cm.

485 1867 1646 49 CONTENTS. — Abbreviations used in footnotes when citing certain
139 1936 194 32 sources
373 1925 68 49 (p.
471 1923 532 49 xv-xxxiii)—Robert
1036 1924 185 48 Stuart,
1250 1923 331 49 biographical
1611 1924 522 41 note.—Foreword.—

140 1983 181 41 Robert
353 1981 210 43 Stuart’s
595 1981 197 49 journal
825 1982 94 39 and
952 1980 262 49 travelling
1243 1980 731 42 memoranda.—Translations
2006 1983 126 40 from

140 2040 257 41 Nouvelles
430 2040 201 39 annales
662 2039 87 39 des
777 2047 222 39 voyages,
1033 2039 58 39 de
1123 2039 47 39 la
1203 2036 291 50 géographie
1525 2038 47 39 et
1605 2038 58 39 de
1693 2037 253 50 l’histoire,
1977 2050 45 36 x,
2057 2051 74 37 pp.

140 2095 188 43 5-88.—
331 2095 177 41 Indian
532 2094 151 42 tribes
710 2094 274 41 mentioned
1011 2095 62 47 by
1099 2093 186 42 Stuart.

142 2155 53 54 ©
225 2161 127 47 Sept.
381 2159 71 48 25,
480 2159 114 40 1935;
653 2159 66 39 2c.
751 2158 101 40 Oct.
883 2158 52 38 11;
996 2157 82 40 aff.
1110 2158 101 40 Oct.
1243 2157 54 40 10;
1357 2158 39 39 A
1429 2157 146 41 87600;
1634 2159 202 40 Charles
1870 2159 264 42 Scribner’s

208 2227 124 30 sons.
403 2214 280 50 (35-19382)

143 2306 296 63 Swenson,
465 2304 156 54 John
649 2304 239 54 Robert.

143 2381 1967 225 Why on earth did it happen? The geographic factors conditioning American history, by John Robert Swenson … Dallas, Tex., Tardy publishing company, inc. [c1935]
211 2609 1103 50 4 p. l., 256 p. illus. (incl. maps) 22½cm.
212 2667 103 41 The
360 2666 227 40 material
635 2666 51 40 in
734 2666 82 40 the
866 2667 195 47 present
1108 2666 190 41 volume
1347 2667 258 47 gradually
1653 2667 336 41 accumulated
2038 2671 95 39 and

144 2725 238 46 arranged
418 2722 138 40 itself
591 2723 49 39 in
677 2724 82 38 the
791 2732 191 38 process
1016 2722 52 40 of
1101 2722 388 48 supplementing
1525 2724 94 39 and
1656 2723 323 48 interpreting
2016 2725 118 39 Miss

147 2777 225 49 Semple’s
412 2778 283 40 “American
732 2777 187 48 history
954 2779 96 40 and
1088 2778 64 40 its
1190 2778 291 49 geographic
1517 2777 300 42 conditions”.
1893 2781 61 48 cf.
145 2781 1972 95 Foreword.

146 2887 51 53 ©
220 2893 118 47 Aug.
363 2892 69 48 23,
456 2892 117 40 1935
588 2902 8 29 :
622 2891 67 40 2c.
717 2892 127 47 Sept.
870 2891 53 39 12;
979 2890 80 40 aff.
1089 2892 126 46 Sept.
1241 2891 55 39 26;
1350 2892 39 38 A
1415 2892 143 40 87278;
1612 2893 164 47 Tardy
1801 2894 108 47 pub.
1935 2904 82 37 co.,
2044 2894 90 40 inc.

223 2947 278 49 (35-19384)

146 3035 206 54 Texas.
428 3038 179 52 Court
635 3038 63 64 of
725 3036 260 53 criminal
1013 3037 248 67 appeals.

216 3113 1919 73 The Texas criminal reports; cases determined … during
148 3191 321 67 December,
504 3196 150 61 1933,
687 3195 278 64 January,
998 3193 295 67 February
1325 3194 112 52 and
1469 3200 133 61 part
1634 3194 64 52 of
1727 3196 221 66 March,
1983 3198 149 51 1934.

149 3269 285 67 Reported
479 3271 75 66 by
600 3270 220 67 George
868 3270 259 54 Calhoun.
1218 3288 51 36 v.
1320 3274 114 50 125.
1515 3272 247 67 [Austin,
1807 3275 154 65 Tex.]
2013 3275 122 53 The

153 3346 156 55 State
337 3348 62 52 of
429 3349 201 64 Texas,
661 3351 149 50 1935.

214 3419 98 49 xxi,
340 3419 87 42 739
452 3432 41 37 p.
551 3421 116 40 24cm.

150 3470 51 53 ©
227 3476 100 41 Oct.
357 3477 69 47 17,
454 3476 113 41 1935;
623 3477 68 40 2c.
720 3477 95 40 and
842 3476 81 41 aff.
955 3477 100 40 Oct.
1084 3477 54 39 21;
1198 3478 44 38 A
1264 3477 142 41 87822;
1467 3478 185 49 George
1680 3478 233 48 Calhoun,
1943 3481 191 49 Austin,

214 3532 112 41 Tex.

151 3617 349 68 Thompson,
526 3622 203 53 James
754 3621 205 56 Alden.

154 3694 1974 152 Count Rumford of Massachusetts, by James Alden Thompson … New York, Farrar & Rinehart, incorporated [c1935]
221 3842 95 49 xvi,
347 3844 86 41 275
461 3855 42 38 p.
563 3845 164 43 front.,
760 3848 168 46 plates,
959 3848 148 47 ports.
1166 3848 146 40 21½cm.

223 3899 372 50 Bibliography:
629 3913 42 37 p.
703 3902 216 42 271-275.

154 3950 51 53 ©
240 3956 98 41 Oct.
375 3959 68 45 14,
479 3958 139 47 1935;
653 3960 66 39 2c.
757 3960 101 39 Oct.
894 3960 80 42 16;
1014 3957 81 43 aff.
1134 3960 100 40 Oct.
1271 3960 81 45 15;
1390 3961 42 38 A
1467 3959 168 47 87698;
1676 3961 42 40 J.
1756 3962 53 40 A.
1845 3961 288 49 Thompson,

220 4013 101 39 Mill
349 4015 183 47 Valley,
559 4015 143 41 Calif.
776 4015 277 49 (35-19531)
