2424 4375
1086 3989 99 52 897

149 373 235 63 Aitken,
412 373 219 53 Robert
662 372 206 63 Grant,
896 377 171 50 1864-

217 449 121 53 The
365 448 205 69 binary
599 453 165 63 stars,
792 448 76 68 by
897 448 211 52 Robert
1142 447 189 55 Grant
1360 447 215 53 Aitken
1612 491 56 10 …
1737 448 72 52 2d
1841 447 83 52 ed.
1994 447 137 52 New

152 526 159 52 York
344 526 113 51 and
490 526 257 66 London,
779 524 427 54 McGraw-Hill
1240 525 146 52 book
1420 541 297 50 company,
1748 523 126 65 inc.,
1911 526 149 48 1935.

219 599 82 46 xii,
328 598 85 41 309
438 609 41 37 p.
508 598 108 40 incl.
643 598 163 48 front.,
834 598 142 46 illus.,
1005 598 176 48 diagrs.
1242 597 54 40 23½
1329 597 44 22 cm
1379 628 8 8 .
1457 596 298 49 (Half-title:
1782 595 344 42 McGraw-Hill

150 654 340 41 astronomical
515 653 163 48 series,
706 655 53 39 E.
786 655 54 39 A.
867 654 140 47 Fath,
1033 653 274 49 consulting
1331 653 182 48 editor)

220 710 344 41 “References”
594 713 52 38 at
672 711 91 39 end
791 710 51 41 of
867 710 117 40 each
1011 710 200 47 chapter
1238 712 169 45 except
1433 711 109 40 two.

146 764 54 53 ©
225 770 113 46 May
363 768 70 47 28,
461 768 116 40 1935
591 778 9 35 ;
631 767 68 40 2c.
726 769 114 46 May
867 769 80 44 31;
980 765 81 42 aff.
1090 767 126 40 June
1245 769 80 44 11;
1358 767 40 38 A
1427 766 170 47 83540;
1629 765 350 42 McGraw-Hill
2008 766 122 40 book

214 835 81 37 co.,
321 825 89 40 inc.
480 823 249 48 (35-9243)

151 914 348 65 Alexander,
531 915 265 54 Chester.

218 991 118 52 The
364 991 100 68 big
489 993 172 52 house
690 1011 72 33 on
790 993 96 50 the
914 991 151 62 Gila,
1094 991 228 52 written
1350 992 76 67 by
1456 1009 72 35 an
1556 992 333 66 ex-convict,
154 996 1951 141 centering

283 1070 217 52 around
531 1070 220 52 convict
782 1069 104 53 life
918 1070 112 51 and
1061 1068 317 54 conditions
1410 1070 183 52 inside
1622 1069 96 52 the
1750 1070 159 52 walls
1940 1069 63 53 of
2035 1070 95 51 the

148 1146 248 54 Arizona
435 1153 144 47 state
617 1148 196 67 prison
851 1152 60 48 at
947 1149 288 64 Florence,
1272 1148 267 52 Arizona.
1619 1150 293 65 [Prescott,
1948 1146 176 68 Ariz.]

147 1228 147 49 1934.

214 1296 905 50 2 p. l., 8 3 p. illus. (ports.) 20 cm .
147 1351 51 52 ©
220 1356 107 39 Jan.
353 1355 39 45 2,
418 1353 112 41 1934
548 1364 9 36 ;
582 1353 67 41 2c.
675 1355 109 39 Jan.
809 1355 53 46 8;
889 1354 81 40 aff.
996 1354 109 40 Jan.
1129 1354 56 39 24
1203 1365 8 35 ;
1241 1355 40 38 A
1306 1354 141 40 68981
1466 1366 9 35 ;
1504 1355 49 40 C.
1581 1355 288 47 Alexander,
1896 1356 234 47 Prescott,

213 1411 125 40 Ariz.

146 1499 249 64 Allman,
425 1501 257 52 Herbert
712 1500 207 65 David,
952 1506 171 50 1863-

214 1577 55 52 A
295 1576 208 68 unique
532 1575 353 69 institution;
917 1579 94 52 the
1039 1584 156 61 story
1223 1577 63 54 of
1314 1580 96 51 the
1439 1577 271 55 National
1741 1579 152 53 farm
1923 1581 206 64 school,

147 1654 74 68 by
249 1654 249 53 Herbert
526 1656 70 52 D.
628 1655 249 52 Allman.
952 1654 424 68 Philadelphia,
1406 1655 241 55 Printed
1678 1655 93 52 for
1800 1658 94 50 the
1925 1659 204 51 author

147 1731 73 69 by
248 1732 94 54 the
372 1730 216 57 Jewish
618 1732 351 68 publication
1000 1731 210 69 society
1240 1732 64 52 of
1332 1733 283 65 America,
1648 1737 149 50 1935.

212 1804 1838 50 3 p. l., ix-xiv p., 2 l., 3-222 p. plates, port., facsims., diagrs. 23½cm.
212 1863 147 39 Plans
386 1872 62 31 on
473 1861 360 49 lining-papers.

147 1916 51 52 ©
221 1919 127 40 June
368 1919 40 47 5,
431 1917 116 42 1935
561 1930 9 35 ;
597 1919 65 40 2c.
688 1919 128 40 June
837 1920 52 39 13
908 1930 9 35 ;
943 1919 81 39 aff.
1050 1919 129 39 June
1201 1919 57 40 15
1273 1930 9 35 ;
1308 1919 41 39 A
1372 1918 146 42 83590
1532 1930 9 36 ;
1570 1920 60 39 H.
1654 1920 56 38 D.
1736 1919 207 46 Allman,
211 1919 1899 106 Philadelphia.
490 1975 224 49 (35-9284)

147 2062 245 66 Arthur,
424 2063 225 64 George
678 2064 237 63 Robert,
948 2065 170 54 1879-

214 2139 131 55 Life
384 2159 72 34 on
492 2140 95 54 the
623 2140 191 67 Negro
853 2140 272 68 frontier;
1165 2160 31 34 a
1233 2141 172 65 study
1443 2140 64 54 of
1543 2141 94 53 the
1677 2140 301 67 objectives
2016 2142 110 52 and

146 2216 94 54 the
282 2235 211 35 success
539 2217 64 54 of
646 2217 97 54 the
788 2217 277 55 activities
1114 2218 296 66 promoted
1454 2218 60 52 in
1559 2218 95 53 the
1700 2218 211 66 Young
1956 2217 171 54 men’s

147 2293 291 54 Christian
463 2293 363 55 associations
852 2296 300 65 operating
1175 2296 61 52 in
1262 2294 409 54 “Rosenwald”
1690 2294 292 68 buildings
2029 2295 93 67 [by]

147 2369 216 69 George
391 2372 70 52 R.
492 2371 241 53 Arthur.
799 2372 139 52 New
969 2371 181 66 York,
1179 2371 358 53 Association
1567 2389 175 48 press,
1774 2374 151 50 1934.

213 2441 99 50 viii,
340 2443 86 40 259
453 2454 43 38 p.
556 2443 169 48 plates,
751 2453 150 39 maps.
961 2443 57 40 19½
1049 2444 45 23 cm
1097 2475 9 8 .

147 2495 51 52 ©
220 2500 116 39 Nov.
363 2502 39 44 1,
430 2501 113 39 1934
561 2511 8 35 ;
597 2500 68 40 2c.
690 2501 128 39 June
841 2500 68 40 26,
936 2500 140 46 1935;
1105 2499 80 40 aff.
1214 2500 129 40 June
1365 2500 55 38 21
1438 2510 9 35 ;
1477 2500 40 38 A
1543 2499 169 47 84475;
1743 2499 206 41 General
1978 2501 150 40 board

215 2556 52 40 of
289 2557 53 39 Y.
369 2558 62 38 M.
459 2557 47 40 C.
533 2557 68 46 A.,
627 2557 117 39 New
769 2557 142 39 York.
982 2556 279 47 (35-27187)

147 2630 248 66 Aurner,
424 2631 220 53 Robert
673 2633 146 61 Ray,
852 2636 169 49 1898-

215 2705 275 54 Effective
537 2708 244 65 English
825 2708 60 51 in
929 2707 270 65 business,
1243 2708 75 63 by
1361 2708 215 51 Robert
1617 2709 129 63 Ray
1789 2707 228 52 Aurner
2066 2749 56 11 …

148 2782 343 67 Cincinnati,
533 2783 140 53 New
715 2783 162 53 York
942 2789 119 60 [etc.]
1114 2782 446 56 South-western
1604 2784 334 65 publishing
146 2802 1958 123 company
334 2893 13 33 [
351 2865 19 22 c
375 2863 131 50 1935]

214 2930 134 50 xviii,
377 2931 83 41 681
487 2944 43 37 p.
557 2932 109 40 incl.
694 2933 142 46 illus.,
863 2932 192 48 diagrs.,
1082 2932 167 40 forms.
1308 2931 55 39 22½
1397 2934 43 21 cm
1445 2963 9 9 .

217 2986 263 43 “Selective
505 2987 111 42 lists
642 2988 51 41 of
717 2988 220 41 business
964 2987 175 42 books”
1157 2998 10 29 :
1195 2999 44 37 p.
1267 2987 213 41 625-633.

147 3039 51 52 ©
225 3044 124 42 June
376 3045 39 46 6,
443 3045 140 46 1935;
613 3045 67 39 2c.
709 3044 96 40 and
833 3044 80 40 aff.
943 3044 127 40 June
1098 3043 82 48 29;
1209 3045 40 38 A
1278 3044 169 46 83842;
1482 3045 55 39 R.
1569 3045 54 39 R.
1652 3044 205 48 Aurner,
1889 3045 236 48 Madison,

211 3100 115 41 Wis.
395 3101 223 48 (35-9272)

145 3173 218 66 Bailey,
390 3176 207 53 Albert
626 3176 270 65 Edward,
925 3176 170 56 1871-

217 3250 241 71 History
494 3252 63 53 of
592 3255 95 50 the
723 3253 244 52 Hebrew
1004 3253 482 65 commonwealth,
1521 3253 77 66 by
1633 3254 203 53 Albert
1874 3255 252 53 Edward

150 3329 203 68 Bailey
401 3372 56 11 …
510 3331 111 52 and
671 3330 232 56 Charles
951 3332 201 51 Foster
1199 3331 154 51 Kent
1406 3374 55 9 …
1540 3332 136 52 Rev.
1726 3332 111 52 and
1885 3334 106 51 enl.
2042 3334 82 52 ed.

148 3404 161 55 With
367 3426 160 49 maps
588 3408 112 52 and
760 3406 391 54 illustrations.
1226 3407 138 53 New
1425 3407 178 66 York,
1665 3408 249 68 Chicago
2001 3416 118 61 [etc.]

150 3484 772 69 C. Scribner’s sons [ c 1935]
220 3556 1422 48 xxiv p., 2 l., 424 p. fold, front., illus., maps. 19½cm.
147 3609 51 52 ©
224 3614 126 40 June
374 3615 66 45 13,
469 3613 139 46 1935;
636 3612 65 42 2c.
731 3614 129 39 June
882 3614 82 47 22;
994 3614 81 40 aff.
1101 3614 128 39 June
1255 3614 81 45 27;
1366 3614 40 37 A
1433 3612 169 48 83799;
1633 3614 205 40 Charles.
1864 3612 263 44 Scribner’s

218 3680 121 30 sons.
410 3671 248 47 (35-9373)

218 3743 119 54 The
363 3745 394 64 Bazalgettes,
787 3763 32 33 a
845 3744 127 54 tale.
1036 3744 259 66 London,
1321 3745 76 51 H.
1427 3744 302 53 Hamilton
1781 3748 150 64 [1935]

219 3816 328 46 383 p. 19 cm .
151 3866 1978 55 © 1c. May 24, 1935 ; A ad int. 20283 ; pubd. Mar. 28 ; Harper & bros., New
215 3927 142 39 York.
427 3927 247 48 (35-9860)
