2424 4375
1038 4083 132 49 1445

116 477 199 64 Davis,
343 478 173 56 Tech.

181 548 1921 74 Terror at Compass lake [ by] Tech Davis … Garden City,
113 631 68 55 N.
218 631 90 67 Y.,
340 631 141 53 Pub.
518 630 93 53 for
642 632 97 51 the
772 628 192 57 Crime
995 629 146 70 club,
1172 631 127 67 inc.,
1331 631 76 67 by
1438 629 356 71 Doubleday,
1825 631 200 54 Doran
2058 634 45 50 &

112 728 295 50 company,
436 708 126 68 inc.,
593 711 150 51 1935.

183 793 1031 51 5 p.. l. , 322 p. incl. front. (plan) 20 cm .
185 864 161 40 “First
375 862 226 42 edition.”

115 931 51 53 ©
194 935 99 40 Oct.
323 935 67 40 18.
420 934 112 40 1935;
589 934 66 41 2c.
685 935 94 38 and
808 934 81 39 aff.
918 934 102 40 Oct.
1048 934 54 40 31;
1161 934 39 38 A
1226 933 143 40 88066;
1427 935 49 39 T.
1507 935 165 48 Davis,
1702 937 119 40 New
1846 938 143 40 York.

191 991 277 48 (35-20677)

117 1096 226 63 Dawes,
372 1095 245 54 Charles
644 1094 199 65 Gates,
874 1100 172 50 1865-

185 1169 1858 69 Notes as vice president, 1928-1929, by Charles G. Dawes …
117 1249 229 67 Boston,
373 1248 192 66 Little,
593 1247 228 67 Brown,
852 1248 111 53 and
993 1265 293 50 company,
1319 1251 148 50 1935.

187 1335 1199 50 4 p. l. , [3]-329 p. front., plates, ports. 23 cm .
115 1402 51 53 ©
197 1407 101 40 Oct.
329 1407 67 47 18,
428 1405 140 48 1935;
599 1406 68 40 2c.
698 1407 96 39 and
822 1405 81 41 aff.
936 1406 87 40 Oct
1054 1405 82 47 22;
1169 1406 43 39 A
1241 1405 170 48 86893;
1447 1407 49 40 C.
1530 1407 52 40 G.
1616 1408 189 48 Dawes,
1840 1409 262 48 Evanston,

184 1464 73 39 Ill.
327 1463 280 49 (35-20089)

118 1567 82 52 De
228 1567 369 64 Schweinitz,
625 1567 162 65 Karl,
817 1569 169 52 1887-

185 1641 275 69 Growing
496 1659 108 51 up;
647 1643 96 53 the
781 1647 155 61 story
979 1641 61 51 of
1080 1641 125 52 how
1246 1659 82 34 we
1367 1641 222 54 become
1628 1641 164 68 alive,
1833 1660 95 35 are
1965 1643 140 53 born

116 1719 111 52 and
253 1737 155 50 grow
435 1736 96 52 up,
557 1719 76 69 by
658 1719 149 53 Karl
834 1719 66 53 de
927 1718 357 54 Schweinitz.
1358 1718 72 52 2d
1458 1719 83 51 ed.
1572 1737 113 35 rev.
1760 1719 137 54 New
1929 1719 177 69 York,

115 1797 120 53 The
262 1797 333 54 Macmillan
623 1814 294 52 company,
948 1798 148 51 1935.

186 1884 56 41 95
269 1896 43 38 p.
341 1884 107 41 incl.
475 1885 164 47 front.,
664 1884 144 49 illus.,
836 1885 169 48 plates.
1061 1884 56 40 21
1120 1886 44 22 cm
1169 1916 8 9 .

116 1951 50 53 ©
195 1956 100 40 Oct.
323 1956 69 47 15,
420 1953 113 42 1935;
588 1954 67 41 2c.
684 1956 96 39 and
807 1954 80 40 aff.
918 1954 102 41 Oct.
1049 1954 57 40 16;
1160 1955 40 38 A
1226 1955 141 40 87733;
1426 1953 283 42 Macmillan
1735 1966 67 30 co.

194 2012 278 47 (35-20078)

116 2113 271 64 Dickens,
417 2113 261 64 Charles,
711 2113 322 54 1812-1870.

182 2190 211 68 People
430 2190 152 52 from
618 2189 276 68 Dickens;
933 2208 33 34 a
1000 2189 388 68 presentation
1421 2189 64 53 of
1518 2189 233 70 leading
1785 2189 319 53 characters

118 2269 148 53 from
292 2269 96 52 the
413 2267 173 55 books
612 2267 63 53 of
704 2266 235 55 Charles
963 2265 267 69 Dickens,
1258 2269 280 66 arranged
1566 2268 74 67 by
1665 2268 214 53 Rachel
1907 2268 193 68 Field;

116 2347 137 53 with
292 2346 379 53 illustrations
707 2345 75 68 by
819 2345 247 53 Thomas
1103 2345 273 67 Fogarty.
1451 2345 138 52 New
1630 2345 180 69 York,
1847 2347 258 69 London,

117 2424 59 54 C.
213 2423 311 56 Scribner’s
557 2441 145 50 sons,
739 2425 148 49 1935.

185 2500 101 46 viii,
322 2500 71 48 [1],
425 2497 99 48 208,
559 2498 55 48 [1]
647 2507 42 37 p.
722 2496 109 41 incl.
863 2496 142 48 illus.,
1036 2495 169 49 plates,
1267 2496 87 40 col.
1386 2495 163 49 front.,
1580 2498 87 39 col.
1700 2498 172 46 plates.
1930 2499 57 40 24
1989 2502 44 22 cm
2038 2532 9 9 .

186 2568 366 47 Lining-papers
584 2566 280 40 illustrated
891 2566 49 40 in
971 2565 169 41 colors.

523 2636 40 39 CONTENTS.—A
603 2635 102 42 tale
740 2635 52 39 of
830 2636 93 38 two
962 2633 374 42 cities.—David
1379 2635 313 47 Copperfield.
1695 2638 275 49 —Dombey
2009 2642 94 39 and

118 2692 416 48 son.—Pip.—Old
563 2690 234 47 curiosity
827 2689 359 47 shop.—Oliver
1216 2690 376 42 Twist.—Caleb
1624 2693 246 40 Plummer
1896 2697 95 37 and
2024 2697 81 40 the

121 2750 128 39 blind
285 2747 398 50 girl.—Nicholas
721 2745 246 48 Nickleby.

121 2815 50 53 ©
202 2820 98 40 Oct.
334 2821 69 45 11,
433 2818 113 40 1935;
607 2817 67 40 2c.
706 2817 100 40 Oct.
839 2816 56 40 19;
956 2814 80 42 aff.
1071 2816 100 40 Oct.
1205 2816 58 39 25;
1323 2817 40 38 A
1396 2816 141 41 89041;
1602 2818 201 42 Charles
1841 2819 263 44 Scribner’s

187 2887 124 28 sons.
380 2874 279 49 (35-20676)

122 2977 333 65 Dickinson,
482 2978 173 64 John,
684 2982 170 50 1894-

189 3056 155 53 Hold
373 3056 116 52 fast
510 3056 96 51 the
628 3054 215 53 middle
869 3072 124 48 way;
1050 3072 73 35 an
1147 3053 215 53 outline
1388 3054 63 52 of
1477 3056 281 52 economic
1785 3055 319 70 challenges

126 3131 1973 70 and alternatives [by] John Dickinson … Boston, Little.
122 3208 223 70 Brown,
373 3209 112 54 and
515 3226 292 50 company,
838 3210 149 49 1935.

189 3296 64 48 xi,
284 3298 98 47 238,
417 3299 55 48 [1]
505 3308 43 37 p.
605 3295 58 41 19½
693 3298 43 22 cm
742 3328 8 9 .

124 3361 50 53 ©
202 3367 99 40 Oct.
327 3368 41 46 4,
396 3368 116 39 1935;
566 3367 66 40 2c.
660 3367 96 40 and
783 3366 81 40 aff.
893 3366 101 40 Oct.
1022 3366 53 46 5;
1104 3366 43 39 A
1172 3365 170 42 86600:
1373 3366 44 39 J.
1443 3365 279 48 Dickinson,
1751 3365 353 50 Philadelphia.

200 3423 276 48 (35-20080)

125 3524 196 65 Dobie,
346 3527 203 53 James
575 3526 216 65 Frank,
822 3530 169 49 1888-

254 3599 1852 72 … Tongues of the monte. Garden City, N. Y., Doubleday,
125 3676 190 55 Doran
343 3681 45 50 &
418 3697 293 50 company,
740 3678 126 69 inc.,
896 3680 148 50 1935.

195 3766 65 41 vii
286 3777 57 38 p.,
371 3767 24 39 1
457 3798 9 16 l.,
492 3767 84 40 301
604 3778 43 37 p.
703 3766 128 41 illus.
885 3765 56 40 24
943 3767 44 22 cm
993 3797 8 9 .

195 3834 63 40 At
283 3835 124 41 head
435 3836 53 39 of
511 3836 110 40 title:
677 3836 41 40 J.
747 3835 164 40 Frank
938 3833 166 42 Dobie.

196 3891 160 41 “First
385 3891 224 41 edition.”

126 3954 52 53 ©
204 3961 100 40 Oct.
330 3963 69 48 18,
422 3962 115 41 1935;
592 3963 65 40 2c.
686 3965 94 38 and
807 3962 81 40 aff.
918 3962 100 40 Oct.
1046 3962 58 39 25;
1158 3962 39 38 A
1225 3959 142 42 87926:
1426 3962 41 38 J.
1498 3961 50 40 F.
1578 3961 164 47 Dobie,
1771 3960 191 47 Austin,
1990 3960 114 40 Tex.

204 4017 275 49 (35-20086)
