2424 4375
1228 4056 134 47 1140

295 439 313 65 Lampson,
639 440 207 63 Robin,
880 445 171 49 1900-

363 515 353 52 Terza-rima
753 521 242 61 sonnets,
1031 515 76 74 by
1144 514 187 53 Robin
1370 516 304 66 Lampson.
1752 515 294 68 Berkeley,
2085 514 194 66 Calif.,

293 591 242 54 Printed
563 591 45 54 &
633 590 132 73 pub.
792 591 76 69 by
891 590 91 55 W.
1014 591 242 69 Bentley
1287 598 58 46 at
1374 591 95 54 the
1495 592 327 68 Archetype
1853 609 174 51 press,
2059 594 150 49 1935.

365 664 54 41 53
445 673 57 39 p.,
533 664 24 40 1
607 695 9 9 l.
674 663 56 40 21½cm.

371 732 1910 49 “Only 500 copies have been issued … The text has been hand, set in
301 787 1983 51 Goudy modern type. … The first 125 copies have been numbered &
297 845 1257 50 signed, by the author … This is copy no. 145.”
298 914 52 52 ©
380 919 119 47 Aug.
531 918 39 47 6,
602 918 118 41 1935;
776 918 67 40 2c.
874 920 95 38 and
1001 918 83 41 aff.
1115 920 119 47 Aug.
1267 920 82 45 14;
1384 920 42 38 A
1455 919 170 42 85464;
1660 920 55 39 R.
1749 920 253 48 Lampson,
2035 919 247 48 Berkeley,

367 974 144 41 Calif.
582 975 279 49 (35-13652)

298 1079 173 64 Lehr,
502 1081 138 53 Mrs.
672 1079 307 54 Elizabeth
1011 1080 275 65 (Drexel)

365 1154 196 70 “King
587 1154 187 53 Lehr”
799 1157 112 52 and
939 1156 95 53 the
1059 1155 193 70 gilded
1282 1174 122 50 age,
1429 1155 77 70 by
1534 1155 300 54 Elizabeth
1862 1156 211 55 Drexel
2099 1155 178 67 Lehr.;

297 1230 138 55 with
469 1237 245 49 extracts
749 1232 151 53 from
932 1233 95 53 the
1061 1233 196 54 locked
1295 1233 165 68 diary
1494 1232 64 54 of
1592 1233 199 68 Harry
1824 1234 152 51 Lehr;
2042 1231 140 54 with
2218 1234 64 50 32

297 1309 393 55 illustrations.
769 1310 425 69 Philadelphia,
1238 1311 258 68 London,
1539 1311 56 54 J.
1641 1312 66 52 B.
1755 1310 336 69 Lippincott
297 1326 1959 131 company,
496 1392 149 49 1935.

366 1461 86 40 332
481 1470 43 39 p.
585 1460 162 49 front.,
776 1460 170 49 plates,
978 1462 148 47 ports.
1186 1460 55 39 22½cm.

369 1530 212 41 “Second
607 1530 330 48 impression.”

301 1600 52 51 ©
377 1605 121 45 Aug.
523 1603 38 46 6,
589 1602 113 40 1935;
757 1603 67 39 2c.
854 1604 93 38 and
974 1603 82 39 aff.
1079 1604 123 46 Aug.
1229 1602 54 39 21;
1341 1604 40 37 A
1408 1602 143 40 85569;
1609 1605 52 37 E.
1690 1605 56 37 D.
1775 1604 138 47 Lehr,
1944 1602 152 41 Paris.

379 1659 279 48 (35-13644)

296 1762 122 52 The
457 1762 239 53 Lincoln
738 1761 217 67 library
995 1762 64 52 of
1099 1761 261 53 essential
1403 1761 404 66 information;
1852 1781 71 34 an
1965 1761 320 69 up-to-date

365 1838 229 53 manual
623 1837 94 52 for
743 1837 155 70 daily
925 1837 300 68 reference,
1254 1837 93 53 for
1376 1837 492 68 self-instruction,
1897 1836 111 52 and
2037 1837 92 53 for
366 1853 1895 115 general

528 1913 1755 71 culture … thoroughly revised at each new printing.
369 1991 248 69 Buffalo,
653 1993 67 51 N.
761 1993 88 67 Y.,
884 1992 123 52 The
1044 1993 263 52 Frontier
1348 2010 152 50 press
1535 2009 293 53 company,
1864 1995 148 49 1935.

368 2064 1916 51 1 p. l. , 7-2174 p. illus. (incl. maps, music) plates (part col.) ports.,
298 2121 178 47 diagrs.
536 2120 117 41 25cm.

369 2188 347 50 Bibliography
745 2194 52 37 at
825 2192 91 39 end
945 2191 52 40 of
1028 2192 116 39 each
1177 2191 197 41 section.

303 2256 1875 56 © A ug. 19, 1935; 2c. and aff. Aug. 20; A 84998; Frontier press co.
381 2321 279 47 (35-13897)

298 2425 189 64 Lowe,
517 2425 264 54 Boutelle
810 2424 335 65 Ellsworth,
1178 2431 170 50 1890-

370 2501 120 53 The
533 2500 402 54 international
978 2500 314 68 protection
1336 2501 62 52 of
1440 2501 159 52 labor;
1671 2499 417 55 International
2129 2498 158 55 labor

301 2577 1925 70 organization, history and law, by Boutelle Ellsworth Lowe …
301 2655 137 52 New
472 2656 102 68 ed.,
610 2674 112 36 rev.
759 2655 113 52 and
905 2654 106 54 enl.
1086 2655 136 52 New
1261 2654 177 70 York,
1473 2655 122 52 The
1628 2653 331 55 Macmillan
1996 2672 291 51 company,

304 2734 149 50 1935.

370 2802 157 48 lxxiii,
555 2801 85 41 594
667 2812 43 37 p.
770 2802 145 41 22½cm.

373 2872 83 39 “In
488 2872 83 40 the
595 2872 108 40 first
728 2872 181 40 edition
939 2872 52 40 of
1020 2872 98 40 this
1147 2872 136 45 hook,
1313 2872 81 41 the
1423 2874 214 46 story-of
1665 2874 81 39 the
1776 2873 347 41 international
2153 2873 134 40 labor

303 2932 268 37 movement
613 2929 152 39 ended
808 2928 119 44 with
969 2929 103 43 the.
1093 2930 171 39 second
1310 2930 183 46 session
1536 2931 51 38 of
1630 2931 83 39 the
1756 2931 354 39 International
2153 2930 133 40 labor

301 2984 282 41 conference
605 2988 52 37 at
677 2984 161 41 Genoa
864 2985 46 38 in
935 2984 127 41 1920.
1123 2986 118 38 This
1264 2986 181 39 edition
1471 2987 250 38 continues
1747 2988 80 38 the
1850 2990 202 37 account
2080 2984 203 50 through

304 3041 80 39 the
416 3041 279 47 eighteenth
728 3041 183 39 session
946 3044 52 36 at
1033 3041 191 39 Geneva
1261 3043 48 42 in
1344 3037 491 45 1934.”—Foreword.

373 3097 175 40 “Short
573 3096 362 48 bibliography”;
993 3107 44 38 p.
1063 3096 99 41 330.

372 3153 348 48 Bibliography;
775 3164 43 38 p.
849 3152 245 52 [331]-387.

307 3222 53 52 ©
390 3227 116 46 Aug.
537 3227 39 45 6,
606 3227 116 39 1935;
777 3226 67 40 2c.
873 3226 94 41 and
998 3225 81 41 aff.
1110 3226 119 47 Aug.
1262 3226 54 39 17;
1375 3227 40 38 A
1443 3226 170 41 84970;
1648 3227 53 38 B.
1733 3228 52 37 E.
1816 3227 153 45 Lowe,
2002 3226 284 39 Hasbrouck

375 3282 222 48 Heights,
621 3284 56 38 N.
707 3283 41 38 J.
820 3282 277 47 (35-13611)

304 3383 181 64 Lyon,
515 3385 263 52 Norman
804 3384 273 63 Thomas,
1110 3389 170 49 1903-

436 3461 180 66 History
649 3458 62 52 of
746 3459 94 53 the
874 3457 195 57 Polish
1107 3459 199 68 people
1341 3458 56 52 in
1436 3459 305 53 Rochester
1770 3459 100 67 .[by]
1932 3458 252 53 Norman
2221 3458 61 51 T.

306 3536 158 66 Lyon.
577 3533 267 70 [Buffalo,
890 3536 239 53 Printed
1179 3536 73 67 by
1302 3536 95 52 the
1448 3536 195 53 Polish
1694 3534 363 69 everybody’s
2106 3535 173 66 daily]

308 3615 147 48 1935.

375 3680 1744 52 3 p. l., vi, [5]-180, vii-xiii p. illus. (incl. maps) ports. 22½cm.
377 3750 127 40 Title
528 3751 213 47 vignette;
800 3752 107 41 Seal
933 3753 52 38 of
1011 3752 82 42 the
1118 3753 224 40 “Polonia
1373 3755 120 39 civic
1520 3753 204 40 centre”.

378 3807 1906 49 Parts I and III preceded by half-titles not included in the paging
316 3860 50 47 (2
391 3862 185 47 leaves)

311 3929 53 51 ©
392 3933 120 47 July
534 3935 70 44 14,
634 3933 112 41 1935;
804 3935 29 37 2c.
899 3932 205 42 and-aff.
1135 3935 115 47 July
1279 3934 82 47 24;
1393 3935 39 38 A
1462 3935 169 46 85161;
1664 3936 55 39 N.
1750 3936 49 38 T.
1832 3936 146 47 Lyon,
2010 3935 272 43 Rochester,

379 3989 55 39 N.
462 3988 52 40 Y.
585 3990 276 42 (35-13619)
