2424 4375
1008 4095 134 51 1263

148 552 57 41 50
235 564 43 37 p.
337 550 56 41 23½
426 554 43 21 cm
473 584 9 8 .

83 618 51 53 ©
170 623 127 48 Sept.
326 622 40 47 4,
400 621 114 41 1935;
575 621 67 41 2c.
678 622 96 39 and
808 621 81 40 aff.
927 622 128 47 Sept.
1088 623 53 45 7;
1177 621 43 39 A
1252 620 169 47 85880;
1461 620 254 47 Guaranty
1751 621 131 38 trust
1917 628 67 30 co.
2017 617 53 40 of

149 680 119 39 New
293 678 142 41 York.
507 678 278 48 (35-16322)

85 781 237 63 Haines,
352 781 186 54 Donal
566 780 321 65 Hamilton,
920 785 169 52 1886-

142 855 279 70 Sporting
457 857 225 68 chance,
716 856 77 70 by
828 857 190 52 Donal
1054 856 303 53 Hamilton
1395 853 234 55 Haines.
1708 854 137 54 New
1885 853 181 68 York,

73 933 740 70 Farrar & Rinehart, inc. [c1935]
147 1018 876 50 6 p. l., 3-295 p. incl. front. 20 cm .
85 1090 51 53 ©
161 1094 125 47 Sept.
311 1094 68 46 16,
404 1092 139 48 1935;
570 1093 68 40 2c.
668 1093 126 48 Sept.
821 1093 81 47 18;
930 1092 79 40 aff.
1039 1093 128 47 Sept.
1191 1092 83 47 17;
1302 1093 41 39 A
1369 1092 169 47 87070;
1568 1094 56 38 D.
1651 1093 60 39 H.
1738 1092 199 47 Haines,
1962 1093 109 39 Ann

152 1150 167 48 Arbor,
351 1150 143 40 Mich.
564 1149 280 49 (35-16202)

84 1252 277 65 Hamner,
388 1253 197 53 Laura
666 1295 15 13 V.

150 1329 120 53 The
299 1347 217 50 no-gun
545 1349 132 35 man
708 1329 65 53 of
801 1332 210 65 Texas;
1045 1348 32 35 a
1106 1334 236 63 century
1371 1330 63 53 of
1465 1329 401 66 achievement,
1900 1333 170 50 1835-

88 1406 1981 68 1929. By Laura V. Hamner … illustrations from original
84 1483 1959 144 etchings by Terry Stowe … [Amarillo, Tex.] Laura V. Hamner, c 1935.
152 1633 100 49 viii,
282 1633 88 41 256
395 1645 44 37 p.
497 1635 56 40 21
556 1637 45 21 cm
605 1666 9 10 .

153 1689 101 41 The
287 1688 328 43 illustrations
649 1701 84 31 are
766 1691 229 48 wanting.

86 1756 51 53 ©
164 1761 118 47 Aug.
305 1759 69 48 29,
401 1760 141 47 1935;
570 1760 67 41 2c.
665 1763 96 39 and
788 1761 82 41 aff.
899 1761 128 48 Sept.
1052 1762 53 46 7;
1134 1762 42 38 A
1201 1760 170 47 86204;
1401 1761 53 41 L.
1480 1761 54 41 Y.
1564 1762 231 47 Hamner,
1820 1759 252 50 Amarillo,

154 1818 113 40 Tex.
337 1817 279 49 (35-16460)

88 1919 279 66 Harman,
393 1920 323 53 Nathaniel
744 1920 239 66 Bishop,
1016 1926 169 50 1869-

154 1994 1920 71 Science and religion, by N. Bishop Harman … New York,
84 2071 116 53 The
230 2071 333 55 Macmillan
592 2091 294 51 company,
919 2076 150 49 1935.

152 2144 98 48 174,
283 2144 55 50 [1]
368 2155 43 37 p.
471 2143 145 42 19½cm.

88 2212 51 53 ©
165 2218 125 47 Sept
313 2218 40 46 3,
380 2218 140 47 1935;
548 2218 67 40 2c.
643 2219 96 39 and
763 2217 83 41 aff.
874 2219 127 47 Sept.
1026 2218 53 46 4;
1108 2219 41 38 A
1175 2218 170 47 86146;
1375 2218 281 40 Macmillan
1681 2230 66 29 co.

163 2273 279 50 (35-16176)

88 2374 224 67 Harris,
341 2377 124 53 Joel
496 2377 310 64 Chandler,
839 2383 323 50 1848-1908.

154 2454 165 54 Tales
360 2453 151 55 from
552 2455 182 54 Uncle
774 2455 226 67 Remus,
1039 2454 76 68 by
1155 2455 129 54 Joel
1327 2454 290 56 Chandler
1656 2456 239 66 Harris;
1936 2457 137 52 with

88 2531 374 55 illustrations
486 2532 76 68 by
587 2532 144 54 Milo
758 2533 242 54 Winter.
1075 2534 217 52 Boston
1321 2533 114 53 and
1461 2533 139 53 New
1630 2533 180 68 York,
88 2533 1962 129 Houghton

210 2609 203 53 Mifflin
438 2627 281 51 company
929 2643 14 35 [c1935]

154 2693 76 37 xv,
261 2684 71 48 [1],
357 2683 68 48 61,
456 2684 55 48 [1]
539 2695 42 37 p.
642 2684 87 41 col.
754 2683 163 46 front.,
942 2683 142 47 illus.,
1113 2683 87 42 col.
1225 2684 169 48 plates.
1455 2684 57 40 24
1513 2685 45 22 cm
1561 2714 9 9 .

91 2746 51 53 ©
171 2752 125 48 Sept.
327 2753 69 47 17,
426 2752 140 47 1935;
599 2753 67 40 2c.
701 2753 127 50 Sept.
859 2753 81 47 23;
973 2752 82 41 aff.
1090 2753 126 48 Sept.
1247 2752 82 47 20;
1362 2754 44 38 A
1436 2753 169 46 87211;
1640 2754 181 40 Esther
1847 2754 67 39 La
1948 2754 127 39 Rose

154 2808 188 48 Harris,
370 2809 217 40 Atlanta.
649 2808 278 51 [Copyright
956 2811 43 38 is
1024 2808 205 41 claimed
1256 2820 61 29 on
1344 2810 346 50 introduction]

169 2864 276 49 (35-16590)

92 2967 294 66 Hepburn,
419 2969 244 55 Charles
693 2969 329 64 McGuffey,
1058 2974 324 50 1858-1929.

159 3043 166 55 Cases
351 3064 73 35 on
448 3045 96 54 the
570 3048 112 51 law
709 3045 63 54 of
798 3051 161 62 torts,
984 3045 238 54 selected
1250 3045 153 54 from
1430 3045 276 54 decisions
1733 3046 64 52 of
1826 3046 246 67 English

93 3121 1980 71 and American courts, by Charles M. Hepburn … 2d ed., by
91 3197 1918 72 William M. Hepburn … and Archibald H. Throckmorton …
95 3273 78 56 St.
202 3276 163 67 Paul,
389 3277 161 54 West
576 3276 334 70 publishing
937 3295 295 50 company,
1265 3280 149 50 1935.

160 3349 131 48 xxxi,
321 3350 111 40 1071
461 3362 43 37 p.
561 3350 129 41 illus.
747 3350 59 40 26
807 3352 45 22 cm
855 3381 9 10 .
931 3351 280 48 (American
1238 3350 236 41 casebook
1501 3350 177 48 series;
1710 3351 72 41 W.
1813 3351 54 41 R.
1897 3352 174 48 Vance,

92 3407 190 46 general
313 3408 180 47 editor)

95 3472 51 52 ©
173 3478 117 47 Aug.
318 3478 39 48 9,
385 3477 140 48 1935;
555 3477 67 41 2c.
651 3479 96 38 and
777 3477 81 41 aff.
890 3478 127 47 Sept.
1045 3477 82 46 12;
1159 3478 42 38 A
1230 3475 169 49 85923;
1430 3477 139 40 West
1594 3477 109 48 pub.
1734 3488 65 29 co.

171 3533 275 49 (35-16149)

94 3622 132 63 Hill,
259 3624 324 55 Elizabeth.

162 3698 1915 69 Contraband bonnets, by Elizabeth Hill. Portland [ Me.] The
99 3775 287 55 Bradford
413 3796 172 48 press,
615 3781 150 49 1935.

162 3847 1255 51 3 p. l., v-vii, 178 p., 1 l. front. (port.) 21cm.
166 3903 1619 51 “Five hundred copies … have been printed … Copy no. 3.”
100 3967 50 53 ©
182 3974 124 48 Sept.
339 3975 38 48 5,
411 3975 115 41 1935;
584 3976 67 39 2c.
685 3977 95 38 and
814 3976 80 40 aff.
931 3976 113 47 Sept.
1091 3975 81 46 14;
1210 3975 42 38 A
1282 3972 169 49 86293;
1488 3974 182 40 Bertha
1703 3974 72 40 W.
1811 3973 263 48 Chapman,

162 4029 244 49 Portland,
435 4033 90 39 Me.
595 4031 277 49 (35-16581)
