2424 4375
1054 4039 135 53 1317

138 419 299 64 Freiwald,
469 419 265 65 Ludwig,
769 425 170 49 1898-

201 497 119 52 Der
344 514 123 49 weg
491 498 101 50 der
615 496 250 54 braunen
892 496 284 67 kampfer,
1203 496 89 51 ein
1321 497 308 52 frontbuch
1656 516 111 33 von
1797 502 323 62 1918-1933,

136 592 106 34 von
268 573 246 69 Ludwig
539 573 303 54 Freiwald.
915 574 304 67 München,
1244 575 56 54 J.
1328 575 64 52 F.
1420 575 295 53 Lehmann
1747 579 170 64 [1934]

203 652 87 41 398
319 664 42 37 p.
421 653 56 40 20
479 655 44 22 cm
530 685 8 8 .

131 720 1992 53 © Nov. 28, 1934; 1c. Jan. 28, 1935; A-Foreign 28320; J. F. Lehmanns
201 782 178 46 verlag.
450 781 280 48 (35-17361)

138 883 544 66 Funck-Brentano,
711 885 237 65 Frantz,
978 891 171 50 1862-

264 959 1519 71 … La renaissance. Paris, A. Fayard et ci e [1935]
204 1032 736 58 2 p. l., [7]-442 p., 2 l. 19 cm .
206 1096 448 50 “Bibliographie”;
685 1109 44 38 p.
762 1098 248 50 [429]-442.

133 1164 1825 54 © Feb. 1, 1935; 1c. Aug. 21; A-Foreign 28796; A. Fayard et cie.
212 1224 278 51 (35-18551)

138 1326 229 65 Garvie,
396 1327 210 54 Alfred
636 1329 236 64 Ernest,
903 1334 169 50 1861-

205 1404 119 53 The
371 1404 257 69 fatherly
669 1406 122 52 rule
837 1406 61 51 of
943 1406 157 67 God;
1149 1425 30 34 a
1225 1408 173 65 study
1442 1407 62 53 of
1549 1406 229 67 society,
1821 1411 144 49 state
2011 1408 112 51 and

136 1479 1987 70 church, by Rev. Alfred E. Garvie … London, Hodder, and
136 1557 339 69 Stoughton,
509 1558 222 54 limited
790 1562 152 64 [1935]

201 1638 115 46 xvii,
352 1636 203 50 [19]-247
585 1649 43 37 p.
689 1638 55 40 19
748 1640 43 21 cm
794 1669 10 9 .

204 1693 159 41 “First
391 1694 194 48 printed
614 1695 50 39 in
694 1693 156 42 1935.”

206 1749 166 43 “Some
398 1751 162 41 useful
586 1751 147 41 books
759 1753 96 39 and
880 1751 329 49 pamphlets”;
1239 1763 43 37 p.
1314 1752 112 50 [244]

138 1818 1448 53 © 1c. Sept. 14, 1935; A ad int. 20576; pubd. Sept. 5;
1618 1824 54 39 A.
1703 1825 52 38 E.
1785 1822 190 49 Garvie,
202 1825 1905 94 London.
378 1878 280 49 (35-18252)

137 1981 266 65 Georgia.
477 1984 277 65 Supreme
788 1989 173 46 court.

205 2059 1917 69 Reports of cases decided … at the October term, 1934, and
137 2138 197 51 March
378 2143 162 58 term,
585 2140 149 50 1935.
809 2138 241 53 Volume
1095 2141 113 50 180.
1288 2138 232 54 Stevens

1565 2139 112 51 and
1722 2139 273 67 Graham,
136 2159 1961 121 reporters.
444 2216 260 66 Atlanta,
740 2216 120 52 The
895 2217 285 51 Harrison
1221 2234 296 50 company,
1556 2221 150 49 1935.

203 2295 165 47 xxxvi,
394 2294 85 41 967
508 2306 42 37 p.
604 2296 54 39 23
663 2297 44 21 cm
709 2327 8 7 .

139 2361 51 53 ©
213 2366 101 40 Oct.
339 2367 67 46 10,
431 2365 139 48 1935;
598 2366 68 40 2c.
691 2367 95 39 and
808 2366 80 40 aff.
917 2366 101 40 Oct.
1042 2368 82 44 14;
1152 2367 40 38 A
1218 2366 169 47 87657;
1419 2366 139 40 State
1582 2366 52 40 of
1660 2365 220 49 Georgia,
1908 2367 216 39 Atlanta.

140 2524 248 65 Georgia
419 2527 113 51 and
566 2526 180 54 South
781 2531 218 49 eastern
1032 2527 201 67 digest,
1267 2525 267 68 covering
1566 2527 77 52 all
1674 2545 149 34 cases
1857 2527 266 67 reported

205 2604 60 52 in
301 2604 247 67 Georgia
583 2609 239 62 reports,
863 2605 180 54 South
1078 2608 221 49 eastern
1333 2609 257 62 reporter
1627 2606 112 51 and
1776 2604 227 53 various
206 2625 1892 122 reports
399 2683 62 51 of
495 2683 166 51 south

698 2688 217 47 eastern
950 2687 172 47 states
1159 2682 153 52 from
1345 2683 226 51 earliest
1609 2683 182 64 times,
1826 2682 141 52 with
206 2701 1895 113 current
362 2759 342 52 cumulative
734 2759 199 67 pocket
966 2758 209 53 service
1205 2759 247 67 keeping
1480 2760 94 52 the
1607 2761 185 66 digest
1825 2759 208 68 always
2064 2766 61 47 to

206 2835 1915 68 date … By the publisher’s editorial staff, volume 33-34.
209 2913 1147 69 St. Paul, West publishing co. [ c 1935]
202 2993 25 39 2
255 3006 42 28 v.
355 2993 58 40 26
413 2996 44 21 cm
462 3026 8 7 .

206 3050 71 40 On
304 3060 166 30 cover:
502 3050 117 40 1805
644 3052 50 38 to
722 3051 127 39 date.

209 3108 133 47 “Key
366 3107 200 40 number
597 3106 222 48 system.”

542 3173 48 30 CONTENTS.—v.
614 3161 72 42 33.
717 3162 563 40 Trusts-Wharves.—v.
1312 3161 71 42 34.
1413 3162 323 41 Wills-Work
1766 3165 96 38 and
1891 3165 149 39 labor.

141 3228 50 52 ©
217 3232 124 49 Sept.
363 3234 69 47 26,
455 3233 139 47 1935;
619 3233 66 40 2c.
708 3234 118 39 each
850 3233 100 40 Oct.
973 3232 82 46 12;
1082 3231 81 41 aff.
1186 3232 102 40 Oct.
1312 3233 81 46 14;
1418 3233 41 38 A
1482 3232 156 48 86775,
1663 3232 168 46 86776;
1858 3234 135 39 West
2015 3233 109 48 pub.

210 3301 64 29 co.

145 3390 202 66 Grant,
375 3392 194 65 Elihu,
598 3393 170 55 1873-

212 3467 297 71 Sunlight;
567 3491 31 33 a
650 3469 212 52 tribute
936 3469 93 68 [by]
1089 3469 177 52 Elihu
1321 3469 201 55 Grant.
1597 3470 352 67 Haverford,
2003 3472 120 64 Pa.,

146 3549 144 51 1935.

212 3625 27 39 2
264 3636 43 37 p.
368 3657 9 17 l.,
407 3626 158 50 [3]-23,
596 3626 53 51 [1]
679 3637 42 38 p.
782 3626 55 40 21
840 3628 43 22 cm
888 3658 9 9 .

215 3680 1909 49 “This edition consists of one hundred copies … printed on Archer
146 3739 186 46 paper.”
390 3740 117 40 This
538 3750 118 38 copy
686 3742 84 38 not
800 3739 276 42 numbered.

216 3794 1908 48 “An essay in understanding … the native Canaanite peasantry of
147 3849 626 51 Palestine.”—Postscript.

148 3915 50 52 ©
224 3920 125 49 Sept.
373 3921 41 47 9,
439 3921 139 49 1935;
602 3922 66 40 2c.
694 3924 96 38 and
814 3923 82 40 aff.
925 3923 127 42 Sept.
1077 3922 82 43 23;
1186 3923 41 37 A
1253 3921 168 44 87192;
1451 3923 52 38 E.
1531 3921 167 44 Grant,
1727 3922 118 40 New
1870 3921 144 39 York.

222 3976 275 50 (35-17946)
