2424 4375
1059 4072 98 48 943

191 524 1916 51 1 p. l., 9 p. 23 ½ cm . ([George Peabody college for teachers, Nashville]
119 580 229 42 Abstract
373 582 53 40 of
448 581 339 42 Contribution
816 585 49 38 to
890 583 269 45 education,
1187 595 75 28 no.
1292 582 109 49 140)

192 650 227 42 Abstract
459 652 52 38 of
549 652 152 40 thesis
753 661 106 36 (PH.
932 653 289 48 D.)—George
1265 652 224 47 Peabody
1533 653 179 46 college
1753 651 80 41 for
1873 652 235 46 teachers,

122 705 125 42 1934.

122 776 53 52 ©
203 781 109 39 Feb.
340 781 68 47 12,
433 780 140 47 1935;
599 782 66 39 2c.
695 783 109 38 Feb.
831 782 80 47 25;
941 782 79 40 aff.
1051 783 108 39 Feb.
1186 782 82 47 21;
1296 783 41 39 A
1364 782 167 47 79817;
1562 783 183 47 George
1770 783 224 46 Peabody

191 781 1902 104 college
323 838 79 38 for
433 840 232 38 teachers.
737 838 248 48 (35-9685)

125 940 254 65 Soergel,
409 942 225 64 Albert,
666 947 169 50 1880-

194 1019 237 52 Dichter
479 1038 98 34 aus
625 1021 321 51 deutschem
995 1021 300 52 volkstum.
1380 1020 297 67 Dichtung
1716 1021 124 51 und
1889 1021 219 51 dichter

126 1097 98 52 der
263 1098 125 56 zeit,
423 1098 120 52 eine
581 1098 366 67 Schilderung
982 1099 100 51 der
1121 1099 304 52 deutschen
1462 1099 265 52 literatur
1765 1099 101 52 der
1903 1099 207 52 letzten

119 1176 350 66 Jahrzehnte,
495 1194 110 33 von
630 1177 202 52 Albert
862 1177 244 66 Soergel.
1169 1178 194 51 Dritte
1389 1177 172 66 folge,
1586 1178 108 51 mit
1720 1180 63 49 61
119 1176 1967 144 abbildungen.

351 1252 1628 70 l. aufl., l.-8. tausend. Leipzig, R. Voigtländer, 1934.
188 1340 83 40 231
305 1351 40 36 p.
410 1339 126 40 illus.
566 1340 131 46 (incl.
732 1340 238 46 facsims.)
997 1341 170 46 plates,
1201 1343 148 44 ports.
1409 1340 57 40 24
1468 1343 44 20 cm
1518 1372 7 8 .

121 1407 1988 52 © Jan. 1, 1934; 1c. June 14; A -Foreign 24844; R. Voigtländers Verlag.
201 1467 277 47 (34-12102)

121 1570 261 63 Stamey,
410 1571 84 51 De
522 1570 212 64 Keller,
765 1572 168 53 1867-

252 1643 1858 70 … The spirit of the belfry (an epic) and other inspirational
120 1722 1992 69 poems, by De Keller Stamey … Philadelphia, Dorrance &
120 1802 663 67 company, inc. [ c 1935]
188 1888 89 40 270
297 1899 43 37 p.
393 1887 55 41 19½
481 1890 43 21 cm
529 1919 9 9 .
605 1888 404 49 (Contemporary
1037 1888 136 47 poets
1199 1888 52 40 of
1276 1889 262 47 Dorrance,
1565 1888 110 48 135)

122 1955 53 52 ©
201 1960 114 46 May
341 1958 70 47 21,
440 1958 139 42 1935;
610 1958 67 41 2c.
706 1959 116 47 July
848 1959 50 45 9;
931 1958 80 40 aff.
1044 1959 115 46 July
1188 1958 80 45 10;
1300 1959 40 38 A
1369 1958 169 42 85002;
1569 1960 248 38 Dorrance
1847 1959 34 39 &
1911 1969 53 29 co.,
2020 1959 90 40 inc.

200 2015 250 48 (35-9720)

119 2119 234 65 Sutton,
382 2120 252 56 Marvin.

196 2197 122 53 The
356 2197 91 53 old
488 2216 131 33 man
660 2197 188 53 smiles
884 2197 199 68 again;
1123 2216 30 34 a
1196 2201 157 63 story
1393 2196 65 54 of
1496 2193 352 70 thundering
1889 2196 223 54 hooves,

124 2273 1982 69 by Marvin Sutton … London, Hutchinson & co., ltd. [1935]
195 2363 27 39 2
255 2373 41 37 p.
366 2392 9 17 l.,
409 2360 145 42 7-284
585 2371 42 38 p.
689 2361 57 41 20
746 2364 45 21 cm
795 2393 10 9 .

121 2430 1987 52 © 1c. June 29, 1935; A ad int. 20350; pubd. May 1; M. Sutton, London.
200 2490 279 47 (35-10323)

123 2592 208 53 Texas.
405 2594 182 64 Laws,
614 2599 255 57 statutes,
895 2598 98 46 etc.

192 2669 276 54 Vernon’s
506 2671 306 52 annotated
856 2668 238 54 Revised
1135 2669 134 53 civil
1311 2669 111 52 and
1464 2670 262 52 criminal
1766 2674 237 49 statutes
2045 2669 63 53 of

125 2747 95 52 the
255 2752 144 47 state
436 2748 62 51 of
535 2750 197 49 Texas.
810 2750 129 49 1935
978 2746 342 52 cumulative
1359 2749 210 50 annual
1605 2746 204 67 pocket
1843 2754 133 59 part
2013 2746 94 52 for

126 2824 1983 67 General index and tables … Kansas City, Vernon law book
124 2921 277 49 company
438 2936 13 33 [
454 2910 19 20 c
479 2906 150 63 1935]

189 2976 83 39 142
299 2987 43 37 p.
402 2976 55 39 25
460 2978 44 20 cm
509 3007 7 7 .

191 3032 119 39 This
335 3033 246 46 pamphlet
603 3031 40 38 is
669 3036 47 36 to
741 3032 55 38 be
821 3031 138 40 fitted
984 3030 102 40 into
1111 3032 80 39 the
1214 3031 169 47 pocket
1410 3034 51 37 at
1488 3031 81 39 the
1593 3031 122 40 back
1737 3031 54 40 of
1816 3031 80 40 the
1920 3032 189 41 volume

121 3089 52 41 of
199 3089 80 40 the
306 3093 72 36 set
406 3092 51 36 to
481 3088 156 39 which
662 3089 39 39 it
726 3088 205 47 belongs.

122 3155 53 52 ©
199 3160 115 47 July
339 3160 68 46 26,
434 3158 138 46 1935;
600 3160 66 38 2c·.
695 3159 118 47 Aug.
842 3159 50 45 6;
920 3158 78 39 aff.
1028 3159 117 46 Aug.
1175 3159 51 45 5;
1257 3159 40 38 A
1354 3158 139 46 85348;
1522 3158 193 39 Vernon
1740 3160 94 37 law
1864 3159 122 39 book
2012 3169 68 30 co.

123 3276 281 65 Tressler,
431 3278 153 52 John
614 3278 196 61 Cloyd.

195 3354 243 67 English
465 3357 61 50 in
554 3356 201 51 action.
822 3354 208 53 Course
1057 3359 127 47 two.
1249 3354 135 51 Rev.
1413 3353 84 53 ed.
1561 3354 92 65 By
1679 3354 55 53 J.
1765 3354 59 53 C.
1855 3356 251 52 Tressler

188 3431 1858 68 … New York. Boston [etc.] D. C. Heath and company [ c 1935]
191 3505 102 45 xiii,
319 3504 86 41 328
430 3516 42 36 p.
532 3505 83 39 col.
644 3504 163 46 front.,
835 3504 126 39 illus.
1021 3503 55 39 20½
1109 3506 44 19 cm
1157 3534 8 8 .

121 3571 53 52 ©
204 3576 115 46 July
342 3575 70 40 24.
440 3575 138 40 1935;
608 3575 66 39 2c.
704 3576 96 38 and
828 3574 80 39 aff.
934 3575 120 46 Aug.
1081 3574 52 45 6;
1165 3575 40 37 A
1234 3574 168 45 84871;
1433 3574 43 38 J.
1506 3573 48 40 C.

1583 3573 232 48 Tressler,
1843 3575 119 38 Kew
190 3575 1899 98 Gardens,
352 3632 47 37 L.
433 3631 22 38 I.,
561 3662 8 7 N.
599 3632 53 37 Y.

194 3730 244 69 English
464 3731 59 51 in
549 3731 201 53 action.
812 3732 207 54 Course
1046 3732 148 52 four.
1256 3734 135 50 Rev.
1419 3732 84 52 ed.
1565 3734 90 65 By
1680 3735 54 52 J.
1764 3733 60 53 C.
1852 3735 252 50 Tressler

181 3808 1915 68 … New York, Boston [etc.] D. C. Heath and company [ c 1935]
185 3892 78 35 xv,
289 3881 88 39 410
401 3892 41 36 p.
504 3882 83 38 col.
616 3881 162 47 front.,
804 3881 126 39 illus.
990 3881 58 39 20½
1078 3883 44 21 cm
1127 3912 8 8 .

119 3947 53 52 ©
198 3951 116 47 July
339 3951 68 46 12,
434 3950 112 40 1935;
606 3951 65 39 2c.
701 3952 94 38 and
822 3951 80 40 aff.
929 3952 118 45 Aug.
1075 3951 52 46 6;
1156 3952 41 38 A
1225 3951 168 46 84872;
1426 3951 41 39 J.
1498 3951 48 40 C.
1577 3950 230 47 Tressler,
1837 3951 120 38 Kew
192 3951 1892 102 Gardens,
349 4008 49 38 L.
426 4009 51 45 I.,
550 4039 8 7 N.
586 4008 52 38 Y.
