2424 4375
1188 4023 133 51 1938

265 398 230 64 Oehler,
522 400 88 53 W.
637 398 53 55 J.

334 475 127 54 Wir
493 475 324 65 Pharisäer,
847 493 108 35 von
988 475 107 52 den
1128 476 217 52 siinden
1379 476 99 54 der
1510 475 393 67 “Frommen”,
1935 496 109 35 von
2076 479 90 54 W.
2198 479 56 54 J.

265 551 225 56 Oehler.
565 551 209 66 Gotha,
801 553 64 52 L.
895 552 174 52 Klotz
1104 555 171 64 [1934]

336 624 59 41 28
418 636 43 37 p.
522 624 58 41 18½cm.

266 690 1979 109 © Mar. 2, 1934; 1c. Apr. 5, 1935; A- Foreign 27510; Leopold Klotz verlag.
264 855 454 65 Pennsylvania.
781 854 368 65 University.
1218 855 329 66 University
1574 873 257 36 museum
1834 898 11 12 .

335 932 384 55 Excavations
765 937 58 48 at
864 932 345 53 Minturnae.
1289 931 242 55 Volume
1573 951 37 35 i.
1650 933 365 53 Monuments
2057 932 62 53 of
2161 933 95 52 the

265 1010 329 67 republican
636 1010 210 66 forum,
885 1010 74 67 by
999 1010 237 54 Jotham
1276 1010 287 64 Johnson;
1608 1009 139 53 with
1789 1029 29 33 a
1860 1010 293 68 catalogue
2193 1011 64 52 of

263 1091 153 51 coins
443 1089 73 66 by
543 1088 320 52 Immanuel
890 1089 286 52 Ben-Dor.
1253 1086 424 69 Philadelphia,
1702 1088 144 53 Pub.
1873 1087 93 53 for
1993 1088 95 53 the
263 1086 1967 146 University

528 1183 254 36 museum
833 1165 73 66 by
957 1165 96 52 the
1105 1165 337 67 University
1493 1164 63 53 of
1608 1164 421 68 Pennsylvania
2083 1184 171 47 press.

266 1248 148 49 1935.

333 1316 63 44 vi,
424 1314 89 41 122
537 1325 42 38 p.
637 1314 142 50 illus.,
809 1316 143 47 plans
977 1315 48 48 (1
1054 1314 145 47 fold.)
1264 1314 58 41 28
1322 1316 44 21 cm
1372 1346 8 8 .

266 1382 52 53 ©
342 1387 111 40 Dec.
477 1385 70 48 20,
571 1384 140 48 1935;
737 1384 68 41 2c.
830 1386 96 39 and
949 1384 80 41 aff.
1056 1384 111 40 Dec.
1190 1384 83 46 23;
1300 1385 40 38 A
1366 1383 169 48 88834;
1566 1383 281 49 University
1873 1393 230 39 museum,
333 1382 1906 109 Philadelphia.
645 1442 221 48 (36-877)

263 1547 303 64 Peterson,
593 1545 254 64 Jaffray.

334 1620 304 69 Sixty-five
668 1639 163 50 years
863 1620 64 53 of
957 1639 263 50 progress
1252 1620 113 53 and
1395 1640 32 33 a
1457 1620 197 54 record
1683 1619 64 53 of
1777 1620 139 53 New
1948 1620 163 53 York
2140 1623 117 67 city

264 1697 1991 70 banks, by Jaffray Peterson … New York, Priv. print., 1935.
334 1770 1561 51 5 p. l., 135 p. front., illus. (facsim.) plates, map. 24 cm .
336 1829 93 42 “Of
457 1828 99 42 this
590 1829 183 41 edition
807 1829 139 40 there
978 1839 84 31 are
1096 1828 193 49 printed
1323 1828 79 40 for
1436 1828 81 40 the
1549 1827 311 42 Continental
1896 1829 125 39 bank
2057 1828 37 40 &
2127 1830 128 40 trust

262 1895 237 39 company
528 1885 55 41 of
613 1886 117 40 New
760 1885 130 40 York
923 1895 89 31 one
1041 1885 242 41 thousand
1314 1885 228 48 volumes,
1576 1884 54 40 of
1660 1883 159 43 which
1851 1885 99 40 this
1984 1885 40 40 is
2055 1885 202 42 number

261 1941 130 43 434.”

263 1995 1996 53 © Dec. 6, 1935; 2c. and aff. Dec. 11; A 89798; Continental bank & trust
332 2067 67 30 co.
423 2056 53 40 of
495 2057 115 39 New
634 2056 143 47 York,
800 2055 116 40 New
939 2055 144 40 York.
1154 2054 222 48 (36-834)

264 2161 288 65 Prestige,
584 2161 226 63 George
839 2160 285 54 Leonard.

335 2237 122 52 The
498 2236 106 55 life
644 2236 64 53 of
751 2236 235 56 Charles
1028 2236 168 67 Gore,
1239 2256 32 34 a
1312 2242 161 63 great
1516 2234 397 71 Englishman,
1957 2238 73 67 by
2073 2237 70 55 G.
2186 2239 63 52 L.

265 2313 1764 70 Prestige, d. d. London. Toronto, W. Heinemann, ltd. [1935]
336 2386 63 44 xi.
428 2388 84 40 547
538 2399 42 37 p.
636 2386 163 47 front.,
828 2389 169 47 plates,
1027 2389 164 47 ports.,
1217 2387 217 41 facsims.
1489 2387 56 43 22
1549 2390 44 21 cm
1596 2417 9 9 .

266 2442 1986 53 © 1c. Nov. 19, 1935; A ad int. 20839; pubd. Sept. 23; G. L. Prestige,
336 2503 199 48 Oxford,
561 2503 235 47 England.
859 2501 221 50 (36-815)

263 2604 323 65 Rawlence,
615 2605 149 64 Guy,
795 2608 170 51 1888-

334 2680 224 54 Mother
610 2679 342 67 Christmas;
1003 2698 32 34 a
1084 2679 163 53 novel
1294 2679 74 68 by
1420 2677 130 70 Guy
1600 2677 310 55 Rawlence.
2000 2678 254 67 London,

266 2757 298 55 Constable
595 2758 45 50 &
669 2774 96 49 co.,
793 2756 220 55 limited
1046 2758 172 67 [1935]

333 2828 80 47 vii,
442 2826 86 42 308
554 2839 44 37 p.
657 2827 56 40 19
715 2829 44 22 cm
764 2860 10 10 .

265 2883 1987 54 © 1c. Dec. 7, 1935; A ad int. 20853; pubd. Oct. 17; Constable & co., ltd.
347 2943 222 49 (36-700)

263 3046 179 65 Read,
469 3047 258 55 Herbert
754 3045 272 68 Edward,
1056 3050 171 52 1893-

335 3122 120 55 The
480 3141 171 51 green
680 3122 155 54 child;
895 3143 32 34 a
952 3140 261 37 romance
1241 3122 74 69 by
1344 3121 249 55 Herbert
1618 3122 177 54 Read.
1857 3122 257 68 London,
267 3123 1960 146 Toronto,
473 3201 89 54 W.
592 3198 376 71 Heinemann,
995 3200 103 54 ltd.
1131 3203 173 65 [1935]

333 3272 405 51 2 p. l., 256 p. 19½cm.
265 3326 1985 53 © 1c. Dec. 24, 1935; A ad int. 20954; pubd. Oct. 28; H. E. Read, London.
346 3387 221 48 (36-753)

265 3484 304 67 Ridgway,
595 3486 252 56 William
872 3487 219 65 Hance,
1118 3490 171 51 1856-

337 3562 107 54 “In
479 3562 128 55 God
641 3583 82 35 we
753 3564 183 53 trust”
981 3561 166 69 (cries
1180 3564 95 53 the
1307 3562 149 55 little
1488 3564 217 67 penny)
1785 3564 135 53 And
1954 3564 131 62 why
2115 3563 129 52 not!

273 3639 1975 71 By William H. Ridgway … Boston, Mass., W. A. Wilde
265 3736 278 50 company
581 3752 13 33 [
598 3725 19 22 c
622 3722 151 65 1935]

338 3790 85 40 118
452 3800 42 36 p.
555 3789 146 48 19½cm.

340 3843 184 41 Stories
548 3844 159 42 which
730 3845 247 42 illustrate
1002 3847 82 40 the
1107 3856 160 39 power
1290 3846 54 40 of
1364 3846 131 41 faith
1518 3847 93 39 and
1638 3847 142 40 trust,
1834 3846 61 48 cf.
1921 3846 271 41 Foreword.

268 3898 52 53 ©
347 3903 125 46 Sept
499 3903 69 46 14,
592 3902 141 42 1935;
759 3903 67 41 2c.
852 3905 109 39 Dec.
988 3903 59 41 30;
1097 3903 82 42 aff.
1205 3904 109 40 Dec.
1342 3903 59 41 28;
1451 3905 40 38 A
1517 3902 145 42 90059;
1714 3904 71 40 W.
1812 3904 53 40 A.
1892 3903 157 41 Wilde
2074 3912 67 31 co.

345 3957 220 48 (30-814)
