2424 4375
1013 4096 134 54 1267

167 547 285 41 “Facsimile
477 548 144 40 letter
648 547 195 41 written
870 548 61 47 by
958 548 84 40 Dr.
1072 547 246 42 Mitchell”
1345 547 101 41 laid
1475 548 63 40 in.

166 604 235 40 “Limited
433 603 180 41 edition
644 603 52 41 of
723 614 89 30 one
835 604 220 41 hundred
1085 604 167 48 signed
1283 603 200 49 copies.”
1544 602 118 42 This
1689 613 120 38 copy
1838 605 85 38 not
96 612 1969 89 numbered.

165 715 373 43 “References”:
572 728 41 37 p.
665 716 230 49 [189]-196.

96 782 54 53 ©
171 787 118 47 Aug.
317 787 69 47 13,
415 786 141 48 1935;
586 787 68 40 2c.
683 788 96 38 and
806 786 81 40 aff.
915 787 120 47 Aug.
1063 785 82 48 24;
1178 787 40 38 A
1244 785 170 47 85823;
1444 786 55 39 N.
1531 785 208 48 Mumey,
1766 785 206 39 Denver.

174 842 278 49 (35-16578)

98 946 275 53 National
405 945 314 54 industrial
751 945 344 54 conference
1125 945 201 57 board.

164 1022 275 54 Wanted:
470 1022 205 56 skilled
705 1022 187 67 labor;
925 1042 71 33 an
1028 1021 248 69 analysis
1308 1022 64 53 of
1402 1024 94 51 the
1527 1041 188 34 causes
1748 1022 112 53 and
1891 1025 190 49 extent

97 1099 63 53 of
181 1101 94 53 the
300 1100 204 53 skilled
526 1101 159 52 labor
710 1102 263 66 shortage
997 1100 59 51 in
1081 1102 95 51 the
1199 1102 173 52 metal
1395 1098 472 69 manufacturing

98 1098 1959 133 industries
255 1180 114 51 and
394 1177 295 69 proposals
717 1178 93 52 for
835 1177 247 68 meeting
1108 1178 96 53 the
1229 1176 290 55 situation.
1594 1178 138 53 New
1760 1176 164 54 York
1949 1176 132 68 city,

98 1254 270 54 National
401 1254 305 55 industrial
740 1256 327 53 conference
1101 1256 196 66 board,
1330 1254 107 55 inc.
1478 1289 191 34 [c1935]

165 1327 100 48 viii,
293 1328 55 40 37
376 1338 43 37 p.
478 1327 56 41 23
537 1330 44 21 cm
585 1359 10 10 .
657 1329 87 48 [Its
776 1328 207 41 Studies,
1042 1338 76 31 no.
1145 1327 100 50 216]

169 1383 145 42 “This
345 1385 164 47 report
538 1395 102 30 was
669 1385 236 48 prepared
936 1385 61 46 by
1029 1385 90 41 Mr.
1149 1384 187 41 Harold
1368 1384 52 41 F.
1452 1385 207 40 Browne
1690 1384 52 41 of
1774 1385 84 39 the
99 1384 1967 97 Conference

242 1440 188 41 board’s
464 1443 224 39 research
721 1440 496 43 staff.”—Foreword.

96 1508 1972 109 © June 8, 1935; 2c. and aff. June 27; A 83823; Natl. industrial conference board, inc. (35-16135)
101 1672 225 63 Owens,
354 1672 254 54 William
635 1671 320 56 Brownlee.

227 1744 1858 71 … Forms and suggestions for California practice. 4th ed.,
99 1824 291 68 including
424 1824 463 69 supplementary
923 1842 172 51 pages
1128 1823 432 69 incorporating
1596 1826 134 50 1935
1769 1822 316 70 legislative

99 1900 1985 70 changes [by] W. B. Owens … Stanford University, Calif.,
99 1978 277 55 Stanford
403 1980 315 67 university
747 1996 172 52 press,
1110 2021 10 10 c1935.

165 2051 26 37 2
219 2060 42 30 v.
293 2051 49 38 in
371 2050 40 40 1.
469 2050 55 39 21½
573 2062 32 28 x
621 2048 115 43 33cm.

166 2108 63 38 At
254 2108 124 39 head
404 2106 52 40 of
481 2107 136 41 title:
643 2105 144 52 <1935
812 2106 165 49 supp.>

166 2162 282 42 Loose-leaf.

165 2219 123 41 Text
316 2230 116 29 runs
462 2220 204 48 parallel
696 2219 119 41 with
843 2220 121 40 back
992 2220 52 40 of
1071 2230 152 30 cover.

166 2275 355 49 Autographed,
549 2276 50 39 in
625 2278 125 46 part,
775 2276 127 39 from
930 2277 327 47 type-written
1287 2287 131 37 copy.

168 2333 143 40 “This
351 2333 315 47 supplement,
704 2333 120 40 with
863 2334 83 39 the
981 2332 128 49 1929,
1148 2333 127 49 1931,
1315 2334 96 40 and
1450 2333 113 41 1933
1601 2336 341 47 supplements,
1981 2336 99 40 will

100 2389 135 47 bring
264 2390 81 40 the
373 2390 132 39 third
533 2389 183 40 edition
743 2390 138 39 down
909 2392 48 38 to
986 2388 156 41 date.”

169 2445 1915 50 “Originally begun by the late S. W. Charles … as a syllabus for
101 2512 81 30 use
210 2503 49 39 in
287 2503 82 39 the
396 2512 168 30 course
593 2502 51 40 in
673 2500 285 43 ‘California
988 2501 225 49 practice’
1243 2503 50 39 in
1322 2504 82 39 the
1432 2504 116 39 Law
1575 2504 162 40 school
1765 2505 53 39 of
1849 2504 233 42 Stanford

100 2557 514 49 university.”—Pref.,
644 2558 262 41 December
934 2558 38 48 1,
1001 2557 128 42 1927.

101 2627 50 53 ©
185 2633 126 47 Sept.
345 2631 40 48 9,
421 2632 140 46 1935;
597 2631 67 40 2c.
705 2631 126 48 Sept.
870 2629 81 48 16;
990 2630 80 40 aff.
1110 2631 127 47 Sept.
1274 2631 82 47 18;
1395 2632 40 38 A
1470 2631 172 47 87088;
1684 2632 232 40 Stanford
1954 2630 130 43 univ.

169 2699 146 37 press.
385 2687 279 49 (35-16573)

102 2788 171 66 Page,
301 2789 254 55 William
583 2789 275 64 Herbert,
889 2794 170 49 1868-
1270 2789 84 53 ed.

171 2865 166 55 Cases
380 2866 111 53 and
536 2864 265 70 readings
845 2884 70 35 on
958 2866 96 52 the
1094 2867 111 51 law
1248 2865 63 54 of
1354 2871 299 61 contracts,
1695 2867 256 65 selected,
103 2886 1954 125 arranged

341 2941 1740 70 and edited by William H. Page … Indianapolis, The
104 3020 434 53 Bobbs-Merrill
572 3038 278 50 company
887 3053 192 34 [c1935]

169 3095 97 46 xix,
297 3092 113 41 1224
439 3104 43 38 p.
541 3092 55 41 26
600 3095 44 21 cm
648 3124 10 10 .

103 3146 51 52 ©
183 3151 123 47 Sept.
333 3151 69 47 11,
429 3149 116 41 1935;
598 3149 67 40 2c.
695 3150 128 47 Sept.
853 3149 81 47 16;
965 3149 82 40 aff.
1079 3149 125 47 Sept.
1234 3149 82 47 14;
1347 3151 40 38 A
1417 3149 170 47 87044;
1620 3149 367 40 Bobbs-Merrill
2016 3163 67 29 co.

183 3206 275 50 (35-16150)

108 3307 197 65 Perry,
330 3309 136 53 Mrs.
495 3310 339 62 Montanye.

168 3381 186 54 Diana
493 3416 13 34 [by]
550 3383 310 69 Montanye
896 3384 197 68 Perry.
1169 3383 137 53 New
1344 3382 180 68 York,
1564 3382 327 56 Cincinnati
2045 3416 30 35 [etc.]

96 3457 113 52 The
234 3459 308 68 Abingdon
567 3478 155 50 press
752 3493 191 34 [c1935]

168 3529 84 42 196
278 3542 29 38 p
365 3532 54 40 19½
452 3534 43 22 cm
499 3565 9 8 .

108 3582 50 53 ©
191 3588 123 49 Sept.
347 3590 67 46 16,
447 3590 139 47 1935;
622 3590 66 40 2c.
723 3592 96 38 and
852 3590 81 40 aff.
970 3591 126 47 Sept.
1130 3591 83 46 18;
1248 3591 40 38 A
1323 3591 169 47 87075;
1528 3592 62 40 M.
1625 3592 164 50 Perry,
1823 3594 259 47 Westport,

174 3644 141 41 Conn.
385 3646 277 49 (35-16203)

108 3742 259 68 Persing,
397 3748 144 53 Ellis
571 3749 196 63 Clyde.

175 3820 117 51 The
332 3822 146 53 book
520 3824 64 52 of
624 3825 357 66 knowledge;
1029 3826 94 50 the
1168 3824 300 54 children’s
1514 3828 424 65 encyclopedia;
1986 3829 95 51 the

108 3896 1973 74 classroom guide, editor-in-chief, Ellis C. Persing … Units of
109 3973 164 67 study
319 3973 92 53 for
459 3980 347 66 geography,
852 3980 237 65 history,
1135 3978 248 68 biology,
1430 3985 219 62 poetry,
1697 3986 107 62 art,
1851 3981 229 68 science,
