2526 4384
1325 4013 102 47 232

377 388 274 67 Hawkes,
679 389 258 54 Herbert
965 387 225 66 Edwin,
1220 388 171 55 1872-

448 463 1861 73 Second-year algebra. Enl. ed. By Herbert E. Hawkes …
380 541 1992 72 William A. Luby … and Frank C. Touton … Boston, New
378 620 162 54 York
572 627 138 62 [etc.]
745 620 157 56 Ginn
932 621 113 53 and
1074 638 280 51 company
1388 653 13 34 [
1404 625 20 22 c
1428 623 152 64 1935]

449 694 99 48 viii,
571 694 100 47 462,
697 705 31 28 x
749 703 44 38 p.
819 694 108 41 incl.
953 693 169 47 tables,
1148 693 179 48 diagrs.
1387 692 54 41 19½
1476 694 44 22 cm
1522 724 9 9 .

451 750 145 41 “This
628 752 106 39 text
763 750 43 41 is
837 761 27 29 a
898 750 211 41 revision
1138 750 53 40 of
1218 751 82 40 the
1333 750 229 47 enlarged
1594 749 184 41 edition
1812 749 52 40 of
1893 750 82 40 the
2008 748 216 42 authors’
2259 749 117 40 New

381 808 172 39 second
581 817 169 30 course
776 807 51 39 in
852 805 431 49 algebra.”—Pref.

384 874 52 53 ©
463 879 108 40 Jan.
596 880 69 46 15,
692 878 140 48 1935;
862 878 66 41 2c.
957 878 110 41 Feb.
1096 878 81 47 16;
1208 878 81 40 aff.
1318 878 111 40 Feb.
1457 878 82 47 15;
1568 878 41 39 A
1636 878 169 47 79665;
1836 880 60 38 H.
1926 879 53 39 E.
2006 879 228 47 Hawkes,
2262 879 116 39 New

454 936 144 47 York,
628 935 218 41 William.
871 936 51 38 A.
954 936 150 47 Luby,
1133 935 196 40 Kansas
1358 934 124 49 City,
1513 937 106 46 Mo.,
1652 936 95 39 and
1777 936 165 38 Frank
2014 968 7 7 C.
2052 935 203 48 Touton,
2286 936 93 39 Los

452 994 219 46 Angeles.
735 992 285 51 [Copyright
1045 992 41 40 is
1118 992 205 40 claimed
1351 1002 63 29 on
1441 994 238 45 complete
1706 992 210 40 revision
1946 992 54 41 of
2031 993 143 39 “New
2206 993 175 40 second

451 1060 173 30 course
649 1050 51 39 in
728 1050 211 48 algebra,
969 1050 229 47 enlarged
1226 1050 87 48 ed.]
1386 1048 251 51 (35-3529)

381 1153 377 64 Hawkridge,
786 1153 230 55 Emma.

386 1227 1968 132 … Indian gods and kings, the story of a living past … Boston
512 1308 113 52 and
651 1308 139 53 New
818 1306 180 69 York,
1025 1308 318 67 Houghton
1369 1307 204 52 Mifflin
1601 1325 297 50 company,
1930 1312 149 49 1935.

458 1379 96 49 xiv,
583 1380 86 41 304
697 1391 43 37 p.
799 1378 164 51 front.,
992 1380 171 49 plates.
1222 1379 56 41 22½
1310 1382 45 23 cm
1360 1412 9 10 .

458 1438 140 47 Maps
624 1448 60 30 on
711 1437 363 49 lining-papers.

386 1505 52 53 ©
477 1509 111 40 Feb.
628 1508 69 48 2:6,
736 1508 141 48 1935;
918 1508 67 41 2c.
1026 1509 121 39 Mar.
1186 1509 53 47 1;
1280 1508 82 40 aff.
1405 1509 110 39 Feb.
1556 1508 56 41 28;
1681 1508 41 40 A
1761 1507 170 48 79868;
1974 1509 53 39 E.
2068 1507 310 50 Hawkridge,

452 1565 301 49 Newington,
782 1566 55 39 N.
868 1566 61 39 H.
1000 1564 249 49 (35-3499)

380 1667 382 64 Hawthorne,
792 1667 340 67 Nathaniel,
1165 1673 325 52 1804-1864.

457 1745 121 53 The
622 1745 394 68 snow-image:
1064 1763 31 34 a
1142 1744 246 54 childish
1434 1745 249 68 miracle,
1728 1744 72 69 by
1850 1744 307 54 Nathaniel
387 1744 1967 133 Hawthorne;

645 1821 142 53 with
815 1839 32 35 a
873 1821 298 70 prefatory
1200 1827 130 48 note
1357 1821 73 69 by
1460 1821 251 57 Herbert
1740 1821 143 55 Ross
1913 1822 226 54 Brown.
389 1821 1969 130 Portland

557 1899 147 69 [Me.]
739 1900 121 54 The
888 1899 293 55 Bradford
1214 1916 172 51 press,
1417 1902 149 51 1934.

455 1969 984 51 viii, [1] p., 1 l., 35, [1] p., 1 l. 20½ cm .
459 2026 1917 51 “Of this book 300 copies have been printed in December, 1934 … The
386 2085 105 39 text
519 2084 41 40 is
590 2085 112 39 that
726 2084 52 40 of
807 2085 82 39 the
918 2084 109 41 first
1055 2083 257 41 American
1340 2083 227 42 edition.”

385 2153 53 52 ©
462 2158 111 38 Dec.
596 2156 70 48 27,
691 2155 140 49 1934;
856 2157 67 39 2c.
947 2157 110 39 Jan.
1081 2155 68 48 30,
1175 2154 140 48 1935;
1344 2156 79 39 aff.
1451 2156 111 39 Feb.
1587 2157 53 39 13;
1695 2157 40 38 A
1761 2157 169 47 80407;
1958 2158 247 40 Bradford
2228 2167 149 38 press.

458 2213 283 49 [Copyright
763 2213 41 40 is
828 2214 205 39 claimed
1057 2224 61 29 on
1138 2213 255 48 prefatory
1417 2215 126 47 note]
1616 2213 251 48 (35-3560)

384 2315 348 66 Hendricks,
760 2315 149 54 Eldo
931 2314 210 66 Lewis,
1170 2321 172 51 1866-

385 2388 1964 136 Rimming the Mediterranean, by E. L. Hendricks … illustrations
566 2469 151 54 from
748 2469 247 69 original
1025 2472 407 66 photographs.
1501 2472 226 53 Kansas
1760 2471 151 67 City,
1944 2470 431 56 Brown-White

386 2565 296 51 company,
715 2552 150 50 1935.

457 2619 1564 50 7 p. l., [19]-176 p., 1 l. front. (port.) illus., plates. 23 cm .
459 2676 139 48 Maps
627 2686 61 30 on
715 2675 362 49 lining-papers.

386 2730 52 53 ©
472 2734 109 40 Feb.
617 2734 70 47 22,
722 2733 141 48 1935;
897 2734 67 40 2c.
1000 2735 120 38 Mar.
1156 2734 52 47 1;
1245 2733 80 41 aff.
1363 2734 109 41 Feb.
1508 2734 83 47 28;
1629 2734 41 39 A
1705 2733 169 48 79869;
1913 2735 52 38 E.
2002 2734 50 40 L.
2088 2734 288 48 Hendricks,

508 2784 1669 54 ℅ Central Missouri state teachers: college, Warrensburg, Mo.
463 2847 249 49 (35-3504)

383 2947 259 66 Hooven,
665 2949 259 54 Herbert
950 2948 238 65 Nelson,
1218 2954 171 50 1898-

459 3024 288 54 Pencilled
771 3024 202 70 hands,
996 3024 74 67 by
1096 3025 75 51 II.
1196 3023 208 55 Nelson
1429 3024 255 54 Hooven.
1759 3024 138 54 New
1924 3022 178 68 York,
2126 3022 75 53 H.
390 3022 1964 133 Harrison
581 3135 13 35 [
598 3108 19 21 c
622 3103 152 66 1934]

456 3172 54 40 63
542 3183 42 37 p.
644 3172 55 39 22½
732 3175 44 21 crn
781 3203 9 9 .

458 3231 182 39 Poems.

386 3299 53 52 ©
460 3305 110 38 Dec.
595 3303 70 47 20,
690 3303 140 48 1934;
857 3304 66 40 2c.
949 3305 120 39 Mar.
1094 3303 39 48 2,
1156 3303 140 48 1935;
1324 3303 81 40 aff.
1432 3304 122 39 Mar.
1580 3306 51 45 1;
1661 3305 40 38 A
1728 3305 169 46 80684;
1926 3304 170 48 Henry
2119 3304 253 40 Harrison.

463 3360 250 48 (35-3475)

382 3462 252 65 Hopper,
662 3462 176 54 Alma
864 3463 192 55 Earle.

454 3536 230 54 Hermit
718 3539 110 51 Alf
863 3541 111 51 and
1010 3537 89 55 his
1135 3539 222 68 family,
1391 3540 74 67 by
1499 3541 172 51 Alma
1708 3540 171 52 Earle
1916 3541 257 65 Hopper,

388 3540 1955 127 illustrated
603 3616 74 67 by
706 3617 290 51 Dorothea
1028 3617 201 54 Cooke.
1304 3618 111 51 Los
1443 3617 265 67 Angeles,
1741 3617 116 55 San
1889 3617 319 65 Francisco,
387 3617 1960 128 Suttonhouse
695 3727 12 32 [
712 3699 18 21 c
735 3696 149 64 1934]

451 3764 977 50 2 p. l., 70 p. illus. (part col.) 27 cm .
453 3822 146 40 Short
626 3821 177 40 stories
832 3823 96 39 and
957 3832 173 38 poems.

384 3887 53 52 ©
471 3891 107 39 Jan.
613 3891 69 47 15,
716 3890 139 48 1934;
891 3892 68 39 2c.
994 3891 99 40 Oct.
1128 3891 80 47 16;
1246 3891 81 40 aff.
1361 3892 102 40 Oct.
1495 3891 82 47 24;
1613 3893 42 37 A
1689 3891 168 47 79943;

1897 3892 327 40 Suttonhouse
451 3890 1900 104 publishers,
667 3948 112 40 Carl
807 3948 50 39 F.
890 3949 188 45 Sutton,
1105 3950 100 39 sole
1228 3959 176 36 owner,
1432 3949 95 38 Los
1552 3949 218 46 Angeles.
1841 3947 249 48 (35-3427)
