<alto xmlns="http://www.loc.gov/standards/alto/ns-v3#" xmlns:xsi="http://www.w3.org/2001/XMLSchema-instance" xsi:schemaLocation="http://www.loc.gov/standards/alto/ns-v3# http://www.loc.gov/alto/v3/alto-3-0.xsd"><Description>
<MeasurementUnit>pixel</MeasurementUnit>
<sourceImageInformation>
<fileName>1935_v32_Part1.pdf</fileName>
</sourceImageInformation>
<OCRProcessing ID="IdOcr">
<ocrProcessingStep>
<processingDateTime>2019-01-15</processingDateTime>
<processingSoftware>
<softwareCreator>ABBYY</softwareCreator>
<softwareName>ABBYY Recognition Server</softwareName>
<softwareVersion>4.0</softwareVersion>
</processingSoftware>
</ocrProcessingStep>
</OCRProcessing>
</Description>
<Styles>
<ParagraphStyle ALIGN="Left" FIRSTLINE="0." ID="StyleId-FFFFFFFF-FFFF-FFFF-FFFF-FFFFFFFFFFFF-" LEFT="0." RIGHT="0." />
<ParagraphStyle ALIGN="Left" FIRSTLINE="0." ID="StyleId-09A13A44-4F77-4ABE-84F3-84CC8B3C72CE-" LEFT="0." LINESPACE="7.699999809" RIGHT="0." />
<ParagraphStyle ALIGN="Left" FIRSTLINE="-10." ID="StyleId-1F945060-F8CD-4435-B69A-5FF49DB0C586-" LEFT="0." LINESPACE="12.19999981" RIGHT="0." />
<ParagraphStyle ALIGN="Block" FIRSTLINE="-14." ID="StyleId-C6CAE747-F5A4-4D0D-8D74-D452DA7E2C1C-" LEFT="0." LINESPACE="8.350000381" RIGHT="0." />
<ParagraphStyle ALIGN="Left" FIRSTLINE="0." ID="StyleId-FC0F3374-189A-459E-BE29-2DC14180F022-" LEFT="0." RIGHT="0." />
<ParagraphStyle ALIGN="Left" FIRSTLINE="-12." ID="StyleId-49397C49-A894-4B3E-BA5E-1126226BA375-" LEFT="0." LINESPACE="11.09000015" RIGHT="0." />
<ParagraphStyle ALIGN="Block" FIRSTLINE="-14." ID="StyleId-9E34DD3A-E661-48BD-A3A1-6A3D48346F00-" LEFT="0." LINESPACE="11.09000015" RIGHT="0." />
<ParagraphStyle ALIGN="Left" FIRSTLINE="0." ID="StyleId-56CE54AA-A08B-4BAA-8605-F26020A0E36E-" LEFT="0." LINESPACE="9.399999619" RIGHT="0." />
<ParagraphStyle ALIGN="Left" FIRSTLINE="-11." ID="StyleId-77814FFC-C42F-4AA9-9880-EF33B947DEC8-" LEFT="0." LINESPACE="11.06999969" RIGHT="0." />
<ParagraphStyle ALIGN="Center" FIRSTLINE="0." ID="StyleId-FDE92EC0-67DC-4C7B-8A24-094B12C38B6C-" LEFT="0." LINESPACE="11.30000019" RIGHT="0." />
<ParagraphStyle ALIGN="Left" FIRSTLINE="0." ID="StyleId-65180E3B-4C93-4FB8-81EE-E026DD63DBF3-" LEFT="0." LINESPACE="11.10000038" RIGHT="0." />
<ParagraphStyle ALIGN="Left" FIRSTLINE="0." ID="StyleId-10E885C2-5813-4620-B0AA-0FBA30CF7A32-" LEFT="0." LINESPACE="9.5" RIGHT="0." />
<ParagraphStyle ALIGN="Left" FIRSTLINE="0." ID="StyleId-913C2DB5-9F02-4067-BAF7-0AED37B60BBE-" LEFT="0." LINESPACE="6.099999905" RIGHT="0." />
<ParagraphStyle ALIGN="Left" FIRSTLINE="0." ID="StyleId-9C79A9D2-8F08-4A8F-985D-B00E253ED1E5-" LEFT="0." LINESPACE="4.400000095" RIGHT="0." />
<ParagraphStyle ALIGN="Left" FIRSTLINE="0." ID="StyleId-A41F0407-FEFE-4738-9EC5-E05AFFF62781-" LEFT="0." LINESPACE="7.300000191" RIGHT="0." />
<ParagraphStyle ALIGN="Left" FIRSTLINE="0." ID="StyleId-61D37176-94E8-408D-9B87-01C406CE8AB2-" LEFT="0." LINESPACE="8.050000191" RIGHT="0." />
</Styles>
<Layout>
<Page HEIGHT="4375" ID="Page1179" PHYSICAL_IMG_NR="1179" WIDTH="2424">
<TopMargin HEIGHT="450" HPOS="0" VPOS="0" WIDTH="2424">
</TopMargin>
<LeftMargin HEIGHT="3688" HPOS="0" VPOS="450" WIDTH="65">
</LeftMargin>
<RightMargin HEIGHT="3688" HPOS="2107" VPOS="450" WIDTH="317">
</RightMargin>
<BottomMargin HEIGHT="237" HPOS="0" VPOS="4138" WIDTH="2424">
</BottomMargin>
<PrintSpace HEIGHT="3688" HPOS="65" VPOS="450" WIDTH="2042">
<TextBlock HEIGHT="74" HPOS="986" ID="Page1179_Block1" LANG="en-US" STYLEREFS="StyleId-3CBF6C19-2988-43A4-84C7-97E2C1A9B1D9-" VPOS="4064" WIDTH="154">
<TextLine HEIGHT="54" HPOS="997" VPOS="4073" WIDTH="132">
<String CONTENT="1179" HEIGHT="54" HPOS="997" VPOS="4073" WIDTH="132" />
</TextLine>
</TextBlock>
<TextBlock CS="1" HEIGHT="3620" HPOS="65" ID="Page1179_Block2" LANG="en-US" STYLEREFS="StyleId-68F3249E-3630-4107-9A4F-2F7C784A5746-" VPOS="450" WIDTH="2042">
<TextLine HEIGHT="64" HPOS="86" STYLEREFS="StyleId-73B08D9F-CCD0-4E6D-A120-0B89E9FA799B-" VPOS="461" WIDTH="1015">
<String CONTENT="Bolton," HEIGHT="63" HPOS="86" LANG="de" VPOS="462" WIDTH="226" />
<SP HEIGHT="63" HPOS="313" VPOS="462" WIDTH="28" />
<String CONTENT="Charles" HEIGHT="55" HPOS="342" LANG="de" VPOS="461" WIDTH="244" />
<SP HEIGHT="54" HPOS="587" VPOS="462" WIDTH="23" />
<String CONTENT="Knowles," HEIGHT="64" HPOS="611" LANG="en-US" VPOS="461" WIDTH="290" />
<SP HEIGHT="57" HPOS="902" VPOS="468" WIDTH="29" />
<String CONTENT="1867-" HEIGHT="55" HPOS="932" LANG="en-US" VPOS="463" WIDTH="169" />
</TextLine>
<TextLine HEIGHT="69" HPOS="154" STYLEREFS="StyleId-73B08D9F-CCD0-4E6D-A120-0B89E9FA799B-" VPOS="537" WIDTH="1907">
<String CONTENT="Terra" HEIGHT="51" HPOS="154" VPOS="538" WIDTH="176" />
<SP HEIGHT="52" HPOS="331" VPOS="537" WIDTH="37" />
<String CONTENT="Nova:" HEIGHT="52" HPOS="369" LANG="de" VPOS="537" WIDTH="192" />
<SP HEIGHT="45" HPOS="562" VPOS="543" WIDTH="35" />
<String CONTENT="the" HEIGHT="51" HPOS="598" VPOS="538" WIDTH="94" />
<SP HEIGHT="35" HPOS="693" VPOS="554" WIDTH="35" />
<String CONTENT="northeast" HEIGHT="51" HPOS="729" VPOS="538" WIDTH="294" />
<SP HEIGHT="46" HPOS="1024" VPOS="543" WIDTH="36" />
<String CONTENT="coast" HEIGHT="47" HPOS="1061" VPOS="543" WIDTH="153" />
<SP HEIGHT="47" HPOS="1215" VPOS="543" WIDTH="35" />
<String CONTENT="of" HEIGHT="53" HPOS="1251" VPOS="537" WIDTH="64" />
<SP HEIGHT="52" HPOS="1316" VPOS="537" WIDTH="35" />
<String CONTENT="America" HEIGHT="53" HPOS="1352" VPOS="537" WIDTH="266" />
<SP HEIGHT="51" HPOS="1619" VPOS="539" WIDTH="39" />
<String CONTENT="before" HEIGHT="53" HPOS="1659" VPOS="538" WIDTH="200" />
<SP HEIGHT="47" HPOS="1860" VPOS="544" WIDTH="38" />
<String CONTENT="1602;" HEIGHT="65" HPOS="1899" VPOS="541" WIDTH="162" />
</TextLine>
<TextLine HEIGHT="71" HPOS="86" STYLEREFS="StyleId-73B08D9F-CCD0-4E6D-A120-0B89E9FA799B-" VPOS="613" WIDTH="1978">
<String CONTENT="annals" HEIGHT="53" HPOS="86" VPOS="614" WIDTH="196" />
<SP HEIGHT="35" HPOS="283" VPOS="632" WIDTH="33" />
<String CONTENT="of" HEIGHT="54" HPOS="317" VPOS="613" WIDTH="65" />
<SP HEIGHT="54" HPOS="383" VPOS="613" WIDTH="30" />
<String CONTENT="Vinland," HEIGHT="68" HPOS="414" VPOS="613" WIDTH="275" />
<SP HEIGHT="67" HPOS="690" VPOS="614" WIDTH="33" />
<String CONTENT="Markland," HEIGHT="69" HPOS="724" LANG="de" VPOS="614" WIDTH="328" />
<SP HEIGHT="69" HPOS="1053" VPOS="614" WIDTH="35" />
<String CONTENT="Estotiland," HEIGHT="68" HPOS="1089" VPOS="614" WIDTH="347" />
<SP HEIGHT="67" HPOS="1437" VPOS="615" WIDTH="35" />
<String CONTENT="Drogeo," HEIGHT="69" HPOS="1473" VPOS="615" WIDTH="247" />
<SP HEIGHT="68" HPOS="1721" VPOS="616" WIDTH="36" />
<String CONTENT="Baccalaos" HEIGHT="54" HPOS="1758" VPOS="615" WIDTH="306" />
</TextLine>
<TextLine CS="1" HEIGHT="225" HPOS="82" STYLEREFS="StyleId-73B08D9F-CCD0-4E6D-A120-0B89E9FA799B-" VPOS="690" WIDTH="1957">
<String CONTENT="and" HEIGHT="52" HPOS="86" VPOS="692" WIDTH="111" />
<SP HEIGHT="53" HPOS="198" VPOS="692" WIDTH="35" />
<String CONTENT="Norumbega," HEIGHT="69" HPOS="234" VPOS="690" WIDTH="380" />
<SP HEIGHT="67" HPOS="615" VPOS="691" WIDTH="35" />
<String CONTENT="by" HEIGHT="68" HPOS="651" VPOS="691" WIDTH="78" />
<SP HEIGHT="68" HPOS="730" VPOS="691" WIDTH="36" />
<String CONTENT="Charles" HEIGHT="54" HPOS="767" VPOS="691" WIDTH="234" />
<SP HEIGHT="53" HPOS="1002" VPOS="691" WIDTH="36" />
<String CONTENT="Knowles" HEIGHT="54" HPOS="1039" VPOS="691" WIDTH="269" />
<SP HEIGHT="53" HPOS="1309" VPOS="692" WIDTH="39" />
<String CONTENT="Bolton;" HEIGHT="68" HPOS="1349" VPOS="692" WIDTH="240" />
<SP HEIGHT="49" HPOS="1590" VPOS="711" WIDTH="42" />
<String CONTENT="with" HEIGHT="53" HPOS="1633" VPOS="693" WIDTH="140" />
<SP HEIGHT="53" HPOS="1774" VPOS="692" WIDTH="39" />
<String CONTENT="illustrations" HEIGHT="130" HPOS="85" VPOS="692" WIDTH="1952" />
<SP HEIGHT="53" HPOS="232" VPOS="769" WIDTH="26" />
<String CONTENT="by" HEIGHT="68" HPOS="259" VPOS="769" WIDTH="74" />
<SP HEIGHT="68" HPOS="334" VPOS="769" WIDTH="28" />
<String CONTENT="Ethel" HEIGHT="52" HPOS="363" VPOS="769" WIDTH="171" />
<SP HEIGHT="55" HPOS="535" VPOS="768" WIDTH="29" />
<String CONTENT="Stanwood" HEIGHT="55" HPOS="565" VPOS="768" WIDTH="307" />
<SP HEIGHT="52" HPOS="873" VPOS="769" WIDTH="29" />
<String CONTENT="Bolton." HEIGHT="55" HPOS="903" VPOS="769" WIDTH="228" />
<SP HEIGHT="54" HPOS="1132" VPOS="770" WIDTH="66" />
<String CONTENT="Boston," HEIGHT="69" HPOS="1199" VPOS="770" WIDTH="234" />
<SP HEIGHT="69" HPOS="1434" VPOS="770" WIDTH="31" />
<String CONTENT="F." HEIGHT="53" HPOS="1466" LANG="fr" VPOS="770" WIDTH="66" />
<SP HEIGHT="54" HPOS="1533" VPOS="770" WIDTH="28" />
<String CONTENT="W." HEIGHT="54" HPOS="1562" VPOS="770" WIDTH="91" />
<SP HEIGHT="53" HPOS="1654" VPOS="771" WIDTH="29" />
<String CONTENT="Faxon" HEIGHT="53" HPOS="1684" VPOS="771" WIDTH="201" />
<SP HEIGHT="34" HPOS="1886" VPOS="790" WIDTH="30" />
<String CONTENT="company," HEIGHT="125" HPOS="82" VPOS="790" WIDTH="1957" />
<SP HEIGHT="63" HPOS="253" VPOS="851" WIDTH="26" />
<String CONTENT="1935." HEIGHT="49" HPOS="280" VPOS="850" WIDTH="150" />
</TextLine>
<TextLine CS="1" HEIGHT="51" HPOS="156" VPOS="918" WIDTH="1905">
<String CONTENT="xiii" HEIGHT="40" HPOS="156" VPOS="920" WIDTH="89" />
<SP HEIGHT="48" HPOS="246" VPOS="920" WIDTH="32" />
<String CONTENT="p.," HEIGHT="38" HPOS="279" LANG="fr" VPOS="930" WIDTH="58" />
<SP HEIGHT="44" HPOS="338" VPOS="921" WIDTH="38" />
<String CONTENT="1" HEIGHT="38" HPOS="377" VPOS="921" WIDTH="25" />
<SP />
<String CONTENT="l.," CS="1" />
<SP HEIGHT="46" HPOS="483" VPOS="921" WIDTH="34" />
<String CONTENT="194" HEIGHT="41" HPOS="518" VPOS="918" WIDTH="86" />
<SP HEIGHT="49" HPOS="605" VPOS="918" WIDTH="33" />
<String CONTENT="p." HEIGHT="38" HPOS="639" VPOS="929" WIDTH="43" />
<SP HEIGHT="42" HPOS="683" VPOS="918" WIDTH="37" />
<String CONTENT="incl." HEIGHT="42" HPOS="721" VPOS="918" WIDTH="109" />
<SP HEIGHT="40" HPOS="831" VPOS="920" WIDTH="33" />
<String CONTENT="front." HEIGHT="47" HPOS="865" VPOS="920" WIDTH="163" />
<SP HEIGHT="49" HPOS="1029" VPOS="918" WIDTH="36" />
<String CONTENT="illus.," HEIGHT="47" HPOS="1066" VPOS="918" WIDTH="142" />
<SP HEIGHT="36" HPOS="1209" VPOS="929" WIDTH="35" />
<String CONTENT="maps," HEIGHT="39" HPOS="1245" VPOS="929" WIDTH="150" />
<SP HEIGHT="39" HPOS="1396" VPOS="929" WIDTH="39" />
<String CONTENT="geneal." HEIGHT="47" HPOS="1436" VPOS="920" WIDTH="181" />
<SP HEIGHT="39" HPOS="1618" VPOS="923" WIDTH="36" />
<String CONTENT="tab." HEIGHT="42" HPOS="1655" VPOS="920" WIDTH="98" />
<SP HEIGHT="37" HPOS="1754" VPOS="932" WIDTH="66" />
<String CONTENT="pl." CS="1" HEIGHT="37" HPOS="1821" VPOS="932" WIDTH="61" />
<SP HEIGHT="40" HPOS="1883" VPOS="922" WIDTH="65" />
<String CONTENT="22cm." HEIGHT="42" HPOS="1949" VPOS="921" WIDTH="112" />
</TextLine>
<TextLine HEIGHT="50" HPOS="97" VPOS="975" WIDTH="1166">
<String CONTENT="(Half-title:" HEIGHT="49" HPOS="97" VPOS="976" WIDTH="293" />
<SP HEIGHT="41" HPOS="391" VPOS="976" WIDTH="25" />
<String CONTENT="Useful" HEIGHT="41" HPOS="417" VPOS="975" WIDTH="172" />
<SP HEIGHT="38" HPOS="590" VPOS="976" WIDTH="25" />
<String CONTENT="reference" HEIGHT="41" HPOS="616" VPOS="975" WIDTH="243" />
<SP HEIGHT="30" HPOS="860" VPOS="986" WIDTH="27" />
<String CONTENT="series," HEIGHT="47" HPOS="888" VPOS="976" WIDTH="164" />
<SP HEIGHT="36" HPOS="1053" VPOS="987" WIDTH="24" />
<String CONTENT="no." HEIGHT="30" HPOS="1078" VPOS="986" WIDTH="74" />
<SP HEIGHT="40" HPOS="1153" VPOS="976" WIDTH="29" />
<String CONTENT="56)" HEIGHT="49" HPOS="1183" VPOS="975" WIDTH="80" />
</TextLine>
<TextLine HEIGHT="52" HPOS="156" VPOS="1046" WIDTH="1913">
<String CONTENT="&#8220;Companion" HEIGHT="49" HPOS="156" VPOS="1046" WIDTH="324" />
<SP HEIGHT="29" HPOS="481" VPOS="1057" WIDTH="30" />
<String CONTENT="volume" HEIGHT="41" HPOS="512" VPOS="1046" WIDTH="187" />
<SP HEIGHT="31" HPOS="700" VPOS="1056" WIDTH="16" />
<String CONTENT=":" HEIGHT="30" HPOS="717" VPOS="1056" WIDTH="10" />
<SP HEIGHT="39" HPOS="728" VPOS="1047" WIDTH="32" />
<String CONTENT="The" HEIGHT="39" HPOS="761" VPOS="1047" WIDTH="101" />
<SP HEIGHT="30" HPOS="863" VPOS="1056" WIDTH="32" />
<String CONTENT="real" HEIGHT="39" HPOS="896" VPOS="1048" WIDTH="104" />
<SP HEIGHT="41" HPOS="1001" VPOS="1046" WIDTH="27" />
<String CONTENT="founders" HEIGHT="41" HPOS="1029" VPOS="1046" WIDTH="236" />
<SP HEIGHT="30" HPOS="1266" VPOS="1057" WIDTH="29" />
<String CONTENT="of" HEIGHT="40" HPOS="1296" VPOS="1047" WIDTH="52" />
<SP HEIGHT="40" HPOS="1349" VPOS="1047" WIDTH="31" />
<String CONTENT="New" HEIGHT="41" HPOS="1381" VPOS="1047" WIDTH="118" />
<SP HEIGHT="40" HPOS="1500" VPOS="1047" WIDTH="31" />
<String CONTENT="England," HEIGHT="51" HPOS="1532" VPOS="1047" WIDTH="235" />
<SP HEIGHT="38" HPOS="1768" VPOS="1060" WIDTH="36" />
<String CONTENT="stories" HEIGHT="41" HPOS="1805" VPOS="1050" WIDTH="174" />
<SP HEIGHT="31" HPOS="1980" VPOS="1060" WIDTH="35" />
<String CONTENT="of" HEIGHT="40" HPOS="2016" VPOS="1050" WIDTH="53" />
</TextLine>
<TextLine HEIGHT="52" HPOS="86" VPOS="1102" WIDTH="1211">
<String CONTENT="their" HEIGHT="40" HPOS="86" VPOS="1104" WIDTH="125" />
<SP HEIGHT="39" HPOS="212" VPOS="1104" WIDTH="24" />
<String CONTENT="life" HEIGHT="41" HPOS="237" VPOS="1104" WIDTH="86" />
<SP HEIGHT="30" HPOS="324" VPOS="1115" WIDTH="20" />
<String CONTENT="along" HEIGHT="46" HPOS="345" VPOS="1105" WIDTH="145" />
<SP HEIGHT="46" HPOS="491" VPOS="1105" WIDTH="21" />
<String CONTENT="the" HEIGHT="39" HPOS="513" VPOS="1105" WIDTH="82" />
<SP HEIGHT="29" HPOS="596" VPOS="1114" WIDTH="21" />
<String CONTENT="coast," HEIGHT="45" HPOS="618" VPOS="1106" WIDTH="146" />
<SP HEIGHT="46" HPOS="765" VPOS="1105" WIDTH="25" />
<String CONTENT="1602-1628.&#8221;&#8212;p." HEIGHT="49" HPOS="791" VPOS="1102" WIDTH="410" />
<SP HEIGHT="31" HPOS="1202" VPOS="1123" WIDTH="29" />
<String CONTENT="[ii]" HEIGHT="51" HPOS="1232" VPOS="1103" WIDTH="65" />
</TextLine>
<TextLine HEIGHT="48" HPOS="156" VPOS="1159" WIDTH="1911">
<String CONTENT="&#8220;Several" HEIGHT="42" HPOS="156" VPOS="1159" WIDTH="226" />
<SP HEIGHT="46" HPOS="383" VPOS="1161" WIDTH="23" />
<String CONTENT="persons" HEIGHT="37" HPOS="407" VPOS="1170" WIDTH="200" />
<SP HEIGHT="30" HPOS="608" VPOS="1170" WIDTH="25" />
<String CONTENT="reputed" HEIGHT="46" HPOS="634" VPOS="1161" WIDTH="200" />
<SP HEIGHT="39" HPOS="835" VPOS="1161" WIDTH="24" />
<String CONTENT="to" HEIGHT="38" HPOS="860" VPOS="1162" WIDTH="48" />
<SP HEIGHT="39" HPOS="909" VPOS="1160" WIDTH="26" />
<String CONTENT="have" HEIGHT="41" HPOS="936" VPOS="1160" WIDTH="126" />
<SP HEIGHT="41" HPOS="1063" VPOS="1160" WIDTH="22" />
<String CONTENT="been" HEIGHT="41" HPOS="1086" VPOS="1160" WIDTH="119" />
<SP HEIGHT="30" HPOS="1206" VPOS="1170" WIDTH="28" />
<String CONTENT="on" HEIGHT="30" HPOS="1235" VPOS="1170" WIDTH="62" />
<SP HEIGHT="39" HPOS="1298" VPOS="1162" WIDTH="25" />
<String CONTENT="the" HEIGHT="41" HPOS="1324" VPOS="1161" WIDTH="81" />
<SP HEIGHT="30" HPOS="1406" VPOS="1172" WIDTH="27" />
<String CONTENT="north" HEIGHT="39" HPOS="1434" VPOS="1162" WIDTH="146" />
<SP HEIGHT="40" HPOS="1581" VPOS="1162" WIDTH="23" />
<String CONTENT="east" HEIGHT="39" HPOS="1605" VPOS="1164" WIDTH="107" />
<SP HEIGHT="39" HPOS="1713" VPOS="1164" WIDTH="24" />
<String CONTENT="coast" HEIGHT="39" HPOS="1738" VPOS="1164" WIDTH="136" />
<SP HEIGHT="41" HPOS="1875" VPOS="1162" WIDTH="23" />
<String CONTENT="before" HEIGHT="41" HPOS="1899" VPOS="1162" WIDTH="168" />
</TextLine>
<TextLine HEIGHT="50" HPOS="83" VPOS="1215" WIDTH="510">
<String CONTENT="1602.&#8221;&#8212;p." HEIGHT="50" HPOS="83" VPOS="1215" WIDTH="259" />
<SP HEIGHT="40" HPOS="343" VPOS="1217" WIDTH="33" />
<String CONTENT="157-187." HEIGHT="43" HPOS="377" VPOS="1215" WIDTH="216" />
</TextLine>
<TextLine CS="1" HEIGHT="53" HPOS="87" VPOS="1287" WIDTH="1789">
<String CONTENT="&#169;" HEIGHT="53" HPOS="87" VPOS="1287" WIDTH="51" />
<SP HEIGHT="53" HPOS="139" VPOS="1287" WIDTH="20" />
<String CONTENT="Aug." HEIGHT="46" HPOS="160" VPOS="1291" WIDTH="117" />
<SP HEIGHT="40" HPOS="278" VPOS="1288" WIDTH="26" />
<String CONTENT="21," HEIGHT="49" HPOS="305" VPOS="1288" WIDTH="70" />
<SP HEIGHT="48" HPOS="376" VPOS="1289" WIDTH="26" />
<String CONTENT="1935;" CS="1" HEIGHT="42" HPOS="403" VPOS="1287" WIDTH="114" />
<SP HEIGHT="47" HPOS="544" VPOS="1288" WIDTH="28" />
<String CONTENT="2c." HEIGHT="40" HPOS="573" VPOS="1288" WIDTH="68" />
<SP HEIGHT="30" HPOS="642" VPOS="1298" WIDTH="26" />
<String CONTENT="and" HEIGHT="38" HPOS="669" VPOS="1289" WIDTH="95" />
<SP HEIGHT="38" HPOS="765" VPOS="1289" WIDTH="24" />
<String CONTENT="aff." HEIGHT="39" HPOS="790" VPOS="1288" WIDTH="82" />
<SP HEIGHT="39" HPOS="873" VPOS="1288" WIDTH="26" />
<String CONTENT="Aug." HEIGHT="47" HPOS="900" VPOS="1288" WIDTH="118" />
<SP HEIGHT="39" HPOS="1019" VPOS="1288" WIDTH="27" />
<String CONTENT="26;" CS="1" HEIGHT="39" HPOS="1047" VPOS="1288" WIDTH="58" />
<SP HEIGHT="47" HPOS="1131" VPOS="1288" WIDTH="28" />
<String CONTENT="A" HEIGHT="39" HPOS="1160" VPOS="1288" WIDTH="42" />
<SP HEIGHT="41" HPOS="1203" VPOS="1288" WIDTH="25" />
<String CONTENT="85623;" CS="1" HEIGHT="41" HPOS="1229" VPOS="1288" WIDTH="141" />
<SP HEIGHT="46" HPOS="1398" VPOS="1289" WIDTH="30" />
<String CONTENT="F." HEIGHT="40" HPOS="1429" LANG="fr" VPOS="1289" WIDTH="52" />
<SP HEIGHT="40" HPOS="1482" VPOS="1290" WIDTH="27" />
<String CONTENT="W." HEIGHT="40" HPOS="1510" VPOS="1290" WIDTH="71" />
<SP HEIGHT="39" HPOS="1582" VPOS="1290" WIDTH="29" />
<String CONTENT="Faxon" HEIGHT="40" HPOS="1612" VPOS="1290" WIDTH="171" />
<SP HEIGHT="29" HPOS="1784" VPOS="1302" WIDTH="24" />
<String CONTENT="co." HEIGHT="29" HPOS="1809" VPOS="1302" WIDTH="67" />
</TextLine>
<TextLine HEIGHT="50" HPOS="163" VPOS="1345" WIDTH="277">
<String CONTENT="(35-14829)" HEIGHT="50" HPOS="163" VPOS="1345" WIDTH="277" />
</TextLine>
<TextLine HEIGHT="65" HPOS="82" STYLEREFS="StyleId-5EE9A212-9922-4288-BAD9-CDF9EC166C0F-" VPOS="1450" WIDTH="791">
<String CONTENT="Brody," HEIGHT="64" HPOS="82" VPOS="1451" WIDTH="211" />
<SP HEIGHT="64" HPOS="294" VPOS="1451" WIDTH="28" />
<String CONTENT="Alexander," HEIGHT="62" HPOS="323" VPOS="1450" WIDTH="353" />
<SP HEIGHT="57" HPOS="677" VPOS="1455" WIDTH="32" />
<String CONTENT="1903-" HEIGHT="49" HPOS="710" VPOS="1455" WIDTH="163" />
</TextLine>
<TextLine CS="1" HEIGHT="145" HPOS="82" STYLEREFS="StyleId-73B08D9F-CCD0-4E6D-A120-0B89E9FA799B-" VPOS="1526" WIDTH="1959">
<String CONTENT="The" HEIGHT="53" HPOS="150" VPOS="1528" WIDTH="118" />
<SP HEIGHT="54" HPOS="269" VPOS="1527" WIDTH="42" />
<String CONTENT="American" HEIGHT="53" HPOS="312" VPOS="1526" WIDTH="305" />
<SP HEIGHT="35" HPOS="618" VPOS="1545" WIDTH="41" />
<String CONTENT="state" HEIGHT="50" HPOS="660" VPOS="1530" WIDTH="143" />
<SP HEIGHT="34" HPOS="804" VPOS="1546" WIDTH="42" />
<String CONTENT="and" HEIGHT="54" HPOS="847" VPOS="1526" WIDTH="112" />
<SP HEIGHT="53" HPOS="960" VPOS="1526" WIDTH="39" />
<String CONTENT="higher" HEIGHT="67" HPOS="1000" VPOS="1526" WIDTH="206" />
<SP HEIGHT="34" HPOS="1207" VPOS="1546" WIDTH="39" />
<String CONTENT="education;" HEIGHT="66" HPOS="1247" VPOS="1526" WIDTH="328" />
<SP HEIGHT="59" HPOS="1576" VPOS="1533" WIDTH="42" />
<String CONTENT="the" HEIGHT="53" HPOS="1619" VPOS="1528" WIDTH="96" />
<SP HEIGHT="51" HPOS="1716" VPOS="1530" WIDTH="40" />
<String CONTENT="legal," HEIGHT="64" HPOS="1757" VPOS="1530" WIDTH="168" />
<SP HEIGHT="46" HPOS="1926" VPOS="1550" WIDTH="41" />
<String CONTENT="political" HEIGHT="108" HPOS="82" VPOS="1549" WIDTH="1959" />
<SP HEIGHT="49" HPOS="260" VPOS="1607" WIDTH="25" />
<String CONTENT="and" HEIGHT="51" HPOS="286" VPOS="1605" WIDTH="112" />
<SP HEIGHT="51" HPOS="399" VPOS="1605" WIDTH="26" />
<String CONTENT="constitutional" HEIGHT="53" HPOS="426" VPOS="1603" WIDTH="426" />
<SP HEIGHT="50" HPOS="853" VPOS="1606" WIDTH="23" />
<String CONTENT="relationships," HEIGHT="67" HPOS="877" VPOS="1603" WIDTH="422" />
<SP HEIGHT="64" HPOS="1300" VPOS="1605" WIDTH="22" />
<String CONTENT="by" HEIGHT="65" HPOS="1323" VPOS="1605" WIDTH="75" />
<SP HEIGHT="67" HPOS="1399" VPOS="1603" WIDTH="22" />
<String CONTENT="Alexander" HEIGHT="54" HPOS="1422" VPOS="1603" WIDTH="329" />
<SP HEIGHT="50" HPOS="1752" VPOS="1607" WIDTH="23" />
<String CONTENT="Brody" HEIGHT="65" HPOS="1776" VPOS="1606" WIDTH="199" />
<SP />
<String CONTENT="&#8230;" CS="1" />
</TextLine>
<TextLine HEIGHT="69" HPOS="82" STYLEREFS="StyleId-73B08D9F-CCD0-4E6D-A120-0B89E9FA799B-" VPOS="1678" WIDTH="1846">
<String CONTENT="Washington," HEIGHT="66" HPOS="82" VPOS="1681" WIDTH="394" />
<SP HEIGHT="65" HPOS="477" VPOS="1681" WIDTH="30" />
<String CONTENT="D." HEIGHT="51" HPOS="508" VPOS="1681" WIDTH="72" />
<SP HEIGHT="56" HPOS="581" VPOS="1679" WIDTH="35" />
<String CONTENT="C.," HEIGHT="67" HPOS="617" VPOS="1679" WIDTH="81" />
<SP HEIGHT="67" HPOS="699" VPOS="1679" WIDTH="30" />
<String CONTENT="American" HEIGHT="54" HPOS="730" VPOS="1678" WIDTH="306" />
<SP HEIGHT="34" HPOS="1037" VPOS="1698" WIDTH="31" />
<String CONTENT="council" HEIGHT="53" HPOS="1069" VPOS="1680" WIDTH="218" />
<SP HEIGHT="51" HPOS="1288" VPOS="1682" WIDTH="32" />
<String CONTENT="on" HEIGHT="34" HPOS="1321" VPOS="1699" WIDTH="71" />
<SP HEIGHT="34" HPOS="1393" VPOS="1699" WIDTH="31" />
<String CONTENT="education," HEIGHT="65" HPOS="1425" VPOS="1680" WIDTH="318" />
<SP HEIGHT="60" HPOS="1744" VPOS="1685" WIDTH="32" />
<String CONTENT="1935." HEIGHT="50" HPOS="1777" VPOS="1685" WIDTH="151" />
</TextLine>
<TextLine CS="1" HEIGHT="52" HPOS="149" STYLEREFS="StyleId-73B08D9F-CCD0-4E6D-A120-0B89E9FA799B-" VPOS="1750" WIDTH="473">
<String CONTENT="vii," HEIGHT="48" HPOS="149" VPOS="1754" WIDTH="81" />
<SP HEIGHT="48" HPOS="231" VPOS="1754" WIDTH="27" />
<String CONTENT="251" HEIGHT="44" HPOS="259" VPOS="1750" WIDTH="85" />
<SP HEIGHT="47" HPOS="345" VPOS="1755" WIDTH="27" />
<String CONTENT="p." HEIGHT="38" HPOS="373" VPOS="1764" WIDTH="45" />
<SP HEIGHT="42" HPOS="419" VPOS="1752" WIDTH="56" />
<String CONTENT="23&#189;cm." CS="1" HEIGHT="41" HPOS="476" VPOS="1752" WIDTH="146" />
</TextLine>
<TextLine HEIGHT="52" HPOS="152" VPOS="1819" WIDTH="1911">
<String CONTENT="&#8220;Prepared" HEIGHT="48" HPOS="152" VPOS="1823" WIDTH="270" />
<SP HEIGHT="40" HPOS="423" VPOS="1822" WIDTH="38" />
<String CONTENT="for" HEIGHT="41" HPOS="462" VPOS="1822" WIDTH="79" />
<SP HEIGHT="39" HPOS="542" VPOS="1823" WIDTH="38" />
<String CONTENT="the" HEIGHT="42" HPOS="581" VPOS="1822" WIDTH="83" />
<SP HEIGHT="44" HPOS="665" VPOS="1820" WIDTH="35" />
<String CONTENT="American" HEIGHT="42" HPOS="701" VPOS="1819" WIDTH="257" />
<SP HEIGHT="29" HPOS="959" VPOS="1832" WIDTH="39" />
<String CONTENT="council" HEIGHT="41" HPOS="999" VPOS="1821" WIDTH="186" />
<SP HEIGHT="41" HPOS="1186" VPOS="1821" WIDTH="39" />
<String CONTENT="on" HEIGHT="30" HPOS="1226" VPOS="1832" WIDTH="59" />
<SP HEIGHT="30" HPOS="1286" VPOS="1832" WIDTH="39" />
<String CONTENT="education" HEIGHT="41" HPOS="1326" VPOS="1821" WIDTH="260" />
<SP HEIGHT="47" HPOS="1587" VPOS="1822" WIDTH="36" />
<String CONTENT="joint" HEIGHT="47" HPOS="1624" VPOS="1822" WIDTH="126" />
<SP HEIGHT="40" HPOS="1751" VPOS="1823" WIDTH="39" />
<String CONTENT="committee" HEIGHT="42" HPOS="1791" VPOS="1824" WIDTH="272" />
</TextLine>
<TextLine HEIGHT="52" HPOS="82" VPOS="1877" WIDTH="1982">
<String CONTENT="with" HEIGHT="41" HPOS="82" VPOS="1879" WIDTH="118" />
<SP HEIGHT="40" HPOS="201" VPOS="1880" WIDTH="35" />
<String CONTENT="the" HEIGHT="39" HPOS="237" VPOS="1881" WIDTH="81" />
<SP HEIGHT="42" HPOS="319" VPOS="1878" WIDTH="38" />
<String CONTENT="Social" HEIGHT="41" HPOS="358" VPOS="1878" WIDTH="157" />
<SP HEIGHT="38" HPOS="516" VPOS="1880" WIDTH="39" />
<String CONTENT="science" HEIGHT="42" HPOS="556" VPOS="1877" WIDTH="186" />
<SP HEIGHT="30" HPOS="743" VPOS="1889" WIDTH="36" />
<String CONTENT="research" HEIGHT="40" HPOS="780" VPOS="1878" WIDTH="226" />
<SP HEIGHT="40" HPOS="1007" VPOS="1878" WIDTH="35" />
<String CONTENT="council" HEIGHT="41" HPOS="1043" VPOS="1877" WIDTH="189" />
<SP HEIGHT="40" HPOS="1233" VPOS="1878" WIDTH="34" />
<String CONTENT="on" HEIGHT="29" HPOS="1268" VPOS="1889" WIDTH="60" />
<SP HEIGHT="30" HPOS="1329" VPOS="1888" WIDTH="35" />
<String CONTENT="administrative" HEIGHT="44" HPOS="1365" VPOS="1878" WIDTH="395" />
<SP HEIGHT="38" HPOS="1761" VPOS="1891" WIDTH="35" />
<String CONTENT="phases" HEIGHT="48" HPOS="1797" VPOS="1881" WIDTH="176" />
<SP HEIGHT="31" HPOS="1974" VPOS="1892" WIDTH="38" />
<String CONTENT="of" HEIGHT="40" HPOS="2013" VPOS="1883" WIDTH="51" />
</TextLine>
<TextLine HEIGHT="55" HPOS="83" VPOS="1933" WIDTH="1866">
<String CONTENT="state" HEIGHT="37" HPOS="83" VPOS="1939" WIDTH="124" />
<SP HEIGHT="30" HPOS="208" VPOS="1947" WIDTH="30" />
<String CONTENT="educational" HEIGHT="41" HPOS="239" VPOS="1936" WIDTH="308" />
<SP HEIGHT="37" HPOS="548" VPOS="1937" WIDTH="33" />
<String CONTENT="systems." HEIGHT="45" HPOS="582" VPOS="1937" WIDTH="218" />
<SP HEIGHT="40" HPOS="801" VPOS="1934" WIDTH="61" />
<String CONTENT="Albert" HEIGHT="41" HPOS="863" VPOS="1933" WIDTH="167" />
<SP HEIGHT="41" HPOS="1031" VPOS="1933" WIDTH="34" />
<String CONTENT="B." HEIGHT="41" HPOS="1066" VPOS="1933" WIDTH="53" />
<SP HEIGHT="41" HPOS="1120" VPOS="1933" WIDTH="33" />
<String CONTENT="Meredith," HEIGHT="49" HPOS="1154" VPOS="1933" WIDTH="255" />
<SP HEIGHT="37" HPOS="1410" VPOS="1945" WIDTH="33" />
<String CONTENT="chairman.&#8221;&#8212;p." HEIGHT="51" HPOS="1444" VPOS="1935" WIDTH="402" />
<SP HEIGHT="30" HPOS="1847" VPOS="1957" WIDTH="36" />
<String CONTENT="[ii]" HEIGHT="50" HPOS="1884" VPOS="1938" WIDTH="65" />
</TextLine>
<TextLine HEIGHT="50" HPOS="151" VPOS="1990" WIDTH="709">
<String CONTENT="&#8220;Cases" HEIGHT="42" HPOS="151" VPOS="1992" WIDTH="174" />
<SP HEIGHT="30" HPOS="326" VPOS="2003" WIDTH="28" />
<String CONTENT="cited&#8221;" HEIGHT="42" HPOS="355" VPOS="1991" WIDTH="155" />
<SP HEIGHT="41" HPOS="511" VPOS="1991" WIDTH="16" />
<String CONTENT=":" HEIGHT="30" HPOS="528" VPOS="2002" WIDTH="10" />
<SP HEIGHT="38" HPOS="539" VPOS="2002" WIDTH="30" />
<String CONTENT="p." HEIGHT="38" HPOS="570" VPOS="2002" WIDTH="44" />
<SP HEIGHT="40" HPOS="615" VPOS="1991" WIDTH="29" />
<String CONTENT="232-241." HEIGHT="41" HPOS="645" VPOS="1990" WIDTH="215" />
</TextLine>
<TextLine HEIGHT="51" HPOS="151" VPOS="2045" WIDTH="1050">
<String CONTENT="&#8220;List" HEIGHT="41" HPOS="151" VPOS="2049" WIDTH="131" />
<SP HEIGHT="39" HPOS="283" VPOS="2051" WIDTH="25" />
<String CONTENT="of" HEIGHT="40" HPOS="309" VPOS="2050" WIDTH="50" />
<SP HEIGHT="39" HPOS="360" VPOS="2050" WIDTH="25" />
<String CONTENT="authorities" HEIGHT="42" HPOS="386" VPOS="2047" WIDTH="290" />
<SP HEIGHT="30" HPOS="677" VPOS="2058" WIDTH="26" />
<String CONTENT="cited&#8221;" HEIGHT="42" HPOS="704" VPOS="2046" WIDTH="155" />
<SP HEIGHT="41" HPOS="860" VPOS="2046" WIDTH="15" />
<String CONTENT=":" HEIGHT="30" HPOS="876" VPOS="2057" WIDTH="10" />
<SP HEIGHT="39" HPOS="887" VPOS="2057" WIDTH="27" />
<String CONTENT="p." HEIGHT="39" HPOS="915" VPOS="2057" WIDTH="45" />
<SP HEIGHT="43" HPOS="961" VPOS="2045" WIDTH="24" />
<String CONTENT="242-246." HEIGHT="43" HPOS="986" VPOS="2045" WIDTH="215" />
</TextLine>
<TextLine CS="1" HEIGHT="110" HPOS="86" VPOS="2116" WIDTH="1961">
<String CONTENT="&#169;" HEIGHT="53" HPOS="86" VPOS="2117" WIDTH="51" />
<SP HEIGHT="53" HPOS="138" VPOS="2117" WIDTH="24" />
<String CONTENT="July" HEIGHT="48" HPOS="163" VPOS="2121" WIDTH="115" />
<SP HEIGHT="48" HPOS="279" VPOS="2121" WIDTH="25" />
<String CONTENT="8," HEIGHT="47" HPOS="305" VPOS="2121" WIDTH="38" />
<SP HEIGHT="47" HPOS="344" VPOS="2121" WIDTH="28" />
<String CONTENT="1935;" HEIGHT="47" HPOS="373" VPOS="2119" WIDTH="141" />
<SP HEIGHT="48" HPOS="515" VPOS="2118" WIDTH="27" />
<String CONTENT="2c." HEIGHT="40" HPOS="543" VPOS="2118" WIDTH="66" />
<SP HEIGHT="29" HPOS="610" VPOS="2128" WIDTH="28" />
<String CONTENT="and" HEIGHT="38" HPOS="639" VPOS="2119" WIDTH="97" />
<SP HEIGHT="38" HPOS="737" VPOS="2119" WIDTH="26" />
<String CONTENT="aff." HEIGHT="40" HPOS="764" VPOS="2117" WIDTH="81" />
<SP HEIGHT="39" HPOS="846" VPOS="2118" WIDTH="27" />
<String CONTENT="July" HEIGHT="47" HPOS="874" VPOS="2118" WIDTH="116" />
<SP HEIGHT="48" HPOS="991" VPOS="2117" WIDTH="26" />
<String CONTENT="16;" HEIGHT="46" HPOS="1018" VPOS="2117" WIDTH="81" />
<SP HEIGHT="46" HPOS="1100" VPOS="2117" WIDTH="31" />
<String CONTENT="A" HEIGHT="40" HPOS="1132" VPOS="2117" WIDTH="44" />
<SP HEIGHT="40" HPOS="1177" VPOS="2117" WIDTH="21" />
<String CONTENT="84656;" HEIGHT="48" HPOS="1199" VPOS="2116" WIDTH="170" />
<SP HEIGHT="47" HPOS="1370" VPOS="2117" WIDTH="29" />
<String CONTENT="Amer." HEIGHT="41" HPOS="1400" LANG="fi" VPOS="2117" WIDTH="159" />
<SP HEIGHT="29" HPOS="1560" VPOS="2130" WIDTH="28" />
<String CONTENT="council" HEIGHT="41" HPOS="1589" VPOS="2118" WIDTH="187" />
<SP HEIGHT="38" HPOS="1777" VPOS="2122" WIDTH="30" />
<String CONTENT="on" HEIGHT="29" HPOS="1808" VPOS="2131" WIDTH="60" />
<SP HEIGHT="28" HPOS="1869" VPOS="2131" WIDTH="27" />
<String CONTENT="education," HEIGHT="105" HPOS="150" VPOS="2121" WIDTH="1897" />
<SP HEIGHT="49" HPOS="264" VPOS="2177" WIDTH="27" />
<String CONTENT="inc." HEIGHT="40" HPOS="292" VPOS="2177" WIDTH="90" />
<SP HEIGHT="48" HPOS="383" VPOS="2176" WIDTH="68" />
<String CONTENT="(35-14859)" HEIGHT="51" HPOS="452" VPOS="2173" WIDTH="278" />
</TextLine>
<TextLine HEIGHT="65" HPOS="79" STYLEREFS="StyleId-5EE9A212-9922-4288-BAD9-CDF9EC166C0F-" VPOS="2278" WIDTH="527">
<String CONTENT="Brousseau," HEIGHT="62" HPOS="79" VPOS="2281" WIDTH="348" />
<SP HEIGHT="64" HPOS="428" VPOS="2279" WIDTH="27" />
<String CONTENT="Jule." HEIGHT="54" HPOS="456" VPOS="2278" WIDTH="150" />
</TextLine>
<TextLine HEIGHT="73" HPOS="144" STYLEREFS="StyleId-73B08D9F-CCD0-4E6D-A120-0B89E9FA799B-" VPOS="2351" WIDTH="1921">
<String CONTENT="A" HEIGHT="52" HPOS="144" VPOS="2357" WIDTH="55" />
<SP HEIGHT="67" HPOS="200" VPOS="2357" WIDTH="46" />
<String CONTENT="preface" HEIGHT="70" HPOS="247" VPOS="2354" WIDTH="229" />
<SP HEIGHT="47" HPOS="477" VPOS="2359" WIDTH="46" />
<String CONTENT="to" HEIGHT="48" HPOS="524" VPOS="2359" WIDTH="58" />
<SP HEIGHT="35" HPOS="583" VPOS="2372" WIDTH="44" />
<String CONTENT="maturity," HEIGHT="69" HPOS="628" VPOS="2351" WIDTH="296" />
<SP HEIGHT="67" HPOS="925" VPOS="2353" WIDTH="43" />
<String CONTENT="by" HEIGHT="67" HPOS="969" VPOS="2353" WIDTH="74" />
<SP HEIGHT="68" HPOS="1044" VPOS="2352" WIDTH="47" />
<String CONTENT="Jule" HEIGHT="55" HPOS="1092" VPOS="2351" WIDTH="136" />
<SP HEIGHT="52" HPOS="1229" VPOS="2353" WIDTH="45" />
<String CONTENT="Brousseau." HEIGHT="53" HPOS="1275" VPOS="2353" WIDTH="335" />
<SP HEIGHT="54" HPOS="1611" VPOS="2353" WIDTH="85" />
<String CONTENT="New" HEIGHT="54" HPOS="1697" VPOS="2353" WIDTH="140" />
<SP HEIGHT="52" HPOS="1838" VPOS="2355" WIDTH="46" />
<String CONTENT="York," HEIGHT="70" HPOS="1885" VPOS="2353" WIDTH="180" />
</TextLine>
<TextLine CS="1" HEIGHT="67" HPOS="79" STYLEREFS="StyleId-73B08D9F-CCD0-4E6D-A120-0B89E9FA799B-" VPOS="2431" WIDTH="1150">
<String CONTENT="Thomas" HEIGHT="52" HPOS="79" VPOS="2435" WIDTH="241" />
<SP HEIGHT="55" HPOS="321" VPOS="2432" WIDTH="27" />
<String CONTENT="Y." HEIGHT="53" HPOS="349" VPOS="2432" WIDTH="71" />
<SP HEIGHT="54" HPOS="421" VPOS="2431" WIDTH="30" />
<String CONTENT="Crowell" HEIGHT="54" HPOS="452" VPOS="2431" WIDTH="243" />
<SP HEIGHT="51" HPOS="696" VPOS="2433" WIDTH="28" />
<String CONTENT="company" HEIGHT="50" HPOS="725" VPOS="2448" WIDTH="278" />
<SP HEIGHT="49" HPOS="1004" VPOS="2449" WIDTH="32" />
<String CONTENT="[c1935]" CS="1" HEIGHT="64" HPOS="1055" VPOS="2433" WIDTH="174" />
</TextLine>
<TextLine CS="1" HEIGHT="51" HPOS="146" VPOS="2513" WIDTH="585">
<String CONTENT="4" HEIGHT="39" HPOS="146" VPOS="2517" WIDTH="28" />
<SP HEIGHT="47" HPOS="175" VPOS="2517" WIDTH="24" />
<String CONTENT="p." HEIGHT="37" HPOS="200" VPOS="2527" WIDTH="42" />
<SP />
<String CONTENT="l.," CS="1" />
<SP HEIGHT="46" HPOS="315" VPOS="2516" WIDTH="25" />
<String CONTENT="3-458" HEIGHT="40" HPOS="341" VPOS="2515" WIDTH="147" />
<SP HEIGHT="48" HPOS="489" VPOS="2515" WIDTH="23" />
<String CONTENT="p." HEIGHT="37" HPOS="513" VPOS="2526" WIDTH="42" />
<SP HEIGHT="40" HPOS="556" VPOS="2513" WIDTH="57" />
<String CONTENT="21cm." HEIGHT="41" HPOS="614" VPOS="2513" WIDTH="117" />
</TextLine>
<TextLine HEIGHT="53" HPOS="87" VPOS="2582" WIDTH="1977">
<String CONTENT="&#169;" HEIGHT="53" HPOS="87" VPOS="2582" WIDTH="49" />
<SP HEIGHT="53" HPOS="137" VPOS="2582" WIDTH="25" />
<String CONTENT="Aug." HEIGHT="47" HPOS="163" VPOS="2587" WIDTH="117" />
<SP HEIGHT="39" HPOS="281" VPOS="2587" WIDTH="26" />
<String CONTENT="15," HEIGHT="47" HPOS="308" VPOS="2586" WIDTH="68" />
<SP HEIGHT="47" HPOS="377" VPOS="2586" WIDTH="27" />
<String CONTENT="1935;" HEIGHT="42" HPOS="405" VPOS="2584" WIDTH="140" />
<SP HEIGHT="41" HPOS="546" VPOS="2585" WIDTH="29" />
<String CONTENT="2c." HEIGHT="39" HPOS="576" VPOS="2585" WIDTH="66" />
<SP HEIGHT="40" HPOS="643" VPOS="2584" WIDTH="30" />
<String CONTENT="Sept." HEIGHT="47" HPOS="674" VPOS="2584" WIDTH="126" />
<SP HEIGHT="40" HPOS="801" VPOS="2583" WIDTH="29" />
<String CONTENT="6:" HEIGHT="40" HPOS="831" VPOS="2583" WIDTH="51" />
<SP HEIGHT="30" HPOS="883" VPOS="2593" WIDTH="26" />
<String CONTENT="aff." HEIGHT="40" HPOS="910" VPOS="2582" WIDTH="82" />
<SP HEIGHT="40" HPOS="993" VPOS="2582" WIDTH="31" />
<String CONTENT="Sept." HEIGHT="48" HPOS="1025" VPOS="2582" WIDTH="128" />
<SP HEIGHT="39" HPOS="1154" VPOS="2583" WIDTH="27" />
<String CONTENT="5;" HEIGHT="47" HPOS="1182" VPOS="2583" WIDTH="52" />
<SP HEIGHT="47" HPOS="1235" VPOS="2583" WIDTH="29" />
<String CONTENT="A" HEIGHT="39" HPOS="1265" VPOS="2583" WIDTH="42" />
<SP HEIGHT="40" HPOS="1308" VPOS="2583" WIDTH="25" />
<String CONTENT="85789;" HEIGHT="47" HPOS="1334" VPOS="2583" WIDTH="170" />
<SP HEIGHT="46" HPOS="1505" VPOS="2584" WIDTH="28" />
<String CONTENT="Thomas." HEIGHT="41" HPOS="1534" VPOS="2584" WIDTH="215" />
<SP HEIGHT="39" HPOS="1750" VPOS="2585" WIDTH="22" />
<String CONTENT="Y." HEIGHT="39" HPOS="1773" VPOS="2585" WIDTH="53" />
<SP HEIGHT="40" HPOS="1827" VPOS="2585" WIDTH="32" />
<String CONTENT="Crowell" HEIGHT="41" HPOS="1860" VPOS="2585" WIDTH="204" />
</TextLine>
<TextLine HEIGHT="50" HPOS="150" VPOS="2641" WIDTH="412">
<String CONTENT="co." HEIGHT="30" HPOS="150" VPOS="2653" WIDTH="65" />
<SP HEIGHT="48" HPOS="216" VPOS="2643" WIDTH="68" />
<String CONTENT="(35-14891)" HEIGHT="50" HPOS="285" VPOS="2641" WIDTH="277" />
</TextLine>
<TextLine HEIGHT="65" HPOS="80" STYLEREFS="StyleId-5EE9A212-9922-4288-BAD9-CDF9EC166C0F-" VPOS="2743" WIDTH="784">
<String CONTENT="Brusse," HEIGHT="65" HPOS="80" VPOS="2743" WIDTH="232" />
<SP HEIGHT="62" HPOS="313" VPOS="2746" WIDTH="26" />
<String CONTENT="Mrs." HEIGHT="51" HPOS="340" VPOS="2746" WIDTH="138" />
<SP HEIGHT="52" HPOS="479" VPOS="2744" WIDTH="25" />
<String CONTENT="Bun" HEIGHT="52" HPOS="505" VPOS="2744" WIDTH="132" />
<SP HEIGHT="51" HPOS="638" VPOS="2744" WIDTH="24" />
<String CONTENT="Bates." HEIGHT="53" HPOS="663" VPOS="2744" WIDTH="201" />
</TextLine>
<TextLine CS="1" HEIGHT="69" HPOS="149" STYLEREFS="StyleId-73B08D9F-CCD0-4E6D-A120-0B89E9FA799B-" VPOS="2818" WIDTH="1913">
<String CONTENT="An" HEIGHT="53" HPOS="149" VPOS="2820" WIDTH="93" />
<SP HEIGHT="33" HPOS="243" VPOS="2840" WIDTH="28" />
<String CONTENT="activity" HEIGHT="68" HPOS="272" VPOS="2819" WIDTH="237" />
<SP HEIGHT="49" HPOS="510" VPOS="2838" WIDTH="25" />
<String CONTENT="program" HEIGHT="49" HPOS="536" VPOS="2838" WIDTH="272" />
<SP HEIGHT="53" HPOS="809" VPOS="2819" WIDTH="24" />
<String CONTENT="in" HEIGHT="52" HPOS="834" VPOS="2819" WIDTH="59" />
<SP HEIGHT="34" HPOS="894" VPOS="2838" WIDTH="27" />
<String CONTENT="action," HEIGHT="66" HPOS="922" VPOS="2818" WIDTH="203" />
<SP HEIGHT="65" HPOS="1126" VPOS="2819" WIDTH="25" />
<String CONTENT="by" HEIGHT="65" HPOS="1152" VPOS="2819" WIDTH="76" />
<SP HEIGHT="63" HPOS="1229" VPOS="2821" WIDTH="25" />
<String CONTENT="Bun" HEIGHT="50" HPOS="1255" VPOS="2821" WIDTH="131" />
<SP HEIGHT="51" HPOS="1387" VPOS="2820" WIDTH="26" />
<String CONTENT="Bates" HEIGHT="53" HPOS="1414" VPOS="2820" WIDTH="172" />
<SP HEIGHT="51" HPOS="1587" VPOS="2822" WIDTH="26" />
<String CONTENT="Brusse" HEIGHT="51" HPOS="1614" VPOS="2822" WIDTH="210" />
<SP />
<String CONTENT="&#8230;" CS="1" />
<SP HEIGHT="33" HPOS="1915" VPOS="2840" WIDTH="32" />
<String CONTENT="and" HEIGHT="53" HPOS="1948" VPOS="2820" WIDTH="114" />
</TextLine>
<TextLine CS="1" HEIGHT="68" HPOS="78" STYLEREFS="StyleId-73B08D9F-CCD0-4E6D-A120-0B89E9FA799B-" VPOS="2896" WIDTH="1985">
<String CONTENT="an" HEIGHT="35" HPOS="78" VPOS="2915" WIDTH="69" />
<SP HEIGHT="51" HPOS="148" VPOS="2900" WIDTH="18" />
<String CONTENT="introductory" HEIGHT="66" HPOS="167" VPOS="2898" WIDTH="394" />
<SP HEIGHT="48" HPOS="562" VPOS="2916" WIDTH="20" />
<String CONTENT="chapter" HEIGHT="66" HPOS="583" VPOS="2898" WIDTH="235" />
<SP HEIGHT="35" HPOS="819" VPOS="2914" WIDTH="21" />
<String CONTENT="and" HEIGHT="52" HPOS="841" VPOS="2897" WIDTH="110" />
<SP HEIGHT="52" HPOS="952" VPOS="2897" WIDTH="21" />
<String CONTENT="edited" HEIGHT="53" HPOS="974" VPOS="2896" WIDTH="189" />
<SP HEIGHT="52" HPOS="1164" VPOS="2896" WIDTH="18" />
<String CONTENT="by" HEIGHT="67" HPOS="1183" VPOS="2896" WIDTH="75" />
<SP HEIGHT="65" HPOS="1259" VPOS="2898" WIDTH="20" />
<String CONTENT="Fred" HEIGHT="52" HPOS="1280" VPOS="2897" WIDTH="153" />
<SP HEIGHT="55" HPOS="1434" VPOS="2897" WIDTH="22" />
<String CONTENT="C." HEIGHT="54" HPOS="1457" VPOS="2898" WIDTH="60" />
<SP HEIGHT="53" HPOS="1518" VPOS="2897" WIDTH="22" />
<String CONTENT="Ayer" HEIGHT="67" HPOS="1541" VPOS="2897" WIDTH="158" />
<SP />
<String CONTENT="&#8230;" CS="1" />
<SP HEIGHT="51" HPOS="1784" VPOS="2898" WIDTH="59" />
<String CONTENT="Dallas," HEIGHT="67" HPOS="1844" VPOS="2896" WIDTH="219" />
</TextLine>
<TextLine HEIGHT="68" HPOS="85" STYLEREFS="StyleId-73B08D9F-CCD0-4E6D-A120-0B89E9FA799B-" VPOS="2975" WIDTH="990">
<String CONTENT="B." HEIGHT="52" HPOS="85" VPOS="2976" WIDTH="62" />
<SP HEIGHT="53" HPOS="148" VPOS="2977" WIDTH="26" />
<String CONTENT="Upshaw" HEIGHT="67" HPOS="175" VPOS="2976" WIDTH="253" />
<SP HEIGHT="33" HPOS="429" VPOS="2994" WIDTH="24" />
<String CONTENT="and" HEIGHT="52" HPOS="454" VPOS="2975" WIDTH="113" />
<SP HEIGHT="52" HPOS="568" VPOS="2975" WIDTH="24" />
<String CONTENT="company" HEIGHT="48" HPOS="593" VPOS="2993" WIDTH="278" />
<SP HEIGHT="46" HPOS="872" VPOS="2995" WIDTH="31" />
<String CONTENT="[1935]" HEIGHT="64" HPOS="904" VPOS="2977" WIDTH="171" />
</TextLine>
<TextLine CS="1" HEIGHT="51" HPOS="150" VPOS="3046" WIDTH="674">
<String CONTENT="1" HEIGHT="38" HPOS="150" VPOS="3049" WIDTH="25" />
<SP HEIGHT="48" HPOS="176" VPOS="3049" WIDTH="20" />
<String CONTENT="p." HEIGHT="38" HPOS="197" VPOS="3059" WIDTH="45" />
<SP />
<String CONTENT="l.," CS="1" />
<SP HEIGHT="37" HPOS="315" VPOS="3058" WIDTH="25" />
<String CONTENT="v-ix," HEIGHT="47" HPOS="341" VPOS="3048" WIDTH="127" />
<SP HEIGHT="47" HPOS="469" VPOS="3048" WIDTH="26" />
<String CONTENT="197" HEIGHT="41" HPOS="496" VPOS="3046" WIDTH="84" />
<SP HEIGHT="47" HPOS="581" VPOS="3048" WIDTH="23" />
<String CONTENT="p." HEIGHT="38" HPOS="605" VPOS="3057" WIDTH="44" />
<SP HEIGHT="39" HPOS="650" VPOS="3048" WIDTH="58" />
<String CONTENT="19cm." HEIGHT="41" HPOS="709" VPOS="3046" WIDTH="115" />
</TextLine>
<TextLine HEIGHT="52" HPOS="150" VPOS="3115" WIDTH="730">
<String CONTENT="Bibliography" HEIGHT="51" HPOS="150" VPOS="3115" WIDTH="343" />
<SP HEIGHT="37" HPOS="494" VPOS="3128" WIDTH="16" />
<String CONTENT=":" HEIGHT="28" HPOS="511" VPOS="3128" WIDTH="8" />
<SP HEIGHT="38" HPOS="520" VPOS="3128" WIDTH="32" />
<String CONTENT="p." HEIGHT="38" HPOS="553" VPOS="3128" WIDTH="44" />
<SP HEIGHT="30" HPOS="598" VPOS="3137" WIDTH="36" />
<String CONTENT="[185]-197." HEIGHT="51" HPOS="635" VPOS="3116" WIDTH="245" />
</TextLine>
<TextLine CS="1" HEIGHT="53" HPOS="86" VPOS="3182" WIDTH="1866">
<String CONTENT="&#169;" HEIGHT="53" HPOS="86" VPOS="3182" WIDTH="49" />
<SP HEIGHT="53" HPOS="136" VPOS="3182" WIDTH="21" />
<String CONTENT="Apr." HEIGHT="48" HPOS="158" VPOS="3187" WIDTH="110" />
<SP HEIGHT="38" HPOS="269" VPOS="3189" WIDTH="27" />
<String CONTENT="5," HEIGHT="45" HPOS="297" VPOS="3189" WIDTH="38" />
<SP HEIGHT="45" HPOS="336" VPOS="3189" WIDTH="26" />
<String CONTENT="1935;" CS="1" HEIGHT="41" HPOS="363" VPOS="3187" WIDTH="117" />
<SP HEIGHT="47" HPOS="505" VPOS="3187" WIDTH="25" />
<String CONTENT="2c." HEIGHT="40" HPOS="531" VPOS="3187" WIDTH="67" />
<SP HEIGHT="29" HPOS="599" VPOS="3198" WIDTH="27" />
<String CONTENT="and" HEIGHT="39" HPOS="627" VPOS="3188" WIDTH="94" />
<SP HEIGHT="39" HPOS="722" VPOS="3188" WIDTH="27" />
<String CONTENT="aff." HEIGHT="39" HPOS="750" VPOS="3187" WIDTH="80" />
<SP HEIGHT="39" HPOS="831" VPOS="3187" WIDTH="26" />
<String CONTENT="Aug." HEIGHT="47" HPOS="858" VPOS="3187" WIDTH="120" />
<SP HEIGHT="38" HPOS="979" VPOS="3188" WIDTH="26" />
<String CONTENT="10;" CS="1" HEIGHT="40" HPOS="1006" VPOS="3186" WIDTH="59" />
<SP HEIGHT="46" HPOS="1089" VPOS="3187" WIDTH="26" />
<String CONTENT="A" HEIGHT="38" HPOS="1116" VPOS="3187" WIDTH="42" />
<SP HEIGHT="39" HPOS="1159" VPOS="3186" WIDTH="25" />
<String CONTENT="84904;" CS="1" HEIGHT="40" HPOS="1185" VPOS="3186" WIDTH="142" />
<SP HEIGHT="45" HPOS="1355" VPOS="3188" WIDTH="29" />
<String CONTENT="Banks" HEIGHT="39" HPOS="1385" VPOS="3187" WIDTH="165" />
<SP HEIGHT="39" HPOS="1551" VPOS="3187" WIDTH="29" />
<String CONTENT="Upshaw" HEIGHT="47" HPOS="1581" VPOS="3187" WIDTH="213" />
<SP HEIGHT="40" HPOS="1795" VPOS="3187" WIDTH="25" />
<String CONTENT="&amp;" HEIGHT="40" HPOS="1821" VPOS="3187" WIDTH="36" />
<SP HEIGHT="40" HPOS="1858" VPOS="3187" WIDTH="25" />
<String CONTENT="co." HEIGHT="29" HPOS="1884" VPOS="3198" WIDTH="68" />
</TextLine>
<TextLine HEIGHT="49" HPOS="162" VPOS="3243" WIDTH="275">
<String CONTENT="(35-14860)" HEIGHT="49" HPOS="162" VPOS="3243" WIDTH="275" />
</TextLine>
<TextLine HEIGHT="70" HPOS="85" STYLEREFS="StyleId-5EE9A212-9922-4288-BAD9-CDF9EC166C0F-" VPOS="3341" WIDTH="894">
<String CONTENT="Burns," HEIGHT="69" HPOS="85" VPOS="3341" WIDTH="207" />
<SP HEIGHT="64" HPOS="293" VPOS="3346" WIDTH="23" />
<String CONTENT="James" HEIGHT="54" HPOS="317" VPOS="3346" WIDTH="202" />
<SP HEIGHT="53" HPOS="520" VPOS="3347" WIDTH="22" />
<String CONTENT="Joseph," HEIGHT="64" HPOS="543" VPOS="3347" WIDTH="237" />
<SP HEIGHT="59" HPOS="781" VPOS="3352" WIDTH="28" />
<String CONTENT="1910-" HEIGHT="49" HPOS="810" VPOS="3352" WIDTH="169" />
</TextLine>
<TextLine CS="1" HEIGHT="69" HPOS="241" STYLEREFS="StyleId-73B08D9F-CCD0-4E6D-A120-0B89E9FA799B-" VPOS="3420" WIDTH="1821">
<String CONTENT="&#8230;" CS="1" />
<SP />
<String CONTENT="The" HEIGHT="52" HPOS="241" VPOS="3421" WIDTH="120" />
<SP HEIGHT="35" HPOS="362" VPOS="3440" WIDTH="27" />
<String CONTENT="colonial" HEIGHT="54" HPOS="390" VPOS="3421" WIDTH="238" />
<SP HEIGHT="51" HPOS="629" VPOS="3422" WIDTH="28" />
<String CONTENT="agents" HEIGHT="62" HPOS="658" VPOS="3427" WIDTH="194" />
<SP HEIGHT="34" HPOS="853" VPOS="3441" WIDTH="27" />
<String CONTENT="of" HEIGHT="53" HPOS="881" VPOS="3422" WIDTH="64" />
<SP HEIGHT="53" HPOS="946" VPOS="3421" WIDTH="26" />
<String CONTENT="New" HEIGHT="54" HPOS="973" VPOS="3421" WIDTH="138" />
<SP HEIGHT="52" HPOS="1112" VPOS="3421" WIDTH="28" />
<String CONTENT="England," HEIGHT="69" HPOS="1141" VPOS="3420" WIDTH="290" />
<SP HEIGHT="67" HPOS="1432" VPOS="3420" WIDTH="27" />
<String CONTENT="by" HEIGHT="69" HPOS="1460" VPOS="3420" WIDTH="76" />
<SP HEIGHT="69" HPOS="1537" VPOS="3420" WIDTH="25" />
<String CONTENT="James" HEIGHT="54" HPOS="1563" VPOS="3420" WIDTH="190" />
<SP HEIGHT="54" HPOS="1754" VPOS="3420" WIDTH="31" />
<String CONTENT="J." HEIGHT="54" HPOS="1786" VPOS="3420" WIDTH="54" />
<SP HEIGHT="51" HPOS="1841" VPOS="3420" WIDTH="30" />
<String CONTENT="Burns" HEIGHT="53" HPOS="1872" VPOS="3420" WIDTH="190" />
</TextLine>
<TextLine CS="1" HEIGHT="71" HPOS="144" STYLEREFS="StyleId-73B08D9F-CCD0-4E6D-A120-0B89E9FA799B-" VPOS="3496" WIDTH="1917">
<String CONTENT="&#8230;" CS="1" />
<SP HEIGHT="54" HPOS="144" VPOS="3497" WIDTH="71" />
<String CONTENT="Washington," HEIGHT="70" HPOS="216" VPOS="3496" WIDTH="394" />
<SP HEIGHT="68" HPOS="611" VPOS="3498" WIDTH="34" />
<String CONTENT="D." HEIGHT="52" HPOS="646" VPOS="3498" WIDTH="70" />
<SP HEIGHT="54" HPOS="717" VPOS="3499" WIDTH="40" />
<String CONTENT="C.," HEIGHT="68" HPOS="758" VPOS="3499" WIDTH="80" />
<SP HEIGHT="68" HPOS="839" VPOS="3499" WIDTH="32" />
<String CONTENT="The" HEIGHT="51" HPOS="872" VPOS="3499" WIDTH="121" />
<SP HEIGHT="54" HPOS="994" VPOS="3498" WIDTH="36" />
<String CONTENT="Catholic" HEIGHT="54" HPOS="1031" VPOS="3498" WIDTH="260" />
<SP HEIGHT="34" HPOS="1292" VPOS="3516" WIDTH="33" />
<String CONTENT="university" HEIGHT="68" HPOS="1326" VPOS="3498" WIDTH="315" />
<SP HEIGHT="50" HPOS="1642" VPOS="3516" WIDTH="36" />
<String CONTENT="of" HEIGHT="54" HPOS="1679" VPOS="3497" WIDTH="64" />
<SP HEIGHT="53" HPOS="1744" VPOS="3497" WIDTH="34" />
<String CONTENT="America," HEIGHT="69" HPOS="1779" VPOS="3496" WIDTH="282" />
</TextLine>
<TextLine HEIGHT="51" HPOS="86" STYLEREFS="StyleId-73B08D9F-CCD0-4E6D-A120-0B89E9FA799B-" VPOS="3574" WIDTH="142">
<String CONTENT="1935." HEIGHT="51" HPOS="86" VPOS="3574" WIDTH="142" />
</TextLine>
<TextLine CS="1" HEIGHT="50" HPOS="182" VPOS="3645" WIDTH="490">
<String CONTENT="v," CS="1" HEIGHT="16" HPOS="182" VPOS="3675" WIDTH="10" />
<SP HEIGHT="45" HPOS="193" VPOS="3646" WIDTH="22" />
<String CONTENT="156" HEIGHT="41" HPOS="216" VPOS="3645" WIDTH="87" />
<SP HEIGHT="50" HPOS="304" VPOS="3645" WIDTH="22" />
<String CONTENT="p.," HEIGHT="38" HPOS="327" LANG="fr" VPOS="3657" WIDTH="58" />
<SP HEIGHT="48" HPOS="386" VPOS="3647" WIDTH="26" />
<String CONTENT="1" HEIGHT="40" HPOS="413" VPOS="3647" WIDTH="27" />
<SP HEIGHT="40" HPOS="441" VPOS="3647" WIDTH="25" />
<String CONTENT="l." CS="1" HEIGHT="8" HPOS="489" VPOS="3679" WIDTH="7" />
<SP HEIGHT="40" HPOS="497" VPOS="3647" WIDTH="59" />
<String CONTENT="23cm." HEIGHT="41" HPOS="557" VPOS="3647" WIDTH="115" />
</TextLine>
<TextLine HEIGHT="53" HPOS="150" VPOS="3712" WIDTH="1490">
<String CONTENT="At" HEIGHT="41" HPOS="150" VPOS="3712" WIDTH="64" />
<SP HEIGHT="40" HPOS="215" VPOS="3714" WIDTH="26" />
<String CONTENT="head" HEIGHT="41" HPOS="242" VPOS="3714" WIDTH="123" />
<SP HEIGHT="40" HPOS="366" VPOS="3716" WIDTH="26" />
<String CONTENT="of" HEIGHT="40" HPOS="393" VPOS="3716" WIDTH="54" />
<SP HEIGHT="40" HPOS="448" VPOS="3716" WIDTH="26" />
<String CONTENT="title:" HEIGHT="40" HPOS="475" VPOS="3717" WIDTH="135" />
<SP HEIGHT="39" HPOS="611" VPOS="3718" WIDTH="30" />
<String CONTENT="The" HEIGHT="39" HPOS="642" VPOS="3718" WIDTH="100" />
<SP HEIGHT="41" HPOS="743" VPOS="3717" WIDTH="29" />
<String CONTENT="Catholic" HEIGHT="41" HPOS="773" VPOS="3717" WIDTH="219" />
<SP HEIGHT="29" HPOS="993" VPOS="3729" WIDTH="26" />
<String CONTENT="university" HEIGHT="47" HPOS="1020" VPOS="3718" WIDTH="271" />
<SP HEIGHT="37" HPOS="1292" VPOS="3728" WIDTH="29" />
<String CONTENT="of" HEIGHT="40" HPOS="1322" VPOS="3717" WIDTH="51" />
<SP HEIGHT="39" HPOS="1374" VPOS="3717" WIDTH="29" />
<String CONTENT="America." HEIGHT="41" HPOS="1404" VPOS="3718" WIDTH="236" />
</TextLine>
<TextLine CS="1" HEIGHT="52" HPOS="151" VPOS="3769" WIDTH="1349">
<String CONTENT="Thesis" HEIGHT="42" HPOS="151" VPOS="3769" WIDTH="167" />
<SP HEIGHT="48" HPOS="319" VPOS="3772" WIDTH="38" />
<String CONTENT="(PH." CS="1" HEIGHT="48" HPOS="358" VPOS="3772" WIDTH="106" />
<SP HEIGHT="28" HPOS="465" VPOS="3785" WIDTH="28" />
<String CONTENT="D.)&#8212;Catholic" CS="1" HEIGHT="48" HPOS="527" VPOS="3772" WIDTH="324" />
<SP HEIGHT="29" HPOS="852" VPOS="3785" WIDTH="27" />
<String CONTENT="university" HEIGHT="47" HPOS="880" VPOS="3774" WIDTH="270" />
<SP HEIGHT="37" HPOS="1151" VPOS="3784" WIDTH="31" />
<String CONTENT="of" HEIGHT="40" HPOS="1183" VPOS="3774" WIDTH="52" />
<SP HEIGHT="39" HPOS="1236" VPOS="3774" WIDTH="28" />
<String CONTENT="America." HEIGHT="39" HPOS="1265" VPOS="3774" WIDTH="235" />
</TextLine>
<TextLine HEIGHT="41" HPOS="151" VPOS="3824" WIDTH="126">
<String CONTENT="Vita." HEIGHT="41" HPOS="151" VPOS="3824" WIDTH="126" />
</TextLine>
<TextLine HEIGHT="54" HPOS="152" VPOS="3879" WIDTH="954">
<String CONTENT="&#8220;Bibliographical" HEIGHT="52" HPOS="152" VPOS="3879" WIDTH="433" />
<SP HEIGHT="37" HPOS="586" VPOS="3887" WIDTH="29" />
<String CONTENT="note&#8221;" HEIGHT="41" HPOS="616" VPOS="3883" WIDTH="139" />
<SP HEIGHT="41" HPOS="756" VPOS="3883" WIDTH="18" />
<String CONTENT=":" HEIGHT="29" HPOS="775" VPOS="3895" WIDTH="9" />
<SP HEIGHT="38" HPOS="785" VPOS="3895" WIDTH="31" />
<String CONTENT="p." HEIGHT="36" HPOS="817" VPOS="3897" WIDTH="43" />
<SP HEIGHT="39" HPOS="861" VPOS="3886" WIDTH="27" />
<String CONTENT="150-152." HEIGHT="40" HPOS="889" VPOS="3884" WIDTH="217" />
</TextLine>
<TextLine CS="1" HEIGHT="59" HPOS="88" VPOS="3945" WIDTH="1971">
<String CONTENT="&#169;" HEIGHT="53" HPOS="88" VPOS="3945" WIDTH="49" />
<SP HEIGHT="53" HPOS="138" VPOS="3945" WIDTH="22" />
<String CONTENT="July" HEIGHT="48" HPOS="161" VPOS="3953" WIDTH="112" />
<SP HEIGHT="46" HPOS="274" VPOS="3955" WIDTH="17" />
<String CONTENT="25," HEIGHT="47" HPOS="292" VPOS="3955" WIDTH="69" />
<SP HEIGHT="45" HPOS="362" VPOS="3957" WIDTH="22" />
<String CONTENT="1935;" CS="1" HEIGHT="40" HPOS="385" VPOS="3956" WIDTH="111" />
<SP HEIGHT="48" HPOS="525" VPOS="3956" WIDTH="24" />
<String CONTENT="2c." HEIGHT="41" HPOS="550" VPOS="3956" WIDTH="65" />
<SP HEIGHT="29" HPOS="616" VPOS="3968" WIDTH="24" />
<String CONTENT="and" HEIGHT="38" HPOS="641" VPOS="3959" WIDTH="95" />
<SP HEIGHT="38" HPOS="737" VPOS="3959" WIDTH="22" />
<String CONTENT="aff." HEIGHT="40" HPOS="760" VPOS="3957" WIDTH="81" />
<SP HEIGHT="39" HPOS="842" VPOS="3958" WIDTH="21" />
<String CONTENT="Aug." HEIGHT="46" HPOS="864" VPOS="3958" WIDTH="119" />
<SP HEIGHT="41" HPOS="984" VPOS="3955" WIDTH="22" />
<String CONTENT="9;" CS="1" HEIGHT="41" HPOS="1007" VPOS="3955" WIDTH="26" />
<SP HEIGHT="46" HPOS="1062" VPOS="3957" WIDTH="25" />
<String CONTENT="A" HEIGHT="38" HPOS="1088" VPOS="3957" WIDTH="42" />
<SP HEIGHT="39" HPOS="1131" VPOS="3957" WIDTH="19" />
<String CONTENT="84905;" CS="1" HEIGHT="41" HPOS="1151" VPOS="3955" WIDTH="141" />
<SP HEIGHT="47" HPOS="1320" VPOS="3957" WIDTH="28" />
<String CONTENT="Catholic" HEIGHT="41" HPOS="1349" VPOS="3956" WIDTH="220" />
<SP HEIGHT="29" HPOS="1570" VPOS="3968" WIDTH="22" />
<String CONTENT="univ." HEIGHT="41" HPOS="1593" VPOS="3956" WIDTH="128" />
<SP HEIGHT="29" HPOS="1722" VPOS="3967" WIDTH="25" />
<String CONTENT="of" HEIGHT="40" HPOS="1748" VPOS="3956" WIDTH="53" />
<SP HEIGHT="39" HPOS="1802" VPOS="3956" WIDTH="20" />
<String CONTENT="America." HEIGHT="40" HPOS="1823" VPOS="3955" WIDTH="236" />
</TextLine>
<TextLine HEIGHT="51" HPOS="163" VPOS="4009" WIDTH="274">
<String CONTENT="(35-14532)" HEIGHT="51" HPOS="163" VPOS="4009" WIDTH="274" />
</TextLine>
</TextBlock>
</PrintSpace>
</Page>
</Layout>
</alto>