2424 4375
1049 4065 62 45 1875

170 435 241 66 Boggia,
436 436 106 54 Pio
567 438 229 54 Enrico.

298 513 1857 74 … Il passato d’un torero, romanzo. New York, Vanni’s
168 588 660 70 publishing co. [ c 1933]
267 661 749 51 5 p. l., [13]-166, [1] p. 17½ cm .
236 718 61 39 At
327 719 124 39 head
479 719 52 39 of
557 717 134 42 title:
723 719 89 41 Pio
838 719 173 41 Enrico
1042 721 197 48 Boggia.

167 784 52 53 ©
245 787 118 50 Aug.
393 787 39 47 9,
462 788 139 47 1933;
632 789 68 42 2c.
728 791 95 39 and
851 790 80 41 aff.
962 791 116 48 July
1104 790 70 49 26,
1204 790 140 48 1935;
1376 792 42 39 A
1445 791 169 48 85215;
1647 794 50 39 P.
1728 794 52 40 E.
1812 795 199 47 Boggia.
2039 796 116 41 New

236 845 143 41 York.

164 948 251 64 Brewer,
444 949 153 52 John
628 949 222 64 Marks,
882 952 172 54 1877-

163 1024 1987 153 Key and manual to accompany Elements of business training, new edition, and workbook, by John M. Brewer … Floyd
162 1179 1986 73 Hurlbut … and Juvenilia Caseman … [Boston] Ginn and
161 1260 500 64 company [ c 1935]
232 1328 68 46 iii,
326 1329 86 41 187
439 1341 42 36 p.
539 1330 168 40 tables.
762 1330 56 39 21½
851 1332 42 22 cm
899 1362 8 9 .

161 1394 52 53 ©
242 1399 127 49 Sept.
397 1399 68 48 13,
495 1399 140 47 1935;
665 1400 66 40 2c.
764 1400 101 41 Oct.
894 1401 82 46 14;
1008 1401 82 40 aff.
1121 1401 101 41 Oct
1253 1401 82 47 10;
1368 1402 38 39 A
1434 1401 147 42 87662;
1638 1402 127 41 Ginn
1794 1402 36 40 &
1858 1413 68 30 co.
234 1401 1899 106 [Copyright
391 1456 44 40 is
462 1457 204 40 claimed
696 1468 60 29 on
786 1455 209 44 revision
1026 1458 97 40 and
1153 1459 222 48 changes]

158 1558 301 65 Brigham,
492 1559 209 55 Albert
731 1562 202 65 Perry,
969 1565 324 51 1855-1932.

287 1636 1799 70 … Our continental neighbors, by Albert Perry Brigham …
159 1713 1986 70 and Charles T. McFarlane … part 1. New York, Cincinnati
178 1790 1169 69 [etc.] American book company [ c 1935]
225 1874 44 35 x,
305 1862 85 41 256
426 1874 43 38 p.
504 1863 109 41 incl.
650 1864 134 40 front.
859 1862 142 51 illus.,
1039 1874 151 38 maps,
1227 1863 179 50 diagrs.
1474 1864 59 42 25½cm.
1697 1864 128 48 (Our
1860 1867 151 40 world
2049 1867 98 41 and

156 1920 255 41 ourselves.
487 1921 75 39 [bk.
590 1921 70 48 3])

225 1977 286 41 Illustrated
536 1977 362 49 lining-papers.

157 2041 51 54 ©
244 2047 110 41 Dec.
389 2047 70 47 21,
495 2046 113 41 1935;
673 2047 67 41 2c.
778 2049 110 39 Dec.
925 2047 82 47 26;
1047 2047 81 40 aff.
1167 2049 111 39 Dec.
1315 2047 82 46 24;
1437 2048 42 38 A
1511 2047 171 48 88890;
1722 2048 206 41 Charles
1960 2049 52 41 T.
226 2047 1902 108 McFarlane,
474 2104 164 40 Dobbs
664 2105 165 47 Ferry,
857 2104 52 40 N.
937 2105 71 46 Y.,
1034 2105 97 39 and
1158 2104 145 40 Flora
1330 2104 74 42 W.
1433 2103 246 50 Brigham,
1708 2103 268 50 Hamilton,
2006 2106 55 40 N.
2089 2106 54 41 Y.

230 2159 282 51 [Copyright
535 2160 47 41 is
606 2161 205 40 claimed
840 2170 61 30 on
925 2162 225 48 changes]

154 2262 252 66 Bullock,
438 2265 251 52 Edward
719 2266 63 54 T.

221 2340 184 55 Guide
444 2343 112 51 and
593 2342 172 52 index
802 2346 56 51 to
896 2342 94 52 the
1028 2339 266 69 hearings
1331 2360 72 34 on
1441 2341 95 55 the
1574 2340 203 54 Public
1814 2341 197 67 utility
2052 2350 87 47 act

152 2418 61 53 of
246 2420 161 64 1935;
443 2438 31 33 a
505 2419 327 66 cyclopedia
863 2438 71 34 on
964 2419 93 52 the
1092 2419 223 53 electric
1346 2419 152 66 light
1527 2420 112 51 and
1670 2437 192 48 power
1895 2421 111 51 and
2039 2438 100 49 gas

151 2493 1926 72 industries, by Edward T. Bullock … and Otto J. Wieland …
150 2573 246 53 Jackson
432 2573 267 67 Heights,
734 2575 164 63 Long
933 2573 217 66 Island,
1186 2574 71 52 N.
1295 2575 90 64 Y.,
1422 2571 289 68 Indexing
1745 2574 209 53 service
151 2590 1961 130 company.
347 2654 151 50 1935.

218 2721 61 48 vi,
309 2722 88 41 176
422 2734 43 36 p.
522 2723 58 39 28
579 2725 44 20 cm
630 2754 8 8 .

150 2785 52 53 ©
228 2790 110 42 Dec.
366 2792 68 48 17,
460 2790 141 47 1935;
630 2792 68 39 2c.
725 2791 95 40 and
848 2790 80 42 aff.
958 2792 111 38 Dec.
1096 2791 82 46 24;
1211 2790 38 39 A
1277 2790 170 46 88887;
1479 2789 239 48 Indexing
1745 2788 184 42 service
1956 2799 68 31 co.

149 2909 379 65 Carmichael,
555 2911 77 53 M.
660 2911 57 55 S.

215 2980 1918 76 The 1935 preliminary debtor and creditor pamphlet … Last
149 3062 463 55 Frazier-Lemke
668 3064 385 64 amendment;
1112 3062 272 67 Supreme
1439 3067 162 49 court
1651 3060 275 68 decision;
147 3076 1958 120 comment
320 3141 111 51 and
458 3140 194 53 forms.
696 3141 140 54 This
861 3140 294 68 pamphlet
1177 3142 49 52 is
1252 3139 269 54 intended
1546 3144 58 48 to
1632 3136 184 55 afford
1841 3139 132 66 help
148 3136 1961 150 during
270 3216 198 69 period
497 3223 61 47 to
584 3217 188 68 elapse
799 3218 193 53 before
1022 3217 354 68 publication
1405 3235 72 36 on
1508 3215 331 68 September
1866 3218 85 53 21,
1982 3219 150 59 1935,

147 3293 60 52 of
243 3303 329 58 permanent
609 3295 189 52 bound
837 3295 239 65 volume,
1113 3296 120 51 The
1271 3313 122 35 new
1429 3293 361 66 bankruptcy
1827 3294 304 52 handbook

146 3369 71 66 by
243 3372 78 53 M.
351 3371 56 54 S.
437 3372 376 65 Carmichael,
836 3373 222 54 Walter
1084 3374 55 53 J.
1168 3372 222 55 Knabe,
1415 3373 58 54 J.
1503 3371 63 56 C.
1595 3370 281 66 Fleming.
144 3369 1962 150 Montgomery,
422 3450 148 64 Ala.,
605 3448 601 67 Kreider-Thompson
1241 3451 45 50 &
1320 3466 296 50 company,
1650 3454 19 21 c
1674 3451 149 50 1935.

216 3520 54 39 51
296 3531 43 39 p.
395 3520 55 42 23½
454 3523 43 22 cm
501 3551 8 8 .

147 3581 51 53 ©
227 3587 126 51 Sept.
382 3589 39 48 1,
451 3589 139 47 1935;
622 3589 67 42 2c.
723 3589 127 48 Sept.
879 3590 51 45 7;
965 3589 81 41 aff.
1080 3590 127 47 Sept.
1241 3589 53 40 14;
1356 3590 38 39 A
1426 3586 169 49 86349;
1627 3587 501 47 Kreider-Thompson

215 3644 35 39 &
281 3655 67 32 co.

144 3744 161 65 Case,
334 3749 66 53 E.
428 3749 61 54 C.

270 3822 1859 72 … The Bloomfield Hills mastodon, by E. C. Case and George
140 3895 1963 136 M. Stanley … [Birmingham, Mich., The Birmingham eccentric, 1935]
