2424 4375
1209 4083 133 49 1896

344 511 57 40 39
452 543 9 8 l.
522 511 128 39 illus.
712 511 58 40 37
771 512 46 23 cm
820 542 10 9 .

275 578 53 53 ©
358 582 113 39 Dec.
502 581 69 48 11,
602 580 142 48 1935;
776 581 68 40 2c.
875 582 113 39 Dec.
1020 580 82 48 19;
1136 580 81 40 aff.
1251 582 109 39 Dec.
1467 592 8 31 18;
1509 582 39 38 A
1581 580 170 44 88789;
1786 582 71 40 W.
1889 582 220 47 Hayden,
2142 582 132 51 Yolo,

350 638 145 42 Calif.
565 638 223 49 (36-422)

273 742 220 54 Health
523 744 116 52 and
670 742 266 54 accident
969 742 428 54 underwriters
1427 742 366 55 conference.

346 824 133 49 1935
525 820 182 67 digest
757 820 63 53 of
864 823 137 50 laws
1047 821 111 52 and
1206 820 368 67 regulations,
1622 822 255 51 accident
1923 822 111 52 and
2081 822 191 53 health

275 899 312 53 insurance.
663 901 237 65 Agency
938 900 137 51 laws
1114 898 112 53 and
1267 898 135 68 fees,
1442 898 214 68 agents’
1695 897 386 69 qualification
2123 901 153 68 laws,

273 978 530 66 countersignature
852 978 111 51 and
1012 976 246 53 resident
1310 977 215 67 agent’s
1573 977 155 66 laws,
1775 983 157 49 taxes
1981 979 112 52 and
2141 978 134 68 fees,

274 1057 336 66 retaliatory
640 1058 156 63 laws,
828 1054 329 69 depository
1188 1054 424 69 requirements,
1646 1055 356 67 publication
273 1055 1979 137 requirements,

507 1132 164 69 filing
704 1134 113 52 and
851 1134 279 67 approval
1164 1133 62 52 of
1261 1132 190 68 policy
1484 1133 199 64 forms,
1717 1134 296 53 insurance
274 1136 1978 131 department
457 1213 240 66 rulings,

726 1211 277 53 standard
1033 1211 338 68 provisions.
1441 1211 268 68 Chicago.
1740 1212 216 53 Health
1990 1214 113 51 and
273 1214 1977 130 accident
437 1290 407 53 underwriters

873 1288 349 56 conference,
1252 1295 16 21 c
1275 1293 149 49 1935.

345 1365 55 40 67
433 1376 43 37 p.
537 1363 146 41 23½cm.

276 1431 53 53 ©
353 1436 118 39 Nov.
497 1435 40 43 4,
564 1434 140 46 1935;
732 1433 67 41 2c.
827 1434 95 39 and
949 1432 82 41 aff.
1058 1433 116 38 Nov.
1204 1433 47 38 11;
1315 1433 38 38 A
1382 1432 171 47 89329;
1584 1433 181 40 Health
1795 1433 37 40 &
1858 1432 223 42 accident
347 1436 1913 96 underwriters

572 1491 296 40 conference.

273 1597 154 62 Hitt,
459 1596 243 63 Parker,
737 1596 172 52 1878-

344 1670 1871 69 The A B C of secret writing, by Colonel Parker Hitt …
279 1751 156 68 [New
463 1750 180 66 York,
670 1749 162 53 Puck
859 1749 270 69 products
1156 1767 99 50 co.,
1280 1755 19 22 c
1305 1751 151 65 1935]

349 1825 380 50 [35] p. 19½cm .
277 1892 53 53 ©
361 1897 111 39 Dec.
506 1896 69 46 12,
608 1894 113 41 1935;
782 1895 68 40 2c.
882 1896 94 38 and
1010 1894 83 41 aff.
1127 1896 111 38 Dec.
1272 1895 81 46 18;
1389 1895 39 38 A
1461 1894 147 41 88728;
1668 1895 132 39 Puck
1833 1895 233 48 products
2094 1905 67 30 co.

356 1953 222 48 (36-331)

274 2054 398 67 Huntington,
706 2055 336 64 Ellsworth,
1077 2057 172 51 1876-

347 2133 379 53 Tomorrow’s
770 2133 285 67 children;
1103 2133 96 52 the
1243 2134 130 66 goal
1417 2131 63 53 of
1521 2134 280 66 eugenics,
1842 2132 76 68 by
1963 2132 311 53 Ellsworth

278 2210 372 70 Huntington
688 2211 61 54 in
788 2211 366 68 conjunction
1193 2212 139 52 with
1373 2211 97 52 the
1506 2209 274 55 directors
1818 2209 64 55 of
1921 2211 96 54 the
280 2208 1970 137 American
436 2289 262 70 eugenics

748 2289 225 68 society.
1064 2290 138 52 New
1256 2289 179 67 York,
1487 2290 55 54 J.
1596 2288 189 68 Wiley
1835 2292 45 50 &
1930 2307 147 49 sons,
2128 2289 136 68 inc.;

274 2369 258 68 London,
562 2368 301 67 Chapman
891 2371 47 51 &
966 2369 161 65 Hall,
1153 2367 241 65 limited,
1425 2371 149 50 1935.

382 2473 9 17 x,
423 2441 86 42 139
538 2452 45 38 p.
642 2439 56 41 21
702 2442 44 22 cm
749 2471 10 10 .
875 2439 130 50 $1.25

351 2498 282 48 “Arranged
666 2497 51 40 in
749 2497 84 40 the
863 2497 130 39 form
1023 2497 53 40 of
1110 2508 28 29 a
1172 2496 264 40 catechism
1470 2497 204 40 because
1709 2497 37 40 it
1782 2506 99 30 was
1917 2496 259 49 originally
269 2496 1991 102 intended
480 2559 50 39 to
563 2555 191 49 replace

785 2554 45 42 A
862 2554 224 50 eugenics
1119 2553 263 43 catechism
1418 2555 235 48 prepared
1690 2555 50 39 in
1775 2553 113 42 1923
1920 2554 61 48 by
2019 2555 88 39 Mr.
2145 2555 128 40 Leon

280 2612 51 41 F.
363 2611 466 48 Whitney.”—Pref.

352 2668 70 40 “A
443 2668 210 41 selected
677 2666 335 49 bibliography
1039 2667 53 41 of
1113 2666 205 50 English
1343 2668 95 40 and
1464 2667 257 41 American
1745 2667 223 49 writings
1993 2669 211 48 relating
2228 2670 48 41 to

278 2725 239 47 eugenics,
546 2725 61 46 by
639 2724 166 40 Frank
836 2723 247 41 Lorimer”;
1142 2734 43 38 p.
1216 2725 217 40 127-131.

278 2792 53 53 ©
363 2797 111 39 Dec.
507 2796 40 48 3,
580 2795 117 40 1935;
757 2796 65 39 2c.
857 2796 112 39 Dec.
1000 2797 30 38 4;
1090 2794 80 41 aff.
1206 2796 110 39 Dec.
1352 2796 29 39 5;
1439 2796 40 38 A
1512 2793 141 43 89723;
1718 2796 159 40 Amer,
1912 2795 225 48 eugenics
2170 2806 107 39 soc.,

347 2853 120 40 New
494 2854 185 38 Haven.
749 2852 220 48 (36-497)

278 2954 218 66 Isham,
526 2954 243 54 Willard
797 2954 215 64 Smith,
1043 2958 171 50 1861-

347 3030 121 53 The
501 3030 137 53 trail
668 3030 64 53 of
763 3049 119 34 war
913 3031 158 68 dogs,
1104 3030 76 69 by
1212 3030 252 54 Willard
1502 3030 57 55 S.
1594 3030 212 53 Isham.
1875 3029 400 69 Washington,

279 3110 68 52 D.
374 3108 61 55 C.
470 3109 106 67 [W.
607 3107 57 56 S.
691 3108 214 69 Isham,
932 3115 17 22 c
954 3111 152 65 1935]

349 3182 549 51 2 p. l., 143 p. 23½ cm .
353 3238 410 41 “Characteristic
792 3239 96 39 and
916 3238 181 48 typical
1126 3238 117 41 trail
1272 3239 194 39 records
1496 3240 140 40 made
1665 3238 61 47 by
1754 3237 115 49 high
1902 3238 210 48 ranking
2138 3246 135 38 army

282 3296 95 39 and
410 3306 126 37 navy
571 3294 197 52 officers,
803 3296 61 47 by
899 3305 106 31 men
1041 3295 50 40 in
1126 3295 116 47 high
1275 3294 219 49 political
1529 3294 234 48 positions
1798 3296 96 39 and
1930 3295 60 49 by
2024 3296 164 39 others
2226 3293 47 41 in

281 3350 113 41 civil
429 3352 87 40 life
551 3352 120 46 who,
711 3351 52 40 in
798 3362 87 30 one
922 3362 108 36 way
1069 3362 54 29 or
1160 3352 218 47 another,
1419 3350 235 42 influence
1694 3352 81 41 the
1814 3351 230 41 selection
2084 3352 52 40 of
2176 3359 97 32 war

282 3406 303 49 implements
611 3409 96 39 and
734 3409 128 40 their
885 3408 250 49 use.”—[v.
1164 3408 41 50 1]
1231 3418 43 38 p.
1299 3408 40 44 1.

283 3462 52 53 ©
367 3468 110 38 Dec.
509 3468 68 46 17,
609 3465 114 41 1935;
783 3466 67 40 2c.
882 3468 96 38 and
1009 3466 82 40 aff.
1125 3467 110 39 Dec.
1269 3467 55 39 17;
1384 3466 41 39 A
1456 3466 142 41 89881;
1660 3468 71 39 W.
1768 3467 44 40 S.
1847 3468 177 38 Isham.

359 3523 222 47 (36-402)

279 3622 197 66 Jones,
505 3623 191 54 David
723 3626 207 63 Tracy,
964 3627 171 50 1900-

351 3701 53 49 A
430 3700 377 68 preliminary
829 3719 205 50 survey
1058 3701 63 52 of
1146 3702 96 51 the
1264 3702 119 67 gall
1407 3707 159 46 stone
1592 3702 271 67 problem,
1888 3701 75 67 by
1989 3700 189 52 David
2206 3701 67 52 T.

280 3776 1308 68 Jones … [Vinton, la., The author] 1935.
350 3847 56 40 21
432 3859 44 37 p.
529 3848 26 39 2
579 3849 63 48 pi.
668 3859 61 30 on
754 3850 24 38 1
805 3850 30 39 1.
888 3848 57 41 23½
978 3850 44 22 cm
1024 3882 11 10 .

354 3903 347 50 Bibliography;
758 3915 44 38 p.
833 3905 155 42 15-21.

283 3956 53 53 ©
362 3962 118 46 Aug.
507 3961 70 47 26,
604 3960 140 48 1935;
774 3961 65 40 2c.
867 3963 96 38 and
987 3961 82 43 aff.
1097 3961 120 49 Aug.
1244 3961 83 48 28;
1356 3963 41 38 A
1424 3962 143 40 85664;
1624 3963 57 39 D.
1710 3962 51 40 T.
1791 3962 161 44 Jones,
1980 3961 191 49 Vinton,
2228 3971 44 32 Ia.

361 4016 221 49 (36-393)
