2424 4375
1232 4084 132 44 1872

317 442 346 54 Vocational
690 443 225 54 service
942 444 97 54 for
1065 444 250 64 juniors.

386 521 305 65 Directory
731 521 62 50 of
834 521 420 66 opportunities
1294 522 93 51 for
1425 522 320 52 vocational
1785 523 256 67 training
2080 526 60 50 in
2179 527 136 52 New

320 598 161 52 York
527 598 133 66 city,
706 598 280 67 compiled
1034 597 74 68 by
1154 599 95 52 the
1297 598 338 53 Vocational
1682 600 210 55 service
1941 600 92 54 for
2078 601 238 68 juniors,

317 677 170 65 Mary
517 677 76 52 H.
629 676 55 55 S.
718 676 211 66 Hayes,
960 676 263 53 director.
1300 677 138 52 New
1471 678 161 52 York
1662 677 135 68 city,
1827 680 120 51 The
1980 680 331 53 Vocational

316 753 210 54 service
555 754 95 52 for
675 754 238 66 juniors,
943 757 149 51 1935.

392 826 84 50 xii,
508 827 99 46 103,
641 828 55 48 [1]
730 837 42 37 p.
832 825 54 41 23½
919 829 45 20 cm
970 859 7 8 .

318 892 53 53 ©
404 898 115 46 May
550 897 40 46 2,
625 896 140 46 1935;
799 896 67 41 2c.
901 898 93 38 and
1031 896 81 40 aff.
1150 898 114 46 May
1299 897 54 39 14;
1418 898 39 38 A
1552 896 111 47 81805;
1701 898 286 41 Vocational
2023 900 186 39 service
2240 901 80 40 for

386 954 204 47 juniors.

316 1055 251 66 Wesley,
600 1056 245 55 Charles
875 1056 234 65 Harris,
1144 1060 171 51 1891-

386 1134 1869 69 Richard Allen, apostle of freedom, by Charles H. Wesley …
315 1212 1814 70 Washington, D. C., The Associated publishers, inc. [ c 1935]
384 1282 52 42 xi
465 1294 58 38 p.,
552 1284 27 39 2
607 1283 46 49 1.,
681 1282 89 43 300
796 1294 44 38 p.
899 1283 136 42 front.
1078 1282 173 51 (port.)
1322 1283 57 42 20
1380 1286 45 22 cm
1429 1315 10 10 .

385 1340 377 50 Bibliography:
793 1352 43 38 p.
865 1339 217 43 277-285.

317 1412 53 53 ©
397 1416 117 40 Nov.
541 1417 40 40 2.
608 1415 114 41 1935;
777 1415 65 40 2c.
871 1415 95 40 and
992 1414 83 41 aff.
1103 1415 118 39 Nov.
1248 1417 30 36 2;
1332 1415 39 39 A
1455 1415 87 40 88092;
1601 1416 282 40 Associated
1910 1414 288 51 publishers,
2228 1418 87 41 inc.

401 1473 222 47 (36-272)

315 1577 274 64 Wessels,
617 1578 222 54 Robert
866 1577 63 56 P.

385 1656 60 52 Is
473 1673 145 50 your
645 1654 166 53 brain
838 1653 238 69 making
1103 1653 237 68 money?
1418 1654 151 54 How
1600 1662 58 47 to
1688 1654 137 54 read
1853 1654 212 54 human
2097 1660 219 61 nature,

315 1734 75 68 by
433 1734 216 54 Robert
691 1735 64 52 P.
798 1732 257 55 Wessels.
1131 1732 140 53 New
1314 1731 181 68 York,
1538 1733 274 53 Harvard
1859 1732 334 69 publishing
2236 1754 79 35 co.

319 1846 13 34 [
338 1819 17 23 c
361 1816 133 50 1935
500 1846 13 34 ]

384 1882 86 41 152
502 1892 44 40 p.
606 1880 130 42 illus.
764 1880 135 49 (incl.
930 1880 175 50 ports.)
1176 1879 146 43 21½cm.

318 1953 53 53 ©
405 1957 112 48 Apr.
555 1956 68 46 13,
659 1955 116 41 1935;
835 1954 64 40 2c.
937 1955 96 39 and
1069 1953 81 41 aff.
1188 1955 118 47 July
1339 1954 25 37 5;
1431 1955 39 38 A
1506 1954 149 41 84540;
1717 1955 53 39 R.
1809 1955 49 40 P.
1896 1956 222 46 Wessels,
386 1957 1916 97 Cleveland.
582 2012 221 48 (36-271)

313 2115 202 55 Who’s
550 2117 129 52 who
713 2133 207 49 among
956 2116 337 52 association
1331 2114 331 54 executives.
1737 2119 149 50 1935.
1961 2117 137 53 New
2137 2117 176 53 York.

386 2193 1783 68 N. Y., Institute for research in biography, inc. [ c 1935]
387 2268 96 49 xiv,
513 2267 90 41 622,
625 2278 44 37 p.
732 2266 55 40 21
791 2269 43 21 cm
841 2298 8 8 .

317 2334 53 53 ©
402 2339 121 39 Mar.
556 2337 68 47 18,
657 2336 141 47 1935;
831 2337 67 39 2c.
932 2337 122 39 Mar.
1088 2337 81 44 18;
1205 2335 81 41 aff.
1318 2336 120 40 Mar.
1472 2336 83 45 23;
1589 2336 40 39 A
1662 2335 170 47 82150;
1869 2336 237 41 Institute
2135 2337 82 41 for
386 2348 1913 87 research
581 2394 49 39 in
656 2394 281 47 biography,
962 2393 90 40 inc.

315 2498 256 65 Wright,
603 2497 229 57 Milton.

379 2571 1929 71 How to get publicity, by Milton Wright … 1st ed. New
314 2651 160 53 York
501 2652 113 53 and
642 2651 260 67 London,
930 2649 434 56 McGraw-Hill
1393 2649 149 54 book
1572 2667 299 52 company,
1901 2649 128 69 inc.,
2062 2653 150 52 1935.

381 2724 65 48 ix,
471 2724 86 40 226
583 2734 42 37 p.
679 2723 48 38 21
738 2726 45 20 cm
786 2753 9 9 .
861 2721 298 50 (Half-title:
1184 2721 349 41 McGraw-Hill
1562 2723 235 46 practical
1826 2723 220 40 business
2073 2723 235 47 manuals,

311 2781 277 48 consulting
612 2780 170 45 editor,
811 2779 56 41 N.
894 2778 49 41 C.
973 2778 166 50 Firth)

315 2850 53 52 ©
399 2855 110 38 Dec.
541 2853 69 40 12.
642 2852 140 46 1935;
816 2852 66 42 2c.
915 2854 96 38 and
1042 2852 82 41 aff.
1157 2853 112 39 Dec.
1301 2852 82 45 16;
1415 2853 43 38 A
1487 2852 170 46 88684;
1693 2852 351 41 McGraw-Hill
2076 2854 122 39 book
2230 2863 80 37 co.,

389 2911 91 40 inc.
554 2910 222 47 (36-154)

336 3012 370 65 [Wybraniec,
733 3013 175 53 Peter
935 3012 199 52 Frank]
1188 3015 171 51 1882-

381 3086 284 70 Speratia,
711 3087 75 70 by
828 3088 104 53 Dr.
977 3088 261 69 Raphael
1283 3088 89 53 W.
1417 3086 291 54 Leonhart
1758 3085 232 70 [pseud.]
2075 3086 231 64 Boston,

311 3164 235 54 Meador
573 3164 336 70 publishing
931 3182 299 52 company,
1260 3167 151 52 1935.

381 3236 85 40 271
492 3248 43 37 p.
596 3238 55 39 21
656 3240 44 21 cm
703 3269 9 10 .

386 3292 1921 52 “This book … draw[s] attention to certain errors and defects in the
317 3350 194 41 various
539 3350 139 41 fields
707 3352 51 38 of
788 3360 227 38 economy
1044 3352 95 40 and
1167 3350 368 49 politico-social
1564 3347 742 51 arrangements.”—Foreword.

311 3418 56 53 ©
392 3422 126 49 Sept.
542 3423 70 46 23,
635 3422 116 40 1935;
800 3423 67 40 2c.
891 3423 127 47 Sept.
1042 3423 58 38 24;
1150 3422 83 40 aff.
1260 3423 125 47 Sept.
1410 3422 82 42 28;
1518 3423 42 38 A
1582 3421 169 47 86490;
1778 3423 214 40 Edward
2013 3422 58 39 K.
2098 3421 208 45 Meador,

386 3480 197 39 Boston.
664 3479 192 47 (36-60)

311 3582 290 64 Wyckoff,
627 3582 190 64 Ralph
842 3582 224 54 Walter
1095 3583 350 62 Graystone.

385 3660 119 52 The
539 3665 280 47 structure
854 3660 62 52 of
950 3660 266 66 crystals;
1254 3659 358 68 supplement
1648 3660 94 52 for
1778 3662 310 49 1930-1934
2118 3664 59 47 to
2210 3657 95 51 the

311 3733 1992 72 second edition, by Ralph W. G. Wyckoff … New York, Book
314 3815 377 64 department,
730 3814 285 52 Reinhold
1054 3815 334 65 publishing
1426 3814 379 67 corporation,
1845 3817 149 49 1935.

383 3886 87 38 240
497 3897 42 37 p.
596 3887 144 46 illus.,
770 3886 174 47 diagrs.
1004 3886 54 40 23½
1092 3889 43 21 cm
1142 3919 7 7 .

317 3952 52 53 ©
402 3956 116 47 July
551 3957 41 45 3,
626 3956 116 40 1935;
802 3957 66 40 2c.
903 3958 95 39 and
1033 3957 82 40 aff.
1150 3958 117 46 July
1299 3958 52 44 5;
1388 3958 43 38 A
1463 3955 142 42 83893;
1671 3956 239 39 Reinhold
1942 3956 109 46 pub.
386 3962 1897 82 corporation.
