2424 4375
1231 4083 135 51 1582

298 456 257 66 Gillette,
585 456 256 56 William
870 457 254 65 Hooker,
1153 462 173 50 1853-

371 533 275 56 Sherlock
681 534 265 67 Holmes;
987 553 31 33 a
1056 537 154 65 play,
1247 536 249 51 wherein
1532 535 47 56 is
1617 543 83 46 set
1737 537 160 52 forth
1934 539 95 52 the
2066 545 228 61 strange

298 629 123 34 case
456 610 63 53 of
554 610 142 57 Miss
729 611 166 54 Alice
927 612 309 68 Faulkner,
1270 613 75 68 by
1379 612 261 56 William
1676 614 252 55 Gillette.
2001 616 187 53 Based
2223 634 71 35 on

300 687 96 58 Sir
426 690 225 53 Arthur
685 690 198 56 Conan
915 691 230 68 Doyle’s
1178 689 423 70 incomparable
1634 692 215 55 stories.
1910 692 162 55 With
2108 712 72 34 an
298 692 1974 129 introduction
650 767 75 70 by
753 768 246 55 Vincent
1030 767 267 69 Starrett,
1324 768 232 68 preface
1581 774 58 48 to
1666 769 115 53 this
1809 769 216 56 edition
2051 772 76 66 by
298 771 1972 128 William
474 845 253 69 Gillette,
763 846 362 53 reminiscent
1159 851 159 49 notes
1354 847 76 67 by
1464 846 270 55 Frederic
1771 850 153 51 Dorr
1964 848 181 55 Steele
2184 851 109 52 and

299 922 113 54 line
448 922 290 70 drawings
770 924 76 68 by
880 924 269 53 Frederic
1182 925 155 52 Dorr
1373 924 198 56 Steele.
1643 926 231 55 Garden
1913 925 151 68 City,
2098 927 69 54 N.
2207 928 88 66 Y.,

297 1002 356 68 Doubleday,
683 1003 198 52 Doran
910 1006 46 51 &
985 1020 296 50 company,
1311 1002 126 68 inc.,
1469 1007 148 50 1935.

370 1085 101 30 xxx
499 1086 58 37 p.,
587 1075 27 40 5
661 1106 23 16 l.,
713 1074 143 41 3-191
886 1086 42 37 p.
988 1074 136 41 front.
1166 1074 173 49 (port.)
1377 1075 129 41 illus.
1565 1076 56 40 20
1625 1078 43 21 cm
1673 1107 9 10 .

372 1131 162 42 “First
563 1131 228 43 edition.”

301 1200 52 52 ©
387 1204 127 48 Sept.
545 1204 39 46 6,
614 1202 141 48 1935;
788 1202 67 42 2c.
886 1204 96 39 and
1012 1203 82 41 aff.
1128 1203 127 48 Sept.
1287 1203 82 47 25;
1403 1204 41 38 A
1474 1202 170 48 87959;
1678 1203 217 40 William
1928 1204 212 49 Gillette,
367 1203 1914 106 Hadlyme,
536 1260 148 41 Conn.
749 1260 280 49 [Copyright
1056 1261 41 40 is
1125 1260 207 41 claimed
1358 1272 60 29 on
1441 1270 107 30 new
1575 1262 179 39 matter
1782 1261 61 47 by
1870 1261 53 39 A.
1953 1260 168 41 Conan
2147 1261 154 46 Doyle

371 1319 95 38 and
490 1318 218 40 William
732 1317 211 48 Gillette,
969 1317 325 47 individually
1318 1319 96 38 and
1439 1328 57 29 as
1518 1319 246 46 employer
1786 1317 79 40 for
1890 1317 106 41 hire
2021 1318 53 39 of
2094 1316 207 42 Vincent

370 1375 217 40 Starrett
612 1376 95 39 and
736 1373 226 42 Frederic
989 1376 128 39 Dorr
1148 1373 170 50 Steele]
1392 1374 280 48 (35-24333)

301 1478 213 64 Göhre,
547 1479 203 54 Ernst.

367 1556 1928 68 Werkzeuge und pressen der Stanzerei, von E. Göhre … t. 1.
299 1636 366 65 Werkzeuge.
730 1635 215 61 Berlin,
971 1635 374 66 VDI-verlag
1370 1652 51 49 g.
1449 1652 71 34 m.
1548 1635 50 51 b.
1625 1635 73 66 h.,
1727 1638 148 48 1935.

370 1719 42 36 v,
443 1707 67 43 38.
546 1707 83 50 [64]
657 1718 41 37 p.
758 1707 142 47 illus.,
931 1706 178 49 diagrs.
1166 1706 55 39 21
1225 1708 45 21 cm
1275 1738 8 8 .

301 1775 1995 52 © Mar. 19, 1935; 1c. Oct. 3; A -Foreign 29430; VDI-verlag, g. m. b. h.
379 1834 280 48 (35-25796)

303 1939 288 64 Günther,
617 1940 171 52 Hans
811 1940 62 54 F.
900 1939 72 55 K.

371 2015 418 69 Frömmigkeit
825 2017 331 53 nordischer
1193 2020 226 63 artung,
1456 2035 111 33 von
1602 2017 166 52 Hans
1804 2017 65 52 F.
1906 2017 74 52 K.
2019 2015 278 56 Günther.

301 2097 165 64 Jena,
493 2097 65 51 E.
586 2093 333 55 Diederichs
946 2097 214 65 verlag,
1188 2097 149 50 1934.

376 2167 559 49 2 p. l., 7-43 p. 21 cm .
304 2234 1995 52 © June 11, 1934; 1c. Sept. 20; A -Foreign 25670; Eugen Diederichs
372 2297 180 47 verlag.

304 2398 229 65 Harris,
566 2399 226 63 George
822 2397 275 65 Latham,
1132 2401 170 49 1893-

373 2476 270 53 Business
674 2474 195 68 offices,
899 2473 421 69 opportunities
1351 2474 113 52 and
1496 2474 258 53 methods
1786 2472 65 54 of
1882 2472 316 70 operation,
2226 2472 74 69 by

299 2552 2001 68 G. L. Harris … New York and London, Harper & brothers,
305 2636 150 50 1935.

370 2719 31 26 x
431 2718 55 35 p.,
515 2707 24 37 1
588 2736 23 15 l.,
639 2705 88 40 238
751 2716 43 36 p.
823 2705 108 40 incl.
960 2706 168 47 diagr.,
1157 2705 153 39 forms.
1381 2707 172 46 plates.
1608 2705 147 40 22½cm.

374 2763 164 40 “First
566 2760 226 42 edition.”

306 2830 52 52 ©
386 2833 101 40 Oct.
512 2833 68 47 31,
607 2830 113 42 1935;
775 2832 66 39 2c.
870 2832 99 40 Oct.
994 2832 82 47 31;
1106 2832 82 40 aff.
1215 2832 117 39 Nov.
1360 2832 52 46 2;
1441 2831 44 39 A
1508 2831 143 41 88085;
1707 2832 197 48 Harper
1927 2832 38 40 &
1988 2832 124 40 bros.

386 2889 279 49 (35-24276)

306 2991 302 65 Hawkins,
638 2991 211 54 Alfred
879 2992 173 63 Cary,
1084 2993 172 52 1887-

377 3068 120 52 The
529 3067 146 52 book
707 3066 64 53 of
801 3066 286 67 minerals,
1120 3066 75 69 by
1229 3065 212 54 Alfred
1477 3066 63 54 C.
1573 3065 299 54 Hawkins.
1944 3066 139 53 New
2118 3064 177 54 York.

308 3144 54 53 J.
407 3144 191 68 Wiley
641 3144 45 49 &
732 3162 144 49 sons,
922 3144 137 67 inc.;
1108 3144 258 67 London,
1415 3142 300 69 Chapman
1762 3146 46 50 &
1852 3144 160 67 Hall,
2058 3142 238 66 limited,

309 3224 146 51 1935.

379 3294 83 46 xii,
493 3294 82 39 161
605 3303 44 38 p.
678 3292 108 41 incl.
817 3293 160 48 front.,
1008 3293 125 40 illus.
1196 3292 54 40 19½
1283 3294 44 22 cm
1331 3324 8 9 .
1456 3292 131 48 $1.50

379 3349 374 48 Bibliography:
791 3359 42 39 p.
871 3349 215 44 147-149.

309 3418 52 52 ©
389 3422 100 40 Oct.
516 3422 71 47 28,
614 3421 140 48 1935;
784 3422 66 39 2c.
880 3421 99 41 Oct.
1009 3422 80 46 31;
1122 3422 80 39 aff.
1233 3422 100 40 Oct.
1359 3422 83 46 30;
1472 3423 42 38 A
1541 3421 168 48 89078;
1740 3423 55 40 A.
1823 3422 48 41 C.
1902 3422 251 47 Hawkins,
2183 3422 115 40 New

376 3478 301 47 Brunswick,
700 3479 55 39 N.
781 3479 42 39 J.
894 3477 279 49 (35-24294)

309 3588 135 60 Hill,
472 3589 198 52 Frank
701 3590 236 59 Ernest,
969 3592 169 49 1888-

381 3666 118 50 The
538 3665 189 52 school
766 3665 60 52 in
865 3665 94 52 the
999 3682 220 49 camps;
1261 3665 94 51 the
1396 3664 357 53 educational
1794 3682 270 50 program
2102 3663 65 52 of
2205 3662 91 52 the

311 3741 1984 69 Civilian conservation corps, by Frank Ernest Hill … New
316 3820 172 63 York,
522 3820 66 50 N.
628 3820 90 66 Y.,
752 3819 306 53 American
1093 3820 335 52 association
1468 3820 93 51 for
1598 3820 159 51 adult
1795 3820 316 65 education,
2149 3823 145 48 1935.

377 3892 1104 50 2 p. l., 84 p. illus. (map) plates. 23½ cm .
313 3957 52 52 ©
391 3961 124 46 Sept.
541 3961 69 46 30,
637 3961 111 40 1935;
801 3962 64 40 2c.
892 3964 95 38 and
1012 3962 80 40 aff.
1121 3963 101 40 Oct.
1246 3964 53 46 5;
1326 3964 41 38 A
1392 3962 168 47 86593;
1588 3963 147 38 Aimer.
1772 3972 115 30 assn.
1922 3961 79 39 for
2025 3961 138 39 adult
378 3961 1902 95 education.
622 4017 252 48 (35-23898)
