2424 4375
1246 4049 100 48 332

307 431 270 65 Collison,
606 432 240 66 Wilson,
879 438 170 50 1893-

378 508 162 52 Dark
571 510 181 64 dame,
782 511 75 64 by
885 511 222 52 Wilson
1138 509 272 54 Collison.
1482 543 12 31 r
1499 511 140 51 New
1670 510 179 64 York,
1880 510 65 55 C.
1977 511 250 52 Kendall
2257 514 45 49 &

307 586 86 52 W.
427 586 209 66 Sharp,
662 586 128 66 inc.,
819 591 17 22 c
842 589 150 62 1935]

375 657 86 41 247
491 668 44 38 p.
596 657 55 40 19½
683 659 44 22 cm
732 690 9 9 .

382 714 283 41 Illustrated
698 717 97 46 t.-p.

308 783 1978 107 © Feb. 21, 1935; 2c. Mar. 27; aff. Mar. 5 ; A 82186; W. Collison, Hollywood, Calif. (35-4330)
307 947 338 63 Compston,
672 946 255 55 William
954 945 238 65 Sidney.

377 1022 1923 67 Economic theocracy, by William Sidney Compston … St.
307 1099 1419 68 Petersburg, Fla., The Kingdom press [ c 1934]
376 1173 56 40 64
464 1184 43 38 p.
567 1172 56 39 22½
657 1174 43 21 cm
705 1204 9 9 .

377 1229 314 49 Advertising
719 1230 205 39 matter:
957 1239 43 38 p.
1032 1227 157 41 59-64.

308 1299 52 52 ©
387 1302 101 41 Oct.
516 1303 38 45 1,
580 1300 140 47 1934;
749 1300 66 40 2c.
842 1301 94 38 and
962 1299 80 40 aff.
1069 1299 118 39 Nov.
1214 1298 82 47 26;
1327 1299 40 39 A
1394 1299 143 40 78343
1556 1309 9 37 ;
1594 1298 241 49 Kingdom
1863 1310 148 37 press.

387 1357 250 50 (35-4325)

308 1459 305 66 Compton,
643 1459 232 53 Arthur
904 1458 193 65 Holly,
1130 1463 171 50 1892-

381 1538 219 68 X-rays
636 1537 60 52 in
734 1539 199 66 theory
972 1537 111 52 and
1121 1536 369 68 experiment,
1525 1537 74 67 by
1638 1538 225 52 Arthur
1898 1539 78 53 H.
2017 1537 282 68 Compton

372 1613 1927 69 … and Samuel K. Allison … New York, D. Van Nostrand
305 1712 297 49 company,
629 1695 108 52 inc.
774 1726 13 34 [
793 1700 17 22 c
815 1695 132 50 1935
953 1726 12 34 ]

375 1768 96 48 xiv,
499 1766 88 41 828
609 1777 41 37 p.
705 1765 143 47 illus.,
876 1765 177 48 diagrs.
1110 1764 58 40 23½
1198 1767 44 21 cm
1245 1795 7 8 .

379 1824 213 40 “Second
620 1821 182 41 edition
831 1822 53 40 of
909 1822 182 47 X-rays
1119 1823 95 38 and
1242 1823 251 46 electrons,
1523 1822 59 47 by
1610 1821 190 40 Arthur
1826 1822 60 39 H.
1916 1821 278 49 Compton.'’

375 1880 226 41 Includes
629 1879 285 40 references.

308 1948 52 52 ©
392 1952 111 39 Jan.
532 1949 69 49 23,
634 1950 118 40 1935
765 1960 9 36 ;
809 1949 65 41 2c.
908 1949 108 40 Jan.
1048 1948 82 47 31;
1165 1947 83 41 aff.
1282 1950 121 38 Mar.
1436 1949 80 46 14;
1550 1949 41 38 A
1623 1947 169 48 81009;
1829 1949 54 39 D.
1918 1949 105 39 Van
2055 1948 245 40 Nostrand

376 2019 81 36 co.,
489 2007 90 40 inc.
651 2006 249 49 (35-4361)

305 2111 270 63 Cornish,
604 2111 226 63 George
859 2112 87 54 W.

378 2188 244 54 Cornish
659 2188 64 52 of
760 2187 95 53 the
890 2185 228 66 ‘Yard’;
1157 2187 88 53 his
1283 2187 423 52 reminiscences
1744 2186 111 53 and
1895 2204 167 47 cases,
2097 2185 75 67 by
307 2203 1990 128 ex-Superintendent

841 2264 67 55 G.
957 2265 89 52 W.
1096 2263 273 63 Cornish;
1420 2264 140 52 with
1607 2266 66 50 38
1720 2262 379 54 illustrations
2147 2261 150 52 from

307 2341 408 67 photographs.
781 2340 257 64 London,
1068 2341 156 53 John
1254 2340 156 53 Lane
1446 2343 172 63 [1935]

375 2411 1544 50 8 p. l. . 343 p. front., plates, ports., map., facsims. 22 cm .
307 2480 1991 52 © 1c. Mar. 1, 1935; A ad int. 19979; pubd. Jan. 4; G. W. Oomish, London.
386 2541 250 47 (35-4321)

304 2641 226 65 Cortés,
560 2643 335 63 Hernando,
930 2645 322 52 1485-1547.

441 2714 1855 70 … Despatches from Mexico to Charles v, edited by A. Grove
308 2791 1986 71 Day … New York, Cincinnati [ete.] American book company
313 2905 13 34 [
330 2878 19 22 c
354 2874 152 63 1935]

377 2942 170 45 xxviii,
577 2942 84 40 144
690 2952 43 38 p.
762 2942 108 41 incl.
900 2942 149 41 front.
1078 2940 173 50 (port.)
1289 2942 173 41 double
1492 2952 124 38 map.
1676 2942 58 41 19½
1764 2945 43 22 cm
1812 2974 8 8 .

377 2999 63 39 At
466 2999 124 39 head
616 2999 52 39 of
695 2999 135 42 title;
860 2998 253 41 Fernando
1142 3000 180 39 Cortes.

379 3055 1907 47 “The narrative … relating the incidents of the march from Villa Rica
306 3111 58 40 de
395 3112 125 39 Vera
552 3111 126 40 Cruz
709 3114 49 37 to
789 3111 83 40 the
899 3112 98 46 city
1028 3112 51 39 of
1111 3112 198 47 Mexico,
1342 3113 83 38 the
1453 3112 170 47 taking
1653 3112 50 39 of
1734 3112 82 40 the
1849 3113 231 45 Emperor
308 3113 1967 101 Montezuma,
489 3168 83 39 the
595 3168 308 47 suppression
927 3168 51 39 of
1005 3168 234 45 Narváez,
1265 3169 82 39 the
1373 3168 138 45 flight
1537 3168 127 39 from
1694 3168 80 40 the
1798 3168 97 47 city
1924 3180 58 27 on
2011 3169 80 38 the
2134 3168 159 39 'Noche

307 3223 171 47 triste’,
509 3225 94 38 and
636 3225 82 38 the
750 3227 182 37 retreat
965 3226 46 37 to
1044 3224 237 41 Tlascala.
1313 3224 153 39 forms
1498 3225 81 39 the
1608 3225 130 38 main
1771 3225 120 46 body
1925 3225 50 38 of
2008 3226 81 39 the
2120 3224 169 39 second

307 3281 149 40 ‘carta
489 3280 224 40 relación’
747 3282 108 39 sent
882 3281 60 46 by
975 3279 170 42 Cortes
1177 3282 48 38 to
1258 3280 201 41 Charles
1490 3280 175 47 v.”—p.
1699 3282 230 39 xvi-xvii.

379 3337 129 39 “The
545 3339 104 37 text
682 3336 227 40 followed
943 3336 49 39 in
1029 3336 261 47 preparing
1326 3336 98 41 this
1459 3337 183 40 edition
1677 3338 90 38 has
1802 3338 118 39 been
1955 3338 107 39 that
2097 3337 52 40 of
2184 3338 105 39 Don

307 3393 213 47 Enrique
549 3394 59 38 de
638 3393 152 40 Vedia
821 3394 49 38 in
900 3393 77 40 his
1009 3392 379 41 ‘Historiadores
1417 3393 274 47 primitivos
1720 3394 58 39 de
1810 3393 195 48 Indias’,
2038 3393 248 48 published

304 3460 55 30 as
385 3450 190 39 volume
603 3448 56 39 22
687 3449 52 38 of
769 3449 278 40 ‘Biblioteca
1078 3450 59 38 de
1163 3450 198 38 autores
1388 3448 279 48 espanoles’,
1697 3449 351 48 Rivadeneyra,
2081 3448 204 49 Madrid,

306 3504 263 48 1852.”—p.
598 3505 97 39 xix.

377 3562 174 40 Edited
580 3561 119 39 with
732 3561 340 45 introduction,
1105 3562 136 38 notes
1273 3561 94 39 and
1398 3561 307 46 vocabulary.

303 3618 52 52 ©
386 3623 120 38 Mar.
537 3621 68 45 13,
636 3619 140 47 1935;
808 3620 66 39 2c.
906 3620 95 39 and
1032 3619 81 40 aff.
1145 3620 120 38 Mar.
1296 3618 82 47 21;
1411 3619 43 39 A
1482 3618 168 47 81122;
1684 3619 157 40 Amer.
1873 3620 121 39 book
2027 3631 67 28 co.

381 3676 250 50 (35-4381)

301 3778 171 63 Cory,
501 3775 209 65 David,
742 3776 169 54 1872-

370 3850 1911 66 Red Feather and Star Maiden, by David Cory … New
300 3930 178 65 York,
507 3930 234 54 Grosset
766 3933 45 49 &
837 3930 233 65 Dunlap
1146 3932 150 62 [c1935]
