2424 4375
1029 4014 131 54 1079

122 410 251 64 Vitalba,
404 411 163 53 Gino.

251 486 1848 65 … Anime in cammino. Milano, Casa editrice Alcea, 1935.
186 557 789 50 2 p. l., 7-200. [1] p., 2 l. 19cm.
122 612 1870 53 © Mar. 16, 1935; 1c. Mar. 28; A-Foreign 28270; G. Vitalba, Milan.
203 672 276 47 (35-12533)

124 746 380 62 Wentworth,
534 745 276 64 Patricia,
839 747 192 64 pseud.

187 821 322 67 Blindfold,
568 823 71 64 by
698 822 253 53 Patricia
1011 822 373 54 Wentworth.
1479 822 423 67 Philadelphia,
117 823 1957 139 London,
285 900 56 53 J.
384 901 65 50 B.

493 899 336 67 Lippincott
870 918 295 48 company,
1208 903 150 50 1935.

183 970 86 41 312
304 983 44 37 p.
407 971 145 41 19½cm.

122 1024 51 53 ©
199 1029 119 48 Aug.
348 1028 39 47 6,
418 1027 139 48 1935;
588 1028 68 40 2c.
685 1029 95 38 and
809 1027 81 40 aff.
918 1028 118 47 Aug.
1068 1029 80 46 14;
1181 1028 40 39 A
1252 1027 168 46 84950;
1490 1060 8 7 J.
1530 1029 54 38 B.
1616 1026 276 49 Lippincott
1923 1039 68 30 co.

198 1084 278 49 (35-12785)

121 1158 211 65 White,
362 1159 215 55 Frank.

250 1234 1851 68 … White on corporations … Bender ed. Sixth cumulative
120 1313 1921 67 supplement, 1932-1935 (By Samuel W. Eager) to volume 8 …
122 1391 246 65 Albany,
396 1391 69 52 N.
493 1392 68 51 Y.
593 1390 110 52 and
734 1392 137 51 New
900 1390 178 65 York,
1107 1392 67 51 N.
1206 1392 89 64 Y.,
1324 1391 279 51 Matthew
1631 1391 225 52 Bender
1883 1395 45 50 &
120 1410 1956 125 company,

314 1468 417 66 incorporated,
759 1470 149 51 1935.

190 1540 57 40 63
272 1550 42 38 p.
370 1540 144 41 23½cm.

186 1597 66 40 At
274 1597 126 40 head
423 1597 51 40 of
501 1596 106 40 title:
663 1596 127 40 1935.

189 1653 117 39 This
329 1652 247 48 pamphlet
600 1651 42 40 is
667 1654 48 37 to
737 1652 54 39 be
816 1651 137 40 fitted
976 1650 103 41 into
1104 1652 80 38 the
1210 1651 171 47 pocket
1406 1653 49 38 at
1482 1651 81 40 the
1587 1651 120 39 back
1730 1651 54 40 of
1808 1653 79 38 the
1914 1653 189 39 volume

119 1709 48 39 of
193 1710 83 40 the
300 1711 73 38 set
399 1711 50 38 to
475 1707 157 41 which
658 1708 39 40 it
723 1708 207 47 belongs.

121 1761 51 53 ©
197 1766 118 47 Aug.
340 1765 69 47 15,
436 1764 112 41 1935;
605 1764 66 40 2c.
697 1765 119 47 Aug.
844 1764 80 46 19;
953 1763 81 41 aff.
1063 1764 117 47 Aug.
1210 1764 53 39 16;
1321 1764 40 38 A
1389 1764 169 46 85547;
1590 1765 235 39 Matthew
1853 1764 188 41 Bender
2068 1766 37 39 &

188 1833 81 37 co.,
298 1822 90 40 inc.

121 1895 388 66 Willoughby,
540 1896 243 55 Charles
813 1896 192 62 Clark,
1037 1898 169 52 1857-

182 1971 349 69 Antiquities
563 1971 62 53 of
657 1972 93 52 the
783 1971 134 53 New
951 1971 270 68 England
1254 1970 253 56 Indians,
1542 1968 135 56 with
1714 1979 155 45 notes
1902 1990 71 34 on
2007 1971 93 54 the

118 2049 219 55 ancient
370 2049 243 53 cultures
647 2049 63 53 of
743 2050 94 53 the
871 2047 263 68 adjacent
1166 2049 287 65 territory,
1486 2048 71 67 by
1593 2047 235 55 Charles
1864 2047 60 55 C.
117 2047 1960 148 Willoughby

481 2125 1622 69 … Cambridge, Mass., The Peabody museum of
116 2203 294 54 American
470 2203 369 69 archaeology
897 2203 110 52 and
1063 2202 321 68 ethnology,
1445 2203 268 52 Harvard
1769 2204 332 65 university,

119 2284 146 51 1935.

181 2352 1308 48 4 p. l., 314 p. illus. (incl. maps) diagrs. 23½cm.
117 2408 50 52 ©
198 2413 115 47 July
343 2411 70 48 25,
444 2412 140 46 1935;
617 2413 66 39 2c.
715 2412 96 39 and
843 2411 79 40 aff.
956 2412 116 46 July
1102 2411 82 46 30;
1219 2412 40 38 A
1294 2411 170 46 84771;
1500 2412 253 40 President
1784 2413 97 39 and
1912 2412 188 40 fellows

186 2469 50 39 of
265 2470 229 39 Harvard
523 2470 191 46 college,
746 2468 300 47 Cambridge,
1078 2469 146 38 Mass.
1294 2468 277 49 (35-12177)

118 2541 252 66 Wright,
398 2544 174 62 Mary
594 2543 262 63 Hudson,
886 2548 168 49 1895-

243 2619 1856 68 … Mary Virginia Hawes Terhune (“Marion Harland”): her
116 2696 1983 68 life and works, by Mary Hudson Wright … Nashville, Tenn.,
116 2774 217 67 George
360 2775 267 65 Peabody
656 2775 209 66 college
892 2774 94 53 for
1013 2774 267 65 teachers,
1310 2777 148 49 1934.

186 2848 22 37 1
235 2858 42 36 p.
341 2878 8 16 l.,
374 2846 58 40 10
455 2858 42 36 p.
550 2846 145 41 28½cm.
761 2847 225 48 ([George
1009 2847 224 46 Peabody
1261 2847 180 47 college
1462 2847 79 38 for
1571 2846 232 46 teachers,
1832 2844 265 52 Nashville]

113 2902 227 41 Abstract
364 2903 53 40 of
441 2902 337 41 Contribuiton
806 2906 47 37 to
878 2902 271 46 education,
1178 2913 73 29 no.
1280 2902 107 46 147)

183 2960 228 40 Abstract
434 2960 54 39 of
510 2959 150 40 thesis.
694 2961 14 46 (PH.
873 2958 266 48 D.)—George
1164 2959 224 47 Peabody
1410 2959 179 47 college
1610 2959 79 39 for
1715 2959 233 46 teachers,
1972 2958 126 41 1931.

117 3011 51 52 ©
203 3016 110 40 Feb.
347 3016 67 41 12.
450 3015 139 41 1935;
625 3017 68 38 2c.
728 3016 110 39 Feb.
872 3014 82 47 25;
992 3015 82 40 aff.
1110 3016 109 39 Feb.
1254 3015 82 46 21;
1374 3015 40 39 A
1448 3014 168 47 79812;
1658 3015 185 47 George
1876 3016 224 45 Peabody

185 3074 177 46 college
388 3073 81 39 for
497 3073 233 40 teachers.
800 3070 248 50 (35-9153)

118 3145 250 66 Wright,
398 3148 243 64 Quincy,
672 3153 170 49 1890-

185 3223 1852 68 The United tSates and neutrality [by] Quincy Wright …
118 3300 265 68 Chicago,
410 3304 112 64 Ill.,
549 3303 121 51 The
696 3301 333 67 University
1058 3301 62 52 of
1150 3302 252 65 Chicago
1427 3319 155 48 press
1616 3304 170 63 [1935]

185 3372 49 48 ii,
262 3374 67 40 28.
367 3375 53 48 [1]
453 3386 42 36 p.
554 3373 142 40 39½cm.
768 3374 190 46 (Public
986 3374 156 47 policy
1170 3374 261 46 pamphlet,
1461 3384 73 28 no.
1566 3373 68 47 17,
1668 3374 58 38 H.
1759 3374 55 37 D.
1848 3372 249 44 Gideonse,

113 3429 178 48 editor)

116 3481 50 52 ©
195 3488 113 45 May
336 3487 68 41 28.
433 3486 138 46 1935;
602 3486 66 40 2c.
699 3488 94 38 and
824 3486 80 39 aff.
935 3487 126 39 June
1091 3486 81 46 14;
1207 3486 39 38 A
1276 3484 169 46 84252;
1479 3484 280 48 University
1791 3486 51 38 of
1871 3483 222 50 Chicairo,

184 3542 218 48 Chicago.
475 3542 247 46 (35-9565)

110 3615 253 65 Wüster,
394 3618 223 63 Eugen.

183 3692 345 67 Grnndzüge
561 3694 98 51 der
691 3695 490 65 Sprachnormung
1213 3693 59 52 in
1305 3693 99 52 der
1436 3692 245 66 technik,
1714 3712 111 33 von
1858 3693 82 52 dr.
116 3694 1946 139 Eugen
245 3771 243 52 Wüster.
551 3772 215 56 Berlin,
791 3772 68 52 V.
884 3773 70 51 D.
982 3772 47 51 I.
1058 3772 212 64 verlag,
1297 3789 50 47 g.
1375 3788 70 34 m.
1474 3771 52 51 b.
1550 3772 73 64 h.,
1652 3774 147 48 1934.

178 3841 1060 48 4 p. l., 92 p. diagrs. (part fold.) 21cm.
115 3891 1977 54 © May 26, 1934; 1c. Oct. 2; A-Foreign 25860; V. D. I. verlag, g. m. b. h.
