2424 4375
1091 4003 99 53 887

149 373 365 64 Hürlimann,
559 374 239 64 Martin,
846 376 168 52 1897-
1224 374 84 52 ed.

219 450 106 54 Die
353 451 410 53 residenzstadt
786 451 300 67 Potsdam;
1116 449 249 55 berichte
1391 452 118 52 und
1534 449 200 66 bilder,
154 451 1952 128 herausgegeben

286 546 107 33 von
428 527 218 52 Martin
677 526 351 54 Hiirlimann
1061 535 164 45 unter
1257 527 291 53 mitarbeit
1579 547 109 32 von
1722 529 148 52 Paul
1903 528 226 54 Ortwin

155 606 166 51 Rave.
396 604 214 69 Berlin,
645 605 480 68 Atlantis-verlag
1204 608 150 64 [c1933]

223 690 95 48 335,
349 691 55 49 [1]
432 700 44 38 p.
502 689 108 43 incl.
638 691 169 48 plates,
835 692 161 47 ports.,
1023 691 128 46 plan.
1210 689 55 40 21½
1298 692 44 21 cm
1346 721 9 10 .

223 759 196 43 “11.-20.
449 759 248 42 tausend.”

153 828 1979 53 © Mar. 20, 1933; 1c. Apr. 26, 1935; A-Foreign 27788; Atlantis-verlag,
218 899 42 37 g.
285 900 45 27 m
369 890 40 38 b.
439 890 43 37 b.
553 887 249 49 (35-9457)

150 992 232 52 Illinois.
457 993 181 65 Lairs,
669 998 254 60 statutes,
956 1000 98 45 etc.

218 1070 386 53 Smith-Hurd
659 1069 224 53 Illinois
941 1070 306 52 annotated
1303 1073 253 48 statutes.
1648 1071 343 51 Permanent
2047 1070 85 53 ed.

152 1147 363 68 Comprising
552 1148 96 52 the
687 1150 137 50 laws
864 1147 63 53 of
967 1166 31 33 a
1039 1148 227 66 general
1307 1147 110 51 and
1459 1153 333 61 permanent
1831 1152 201 47 nature
2072 1148 62 51 in

158 1226 149 52 force
343 1232 58 45 at
433 1226 94 52 the
561 1226 108 51 end
703 1225 63 52 of
800 1225 93 52 the
927 1223 360 69 fifty-eighth
1323 1223 245 55 General
1604 1225 293 68 assembly,
1932 1225 200 53 fourth

147 1304 210 67 Special
385 1305 225 58 session,
638 1305 141 51 Nov.
810 1306 83 63 23,
923 1307 148 48 1934.
1137 1303 158 67 Kept
1321 1308 62 46 to
1409 1303 130 52 date
1563 1304 74 66 by
1665 1304 342 51 cumulative
148 1323 1961 111 annual

305 1382 199 66 pocket
535 1386 188 62 parts;
756 1380 139 54 with
926 1381 361 53 annotations
1317 1380 153 53 from
1498 1381 96 52 the
1624 1399 148 35 cases
1803 1383 331 68 construing

142 1478 61 35 or
225 1460 277 67 applying
522 1460 94 51 the
637 1458 135 53 laws
792 1458 110 53 and
924 1458 139 51 with
1084 1459 179 51 tables
1286 1459 110 54 and
1416 1460 187 51 index,
1665 1459 260 67 chapters
1949 1463 185 51 52-62.

150 1536 828 68 Exemptions-Garnishment.
1053 1539 90 65 By
1178 1537 95 52 the
1308 1535 338 69 publishers’
1681 1538 266 53 editorial
1982 1536 150 56 staff.

151 1615 261 66 Chicago.
441 1615 112 66 Ill.,
582 1615 276 52 Burdette
887 1615 188 54 Smith
1104 1632 305 50 company;
1445 1616 80 54 St.
1555 1616 165 65 Paul,
1747 1617 201 65 Minn.,
1974 1619 159 51 West

153 1693 329 67 publishing
515 1710 108 48 co.;
657 1693 223 51 Kansas
917 1691 150 67 City,
1101 1693 134 65 Mo.,
1269 1693 231 52 Vernon
1533 1693 109 53 law
1675 1693 147 52 book
1855 1712 278 50 company

153 1805 12 33 [
168 1778 19 21 c
193 1774 148 63 1935]

219 1870 45 29 x.
290 1857 86 40 890
400 1868 43 36 p.
499 1855 56 40 24
557 1858 44 20 cm
605 1887 8 8 .

154 1926 51 52 ©
240 1930 123 38 June
397 1929 68 45 17,
501 1926 139 47 1935;
678 1926 67 40 2c.
780 1927 95 38 and
910 1925 82 40 aff.
1028 1926 115 46 July
1178 1925 81 46 15;
1298 1926 43 38 A
1375 1925 169 47 84626;
1582 1926 237 40 Burdette
1858 1925 156 42 Smith
2050 1937 82 38 co.,

219 1987 189 38 Vernon
434 1986 94 37 law
553 1983 122 40 book
701 1994 65 28 co.
797 1983 94 39 and
914 1983 134 39 West
1074 1983 106 46 pub.
1210 1992 66 29 co.

153 2083 1980 69 The insurance bar; a directory of eminent lawyers … and the
220 2164 271 55 Selective
527 2164 185 67 digest
745 2163 62 53 of
841 2163 93 52 the
969 2162 108 52 law
1112 2162 62 52 of
1208 2163 297 52 insurance
1542 2163 111 51 and
1688 2163 215 53 related
1935 2164 197 68 topics.

222 2244 126 53 10th
387 2245 209 50 annual
631 2242 102 65 ed.,
767 2243 158 64 July.
962 2243 149 49 1935.
1184 2240 212 52 Edited
1430 2240 74 66 by
1538 2242 67 50 R.
1640 2242 88 53 W.
1766 2242 364 54 Martindale.

217 2322 266 66 Chicago,
509 2321 113 65 Ill.,
650 2319 121 52 The
797 2320 115 50 Bar
940 2318 98 52 list
1062 2317 335 67 publishing
1423 2335 78 35 co.
1536 2351 12 33 [
1554 2324 18 21 c
1578 2321 129 49 1935
1715 2352 12 32 ]

217 2395 97 46 328,
346 2394 113 49 [654]
486 2404 41 36 p.
583 2392 54 40 23
641 2394 44 20 cm
689 2423 8 7 .

218 2465 132 39 Each
374 2467 113 45 part
510 2463 89 39 has
628 2461 179 48 special
834 2463 95 45 t.-p.

153 2531 51 53 ©
226 2536 115 47 July
363 2533 69 48 29,
457 2533 140 46 1935;
623 2532 66 40 2c.
716 2533 95 38 and
836 2529 81 41 aff.
941 2531 119 46 Aug.
1084 2530 53 46 2;
1167 2530 41 38 A
1232 2529 170 43 85278;
1431 2530 102 38 Bar
1554 2529 87 40 list
1663 2531 109 46 pub.
1797 2542 67 28 co.

149 2638 269 63 Jackson,
445 2637 153 53 John
625 2633 326 64 Hampden,
982 2636 170 52 1907-

218 2715 121 50 The
366 2719 128 61 post
521 2730 120 34 war
667 2711 208 52 world:
905 2730 31 32 a
965 2709 158 52 short
1150 2707 259 68 political
1435 2708 237 67 history,
1703 2713 323 64 1918-1934,
2054 2711 75 65 by

154 2785 1844 72 J. Hampden Jackson … London, V. Gollancz, ltd., 1935.
223 2863 85 40 520
337 2873 42 38 p.
439 2862 128 39 illus.
595 2859 185 50 (maps)
847 2859 55 40 19
904 2861 45 21 cm
953 2890 10 10 .

222 2932 371 48 Bibliography:
625 2941 44 37 p.
714 2929 234 49 [491]-495.

153 2999 1981 55 © 1c. Apr. 27, 1935; A ad int. 20166; pubd. Mar. 4; Little, Brown, and
219 3071 245 38 company,
493 3061 195 38 Boston.
759 3056 248 49 (35-9455)

150 3163 302 63 Jacobsen,
481 3161 298 64 Thorkild,
811 3165 170 50 1904-

275 3231 1855 73 … Sennacherib’s aqueduct at Jerwan, by Thorkild Jacobsen
148 3316 111 51 and
296 3315 172 55 Seton
499 3314 214 69 Lloyd;
749 3313 140 52 with
924 3331 30 34 a
990 3310 229 70 preface
1253 3311 77 69 by
1364 3310 185 53 Henri
1587 3308 336 56 Frankfort.
148 3307 1959 154 Chicago,
322 3393 113 67 Ill.,

457 3392 121 52 The
599 3390 336 69 University
959 3389 64 53 of
1045 3388 250 68 Chicago
1318 3406 156 49 press
1526 3389 132 50 [1935]

222 3464 82 49 xii,
345 3464 57 41 52
440 3474 44 38 p.
554 3463 161 48 front.,
756 3462 125 40 illus.
912 3461 130 49 (inch
1087 3463 160 45 maps)
1298 3461 157 46 plates
1483 3460 48 47 (1
1575 3458 142 49 fold.)
1796 3456 57 41 30½
1884 3459 43 22 cm
1932 3489 8 8 .
2012 3458 124 47 (The

149 3518 277 52 University
455 3520 51 40 of
534 3519 205 48 Chicago
770 3518 219 42 Oriental
1018 3518 226 41 institute
1269 3516 337 48 publications,
1638 3515 91 41 vol.
1760 3516 142 47 xxiv)

558 3589 99 42 CONTENTS.—Our
687 3590 109 41 first
826 3590 115 40 visit
972 3591 47 39 to
1055 3590 210 45 Jerwan,
1298 3587 61 46 by
1393 3586 233 40 Thorkild
152 3584 1965 103 Jacobsen.—Architectural

395 3646 293 48 description
728 3646 51 41 of
817 3647 80 39 the
938 3646 253 47 aqueduct,
1233 3644 60 46 by
1337 3643 144 40 Seton
1524 3643 325 48 Lloyd.·—The
1892 3642 237 47 aqueduct

151 3700 320 51 inscriptions,
513 3703 61 46 by
613 3703 233 40 Thorkild
887 3701 529 46 Jacobsen.—Legends
1459 3700 146 40 about
1650 3700 82 40 the
1776 3700 251 47 aqueduct,
2072 3698 58 46 by

148 3757 231 42 Thorkild
407 3758 413 42 Jacobsen.—The
847 3762 153 37 water
1027 3757 212 48 supplies
1268 3757 53 40 of
1348 3756 232 42 Nineveh,
1610 3756 62 47 by
1701 3756 234 40 Thorkild

154 3754 1960 101 Jacobsen.—The
435 3817 140 37 canal
598 3816 125 39 head
748 3817 52 38 at
819 3815 203 47 Bavian,
1046 3813 62 47 by
1132 3813 145 40 Seton
1303 3812 164 47 Lloyd.

157 3880 51 52 ©
290 3896 60 36 May
377 3885 69 45 21,
475 3886 139 47 1935;
645 3887 67 39 2c.
742 3888 95 38 and
865 3886 80 40 aff.
976 3887 128 38 June
1129 3886 81 45 14;
1243 3886 40 37 A
1312 3883 169 47 84264;
1517 3884 281 48 University
1828 3884 51 40 of
1910 3880 221 48 Chicago,

223 3941 220 49 Chicago.
513 3942 247 49 (35-9202)
