2424 4375
1096 4035 100 53 471

206 500 271 40 6 v . 20 cm .
210 554 71 41 On
309 566 138 29 cover;
503 556 111 40 1783
643 558 47 37 to
719 556 125 40 date.

204 612 135 48 “Key
366 613 202 39 number
598 611 222 49 system.”

497 680 119 29 CONTENTS.—v.
670 668 71 41 13.
793 670 515 38 Easements-Estates
1357 666 241 41 tail.—v.
1650 665 70 41 14.
136 668 1974 105 Estoppel-Exchanges.—v.

508 724 69 41 15.
619 724 569 41 Execution-Executors
1229 725 96 39 and
1365 723 519 41 administrators.—v.
1927 723 71 41 16.
138 726 1973 104 Exemptions-Guaranty.—v.

865 781 72 41 17.
985 781 250 41 Guardian
1287 782 97 39 and
1432 779 434 42 ward-Homicide.
1884 803 60 5 —
1959 793 42 28 v.
2057 780 71 42 18.

132 838 582 49 Hospitals-Injunction.

172 927 9 8 v.
217 896 68 46 13,
321 892 52 52 ©
408 898 121 38 Mar.
564 896 69 47 18,
668 895 140 47 1935;
846 907 41 28 v.
922 896 69 46 14,
1029 894 69 47 15,
1135 890 52 53 ©
1225 896 121 38 Mar.
1383 895 82 46 15;
1503 906 42 28 v.
1582 894 70 47 16,
1689 895 69 48 17,
1796 890 52 53 ©
1885 896 121 37 Mar.
2043 895 82 46 27;

208 963 41 30 v.
282 953 68 47 18,
387 948 52 53 ©
472 954 121 38 Mar.
626 953 83 46 28;
743 952 68 40 2c.
847 953 115 39 each
997 953 97 38 and
1126 951 108 40 affs.
1269 952 114 47 Apr.
1417 951 82 47 26;
1536 952 42 38 A
1613 950 346 43 82704-82709;
1996 951 136 40 West

206 1010 108 47 pub.
346 1020 68 31 co.

142 1110 187 55 South
376 1114 237 51 eastern
657 1110 202 69 digest,
904 1112 266 67 covering
1215 1112 77 52 all
1334 1130 150 35 cases
1529 1113 264 65 reported
1837 1111 61 52 in
1946 1112 182 56 South

212 1193 220 48 eastern
465 1194 255 62 reporter
754 1191 110 51 and
898 1190 225 52 various
1156 1193 219 63 reports
1409 1190 63 53 of
1504 1190 167 53 south
1704 1193 221 50 eastern
1956 1194 171 49 states

214 1265 151 54 from
400 1267 226 54 earliest
658 1268 181 66 times,
874 1267 138 54 with
1046 1274 228 47 current
1308 1267 342 53 cumulative
1684 1267 203 68 pocket
1919 1268 211 52 service

210 1343 1894 131 keeping the digest always to date … By the publisher’s editorial
216 1420 1910 147 staff. Volumes 13-18. St. Paul, West publishing co. [ c1935]
207 1574 267 40 6 v . 26 cm .
210 1630 73 40 On
308 1640 142 29 cover;
503 1631 115 39 1729
645 1634 48 36 to
719 1632 126 38 date.

210 1687 133 47 “Key
368 1687 202 39 number
599 1686 222 48 system.”

142 1741 1974 106 CONTENTS. — v. 13. Easements-Estates tail.—v. 14. Estoppel-Exchanges.— v. 15.
625 1798 569 42 Execution-Executors
1235 1801 96 39 and
1371 1799 518 40 administrators.—v.
1932 1799 71 41 16.
140 1802 1976 103 Exemptions-Guaranty.
696 1880 61 4 —
772 1868 43 29 v.

869 1856 67 41 17.
988 1857 252 40 Guardian
1291 1858 97 38 and
1437 1856 432 40 ward-Homicide.
1890 1880 59 4 —
1964 1868 42 28 v.
2063 1856 70 42 18.

139 1912 579 50 Hospitals-Injunction.

178 2001 8 9 v.
222 1971 69 45 13,
327 1967 52 52 ©
413 1972 122 39 Mar.
570 1971 69 47 18,
675 1971 139 46 1935;
885 2002 8 8 v.
929 1971 69 47 14,
1036 1970 67 47 15,
1141 1966 52 53 ©
1232 1972 120 38 Mar.
1389 1971 82 45 15;
1510 1982 40 27 v.
1588 1970 69 47 16,
1695 1972 68 46 17,
1801 1966 52 53 ©
1891 1972 121 38 Mar.
2049 1971 82 47 27;

211 2039 43 28 v.
289 2028 68 47 18,
392 2023 52 53 ©
477 2029 122 38 Mar.
632 2027 82 47 28;
749 2028 67 40 2c.
851 2029 117 39 each
1002 2029 97 39 and
1132 2027 107 40 affs.
1275 2028 113 47 Apr.
1424 2027 83 47 26;
1542 2029 41 38 A
1618 2026 345 47 82686-82691;
2000 2028 134 40 West

214 2085 108 47 pub.
357 2096 65 28 co.

141 2172 291 67 Spafford,
460 2176 139 62 Ivol,
630 2180 169 49 1889-

214 2250 446 53 Fundamentals
688 2253 57 51 in
774 2251 263 67 teaching
1062 2254 163 52 home
1251 2252 327 65 economics,
1602 2252 75 65 by
1703 2252 129 52 Ivol
1861 2251 271 66 Spafford

206 2328 1927 67 … New York, J. Wiley & sons, inc.; London, Chapman &
146 2404 157 64 Hall,
337 2404 239 65 limited,
611 2408 150 50 1935.

214 2475 105 49 xiii,
346 2475 86 40 424
460 2489 43 37 p.
562 2476 55 39 22
622 2479 43 21 cm
669 2509 9 8 .
794 2476 128 49 $2.75

217 2532 344 41 “References”
591 2536 50 37 at
672 2534 91 39 end
795 2534 49 41 of
872 2534 117 40 each
1020 2534 213 48 chapter.

146 2585 52 53 ©
225 2590 114 48 Apr.
367 2591 38 45 5,
435 2589 113 41 1935;
604 2590 67 40 2c.
702 2592 94 38 and
826 2589 80 41 aff.
936 2591 112 46 Apr.
1080 2591 25 39 8;
1164 2591 41 38 A
1233 2589 142 41 81329;
1436 2592 36 37 I.
1506 2590 239 48 Spafford,
1777 2591 272 41 Columbus.
2079 2591 55 40 O.

225 2646 249 48 (35-5486)

143 2733 237 64 Sperry,
408 2734 241 54 Willard
678 2736 284 63 Learoyd,
994 2740 169 50 1882-

149 2810 1960 143 Wordsworth’s anti-climax, by Willard L. Sperry … Cambridge,
393 2887 273 54 Harvard
693 2888 316 67 university
1039 2907 173 46 press,
1244 2893 152 49 1935.

217 2958 1915 51 vii p., 2 l., [3]-228 p. 21 cm . (Half-title; Harvard studies in English,
147 3015 243 48 vol. XIII )
150 3068 52 53 ©
229 3073 114 48 Apr.
372 3074 39 46 1,
440 3072 111 40 1835;
609 3073 66 40 2c.
706 3074 112 47 Apr.
847 3074 25 39 3;
932 3071 81 41 aff.
1042 3074 111 46 Apr.
1186 3074 25 39 8;
1271 3074 40 38 A
1338 3073 146 41 82420;
1541 3074 257 40 President
1825 3074 95 39 and
1949 3074 188 40 fellows

219 3130 50 38 of
303 3129 228 40 Harvard
566 3131 190 46 college,
793 3129 298 48 Cambridge,
1128 3131 144 38 Mass.
1344 3130 250 49 (35-5521)

146 3216 219 66 Staley,
393 3219 237 53 Seward
659 3218 227 65 Charle,
917 3225 171 50 1893-

225 3293 117 52 The
369 3292 336 55 curriculum
738 3296 54 51 in
820 3299 186 63 sports
1041 3295 280 67 (physical
1351 3296 326 67 education)
1709 3295 76 68 by
1812 3293 232 55 Seward
2074 3293 63 56 C.

156 3368 1952 147 Staley … Philadelphia and London, W. B. Saunders company, 1935.
225 3517 792 50 1 p. l., 9-373 p. diagr. 20 cm .
227 3574 299 41 “Submitted
558 3576 49 38 in
636 3577 180 46 partial
847 3577 279 41 fulfillment
1158 3579 51 39 of
1241 3581 81 38 the
1354 3580 318 47 requirement
1710 3580 75 37 for
1818 3581 80 38 the
1931 3579 205 40 doctor’s

155 3630 172 47 degree
359 3631 49 39 in
440 3632 255 39 education
728 3637 51 37 at
812 3635 80 38 the
927 3634 277 47 University
1240 3636 50 38 of
1324 3636 187 39 Illinois
1544 3637 47 37 in
1629 3637 79 39 the
1741 3638 164 44 spriug
1940 3638 50 38 of
2024 3637 112 39 1929

158 3688 151 39 under
335 3688 82 39 the
444 3688 120 47 title,
594 3689 112 40 ‘The
734 3700 222 37 program
984 3692 47 37 in
1061 3692 213 46 physical
1308 3693 254 38 education
1591 3692 78 39 for
1696 3694 80 39 the
1804 3694 112 47 high
1946 3693 188 41 school’.

157 3743 1978 52 It was published in mimeograph form … in … 1931 under the title,
158 3799 195 39 ‘Health
379 3801 94 38 and
501 3802 159 45 sports
686 3802 503 42 education’.”—Pref.

227 3855 345 48 Bibliography;
632 3866 42 37 p.
704 3857 213 41 353-358.

158 3909 52 53 ©
238 3915 111 47 Apr.
379 3915 40 46 1,
449 3915 116 41 1935;
619 3916 66 40 2c.
714 3918 96 38 and
839 3916 78 40 aff.
946 3918 113 46 Apr.
1090 3918 25 39 5;
1174 3918 41 38 A
1243 3917 142 41 82364;
1445 3919 70 39 W.
1546 3920 54 38 B.
1632 3920 243 40 Saunders
1906 3932 67 28 co.

235 3970 247 49 (35-5579)
