2424 4375
1044 4070 131 49 1791

216 524 135 40 “List
378 525 52 39 of
458 524 238 41 decisions
727 525 51 39 of
809 527 126 38 state
968 527 96 38 and
1092 526 188 39 federal
1312 528 163 37 courts
1504 526 233 39 rendered
1769 524 50 39 in
1851 526 281 41 connection

146 581 116 40 with
292 582 128 39 state
448 580 332 48 legislation”:
814 592 42 37 p.
884 580 215 41 107-140.

216 636 374 48 “Bibliography
613 637 52 39 of
691 641 162 36 recent
878 637 159 47 books,
1068 635 209 50 articles,
1306 636 337 49 publications,

1670 635 146 42 etc.”:
1845 648 43 37 p.
1915 638 218 42 100-100.

147 703 52 53 ©
227 708 110 39 Dec.
365 709 40 46 4,
435 709 138 38 1935;
605 708 66 39 2c.
702 709 95 38 and
827 708 80 39 aff.
938 709 110 38 Dec.
1120 718 8 30 6:
1161 709 40 37 A
1230 708 170 41 88554;
1434 709 70 39 W.
1535 709 59 38 H.
1626 709 223 49 Wagner,
215 708 1901 97 Washington.

381 764 278 49 (33-33991)

145 884 281 64 Wahlert,
455 883 226 55 Jennie.

218 1002 56 11 …
306 959 321 70 Neighbors
655 978 136 33 near
821 960 112 53 and
965 959 111 68 far,
1104 960 75 67 by
1207 958 205 56 Jennie
1440 960 263 53 Wahlert
1735 1002 56 10 …
1826 961 113 52 and
1970 961 162 55 Julia

144 1038 237 53 Letheld
414 1037 177 53 Hahn
629 1080 55 9 …
721 1037 325 53 illustrated
1078 1038 75 68 by
1186 1038 353 68 Marguerite
1571 1037 180 54 Davis
1783 1040 113 52 and
141 1040 1967 145 Hildegard
319 1115 363 54 Woodward.

754 1116 231 67 Boston,
1019 1115 139 52 New
1196 1114 161 54 York
1414 1121 120 61 [etc.]
1574 1116 319 69 Houghton
1927 1118 201 54 Mifflin

142 1195 504 67 company [ c 1935]
215 1274 80 48 vii,
347 1276 72 48 [1],
468 1274 86 40 312
604 1285 43 37 p.
707 1273 127 42 illus.
864 1274 134 48 (part
1046 1276 111 46 col.)
1245 1275 54 40 19
1302 1278 15 21 cm
1350 1307 9 8 .
1448 1276 123 48 (The
1620 1277 130 39 child
1799 1279 334 50 development

142 1332 219 48 readers)

212 1388 285 42 Illustrated
528 1387 359 50 lining-papers.

143 1456 1986 59 © Oct. 21, 1933; 2c. Nov. 11: aff. Oct. 28; A 89294; J. Wahlert, St. Louis,
211 1519 94 38 and
331 1517 133 40 Julia
493 1517 202 40 Letheld
723 1517 157 46 Hahn,
909 1515 335 48 Washington.
1315 1517 279 50 (33-37286)

141 1635 218 64 Walsh,
391 1635 271 52 Edmund
691 1634 298 63 Aloysius,
1020 1638 169 50 1885-

210 1713 121 53 The
376 1712 161 54 wood
582 1729 194 35 carver
820 1710 62 53 of
926 1711 195 68 Tyrol,
1165 1712 74 67 by
1282 1712 273 53 Edmund
1600 1713 71 52 A.
1712 1715 230 53 Walsh:
1990 1717 138 53 with

143 1790 283 54 woodcuts
454 1789 76 69 by
559 1788 199 70 Harry
788 1787 241 56 Cimino.
1104 1788 141 53 New
1274 1790 164 52 York
1466 1791 113 53 and
1609 1791 257 69 London,
1899 1795 231 69 Harper

139 1872 45 49 &
213 1868 275 66 brothers,
521 1870 150 50 1935.

208 1945 1381 52 4 p. l., v-ix, 54 p., 1 l. front. (port.) plates. 23 cm .
212 2009 93 42 “Of
346 2010 99 41 this
486 2010 108 40 first
637 2009 183 42 edition
868 2041 46 9 …
957 2009 85 41 300
1085 2010 173 49 copies,
1303 2011 120 41 with
1466 2022 29 30 a
1538 2013 180 48 special
1760 2016 227 49 prologue
2030 2020 95 39 and

140 2067 231 50 epilogue,
403 2068 123 40 have
556 2067 116 40 been
702 2066 193 50 printed
928 2078 59 29 on
1018 2067 184 41 Archer
1232 2077 149 39 paper
1411 2069 97 39 and
1539 2070 261 42 numbered
1831 2074 96 39 and
1960 2074 166 50 signed

140 2125 60 48 by
227 2125 82 41 the
336 2125 177 40 author
540 2125 96 38 and
664 2122 160 41 artist.
879 2123 84 41 250
990 2124 158 48 copies
1176 2124 52 40 of
1254 2125 99 40 this
1381 2126 184 40 edition
1591 2136 85 32 are
1701 2127 79 42 for
1807 2130 144 42 sale.”
2009 2132 118 42 This

139 2193 118 37 copy
282 2184 83 38 not
393 2181 276 41 numbered.

143 2247 1983 58 © Nov. 15, 1935; 2c. Nov. 20; aff. Nov. 19; A 88304; Harper & bros.
212 2309 278 49 [Copyright
517 2309 41 39 is
584 2309 205 39 claimed
815 2318 59 30 on
897 2309 240 47 Prologue
1163 2309 94 39 and
1285 2308 233 49 Epilogue]
207 2367 279 47 (35-33553)

140 2483 190 65 Wells,
361 2485 256 52 Herbert
648 2483 243 64 George,
923 2486 170 50 1866-

207 2562 108 53 Die
363 2559 414 67 zeitmaschine,
829 2577 213 35 roman.
1117 2558 223 67 Zürich,
1389 2560 332 55 Bibliothek

136 2564 1963 129 zeitgenössischer
330 2638 183 55 werke
556 2671 12 33 [
573 2644 18 22 c
597 2641 134 49 1934
735 2671 12 33 ]

208 2717 588 50 160, [1] p., 1 l.17 ½ cm .
210 2779 244 40 “Deutsch
479 2790 93 30 von
601 2777 138 42 Felix
769 2779 121 39 Paul
923 2777 196 42 Greve.”

139 2845 52 53 ©
221 2850 117 39 Nov.
368 2850 69 46 10,
468 2849 140 41 1934;
642 2850 63 39 1c.
740 2850 109 39 Feb.
881 2850 67 46 19,
981 2848 113 41 1935;
1158 2851 34 36 A
1198 2849 268 48 -Foreign
1498 2852 169 47 26900;
1703 2853 279 42 Bibliothek

205 2855 1902 100 zeitgenössischer
565 2907 170 40 werke,
766 2908 191 45 Verlags
984 2917 42 29 a.
1055 2917 41 36 g.
1168 2907 278 48 (35-36762)

138 3028 254 63 Wendel,
424 3027 245 55 Charles
697 3025 225 57 Daniel.

207 3104 230 68 Lifting
475 3104 94 52 the
609 3104 154 52 latch
802 3108 58 47 to
899 3101 207 55 “God’s
1147 3102 146 53 book
1330 3102 226 69 house”,
1594 3104 76 69 by
1707 3106 139 53 Rev.
1886 3106 237 56 Charles

140 3180 203 54 Daniel
390 3181 254 54 Wendel.
727 3180 199 55 Grand
972 3180 239 68 Rapids,
1258 3180 192 69 Mich.,
1496 3182 146 54 Wm.
1692 3184 67 52 B.
1805 3183 318 57 Eerdmans

140 3258 329 69 publishing
497 3276 278 50 company
808 3290 14 35 [
826 3264 18 21 c
850 3261 150 64 1935]

207 3336 83 40 122
317 3348 45 37 p.
420 3336 54 41 20
479 3338 43 21 cm
527 3368 9 9 .

140 3401 1964 111 © Oct. 26, 1935; 2c. Nov. 5; aff. Nov. 4: A 89205; C. D. Wendel, Gladbrook, Ia. (35-33563)
139 3579 233 67 Werfel,
400 3583 188 52 Franz
615 3583 87 63 V.,
734 3588 168 48 1890-

211 3699 54 10 …
317 3658 203 53 Schlaf
565 3659 117 51 und
724 3657 309 66 erwachen,
1077 3675 139 36 neue
1260 3656 275 69 gedichte.
1617 3658 196 53 Berlin
1883 3664 118 63 [etc.]
2051 3662 65 52 P.

137 3732 466 70 Zsolnay [ c 1935]
204 3811 459 49 130, [2] p. 19 ½cm .
203 3873 62 41 At
293 3874 123 40 head
445 3874 51 41 of
523 3875 134 40 title:
692 3876 157 39 Franz
877 3875 194 43 Werfel.

137 3936 1978 60 © May 16, 1935; 1c. Oct. 3; A -Foreign 29453; Paul Zsolnay verlag, a.-g.
201 3999 274 48 (35-36147)
