2424 4375
1118 4085 101 51 435

185 457 311 68 Morrison,
526 459 210 65 Nancy
763 459 282 64 Brysson.

251 534 120 52 The
405 541 306 57 strangers,
750 554 30 34 a
815 537 182 61 novel,
1033 536 75 62 by
1144 536 71 51 N.
1252 537 253 61 Brysson
1541 535 303 53 Morrison.
1917 535 258 63 London,

182 611 236 66 Collins,
450 615 151 50 1935.

251 682 85 41 283
369 695 41 37 p.
473 683 115 42 19cm.

184 750 1991 53 © 1c. Mar. 25, 1935; A ad int. 20060; pubd. Jan. 28; N. B. Morrison,
254 811 237 48 Glasgow.
562 811 249 48 (35-5777)

181 912 281 54 National
493 913 310 55 education
835 913 355 54 association
1223 914 63 53 of
1318 914 104 53 the
1454 913 219 55 United
1707 915 220 54 States.
2001 916 173 65 Dept.

253 992 63 66 of
341 993 519 66 superintendence.

360 1067 1809 70 … Yearbook. [Thirteenth. Social change and education]
181 1146 400 68 Washington,
607 1149 71 51 D.
711 1147 61 55 C.,
817 1147 118 52 The
960 1148 382 66 Department
1366 1147 64 52 of
1455 1147 505 68 superintendence
1988 1147 63 54 of
2078 1148 95 53 the

181 1222 273 54 National
484 1223 300 53 education
815 1224 337 53 association
1180 1225 64 52 of
1271 1226 97 51 the
1396 1225 217 56 United
1645 1224 207 69 States,
1884 1228 149 51 1935.

251 1296 734 51 383, [1] p. incl. front., illus. 23½cm.
182 1362 1995 53 © Jan. 29, 1935; 2c. and aff. Feb. 6; A 79567; Natl. education assn. of
251 1424 83 39 the
362 1423 178 40 United
570 1423 176 48 States,
774 1423 336 48 Washington.

179 1527 250 64 Nourse,
455 1527 174 64 Mary
654 1527 295 64 Augusta.

245 1601 122 53 The
400 1601 133 52 four
567 1602 262 52 hundred
866 1602 251 67 million;
1157 1621 32 34 a
1224 1602 162 54 short
1419 1601 223 70 history
1679 1602 65 52 of
1777 1603 98 52 the
1913 1601 259 68 Chinese,

170 1680 2003 132 by Mary A. Nourse … Indianapolis, New York, The Bobbs-Merrill
426 1776 280 51 company
741 1761 192 67 [c1935]

247 1833 86 41 375
356 1843 43 38 p.
452 1833 164 47 front.
642 1833 142 47 illus.,
811 1833 169 48 plates,
1009 1842 150 38 maps,
1186 1831 204 49 facsim.,
1419 1832 153 49 diagr.
1626 1831 117 41 22cm.

245 1891 138 47 Maps
414 1900 63 30 on
502 1889 360 49 lining-papers.

245 1946 163 41 “First
439 1945 226 42 edition.”

247 2001 300 43 “Citations”
566 2014 10 29 :
608 2014 41 37 p.
689 2003 234 50 [337]-347;
986 2001 313 42 “Additional
1330 2001 367 50 bibliography”
1716 2013 10 29 :
1760 2013 43 38 p.
1841 2001 246 52 [349]-354.

180 2069 53 53 ©
260 2074 122 39 Mar.
411 2072 70 48 29,
509 2072 117 41 1935;
681 2072 67 41 2c.
779 2073 94 40 and
901 2072 84 41 aff.
1013 2073 112 47 Apr.
1155 2073 54 46 4;
1241 2073 42 38 A
1310 2071 143 42 81262;
1512 2072 370 40 Bobbs-Merrill
1911 2082 68 30 co.

259 2130 250 48 (35-5139)

179 2231 251 66 O’Hara,
458 2232 175 64 Eliot,
660 2238 170 50 1890-

241 2310 245 69 Making
527 2311 96 52 the
665 2309 177 54 brush
882 2309 242 67 behave;
1172 2309 263 56 fourteen
1479 2310 211 53 lessons
1734 2306 60 56 in
1840 2311 331 51 watercolor

174 2385 1897 72 painting; with twenty-nine illustrations; by Eliot O’Hara …
172 2468 139 52 New
337 2466 179 67 York,
539 2465 248 68 Minton,
813 2465 181 54 Balch
1018 2468 47 50 &
1088 2482 297 51 company,
1411 2467 150 51 1935.

251 2540 85 41 136
363 2551 44 37 p.
436 2539 109 40 incl.
573 2538 143 48 illus.,
745 2539 170 48 plates,
947 2539 178 46 diagrs.
1184 2537 150 41 front.
1392 2538 119 41 21cm.

252 2596 147 40 “This
427 2595 122 40 book
578 2597 219 46 presents
829 2595 49 39 in
908 2593 233 49 abridged
1169 2594 129 40 form
1328 2594 82 40 the
1439 2592 196 42 method
1664 2593 53 41 of
1748 2591 225 48 teaching
180 2594 1992 100 water-color
356 2651 255 48 technique
655 2651 50 39 in
753 2652 82 39 the
879 2651 131 40 Eliot
1056 2649 193 42 O’Hara
1297 2651 164 40 school
1506 2651 53 39 of
1604 2650 286 40 watercolor
1935 2649 236 49 painting,

182 2706 1903 47 Goose Rocks beach, Maine … It supplements, rather than replaces …
182 2766 96 48 [the
305 2763 232 50 author’s]
566 2763 108 40 first
699 2763 136 48 book,
864 2762 214 48 ‘Making
1101 2764 287 38 watercolor
1414 2761 212 48 behave’,
1653 2762 197 40 written
1878 2762 49 40 in
1954 2760 219 42 1932.”—

182 2821 272 40 Foreword.

252 2876 68 40 “A
369 2876 182 48 partial
600 2875 337 48 bibliography
987 2875 52 40 of
1089 2874 162 41 useful
1300 2874 148 42 books
1497 2874 79 40 for
1626 2875 83 40 the
1757 2872 383 43 watercolorist”
2157 2883 11 32 :

181 2943 41 37 p.
251 2932 216 41 135-136.

178 2998 53 54 ©
262 3004 121 39 Mar.
413 3003 71 46 21,
513 3002 140 47 1935;
686 3001 68 41 2c.
783 3001 113 49 Apr.
926 3003 53 45 1;
1012 3000 83 42 aff.
1127 3002 123 39 Mar.
1280 3000 83 49 30;
1395 3002 43 39 A
1467 3001 170 48 81251;
1673 3003 53 38 E.
1760 3001 209 47 O’Hara,
244 3000 1908 107 Washington.
497 3059 250 49 (35-5158)

185 3162 230 67 [Olcott,
444 3164 225 63 George
694 3164 74 52 N.]

176 3238 1995 302 Thesavrvs lingvae latinae epigraphicae; the Olcott dictionary of the Latin inscriptions. Volume II. [fascicle 1. Astvrica-Avdio] By Leslie F. Smith and John H. McLean … and Clinton W. Keyes … New York, Columbia university press, 1935.
243 3544 521 50 2 p. l., 24 p. 27½cm.
175 3612 53 53 ©
251 3616 114 48 Apr.
391 3617 40 47 1,
458 3615 116 41 1935;
627 3615 68 41 2c.
720 3617 113 47 Apr.
861 3617 54 38 11;
974 3616 81 40 aff.
1082 3616 114 48 Apr.
1224 3615 29 40 6;
1305 3616 42 39 A
1374 3615 144 41 82477;
1575 3615 250 41 Columbia
1856 3615 130 41 univ.
2014 3625 150 38 press.

174 3732 231 67 Ortloff,
435 3736 205 62 Henry
666 3736 226 63 Stuart,
922 3739 172 52 1896-

239 3809 171 55 Color
447 3812 111 52 and
593 3812 310 52 succession
938 3810 66 54 of
1037 3811 189 52 bloom
1261 3811 62 51 in
1356 3810 97 52 the
1489 3809 191 53 flower
1714 3811 224 65 border,
1972 3811 77 66 by
2083 3811 77 52 H.

171 3885 1992 70 Stuart Ortloff and Henry B. Baymore … Garden City, N. Y.,
167 3965 354 67 Doubleday,
547 3965 198 53 Doran
771 3967 47 51 &
845 3983 297 50 company,
1164 3964 127 68 inc.,
1318 3966 149 51 1935.
