2424 4375
1044 4095 132 50 1455

128 554 111 53 and
263 554 236 55 selected
523 560 134 61 type
683 554 325 67 specimens,
1031 552 228 53 written
1282 553 113 52 and
1416 552 325 53 illustrated
1765 551 76 67 by
1864 551 248 54 Thomas

126 627 1680 70 B. Stanley … New York, Prentice-Hall, inc., 1935.
197 704 69 48 27,
296 723 56 31 [1]
379 715 42 38 p.
477 705 127 39 illus.
661 704 116 40 31cm.

199 761 187 40 “Books
414 762 94 39 and
535 759 303 49 magazines”:
897 770 42 37 p.
974 759 83 50 [28]

127 825 52 54 ©
205 831 102 41 Oct.
364 862 8 16 1,
397 830 113 40 1935;
566 831 68 39 2c.
659 830 101 40 Oct.
788 829 80 46 10;
897 828 81 41 aff.
1007 829 100 40 Oct.
1137 830 53 37 11:
1246 830 40 38 A
1314 828 142 41 87624;
1513 827 374 48 Prentice-Hall,
1916 827 109 40 inc..

205 887 278 48 (35-20077)

126 987 388 66 Stephenson,
545 987 286 65 Reginald
862 988 236 65 Joseph,
1131 991 172 50 1903-

195 1064 327 69 Exploring
542 1064 61 52 in
627 1064 227 68 physics;
912 1084 31 33 a
968 1082 123 34 new
1117 1063 234 54 outlook
1373 1082 73 34 on
1473 1061 283 70 problems
1782 1063 61 53 in
1866 1060 247 70 physics,

125 1138 1987 72 by Reginald J. Stephenson … drawings by Chichi Lasley.
127 1216 268 71 Chicago,
423 1218 112 68 Ill.,
563 1219 120 52 The
709 1218 335 69 University
1071 1218 64 53 of
1166 1217 251 69 Chicago
1447 1236 156 50 press
1638 1220 173 65 [1935]

195 1290 97 50 xiv,
316 1291 98 53 204,
445 1311 55 30 [1]
527 1301 42 38 p.
626 1291 141 48 illus.,
797 1291 176 48 diagrs.
1030 1290 55 41 23½cm.

195 1346 67 41 To
294 1357 292 38 accompany
620 1347 196 47 Harvey
849 1348 52 39 B.
934 1346 217 42 Lemon’s
1188 1347 203 48 volume,
1427 1346 172 40 “From
1633 1346 185 41 Galileo
1855 1349 49 39 to
1939 1346 174 40 cosmic

126 1402 154 48 rays.”
340 1404 62 47 cf.
429 1404 128 41 Pref.
589 1408 50 37 to
665 1405 82 40 the
775 1405 209 40 teacher.

127 1471 53 53 ©
207 1476 128 47 Sept.
359 1475 69 48 24,
454 1476 113 40 1935;
621 1475 67 41 2c.
716 1476 102 40 Oct.
841 1477 28 38 4;
924 1475 79 40 aff.
1032 1475 102 40 Oct.
1162 1477 24 38 7;
1242 1477 40 38 A
1306 1475 142 41 87502;
1506 1476 281 48 University
1812 1477 54 39 of
1892 1476 223 49 Chicago,

196 1532 222 48 Chicago.
488 1532 279 48 (35-20241)

127 1633 228 64 Sterne,
381 1635 138 52 Mrs.
549 1635 210 51 Emma
790 1633 302 66 (Gelders)
1131 1640 169 49 1894-

199 1710 213 53 Drums
457 1710 63 52 of
561 1710 356 67 Monmouth,
961 1710 74 68 by
1079 1711 205 51 Emma
1329 1710 237 56 Gelders
1614 1711 227 67 Sterne;
129 1713 1961 128 decorations

320 1788 75 67 by
438 1788 216 53 Robert
695 1789 256 52 Lawson.
1026 1788 138 53 New
1210 1788 178 66 York,
1430 1789 190 67 Dodd,
1662 1790 171 52 Mead
1878 1794 45 50 &
127 1809 1960 125 company,
330 1869 149 52 1935.

198 1937 65 49 ix,
293 1938 87 41 287
408 1948 44 38 p.
511 1937 128 41 illus.
698 1937 118 43 22cm.

199 1994 288 41 Illustrated
517 1996 98 46 t.-p.
645 1994 96 41 and
770 1993 361 49 lining-papers.

129 2061 52 54 ©
212 2065 102 41 Oct.
343 2066 69 46 23,
445 2064 115 41 1935;
617 2064 67 40 2c.
717 2065 95 39 and
841 2063 81 41 aff
955 2063 101 41 Oct.
1088 2063 83 47 26;
1204 2064 42 38 A
1277 2063 169 47 88028;
1481 2064 154 47 Dodd,
1669 2065 142 39 Mead
1843 2065 36 39 &
1912 2074 79 37 co.,
2026 2065 89 40 inc.

206 2121 279 49 (35-20106)

128 2223 195 65 Stiles,
349 2224 159 53 Kent
533 2224 68 56 B.

198 2296 258 71 Stamps;
498 2318 72 33 an
608 2299 216 53 outline
861 2298 63 54 of
962 2297 299 71 philately,
1298 2298 77 70 by
1411 2297 158 54 Kent
1607 2299 68 52 B.
1718 2297 200 70 Stiles;

126 2298 1965 132 illustrated
349 2376 75 70 by
458 2393 306 36 numerous
799 2376 409 69 photographs.
1282 2376 137 52 Rev.
1461 2376 84 53 ed.
1618 2376 140 53 New
1797 2376 166 54 York
2001 2376 113 53 and

125 2452 257 71 London,
407 2454 231 68 Harper
665 2456 45 50 &
734 2454 258 53 brothers
1042 2456 175 65 [c1935]

197 2525 854 50 xxii p., 1 l., 453 p. illus. 21cm.
198 2583 320 48 “Magazines,
543 2583 162 48 books,
732 2584 95 39 and
855 2582 250 42 societies”:
1162 2592 44 38 p.
1230 2581 217 45 351-357.

131 2638 51 52 ©
212 2642 102 40 Oct.
343 2642 69 47 22,
442 2641 115 41 1935;
614 2642 66 40 2c.
712 2642 101 40 Oct.
843 2642 54 38 22;
959 2642 81 40 aff
1072 2641 101 41 Oct.
1201 2641 56 39 24;
1316 2642 40 38 A
1387 2642 142 40 86983;
1589 2643 193 47 Harper
1814 2643 36 39 &
1880 2643 123 39 bros.

208 2699 278 47 (35-20230)

129 2800 247 65 Tapper,
400 2800 274 64 Thomas,
704 2805 170 50 1864-

259 2875 1792 70 … First year analysis (musical form) by Thomas Tapper …
130 2951 230 69 Boston,
389 2953 138 52 New
557 2953 178 67 York,
764 2954 119 51 The
913 2954 224 51 Arthur
1169 2954 65 52 P.
1267 2952 261 55 Schmidt
1560 2971 79 36 co.
1694 2956 176 65 [c1935]

200 3024 1768 54 iv p., 1 l., 117 p. illus. (incl. music) 17½cm. (First year series)
201 3081 325 48 “Augmented
553 3082 225 41 edition.”

202 3137 1911 51 “Material for analysis … is provided in a separate volume, entitled:
133 3191 205 44 Musical
363 3196 128 39 form
520 3196 95 39 and
646 3196 230 46 analysis.
944 3194 283 50 (Schmidt’s
1256 3196 310 41 educational
1594 3196 165 49 series,
1789 3208 76 30 no.
1895 3196 222 49 122.)”—

133 3247 128 46 Pref.

133 3304 51 52 ©
213 3309 126 48 Sept.
365 3311 69 45 14,
461 3309 112 41 1935;
628 3311 67 39 2c.
723 3312 97 38 and
843 3310 80 40 aff.
953 3311 100 40 Oct.
1082 3313 24 37 1;
1163 3312 41 38 A
1230 3310 144 41 86527;
1429 3312 190 39 Arthur
1642 3312 49 39 P.
1724 3313 218 40 Schmidt
1968 3323 69 30 co.

211 3365 277 48 (35-20134)

133 3464 244 67 Tousey,
406 3468 275 55 Sanford.

205 3540 1907 75 Steamboat Billy, by Sanford Tousey … Garden City,
135 3617 66 54 N.
232 3619 89 67 Y.,
349 3620 353 68 Doubleday,
733 3624 194 50 Doran
957 3626 46 50 &
1029 3640 295 50 company,
1353 3623 125 67 inc.,
1542 3627 117 51 1935.

205 3691 83 49 [56]
322 3702 42 38 p.
425 3692 126 40 illus.
579 3694 133 47 (part
744 3695 111 44 col.)
1072 3695 55 39 18½×24½cm.

202 3747 154 42 Music
383 3748 119 41 with
530 3751 157 39 words:
745 3761 43 37 p.
821 3752 83 49 [11]

202 3802 285 42 Illustrated
520 3808 96 44 t.-p.
648 3807 96 38 and
775 3806 358 48 lining-papers.

203 3858 200 41 “Junior
430 3860 187 41 books.”

203 3913 160 43 “First
392 3915 224 42 edition.”

134 3964 51 53 ©
216 3971 88 40 Oct.
349 3973 66 46 18,
450 3973 115 40 1935;
625 3974 67 40 2c.
725 3976 95 38 and
854 3973 80 41 aff.
970 3975 99 40 Oct.
1105 3974 82 45 26;
1223 3976 39 37 A
1294 3974 168 41 87964:
1503 3975 42 40 S.
1580 3976 201 47 Tousey,
1818 3976 115 38 New
1966 3976 144 38 York.

211 4026 275 52 (35-20110)
