2526 4384
1246 4013 103 51 252

298 393 227 67 Müller,
552 396 144 53 Karl
722 395 339 54 Alexander
1085 413 130 47 von,
1245 402 172 50 1882-
1627 397 84 54 ed.

367 471 235 55 Knaurs
648 472 454 70 Weltgeschichte
1147 491 111 35 von
1305 474 101 52 der
1449 474 182 53 urzeit
1674 473 88 54 bis
1807 492 101 34 zur
1953 477 346 66 gegenwart,

301 548 456 71 herausgegeben
785 568 111 35 von
924 551 74 52 K.
1030 551 71 52 A.
1130 568 112 36 von
1272 551 213 53 Müller
1513 552 119 52 und
1663 552 66 53 P.
1761 551 70 54 R.
1862 552 258 53 Rohden.
2185 551 114 52 Mit

302 629 101 51 520
427 628 406 69 abbildungen,
862 628 32 54 7
922 627 321 55 farbtafeln
1268 629 119 53 und
1416 632 67 49 52
1509 627 411 56 kartentafeln.
1984 629 219 70 Berlin,
2230 629 66 53 T.

297 704 206 54 Knaur
528 705 214 69 nachf.,
770 708 150 51 1935.

371 777 1921 52 884 p. incl. illus., plates, ports., facsims. VII col. pl. (incl. ports.)
298 834 356 48 maps. 24 ½ cm .
370 891 1928 49 Added t.-p.: Knaurs Weltgeschichte … von Karl Brandi … Helmut
300 945 984 55 Göring … Johannes Haller … [u. a.]
301 1016 1832 54 © Jan. 1, 1935; 1c. Jan. 21; A -Foreign 26756; Th. Knaur nachf.
381 1078 251 48 (35-3781)

299 1181 281 54 National
605 1182 335 55 federation
967 1183 64 53 of
1055 1183 259 64 textiles,
1338 1184 111 55 inc.

371 1258 354 55 Production
757 1262 112 52 and
902 1259 370 56 distribution
1302 1262 64 53 of
1396 1260 112 54 silk
1540 1262 113 53 and
1686 1279 177 50 rayon
1893 1261 178 53 broad
2103 1262 193 67 goods,

304 1338 279 66 prepared
613 1337 75 70 by
717 1336 219 55 Melvin
967 1340 65 53 T.
1064 1338 293 69 Copeland
1412 1340 130 68 [and]
1578 1340 90 55 W.
1699 1340 219 53 Homer
1948 1341 223 53 Turner
2203 1337 94 56 for

303 1414 94 54 the
434 1416 223 55 Textile
695 1415 360 70 foundation,
1090 1417 105 55 inc.
1259 1419 131 67 [and]
1430 1418 96 54 the
1562 1417 272 55 National
1874 1417 321 55 federation
2231 1419 64 53 of

304 1492 240 70 textiles,
574 1494 107 54 inc.
771 1495 139 54 [New
942 1496 180 67 York,
1152 1501 19 23 c
1175 1499 133 51 1935]

374 1564 1486 53 2 p. l., iii-xiv, 109 p., 1 l. illus. (map) diagrs. 27½ cm .
375 1624 285 42 Loose-leaf.

376 1679 145 42 “This
549 1680 42 42 is
618 1691 120 38 copy
762 1682 202 41 number
990 1682 86 41 805
1100 1682 52 41 of
1177 1683 81 40 the
1285 1682 108 41 first
1419 1682 226 41 edition.”

375 1738 149 40 Work
555 1749 61 29 on
648 1739 99 40 this
779 1739 158 47 study,
969 1739 219 41 financed
1222 1740 59 47 by
1312 1739 151 40 funds
1495 1740 127 39 from
1657 1740 80 40 the
1770 1739 190 40 Textile
1992 1739 302 46 foundation,

307 1795 101 44 inc.,
446 1795 95 40 and
577 1795 128 41 from
740 1796 189 46 private
965 1795 368 49 contributions,
1369 1806 101 32 was
1505 1797 121 40 done
1661 1797 60 47 by
1755 1807 27 29 a
1820 1797 273 40 committee
2129 1796 52 42 of
2214 1798 81 40 the

306 1854 192 45 present
527 1851 230 41 National
786 1853 279 41 federation
1094 1854 51 39 of
1174 1853 210 49 textiles,
1413 1855 63 40 M.
1506 1854 52 40 T.
1590 1852 258 50 Copeland,
1880 1854 292 48 consultant,
2201 1855 93 39 and

306 1910 69 39 W.
409 1907 59 46 H.
499 1909 189 41 Turner
718 1910 96 40 and
847 1910 52 44 F.
932 1911 42 40 J.
1008 1911 53 41 G.
1092 1910 151 46 Duck,
1276 1910 199 42 editors,
1535 1911 62 49 cf.
1629 1911 274 41 Foreword.

714 1966 321 49 CONTENTS.—Background
1069 1969 94 39 and
1195 1968 182 46 future,
1408 1969 62 46 by
1502 1969 63 40 M.
1596 1968 51 40 T.
1680 1968 613 48 Copeland.—Production

304 2023 95 39 and
430 2021 330 51 distribution,
790 2025 60 47 by
882 2026 72 40 W.
985 2026 59 38 H.
1076 2025 614 48 Turner.—Bibliography
1732 2025 67 49 (p.
1849 2024 187 51 [95]-99)

302 2091 1994 53 © Jan. 1, 1935; 2c. Mar. 8; aff. Mar. 6; A 80864; Natl. federation of
369 2152 209 49 textiles,
608 2154 91 40 inc.
770 2153 251 50 (35-3843)

295 2254 145 55 New
473 2256 161 54 York
669 2257 217 68 (State)
974 2257 177 54 Court
1184 2258 65 67 of
1280 2258 250 67 appeals.

370 2334 1922 68 Reports of cases decided … from and including decisions of
301 2411 142 68 July
482 2416 48 63 3,
571 2416 150 64 1934,
760 2418 58 47 to
858 2413 275 54 decisions
1172 2413 64 54 of
1270 2414 318 53 November
1624 2413 84 66 27,
1748 2416 153 64 1934,
1939 2412 139 53 with
2116 2417 176 64 notes,

295 2490 313 52 references
632 2491 112 52 and
767 2491 187 53 index.
1014 2491 173 53 Louis
1210 2494 56 53 J.
1290 2491 343 68 Rezzemini,
1656 2494 145 49 state
1824 2497 272 61 reporter.

299 2491 1968 129 Volume
453 2570 116 53 265.
630 2568 249 64 Albany,
905 2570 54 54 J.
986 2572 67 52 B.
1078 2571 190 61 Lyons
1294 2587 296 45 company,
1618 2571 149 50 1935.

368 2641 85 47 xli,
481 2641 88 40 815
593 2653 44 36 p.
692 2641 60 41 23½
781 2644 44 21 cm
830 2673 9 8 .

300 2694 1993 52 © Mar. 15, 1935; 2c. Mar. 20; aff. Mar. 18; A 81094; Edward J. Flynn,
371 2757 247 45 secretary
653 2754 53 41 of
739 2755 84 40 the
857 2757 131 38 state
1020 2754 53 40 of
1105 2755 56 39 N.
1197 2755 54 39 Y.
1287 2754 49 39 in
1371 2756 134 38 trust
1536 2754 79 40 for
1651 2755 84 39 the
1770 2753 176 40 benefit

1982 2754 52 39 of
2070 2754 84 40 the
369 2763 1905 97 people
473 2811 53 40 of
552 2812 85 40 the
662 2814 143 45 state,
832 2812 204 47 Albany.

297 2913 238 65 Newell,
564 2914 253 54 Edward
843 2913 320 65 Theodore,
1192 2918 170 51 1886-

368 2987 58 54 A
452 2990 181 52 hoard
665 2988 154 54 from
852 2988 268 70 Siphnos,
1148 2990 78 68 by
1255 2989 254 52 Edward
1542 2988 66 54 T.
1640 2988 232 55 Newell.
1938 2988 139 53 New
2109 2985 182 68 York,

295 3066 122 53 The
440 3066 307 53 American
772 3066 363 54 numismatic
1162 3065 229 69 society,
1422 3068 152 50 1934.

368 3135 1921 52 2 p. l., 17 p. illus., pl. 16½cm. (Half-title: Numismatic notes and
297 3196 335 47 monographs,
693 3206 89 39 [no.
809 3194 99 52 64])

299 3250 53 53 ©
378 3255 111 39 Dec.
516 3253 70 49 29,
615 3254 141 47 1934;
786 3255 68 39 2c.
883 3255 109 39 Feb.
1022 3254 69 48 25,
1120 3253 140 48 1935;
1291 3253 79 41 aff.
1403 3254 112 39 Feb.
1542 3253 83 47 23;
1656 3253 42 39 A
1725 3253 170 47 80571;
1926 3253 159 39 Amer.

367 3252 1906 99 numismatic
539 3322 92 29 soc.
702 3311 224 48 (35-3783)

298 3412 193 66 Nolte,
522 3413 251 55 Vincent
804 3415 160 64 Otto,
997 3415 322 55 1779-1856.

371 3491 120 53 The
521 3490 263 55 memoirs
814 3492 63 51 of
907 3492 249 55 Vincent
1184 3494 197 63 Nolte;
1417 3490 422 54 reminiscences
1869 3491 60 51 in
1961 3490 96 52 the
2086 3489 200 67 period

303 3569 62 51 of
397 3569 276 66 Anthony
703 3569 282 66 Adverse;
1022 3588 79 49 or,
1132 3569 169 68 Fifty
1331 3587 161 49 years
1525 3569 59 51 in
1615 3569 137 51 both
1782 3568 399 66 hemispheres,
2211 3567 76 67 by

299 3647 248 52 Vincent
572 3647 184 52 Nolte.
820 3648 338 51 Translated
1187 3647 153 53 from
1367 3647 96 51 the
1490 3647 277 64 German;
1797 3644 388 54 introduction
2211 3644 76 67 by

300 3724 223 52 Burton
551 3727 227 50 Rascoe.
842 3724 140 52 New
1009 3724 177 65 York,
1214 3725 67 53 G.
1310 3726 76 50 H.
1415 3726 180 63 Watt,
1623 3727 148 48 1934.

372 3797 28 40 6
421 3808 41 37 p.
523 3828 9 16 l.,
559 3796 211 50 [v]-xxii,
797 3795 205 50 [11]-484
1027 3809 43 36 p.
1122 3797 163 47 front.,
1312 3796 25 39 1
1362 3795 143 48 illus.,
1530 3797 169 47 plates.
1753 3793 56 40 20½
1841 3796 44 21 cm
1890 3825 8 7 .

368 3855 287 39 Illustrated
685 3853 362 48 lining-papers.

373 3909 301 46 “Originally
704 3910 255 43 published
993 3909 50 38 in
1079 3910 83 39 the
1194 3908 178 40 United
1409 3908 176 42 States.
1621 3906 142 41 1854”
1810 3906 141 40 (New
1985 3905 144 40 York.
2165 3903 121 40 Red-
