2424 4375
1098 4035 131 49 1023

185 424 276 64 Graham,
489 426 221 63 Bessie,
741 431 166 49 1883-

246 502 245 52 Famous
513 503 238 65 literary
774 503 180 66 prizes
979 504 108 50 and
1111 502 149 53 their
1284 502 259 66 winners,
1566 502 75 67 by
1665 503 190 51 Bessie
1879 502 254 54 Graham;

181 578 212 53 revised
426 579 110 51 and
568 578 268 67 enlarged
865 579 73 66 by
968 577 179 56 Jessie
1181 580 77 53 H.
1289 579 257 66 Murray.
1613 578 138 53 New
1787 579 176 64 York,
1993 579 70 52 R.
2094 580 68 52 R.

183 654 235 53 Bowker
449 673 96 45 co.,
577 659 150 51 1935.

246 725 62 48 vi,
343 728 55 39 57
432 738 42 38 p.
534 726 115 42 22cm.

249 782 153 41 Based
437 794 60 29 on
530 784 81 41 the
643 784 201 48 chapter
874 782 254 49 “Literary
1158 784 156 48 prizes
1345 785 95 39 and
1475 784 126 40 their
1634 784 238 41 winners”
1905 785 58 47 by
1998 784 165 41 Bessie

179 838 212 41 Graham
419 839 253 49 published
701 841 50 39 in
782 840 127 41 “The
940 839 226 41 Author’s
1195 840 224 40 annual”.

251 896 220 41 Includes
499 896 146 39 blank
673 905 144 40 pages
843 896 78 39 for
950 896 327 40 “Additions”.

179 950 52 53 ©
259 955 125 39 June
412 953 70 42 20.
511 953 111 40 1935;
681 953 67 40 2c.
777 955 128 38 June
931 952 54 39 20;
1049 952 79 40 aff.
1161 954 114 46 July
1305 954 54 38 17;
1420 954 40 37 A
1487 954 143 39 84877;
1690 954 54 39 R.
1778 954 53 39 R.
1864 954 204 38 Bowker
2097 962 67 32 co.

247 1011 278 49 [Copyright
553 1010 44 40 is
623 1009 203 41 claimed
852 1020 59 29 on
938 1020 104 29 new
1069 1013 180 36 matter
1275 1011 95 38 and
1398 1008 251 50 revisions]

256 1067 278 48 (35-27230)

184 1169 214 63 Gregg,
427 1170 150 53 Cecil
606 1171 304 63 Freeman,
940 1175 169 49 1898-

251 1246 235 53 Murder
523 1246 55 52 in
618 1246 91 53 the
747 1246 172 68 park;
959 1265 74 34 an
1066 1248 296 65 Inspector
1398 1245 254 69 Higgins
1688 1253 173 61 story,
1897 1247 75 66 by
2011 1246 149 56 Cecil

182 1325 270 53 Freeman
493 1324 210 68 Gregg.
777 1326 137 52 New
952 1325 180 65 York,
1169 1326 120 52 The
1324 1323 137 54 Dial
1501 1343 172 49 press,
1711 1323 125 67 inc.,
1875 1329 147 49 1935.

249 1397 97 41 viii.
378 1398 84 38 280
491 1408 41 37 p.
593 1397 144 42 19½cm.

253 1454 191 39 London
488 1454 182 40 edition
721 1454 251 49 (Methuen
1014 1454 36 40 &
1090 1464 82 36 co.,
1213 1454 112 45 ltd.)
1374 1455 87 38 has
1502 1454 134 40 title;
1678 1454 101 40 The
1820 1455 251 39 execution
2115 1456 48 37 of

182 1512 237 39 Diamond
450 1512 229 40 Deutsch.

179 1565 51 52 ©
259 1570 115 46 July
406 1568 67 47 19,
504 1568 139 47 1935;
674 1569 66 39 2c.
770 1569 118 47 Aug.
918 1570 51 45 1;
1003 1568 81 40 aff.
1116 1569 117 47 July
1258 1568 82 46 20;
1372 1569 43 38 A
1441 1568 168 46 84800;
1643 1568 115 40 Dial
1784 1578 149 39 press,
1964 1569 89 39 inc.

255 1626 278 46 (35-11481)

181 1728 341 64 Hadengue,
551 1727 276 56 Antoine.

177 1800 1984 149 … Bouvines, victoire créatrice. Preface du général Weygand … Avec 9 gravures hors texte, 4 cartes dans le texte
177 1964 51 45 et
256 1976 72 34 un
357 1957 319 53 fac-similé.
739 1958 183 65 Paris,
949 1957 145 52 Plon
1153 1959 150 65 [1935]

247 2032 26 37 4
303 2040 41 37 p.
396 2063 7 7 l.,
448 2030 78 41 vii.
555 2029 87 41 357
670 2039 58 38 p.,
757 2030 26 38 1
833 2063 7 8 l.
901 2030 128 40 illus.
1059 2030 147 46 (map,
1238 2029 153 48 plans,
1423 2028 213 48 facsim.)
1674 2030 170 46 plates.
1904 2028 117 42 20cm.

248 2085 231 42 “Sources
504 2092 46 36 et
576 2086 377 48 bibliographie”
972 2097 8 29 :
1011 2096 43 38 p.
1082 2085 215 41 341-356.

177 2142 51 52 ©
258 2146 108 40 Feb.
397 2145 68 47 20,
494 2146 139 46 1935;
723 2177 9 8 1c.
761 2147 127 38 June
914 2144 81 47 12;
1026 2146 101 38 A-
1130 2145 206 47 Foreign
1365 2144 169 47 28193;
1570 2145 241 40 Librairie
1840 2146 131 38 Plon.

255 2203 277 48 (35-11755)

182 2304 270 62 Haiman,
484 2304 353 67 Miecislaus,
899 2324 146 47 comp.

251 2383 119 51 The
405 2383 108 52 fall
548 2383 62 53 of
645 2383 222 52 Poland
900 2384 61 51 in
996 2388 433 61 contemporary
1464 2381 304 53 American
1804 2382 252 68 opinion,
2089 2383 74 65 by

181 2460 323 53 Miecislaus
551 2462 267 51 Haiman.
908 2460 267 67 Chicago,
1224 2461 112 66 Ill.,
1384 2460 198 52 Polish
1632 2462 220 51 Roman
1904 2461 260 54 Catholic

178 2538 176 53 union
380 2538 62 53 of
469 2538 280 60 America,
780 2541 148 50 1935.

312 2643 8 15 xv,
346 2610 83 41 271
459 2622 42 36 p.
557 2612 147 38 front.
761 2610 145 40 27½cm.

246 2667 322 48 Compilation
603 2668 52 38 of
687 2676 129 33 news
853 2667 140 39 items
1028 2666 248 48 reporting
1312 2667 81 39 the
1427 2666 166 40 Polish
1630 2665 249 48 situation,
1918 2667 247 49 reprinted

177 2724 126 39 from
340 2725 80 38 the
457 2723 257 40 American
748 2732 134 38 press
918 2724 52 38 of
1005 2722 112 39 1791
1156 2727 48 34 to
1241 2721 128 47 1798,
1406 2724 363 45 supplemented
1809 2725 61 45 by
1909 2724 256 39 selections

175 2780 125 39 from
325 2783 367 44 contemporary
714 2779 285 48 pamphlets,
1025 2778 230 46 orations,
1278 2780 185 44 letters,
1489 2782 86 37 etc.
1631 2780 60 46 cf.
1716 2779 198 48 Introd.,
1939 2789 42 37 p.
2007 2778 155 42 28-29.

247 2835 1899 47 “This book is intended as commentary and augmentative of chapter I
180 2894 50 38 of
265 2895 82 38 the
380 2894 216 39 author’s
632 2892 176 41 earlier
841 2892 146 48 work,
1024 2892 198 39 ‘Poland
1258 2893 95 38 and
1390 2892 84 39 the
1508 2893 256 38 American
1802 2891 362 47 revolutionary

174 2950 480 46 war’.”—Prefatory
684 2952 122 37 note.

179 3003 50 52 ©
257 3009 121 38 Mar.
404 3008 68 45 15,
500 3006 139 47 1935;
672 3005 65 40 2c.
767 3007 111 46 Apr.
908 3005 53 46 6;
990 3005 81 39 aff.
1100 3005 112 47 Apr.
1241 3006 52 44 1;
1325 3006 40 37 A
1391 3004 168 46 81312;
1592 3006 59 37 M.
1683 3005 226 46 Haiman,
1939 3004 223 47 Chicago.

256 3062 248 49 (35-5999)

182 3154 228 64 Helbig,
439 3153 161 55 Karl.

349 3225 1808 68 … Tuan Gila; ein “verrückter herr” wandert am äquator.
180 3305 251 69 Leipzig.
461 3307 63 50 F.
556 3306 67 51 A.
656 3304 348 65 Brockhaus,
1034 3306 148 51 1934.

251 3379 96 44 159,
381 3380 55 49 [1]
462 3388 43 38 p.
565 3379 135 38 front.
742 3377 194 48 (ports.)
975 3375 128 41 illus.
1132 3375 156 47 (map)
1326 3373 168 48 plates.
1557 3372 115 42 19cm.
1742 3374 97 46 (On
1868 3384 162 33 cover:
178 3376 1967 99 Reisen
288 3436 95 39 und
410 3435 273 40 abenteuer.
764 3432 96 50 [54])

181 3487 1981 54 © Sept. 4, 1934 : 1c. Feb. 19, 1935; A-Foreign 26965; F. A. Brockhaus.
257 3550 277 47 (35-11763)

186 3640 232 65 Holton,
447 3638 181 53 Edith
657 3636 236 63 Austin,
921 3641 169 49 1881-

253 3709 1804 74 Cap’n Bodfish takes command, by Edith Austin Holton …
184 3794 135 51 New
351 3793 177 57 York,
560 3793 246 51 Thomas
837 3792 70 52 Y.
941 3788 242 56 Crowell
1216 3806 279 48 company
1572 3792 150 62 [c1935]

253 3866 82 40 301
365 3876 43 37 p.
467 3864 145 40 19½cm.

182 3919 54 53 ©
258 3924 82 38 July
394 3921 68 48 29,
485 3921 114 40 1935;
650 3919 66 40 2c.
744 3920 118 44 Aug.
887 3917 25 39 2;
967 3916 81 40 aff.
1071 3917 117 46 Aug.
1214 3917 25 37 1;
1293 3915 43 39 A
1358 3915 145 41 84812;
1553 3916 213 39 Thomas
1785 3916 53 40 Y.
1867 3916 202 41 Crowell
2094 3927 67 31 co.

260 3979 275 48 (35-11484)
