2424 4375
1280 4076 97 48 538

409 541 83 48 xii,
540 542 86 39 127
671 553 42 36 p.
774 550 61 29 m
879 541 187 40 facsirn.
1127 541 57 39 28
1186 543 43 20 cm
1236 572 7 8 .
1313 541 300 48 (Half-title:
1658 540 281 48 University
1986 541 52 39 of
2085 540 240 47 Michigan

339 596 199 42 studies.
599 597 310 41 Humanistic
946 596 163 42 series,
1170 598 90 39 vol.
1504 596 14 48 XXXVIII)

410 654 100 39 The
540 655 104 38 text
672 653 41 40 is
742 664 28 29 a
800 652 184 49 reprint
1013 653 53 40 of
1093 653 66 40 all
1188 653 51 41 of
1267 653 81 40 the
1376 654 161 39 leaves
1564 652 53 41 of
1645 653 79 40 the
1753 662 212 38 papyrus
1992 653 148 39 codex
2171 652 155 41 which

341 710 123 40 have
500 710 116 40 been
654 710 187 40 located
878 720 64 37 up
978 711 46 39 to
1061 710 80 39 the
1179 708 116 41 time
1330 709 53 40 of
1417 708 228 49 printing.
1706 709 100 40 Ten
1842 709 52 39 of
1931 708 80 41 the
2047 709 161 41 leaves
2245 719 82 30 are

342 766 48 39 in
428 767 81 39 the
545 766 55 41 A.
638 766 202 41 Chester
876 766 177 47 Beatty
1091 765 249 42 collection
1380 767 95 39 and
1513 767 82 39 the
1633 764 270 50 remaining
1940 765 186 41 located
2167 766 160 40 leaves

339 825 53 38 at
429 823 79 40 the
547 821 280 48 University
863 822 51 40 of
950 821 258 47 Michigan.
1268 821 102 41 The
1407 824 104 39 text
1547 822 52 40 of
1633 822 81 40 the
1748 822 162 40 leaves
1946 822 50 39 in
2034 822 81 40 the
2152 822 174 47 Beatty

339 878 252 41 collection
614 878 42 40 is
680 878 244 48 reprinted
948 878 127 39 from
1100 879 81 39 the
1205 876 310 50 publication,
1543 878 128 40 “The
1695 878 202 41 Chester
1921 879 176 45 Beatty
2122 877 201 41 Biblical

343 934 211 49 papyri”,
587 935 159 40 edited
777 935 62 48 by
870 934 76 41 Sir
976 934 227 41 Frederic
1232 935 215 47 Kenyon.

339 988 53 52 ©
423 992 111 48 Apr.
567 992 40 46 3,
640 990 140 47 1935;
815 992 66 39 2c.
914 992 94 39 and
1041 991 81 40 aff.
1155 992 112 47 Apr.
1302 992 53 46 8;
1390 992 40 38 A
1463 991 169 47 82431;
1669 991 282 49 University
1984 992 52 40 of
2070 992 259 46 Michigan,

407 1049 107 38 Ann
543 1049 169 39 Arbor.
782 1048 250 48 (35-6218)

340 1148 255 67 Bowers,
628 1149 204 55 Edwin
866 1150 330 65 Frederick,
1231 1153 169 53 1871-

406 1225 213 55 Charm
655 1227 112 52 and
803 1226 379 69 personality;
1221 1227 127 52 how
1385 1231 57 49 to
1478 1226 184 54 attain
1697 1227 172 68 them,
1904 1226 73 70 by
2013 1226 209 54 Edwin
2261 1226 65 53 F.

341 1304 240 53 Bowers.
647 1303 138 54 New
817 1304 179 67 York,
1026 1304 271 53 National
1327 1304 218 70 library
1577 1323 157 50 press
1769 1338 14 34 [
1785 1310 20 22 c
1810 1307 151 65 1934]

409 1378 27 39 2
461 1391 41 36 p.
565 1411 8 16 l.,
601 1378 199 48 vii-xix,
825 1378 86 41 229
938 1390 43 37 p.
1034 1379 56 39 22
1094 1381 43 21 cm
1142 1410 8 8 .

341 1433 53 52 ©
424 1437 91 39 Oct
554 1434 68 49 22,
653 1435 141 46 1934;
827 1436 65 40 2c.
923 1436 113 47 Apr.
1067 1435 68 48 19,
1166 1435 140 48 1935;
1340 1435 81 40 aff.
1453 1436 112 47 Apr.
1597 1436 81 48 18;
1712 1437 40 39 A
1781 1436 169 47 81501;
1983 1436 128 41 Natl.
2145 1434 185 50 library

410 1503 147 38 press.
628 1492 250 49 (35-6281)

341 1592 202 65 Brink,
575 1596 306 61 Raymond
913 1594 364 63 Woodward,
1313 1600 170 49 1890-

411 1669 1915 68 Analytic geometry, by Raymond W. Brink … Rev. ed.
342 1747 135 53 New
526 1746 179 67 York,
753 1747 257 67 London,
1057 1748 71 52 D.
1177 1747 578 68 Appleton-Century
1803 1766 296 50 company,
339 1748 1964 143 incorporated
690 1828 98 50 [c1935]

410 1896 95 48 xiv,
540 1897 87 41 350
659 1910 43 36 p.
763 1896 177 50 diagrs.
999 1897 57 41 20½
1088 1899 43 21 cm
1136 1929 8 9 .

341 1952 53 52 ©
419 1955 112 49 Apr.
558 1954 71 47 20,
655 1953 139 47 1935;
821 1953 66 41 2c.
914 1955 94 39 and
1035 1953 81 41 aff.
1144 1954 113 47 Apr.
1284 1954 82 46 24;
1395 1954 40 39 A
1461 1953 169 48 82629;
1660 1955 57 39 D.
1746 1953 473 50 Appleton-Century
2248 1966 80 39 co.,

410 2011 90 41 inc.
570 2010 250 49 (35-6263)

364 2113 230 65 [Brown,
623 2112 192 65 Philip
845 2111 302 67 Marshall]
1185 2113 170 54 1875-

408 2188 119 53 The
561 2193 234 47 venture
831 2187 64 53 of
926 2187 192 68 belief,
1155 2207 30 33 a
1222 2188 165 52 letter
1427 2187 150 54 from
1615 2189 69 51 N.
1726 2187 55 55 S.
1819 2188 71 52 D.
1926 2194 58 48 to
2018 2189 65 51 T.
2121 2189 76 51 H.
2238 2188 86 66 S.;

338 2265 138 53 with
503 2264 387 54 introduction
918 2266 75 68 by
1024 2264 228 56 Samuel
1282 2265 78 52 M.
1393 2264 360 56 Shoemaker.
1820 2266 136 51 New
1990 2266 160 52 York
2202 2271 119 60 [etc.]

336 2342 1126 70 Fleming H. Revell company [ c 1935]
409 2419 27 39 3
461 2429 43 37 p.
565 2448 8 15 l.,
599 2418 115 39 5-54
740 2429 42 36 p.
839 2417 53 39 19
895 2419 42 21 cm
944 2448 7 8 .

341 2471 53 52 ©
419 2475 109 39 Jan.
554 2476 39 45 5,
619 2473 140 47 1935;
789 2474 65 39 2c.
883 2474 96 39 and
1004 2473 81 40 aff.
1113 2474 109 39 Jan.
1249 2473 82 46 18;
1360 2473 41 39 A
1427 2473 168 47 80061;
1626 2473 218 48 Fleming
1870 2475 59 39 H.
1958 2475 167 39 Revell
2153 2486 66 29 co.

420 2530 250 49 (35-6284)

338 2631 299 67 Burstein,
668 2632 322 66 Abraham,
1026 2638 170 50 1893-

411 2710 121 51 The
574 2709 108 66 boy
725 2709 65 52 of
832 2708 256 53 Cordova;
1169 2727 71 32 an
1284 2709 251 52 incident
1576 2710 61 51 in
1678 2709 98 51 the
1815 2709 176 66 youth
2036 2708 63 51 of
2143 2709 183 54 Moses

341 2784 394 66 Maimonides,
783 2785 75 68 by
907 2785 292 54 Abraham
1251 2785 296 66 Burstein;
1600 2784 322 54 illustrated
1970 2786 74 67 by
2095 2787 228 52 Reuben

340 2863 162 53 Leaf.
577 2863 137 52 New
749 2862 177 68 York,
961 2863 179 53 Bloch
1174 2862 334 69 publishing
1539 2882 98 47 co.,
1673 2866 148 49 1935.

413 2948 79 35 xx,
523 2937 86 39 124
639 2947 42 37 p.
740 2936 161 47 front.,
934 2937 170 47 plates.
1165 2937 114 40 19cm.

415 2992 161 41 “First
605 2991 258 49 printing.”

341 3045 53 53 ©
420 3050 111 47 Apr.
560 3049 68 46 12,
656 3048 140 48 1935;
825 3049 64 40 2c.
919 3048 113 49 Apr.
1061 3049 81 46 17;
1173 3047 82 41 aff.
1282 3048 113 48 Apr.
1424 3048 81 47 16;
1537 3049 40 38 A
1606 3049 169 46 81477;
1807 3049 150 40 Bloch
1985 3048 106 49 pub.
2122 3059 81 36 co.,
2234 3049 87 40 inc.

421 3105 250 49 (35-6212)

339 3202 375 66 Callaghan’s
742 3205 223 54 Illinois
994 3205 200 68 digest.
1260 3205 390 68 Supplement,
1678 3206 265 68 covering
1968 3210 100 50 319
2096 3203 224 56 Illinois

412 3281 273 68 Supreme
707 3289 56 47 to
788 3286 116 63 354,
925 3282 301 68 inclusive;
1253 3285 101 50 236
1378 3283 224 53 Illinois
1626 3285 307 66 Appellate
1956 3289 57 49 to
2035 3284 118 66 273,
2175 3302 148 49 page

410 3363 119 62 280,
563 3358 290 69 inclusive,
887 3361 74 66 by
998 3360 158 53 Basil
1192 3363 189 53 Jones.
1453 3363 241 52 Volume
1732 3360 79 54 17.
1886 3361 268 67 Chicago,

408 3359 1887 145 Callaghan
647 3438 111 51 and
786 3455 293 50 company,
1108 3439 148 51 1935.

409 3511 60 47 iv,
499 3510 114 40 2794
641 3520 43 37 p.
741 3510 58 39 26½
828 3513 15 20 cm
876 3541 8 8 .

339 3562 53 52 ©
418 3567 114 48 Apr.
559 3566 69 48 25,
656 3566 116 40 1935;
826 3566 67 40 2c.
920 3567 113 46 Apr.
1062 3565 81 48 29;
1174 3565 81 40 aff.
1284 3565 113 48 Apr.
1426 3565 82 48 27;
1540 3566 41 39 A
1609 3565 169 47 82830;
1811 3564 267 49 Callaghan
2106 3566 41 39 &)
2171 3575 66 30 co.

338 3723 263 55 Catholic
657 3725 235 53 church.
968 3725 247 66 Liturgy
1270 3725 114 52 and
1436 3724 192 53 ritual.
1701 3725 329 54 Memoriale
2084 3726 231 51 rituum.

407 3801 261 65 English.

412 3873 198 55 Ritual
649 3875 91 51 for
778 3875 161 53 small
978 3875 295 66 churches;
1316 3894 32 34 a
1384 3875 337 53 translation
1760 3874 64 53 of
1859 3874 93 51 the
1992 3873 327 53 Memoriale

338 3949 231 71 rituum,
602 3953 184 54 issued
821 3951 71 69 by
928 3953 152 67 Pope
1116 3953 271 53 Benedict
1421 3971 125 47 xiii,
1582 3952 111 54 and
1728 3951 214 54 revised
1979 3950 72 68 by
2087 3951 223 53 author-
