2424 4375
1024 4035 133 50 1825

106 422 239 63 Alvord,
371 421 259 53 Thomas
655 420 83 64 G.,
765 421 71 65 jr.

176 499 146 50 Paul
372 501 246 62 Bunyan
667 498 111 50 and
826 499 250 50 resinous
1125 496 224 65 rhymes
1398 494 63 53 of
1509 496 94 51 the
1651 493 169 54 north
1869 494 218 66 woods;

108 571 1983 69 written and illustrated by Thomas G. Alvord, jr. … New
108 652 178 65 York,
310 652 121 53 The
453 652 319 65 Derrydale
796 670 172 48 press,
996 652 148 51 1934.

177 724 120 40 xviii
321 734 58 38 p.,
406 724 24 38 1
494 755 8 15 l.,
530 725 84 38 137
640 734 43 37 p.
709 723 109 40 incl.
845 722 163 48 front.,
1036 722 126 40 illus.
1220 723 170 46 plates.
1444 722 56 40 23½
1533 724 45 21 cm
1582 753 9 8 .

109 790 53 53 ©
191 796 110 39 Dec.
331 795 68 46 17,
430 793 139 47 1934;
602 793 68 40 2c.
699 794 96 39 and
826 792 78 41 aff.
936 794 110 39 Jan.
1074 793 68 48 16,
1174 792 140 47 1935;
1347 793 44 38 A
1418 791 170 48 79576;
1621 793 51 38 T.
1706 792 53 41 G.
1790 792 195 46 Alvord,
2016 792 75 47 jr.,

181 851 241 48 Superior,
456 850 116 41 Wis.
639 848 280 51 [Copyright
950 850 44 39 is
1026 848 203 41 claimed
1263 859 60 29 on
1357 848 330 41 introduction
1720 849 62 48 by
1816 848 187 40 Harold
2041 848 50 39 G.

176 907 269 49 Pickering]

110 1010 393 65 [Association
528 1011 63 53 of
618 1010 269 64 casualty
911 1011 114 52 and
1053 1013 209 62 surety
1288 1008 357 66 executives,
1670 1011 139 52 New
1837 1011 160 52 York]

174 1086 204 69 Digest
401 1088 64 53 of
491 1087 330 55 workmen’s
846 1086 419 69 compensation
1293 1088 137 52 laws
1457 1086 56 52 in
1540 1088 94 51 the
1660 1086 216 56 United
1905 1086 187 56 Slates

107 1166 112 52 and
248 1163 329 69 territories,
608 1165 139 53 with
779 1163 376 55 annotations.
1225 1165 129 52 14th
1384 1165 102 64 ed.,
1517 1164 315 53 November
1865 1169 44 61 1,
1941 1169 150 49 1935.

107 1240 299 70 Compiled
435 1242 77 68 by
540 1244 64 51 F.
637 1242 316 54 Robertson
981 1243 189 54 Jones.
1244 1276 12 33 [
1260 1242 138 53 New
1430 1242 179 65 York,
1638 1240 359 55 Association
2030 1242 61 52 of

106 1321 254 67 casualty
392 1324 111 51 and
533 1327 193 61 surety
756 1319 329 67 executives,
1114 1326 19 21 c
1138 1324 150 63 1935]

176 1391 166 50 xxxvi,
370 1392 85 42 692
481 1402 43 38 p.
579 1392 57 40 22
639 1395 44 21 cm
686 1424 10 9 .

177 1449 116 48 Map
324 1458 60 31 on
417 1450 91 39 end
543 1449 336 48 lining-paper.

109 1502 53 53 ©
198 1507 108 39 Dec.
347 1507 38 42 6,
425 1505 113 42 1935
556 1517 9 35 ;
605 1506 66 40 2c.
710 1507 96 39 and
843 1505 81 40 aff.
964 1507 111 38 Dec.
1114 1505 55 39 12
1188 1516 8 35 ;
1236 1506 42 38 A
1314 1504 146 42 89820
1474 1515 9 36 ;
1525 1504 262 41 Frederick
1822 1505 272 40 Robertson

178 1563 162 47 Jones,
367 1564 118 39 New
510 1563 141 40 York.
719 1562 278 48 (35-38295)

106 1663 221 66 Bailey,
354 1663 245 66 Liberty
624 1665 187 63 Hyde,
841 1669 170 49 1858-
1222 1681 177 51 comp.

179 1741 373 69 Supplement
585 1749 57 46 to
679 1743 219 52 Hortus
935 1742 94 53 for
1061 1743 98 52 the
1194 1741 110 54 five
1337 1749 227 46 current
1598 1761 162 48 years
1796 1742 298 68 including

109 1823 151 64 1930,
295 1819 280 68 compiled
609 1820 75 67 by
717 1822 64 51 L.
817 1820 76 52 H.
929 1820 203 67 Bailey
1166 1820 112 52 and
1314 1820 171 52 Ethel
1520 1820 108 52 Zoe
1661 1819 219 67 Bailey.
1954 1821 139 52 New

107 1897 178 67 York,
313 1898 123 53 The
461 1897 333 54 Macmillan
823 1916 294 49 company,
1148 1901 150 50 1935.

176 1970 668 49 1 p. l. , 655-755 p. 25 cm .
109 2022 53 53 ©
196 2027 110 41 Feb.
336 2025 68 50 19,
439 2025 113 42 1935
569 2037 10 37 ;
615 2026 66 41 2c.
715 2028 96 39 and
845 2026 82 41 aff.
962 2026 110 40 Feb.
1105 2026 83 47 20;
1225 2027 41 39 A
1298 2026 171 48 79752;
1506 2027 50 41 L.
1591 2028 60 39 H.
1686 2027 185 49 Bailey,
1908 2028 185 45 Ithaca,

176 2084 55 40 N.
257 2085 52 38 Y.

106 2185 210 66 Baker,
346 2187 205 53 James
578 2186 272 66 William,
882 2187 171 55 1873-

176 2264 134 53 20th
348 2270 235 61 century
621 2264 392 68 bookkeeping
1052 2265 111 51 and
1204 2264 353 68 accounting.
1634 2265 132 53 17th
1805 2267 83 51 ed.
107 2267 1961 127 Second

246 2343 1848 69 year course. By James W. Baker … Alva Leroy Prickett
169 2419 1680 70 … [and] Paul A. Carlson … Cincinnati, Chicago [etc.]
109 2423 1960 142 Southwestern publishing company [ c 1935]
180 2569 60 48 iv,
268 2569 206 41 307-682
499 2580 42 37 p.
603 2569 143 47 illus.,
773 2570 167 47 forms,
970 2569 177 48 diagrs.
1205 2571 58 39 24
1264 2573 44 21 cm
1312 2603 9 8 .

109 2622 55 53 ©
196 2626 109 40 Jan.
337 2625 40 46 2,
411 2625 138 47 1935;
584 2626 65 40 2c.
685 2628 95 38 and
813 2626 81 40 aff.
928 2627 109 39 Jan.
1071 2626 81 47 23;
1188 2628 42 38 A
1260 2626 169 48 79343;
1470 2628 381 41 South-western
1885 2631 108 47 pub.
2028 2643 66 29 co.

108 2741 861 67 Bart á k, Josef Pavel, 1887-
178 2819 157 54 John
368 2821 128 52 Hus
531 2827 59 46 at
626 2821 339 67 Constance;
1005 2840 72 33 an
1112 2822 438 67 interpretation
1585 2822 75 68 by
1696 2825 215 66 Joseph
1946 2827 147 51 Paul

109 2895 1960 148 Bartak … with an introduction by A. W. Wasson, PH. D. Nashville, Cokesbury press r 1935]
181 3047 56 40 79
265 3057 44 38 p.
367 3048 87 40 col.
482 3046 163 48 front.,
677 3047 128 41 illus.
834 3047 130 47 (incl.
997 3047 174 48 ports.)
1236 3047 56 41 19½
1324 3051 43 21 cm
1372 3079 9 9 .

182 3102 304 48 Descriptive
517 3103 283 48 letterpress
829 3114 59 29 on
917 3114 138 29 verso
1084 3104 52 39 of
1164 3104 327 49 frontispiece.

113 3155 53 53 ©
193 3161 117 40 Nov.
341 3160 39 48 6,
410 3160 140 47 1935;
583 3160 65 40 2c.
681 3161 111 39 Dec.
825 3162 51 45 7;
910 3160 82 41 aff.
1024 3162 109 39 Dec.
1167 3161 81 46 12;
1283 3162 42 38 A
1352 3160 169 49 89825;
1556 3162 271 45 Whitmore
1855 3165 35 39 &
1925 3165 170 50 Smith,

178 3217 263 40 Nashville.
512 3216 279 48 (35-38290)

111 3316 194 67 Black,
331 3317 254 54 William
613 3319 283 64 Harman,
926 3324 169 50 1868-

181 3394 151 53 How
366 3401 61 46 to
461 3395 240 53 conduct
738 3414 32 34 a
807 3395 261 54 criminal
1103 3415 149 49 case;
1294 3416 31 35 a
1363 3398 220 68 simple,
1618 3399 478 57 understandable

114 3476 156 65 story
306 3472 64 54 of
408 3473 96 52 the
541 3473 307 67 procedure
888 3472 268 56 followed
1196 3476 60 52 in
1296 3494 30 35 a
1367 3476 261 53 criminal
1668 3496 124 35 case
1832 3478 150 54 from
2024 3500 69 33 an

113 3555 179 48 arrest
317 3556 61 47 to
406 3570 30 33 a
466 3551 136 52 final
632 3555 255 49 sentence
915 3569 64 34 or
1008 3552 315 70 discharge,
1354 3554 139 53 with
1524 3573 30 34 a
1587 3556 239 69 graphic
1857 3558 180 58 chart,
2064 3580 29 33 a

112 3628 238 67 graphic
379 3628 188 66 index,
597 3629 113 51 and
741 3635 259 47 accurate
1029 3629 180 55 forms
1241 3631 95 53 for
1366 3650 167 51 every
1563 3640 141 63 step,
1734 3636 76 68 by
1841 3637 254 54 William

115 3704 1983 80 Harman Black … 3d ed. New York, Prentice-Hall, inc.,
116 3786 147 49 1935.

181 3855 148 47 lxxvi,
357 3855 84 41 483
471 3867 41 36 p.
570 3855 115 41 fold,
716 3855 154 49 diagr.
925 3856 56 41 23½
1012 3859 45 22 cm
1061 3888 10 10 .

184 3911 238 49 “Graphic
459 3912 144 39 index
641 3912 245 40 reference
923 3913 141 41 chart
1098 3914 294 52 visualizing
1427 3919 158 47 entire
1619 3921 222 44 criminal
112 3926 1971 89 proceeding”
248 3969 101 39 laid
378 3968 64 39 in.
