2424 4375
1060 4081 132 51 1979

123 454 186 64 Lunn,
339 455 222 52 Arnold
591 455 205 62 Henry
823 454 216 61 Moore,
1071 454 168 51 1888-

196 530 226 55 Science
450 530 112 51 and
589 530 94 51 the
710 528 397 67 supernatural;
1169 543 30 33 a
1227 527 473 67 correspondence
1725 526 248 51 between
123 525 1962 135 Arnold

281 600 1828 69 Lunn and J. B. S. Haldane … New York, Sheed & Ward,
124 686 124 64 inc.,
277 686 149 51 1935.

194 757 52 39 vi
268 767 59 38 p.,
354 757 25 39 1
440 787 9 15 l.,
475 755 86 40 412
586 766 44 38 p.
689 754 145 41 22½cm.

125 808 53 53 ©
208 813 102 41 Oct.
338 813 40 42 2.
409 812 114 40 1935;
580 812 67 40 2c.
678 812 111 40 Dec.
819 812 81 45 14;
933 811 82 39 aff.
1045 812 110 38 Dec.
1186 810 83 47 20;
1301 811 42 38 A
1397 808 141 44 89976:
1575 810 152 40 Sheed
1760 809 36 40 &
1825 810 163 44 Ward,
2021 810 89 40 inc.

190 869 250 49 (30-1052)

124 944 351 65 McCulloch,
502 944 258 53 Thomas
786 944 220 63 Logan,
1039 949 169 49 1905-

192 1022 55 54 A
290 1021 172 68 study
507 1020 64 53 of
615 1020 96 52 the
756 1017 283 69 cognitive
1083 1019 244 53 abilities
1372 1019 63 52 of
1478 1018 97 53 the
1620 1017 171 53 white
1837 1023 91 47 rat
1971 1016 135 53 with

123 1100 211 67 special
381 1097 284 54 reference
714 1103 58 48 to
825 1095 359 70 Spearman’s
1232 1097 202 68 theory
1483 1096 63 52 of
1594 1102 114 47 two
1758 1095 231 67 factors,
2037 1095 75 69 by

125 1178 245 52 Thomas
405 1177 201 67 Logan
638 1174 353 55 McCulloch.
1062 1175 278 68 Durham,
1375 1175 71 53 N.
1481 1175 82 66 C.,
1597 1173 168 54 Duke
1797 1171 315 71 university

125 1273 173 50 press,
326 1258 150 49 1935.

196 1327 55 41 66
275 1339 45 38 p.
375 1327 128 42 illus.
556 1325 55 40 23½
645 1328 44 21 cm
692 1358 9 9 .
767 1324 298 50 (Half-title:
1091 1324 365 43 Contributions
1484 1328 49 39 to
1559 1325 355 50 psychological
1941 1326 170 48 theory

129 1384 105 51 [Vol.
283 1416 9 15 I,
316 1395 76 30 no.
417 1383 25 39 2;
499 1384 148 40 serial
669 1394 76 31 no.
769 1382 42 51 2]
823 1384 15 47 )

198 1440 145 41 “This
375 1443 164 46 report
569 1442 42 39 is
641 1451 62 30 an
736 1440 317 49 abridgment,
1086 1441 120 40 with
1235 1440 355 41 modifications
1620 1440 82 41 for
1732 1441 79 40 the
128 1440 1967 97 consideration

264 1497 51 41 of
348 1509 131 30 more
512 1501 162 37 recent
709 1497 198 48 studies,
941 1497 50 41 of
1026 1508 28 29 a
1087 1497 317 41 dissertation
1436 1498 257 48 presented
1728 1500 49 39 to
1811 1498 82 41 the
1924 1497 187 48 faculty

128 1553 53 41 of
210 1554 139 41 Duke
382 1554 272 49 university
686 1554 49 41 in
769 1554 127 48 May,
929 1554 128 47 1933,
1092 1555 50 39 in
1174 1555 184 48 partial
1390 1554 281 41 fulfillment
1704 1554 51 41 of
1791 1555 81 40 the
126 1556 1970 94 requirements
307 1611 79 40 for
412 1612 82 40 the
522 1613 171 47 degree
719 1611 51 41 of
797 1612 166 39 doctor
990 1611 51 40 of
1067 1610 435 50 philosophy.”—p.
1529 1612 41 40 5.

198 1666 375 43 “References”:
605 1679 43 38 p.
680 1667 157 41 58-60.

129 1720 1845 53 © Nov. 15. 1935; 2c. Dec. 6; aff. Dec. 5: A 89743; Duke univ. press.
193 1782 250 48 (36-1109)

125 1858 121 52 The
274 1858 247 53 Medical
548 1857 198 56 world.

197 1936 182 52 Three
411 1953 162 48 years
605 1935 62 52 of
698 1935 112 55 HCl
862 1935 242 67 therapy
1137 1953 57 35 as
1228 1935 268 53 recorded
1528 1937 60 52 in
1622 1934 223 54 articles
127 1953 1965 126 appearing
258 2011 58 51 in

126 2010 1965 222 the Medical world, with introduction by Henry Pleasants, jr. … associate editor. Philadelphia, Pa., W. R. Huntsman, 1935.
198 2237 542 48 4 p. l. , 159 p. 19½cm.
201 2294 146 40 “This
378 2294 187 41 volume
598 2304 164 31 covers
794 2294 86 42 but
913 2296 134 40 three
1078 2305 141 37 years
1253 2294 176 49 ending
1461 2295 134 46 early
1629 2296 49 39 in
1710 2296 80 40 the
1824 2305 210 30 summer
2067 2293 52 41 of

130 2348 490 47 1935.”—Foreword.

129 2404 1967 110 © Oct. 24. 1935; 2c. and aff. Nov. 14; A 89722: Medical world, Philadelphia. (30-1099)
130 2540 261 67 Meister,
421 2543 234 63 Morris,
688 2547 170 51 1895-

263 2617 1853 71 … Energy and power, by Morris Meister … New York,
132 2695 1239 68 Chicago [etc.] C. Scribner’s sons [ c 1935]
201 2766 135 49 xviii,
367 2766 84 41 243
482 2779 44 38 p.
555 2768 110 41 incl.
692 2768 164 50 front.,
885 2769 128 40 illus.
1071 2769 87 42 col.
1186 2780 62 38 pl.
1306 2769 146 50 19½cm.
1519 2768 198 50 (Living
1746 2769 50 40 in
1826 2780 28 29 a
1886 2770 148 40 world
2066 2767 51 44 of

131 2824 198 42 science,
392 2824 136 49 [book
631 2826 14 47 [IV])

202 2879 132 40 Each
362 2879 200 48 chapter
591 2880 221 40 contains
843 2881 210 46 “Things
1083 2884 48 37 to
1162 2882 141 39 think
1334 2882 146 39 about
1512 2883 92 39 and
1640 2883 111 38 read
1786 2882 188 39 about".

132 2933 1987 53 © Nov. 15, 1935; 2c. Nov. 21: aff. Nov. 20: A 88325: Charles Scribner’s
190 3006 124 29 sons.
375 2995 278 50 [Copyright
682 2996 42 40 is
751 2996 203 40 claimed
985 3008 59 29 on
1074 2995 238 41 revisions
1338 2997 97 39 and
1464 3007 104 29 new
1597 2996 242 49 material]

199 3052 249 48 (36-1107)

131 3125 312 66 Méjecaze,
474 3128 296 54 Francois.

265 3204 1854 68 … L’âme d’un saint laïque. Frédéric Ozanam. Paris.
136 3280 528 68 B. Grasset [ 1935]
205 3352 1914 52 3 p. l. , ix-xii, 272 p., 2 l. 19cm. (Collection “La Vie chrétienne”. [3.
133 3408 135 42 série.
326 3410 41 49 3]
381 3412 13 46 )

204 3465 72 41 On
302 3476 141 30 cover:
497 3466 29 41 3
525 3467 21 22 e
572 3465 196 43 édition.

137 3521 1966 122 © May 30, 1935; 1c. Aug. 21; A-Foreign 28842; Éditions Bernard Grasset. (35-15119)
138 3652 204 65 Miller,
375 3655 315 53 Catherine
722 3656 312 55 Atkinson.

207 3728 256 69 Leading
495 3731 176 67 youth
706 3737 58 47 to
799 3731 292 53 abundant
1121 3731 105 53 life;
1291 3750 30 34 a
1355 3731 170 67 study
1558 3730 63 53 of
1654 3729 318 54 adolescent
140 3747 1952 110 materials
360 3807 111 51 and

501 3807 273 67 methods,
803 3808 75 66 by
909 3808 304 54 Catherine
1242 3808 285 52 Atkinson
1556 3806 208 53 Miller.
142 3807 1946 139 Philadelphia,
324 3882 238 53 Printed

597 3883 95 52 for
722 3883 95 53 the
850 3883 347 69 Leadership
1229 3883 257 69 training
1516 3882 332 72 publishing
140 3885 1954 124 association
286 3959 73 67 by
386 3959 93 52 the
509 3960 347 68 Heidelberg
882 3980 173 49 press,
1084 3964 150 50 1934.
