2424 4375
0 0 0 0 1566
284 433 361 67 Helmoldus,
673 434 298 69 presbyter
999 432 362 68 bosoviensis,
1386 434 58 67 fl.
1477 439 149 49 1168.

354 511 123 53 The
514 511 285 53 chronicle
835 511 64 52 of
935 512 97 52 the
1072 512 184 64 Slavs,
1293 512 76 67 by
1407 513 290 64 Helmold,
1739 512 176 67 priest
1954 511 64 54 of
2057 516 216 63 Bosau;

286 588 316 55 translated
652 588 143 54 with
843 587 389 55 introduction
1283 590 112 53 and
1444 593 157 50 notes
1650 590 75 67 by
1773 588 239 55 Francis
2060 591 216 66 Joseph

283 665 1764 70 Tschan … New York, Columbia university press, 1935.
287 751 1977 107 xii, 321 p. illus. (map) diagr. 23 ½ cm . (Half-title: Records of civilization,
485 819 193 32 sources
703 811 96 39 and
820 810 201 48 studies,
1043 811 73 39 ed.
1139 810 154 39 under
1314 809 83 40 the
1419 808 220 49 auspices
1663 809 52 40 of
1738 810 81 39 the
1841 810 140 48 Dept.
2006 810 52 40 of
2079 810 201 49 history,

288 866 919 49 Columbia university … no. xxi)
358 938 377 48 Bibliography:
766 949 42 38 p.
843 937 248 51 [283]-297.

288 1006 52 52 ©
366 1009 102 41 Oct.
493 1010 69 46 11,
587 1008 140 48 1935;
755 1008 67 41 2c.
848 1008 101 41 Oct
976 1008 81 47 18;
1085 1008 82 40 aff.
1195 1008 101 41 Oct.
1323 1009 81 46 14;
1433 1009 40 38 A
1499 1008 169 42 87805;
1699 1008 250 41 Columbia
1977 1009 128 40 univ.
2133 1018 148 39 press.

366 1065 280 50 (35-23603)

285 1169 357 65 Herrmann,
670 1171 219 52 Ernest
919 1170 272 64 Edward,
1223 1174 169 49 1896-

358 1246 270 54 Exterior
654 1246 295 69 ballistics,
979 1252 134 49 1935
1129 1267 12 48 ;
1174 1266 30 34 a
1234 1248 268 53 textbook
1530 1249 63 52 of
1619 1250 158 52 those
1807 1249 263 54 elements
2099 1250 63 52 of
287 1270 1968 109 exterior
490 1325 276 54 ballistics
796 1324 185 56 which
1012 1346 94 33 are
1135 1327 94 53 the
1260 1325 426 55 fundamentals
1715 1326 65 54 of
1807 1328 169 51 naval
2006 1346 274 49 gunnery,

289 1402 228 55 written
548 1403 94 54 for
670 1404 93 53 the
791 1423 96 34 use
915 1403 63 53 of
1005 1402 381 69 midshipmen
1419 1410 59 47 at
1507 1406 94 51 the
1634 1403 213 57 United
1880 1405 187 56 States
2096 1406 182 53 Naval

291 1482 1986 68 academy, by Ernest E. Herrmann … Annapolis, Md., U. S.
289 1561 186 53 Naval
504 1560 279 68 institute,
813 1565 150 50 1935.

361 1645 101 48 viii,
491 1644 88 42 305
609 1655 42 37 p.
711 1645 143 48 illus.,
886 1646 154 39 tables
1068 1644 136 48 (part
1232 1644 144 48 fold.)
1416 1644 179 48 diagrs.
1625 1645 134 48 (part
1790 1644 143 49 fold.)
1999 1645 57 41 26
2058 1648 44 21 cm
2107 1678 9 8 .

364 1715 276 48 “Although
681 1715 144 39 much
866 1714 51 40 of
959 1716 83 39 the
1083 1714 227 40 material
1352 1714 266 49 appearing
1659 1714 50 40 in
1753 1716 78 39 the
1876 1715 115 41 1926
2032 1717 95 39 and
2171 1716 111 41 1930

293 1771 209 41 editions
537 1772 88 40 has
662 1772 116 40 been
816 1770 218 41 retained
1071 1771 50 39 in
1158 1771 80 39 the
1274 1773 193 45 present
1503 1772 203 47 volume,
1743 1772 79 40 the
1860 1772 148 40 latter
2044 1773 87 40 has
2168 1772 112 41 been

291 1829 285 47 completely
606 1827 251 41 rewritten
885 1829 95 39 and
1008 1827 41 41 is
1077 1826 284 49 essentially
1388 1838 26 29 a
1444 1838 105 29 new
1578 1827 466 42 textbook.”—Pref.

361 1885 350 48 Bibliography
729 1895 9 30 :
768 1896 43 37 p.
841 1884 216 41 299-300.

293 1953 53 53 ©
374 1957 126 47 Sept.
528 1955 68 49 19,
623 1956 116 41 1935
755 1967 8 35 ;
792 1955 67 41 2c.
885 1956 100 40 Oct.
1014 1955 81 46 16;
1124 1955 82 40 aff.
1236 1955 100 40 Oct.
1365 1955 81 46 14;
1476 1955 39 39 A
1544 1955 168 46 87718;
1745 1954 176 41 United
1952 1956 160 40 States
2139 1958 144 39 naval

356 2013 240 41 institute.
660 2013 282 49 [Copyright
972 2012 41 40 is
1047 2012 205 40 claimed
1283 2021 63 29 on
1377 2012 251 49 revisions]
1701 2012 279 49 (35-23270)

292 2118 214 63 Heyer,
538 2116 337 65 Georgette,
909 2119 172 50 1902-

361 2195 265 67 Regency
660 2192 165 69 buck,
859 2193 76 68 by
972 2191 306 69 Georgette
1312 2192 210 68 Heyer.
1596 2192 258 68 London,
1892 2193 269 68 Toronto,
2196 2195 86 53 W.

289 2273 381 62 Heinemann,
695 2271 104 53 ltd.
833 2273 171 65 [1935]

361 2350 563 50 2 p. l. , 342 p. 19½ cm .
294 2419 1987 53 © 1c. Oct. 29, 1935 ; A ad int. 20681 ; pubd. Sept. 9 ; Georgette Rougier,
363 2478 224 48 Slinfold,
621 2479 192 47 Sussex,
845 2478 234 47 England.
1150 2476 281 48 (35-29217)

293 2583 275 64 Higgins,
600 2581 252 56 Russell.

364 2659 291 67 Marriage
689 2675 230 51 agency,
951 2659 73 67 by
1057 2659 226 52 Russell
1312 2657 270 67 Higgins.
1658 2659 137 52 New
1832 2659 179 67 York,
2040 2660 238 56 Godwin

300 2772 12 32 [
319 2745 16 21 Cc
341 2741 151 63 1935]

362 2817 85 40 285
478 2827 44 37 p.
581 2814 55 40 19½
669 2817 44 21 cm
716 2845 9 10 .

297 2883 52 52 ©
378 2888 118 38 Nov.
528 2887 39 44 1,
597 2884 115 41 1935
727 2896 8 30 ;
768 2884 65 40 2c.
865 2884 117 40 Nov.
1013 2883 81 47 11;
1128 2882 81 41 aff.
1240 2884 117 39 Nov.
1389 2882 26 40 9
1434 2894 8 36 ;
1476 2884 41 38 A
1547 2883 169 47 88181;
1752 2883 216 48 Godwin,
1999 2884 282 49 publishers,

363 2942 92 41 inc.
527 2940 279 50 (35-23312)

297 3046 220 62 Hoppe,
547 3045 323 64 Hermann,
898 3044 83 53 ed.

366 3120 119 52 Das
537 3119 264 53 deutsche
849 3118 405 53 soldatenbuch
1272 3138 12 47 ;
1338 3117 366 70 fortbildung
1756 3119 100 52 der
1907 3116 373 65 Reichswehr,

296 3196 1982 69 herausgegeben von oberfachschulrat prof. Hoppe … 1. buch.
297 3276 1430 67 Leipzig, Bibliographisches institut ag. [ c 1935]
371 3348 708 48 1 V. illus., diagrs. 18 ½ cm .
366 3418 208 41 Various
604 3418 216 49 pagings.

302 3483 1977 54 © Jan. 17, 1935; 1c. Sept. 3; A -Foreign 28964; Bibliographisches
368 3545 211 48 institut,
612 3555 43 29 a.
685 3555 41 37 g.
797 3543 278 49 (35-23301)

301 3648 273 63 Howard,
605 3649 267 54 Warren.

372 3724 243 51 Eastern
658 3723 181 67 shore,
882 3722 75 69 by
998 3723 244 54 Warren
1287 3722 273 52 Howard.
1634 3721 137 52 New
1817 3720 177 66 York,
2036 3713 243 57 Arcadia

302 3801 398 65 house [ c 1935]
371 3871 85 41 287
488 3883 43 37 p.
592 3871 56 40 19½
679 3873 44 21 cm
727 3902 9 9 .

305 3937 53 53 ©
384 3942 117 38 Nov.
529 3942 38 46 1,
596 3941 112 40 1935
727 3952 8 35 ;
765 3941 67 40 2c.
860 3942 116 39 Nov.
1005 3942 53 38 11
1077 3952 9 36 ;
1117 3940 78 41 aff.
1225 3941 118 39 Nov.
1371 3940 29 40 9
1415 3951 9 37 ;
1454 3941 42 38 A
1524 3940 146 40 88178
1684 3950 8 36 ;
1723 3939 208 40 Arcadia
1961 3939 149 37 house
372 3929 1892 109 publications.
643 3997 277 47 (35-23328)
