2526 4384
1305 4041 98 49 190

437 496 88 41 375
556 507 43 37 p.
659 495 59 40 20½
747 498 44 21 cm
797 527 9 8 .

441 552 163 41 “First
635 550 228 43 edition.”

371 617 54 53 ©
453 622 110 40 Feb.
592 621 70 48 28,
690 620 116 42 1935;
860 621 66 40 2c.
956 623 96 39 and
1081 620 82 43 aff.
1193 622 109 40 Feb.
1333 621 81 48 26;
1445 622 40 39 A
1514 622 170 48 79826;
1756 653 8 8 C.
1795 624 49 38 P.
1876 624 154 48 Snow,
2060 624 302 50 Cambridge,

436 679 234 47 England.
743 677 250 50 (35-2908)

363 779 188 54 South
586 784 238 52 eastern
857 786 273 64 reporter.
1199 782 169 55 Cases
1400 784 214 66 argued
1647 783 113 53 and
1792 784 351 54 determined
2173 786 61 52 in
2266 785 97 53 the

433 863 188 49 courts
646 860 62 52 of
733 860 267 67 Georgia,
1023 861 187 53 North
1237 861 288 67 Carolina,
1552 861 180 56 South
1763 862 286 67 Carolina,
2073 862 288 68 Virginia,

435 937 161 54 West
625 934 289 71 Virginia,
944 938 139 52 with
1117 938 107 67 key
1257 939 237 52 number
1527 940 379 53 annotations,
1976 957 51 38 v.
2064 939 115 54 176.
428 942 1907 141 November-December,

1043 1018 148 50 1934.
1254 1015 83 56 St.
1362 1019 166 64 Paul,
1548 1019 160 53 West
1730 1018 336 67 publishing
2087 1038 98 47 co.,
2210 1022 148 50 1935.

435 1088 98 50 xvi,
560 1088 115 40 1014
701 1099 43 37 p.
799 1088 60 40 26
860 1090 15 21 cm
909 1120 8 8 .

369 1155 51 53 ©
449 1160 108 40 Jan.
584 1158 70 49 24,
682 1157 140 49 1935;
852 1158 66 41 2c.
948 1160 96 39 and
1071 1158 80 41 aff.
1181 1159 110 40 Feb.
1319 1158 83 48 28;
1432 1160 40 38 A
1501 1158 170 49 80716;
1702 1160 134 40 West
1864 1160 106 47 pub.
2002 1171 66 29 co.

363 1261 280 66 Spender,
675 1263 280 65 Stephen,
990 1267 170 50 1909-

497 1338 1362 69 … Vienna. New York, Random house, 1935.
432 1411 58 42 37
526 1423 44 39 p.
629 1412 147 42 23½cm.

434 1469 63 41 At
523 1470 124 40 head
674 1469 51 40 of
751 1469 137 41 title:
915 1469 72 49 By
1015 1469 209 49 Stephen
1253 1468 227 50 Spender.

433 1527 41 38 A
502 1536 151 40 poem.

367 1593 51 53 ©
447 1597 108 41 Feb.
585 1598 39 46 7,
651 1597 141 47 1935;
820 1595 66 41 2c.
916 1596 107 39 Feb.
1053 1595 81 47 23;
1162 1595 80 40 aff.
1275 1596 107 39 Feb.
1413 1596 82 47 21;
1526 1596 38 39 A
1594 1597 169 46 80557;
1797 1598 198 39 Modern
2026 1598 198 46 library,
2255 1598 75 39 inc.,

433 1655 118 39 New
580 1654 144 40 York.
795 1653 251 49 (35-3023)

361 1757 228 65 Sproul,
619 1756 314 56 Kathleen.

435 1831 121 55 The
592 1838 252 64 mystery
880 1831 64 54 of
979 1833 97 53 the
1111 1833 185 53 closed
1333 1852 111 49 car,
1479 1833 75 68 by
1590 1833 286 55 Kathleen
1916 1833 227 68 Sproul.
2219 1834 136 54 New

368 1911 177 68 York,
574 1913 67 53 E.
668 1913 65 52 P.
761 1913 223 52 Dutton
1011 1915 45 50 &
1082 1929 98 49 co.,
1206 1910 106 54 inc.
1346 1945 12 34 [
1363 1918 18 21 c
1387 1915 131 50 1935
1525 1946 12 33 ]

436 1984 84 40 251
551 1995 42 38 p.
653 1983 57 41 19½
742 1987 43 21 cm
790 2016 9 8 .

437 2041 73 41 On
537 2042 126 46 t.-p.:
691 2041 41 40 A
759 2042 188 39 Dutton
975 2041 106 40 clue
1109 2043 226 45 mystery.

435 2097 163 42 “First
629 2097 229 49 printing,
895 2097 262 48 February,
1193 2097 140 41 1935;
1370 2098 172 40 second
1578 2097 228 49 printing,
1843 2097 263 48 February,
2142 2097 156 41 1935.”

365 2154 51 51 ©
443 2158 122 39 Mar.
591 2157 39 47 1,
656 2154 141 50 1935;
825 2156 65 40 2c.
919 2157 98 39 and
1042 2156 79 39 aff.
1150 2156 120 38 Mar.
1298 2156 24 38 2;
1380 2156 41 39 A
1444 2155 170 47 80699;
1645 2157 51 38 E.
1724 2156 51 40 P.
1801 2157 188 38 Dutton
2015 2156 37 40 &
2078 2167 80 35 co.,
2187 2155 86 40 inc.

442 2212 250 50 (35-3119)

358 2317 232 65 Taylor,
620 2317 235 53 Phoebe
883 2316 267 56 Atwood.

431 2392 121 53 The
588 2392 255 69 tinkling
876 2394 236 67 symbol,
1148 2411 72 34 an
1255 2394 153 67 Asey
1442 2394 173 66 Mayo
1650 2398 251 63 mystery
1937 2392 64 55 of
2037 2392 154 68 Cape
2228 2393 120 56 Cod

387 2470 92 69 [by]
525 2471 226 54 Phoebe
792 2473 245 52 Atwood
1080 2474 227 65 Taylor.
1384 2472 138 53 New
1565 2471 179 66 York,
1783 2473 90 52 W.
1914 2472 88 53 W.
2047 2472 219 53 Norton
2308 2474 46 50 &

360 2553 505 64 company [ c 1935]
434 2622 88 41 288
550 2631 43 38 p.
653 2621 144 44 19½cm.

434 2678 162 41 “First
624 2677 225 42 edition.”

364 2731 51 53 ©
450 2736 109 40 Feb.
595 2736 68 46 28,
698 2735 117 41 1935;
873 2736 65 40 2c.
975 2737 95 38 and
1106 2735 78 39 aff.
1222 2736 119 39 Mar.
1378 2736 52 46 1;
1468 2736 40 38 A
1543 2734 169 47 80704;
1750 2735 49 38 P.
1836 2735 51 38 A.
1924 2735 192 47 Taylor,
2150 2735 203 41 Newton

428 2793 288 48 Highlands,
746 2794 143 38 Mass.
962 2791 249 48 (35-3121)

357 2892 351 68 Villaverde,
738 2894 195 66 Cirilo,
965 2899 322 50 1812-1894.

429 2971 119 54 The
575 2972 319 67 quadroon;
925 2991 81 48 or,
1032 2971 205 56 Cecilia
1272 2972 228 65 Valdes,
1527 2991 31 33 a
1587 2990 258 34 romance
1873 2971 63 52 of
1962 2972 93 52 old
2083 2972 264 65 Havana,

359 3048 76 69 by
463 3047 180 58 Cirilo
670 3048 358 69 Villaverde;
1058 3050 310 53 translated
1402 3049 152 54 from
1579 3049 94 53 the
1705 3048 248 67 Spanish
1982 3049 75 66 by
2084 3048 263 54 Mariano

361 3128 56 53 J.
448 3128 270 65 Lorente;
752 3127 138 53 with
924 3126 366 67 frontispiece
1323 3126 55 51 in
1411 3125 111 55 full
1553 3126 152 53 color
1736 3126 150 53 from
1917 3146 31 33 a
1981 3125 264 68 painting
2273 3127 73 66 by

362 3204 224 54 Harold
626 3204 132 56 Cue.
836 3205 231 67 Boston,
1106 3205 196 53 Issued
1344 3203 93 54 for
1474 3204 94 54 the
1609 3203 82 56 St.
1734 3204 250 68 Botolph
2025 3203 210 69 society
2272 3204 74 68 by

360 3284 61 53 L.
455 3283 62 55 C.
548 3285 154 62 Page
729 3286 44 49 &
802 3300 278 49 company
1115 3317 11 33 [
1131 3289 18 21 c
1155 3287 130 49 1935]

431 3356 25 40 3
484 3365 43 37 p.
590 3385 8 16 l.,
624 3354 87 41 399
736 3365 42 36 p.
839 3355 86 40 col.
952 3355 148 40 front.
1161 3355 54 40 19½
1248 3357 43 21 cm
1297 3386 8 8 .

359 3409 51 51 ©
437 3412 107 40 Jan.
573 3412 69 46 26,
669 3411 140 47 1935;
836 3412 65 39 2c.
928 3413 118 39 Mar.
1076 3413 17 37 1;
1156 3411 79 40 aff.
1267 3412 106 38 Feb.
1402 3411 81 46 27;
1513 3411 39 38 A
1579 3411 169 46 80658;
1779 3411 48 39 L.
1858 3411 49 39 G.
1933 3412 126 45 Page
2086 3412 35 38 &
2148 3420 80 38 co.,
2255 3411 88 40 inc.

436 3468 249 49 (35-3115)

355 3572 274 63 Wagner,
657 3572 137 50 Mrs.
820 3571 197 52 Laura
1042 3569 288 65 Virginia.

426 3647 274 68 Through
738 3647 236 53 historic
1010 3664 164 49 years
1208 3645 139 54 with
1387 3646 164 53 Eliza
1588 3647 182 67 Ferry
1807 3647 203 67 Leary,
2046 3647 75 66 by
2158 3647 187 51 Laura

357 3725 267 68 Virginia
653 3725 279 67 Wagner;
965 3725 139 52 with
1133 3744 71 34 an
1235 3723 387 54 introduction
1650 3724 76 67 by
1754 3725 301 52 Professor
2081 3723 264 53 Edmond

359 3802 56 55 S.
449 3802 224 66 Meany.
752 3800 231 69 Seattle,
1015 3802 64 52 F.
1113 3800 345 66 McCaffrey,
1490 3801 293 67 Dogwood
1817 3819 174 48 press,
2025 3802 148 51 1934.

426 3876 28 40 3
483 3887 42 36 p.
593 3905 8 11 l.,
633 3874 184 43 ix-xiii,
849 3874 53 40 93
935 3885 42 37 p.
1011 3875 109 39 incl.
1150 3874 162 42 front.,
1345 3875 169 47 plates,
1545 3875 149 46 ports.
1753 3873 55 39 26
1812 3875 43 22 cm
1860 3905 9 8 .

361 3927 51 51 ©
446 3933 111 39 Dec.
594 3931 68 47 21,
699 3930 112 41 1934;
876 3930 66 40 2c.
980 3932 94 38 and
1111 3930 80 41 aff.
1229 3932 107 38 Jan.
1373 3930 69 47 25,
1479 3929 140 48 1935;
1656 3930 40 39 A
1731 3930 170 47 79364;
1942 3930 48 39 L.
2030 3929 51 40 V.
2120 3930 222 46 Wagner,

429 3988 195 40 Seattle.
696 3987 249 48 (35-2861)
