2424 4375
1011 4054 133 51 1225

102 428 186 66 Allen,
314 429 188 54 Nellie
525 430 324 64 Burnham,
879 435 171 51 1864-

170 505 417 68 Geographical
638 506 113 52 and
798 505 306 53 industrial
1151 505 242 67 studies;
1443 506 187 53 North
1680 507 283 55 America,
2012 508 74 66 by

98 581 182 54 Nellie
310 584 68 51 B.
411 582 189 53 Allen.
666 583 230 67 Boston,
926 583 139 54 New
1098 582 163 54 York
1314 588 120 62 [etc.]
1471 583 157 55 Ginn
1661 584 113 53 and
1806 602 278 51 company

103 694 12 33 [
120 667 19 21 c
143 664 132 50 1935]

168 735 94 46 xiv,
295 732 89 41 399
416 743 43 38 p.
494 732 109 41 incl.
638 732 164 50 front.,
836 733 127 42 illus.
1024 743 138 39 maps
1189 733 136 49 (part
1358 734 196 48 double)
1628 733 56 41 19
1685 735 44 23 cm
1732 764 10 10 .

101 800 1986 54 © Aug. 2, 1935; 2c. Sept. 3; aff. Sept. 5; A 86169; N. B. Allen, Lake
167 860 183 48 Worth,
387 860 102 41 Fla.
554 860 278 50 [Copyright
869 860 41 41 is
945 859 204 42 claimed
1185 872 61 29 on
1282 860 295 41 corrections
1615 863 95 38 and
1747 872 106 28 new
1890 864 193 48 matter]

176 918 278 49 (35-15416)

99 1020 313 54 American
440 1020 356 55 association
825 1021 63 52 of
916 1021 189 53 cereal
1134 1020 303 55 chemists.

163 1097 198 55 Cereal
395 1096 330 69 laboratory
759 1097 275 67 methods,
1069 1097 140 52 with
1246 1096 288 54 reference
1569 1096 197 69 tables,
1802 1097 282 69 compiled

97 1176 72 68 by
207 1174 335 55 Committee
578 1193 74 34 on
687 1174 258 54 methods
980 1173 65 55 of
1080 1174 266 69 analysis,
1385 1173 62 55 C.
1485 1175 67 52 E.
1588 1174 279 69 Mangels,
93 1174 1967 147 chairman,

264 1252 463 55 Sub-committee
748 1272 74 34 on
842 1251 262 69 revision,
1126 1252 308 53 American
1457 1251 339 55 association
1819 1253 64 53 of
1905 1256 179 51 cereal

95 1330 275 55 chemists.
444 1331 73 52 3d
563 1330 103 69 ed.,
715 1329 336 70 completely
1098 1348 112 35 rev.
1287 1330 240 68 Omaha,
1574 1330 157 69 Neb.,
1778 1328 306 56 American

96 1408 333 55 association
469 1408 65 53 of
571 1409 179 52 cereal
789 1407 280 69 chemists,
1111 1411 150 53 1935.

163 1482 100 49 viii,
291 1482 101 48 204,
426 1481 84 51 [12]
542 1492 43 38 p.
644 1481 128 42 illus.
831 1481 58 41 24
890 1484 45 22 cm
939 1512 10 11 .

164 1538 158 41 Blank
348 1548 147 39 pages
521 1538 80 40 for
630 1536 205 43 “Notes”
872 1537 111 51 ([12]
1013 1540 55 39 at
1093 1538 116 48 end)

166 1595 160 40 “First
368 1594 183 41 edition
590 1593 128 42 1922.
780 1594 181 41 Second
1003 1593 198 49 edition,
1242 1595 286 46 completely
1567 1593 190 42 revised
1796 1593 129 44 1928.
95 1596 1971 103 Reprinted
315 1649 127 41 1929.

166 1705 346 41 “References”
539 1707 53 39 at
617 1707 91 39 end
734 1705 53 41 of
812 1706 117 40 each
955 1704 213 48 chapter.

99 1759 50 53 ©
173 1765 112 46 May
309 1763 68 47 16,
401 1762 115 41 1935;
566 1763 67 40 2c.
658 1763 115 47 July
797 1761 81 48 19;
904 1761 82 41 aff.
1011 1763 116 47 July
1150 1762 82 47 18;
1258 1762 41 39 A
1322 1761 170 48 84941;
1515 1763 160 40 Amer.
1700 1764 206 40 assn.of
1925 1767 157 37 cereal

164 1819 240 41 chemists.
475 1819 278 49 (35-15434)

96 1923 312 54 American
437 1924 110 53 law
575 1923 112 52 and
713 1922 323 68 procedure,
1099 1923 223 51 volume
1346 1924 47 51 2.
1459 1923 292 68 Prepared
1779 1924 181 52 under
1987 1923 96 53 the

164 2000 1918 70 editorial supervision of James Parker Hall … Torts, by
164 2078 1918 70 George Luther Clark … Domestic relations and persons, by
163 2157 1165 67 Albert Martin Kales … [n. p.] 1935.
167 2232 24 38 1
218 2243 42 36 p.
323 2261 10 17 l.,
358 2229 120 48 xxii,
501 2230 88 40 435
613 2241 42 37 p.
708 2229 55 40 23½
795 2231 45 21 cm
845 2260 9 9 .

99 2283 50 53 ©
175 2288 113 47 July
314 2287 69 47 25,
412 2285 113 43 1935;
581 2287 65 39 2c.
678 2286 126 47 Sept.
833 2285 82 47 19;
944 2285 80 40 aff.
1058 2285 127 48 Sept.
1214 2286 81 46 18;
1328 2286 40 39 A
1396 2285 171 47 87086;
1596 2287 205 41 LaSalle
1828 2288 255 40 extension

167 2344 142 47 univ.,
342 2344 223 47 Chicago.
631 2341 281 51 [Copyright
942 2341 43 41 is
1017 2342 205 40 claimed
1256 2352 60 29 on
1348 2353 106 29 new
1487 2353 120 38 copy
1642 2343 156 40 added
1832 2344 97 39 and
169 2342 1897 108 revisions]

100 2502 325 60 Ashbrook,
455 2501 325 60 Harriette,
813 2506 167 50 1898-

166 2580 55 53 A
269 2585 146 48 most
464 2577 262 55 immoral
774 2579 246 66 murder,
1070 2577 74 69 by
1193 2578 76 53 H.
1320 2578 317 54 Ashbrook.
1711 2579 140 55 New
1900 2578 180 68 York,

98 2656 753 68 Coward-McCann [ c 1935]
166 2729 86 40 viii
275 2739 57 38 p.,
360 2732 27 38 2
446 2760 8 16 l.,
481 2728 147 41 3-289
652 2738 43 38 p.
755 2728 55 40 19½
842 2730 16 21 cm
890 2759 9 8 .

169 2785 286 41 “Published
480 2784 50 40 in
557 2785 216 47 Mystery
799 2781 248 50 magazine
1073 2784 153 39 under
1251 2782 81 41 the
1358 2783 108 41 title
1494 2782 90 42 ‘He
1607 2782 150 42 killed
1783 2793 29 31 a
1837 2785 244 41 thousand

100 2841 161 41 men’.”

100 2895 53 53 ©
178 2900 126 47 Sept.
330 2898 40 49 9,
398 2898 140 47 1935;
566 2899 67 39 2c.
664 2898 127 48 Sept.
819 2899 80 45 13;
931 2896 82 41 aff.
1045 2897 128 47 Sept.
1201 2896 83 48 12;
1313 2897 42 39 A
1380 2896 170 48 85988;
1580 2898 61 39 H.
1669 2898 266 47 Ashbrook,
1964 2898 118 41 New

166 2956 142 40 York.
378 2954 279 50 (35-15617)

111 3057 198 66 Ayres,
337 3058 266 53 Leonard
631 3058 229 62 Porter,
891 3059 169 52 1879-

164 3134 119 53 The
309 3135 152 52 chief
486 3151 162 37 cause
672 3132 63 55 of
761 3132 115 55 this
902 3133 113 53 and
1042 3133 160 53 other
1226 3133 370 68 depressions,
1621 3132 76 68 by
1722 3132 262 55 Leonard
2010 3134 67 53 P.

94 3209 1894 65 Ayres … [Cleveland] The Cleveland trust company [ c 1935]
160 3287 54 39 52
241 3297 42 38 p.
342 3285 177 49 diagrs.
579 3286 115 39 23cm.

103 3338 50 53 ©
177 3343 110 48 Apr.
313 3342 69 47 29,
410 3343 141 46 1935;
579 3342 66 40 2c.
674 3343 94 38 and
796 3340 79 41 aff.
907 3341 112 47 May
1047 3341 54 46 3;
1131 3340 41 39 A
1199 3338 171 48 82903;
1401 3339 260 41 Cleveland
1689 3341 129 40 trust
1848 3350 66 31 co.

177 3398 275 49 (35-15404)

103 3500 204 66 Ayres,
334 3502 175 64 Ruby
534 3499 267 65 Mildred,
833 3504 170 51 1883-

100 3574 1975 149 … Some day … Garden City, N. Y., Doubleday, Doran & company, inc., 1935.
170 3726 26 41 5
222 3738 43 38 p.
327 3759 10 17 l.,
363 3727 86 41 292
475 3738 44 37 p.
578 3726 116 41 20cm.

170 3783 62 41 At
258 3783 122 44 head
409 3784 52 40 of
487 3783 134 41 title:
649 3782 141 47 Ruby
817 3782 61 41 M.
906 3780 168 48 Ayres.

171 3838 158 42 “First
357 3838 225 42 edition.”

104 3891 50 52 ©
184 3897 122 47 Sept.
335 3897 38 45 6,
400 3896 139 41 1935;
569 3895 67 40 2c.
665 3895 95 39 and
789 3893 82 40 aff.
902 3894 126 47 Sept.
1058 3892 82 46 16;
1171 3893 40 38 A
1237 3891 168 46 87011;
1437 3892 139 49 Ruby
1606 3894 63 40 M.
1697 3893 154 50 Ayres
1880 3895 199 49 Pocock,

171 3952 64 40 St.
268 3952 221 48 George’s
521 3952 116 46 Hill,
675 3951 192 48 Surrey,
900 3949 235 47 England.
1205 3948 278 49 (35-15619)
