2424 4375
1078 4083 98 49 541

127 525 199 46 ing.—A
366 524 217 47 growing
622 526 152 37 world
816 525 188 38 culture
1046 525 96 37 and
1184 523 218 47 religion,
1442 524 62 46 by
1543 523 56 39 A.
1641 523 59 39 K.
1744 521 311 42 Reischauer.
2058 545 57 5 —

127 580 41 39 A
198 581 149 46 hymn
376 583 48 37 to
455 580 247 40 Amon-Re
730 589 60 29 on
821 590 27 29 a
880 580 151 39 tablet
1063 579 128 40 from
1224 580 84 39 the
1336 580 178 47 temple
1545 579 50 39 of
1628 579 218 48 Karnak,
1878 579 61 48 by
1972 578 59 41 K.
2064 578 49 41 C.

129 636 147 41 Seele.
278 636 220 41 —David
541 637 82 39 the
669 635 203 49 Slinger,
915 637 61 47 by
1020 636 50 41 O.
1116 636 56 40 R.
1218 636 354 43 Sellers.—The
1614 634 279 49 historicity
1937 635 53 41 of
2034 635 82 40 the

128 693 249 40 Hezekian
414 693 194 47 reform,
648 694 60 47 by
745 694 54 39 A.
838 693 54 40 R.
934 692 487 41 Siebens.—Calvin’s
1460 694 208 38 lectures
1707 702 59 29 on
1805 689 208 49 Ezekiel,
2054 693 61 47 by

128 749 175 40 Louise
327 750 50 40 P.
407 749 355 42 Smith.—Paul
788 760 61 29 on
875 750 81 39 the
983 748 339 48 resurrection,
1351 750 62 47 by
1439 749 53 40 A.
1522 748 48 41 C.
1601 749 162 40 Zenos.

127 803 52 52 ©
207 808 113 47 Apr.
351 807 68 47 19,
449 805 112 41 1935;
622 806 66 40 2c.
719 807 112 48 Apr.
862 806 55 39 28;
978 806 82 39 aff.
1092 807 113 47 Apr.
1237 806 56 40 27;
1351 807 41 38 A
1424 806 146 40 82778;
1628 806 214 39 Thomas
1869 806 183 39 Nelson
2080 805 38 39 &

195 875 125 29 sons.
390 863 223 48 (35-6283)

129 964 544 67 Funck-Brentano,
705 968 237 63 Frantz,
975 972 170 49 1862-

256 1040 1855 72 … L’ancien régime, abridged and edited with notes and
125 1118 1927 71 vocabulary by Claude C. Spiker … and Sidney L. McGee …
127 1200 135 52 New
293 1199 178 67 York,
498 1200 76 52 H.
605 1199 145 52 Holt
777 1200 111 52 and
917 1216 279 51 company
1232 1232 11 34 [
1248 1206 18 21 c
1272 1201 132 50 1935
1410 1231 12 34 ]

196 1272 1165 49 xii p., 1 l., 229, clxii p. double map. 17 cm .
199 1328 200 41 “School
433 1329 227 40 edition.”

127 1381 52 52 ©
206 1386 112 47 Apr.
350 1387 66 44 12,
448 1385 112 41 1935;
620 1386 66 40 2c.
717 1386 114 48 Apr.
859 1385 81 49 19;
974 1385 80 41 aff.
1087 1388 112 46 Apr.
1230 1385 82 48 20;
1345 1386 40 39 A
1416 1384 169 48 81509;
1619 1386 168 47 Henry
1817 1385 122 41 Holt
1967 1385 36 40 &
2032 1395 82 37 co.,

195 1442 89 41 inc.
355 1442 249 51 (35-6209)

127 1544 189 65 Garis,
349 1548 254 53 Howard
634 1549 212 63 Roger,
876 1550 168 53 1873-

198 1623 210 66 Buddy
431 1624 112 51 and
566 1623 88 53 his
678 1626 228 65 cowboy
929 1625 96 66 pal;
1082 1642 79 48 or,
1183 1624 55 51 A
1261 1626 109 64 boy
1393 1642 72 34 on
1488 1642 31 34 a
1543 1624 193 64 ranch,
1759 1624 75 66 by
1857 1623 255 53 Howard

129 1700 1848 68 R. Garis … New York, Cupples & Leon company [ c 1935]
197 1771 1335 50 2 p. l., 207 p. front. 19½ cm . (His Buddy books)
127 1826 52 52 ©
203 1831 120 38 Mar.
350 1831 68 45 15,
445 1829 112 41 1935;
611 1830 67 40 2c.
705 1831 94 38 and
825 1829 80 41 aff.
932 1831 114 47 May
1068 1831 28 37 4;
1151 1831 39 37 A
1217 1829 146 41 81710;
1415 1829 211 49 Oupples.
1648 1830 37 40 &
1710 1831 129 39 Leon
1864 1841 66 29 co.

205 1886 250 49 (35-6274)

127 1975 290 67 Gilliland,
448 1978 191 52 Adam
667 1979 326 62 Raymond,
1027 1979 170 54 1887-

200 2052 239 55 General
473 2053 364 69 psychology,
865 2055 72 65 by
968 2053 71 53 A.
1072 2055 65 50 R.
1170 2052 299 70 Gilliland,
1499 2053 155 54 John
1686 2053 55 54 J.
1774 2053 65 53 B.
1871 2055 245 68 Morgan

130 2130 1984 69 and S. N. Stevens … Boston, New York [etc.] D. C. Heath
129 2208 112 52 and
270 2227 275 50 company
579 2212 172 64 [c1935]

199 2280 81 46 vii,
309 2279 87 40 462
428 2291 42 37 p.
531 2281 141 47 illus.,
703 2281 178 46 diagrs.
940 2280 59 40 20½
1028 2283 45 21 cm
1078 2314 7 7 .

200 2337 261 40 Published
499 2338 51 38 in
587 2337 113 40 1930
739 2339 153 38 under
927 2339 108 38 title;
1102 2338 205 40 General
1346 2339 292 49 psychology
1674 2340 79 39 for
1792 2341 322 48 professional

129 2394 234 40 students.

201 2450 1603 50 “This new edition … contains numerous changes.”—Pref.
201 2506 245 41 “Selected
473 2505 299 42 references”
799 2510 50 37 at
873 2508 91 39 end
991 2507 52 39 of
1067 2508 118 39 each
1211 2508 214 46 chapter.

129 2563 52 52 ©
213 2567 110 40 Feb.
356 2566 69 47 25,
458 2565 112 41 1935;
630 2566 67 40 2c.
729 2566 114 47 Apr.
875 2567 24 37 1;
962 2565 82 40 aff.
1075 2567 113 46 Apr.
1221 2567 54 38 15;
1337 2567 41 38 A
1409 2567 146 39 81440;
1613 2569 56 39 D.
1744 2600 8 8 C.
1785 2569 163 41 Heath
1980 2570 36 40 &
2046 2579 68 31 co.

200 2624 279 49 [Copyright
506 2623 42 40 is
573 2623 203 40 claimed
804 2633 59 27 on
888 2633 104 28 new
1019 2623 241 48 material]
1332 2622 249 49 (35-6328)

128 2713 287 65 Glasgow,
447 2715 234 54 Samuel
712 2713 397 64 McPheeters,
1145 2720 168 47 1883-

193 2790 176 68 Daily
413 2789 376 63 communion,
832 2790 74 67 by
953 2788 228 55 Samuel
1227 2789 365 53 McPheeters
1637 2789 284 70 Glasgow.
2014 2789 99 70 (2d

124 2866 113 68 ed.)
304 2866 200 55 Grand
526 2867 238 67 Rapids,
787 2866 192 67 Mich.,
1001 2866 149 54 Wm.
1175 2868 66 49 B.
1269 2866 316 54 Eerdmans
1608 2868 333 69 publishing
123 2887 1965 125 company,
327 2948 149 49 1934.

199 3017 521 50 5 p. l., 399 p. 17 cm .
130 3072 56 52 ©
217 3076 128 39 June
375 3076 69 45 28,
479 3074 112 41 1933;
654 3074 67 40 2c.
757 3075 97 39 and
886 3074 81 40 aff.
1005 3075 111 46 Apr.
1153 3076 41 45 1,
1228 3074 141 47 1935;
1406 3075 42 39 A
1484 3074 169 49 82310;
1695 3076 44 41 S.
1776 3078 63 39 M.
1876 3076 240 50 Glasgow,

201 3133 273 46 Savannah,
509 3132 83 40 Ga.
663 3130 248 49 (35-6286)

130 3220 206 65 Grant,
366 3221 313 55 Frederick
709 3221 239 66 Clifton,
977 3227 170 50 1891-
1358 3224 83 51 ed.
1470 3225 115 50 and
1612 3231 67 49 tr.

194 3299 174 51 Form
399 3296 297 69 criticism;
731 3316 31 34 a
791 3316 122 34 new
942 3295 229 56 method
1204 3298 63 53 of
1298 3298 138 53 New
1469 3299 326 52 Testament
1826 3301 284 66 research;

127 3376 295 67 including
451 3376 120 51 The
599 3376 170 68 study
800 3375 64 56 of
890 3376 94 52 the
1015 3373 280 70 Synoptic
1324 3378 240 66 gospels,
1593 3377 75 68 by
1697 3377 222 52 Rudolf
127 3379 1961 141 Bultmann,

351 3453 112 52 and
500 3452 301 53 Primitive
842 3452 380 69 Christianity
1258 3452 61 52 in
1358 3454 95 51 the
1490 3453 149 69 light
1678 3454 64 51 of
1780 3453 210 70 Gospel
127 3474 1963 124 research,
373 3531 77 66 by

483 3530 148 51 Karl
667 3529 296 67 Kundsin;
1001 3530 314 53 translated
1350 3530 76 69 by
1463 3531 308 52 Frederick
1809 3531 63 55 C.
1909 3531 203 55 Grant.

129 3605 267 70 Chicago,
422 3606 139 53 New
589 3606 178 68 York,
795 3607 240 67 Willett,
1064 3605 175 55 Clark
1265 3609 46 50 &
1339 3625 296 50 company,
1665 3611 148 51 1934.

201 3679 545 50 3 p. l., 161 p. 19½ cm .
202 3737 315 41 Translation
558 3737 52 39 of
653 3736 116 39 “Die
814 3736 319 48 erforschung
1174 3738 86 38 der
1301 3736 341 49 synoptischen
1687 3740 324 48 evangelien”,
2056 3742 58 48 by

134 3793 53 39 R.
223 3794 57 38 K.
315 3795 278 43 Bultmann,
630 3794 95 38 and
760 3793 128 39 “Das
922 3792 381 40 Urchristentum
1336 3794 66 38 im
1436 3793 150 40 lichte
1618 3795 87 39 der
1737 3796 379 47 evangelienfor-

135 3848 1981 49 schung”, by Karl Kundsin, which were published as volumes I and II of
133 3906 82 41 the
243 3906 162 46 series,
437 3905 128 40 “Aus
597 3907 85 38 der
709 3905 113 40 welt
853 3906 85 38 der
967 3904 216 48 religion,
1214 3905 496 41 Neutestamentliche
1741 3908 176 41 reihe”.

136 3958 51 53 ©
216 3963 116 39 Nov.
364 3964 39 45 1,
434 3961 114 41 1934;
604 3961 67 40 2c.
702 3962 113 46 Apr.
847 3961 67 45 22,
946 3961 116 39 1935;
1118 3961 81 40 aff.
1232 3962 112 47 Apr.
1375 3963 28 37 4;
1461 3962 40 39 A
1532 3963 146 40 82610;
1734 3964 201 47 Willett,
1967 3965 148 41 Clark

203 4018 36 40 6
264 4030 66 29 co.
401 4017 248 50 (35-6288)
