2424 4375
997 4073 132 54 1179

86 462 226 63 Bolton,
342 461 244 55 Charles
611 461 290 64 Knowles,
932 463 169 55 1867-

154 538 176 51 Terra
369 537 192 52 Nova:
598 538 94 51 the
729 538 294 51 northeast
1061 543 153 47 coast
1251 537 64 53 of
1352 537 266 53 America
1659 538 200 53 before
1899 541 162 65 1602;

86 614 196 53 annals
317 613 65 54 of
414 613 275 68 Vinland,
724 614 328 69 Markland,
1089 614 347 68 Estotiland,
1473 615 247 69 Drogeo,
1758 615 306 54 Baccalaos

86 692 111 52 and
234 690 380 69 Norumbega,
651 691 78 68 by
767 691 234 54 Charles
1039 691 269 54 Knowles
1349 692 240 68 Bolton;
1633 693 140 53 with
85 692 1952 130 illustrations
259 769 74 68 by
363 769 171 52 Ethel
565 768 307 55 Stanwood
903 769 228 55 Bolton.
1199 770 234 69 Boston,
1466 770 66 53 F.
1562 770 91 54 W.
1684 771 201 53 Faxon
82 790 1957 125 company,
280 850 150 49 1935.

156 918 1905 51 xiii p., 1 l., 194 p. incl. front. illus., maps, geneal. tab. pl. 22cm.
97 976 293 49 (Half-title:
417 975 172 41 Useful
616 975 243 41 reference
888 976 164 47 series,
1078 986 74 30 no.
1183 975 80 49 56)

156 1046 324 49 “Companion
512 1046 187 41 volume
717 1056 10 30 :
761 1047 101 39 The
896 1048 104 39 real
1029 1046 236 41 founders
1296 1047 52 40 of
1381 1047 118 41 New
1532 1047 235 51 England,
1805 1050 174 41 stories
2016 1050 53 40 of

86 1104 125 40 their
237 1104 86 41 life
345 1105 145 46 along
513 1105 82 39 the
618 1106 146 45 coast,
791 1102 410 49 1602-1628.”—p.
1232 1103 65 51 [ii]

156 1159 226 42 “Several
407 1170 200 37 persons
634 1161 200 46 reputed
860 1162 48 38 to
936 1160 126 41 have
1086 1160 119 41 been
1235 1170 62 30 on
1324 1161 81 41 the
1434 1162 146 39 north
1605 1164 107 39 east
1738 1164 136 39 coast
1899 1162 168 41 before

83 1215 259 50 1602.”—p.
377 1215 216 43 157-187.

87 1287 51 53 ©
160 1291 117 46 Aug.
305 1288 70 49 21,
403 1287 114 42 1935;
573 1288 68 40 2c.
669 1289 95 38 and
790 1288 82 39 aff.
900 1288 118 47 Aug.
1047 1288 58 39 26;
1160 1288 42 39 A
1229 1288 141 41 85623;
1429 1289 52 40 F.
1510 1290 71 40 W.
1612 1290 171 40 Faxon
1809 1302 67 29 co.

163 1345 277 50 (35-14829)

82 1451 211 64 Brody,
323 1450 353 62 Alexander,
710 1455 163 49 1903-

82 1526 1959 145 The American state and higher education; the legal, political and constitutional relationships, by Alexander Brody …
82 1681 394 66 Washington,
508 1681 72 51 D.
617 1679 81 67 C.,
730 1678 306 54 American
1069 1680 218 53 council
1321 1699 71 34 on
1425 1680 318 65 education,
1777 1685 151 50 1935.

149 1754 81 48 vii,
259 1750 85 44 251
373 1764 45 38 p.
476 1752 146 41 23½cm.

152 1823 270 48 “Prepared
462 1822 79 41 for
581 1822 83 42 the
701 1819 257 42 American
999 1821 186 41 council
1226 1832 59 30 on
1326 1821 260 41 education
1624 1822 126 47 joint
1791 1824 272 42 committee

82 1879 118 41 with
237 1881 81 39 the
358 1878 157 41 Social
556 1877 186 42 science
780 1878 226 40 research
1043 1877 189 41 council
1268 1889 60 29 on
1365 1878 395 44 administrative
1797 1881 176 48 phases
2013 1883 51 40 of

83 1939 124 37 state
239 1936 308 41 educational
582 1937 218 45 systems.
863 1933 167 41 Albert
1066 1933 53 41 B.
1154 1933 255 49 Meredith,
1444 1935 402 51 chairman.”—p.
1884 1938 65 50 [ii]

151 1992 174 42 “Cases
355 1991 155 42 cited”
528 2002 10 30 :
570 2002 44 38 p.
645 1990 215 41 232-241.

151 2049 131 41 “List
309 2050 50 40 of
386 2047 290 42 authorities
704 2046 155 42 cited”
876 2057 10 30 :
915 2057 45 39 p.
986 2045 215 43 242-246.

86 2117 51 53 ©
163 2121 115 48 July
305 2121 38 47 8,
373 2119 141 47 1935;
543 2118 66 40 2c.
639 2119 97 38 and
764 2117 81 40 aff.
874 2118 116 47 July
1018 2117 81 46 16;
1132 2117 44 40 A
1199 2116 170 48 84656;
1400 2117 159 41 Amer.
1589 2118 187 41 council
1808 2131 60 29 on
150 2121 1897 105 education,
292 2177 90 40 inc.
452 2173 278 51 (35-14859)

79 2281 348 62 Brousseau,
456 2278 150 54 Jule.

144 2357 55 52 A
247 2354 229 70 preface
524 2359 58 48 to
628 2351 296 69 maturity,
969 2353 74 67 by
1092 2351 136 55 Jule
1275 2353 335 53 Brousseau.
1697 2353 140 54 New
1885 2353 180 70 York,

79 2435 241 52 Thomas
349 2432 71 53 Y.
452 2431 243 54 Crowell
725 2448 278 50 company
1055 2433 174 64 [c1935]

146 2513 585 51 4 p. l., 3-458 p. 21cm.
87 2582 49 53 ©
163 2587 117 47 Aug.
308 2586 68 47 15,
405 2584 140 42 1935;
576 2585 66 39 2c.
674 2584 126 47 Sept.
831 2583 51 40 6:
910 2582 82 40 aff.
1025 2582 128 48 Sept.
1182 2583 52 47 5;
1265 2583 42 39 A
1334 2583 170 47 85789;
1534 2584 215 41 Thomas.
1773 2585 53 39 Y.
1860 2585 204 41 Crowell

150 2653 65 30 co.
285 2641 277 50 (35-14891)

80 2743 232 65 Brusse,
340 2746 138 51 Mrs.
505 2744 132 52 Bun
663 2744 201 53 Bates.

149 2818 1913 69 An activity program in action, by Bun Bates Brusse … and
78 2896 1985 68 an introductory chapter and edited by Fred C. Ayer … Dallas,
85 2976 62 52 B.
175 2976 253 67 Upshaw
454 2975 113 52 and
593 2993 278 48 company
904 2977 171 64 [1935]

150 3046 674 51 1 p. l., v-ix, 197 p. 19cm.
150 3115 343 51 Bibliography
511 3128 8 28 :
553 3128 44 38 p.
635 3116 245 51 [185]-197.

86 3182 49 53 ©
158 3187 110 48 Apr.
297 3189 38 45 5,
363 3187 117 41 1935;
531 3187 67 40 2c.
627 3188 94 39 and
750 3187 80 39 aff.
858 3187 120 47 Aug.
1006 3186 59 40 10;
1116 3187 42 38 A
1185 3186 142 40 84904;
1385 3187 165 39 Banks
1581 3187 213 47 Upshaw
1821 3187 36 40 &
1884 3198 68 29 co.

162 3243 275 49 (35-14860)

85 3341 207 69 Burns,
317 3346 202 54 James
543 3347 237 64 Joseph,
810 3352 169 49 1910-

241 3420 1821 69 … The colonial agents of New England, by James J. Burns
144 3496 1917 71 … Washington, D. C., The Catholic university of America,
86 3574 142 51 1935.

182 3675 10 16 v,
216 3645 87 41 156
327 3657 58 38 p.,
413 3647 27 40 1
489 3679 7 8 l.
557 3647 115 41 23cm.

150 3712 64 41 At
242 3714 123 41 head
393 3716 54 40 of
475 3717 135 40 title:
642 3718 100 39 The
773 3717 219 41 Catholic
1020 3718 271 47 university
1322 3717 51 40 of
1404 3718 236 41 America.

151 3769 167 42 Thesis
358 3772 106 48 (PH.
527 3772 324 48 D.)—Catholic
880 3774 270 47 university
1183 3774 52 40 of
1265 3774 235 39 America.

151 3824 126 41 Vita.

152 3879 433 52 “Bibliographical
616 3883 139 41 note”
775 3895 9 29 :
817 3897 43 36 p.
889 3884 217 40 150-152.

88 3945 49 53 ©
161 3953 112 48 July
292 3955 69 47 25,
385 3956 111 40 1935;
550 3956 65 41 2c.
641 3959 95 38 and
760 3957 81 40 aff.
864 3958 119 46 Aug.
1007 3955 26 41 9;
1088 3957 42 38 A
1151 3955 141 41 84905;
1349 3956 220 41 Catholic
1593 3956 128 41 univ.
1748 3956 53 40 of
1823 3955 236 40 America.

163 4009 274 51 (35-14532)
