2424 4375
1011 4038 99 49 865

84 419 260 64 Alsaker,
371 418 172 53 Anna
570 419 180 54 Lana.

149 496 118 51 The
304 493 250 54 sun-diet
593 494 138 53 cook
769 493 162 68 book,
969 494 74 67 by
1083 495 171 52 Anna
1293 496 160 51 Lana
1491 494 244 53 Alsaker
1781 539 56 8 …
1917 496 141 51 East

83 570 1738 68 Aurora, N. Y., Sun-diet health foundation, inc. [ c 1935]
151 644 77 49 vii,
253 644 86 40 440
365 654 42 38 p.
466 643 55 40 23½
554 645 43 21 cm
602 673 8 9 .
681 642 99 48 (On
806 653 140 31 cover;
991 644 101 39 The
1121 642 219 43 Sun-diet
1367 642 208 49 library)

151 715 70 42 On
248 724 139 31 cover;
442 714 101 40 The
569 713 213 42 sun-diet
809 725 107 37 way
944 716 47 39 to
1019 714 181 41 health.

152 772 218 40 Includes
399 771 148 40 blank
576 782 145 37 pages
750 772 79 39 for
858 772 322 39 memoranda.

81 839 49 53 ©
158 844 108 46 Apr.
296 842 38 46 1,
365 840 138 48 1935;
533 842 65 39 2c.
630 843 94 38 and
754 841 81 41 aff.
864 841 127 40 June
1019 841 81 46 20;
1135 841 39 39 A
1206 840 169 48 83712;

1411 840 222 41 Sun-diet
1659 840 168 41 health
146 840 1895 105 foundation,
284 898 89 41 inc.
442 897 249 49 (35-9175)

83 1000 303 54 American
421 1002 219 52 federal
676 1007 97 47 tax
809 1006 246 63 reports;
1096 1020 30 33 a
1162 1001 331 53 convenient
1529 1000 294 53 collection
1860 999 63 54 of
144 1018 1890 129 unabridged

450 1085 163 48 court
645 1078 272 54 decisions
955 1080 152 53 from
1141 1098 167 49 every
1343 1079 306 53 American
1682 1083 378 48 court—state

151 1158 108 52 and
292 1157 421 53 federal—that
740 1158 101 52 has
871 1158 113 52 had
1017 1158 194 53 before
1241 1160 46 51 it
1317 1158 282 67 problems
1632 1154 216 71 arising
1879 1156 180 53 under

143 1236 93 53 the
259 1236 218 53 federal
500 1243 98 47 tax
621 1238 150 50 laws.
832 1254 49 34 v.
910 1240 65 48 14
1002 1278 55 10 …
1121 1236 176 52 Table
1320 1236 62 53 of
1408 1254 166 49 cases,
1597 1236 463 53 cross-reference

147 1314 148 52 table
321 1316 110 51 and
458 1314 172 52 index
656 1314 266 68 covering
946 1317 250 50 volumes
1226 1321 27 48 1
1282 1320 60 49 to
1370 1317 78 50 14.
1513 1316 137 51 New
1678 1314 179 68 York,
148 1315 1888 143 Prentice-Hall,

465 1394 126 64 inc.,
622 1395 149 50 1935.

144 1492 40 34 v,
214 1480 109 39 1471
356 1490 42 37 p.
457 1479 55 40 25½
545 1482 42 20 cm
592 1510 8 8 .

81 1546 49 53 ©
155 1552 122 39 June
301 1551 67 47 18,
394 1550 111 41 1935;
556 1550 67 40 2c.
646 1551 96 39 and
767 1550 82 39 aff.
871 1550 114 47 July
1009 1550 57 40 15;
1117 1550 39 39 A
1180 1549 142 41 84633;
1378 1551 135 39 West
1534 1550 109 49 pub.
1668 1560 66 30 co.

81 1693 237 65 Annett,
348 1694 150 54 Fred
527 1693 242 64 Anzley.

147 1769 242 54 Electric
422 1770 293 68 elevators,
749 1771 146 54 their
931 1769 214 70 design,
1181 1769 400 70 construction,
1615 1770 294 68 operation
1945 1772 111 53 and

81 1847 396 67 maintenance,
501 1849 74 67 by
600 1850 64 52 F.
690 1850 72 52 A.
785 1850 218 52 Annett
1032 1894 55 9 …
1165 1850 72 52 2d
1263 1849 84 52 ed.
1422 1849 138 53 New
1586 1850 161 52 York
1772 1850 110 52 and
81 1851 1949 143 London,

228 1925 426 56 McGraw-Hill
680 1926 146 53 book
854 1944 293 50 company,
1178 1925 124 68 inc.,
1334 1931 147 49 1935.

148 2013 92 49 xiv,
268 2013 86 41 495
380 2024 29 38 p
413 2046 10 23 ;
482 2012 142 49 illus.,
654 2011 178 51 diagrs.
860 2013 133 48 (part
1020 2012 144 47 fold.)
1231 2013 55 41 23½
1319 2016 43 22 cm
1367 2045 9 10 .

80 2081 49 53 ©
154 2086 123 39 June
302 2085 68 46 11,
395 2083 113 41 1935;
564 2084 66 40 2c.
659 2085 127 39 June
811 2084 80 47 13;
921 2083 81 41 aff.
1029 2084 128 40 June
1183 2084 81 47 15;
1293 2085 40 38 A
1360 2084 170 48 83583;
1561 2085 347 40 McGraw-Hill
1938 2086 122 40 book

143 2152 78 36 co.,
250 2142 89 40 inc.
411 2140 249 48 (35-9177)

80 2243 305 65 Barbusse,
417 2245 202 62 Henri,
654 2245 166 54 1874-

155 2363 53 11 …
261 2321 248 68 Staline;
559 2340 78 35 un
678 2321 205 55 monde
927 2339 258 35 nouveau
1232 2339 75 35 vu
1350 2322 36 51 à
1433 2327 222 49 travers
1697 2340 78 35 un
1820 2323 237 54 homme.

90 2399 193 68 [Paris]
320 2399 66 53 E.
418 2399 391 53 Flammarion
842 2401 171 65 [1935]

146 2485 461 50 320, [2] p. 18 ½ cm .
80 2551 1922 53 © Apr. 11, 1935; 1c. Apr. 19; A- Foreign 27687; Ernest Flammarion.
155 2611 245 49 (35-9107)

105 2714 201 65 [Booth,
334 2716 223 52 Walter
584 2716 307 65 Sherman]
927 2718 323 51 1827-1901.

148 2792 117 52 The
289 2792 283 67 township
596 2793 230 51 manual
853 2792 92 52 for
970 2792 95 53 the
1089 2797 143 48 state
1258 2790 63 56 of
1345 2792 322 54 Minnesota;
1725 2813 30 33 a
1782 2796 273 66 complete

86 2869 163 66 guide
280 2870 93 51 for
404 2875 151 48 town
589 2867 205 57 officers
829 2869 57 54 in
920 2870 148 52 their
1101 2870 225 53 various
1362 2871 183 53 duties
1578 2872 180 52 under
1792 2872 94 54 the
1920 2875 136 52 laws

85 2946 59 53 of
171 2947 332 54 Minnesota.
571 2951 88 63 By
688 2950 190 53 James
909 2950 69 51 D.
1013 2946 239 55 Shearer
1288 2990 54 10 …
1412 2950 133 51 34th
1575 2950 102 66 ed.,
1707 2951 167 53 June,
1906 2955 147 50 1935.

83 3025 1714 70 Minneapolis, Minn., Walter S. Booth & son. inc. [ c 1935]
146 3098 636 49 6 p. l., 17-529 p. 19½ cm .
148 3168 69 40 On
241 3179 138 30 cover;
434 3168 199 40 Booth’s
657 3168 243 47 township
923 3168 210 39 manual.
1196 3168 286 42 Minnesota.

84 3232 48 53 ©
156 3237 112 49 July
296 3238 67 48 12,
392 3239 138 46 1935;
559 3238 66 41 2c.
656 3239 95 39 and
778 3238 81 40 aff.
889 3239 115 47 July
1031 3239 54 39 17;
1144 3240 41 37 A
1214 3239 168 47 85080;
1416 3240 184 41 Walter
1632 3240 44 42 S.
1706 3242 155 40 Booth
1892 3243 35 40 A
1956 3253 99 39 son,

147 3293 85 42 inc.

86 3394 113 64 Boy
224 3401 199 51 scouts
447 3399 63 52 of
537 3398 292 54 America.

142 3470 320 55 Handbook
497 3472 93 53 for
619 3472 138 69 boys
796 3514 56 10 …
923 3472 138 52 New
1094 3473 162 52 York
1289 3473 133 69 city,
1455 3474 121 53 The
1611 3476 125 69 Boy
1772 3484 182 47 scouts
1990 3477 64 54 of

77 3545 481 72 America [ c 1935]
148 3621 959 50 2 p. l., 3-658 p. illus., diagrs. 18 cm .
150 3678 243 42 Half-title;
449 3679 206 41 Revised
686 3680 255 39 handbook
968 3679 79 40 for
1076 3680 129 47 boys.
1264 3680 75 40 1st
1369 3681 86 47 ed.,
1487 3683 310 47 twenty-first
1826 3683 229 52 printing,

85 3742 83 31 one
190 3735 215 41 hundred
432 3737 241 39 thousand
699 3736 171 48 copies.

149 3790 149 41 Music;
354 3804 42 35 p.
425 3792 214 40 578-586.

150 3846 217 42 Includes
394 3846 301 49 advertising
721 3849 192 39 matter.

83 3909 51 53 ©
156 3916 107 47 Apr.
287 3917 68 47 22,
379 3917 114 41 1935;
546 3917 66 40 2c.
638 3918 113 46 Apr.
777 3915 58 41 29;
884 3917 82 39 aff.
992 3917 111 47 Apr.
1129 3916 58 41 30;
1240 3918 41 38 A
1304 3917 145 42 81646;
1502 3920 102 50 Boy
1631 3925 162 38 scouts
1817 3924 52 40 of
150 3926 1887 93 America,
257 3973 88 40 inc.
414 3973 248 48 (35-9158)
