2424 4375
1246 4091 135 51 1248

387 538 71 48 30,
489 539 54 49 [2]
572 550 43 37 p.
671 540 85 40 col.
782 540 127 41 illus.
962 541 57 38 24½
1051 543 45 22 cm
1099 573 9 10 .

387 594 287 43 Illustrated
717 596 361 50 lining-papers.

388 651 433 51 “Lithographed.”

388 708 202 42 “Junior
618 720 136 38 press
785 709 189 42 books.”

319 776 53 53 ©
396 781 120 47 Aug.
544 781 39 45 1,
610 780 140 46 1935;
780 779 67 41 2c.
877 781 128 47 Sept.
1033 780 81 47 16;
1147 779 82 41 aff.
1260 781 127 48 Sept.
1416 782 81 45 13;
1528 782 41 38 A
1598 781 169 48 87004;
1798 783 167 39 Albert
1993 782 252 41 Whitman
2270 784 36 41 &

387 848 67 30 co.
524 836 280 50 (35-16050)

320 939 243 65 Hurley,
592 942 137 51 Mrs.
759 940 271 53 Beatrice
1058 940 147 54 Jane
1237 940 245 66 (Davis)

389 1014 1918 70 School boys of long ago … by Beatrice D. Hurley and Ina
320 1090 1987 73 C. Sartorius; illustrated by Henry Rood, jr. … New York,
317 1169 65 54 T.
411 1169 209 55 Nelson
649 1170 114 55 and
789 1188 144 51 sons,
962 1172 151 51 1935.

385 1244 29 39 2
436 1256 43 29 v.
532 1244 190 48 fronts.,
750 1244 128 41 illus.
931 1244 56 41 19½
1019 1246 44 22 cm
1067 1275 9 10 .
1142 1244 125 49 (Our
1293 1244 242 49 changing
1560 1245 176 48 world)

388 1302 287 40 Illustrated
709 1301 358 49 lining-papers.

319 1354 53 53 ©
401 1359 118 47 Aug.
552 1359 68 47 14,
652 1357 140 47 1935;
825 1370 44 28 v.
899 1359 39 47 1,
968 1359 66 39 2c.
1065 1358 121 48 Aug.
1217 1359 82 45 17;
1333 1358 81 40 aff.
1448 1358 120 47 Aug.
1601 1358 81 46 16;
1714 1370 42 28 v.
1789 1358 40 49 2,
1861 1358 67 41 2c.
1961 1360 119 47 Aug.
2112 1360 82 47 20;
2226 1359 79 40 aff.

390 1415 120 48 Aug.
535 1415 82 46 21;
644 1416 41 38 A
709 1414 156 48 85529,
922 1414 140 47 85574;
1093 1415 214 39 Thomas
1327 1415 179 40 Nelson
1533 1415 37 39 &
1595 1425 125 30 sons.

397 1470 280 50 (35-15911)

322 1577 84 63 Ill,
435 1577 252 53 Edward
714 1577 238 65 Joseph,
983 1582 171 50 1854-

390 1651 122 53 The
538 1651 220 69 history
784 1651 64 53 of
872 1670 97 50 my
994 1651 226 69 family,
1246 1651 75 70 by
1351 1651 253 53 Edward
1632 1651 56 55 J.
1715 1651 97 68 Ill,
1838 1669 67 36 m.
1931 1671 49 33 d.
2042 1651 262 69 Newark,

318 1728 68 53 N.
415 1729 76 68 J.,
521 1729 187 68 Soney
733 1730 46 52 &
807 1727 149 71 Sage
982 1748 98 46 co.,
1107 1731 151 51 1935.

395 1801 58 41 88
487 1812 44 38 p.
597 1801 164 49 front.,
798 1802 171 48 plates,
1008 1803 164 47 ports.,
1212 1802 135 40 coats
1387 1801 54 40 of
1477 1811 144 39 arms,
1663 1802 181 48 geneal.
1885 1800 170 50 tables,
2093 1800 212 41 facsims.

319 1857 56 41 23½
409 1859 44 21 cm
456 1889 9 9 .

322 1912 53 53 ©
401 1917 115 47 July
544 1915 67 49 12,
640 1915 140 49 1935;
811 1916 66 41 2c.
907 1917 95 39 and
1031 1916 81 41 aff.
1140 1917 120 47 Aug.
1288 1917 83 46 15;
1400 1916 42 40 A
1470 1916 169 47 84943;
1669 1917 52 39 E.
1752 1918 44 39 J.
1895 1949 8 15 Ill,
1930 1917 222 47 Newark,
2180 1917 53 40 N.
2264 1918 42 40 J.

401 1973 281 48 (35-16023)

321 2077 429 52 International
792 2076 222 68 clinics;
1062 2095 30 34 a
1135 2076 290 68 quarterly
1467 2076 62 53 of
1572 2075 323 54 illustrated
1938 2077 224 53 clinical
389 2079 1894 129 lectures

572 2154 1735 68 and especially prepared original articles … by leading
389 2233 274 53 members
703 2233 66 51 of
806 2233 94 53 the
940 2232 241 54 medical
1221 2231 320 68 profession
1583 2233 352 67 throughout
1974 2233 97 53 the
2111 2233 192 53 world.

393 2310 1914 67 Edited by Louis Hamman, M. D. … with the collaboration
392 2386 1854 68 of Francis Gilman Blake, M. D. … Vernon C. David, M. D. …
416 2466 112 53 [and
559 2466 205 66 others]
837 2466 224 52 volume
1090 2469 47 49 3.
1205 2462 344 70 Forty-fifth
1583 2465 185 67 series,
1803 2469 148 50 1935.
392 2467 1890 145 Philadelphia,
574 2544 286 53 Montreal
911 2549 120 61 [etc.]
1065 2545 54 53 J.
1152 2546 66 49 B.
1246 2543 337 67 Lippincott
1611 2561 279 49 company
1924 2578 12 33 [
1942 2551 17 21 c
1964 2548 131 48 1935
2103 2577 12 34 ]

389 2618 101 46 viii,
515 2617 85 40 337
629 2627 42 37 p.
729 2617 86 39 col.
839 2617 163 46 front.,
1030 2615 143 48 illus.,
1202 2616 171 47 plates,
1402 2614 178 49 diagrs.
1636 2616 55 40 23
1695 2618 45 20 cm
1744 2647 8 9 .

387 2674 343 47 “Supplement
756 2673 290 47 September,
1072 2671 126 41 1935.
1253 2669 204 43 Clinical
1476 2681 108 30 case
1600 2671 415 50 studies.”—([12]
2036 2671 68 49 p.)
2131 2670 98 42 laid
2245 2669 60 43 in.

324 2726 53 52 ©
403 2731 120 46 Aug.
549 2730 71 47 29,
647 2728 139 47 1935;
815 2730 66 38 2c.
909 2730 95 38 and
1032 2728 82 39 aff.
1142 2728 127 47 Sept.
1298 2728 82 46 28;
1412 2729 42 37 A
1478 2728 169 47 87312;
1676 2729 43 38 J.
1749 2729 53 38 B.
1831 2727 278 48 Lippincott
2134 2738 67 29 co.

326 2847 240 63 Jordan,
595 2846 205 53 Edwin
828 2845 212 64 Oakes,
1070 2850 170 50 1866-

393 2916 1853 72 A textbook of general bacteriology, by Edwin O. Jordan …
326 3000 131 53 11th
498 3000 103 66 ed.,
642 2999 240 67 entirely
924 3003 161 63 reset,
1127 2996 152 69 fully
1320 2996 338 55 illustrated.
1750 2995 403 70 Philadelphia
2197 2994 106 53 and

323 3077 255 68 London,
603 3076 88 53 W.
718 3076 67 53 B.
815 3074 284 55 Saunders
1126 3091 292 51 company,
1446 3076 149 50 1935.

393 3146 87 42 825
509 3157 30 38 p.
613 3147 126 40 illus.
767 3146 136 48 (part
934 3146 111 47 col.)
1084 3146 104 39 fold.
1234 3147 127 48 plan,
1394 3147 192 47 diagrs.,
1618 3146 118 41 fold.
1766 3146 142 40 form.
1967 3146 57 39 24
2026 3148 43 21 cm
2074 3177 10 9 .

396 3203 75 40 “It
509 3204 89 39 has
634 3204 119 39 been
789 3211 255 38 necessary
1082 3204 49 38 to
1169 3202 193 40 rewrite
1400 3211 146 39 many
1583 3202 217 48 portions
1857 3202 52 40 [of
1944 3202 99 41 this
2081 3199 220 51 book]”—

324 3259 130 42 Pref.
482 3261 49 39 to
556 3260 113 40 11th
693 3260 71 39 ed.

327 3316 53 53 ©
405 3321 119 46 Aug.
553 3318 69 48 20,
649 3318 140 47 1935;
818 3318 66 39 2c.
913 3319 95 38 and
1037 3316 82 41 aff.
1147 3317 119 47 Aug.
1294 3316 82 47 24;
1405 3316 42 39 A
1473 3316 169 47 86061;
1675 3317 69 39 W.
1777 3317 54 39 B.
1861 3316 246 40 Saunders
2132 3325 64 30 co.

407 3375 279 49 (35-16034)

327 3476 231 63 Kuhne,
588 3475 332 55 Frederick.

392 3543 1906 76 The finger print instructor, by Frederick Kuhne … based
325 3646 152 49 upon
518 3628 98 52 the
660 3626 94 57 Sir
795 3627 67 52 E.
905 3627 69 52 R.
1015 3628 205 66 Henry
1259 3631 208 62 system
1508 3625 64 54 of
1611 3624 338 68 classifying
1990 3623 112 54 and
2143 3621 155 67 filing

325 3706 138 52 with
509 3706 96 51 the
645 3703 387 54 modification
1077 3705 111 52 and
1233 3702 288 55 extension
1566 3702 227 53 devised
1836 3702 75 68 by
1954 3702 95 53 the
2090 3697 207 58 United

327 3781 186 54 States
550 3783 228 51 Bureau
812 3782 62 51 of
907 3780 433 69 investigation;
1380 3802 31 32 a
1444 3784 119 47 text
1595 3779 147 53 book
1777 3780 93 50 for
1903 3779 94 51 the
2031 3777 266 69 guidance

323 3857 66 54 of
413 3857 181 69 finger
619 3857 160 68 print
806 3862 222 63 experts
1056 3858 112 52 and
1196 3875 72 34 an
1293 3857 308 52 instructor
1629 3856 92 52 for
1749 3874 228 48 persons
2004 3849 292 59 interested

326 3935 59 53 in
411 3935 95 53 the
532 3936 171 66 study
728 3936 64 52 of
817 3934 179 68 finger
1024 3933 203 69 prints.
1300 3934 72 52 2d
1400 3934 84 52 ed.
1557 3933 138 53 New
1724 3933 177 67 York,
1929 3931 181 53 Munn
2137 3933 45 50 &
2206 3943 90 50 co.,

324 4013 125 66 inc.,
480 4014 150 51 1935.
