2424 4375
1235 4103 99 49 940

285 478 220 64 Bloom,
534 480 184 63 Isaac,
752 480 168 54 1887-

279 567 1928 90 … אין גאנג פון די י אָ רען. דערציילונגען. ,ביו י אָ רק, פאר־
1903 657 376 85 ל אָ ג "בלום",
291 755 155 68 [New
482 753 176 68 York,
692 757 151 65 1934]

354 830 97 46 158,
483 829 55 48 [1]
566 839 41 37 p.
667 828 147 41 front.
844 828 171 49 (port.)
1082 828 52 39 21
1139 830 43 21 cm
1189 860 8 8 .

354 897 398 43 Author’s name בלום
1021 898 455 41 יצחק at head of title.
355 956 127 39 Title
517 955 418 47 (transliterated):
1001 956 54 37 In
1082 965 127 37 gang
1233 955 88 40 fun
1351 956 48 40 di
1427 966 161 37 yoren.

287 1008 53 53 ©
366 1014 118 45 Aug.
513 1014 70 37 12.
610 1011 112 41 1934;
779 1013 67 39 2c.
873 1014 108 38 Jan.
1008 1013 69 46 26,
1106 1013 138 46 1935;
1274 1012 83 40 aff.
1385 1014 115 46 July
1528 1013 51 46 5;
1612 1013 39 38 A
1678 1012 141 40 83920;
1883 1014 35 37 I.
1949 1013 182 46 Bloom,
2161 1013 116 38 New

358 1071 143 38 York.
571 1068 280 48 (35-10027)

283 1179 1928 94 … אין אומרו פון לעבען. דערציילונגען. ,ביו י אָ רק, פאר־
1909 1275 372 92 ל אָ ג "בלום",
294 1378 155 69 [New
487 1379 174 68 York,
694 1382 152 65 1934]

357 1452 98 49 159,
489 1455 55 48 [1]
576 1464 43 37 p.
678 1453 55 40 21
736 1456 15 21 cm
785 1484 9 10 .

358 1523 428 41 Author’s name בלום
1024 1525 455 39 יצחק at head of title.
358 1580 127 41 Title
523 1580 418 47 (transliterated):
1009 1582 56 38 In
1097 1592 140 29 umru
1264 1581 88 40 fun
1383 1581 148 40 leben.

289 1633 51 51 ©
368 1638 118 46 Aug.
516 1639 68 44 12,
613 1639 139 44 1934;
785 1639 64 37 2c.
877 1638 109 38 Jan.
1014 1638 69 40 26.
1113 1638 139 44 1935;
1283 1638 81 39 aff.
1393 1638 114 46 July
1535 1638 52 44 5;
1616 1638 40 38 A
1684 1637 168 46 83921;
1885 1640 35 36 I.
1952 1639 180 43 Bloom,
2164 1638 114 38 New

357 1694 144 39 York.
575 1693 278 46 (35-10028)

286 1794 198 66 Blunt,
515 1797 179 63 Hugh
725 1797 260 62 Francis,
1018 1800 169 52 1877-

357 1870 146 56 Give
537 1872 113 54 this
684 1891 131 34 man
851 1873 184 67 place;
1072 1873 262 67 chapters
1370 1894 70 33 on
1475 1874 95 51 the
1605 1872 104 52 life
1744 1876 111 52 and
1889 1874 290 52 character
2213 1873 62 52 of

290 1947 166 57 Saint
488 1950 232 68 Joseph,
749 1950 73 69 by
855 1951 93 52 the
980 1952 294 52 Reverend
1306 1952 180 67 Hugh
1521 1953 62 52 F.
1617 1952 197 65 Blunt,
1919 1993 9 10 LL.
1997 1994 9 10 D.
2083 1950 191 55 Union

291 2027 151 69 City,
469 2029 68 53 N.
566 2030 73 55 J.,
667 2030 120 51 The
817 2028 140 69 Sign
986 2047 155 50 press
1174 2064 10 32 [
1192 2035 17 21 c
1215 2033 134 49 1934
1353 2063 11 33 ]

357 2102 101 47 viii,
486 2101 143 41 9-251
659 2112 42 38 p.
758 2101 60 40 20½
847 2104 43 21 cm
894 2133 8 7 .

289 2155 51 52 ©
362 2160 118 38 Nov.
507 2159 67 45 12,
602 2159 139 45 1934;
767 2158 66 40 2c.
860 2160 126 38 June
1008 2159 68 45 11,
1102 2157 139 47 1935;
1268 2157 80 41 aff.
1374 2158 128 40 June
1524 2159 53 45 4;
1607 2159 39 38 A
1670 2157 142 41 84425;

1872 2156 270 42 Passionist
359 2159 1901 102 missions,
536 2217 104 46 inc.,
676 2215 155 40 Union
863 2215 122 47 City,
1017 2216 55 38 N.
1104 2216 43 38 J.
1218 2215 278 46 (35-10129)

293 2302 221 63 Boddy,
546 2302 246 54 Francis
818 2305 262 62 Murray,
1116 2309 164 49 1906-

359 2379 240 54 Federal
643 2380 399 66 expenditures
1085 2380 61 52 in
1191 2380 350 66 Minnesota;
1587 2381 149 52 their
1779 2379 360 66 significance
2185 2380 90 52 for

288 2456 96 54 the
433 2455 282 54 economic
765 2456 231 54 welfare
1045 2457 63 54 of
1158 2458 94 52 the
1299 2463 162 61 state,
1511 2457 74 66 by
1635 2456 238 53 Francis
1922 2457 78 52 M.
2054 2457 221 66 Boddy.

294 2532 418 68 [Minneapolis]
749 2534 120 52 The
898 2532 335 68 University
1265 2534 62 52 of
1357 2533 321 54 Minnesota
1708 2552 155 48 press
1919 2537 150 63 [1935]

360 2605 55 39 22
442 2616 43 37 p.
540 2605 152 49 diagr.
749 2605 55 40 23½
838 2607 42 21 cm
884 2637 9 8 .
960 2606 296 48 (Half-title:
1284 2607 99 39 The
1410 2607 95 46 day
1530 2607 95 39 and
1654 2607 121 39 hour
1803 2606 149 40 series
1980 2606 49 40 of
2058 2608 81 40 the
290 2607 1970 102 University

500 2662 51 41 of
577 2661 288 42 Minnesota,
920 2674 71 29 no.
1023 2663 77 46 11)

361 2717 294 41 “Estimates
688 2718 51 40 of
771 2717 187 40 federal
992 2718 343 47 expenditures
1370 2719 46 36 in
1452 2719 80 39 the
1567 2720 127 38 state
1729 2719 177 47 during
1940 2720 81 39 the
2055 2729 86 37 past
2199 2722 75 35 ten

288 2773 291 50 years.”—p.
630 2775 41 48 [4]

289 2828 51 52 ©
363 2833 113 46 May
498 2831 68 46 15,
590 2830 140 46 1935;
756 2831 66 38 2c.
848 2831 123 38 June
994 2828 55 41 29;
1101 2829 81 39 aff.
1205 2830 124 38 June
1353 2829 56 39 27;
1462 2830 39 38 A
1526 2829 141 41 84483;
1723 2830 278 47 University
2025 2830 52 40 of

363 2829 1896 105 Minnesota,
522 2885 335 50 Minneapolis.
926 2884 279 50 (35-27997)

291 2973 324 66 Burkhart,
643 2976 128 63 Roy
795 2974 89 65 A.,
915 2979 168 49 1895-

360 3050 260 70 Guiding
642 3050 319 53 individual
988 3051 252 68 growth;
1267 3072 30 33 a
1322 3050 310 54 discussion
1657 3050 63 52 of
1745 3054 259 64 personal
294 3052 1955 145 counseling
421 3129 57 51 in

510 3128 267 68 religious
809 3128 296 54 education
1141 3128 108 67 [by]
1286 3130 127 65 Roy
1442 3129 70 52 A.
1545 3128 310 53 Burkhart.
1930 3130 137 51 New
2106 3130 169 64 York,

291 3204 1396 69 Cincinnati [etc.] The Abingdon press [ c 1935]
361 3280 85 40 205
478 3290 42 37 p.
556 3279 109 40 inch
701 3279 142 46 illus.,
878 3279 165 40 forms.
1109 3277 54 40 20
1166 3279 43 22 cm
1216 3309 8 8 .
1296 3278 297 48 (naif-title:
1627 3278 102 39 The
1764 3277 249 48 Abingdon
2051 3276 225 49 religious

289 3333 1409 48 education texts … Guides to Christian leadership)
365 3392 179 41 Music:
578 3402 40 37 p.
651 3392 98 40 178.

364 3450 233 39 “Sources
619 3448 78 39 for
722 3448 81 39 the
829 3446 277 41 counselor”:
1164 3457 42 38 p.
1232 3445 215 42 183-189.

363 3506 123 38 “For
510 3505 196 40 further
732 3503 225 48 reading”
984 3505 52 38 at
1060 3504 81 39 the
1165 3504 90 38 end
1281 3503 52 40 of
1360 3505 122 38 most
1510 3502 51 40 of
1586 3503 81 39 the
1694 3503 237 46 chapters.

293 3557 51 52 ©
372 3562 126 39 June
525 3563 66 45 17,
617 3561 140 39 1935;
784 3560 66 40 2c.
875 3562 94 37 and
996 3560 81 39 aff.
1105 3559 126 40 June
1257 3560 81 45 18;
1369 3560 39 38 A
1436 3559 168 46 84324;
1633 3559 55 38 R.
1715 3559 54 39 A.
1798 3559 264 46 Burkhart,
363 3559 1893 104 Columbus,
493 3618 51 39 O.
614 3616 277 48 (35-10132)

291 3701 198 67 Butts,
516 3704 189 64 Mary,
734 3708 167 50 1891-

364 3777 201 54 Scenes
593 3777 148 53 from
770 3780 95 52 the
891 3778 104 52 life
1022 3779 62 51 of
1114 3780 321 65 Cleopatra,
1461 3779 73 66 by
1562 3780 169 65 Mary
1759 3781 184 49 Butts.
2018 3780 251 51 London,

292 3855 267 56 Toronto,
589 3857 87 51 W.
707 3855 376 60 Heinemann,
1110 3855 102 52 ltd.
1269 3860 149 62 [1935]

364 3927 706 47 3 p. l., ix-x. 286 p. 19½ cm .
293 3980 1977 52 © 1c. July 19, 1935; A ad int. 20406; pubd. May 27; M. Butts, Seunon
364 4040 138 42 Cove.
540 4041 255 41 Cornwall,
834 4039 233 43 England.
1137 4039 278 43 (35-10473)
