2424 4375
1071 4030 101 50 705

189 492 264 46 Classified,
482 491 118 38 with
632 490 176 40 author
837 490 92 38 and
961 487 188 47 subject
1179 488 213 39 indexes.

217 547 229 39 "Previous
479 546 375 46 bibliographies
887 554 56 29 on
980 542 369 48 propaganda”:
1384 553 41 38 p.
1459 542 219 39 402-404.

117 601 51 53 ©
194 605 77 38 May
331 604 67 40 16.
426 603 139 46 1935;
592 602 68 40 2c.
686 602 96 39 and
807 601 82 40 aff.
915 602 114 46 May
1054 601 82 46 27;
1163 601 40 38 A
1228 600 170 46 83334;
1429 597 281 49 University
1736 599 53 39 of
1816 597 289 45 Minnesota,

187 660 331 48 Minneapolis.
590 658 250 49 (35-7641)

122 750 288 62 Levburn,
440 749 201 52 James
671 748 279 54 Graham.

184 819 1922 72 Frontier folkways [by] James G. Leyburn … New Haven,
125 902 133 51 Yale
288 901 316 68 university
631 919 182 50 press;
848 901 254 66 London,
1130 900 77 51 H.
1238 898 265 67 Milford,
1533 896 229 57 Oxford
1792 895 316 69 university

117 998 165 49 press.
316 982 148 49 1935.

184 1063 41 35 x.
255 1052 83 41 291
366 1062 42 37 p.
469 1050 56 39 24½
557 1053 45 21 cm
606 1083 8 8 .

185 1108 288 41 “Published
499 1117 60 29 on
584 1108 82 40 the
691 1107 147 40 Louis
864 1106 141 41 Stern
1034 1105 245 41 memorial
1310 1104 268 48 fund.”—p.
1626 1105 68 50 [iii]

185 1164 368 47 Bibliography:
583 1174 44 37 p.
672 1163 233 51 [273]-288.

121 1219 50 53 ©
198 1225 112 38 May
335 1225 39 43 1,
401 1223 140 46 1935;
568 1222 67 40 2c.
662 1224 114 46 May
804 1223 79 46 13;
912 1222 81 39 aff.
1023 1223 115 46 May
1164 1221 81 47 11;
1275 1222 40 38 A
1429 1221 82 45 81816;
1542 1221 121 38 Yale
1690 1219 129 41 univ.
1848 1230 147 37 press.

198 1280 247 47 (35-7750)

121 1368 190 66 Logie,
342 1372 140 51 Iona
510 1372 305 61 Margaret
844 1371 349 62 Robertson,
1226 1374 171 50 1900-
1608 1369 83 52 ed.

195 1445 230 55 Careers
455 1447 60 52 in
548 1446 95 54 the
675 1444 260 69 making;
972 1445 234 54 modern
1240 1445 330 52 Americans
1602 1443 164 53 when
1802 1442 134 69 they
1969 1460 143 35 were

124 1519 1925 73 young—and on their way, edited by Iona M. R. Logie …
126 1601 130 52 New
296 1601 160 51 York
491 1602 111 51 and
635 1602 253 64 London,
922 1602 231 67 Harper
1188 1602 45 48 &
1265 1600 276 67 brothers,
1579 1601 152 50 1935.

192 1671 913 49 x, 381 p. front., illus., ports. 19½ cm.
197 1729 240 39 “Planned
477 1729 258 47 especially
775 1733 48 36 to
863 1733 192 44 present
1091 1730 83 40 the
1210 1731 136 46 early
1383 1729 229 47 training,
1652 1730 115 38 both
1805 1729 306 39 educational

127 1786 91 39 and
246 1785 287 48 vocational,
564 1787 95 38 and
691 1786 82 40 the
801 1786 106 40 first
940 1788 208 43 try-outs
1177 1797 55 29 or
1262 1786 107 40 first
1401 1786 106 48 jobs
1540 1786 157 39 which
1729 1785 185 48 figured
1949 1786 48 38 in
2031 1786 81 39 ihe

127 1842 222 47 youthful
382 1846 227 36 ventures
644 1842 51 40 of
729 1843 222 39 nineteen
987 1844 197 38 modern
1219 1842 575 42 Americans.”—Introd.

197 1900 103 40 List
329 1899 51 39 of
406 1900 112 38 four
547 1900 219 39 hundred
797 1900 331 46 biographies:
1159 1910 43 37 p.
1231 1899 217 41 357-381.

126 1955 50 53 ©
198 1961 111 46 May
333 1962 38 38 1.
397 1959 112 41 1935;
562 1959 67 40 2c.
652 1960 115 47 Apr.
791 1958 81 47 30;
900 1958 81 40 aff.
1005 1959 115 47 May
1143 1959 26 39 3;
1221 1959 41 38 A
1285 1957 170 47 83292;
1483 1959 194 47 Harper
1702 1959 35 39 &
1762 1959 125 39 bros.

195 1957 1902 108 [Copyright
352 2018 41 39 is
417 2017 206 40 claimed
648 2027 59 29 on
733 2017 210 46 changes
966 2016 97 39 and
1086 2014 252 50 revisions]
1411 2015 250 48 (35-7730)

127 2104 192 64 Mann,
347 2105 203 65 Klaus,
582 2111 170 49 1906-

122 2183 1969 144 … Fluclit in den Norden, roman. Amsterdam, Querido verlag, 1934.
193 2330 84 42 319
299 2342 41 37 p.
402 2332 54 39 19
461 2333 44 21 cm
509 2364 7 7 .

130 2385 1704 53 © Dec. 15, 1935; 1c. Apr. 4; A-Foreign 27494; Querido verlag.
205 2446 247 50 (35-7822)

130 2535 191 65 Mann,
349 2538 136 52 Mrs.
514 2537 197 53 Lucile
743 2537 293 64 (Quarry)

254 2611 1861 70 … Friendly animals, a book of unusual pets, by Lucile
126 2686 1987 71 Quarry Mann … illustrations by Benson B. Moore. New York,
124 2762 225 55 Leisure
374 2766 196 67 league
596 2764 64 55 of
686 2765 283 68 America,
998 2769 150 49 1935.

193 2835 56 40 95
271 2846 41 37 p.
371 2838 126 39 illus.
558 2836 57 41 20½cm.
774 2838 222 47 (Leisure
1021 2839 169 46 league
1216 2839 127 40 little
1367 2838 135 49 book,
1531 2848 74 31 no.
1631 2838 80 47 20)

133 2888 50 52 ©
215 2895 112 47 May
351 2897 40 40 4,
421 2895 139 47 1935;
591 2896 66 40 2c.
688 2898 96 38 and
812 2896 80 40 aff.
924 2898 114 47 May
1064 2897 53 41 9:
1149 2898 41 38 A
1218 2898 170 45 81731;
1421 2898 48 38 L.
1504 2898 51 47 Q.
1588 2899 161 40 Mann,
1782 2896 337 47 Washington.

209 2951 245 48 (35-7764)

134 3034 212 69 Meyer,
375 3040 307 66 Fulgence,
709 3043 210 64 father,
950 3046 169 50 1876-

204 3112 90 54 On
320 3116 93 51 the
439 3135 127 50 way
590 3122 59 47 to
676 3118 94 53 the
798 3124 329 61 sanctuary;
1158 3138 31 33 a
1218 3118 229 55 treatise
1472 3137 72 35 on
1571 3119 318 54 vocational
1920 3120 195 67 purity

138 3189 1917 75 for minor and major seminarists, by Rev. Fulgence Meyer …
139 3266 336 72 Cincinnati,
502 3269 85 68 O.,
615 3270 83 56 St.
725 3272 236 52 Francis
986 3272 146 53 book
1157 3272 157 69 shop,
1344 3275 150 50 1935.

204 3338 623 52 vii p., 1 l., 131 p. 17 cm .
137 3392 50 52 ©
220 3398 106 41 Feb.
358 3400 69 46 20,
461 3400 138 46 1935;
634 3402 66 39 2c.
734 3403 94 38 and
861 3402 81 40 aff.
975 3402 109 41 Feb.
1119 3403 81 47 23;
1235 3404 40 38 A
1309 3402 168 49 79798;
1516 3404 296 40 Franciscan
1844 3406 191 38 fathers
2069 3405 52 40 of

204 3455 78 38 the
310 3456 224 47 province
559 3459 51 39 of
639 3458 65 41 St.
734 3459 126 40 John
887 3460 81 39 the
994 3460 210 47 Baptist,
1231 3459 290 41 Cincinnati.
1591 3461 251 47 (35-7742)

137 3526 200 65 Miller,
366 3532 300 53 Hermann
694 3533 331 64 Frederick,
1052 3536 83 51 ed.

207 3605 216 67 Epistle
455 3628 302 49 messages;
791 3630 247 35 sermons
1069 3630 71 34 on
1171 3612 98 53 the
1297 3614 267 66 Epistles.
1632 3616 240 52 Volume
1955 3657 11 10 II.
1998 3614 120 52 The

140 3682 223 68 Trinity
400 3705 208 35 season.
683 3691 89 64 By
809 3690 92 51 the
940 3690 315 60 reverends,
1294 3691 136 54 Carl
1469 3692 60 53 C.
1569 3694 359 64 Rasmussen,
2003 3734 8 8 D.
2089 3734 29 23 D.,

143 3758 1969 76 Carolus P. Harry, D. D., G. H. Kinard. D. D. … [and others]
142 3833 203 56 Edited
371 3839 34 51 by
468 3841 295 53 Hermann
792 3845 62 50 F.
881 3845 209 51 Miller.
1155 3844 424 67 Philadelphia,
1607 3847 119 64 Pa.,
1754 3846 119 53 The
1901 3845 217 55 United

139 3911 283 57 Lutheran
452 3918 349 66 publication
830 3921 170 52 house
1214 3955 13 33 [c1935]
