2424 4375
1069 4019 100 54 753

117 403 358 62 Henderson,
502 403 313 51 Lawrence
842 399 237 64 Joseph,
1110 403 169 50 1878-

185 479 249 54 Pareto’s
475 480 243 54 General
757 478 312 66 sociology;
1113 495 30 33 a
1181 474 425 69 physiologist’s
1643 471 460 70 interpretation,

116 548 1963 155 by Lawrence J. Henderson … Cambridge, Harvard university press, 1935.
188 717 940 52 vii p., 2 l., [3]-119 p. diagr. 22cm.
116 790 51 52 ©
190 794 111 45 May
324 790 69 46 29,
417 789 140 48 1935;
582 789 67 40 2c.
675 791 115 46 May
812 789 54 40 31;
919 788 83 40 aff.
1028 789 128 38 June
1177 788 25 39 5;
1256 788 41 38 A
1320 786 141 41 84083;
1516 785 257 40 President
1794 786 96 38 and
1916 783 192 40 fellows

185 849 50 39 of
261 849 227 39 Harvard
513 848 192 46 college,
733 846 301 48 Cambridge,
1063 846 145 39 Mass.
1283 843 250 49 (35-8165)

116 953 238 64 Hjorth,
385 953 281 52 Herman.

183 1020 1923 75 Basic woodworking processes, by Herman Hjorth … New
117 1100 1984 71 York, Milwaukee [etc.] The Bruce publishing company [c1935]
180 1178 81 43 xii.
291 1178 85 40 250
402 1188 42 36 p.
508 1177 142 46 illus.,
681 1178 178 45 diagrs.
918 1175 117 41 23cm.

185 1248 277 41 "Revised.”

120 1317 50 53 ©
205 1322 111 47 Apr.
353 1320 69 48 22,
460 1319 112 41 1935;
640 1320 67 40 2c.
745 1321 116 46 May
892 1320 55 39 18;
1014 1319 80 40 aff.
1135 1320 114 47 May
1285 1319 59 39 27;
1409 1318 42 39 A
1486 1317 143 41 81982;
1695 1318 161 39 Bruce
1892 1316 108 48 pub.
2040 1326 67 29 co.

188 1378 277 49 [Copyright
489 1378 41 39 is
555 1376 203 41 claimed
783 1389 57 28 on
867 1377 237 40 revisions
1128 1378 95 38 and
1246 1374 261 49 additions]
1580 1373 251 50 (35-8194)

119 1479 249 64 Holling,
398 1479 239 64 Holling
662 1480 234 63 Clancy.

186 1558 117 55 The
335 1556 144 53 book
511 1556 63 53 of
606 1557 257 65 Indians,
890 1557 76 65 by
998 1557 246 65 Holling
1275 1556 64 55 C.
1370 1555 245 65 Holling;
1676 1553 327 54 illustrated
2033 1554 76 64 by

122 1633 71 51 H.
235 1633 61 54 C.
338 1634 112 52 and
489 1634 218 51 Lucille
747 1632 260 66 Holling.
1082 1633 141 52 New
1264 1632 178 63 York,
1480 1632 123 52 The
1642 1632 163 51 Platt
1843 1633 46 49 &
1926 1630 184 50 Munk

119 1729 92 41 co.,
242 1712 107 51 inc.
386 1712 192 64 [c1935]

187 1780 1416 50 2 p. l., 11-125 p. col. front., illus., col. plates. 28cm.
190 1839 135 49 Maps
359 1851 57 29 on
452 1839 360 49 lining-papers.

122 1906 51 52 ©
198 1911 111 47 Apr.
334 1909 69 47 22,
426 1909 112 41 1935;
590 1909 67 41 2c.
681 1910 127 39 June
831 1909 52 46 3;
912 1908 82 40 aff.
1021 1909 129 39 June
1171 1909 25 39 1;
1251 1909 42 39 A
1317 1908 169 47 83436;
1515 1909 137 39 Platt
1675 1908 39 40 &
1735 1908 151 38 Munk
1911 1916 82 33 co.,
2020 1907 90 39 inc.

199 1967 248 49 (35-8174)

122 2069 221 63 Hulett,
374 2071 64 53 O.
468 2071 61 54 C.

191 2140 1920 74 Now I’ll tell one, by O. C. Hulett … Chicago, The Reilly
122 2226 43 49 &
191 2224 108 52 Lee
324 2241 79 35 co.
456 2226 174 63 [c1935]

194 2297 82 39 128
305 2308 42 37 p.
407 2298 148 38 front.
614 2297 117 40 22cm.

125 2361 51 52 ©
204 2367 112 46 May
345 2366 68 48 28,
445 2366 113 40 1935;
617 2365 67 41 2c.
717 2368 95 38 and
846 2365 80 41 aff.
959 2368 114 46 May
1104 2365 55 41 31;
1222 2366 46 39 A
1296 2366 143 40 84003;
1501 2366 292 46 Burlington
1824 2365 134 39 liars’
1990 2363 124 47 club,

192 2423 302 48 Burlington,
526 2423 115 41 Wist
713 2423 249 49 (35-8362;)

125 2524 174 65 Huse,
328 2527 199 63 Harry
551 2524 318 66 Pinckney,
899 2532 170 49 1858-

191 2602 118 54 The
341 2601 369 55 descendants
742 2603 63 53 of
837 2603 144 53 Abel
1012 2604 159 54 Huse
1204 2604 63 52 of
1298 2603 290 64 Newbury
1628 2601 367 65 (1602-1690)
2038 2602 75 65 by

126 2678 191 66 Harry
367 2678 293 67 Pinckney
709 2680 187 66 Huse;
948 2681 141 52 with
1138 2699 72 34 an
1260 2680 291 65 appendix
1600 2680 75 63 by
1723 2679 163 53 Isaac
1936 2679 176 51 Huse.

130 2755 411 67 [Washington,
575 2757 73 51 D.
684 2756 82 66 C.,
800 2757 167 52 Press
1002 2756 63 53 of
1096 2758 92 53 W.
1223 2758 68 51 F.
1323 2757 243 52 Roberts
1602 2773 296 47 company,
1932 2758 155 48 c1935]

191 2827 85 40 438
302 2839 43 37 p.
405 2828 147 40 front.
583 2828 138 47 (fold,
751 2829 188 39 facsim.:
997 2828 25 39 2
1072 2830 34 47 l.)
1144 2829 126 40 illus.
1302 2828 161 49 (plan)
1528 2827 55 40 23½cm.

196 2882 291 50 "Appendix,
519 2885 40 37 A
589 2886 168 38 sketch
790 2885 51 40 of
872 2885 117 40 Abel
1021 2884 135 42 Huse
1187 2887 83 38 the
1301 2885 108 40 first
1440 2885 50 40 of
1522 2884 81 41 the
1636 2895 140 30 name
1809 2884 15 38 in
1892 2884 219 39 America

129 2939 91 39 and
250 2942 221 39 ancestor
506 2941 50 40 of
588 2941 66 40 all
687 2942 82 40 the
802 2940 157 42 Pluses
994 2942 50 38 in
1077 2942 100 39 this
1209 2943 218 46 country,
1461 2942 61 46 by
1556 2940 141 41 Isaac
1731 2942 135 39 Huse
1899 2940 51 41 of

128 2940 1966 97 Manchester.
351 2996 55 41 N.
434 2997 88 40 H.”
561 2998 66 47 (p.
669 2996 244 50 [357]-382)
949 2998 89 40 has
1066 2998 179 48 special
1272 3000 97 46 t.-p.

197 3051 154 42 Blank
379 3054 136 41 ruled
542 3064 146 39 pages
712 3054 77 39 for
815 3055 311 39 memoranda
1162 3053 250 50 (385-400)

130 3117 50 54 ©
204 3122 110 49 Apr.
338 3123 68 48 30,
433 3122 113 42 1935;
598 3123 67 41 2c.
689 3125 96 38 and
811 3124 79 39 aff.
919 3125 114 46 May
1058 3123 55 40 29;
1170 3125 41 38 A
1236 3123 145 40 84004;
1437 3125 60 39 H.
1525 3125 50 38 P.
1603 3125 148 45 Huse,
1780 3123 334 44 Washington.

208 3179 246 49 (35-8177)

135 3282 328 64 [Insurance
489 3285 274 52 research
789 3286 113 51 and
928 3284 214 54 review
1168 3284 243 65 service,
1437 3286 418 66 Indianapolis]

195 3357 116 54 The
344 3359 376 69 opportunity
751 3360 61 53 in
842 3360 103 52 life
978 3360 448 68 underwriting;
1463 3379 31 34 a
1530 3361 171 68 study
1733 3360 65 54 of
1830 3362 96 51 the
1957 3358 158 53 work

129 3433 61 51 of
214 3434 95 53 the
334 3436 105 52 life
463 3437 376 52 underwriter
867 3438 269 68 designed
1163 3444 58 47 to
1250 3437 172 69 guide
1449 3438 97 52 the
1572 3456 133 34 man
1733 3438 127 53 who
1889 3438 48 53 is

132 3436 1960 142 seeking
253 3532 29 33 a
315 3518 331 61 permanent
677 3515 112 52 and
819 3514 300 68 profitable
1149 3513 244 54 lifetime
1424 3534 204 34 career.
1696 3513 418 69 Indianapolis,

131 3585 48 52 R
205 3590 44 50 &
278 3590 50 51 R
359 3590 377 67 publications
772 3594 190 64 [c1935]

199 3660 25 34 5
249 3670 41 37 p.
318 3663 42 45 l.,
390 3662 170 39 13-127
585 3673 43 37 p.
689 3663 178 48 diagrs.
925 3663 55 39 21½cm.

202 3715 1916 53 "This book has been prepared by the editorial staff of R & R. … the
133 3770 133 41 trade
297 3784 139 29 name
465 3774 52 39 of
544 3776 82 39 the
654 3776 263 40 Insurance
947 3776 224 40 research
1200 3778 96 38 and
1327 3776 178 41 review
1536 3777 196 47 service,
1767 3777 348 47 Indianapolis,

136 3824 243 44 Indiana.”

137 3889 50 52 ©
213 3895 111 49 May
350 3897 68 47 23,
447 3899 139 47 1935;
617 3901 67 39 2c.
714 3901 95 39 and
837 3901 80 40 aff.
949 3903 115 47 May
1091 3902 82 47 31;
1204 3902 42 39 A
1272 3900 169 49 81995;
1473 3904 266 39 Insurance
1768 3905 224 38 research
2021 3905 96 38 and

206 3952 173 42 review
407 3955 193 41 service.
674 3957 249 48 (35-8192)
