2424 4375
1044 4052 133 53 1357

196 537 71 40 On
293 546 140 30 cover
451 547 9 28 :
488 535 357 48 Pennsylvania
875 536 203 40 election
1107 537 134 40 laws.

195 592 158 40 Blank
380 598 146 42 pages
551 593 80 39 for
659 588 368 44 “Memoranda”
1065 591 82 50 ([3]
1178 595 51 37 at
1258 591 117 48 end)

124 645 52 52 ©
201 650 120 47 Aug.
348 649 68 49 23,
445 649 112 40 1935;
611 649 67 40 2c.
707 651 95 38 and
830 649 80 40 aff.
944 649 127 47 Sept.
1100 649 51 47 5;
1180 649 41 38 A
1249 647 169 47 86165;
1450 646 216 41 William
1695 647 53 40 G.
1778 647 239 40 Johnston
2046 657 67 29 co.

207 705 279 50 (35-17611)

123 794 142 53 Flou
270 798 121 62 tan,
419 796 169 53 Allen
618 796 232 64 Brown,
882 798 169 52 1887-

196 872 167 55 Cases
395 892 72 33 on
495 873 95 54 the
622 873 109 53 law
764 872 62 52 of
857 872 273 68 pleading
1160 872 112 53 and
1302 873 265 66 practice,
1596 872 76 66 by
1699 871 172 53 Allen
1902 873 209 51 Brown

122 949 1989 68 Flouton … and Abraham Rotwein … compiled for use in
127 1022 292 74 Brooklyn
466 1030 110 51 law
625 1028 207 67 school,
881 1029 82 55 St.
1013 1030 302 51 Lawrence
1361 1027 332 68 university.
1785 1027 333 68 [Brooklyn.

122 1108 71 53 N.
220 1108 90 66 Y.]
344 1108 151 52 1935.

198 1178 135 48 xviii,
362 1178 86 41 728
472 1190 44 37 p.
572 1179 116 40 23cm.

129 1233 52 52 ©
225 1237 125 46 Sept.
392 1234 66 49 19,
501 1235 139 47 1935;
682 1235 66 40 2c.
792 1237 93 38 and
926 1234 81 41 aff.
1051 1235 98 40 Oct.
1193 1236 52 45 1;
1289 1236 41 38 A
1370 1235 169 47 86544;
1582 1235 54 40 A.
1676 1235 53 39 B.
1773 1235 207 40 Flouton
2020 1237 96 38 and

195 1293 247 40 Abraham
470 1291 236 49 Rotwein,
738 1285 50 47 %
818 1293 245 47 Brooklyn
1093 1293 94 38 law
1214 1293 177 47 school,
1424 1292 259 47 Brooklyn.

205 1349 278 48 (35-17626)

123 1437 264 65 Gautier,
415 1427 188 64 Émile
632 1437 181 66 Felix,
844 1443 170 50 1864-

194 1512 1923 71 Sahara, the great desert, by E.-F. Gautier … authorized
122 1591 1995 69 translation by Dorothy Ford Mayhew … with a foreword by
122 1665 1997 73 Douglas Johnson … New York, Columbia university press,
125 1746 150 54 1935.

194 1820 116 49 xvii,
342 1820 85 41 264
458 1833 43 37 p.
560 1820 164 49 front.,
754 1820 142 49 illus.,
929 1821 171 48 plates,
1133 1829 137 39 maps
1311 1821 49 48 (1
1391 1818 145 49 fold.)
1603 1820 146 40 24½cm.

197 1878 319 40 “Translated
555 1877 130 41 from
723 1878 81 39 the
845 1877 173 41 second
1058 1877 188 40 French
1287 1876 183 41 edition
1510 1877 51 40 of
1601 1877 126 39 E.-F.
1769 1875 243 43 Gautier’s
2054 1878 64 40 Le

127 1934 188 41 Sahara
364 1933 177 49 (Paris,
581 1933 167 49 Payot,
789 1933 138 48 1928)
975 1934 96 40 and
1107 1933 130 40 from
1275 1933 215 41 hitherto
1530 1933 323 48 unpublished
1892 1933 225 41 material

125 1990 220 49 supplied
376 1990 59 48 by
463 1991 81 40 the
571 1988 327 50 author.”—p.
930 1989 61 51 [iv]

195 2047 347 47 Bibliography
569 2048 53 39 at
647 2048 92 39 end
764 2046 54 41 of
841 2048 126 39 most
992 2046 51 40 of
1072 2048 80 39 the
1178 2047 240 47 chapters.

128 2100 52 52 ©
213 2104 127 47 Sept.
372 2105 69 46 14,
473 2103 114 41 1935;
648 2104 63 39 2c.
750 2103 127 49 Sept.
908 2104 55 39 21;
1027 2103 82 41 aff.
1145 2104 128 48 Sept.
1306 2104 55 40 18;
1423 2105 40 38 A
1496 2104 142 40 872:05;
1703 2104 249 41 Columbia
1988 2105 129 40 univ.

194 2171 149 37 press.
413 2160 280 50 (35-17669)

123 2242 321 66 Goldstein,
478 2242 220 65 Irving.

193 2320 292 53 Problems
532 2319 113 53 and
690 2321 267 51 exercises
1005 2320 95 53 for
1145 2338 96 35 use
1288 2321 141 52 with
1475 2320 162 53 Trial
1683 2321 315 67 technique,
2042 2321 72 68 by

121 2397 1923 69 Irving Goldstein … Chicago, Callaghan and company, 1935.
201 2470 485 49 1 p. l., 48 p. 24cm.
129 2524 52 52 ©
210 2528 125 46 Sept.
364 2528 68 46 18,
460 2525 113 42 1935;
629 2527 68 40 2c.
725 2528 96 39 and
848 2526 79 40 aff.
960 2526 127 49 Sept.
1115 2527 55 39 21;
1229 2528 40 38 A
1296 2526 146 41 86394;
1498 2527 269 47 Callaghan
1796 2527 38 40 &
1861 2537 65 30 co.

208 2582 278 50 (35-17628)

125 2657 279 67 Graham,
431 2658 228 64 Angus.

194 2733 121 51 The
374 2733 206 68 golden
641 2733 333 68 grindstone;
1066 2733 96 52 the
1223 2733 339 52 adventures
1623 2733 63 52 of
1749 2731 223 70 George
2033 2732 80 52 M.

124 2807 277 70 Mitchell,
445 2810 267 52 recorded
755 2809 77 70 by
874 2808 204 70 Angus
1121 2807 271 56 Graham.
1472 2808 426 70 Philadelphia,
1943 2811 57 54 J.
2046 2810 67 52 B.

125 2886 333 68 Lippincott
487 2904 279 51 company
815 2890 174 63 [c1935]

197 2959 98 47 viii,
322 2959 85 41 304
431 2969 41 37 p.
534 2958 135 42 front.
710 2959 169 48 (port.)
917 2960 128 39 illus.
1073 2958 134 49 (incl.
1236 2958 160 48 maps)
1464 2958 117 42 21cm.

130 3013 52 52 ©
216 3018 115 47 July
364 3018 69 42 31,
467 3016 140 48 1935;
641 3017 66 40 2c.
743 3019 94 38 and
871 3017 80 40 aff.
991 3017 127 48 Sept.
1152 3017 82 47 28;
1270 3019 40 38 A
1344 3017 169 48 87309;
1550 3018 54 39 A.
1640 3018 229 47 Graham,
1904 3018 211 41 London.

208 3073 278 48 (35-17641)

128 3150 174 52 Jews.
375 3150 247 66 Liturgy
650 3150 113 52 and
791 3145 190 56 ritual.
1055 3150 306 67 Hagadah.

123 3221 1925 190 הגדה של פּ סח עם תודת יהושע. באורים על דרך הדרוש … כנה אשר נטעה ימיני … יהושע העשיל ראבינאוויטש.
689 3413 1432 106 ניו יארק, בית הדפוס פ אׇ זי־ש אׇ ולז אׇ ן, תרצ״ה.
199 3538 632 48 3 p. l., 11-146 p. 24½cm.
197 3594 125 39 Title
354 3594 368 41 transliterated
740 3604 9 29 :
783 3593 204 48 Hagada
1019 3594 102 40 shel
1153 3594 183 40 Pesach
1365 3593 66 42 im
1463 3593 191 40 Todath
1685 3594 229 40 Jeoshua.

130 3645 52 52 ©
222 3651 120 38 Mar.
384 3650 68 47 15,
495 3648 139 49 1935;
675 3650 66 39 2c.
783 3651 115 46 May
935 3649 53 48 2;
1032 3649 79 40 aff.
1156 3652 112 46 May
1308 3651 53 45 3;
1405 3650 41 38 A
1486 3649 169 48 82871;
1701 3650 51 41 O.
1796 3648 319 49 Rabinowitz,

200 3707 258 47 Brooklyn.
1906 3704 117 42 8680

124 3778 253 65 Kilman,
407 3781 107 52 Ed.

194 3853 181 52 Texas
412 3852 366 69 musketeers;
820 3854 197 53 stories
1052 3853 64 53 of
1154 3855 155 68 early
1346 3855 185 51 Texas
1565 3853 206 54 battles
1809 3854 113 52 and
1959 3853 151 53 their

126 3927 208 69 heroes,
368 3930 74 68 by
476 3930 91 52 Ed
599 3931 256 69 Kiiman,
889 3931 58 52 in
984 3930 409 54 collaboration
1428 3929 140 54 with
1601 3931 141 53 Lou.
1776 3931 91 55 W.
1902 3930 207 68 Kemp.
