2424 4375
1286 4089 98 48 668

347 475 297 65 Chappell,
674 478 264 52 Warren.

411 550 119 53 The
559 556 267 62 anatomy
854 549 62 54 of
941 550 287 68 lettering,
1256 549 75 69 by
1360 550 245 52 Warren
1635 548 300 69 Chappell.
2002 549 137 53 New
2171 549 161 53 York

342 627 1215 69 and Toronto, Loring & Mussey [ c 1935]
417 698 61 44 ix,
506 701 54 49 [1]
586 710 57 38 p.,
671 703 22 37 1
752 730 8 15 l.,
785 699 69 48 45,
895 700 70 49 [35]
993 709 43 38 p.
1089 700 129 39 illus.
1271 699 55 39 21
1331 702 15 20 cm
1378 730 9 8 .

415 770 128 41 “The
581 773 104 38 text
722 771 89 40 has
851 770 115 41 been
1007 771 224 40 hand-set
1271 770 48 40 in
1361 769 156 42 Weiss
1555 770 186 40 Roman
1780 772 51 38 at
1872 770 80 41 the
1994 770 181 40 Golden
2218 769 115 41 hind

344 826 511 47 press.”—Foreword.

414 882 161 42 “First
602 882 227 42 edition.”

414 939 185 40 “Books
631 941 251 45 suggested
914 940 77 39 for
1020 939 193 41 further
1244 938 201 49 study”:
1477 949 44 38 p.
1555 938 69 51 [46]

348 1007 52 53 ©
431 1012 111 47 Apr.
575 1012 70 45 24,
675 1011 139 46 1935;
847 1010 65 41 2c.
944 1012 111 47 Apr.
1086 1011 83 46 26;
1204 1011 80 40 aff.
1316 1012 114 47 Apr.
1461 1011 82 48 25;
1577 1012 39 39 A
1648 1011 169 48 81601;
1850 1011 179 49 Loring
2058 1013 40 40 &
2129 1013 206 47 Mussey,

417 1069 90 40 inc.
577 1067 250 47 (35-7484)

349 1168 192 67 Clark,
567 1169 266 55 Percival
857 1172 237 63 Lemon,
1124 1176 170 51 1866-

413 1248 296 51 Pre-natal
742 1246 301 69 influence;
1078 1267 81 47 or,
1192 1247 123 53 The
1348 1246 274 54 influence
1655 1246 198 54 before
1884 1246 175 69 birth,
2094 1248 113 53 and
2241 1246 94 52 the

344 1323 163 54 effect
529 1344 70 34 on
623 1324 93 53 the
737 1325 154 53 child
912 1325 250 68 through
1187 1325 95 52 the
1305 1324 238 68 mother,
1565 1324 65 54 of
1654 1331 227 62 present
1905 1324 281 54 economic
345 1342 1963 113 conditions
597 1403 111 52 and

346 1401 1985 148 the mental activity of the mother during pregnancy, by P. L. Clark … Chicago, Ill., The Health school
366 1560 174 65 [ c 1935]
416 1641 1287 50 142 p. incl. front. (port.) illus., facsims. 18½cm.
349 1711 1986 54 © Feb. 26, 1935; 1c. Mar. 4; 1c. Mar. 27; aff. Apr. 15; A 82603; Health
419 1773 175 40 school.
665 1772 248 48 (35-7345)

352 1877 364 67 [Claybrook,
745 1877 53 54 J.
826 1877 91 67 N.]

416 1956 235 51 Patents
676 1954 151 53 from
852 1955 95 52 the
968 1956 346 50 Permanent
1335 1954 358 68 supplement
1714 1960 59 48 to
1796 1955 96 52 the
1916 1956 416 67 Encyclopedia

347 2031 64 53 of
438 2031 215 56 United
684 2031 187 55 States
901 2032 274 68 Supreme
1203 2038 162 48 court
1390 2034 261 66 Reports,
1678 2033 252 53 includes
1959 2036 249 50 volumes
2236 2034 97 52 207

347 2116 58 47 to
435 2113 102 49 290
564 2112 71 52 U.
669 2110 55 55 S.
758 2110 274 68 Supreme
1059 2117 163 46 court
1249 2116 236 62 reports.
1555 2111 478 67 Charlottesville,
2061 2113 124 65 Va.,
2216 2113 118 51 The

346 2189 745 67 Michie company [ c 1935]
417 2263 26 37 2
468 2273 42 37 p.
573 2293 7 16 l.,
608 2261 204 41 186-235
833 2273 42 36 p.
929 2261 83 48 24$
1016 2264 44 20 cm
1065 2292 8 8 .

422 2333 128 39 “The
571 2333 247 48 pamphlet
843 2331 43 41 is
909 2331 294 41 cumulative
1227 2332 97 39 and
1350 2332 173 40 should
1549 2332 56 39 be
1631 2332 117 40 used
1774 2333 48 38 in
1846 2332 97 40 lieu
1969 2333 50 39 of
2047 2333 80 39 the

349 2332 1972 106 supplementary
606 2400 148 38 pages
790 2388 266 49 appearing
1090 2392 54 37 at
1178 2390 81 39 the
1298 2389 91 39 end
1426 2388 53 40 of
1514 2390 82 38 the
1634 2389 158 39 bound
1830 2391 192 38 volume
2056 2389 52 40 of
2142 2391 194 46 patents

359 2447 105 47 (the
501 2447 185 48 reprint
723 2447 51 39 of
810 2447 80 39 the
927 2445 207 49 original
1170 2445 171 40 article
1377 2457 60 29 on
1475 2446 83 39 the
1593 2445 192 48 subject
1817 2446 128 39 from
1986 2446 347 49 Encyclopedia

350 2504 54 39 of
429 2504 178 40 United
638 2504 161 40 States
831 2503 231 47 Supreme
1085 2505 139 38 court
1253 2502 268 49 Reports)”

350 2571 52 53 ©
430 2577 113 46 May
568 2575 69 46 24,
666 2574 140 47 1935;
836 2573 67 41 2c.
931 2575 94 38 and
1053 2574 82 39 aff.
1164 2575 114 46 May
1304 2573 82 47 25;
1420 2574 41 39 A
1489 2573 170 46 81972;
1691 2573 176 41 Michie
1896 2585 67 29 co.

352 2678 284 63 Clemens,
669 2678 178 62 Cyril.

417 2753 119 51 The
580 2752 237 67 literary
859 2752 296 52 education
1200 2751 63 53 of
1306 2749 282 54 Franklin
1632 2751 220 53 Delano
1898 2751 315 67 Roosevelt,
2257 2750 71 68 by

348 2827 162 69 Cyril
559 2829 284 61 Clemens;
894 2828 138 53 with
1083 2847 29 34 a
1166 2828 283 52 foreword
1499 2828 75 68 by
1626 2827 149 55 Silas
1825 2829 164 52 Bent.
2075 2828 254 54 Webster

346 2904 233 68 Groves,
608 2906 134 66 Mo.,
772 2906 418 52 International
1221 2905 171 52 Mark
1424 2905 203 52 Twain
1656 2904 226 70 society,
1917 2908 150 50 1935.

415 2976 1416 49 2 p. l„ 9-38 p. front. (port.) illus. (facsim.) 20½ cm .
416 3034 127 40 Title
568 3034 212 47 vignette
818 3033 255 48 (portrait)

418 3090 162 41 “First
603 3090 208 40 edition:
839 3090 182 39 limited
1046 3091 47 38 to
1117 3092 94 37 two
1236 3090 220 40 hundred
1480 3089 171 47 copies.
1703 3089 118 40 This
1846 3099 116 37 copy
1986 3089 41 39 is
2049 3100 74 30 no.
2150 3088 96 41 98.”

417 3145 240 41 “Number
684 3148 94 37 two
806 3145 52 40 of
883 3146 80 39 the
992 3145 229 44 Society’s
1249 3145 327 47 biographical
1606 3144 314 41 series.”—2d
1950 3146 180 47 prelim,
2159 3144 110 42 leaf.

419 3201 65 37 “A
514 3202 124 40 brief
660 3201 360 48 bibliography”:
1074 3211 29 37 p
1142 3200 157 41 37-38.

350 3268 52 53 ©
434 3274 113 47 Apr.
578 3274 69 45 25,
680 3273 139 46 1935;
855 3274 65 39 2c.
952 3274 95 39 and
1079 3272 80 41 aff.
1193 3274 114 46 May
1337 3273 27 39 9;
1424 3274 41 39 A
1498 3273 168 46 81916;
1702 3275 254 38 Internatl.
1992 3275 140 38 Mark
2164 3271 164 41 Twain

418 3340 91 30 soc.
580 3330 250 47 (35-7489)

353 3430 337 65 Clevenger,
716 3432 217 63 Joseph
961 3433 68 52 R.

427 3505 248 68 Applied
704 3505 137 67 law;
870 3504 166 69 being
1063 3506 93 54 the
1189 3511 87 46 art
1306 3505 62 53 of
1396 3504 177 55 direct
1602 3506 112 52 and
1744 3524 150 35 cross
1921 3505 404 54 examinations

353 3581 63 53 of
449 3580 299 71 plaintiff’s
781 3584 109 52 and
927 3581 353 55 defendant’s
1315 3581 298 68 witnesses,
1649 3582 230 68 applied
1916 3582 111 53 and
355 3580 1944 130 exemplified
490 3658 35 52 by
595 3661 186 66 30,000
812 3660 299 67 composite

1142 3657 282 68 questions
1455 3659 109 52 and
1597 3677 241 35 answers
1868 3659 220 53 framed
2122 3658 91 53 for
354 3656 1943 133 instant
543 3735 189 54 attack
768 3754 62 33 or
868 3734 244 70 defence,

1148 3735 239 54 indexed
1425 3735 93 56 for
1555 3735 173 68 ready
1764 3755 97 34 use
1894 3736 60 52 in
1991 3732 331 57 automobile

353 3812 188 63 trials;
571 3810 295 67 including
891 3811 338 53 automobile
1257 3811 106 51 law
1395 3811 335 52 reclassified
1760 3812 110 51 and
1900 3813 257 63 restated,
2188 3810 127 52 with

354 3885 1963 71 forms, diagrams, and tables, by Joseph R. Clevenger … New
355 3962 159 56 York
541 3962 132 71 city,
700 3963 301 53 American
1024 3963 111 55 law
1160 3962 318 70 publishers
1511 3997 13 35 [
1527 3971 20 22 c
1551 3966 152 67 1935]
