2424 4375
1219 4059 99 49 690

346 497 61 42 At
433 498 123 41 head
584 498 52 42 of
661 497 108 42 title:
827 497 181 42 Hector
1035 497 166 42 Malot.

277 565 53 52 ©
364 569 112 46 May
510 568 39 47 1,
581 567 112 40 1935;
758 567 68 40 2c.
859 568 113 47 May
1004 568 82 46 24;
1120 567 83 41 aff.
1237 568 114 47 May
1383 567 83 47 22;
1501 568 39 38 A
1573 567 169 48 83288;
1780 568 158 47 Ralph
1972 568 69 39 W.
2077 568 185 48 Haller,

347 626 173 39 Mount
549 625 206 46 Vernon,
790 624 56 40 N.
878 624 68 48 Y.,
982 626 95 38 and
1111 625 208 47 Leopold
1354 624 158 47 Klein,
1549 624 116 40 New
1699 624 144 40 York.
1906 622 282 51 [Copyright
2221 625 43 40 is

346 681 204 40 claimed
576 692 60 29 on
663 681 208 48 preface,
896 681 241 40 exercises
1163 682 95 39 and
1285 682 308 47 vocabulary]
1665 681 251 49 (35-7585)

277 782 241 55 Marcial
546 784 252 65 Dorado,
826 783 288 65 Carolina,
1146 789 170 50 1889-

345 860 1738 67 Pasitos, por Carolina Marcial Dorado … New York,
278 862 1960 143 London,
433 938 233 67 Harper
693 940 46 51 &
764 938 275 65 brothers,
1069 941 152 52 1935.

346 1010 134 47 xviii,
507 1009 87 41 387
622 1021 42 38 p.
694 1010 109 41 incl.
832 1010 161 47 front.,
1023 1010 126 41 illus.
1210 1020 123 39 map.
1395 1010 115 42 19cm.

347 1066 163 43 “First
536 1066 228 43 edition.”

276 1135 53 52 ©
358 1140 116 46 May
497 1139 68 47 15,
592 1137 113 42 1935;
761 1137 67 41 2c.
857 1139 111 47 May
1000 1137 57 40 16;
1110 1136 82 41 aff.
1223 1137 112 48 May
1365 1138 55 39 17;
1477 1137 41 40 A
1546 1138 141 40 83138;
1747 1138 192 48 Harper
1968 1139 36 40 &
2031 1140 122 39 bros.

358 1196 249 49 (35-7511)

277 1297 301 63 Marshall,
608 1297 290 54 Gertrude
926 1296 229 54 Weeks.

343 1372 212 53 Indian
586 1371 224 56 Stream
840 1372 253 68 republic
1122 1372 113 53 and
1263 1372 96 53 the
1385 1371 213 54 Indian
1629 1371 223 56 Stream
1883 1392 118 33 war;
2063 1392 72 34 an

274 1391 1962 111 authentic
530 1450 84 51 bit
657 1449 63 52 of
762 1450 136 52 New
942 1448 350 69 Hampshire
1336 1448 238 71 history,
1613 1449 76 70 by
1732 1448 283 57 Gertrude
2057 1449 204 57 Weeks

273 1527 293 52 Marshall.
629 1525 308 69 Groveton,
961 1526 70 53 N.
1056 1526 97 68 H.,
1201 1529 150 51 c1935.

342 1599 55 38 44
426 1610 41 36 p.
528 1600 147 38 front.
704 1598 138 47 (fold,
872 1599 133 46 map)
1073 1598 116 41 23cm.

350 1654 138 40 Label
519 1655 119 39 with
668 1653 251 48 copyright
950 1655 111 39 date
1093 1656 95 38 and
1218 1664 138 31 name
1388 1654 53 40 of
1470 1653 232 41 claimant
1732 1656 227 40 mounted
1989 1666 59 30 on
2082 1658 97 46 t.-p.

278 1709 53 52 ©
354 1714 113 46 May
488 1714 40 45 4,
554 1711 117 42 1935;
719 1712 64 40 2c.
809 1713 111 47 Apr.
945 1711 56 40 26;
1055 1711 82 41 aff.
1161 1713 113 47 May
1301 1712 27 40 6;
1380 1713 40 38 A
1443 1712 146 41 78587;
1640 1713 50 40 G.
1717 1714 71 40 W.
1815 1714 251 47 Marshall,
346 1714 1901 104 Groveton,
468 1770 55 40 N.
553 1770 61 40 H.
684 1769 249 48 (35-7488)

276 1873 224 62 Mason,
527 1872 267 52 Bernard
821 1871 277 64 Sterling.

350 1947 1911 69 Social games for recreation, by Bernard S. Mason … and
280 2026 1982 71 Elmer D. Mitchell … New York, A. S. Barnes and company,
275 2105 416 66 incorporated,
724 2108 149 50 1935.

346 2176 60 48 vi,
434 2176 86 40 421
545 2188 42 37 p.
642 2177 142 47 illus.,
812 2177 168 48 plates,
1010 2176 176 48 diagrs.
1246 2177 116 40 24cm.

349 2233 324 49 “Companion
703 2234 190 39 volume
923 2234 180 39 ‘Active
1132 2244 163 37 games
1323 2236 95 38 and
1449 2233 461 42 contests’.”—Pref.

347 2289 348 52 Bibliography:
750 2301 45 37 p.
822 2290 214 40 405-408.

279 2344 53 52 ©
362 2349 112 46 May
502 2347 39 47 2,
572 2347 116 40 1935;
742 2347 67 40 2c.
838 2349 113 46 May
983 2348 81 46 14;
1097 2346 82 41 aff.
1210 2349 113 46 May
1351 2347 81 47 16;
1465 2348 40 38 A
1535 2347 170 47 81842;
1737 2348 53 39 A.
1824 2348 41 39 S.
1898 2348 185 39 Barnes
2114 2347 36 40 &
2179 2357 83 37 co.,

346 2403 90 41 inc.
506 2403 278 50 (35-27178)

275 2504 188 66 Mead,
495 2507 324 64 Margaret,
855 2511 168 49 1901-

348 2580 111 55 Sex
495 2583 112 52 and
642 2587 408 62 temperament
1082 2584 59 52 in
1176 2585 156 53 three
1368 2583 292 67 primitive
1695 2583 270 67 societies,
1998 2583 75 67 by

277 2582 1961 145 Margaret Mead … New York, W. Morrow & company, 1935.
345 2730 119 47 xxii,
491 2730 86 41 335
607 2742 42 37 p.
709 2731 127 41 illus.
866 2733 157 47 (map)
1089 2732 116 41 22cm.

623 2786 1640 52 CONTENTS. — The mountain-dwelling Arapesh. — The river-dwelling
278 2842 531 50 Mundugumor.—The
841 2844 356 49 lake-dwelling
1225 2844 459 41 Tchambuli.—The
1716 2844 299 49 implication
2046 2845 51 40 of
2126 2847 134 40 these

279 2901 189 40 results.

279 2954 53 52 ©
360 2959 115 46 May
501 2957 38 47 8,
567 2957 113 40 1935;
735 2956 68 40 2c.
831 2957 94 38 and
954 2956 81 39 aff.
1065 2957 114 46 May
1205 2956 54 39 11;
1316 2957 40 38 A
1385 2956 142 41 81759;
1589 2958 250 47 Margaret
1865 2959 141 39 Mead
2036 2959 224 45 Fortune,

348 3015 118 39 New
491 3014 144 40 York.
706 3012 249 49 (35-7576)

279 3114 206 68 Miller,
514 3114 262 66 Raphael
803 3116 307 63 Harwood,
1141 3117 169 52 1874-

281 3191 1979 145 Who lives in you? By Raphael Harwood Miller … foreword by William S. Abernethy … St. Louis, The Bethany
278 3365 155 47 press
469 3349 193 63 [c1935]

348 3418 85 40 156
463 3428 43 39 p.
566 3416 116 43 20cm.

283 3470 51 53 ©
360 3475 112 48 Apr.
501 3474 69 46 25,
599 3474 113 40 1935;
769 3474 63 39 2c.
863 3475 93 38 and
988 3473 81 39 aff.
1098 3473 111 47 Apr.
1239 3471 81 48 29;
1349 3473 40 38 A
1418 3473 168 47 82807;
1619 3475 222 46 Bethany
1868 3484 148 38 press.

359 3530 249 48 (35-7506)

281 3629 194 67 Millis,
502 3631 241 64 Walter,
773 3636 168 49 1899-

355 3705 1844 70 The future of sea power in the Pacific, by Walter Millis …
286 3783 288 65 Prepared
613 3784 178 51 under
827 3784 92 50 the
958 3784 252 67 auspices
1247 3782 63 53 of
1347 3783 94 52 the
1481 3783 296 69 American
1819 3782 233 59 council.
285 3781 1951 131 Institute

285 3857 1950 147 of Pacific relations … New York, Foreign policy association; Boston, World peace foundation, 1935.
