2424 4375
1053 4096 133 54 1437

113 470 251 65 Powers,
390 471 200 63 Harry
616 469 395 65 Huntington,
1041 475 169 49 1859-

180 542 1920 71 The art of Michelangelo, by H. H. Powers … New York,
111 622 121 53 The
255 622 333 53 Macmillan
613 639 294 52 company,
938 624 149 53 1935.

179 694 97 50 xix,
303 694 85 41 215
413 705 44 38 p.
483 694 108 40 incl.
617 694 162 49 front.,
804 694 126 41 illus.
990 692 147 42 20½cm.

113 755 52 53 ©
198 760 102 40 Oct.
335 761 40 46 1,
409 758 117 41 1935;
586 760 66 39 2c.
689 760 95 39 and
820 757 80 42 aff.
937 758 101 41 Oct.
1070 759 53 46 3;
1161 759 39 38 A
1236 758 168 47 86577;
1444 759 60 39 H.
1541 759 61 39 H.
1638 759 208 47 Powers,
1882 758 219 49 Newton,

180 818 145 38 Mass.
396 816 278 48 (35-19564)

112 918 220 55 Punch.
447 964 8 8 v.
488 924 114 62 189,
628 938 86 34 no,
743 922 151 64 4920,
924 921 154 66 Sept.
1109 923 80 63 18,
1218 922 148 50 1935.

113 994 1990 53 © 1c. Nov. 14, 1935; A ad int. 20757; pubd. Sept. 18; Herbert Heather,
181 1055 210 40 London.

114 1156 324 65 Randolph,
469 1157 272 53 Buckner
769 1156 220 65 Magill,
1022 1158 170 54 1871-

184 1234 119 52 Ten
342 1252 161 50 years
541 1234 94 53 old
674 1234 113 52 and
824 1234 208 66 under;
1071 1234 97 53 the
1202 1233 386 53 recollections
1625 1233 64 53 of
1726 1253 31 33 a
1796 1231 305 56 childhood

113 1318 165 62 spent
306 1330 71 35 on
407 1331 31 33 a
468 1311 152 52 farm
651 1310 184 54 which
861 1313 96 67 lay
983 1312 61 52 in
1071 1311 96 54 the
1193 1311 180 53 battle
1399 1311 224 68 ground
1653 1311 63 53 of
1742 1311 98 53 the
1867 1331 118 33 war
113 1317 1967 125 between
312 1390 96 53 the
429 1394 189 62 states,
642 1390 111 51 and
775 1390 49 52 is
847 1389 232 52 covered
1102 1389 75 69 by
1198 1390 97 52 the
1316 1389 199 68 period
1539 1389 64 54 of
1627 1389 326 53 1873-1880.
2013 1391 91 67 By

115 1467 263 53 Buckner
412 1466 207 70 Magill
655 1467 327 68 Randolph.
1053 1468 233 68 Boston,
1320 1466 188 69 Mass.,
1542 1468 160 52 Ruth
1737 1468 128 52 Hill
1924 1472 175 63 [c1935]

184 1541 87 40 127
300 1552 43 38 p.
403 1540 144 42 19½cm.

185 1596 73 41 On
282 1607 141 30 cover
439 1607 10 29 :
476 1597 101 41 The
600 1598 133 45 story
758 1597 52 40 of
833 1607 28 30 a
886 1597 216 46 boyhood
1129 1598 48 38 in
1204 1598 82 40 the
1311 1598 77 39 old
1417 1597 166 41 South.

116 1650 52 53 ©
196 1656 122 38 Mar.
345 1654 69 47 25,
444 1653 113 41 1935;
615 1652 67 41 2c.
712 1653 102 40 Oct.
838 1654 26 38 4;
923 1653 81 40 aff.
1036 1653 101 40 Oct.
1167 1654 25 39 3;
1251 1654 45 42 A
1321 1654 142 40 86581;
1523 1654 137 40 Ruth
1687 1654 116 40 Hill.

193 1710 279 49 (35-19546)

116 1812 175 65 Reed,
321 1813 138 53 Mrs.
490 1812 175 54 Anna
694 1813 356 65 (Yeomans)
1089 1815 171 54 1873-

188 1889 123 53 The
353 1889 254 55 effective
652 1892 111 52 and
808 1891 96 52 the
946 1888 319 56 ineffective
1307 1891 212 67 college
1560 1892 251 66 teacher;
1858 1912 31 33 a
1933 1894 169 66 study

116 1967 165 53 made
303 1967 93 53 for
418 1969 95 51 the
534 1968 271 54 National
829 1968 296 67 personnel
1148 1967 227 69 service,
1398 1967 126 69 inc.,
1544 1969 76 67 by
1643 1969 171 52 Anna
1838 1971 70 52 Y.
1933 1971 171 66 Reed,

117 2042 61 56 in
204 2043 407 55 collaboration
638 2044 141 54 with
804 2045 197 54 Frank
1027 2047 65 53 P.
1122 2045 280 68 Maguire,
1430 2045 258 56 William
1718 2047 70 53 A.
1818 2048 286 54 Thomson

144 2122 129 68 [and]
320 2121 266 54 Harriett
627 2124 130 53 Van
800 2123 99 53 der
940 2124 162 53 Vate.
1178 2122 139 54 New
1362 2123 179 67 York,
1585 2122 329 57 Cincinnati
1980 2129 119 62 [etc.]

118 2197 304 56 American
453 2199 148 54 book
631 2219 278 49 company
964 2205 174 63 [c1935]

189 2272 97 48 xiv,
315 2273 85 40 344
427 2283 43 38 p.
531 2272 178 49 diagrs.
768 2273 115 41 23cm.

190 2328 347 49 Bibliography
555 2339 10 31 :
599 2340 43 38 p.
673 2329 216 41 337-340.

121 2381 52 53 ©
204 2387 127 47 Sept.
361 2387 68 47 18,
459 2386 113 40 1935;
629 2387 67 39 2c.
728 2388 94 38 and
852 2387 82 39 aff.
968 2387 127 47 Sept.
1124 2386 55 40 23;
1238 2387 43 38 A
1305 2385 142 41 87194;
1506 2386 157 40 Amer.
1696 2386 123 40 book
1849 2397 66 30 co.

199 2442 278 48 (35-19368)

122 2545 154 64 Rice,
308 2546 301 53 Thurman
638 2546 244 64 Brooks,
915 2552 170 49 1888-

124 2621 1959 146 A textbook of bacteriology, by Thurman B. Rice … Philadelphia and London, W. B. Saunders company, 1935.
193 2771 1000 49 1 p. l., 9-551 p. illus., diagrs. 24cm.
195 2826 233 42 “Medical
458 2826 289 49 periodicals
779 2828 51 40 of
860 2828 269 49 particular
1158 2829 142 39 value
1330 2830 49 38 to
1408 2827 389 48 bacteriologists
1826 2828 93 39 and
125 2828 1967 95 physicians
287 2884 263 40 interested
581 2885 48 39 in
658 2884 354 49 bacteriology”
1029 2895 10 30 :
1071 2895 43 38 p.
1144 2883 215 42 543-544.

126 2937 51 53 ©
205 2942 125 49 Sept.
357 2942 69 47 20,
454 2942 112 40 1935;
622 2942 65 40 2c.
713 2944 94 38 and
834 2942 81 40 aff.
946 2942 126 47 Sept.
1100 2942 55 38 24;
1213 2943 42 37 A
1279 2939 142 43 86421;
1478 2942 70 39 W.
1578 2942 53 39 B.
1663 2942 248 40 Saunders
1936 2950 66 30 co.

202 2997 277 49 (35-19530)

127 3098 254 69 Rickett,
407 3100 220 54 Harold
654 3099 271 65 William,
954 3107 171 49 1896-

195 3177 379 56 Instructions
598 3178 93 52 for
711 3177 326 68 laboratory
1059 3178 158 53 work
1239 3177 59 52 in
1321 3180 228 65 general
1571 3178 229 66 botany,
1823 3177 75 68 by
1920 3178 77 52 H.
2020 3178 90 54 W.

130 3254 1977 69 Rickett … and E. Naylor … New York, D. Van Nostrand
128 3350 293 51 company,
455 3332 125 69 inc.,
615 3338 149 49 1935.

200 3405 85 42 122
313 3416 43 36 p.
416 3405 128 41 illus.
603 3406 115 39 23cm.

130 3457 51 53 ©
207 3462 123 48 Sept.
357 3464 38 45 7,
420 3462 113 40 1935;
586 3462 67 40 2c.
680 3462 127 48 Sept.
833 3463 52 39 13;
940 3460 82 41 aff.
1049 3461 100 40 Oct.
1175 3461 82 48 10;
1284 3462 39 38 A
1348 3461 144 40 86687;
1546 3462 56 38 D.
1628 3461 106 38 Van
1760 3461 245 39 Nostrand
2032 3470 81 39 co.,

198 3518 87 41 inc.
357 3518 278 49 (35-19526)

132 3620 263 67 Roemer,
423 3622 238 63 Joseph,
690 3626 170 49 1884-

201 3696 167 54 Basic
397 3699 227 52 student
655 3696 306 69 activities;
994 3696 392 68 organization
1416 3697 112 52 and
1558 3695 461 54 administration
2050 3695 62 54 of

136 3772 1861 69 home rooms, clubs, and assemblies, by Joseph Roemer …
139 3846 1869 71 Charles Forrest Allen … [and] Dorothy Atwood Yarnell …
137 3924 136 54 New
301 3925 178 69 York,
508 3929 246 51 Newark
787 3934 134 61 [etc.]
959 3926 203 65 Silver,
1191 3927 245 53 Burdett
1464 3927 111 52 and
1604 3943 278 49 company
1918 3929 190 63 [c1935]

205 3998 95 48 xiv,
328 3999 84 41 367
438 4009 43 38 p.
541 3998 126 41 illus.
697 3999 132 48 (incl.
858 3999 137 49 plan)
1034 3999 152 47 diagr.
1246 3998 114 40 20cm.
