2526 4384
1306 4086 101 49 104

333 474 286 65 Joachim,
650 476 334 63 Benjamin.

402 551 252 66 Applied
698 555 163 63 paint
899 554 111 51 and
1052 554 230 51 varnish
1323 553 304 65 chemistry
1668 554 93 51 for
1802 554 94 53 the
1936 554 234 53 chemist
2210 555 107 52 and

333 628 1992 71 the layman, by Benjamin Joachim … Volume I. Pigments
333 707 109 51 and
485 726 122 33 oils.
688 707 81 54 St.
814 707 190 60 Louis,
1047 710 131 52 Mo.,
1221 709 304 52 American
1570 708 163 68 paint
1777 709 228 66 journal
2048 726 276 51 company

337 788 191 63 [c1934]

403 859 87 38 170
516 869 28 36 p
615 856 114 40 22cm.

408 914 179 40 “These
625 914 197 41 articles
861 914 258 49 originally
1155 916 239 48 appeared
1434 914 47 40 in
1520 915 146 41 serial
1703 915 125 40 form
1869 915 48 39 in
1954 918 81 39 the
2072 916 252 42 American

335 970 728 50 paint journal.”—vol. I, p. [4]
337 1024 51 51 ©
425 1030 125 45 Sept.
584 1029 38 43 1,
655 1027 140 42 1034:
829 1029 65 38 2c.
930 1029 109 38 Jan.
1072 1029 66 45 13,
1172 1027 113 41 1935;
1346 1027 82 41 aff.
1464 1029 107 39 Jan.
1607 1028 80 41 10:
1724 1029 39 38 A
1798 1028 168 42 78963:
2003 1030 156 38 Amer.
2192 1030 136 46 paint

404 1086 143 46 journal
633 1097 80 34 co.,
748 1084 88 41 inc.
908 1085 249 47 (35-2175)

336 1187 311 64 Johnston,
677 1188 136 53 Mrs.
845 1188 143 53 Otta
1016 1189 282 63 Taggart.

413 1266 46 50 A
497 1264 215 66 picture
746 1265 144 52 book
920 1266 64 51 of
1016 1265 255 52 children
1303 1265 218 52 around
1552 1266 94 53 the
1679 1265 197 65 world,
1906 1265 75 66 by
2011 1265 140 54 Otta
380 1267 1926 128 Taggart

509 1342 301 54 Johnston.
890 1341 328 67 Cleveland,
1259 1342 119 53 The
1423 1341 215 54 Harter
1678 1342 334 66 publishing
2053 1361 276 49 company

360 1422 175 63 [c1934]

426 1490 71 50 [32]
532 1503 43 37 p.
611 1491 50 40 of
695 1491 32 39 illus
813 1523 8 8 .
881 1491 146 41 30½cm.

411 1548 122 39 Text
561 1559 57 29 on
647 1560 41 36 p.
734 1548 41 48 [2]
806 1548 50 39 of
883 1558 153 30 cover.

345 1601 1990 51 © Dec . 21. 1934; 2c. Feb. 2, 1935; aff. Jan. 37: A 80319: Harter pub. co.
422 1663 250 45 (35-2183)

338 1766 265 62 Jonesco,
633 1765 217 54 Barbu.

410 1843 182 52 When
645 1842 171 54 Carol
867 1841 161 53 chose
1078 1842 245 51 between
1375 1842 219 51 honour
1645 1843 111 51 and
1809 1861 27 33 a
1889 1843 323 63 madhouse,
2262 1843 73 66 by

405 1964 8 9 H.
447 1920 191 51 Barbu
667 1922 240 52 Jonesco
937 1939 57 32 as
1022 1920 119 52 told
1171 1924 57 47 to
1257 1920 252 52 Maurice
1538 1920 199 52 Lewis.

501 1990 874 51 (In London People, Dec. 30, 1934)
349 2047 1988 51 © 1c. Feb. 23, 1935; A ad int. 18970; pubd. Dec. 30: Maurice Lewis.
414 2107 152 47 Kings
599 2107 224 47 Langley,
857 2108 163 45 Herts,
1053 2107 232 46 England.

346 2210 331 62 Kendrake,
709 2210 291 54 Carleton.

419 2286 118 53 The
576 2287 134 52 clew
749 2286 63 52 of
850 2287 94 52 the
984 2286 287 68 forgotten
1310 2287 244 57 murder,
1593 2287 72 66 by
1706 2286 265 55 Carleton
2012 2285 320 54 Kendrake.

404 2383 80 33 New
513 2366 177 55 York,
713 2366 88 53 W.
828 2366 248 51 Morrow
1103 2369 43 49 &
1171 2384 97 44 co.,
1296 2369 147 49 1935.

443 2437 523 49 3 p. l., 282 p. 19½cm.
353 2491 1957 52 © Dec. 26, 1 934; 1c. Jan. 31, 1935; 1c. Feb. 12: aff Feb. 13: A 79628;
419 2552 214 39 William
661 2553 210 37 Morrow
897 2552 35 39 &
960 2560 80 37 co.,
1068 2552 88 38 inc.
1228 2550 250 47 (35-2260)

348 2652 188 65 Klein,
565 2655 205 62 Henry
798 2655 90 63 H.,
921 2653 169 54 1879-

422 2728 99 68 My
550 2730 106 51 last
687 2728 133 69 fifty
849 2747 163 50 years
1055 2728 96 68 (an
1183 2728 531 68 autobiographical
1743 2728 220 67 history
1995 2726 62 53 of
2089 2724 249 55 “inside”

354 2803 1978 70 New York) by Henry H. Klein … [New York, Printed by
358 2882 153 53 Isaac
542 2883 326 52 Goldmann
899 2901 295 50 company,
1225 2886 173 63 c1935]

419 2954 85 40 400
533 2966 27 36 p
636 2957 158 38 front.,
826 2955 168 47 plates,
1024 2958 145 44 ports.
1231 2955 145 40 23½cm.

355 3009 51 52 ©
435 3014 105 38 Jan.
572 3013 68 43 28.
670 3013 139 40 1935;
840 3013 66 40 2c.
934 3015 93 38 and
1057 3013 79 39 aff
1168 3013 107 39 Jan.
1304 3011 81 47 29;
1417 3013 39 38 A
1487 3010 168 43 80269:
1689 3013 59 38 Η.
1778 3013 57 37 H.
1867 3012 156 40 Klein.
2054 3012 115 38 New
2199 3012 141 38 York.

434 3070 248 46 (35-2166)

352 3170 330 65 Lasplaces,
711 3169 262 67 Alberto,
1005 3171 169 54 1887-

483 3246 1859 69 … José Artigas, protector de los pueblos libres, por Alberto
352 3327 314 65 Lasplaces.
735 3333 41 46 1.
807 3328 83 50 ed.
954 3326 250 65 Madrid,
1231 3325 442 68 Espasa-Calpe,
1700 3344 39 35 s.
1770 3343 65 47 a.,
1865 3327 148 50 1933.

356 3393 1970 110 248 p 2 port. (incl. front.) 19cm. (Vidas españolas e hispanoamericanas del siglo XIX . 38)
428 3512 332 39 Illustrations
789 3522 59 28 on
875 3522 138 29 verso
1042 3512 50 39 of
1122 3513 116 39 each
1267 3510 222 48 portrait.

361 3563 1981 53 © Dec. 13. 1933; 1c. Dec. 27, 1934; A-Foreign 26572: Espasa-Calpe, s. a.
437 3623 277 49 (34-19809)

357 3711 311 64 Laughlin,
701 3711 171 55 Clara
903 3711 325 65 Elizabeth,
1263 3714 169 51 1873-

431 3787 74 54 So
533 3787 188 68 you’re
746 3786 176 68 going
945 3793 56 45 to
1027 3787 95 51 the
1147 3786 459 52 Mediterranean
1626 3785 11 52 !
1702 3784 134 51 And
1864 3782 50 52 if
1939 3783 31 51 I
2000 3798 142 35 were
2168 3779 174 70 going

365 3864 130 52 with
525 3883 128 47 you,
678 3864 152 52 these
857 3881 93 33 are
974 3863 94 52 the
1094 3863 193 68 things
1314 3861 89 53 I’d
1431 3861 178 53 invite
1633 3879 110 50 you
1772 3866 56 46 to
1857 3861 89 64 do,
1972 3859 75 68 by
2077 3857 170 55 Clara
2274 3856 68 51 E.

363 3941 301 67 Laughlin.
728 3941 212 50 Boston
966 3940 110 51 and
1104 3938 135 53 New
1273 3939 176 64 York,
1474 3937 318 68 Houghton
1818 3935 201 53 Mifflin
2047 3950 296 51 company,

363 4020 149 51 1935.
