2526 4384
1151 4027 101 51 201

193 472 148 54 tions
384 474 153 52 from
580 472 275 54 decisions
898 474 63 51 of
1001 475 96 52 the
1138 473 183 55 Court
1360 472 65 54 of
1468 474 233 67 appeals
1744 473 157 53 from
1940 475 251 52 volumes

190 554 121 65 253,
344 571 54 49 p.
434 551 99 54 673
566 552 253 67 through
852 554 120 65 256,
1006 553 112 51 and
1148 552 222 53 federal
1403 556 188 49 courts
1624 556 58 48 to
1714 552 206 53 March
1955 555 47 64 1,
2037 555 151 50 1935.

192 630 199 52 Under
423 630 96 52 the
552 629 265 54 editorial
851 629 358 68 supervision
1240 628 65 54 of
1335 629 264 56 William
1630 630 256 53 Edward
1920 630 270 54 Baldwin

259 706 1736 69 … Annotations by Richard Priest Dietzman … Jay S.
195 708 1975 144 Hudson … Glenn Kitson … Cleveland, Banks-Baldwin law
189 786 1977 144 publishing
434 881 279 49 company
789 866 152 63 [c1935]

261 935 57 40 94
348 947 43 37 p.
451 935 147 40 25½cm.

197 1002 52 53 ©
278 1007 120 38 Mar.
428 1006 69 46 15,
526 1003 141 49 1935;
698 1004 69 41 2c.
794 1004 98 41 and
919 1004 80 41 aff.
1032 1005 121 40 Mar.
1181 1005 82 47 18;
1294 1005 43 39 A
1365 1004 170 48 82000;
1565 1005 219 41 William
1812 1005 213 40 Edward
272 1005 1909 106 Baldwin,

413 1062 274 41 Cleveland.

203 1164 260 65 Kessler,
491 1167 209 63 Henry
725 1166 275 63 Howard,
1032 1170 171 51 1896-

266 1242 122 52 The
421 1242 259 68 crippled
716 1242 114 53 and
862 1242 97 53 the
990 1242 285 68 disabled;
1309 1240 432 56 rehabilitation
1773 1241 65 54 of
1868 1241 98 54 the
196 1240 1973 149 physically

374 1319 402 69 handicapped
803 1320 61 52 in
892 1320 98 54 the
1018 1319 218 55 United
1266 1318 206 70 States,
1500 1320 76 70 by
1603 1319 206 71 Henry
1836 1321 80 53 H.
1945 1319 248 56 Kessler.

201 1400 138 53 New
368 1399 180 68 York,
579 1398 299 56 Columbia
907 1397 318 70 university
1251 1417 176 50 press,
1456 1401 151 53 1935.

267 1473 871 49 xii p., 2 l., [3]-337 p., 1 l. 23½cm.
281 1531 171 39 Issued
481 1531 103 39 also
611 1539 54 31 as
693 1529 152 41 thesis
883 1530 108 47 (PH.
1049 1530 36 47 D.)
1122 1528 252 42 Columbia
1402 1528 287 49 university.

277 1586 350 49 Bibliography:
693 1597 43 38 p.
778 1586 235 51 [305]-318;
1081 1585 214 42 “Official
1332 1587 100 40 and
1466 1585 315 42 semi-official
1819 1584 356 52 publications”:

208 1654 42 38 p.
283 1642 248 52 [319]-324.

200 1710 52 53 ©
275 1715 110 39 Jan.
407 1713 70 47 24,
502 1712 140 49 1935;
668 1713 67 41 2c.
758 1715 110 39 Jan.
891 1713 82 48 28;
1000 1713 84 41 aff.
1107 1714 109 39 Jan.
1241 1712 84 49 26;
1350 1715 42 38 A
1414 1712 143 43 80254;
1614 1712 251 42 Columbia
1890 1713 130 41 univ.
2046 1721 150 41 press.

274 1770 250 50 (35-3254)

198 1871 236 68 Kofoid,
468 1872 244 56 Charles
742 1873 269 65 Atwood,
1045 1878 170 51 1865-

269 1947 278 55 Termites
574 1949 114 53 and
713 1949 228 54 termite
965 1949 236 54 control.
1262 1947 238 56 Charles
1524 1948 74 55 A.
1625 1948 244 69 Kofoid,
198 1946 1973 133 editor-inchief;

409 2025 56 56 S.
491 2027 67 52 F.
583 2026 196 70 Light,
803 2025 74 55 A.
904 2026 63 55 C.
993 2027 251 68 Horner,
1265 2026 183 54 Merle
1473 2027 271 68 Randall,
1767 2027 93 55 W.
1889 2027 68 53 B.
1985 2026 212 53 Herms

226 2104 131 67 [and]
404 2104 142 53 Earl
587 2104 69 54 E.
698 2104 189 54 Bowe.
964 2105 74 53 2d
1079 2105 103 69 ed.,
1223 2122 115 36 rev.
1414 2103 298 70 Berkeley,
1753 2102 340 71 University
2133 2102 66 55 of

200 2180 326 56 California
551 2200 175 50 press,
752 2184 151 52 1934.

269 2252 1762 52 3 p. l., xxvii p., 1 l., 795 p. incl. front., illus., maps, diagrs. 24cm.
275 2311 43 39 A
341 2315 163 46 report
528 2314 51 39 to
606 2312 81 42 the
712 2312 214 42 Termite
951 2312 374 49 investigations
1351 2310 440 45 committee.”—3d
1817 2311 188 50 prelim,
2034 2311 115 44 leaf.

275 2367 350 50 Bibliography
652 2371 53 39 at
736 2370 92 42 end
858 2368 54 42 of
940 2369 203 49 chapter
1168 2368 61 42 49
1270 2369 67 50 (p.
1366 2368 230 51 706-710)
1638 2369 96 41 and
1765 2379 46 38 p.
1841 2368 217 42 772-781.

202 2437 52 53 ©
281 2441 111 40 Dec.
419 2441 71 48 26,
518 2440 142 49 1934;
687 2441 68 41 2c.
783 2443 109 39 Jan.
922 2441 69 48 10,
1018 2441 141 48 1935;
1190 2442 81 40 aff.
1300 2443 115 47 Apr.
1441 2443 53 46 8;
1525 2442 43 39 A
1596 2442 170 47 80075;
1797 2442 212 48 Regents
2038 2442 53 39 of
2117 2442 83 40 the

271 2497 283 50 University
583 2499 53 39 of
666 2498 286 49 California,
984 2500 251 48 Berkeley,
1267 2498 145 42 Calif.
1483 2499 251 48 (35-1780)

204 2599 524 68 Krarup-Nielsen,
754 2602 184 65 Aage,
968 2607 170 50 1891-

338 2676 1864 71 … Blandt hovedjægere i Ecuador. København, Gyldendal,
209 2759 152 49 1934.

278 2828 86 41 190
390 2840 44 37 p.
492 2829 150 40 front.
682 2829 50 47 (3
761 2829 162 48 maps)
961 2830 170 48 plates.
1190 2829 118 41 26cm.

201 2881 1987 110 © Oct. 13, 1934; 1c. Jan. 8, 1935; A-Foreign 26592; Gyldendalske boghandel, Nordisk forlag. (35-3354)
204 3042 173 67 Kulp,
405 3042 205 56 Victor
637 3045 224 65 Henry,
891 3050 173 50 1881-
1272 3045 84 54 ed.

276 3121 168 55 Cases
482 3139 73 35 on
591 3122 79 53 oil
706 3123 112 51 and
855 3140 119 49 gas,
1010 3121 239 54 selected
1287 3122 154 51 from
1478 3118 276 55 decisions
1793 3119 65 53 of
1892 3119 307 52 American

207 3195 1993 73 courts, by Victor H. Kulp … 2d ed. … St. Paul, West
211 3277 333 68 publishing
571 3295 98 49 co.,
699 3280 150 49 1935.

274 3351 97 47 xiv,
405 3351 84 41 663
522 3362 42 37 p.
624 3351 117 40 26cm.
814 3349 281 51 (American
1127 3350 238 41 casebook
1396 3349 164 49 series,
1594 3350 72 41 W.
1702 3349 55 40 R.
1792 3348 177 48 Vance,
2002 3348 196 47 general

204 3407 182 49 editor)

207 3459 52 53 ©
286 3465 110 39 Jan.
424 3464 70 47 25,
522 3464 141 47 1935;
694 3464 66 40 2c.
790 3464 112 40 Feb.
930 3464 83 47 28;
1045 3463 81 41 aff.
1156 3465 123 39 Mar.
1305 3463 83 47 28;
1419 3464 42 38 A
1490 3462 170 47 79908;
1692 3462 138 40 West
1855 3461 110 48 pub.
1994 3470 68 30 co.

282 3520 249 50 (35-3261)

207 3622 197 65 Laski,
431 3623 221 54 Harold
678 3622 238 66 Joseph,
945 3627 171 51 1893-

279 3699 122 52 The
427 3705 146 48 state
599 3700 59 54 in
687 3701 202 67 theory
917 3703 112 51 and
1057 3700 264 67 practice,
1347 3699 77 68 by
1451 3698 226 54 Harold
1707 3699 55 54 J.
1793 3697 192 54 Laski.
2058 3697 138 54 New

208 3777 178 67 York,
413 3778 121 53 The
560 3777 222 67 Viking
808 3796 175 49 press,
1012 3781 150 50 1935.

278 3849 579 50 6 p. l., 3-299 p. 22cm.
208 3902 52 53 ©
283 3907 111 40 Feb.
419 3906 69 45 25,
513 3907 141 47 1935;
680 3906 67 40 2c.
774 3907 110 39 Feb.
907 3906 55 40 23;
1018 3906 82 40 aff.
1125 3906 110 39 Feb.
1262 3905 83 48 26;
1373 3906 42 38 A
1439 3903 170 48 79828;
1638 3904 62 40 H.
1727 3904 44 39 J.
1797 3902 162 48 Laski,
1986 3901 210 41 London.

281 3963 249 47 (35-3147)
