2424 4375
1068 4058 100 50 479

129 443 345 65 Démurger,
505 444 153 54 abbé.

198 521 126 53 Göd
356 522 111 51 and
498 521 110 52 His
635 521 221 53 infinite
883 521 363 66 perfections,
1278 541 59 33 as
1365 540 126 34 seen
1521 522 60 51 in
1612 521 157 65 Holy
1800 521 312 66 Scripture,

131 597 90 52 the
255 598 222 52 doctors
510 597 62 54 of
603 598 96 53 the
731 597 207 53 church
972 598 112 53 and
1114 598 95 53 the
1240 598 197 65 saints,
1466 598 75 65 by
1572 596 161 54 Abbé
1763 597 317 68 Démurger;

128 674 311 53 translated
477 675 74 66 by
587 675 139 52 Rev.
763 675 192 54 James
990 675 90 53 W.
1120 674 297 65 Kennedy.
1489 674 138 53 New
1667 673 178 67 York,
129 674 1956 130 Cincinnati

283 756 136 61 [etc.]
456 751 279 67 Benziger
764 750 273 66 brothers,
1066 754 152 50 1934.

194 824 98 48 xxi,
324 822 86 40 284
439 835 44 37 p.
543 824 57 40 19½
631 826 44 21 cm
678 855 10 10 .

128 890 52 53 ©
208 892 128 50 Sept.
360 894 69 47 22,
456 894 140 46 1934;
623 895 67 40 2c.
716 896 117 38 Nov.
859 894 26 39 9;
942 894 80 40 aff.
1050 894 117 39 Nov.
1194 895 53 45 8;
1274 896 40 37 A
1341 893 170 48 77180;
1541 894 233 49 Benziger
1797 896 128 39 bros.

206 950 250 49 (35-5799)

127 1055 285 65 Denham,
442 1055 252 55 William
726 1058 234 62 Ernest,
991 1061 170 50 1881-

199 1133 119 51 The
357 1131 352 66 Comforter;
749 1149 30 34 a
813 1131 150 55 brief
998 1130 309 55 discussion
1343 1131 64 54 of
1441 1132 96 52 the
1573 1149 200 52 person
1808 1131 112 54 and
1958 1131 157 55 work

129 1208 1984 71 of the Holy Spirit, by W. E. Denham … introduction by
127 1289 89 52 W.
251 1285 67 56 O.
351 1286 227 55 Carver.
652 1286 136 53 New
824 1285 160 54 York
1022 1321 13 34 [
1041 1292 119 63 etc.]
1200 1285 264 70 Fleming
1498 1287 74 51 H.
1609 1287 194 54 Revell
1837 1304 276 53 company

175 1368 150 65 [c1935]

197 1436 615 50 3 p. l., 5-124 p. 19½ cm .
127 1508 52 53 ©
204 1513 120 38 Mar.
350 1511 40 47 2,
417 1510 139 48 1935;
584 1510 66 41 2c.
678 1512 95 39 and
799 1510 81 41 aff.
909 1512 120 37 Mar.
1059 1508 81 49 19;
1168 1510 41 39 A
1236 1510 169 48 81072;
1436 1511 219 48 Fleming
1682 1512 60 39 H.
1771 1511 166 41 Revell
1966 1523 68 30 co.

202 1569 250 49 (35-5748)

124 1673 301 63 Donahue,
452 1673 192 54 Claire
671 1670 276 56 Christie.

195 1749 253 52 Radiant
473 1748 193 52 health
689 1748 139 52 cook
851 1747 161 67 book,
1036 1748 75 67 by
1136 1748 101 52 Dr.
1266 1748 188 54 Claire
1481 1746 63 55 C.
1569 1748 294 54 Donahue.
125 1749 1963 144 Houston,

266 1825 991 67 Tex., Claire C. Donahue [ c 1934]
197 1899 562 50 5 p. l., 112 p. 23½ cm .
199 1956 347 48 “Astrological
576 1958 166 45 aspect
769 1956 51 40 of
845 1953 143 43 food”;
1046 1967 44 37 p.
1122 1953 247 53 [100]-112.

126 2025 52 53 ©
206 2030 117 39 Nov.
350 2029 68 46 30,
447 2027 140 48 1934;
616 2028 66 40 2c.
711 2029 95 39 and
835 2027 80 39 aff.
943 2029 113 46 Apr.
1085 2029 40 45 4,
1155 2026 140 48 1935;
1324 2029 43 37 A
1392 2027 170 48 81279;
1594 2028 49 41 O.
1674 2028 49 41 C.
1752 2029 249 39 Donahue.

203 2086 248 48 (35-5686)

122 2188 310 65 Douglass,
459 2189 143 53 Paul
630 2187 299 65 Franklin,
959 2192 171 50 1904-

252 2263 1859 71 … God among the Germans. Philadelphia, University of
119 2342 421 70 Pennsylvania
572 2360 173 50 press,
778 2344 148 50 1935.

191 2415 104 48 xiii,
322 2415 85 41 325
433 2425 42 38 p.
536 2414 55 40 22½
624 2417 46 22 cm
673 2445 9 8 .

193 2472 63 40 At
282 2473 123 40 head
431 2472 52 40 of
509 2472 108 40 title;
670 2471 123 40 Paul
819 2471 52 39 F.
895 2471 255 47 Douglass.

191 2528 347 48 Bibliography;
597 2539 43 37 p.
667 2528 216 40 311-317.

127 2597 54 53 ©
201 2601 113 48 Apr.
334 2602 42 46 5,
399 2600 114 41 1935;
562 2600 68 40 2c.
652 2602 111 46 Apr.
788 2601 53 37 11;
895 2599 81 40 aff.
1001 2601 112 46 Apr.
1138 2599 58 39 10;
1245 2601 40 37 A
1309 2599 143 41 82464;
1506 2600 281 49 University
1811 2601 52 39 of
193 2600 1902 98 Pennsylvania
369 2667 149 39 press.
587 2656 249 49 (35-5633)

123 2758 186 66 Eddy,
340 2762 137 54 Mrs.
505 2761 174 62 Mary
707 2759 253 64 (Baker)
1001 2763 323 51 1821-1910.

190 2836 231 53 Visions
450 2835 63 52 of
541 2835 172 68 Mary
744 2835 188 52 Baker
964 2835 189 68 Eddy,
1186 2854 60 34 as
1277 2835 268 52 recorded
1574 2835 77 68 by
1682 2835 99 52 her
1811 2838 299 66 secretary,

122 2910 204 55 Calvin
355 2912 70 53 A.
459 2912 167 69 Frye,
659 2930 46 36 c.
739 2931 40 35 s.
812 2932 66 48 d.,
913 2912 151 53 from
1098 2912 336 66 1872-1894;
1470 2912 140 53 with
1645 2911 465 68 interpretations

121 2991 225 52 written
369 2990 75 69 by
467 2990 101 52 her
591 2989 287 54 sometime
902 2989 266 54 assistant
1192 2995 298 63 secretary,
1517 2989 226 55 Gilbert
1767 2989 62 56 C.

120 2988 1987 148 Carpenter, C. S. B .; introduction by Gilbert C. Carpenter, jr., C. S. B .
127 3144 322 68 [Rumford,
478 3144 67 52 R.
575 3145 70 66 I.,
671 3144 157 53 Priv.
859 3145 192 68 print.,
1077 3150 19 22 c
1101 3147 151 64 1935]

191 3217 57 40 89
271 3228 58 37 p.,
357 3218 25 39 1
409 3218 31 39 1.
499 3217 55 40 24½
586 3220 45 21 cm
635 3249 8 9 .

194 3273 211 42 “Second
433 3274 227 41 edition.”

129 3342 52 53 ©
207 3347 112 48 Apr.
347 3347 40 46 2,
416 3345 115 41 1935;
585 3346 67 40 2c.
679 3347 112 46 Apr.
820 3346 81 46 10;
932 3345 81 40 aff.
1042 3347 113 46 Apr.
1185 3345 52 46 5;
1269 3347 41 38 A
1336 3346 169 42 81370;
1538 3347 188 39 Gilbert
1753 3347 47 40 C.
1832 3347 278 47 Carpenter,

197 3404 75 47 jr.,
302 3404 252 44 Rumford,
587 3403 53 38 R.
672 3404 37 38 I.
779 3402 249 49 (35-5629)

129 3504 221 62 Elliott,
382 3505 252 55 William
665 3504 263 64 Yandell,
964 3511 170 50 1896-

199 3583 119 53 The
347 3587 138 51 need
517 3583 93 52 for
639 3581 424 55 constitutional
1095 3583 241 63 reform;
1370 3602 30 34 a
1432 3601 269 49 program
1732 3582 93 53 for
1853 3583 253 53 national

130 3660 1979 69 security, by William Yandell Elliott … New York, London,
131 3736 1853 70 Whittlesey house, McGraw-Hill book company, inc. [ c 1935]
239 3796 307 62 x. 286 p. 23 ½cm.
204 3866 159 41 “First
392 3865 224 43 edition.”

132 3935 52 53 ©
214 3941 111 46 Apr.
355 3940 69 46 11,
454 3939 115 40 1935;
626 3939 66 40 2c.
723 3940 95 39 and
848 3939 80 39 aff.
961 3940 112 47 Apr.
1105 3939 57 40 13;
1220 3940 40 38 A
1290 3937 142 42 81402;
1494 3937 348 41 McGraw-Hill
1873 3939 124 40 book
2026 3947 83 37 co.,

199 3995 89 41 inc.
358 3996 249 48 (35-5712)
