2424 4375
1072 4070 132 53 1577

161 443 424 68 [All-southern
643 441 238 65 Baptist
939 442 244 53 student
1241 441 365 54 conference.
1696 441 93 66 3d,
1842 442 305 66 Memphis.

228 524 150 62 1934]

222 591 1864 73 Making Christ my master, edited by Frank H. Leavell …
154 673 313 68 Nashville,
507 673 196 67 Tenn.,
739 672 121 53 The
902 670 237 70 Sunday
1178 672 190 53 school
1404 671 178 53 board
1623 670 64 52 of
1725 671 95 54 the
1861 669 282 55 Southern

154 750 638 69 Baptist convention [c1935]
222 825 88 41 252
336 835 44 38 p.
439 824 128 40 illus.
603 823 198 49 (ports.)
864 823 117 42 23cm.

224 882 72 41 On
324 891 141 31 cover:
524 879 318 49 Proceedings
872 879 133 41 third
1036 879 332 40 All-southern
1396 877 197 49 Baptist
1623 878 199 41 student
1850 877 295 44 conference,

154 936 249 50 Memphis,
437 938 282 47 Tennessee,
753 936 205 41 October
986 936 158 48 25-28,
1177 935 129 42 1934.

224 995 227 40 Includes
480 993 166 41 music.

224 1050 192 42 “Who’s
441 1051 107 40 who
576 1061 62 30 on
667 1051 82 39 the
777 1048 252 51 program”:
1089 1060 43 38 p.
1161 1049 216 40 239-244.

157 1105 52 53 ©
235 1108 108 40 Feb.
372 1108 38 49 5,
438 1107 112 41 1935;
607 1107 66 41 2c.
701 1108 109 39 Feb.
838 1108 53 40 18;
947 1107 82 40 aff.
1058 1107 110 40 Feb.
1197 1106 54 40 15;
1308 1107 41 38 A
1376 1106 170 47 79681;
1580 1106 199 48 Sunday
1806 1107 161 40 school
1997 1107 150 39 board

223 1166 53 39 of
299 1167 82 39 the
409 1164 242 41 Southern
677 1164 198 48 Baptist
895 1163 300 41 convention.
1266 1163 279 48 (35-23947)

154 1259 242 67 Allison,
426 1261 212 65 Young
669 1259 226 66 Ewing,
927 1263 326 51 1853-1932.

223 1336 182 55 Select
437 1336 184 53 works
655 1336 63 53 of
753 1336 209 68 Young
994 1335 68 52 E.
1098 1334 254 68 Allison;
1388 1334 759 69 literature—biography—

154 1415 602 67 history—insurance,
786 1413 138 53 with
957 1435 31 33 a
1022 1411 321 70 biography
1378 1412 61 53 of
1470 1413 95 52 the
1601 1413 204 53 author
1838 1412 111 52 and
1984 1434 31 33 a
2049 1414 99 52 list

154 1491 62 53 of
242 1490 88 55 his
361 1490 275 70 writings.
712 1490 325 69 Louisville,
1067 1491 132 67 Ky.,
1231 1492 149 49 1935.

221 1562 1922 50 2 p. l., [iii]-vii p., 1 l., 469 p. front., illus., plates, ports., facsims.
163 1619 130 47 (incl.
323 1620 178 45 music)
569 1619 57 39 26½cm.

222 1676 175 40 Edited
433 1676 60 46 by
527 1675 170 48 Young
730 1675 52 40 E.
819 1675 199 47 Allison,
1052 1675 60 47 jr.
1150 1675 96 40 and
1313 1707 8 8 J.
1358 1675 251 41 Christian
1644 1677 118 45 Bay.
1822 1676 101 40 The
154 1675 1970 104 biography
297 1732 66 48 (p.
401 1732 138 47 1-53)

587 1733 95 39 and
720 1731 335 48 bibliography
1103 1731 67 48 (p.
1225 1730 247 50 [459]-469)
1520 1733 236 48 prepared
1795 1733 60 47 by
1896 1734 90 39 Mr.
2026 1733 118 47 Bay.

155 1788 267 48 Sponsored
459 1789 59 47 by
555 1790 83 38 the
674 1789 171 47 Young
880 1790 53 39 E.
970 1788 188 40 Allison
1195 1789 424 40 commemoration
1659 1790 274 40 committee
1972 1790 51 40 of
2061 1791 84 39 the

153 1846 164 40 Filson
348 1846 108 40 club
490 1845 52 40 of
573 1844 275 48 Louisville,
881 1844 272 48 Kentucky.

157 1901 1985 53 © Oct. 18, 1935; 2c. Oct. 25; aff. Oct. 24; A 86997; Young E. Allison, jr.,
221 1962 276 40 Louisville.
568 1961 278 48 (35-23931)

154 2057 206 65 Amiel,
390 2059 186 52 Henri
605 2056 291 66 Frédéric,
927 2060 326 51 1821-1881.

221 2135 120 55 The
369 2133 223 70 private
620 2135 229 68 journal
875 2133 63 53 of
965 2133 185 55 Henri
1178 2133 269 54 Frédéric
1474 2134 219 69 Amiel;
1725 2137 313 53 translated
2068 2138 72 66 by

154 2213 127 54 Van
311 2212 185 69 Wyck
528 2212 219 54 Brooks
779 2213 112 52 and
925 2212 235 56 Charles
1191 2213 132 53 Van
1352 2213 185 67 Wyck
1570 2212 247 68 Brooks;
154 2213 1962 129 introduction

297 2290 74 69 by
399 2290 261 53 Bernard
688 2288 263 55 Bouvier.
1016 2290 131 52 Enl.
1177 2291 111 51 and
1317 2309 112 33 rev.
1459 2290 84 53 ed.
1571 2289 364 69 conforming
1962 2298 58 46 to
2047 2292 95 54 the

155 2367 243 69 original
425 2374 135 47 text.
624 2367 138 53 New
789 2366 177 68 York,
994 2368 120 52 The
1141 2366 334 53 Macmillan
1501 2385 296 49 company,
1827 2372 148 50 1935.

222 2439 1138 49 xlvii p., 1 l., 675 p. front. (port.) 19½cm.
157 2494 1598 53 © Oct. 1, 1935; 2c. and aff. Oct. 2; A 89209; Macmillan co.
230 2554 277 49 (35-24327)

155 2651 248 64 Beattie,
429 2652 212 52 Lester
666 2649 466 56 Middleswarth.

221 2727 156 53 John
411 2728 350 64 Arbuthnot,
797 2725 462 55 mathematician
1296 2727 111 52 and
1444 2725 236 68 satirist,
1715 2727 77 67 by
1826 2729 197 51 Lester
2058 2730 78 52 M.

156 2802 1786 69 Beattie … Cambridge, Harvard university press, 1935.
224 2876 95 48 xvi,
347 2876 87 41 432
463 2887 43 37 p.
566 2876 147 40 front.
744 2875 169 50 (port.)
952 2887 76 37 pl.,
1058 2874 173 41 double
1260 2874 189 43 facsim.
1506 2876 116 40 21cm.
1691 2876 298 48 (Half-title:
157 2877 1966 96 Harvard
303 2932 185 42 studies
517 2932 51 41 in
597 2932 216 49 English,
871 2933 89 39 vol.
1087 2931 14 48 XVI)

224 2990 409 47 Bibliographical
664 2990 274 39 foot-notes.

157 3041 50 53 ©
231 3046 99 41 Oct.
353 3047 70 47 23,
448 3046 112 40 1935;
614 3046 66 40 2c.
708 3046 101 40 Oct.
833 3046 54 40 31;
943 3044 81 41 aff.
1051 3044 100 41 Oct.
1178 3045 55 39 26;
1287 3045 41 39 A
1353 3044 145 41 88069;
1550 3044 257 41 President
1831 3046 95 39 and
1951 3045 191 40 fellows

221 3104 51 37 of
296 3105 228 38 Harvard
553 3103 191 47 college,
772 3102 299 47 Cambridge,
1101 3102 146 39 Mass.
1317 3101 279 49 (35-24331)

156 3196 315 64 Bezanson,
499 3200 188 54 Anne.

224 3275 190 54 Prices
443 3277 59 50 in
533 3274 242 55 colonial
806 3275 443 67 Pennsylvania,
1278 3275 75 68 by
1384 3274 167 53 Anne
1585 3275 311 67 Bezanson,
1929 3275 212 52 Robert

158 3351 1984 71 D. Gray [and] Miriam Hussey … Philadelphia, University of
157 3430 416 69 Pennsylvania
603 3450 174 49 press,
806 3435 149 48 1935.

223 3505 95 46 xix,
349 3505 85 40 445
464 3517 43 37 p.
567 3505 178 48 diagrs.
775 3505 47 48 (1
854 3505 142 47 fold.)
1065 3504 54 41 23½cm.
1282 3505 298 49 (Half-title:
1612 3505 272 41 Industrial
1916 3508 222 39 research

159 3560 312 50 department,
511 3562 239 39 Wharton
791 3562 160 40 school
993 3562 51 39 of
1083 3561 186 40 finance
1310 3563 97 39 and
1448 3572 276 37 commerce,
1766 3562 283 49 University
2089 3566 52 38 of

156 3615 363 50 Pennsylvania,
555 3617 351 48 Philadelphia.
968 3618 242 39 Research
1247 3619 200 39 studies,
1632 3617 15 47 XXVI)

227 3672 126 42 “The
376 3673 105 41 first
505 3674 50 39 in
581 3684 28 29 a
632 3673 150 41 series
807 3674 52 40 of
880 3673 212 41 detailed
1117 3674 186 40 studies
1328 3674 53 39 of
1405 3676 81 38 the
1511 3673 187 48 history
1724 3674 53 41 of
1802 3675 155 48 prices
1984 3676 47 38 in
2059 3676 82 41 ihe

159 3727 1932 51 Philadelphia area … The purpose of this study is to make available …
161 3784 78 39 the
271 3786 257 42 wholesale
563 3785 154 47 prices
754 3786 52 40 of
840 3786 329 40 commodities
1206 3786 179 47 bought
1423 3787 95 38 and
1556 3787 104 39 sold
1696 3787 51 39 in
1782 3786 355 49 Pennsylvania

157 3837 209 43 between
393 3840 494 41 1726-1775.”—Pref.

223 3895 345 49 Bibliography:
624 3909 42 37 p.
695 3897 216 40 434-438.

157 3944 50 53 ©
238 3951 96 41 Oct.
368 3954 68 45 18,
469 3953 138 45 1935;
643 3953 65 40 2c.
742 3954 94 38 and
869 3953 80 39 aff.
983 3953 102 40 Oct.
1118 3952 55 41 25;
1235 3954 42 38 A
1308 3953 169 49 87918;
1514 3952 282 53 University
1828 3955 54 40 of
223 3955 1900 93 Pennsylvania
397 4020 148 37 press.
618 4008 277 49 (35-23891)
