2424 4375
1117 4085 100 50 398

169 464 160 66 Folk,
356 466 165 53 Reau
547 465 197 65 Estes,
774 469 171 51 1865-

239 541 196 51 Battle
469 539 64 54 of
569 540 139 54 New
749 540 259 67 Orleans,
1043 540 75 52 its
1153 540 118 52 real
1307 539 297 68 meaning;
1645 556 274 50 exposure
1958 538 65 54 of
170 555 1969 117 untruth
352 616 171 72 being
549 618 210 70 taught
779 636 194 51 young
998 617 266 55 America
1294 618 341 68 concerning
1663 617 97 55 the
1788 618 203 54 second
2019 622 149 49 most

171 697 317 68 important
513 697 259 68 military
795 701 166 49 event
985 697 62 52 in
1070 696 98 54 the
1194 695 105 55 life
1329 695 65 55 of
1419 696 99 54 the
1541 695 271 69 republic.
1887 697 94 67 By
2007 696 158 53 Reau

171 773 1989 70 E. Folk … [Nashville, Ladies’ Hermitage association, c 1935]
245 845 57 40 45
329 856 44 37 p.
432 846 55 40 23
490 848 44 21 cm
539 877 9 10 .

247 902 236 40 “Limited
517 901 228 42 edition.”

174 958 53 53 ©
253 963 111 39 Jan.
391 963 70 47 14,
489 961 113 41 1935
621 972 8 37 ;
659 961 67 41 2c.
755 962 95 39 and
877 960 84 41 aff.
989 961 110 40 Jan.
1128 961 55 40 17
1201 971 8 31 :
1241 961 41 39 A
1310 960 169 48 80038;
1512 961 54 40 R.
1597 962 53 39 E.
1680 960 133 48 Folk,
1844 960 265 41 Nashville.

253 1019 251 50 (35-4760)

171 1124 198 65 Forse,
397 1123 220 65 Joseph
647 1125 61 55 C.

241 1200 263 53 Random
531 1200 278 69 thoughts
836 1200 113 53 and
974 1199 315 68 memories,
1316 1199 77 69 by
1421 1199 218 69 Joseph
1671 1197 61 57 C.
1764 1199 189 54 Forse.
2028 1197 139 55 New

175 1278 179 68 York,
379 1279 159 53 Priv.
561 1278 178 69 print,
758 1278 77 69 by
859 1278 96 55 the
978 1277 291 57 Beekman
1291 1278 107 53 hill
1424 1296 175 50 press,
1628 1280 150 50 1935.

242 1352 62 47 vi,
336 1352 56 41 98
425 1363 43 38 p.
527 1350 56 42 21½
617 1354 44 21 cm
665 1384 10 9 .

244 1408 227 41 “Edition
497 1408 188 42 limited
715 1410 51 40 to
793 1408 111 49 fifty
931 1408 202 50 copies.”

242 1466 182 42 Poems.

173 1520 53 53 ©
253 1525 120 39 Mar.
399 1522 72 49 21,
497 1521 114 43 1935
629 1533 9 37 ;
666 1521 67 42 2c.
760 1522 100 40 and
882 1521 81 41 aff.
993 1522 122 40 Mar.
1143 1520 56 41 25
1216 1532 10 36 ;
1255 1522 41 39 A
1324 1521 145 40 82116
1484 1532 9 37 ;
1524 1522 43 40 J.
1596 1522 50 41 G.
1676 1522 162 48 Forse,
1866 1520 300 49 Pittsburgh.

254 1581 251 49 (35-4787)

172 1668 171 66 Foth,
373 1671 210 63 Georg,
613 1673 171 51 1862-

243 1748 110 52 Die
408 1746 197 68 praxis
660 1746 95 53 des
809 1744 570 55 brennereibetriebes
1435 1745 104 53 auf
1594 1743 573 55 wissenschaftlicher

173 1825 346 69 grundlage;
560 1823 91 53 ein
689 1823 272 53 lehrbuch
1003 1824 98 52 für
1139 1822 303 54 landwirte
1480 1824 117 52 und
1635 1822 529 54 brennereiverwal

173 1900 1995 70 ter, von dr. Georg Foth … mit 101 textabbildungen. Berlin,
174 1981 65 52 P.
270 1981 205 67 Parey,
504 1982 150 50 1935.

247 2052 1179 49 XV, 359 p. incl. illus., tables, diagrs. 21 ½ cm .
175 2105 1880 54 © Dec. 10, 1984 ; 1c. Feb. 19, 1935 ; A -Foreign 26985 ; Paul Parey.
254 2166 251 50 (35-4978)

172 2258 226 65 Gandy,
424 2259 192 53 Lewis
647 2260 164 63 Cass,
843 2260 169 54 1876-

250 2334 119 52 The
407 2333 244 67 Tabors;
692 2352 32 33 a
761 2332 252 54 footnote
1051 2332 62 54 of
1150 2338 237 49 western
1424 2332 239 69 history,
1698 2333 73 69 by
1810 2332 182 55 Lewis
2032 2330 137 57 Cass

181 2409 235 70 Gandy;
451 2409 322 57 illustrated
807 2411 140 54 with
981 2417 431 62 contemporary
1444 2409 301 55 woodcuts.
1821 2410 136 54 New
1991 2409 178 71 York,

179 2489 122 52 The
325 2489 165 53 Press
517 2490 63 52 of
605 2488 96 54 the
724 2489 275 68 pioneers,
1024 2489 129 68 inc.,
1182 2490 148 50 1934.

247 2560 65 47 xi,
337 2558 85 41 291
450 2569 43 38 p.
552 2560 163 48 front.,
743 2560 169 49 plates,
940 2562 148 46 ports.
1147 2560 84 40 231
1235 2562 45 21 cm
1285 2594 9 8 .

177 2616 53 53 ©
270 2620 112 40 Feb.
420 2619 69 48 25,
529 2620 139 47 1935;
710 2619 66 41 2c.
819 2620 121 39 Mar.
979 2619 82 47 27;
1105 2619 83 40 aff.
1228 2620 121 39 Mar.
1390 2619 83 48 28;
1515 2619 41 39 A
1596 2618 169 50 81197;
1808 2621 143 40 Press
1990 2621 54 39 of
2084 2622 82 40 the

244 2676 235 49 pioneers,
508 2677 89 40 inc.
669 2676 249 49 (35-4882)

173 2762 300 68 Giachino,
501 2765 219 64 Joseph
748 2763 272 66 William,
1050 2770 171 49 1906-

243 2840 1922 71 Bench metalwork [by] J. W. Giachino … Peoria, Ill., The
170 2920 806 68 Manual arts press [ c 1935]
249 2990 56 40 80
334 3000 42 38 p.
437 2990 141 47 illus.,
606 2991 178 46 diagrs.
843 2990 56 39 22
901 2992 44 21 cm
951 3022 9 8 .

177 3046 1987 53 © Mar. 13-, 1935; 2c. and aff. Mar. 18; A 81048; J. W . Giachino,
246 3106 334 47 Hamtramck,
612 3105 142 41 Mich.
826 3104 249 49 (35-4751)

180 3195 264 64 Gielgud,
473 3195 110 52 Yal
609 3196 224 62 Henry.

245 3270 236 52 Murder
506 3272 61 50 in
596 3272 96 51 the
723 3270 203 54 studio.
1007 3271 360 66 [Instalment
1399 3274 81 65 12]

255 3344 83 48 (In
363 3340 236 43 Pictorial
623 3340 204 52 weekly,
854 3342 126 41 Mar.
1005 3342 42 49 9,
1076 3341 142 49 1935)

177 3396 53 53 ©
266 3401 65 39 1c.
369 3401 114 47 Apr.
519 3400 70 46 27,
626 3400 141 47 1935;
807 3401 43 38 A
884 3401 61 39 ad
983 3399 85 41 int.
1105 3399 171 48 20170;
1302 3400 156 48 ,pubd.
1496 3402 123 38 Mar.
1657 3402 52 46 1;
1750 3401 53 39 V.
1844 3402 59 38 H.
1944 3400 217 48 Gielgud,

245 3458 211 39 London.

172 3544 327 63 Grabhorn,
530 3544 147 53 Jane
707 3544 228 64 Bissell,
967 3546 83 55 ed.

245 3621 54 51 A
332 3618 323 55 California
685 3621 136 67 gold
852 3620 134 52 rush
1017 3619 330 69 miscellany
1380 3618 375 70 comprising:
1787 3619 95 53 the
1913 3621 246 68 original

175 3698 244 52 Journal
465 3696 65 53 of
574 3696 327 53 Alexander
948 3698 369 67 Barrington,
1362 3699 132 52 nine
1539 3698 381 67 unpublished
1967 3697 193 53 letters

179 3774 149 51 from
362 3774 95 52 the
491 3774 134 66 gold
660 3772 195 69 mines,
886 3774 430 66 reproductions
1351 3776 63 51 of
1448 3776 156 66 early
1636 3793 162 49 maps
1834 3776 112 51 and
1978 3781 181 47 towns

179 3849 149 52 from
367 3849 323 54 California
728 3849 389 69 lithographs;
1157 3851 346 67 broadsides,
1539 3854 118 64 &c.,
1694 3854 98 49 &c.
1866 3851 162 54 With

179 3870 1955 124 explanatory
524 3930 119 48 text
686 3927 76 67 by
806 3927 146 53 Jane
997 3927 204 53 Bissell
1248 3926 320 55 Grabhorn.
1669 3927 116 55 [San
1832 3928 320 67 Francisco]

177 4003 118 51 The
326 4002 303 53 Grabhorn
660 4021 174 49 press,
868 4007 146 48 1934.
