2424 4375
1240 4042 100 51 676

310 419 251 64 Nicklin,
591 420 154 53 John
774 421 106 63 W.,
911 439 83 34 ed.

380 497 120 51 The
538 496 216 53 United
796 495 187 54 States
1022 497 207 61 album,
1268 496 309 68 providing
1612 515 192 48 spaces
1845 496 93 51 for
1973 514 167 50 every
313 516 1964 125 regularly
544 573 185 54 issued
779 573 112 53 and
938 572 323 55 obtainable
1309 573 265 54 adhesive
1621 579 234 64 postage
1902 576 111 51 and
2064 593 237 35 revenue

309 659 187 58 stamp
536 650 65 54 of
637 651 97 52 the
770 651 215 54 United
1028 650 188 56 States
1256 652 112 53 and
1407 652 174 54 issues
1620 651 65 54 of
1721 652 95 53 the
1854 650 216 56 United
2112 652 187 55 States

314 731 180 65 postal
526 728 463 54 administration
1018 729 64 52 of
1114 728 180 55 Canal
1325 747 153 50 zone,
1508 730 177 66 Cuba,
1718 729 204 65 Guam,
1951 730 176 53 Porto
2160 729 139 55 Rico

309 808 112 52 and
454 807 93 54 the
578 805 335 69 Philippine
944 808 234 66 islands,
1207 806 186 55 edited
1425 807 74 68 by
1531 806 155 56 John
1717 808 88 52 W.
1839 807 249 54 Nicklin.
2161 808 138 53 New

314 885 157 52 York
498 884 133 69 city,
658 884 231 55 Grosset
915 887 45 50 &
986 885 236 67 Dunlap
1249 886 74 67 by
1352 892 399 61 arrangement
1779 883 136 55 with
1945 886 95 53 the
2069 884 230 55 Nicklin

308 981 279 50 company [c1935]
383 1036 113 51 [301]
529 1047 42 38 p.
632 1036 128 41 illus.
820 1036 144 40 28½cm.

381 1093 70 41 On
479 1103 167 30 cover:
674 1093 102 40 The
801 1092 179 42 United
1009 1092 164 42 States
1199 1094 160 47 stamp
1385 1092 177 42 album.

381 1151 153 39 Extra
565 1149 262 41 numbered
854 1151 161 39 leaves
1044 1149 227 41 inserted.

310 1203 52 52 ©
387 1208 113 46 May
522 1207 68 46 16,
616 1207 112 40 1935;
783 1206 66 40 2c.
875 1206 96 40 and
994 1206 81 40 aff.
1102 1207 113 46 May
1240 1205 82 42 20:
1349 1207 40 38 A
1413 1206 169 47 83189;
1612 1208 42 39 J.
1683 1208 71 39 W.
1781 1206 207 48 Nicklin,
2014 1209 116 39 New
2156 1209 143 40 York.

381 1263 281 49 [Copyright
689 1265 43 38 is
755 1263 203 40 claimed
985 1274 58 29 on
1069 1274 105 29 new
1201 1264 226 39 material
1454 1265 95 38 and
1575 1264 308 49 corrections]

387 1320 250 49 (35-7390)

308 1409 206 66 Nolan,
544 1412 203 52 James
774 1412 276 63 Bennett,
1082 1411 169 54 1877-
1463 1428 179 49 comp.

374 1486 145 68 Play
552 1492 57 47 at
642 1486 263 69 Reading
940 1493 179 58 town;
1158 1486 95 53 the
1289 1486 315 55 diversions
1640 1486 64 53 of
1737 1505 103 34 our
1876 1492 299 63 ancestors,
301 1506 1969 111 assembled
591 1564 111 52 and
744 1563 186 53 edited
974 1565 75 67 by
1092 1563 55 54 J.
1193 1565 246 51 Bennett
1483 1564 203 53 Nolan.
1788 1565 337 69 [Pottstown,
2169 1565 121 67 Pa.]

303 1641 119 52 The
452 1642 176 51 Feroe
654 1659 174 50 press,
857 1643 149 50 1935.

379 1713 112 50 [119]
518 1724 43 37 p.
586 1713 108 39 incl.
724 1713 161 47 front.,
911 1713 142 47 illus.,
1080 1713 170 47 plates,
1278 1714 162 46 ports.,
1467 1712 213 41 facsims.
1740 1712 116 42 30cm.

373 1770 41 38 A
457 1770 250 40 collection
749 1769 53 40 of
844 1773 366 44 contemporary
1255 1769 235 47 sketches,
1538 1769 303 48 lithographs
1887 1772 92 38 and
305 1779 1971 87 announcements
482 1827 126 39 from
633 1828 84 39 the
738 1825 124 41 local
885 1835 150 38 press.

307 1882 52 52 ©
388 1887 111 45 May
524 1885 39 46 1,
593 1884 116 40 1935;
764 1884 67 40 2c.
859 1885 111 47 May
996 1885 52 46 8;
1079 1884 81 40 aff.
1190 1885 114 47 May
1330 1885 81 46 14;
1442 1885 41 39 A
1510 1885 143 41 83108;
1710 1886 42 39 J.
1782 1887 54 38 B.
1864 1886 169 47 Nolan,
2066 1885 229 49 Reading,

375 1943 82 39 Pa.
527 1940 251 50 (35-7309)

303 2031 1993 224 North eastern digest. 1934 annual. Covering volumes 189-193 North eastern reporter … with tables of statutes construed and cases digested … By the publisher’s editorial
373 2263 149 56 staff.
589 2267 81 55 St.
700 2267 164 65 Paul,
889 2268 160 52 West
1076 2265 335 68 publishing
1437 2284 77 34 co.
1550 2269 192 63 [c1935]

374 2340 84 38 614
486 2350 43 37 p.
587 2339 116 40 26cm.

305 2393 52 52 ©
383 2397 112 47 Apr.
523 2396 40 47 5,
589 2395 113 41 1935;
758 2394 67 41 2c.
854 2395 94 40 and
974 2394 80 40 aff.
1084 2395 116 47 May
1225 2395 54 40 13;
1337 2396 42 38 A
1404 2395 143 41 81788;
1604 2396 136 39 West
1769 2395 106 47 pub.
1906 2405 65 30 co.

304 2484 147 64 Ogg,
481 2484 274 55 Frederic
783 2483 237 66 Austin,
1052 2486 170 54 1878-

361 2560 1928 131 Introduction to American government, by Frederic A. Ogg … and
533 2637 1756 70 P. Orman Ray … 5th ed. thoroughly rev. New York,
302 2716 255 65 London,
592 2716 70 51 D.
701 2714 576 68 Appleton-Century
1315 2733 298 50 company,
1648 2715 398 68 incorporated
2091 2719 191 63 [c1935]

373 2789 101 47 viii,
500 2788 85 41 923
614 2800 43 37 p.
714 2788 175 48 diagrs.
920 2788 49 48 (1
996 2788 143 48 fold.)
1203 2788 117 40 24cm.
1413 2788 73 40 (On
1513 2797 163 32 cover:
1701 2789 102 40 The
1832 2789 215 49 Century
2073 2789 214 49 political

301 2846 188 41 science
515 2845 178 48 series)

376 2901 346 41 “References”
751 2903 53 38 at
828 2902 91 39 end
946 2901 53 39 of
1024 2902 118 39 each
1170 2901 213 47 chapter.

304 2956 52 52 ©
384 2961 113 46 May
524 2958 40 48 9,
593 2956 113 42 1935;
761 2957 64 40 2c.
857 2958 112 47 May
997 2957 80 46 13;
1108 2957 82 39 aff.
1220 2958 112 47 May
1360 2957 81 45 14;
1472 2958 41 37 A
1540 2956 169 47 81809;
1742 2958 50 39 F.
1822 2958 53 40 A.
1909 2958 112 49 Ogg,
2053 2959 234 46 Madison,

374 3016 131 47 Wis.,
536 3016 96 39 and
660 3015 51 40 P.
742 3014 178 41 Orman
952 3014 119 47 Ray,
1104 3014 249 47 Berkeley,
1385 3012 143 42 Calif.
1599 3013 250 49 (35-7258)

300 3107 255 64 Pahlow,
585 3106 206 53 Edwin
820 3105 271 64 William,
1124 3107 169 53 1878-

371 3184 184 52 Man’s
594 3184 396 52 achievement.
1064 3186 46 49 2.
1149 3183 119 53 The
1305 3201 101 48 age
1444 3182 63 52 of
1542 3183 212 54 science
1792 3185 110 52 and
1941 3185 345 66 democracy,

302 3261 1982 67 by Edwin W. Pahlow … Boston, New York [etc.] Ginn and
301 3357 278 48 company
613 3341 191 64 [c1935]

373 3411 103 46 xiii,
505 3411 96 47 778,
629 3409 86 41 xix
745 3421 41 37 p.
815 3412 108 38 incl.
952 3411 163 45 front.,
1143 3409 126 40 illus.
1299 3408 132 48 (incl.
1462 3413 162 45 ports.,
1654 3410 159 47 maps)
1852 3410 177 47 diagrs.
2086 3410 144 40 20½cm.

377 3467 145 40 “This
558 3468 193 39 volume
821 3477 52 29 has
909 3477 162 36 grown
1112 3469 83 37 out
1235 3467 53 38 of
1326 3467 98 47 [the
1460 3467 232 48 author’s]
1734 3467 167 39 ‘Man’s
1940 3471 139 43 great
305 3469 1964 95 adventure’.”—vol.
649 3524 40 47 2,
717 3534 42 37 p.
789 3523 80 40 vii.

374 3581 135 39 “List
532 3581 53 39 of
607 3579 175 41 books”
801 3590 9 29 :
840 3580 90 39 vol.
955 3580 40 47 2,
1024 3590 40 37 p.
1092 3579 215 41 771-778.

305 3633 53 52 ©
398 3638 112 47 May
547 3637 40 46 3,
626 3635 140 48 1935;
805 3635 67 42 2c.
911 3637 114 47 May
1061 3636 82 48 24;
1185 3634 82 41 aff.
1308 3636 113 47 May
1457 3634 82 48 22;
1581 3637 39 38 A
1661 3634 168 48 83290;
1871 3637 49 37 E.
1961 3637 68 38 W.
2073 3636 208 45 Pahlow,

374 3692 272 49 Columbus,
679 3692 51 41 O.
2078 3690 115 42 4348

304 3781 261 64 Parrish,
592 3781 270 64 Edward,
889 3782 168 53 1873-

376 3855 1904 70 Sex and love problems, by Edward Parrish … New York,
308 3935 64 53 N.
412 3935 90 65 Y.,
538 3933 359 69 Psychology
933 3933 259 53 institute
1228 3932 64 55 of
1327 3933 282 68 America,
1645 3935 395 65 incorporated
2085 3935 188 64 [c1935]
