2424 4375
1023 4093 131 49 1269

103 472 176 66 Rock,
310 475 220 53 Robert
557 475 274 64 Thomas,
863 481 169 49 1903-

173 551 119 52 The
332 549 274 54 influence
646 569 154 49 upon
841 552 261 67 learning
1142 552 62 53 of
1246 552 96 53 the
1382 552 379 67 quantitative
1802 551 284 54 variation

105 626 1981 71 of after-effects, by Robert T. Rock, jr. … New York city,
103 707 274 53 Teachers
407 707 225 66 college,
665 707 298 54 Columbia
993 706 333 67 university,
1357 710 149 50 1935.

172 778 1916 50 xii p., 1 l., 78 p. 1 illus., diagrs. 23½ cm . (Teachers college, Columbia
103 835 282 47 university.
444 834 364 42 Contributions
838 838 47 38 to
914 835 271 47 education,
1211 847 75 28 no.
1317 835 109 49 650)

174 892 169 40 Issued
370 893 101 39 also
498 903 55 29 as
580 892 151 40 thesis
766 893 16 47 (PH.
951 892 14 47 D.)
1000 890 249 42 Columbia
1279 892 285 48 university.

171 948 345 42 “References”:
576 960 42 37 p.
649 949 68 40 78.

106 1015 51 53 ©
182 1020 126 39 June
331 1019 70 47 27,
425 1018 113 41 1935;
593 1019 65 39 2c.
685 1019 115 47 July
827 1019 80 46 15;
934 1018 81 40 aff.
1041 1018 119 48 Aug.
1187 1019 51 45 6;
1269 1018 40 39 A
1336 1018 142 41 84860
1479 1031 3 15 1
1496 1029 9 36 ;
1536 1018 56 40 R.
1620 1019 50 38 T.
1697 1018 146 48 Rock,
1871 1018 74 49 jr.,
1972 1020 118 39 New

176 1076 142 40 York.
389 1074 278 50 (35-16350)

102 1168 244 61 Rogers,
376 1167 275 54 Frances.

166 1240 192 69 Heels,
379 1240 205 54 wheels
607 1242 113 52 and
744 1240 163 69 wire;
932 1241 96 53 the
1051 1246 159 64 story
1231 1240 65 54 of
1318 1258 278 51 messages
1622 1240 113 54 and
1758 1240 233 70 signals,
2010 1240 76 71 by

99 1316 244 56 Frances
372 1318 217 69 Rogers
618 1319 112 53 and
760 1318 161 54 Alice
953 1319 219 68 Beard;
1206 1318 140 53 with
1376 1317 339 71 sixty-eight
1743 1318 345 69 engravings

101 1394 65 54 of
187 1396 117 54 line
329 1397 292 68 drawings
641 1396 76 69 by
742 1397 245 53 Frances
1010 1396 235 69 Rogers.
1307 1396 139 53 New
1472 1396 181 69 York,
1681 1397 311 53 Frederick
2014 1397 73 53 A.

101 1472 198 57 Stokes
324 1492 297 51 company,
650 1477 149 50 1935.

167 1547 116 49 xvii,
309 1547 86 41 265
418 1557 43 38 p.
486 1547 108 40 incl.
621 1547 163 48 front.,
811 1547 127 41 illus.
998 1546 55 41 19
1056 1548 45 22 cm
1106 1578 7 10 .

106 1616 52 53 ©
191 1622 128 46 Sept.
352 1620 68 47 12,
452 1620 140 46 1935;
629 1621 66 39 2c.
734 1622 127 45 Sept.
894 1621 54 38 13;
1013 1620 82 39 aff.
1133 1622 126 46 Sept.
1294 1622 54 37 14;
1410 1622 40 37 A
1484 1621 170 46 86316;
1691 1622 50 38 F.
1778 1622 186 46 Rogers
1994 1623 97 38 and

171 1676 135 41 Alice
333 1677 175 47 Beard,
537 1677 116 39 New
682 1677 142 38 York.
895 1675 254 47 (35-16465)

106 1767 86 55 St.
219 1767 174 65 Clair,
421 1768 246 53 Mabelle
694 1767 258 55 Halleck.

174 1844 251 68 Sammy,
456 1845 98 54 the
582 1845 150 68 baby
763 1845 132 67 seal,
922 1845 76 67 by
1029 1843 247 55 Mabelle
1308 1844 246 54 Halleck
1589 1843 83 57 St.

1711 1844 186 68 Clair;
103 1843 1965 134 illustrated
314 1923 77 69 by
415 1923 193 54 James
630 1923 361 53 Macdonald.
1064 1923 140 53 New
1231 1923 180 67 York,
1435 1923 309 67 Harcourt,
1773 1925 178 52 Brace
1981 1925 106 53 and

104 2019 277 50 company
415 2033 190 36 [c1935]

171 2072 1275 51 5 p. l., 3-118 p. incl. illus., plates, front. 19cm.
106 2140 53 53 ©
187 2145 127 49 Sept.
341 2143 69 49 19,
438 2145 116 39 1935;
606 2144 66 40 2c.
701 2144 95 40 and
823 2144 80 39 aff.
935 2143 126 49 Sept.
1087 2143 82 47 23;
1200 2144 43 39 A
1268 2144 168 46 87145;
1469 2144 261 48 Harcourt,
1760 2145 156 41 Brace
1944 2146 35 39 &
2008 2156 82 32 co.,

171 2201 90 41 inc.
330 2201 279 48 (35-16591)

106 2292 235 64 Sender,
367 2292 226 52 Ramón
617 2291 53 55 J.

237 2367 1635 68 … Pro patria; translated by James Cleugh from the
106 2367 1982 146 Spanish novel, Imán … Boston, Houghton Mifflin company, 1935.
174 2518 648 50 4 p. l., [3]-295 p. 21½ cm .
177 2577 197 39 London
400 2574 184 43 edition
618 2574 241 49 (Wishart
886 2574 37 40 &
946 2575 93 48 co.)
1075 2575 91 38 has
1192 2574 135 40 title:
1356 2574 302 40 Earmarked
1684 2574 79 39 for
1790 2575 111 39 hell.

110 2642 51 53 ©
199 2647 126 47 Sept.
360 2647 68 47 17,
464 2645 117 41 1935;
641 2645 66 40 2c.
748 2645 125 47 Sept.
906 2643 83 48 23;
1025 2643 79 40 aff.
1146 2645 127 47 Sept.
1308 2643 84 41 20:
1430 2645 44 37 A
1508 2643 169 48 87207;
1718 2645 54 38 R.
1812 2645 42 39 J.
1896 2645 195 47 Sender,

176 2702 205 41 Madrid.
451 2701 279 48 (35-16592)

109 2789 246 67 Shields,
382 2791 219 53 Harold
633 2791 245 63 Gustav,
909 2795 169 50 1900-

175 2864 1913 71 Business-economic problems, by H. G. Shields … and W.
108 2942 1958 134 Harmon Wilson … Cincinnati, New York [etc.] South-western
230 3023 332 69 publishing
592 3041 278 50 company
1083 3055 12 34 [c1935]

175 3096 64 49 ix,
270 3098 82 40 713
383 3108 44 38 p.
486 3096 142 47 illus.,
659 3096 179 48 diagrs.
897 3094 56 39 22
956 3097 44 21 cm
1004 3126 9 8 .

178 3152 428 50 “Supplementary
635 3151 253 50 readings”
917 3155 52 37 at
995 3151 91 40 end
1115 3150 52 41 of
1192 3151 118 41 each
1337 3152 216 48 chapter.

113 3220 1978 53 © July 31, 1935; 2c. and aff. Sept. 9; A 85802; South-western pub. co.
187 3282 275 48 (35-16134)

113 3367 228 67 Spivey,
368 3370 258 52 Thomas
651 3370 258 63 Sawyer,
939 3373 171 50 1856-

168 3443 120 54 The
320 3446 109 51 last
462 3445 175 66 word,
671 3444 75 69 by
782 3444 246 53 Thomas
1065 3442 233 69 Sawyer
1335 3441 231 69 Spivey.
1640 3440 448 69 Shawneetown,

102 3518 110 70 Ill.,
235 3521 121 53 The
382 3522 204 53 author
796 3554 13 34 [c1935]

169 3591 83 42 152
279 3603 42 38 p.
381 3594 141 49 illus.,
550 3595 178 46 diagrs.
786 3592 58 41 20½
875 3595 44 22 cm
922 3625 9 9 .

116 3659 51 53 ©
193 3666 117 47 Aug.
339 3667 67 45 15,
436 3665 112 41 1935;
607 3666 66 39 2c.
701 3666 99 39 and
824 3665 80 40 aff.
938 3666 125 47 Sept.
1094 3665 52 46 6;
1180 3665 41 38 A
1250 3664 170 47 86162;
1454 3665 49 38 T.
1540 3665 45 39 S.
1618 3664 189 49 Spivey,
183 3666 1893 103 Shawneetown,
351 3723 71 38 Ill.
493 3721 278 49 (35-16194)

118 3814 380 69 Stephenson,
530 3819 225 62 George
784 3819 286 63 Malcolm,
1103 3824 171 49 1883-

182 3890 1846 70 John Lind of Minnesota [by] George M. Stephenson …
115 3963 388 75 Minneapolis,
531 3971 121 54 The
680 3969 330 70 University
1039 3969 64 53 of
1131 3967 318 55 Minnesota
1478 3987 173 50 press,
1680 3971 150 49 1935.
