2424 4375
982 4049 133 57 1715

77 407 179 64 Byrd,
286 405 255 55 Richard
574 405 243 65 Evelyn,
851 411 169 50 1888-

146 485 339 64 Discovery;
522 485 95 53 the
652 490 156 60 story
843 483 63 53 of
941 484 93 53 the
1068 484 201 52 second
1309 483 159 66 Byrd
1505 483 300 53 Antarctic
76 485 1967 142 expedition,

248 559 1820 69 by Richard Evelyn Byrd … introduction by Claude A.
78 638 1662 66 Swanson … New York, G. P. Putnam’s sons, 1935.
144 711 1410 49 xxi p., 1 l., 405 p. front., plates, ports., map. 24 cm .
146 770 138 46 Maps
313 779 60 30 on
402 766 362 50 lining-papers.

144 826 161 40 “First
337 824 225 42 edition.”

75 885 1994 53 © Nov. 23, 1935; 2c. Nov. 25; aff. Nov. 26; A 88386: R. E. Byrd, Boston.
151 944 279 48 (36-27641)

75 1048 278 65 Charmy,
386 1047 244 66 Roland,
665 1052 172 51 1885-

207 1125 1859 69 … Images marocaines. Ouvrage illustré de photographies.
79 1206 202 68 [Paris]
315 1205 282 54 Hachette
792 1238 12 35 [1935]

145 1278 87 41 136
279 1289 43 38 p.
373 1277 108 41 incl.
529 1276 142 48 illus.,
723 1279 170 46 plates.
952 1277 56 39 24
1011 1278 43 22 cm
1060 1308 8 9 .
1140 1276 364 49 (Bibliothèque
1553 1277 84 40 des
1686 1275 153 42 écoles
1890 1280 48 38 et
1986 1279 82 39 des

73 1334 240 48 familles)

75 1398 1993 56 © Apr. 24, 1935; 1c. Aug. 21; A- Foreign 28870; Librairie Rackette.
151 1461 279 49 (35-35667)

98 1566 193 65 [Clark,
321 1568 137 52 Mrs.
491 1566 191 53 Mabel
712 1567 304 63 Margaret
1048 1564 279 67 (Cowie)]

140 1639 1928 71 Strange man’s home, by Lesley Storm [pseud.] … London,
69 1716 690 72 Hutchinson & co., ltd. [1935]
134 1791 620 49 4 p. l., 11-288 p. 19 cm .
73 1860 1994 54 © 1c. Nov. 1, 1935; A ad int. 20794; pubd. Sept. 5; M. M. C. Clark. Flore,
138 1922 284 47 Northants,
457 1922 235 47 England.
763 1921 279 48 (35-37764)

73 2025 285 65 Clemens,
385 2025 234 56 Samuel
647 2025 371 64 Langhorne.

141 2103 119 53 The
307 2104 338 53 adventures
691 2103 63 52 of
799 2105 142 50 Tom
989 2102 249 68 Sawyer,
1284 2104 74 65 by
1405 2102 229 55 Samuel
1678 2105 63 51 L.
1791 2103 273 55 Clemens.

74 2180 210 54 Edited
320 2182 73 66 by
430 2182 236 54 Charles
702 2182 64 51 T.
805 2181 249 54 Clinton.
1127 2179 338 55 Illustrated
1501 2182 75 66 by
1611 2182 156 52 Park
1807 2181 258 55 Sumner.

71 2257 1696 70 Akron, O., The Saalfield publishing company [c 1934 ]
140 2333 23 39 1
194 2344 42 29 v.

71 2397 1995 54 © June 26, 1934; 2c. July 11; aff. July 10: A 73474; Saalfield pub. co.
143 2459 279 50 [Copyright
457 2459 42 40 is
533 2459 205 41 claimed
773 2469 60 29 on
869 2457 342 51 illustrations]

73 2564 243 64 Conger,
345 2563 214 56 Beach.

140 2640 1925 69 World letters, incorporated … On board S. S. Santa Lucia,
73 2717 1990 67 Pacific ocean, Nov. 21, 1935 … [On board S. S. Santa Lucia,
73 2793 208 55 Pacific
307 2813 186 47 ocean,
516 2796 202 54 World
746 2796 209 65 letters,
980 2797 125 64 inc.]
1136 2801 17 22 c
1160 2799 148 51 1935.

137 2879 42 37 p.
207 2868 159 39 41-44.
424 2868 128 40 illus.
610 2868 58 40 28
668 2870 44 21 cm
718 2900 8 7 .

139 2924 406 50 Mimeographed.

71 2990 1991 54 © 1c. Dec. 26, 1935; A ad int. 20947; pubd. Nov. 21; World letters, inc.,
143 3053 117 40 East
292 3053 205 46 Aurora,
528 3052 55 40 N.
616 3053 53 40 Y.

73 3152 227 68 Culver,
331 3157 206 64 Henry
566 3156 335 66 Brundage,
936 3162 171 50 1869-

139 3231 118 55 The
285 3232 147 54 book
462 3233 63 53 of
554 3235 94 52 old
678 3232 158 70 ships
865 3237 112 52 and
1007 3236 321 69 something
1357 3235 64 54 of
1449 3234 149 56 their
1631 3233 285 56 evolution
1949 3234 108 53 and

73 3324 272 54 romance,
378 3310 246 54 wherein
658 3312 116 54 will
809 3312 65 53 be
908 3312 180 55 found
1120 3313 290 69 drawings
1444 3314 111 53 and
1590 3312 376 68 descriptions
1998 3313 63 49 of

72 3402 168 53 many
271 3385 262 58 varieties
563 3389 65 52 of
658 3389 220 67 vessels,
909 3390 137 55 both
1078 3392 136 68 long
1245 3392 106 53 and
1390 3391 199 66 round,
1620 3389 260 65 showing
1914 3390 149 51 their

72 3463 390 69 development
493 3466 150 54 from
673 3473 146 48 most
850 3473 209 48 remote
1088 3468 193 68 times;
1315 3470 93 52 the
1440 3468 347 68 portraiture
1820 3468 63 50 of
1915 3467 146 52 their

72 3555 276 55 progress,
373 3542 149 54 their
547 3544 409 67 garnishment,
983 3551 120 56 etc.,
1128 3552 119 59 etc.,
1273 3552 120 59 etc.,
1419 3546 261 68 together
1706 3543 137 54 with
1874 3544 186 54 divers

72 3615 388 59 dissertations
497 3639 154 49 upon
685 3623 95 51 the
815 3622 216 69 origins
1066 3623 64 52 of
1165 3622 304 69 shipping:
1510 3623 118 52 also
1664 3640 69 35 an
1771 3621 285 68 appendix

74 3694 239 55 wherein
339 3697 119 54 will
482 3697 67 55 be
575 3698 325 56 discovered
927 3706 57 48 to
1012 3702 95 52 the
1133 3701 329 68 inquisitive
1492 3699 164 54 much
1685 3698 372 55 information

73 3771 403 72 appertaining
511 3782 57 46 to
605 3777 94 52 the
737 3777 221 53 ancient
996 3795 124 37 uses
1158 3779 115 52 and
1307 3783 244 49 customs
1588 3776 65 54 of
1689 3776 94 54 the
1820 3794 90 35 sea
1948 3776 108 52 and

70 3848 299 70 mariners;
394 3850 323 56 illustrated
740 3853 59 53 in
821 3853 112 53 line
956 3856 112 52 and
1091 3855 153 52 color
1265 3852 139 54 with
1430 3873 30 33 a
1485 3851 222 69 variety
1730 3851 64 54 of
1814 3851 248 68 original

72 3925 223 69 designs
322 3928 63 54 of
409 3929 277 69 shipping
712 3930 281 68 compiled
1020 3930 154 56 from
1200 3929 293 57 authentic
1517 3948 221 36 sources
1764 3931 196 53 drawn
1988 3928 75 68 by
