<alto xmlns="http://www.loc.gov/standards/alto/ns-v3#" xmlns:xsi="http://www.w3.org/2001/XMLSchema-instance" xsi:schemaLocation="http://www.loc.gov/standards/alto/ns-v3# http://www.loc.gov/alto/v3/alto-3-0.xsd"><Description>
<MeasurementUnit>pixel</MeasurementUnit>
<sourceImageInformation>
<fileName>1935_v32_Part1.pdf</fileName>
</sourceImageInformation>
<OCRProcessing ID="IdOcr">
<ocrProcessingStep>
<processingDateTime>2019-01-15</processingDateTime>
<processingSoftware>
<softwareCreator>ABBYY</softwareCreator>
<softwareName>ABBYY Recognition Server</softwareName>
<softwareVersion>4.0</softwareVersion>
</processingSoftware>
</ocrProcessingStep>
</OCRProcessing>
</Description>
<Styles>
<ParagraphStyle ALIGN="Left" FIRSTLINE="0." ID="StyleId-FFFFFFFF-FFFF-FFFF-FFFF-FFFFFFFFFFFF-" LEFT="0." RIGHT="0." />
<ParagraphStyle ALIGN="Left" FIRSTLINE="0." ID="StyleId-09A13A44-4F77-4ABE-84F3-84CC8B3C72CE-" LEFT="0." LINESPACE="7.699999809" RIGHT="0." />
<ParagraphStyle ALIGN="Left" FIRSTLINE="-10." ID="StyleId-1F945060-F8CD-4435-B69A-5FF49DB0C586-" LEFT="0." LINESPACE="12.19999981" RIGHT="0." />
<ParagraphStyle ALIGN="Block" FIRSTLINE="-14." ID="StyleId-C6CAE747-F5A4-4D0D-8D74-D452DA7E2C1C-" LEFT="0." LINESPACE="8.350000381" RIGHT="0." />
<ParagraphStyle ALIGN="Left" FIRSTLINE="0." ID="StyleId-FC0F3374-189A-459E-BE29-2DC14180F022-" LEFT="0." RIGHT="0." />
<ParagraphStyle ALIGN="Left" FIRSTLINE="-12." ID="StyleId-49397C49-A894-4B3E-BA5E-1126226BA375-" LEFT="0." LINESPACE="11.09000015" RIGHT="0." />
<ParagraphStyle ALIGN="Block" FIRSTLINE="-14." ID="StyleId-9E34DD3A-E661-48BD-A3A1-6A3D48346F00-" LEFT="0." LINESPACE="11.09000015" RIGHT="0." />
<ParagraphStyle ALIGN="Left" FIRSTLINE="0." ID="StyleId-56CE54AA-A08B-4BAA-8605-F26020A0E36E-" LEFT="0." LINESPACE="9.399999619" RIGHT="0." />
<ParagraphStyle ALIGN="Left" FIRSTLINE="-11." ID="StyleId-77814FFC-C42F-4AA9-9880-EF33B947DEC8-" LEFT="0." LINESPACE="11.06999969" RIGHT="0." />
<ParagraphStyle ALIGN="Center" FIRSTLINE="0." ID="StyleId-FDE92EC0-67DC-4C7B-8A24-094B12C38B6C-" LEFT="0." LINESPACE="11.30000019" RIGHT="0." />
<ParagraphStyle ALIGN="Left" FIRSTLINE="0." ID="StyleId-65180E3B-4C93-4FB8-81EE-E026DD63DBF3-" LEFT="0." LINESPACE="11.10000038" RIGHT="0." />
<ParagraphStyle ALIGN="Left" FIRSTLINE="0." ID="StyleId-10E885C2-5813-4620-B0AA-0FBA30CF7A32-" LEFT="0." LINESPACE="9.5" RIGHT="0." />
<ParagraphStyle ALIGN="Left" FIRSTLINE="0." ID="StyleId-913C2DB5-9F02-4067-BAF7-0AED37B60BBE-" LEFT="0." LINESPACE="6.099999905" RIGHT="0." />
<ParagraphStyle ALIGN="Left" FIRSTLINE="0." ID="StyleId-9C79A9D2-8F08-4A8F-985D-B00E253ED1E5-" LEFT="0." LINESPACE="4.400000095" RIGHT="0." />
<ParagraphStyle ALIGN="Left" FIRSTLINE="0." ID="StyleId-A41F0407-FEFE-4738-9EC5-E05AFFF62781-" LEFT="0." LINESPACE="7.300000191" RIGHT="0." />
<ParagraphStyle ALIGN="Left" FIRSTLINE="0." ID="StyleId-61D37176-94E8-408D-9B87-01C406CE8AB2-" LEFT="0." LINESPACE="8.050000191" RIGHT="0." />
</Styles>
<Layout>
<Page HEIGHT="4375" ID="Page1612" PHYSICAL_IMG_NR="1612" WIDTH="2424">
<TopMargin HEIGHT="373" HPOS="0" VPOS="0" WIDTH="2424">
</TopMargin>
<LeftMargin HEIGHT="3729" HPOS="0" VPOS="373" WIDTH="306">
</LeftMargin>
<RightMargin HEIGHT="3729" HPOS="2328" VPOS="373" WIDTH="96">
</RightMargin>
<BottomMargin HEIGHT="273" HPOS="0" VPOS="4102" WIDTH="2424">
</BottomMargin>
<PrintSpace HEIGHT="3729" HPOS="306" VPOS="373" WIDTH="2022">
<TextBlock HEIGHT="70" HPOS="1236" ID="Page1612_Block1" LANG="en-US" STYLEREFS="StyleId-AE2800AC-7C60-4B6F-B9B6-22907FA8DD9D-" VPOS="4032" WIDTH="154">
<TextLine HEIGHT="50" HPOS="1246" VPOS="4043" WIDTH="134">
<String CONTENT="1612" HEIGHT="50" HPOS="1246" VPOS="4043" WIDTH="134" />
</TextLine>
</TextBlock>
<TextBlock CS="1" HEIGHT="3625" HPOS="306" ID="Page1612_Block2" LANG="en-US" STYLEREFS="StyleId-3B0AC4AD-095A-496B-A583-5D73D5F479B9-" VPOS="373" WIDTH="2022">
<TextLine HEIGHT="67" HPOS="319" STYLEREFS="StyleId-812FE406-FBCE-4503-AD82-841AFF56A22C-" VPOS="391" WIDTH="1558">
<String CONTENT="Deland," HEIGHT="65" HPOS="319" VPOS="391" WIDTH="243" />
<SP HEIGHT="62" HPOS="563" VPOS="394" WIDTH="28" />
<String CONTENT="Mrs." HEIGHT="52" HPOS="592" VPOS="394" WIDTH="136" />
<SP HEIGHT="53" HPOS="729" VPOS="393" WIDTH="30" />
<String CONTENT="Margaret" HEIGHT="62" HPOS="760" VPOS="393" WIDTH="305" />
<SP HEIGHT="53" HPOS="1066" VPOS="394" WIDTH="29" />
<String CONTENT="Wade" HEIGHT="52" HPOS="1096" VPOS="394" WIDTH="180" />
<SP HEIGHT="63" HPOS="1277" VPOS="395" WIDTH="30" />
<String CONTENT="(Campbell)" HEIGHT="66" HPOS="1308" VPOS="392" WIDTH="360" />
<SP HEIGHT="63" HPOS="1669" VPOS="395" WIDTH="37" />
<String CONTENT="1857-" HEIGHT="52" HPOS="1707" VPOS="396" WIDTH="170" />
</TextLine>
<TextLine CS="1" HEIGHT="146" HPOS="320" STYLEREFS="StyleId-812FE406-FBCE-4503-AD82-841AFF56A22C-" VPOS="467" WIDTH="1970">
<String CONTENT="If" HEIGHT="53" HPOS="386" VPOS="467" WIDTH="66" />
<SP HEIGHT="54" HPOS="453" VPOS="467" WIDTH="27" />
<String CONTENT="this" HEIGHT="53" HPOS="481" VPOS="469" WIDTH="116" />
<SP HEIGHT="54" HPOS="598" VPOS="468" WIDTH="29" />
<String CONTENT="be" HEIGHT="53" HPOS="628" VPOS="468" WIDTH="66" />
<SP HEIGHT="52" HPOS="695" VPOS="469" WIDTH="29" />
<String CONTENT="I," HEIGHT="67" HPOS="725" VPOS="469" WIDTH="49" />
<SP HEIGHT="49" HPOS="775" VPOS="487" WIDTH="31" />
<String CONTENT="as" HEIGHT="35" HPOS="807" VPOS="487" WIDTH="59" />
<SP HEIGHT="53" HPOS="867" VPOS="469" WIDTH="28" />
<String CONTENT="I" HEIGHT="51" HPOS="896" VPOS="469" WIDTH="31" />
<SP HEIGHT="53" HPOS="928" VPOS="469" WIDTH="29" />
<String CONTENT="suppose" HEIGHT="50" HPOS="958" VPOS="487" WIDTH="243" />
<SP HEIGHT="52" HPOS="1202" VPOS="469" WIDTH="29" />
<String CONTENT="it" HEIGHT="52" HPOS="1232" VPOS="469" WIDTH="46" />
<SP HEIGHT="53" HPOS="1279" VPOS="469" WIDTH="32" />
<String CONTENT="be," HEIGHT="68" HPOS="1312" VPOS="469" WIDTH="82" />
<SP HEIGHT="68" HPOS="1395" VPOS="469" WIDTH="31" />
<String CONTENT="by" HEIGHT="69" HPOS="1427" VPOS="469" WIDTH="75" />
<SP HEIGHT="68" HPOS="1503" VPOS="470" WIDTH="30" />
<String CONTENT="Margaret" HEIGHT="68" HPOS="1534" VPOS="470" WIDTH="298" />
<SP HEIGHT="52" HPOS="1833" VPOS="471" WIDTH="31" />
<String CONTENT="Deland;" HEIGHT="69" HPOS="1865" VPOS="469" WIDTH="255" />
<SP HEIGHT="69" HPOS="2121" VPOS="469" WIDTH="35" />
<String CONTENT="illustrations" HEIGHT="132" HPOS="320" VPOS="469" WIDTH="1970" />
<SP HEIGHT="52" HPOS="564" VPOS="548" WIDTH="30" />
<String CONTENT="by" HEIGHT="65" HPOS="595" VPOS="548" WIDTH="73" />
</TextLine>
<TextLine CS="1" HEIGHT="143" HPOS="319" STYLEREFS="StyleId-812FE406-FBCE-4503-AD82-841AFF56A22C-" VPOS="548" WIDTH="1972">
<String CONTENT="Dorothy" HEIGHT="66" HPOS="702" VPOS="548" WIDTH="263" />
<SP HEIGHT="64" HPOS="966" VPOS="550" WIDTH="34" />
<String CONTENT="Bayley." HEIGHT="66" HPOS="1001" LANG="fr" VPOS="548" WIDTH="234" />
<SP HEIGHT="53" HPOS="1236" VPOS="548" WIDTH="75" />
<String CONTENT="New" HEIGHT="52" HPOS="1312" VPOS="548" WIDTH="138" />
<SP HEIGHT="51" HPOS="1451" VPOS="550" WIDTH="34" />
<String CONTENT="York," HEIGHT="67" HPOS="1486" VPOS="548" WIDTH="179" />
<SP HEIGHT="65" HPOS="1666" VPOS="550" WIDTH="33" />
<String CONTENT="London," HEIGHT="67" HPOS="1700" VPOS="548" WIDTH="258" />
<SP HEIGHT="65" HPOS="1959" VPOS="550" WIDTH="31" />
<String CONTENT="D." HEIGHT="51" HPOS="1991" VPOS="550" WIDTH="70" />
<SP HEIGHT="52" HPOS="2062" VPOS="549" WIDTH="36" />
<String CONTENT="Appleton-Century" HEIGHT="142" HPOS="319" VPOS="549" WIDTH="1972" />
<SP HEIGHT="48" HPOS="704" VPOS="643" WIDTH="30" />
<String CONTENT="company," HEIGHT="49" HPOS="735" VPOS="642" WIDTH="297" />
<SP HEIGHT="64" HPOS="1033" VPOS="627" WIDTH="29" />
<String CONTENT="incorporated," HEIGHT="65" HPOS="1063" VPOS="626" WIDTH="419" />
<SP HEIGHT="59" HPOS="1483" VPOS="631" WIDTH="33" />
<String CONTENT="1935." HEIGHT="50" HPOS="1517" VPOS="630" WIDTH="149" />
</TextLine>
<TextLine CS="1" HEIGHT="49" HPOS="389" VPOS="695" WIDTH="1182">
<String CONTENT="6" HEIGHT="39" HPOS="389" VPOS="696" WIDTH="27" />
<SP HEIGHT="48" HPOS="417" VPOS="696" WIDTH="23" />
<String CONTENT="p." HEIGHT="38" HPOS="441" VPOS="706" WIDTH="42" />
<SP />
<String CONTENT="l.," CS="1" />
<SP />
<String CONTENT="3-227" HEIGHT="41" HPOS="577" VPOS="695" WIDTH="145" />
<SP HEIGHT="48" HPOS="723" VPOS="696" WIDTH="23" />
<String CONTENT="p." HEIGHT="38" HPOS="747" VPOS="706" WIDTH="42" />
<SP HEIGHT="40" HPOS="790" VPOS="696" WIDTH="60" />
<String CONTENT="front." HEIGHT="41" HPOS="851" VPOS="696" WIDTH="148" />
<SP HEIGHT="47" HPOS="1000" VPOS="697" WIDTH="28" />
<String CONTENT="(port.)" HEIGHT="47" HPOS="1029" VPOS="697" WIDTH="170" />
<SP HEIGHT="47" HPOS="1200" VPOS="696" WIDTH="36" />
<String CONTENT="illus." HEIGHT="41" HPOS="1237" LANG="fr" VPOS="696" WIDTH="128" />
<SP HEIGHT="40" HPOS="1366" VPOS="697" WIDTH="59" />
<String CONTENT="19&#189;" CS="1" HEIGHT="41" HPOS="1426" VPOS="695" WIDTH="55" />
<String CONTENT="cm" HEIGHT="22" HPOS="1514" STYLE="superscript" VPOS="698" WIDTH="45" />
<String CONTENT="." HEIGHT="10" HPOS="1562" VPOS="729" WIDTH="9" />
</TextLine>
<TextLine HEIGHT="42" HPOS="392" VPOS="752" WIDTH="1093">
<String CONTENT="Recollections" HEIGHT="41" HPOS="392" VPOS="752" WIDTH="350" />
<SP HEIGHT="30" HPOS="743" VPOS="763" WIDTH="27" />
<String CONTENT="of" HEIGHT="39" HPOS="771" VPOS="753" WIDTH="54" />
<SP HEIGHT="40" HPOS="826" VPOS="753" WIDTH="26" />
<String CONTENT="the" HEIGHT="40" HPOS="853" VPOS="754" WIDTH="83" />
<SP HEIGHT="30" HPOS="937" VPOS="764" WIDTH="28" />
<String CONTENT="author&#8217;s" HEIGHT="41" HPOS="966" VPOS="753" WIDTH="218" />
<SP HEIGHT="30" HPOS="1185" VPOS="764" WIDTH="28" />
<String CONTENT="childhood." HEIGHT="40" HPOS="1214" VPOS="754" WIDTH="271" />
</TextLine>
<TextLine CS="1" HEIGHT="54" HPOS="316" VPOS="808" WIDTH="1999">
<String CONTENT="&#169;" HEIGHT="53" HPOS="316" VPOS="808" WIDTH="53" />
<SP HEIGHT="53" HPOS="370" VPOS="808" WIDTH="34" />
<String CONTENT="Oct." HEIGHT="40" HPOS="405" VPOS="812" WIDTH="100" />
<SP HEIGHT="40" HPOS="506" VPOS="811" WIDTH="31" />
<String CONTENT="28," HEIGHT="47" HPOS="538" VPOS="811" WIDTH="70" />
<SP HEIGHT="44" HPOS="609" VPOS="814" WIDTH="33" />
<String CONTENT="1035;" CS="1" HEIGHT="40" HPOS="643" VPOS="812" WIDTH="113" />
<SP HEIGHT="45" HPOS="783" VPOS="813" WIDTH="37" />
<String CONTENT="2c." HEIGHT="40" HPOS="821" VPOS="813" WIDTH="65" />
<SP HEIGHT="41" HPOS="887" VPOS="812" WIDTH="36" />
<String CONTENT="Oct." HEIGHT="41" HPOS="924" VPOS="812" WIDTH="101" />
<SP HEIGHT="38" HPOS="1026" VPOS="814" WIDTH="35" />
<String CONTENT="80;" CS="1" HEIGHT="40" HPOS="1062" VPOS="812" WIDTH="55" />
<SP HEIGHT="34" HPOS="1144" VPOS="824" WIDTH="37" />
<String CONTENT="aff." CS="1" HEIGHT="40" HPOS="1182" VPOS="813" WIDTH="82" />
<SP HEIGHT="38" HPOS="1265" VPOS="814" WIDTH="35" />
<String CONTENT="Nov." HEIGHT="39" HPOS="1301" VPOS="814" WIDTH="116" />
<SP HEIGHT="40" HPOS="1418" VPOS="814" WIDTH="36" />
<String CONTENT="8;" HEIGHT="46" HPOS="1455" VPOS="814" WIDTH="51" />
<SP HEIGHT="46" HPOS="1507" VPOS="814" WIDTH="37" />
<String CONTENT="A" HEIGHT="38" HPOS="1545" VPOS="814" WIDTH="40" />
<SP HEIGHT="40" HPOS="1586" VPOS="814" WIDTH="33" />
<String CONTENT="89299;" HEIGHT="47" HPOS="1620" VPOS="812" WIDTH="170" />
<SP HEIGHT="44" HPOS="1791" VPOS="815" WIDTH="38" />
<String CONTENT="Margaret" HEIGHT="47" HPOS="1830" VPOS="815" WIDTH="246" />
<SP HEIGHT="40" HPOS="2077" VPOS="814" WIDTH="36" />
<String CONTENT="Deland," HEIGHT="46" HPOS="2114" VPOS="814" WIDTH="201" />
</TextLine>
<TextLine CS="1" HEIGHT="49" HPOS="438" VPOS="868" WIDTH="847">
<String CONTENT="Kennebunkport," CS="1" HEIGHT="47" HPOS="438" VPOS="870" WIDTH="381" />
<SP HEIGHT="46" HPOS="820" VPOS="870" WIDTH="25" />
<String CONTENT="Me." HEIGHT="38" HPOS="846" VPOS="870" WIDTH="88" />
<SP HEIGHT="46" HPOS="935" VPOS="868" WIDTH="70" />
<String CONTENT="(35-27401)" HEIGHT="48" HPOS="1006" VPOS="868" WIDTH="279" />
</TextLine>
<TextLine HEIGHT="67" HPOS="319" STYLEREFS="StyleId-812FE406-FBCE-4503-AD82-841AFF56A22C-" VPOS="942" WIDTH="991">
<String CONTENT="Ditmars," HEIGHT="66" HPOS="319" VPOS="942" WIDTH="288" />
<SP HEIGHT="62" HPOS="608" VPOS="946" WIDTH="27" />
<String CONTENT="Raymond" HEIGHT="62" HPOS="636" VPOS="946" WIDTH="307" />
<SP HEIGHT="54" HPOS="944" VPOS="945" WIDTH="29" />
<String CONTENT="Lee," HEIGHT="64" HPOS="974" VPOS="945" WIDTH="133" />
<SP HEIGHT="58" HPOS="1108" VPOS="951" WIDTH="31" />
<String CONTENT="1876-" HEIGHT="52" HPOS="1140" VPOS="948" WIDTH="170" />
</TextLine>
<TextLine HEIGHT="69" HPOS="385" STYLEREFS="StyleId-812FE406-FBCE-4503-AD82-841AFF56A22C-" VPOS="1023" WIDTH="1930">
<String CONTENT="The" HEIGHT="51" HPOS="385" VPOS="1024" WIDTH="119" />
<SP HEIGHT="52" HPOS="505" VPOS="1023" WIDTH="33" />
<String CONTENT="book" HEIGHT="53" HPOS="539" VPOS="1023" WIDTH="146" />
<SP HEIGHT="51" HPOS="686" VPOS="1024" WIDTH="33" />
<String CONTENT="of" HEIGHT="52" HPOS="720" VPOS="1023" WIDTH="63" />
<SP HEIGHT="68" HPOS="784" VPOS="1023" WIDTH="33" />
<String CONTENT="prehistoric" HEIGHT="68" HPOS="818" VPOS="1023" WIDTH="338" />
<SP HEIGHT="34" HPOS="1157" VPOS="1042" WIDTH="33" />
<String CONTENT="animals," HEIGHT="66" HPOS="1191" VPOS="1024" WIDTH="259" />
<SP HEIGHT="66" HPOS="1451" VPOS="1024" WIDTH="31" />
<String CONTENT="by" HEIGHT="67" HPOS="1483" VPOS="1024" WIDTH="75" />
<SP HEIGHT="67" HPOS="1559" VPOS="1024" WIDTH="32" />
<String CONTENT="Raymond" HEIGHT="68" HPOS="1592" VPOS="1024" WIDTH="299" />
<SP HEIGHT="53" HPOS="1892" VPOS="1024" WIDTH="37" />
<String CONTENT="L." HEIGHT="51" HPOS="1930" VPOS="1024" WIDTH="64" />
<SP HEIGHT="51" HPOS="1995" VPOS="1025" WIDTH="33" />
<String CONTENT="Ditmars;" HEIGHT="64" HPOS="2029" VPOS="1023" WIDTH="286" />
</TextLine>
<TextLine CS="1" HEIGHT="69" HPOS="320" STYLEREFS="StyleId-812FE406-FBCE-4503-AD82-841AFF56A22C-" VPOS="1102" WIDTH="1800">
<String CONTENT="illustrated" HEIGHT="52" HPOS="320" VPOS="1103" WIDTH="322" />
<SP HEIGHT="53" HPOS="643" VPOS="1102" WIDTH="21" />
<String CONTENT="by" HEIGHT="69" HPOS="665" VPOS="1102" WIDTH="74" />
<SP HEIGHT="68" HPOS="740" VPOS="1103" WIDTH="22" />
<String CONTENT="Helene" HEIGHT="52" HPOS="763" VPOS="1103" WIDTH="215" />
<SP HEIGHT="55" HPOS="979" VPOS="1102" WIDTH="25" />
<String CONTENT="Carter." HEIGHT="55" HPOS="1005" VPOS="1102" WIDTH="218" />
<SP HEIGHT="53" HPOS="1224" VPOS="1103" WIDTH="58" />
<String CONTENT="Where" HEIGHT="54" HPOS="1283" VPOS="1103" WIDTH="207" />
<SP HEIGHT="48" HPOS="1491" VPOS="1109" WIDTH="21" />
<String CONTENT="the" HEIGHT="52" HPOS="1513" VPOS="1104" WIDTH="96" />
<SP HEIGHT="33" HPOS="1610" VPOS="1123" WIDTH="21" />
<String CONTENT="extinct" HEIGHT="52" HPOS="1632" VPOS="1104" WIDTH="214" />
<SP HEIGHT="47" HPOS="1847" VPOS="1109" WIDTH="23" />
<String CONTENT="reptiles," HEIGHT="68" HPOS="1871" VPOS="1103" WIDTH="249" />
</TextLine>
<TextLine CS="1" HEIGHT="131" HPOS="319" STYLEREFS="StyleId-812FE406-FBCE-4503-AD82-841AFF56A22C-" VPOS="1120" WIDTH="1975">
<String CONTENT="mammal-like" HEIGHT="115" HPOS="319" VPOS="1120" WIDTH="1975" />
<SP HEIGHT="34" HPOS="575" VPOS="1200" WIDTH="39" />
<String CONTENT="reptiles," HEIGHT="69" HPOS="615" VPOS="1182" WIDTH="250" />
<SP HEIGHT="67" HPOS="866" VPOS="1182" WIDTH="35" />
<String CONTENT="birds" HEIGHT="53" HPOS="902" VPOS="1182" WIDTH="159" />
<SP HEIGHT="34" HPOS="1062" VPOS="1202" WIDTH="37" />
<String CONTENT="and" HEIGHT="53" HPOS="1100" VPOS="1183" WIDTH="112" />
<SP HEIGHT="52" HPOS="1213" VPOS="1183" WIDTH="39" />
<String CONTENT="mammals" HEIGHT="51" HPOS="1253" VPOS="1184" WIDTH="297" />
<SP HEIGHT="34" HPOS="1551" VPOS="1202" WIDTH="38" />
<String CONTENT="came" HEIGHT="34" HPOS="1590" VPOS="1202" WIDTH="154" />
<SP HEIGHT="54" HPOS="1745" VPOS="1182" WIDTH="39" />
<String CONTENT="from." HEIGHT="53" HPOS="1785" VPOS="1182" WIDTH="168" />
</TextLine>
<TextLine CS="1" HEIGHT="148" HPOS="321" STYLEREFS="StyleId-812FE406-FBCE-4503-AD82-841AFF56A22C-" VPOS="1183" WIDTH="1973">
<String CONTENT="Philadelphia" HEIGHT="145" HPOS="321" LANG="en-US" VPOS="1183" WIDTH="1973" />
<SP HEIGHT="34" HPOS="457" VPOS="1280" WIDTH="28" />
<String CONTENT="and" HEIGHT="52" HPOS="486" LANG="en-US" VPOS="1262" WIDTH="112" />
<SP HEIGHT="53" HPOS="599" VPOS="1261" WIDTH="29" />
<String CONTENT="London," HEIGHT="67" HPOS="629" LANG="en-US" VPOS="1261" WIDTH="257" />
<SP HEIGHT="66" HPOS="887" VPOS="1262" WIDTH="29" />
<String CONTENT="J." HEIGHT="53" HPOS="917" LANG="fr" VPOS="1262" WIDTH="54" />
<SP HEIGHT="51" HPOS="972" VPOS="1263" WIDTH="32" />
<String CONTENT="B." HEIGHT="51" HPOS="1005" LANG="fr" VPOS="1263" WIDTH="66" />
<SP HEIGHT="52" HPOS="1072" VPOS="1262" WIDTH="29" />
<String CONTENT="Lippincott" HEIGHT="68" HPOS="1102" LANG="fr" VPOS="1262" WIDTH="337" />
<SP HEIGHT="48" HPOS="1440" VPOS="1268" WIDTH="29" />
<String CONTENT="company" HEIGHT="51" HPOS="1470" LANG="en-US" VPOS="1280" WIDTH="279" />
<SP HEIGHT="50" HPOS="1750" VPOS="1280" WIDTH="36" />
<String CONTENT="[" HEIGHT="34" HPOS="1787" LANG="en-US" VPOS="1296" WIDTH="12" />
<String CONTENT="c" HEIGHT="22" HPOS="1804" LANG="en-US" STYLE="superscript" VPOS="1268" WIDTH="17" />
<String CONTENT="1935]" HEIGHT="65" HPOS="1829" LANG="en-US" VPOS="1265" WIDTH="150" />
</TextLine>
<TextLine CS="1" HEIGHT="50" HPOS="389" VPOS="1336" WIDTH="1358">
<String CONTENT="64" HEIGHT="38" HPOS="389" VPOS="1337" WIDTH="55" />
<SP HEIGHT="47" HPOS="445" VPOS="1338" WIDTH="30" />
<String CONTENT="p." HEIGHT="37" HPOS="476" VPOS="1348" WIDTH="42" />
<SP HEIGHT="41" HPOS="519" VPOS="1336" WIDTH="31" />
<String CONTENT="incl." HEIGHT="41" HPOS="551" VPOS="1336" WIDTH="110" />
<SP HEIGHT="29" HPOS="662" VPOS="1348" WIDTH="31" />
<String CONTENT="col." HEIGHT="39" HPOS="694" VPOS="1338" WIDTH="85" />
<SP HEIGHT="40" HPOS="780" VPOS="1337" WIDTH="29" />
<String CONTENT="front.," HEIGHT="45" HPOS="810" VPOS="1337" WIDTH="164" />
<SP HEIGHT="45" HPOS="975" VPOS="1337" WIDTH="31" />
<String CONTENT="illus." HEIGHT="40" HPOS="1007" VPOS="1337" WIDTH="128" />
<SP HEIGHT="46" HPOS="1136" VPOS="1338" WIDTH="27" />
<String CONTENT="(part" HEIGHT="48" HPOS="1164" VPOS="1338" WIDTH="136" />
<SP HEIGHT="37" HPOS="1301" VPOS="1340" WIDTH="29" />
<String CONTENT="col.)" HEIGHT="46" HPOS="1331" VPOS="1338" WIDTH="113" />
<SP HEIGHT="47" HPOS="1445" VPOS="1337" WIDTH="65" />
<String CONTENT="26" HEIGHT="40" HPOS="1511" VPOS="1337" WIDTH="54" />
<SP HEIGHT="39" HPOS="1566" VPOS="1338" WIDTH="18" />
<String CONTENT="&#215;" CS="1" />
<SP HEIGHT="40" HPOS="1616" VPOS="1337" WIDTH="16" />
<String CONTENT="20" HEIGHT="42" HPOS="1633" VPOS="1337" WIDTH="56" />
<String CONTENT="cm" HEIGHT="21" HPOS="1691" STYLE="superscript" VPOS="1340" WIDTH="45" />
<String CONTENT="." HEIGHT="8" HPOS="1738" VPOS="1369" WIDTH="9" />
</TextLine>
<TextLine HEIGHT="49" HPOS="387" VPOS="1393" WIDTH="1360">
<String CONTENT="Title-page" HEIGHT="49" HPOS="387" VPOS="1393" WIDTH="271" />
<SP HEIGHT="30" HPOS="659" VPOS="1404" WIDTH="27" />
<String CONTENT="and" HEIGHT="40" HPOS="687" VPOS="1394" WIDTH="95" />
<SP HEIGHT="39" HPOS="783" VPOS="1394" WIDTH="27" />
<String CONTENT="lining-papers" HEIGHT="48" HPOS="811" VPOS="1394" WIDTH="348" />
<SP HEIGHT="39" HPOS="1160" VPOS="1394" WIDTH="29" />
<String CONTENT="illustrated" HEIGHT="41" HPOS="1190" VPOS="1394" WIDTH="280" />
<SP HEIGHT="40" HPOS="1471" VPOS="1394" WIDTH="29" />
<String CONTENT="in" HEIGHT="40" HPOS="1501" VPOS="1394" WIDTH="46" />
<SP HEIGHT="29" HPOS="1548" VPOS="1406" WIDTH="31" />
<String CONTENT="colors." HEIGHT="39" HPOS="1580" VPOS="1396" WIDTH="167" />
</TextLine>
<TextLine CS="1" HEIGHT="49" HPOS="389" VPOS="1450" WIDTH="547">
<String CONTENT="Bibliography;" CS="1" HEIGHT="49" HPOS="389" VPOS="1450" WIDTH="350" />
<SP HEIGHT="37" HPOS="766" VPOS="1462" WIDTH="30" />
<String CONTENT="p." HEIGHT="37" HPOS="797" VPOS="1462" WIDTH="41" />
<SP HEIGHT="41" HPOS="839" VPOS="1450" WIDTH="29" />
<String CONTENT="64." HEIGHT="41" HPOS="869" VPOS="1450" WIDTH="67" />
</TextLine>
<TextLine CS="1" HEIGHT="53" HPOS="322" VPOS="1503" WIDTH="1994">
<String CONTENT="&#169;" HEIGHT="53" HPOS="322" VPOS="1503" WIDTH="53" />
<SP HEIGHT="53" HPOS="376" VPOS="1503" WIDTH="22" />
<String CONTENT="Oct." HEIGHT="40" HPOS="399" VPOS="1508" WIDTH="101" />
<SP HEIGHT="39" HPOS="501" VPOS="1508" WIDTH="24" />
<String CONTENT="14," HEIGHT="46" HPOS="526" VPOS="1508" WIDTH="69" />
<SP HEIGHT="45" HPOS="596" VPOS="1509" WIDTH="22" />
<String CONTENT="1935;" CS="1" HEIGHT="40" HPOS="619" VPOS="1508" WIDTH="113" />
<SP HEIGHT="41" HPOS="761" VPOS="1508" WIDTH="25" />
<String CONTENT="2c." HEIGHT="40" HPOS="787" VPOS="1508" WIDTH="66" />
<SP HEIGHT="30" HPOS="854" VPOS="1518" WIDTH="23" />
<String CONTENT="and" HEIGHT="39" HPOS="878" VPOS="1508" WIDTH="95" />
<SP HEIGHT="39" HPOS="974" VPOS="1508" WIDTH="24" />
<String CONTENT="aff." HEIGHT="40" HPOS="999" VPOS="1507" WIDTH="80" />
<SP HEIGHT="40" HPOS="1080" VPOS="1508" WIDTH="27" />
<String CONTENT="Oct." HEIGHT="40" HPOS="1108" VPOS="1508" WIDTH="101" />
<SP HEIGHT="38" HPOS="1210" VPOS="1509" WIDTH="25" />
<String CONTENT="19;" CS="1" HEIGHT="39" HPOS="1236" VPOS="1508" WIDTH="54" />
<SP HEIGHT="41" HPOS="1317" VPOS="1509" WIDTH="27" />
<String CONTENT="A" HEIGHT="38" HPOS="1345" LANG="el" VPOS="1509" WIDTH="40" />
<SP HEIGHT="40" HPOS="1386" VPOS="1509" WIDTH="24" />
<String CONTENT="86968;" HEIGHT="46" HPOS="1411" VPOS="1508" WIDTH="169" />
<SP HEIGHT="45" HPOS="1581" VPOS="1509" WIDTH="28" />
<String CONTENT="R." HEIGHT="39" HPOS="1610" LANG="fr" VPOS="1509" WIDTH="54" />
<SP HEIGHT="39" HPOS="1665" VPOS="1509" WIDTH="26" />
<String CONTENT="L." HEIGHT="40" HPOS="1692" VPOS="1509" WIDTH="49" />
<SP HEIGHT="39" HPOS="1742" VPOS="1510" WIDTH="27" />
<String CONTENT="Ditmars" HEIGHT="41" HPOS="1770" VPOS="1508" WIDTH="218" />
<SP HEIGHT="30" HPOS="1989" VPOS="1519" WIDTH="26" />
<String CONTENT="and" HEIGHT="39" HPOS="2016" VPOS="1510" WIDTH="94" />
<SP HEIGHT="40" HPOS="2111" VPOS="1509" WIDTH="25" />
<String CONTENT="Helene" HEIGHT="40" HPOS="2137" VPOS="1509" WIDTH="179" />
</TextLine>
<TextLine HEIGHT="50" HPOS="391" VPOS="1564" WIDTH="844">
<String CONTENT="Carter," HEIGHT="48" HPOS="391" VPOS="1565" WIDTH="185" />
<SP HEIGHT="48" HPOS="577" VPOS="1565" WIDTH="22" />
<String CONTENT="New" HEIGHT="39" HPOS="600" VPOS="1565" WIDTH="117" />
<SP HEIGHT="38" HPOS="718" VPOS="1566" WIDTH="23" />
<String CONTENT="Yoik." HEIGHT="38" HPOS="742" VPOS="1566" WIDTH="140" />
<SP HEIGHT="48" HPOS="883" VPOS="1564" WIDTH="72" />
<String CONTENT="(35-27455)" HEIGHT="50" HPOS="956" VPOS="1564" WIDTH="279" />
</TextLine>
<TextLine HEIGHT="63" HPOS="322" STYLEREFS="StyleId-C2AEFC21-15A1-4312-B1CA-B7CA021584A9-" VPOS="1641" WIDTH="498">
<String CONTENT="Ely," HEIGHT="63" HPOS="322" VPOS="1641" WIDTH="128" />
<SP HEIGHT="62" HPOS="451" VPOS="1642" WIDTH="25" />
<String CONTENT="John" HEIGHT="53" HPOS="477" VPOS="1641" WIDTH="154" />
<SP HEIGHT="51" HPOS="632" VPOS="1642" WIDTH="25" />
<String CONTENT="T." HEIGHT="54" HPOS="658" VPOS="1642" WIDTH="63" />
<SP HEIGHT="54" HPOS="722" VPOS="1642" WIDTH="26" />
<String CONTENT="A." HEIGHT="54" HPOS="749" VPOS="1642" WIDTH="71" />
</TextLine>
<TextLine HEIGHT="70" HPOS="392" STYLEREFS="StyleId-812FE406-FBCE-4503-AD82-841AFF56A22C-" VPOS="1714" WIDTH="1923">
<String CONTENT="Office" HEIGHT="56" HPOS="392" VPOS="1714" WIDTH="167" />
<SP HEIGHT="33" HPOS="560" VPOS="1735" WIDTH="39" />
<String CONTENT="appliance" HEIGHT="68" HPOS="600" VPOS="1716" WIDTH="299" />
<SP HEIGHT="34" HPOS="900" VPOS="1737" WIDTH="38" />
<String CONTENT="exercises;" HEIGHT="68" HPOS="939" VPOS="1715" WIDTH="297" />
<SP HEIGHT="48" HPOS="1237" VPOS="1735" WIDTH="42" />
<String CONTENT="an" HEIGHT="33" HPOS="1280" VPOS="1735" WIDTH="70" />
<SP HEIGHT="34" HPOS="1351" VPOS="1735" WIDTH="39" />
<String CONTENT="overview" HEIGHT="52" HPOS="1391" VPOS="1719" WIDTH="275" />
<SP HEIGHT="35" HPOS="1667" VPOS="1735" WIDTH="41" />
<String CONTENT="of" HEIGHT="54" HPOS="1709" VPOS="1716" WIDTH="64" />
<SP HEIGHT="53" HPOS="1774" VPOS="1716" WIDTH="38" />
<String CONTENT="office" HEIGHT="55" HPOS="1813" VPOS="1714" WIDTH="147" />
<SP HEIGHT="35" HPOS="1961" VPOS="1734" WIDTH="37" />
<String CONTENT="work." HEIGHT="54" HPOS="1999" VPOS="1715" WIDTH="172" />
<SP HEIGHT="49" HPOS="2172" VPOS="1719" WIDTH="73" />
<String CONTENT="2d" HEIGHT="53" HPOS="2246" VPOS="1716" WIDTH="69" />
</TextLine>
<TextLine CS="1" HEIGHT="70" HPOS="321" STYLEREFS="StyleId-812FE406-FBCE-4503-AD82-841AFF56A22C-" VPOS="1793" WIDTH="1994">
<String CONTENT="ed." HEIGHT="54" HPOS="321" VPOS="1793" WIDTH="82" />
<SP HEIGHT="53" HPOS="404" VPOS="1794" WIDTH="75" />
<String CONTENT="By" HEIGHT="69" HPOS="480" VPOS="1794" WIDTH="91" />
<SP HEIGHT="69" HPOS="572" VPOS="1794" WIDTH="38" />
<String CONTENT="John" HEIGHT="54" HPOS="611" VPOS="1794" WIDTH="157" />
<SP HEIGHT="51" HPOS="769" VPOS="1795" WIDTH="41" />
<String CONTENT="T." HEIGHT="53" HPOS="811" VPOS="1795" WIDTH="63" />
<SP HEIGHT="53" HPOS="875" VPOS="1795" WIDTH="39" />
<String CONTENT="A." HEIGHT="51" HPOS="915" VPOS="1795" WIDTH="69" />
<SP HEIGHT="51" HPOS="985" VPOS="1794" WIDTH="42" />
<String CONTENT="Ely" HEIGHT="69" HPOS="1028" VPOS="1794" WIDTH="113" />
<SP HEIGHT="50" HPOS="1142" VPOS="1813" WIDTH="44" />
<String CONTENT="and" HEIGHT="51" HPOS="1187" VPOS="1795" WIDTH="111" />
<SP HEIGHT="52" HPOS="1299" VPOS="1794" WIDTH="42" />
<String CONTENT="A." HEIGHT="52" HPOS="1342" VPOS="1794" WIDTH="67" />
<SP HEIGHT="56" HPOS="1410" VPOS="1793" WIDTH="45" />
<String CONTENT="C." HEIGHT="56" HPOS="1456" VPOS="1793" WIDTH="60" />
<SP HEIGHT="51" HPOS="1517" VPOS="1795" WIDTH="43" />
<String CONTENT="Beaver" HEIGHT="53" HPOS="1561" VPOS="1795" WIDTH="217" />
<SP HEIGHT="34" HPOS="1779" VPOS="1815" WIDTH="44" />
<String CONTENT="&#8230;" CS="1" />
<SP HEIGHT="54" HPOS="1880" VPOS="1794" WIDTH="78" />
<String CONTENT="New" HEIGHT="54" HPOS="1959" VPOS="1794" WIDTH="137" />
<SP HEIGHT="53" HPOS="2097" VPOS="1794" WIDTH="43" />
<String CONTENT="York," HEIGHT="69" HPOS="2141" VPOS="1793" WIDTH="174" />
</TextLine>
<TextLine CS="1" HEIGHT="72" HPOS="323" STYLEREFS="StyleId-812FE406-FBCE-4503-AD82-841AFF56A22C-" VPOS="1870" WIDTH="1746">
<String CONTENT="Chicago" HEIGHT="70" HPOS="323" VPOS="1870" WIDTH="249" />
<SP HEIGHT="48" HPOS="573" VPOS="1892" WIDTH="42" />
<String CONTENT="[etc.]" CS="1" HEIGHT="64" HPOS="633" VPOS="1876" WIDTH="120" />
<SP HEIGHT="67" HPOS="754" VPOS="1873" WIDTH="42" />
<String CONTENT="The" HEIGHT="55" HPOS="797" VPOS="1872" WIDTH="120" />
<SP HEIGHT="56" HPOS="918" VPOS="1871" WIDTH="35" />
<String CONTENT="Gregg" HEIGHT="69" HPOS="954" VPOS="1871" WIDTH="194" />
<SP HEIGHT="51" HPOS="1149" VPOS="1891" WIDTH="34" />
<String CONTENT="publishing" HEIGHT="70" HPOS="1184" VPOS="1872" WIDTH="335" />
<SP HEIGHT="50" HPOS="1520" VPOS="1890" WIDTH="34" />
<String CONTENT="company" HEIGHT="52" HPOS="1555" VPOS="1890" WIDTH="278" />
<SP HEIGHT="62" HPOS="1834" VPOS="1880" WIDTH="42" />
<String CONTENT="[1935]" CS="1" HEIGHT="65" HPOS="1918" VPOS="1875" WIDTH="151" />
</TextLine>
<TextLine CS="1" HEIGHT="48" HPOS="391" STYLEREFS="StyleId-812FE406-FBCE-4503-AD82-841AFF56A22C-" VPOS="1944" WIDTH="1147">
<String CONTENT="viii," HEIGHT="47" HPOS="391" VPOS="1944" WIDTH="100" />
<SP HEIGHT="47" HPOS="492" VPOS="1944" WIDTH="28" />
<String CONTENT="142" HEIGHT="39" HPOS="521" VPOS="1944" WIDTH="84" />
<SP HEIGHT="48" HPOS="606" VPOS="1944" WIDTH="26" />
<String CONTENT="p." HEIGHT="37" HPOS="633" VPOS="1955" WIDTH="43" />
<SP HEIGHT="40" HPOS="677" VPOS="1945" WIDTH="27" />
<String CONTENT="incl." HEIGHT="40" HPOS="705" VPOS="1944" WIDTH="109" />
<SP HEIGHT="39" HPOS="815" VPOS="1945" WIDTH="28" />
<String CONTENT="illus.," HEIGHT="46" HPOS="844" VPOS="1945" WIDTH="141" />
<SP HEIGHT="46" HPOS="986" VPOS="1945" WIDTH="26" />
<String CONTENT="forms." HEIGHT="40" HPOS="1013" VPOS="1945" WIDTH="166" />
<SP HEIGHT="40" HPOS="1180" VPOS="1945" WIDTH="60" />
<String CONTENT="21&#189;" CS="1" HEIGHT="39" HPOS="1241" VPOS="1945" WIDTH="55" />
<SP HEIGHT="41" HPOS="1327" VPOS="1944" WIDTH="15" />
<String CONTENT="&#215;" CS="1" />
<SP HEIGHT="39" HPOS="1376" VPOS="1945" WIDTH="15" />
<String CONTENT="29&#189;" CS="1" HEIGHT="40" HPOS="1392" VPOS="1945" WIDTH="56" />
<String CONTENT="cm" HEIGHT="21" HPOS="1481" STYLE="superscript" VPOS="1948" WIDTH="43" />
<String CONTENT="." HEIGHT="8" HPOS="1529" VPOS="1977" WIDTH="9" />
</TextLine>
<TextLine HEIGHT="47" HPOS="391" VPOS="2001" WIDTH="1066">
<String CONTENT="Text" HEIGHT="39" HPOS="391" VPOS="2001" WIDTH="124" />
<SP HEIGHT="37" HPOS="516" VPOS="2003" WIDTH="27" />
<String CONTENT="runs" HEIGHT="30" HPOS="544" VPOS="2011" WIDTH="117" />
<SP HEIGHT="38" HPOS="662" VPOS="2010" WIDTH="26" />
<String CONTENT="parallel" HEIGHT="46" HPOS="689" VPOS="2002" WIDTH="203" />
<SP HEIGHT="39" HPOS="893" VPOS="2002" WIDTH="29" />
<String CONTENT="with" HEIGHT="40" HPOS="923" VPOS="2002" WIDTH="119" />
<SP HEIGHT="40" HPOS="1043" VPOS="2002" WIDTH="30" />
<String CONTENT="back" HEIGHT="40" HPOS="1074" VPOS="2002" WIDTH="120" />
<SP HEIGHT="40" HPOS="1195" VPOS="2002" WIDTH="27" />
<String CONTENT="of" HEIGHT="40" HPOS="1223" VPOS="2002" WIDTH="52" />
<SP HEIGHT="40" HPOS="1276" VPOS="2002" WIDTH="26" />
<String CONTENT="cover." HEIGHT="32" HPOS="1303" VPOS="2011" WIDTH="154" />
</TextLine>
<TextLine HEIGHT="50" HPOS="391" VPOS="2058" WIDTH="1923">
<String CONTENT="Includes" HEIGHT="40" HPOS="391" VPOS="2058" WIDTH="225" />
<SP HEIGHT="39" HPOS="617" VPOS="2058" WIDTH="43" />
<String CONTENT="blank" HEIGHT="39" HPOS="661" VPOS="2058" WIDTH="147" />
<SP HEIGHT="48" HPOS="809" VPOS="2058" WIDTH="43" />
<String CONTENT="pages" HEIGHT="38" HPOS="853" VPOS="2068" WIDTH="144" />
<SP HEIGHT="40" HPOS="998" VPOS="2058" WIDTH="41" />
<String CONTENT="for" HEIGHT="40" HPOS="1040" VPOS="2058" WIDTH="81" />
<SP HEIGHT="38" HPOS="1122" VPOS="2059" WIDTH="44" />
<String CONTENT="&#8220;Special" HEIGHT="47" HPOS="1167" VPOS="2058" WIDTH="220" />
<SP HEIGHT="39" HPOS="1388" VPOS="2059" WIDTH="44" />
<String CONTENT="instructions" HEIGHT="41" HPOS="1433" VPOS="2059" WIDTH="317" />
<SP HEIGHT="49" HPOS="1751" VPOS="2059" WIDTH="53" />
<String CONTENT="(for" HEIGHT="49" HPOS="1805" VPOS="2059" WIDTH="102" />
<SP HEIGHT="37" HPOS="1908" VPOS="2063" WIDTH="44" />
<String CONTENT="teacher's" HEIGHT="41" HPOS="1953" VPOS="2059" WIDTH="235" />
<SP HEIGHT="31" HPOS="2189" VPOS="2069" WIDTH="44" />
<String CONTENT="use" HEIGHT="31" HPOS="2234" VPOS="2068" WIDTH="80" />
</TextLine>
<TextLine HEIGHT="48" HPOS="320" VPOS="2113" WIDTH="174">
<String CONTENT="only)&#8221;" HEIGHT="48" HPOS="320" VPOS="2113" WIDTH="174" />
</TextLine>
<TextLine CS="1" HEIGHT="109" HPOS="323" VPOS="2170" WIDTH="1658">
<String CONTENT="&#169;" HEIGHT="53" HPOS="323" VPOS="2170" WIDTH="53" />
<SP HEIGHT="53" HPOS="377" VPOS="2170" WIDTH="21" />
<String CONTENT="Nov." HEIGHT="39" HPOS="399" VPOS="2175" WIDTH="117" />
<SP HEIGHT="39" HPOS="517" VPOS="2175" WIDTH="25" />
<String CONTENT="6," HEIGHT="42" HPOS="543" VPOS="2175" WIDTH="38" />
<SP HEIGHT="41" HPOS="582" VPOS="2176" WIDTH="26" />
<String CONTENT="1935;" CS="1" HEIGHT="42" HPOS="609" VPOS="2173" WIDTH="113" />
<SP HEIGHT="47" HPOS="750" VPOS="2174" WIDTH="26" />
<String CONTENT="2c." HEIGHT="40" HPOS="777" VPOS="2174" WIDTH="68" />
<SP HEIGHT="29" HPOS="846" VPOS="2185" WIDTH="25" />
<String CONTENT="and" HEIGHT="38" HPOS="872" VPOS="2176" WIDTH="94" />
<SP HEIGHT="38" HPOS="967" VPOS="2176" WIDTH="25" />
<String CONTENT="aff." CS="1" HEIGHT="40" HPOS="993" VPOS="2174" WIDTH="80" />
<SP HEIGHT="38" HPOS="1074" VPOS="2175" WIDTH="26" />
<String CONTENT="Nov." HEIGHT="39" HPOS="1101" VPOS="2175" WIDTH="117" />
<SP HEIGHT="40" HPOS="1219" VPOS="2174" WIDTH="27" />
<String CONTENT="8;" CS="1" HEIGHT="40" HPOS="1247" VPOS="2174" WIDTH="28" />
<SP HEIGHT="39" HPOS="1300" VPOS="2175" WIDTH="27" />
<String CONTENT="A" HEIGHT="38" HPOS="1328" VPOS="2175" WIDTH="40" />
<SP HEIGHT="40" HPOS="1369" VPOS="2174" WIDTH="26" />
<String CONTENT="89235;" HEIGHT="48" HPOS="1396" VPOS="2173" WIDTH="169" />
<SP HEIGHT="47" HPOS="1566" VPOS="2174" WIDTH="29" />
<String CONTENT="Gregg" HEIGHT="48" HPOS="1596" VPOS="2174" WIDTH="158" />
<SP HEIGHT="38" HPOS="1755" VPOS="2185" WIDTH="22" />
<String CONTENT="pub." HEIGHT="48" HPOS="1778" VPOS="2175" WIDTH="108" />
<SP HEIGHT="30" HPOS="1887" VPOS="2185" WIDTH="27" />
<String CONTENT="co." HEIGHT="30" HPOS="1915" LANG="ru" VPOS="2185" WIDTH="66" />
<SP />
<String CONTENT="(35-28702)" HEIGHT="48" HPOS="401" VPOS="2231" WIDTH="280" />
</TextLine>
<TextLine CS="1" HEIGHT="66" HPOS="327" STYLEREFS="StyleId-C2AEFC21-15A1-4312-B1CA-B7CA021584A9-" VPOS="2306" WIDTH="987">
<String CONTENT="[The" HEIGHT="66" HPOS="327" LANG="en-US" VPOS="2306" WIDTH="140" />
<SP HEIGHT="52" HPOS="468" VPOS="2307" WIDTH="34" />
<String CONTENT="Encyclopaedia" HEIGHT="64" HPOS="503" LANG="en-US" VPOS="2306" WIDTH="445" />
<SP HEIGHT="53" HPOS="949" VPOS="2307" WIDTH="30" />
<String CONTENT="britannica]" CS="1" HEIGHT="53" HPOS="980" LANG="fr" VPOS="2307" WIDTH="334" />
</TextLine>
<TextLine CS="1" HEIGHT="149" HPOS="321" STYLEREFS="StyleId-812FE406-FBCE-4503-AD82-841AFF56A22C-" VPOS="2381" WIDTH="1969">
<String CONTENT="&#8230;" CS="1" />
<SP HEIGHT="51" HPOS="455" VPOS="2387" WIDTH="33" />
<String CONTENT="Painting;" HEIGHT="67" HPOS="489" VPOS="2384" WIDTH="307" />
<SP HEIGHT="48" HPOS="797" VPOS="2403" WIDTH="31" />
<String CONTENT="an" HEIGHT="33" HPOS="829" VPOS="2403" WIDTH="70" />
<SP HEIGHT="33" HPOS="900" VPOS="2403" WIDTH="30" />
<String CONTENT="aid" HEIGHT="53" HPOS="931" VPOS="2385" WIDTH="93" />
<SP HEIGHT="52" HPOS="1025" VPOS="2385" WIDTH="30" />
<String CONTENT="to" HEIGHT="50" HPOS="1056" VPOS="2388" WIDTH="58" />
<SP HEIGHT="47" HPOS="1115" VPOS="2391" WIDTH="28" />
<String CONTENT="the" HEIGHT="53" HPOS="1144" VPOS="2385" WIDTH="95" />
<SP HEIGHT="51" HPOS="1240" VPOS="2385" WIDTH="28" />
<String CONTENT="fuller" HEIGHT="55" HPOS="1269" VPOS="2383" WIDTH="175" />
<SP HEIGHT="35" HPOS="1445" VPOS="2403" WIDTH="29" />
<String CONTENT="appreciation" HEIGHT="68" HPOS="1475" VPOS="2384" WIDTH="392" />
<SP HEIGHT="35" HPOS="1868" VPOS="2402" WIDTH="28" />
<String CONTENT="of" HEIGHT="54" HPOS="1897" VPOS="2383" WIDTH="63" />
<SP HEIGHT="55" HPOS="1961" VPOS="2381" WIDTH="29" />
<String CONTENT="fine" HEIGHT="56" HPOS="1991" VPOS="2381" WIDTH="109" />
<SP HEIGHT="48" HPOS="2101" VPOS="2403" WIDTH="26" />
<String CONTENT="paintings" HEIGHT="147" HPOS="321" VPOS="2383" WIDTH="1969" />
<SP HEIGHT="34" HPOS="452" VPOS="2481" WIDTH="33" />
<String CONTENT="and" HEIGHT="52" HPOS="486" VPOS="2463" WIDTH="113" />
<SP HEIGHT="54" HPOS="600" VPOS="2463" WIDTH="33" />
<String CONTENT="a" HEIGHT="33" HPOS="634" VPOS="2484" WIDTH="30" />
</TextLine>
<TextLine CS="1" HEIGHT="145" HPOS="319" STYLEREFS="StyleId-812FE406-FBCE-4503-AD82-841AFF56A22C-" VPOS="2462" WIDTH="1970">
<String CONTENT="description" HEIGHT="68" HPOS="701" VPOS="2462" WIDTH="348" />
<SP HEIGHT="34" HPOS="1050" VPOS="2482" WIDTH="34" />
<String CONTENT="of" HEIGHT="53" HPOS="1085" VPOS="2462" WIDTH="62" />
<SP HEIGHT="54" HPOS="1148" VPOS="2462" WIDTH="33" />
<String CONTENT="the" HEIGHT="53" HPOS="1182" VPOS="2463" WIDTH="95" />
<SP HEIGHT="35" HPOS="1278" VPOS="2480" WIDTH="34" />
<String CONTENT="various" HEIGHT="52" HPOS="1313" VPOS="2464" WIDTH="229" />
<SP HEIGHT="48" HPOS="1543" VPOS="2468" WIDTH="33" />
<String CONTENT="techniques" HEIGHT="67" HPOS="1577" VPOS="2463" WIDTH="326" />
<SP HEIGHT="55" HPOS="1904" VPOS="2462" WIDTH="33" />
<String CONTENT="for" HEIGHT="53" HPOS="1938" VPOS="2462" WIDTH="94" />
<SP HEIGHT="47" HPOS="2033" VPOS="2467" WIDTH="34" />
<String CONTENT="the" HEIGHT="53" HPOS="2068" VPOS="2462" WIDTH="94" />
<SP HEIGHT="51" HPOS="2163" VPOS="2464" WIDTH="32" />
<String CONTENT="layman," HEIGHT="143" HPOS="319" VPOS="2464" WIDTH="1970" />
<SP HEIGHT="45" HPOS="472" VPOS="2562" WIDTH="20" />
<String CONTENT="student" HEIGHT="54" HPOS="493" VPOS="2541" WIDTH="231" />
<SP HEIGHT="47" HPOS="725" VPOS="2546" WIDTH="21" />
<String CONTENT="and" HEIGHT="52" HPOS="747" VPOS="2541" WIDTH="112" />
</TextLine>
<TextLine CS="1" HEIGHT="146" HPOS="322" STYLEREFS="StyleId-812FE406-FBCE-4503-AD82-841AFF56A22C-" VPOS="2540" WIDTH="1968">
<String CONTENT="artist." HEIGHT="53" HPOS="883" VPOS="2541" WIDTH="181" />
<SP HEIGHT="55" HPOS="1065" VPOS="2541" WIDTH="58" />
<String CONTENT="Garden" HEIGHT="55" HPOS="1124" VPOS="2541" WIDTH="233" />
<SP HEIGHT="55" HPOS="1358" VPOS="2541" WIDTH="23" />
<String CONTENT="City," HEIGHT="67" HPOS="1382" VPOS="2541" WIDTH="152" />
<SP HEIGHT="66" HPOS="1535" VPOS="2542" WIDTH="20" />
<String CONTENT="N." HEIGHT="52" HPOS="1556" VPOS="2542" WIDTH="68" />
<SP HEIGHT="52" HPOS="1625" VPOS="2542" WIDTH="25" />
<String CONTENT="Y.," HEIGHT="65" HPOS="1651" VPOS="2542" WIDTH="90" />
<SP HEIGHT="66" HPOS="1742" VPOS="2541" WIDTH="21" />
<String CONTENT="Garden" HEIGHT="55" HPOS="1764" VPOS="2541" WIDTH="231" />
<SP HEIGHT="54" HPOS="1996" VPOS="2541" WIDTH="23" />
<String CONTENT="City" HEIGHT="67" HPOS="2020" VPOS="2541" WIDTH="135" />
<SP HEIGHT="50" HPOS="2156" VPOS="2558" WIDTH="20" />
<String CONTENT="publishing" HEIGHT="146" HPOS="322" VPOS="2540" WIDTH="1968" />
<SP HEIGHT="48" HPOS="539" VPOS="2638" WIDTH="23" />
<String CONTENT="company," HEIGHT="49" HPOS="563" VPOS="2637" WIDTH="297" />
<SP HEIGHT="66" HPOS="861" VPOS="2619" WIDTH="24" />
<String CONTENT="inc." HEIGHT="53" HPOS="886" VPOS="2619" WIDTH="106" />
<SP HEIGHT="33" HPOS="993" VPOS="2653" WIDTH="33" />
<String CONTENT="[" CS="1" />
<String CONTENT="c" HEIGHT="22" HPOS="1045" STYLE="superscript" VPOS="2626" WIDTH="18" />
<String CONTENT="1935]" HEIGHT="64" HPOS="1069" VPOS="2622" WIDTH="150" />
</TextLine>
<TextLine CS="1" HEIGHT="49" HPOS="396" VPOS="2688" WIDTH="1509">
<String CONTENT="xiii" HEIGHT="40" HPOS="396" VPOS="2690" WIDTH="88" />
<SP HEIGHT="46" HPOS="485" VPOS="2691" WIDTH="25" />
<String CONTENT="p.," HEIGHT="36" HPOS="511" LANG="fr" VPOS="2701" WIDTH="57" />
<SP HEIGHT="42" HPOS="569" VPOS="2692" WIDTH="26" />
<String CONTENT="1" HEIGHT="38" HPOS="596" VPOS="2692" WIDTH="24" />
<SP />
<String CONTENT="l.," CS="1" />
<SP />
<String CONTENT="284" HEIGHT="41" HPOS="716" VPOS="2689" WIDTH="86" />
<SP />
<String CONTENT="p." HEIGHT="36" HPOS="830" VPOS="2700" WIDTH="42" />
<SP HEIGHT="30" HPOS="873" VPOS="2700" WIDTH="59" />
<String CONTENT="col." HEIGHT="40" HPOS="933" VPOS="2690" WIDTH="85" />
<SP HEIGHT="40" HPOS="1019" VPOS="2690" WIDTH="26" />
<String CONTENT="front.," HEIGHT="46" HPOS="1046" VPOS="2690" WIDTH="162" />
<SP HEIGHT="37" HPOS="1209" VPOS="2700" WIDTH="25" />
<String CONTENT="plates" HEIGHT="47" HPOS="1235" VPOS="2690" WIDTH="157" />
<SP HEIGHT="45" HPOS="1393" VPOS="2690" WIDTH="27" />
<String CONTENT="(part" HEIGHT="46" HPOS="1421" VPOS="2690" WIDTH="133" />
<SP HEIGHT="37" HPOS="1555" VPOS="2694" WIDTH="24" />
<String CONTENT="col.)" HEIGHT="47" HPOS="1580" VPOS="2688" WIDTH="111" />
<SP HEIGHT="47" HPOS="1692" VPOS="2688" WIDTH="67" />
<String CONTENT="28&#189;" CS="1" HEIGHT="41" HPOS="1760" VPOS="2688" WIDTH="58" />
<String CONTENT="cm" HEIGHT="22" HPOS="1848" STYLE="superscript" VPOS="2690" WIDTH="45" />
<String CONTENT="." HEIGHT="7" HPOS="1898" VPOS="2721" WIDTH="7" />
</TextLine>
<TextLine CS="1" HEIGHT="49" HPOS="395" VPOS="2744" WIDTH="1913">
<String CONTENT="At" HEIGHT="40" HPOS="395" VPOS="2746" WIDTH="63" />
<SP HEIGHT="38" HPOS="459" VPOS="2748" WIDTH="37" />
<String CONTENT="head" HEIGHT="38" HPOS="497" VPOS="2748" WIDTH="125" />
<SP HEIGHT="38" HPOS="623" VPOS="2748" WIDTH="40" />
<String CONTENT="of" HEIGHT="41" HPOS="664" VPOS="2745" WIDTH="52" />
<SP HEIGHT="42" HPOS="717" VPOS="2745" WIDTH="38" />
<String CONTENT="title;" CS="1" HEIGHT="41" HPOS="756" VPOS="2746" WIDTH="108" />
<SP HEIGHT="40" HPOS="890" VPOS="2746" WIDTH="44" />
<String CONTENT="By" HEIGHT="46" HPOS="935" VPOS="2746" WIDTH="73" />
<SP HEIGHT="43" HPOS="1009" VPOS="2749" WIDTH="41" />
<String CONTENT="the" HEIGHT="40" HPOS="1051" VPOS="2746" WIDTH="80" />
<SP HEIGHT="40" HPOS="1132" VPOS="2746" WIDTH="42" />
<String CONTENT="following" HEIGHT="48" HPOS="1175" VPOS="2745" WIDTH="252" />
<SP HEIGHT="37" HPOS="1428" VPOS="2756" WIDTH="38" />
<String CONTENT="authorities;" CS="1" HEIGHT="42" HPOS="1467" VPOS="2744" WIDTH="292" />
<SP HEIGHT="41" HPOS="1788" VPOS="2744" WIDTH="44" />
<String CONTENT="Paul" HEIGHT="40" HPOS="1833" VPOS="2744" WIDTH="122" />
<SP HEIGHT="41" HPOS="1956" VPOS="2744" WIDTH="41" />
<String CONTENT="G." HEIGHT="41" HPOS="1998" VPOS="2744" WIDTH="52" />
<SP HEIGHT="41" HPOS="2051" VPOS="2744" WIDTH="45" />
<String CONTENT="Konody," HEIGHT="47" HPOS="2097" VPOS="2744" WIDTH="211" />
</TextLine>
<TextLine CS="1" HEIGHT="51" HPOS="324" VPOS="2801" WIDTH="1293">
<String CONTENT="Arthur" HEIGHT="42" HPOS="324" VPOS="2801" WIDTH="187" />
<SP HEIGHT="39" HPOS="512" VPOS="2802" WIDTH="22" />
<String CONTENT="Dewing," HEIGHT="47" HPOS="535" VPOS="2802" WIDTH="217" />
<SP HEIGHT="43" HPOS="753" VPOS="2802" WIDTH="24" />
<String CONTENT="Warren" HEIGHT="41" HPOS="778" VPOS="2802" WIDTH="205" />
<SP HEIGHT="39" HPOS="984" VPOS="2802" WIDTH="25" />
<String CONTENT="E." HEIGHT="40" HPOS="1010" VPOS="2802" WIDTH="52" />
<SP HEIGHT="41" HPOS="1063" VPOS="2802" WIDTH="27" />
<String CONTENT="Cox" HEIGHT="41" HPOS="1091" VPOS="2802" WIDTH="101" />
<SP HEIGHT="30" HPOS="1193" VPOS="2813" WIDTH="27" />
<String CONTENT="&#8230;" CS="1" />
<SP HEIGHT="29" HPOS="1268" VPOS="2823" WIDTH="31" />
<String CONTENT="[and" CS="1" HEIGHT="39" HPOS="1314" VPOS="2803" WIDTH="95" />
<SP HEIGHT="39" HPOS="1410" VPOS="2803" WIDTH="25" />
<String CONTENT="others]" HEIGHT="48" HPOS="1436" VPOS="2803" WIDTH="181" />
</TextLine>
<TextLine HEIGHT="49" HPOS="396" VPOS="2857" WIDTH="1912">
<String CONTENT="&#8220;The" HEIGHT="41" HPOS="396" VPOS="2859" WIDTH="131" />
<SP HEIGHT="30" HPOS="528" VPOS="2870" WIDTH="26" />
<String CONTENT="material" HEIGHT="40" HPOS="555" VPOS="2859" WIDTH="227" />
<SP HEIGHT="39" HPOS="783" VPOS="2859" WIDTH="29" />
<String CONTENT="in" HEIGHT="40" HPOS="813" VPOS="2859" WIDTH="50" />
<SP HEIGHT="38" HPOS="864" VPOS="2861" WIDTH="31" />
<String CONTENT="this" HEIGHT="40" HPOS="896" VPOS="2859" WIDTH="99" />
<SP HEIGHT="40" HPOS="996" VPOS="2859" WIDTH="27" />
<String CONTENT="book" HEIGHT="39" HPOS="1024" VPOS="2859" WIDTH="124" />
<SP HEIGHT="38" HPOS="1149" VPOS="2859" WIDTH="30" />
<String CONTENT="is" HEIGHT="40" HPOS="1180" VPOS="2859" WIDTH="41" />
<SP HEIGHT="37" HPOS="1222" VPOS="2869" WIDTH="28" />
<String CONTENT="presented" HEIGHT="46" HPOS="1251" VPOS="2860" WIDTH="255" />
<SP HEIGHT="39" HPOS="1507" VPOS="2860" WIDTH="32" />
<String CONTENT="through" HEIGHT="47" HPOS="1540" VPOS="2859" WIDTH="210" />
<SP HEIGHT="39" HPOS="1751" VPOS="2859" WIDTH="30" />
<String CONTENT="the" HEIGHT="40" HPOS="1782" VPOS="2859" WIDTH="81" />
<SP HEIGHT="31" HPOS="1864" VPOS="2868" WIDTH="30" />
<String CONTENT="courtesy" HEIGHT="45" HPOS="1895" VPOS="2860" WIDTH="223" />
<SP HEIGHT="37" HPOS="2119" VPOS="2868" WIDTH="30" />
<String CONTENT="of" HEIGHT="41" HPOS="2150" VPOS="2857" WIDTH="51" />
<SP HEIGHT="41" HPOS="2202" VPOS="2857" WIDTH="28" />
<String CONTENT="the" HEIGHT="41" HPOS="2231" VPOS="2857" WIDTH="77" />
</TextLine>
<TextLine HEIGHT="50" HPOS="327" VPOS="2913" WIDTH="1981">
<String CONTENT="publishers" HEIGHT="47" HPOS="327" VPOS="2914" WIDTH="273" />
<SP HEIGHT="30" HPOS="601" VPOS="2926" WIDTH="29" />
<String CONTENT="of" HEIGHT="40" HPOS="631" VPOS="2915" WIDTH="53" />
<SP HEIGHT="41" HPOS="685" VPOS="2915" WIDTH="27" />
<String CONTENT="the" HEIGHT="39" HPOS="713" VPOS="2917" WIDTH="82" />
<SP HEIGHT="40" HPOS="796" VPOS="2916" WIDTH="28" />
<String CONTENT="Encyclopaedia" HEIGHT="47" HPOS="825" VPOS="2916" WIDTH="381" />
<SP HEIGHT="39" HPOS="1207" VPOS="2916" WIDTH="32" />
<String CONTENT="britannica." HEIGHT="43" HPOS="1240" LANG="fr" VPOS="2915" WIDTH="289" />
<SP HEIGHT="43" HPOS="1530" VPOS="2915" WIDTH="57" />
<String CONTENT="The" HEIGHT="41" HPOS="1588" VPOS="2915" WIDTH="101" />
<SP HEIGHT="38" HPOS="1690" VPOS="2918" WIDTH="27" />
<String CONTENT="text" HEIGHT="38" HPOS="1718" VPOS="2917" WIDTH="107" />
<SP HEIGHT="39" HPOS="1826" VPOS="2916" WIDTH="25" />
<String CONTENT="is" HEIGHT="39" HPOS="1852" VPOS="2916" WIDTH="41" />
<SP HEIGHT="29" HPOS="1894" VPOS="2926" WIDTH="30" />
<String CONTENT="composed" HEIGHT="47" HPOS="1925" VPOS="2916" WIDTH="251" />
<SP HEIGHT="39" HPOS="2177" VPOS="2916" WIDTH="27" />
<String CONTENT="of" HEIGHT="41" HPOS="2205" VPOS="2913" WIDTH="52" />
<SP HEIGHT="40" HPOS="2258" VPOS="2913" WIDTH="25" />
<String CONTENT="a" HEIGHT="30" HPOS="2284" VPOS="2923" WIDTH="24" />
</TextLine>
<TextLine HEIGHT="48" HPOS="324" VPOS="2972" WIDTH="1629">
<String CONTENT="selection" HEIGHT="40" HPOS="324" VPOS="2972" WIDTH="229" />
<SP HEIGHT="29" HPOS="554" VPOS="2983" WIDTH="24" />
<String CONTENT="of" HEIGHT="40" HPOS="579" VPOS="2972" WIDTH="53" />
<SP HEIGHT="39" HPOS="633" VPOS="2972" WIDTH="24" />
<String CONTENT="articles" HEIGHT="40" HPOS="658" VPOS="2973" WIDTH="196" />
<SP HEIGHT="40" HPOS="855" VPOS="2973" WIDTH="21" />
<String CONTENT="from" HEIGHT="39" HPOS="877" VPOS="2973" WIDTH="125" />
<SP HEIGHT="39" HPOS="1003" VPOS="2972" WIDTH="27" />
<String CONTENT="its" HEIGHT="41" HPOS="1031" VPOS="2972" WIDTH="64" />
<SP HEIGHT="37" HPOS="1096" VPOS="2983" WIDTH="25" />
<String CONTENT="pages.&#8221;&#8212;Publisher&#8217;s" HEIGHT="48" HPOS="1122" VPOS="2972" WIDTH="549" />
<SP HEIGHT="40" HPOS="1672" VPOS="2972" WIDTH="24" />
<String CONTENT="foreword." HEIGHT="40" HPOS="1697" VPOS="2972" WIDTH="256" />
</TextLine>
<TextLine CS="1" HEIGHT="50" HPOS="393" VPOS="3027" WIDTH="809">
<String CONTENT="&#8220;Bibliographies&#8221;;" CS="1" HEIGHT="49" HPOS="393" VPOS="3027" WIDTH="445" />
<SP HEIGHT="39" HPOS="867" VPOS="3038" WIDTH="39" />
<String CONTENT="p." HEIGHT="39" HPOS="907" VPOS="3038" WIDTH="40" />
<SP HEIGHT="40" HPOS="948" VPOS="3029" WIDTH="37" />
<String CONTENT="279-284." HEIGHT="40" HPOS="986" VPOS="3029" WIDTH="216" />
</TextLine>
<TextLine CS="1" HEIGHT="54" HPOS="321" VPOS="3082" WIDTH="1988">
<String CONTENT="&#169;" HEIGHT="53" HPOS="321" LANG="en-US" VPOS="3082" WIDTH="53" />
<SP HEIGHT="53" HPOS="375" VPOS="3082" WIDTH="26" />
<String CONTENT="Oct." HEIGHT="40" HPOS="402" LANG="en-US" VPOS="3087" WIDTH="101" />
<SP HEIGHT="38" HPOS="504" VPOS="3089" WIDTH="26" />
<String CONTENT="14," HEIGHT="47" HPOS="531" LANG="en-US" VPOS="3089" WIDTH="68" />
<SP HEIGHT="48" HPOS="600" VPOS="3088" WIDTH="27" />
<String CONTENT="1935;" CS="1" HEIGHT="40" HPOS="628" LANG="en-US" VPOS="3088" WIDTH="116" />
<SP HEIGHT="47" HPOS="769" VPOS="3087" WIDTH="27" />
<String CONTENT="2c." HEIGHT="41" HPOS="797" LANG="en-US" VPOS="3087" WIDTH="67" />
<SP HEIGHT="29" HPOS="865" VPOS="3099" WIDTH="26" />
<String CONTENT="and" HEIGHT="39" HPOS="892" LANG="en-US" VPOS="3089" WIDTH="95" />
<SP HEIGHT="38" HPOS="988" VPOS="3089" WIDTH="26" />
<String CONTENT="aff." HEIGHT="39" HPOS="1015" LANG="en-US" VPOS="3088" WIDTH="78" />
<SP HEIGHT="39" HPOS="1094" VPOS="3088" WIDTH="31" />
<String CONTENT="Oct." HEIGHT="39" HPOS="1126" LANG="en-US" VPOS="3088" WIDTH="100" />
<SP HEIGHT="39" HPOS="1227" VPOS="3088" WIDTH="26" />
<String CONTENT="19;" HEIGHT="41" HPOS="1254" LANG="en-US" VPOS="3088" WIDTH="81" />
<SP HEIGHT="41" HPOS="1336" VPOS="3088" WIDTH="29" />
<String CONTENT="A" HEIGHT="38" HPOS="1366" LANG="en-US" VPOS="3088" WIDTH="39" />
<SP HEIGHT="39" HPOS="1406" VPOS="3088" WIDTH="26" />
<String CONTENT="89286;" CS="1" HEIGHT="42" HPOS="1433" LANG="en-US" VPOS="3085" WIDTH="142" />
<SP HEIGHT="46" HPOS="1603" VPOS="3088" WIDTH="29" />
<String CONTENT="Encyclop&#230;dia" HEIGHT="48" HPOS="1633" LANG="fr" VPOS="3087" WIDTH="364" />
<SP HEIGHT="39" HPOS="1998" VPOS="3088" WIDTH="29" />
<String CONTENT="britannica," HEIGHT="46" HPOS="2028" LANG="fr" VPOS="3084" WIDTH="281" />
</TextLine>
<TextLine CS="1" HEIGHT="105" HPOS="393" VPOS="3144" WIDTH="1900">
<String CONTENT="inc.," HEIGHT="46" HPOS="393" VPOS="3145" WIDTH="104" />
<SP HEIGHT="47" HPOS="498" VPOS="3144" WIDTH="39" />
<String CONTENT="Chicago." HEIGHT="48" HPOS="538" VPOS="3144" WIDTH="222" />
<SP HEIGHT="29" HPOS="761" VPOS="3164" WIDTH="64" />
<String CONTENT="[Copyright" HEIGHT="49" HPOS="826" VPOS="3144" WIDTH="281" />
<SP HEIGHT="39" HPOS="1108" VPOS="3145" WIDTH="34" />
<String CONTENT="is" HEIGHT="39" HPOS="1143" VPOS="3145" WIDTH="41" />
<SP HEIGHT="29" HPOS="1185" VPOS="3155" WIDTH="39" />
<String CONTENT="claimed" HEIGHT="39" HPOS="1225" VPOS="3144" WIDTH="204" />
<SP HEIGHT="38" HPOS="1430" VPOS="3145" WIDTH="37" />
<String CONTENT="on" HEIGHT="28" HPOS="1468" VPOS="3154" WIDTH="59" />
<SP HEIGHT="27" HPOS="1528" VPOS="3155" WIDTH="38" />
<String CONTENT="rearrangement" HEIGHT="44" HPOS="1567" VPOS="3147" WIDTH="395" />
<SP HEIGHT="37" HPOS="1963" VPOS="3147" WIDTH="39" />
<String CONTENT="of" HEIGHT="39" HPOS="2003" VPOS="3145" WIDTH="53" />
<SP HEIGHT="39" HPOS="2057" VPOS="3145" WIDTH="34" />
<String CONTENT="the" HEIGHT="39" HPOS="2092" VPOS="3145" WIDTH="81" />
<SP HEIGHT="30" HPOS="2174" VPOS="3154" WIDTH="36" />
<String CONTENT="contents," HEIGHT="96" HPOS="393" VPOS="3153" WIDTH="1900" />
<SP HEIGHT="48" HPOS="536" VPOS="3201" WIDTH="24" />
<String CONTENT="by" HEIGHT="48" HPOS="561" VPOS="3201" WIDTH="61" />
</TextLine>
<TextLine HEIGHT="49" HPOS="649" VPOS="3200" WIDTH="1094">
<String CONTENT="Garden" HEIGHT="40" HPOS="649" VPOS="3201" WIDTH="193" />
<SP HEIGHT="40" HPOS="843" VPOS="3201" WIDTH="26" />
<String CONTENT="City" HEIGHT="48" HPOS="870" VPOS="3201" WIDTH="109" />
<SP HEIGHT="37" HPOS="980" VPOS="3212" WIDTH="24" />
<String CONTENT="publishing" HEIGHT="49" HPOS="1005" VPOS="3200" WIDTH="281" />
<SP HEIGHT="37" HPOS="1287" VPOS="3211" WIDTH="22" />
<String CONTENT="co.]" HEIGHT="38" HPOS="1310" LANG="ru" VPOS="3211" WIDTH="82" />
<SP HEIGHT="49" HPOS="1393" VPOS="3200" WIDTH="71" />
<String CONTENT="(35-25786)" HEIGHT="48" HPOS="1465" VPOS="3200" WIDTH="278" />
</TextLine>
<TextLine CS="1" HEIGHT="69" HPOS="324" STYLEREFS="StyleId-812FE406-FBCE-4503-AD82-841AFF56A22C-" VPOS="3274" WIDTH="1776">
<String CONTENT="Ergebnisse" HEIGHT="64" HPOS="324" LANG="de" VPOS="3274" WIDTH="360" />
<SP HEIGHT="52" HPOS="685" VPOS="3277" WIDTH="34" />
<String CONTENT="der" HEIGHT="51" HPOS="720" LANG="de" VPOS="3277" WIDTH="99" />
<SP HEIGHT="52" HPOS="820" VPOS="3277" WIDTH="32" />
<String CONTENT="biologie;" HEIGHT="68" HPOS="853" LANG="fr" VPOS="3275" WIDTH="272" />
<SP HEIGHT="65" HPOS="1126" VPOS="3277" WIDTH="36" />
<String CONTENT="hrsg," HEIGHT="66" HPOS="1163" LANG="de" VPOS="3277" WIDTH="153" />
<SP HEIGHT="34" HPOS="1317" VPOS="3294" WIDTH="35" />
<String CONTENT="von" HEIGHT="34" HPOS="1353" LANG="de" VPOS="3294" WIDTH="110" />
<SP HEIGHT="50" HPOS="1464" VPOS="3277" WIDTH="33" />
<String CONTENT="&#1050;." HEIGHT="51" HPOS="1498" LANG="ru" VPOS="3277" WIDTH="72" />
<SP HEIGHT="35" HPOS="1571" VPOS="3293" WIDTH="36" />
<String CONTENT="v." HEIGHT="35" HPOS="1608" LANG="de" VPOS="3293" WIDTH="50" />
<SP HEIGHT="50" HPOS="1659" VPOS="3278" WIDTH="35" />
<String CONTENT="Frisch" HEIGHT="52" HPOS="1695" LANG="de" VPOS="3276" WIDTH="201" />
<SP HEIGHT="50" HPOS="1897" VPOS="3277" WIDTH="40" />
<String CONTENT="&#8230;" CS="1" LANG="de" />
<SP HEIGHT="50" HPOS="1994" VPOS="3278" WIDTH="39" />
<String CONTENT="R." HEIGHT="50" HPOS="2034" LANG="de" VPOS="3278" WIDTH="66" />
</TextLine>
<TextLine CS="1" HEIGHT="146" HPOS="391" LANG="de" STYLEREFS="StyleId-812FE406-FBCE-4503-AD82-841AFF56A22C-" VPOS="3273" WIDTH="1916">
<String CONTENT="Goldschmidt" HEIGHT="134" HPOS="391" VPOS="3273" WIDTH="1892" />
<SP HEIGHT="49" HPOS="639" VPOS="3357" WIDTH="45" />
<String CONTENT="&#8230;" CS="1" />
<SP HEIGHT="52" HPOS="740" VPOS="3356" WIDTH="46" />
<String CONTENT="W." HEIGHT="52" HPOS="787" VPOS="3356" WIDTH="86" />
<SP HEIGHT="50" HPOS="874" VPOS="3356" WIDTH="44" />
<String CONTENT="Ruhland" HEIGHT="52" HPOS="919" VPOS="3354" WIDTH="271" />
<SP HEIGHT="52" HPOS="1191" VPOS="3354" WIDTH="46" />
<String CONTENT="&#8230;" CS="1" />
<SP HEIGHT="51" HPOS="1294" VPOS="3355" WIDTH="48" />
<String CONTENT="H." HEIGHT="51" HPOS="1343" VPOS="3355" WIDTH="76" />
<SP HEIGHT="52" HPOS="1420" VPOS="3356" WIDTH="41" />
<String CONTENT="Winterstein" HEIGHT="56" HPOS="1462" VPOS="3352" WIDTH="373" />
<SP HEIGHT="33" HPOS="1836" VPOS="3372" WIDTH="47" />
<String CONTENT="&#8230;" CS="1" />
<SP HEIGHT="50" HPOS="1939" VPOS="3355" WIDTH="78" />
<String CONTENT="Redigiert" HEIGHT="67" HPOS="2018" VPOS="3352" WIDTH="289" />
</TextLine>
<TextLine CS="1" HEIGHT="146" HPOS="391" LANG="de" STYLEREFS="StyleId-812FE406-FBCE-4503-AD82-841AFF56A22C-" VPOS="3431" WIDTH="1894">
<String CONTENT="von" HEIGHT="33" HPOS="391" VPOS="3450" WIDTH="113" />
<SP HEIGHT="52" HPOS="505" VPOS="3434" WIDTH="33" />
<String CONTENT="W." HEIGHT="52" HPOS="539" VPOS="3434" WIDTH="89" />
<SP HEIGHT="51" HPOS="629" VPOS="3434" WIDTH="39" />
<String CONTENT="Ruhland" HEIGHT="53" HPOS="669" VPOS="3432" WIDTH="270" />
<SP HEIGHT="52" HPOS="940" VPOS="3432" WIDTH="43" />
<String CONTENT="&#8230;" CS="1" />
<SP HEIGHT="49" HPOS="1039" VPOS="3434" WIDTH="81" />
<String CONTENT="12." HEIGHT="50" HPOS="1121" VPOS="3434" WIDTH="78" />
<SP HEIGHT="51" HPOS="1200" VPOS="3433" WIDTH="40" />
<String CONTENT="bd." HEIGHT="51" HPOS="1241" VPOS="3433" WIDTH="90" />
<SP HEIGHT="50" HPOS="1332" VPOS="3434" WIDTH="75" />
<String CONTENT="Mit" HEIGHT="52" HPOS="1408" VPOS="3433" WIDTH="111" />
<SP HEIGHT="49" HPOS="1520" VPOS="3436" WIDTH="41" />
<String CONTENT="135" HEIGHT="49" HPOS="1562" VPOS="3435" WIDTH="97" />
<SP HEIGHT="48" HPOS="1660" VPOS="3436" WIDTH="39" />
<String CONTENT="abbildungen." HEIGHT="67" HPOS="1700" VPOS="3431" WIDTH="400" />
<SP HEIGHT="50" HPOS="2101" VPOS="3432" WIDTH="74" />
<String CONTENT="Berlin," HEIGHT="143" HPOS="391" VPOS="3432" WIDTH="1894" />
<SP HEIGHT="64" HPOS="492" VPOS="3511" WIDTH="26" />
<String CONTENT="J." HEIGHT="53" HPOS="519" VPOS="3511" WIDTH="54" />
<SP HEIGHT="54" HPOS="574" VPOS="3509" WIDTH="31" />
<String CONTENT="Springer," HEIGHT="68" HPOS="606" VPOS="3509" WIDTH="295" />
<SP HEIGHT="62" HPOS="902" VPOS="3514" WIDTH="30" />
<String CONTENT="1935." HEIGHT="50" HPOS="933" VPOS="3513" WIDTH="148" />
</TextLine>
<TextLine CS="1" HEIGHT="50" HPOS="390" VPOS="3582" WIDTH="1255">
<String CONTENT="2" HEIGHT="37" HPOS="390" LANG="de" VPOS="3584" WIDTH="26" />
<SP HEIGHT="46" HPOS="417" VPOS="3584" WIDTH="25" />
<String CONTENT="p." HEIGHT="36" HPOS="443" LANG="de" VPOS="3594" WIDTH="42" />
<SP />
<String CONTENT="l.," CS="1" LANG="de" />
<SP />
<String CONTENT="573," HEIGHT="48" HPOS="584" LANG="de" VPOS="3582" WIDTH="97" />
<SP HEIGHT="30" HPOS="682" VPOS="3602" WIDTH="30" />
<String CONTENT="[1]" HEIGHT="48" HPOS="713" LANG="de" VPOS="3584" WIDTH="54" />
<SP HEIGHT="37" HPOS="768" VPOS="3594" WIDTH="29" />
<String CONTENT="p." HEIGHT="36" HPOS="798" LANG="fr" VPOS="3594" WIDTH="42" />
<SP HEIGHT="38" HPOS="841" VPOS="3584" WIDTH="54" />
<String CONTENT="illus.," HEIGHT="45" HPOS="896" LANG="de" VPOS="3584" WIDTH="144" />
<SP HEIGHT="45" HPOS="1041" VPOS="3584" WIDTH="26" />
<String CONTENT="tables," HEIGHT="46" HPOS="1068" LANG="fr" VPOS="3583" WIDTH="168" />
<SP HEIGHT="45" HPOS="1237" VPOS="3584" WIDTH="27" />
<String CONTENT="diagrs." HEIGHT="48" HPOS="1265" LANG="de" VPOS="3582" WIDTH="178" />
<SP HEIGHT="40" HPOS="1444" VPOS="3582" WIDTH="54" />
<String CONTENT="24" HEIGHT="39" HPOS="1499" LANG="de" VPOS="3582" WIDTH="57" />
<String CONTENT="&#189;" CS="1" LANG="en-US" />
<String CONTENT="cm" HEIGHT="21" HPOS="1588" LANG="de" STYLE="superscript" VPOS="3584" WIDTH="44" />
<String CONTENT="." HEIGHT="8" HPOS="1637" LANG="de" VPOS="3614" WIDTH="8" />
</TextLine>
<TextLine HEIGHT="49" HPOS="391" VPOS="3638" WIDTH="650">
<String CONTENT="Contains" HEIGHT="41" HPOS="391" VPOS="3638" WIDTH="232" />
<SP HEIGHT="39" HPOS="624" VPOS="3640" WIDTH="27" />
<String CONTENT="bibliographies." HEIGHT="49" HPOS="652" VPOS="3638" WIDTH="389" />
</TextLine>
<TextLine CS="1" HEIGHT="53" HPOS="318" VPOS="3690" WIDTH="1827">
<String CONTENT="&#169;" HEIGHT="53" HPOS="318" LANG="de" VPOS="3690" WIDTH="53" />
<SP HEIGHT="53" HPOS="372" VPOS="3690" WIDTH="26" />
<String CONTENT="July" HEIGHT="47" HPOS="399" LANG="en-US" VPOS="3696" WIDTH="115" />
<SP HEIGHT="47" HPOS="515" VPOS="3696" WIDTH="25" />
<String CONTENT="30," HEIGHT="48" HPOS="541" LANG="de" VPOS="3695" WIDTH="69" />
<SP HEIGHT="46" HPOS="611" VPOS="3697" WIDTH="29" />
<String CONTENT="1935;" HEIGHT="47" HPOS="641" LANG="de" VPOS="3695" WIDTH="139" />
<SP />
<String CONTENT="1c." CS="1" LANG="de" />
<SP />
<String CONTENT="Nov." HEIGHT="39" HPOS="907" LANG="en-US" VPOS="3696" WIDTH="116" />
<SP HEIGHT="39" HPOS="1024" VPOS="3696" WIDTH="29" />
<String CONTENT="26;" HEIGHT="46" HPOS="1054" LANG="fr" VPOS="3695" WIDTH="83" />
<SP HEIGHT="45" HPOS="1138" VPOS="3696" WIDTH="29" />
<String CONTENT="A-" HEIGHT="37" HPOS="1168" LANG="fr" VPOS="3696" WIDTH="103" />
<String CONTENT="Foreign" HEIGHT="48" HPOS="1272" LANG="en-US" VPOS="3694" WIDTH="206" />
<SP HEIGHT="37" HPOS="1479" VPOS="3696" WIDTH="27" />
<String CONTENT="29859;" HEIGHT="49" HPOS="1507" LANG="fr" VPOS="3693" WIDTH="170" />
<SP HEIGHT="48" HPOS="1678" VPOS="3694" WIDTH="32" />
<String CONTENT="Julius" HEIGHT="41" HPOS="1711" LANG="fr" VPOS="3692" WIDTH="162" />
<SP HEIGHT="40" HPOS="1874" VPOS="3693" WIDTH="31" />
<String CONTENT="Springer." HEIGHT="51" HPOS="1906" LANG="fr" VPOS="3691" WIDTH="239" />
</TextLine>
<TextLine HEIGHT="65" HPOS="326" STYLEREFS="StyleId-C2AEFC21-15A1-4312-B1CA-B7CA021584A9-" VPOS="3769" WIDTH="781">
<String CONTENT="Farrell," HEIGHT="63" HPOS="326" LANG="en-US" VPOS="3769" WIDTH="241" />
<SP HEIGHT="62" HPOS="568" VPOS="3770" WIDTH="27" />
<String CONTENT="James" HEIGHT="53" HPOS="596" LANG="fr" VPOS="3770" WIDTH="204" />
<SP HEIGHT="50" HPOS="801" VPOS="3773" WIDTH="20" />
<String CONTENT="T.," HEIGHT="61" HPOS="822" LANG="fr" VPOS="3773" WIDTH="82" />
<SP HEIGHT="57" HPOS="905" VPOS="3777" WIDTH="30" />
<String CONTENT="1904-" HEIGHT="50" HPOS="936" LANG="fr" VPOS="3774" WIDTH="171" />
</TextLine>
<TextLine HEIGHT="77" HPOS="393" STYLEREFS="StyleId-812FE406-FBCE-4503-AD82-841AFF56A22C-" VPOS="3835" WIDTH="1910">
<String CONTENT="Guillotine" HEIGHT="56" HPOS="393" LANG="fr" VPOS="3841" WIDTH="315" />
<SP HEIGHT="49" HPOS="709" VPOS="3863" WIDTH="46" />
<String CONTENT="party" HEIGHT="63" HPOS="756" LANG="en-US" VPOS="3849" WIDTH="168" />
<SP HEIGHT="49" HPOS="925" VPOS="3863" WIDTH="46" />
<String CONTENT="and" HEIGHT="53" HPOS="972" LANG="en-US" VPOS="3844" WIDTH="111" />
<SP HEIGHT="52" HPOS="1084" VPOS="3844" WIDTH="47" />
<String CONTENT="other" HEIGHT="52" HPOS="1132" LANG="en-US" VPOS="3844" WIDTH="159" />
<SP HEIGHT="33" HPOS="1292" VPOS="3862" WIDTH="45" />
<String CONTENT="stories," HEIGHT="58" HPOS="1338" LANG="en-US" VPOS="3841" WIDTH="213" />
<SP HEIGHT="57" HPOS="1552" VPOS="3842" WIDTH="45" />
<String CONTENT="by" HEIGHT="68" HPOS="1598" LANG="en-US" VPOS="3842" WIDTH="74" />
<SP HEIGHT="69" HPOS="1673" VPOS="3841" WIDTH="44" />
<String CONTENT="James" HEIGHT="54" HPOS="1718" LANG="fr" VPOS="3841" WIDTH="193" />
<SP HEIGHT="54" HPOS="1912" VPOS="3841" WIDTH="45" />
<String CONTENT="T." HEIGHT="53" HPOS="1958" LANG="fr" VPOS="3841" WIDTH="66" />
<SP HEIGHT="54" HPOS="2025" VPOS="3840" WIDTH="47" />
<String CONTENT="Farrell." HEIGHT="57" HPOS="2073" LANG="en-US" VPOS="3835" WIDTH="230" />
</TextLine>
<TextLine HEIGHT="69" HPOS="319" STYLEREFS="StyleId-812FE406-FBCE-4503-AD82-841AFF56A22C-" VPOS="3919" WIDTH="1236">
<String CONTENT="New" HEIGHT="55" HPOS="319" LANG="fr" VPOS="3919" WIDTH="140" />
<SP HEIGHT="54" HPOS="460" VPOS="3920" WIDTH="25" />
<String CONTENT="York," HEIGHT="68" HPOS="486" LANG="fr" VPOS="3920" WIDTH="178" />
<SP HEIGHT="67" HPOS="665" VPOS="3921" WIDTH="23" />
<String CONTENT="The" HEIGHT="54" HPOS="689" LANG="en-US" VPOS="3921" WIDTH="122" />
<SP HEIGHT="54" HPOS="812" VPOS="3921" WIDTH="23" />
<String CONTENT="Vanguard" HEIGHT="68" HPOS="836" LANG="en-US" VPOS="3920" WIDTH="313" />
<SP HEIGHT="68" HPOS="1150" VPOS="3920" WIDTH="25" />
<String CONTENT="press" HEIGHT="50" HPOS="1176" LANG="fr" VPOS="3938" WIDTH="156" />
<SP HEIGHT="50" HPOS="1333" VPOS="3938" WIDTH="28" />
<String CONTENT="[" HEIGHT="34" HPOS="1362" LANG="fr" VPOS="3954" WIDTH="13" />
<String CONTENT="c" HEIGHT="21" HPOS="1380" LANG="fr" STYLE="superscript" VPOS="3927" WIDTH="17" />
<String CONTENT="1935]" HEIGHT="63" HPOS="1404" LANG="fr" VPOS="3923" WIDTH="151" />
</TextLine>
</TextBlock>
</PrintSpace>
</Page>
</Layout>
</alto>