2424 4375
1055 4028 98 49 659

113 422 91 53 Du
231 422 154 66 Bois,
410 423 138 51 Mrs.
577 420 218 55 Rachel
825 419 242 67 (Davis)
1103 421 84 53 ed.

182 499 120 52 The
330 500 152 52 Jews
511 499 60 50 in
601 497 300 53 American
935 497 121 67 life,
1086 498 189 52 edited
1305 499 73 65 by
1410 499 211 51 Rachel
1652 497 442 53 Davis-DuBois

119 576 146 67 [and]
301 578 202 51 Emma
533 576 325 67 Schweppe.
933 576 137 52 New
1099 575 177 66 York,
1304 576 64 53 T.
1396 575 210 53 Nelson
1632 576 111 52 and
1770 593 144 48 sons,
1945 580 148 49 1935.

184 663 83 40 130
299 675 41 37 p.
400 663 56 40 20½
487 665 44 21 cm
535 696 10 9 .
614 663 275 48 (Half-title;
940 660 230 48 Building
1198 662 257 39 American
1485 662 213 47 culture)

187 734 430 47 “Supplementary
653 731 227 49 reading”
916 736 51 37 at
1001 735 91 39 end
1126 733 51 39 of
1210 735 125 38 most
1368 732 51 41 of
1454 734 82 39 the
1570 733 252 48 chapters;
1861 734 235 41 “General

117 791 359 48 bibliography”;
533 802 43 37 p.
606 790 215 41 125-130.

113 859 52 52 ©
193 863 113 48 Apr.
335 861 68 48 29,
436 862 139 45 1935;
605 860 66 41 2c.
704 862 111 47 Apr.
846 860 81 47 30;
962 859 82 41 aff.
1076 862 115 46 May
1221 861 80 45 11;
1334 861 41 38 A
1408 860 169 48 81755;
1610 862 210 39 Thomas
1851 862 179 40 Nelson
2061 862 36 41 &

181 930 125 29 sons.
376 918 249 49 (35-7106)

113 1025 306 64 Fribourg,
449 1024 207 52 Albert
685 1024 106 64 W.,
824 1028 170 49 1902-

175 1100 191 69 Judge
415 1099 94 53 for
557 1098 273 69 yourself,
877 1099 76 69 by
1003 1098 205 53 Albert
1256 1099 90 54 W.
1399 1099 288 69 Fribourg
1738 1101 112 52 and
1901 1100 187 54 David

109 1176 1469 69 Stein. New York, The Vanguard press [ c 1934]
180 1265 358 48 128 p. 19 ½ cm .
112 1336 51 53 ©
189 1340 109 39 Feb.
324 1340 67 45 14,
418 1338 139 47 1935;
582 1337 67 40 2c.
677 1337 110 39 Feb.
812 1337 81 46 18;
922 1336 81 40 aff.
1031 1336 110 39 Feb.
1168 1336 82 47 19;
1277 1337 41 38 A
1344 1336 169 47 80482;
1540 1338 264 47 Vanguard
1832 1349 148 38 press,
2004 1341 90 38 inc.

190 1395 249 50 (35-7194)

113 1499 248 64 Frymir,
391 1498 162 54 Alice
580 1496 282 57 Willetta.

113 1571 1957 151 Team sports for women, by Alice W. Frymir … and Marjorie Hillas
112 1650 1959 150 … New York, A. S. Barnes and company, incorporated, 1935.
182 1814 911 52 xii p., 1 l., 203 p. diagrs. 23½ cm .
185 1890 245 40 “Selected
467 1886 299 41 references”
800 1887 95 39 and
928 1886 147 40 blank
1109 1896 121 37 page
1262 1886 78 39 for
1375 1886 311 42 “Additional
1719 1889 165 40 notes”
1919 1893 53 38 at
2006 1893 91 39 end

113 1948 51 39 of
193 1947 118 40 each
339 1946 215 47 chapter.

113 2017 52 52 ©
185 2021 110 46 Apr.
320 2019 69 40 16.
411 2017 139 47 1935;
575 2017 65 40 2c.
663 2018 113 47 Apr.
801 2015 54 40 22;
907 2015 81 40 aff.
1012 2017 113 46 May
1146 2017 25 39 3;
1225 2016 41 38 A
1287 2016 143 40 82874;
1483 2017 52 40 A.
1562 2018 45 40 S.
1631 2019 187 40 Barnes
1843 2020 36 40 &
1901 2029 82 38 co.,
2006 2021 91 41 inc.

191 2075 249 50 (35-7118)

112 2180 250 64 Gauger,
391 2181 174 61 Kurt,
593 2179 171 54 1907-

112 2253 1961 149 … Politische medizin; grundriss einer deutschen psychotherapie.
457 2332 321 68 Hamburg,
819 2330 411 55 Hanseatische
1310 2332 400 67 verlagsanstalt
1758 2365 13 35 [
1775 2339 19 22 c
1799 2337 150 66 1934]

184 2423 56 41 64
268 2433 42 38 p.
369 2421 56 39 21
428 2422 45 22 cm
477 2451 10 10 .

182 2501 160 39 “Rede
375 2498 125 42 beim
540 2487 278 50 Ärztlichen
855 2496 234 48 kongress
1124 2495 86 40 für
1244 2497 417 49 psychotherapie,
1700 2500 106 40 Bad
1845 2501 253 49 Nauheim,

116 2556 139 42 1934”;
314 2568 42 36 p.
386 2556 39 39 7.

115 2622 1984 55 © Nov. 24, 1934; 1c. Jan. 17, 1935; A -Foreign 26634; Hanseatische
181 2683 381 47 Verlagsanstalt
591 2691 103 37 a.-g.
765 2679 249 49 (35-7638)

116 2785 161 66 Gehl,
307 2784 283 65 Walther,
622 2801 177 49 comp.

177 2863 118 51 Der
321 2866 149 48 staat
495 2860 78 52 im
599 2858 214 54 aufbau
851 2857 155 69 (vom
1034 2861 79 49 15.
1141 2858 304 52 november
1473 2861 133 50 1933
1633 2860 86 53 bis
1749 2864 79 50 10.
110 2869 1963 122 September
244 2937 160 68 1934)

450 2928 1646 79 herausgegeben von dr. Walther Gehl … Breslau,
113 3017 62 52 F.
202 3017 141 52 Hirt
374 3049 13 33 [
391 3022 19 21 c
414 3017 150 64 1934]

181 3097 1898 53 239 p. incl. front., illus., ports., map, diagrs. 19 cm . ( Half-title ; Hirts
112 3154 1985 52 deutsche Sammlung. Sachkundliche abt. … Gruppe III; Grundfragen,
112 3213 73 41 bd.
212 3215 52 48 4)

118 3282 1980 53 © Dec. 28, 1934; 1c. Feb. 8, 1935; A -Foreign 26871; Ferdinand Hirt.
196 3342 248 49 (35-7545)

121 3444 311 67 [Goodwin,
461 3443 420 66 Rutherfoord]
917 3448 168 49 1901-

189 3522 53 52 A
279 3521 151 54 brief
469 3522 111 51 and
617 3527 125 47 true
779 3527 191 59 report
1009 3518 94 53 for
1140 3520 97 51 the
1273 3520 266 52 traveller
1579 3522 338 68 concerning
120 3525 1951 142 Williamsburg

453 3598 60 55 in
539 3597 283 69 Virginia,
846 3596 169 69 being
1042 3616 69 33 an
1141 3602 234 47 account
1401 3596 64 54 of
1491 3598 94 51 the
1609 3606 146 46 most
1781 3600 315 69 important

123 3695 349 35 occurrences
497 3676 60 52 in
581 3675 114 53 this
720 3676 157 66 place
905 3675 152 52 from
1081 3674 73 53 its
1181 3674 122 53 first
1329 3673 313 70 beginning
1666 3682 58 46 to
1751 3679 94 51 the
1873 3687 224 57 present

122 3752 158 70 time;
322 3757 116 50 also
475 3752 330 69 containing
841 3772 31 33 a
906 3752 309 54 handsome
1250 3770 133 48 map
1422 3751 257 70 showing
1715 3754 291 71 buildings
2043 3761 51 49 &

122 3830 130 54 sites
297 3831 64 54 of
404 3830 313 68 particular
763 3828 247 59 interest,
1056 3829 135 54 such
1235 3828 186 67 places
1466 3828 170 68 being
1678 3832 232 55 marked
1958 3834 134 52 with

124 3908 258 54 numbers
408 3910 111 52 and
545 3907 337 53 afterwards
909 3906 150 67 fully
1084 3905 284 54 discussed
1393 3905 58 53 in
1477 3907 94 52 the
1595 3913 135 49 text.
1806 3911 81 51 To
1913 3911 178 54 which
