<alto xmlns="http://www.loc.gov/standards/alto/ns-v3#" xmlns:xlink="http://www.w3.org/1999/xlink" xmlns:xsi="http://www.w3.org/2001/XMLSchema-instance" xsi:schemaLocation="http://www.loc.gov/standards/alto/ns-v3# http://www.loc.gov/alto/v3/alto-3-0.xsd"><Description>
<MeasurementUnit>pixel</MeasurementUnit>
<sourceImageInformation>
<fileName>1935_v32_Part1.pdf</fileName>
</sourceImageInformation>
<OCRProcessing ID="IdOcr">
<ocrProcessingStep>
<processingDateTime>2019-01-15</processingDateTime>
<processingSoftware>
<softwareCreator>ABBYY</softwareCreator>
<softwareName>ABBYY Recognition Server</softwareName>
<softwareVersion>4.0</softwareVersion>
</processingSoftware>
</ocrProcessingStep>
</OCRProcessing>
</Description>
<Styles>
<ParagraphStyle ID="StyleId-FFFFFFFF-FFFF-FFFF-FFFF-FFFFFFFFFFFF-" ALIGN="Left" LEFT="0." RIGHT="0." FIRSTLINE="0."/>
<ParagraphStyle ID="StyleId-09A13A44-4F77-4ABE-84F3-84CC8B3C72CE-" ALIGN="Left" LEFT="0." RIGHT="0." FIRSTLINE="0." LINESPACE="7.699999809"/>
<ParagraphStyle ID="StyleId-1F945060-F8CD-4435-B69A-5FF49DB0C586-" ALIGN="Left" LEFT="0." RIGHT="0." FIRSTLINE="-10." LINESPACE="12.19999981"/>
<ParagraphStyle ID="StyleId-C6CAE747-F5A4-4D0D-8D74-D452DA7E2C1C-" ALIGN="Block" LEFT="0." RIGHT="0." FIRSTLINE="-14." LINESPACE="8.350000381"/>
<ParagraphStyle ID="StyleId-FC0F3374-189A-459E-BE29-2DC14180F022-" ALIGN="Left" LEFT="0." RIGHT="0." FIRSTLINE="0."/>
<ParagraphStyle ID="StyleId-49397C49-A894-4B3E-BA5E-1126226BA375-" ALIGN="Left" LEFT="0." RIGHT="0." FIRSTLINE="-12." LINESPACE="11.09000015"/>
<ParagraphStyle ID="StyleId-9E34DD3A-E661-48BD-A3A1-6A3D48346F00-" ALIGN="Block" LEFT="0." RIGHT="0." FIRSTLINE="-14." LINESPACE="11.09000015"/>
<ParagraphStyle ID="StyleId-56CE54AA-A08B-4BAA-8605-F26020A0E36E-" ALIGN="Left" LEFT="0." RIGHT="0." FIRSTLINE="0." LINESPACE="9.399999619"/>
<ParagraphStyle ID="StyleId-77814FFC-C42F-4AA9-9880-EF33B947DEC8-" ALIGN="Left" LEFT="0." RIGHT="0." FIRSTLINE="-11." LINESPACE="11.06999969"/>
<ParagraphStyle ID="StyleId-FDE92EC0-67DC-4C7B-8A24-094B12C38B6C-" ALIGN="Center" LEFT="0." RIGHT="0." FIRSTLINE="0." LINESPACE="11.30000019"/>
<ParagraphStyle ID="StyleId-65180E3B-4C93-4FB8-81EE-E026DD63DBF3-" ALIGN="Left" LEFT="0." RIGHT="0." FIRSTLINE="0." LINESPACE="11.10000038"/>
<ParagraphStyle ID="StyleId-10E885C2-5813-4620-B0AA-0FBA30CF7A32-" ALIGN="Left" LEFT="0." RIGHT="0." FIRSTLINE="0." LINESPACE="9.5"/>
<ParagraphStyle ID="StyleId-913C2DB5-9F02-4067-BAF7-0AED37B60BBE-" ALIGN="Left" LEFT="0." RIGHT="0." FIRSTLINE="0." LINESPACE="6.099999905"/>
<ParagraphStyle ID="StyleId-9C79A9D2-8F08-4A8F-985D-B00E253ED1E5-" ALIGN="Left" LEFT="0." RIGHT="0." FIRSTLINE="0." LINESPACE="4.400000095"/>
<ParagraphStyle ID="StyleId-A41F0407-FEFE-4738-9EC5-E05AFFF62781-" ALIGN="Left" LEFT="0." RIGHT="0." FIRSTLINE="0." LINESPACE="7.300000191"/>
<ParagraphStyle ID="StyleId-61D37176-94E8-408D-9B87-01C406CE8AB2-" ALIGN="Left" LEFT="0." RIGHT="0." FIRSTLINE="0." LINESPACE="8.050000191"/>
</Styles>
<Layout>
<Page ID="Page1402" PHYSICAL_IMG_NR="1402" HEIGHT="4375" WIDTH="2424">
<TopMargin HEIGHT="454" WIDTH="2424" VPOS="0" HPOS="0">
</TopMargin>
<LeftMargin HEIGHT="3774" WIDTH="310" VPOS="454" HPOS="0">
</LeftMargin>
<RightMargin HEIGHT="3774" WIDTH="88" VPOS="454" HPOS="2336">
</RightMargin>
<BottomMargin HEIGHT="147" WIDTH="2424" VPOS="4228" HPOS="0">
</BottomMargin>
<PrintSpace HEIGHT="3774" WIDTH="2026" VPOS="454" HPOS="310">
<TextBlock ID="Page1402_Block1" HEIGHT="128" WIDTH="421" VPOS="4100" HPOS="1169" LANG="en-US" CS="1" STYLEREFS="StyleId-4968992F-256B-435A-BCB4-B3ACB0D0BB91-">
<TextLine HEIGHT="0" WIDTH="0" VPOS="0" HPOS="0" CS="1">
<String CS="1" CONTENT="1402"/>
</TextLine>
</TextBlock>
<TextBlock ID="Page1402_Block2" HEIGHT="3607" WIDTH="2026" VPOS="454" HPOS="310" LANG="en-US" CS="1" STYLEREFS="StyleId-8919D81C-5523-4978-BD4D-26E29987A528-">
<TextLine HEIGHT="67" WIDTH="967" VPOS="465" HPOS="340" STYLEREFS="StyleId-455B2233-2DB6-40B5-A419-44C39D750252-">
<String CONTENT="Manly," HEIGHT="65" WIDTH="219" VPOS="465" HPOS="340"/>
<SP HEIGHT="63" WIDTH="23" VPOS="467" HPOS="560"/>
<String CONTENT="John" HEIGHT="53" WIDTH="155" VPOS="467" HPOS="584"/>
<SP HEIGHT="52" WIDTH="26" VPOS="468" HPOS="740"/>
<String CONTENT="Matthews," HEIGHT="64" WIDTH="339" VPOS="468" HPOS="767"/>
<SP HEIGHT="57" WIDTH="28" VPOS="475" HPOS="1107"/>
<String CONTENT="1865-" HEIGHT="51" WIDTH="171" VPOS="473" HPOS="1136"/>
</TextLine>
<TextLine HEIGHT="72" WIDTH="1915" VPOS="544" HPOS="411" STYLEREFS="StyleId-455B2233-2DB6-40B5-A419-44C39D750252-">
<String CONTENT="Contemporary" HEIGHT="68" WIDTH="454" VPOS="544" HPOS="411"/>
<SP HEIGHT="66" WIDTH="33" VPOS="546" HPOS="866"/>
<String CONTENT="British" HEIGHT="55" WIDTH="223" VPOS="544" HPOS="900"/>
<SP HEIGHT="52" WIDTH="34" VPOS="547" HPOS="1124"/>
<String CONTENT="literature;" HEIGHT="68" WIDTH="323" VPOS="545" HPOS="1159"/>
<SP HEIGHT="48" WIDTH="36" VPOS="565" HPOS="1483"/>
<String CONTENT="a" HEIGHT="34" WIDTH="31" VPOS="565" HPOS="1520"/>
<SP HEIGHT="35" WIDTH="34" VPOS="565" HPOS="1552"/>
<String CONTENT="critical" HEIGHT="54" WIDTH="219" VPOS="547" HPOS="1587"/>
<SP HEIGHT="54" WIDTH="34" VPOS="548" HPOS="1807"/>
<String CONTENT="survey" HEIGHT="48" WIDTH="203" VPOS="568" HPOS="1842"/>
<SP HEIGHT="48" WIDTH="36" VPOS="568" HPOS="2046"/>
<String CONTENT="and" HEIGHT="54" WIDTH="111" VPOS="551" HPOS="2083"/>
<SP HEIGHT="54" WIDTH="32" VPOS="551" HPOS="2195"/>
<String CONTENT="232" HEIGHT="51" WIDTH="98" VPOS="555" HPOS="2228"/>
</TextLine>
<TextLine HEIGHT="79" WIDTH="1986" VPOS="618" HPOS="339" STYLEREFS="StyleId-455B2233-2DB6-40B5-A419-44C39D750252-">
<String CONTENT="author-bibliographies" HEIGHT="72" WIDTH="680" VPOS="618" HPOS="339"/>
<SP HEIGHT="53" WIDTH="21" VPOS="623" HPOS="1020"/>
<String CONTENT="by" HEIGHT="67" WIDTH="76" VPOS="623" HPOS="1042"/>
<SP HEIGHT="66" WIDTH="22" VPOS="624" HPOS="1119"/>
<String CONTENT="Fred" HEIGHT="55" WIDTH="151" VPOS="624" HPOS="1142"/>
<SP HEIGHT="53" WIDTH="26" VPOS="626" HPOS="1294"/>
<String CONTENT="B." HEIGHT="52" WIDTH="67" VPOS="626" HPOS="1321"/>
<SP HEIGHT="53" WIDTH="23" VPOS="625" HPOS="1389"/>
<String CONTENT="Millett." HEIGHT="56" WIDTH="232" VPOS="622" HPOS="1413"/>
<SP HEIGHT="48" WIDTH="74" VPOS="630" HPOS="1646"/>
<String CONTENT="3d" HEIGHT="52" WIDTH="71" VPOS="627" HPOS="1721"/>
<SP HEIGHT="52" WIDTH="24" VPOS="627" HPOS="1793"/>
<String CONTENT="rev." HEIGHT="35" WIDTH="111" VPOS="645" HPOS="1818"/>
<SP HEIGHT="33" WIDTH="27" VPOS="647" HPOS="1930"/>
<String CONTENT="and" HEIGHT="52" WIDTH="111" VPOS="629" HPOS="1958"/>
<SP HEIGHT="52" WIDTH="23" VPOS="629" HPOS="2070"/>
<String CONTENT="enl." HEIGHT="53" WIDTH="106" VPOS="629" HPOS="2094"/>
<SP HEIGHT="35" WIDTH="24" VPOS="648" HPOS="2201"/>
<String CONTENT="ed.," HEIGHT="66" WIDTH="99" VPOS="631" HPOS="2226"/>
</TextLine>
<TextLine HEIGHT="74" WIDTH="1984" VPOS="697" HPOS="339" STYLEREFS="StyleId-455B2233-2DB6-40B5-A419-44C39D750252-">
<String CONTENT="based" HEIGHT="55" WIDTH="170" VPOS="697" HPOS="339"/>
<SP HEIGHT="53" WIDTH="23" VPOS="700" HPOS="510"/>
<String CONTENT="on" HEIGHT="35" WIDTH="72" VPOS="718" HPOS="534"/>
<SP HEIGHT="48" WIDTH="24" VPOS="704" HPOS="607"/>
<String CONTENT="the" HEIGHT="51" WIDTH="95" VPOS="700" HPOS="632"/>
<SP HEIGHT="49" WIDTH="23" VPOS="702" HPOS="728"/>
<String CONTENT="2d" HEIGHT="52" WIDTH="73" VPOS="700" HPOS="752"/>
<SP HEIGHT="52" WIDTH="24" VPOS="700" HPOS="826"/>
<String CONTENT="rev." HEIGHT="36" WIDTH="112" VPOS="718" HPOS="851"/>
<SP HEIGHT="36" WIDTH="25" VPOS="718" HPOS="964"/>
<String CONTENT="and" HEIGHT="52" WIDTH="113" VPOS="701" HPOS="990"/>
<SP HEIGHT="53" WIDTH="25" VPOS="701" HPOS="1104"/>
<String CONTENT="enl." HEIGHT="53" WIDTH="106" VPOS="701" HPOS="1130"/>
<SP HEIGHT="35" WIDTH="28" VPOS="719" HPOS="1237"/>
<String CONTENT="ed.," HEIGHT="67" WIDTH="101" VPOS="702" HPOS="1266"/>
<SP HEIGHT="67" WIDTH="22" VPOS="702" HPOS="1368"/>
<String CONTENT="by" HEIGHT="68" WIDTH="75" VPOS="702" HPOS="1391"/>
<SP HEIGHT="68" WIDTH="23" VPOS="702" HPOS="1467"/>
<String CONTENT="John" HEIGHT="55" WIDTH="155" VPOS="702" HPOS="1491"/>
<SP HEIGHT="53" WIDTH="25" VPOS="703" HPOS="1647"/>
<String CONTENT="M." HEIGHT="55" WIDTH="79" VPOS="703" HPOS="1673"/>
<SP HEIGHT="54" WIDTH="24" VPOS="704" HPOS="1753"/>
<String CONTENT="Manly" HEIGHT="68" WIDTH="203" VPOS="703" HPOS="1778"/>
<SP HEIGHT="48" WIDTH="24" VPOS="723" HPOS="1982"/>
<String CONTENT="and" HEIGHT="52" WIDTH="112" VPOS="706" HPOS="2007"/>
<SP HEIGHT="53" WIDTH="27" VPOS="706" HPOS="2120"/>
<String CONTENT="Edith" HEIGHT="55" WIDTH="175" VPOS="706" HPOS="2148"/>
</TextLine>
<TextLine HEIGHT="75" WIDTH="1808" VPOS="774" HPOS="395" STYLEREFS="StyleId-455B2233-2DB6-40B5-A419-44C39D750252-" CS="1">
<String CS="1" CONTENT="Rickert." HEIGHT="55" WIDTH="194" VPOS="774" HPOS="395"/>
<SP HEIGHT="52" WIDTH="72" VPOS="778" HPOS="590"/>
<String CONTENT="New" HEIGHT="52" WIDTH="139" VPOS="778" HPOS="663"/>
<SP HEIGHT="53" WIDTH="29" VPOS="778" HPOS="803"/>
<String CONTENT="York," HEIGHT="68" WIDTH="178" VPOS="777" HPOS="833"/>
<SP HEIGHT="67" WIDTH="25" VPOS="778" HPOS="1012"/>
<String CONTENT="Harcourt," HEIGHT="67" WIDTH="308" VPOS="778" HPOS="1038"/>
<SP HEIGHT="64" WIDTH="29" VPOS="781" HPOS="1347"/>
<String CONTENT="Brace" HEIGHT="51" WIDTH="180" VPOS="781" HPOS="1377"/>
<SP HEIGHT="36" WIDTH="28" VPOS="796" HPOS="1558"/>
<String CONTENT="and" HEIGHT="52" WIDTH="111" VPOS="782" HPOS="1587"/>
<SP HEIGHT="52" WIDTH="28" VPOS="782" HPOS="1699"/>
<String CONTENT="company," HEIGHT="51" WIDTH="296" VPOS="798" HPOS="1728"/>
<SP HEIGHT="62" WIDTH="29" VPOS="787" HPOS="2025"/>
<String CONTENT="1935." HEIGHT="52" WIDTH="148" VPOS="786" HPOS="2055"/>
</TextLine>
<TextLine HEIGHT="49" WIDTH="460" VPOS="848" HPOS="409" STYLEREFS="StyleId-455B2233-2DB6-40B5-A419-44C39D750252-" CS="1">
<String CONTENT="xi," HEIGHT="49" WIDTH="64" VPOS="848" HPOS="409"/>
<SP HEIGHT="48" WIDTH="29" VPOS="849" HPOS="474"/>
<String CONTENT="556" HEIGHT="41" WIDTH="86" VPOS="848" HPOS="504"/>
<SP HEIGHT="48" WIDTH="27" VPOS="849" HPOS="591"/>
<String CONTENT="p." HEIGHT="37" WIDTH="43" VPOS="860" HPOS="619"/>
<SP HEIGHT="40" WIDTH="60" VPOS="850" HPOS="663"/>
<String CS="1" CONTENT="19&#189;" HEIGHT="40" WIDTH="55" VPOS="849" HPOS="724"/>
<String STYLE="superscript" CONTENT="cm" HEIGHT="21" WIDTH="45" VPOS="852" HPOS="810"/>
<String CONTENT="." HEIGHT="8" WIDTH="10" VPOS="882" HPOS="859"/>
</TextLine>
<TextLine HEIGHT="57" WIDTH="1912" VPOS="905" HPOS="412">
<String CONTENT="&#8220;A" HEIGHT="40" WIDTH="68" VPOS="905" HPOS="412"/>
<SP HEIGHT="41" WIDTH="29" VPOS="905" HPOS="481"/>
<String CONTENT="select" HEIGHT="41" WIDTH="146" VPOS="906" HPOS="511"/>
<SP HEIGHT="40" WIDTH="31" VPOS="906" HPOS="658"/>
<String CONTENT="bibliography" HEIGHT="49" WIDTH="335" VPOS="906" HPOS="690"/>
<SP HEIGHT="37" WIDTH="30" VPOS="918" HPOS="1026"/>
<String CONTENT="of" HEIGHT="41" WIDTH="51" VPOS="907" HPOS="1057"/>
<SP HEIGHT="40" WIDTH="29" VPOS="907" HPOS="1109"/>
<String CONTENT="contemporary" HEIGHT="46" WIDTH="367" VPOS="911" HPOS="1139"/>
<SP HEIGHT="38" WIDTH="28" VPOS="919" HPOS="1507"/>
<String CONTENT="social," HEIGHT="49" WIDTH="165" VPOS="908" HPOS="1536"/>
<SP HEIGHT="38" WIDTH="30" VPOS="920" HPOS="1702"/>
<String CONTENT="political," HEIGHT="49" WIDTH="232" VPOS="909" HPOS="1733"/>
<SP HEIGHT="38" WIDTH="31" VPOS="920" HPOS="1966"/>
<String CONTENT="and" HEIGHT="40" WIDTH="93" VPOS="911" HPOS="1998"/>
<SP HEIGHT="40" WIDTH="34" VPOS="911" HPOS="2092"/>
<String CONTENT="literary" HEIGHT="51" WIDTH="197" VPOS="911" HPOS="2127"/>
</TextLine>
<TextLine HEIGHT="51" WIDTH="598" VPOS="962" HPOS="341" CS="1">
<String CONTENT="history&#8221;:" HEIGHT="49" WIDTH="243" VPOS="962" HPOS="341"/>
<SP HEIGHT="39" WIDTH="31" VPOS="972" HPOS="585"/>
<String CONTENT="p." HEIGHT="39" WIDTH="41" VPOS="972" HPOS="617"/>
<SP HEIGHT="30" WIDTH="33" VPOS="983" HPOS="659"/>
<String CS="1" CONTENT="[525]-529." HEIGHT="51" WIDTH="231" VPOS="962" HPOS="708"/>
</TextLine>
<TextLine HEIGHT="58" WIDTH="1985" VPOS="1016" HPOS="337" CS="1">
<String CONTENT="&#169;" HEIGHT="53" WIDTH="54" VPOS="1016" HPOS="337"/>
<SP HEIGHT="53" WIDTH="26" VPOS="1016" HPOS="392"/>
<String CONTENT="Oct." HEIGHT="41" WIDTH="102" VPOS="1020" HPOS="419"/>
<SP HEIGHT="39" WIDTH="28" VPOS="1022" HPOS="522"/>
<String CONTENT="1," HEIGHT="45" WIDTH="38" VPOS="1022" HPOS="551"/>
<SP HEIGHT="45" WIDTH="28" VPOS="1022" HPOS="590"/>
<String CONTENT="1935;" HEIGHT="48" WIDTH="140" VPOS="1020" HPOS="619"/>
<SP HEIGHT="47" WIDTH="29" VPOS="1021" HPOS="760"/>
<String CONTENT="2c." HEIGHT="40" WIDTH="65" VPOS="1021" HPOS="790"/>
<SP HEIGHT="41" WIDTH="30" VPOS="1020" HPOS="856"/>
<String CONTENT="Oct." HEIGHT="41" WIDTH="102" VPOS="1020" HPOS="887"/>
<SP HEIGHT="40" WIDTH="24" VPOS="1022" HPOS="990"/>
<String CONTENT="7;" HEIGHT="46" WIDTH="55" VPOS="1022" HPOS="1015"/>
<SP HEIGHT="37" WIDTH="28" VPOS="1031" HPOS="1071"/>
<String CONTENT="aff." HEIGHT="41" WIDTH="83" VPOS="1021" HPOS="1100"/>
<SP HEIGHT="40" WIDTH="29" VPOS="1022" HPOS="1184"/>
<String CONTENT="Oct." HEIGHT="40" WIDTH="102" VPOS="1022" HPOS="1214"/>
<SP HEIGHT="40" WIDTH="28" VPOS="1021" HPOS="1317"/>
<String CS="1" CONTENT="9;" HEIGHT="40" WIDTH="27" VPOS="1021" HPOS="1346"/>
<SP HEIGHT="45" WIDTH="30" VPOS="1023" HPOS="1400"/>
<!-- cceid 94A0E62E-6D82-1014-B070-FDFD250A9EDA --><String CONTENT="A" HEIGHT="38" WIDTH="40" VPOS="1023" HPOS="1431"/>
<SP HEIGHT="41" WIDTH="29" VPOS="1022" HPOS="1472"/>
<String CONTENT="87554;" HEIGHT="47" WIDTH="169" VPOS="1022" HPOS="1502"/>
<SP HEIGHT="45" WIDTH="32" VPOS="1024" HPOS="1672"/>
<String CONTENT="Harcourt," HEIGHT="46" WIDTH="261" VPOS="1024" HPOS="1705"/>
<SP HEIGHT="46" WIDTH="30" VPOS="1024" HPOS="1967"/>
<String CONTENT="Brace" HEIGHT="42" WIDTH="154" VPOS="1024" HPOS="1998"/>
<SP HEIGHT="41" WIDTH="28" VPOS="1025" HPOS="2153"/>
<String CONTENT="&amp;" HEIGHT="40" WIDTH="35" VPOS="1025" HPOS="2182"/>
<SP HEIGHT="41" WIDTH="26" VPOS="1025" HPOS="2218"/>
<String CONTENT="co.," HEIGHT="40" WIDTH="77" VPOS="1034" HPOS="2245"/>
</TextLine>
<TextLine HEIGHT="52" WIDTH="1366" VPOS="1077" HPOS="403" CS="1">
<String CONTENT="inc." HEIGHT="40" WIDTH="89" VPOS="1078" HPOS="403"/>
<SP HEIGHT="30" WIDTH="61" VPOS="1097" HPOS="493"/>
<String CONTENT="[Copyright" HEIGHT="49" WIDTH="282" VPOS="1078" HPOS="555"/>
<SP HEIGHT="41" WIDTH="30" VPOS="1078" HPOS="838"/>
<String CONTENT="is" HEIGHT="40" WIDTH="40" VPOS="1078" HPOS="869"/>
<SP HEIGHT="31" WIDTH="31" VPOS="1088" HPOS="910"/>
<String CONTENT="claimed" HEIGHT="42" WIDTH="206" VPOS="1077" HPOS="942"/>
<SP HEIGHT="39" WIDTH="31" VPOS="1079" HPOS="1149"/>
<String CONTENT="on" HEIGHT="29" WIDTH="61" VPOS="1088" HPOS="1181"/>
<SP HEIGHT="30" WIDTH="31" VPOS="1089" HPOS="1243"/>
<String CONTENT="complete" HEIGHT="48" WIDTH="234" VPOS="1079" HPOS="1275"/>
<SP HEIGHT="29" WIDTH="33" VPOS="1090" HPOS="1510"/>
<String CONTENT="revision]" HEIGHT="51" WIDTH="225" VPOS="1078" HPOS="1544"/>
</TextLine>
<TextLine HEIGHT="49" WIDTH="280" VPOS="1134" HPOS="416">
<String CONTENT="(35-18933)" HEIGHT="49" WIDTH="280" VPOS="1134" HPOS="416"/>
</TextLine>
<TextLine HEIGHT="64" WIDTH="866" VPOS="1238" HPOS="337" STYLEREFS="StyleId-366EFC2C-2875-458E-ABC0-A79D4E294B9F-">
<String CONTENT="Masters," HEIGHT="63" WIDTH="277" VPOS="1239" HPOS="337"/>
<SP HEIGHT="64" WIDTH="26" VPOS="1238" HPOS="615"/>
<String CONTENT="Edgar" HEIGHT="64" WIDTH="202" VPOS="1238" HPOS="642"/>
<SP HEIGHT="53" WIDTH="23" VPOS="1238" HPOS="845"/>
<String CONTENT="Lee," HEIGHT="63" WIDTH="134" VPOS="1238" HPOS="869"/>
<SP HEIGHT="58" WIDTH="27" VPOS="1243" HPOS="1004"/>
<String CONTENT="1868-" HEIGHT="51" WIDTH="171" VPOS="1243" HPOS="1032"/>
</TextLine>
<TextLine HEIGHT="72" WIDTH="1856" VPOS="1313" HPOS="464" STYLEREFS="StyleId-455B2233-2DB6-40B5-A419-44C39D750252-" CS="1">
<String CS="1" CONTENT="Vachel" HEIGHT="52" WIDTH="157" VPOS="1315" HPOS="464"/>
<SP HEIGHT="53" WIDTH="28" VPOS="1315" HPOS="622"/>
<String CONTENT="Lindsay," HEIGHT="70" WIDTH="273" VPOS="1313" HPOS="651"/>
<SP HEIGHT="48" WIDTH="30" VPOS="1334" HPOS="925"/>
<String CONTENT="a" HEIGHT="34" WIDTH="31" VPOS="1334" HPOS="956"/>
<SP HEIGHT="50" WIDTH="31" VPOS="1333" HPOS="988"/>
<String CONTENT="poet" HEIGHT="62" WIDTH="132" VPOS="1321" HPOS="1020"/>
<SP HEIGHT="53" WIDTH="29" VPOS="1315" HPOS="1153"/>
<String CONTENT="in" HEIGHT="53" WIDTH="60" VPOS="1315" HPOS="1183"/>
<SP HEIGHT="52" WIDTH="28" VPOS="1317" HPOS="1244"/>
<String CONTENT="America," HEIGHT="68" WIDTH="285" VPOS="1315" HPOS="1273"/>
<SP HEIGHT="67" WIDTH="27" VPOS="1316" HPOS="1559"/>
<String CONTENT="by" HEIGHT="68" WIDTH="74" VPOS="1316" HPOS="1587"/>
<SP HEIGHT="66" WIDTH="31" VPOS="1318" HPOS="1662"/>
<String CONTENT="Edgar" HEIGHT="68" WIDTH="199" VPOS="1317" HPOS="1694"/>
<SP HEIGHT="51" WIDTH="30" VPOS="1319" HPOS="1894"/>
<String CONTENT="Lee" HEIGHT="52" WIDTH="109" VPOS="1319" HPOS="1925"/>
<SP HEIGHT="53" WIDTH="29" VPOS="1319" HPOS="2035"/>
<String CONTENT="Masters." HEIGHT="54" WIDTH="255" VPOS="1319" HPOS="2065"/>
</TextLine>
<TextLine HEIGHT="69" WIDTH="1415" VPOS="1392" HPOS="335" STYLEREFS="StyleId-455B2233-2DB6-40B5-A419-44C39D750252-">
<String CONTENT="New" HEIGHT="52" WIDTH="137" VPOS="1394" HPOS="335"/>
<SP HEIGHT="53" WIDTH="28" VPOS="1393" HPOS="473"/>
<String CONTENT="York," HEIGHT="69" WIDTH="179" VPOS="1392" HPOS="502"/>
<SP HEIGHT="67" WIDTH="24" VPOS="1394" HPOS="682"/>
<String CONTENT="London," HEIGHT="65" WIDTH="257" VPOS="1394" HPOS="707"/>
<SP HEIGHT="66" WIDTH="27" VPOS="1393" HPOS="965"/>
<String CONTENT="C." HEIGHT="56" WIDTH="62" VPOS="1393" HPOS="993"/>
<SP HEIGHT="55" WIDTH="29" VPOS="1394" HPOS="1056"/>
<String CONTENT="Scribner&#8217;s" HEIGHT="57" WIDTH="311" VPOS="1392" HPOS="1086"/>
<SP HEIGHT="34" WIDTH="25" VPOS="1413" HPOS="1398"/>
<String CONTENT="sons," HEIGHT="42" WIDTH="146" VPOS="1412" HPOS="1424"/>
<SP HEIGHT="53" WIDTH="29" VPOS="1401" HPOS="1571"/>
<String CONTENT="1935." HEIGHT="49" WIDTH="149" VPOS="1399" HPOS="1601"/>
</TextLine>
<TextLine HEIGHT="49" WIDTH="1206" VPOS="1465" HPOS="407" CS="1">
<String CONTENT="ix" HEIGHT="40" WIDTH="52" VPOS="1465" HPOS="407"/>
<SP HEIGHT="39" WIDTH="21" VPOS="1474" HPOS="460"/>
<String CONTENT="p.," HEIGHT="40" WIDTH="57" VPOS="1474" HPOS="482"/>
<SP HEIGHT="47" WIDTH="27" VPOS="1467" HPOS="540"/>
<String CONTENT="2" HEIGHT="38" WIDTH="26" VPOS="1467" HPOS="568"/>
<SP HEIGHT="39" WIDTH="23" VPOS="1466" HPOS="595"/>
<String CS="1" CONTENT="l.," HEIGHT="18" WIDTH="24" VPOS="1496" HPOS="641"/>
<SP HEIGHT="48" WIDTH="21" VPOS="1466" HPOS="666"/>
<String CONTENT="392" HEIGHT="41" WIDTH="88" VPOS="1465" HPOS="688"/>
<SP HEIGHT="49" WIDTH="23" VPOS="1465" HPOS="777"/>
<String CONTENT="p." HEIGHT="38" WIDTH="41" VPOS="1476" HPOS="801"/>
<SP HEIGHT="40" WIDTH="58" VPOS="1465" HPOS="843"/>
<String CONTENT="front.," HEIGHT="48" WIDTH="163" VPOS="1465" HPOS="902"/>
<SP HEIGHT="38" WIDTH="25" VPOS="1476" HPOS="1066"/>
<String CONTENT="plates," HEIGHT="48" WIDTH="170" VPOS="1466" HPOS="1092"/>
<SP HEIGHT="38" WIDTH="26" VPOS="1476" HPOS="1263"/>
<String CONTENT="ports." HEIGHT="46" WIDTH="147" VPOS="1468" HPOS="1290"/>
<SP HEIGHT="38" WIDTH="59" VPOS="1467" HPOS="1438"/>
<String CONTENT="22" HEIGHT="40" WIDTH="55" VPOS="1465" HPOS="1498"/>
<String STYLE="superscript" CONTENT="cm" HEIGHT="21" WIDTH="43" VPOS="1469" HPOS="1557"/>
<String CONTENT="." HEIGHT="10" WIDTH="9" VPOS="1498" HPOS="1604"/>
</TextLine>
<TextLine HEIGHT="54" WIDTH="1988" VPOS="1519" HPOS="332">
<String CONTENT="&#169;" HEIGHT="54" WIDTH="56" VPOS="1519" HPOS="332"/>
<SP HEIGHT="54" WIDTH="36" VPOS="1519" HPOS="389"/>
<String CONTENT="Sept." HEIGHT="47" WIDTH="127" VPOS="1524" HPOS="426"/>
<SP HEIGHT="39" WIDTH="33" VPOS="1524" HPOS="554"/>
<String CONTENT="27," HEIGHT="47" WIDTH="69" VPOS="1524" HPOS="588"/>
<SP HEIGHT="47" WIDTH="36" VPOS="1524" HPOS="658"/>
<String CONTENT="1935;" HEIGHT="47" WIDTH="139" VPOS="1522" HPOS="695"/>
<SP HEIGHT="47" WIDTH="36" VPOS="1522" HPOS="835"/>
<String CONTENT="2c." HEIGHT="42" WIDTH="66" VPOS="1522" HPOS="872"/>
<SP HEIGHT="30" WIDTH="34" VPOS="1534" HPOS="939"/>
<String CONTENT="and" HEIGHT="39" WIDTH="96" VPOS="1524" HPOS="974"/>
<SP HEIGHT="39" WIDTH="35" VPOS="1524" HPOS="1071"/>
<String CONTENT="aff." HEIGHT="40" WIDTH="82" VPOS="1523" HPOS="1107"/>
<SP HEIGHT="41" WIDTH="37" VPOS="1522" HPOS="1190"/>
<String CONTENT="Oct." HEIGHT="41" WIDTH="101" VPOS="1522" HPOS="1228"/>
<SP HEIGHT="38" WIDTH="37" VPOS="1524" HPOS="1330"/>
<String CONTENT="11;" HEIGHT="45" WIDTH="80" VPOS="1524" HPOS="1368"/>
<SP HEIGHT="44" WIDTH="38" VPOS="1525" HPOS="1449"/>
<!-- cceid 94A1339B-6D82-1014-B070-FDFD250A9EDA --><String CONTENT="A" HEIGHT="37" WIDTH="38" VPOS="1525" HPOS="1488"/>
<SP HEIGHT="40" WIDTH="36" VPOS="1524" HPOS="1527"/>
<String CONTENT="87592;" HEIGHT="47" WIDTH="169" VPOS="1523" HPOS="1564"/>
<SP HEIGHT="45" WIDTH="38" VPOS="1525" HPOS="1734"/>
<String CONTENT="E." HEIGHT="38" WIDTH="53" VPOS="1525" HPOS="1773"/>
<SP HEIGHT="38" WIDTH="35" VPOS="1525" HPOS="1827"/>
<String CONTENT="L." HEIGHT="39" WIDTH="48" VPOS="1525" HPOS="1863"/>
<SP HEIGHT="39" WIDTH="36" VPOS="1525" HPOS="1912"/>
<String CONTENT="Masters," HEIGHT="46" WIDTH="223" VPOS="1525" HPOS="1949"/>
<SP HEIGHT="45" WIDTH="35" VPOS="1526" HPOS="2173"/>
<String CONTENT="New" HEIGHT="40" WIDTH="111" VPOS="1526" HPOS="2209"/>
</TextLine>
<TextLine HEIGHT="51" WIDTH="495" VPOS="1578" HPOS="398">
<String CONTENT="York." HEIGHT="40" WIDTH="143" VPOS="1581" HPOS="398"/>
<SP HEIGHT="48" WIDTH="70" VPOS="1581" HPOS="542"/>
<String CONTENT="(35-18940)" HEIGHT="51" WIDTH="280" VPOS="1578" HPOS="613"/>
</TextLine>
<TextLine HEIGHT="65" WIDTH="754" VPOS="1682" HPOS="357" STYLEREFS="StyleId-366EFC2C-2875-458E-ABC0-A79D4E294B9F-" CS="1">
<String CS="1" CONTENT="[Mearkle," HEIGHT="64" WIDTH="279" VPOS="1683" HPOS="357"/>
<SP HEIGHT="61" WIDTH="24" VPOS="1686" HPOS="637"/>
<String CONTENT="Mrs." HEIGHT="51" WIDTH="140" VPOS="1686" HPOS="662"/>
<SP HEIGHT="54" WIDTH="25" VPOS="1682" HPOS="803"/>
<String CONTENT="Annie" HEIGHT="55" WIDTH="193" VPOS="1682" HPOS="829"/>
<SP HEIGHT="54" WIDTH="22" VPOS="1683" HPOS="1023"/>
<String CS="1" CONTENT="L.]" HEIGHT="52" WIDTH="65" VPOS="1683" HPOS="1046"/>
</TextLine>
<TextLine HEIGHT="71" WIDTH="1913" VPOS="1758" HPOS="404" STYLEREFS="StyleId-455B2233-2DB6-40B5-A419-44C39D750252-" CS="1">
<String CONTENT="Moon" HEIGHT="54" WIDTH="172" VPOS="1759" HPOS="404"/>
<SP HEIGHT="54" WIDTH="37" VPOS="1758" HPOS="577"/>
<String CONTENT="in" HEIGHT="54" WIDTH="59" VPOS="1758" HPOS="615"/>
<SP HEIGHT="48" WIDTH="37" VPOS="1766" HPOS="675"/>
<String CONTENT="the" HEIGHT="53" WIDTH="95" VPOS="1761" HPOS="713"/>
<SP HEIGHT="35" WIDTH="38" VPOS="1777" HPOS="809"/>
<String CONTENT="city," HEIGHT="69" WIDTH="132" VPOS="1759" HPOS="848"/>
<SP HEIGHT="69" WIDTH="33" VPOS="1759" HPOS="981"/>
<String CONTENT="by" HEIGHT="69" WIDTH="77" VPOS="1759" HPOS="1015"/>
<SP HEIGHT="67" WIDTH="36" VPOS="1761" HPOS="1093"/>
<String CONTENT="Angela" HEIGHT="69" WIDTH="224" VPOS="1759" HPOS="1130"/>
<SP HEIGHT="53" WIDTH="36" VPOS="1760" HPOS="1355"/>
<String CONTENT="Marco" HEIGHT="56" WIDTH="198" VPOS="1760" HPOS="1392"/>
<SP HEIGHT="47" WIDTH="42" VPOS="1781" HPOS="1591"/>
<String CS="1" CONTENT="[pseud.]" HEIGHT="67" WIDTH="214" VPOS="1761" HPOS="1651"/>
<SP HEIGHT="64" WIDTH="78" VPOS="1764" HPOS="1866"/>
<String CONTENT="Brattleboro," HEIGHT="68" WIDTH="372" VPOS="1761" HPOS="1945"/>
</TextLine>
<TextLine HEIGHT="68" WIDTH="791" VPOS="1838" HPOS="334" STYLEREFS="StyleId-455B2233-2DB6-40B5-A419-44C39D750252-" CS="1">
<String CONTENT="Vt.," HEIGHT="66" WIDTH="113" VPOS="1840" HPOS="334"/>
<SP HEIGHT="68" WIDTH="26" VPOS="1838" HPOS="448"/>
<String CONTENT="S." HEIGHT="56" WIDTH="57" VPOS="1838" HPOS="475"/>
<SP HEIGHT="53" WIDTH="25" VPOS="1839" HPOS="533"/>
<String CONTENT="Daye" HEIGHT="67" WIDTH="163" VPOS="1839" HPOS="559"/>
<SP HEIGHT="49" WIDTH="23" VPOS="1857" HPOS="723"/>
<String CONTENT="press" HEIGHT="49" WIDTH="155" VPOS="1857" HPOS="747"/>
<SP HEIGHT="48" WIDTH="30" VPOS="1858" HPOS="903"/>
<String CS="1" CONTENT="["/>
<String STYLE="superscript" CONTENT="c" HEIGHT="22" WIDTH="18" VPOS="1844" HPOS="951"/>
<String CONTENT="1935]" HEIGHT="64" WIDTH="151" VPOS="1842" HPOS="974"/>
</TextLine>
<TextLine HEIGHT="50" WIDTH="650" VPOS="1909" HPOS="405" CS="1">
<String CONTENT="6" HEIGHT="40" WIDTH="27" VPOS="1911" HPOS="405"/>
<SP HEIGHT="48" WIDTH="26" VPOS="1911" HPOS="433"/>
<String CS="1" CONTENT="p."/>
<SP/>
<String CS="1" CONTENT="l.," HEIGHT="16" WIDTH="8" VPOS="1942" HPOS="566"/>
<SP HEIGHT="47" WIDTH="29" VPOS="1911" HPOS="575"/>
<String CONTENT="15-118" HEIGHT="42" WIDTH="173" VPOS="1910" HPOS="605"/>
<SP HEIGHT="48" WIDTH="26" VPOS="1911" HPOS="779"/>
<String CONTENT="p." HEIGHT="38" WIDTH="42" VPOS="1921" HPOS="806"/>
<SP HEIGHT="41" WIDTH="58" VPOS="1909" HPOS="849"/>
<String CS="1" CONTENT="21&#189;" HEIGHT="41" WIDTH="55" VPOS="1909" HPOS="908"/>
<String STYLE="superscript" CONTENT="cm" HEIGHT="23" WIDTH="45" VPOS="1912" HPOS="996"/>
<String CONTENT="." HEIGHT="9" WIDTH="10" VPOS="1944" HPOS="1045"/>
</TextLine>
<TextLine HEIGHT="41" WIDTH="184" VPOS="1968" HPOS="405">
<String CONTENT="Poems." HEIGHT="41" WIDTH="184" VPOS="1968" HPOS="405"/>
</TextLine>
<TextLine HEIGHT="53" WIDTH="1985" VPOS="2021" HPOS="329" CS="1">
<String CONTENT="&#169;" HEIGHT="53" WIDTH="54" VPOS="2021" HPOS="329"/>
<SP HEIGHT="53" WIDTH="26" VPOS="2021" HPOS="384"/>
<String CONTENT="Sept." HEIGHT="48" WIDTH="126" VPOS="2026" HPOS="411"/>
<SP HEIGHT="40" WIDTH="27" VPOS="2026" HPOS="538"/>
<String CONTENT="3," HEIGHT="46" WIDTH="40" VPOS="2026" HPOS="566"/>
<SP HEIGHT="46" WIDTH="26" VPOS="2026" HPOS="607"/>
<String CS="1" CONTENT="1935;" HEIGHT="41" WIDTH="114" VPOS="2024" HPOS="634"/>
<SP HEIGHT="41" WIDTH="29" VPOS="2025" HPOS="776"/>
<String CONTENT="2c." HEIGHT="40" WIDTH="66" VPOS="2025" HPOS="806"/>
<SP HEIGHT="40" WIDTH="28" VPOS="2025" HPOS="873"/>
<String CONTENT="Sept." HEIGHT="49" WIDTH="127" VPOS="2025" HPOS="902"/>
<SP HEIGHT="39" WIDTH="26" VPOS="2026" HPOS="1030"/>
<String CS="1" CONTENT="5;" HEIGHT="39" WIDTH="26" VPOS="2026" HPOS="1057"/>
<SP HEIGHT="31" WIDTH="30" VPOS="2035" HPOS="1111"/>
<String CONTENT="aff." HEIGHT="40" WIDTH="79" VPOS="2024" HPOS="1142"/>
<SP HEIGHT="40" WIDTH="33" VPOS="2025" HPOS="1222"/>
<String CONTENT="Sept." HEIGHT="47" WIDTH="127" VPOS="2025" HPOS="1256"/>
<SP HEIGHT="39" WIDTH="28" VPOS="2025" HPOS="1384"/>
<String CONTENT="7;" HEIGHT="44" WIDTH="52" VPOS="2025" HPOS="1413"/>
<SP HEIGHT="44" WIDTH="30" VPOS="2025" HPOS="1466"/>
<!-- cceid 94A17BC6-6D82-1014-B070-FDFD250A9EDA --><String CONTENT="A" HEIGHT="38" WIDTH="40" VPOS="2025" HPOS="1497"/>
<SP HEIGHT="40" WIDTH="27" VPOS="2024" HPOS="1538"/>
<String CS="1" CONTENT="86459;" HEIGHT="41" WIDTH="144" VPOS="2023" HPOS="1566"/>
<SP HEIGHT="41" WIDTH="36" VPOS="2024" HPOS="1735"/>
<String CONTENT="Stephen" HEIGHT="48" WIDTH="209" VPOS="2024" HPOS="1772"/>
<SP HEIGHT="37" WIDTH="27" VPOS="2026" HPOS="1982"/>
<String CONTENT="Daye" HEIGHT="46" WIDTH="135" VPOS="2026" HPOS="2010"/>
<SP HEIGHT="37" WIDTH="26" VPOS="2035" HPOS="2146"/>
<String CONTENT="press." HEIGHT="38" WIDTH="141" VPOS="2034" HPOS="2173"/>
</TextLine>
<TextLine HEIGHT="47" WIDTH="279" VPOS="2081" HPOS="408">
<String CONTENT="(35-18934)" HEIGHT="47" WIDTH="279" VPOS="2081" HPOS="408"/>
</TextLine>
<TextLine HEIGHT="66" WIDTH="958" VPOS="2176" HPOS="331" STYLEREFS="StyleId-455B2233-2DB6-40B5-A419-44C39D750252-">
<String CONTENT="Merillat," HEIGHT="64" WIDTH="275" VPOS="2178" HPOS="331"/>
<SP HEIGHT="63" WIDTH="25" VPOS="2179" HPOS="607"/>
<String CONTENT="Louis" HEIGHT="54" WIDTH="181" VPOS="2178" HPOS="633"/>
<SP HEIGHT="53" WIDTH="23" VPOS="2178" HPOS="815"/>
<String CONTENT="Adolph," HEIGHT="66" WIDTH="250" VPOS="2176" HPOS="839"/>
<SP HEIGHT="58" WIDTH="28" VPOS="2184" HPOS="1090"/>
<String CONTENT="1868-" HEIGHT="50" WIDTH="170" VPOS="2183" HPOS="1119"/>
</TextLine>
<TextLine HEIGHT="73" WIDTH="1854" VPOS="2251" HPOS="455" STYLEREFS="StyleId-455B2233-2DB6-40B5-A419-44C39D750252-" CS="1">
<String CS="1" CONTENT="Veterinary" HEIGHT="67" WIDTH="286" VPOS="2255" HPOS="455"/>
<SP HEIGHT="49" WIDTH="37" VPOS="2273" HPOS="742"/>
<String CONTENT="military" HEIGHT="70" WIDTH="257" VPOS="2254" HPOS="780"/>
<SP HEIGHT="69" WIDTH="41" VPOS="2255" HPOS="1038"/>
<String CONTENT="history" HEIGHT="68" WIDTH="220" VPOS="2254" HPOS="1080"/>
<SP HEIGHT="50" WIDTH="41" VPOS="2272" HPOS="1301"/>
<String CONTENT="of" HEIGHT="53" WIDTH="64" VPOS="2253" HPOS="1343"/>
<SP HEIGHT="53" WIDTH="37" VPOS="2253" HPOS="1408"/>
<String CONTENT="the" HEIGHT="51" WIDTH="95" VPOS="2255" HPOS="1446"/>
<SP HEIGHT="54" WIDTH="39" VPOS="2253" HPOS="1542"/>
<String CONTENT="United" HEIGHT="54" WIDTH="217" VPOS="2253" HPOS="1582"/>
<SP HEIGHT="57" WIDTH="44" VPOS="2251" HPOS="1800"/>
<String CONTENT="States;" HEIGHT="71" WIDTH="214" VPOS="2251" HPOS="1845"/>
<SP HEIGHT="50" WIDTH="44" VPOS="2272" HPOS="2060"/>
<String CONTENT="with" HEIGHT="53" WIDTH="137" VPOS="2253" HPOS="2105"/>
<SP HEIGHT="51" WIDTH="38" VPOS="2255" HPOS="2243"/>
<String CONTENT="a" HEIGHT="35" WIDTH="27" VPOS="2270" HPOS="2282"/>
</TextLine>
<TextLine HEIGHT="71" WIDTH="1983" VPOS="2329" HPOS="327" STYLEREFS="StyleId-455B2233-2DB6-40B5-A419-44C39D750252-">
<String CONTENT="brief" HEIGHT="53" WIDTH="150" VPOS="2331" HPOS="327"/>
<SP HEIGHT="52" WIDTH="53" VPOS="2332" HPOS="478"/>
<String CONTENT="record" HEIGHT="52" WIDTH="197" VPOS="2333" HPOS="532"/>
<SP HEIGHT="52" WIDTH="55" VPOS="2333" HPOS="730"/>
<String CONTENT="of" HEIGHT="53" WIDTH="63" VPOS="2331" HPOS="786"/>
<SP HEIGHT="53" WIDTH="51" VPOS="2331" HPOS="850"/>
<String CONTENT="the" HEIGHT="54" WIDTH="98" VPOS="2331" HPOS="902"/>
<SP HEIGHT="53" WIDTH="51" VPOS="2332" HPOS="1001"/>
<String CONTENT="development" HEIGHT="67" WIDTH="394" VPOS="2332" HPOS="1053"/>
<SP HEIGHT="47" WIDTH="54" VPOS="2336" HPOS="1448"/>
<String CONTENT="of" HEIGHT="54" WIDTH="65" VPOS="2329" HPOS="1503"/>
<SP HEIGHT="54" WIDTH="53" VPOS="2329" HPOS="1569"/>
<String CONTENT="veterinary" HEIGHT="70" WIDTH="324" VPOS="2330" HPOS="1623"/>
<SP HEIGHT="51" WIDTH="54" VPOS="2349" HPOS="1948"/>
<String CONTENT="education," HEIGHT="67" WIDTH="307" VPOS="2330" HPOS="2003"/>
</TextLine>
<TextLine HEIGHT="71" WIDTH="1984" VPOS="2407" HPOS="326" STYLEREFS="StyleId-455B2233-2DB6-40B5-A419-44C39D750252-" CS="1">
<String CONTENT="practice," HEIGHT="67" WIDTH="263" VPOS="2410" HPOS="326"/>
<SP HEIGHT="49" WIDTH="30" VPOS="2428" HPOS="590"/>
<String CONTENT="organization" HEIGHT="70" WIDTH="397" VPOS="2408" HPOS="621"/>
<SP HEIGHT="35" WIDTH="28" VPOS="2426" HPOS="1019"/>
<String CONTENT="and" HEIGHT="52" WIDTH="112" VPOS="2410" HPOS="1048"/>
<SP HEIGHT="53" WIDTH="29" VPOS="2409" HPOS="1161"/>
<String CONTENT="legislation" HEIGHT="69" WIDTH="327" VPOS="2408" HPOS="1191"/>
<SP HEIGHT="34" WIDTH="34" VPOS="2427" HPOS="1519"/>
<String CS="1" CONTENT="&#8230;"/>
<SP HEIGHT="53" WIDTH="34" VPOS="2408" HPOS="1611"/>
<String CONTENT="by" HEIGHT="69" WIDTH="73" VPOS="2408" HPOS="1646"/>
<SP HEIGHT="68" WIDTH="32" VPOS="2409" HPOS="1720"/>
<String CONTENT="Louis" HEIGHT="55" WIDTH="174" VPOS="2407" HPOS="1753"/>
<SP HEIGHT="52" WIDTH="30" VPOS="2410" HPOS="1928"/>
<String CONTENT="A." HEIGHT="53" WIDTH="71" VPOS="2410" HPOS="1959"/>
<SP HEIGHT="55" WIDTH="29" VPOS="2408" HPOS="2031"/>
<String CONTENT="Merillat" HEIGHT="54" WIDTH="249" VPOS="2408" HPOS="2061"/>
</TextLine>
<TextLine HEIGHT="72" WIDTH="1922" VPOS="2484" HPOS="386" STYLEREFS="StyleId-455B2233-2DB6-40B5-A419-44C39D750252-" CS="1">
<String CS="1" CONTENT="&#8230;"/>
<SP HEIGHT="33" WIDTH="45" VPOS="2507" HPOS="386"/>
<String CONTENT="and" HEIGHT="52" WIDTH="113" VPOS="2488" HPOS="432"/>
<SP HEIGHT="53" WIDTH="36" VPOS="2487" HPOS="546"/>
<String CONTENT="Del" HEIGHT="53" WIDTH="110" VPOS="2487" HPOS="583"/>
<SP HEIGHT="51" WIDTH="2" VPOS="2487" HPOS="694"/>
<String CONTENT="win" HEIGHT="52" WIDTH="113" VPOS="2486" HPOS="697"/>
<SP HEIGHT="52" WIDTH="36" VPOS="2486" HPOS="811"/>
<String CONTENT="M." HEIGHT="53" WIDTH="79" VPOS="2486" HPOS="848"/>
<SP HEIGHT="56" WIDTH="39" VPOS="2484" HPOS="928"/>
<String CONTENT="Campbell" HEIGHT="70" WIDTH="298" VPOS="2484" HPOS="968"/>
<SP HEIGHT="50" WIDTH="43" VPOS="2488" HPOS="1267"/>
<String CS="1" CONTENT="&#8230;"/>
<SP HEIGHT="33" WIDTH="43" VPOS="2505" HPOS="1368"/>
<String CONTENT="sponsored" HEIGHT="67" WIDTH="308" VPOS="2487" HPOS="1412"/>
<SP HEIGHT="53" WIDTH="36" VPOS="2486" HPOS="1721"/>
<String CONTENT="by" HEIGHT="70" WIDTH="76" VPOS="2486" HPOS="1758"/>
<SP HEIGHT="64" WIDTH="38" VPOS="2492" HPOS="1835"/>
<String CONTENT="the" HEIGHT="52" WIDTH="96" VPOS="2488" HPOS="1874"/>
<SP HEIGHT="54" WIDTH="38" VPOS="2486" HPOS="1971"/>
<String CONTENT="American" HEIGHT="55" WIDTH="298" VPOS="2485" HPOS="2010"/>
</TextLine>
<TextLine HEIGHT="70" WIDTH="1978" VPOS="2564" HPOS="330" STYLEREFS="StyleId-455B2233-2DB6-40B5-A419-44C39D750252-" CS="1">
<String CONTENT="veterinary" HEIGHT="65" WIDTH="323" VPOS="2568" HPOS="330"/>
<SP HEIGHT="49" WIDTH="40" VPOS="2584" HPOS="654"/>
<String CONTENT="medical" HEIGHT="52" WIDTH="238" VPOS="2566" HPOS="695"/>
<SP HEIGHT="52" WIDTH="46" VPOS="2566" HPOS="934"/>
<String CONTENT="association" HEIGHT="53" WIDTH="338" VPOS="2565" HPOS="981"/>
<SP HEIGHT="32" WIDTH="46" VPOS="2586" HPOS="1320"/>
<String CS="1" CONTENT="&#8230;"/>
<SP HEIGHT="33" WIDTH="82" VPOS="2584" HPOS="1422"/>
<String CONTENT="volume" HEIGHT="54" WIDTH="225" VPOS="2564" HPOS="1505"/>
<SP HEIGHT="47" WIDTH="42" VPOS="2571" HPOS="1731"/>
<String CONTENT="1." HEIGHT="49" WIDTH="45" VPOS="2571" HPOS="1774"/>
<SP HEIGHT="52" WIDTH="75" VPOS="2568" HPOS="1820"/>
<String CONTENT="Kansas" HEIGHT="52" WIDTH="223" VPOS="2568" HPOS="1896"/>
<SP HEIGHT="55" WIDTH="44" VPOS="2567" HPOS="2120"/>
<String CONTENT="City," HEIGHT="67" WIDTH="143" VPOS="2567" HPOS="2165"/>
</TextLine>
<TextLine HEIGHT="69" WIDTH="1336" VPOS="2643" HPOS="329" STYLEREFS="StyleId-455B2233-2DB6-40B5-A419-44C39D750252-">
<String CONTENT="Mo.," HEIGHT="64" WIDTH="132" VPOS="2647" HPOS="329"/>
<SP HEIGHT="64" WIDTH="26" VPOS="2647" HPOS="462"/>
<String CONTENT="The" HEIGHT="51" WIDTH="120" VPOS="2646" HPOS="489"/>
<SP HEIGHT="51" WIDTH="25" VPOS="2646" HPOS="610"/>
<String CONTENT="Haver-Glover" HEIGHT="55" WIDTH="436" VPOS="2643" HPOS="636"/>
<SP HEIGHT="50" WIDTH="26" VPOS="2647" HPOS="1073"/>
<String CONTENT="laboratories," HEIGHT="68" WIDTH="387" VPOS="2644" HPOS="1100"/>
<SP HEIGHT="64" WIDTH="29" VPOS="2648" HPOS="1488"/>
<String CONTENT="1935." HEIGHT="51" WIDTH="147" VPOS="2647" HPOS="1518"/>
</TextLine>
<TextLine HEIGHT="49" WIDTH="922" VPOS="2716" HPOS="392" CS="1">
<String CONTENT="620" HEIGHT="38" WIDTH="85" VPOS="2719" HPOS="392"/>
<SP HEIGHT="46" WIDTH="26" VPOS="2719" HPOS="478"/>
<String CONTENT="p." HEIGHT="36" WIDTH="42" VPOS="2729" HPOS="505"/>
<SP HEIGHT="39" WIDTH="59" VPOS="2718" HPOS="548"/>
<String CONTENT="illus." HEIGHT="38" WIDTH="125" VPOS="2718" HPOS="608"/>
<SP HEIGHT="47" WIDTH="29" VPOS="2717" HPOS="734"/>
<String CONTENT="(incl." HEIGHT="48" WIDTH="131" VPOS="2716" HPOS="764"/>
<SP HEIGHT="36" WIDTH="29" VPOS="2728" HPOS="896"/>
<String CONTENT="ports.)" HEIGHT="47" WIDTH="175" VPOS="2717" HPOS="926"/>
<SP HEIGHT="45" WIDTH="66" VPOS="2716" HPOS="1102"/>
<String CS="1" CONTENT="23&#189;" HEIGHT="39" WIDTH="55" VPOS="2716" HPOS="1169"/>
<String STYLE="superscript" CS="1" CONTENT="cm" HEIGHT="20" WIDTH="16" VPOS="2718" HPOS="1256"/>
<String CONTENT="." HEIGHT="9" WIDTH="8" VPOS="2746" HPOS="1306"/>
</TextLine>
<TextLine HEIGHT="53" WIDTH="1979" VPOS="2770" HPOS="328" CS="1">
<String CONTENT="&#169;" HEIGHT="53" WIDTH="54" VPOS="2770" HPOS="328"/>
<SP HEIGHT="53" WIDTH="22" VPOS="2770" HPOS="383"/>
<String CONTENT="Aug." HEIGHT="46" WIDTH="119" VPOS="2775" HPOS="406"/>
<SP HEIGHT="40" WIDTH="26" VPOS="2774" HPOS="526"/>
<String CONTENT="24," HEIGHT="46" WIDTH="69" VPOS="2774" HPOS="553"/>
<SP HEIGHT="45" WIDTH="26" VPOS="2775" HPOS="623"/>
<String CS="1" CONTENT="1935;" HEIGHT="41" WIDTH="113" VPOS="2772" HPOS="650"/>
<SP HEIGHT="41" WIDTH="28" VPOS="2772" HPOS="791"/>
<String CONTENT="2c." HEIGHT="40" WIDTH="66" VPOS="2772" HPOS="820"/>
<SP HEIGHT="29" WIDTH="27" VPOS="2783" HPOS="887"/>
<String CONTENT="and" HEIGHT="40" WIDTH="97" VPOS="2772" HPOS="915"/>
<SP HEIGHT="40" WIDTH="22" VPOS="2772" HPOS="1013"/>
<String CONTENT="aff." HEIGHT="41" WIDTH="83" VPOS="2771" HPOS="1036"/>
<SP HEIGHT="39" WIDTH="26" VPOS="2773" HPOS="1120"/>
<String CONTENT="Aug." HEIGHT="46" WIDTH="119" VPOS="2773" HPOS="1147"/>
<SP HEIGHT="40" WIDTH="25" VPOS="2771" HPOS="1267"/>
<String CONTENT="28;" HEIGHT="47" WIDTH="82" VPOS="2771" HPOS="1293"/>
<SP HEIGHT="46" WIDTH="28" VPOS="2772" HPOS="1376"/>
<!-- cceid 94A1C14B-6D82-1014-B070-FDFD250A9EDA --><String CONTENT="A" HEIGHT="39" WIDTH="41" VPOS="2772" HPOS="1405"/>
<SP HEIGHT="39" WIDTH="25" VPOS="2772" HPOS="1447"/>
<String CONTENT="85660;" HEIGHT="47" WIDTH="169" VPOS="2772" HPOS="1473"/>
<SP HEIGHT="47" WIDTH="30" VPOS="2772" HPOS="1643"/>
<String CONTENT="L." HEIGHT="40" WIDTH="48" VPOS="2772" HPOS="1674"/>
<SP HEIGHT="39" WIDTH="29" VPOS="2773" HPOS="1723"/>
<String CONTENT="A." HEIGHT="39" WIDTH="53" VPOS="2773" HPOS="1753"/>
<SP HEIGHT="38" WIDTH="28" VPOS="2774" HPOS="1807"/>
<String CONTENT="Merillat," HEIGHT="49" WIDTH="228" VPOS="2772" HPOS="1836"/>
<SP HEIGHT="48" WIDTH="28" VPOS="2773" HPOS="2065"/>
<String CONTENT="Chicago." HEIGHT="48" WIDTH="213" VPOS="2771" HPOS="2094"/>
</TextLine>
<TextLine HEIGHT="50" WIDTH="281" VPOS="2829" HPOS="402">
<String CONTENT="(35-18779)" HEIGHT="50" WIDTH="281" VPOS="2829" HPOS="402"/>
</TextLine>
<TextLine HEIGHT="69" WIDTH="1065" VPOS="2921" HPOS="327" STYLEREFS="StyleId-366EFC2C-2875-458E-ABC0-A79D4E294B9F-">
<String CONTENT="Militz," HEIGHT="65" WIDTH="205" VPOS="2924" HPOS="327"/>
<SP HEIGHT="61" WIDTH="27" VPOS="2928" HPOS="533"/>
<String CONTENT="Mrs." HEIGHT="51" WIDTH="138" VPOS="2928" HPOS="561"/>
<SP HEIGHT="53" WIDTH="27" VPOS="2924" HPOS="700"/>
<String CONTENT="Annie" HEIGHT="54" WIDTH="190" VPOS="2923" HPOS="728"/>
<SP HEIGHT="64" WIDTH="30" VPOS="2925" HPOS="919"/>
<String CONTENT="(Rix)" HEIGHT="69" WIDTH="174" VPOS="2921" HPOS="950"/>
<SP HEIGHT="67" WIDTH="32" VPOS="2923" HPOS="1125"/>
<String CONTENT="d." HEIGHT="54" WIDTH="53" VPOS="2924" HPOS="1158"/>
<SP HEIGHT="49" WIDTH="31" VPOS="2929" HPOS="1212"/>
<String CONTENT="1924." HEIGHT="52" WIDTH="148" VPOS="2927" HPOS="1244"/>
</TextLine>
<TextLine HEIGHT="70" WIDTH="1906" VPOS="2999" HPOS="397" STYLEREFS="StyleId-455B2233-2DB6-40B5-A419-44C39D750252-">
<String CONTENT="Primary" HEIGHT="67" WIDTH="268" VPOS="3002" HPOS="397"/>
<SP HEIGHT="67" WIDTH="24" VPOS="3002" HPOS="666"/>
<String CONTENT="lessons" HEIGHT="53" WIDTH="209" VPOS="3002" HPOS="691"/>
<SP HEIGHT="54" WIDTH="22" VPOS="3001" HPOS="901"/>
<String CONTENT="in" HEIGHT="52" WIDTH="61" VPOS="3001" HPOS="924"/>
<SP HEIGHT="56" WIDTH="24" VPOS="3001" HPOS="986"/>
<String CONTENT="Christian" HEIGHT="58" WIDTH="294" VPOS="2999" HPOS="1011"/>
<SP HEIGHT="50" WIDTH="24" VPOS="3002" HPOS="1306"/>
<String CONTENT="living" HEIGHT="68" WIDTH="184" VPOS="3000" HPOS="1331"/>
<SP HEIGHT="49" WIDTH="24" VPOS="3019" HPOS="1516"/>
<String CONTENT="and" HEIGHT="52" WIDTH="112" VPOS="3004" HPOS="1541"/>
<SP HEIGHT="53" WIDTH="23" VPOS="3003" HPOS="1654"/>
<String CONTENT="healing;" HEIGHT="68" WIDTH="257" VPOS="3001" HPOS="1678"/>
<SP HEIGHT="47" WIDTH="29" VPOS="3021" HPOS="1936"/>
<String CONTENT="a" HEIGHT="34" WIDTH="31" VPOS="3021" HPOS="1966"/>
<SP HEIGHT="48" WIDTH="24" VPOS="3007" HPOS="1998"/>
<String CONTENT="text" HEIGHT="48" WIDTH="119" VPOS="3007" HPOS="2023"/>
<SP HEIGHT="54" WIDTH="22" VPOS="3001" HPOS="2143"/>
<String CONTENT="book" HEIGHT="55" WIDTH="137" VPOS="2999" HPOS="2166"/>
</TextLine>
<TextLine HEIGHT="71" WIDTH="1970" VPOS="3077" HPOS="328" STYLEREFS="StyleId-455B2233-2DB6-40B5-A419-44C39D750252-">
<String CONTENT="of" HEIGHT="52" WIDTH="64" VPOS="3080" HPOS="328"/>
<SP HEIGHT="53" WIDTH="27" VPOS="3080" HPOS="393"/>
<String CONTENT="healing" HEIGHT="70" WIDTH="231" VPOS="3078" HPOS="421"/>
<SP HEIGHT="69" WIDTH="26" VPOS="3079" HPOS="653"/>
<String CONTENT="by" HEIGHT="68" WIDTH="75" VPOS="3079" HPOS="680"/>
<SP HEIGHT="62" WIDTH="29" VPOS="3085" HPOS="756"/>
<String CONTENT="the" HEIGHT="51" WIDTH="94" VPOS="3080" HPOS="786"/>
<SP HEIGHT="49" WIDTH="28" VPOS="3097" HPOS="881"/>
<String CONTENT="power" HEIGHT="49" WIDTH="190" VPOS="3097" HPOS="910"/>
<SP HEIGHT="35" WIDTH="28" VPOS="3096" HPOS="1101"/>
<String CONTENT="of" HEIGHT="53" WIDTH="64" VPOS="3078" HPOS="1130"/>
<SP HEIGHT="53" WIDTH="29" VPOS="3078" HPOS="1195"/>
<String CONTENT="truth" HEIGHT="51" WIDTH="160" VPOS="3080" HPOS="1225"/>
<SP HEIGHT="51" WIDTH="31" VPOS="3080" HPOS="1386"/>
<String CONTENT="as" HEIGHT="35" WIDTH="59" VPOS="3097" HPOS="1418"/>
<SP HEIGHT="46" WIDTH="30" VPOS="3086" HPOS="1478"/>
<String CONTENT="taught" HEIGHT="66" WIDTH="206" VPOS="3079" HPOS="1509"/>
<SP HEIGHT="48" WIDTH="30" VPOS="3083" HPOS="1716"/>
<String CONTENT="and" HEIGHT="52" WIDTH="112" VPOS="3080" HPOS="1747"/>
<SP HEIGHT="52" WIDTH="31" VPOS="3080" HPOS="1860"/>
<String CONTENT="demonstrated" HEIGHT="56" WIDTH="406" VPOS="3077" HPOS="1892"/>
</TextLine>
<TextLine HEIGHT="70" WIDTH="1973" VPOS="3155" HPOS="327" STYLEREFS="StyleId-455B2233-2DB6-40B5-A419-44C39D750252-">
<String CONTENT="by" HEIGHT="68" WIDTH="74" VPOS="3157" HPOS="327"/>
<SP HEIGHT="61" WIDTH="32" VPOS="3164" HPOS="402"/>
<String CONTENT="the" HEIGHT="52" WIDTH="96" VPOS="3158" HPOS="435"/>
<SP HEIGHT="52" WIDTH="30" VPOS="3158" HPOS="532"/>
<String CONTENT="Master" HEIGHT="52" WIDTH="216" VPOS="3158" HPOS="563"/>
<SP HEIGHT="51" WIDTH="29" VPOS="3158" HPOS="780"/>
<String CONTENT="Lord" HEIGHT="52" WIDTH="154" VPOS="3157" HPOS="810"/>
<SP HEIGHT="55" WIDTH="32" VPOS="3157" HPOS="965"/>
<String CONTENT="Jesus" HEIGHT="55" WIDTH="167" VPOS="3157" HPOS="998"/>
<SP HEIGHT="55" WIDTH="33" VPOS="3156" HPOS="1166"/>
<String CONTENT="Christ," HEIGHT="63" WIDTH="212" VPOS="3156" HPOS="1200"/>
<SP HEIGHT="63" WIDTH="32" VPOS="3156" HPOS="1413"/>
<String CONTENT="by" HEIGHT="67" WIDTH="72" VPOS="3156" HPOS="1446"/>
<SP HEIGHT="66" WIDTH="32" VPOS="3157" HPOS="1519"/>
<String CONTENT="Annie" HEIGHT="53" WIDTH="188" VPOS="3156" HPOS="1552"/>
<SP HEIGHT="53" WIDTH="33" VPOS="3156" HPOS="1741"/>
<String CONTENT="Rix" HEIGHT="53" WIDTH="113" VPOS="3156" HPOS="1775"/>
<SP HEIGHT="52" WIDTH="31" VPOS="3157" HPOS="1889"/>
<String CONTENT="Militz." HEIGHT="54" WIDTH="204" VPOS="3155" HPOS="1921"/>
<SP HEIGHT="53" WIDTH="70" VPOS="3156" HPOS="2126"/>
<String CONTENT="Los" HEIGHT="52" WIDTH="103" VPOS="3156" HPOS="2197"/>
</TextLine>
<TextLine HEIGHT="70" WIDTH="1188" VPOS="3233" HPOS="327" STYLEREFS="StyleId-455B2233-2DB6-40B5-A419-44C39D750252-" CS="1">
<String CONTENT="Angeles," HEIGHT="68" WIDTH="264" VPOS="3235" HPOS="327"/>
<SP HEIGHT="68" WIDTH="29" VPOS="3234" HPOS="592"/>
<String CONTENT="Calif.," HEIGHT="67" WIDTH="192" VPOS="3233" HPOS="622"/>
<SP HEIGHT="65" WIDTH="27" VPOS="3235" HPOS="815"/>
<String CS="1" CONTENT="DeVorss" HEIGHT="52" WIDTH="265" VPOS="3235" HPOS="843"/>
<SP HEIGHT="50" WIDTH="26" VPOS="3237" HPOS="1109"/>
<String CONTENT="&amp;" HEIGHT="50" WIDTH="46" VPOS="3237" HPOS="1136"/>
<SP HEIGHT="50" WIDTH="27" VPOS="3237" HPOS="1183"/>
<String CONTENT="co." HEIGHT="36" WIDTH="78" VPOS="3251" HPOS="1211"/>
<SP HEIGHT="32" WIDTH="33" VPOS="3268" HPOS="1290"/>
<String CS="1" CONTENT="[c1935]" HEIGHT="63" WIDTH="191" VPOS="3237" HPOS="1324"/>
</TextLine>
<TextLine HEIGHT="52" WIDTH="857" VPOS="3304" HPOS="396" CS="1">
<String CONTENT="1" HEIGHT="39" WIDTH="27" VPOS="3308" HPOS="396"/>
<SP HEIGHT="48" WIDTH="25" VPOS="3308" HPOS="424"/>
<String CS="1" CONTENT="p."/>
<SP/>
<String CS="1" CONTENT="l.," HEIGHT="17" WIDTH="9" VPOS="3338" HPOS="555"/>
<SP HEIGHT="37" WIDTH="24" VPOS="3318" HPOS="565"/>
<String CONTENT="v-xii," HEIGHT="49" WIDTH="146" VPOS="3305" HPOS="590"/>
<SP HEIGHT="47" WIDTH="26" VPOS="3307" HPOS="737"/>
<String CONTENT="183," HEIGHT="47" WIDTH="98" VPOS="3306" HPOS="764"/>
<SP HEIGHT="32" WIDTH="28" VPOS="3323" HPOS="863"/>
<String CONTENT="[17]" HEIGHT="49" WIDTH="85" VPOS="3306" HPOS="892"/>
<SP HEIGHT="39" WIDTH="25" VPOS="3316" HPOS="978"/>
<String CONTENT="p." HEIGHT="38" WIDTH="43" VPOS="3316" HPOS="1004"/>
<SP HEIGHT="39" WIDTH="59" VPOS="3306" HPOS="1048"/>
<String CS="1" CONTENT="19&#189;" HEIGHT="41" WIDTH="56" VPOS="3304" HPOS="1108"/>
<String STYLE="superscript" CONTENT="cm" HEIGHT="22" WIDTH="44" VPOS="3307" HPOS="1195"/>
<String CONTENT="." HEIGHT="8" WIDTH="8" VPOS="3338" HPOS="1245"/>
</TextLine>
<TextLine HEIGHT="50" WIDTH="754" VPOS="3361" HPOS="399">
<String CONTENT="&#8220;Eleventh" HEIGHT="40" WIDTH="266" VPOS="3364" HPOS="399"/>
<SP HEIGHT="39" WIDTH="28" VPOS="3364" HPOS="666"/>
<String CONTENT="edition," HEIGHT="50" WIDTH="196" VPOS="3361" HPOS="695"/>
<SP HEIGHT="39" WIDTH="30" VPOS="3372" HPOS="892"/>
<String CONTENT="revised.&#8221;" HEIGHT="42" WIDTH="230" VPOS="3361" HPOS="923"/>
</TextLine>
<TextLine HEIGHT="51" WIDTH="1136" VPOS="3417" HPOS="399">
<String CONTENT="&#8220;Index" HEIGHT="41" WIDTH="183" VPOS="3420" HPOS="399"/>
<SP HEIGHT="29" WIDTH="26" VPOS="3431" HPOS="583"/>
<String CONTENT="of" HEIGHT="41" WIDTH="53" VPOS="3419" HPOS="610"/>
<SP HEIGHT="40" WIDTH="24" VPOS="3419" HPOS="664"/>
<String CONTENT="Bible" HEIGHT="40" WIDTH="138" VPOS="3419" HPOS="689"/>
<SP HEIGHT="30" WIDTH="27" VPOS="3429" HPOS="828"/>
<String CONTENT="references&#8221;:" HEIGHT="42" WIDTH="327" VPOS="3417" HPOS="856"/>
<SP HEIGHT="38" WIDTH="28" VPOS="3428" HPOS="1184"/>
<String CONTENT="p." HEIGHT="38" WIDTH="44" VPOS="3428" HPOS="1213"/>
<SP HEIGHT="32" WIDTH="30" VPOS="3436" HPOS="1258"/>
<String CONTENT="[177]-183." HEIGHT="50" WIDTH="246" VPOS="3418" HPOS="1289"/>
</TextLine>
<TextLine HEIGHT="51" WIDTH="1386" VPOS="3473" HPOS="398">
<String CONTENT="&#8220;Question" HEIGHT="49" WIDTH="262" VPOS="3475" HPOS="398"/>
<SP HEIGHT="40" WIDTH="22" VPOS="3475" HPOS="661"/>
<String CONTENT="helps&#8221;," HEIGHT="49" WIDTH="178" VPOS="3475" HPOS="684"/>
<SP HEIGHT="48" WIDTH="22" VPOS="3475" HPOS="863"/>
<String CONTENT="by" HEIGHT="48" WIDTH="62" VPOS="3475" HPOS="886"/>
<SP HEIGHT="47" WIDTH="24" VPOS="3476" HPOS="949"/>
<String CONTENT="Mary" HEIGHT="46" WIDTH="140" VPOS="3476" HPOS="974"/>
<SP HEIGHT="47" WIDTH="23" VPOS="3475" HPOS="1115"/>
<String CONTENT="Deering" HEIGHT="48" WIDTH="211" VPOS="3473" HPOS="1139"/>
<SP HEIGHT="48" WIDTH="33" VPOS="3473" HPOS="1351"/>
<String CONTENT="([17]" HEIGHT="50" WIDTH="111" VPOS="3473" HPOS="1385"/>
<SP HEIGHT="39" WIDTH="26" VPOS="3484" HPOS="1497"/>
<String CONTENT="p." HEIGHT="38" WIDTH="42" VPOS="3484" HPOS="1524"/>
<SP HEIGHT="29" WIDTH="23" VPOS="3484" HPOS="1567"/>
<String CONTENT="at" HEIGHT="37" WIDTH="52" VPOS="3476" HPOS="1591"/>
<SP HEIGHT="37" WIDTH="23" VPOS="3476" HPOS="1644"/>
<String CONTENT="end)" HEIGHT="45" WIDTH="116" VPOS="3474" HPOS="1668"/>
</TextLine>
<TextLine HEIGHT="53" WIDTH="1782" VPOS="3530" HPOS="323" CS="1">
<String CONTENT="&#169;" HEIGHT="53" WIDTH="54" VPOS="3530" HPOS="323"/>
<SP HEIGHT="53" WIDTH="28" VPOS="3530" HPOS="378"/>
<String CONTENT="Apr." HEIGHT="47" WIDTH="111" VPOS="3535" HPOS="407"/>
<SP HEIGHT="40" WIDTH="33" VPOS="3533" HPOS="519"/>
<String CONTENT="12," HEIGHT="47" WIDTH="68" VPOS="3533" HPOS="553"/>
<SP HEIGHT="46" WIDTH="30" VPOS="3534" HPOS="622"/>
<String CS="1" CONTENT="1935;" HEIGHT="41" WIDTH="113" VPOS="3532" HPOS="653"/>
<SP HEIGHT="46" WIDTH="34" VPOS="3533" HPOS="793"/>
<String CONTENT="2c." HEIGHT="40" WIDTH="65" VPOS="3533" HPOS="828"/>
<SP HEIGHT="29" WIDTH="34" VPOS="3543" HPOS="894"/>
<String CONTENT="and" HEIGHT="38" WIDTH="97" VPOS="3534" HPOS="929"/>
<SP HEIGHT="38" WIDTH="29" VPOS="3534" HPOS="1027"/>
<String CONTENT="aff." HEIGHT="40" WIDTH="82" VPOS="3532" HPOS="1057"/>
<SP HEIGHT="39" WIDTH="32" VPOS="3532" HPOS="1140"/>
<String CONTENT="July" HEIGHT="47" WIDTH="116" VPOS="3532" HPOS="1173"/>
<SP HEIGHT="47" WIDTH="31" VPOS="3532" HPOS="1290"/>
<String CONTENT="29;" HEIGHT="48" WIDTH="82" VPOS="3530" HPOS="1322"/>
<SP HEIGHT="46" WIDTH="34" VPOS="3532" HPOS="1405"/>
<!-- cceid 94A20D52-6D82-1014-B070-FDFD250A9EDA --><String CONTENT="A" HEIGHT="38" WIDTH="40" VPOS="3532" HPOS="1440"/>
<SP HEIGHT="39" WIDTH="32" VPOS="3531" HPOS="1481"/>
<String CONTENT="85236;" HEIGHT="46" WIDTH="168" VPOS="3531" HPOS="1514"/>
<SP HEIGHT="45" WIDTH="34" VPOS="3532" HPOS="1683"/>
<String CONTENT="DeVorss" HEIGHT="39" WIDTH="225" VPOS="3531" HPOS="1718"/>
<SP HEIGHT="40" WIDTH="28" VPOS="3530" HPOS="1944"/>
<String CONTENT="&amp;" HEIGHT="40" WIDTH="37" VPOS="3530" HPOS="1973"/>
<SP HEIGHT="40" WIDTH="29" VPOS="3530" HPOS="2011"/>
<String CONTENT="co." HEIGHT="31" WIDTH="64" VPOS="3538" HPOS="2041"/>
</TextLine>
<TextLine HEIGHT="49" WIDTH="278" VPOS="3589" HPOS="401">
<String CONTENT="(35-18962)" HEIGHT="49" WIDTH="278" VPOS="3589" HPOS="401"/>
</TextLine>
<TextLine HEIGHT="66" WIDTH="965" VPOS="3682" HPOS="325" STYLEREFS="StyleId-366EFC2C-2875-458E-ABC0-A79D4E294B9F-">
<String CONTENT="Miller," HEIGHT="64" WIDTH="207" VPOS="3684" HPOS="325"/>
<SP HEIGHT="61" WIDTH="27" VPOS="3687" HPOS="533"/>
<String CONTENT="Mrs." HEIGHT="51" WIDTH="137" VPOS="3687" HPOS="561"/>
<SP HEIGHT="52" WIDTH="29" VPOS="3685" HPOS="699"/>
<String CONTENT="Francesca" HEIGHT="52" WIDTH="327" VPOS="3685" HPOS="729"/>
<SP HEIGHT="64" WIDTH="26" VPOS="3684" HPOS="1057"/>
<String CONTENT="(Falk)" HEIGHT="66" WIDTH="206" VPOS="3682" HPOS="1084"/>
</TextLine>
<TextLine HEIGHT="78" WIDTH="1895" VPOS="3749" HPOS="396" STYLEREFS="StyleId-455B2233-2DB6-40B5-A419-44C39D750252-">
<String CONTENT="&#8220;1812&#8221;," HEIGHT="68" WIDTH="222" VPOS="3757" HPOS="396"/>
<SP HEIGHT="62" WIDTH="30" VPOS="3763" HPOS="619"/>
<String CONTENT="the" HEIGHT="52" WIDTH="95" VPOS="3759" HPOS="650"/>
<SP HEIGHT="35" WIDTH="31" VPOS="3776" HPOS="746"/>
<String CONTENT="story" HEIGHT="64" WIDTH="155" VPOS="3763" HPOS="778"/>
<SP HEIGHT="51" WIDTH="33" VPOS="3776" HPOS="934"/>
<String CONTENT="of" HEIGHT="54" WIDTH="64" VPOS="3757" HPOS="968"/>
<SP HEIGHT="53" WIDTH="29" VPOS="3757" HPOS="1033"/>
<String CONTENT="the" HEIGHT="51" WIDTH="94" VPOS="3759" HPOS="1063"/>
<SP HEIGHT="34" WIDTH="33" VPOS="3776" HPOS="1158"/>
<String CONTENT="war" HEIGHT="34" WIDTH="119" VPOS="3775" HPOS="1192"/>
<SP HEIGHT="34" WIDTH="30" VPOS="3775" HPOS="1312"/>
<String CONTENT="of" HEIGHT="53" WIDTH="64" VPOS="3756" HPOS="1343"/>
<SP HEIGHT="53" WIDTH="35" VPOS="3756" HPOS="1408"/>
<String CONTENT="1812" HEIGHT="50" WIDTH="133" VPOS="3759" HPOS="1444"/>
<SP HEIGHT="53" WIDTH="31" VPOS="3756" HPOS="1578"/>
<String CONTENT="in" HEIGHT="52" WIDTH="58" VPOS="3756" HPOS="1610"/>
<SP HEIGHT="35" WIDTH="32" VPOS="3774" HPOS="1669"/>
<String CONTENT="song" HEIGHT="52" WIDTH="143" VPOS="3772" HPOS="1702"/>
<SP HEIGHT="52" WIDTH="31" VPOS="3772" HPOS="1846"/>
<String CONTENT="and" HEIGHT="52" WIDTH="111" VPOS="3755" HPOS="1878"/>
<SP HEIGHT="52" WIDTH="34" VPOS="3755" HPOS="1990"/>
<String CONTENT="story," HEIGHT="63" WIDTH="169" VPOS="3758" HPOS="2025"/>
<SP HEIGHT="68" WIDTH="27" VPOS="3749" HPOS="2195"/>
<String CONTENT="by" HEIGHT="66" WIDTH="68" VPOS="3749" HPOS="2223"/>
</TextLine>
<TextLine HEIGHT="69" WIDTH="1757" VPOS="3832" HPOS="321" STYLEREFS="StyleId-455B2233-2DB6-40B5-A419-44C39D750252-">
<String CONTENT="Francesca" HEIGHT="54" WIDTH="310" VPOS="3833" HPOS="321"/>
<SP HEIGHT="51" WIDTH="27" VPOS="3835" HPOS="632"/>
<String CONTENT="Falk" HEIGHT="52" WIDTH="150" VPOS="3834" HPOS="660"/>
<SP HEIGHT="52" WIDTH="21" VPOS="3834" HPOS="811"/>
<String CONTENT="Miller." HEIGHT="52" WIDTH="209" VPOS="3834" HPOS="833"/>
<SP HEIGHT="55" WIDTH="64" VPOS="3833" HPOS="1043"/>
<String CONTENT="Chicago," HEIGHT="68" WIDTH="269" VPOS="3833" HPOS="1108"/>
<SP HEIGHT="67" WIDTH="23" VPOS="3833" HPOS="1378"/>
<String CONTENT="W." HEIGHT="53" WIDTH="90" VPOS="3833" HPOS="1402"/>
<SP HEIGHT="52" WIDTH="27" VPOS="3833" HPOS="1493"/>
<String CONTENT="D." HEIGHT="52" WIDTH="72" VPOS="3833" HPOS="1521"/>
<SP HEIGHT="52" WIDTH="29" VPOS="3833" HPOS="1594"/>
<String CONTENT="Bauman," HEIGHT="64" WIDTH="278" VPOS="3833" HPOS="1624"/>
<SP HEIGHT="64" WIDTH="26" VPOS="3833" HPOS="1903"/>
<String CONTENT="1935." HEIGHT="50" WIDTH="148" VPOS="3832" HPOS="1930"/>
</TextLine>
<TextLine HEIGHT="50" WIDTH="361" VPOS="3904" HPOS="392" CS="1">
<String CONTENT="159" HEIGHT="42" WIDTH="85" VPOS="3904" HPOS="392"/>
<SP HEIGHT="48" WIDTH="27" VPOS="3906" HPOS="478"/>
<String CONTENT="p." HEIGHT="38" WIDTH="45" VPOS="3916" HPOS="506"/>
<SP HEIGHT="43" WIDTH="55" VPOS="3904" HPOS="552"/>
<String CS="1" CONTENT="23&#189;" HEIGHT="43" WIDTH="56" VPOS="3904" HPOS="608"/>
<String STYLE="superscript" CONTENT="cm" HEIGHT="21" WIDTH="44" VPOS="3908" HPOS="697"/>
<String CONTENT="." HEIGHT="9" WIDTH="9" VPOS="3937" HPOS="744"/>
</TextLine>
<TextLine HEIGHT="54" WIDTH="1966" VPOS="3959" HPOS="324">
<String CONTENT="&#169;" HEIGHT="53" WIDTH="54" VPOS="3960" HPOS="324"/>
<SP HEIGHT="53" WIDTH="24" VPOS="3960" HPOS="379"/>
<String CONTENT="Sept." HEIGHT="47" WIDTH="127" VPOS="3965" HPOS="404"/>
<SP HEIGHT="41" WIDTH="21" VPOS="3963" HPOS="532"/>
<String CONTENT="9," HEIGHT="47" WIDTH="40" VPOS="3963" HPOS="554"/>
<SP HEIGHT="44" WIDTH="24" VPOS="3966" HPOS="595"/>
<String CONTENT="1935;" HEIGHT="48" WIDTH="140" VPOS="3963" HPOS="620"/>
<SP HEIGHT="46" WIDTH="23" VPOS="3965" HPOS="761"/>
<String CONTENT="2c." HEIGHT="39" WIDTH="68" VPOS="3965" HPOS="785"/>
<SP HEIGHT="40" WIDTH="26" VPOS="3964" HPOS="854"/>
<String CONTENT="Sept." HEIGHT="48" WIDTH="127" VPOS="3964" HPOS="881"/>
<SP HEIGHT="41" WIDTH="22" VPOS="3963" HPOS="1009"/>
<String CONTENT="27;" HEIGHT="47" WIDTH="82" VPOS="3963" HPOS="1032"/>
<SP HEIGHT="35" WIDTH="26" VPOS="3975" HPOS="1115"/>
<String CONTENT="aff." HEIGHT="41" WIDTH="80" VPOS="3963" HPOS="1142"/>
<SP HEIGHT="40" WIDTH="29" VPOS="3964" HPOS="1223"/>
<String CONTENT="Sept." HEIGHT="47" WIDTH="126" VPOS="3964" HPOS="1253"/>
<SP HEIGHT="40" WIDTH="24" VPOS="3963" HPOS="1380"/>
<String CONTENT="30;" HEIGHT="46" WIDTH="82" VPOS="3963" HPOS="1405"/>
<SP HEIGHT="46" WIDTH="24" VPOS="3963" HPOS="1488"/>
<!-- cceid 94A25526-6D82-1014-B070-FDFD250A9EDA --><String CONTENT="A" HEIGHT="38" WIDTH="40" VPOS="3963" HPOS="1513"/>
<SP HEIGHT="39" WIDTH="24" VPOS="3963" HPOS="1554"/>
<String CONTENT="87297;" HEIGHT="46" WIDTH="169" VPOS="3962" HPOS="1579"/>
<SP HEIGHT="45" WIDTH="24" VPOS="3963" HPOS="1749"/>
<String CONTENT="Walter" HEIGHT="41" WIDTH="186" VPOS="3961" HPOS="1774"/>
<SP HEIGHT="39" WIDTH="24" VPOS="3961" HPOS="1961"/>
<String CONTENT="D." HEIGHT="37" WIDTH="53" VPOS="3961" HPOS="1986"/>
<SP HEIGHT="39" WIDTH="26" VPOS="3959" HPOS="2040"/>
<String CONTENT="Bauman." HEIGHT="39" WIDTH="223" VPOS="3959" HPOS="2067"/>
</TextLine>
<TextLine HEIGHT="41" WIDTH="280" VPOS="4019" HPOS="399">
<String CONTENT="(35-18987)" HEIGHT="41" WIDTH="280" VPOS="4019" HPOS="399"/>
</TextLine>
</TextBlock>
</PrintSpace>
</Page>
</Layout>
</alto>