2424 4375
1174 4078 135 48 1666

339 514 615 49 4 p. l. , 3-305 p. 19½ cm .
270 567 53 53 ©
345 572 115 39 Nov.
485 572 69 46 21,
578 570 112 41 1935
709 582 9 36 ;
743 570 67 41 2c.
834 572 114 39 Nov.
973 572 56 40 23
1046 582 9 36 ;
1082 572 82 41 aff.
1188 573 119 41 Nov.
1331 574 55 39 22
1404 585 8 36 ;
1438 575 41 38 A
1503 574 146 41 89590
1664 586 7 36 ;
1700 576 54 40 N.
1781 576 272 49 Patterson,
2076 578 184 43 Dallas.

353 628 279 48 (35-30054)

268 731 262 66 Phillips,
560 729 254 57 William
845 732 259 66 Presley,
1134 736 171 51 1882-

335 809 121 55 The
497 811 162 52 adult
699 811 360 67 department
1095 809 66 54 of
1197 811 95 53 the
1336 810 236 71 Sunday
1613 812 189 55 school
1863 814 93 68 [by]
2001 814 259 56 William

265 887 1993 72 P. Phillips … Nashville, Tenn., The Sunday school board
265 965 1366 72 of the Southern Baptist convention [ c 1935]
330 1040 84 40 137
445 1050 40 38 p.
547 1039 56 41 19
603 1042 45 21 cm
653 1072 9 9 .

335 1095 237 42 “Editor’s
596 1096 269 41 foreword”
894 1096 164 50 signed
1077 1110 8 29 :
1114 1098 50 39 P.
1194 1099 49 38 E.
1274 1099 294 48 Burroughs.

268 1150 53 53 ©
349 1155 127 47 Sept.
502 1154 69 49 27,
598 1153 114 41 1935
729 1165 8 36 ;
764 1154 67 40 2c.
859 1155 116 39 Nov.
1002 1156 24 37 1
1045 1165 8 36 ;
1083 1154 83 41 aff.
1192 1155 101 40 Oct.
1322 1156 53 39 31
1394 1166 9 36 ;
1433 1156 40 38 A
1499 1155 142 41 89103
1660 1167 8 36 ;
1701 1157 196 47 Sunday
1925 1159 161 38 school
2112 1160 149 39 board

337 1211 53 40 of
412 1212 84 39 the
519 1212 240 41 Southern
784 1212 198 47 Baptist
1002 1210 300 42 convention.
1366 1212 278 49 (35-30036)

265 1314 206 64 Rayon
519 1315 112 52 and
677 1315 283 67 synthetic
1005 1332 143 50 yarn
1194 1315 332 66 handbook;
1578 1334 30 33 a
1655 1317 274 66 practical
1976 1318 283 53 reference

335 1393 146 52 book
530 1393 93 52 for
669 1393 93 53 the
812 1412 176 48 rayon
1034 1394 145 66 yard
1227 1394 296 67 producer,
1571 1394 335 69 technician,
1953 1415 306 50 processor,

335 1471 1924 68 salesman, engineer, economist and student … 1st ed. New
338 1550 178 57 York,
543 1551 201 66 Rayon
772 1549 333 69 publishing
1130 1568 280 50 company
1443 1584 12 34 [
1461 1557 17 21 c
1484 1554 150 64 1934]

334 1624 24 38 1
420 1654 7 8 v.
486 1623 55 38 20
561 1626 27 19 cm
594 1653 8 9 .

268 1679 223 41 Editors:
520 1679 127 46 1934,
674 1680 50 38 E.
752 1680 70 38 W.
848 1679 58 40 K.
936 1678 225 42 Schwarz
1186 1680 95 38 and
1308 1679 59 40 H.
1395 1679 54 40 R.
1479 1681 74 38 Ma
1563 1681 294 47 uersberger.

267 1733 53 53 ©
349 1737 112 47 Apr.
490 1735 70 49 24,
590 1735 113 41 1984
722 1747 8 35 ;
762 1736 65 39 2c.
861 1737 94 39 and
985 1735 82 40 aff.
1098 1736 113 47 Apr.
1242 1735 55 40 27
1316 1747 7 35 ;
1357 1736 40 38 A
1424 1736 143 40 72207
1585 1747 9 36 ;
1628 1738 51 39 E.
1712 1738 70 39 W.
1815 1738 58 40 K.
1908 1737 224 41 Schwarz
2164 1742 94 38 and

327 1795 59 39 H.
410 1794 54 40 R.
489 1793 380 47 Mauersberger,
893 1793 115 40 New
1032 1793 143 39 York.
1237 1791 279 49 (34-12519)

264 1898 123 52 Red
416 1898 194 53 Cross.
685 1897 72 54 U.
786 1897 56 53 S.
917 1895 315 54 American
1260 1895 262 53 national
1550 1897 122 52 Red
1701 1913 178 38 cross.

335 1976 183 53 When
558 1973 240 55 disaster
835 1974 231 65 strikes;
1107 1974 229 52 manual
1376 1973 62 53 of
1476 1975 408 67 preparedness
1923 1977 111 51 and
2073 1975 181 55 relief.

266 2055 134 52 Rev.
451 2054 84 52 ed.
617 2052 400 68 Washington,
1064 2054 69 51 D.
1184 2053 82 65 C.,
1312 2053 120 52 The
1479 2054 304 52 American
1830 2054 256 54 national
2133 2056 122 53 Red

264 2151 149 35 cross
451 2166 12 33 [
469 2139 17 20 c
492 2133 150 65 1934]

334 2206 24 39 1
420 2237 7 7 v.

267 2258 53 53 ©
348 2263 116 39 Nov.
494 2261 69 47 20,
594 2259 139 47 1934;
766 2259 66 41 2c.
863 2260 98 40 and
986 2259 83 40 aff.
1100 2261 118 37 Nov.
1248 2259 83 43 28;
1364 2261 40 37 A
1435 2261 168 40 78344:
1638 2261 157 39 Amer.
1828 2260 116 41 natl.
1979 2261 102 40 Red
2110 2272 145 31 cross.

261 2365 316 64 Robinson,
606 2365 203 53 James
835 2365 258 62 Harvey.

333 2445 94 51 An
457 2442 387 53 introduction
872 2447 57 47 to
957 2441 96 52 the
1079 2441 221 66 history
1329 2441 62 51 of
1420 2446 236 46 western
1686 2442 248 66 Europe,
1960 2442 74 67 by
2062 2443 192 53 James

263 2522 237 66 Harvey
553 2520 305 54 Robinson,
933 2537 37 35 i.
1024 2519 120 52 The
1196 2518 367 67 background
1616 2519 63 51 of
1730 2519 234 53 modern
2014 2520 237 68 history.

265 2601 137 51 New
429 2600 83 51 ed.
590 2600 233 64 Boston,
849 2598 154 54 Ginn
1032 2597 111 52 and
1171 2615 278 48 company
1481 2629 12 34 [
1499 2602 17 21 c
1521 2599 135 49 1934
1660 2630 12 33 ]

321 2684 46 35 X,
395 2672 99 46 545,
521 2670 136 40 xxvii
684 2681 42 37 p.
782 2670 140 47 illus.,
952 2679 151 38 maps,
1132 2668 213 40 facsims.
1404 2668 54 39 21½
1492 2671 43 21 cm
1540 2700 7 8 .

265 2725 53 52 ©
341 2730 117 45 Aug.
485 2729 40 45 8,
550 2727 114 39 1934
681 2736 9 37 ;
718 2727 66 38 2c.
811 2727 118 46 Aug.
956 2726 54 40 28
1029 2736 8 36 ;
1066 2726 81 38 aff.
1174 2726 117 45 Aug.
1320 2724 54 40 27
1392 2735 8 30 :
1430 2726 40 37 A
1493 2725 142 39 75081
1654 2735 9 37 ;
1693 2726 42 38 J.
1763 2726 59 39 H.
1851 2726 259 47 Robinson,
2138 2728 115 38 New

335 2785 143 39 York.

286 2886 163 53 [Roda
477 2887 180 63 Roda,
685 2885 337 53 Alexander
1049 2882 304 55 Friedrich
1384 2884 327 66 Ladislaus]
1748 2885 169 53 1872-

335 2963 225 54 Schenk
599 2962 109 67 ein,
748 2961 195 54 Roda!
1023 2960 123 55 Aus
1189 2961 313 53 slavischen
1546 2962 237 66 quellen.
1862 2962 198 51 Berlin
2125 2966 120 62 [etc.]

263 3042 64 53 P.
356 3042 260 66 Zsolnay,
648 3041 150 51 1934.

330 3113 100 48 419,
458 3114 54 49 [5]
539 3124 43 38 p.
643 3112 55 40 19½
730 3114 16 21 cm
778 3142 9 10 .
858 3111 297 49 (Half-title:
1178 3112 341 48 Ausgewählte
1544 3112 173 40 werke,
1780 3111 88 49 [bd.
1894 3110 68 49 3])

262 3167 1988 53 © June 14, 1934; 1c. Nov. 10; A-Foreign 26101; A. F. L. Roda Roda,
336 3227 139 48 Graz,
500 3226 215 41 Austria.
779 3226 278 49 (35-33558)

264 3327 258 66 Rodkey,
551 3329 221 53 Robert
805 3329 250 64 Gordon,
1089 3332 170 50 1885-

395 3401 1856 70 … State bank failures in Michigan; a study of the causes
264 3480 62 53 of
369 3480 294 69 Michigan
710 3486 141 49 state
898 3480 148 52 bank
1092 3480 237 53 failures
1375 3478 211 70 during
1630 3480 92 53 the
1770 3478 321 69 depression
2138 3478 107 53 and

261 3555 1984 148 prior to the banking holiday, with suggested remedies, by Robert G. Rodkey … Ann Arbor, University of Michigan, School
261 3710 64 54 of
356 3710 251 54 business
640 3709 477 66 administration,
1150 3711 223 53 Bureau
1412 3710 61 52 of
1508 3710 248 54 business
1791 3710 270 66 research,
2098 3712 146 49 1935.

262 3781 1982 105 3 p. l. , 169 p. 23 cm . ([Michigan. University. School of business administration. Bureau of business research] Michigan business studies,
260 3892 92 41 vol.
384 3904 84 39 vu,
503 3902 73 32 no.
611 3892 53 49 2)

263 3948 52 52 ©
344 3953 101 39 Oct.
475 3952 68 48 10,
570 3952 116 40 1935
701 3963 8 37 ;
741 3952 66 41 2c.
839 3954 93 38 and
961 3953 81 39 aff.
1076 3953 101 39 Oct.
1206 3951 57 41 28
1281 3963 8 35 ;
1322 3953 40 38 A
1392 3951 141 41 87972
1552 3963 8 34 ;
1595 3952 279 47 University
1904 3952 52 39 of
1988 3951 254 47 Michigan.

347 4008 278 36 (35-28456)
