2424 4375
1085 4015 131 47 1051

234 477 94 40 “Of
356 479 96 40 this
482 479 121 39 book
636 479 90 39 five
758 479 217 40 hundred
1010 481 92 38 and
1136 479 111 47 fifty
1289 479 132 49 (550)
1463 479 158 47 copies
1652 480 124 38 have
1807 479 118 39 been
1957 478 190 48 printed

165 533 1928 49 and numbered … The paper is Glenbourn. ivory wove … No. 332.”
234 590 132 40 With
398 590 242 40 facsimile
672 592 337 46 reproduction
1043 591 51 40 of
1123 592 207 44 original
1363 595 95 43 t.-p.:
1522 592 218 46 Voyages
1774 591 112 40 d'un
1919 592 231 46 François

164 645 126 41 exilé
325 656 121 38 pour
482 648 47 38 la
571 646 215 49 religion,
825 658 113 29 avec
978 658 93 30 une
1110 649 294 46 description
1444 650 58 38 de
1542 649 44 38 la
1627 648 198 45 Virgine
1863 648 36 40 &
1938 648 209 40 Marilan

164 704 120 39 dans
313 702 305 49 l’Amérique.
678 703 41 40 A
749 705 47 39 la
828 704 151 47 Haye,
1014 703 230 48 Imprimé
1273 715 120 38 pour
1426 705 255 45 l’autheur,
1713 703 126 42 1687.

235 761 51 38 “I
321 769 99 30 was
454 761 117 38 born
604 761 48 38 in
688 761 81 40 the
803 762 224 47 province
1063 761 50 39 of
1147 760 258 49 Dauphiné
1436 761 52 39 of
1523 763 81 38 the
1639 763 195 38 Durans
1870 761 52 40 of
1957 761 193 41 ancient

164 817 35 40 &
229 817 139 39 noble
396 817 335 47 lineage.”—p.
765 816 67 42 54.

236 874 357 47 “Propositions
627 874 78 38 for
738 874 218 47 Virginia
995 874 159 50 [dated
1191 875 93 39 and
1321 875 182 47 signed]
1540 875 210 47 London,
1786 873 112 42 30th
1935 873 52 42 of
2024 877 125 44 May,

170 930 121 47 1687,
329 940 58 29 on
423 930 166 40 behalf
624 929 52 41 of
709 930 81 40 the
826 939 199 32 owners.
1086 930 102 41 Nie.
1226 930 277 47 Hayward”:
1573 943 42 37 p.
1650 931 216 41 179-180.

235 987 200 40 “Works
470 986 154 41 cited”:
688 997 44 38 p.
764 986 215 42 181-182.

165 1056 52 53 ©
243 1062 118 38 Nov.
390 1061 66 46 15,
487 1059 113 41 1934;
655 1060 67 39 2c.
755 1060 125 39 June
906 1058 69 47 24,
1004 1059 113 40 1935;
1175 1060 82 39 aff.
1288 1060 115 47 July
1432 1060 54 39 31;
1544 1061 41 38 A
1613 1060 141 40 85271;
1815 1061 142 39 Press
1987 1061 53 39 of
2069 1063 83 38 the

235 1117 232 48 pioneers,
492 1117 90 39 inc.
653 1116 277 48 (35-12175)

166 1219 268 64 Erskine,
463 1220 172 62 John,
669 1222 169 53 1879-

233 1294 1919 71 The del g ht of great books, by John Erskine. Indianapolis,
163 1375 118 54 The
316 1372 439 54 Bobbs-Merrill
787 1392 278 49 company
1100 1376 192 64 [c1935]

235 1447 622 49 6 p. l., 11-332 p. 20cm.
507 1504 134 40 CONTENTS.—On
672 1503 202 48 reading
901 1506 137 45 great
1067 1502 530 49 books.—Canterbury
1627 1503 429 49 tales.—Malory’s
2087 1505 66 40 Le

165 1563 152 36 morte
350 1559 246 41 d’Arthur.
611 1582 60 6 —
687 1560 103 40 The
820 1560 169 40 Faerie
1022 1568 193 39 queene.
1232 1582 58 5 —
1308 1560 179 40 Romeo
1519 1561 95 39 and
1647 1560 167 40 Juliet.
1831 1582 58 5 —
1906 1560 101 41 The

165 1564 1970 99 tempest.
299 1638 60 5 —
375 1616 233 40 Paradise
633 1617 108 38 lost.
758 1638 60 5 —
833 1616 186 40 Walter
1047 1616 146 39 Scott.
1210 1639 59 4 -—
1287 1616 104 38 Don
1418 1616 143 39 Juan.
1578 1639 58 4 —
1654 1616 142 47 Moby
1824 1616 136 40 Dick.
1977 1638 60 5 —
2052 1618 101 40 The

162 1673 160 38 ordeal
349 1672 51 39 of
425 1672 212 39 Richard
663 1671 608 48 Feverel.—Huckleberry
1295 1670 699 42 Finn.—Candida.—Modern
2022 1672 131 42 Irish

166 1727 419 49 poetry.—Vergil,
617 1729 81 39 the
728 1729 197 40 modern
958 1731 124 45 poet.

165 1794 53 52 ©
254 1798 116 46 July
404 1799 69 41 31.
512 1797 139 43 1935;
690 1798 67 40 2c.
793 1799 117 47 Aug.
947 1799 52 45 6;
1040 1798 81 40 aff.
1159 1799 119 47 Aug.
1314 1800 54 45 7;
1407 1800 41 38 A
1483 1799 169 47 85338;
1697 1800 42 39 J.
1777 1799 219 48 Erskine,
2035 1801 118 38 New

234 1855 142 39 York.
441 1854 279 50 [Copyright
747 1855 41 40 is
819 1855 202 40 claimed
1052 1865 60 29 on
1140 1855 200 47 chapter
1368 1867 77 37 XV]
1517 1856 279 49 (35-12346)

168 1959 126 62 Ets,
325 1959 184 51 Marie
539 1958 151 55 Hall.

238 2034 197 52 Mister
467 2037 224 65 Penny;
726 2041 155 62 story
912 2037 110 51 and
1058 2035 245 60 pictures
1333 2036 75 66 by
1436 2035 183 54 Marie
1652 2037 141 52 Hall
1824 2038 119 52 Ets.
2012 2039 136 51 New

169 2113 175 57 York,
372 2114 120 51 The
522 2112 217 68 Viking
767 2132 172 49 press,
970 2118 148 49 1935.

234 2186 717 48 47. [1] p. illus. 21×28cm.
238 2243 283 40 Illustrated
553 2242 346 49 lining-papers

165 2295 51 53 ©
247 2301 117 44 Aug.
398 2301 39 40 1.
468 2300 139 40 1935;
639 2300 68 40 2c.
739 2301 120 47 Aug.
887 2301 24 38 1;
978 2299 80 41 aff.
1090 2301 119 46 Aug.
1241 2301 26 38 2;
1325 2301 42 38 A
1399 2299 141 42 85303;
1605 2302 63 39 M.
1700 2302 58 38 H.
1793 2302 101 45 Ets,
1927 2301 221 48 Chicago.

242 2356 278 48 (35-12185)

167 2460 271 64 Fainsod,
465 2461 199 55 Merle.

164 2537 1961 145 International socialism and the world war, by Merle Fainsod … Cambridge.
803 2618 190 63 Mass.,
1018 2617 273 51 Harvard
1316 2616 317 68 university
1659 2636 173 48 press,
1861 2621 147 49 1935.

236 2689 63 42 xi.
334 2687 86 41 238
451 2699 42 36 p.
557 2688 54 40 23½cm.
774 2687 295 48 (Half-title:
1101 2688 230 40 Harvard
1368 2688 216 47 political
1620 2688 199 47 studies,
1854 2691 109 45 pub.
1999 2691 155 39 under

167 2745 81 38 the
269 2744 236 39 direction
529 2744 53 39 of
607 2745 81 39 the
713 2745 137 46 Dept.
876 2745 51 39 of
952 2747 310 45 government
1288 2744 53 41 in.
1362 2745 231 39 Harvard
1617 2744 295 49 university)

237 2802 127 38 “The
386 2804 194 44 present
601 2802 133 37 work
755 2800 45 41 is
819 2801 227 40 intended
1069 2811 53 29 as
1147 2802 83 39 the
1249 2801 107 40 first
1380 2804 111 45 part
1514 2801 51 39 of
1587 2812 26 29 a
1638 2803 161 46 larger
1822 2801 145 49 study
1993 2802 158 39 which

165 2858 99 38 will
290 2859 58 40 be
373 2859 264 38 concerned
664 2857 119 40 with
812 2858 81 39 the
921 2860 231 45 post-war
1182 2858 101 40 rôle
1312 2859 51 38 of
1393 2860 84 38 the
1505 2858 151 40 Third
1691 2857 462 41 International.”—

166 2915 127 39 Pref.

233 2970 290 41 “Published
543 2972 127 38 from
693 2972 84 40 the
796 2971 183 40 income
1001 2971 51 40 of
1074 2972 83 38 the
1178 2970 145 41 Louis
1347 2971 180 40 Adams
1552 2970 353 48 Frothingham
1926 2968 227 42 fund.”—

164 3039 41 37 p.
251 3028 67 49 [iii]

234 3085 347 47 Bibliography;
638 3095 42 36 p.
707 3083 215 41 225-232.

166 3136 52 53 ©
243 3142 116 47 July
382 3140 69 47 26,
476 3140 139 42 1935;
645 3140 67 40 2c.
739 3141 115 46 July
879 3140 51 46 5;
960 3140 81 39 aff.
1068 3141 116 47 July
1212 3141 52 45 6;
1291 3141 41 38 A
1360 3139 142 40 84556;
1558 3139 254 40 President
1839 3141 95 38 and
1961 3140 189 40 fellows

235 3198 50 38 of
311 3198 228 39 Harvard
565 3198 190 47 college,
785 3196 297 48 Cambridge,
1113 3198 146 38 Mass.
1329 3196 278 47 (35-12456)

174 3299 240 64 [Felton,
446 3301 209 63 Cyrus]
690 3305 320 49 1815-1890.

237 3374 54 51 A
323 3374 381 67 genealogical
739 3372 218 69 history
992 3374 62 52 of
1086 3375 95 52 the
1214 3374 197 52 Felton
1452 3373 233 66 family;
1723 3377 278 49 ancestors
2038 3372 109 54 and

169 3450 364 55 descendants
565 3451 63 54 of
656 3450 339 55 Lieutenant
1025 3450 304 54 Nathaniel
1365 3450 219 58 Felton.
1615 3450 127 52 who
1776 3468 149 33 came
1958 3456 57 47 to

170 3448 1957 147 Salem,
323 3527 456 67 Massachusetts,
811 3528 149 53 from
994 3527 175 54 Great
1202 3527 338 54 Yarmouth,
1571 3526 287 66 England,
1894 3527 55 52 in
1988 3527 161 54 1633;

168 3605 137 52 with
338 3624 29 33 a
399 3604 152 54 brief
579 3605 219 67 history
830 3604 62 54 of
921 3623 149 36 some
1101 3605 62 52 of
1193 3605 94 53 the
1320 3603 244 54 families
1597 3604 122 55 that
1755 3602 392 55 intermarried

169 3681 137 54 with
336 3681 95 54 the
459 3680 229 55 Feltons
719 3681 210 68 during
954 3682 95 53 the
1080 3680 123 54 first
1233 3684 97 48 150
1358 3699 162 49 years
1551 3680 280 55 residence

168 3681 1979 145 in America, by William Reid Felton … Rutland, Vt., The Tuttle
169 3851 291 51 company,
487 3837 147 50 1935.

236 3903 86 41 467
357 3914 42 38 p.
459 3905 86 42 col.
578 3905 149 40 front.
756 3904 132 48 (coat
924 3906 51 39 of
1010 3907 153 46 arms)
1209 3906 168 48 plates,
1415 3910 162 44 ports.,
1611 3906 187 40 facsim.
1859 3906 113 39 24cm.
