2424 4375
1205 4083 101 54 397

231 471 264 65 Everett,
525 470 252 56 Samuel.

304 546 349 67 Democracy
710 547 152 51 faces
917 546 98 51 the
1070 544 212 66 future,
1337 545 76 66 by
1470 543 229 56 Samuel
1757 544 251 52 Everett.
2082 544 140 51 New

235 624 178 66 York,
444 622 297 57 Columbia
770 622 316 67 university
1116 640 173 49 press,
1321 626 148 49 1935.

306 708 32 28 X
363 707 58 37 p.,
450 697 25 38 2
538 727 9 16 l.,
577 695 177 50 [3]-269
778 707 41 37 p.
880 694 55 40 22
938 698 44 21 cm
988 728 9 9 .

309 752 245 41 “Selected
583 751 363 49 bibliography”
964 762 9 29 :
1004 762 43 37 p.
1080 749 247 51 [215]-223.
1390 749 204 41 “Notes”
1614 761 9 28 :
1654 761 43 37 p.
1729 747 248 51 [225]-245.

235 820 53 53 ©
314 824 110 39 Feb.
450 824 70 46 21,
547 822 116 41 1935
679 834 9 36 ;
715 823 67 40 2c.
809 823 96 39 and
930 821 82 41 aff.
1038 822 109 39 Feb.
1176 821 55 39 25
1249 832 8 35 ;
1288 820 42 39 A
1355 819 147 42 80580
1516 831 8 30 :
1557 819 251 42 Columbia
1838 818 128 41 univ.
1996 829 148 38 press.

314 880 250 49 (35-4734)

236 980 312 67 Faulkner,
579 980 289 68 Virginia,
901 986 170 50 1913-

302 1059 122 52 The
446 1060 349 52 Barbarians
825 1060 108 67 [by]
961 1058 310 68 Virginian
1293 1058 306 53 Faulkner.
1659 1058 140 53 New
1821 1055 181 68 York,
2027 1055 200 55 Simon

238 1138 112 51 and
381 1137 286 67 Schuster,
698 1140 149 50 1935.

307 1209 717 49 5 p. l. , 3-326 p. 1 l. 21 cm .
237 1275 56 53 ©
321 1281 120 38 Mar.
471 1278 70 48 18,
571 1278 116 41 1935
703 1289 9 37 ;
744 1278 69 41 2c.
842 1278 114 49 Apr.
987 1278 53 48 5;
1073 1277 82 42 aff.
1188 1279 121 39 Mar.
1342 1277 81 48 19;
1456 1278 42 39 A
1528 1277 170 47 82374;
1778 1308 9 8 V.
1820 1276 260 48 Faulkner,
2112 1276 120 40 New

306 1336 143 40 York.
519 1335 250 48 (35-4801)

239 1437 223 66 [Faust,
491 1436 190 65 Ralph
710 1435 284 68 Milligan]
1030 1442 172 50 1901-

307 1514 122 53 The
465 1519 159 63 story
660 1512 66 55 of
763 1512 268 70 Oswego;
1073 1514 142 53 with
1253 1519 161 48 notes
1452 1513 173 54 about
1660 1514 99 53 the
1793 1515 215 52 several
2048 1519 181 47 towns

238 1592 58 51 in
323 1592 95 52 the
449 1596 224 62 county.
753 1590 277 68 [Oswego,
1058 1591 71 53 N.
1160 1591 91 67 Y.,
1281 1591 69 52 R.
1378 1591 83 52 M.
1491 1592 198 65 Faust,
1717 1598 20 22 c
1741 1594 152 63 1934]

313 1659 871 51 3 p. l. , 107, [4] p. illus. 18½ cm .
313 1719 128 39 Title
470 1718 215 47 vignette
727 1718 125 47 (seal
880 1717 53 41 of
965 1717 198 48 Oswego
1195 1717 252 41 historical
1481 1718 205 48 society)

242 1785 53 53 ©
326 1790 110 40 Feb.
467 1790 42 47 4,
539 1788 117 42 1935
671 1800 9 36 ;
713 1789 69 41 2c.
814 1789 97 41 and
941 1788 80 42 aff.
1057 1789 110 39 Feb.
1199 1787 83 49 27;
1316 1789 42 39 A
1389 1788 169 48 80636;
1595 1788 54 40 R.
1684 1789 63 40 M.
1781 1789 168 40 Faust.

322 1846 249 49 (35-4761)

240 1949 255 66 Ficklen,
522 1952 137 52 Mrs.
686 1948 203 55 Bessie
919 1948 397 66 (Alexander)

318 2025 55 51 A
408 2023 301 55 handbook
744 2024 63 53 of
841 2022 92 55 fist
968 2030 264 64 puppets,
1270 2023 73 69 by
1380 2023 192 55 Bessie
1609 2023 328 54 Alexander
1970 2021 263 69 Ficklen;

250 2102 138 54 with
415 2102 157 68 eight
601 2099 427 72 reproductions
1056 2101 150 53 from
1237 2101 390 69 photographs
1656 2101 111 53 and
1798 2119 299 36 numerous
2122 2099 113 55 line

249 2179 288 69 drawings
571 2180 74 68 by
680 2179 157 55 Julie
872 2179 229 54 Brown.
1192 2178 137 53 New
1369 2179 178 68 York,
1582 2178 306 54 Frederick
1925 2180 70 51 A.
2035 2178 200 55 Stokes

250 2274 293 51 company,
573 2259 149 51 1935.

317 2328 116 47 xvii,
457 2327 88 41 329
571 2339 43 37 p.
673 2327 164 48 front.,
865 2328 140 48 illus.,
1034 2329 171 48 plates.
1264 2329 54 39 21
1323 2331 43 21 cm
1371 2361 9 9 .

318 2385 349 48 Bibliography
684 2395 9 29 :
720 2395 44 38 p.
792 2383 216 42 327-329.

246 2453 53 53 ©
322 2458 122 39 Mar.
467 2457 70 48 22,
560 2457 116 41 1935
691 2468 9 36 ;
727 2457 68 41 2c.
819 2459 94 39 and
937 2456 81 42 aff.
1044 2459 121 39 Mar.
1190 2457 82 48 30;
1299 2458 41 38 A
1364 2457 142 40 82273
1524 2469 8 35 ;
1561 2459 53 39 B.
1639 2459 54 39 A.
1720 2458 212 47 Ficklen,
1960 2459 275 46 Savannah,

316 2513 86 41 Ga.
471 2513 250 49 (35-4894)

246 2615 179 67 Field,
451 2618 221 54 Rachel
696 2619 246 63 Lyman,
973 2623 170 50 1894-

320 2693 162 54 Time
512 2700 98 47 out
640 2694 65 52 of
733 2695 177 66 mind,
941 2695 76 67 by
1046 2696 213 51 Rachel
1292 2696 182 51 Field.
1548 2697 138 52 New
1720 2698 176 64 York,
1930 2699 120 51 The
250 2699 1961 125 Macmillan
482 2789 294 50 company,
810 2775 147 50 1935.

324 2843 592 49 5 p. l. , 3-62 p. 21 cm .
250 2910 53 53 ©
328 2913 115 49 Apr.
467 2914 41 48 2,
534 2914 118 40 1935
666 2924 9 37 ;
702 2913 67 41 2c.
796 2916 95 38 and
918 2914 83 41 aff.
1026 2915 114 48 Apr.
1166 2915 27 39 3
1211 2925 9 37 ;
1249 2916 41 38 A
1317 2914 169 49 82346;
1517 2916 181 40 Rachel
1728 2917 150 47 Field,
1907 2916 330 50 Farmington,

323 2971 146 41 Conn.
540 2971 249 49 (35-4874)

248 3070 261 68 Fischer,
536 3072 197 65 Louis,
764 3076 169 51 1896-

323 3148 197 55 Soviet
550 3147 242 70 journey
849 3147 94 70 [by]
982 3149 176 54 Louis
1192 3149 251 55 Fischer.
1535 3151 138 53 New
1713 3152 179 67 York,
1929 3153 78 53 H.
2049 3153 186 55 Smith

249 3227 113 53 and
387 3225 69 54 R.
485 3225 179 68 Haas,
693 3228 153 52 1935.

326 3297 99 49 308,
456 3299 55 49 [1]
540 3309 44 37 p.
643 3299 26 38 1
697 3298 142 47 illus.,
869 3298 169 49 plates.
1098 3299 117 44 21cm.

329 3356 139 45 Maps
503 3366 59 29 on
594 3353 361 50 lining-papers.

327 3411 305 46 Descriptive
657 3410 282 47 letterpress
965 3421 62 30 on
1053 3421 166 31 versos
1246 3411 51 40 of
1324 3415 124 38 most
1477 3414 52 39 of
1558 3415 80 39 the
1666 3415 169 46 plates.

256 3464 1933 58 © Mar. 25, 1935; 2c. Mar. 26; aff. Mar. 27; A 82162; L. Fischer, ℅
326 3525 279 48 Wertheim,
634 3526 118 39 New
781 3525 145 40 York.
995 3524 249 50 (35-4778)

255 3623 207 68 Flynn,
491 3626 200 65 Brian,
722 3631 170 50 1885-

330 3701 120 56 The
478 3703 199 53 ladder
704 3702 64 53 of
796 3702 186 68 death,
1011 3721 70 35 an
1111 3704 278 68 Anthony
1417 3706 278 52 Bathurst
1725 3713 157 62 story
1934 3709 91 69 [by]
2063 3712 176 52 Brian

260 3778 208 67 Flynn.
542 3778 422 69 Philadelphia,
994 3781 768 69 Macrae-Smith-company,
1795 3790 148 49 1935.

333 3851 86 41 287
447 3861 44 37 p.
549 3850 56 41 19½
637 3853 43 21 cm
685 3880 8 8 .

333 3906 199 41 London
559 3907 183 41 edition
780 3907 68 47 (J.
875 3907 145 46 Long,
1047 3907 111 46 ltd.)
1194 3908 91 40 has
1313 3907 134 41 title:
1476 3909 102 40 The
1605 3919 110 31 case
1744 3911 51 40 of
1824 3913 81 40 the
1933 3918 166 45 purple
2130 3918 112 44 calf.

261 3960 53 53 ©
339 3966 120 38 Mar.
485 3965 69 46 15,
581 3964 116 40 1935
711 3975 10 36 ;
748 3962 68 42 2c.
840 3965 113 48 Apr.
977 3965 29 39 4
1022 3975 9 36 ;
1062 3965 82 40 aff.
1170 3966 121 38 Mar.
1318 3965 58 40 18
1391 3976 9 36 ;
1428 3966 42 38 A
1495 3966 142 41 81272
1655 3979 9 36 ;
1695 3970 374 42 Macrae-Smith
2097 3984 52 30 co

341 4021 249 50 (35-4873)
