2568 4342
1367 4099 67 49 84

374 471 235 65 Dewey,
638 468 188 57 Willis
855 469 239 66 Alonzo,
1127 475 171 49 1858-

450 546 284 54 Practical
762 545 433 69 homoeopathic
1222 543 398 69 therapeutics,
1647 542 281 69 arranged
1953 542 114 52 and
2094 542 280 70 compiled

382 620 1970 135 by W. A. Dewey … 3d ed. rev. and enl. Philadelphia, Boericke &
633 701 188 67 Tafel,
849 703 148 50 1934.

446 775 86 43 479
563 787 43 38 p.
666 775 55 42 23½
754 778 45 21 cm
804 809 9 9 .

383 843 51 52 ©
470 847 126 48 Sept.
630 847 69 46 18,
733 845 141 49 1934;
907 845 68 41 2c.
1009 846 100 40 Oct.
1144 847 81 45 11;
1261 844 81 40 aff.
1375 844 109 40 Jan.
1519 844 69 48 18,
1621 843 141 48 1935;
1798 844 41 39 A
1870 843 170 48 80112;
2076 843 233 42 Boericke
2342 844 35 40 &

448 904 155 40 Tafel.
674 903 250 49 (35-1880)

385 1004 229 67 [Digest
651 1006 62 52 of
747 1006 98 52 the
878 1005 218 55 United
1134 1005 187 55 States
1359 1002 277 70 Supreme
1670 1009 164 48 court
1866 1006 265 66 Reports]
2206 1004 73 54 U.
2320 1004 57 56 S.

452 1084 186 68 digest
676 1086 158 51 word
873 1086 189 52 index.
1139 1083 378 68 Supplement
1575 1082 63 54 [of
1676 1101 52 34 v.
1771 1086 82 64 10]
1899 1081 95 54 for
2029 1102 98 35 use
2166 1081 212 70 during

448 1161 1906 148 1935 … Rochester, N. Y., The Lawyers co-operative publishing company, 1934.
454 1314 84 40 140
567 1325 41 37 p.
668 1313 56 40 24
727 1317 43 21 cm
775 1346 8 7 .

455 1371 119 40 This
613 1372 250 47 pamphlet
900 1371 42 40 is
983 1372 47 39 to
1071 1371 56 39 be
1167 1370 140 41 fitted
1348 1371 102 40 into
1492 1371 82 39 the
1615 1370 173 48 pocket
1829 1371 53 39 at
1921 1370 81 39 the
2042 1369 124 40 back
2205 1370 53 39 of
2298 1369 83 41 the

383 1429 190 39 volume
601 1428 52 39 of
677 1429 81 39 the
785 1430 73 38 set
885 1431 48 37 to
959 1426 158 41 which
1145 1427 40 40 it
1211 1428 208 47 belongs.

388 1494 51 52 ©
463 1499 110 39 Dec.
595 1498 69 48 21,
689 1498 140 47 1934;
855 1498 66 40 2c.
948 1499 96 38 and
1067 1497 80 40 aff.
1172 1498 109 39 Jan.
1306 1496 39 48 2,
1372 1496 140 47 1935;
1540 1497 41 39 A
1604 1495 172 48 77949;
1803 1496 229 48 Lawyers
2058 1494 324 49 co-operative

454 1556 109 47 pub.
592 1565 66 30 co.

385 1654 281 68 Doggett,
696 1657 288 52 Marshall
1010 1655 376 67 Wellington,
1419 1661 171 50 1855-

459 1730 1924 71 The tragedy of sin, by Rev. M. W. Doggett … Kingsport,
390 1808 1241 71 Tenn., Southern publishers, inc. [ c 1935]
461 1882 63 47 ix,
561 1880 87 42 175
683 1892 43 37 p.
786 1881 55 42 19½
874 1883 43 22 cm
923 1913 9 9 .

391 1951 51 52 ©
475 1957 108 38 Jan.
615 1956 68 46 14,
713 1954 140 48 1935;
887 1954 66 41 2c.
987 1956 95 39 and
1113 1955 80 40 aff.
1226 1955 108 40 Jan.
1366 1955 81 47 18;
1482 1955 41 39 A
1553 1953 171 50 79265;

1758 1956 61 39 M.
1849 1956 71 40 W.
1954 1955 224 48 Doggett,
456 1955 1910 104 Kingsport,
606 2012 147 40 Tenn.
823 2011 251 48 (35-1825)

388 2114 187 65 Egan,
603 2116 219 63 Joseph
851 2116 216 64 Burke,
1099 2117 171 54 1879-

458 2192 227 53 Prairie
728 2193 158 68 days,
931 2213 31 33 a
1004 2211 192 50 power
1240 2195 396 66 development
1680 2194 216 66 reader,
1937 2194 75 66 by
2055 2193 216 67 Joseph
2315 2194 67 51 B.

390 2269 1994 68 Egan … illustrated by Lucy Doane … Wellesley Hills, Mass.,
390 2346 1255 68 The Welles publishing company [ c 1934]
461 2416 88 41 288
580 2429 43 37 p.
683 2417 127 41 illus.
841 2418 137 49 (part
1009 2420 111 47 col.)
1193 2419 55 40 19
1252 2421 43 22 cm
1299 2451 9 9 .
1381 2419 180 49 (Radio
1597 2420 172 41 reader
1802 2419 174 48 series)

461 2473 287 42 Illustrated
785 2474 362 50 lining-papers.

462 2530 73 40 On
561 2541 161 31 cover:
753 2532 155 40 Radio
939 2533 212 40 readers.

461 2586 183 42 Music:
673 2599 45 38 p.
748 2587 99 43 273.

396 2641 51 52 ©
476 2645 127 47 Sept.
630 2645 40 47 1,
695 2644 114 41 1934;
861 2645 66 40 2,c.
954 2645 108 40 Jan.
1091 2643 68 50 19,
1187 2644 140 47 1935;
1356 2644 80 41 aff.
1464 2645 108 40 Jan.
1600 2646 81 46 17;
1711 2645 41 39 A
1779 2644 169 48 80070';
1977 2646 179 39 Welles
2183 2646 107 48 pub,
2319 2654 66 32 co.

474 2701 249 48 (35-1962)

462 2802 1922 68 The talking statues, by Joseph B. Egan … illustrated by
394 2879 306 54 Catherine
732 2879 297 55 Cameron.
1094 2881 304 66 Wellesley
1428 2880 174 65 Hills,
1633 2880 189 65 Mass.,
1854 2881 122 52 The
2005 2882 209 53 Welles
393 2881 1968 140 publishing
640 2974 280 49 company
959 2990 14 33 [
975 2963 20 21 c
1000 2960 152 63 1933]

463 3027 89 40 466
580 3039 43 37 p.
683 3027 86 40 col.
801 3027 163 49 front.,
998 3029 127 40 illus.
1186 3028 57 40 19
1245 3031 43 21 cm
1292 3061 9 8 .

451 3083 41 39 A
536 3084 172 40 reader
755 3085 251 46 composed
1051 3084 53 41 of
1147 3084 318 49 imaginative
1511 3085 175 41 stories
1731 3085 184 49 aiming
1959 3088 49 39 to
2055 3087 109 48 help
2209 3087 48 38 in
2306 3089 80 39 the

394 3139 256 41 character
686 3139 331 49 development
1056 3141 50 40 of
1142 3141 231 40 children,
1439 3141 61 47 cf.
1540 3142 257 40 Foreword
1833 3144 50 38 to
1918 3144 236 39 teachers.

399 3194 53 51 ©
478 3199 110 38 Dec.
617 3199 38 45 1,
683 3196 140 47 1933;
854 3197 65 40 2c.
948 3196 109 41 Jan.
1084 3196 68 49 19,
1181 3197 139 47 1935;
1352 3197 80 40 aff.
1463 3199 108 38 Jan.
1601 3199 81 46 17;
1709 3198 41 39 A
1778 3198 168 47 80071;
1978 3199 182 40 Welles;
2183 3199 107 48 pub.
2321 3208 66 31 co.

476 3253 250 51 (35-1961)

396 3355 268 66 English,
695 3357 241 63 Eugene
965 3357 303 63 Schuyler,
1301 3363 169 49 1899-

471 3430 229 56 Studies
728 3435 60 52 in
815 3433 95 52 the
937 3433 211 66 Gospel
1177 3434 303 68 according
1506 3441 59 46 to
1590 3436 293 64 Matthew,
1911 3435 35 51 by
2015 3437 66 51 E.
2112 3433 273 68 Schuyler

402 3509 1984 70 English … New York [ etc.] Fleming H. Revell company
405 3622 13 33 [
423 3595 17 21 c
446 3592 149 64 1935]

470 3660 26 39 2
524 3671 43 37 p.
629 3691 8 16 l.,
665 3659 145 41 7-226
834 3670 42 37 p.
937 3659 58 40 19½
1024 3662 44 22 cm
1073 3692 9 9 .

403 3715 55 50 ©
481 3719 108 39 Jan.
617 3718 39 46 5,
684 3717 138 46 1935;
849 3716 65 40 2c.
943 3717 95 39 and
1065 3716 80 40 aff.
1174 3718 109 39 Jan.
1309 3716 82 48 19;
1419 3718 41 38 A
1487 3717 168 47 80055;
1687 3717 220 47 Fleming
1933 3717 58 38 H.
2020 3717 168 39 Revell
2214 3728 67 29 co.

480 3774 249 48 (35-1816)

397 3872 322 67 Ferguson,
748 3872 254 56 William
1030 3873 334 66 McClellan,
1395 3880 170 49 1899-

472 3949 468 69 Thoroughbred,
977 3949 75 69 by
1088 3949 87 52 W.
1218 3948 79 55 M.
1338 3950 305 67 Ferguson.
1737 3949 135 53 New
1916 3948 178 67 York,
2134 3947 251 53 Phoenix

403 4042 156 51 press
590 4059 13 35 [
608 4032 17 21 c
631 4028 151 66 1935]
