2424 4375
1245 4132 134 49 1334

397 580 374 51 Bibliography:
801 593 43 37 p.
872 581 202 41 278-283;
1135 581 352 42 “Periodicals”:
1546 594 42 38 p.
1616 582 98 41 284.

326 636 1987 54 © Sept. 16, 1935; 2c. Sept. 26; aff. Sept. 25; A 87264; Round table press,
395 697 88 40 inc.
555 696 280 49 (35-18254)

324 798 267 66 Mercier,
621 799 180 54 Louis
826 800 219 63 Joseph
1075 799 354 64 Alexandre,
1460 805 171 51 1880-

393 873 1921 72 College French [by] Louis J. A. Mercier … New York,
322 952 63 51 F.
411 951 57 56 S.
493 952 199 55 Crofts
716 955 46 51 &
784 972 97 49 co.,
909 957 149 49 1935.

390 1026 172 49 xxxiii,
597 1026 69 50 [1],
694 1024 86 42 636
807 1035 42 39 p.
910 1026 127 41 illus.
1066 1026 159 49 (map)
1293 1026 56 40 21
1353 1028 44 22 cm
1401 1058 10 10 .

386 1081 142 50 Maps
553 1093 62 30 on
640 1083 360 49 lining-papers.

390 1138 292 42 “Reference
706 1140 84 40 list
814 1140 52 40 of
887 1139 150 41 books
1060 1151 62 29 on
1145 1139 214 42 France”:
1412 1150 43 39 p.
1483 1139 216 43 510-511.

328 1194 53 53 ©
408 1198 127 49 Sept.
559 1198 69 47 25,
656 1197 140 48 1935;
823 1197 63 41 2c·.
916 1199 101 40 Oct.
1043 1199 53 47 3;
1125 1198 81 41 aff.
1235 1199 100 40 Oct.
1364 1201 50 40 1;
1445 1200 38 38 A
1510 1199 169 47 86574;
1710 1200 50 40 F.
1792 1200 43 40 S.
1864 1200 165 41 Crofts
2057 1201 35 38 &
2118 1210 80 37 co.,
2226 1201 88 41 inc.

407 1254 280 50 (35-18555)

325 1356 229 66 Milner,
580 1358 147 53 Jean
756 1359 284 63 Shepard,
1071 1363 171 50 1893-

395 1434 122 53 The
556 1433 105 69 sky
701 1434 47 53 is
788 1434 127 66 red;
960 1455 31 33 a
1031 1435 147 53 book
1218 1435 173 54 about
1429 1435 319 54 revolution
1791 1436 112 52 and
1944 1436 259 68 religion,
2241 1436 72 68 by

324 1511 148 54 Jean
505 1510 58 56 S.
591 1510 233 54 Milner.
892 1510 417 70 Indianapolis,
1338 1513 139 52 New
1510 1512 179 66 York,
1721 1513 122 52 The
1875 1512 436 54 Bobbs-Merrill

323 1606 278 49 company
642 1621 13 34 [
660 1593 18 22 c
682 1591 134 50 1935
821 1622 14 33 ]

392 1659 86 41 332
511 1672 43 37 p.
618 1659 127 42 illus.
776 1659 182 50 (maps)
1027 1660 56 39 22½
1116 1662 45 22 cm
1164 1692 9 9 .

671 1713 189 44 CONTENTS.—book
903 1715 40 42 1.
988 1717 283 48 Yesterday,
1312 1728 62 30 an
1416 1720 204 39 account
1664 1717 51 42 of
1758 1719 80 40 the
1881 1717 253 43 historical
323 1719 1971 102 background
538 1775 51 39 of
617 1785 88 30 our
732 1773 242 42 inherited
1000 1771 336 44 faith.—book
1362 1773 43 42 2.
1432 1775 180 48 Today,
1641 1785 27 30 a
1700 1786 173 37 survey
1903 1775 51 42 of
1980 1776 150 40 world
2160 1776 150 41 issues

324 1829 325 51 Christianity
680 1831 136 42 faces
848 1832 161 48 today.

326 1885 1828 53 © Sept. 18, 1935; 2c. and aff. Sept. 23; A 87189; Bobbs-Merrill co.
406 1946 279 48 (35-18249)

327 2035 354 64 Monaghan,
709 2035 216 65 Frank,
956 2040 169 50 1904-

393 2111 153 54 John
582 2111 132 69 Jay,
751 2111 270 54 defender
1058 2111 62 53 of
1156 2109 207 71 liberty
1399 2111 223 68 against
1658 2109 169 69 kings
1859 2112 46 49 &
1940 2111 243 69 peoples,
322 2127 1965 113 author
486 2188 64 53 of
584 2189 95 52 the
715 2187 387 55 Constitution
1140 2191 45 50 &
1217 2207 281 51 governor
1533 2188 64 53 of
1633 2188 138 53 New
1809 2188 180 68 York,
2024 2186 285 70 president

324 2266 64 54 of
426 2266 96 53 the
563 2266 363 55 Continental
968 2284 277 50 congress,
1283 2266 294 53 co-author
1616 2266 62 52 of
1716 2266 95 53 the
1851 2265 333 68 Federalist,
324 2282 1965 129 negotiator
610 2344 63 52 of
708 2343 94 53 the
841 2361 165 50 peace
1042 2343 62 52 of
1146 2343 131 52 1783
1316 2345 45 50 &
1397 2345 94 52 the
1529 2342 114 69 Jay
1680 2349 185 62 treaty
1904 2342 62 53 of
2004 2342 151 69 1794,
2192 2340 118 56 first

325 2420 154 54 chief
505 2420 203 68 justice
736 2421 63 53 of
825 2420 94 53 the
949 2418 215 57 United
1197 2419 203 69 States,
1429 2420 75 69 by
1536 2419 195 53 Frank
1760 2420 345 68 Monaghan.
2178 2418 131 53 New

322 2497 162 52 York
512 2500 45 50 &
588 2497 417 69 Indianapolis,
1037 2498 120 52 The
1190 2497 442 53 Bobbs-Merrill
1663 2516 297 51 company,
1993 2501 150 50 1935.

395 2568 1914 52 5 p. l., ix-xi p., 1 l., 13-497 p. front., plates, ports., facsims. 24cm.
395 2626 161 41 “First
591 2625 226 41 edition.”

395 2682 128 41 “The
551 2682 251 41 sources”:
832 2693 41 39 p.
906 2681 247 52 [465]-474.

328 2738 53 53 ©
411 2742 127 48 Sept.
565 2742 70 46 25,
664 2742 141 46 1935;
833 2742 65 39 2c.
930 2741 100 40 Oct.
1059 2742 53 45 4;
1143 2740 82 41 aff.
1256 2740 102 41 Oct.
1386 2741 53 47 3;
1470 2742 40 38 A
1540 2741 169 47 86583;
1742 2741 371 41 Bobbs-Merrill
2137 2751 66 31 co.

407 2798 280 49 (35-18227)

326 2889 267 63 Morgan,
621 2890 136 51 Mrs.
787 2887 264 53 Barbara
1082 2887 334 65 (Spofford)

398 2963 426 69 Individuality
869 2963 57 52 in
972 2983 31 33 a
1049 2961 288 55 collective
1380 2963 198 65 world,
1622 2963 75 67 by
1740 2963 257 53 Barbara
2044 2960 263 70 Spofford

326 3040 262 68 Morgan.
656 3041 141 52 New
830 3038 177 69 York,
1037 3041 90 53 W.
1159 3041 89 53 W.
1281 3040 221 53 Norton
1535 3043 46 49 &
1610 3058 96 48 co.,
1740 3040 107 52 inc.
1885 3044 192 62 [c1935]

396 3114 50 39 ix
473 3125 58 37 p.,
560 3114 25 39 1
633 3144 25 16 l.,
687 3111 171 42 13-260
884 3124 43 37 p.
986 3111 56 41 21
1046 3113 43 22 cm
1093 3142 10 11 .

397 3170 160 41 “First
588 3169 228 42 edition.”

330 3224 53 53 ©
407 3228 127 48 Sept.
559 3227 69 48 20,
652 3226 139 47 1935;
817 3226 66 40 2c.
908 3227 95 39 and
1027 3226 82 40 aff.
1136 3226 124 47 Sept.
1286 3225 83 47 28;
1395 3226 40 38 A
1459 3225 169 47 87317;
1655 3226 70 40 W.
1750 3226 71 40 W.
1846 3225 185 41 Norton
2056 3225 36 40 &
2115 3233 81 39 co.,
2219 3224 86 39 inc.

408 3284 279 48 (35-18250)

327 3374 274 65 Oglesby,
633 3373 337 56 Catharine.

393 3445 1853 71 Fashion careers: American style, by Catharine Oglesby …
325 3529 139 52 New
494 3527 163 53 York
689 3527 111 53 and
833 3526 257 69 London,
1124 3525 170 52 Funk
1324 3527 46 51 &
1399 3525 299 68 Wagnalls
1730 3541 296 50 company,
2062 3526 146 49 1935.

396 3599 619 50 6 p. l., 3-283 p. 19½ cm .
398 3657 161 40 “First
590 3655 608 49 published—September,
1231 3653 157 42 1935.”

331 3709 53 53 ©
420 3714 126 47 Sept.
579 3713 70 46 26,
680 3712 140 47 1935;
855 3712 67 40 2c.
958 3713 95 38 and
1088 3710 81 41 aff.
1208 3710 100 41 Oct.
1344 3711 25 38 2;
1434 3711 40 38 A
1508 3710 169 46 87385;
1716 3710 138 39 Funk
1891 3710 35 40 &
1960 3708 251 47 Wagnalls
2239 3714 62 32 co.

412 3769 279 49 (35-18202)

330 3857 241 65 Parker,
600 3857 233 53 Arthur
858 3857 259 64 Caswell,
1148 3862 169 49 1881-

397 3932 210 54 Indian
646 3932 252 69 episodes
936 3932 63 53 of
1036 3931 138 54 New
1216 3930 161 53 York
1414 3934 170 60 state;
1626 3948 30 34 a
1696 3929 378 66 drama-story
2113 3924 62 54 of
2211 3923 91 55 the

329 4007 211 71 empire
577 4016 160 55 state,
773 4009 74 65 by
883 4007 223 54 Arthur
1147 4007 61 55 C.
1246 4006 232 54 Parker.
1553 4006 54 51 A
1644 4006 224 52 booklet
1905 4005 63 53 of
2006 4001 180 56 added
2222 4001 77 53 in-
