2424 4375
1267 4074 133 49 1466

331 441 382 66 Bergsmark,
741 442 206 53 Daniel
976 442 320 64 Rockman,
1328 447 170 50 1898-

401 515 1862 70 Economic geography of Asia, by Daniel R. Bergsmark …
330 594 137 54 New
500 594 177 69 York,
706 593 445 68 Prentice-Hall,
1181 593 124 68 inc.,
1337 596 149 50 1935.

404 668 130 49 xxiv,
563 669 88 40 618
673 680 43 37 p.
773 669 126 40 illus.
928 668 133 48 (incl.
1090 670 162 46 maps)
1288 668 179 48 diagrs.
1524 668 55 41 23½
1612 671 44 21 cm
1661 700 9 9 .

407 725 346 41 “References”
785 729 52 37 at
861 726 92 39 end
983 725 51 40 of
1062 726 117 39 each
1209 726 215 47 chapter.

332 779 52 53 ©
417 783 129 48 Sept.
575 782 69 48 10,
675 781 114 42 1935;
846 782 67 41 2c.
945 782 101 40 Oct.
1078 781 82 47 10;
1192 782 82 40 aff.
1307 782 102 41 Oct.
1440 782 83 46 11;
1555 782 40 39 A
1624 782 170 47 87620;
1829 781 372 49 Prentice-Hall,
2235 784 89 39 inc.

412 839 279 48 (35-19806)

333 929 198 64 Black,
560 930 154 53 John
745 928 245 65 Donald,
1021 933 171 49 1883-

404 1006 121 53 The
549 1005 167 69 dairy
740 1006 263 69 industry
1028 1008 109 52 and
1164 1007 93 53 the
1280 1008 187 66 AAA,
1492 1007 73 67 by
1590 1007 156 55 John
1769 1009 71 52 D.
1868 1008 194 53 Black.
335 1010 1964 143 Washington,

579 1085 71 52 D.
680 1084 81 56 C.,
791 1085 119 53 The
939 1083 322 67 Brookings
1289 1084 346 65 institution,
1666 1089 150 50 1935.

405 1156 97 48 xiv,
532 1157 86 40 520
648 1167 41 38 p.
749 1156 127 41 illus.
904 1156 187 49 (maps)
1131 1157 177 48 diagrs.
1369 1156 52 39 21
1426 1159 43 21 cm
1475 1187 9 9 .
1555 1158 298 47 (Half-title:
1880 1158 102 40 The
2013 1158 234 43 Institute
2276 1161 51 39 of

335 1212 266 41 economics
638 1213 52 40 of
725 1214 80 39 the
842 1214 269 48 Brookings
1147 1212 294 42 institution.
1507 1213 306 41 Publication
1847 1225 74 29 no.
1959 1214 80 48 64)

334 1268 1976 108 © Sept. 15, 1935; 2c. Oct. 32; aff. Oct. 14; A 87680; Brookings institution. (35-27332)
334 1418 357 65 Bonneville,
718 1418 219 64 Joseph
965 1419 275 54 Howard.

336 1492 1991 150 Organizing and financing business, with questions and problems, by Joseph Howard Bonneville … and Lloyd Ellis Dewey
397 1649 1569 68 … Rev. ed. New York, Prentice-Hall, inc., 1935.
406 1722 682 49 xiv p., 1 l., 476 p. 23½ cm .
409 1778 163 42 “First
602 1779 230 49 printing,
867 1779 291 49 September,
1190 1778 158 41 1935.”

408 1835 350 49 Bibliography
785 1839 52 37 at
865 1837 91 39 end
984 1836 52 39 of
1064 1836 118 40 each
1211 1836 214 48 chapter.

336 1890 52 53 ©
422 1895 127 47 Sept.
579 1894 69 48 19,
679 1894 140 46 1935;
852 1893 65 40 2c.
951 1894 99 40 Oct.
1084 1894 51 45 1;
1169 1894 80 40 aff.
1286 1893 125 48 Sept.
1443 1892 82 47 25;
1560 1893 39 39 A
1631 1893 169 47 87392;
1834 1893 373 48 Prentice-Hall,
2238 1894 90 41 inc.

415 1950 279 49 (35-19722)

337 2032 219 64 Bryan,
586 2032 269 53 Malcolm
882 2032 253 63 Honore,
1165 2051 177 46 comp.

407 2107 289 69 Readings
728 2113 58 48 to
822 2125 342 51 accompany
1199 2127 31 33 a
1267 2126 191 36 course
1493 2126 72 34 on
1602 2110 428 65 contemporary
2069 2105 260 72 Georgia,

337 2184 1990 69 compiled by Malcolm H. Bryan … and Thomas J. [!] Askew
503 2266 257 65 [Athens,
817 2263 265 55 Division
1141 2264 62 52 of
1262 2264 399 68 publications,
1720 2266 95 52 the
1872 2265 336 67 University
2266 2265 61 53 of

338 2339 265 70 Georgia,
635 2347 19 21 c
659 2343 151 65 1935]

407 2410 1548 51 5 p. l., 520 p. illus. (incl. maps) fold, tab., diagrs. 22½cm.
409 2468 510 48 Photolithographed.

410 2525 129 41 “The
582 2526 255 40 selections
880 2526 107 39 deal
1033 2525 184 48 largely
1262 2525 118 40 with
1427 2527 214 47 regional
1686 2527 95 39 and
1826 2527 219 40 national
2092 2527 236 48 problems

341 2582 155 40 which
535 2582 224 48 impinge,
799 2582 155 40 either
994 2582 205 47 directly
1240 2593 53 28 or
1333 2582 272 49 indirectly,
1645 2594 60 28 on
1744 2583 581 48 Georgia.”—Foreword.

339 2641 1973 101 CONTENTS. — Human and natural resources.—Agriculture and industry.—Government, economic and political thought.
339 2751 53 53 ©
424 2756 126 47 Sept.
579 2755 67 47 18,
675 2754 139 47 1935;
845 2754 67 40 2c.
942 2755 93 39 and
1065 2753 82 40 aff.
1179 2753 126 48 Sept.
1334 2753 82 47 23;
1446 2755 41 38 A
1516 2753 170 48 88045;
1719 2753 282 50 University
2030 2755 51 39 of
2112 2754 217 47 Georgia,

409 2811 223 40 Division
657 2811 51 40 of
732 2810 335 49 publications.
1142 2809 278 49 (35-28324)

341 2894 206 62 Byers,
574 2893 247 54 Charles
845 2891 190 66 Alma,
1066 2894 170 53 1879-

411 2969 1910 68 The Inverness murders, by Charles Alma Byers … New
343 3046 677 69 York, The Dial press [c1935]
414 3117 1097 51 viii p., 2 l., 13-287 p. illus. (plans) 19½cm.
415 3175 281 41 Cover-title
725 3176 96 39 and
850 3174 364 48 running-title:
1243 3175 101 40 The
1373 3176 257 39 Inverness
1657 3176 208 39 murder.

342 3229 52 53 ©
422 3234 101 39 Oct.
551 3233 68 48 22,
647 3232 114 41 1935;
817 3233 65 39 2c.
911 3234 96 38 and
1034 3232 82 40 aff.
1146 3232 101 40 Oct.
1275 3232 82 45 23;
1387 3232 39 39 A
1454 3231 169 47 87864;
1654 3231 112 40 Dial
1795 3242 148 37 press,
1973 3232 90 40 inc.

422 3289 278 49 (35-19685)

345 3372 244 64 Cantril,
617 3371 247 64 Hadley,
894 3377 171 49 1906-

414 3448 1906 68 The psychology of radio, by Hadley Cantril … and Gordon
344 3525 1977 68 W. Allport … New York and London, Harper & brothers,
347 3606 149 50 1935.

414 3685 46 37 x,
490 3674 88 41 276
604 3683 43 38 p.
707 3672 177 50 diagrs.
944 3672 57 41 24
1003 3676 43 22 cm
1052 3706 9 9 .

419 3729 102 40 “An
554 3729 216 48 analysis
805 3730 51 40 of
890 3730 82 40 the
1006 3731 194 46 general
1236 3729 354 48 psychological
1627 3731 95 39 and
1756 3730 212 39 cultural
2003 3729 183 40 factors
2221 3727 102 40 that

348 3784 149 46 shape
531 3785 137 40 radio
702 3796 250 37 programs
988 3787 95 39 and
1118 3784 264 42 determine
1416 3786 81 39 the
1533 3795 251 37 responses
1820 3786 52 39 of
1907 3786 80 39 the
2021 3784 222 41 listeners
2278 3783 44 38 to

348 3839 135 41 these
510 3840 518 42 broadcasts.”—Pref.

419 3896 162 42 “First
609 3896 210 41 edition.’

346 3949 52 53 ©
426 3953 101 40 Oct.
555 3953 69 47 10,
648 3954 140 47 1935;
816 3954 65 41 2c.
910 3953 100 41 Oct.
1038 3953 53 47 9;
1122 3954 79 40 aff.
1232 3954 100 40 Oct.
1361 3953 80 42 12;
1471 3954 40 38 A
1537 3953 169 46 86726;
1736 3953 196 48 Harper
1956 3952 37 40 &
2017 3953 124 39 bros.

425 4008 279 52 (35-19535)
