2568 4342
1394 4059 66 54 78

409 447 191 65 Ware,
630 444 183 55 Edith
844 445 183 65 Ellen,
1060 451 171 50 1882-
1442 446 85 50 ed.

482 523 122 51 The
640 522 170 69 study
847 522 63 53 of
946 521 407 55 international
1390 521 270 53 relations
1695 521 62 52 in
1795 519 96 54 the
1930 518 218 55 United
2186 516 214 68 States;

414 618 204 51 survey
648 599 92 53 for
771 602 152 65 1934,
951 598 188 55 edited
1169 599 75 68 by
1274 596 182 56 Edith
1488 598 68 51 E.
1589 597 187 68 Ware,
1895 641 10 10 PH.
1975 641 10 10 D.
2056 595 135 52 New
2227 595 177 67 York,

414 677 296 55 Columbia
740 678 317 66 university
1087 694 172 50 press,
1291 679 150 49 1934.

480 749 135 47 xviii,
641 748 85 41 503
750 758 58 39 p.,
835 750 24 38 1
908 781 8 8 l.
976 748 56 41 23½
1064 750 45 22 cm
1113 781 8 8 .

485 805 290 41 “Published
810 805 80 40 for
927 806 82 40 the
1041 806 258 39 American
1334 805 221 39 national
1591 805 272 39 committee
1899 815 59 29 on
1997 805 295 39 intellectual
411 816 1974 94 cooperation
690 862 53 40 of

766 863 81 39 the
874 863 191 47 League
1093 862 52 40 of
1168 860 343 48 nations.”—p.
1557 862 29 47 [i]

482 919 43 40 J.
552 919 54 40 T.
636 918 243 49 Shotwell,
908 919 265 40 chairman.

485 975 69 39 “A
580 975 317 48 preliminary
926 984 188 38 survey,
1145 976 110 39 that
1278 975 79 39 for
1386 973 274 49 1932-1933,
1691 984 103 30 was
1817 975 161 39 edited
2010 975 61 46 by
2103 975 88 40 Mr.
2222 975 181 39 Grover

413 1030 1973 108 Clark for the Social science research council … [and] dist ributed in mimeographed
687 1088 1715 49 form … It was decided to prepare an edition for publication
413 1148 62 47 by
506 1148 81 39 the
621 1146 256 40 American
906 1146 223 40 national
1160 1146 273 39 committee
1467 1156 60 29 on
1561 1144 302 41 intellectual
1895 1146 307 47 cooperation
2240 1146 50 39 of
2323 1147 79 38 the

417 1201 1987 51 League of nations … Provision for new material and a reorientation
415 1260 53 41 of
494 1261 190 47 subject
707 1261 182 39 matter
913 1259 155 40 called
1095 1258 79 41 for
1202 1269 27 29 a
1257 1268 106 30 new
1388 1259 263 39 treatment
1681 1258 53 40 of
1758 1269 28 30 a
1813 1259 202 39 number
2043 1259 53 40 of
2120 1260 208 39 sections
2352 1259 52 40 of

415 1319 81 39 the
528 1315 325 49 survey.”—p.
887 1316 80 48 [xi]

419 1386 1986 53 © Dec. 31, 1934; 2c. Jan. 5, 1935; aff. Jan. 4; A 78850; Columbia univ.
484 1458 148 37 press.
703 1445 220 50 (35-802)

416 1550 262 63 Watson,
708 1548 263 56 Francis.

484 1626 123 53 The
631 1625 107 54 life
764 1626 112 53 and
901 1626 164 53 times
1092 1624 63 55 of
1183 1624 308 56 Catherine
1517 1624 85 53 de’
1627 1625 230 65 Medici,
1883 1624 75 66 by
1983 1624 240 53 Francis
415 1626 1969 144 Watson;
592 1703 140 53 with

779 1706 64 49 16
886 1702 398 53 illustrations.
1364 1702 258 65 London,
1666 1702 366 53 Hutchinson
2074 1704 47 51 &
2164 1720 97 45 co.,
2306 1702 102 52 ltd.

419 1784 172 64 [1934]

486 1854 87 41 287
597 1864 42 38 p.
693 1853 164 48 front.,
885 1852 142 49 illus.,
1055 1853 172 48 plates,
1254 1853 151 48 ports.
1459 1850 60 42 23½
1548 1854 44 21 cm
1597 1885 10 10 .

421 1918 1973 109 © 1c. Jan. 4, 1935; A ad int. 19829; pubd. Nov. 9, 1934; F. Watson, London. (35-1161)
418 2082 290 66 Webster,
737 2083 190 65 Noah,
959 2083 324 55 1758-1843.

487 2160 274 53 National
798 2160 325 67 dictionary
1162 2160 63 53 of
1261 2161 96 51 the
1392 2161 245 66 English
1677 2162 285 65 language
1997 2160 171 53 based
2207 2178 74 34 on
2315 2160 96 53 the

420 2238 310 66 principles
761 2236 340 54 established
1129 2238 75 65 by
1234 2238 166 52 Noah
1429 2238 259 53 Webster
1719 2239 112 51 and
1858 2237 301 66 including
2190 2256 29 33 a
419 2255 1969 111 practical

602 2313 172 67 guide
819 2319 59 47 to
925 2314 253 53 business
1223 2314 265 67 English,
1534 2314 551 67 self-pronouncing,
2131 2313 281 66 carefully

420 2390 1930 67 revised by John Vaughn … 74th ed. rev. by Adam Ward …
420 2467 139 53 New
601 2466 180 67 York,
821 2468 66 52 P.
929 2468 66 52 F.
1038 2467 215 56 Collier
1294 2471 46 49 &
1378 2486 100 34 son
1521 2467 362 66 corporation
1928 2499 13 34 [
1947 2474 17 21 c
1969 2471 153 61 1935]

490 2536 154 49 xlviii,
675 2538 116 41 1040
816 2550 43 37 p.
919 2539 87 42 col.
1035 2539 149 42 front.
1245 2539 55 40 20
1305 2542 42 21 cm
1353 2572 8 9 .

492 2593 73 42 On
593 2606 166 30 cover:
790 2595 113 41 1935
931 2596 196 41 edition.

428 2663 56 52 ©
511 2668 108 39 Jan.
650 2668 39 46 8,
720 2666 139 48 1935;
893 2667 65 40 2c.
991 2668 107 38 Jan.
1130 2666 82 48 19;
1245 2667 79 40 aff.
1358 2668 108 39 Jan.
1499 2667 80 48 18;
1614 2668 38 38 A
1684 2666 169 48 79288;
1886 2669 50 38 P.
1969 2668 50 38 F.
2053 2668 178 41 Collier
2261 2668 38 39 &
2329 2679 85 29 son

494 2724 317 47 corporation.
885 2724 249 49 (35-1391)

425 2826 229 65 Weeks,
681 2828 169 51 Pearl
876 2827 266 64 Almyra.

499 2901 242 68 History
775 2902 63 51 of
869 2902 302 53 Hartwick
1217 2904 238 67 (village
1489 2903 111 51 and
1633 2903 180 67 town)
1859 2903 75 67 by
1970 2902 170 52 Pearl
2175 2902 241 68 Almyra

430 2978 1775 70 Weeks … Hartwick, N. Y., Hartwick reporter, c 1934.
499 3048 812 50 3 p. l., 89 p. illus., pi. 22½ cm .
501 3105 152 48 Pages
683 3106 60 39 48
773 3107 95 38 and
897 3106 59 40 49
985 3107 92 41 left
1109 3108 146 40 blank
1287 3111 48 38 to
1369 3110 96 39 add
1495 3118 165 30 names
1695 3109 53 39 of
1779 3110 263 47 graduates
2076 3110 53 39 of
2160 3110 254 40 Hartwick

432 3162 146 39 union
606 3162 95 39 and
727 3161 116 47 high
871 3163 161 40 school
1058 3165 118 38 each
1201 3173 131 39 year.

432 3218 57 52 ©1
513 3223 109 39 Dec.
652 3221 71 47 28,
749 3220 139 48 1934;
919 3221 66 41 2c.
1015 3223 110 39 Dec.
1155 3222 82 48 29;
1269 3223 81 41 aff.
1381 3223 107 41 Jan.
1519 3223 69 48 11,
1618 3222 112 42 1935;
1790 3224 41 39 A
1860 3222 168 50 78971;
2062 3224 50 40 P.
2143 3225 53 39 A.
2232 3223 182 49 Weeks,

500 3278 268 47 Hartwick,
796 3279 56 39 N.
881 3279 51 38 Y.
1003 3278 221 49 (35-845)

428 3379 358 66 Weichardt,
813 3380 335 66 Wolfgang,
1175 3384 84 54 ed.

497 3456 340 68 Ergebnisse
868 3459 99 51 der
996 3459 259 67 hygiene,
1286 3460 427 68 bakteriologie,
1742 3460 549 53 immunitätsforsch
2299 3479 119 49 ung

428 3535 116 51 und
574 3535 494 67 experimentellen
1097 3537 272 67 therapie.
1434 3540 380 65 Fortsetzung
1841 3539 94 51 des
1962 3537 454 56 Jahresberichts

431 3612 1983 70 über die ergebnisse der immunitätsforschung … Hrsg, von
430 3688 1985 71 professor dr. Wolfgang Weichardt … 16. bd. … Berlin, J.
433 3766 295 66 Springer,
755 3769 148 49 1934.

502 3838 1075 50 2 p. l., 250' p. illus., tables, diagr. 26 cm .
504 3893 232 41 Contains
767 3894 386 48 bibliographies.

437 3946 1979 55 © Sept. 28, 1934; 1c. Jan. 21, 1935; A -Foreign 26706; Julius Springer.
