2424 4375
984 4069 131 48 1191

402 523 287 47 CONTENTS.—Physical
734 522 265 41 life.—The
1043 523 183 39 mental
1270 521 265 40 life.—The
1582 519 151 40 social
1777 519 264 40 life.—The

55 581 155 41 moral
240 582 97 39 and
367 579 229 50 religious
626 579 101 41 life.

61 647 52 54 ©
148 652 127 40 June
368 683 8 15 18,
413 650 113 40 1935;
592 649 66 40 2c.
697 650 126 39 June
858 648 80 46 20;
979 648 82 39 aff.
1099 649 126 38 June
1260 647 83 46 26;
1383 648 42 37 A
1461 646 169 47 84432;
1674 644 249 42 Stratford
1962 655 81 38 co.,

125 708 288 49 publishers.
485 705 279 50 (35-14986)

56 809 370 65 Symington,
454 809 259 53 Thomas
739 808 353 63 Alexander,
1124 812 169 50 1883-

126 886 293 69 Religious
449 885 229 53 liberals
712 885 113 52 and
857 884 441 66 conservatives;
1334 902 30 33 a
1398 881 357 69 comparison
1787 880 65 55 of
1881 882 162 53 those

59 964 126 53 who
217 982 95 35 are
339 963 202 52 liberal
573 963 60 51 in
662 962 151 53 their
845 961 269 70 religious
1146 960 271 69 thinking
1447 960 114 54 and
1591 960 160 53 those
1784 960 127 55 who
1946 977 97 36 are

60 1037 1982 72 conservative, by Thomas A. Symington … New York city,
60 1118 274 53 Teachers
360 1118 228 67 college,
615 1116 294 55 Columbia
938 1116 334 69 university,
1301 1118 150 50 1935.

130 1200 40 38 v,
203 1191 83 40 104
318 1201 43 37 p.
421 1190 56 40 23½
510 1192 44 21 cm
558 1224 8 7 .
638 1190 262 47 (Teachers
932 1189 190 47 college,
1157 1187 251 42 Columbia
1444 1187 282 48 university.
60 1186 1965 103 Contributions
212 1252 48 37 to
288 1247 269 46 education,
586 1257 75 30 no.
690 1246 109 45 640)

133 1303 169 42 Issued
326 1304 102 40 also
454 1315 54 29 as
533 1303 153 41 thesis
720 1305 107 46 (PH.
882 1305 35 45 D.)
951 1301 252 42 Columbia
1229 1302 284 47 university.

132 1360 372 49 Bibliography:
533 1370 44 39 p.
602 1360 158 41 76-77.

64 1429 52 54 ©
148 1434 113 46 May
293 1432 71 47 23,
396 1432 139 46 1935;
572 1432 67 40 2c.
673 1433 116 47 July
818 1433 81 46 15;
936 1432 83 39 aff.
1052 1433 121 46 Aug.
1206 1432 52 46 6;
1293 1433 43 38 A
1366 1432 171 47 84857;
1571 1433 51 38 T.
1657 1433 54 39 A.
1749 1430 298 50 Symington,

131 1489 270 47 Alvinston,
431 1489 212 41 Canada.
714 1487 278 50 (35-14700)

57 1590 224 66 Talbot,
309 1593 163 52 Nora
499 1592 341 62 Amaryllis,
871 1597 170 49 1882-

129 1665 1857 70 Homemaking for boys and girls, by Nora A. Talbot …
61 1743 1986 70 Florence L. Lytle … Millie Y. Pearson … [and] Anna May
60 1819 1984 72 Johnson … arranged and edited by Millie V. Pearson … with
62 1899 1983 69 an introduction by Nora A. Talbot … illustrated by Margaret
60 1976 161 70 Holt,
247 1977 211 54 Milton
486 1976 244 70 Swatek,
757 1978 113 53 and
933 1977 167 53 others.
1167 1976 135 54 New
1334 1977 177 68 York,
1543 1975 323 57 Cincinnati
1904 1985 139 63 [etc.]

62 2054 301 55 American
387 2054 144 54 book
558 2072 276 52 company
863 2089 13 35 [
879 2061 20 23 c
903 2057 132 49 1935
1041 2087 14 36 ]

129 2140 33 29 x
185 2141 57 37 p.,
268 2131 25 38 1
338 2161 24 15 l.,
385 2129 90 41 479
498 2141 43 37 p.
566 2129 78 41 incl.
702 2129 164 46 front.,
889 2129 128 41 illus.
1071 2129 116 40 20cm.

129 2185 72 42 On
225 2197 166 29 cover:
419 2187 100 39 The
545 2186 245 41 Domestic
813 2185 184 44 science
1023 2188 320 46 department,
1373 2186 268 42 Oklahoma
1667 2186 320 50 agricultural
2014 2190 35 39 &

60 2243 293 41 mechanical
386 2245 190 46 college.

133 2300 345 41 “References”
507 2302 54 39 at
587 2301 89 39 end
705 2300 51 40 of
784 2301 116 39 each
926 2301 200 47 chapter
1155 2302 171 46 except
1351 2301 203 48 chapter
1580 2310 135 31 xxix.

67 2365 51 53 ©
145 2370 119 47 Aug.
293 2370 69 48 20,
390 2370 141 47 1935;
564 2371 67 39 2c.
665 2372 94 38 and
790 2369 81 41 aff.
901 2371 119 47 Aug.
1051 2370 81 46 23;
1166 2371 43 39 A
1238 2371 143 40 85587;
1440 2371 158 40 Amer.
1631 2372 124 39 book
1785 2383 68 29 co.

143 2426 278 49 (35-34993)

60 2526 206 67 Thum,
297 2529 217 53 Ernest
546 2530 217 63 Edgar,
798 2534 168 50 1884-
1177 2530 84 52 ed.

131 2605 121 53 The
293 2604 145 53 book
483 2604 62 53 of
588 2605 259 53 stainless
889 2603 190 68 steels;
1126 2603 283 55 corrosion
1452 2604 268 69 resisting
1763 2606 111 53 and
1918 2606 130 54 heat

65 2679 1978 70 resisting chromium alloys, edited by Ernest E. Thum … 2d
66 2756 80 54 ed.
217 2756 322 69 Cleveland,
574 2756 85 68 O.,
691 2758 120 52 The
844 2758 302 53 American
1175 2757 210 70 society
1418 2758 94 53 for
1541 2759 217 69 metals,
1792 2762 150 49 1935.

133 2832 71 39 xii
227 2842 58 38 p.,
309 2832 27 39 1
381 2863 22 15 l.,
429 2832 82 40 787
538 2843 43 37 p.
607 2832 108 39 incl.
739 2832 148 39 front.
916 2832 48 48 (2
990 2832 148 48 port.)
1172 2833 143 46 illus.,
1341 2832 178 48 diagrs.
1573 2834 55 40 23½
1661 2837 15 20 cm
1709 2864 9 9 .

130 2889 226 40 Includes
382 2889 390 48 bibliographies.

70 2954 50 53 ©
143 2960 110 47 Apr.
279 2958 41 48 9,
345 2958 112 41 1935;
511 2959 67 41 2c.
604 2961 94 37 and
725 2959 82 39 aff.
831 2960 111 46 Apr.
969 2959 82 46 24;
1079 2960 41 38 A
1147 2958 169 47 81939;
1345 2960 159 39 Amer.
1528 2971 92 29 soc.
1645 2961 81 39 for
1750 2962 186 39 metals.

145 3015 277 49 (35-14995)

66 3117 195 66 Truss,
291 3119 229 54 Seldon.

134 3196 199 51 Escort
362 3201 58 46 to
452 3196 229 66 danger.
753 3197 386 65 [Instalments
1167 3201 83 63 13,
1279 3200 80 50 14.
1427 3197 357 68 Conclusion]

200 3280 31 27 (n
257 3265 250 49 Answers,
537 3265 129 52 Aug.
696 3267 41 49 3,
766 3267 71 49 10,
871 3266 141 49 1935)

72 3331 1977 55 © 1c. each Oct. 1, 1935; A ad int. 20599; pubd. Aug. 3, 10; L. Seldon
135 3394 163 45 Truss,
329 3394 269 47 Ticehurst,
632 3395 192 46 Sussex,
855 3395 233 47 England.

69 3492 359 67 Vernadeau,
453 3496 217 53 Pierre.

192 3570 1856 70 … Le médecin de la reyne. Paris, De Noël [i. e. Denoël] et
69 3643 175 56 Steele
300 3651 150 63 [1934]

135 3720 1164 51 3 p. l., 9-89 p., 3 l. plates, ports. 22 × 17 cm .
137 3776 97 42 The
265 3779 175 38 author
471 3780 238 37 advances
741 3780 79 39 the
852 3781 169 45 theory
1053 3780 108 40 that
1193 3780 80 39 the
1306 3780 113 39 Man
1450 3779 49 39 in
1529 3780 82 41 the
1641 3780 105 40 iron
1776 3782 140 39 mask
1947 3791 99 30 was

72 3829 129 42 Marc
227 3833 59 40 de
311 3832 192 48 Jarrige
534 3835 56 41 de
622 3835 63 38 La
718 3834 246 48 Morelhie,
994 3835 223 47 seigneur
1246 3836 57 39 de
1337 3835 269 48 Puyredon,
1636 3847 26 29 a
1696 3835 270 41 son-in-law
1997 3837 51 40 of

70 3883 220 45 Pardoux
319 3889 252 46 Gondinet,
598 3890 251 48 physician
878 3895 47 36 to
953 3892 135 39 Anne
1117 3891 53 41 of
1194 3889 214 43 Austria.

74 3937 1972 58 © June 1, 1934; 1c. Sept. 17; A-Foreign 25567; P. Vernadeau, Paris.
150 3998 275 46 (35-14660)
