2526 4384
1318 4068 102 49 302

354 448 212 67 Freud,
595 449 193 64 Anna,
821 453 169 52 1895-

425 526 505 70 Psycho-analysis
965 526 96 55 for
1091 526 253 55 teachers
1377 527 113 53 and
1525 532 260 63 parents;

358 526 1996 147 introductory lectures, by Anna Freud; translated by Barbara Low … New
361 684 178 68 York,
567 684 278 53 Emerson
870 683 195 69 books,
1092 683 126 67 inc.,
1247 685 151 51 1935.

431 769 85 39 117
541 779 43 38 p.
645 766 57 41 19
704 769 45 21 cm
752 799 9 9 .

435 839 197 40 London
667 837 185 42 edition
896 837 78 50 (G.
1007 837 140 41 Allen
1182 836 38 41 &
1253 836 190 51 Unwin,
1480 836 109 50 ltd.)
1636 837 90 41 has
1761 836 134 41 title:
1935 835 337 41 Introduction
2310 838 48 39 to

362 895 418 48 psycho-analysis
807 894 81 42 for
918 895 236 41 teachers.

435 951 182 42 “These
643 952 113 39 four
784 952 208 39 lectures
1018 961 127 31 were
1172 951 142 48 given
1340 950 167 42 before
1536 952 81 40 the
1646 951 221 40 teachers
1898 952 52 39 at
1978 951 84 40 the
2088 948 272 42 Children’s

361 1010 189 39 centres
576 1009 52 40 of
652 1010 82 39 the
757 1008 98 48 city
877 1008 53 41 of
954 1007 337 49 Vienna.”—p.
1320 1008 56 50 [5]

358 1075 53 53 ©
435 1080 122 39 Mar.
582 1080 41 47 5,
648 1080 117 40 1935;
815 1080 68 40 2c.
909 1080 96 40 and
1030 1079 82 41 aff.
1138 1080 121 39 Mar.
1287 1081 26 39 7;
1367 1079 42 39 A
1433 1078 147 41 79957;
1633 1080 235 39 Emerson
1894 1080 163 48 books,
2083 1079 92 40 inc.

437 1136 251 50 (35-4093)

359 1240 293 65 Gillespie,
680 1240 210 57 Jessie.

492 1315 1680 72 … Precious books, why and where they are treasured,
363 1314 1971 134 written
495 1396 112 52 and
649 1395 324 53 illustrated
1013 1395 76 70 by
1128 1394 181 56 Jessie
1351 1394 293 70 Gillespie.
1719 1394 221 70 Dallas,
1980 1394 157 70 Tex.,
2177 1393 72 55 A.
2292 1394 65 54 T.

365 1471 305 55 Walraven
697 1471 149 56 book
870 1491 165 35 cover
1063 1490 298 52 company,
1390 1475 152 51 1933.

432 1557 1927 52 3 p. l., 5-37, [1] p. illus. 19 cm . (Second of the series in the Story of
364 1614 173 51 books)

433 1683 128 41 Title
589 1695 62 30 on
677 1683 26 40 2
731 1686 175 41 leaves.

435 1738 374 51 Bibliography:
840 1752 43 38 p.
915 1740 71 42 37.

364 1808 53 53 ©
447 1813 117 39 Nov.
599 1813 68 48 19,
701 1812 115 42 1933;
877 1813 68 41 2c.
977 1816 96 38 and
1106 1813 82 41 aff.
1223 1814 110 40 Feb.
1367 1814 70 48 15,
1470 1813 141 48 1935;
1647 1815 42 39 A
1720 1813 171 49 79662;
1926 1815 55 40 A.
2015 1815 52 39 T.
2101 1815 261 40 Walraven

429 1870 122 40 book
581 1880 141 30 cover
752 1881 67 30 co.
890 1870 250 50 (35-4083)

363 1971 212 67 Glynn,
601 1974 101 53 Sir
725 1975 221 64 Joseph
973 1973 300 67 Aloysius,
1302 1980 173 50 1869-

497 2052 1867 70 … Matt Talbot, le saint au chantier; traduit de l’anglais,
371 2130 1986 70 par Jacques D’Ars [ pseud .] Préface de François Veuillot.
369 2209 184 67 Paris,
579 2209 249 67 Desclée,
852 2209 72 54 de
948 2210 275 54 Brouwer
1250 2214 57 50 et
1330 2210 98 54 cie.
1483 2213 153 64 [1934]

435 2294 1914 52 2 p. l., [vii]-xxii, 217 p., 2 l. 19 cm . (On cover: La lumière ouvrière)
434 2366 63 42 At
523 2366 125 42 head
675 2366 53 41 of
753 2366 109 42 title:
917 2366 182 50 Joseph
1123 2367 54 41 A.
1205 2368 173 48 Glynn.

367 2433 1997 53 © Oct. 15, 1934; 1c. Feb. 2, 1935; A-Foreign 26808; Desclée, de Brouwer
429 2494 38 41 &
499 2495 85 40 cie.
655 2494 251 49 (35-4030)

368 2597 252 64 Gordon,
648 2597 205 54 James
880 2598 64 56 F.

433 2673 1927 70 Interlude of gold, by James F. Gordon … New York,
364 2751 1564 70 London [etc.] Fleming H. Bevell company [c1935 ]
437 2837 99 49 255,
574 2839 55 48 [1]
665 2849 43 37 p.
768 2836 57 41 21
827 2839 45 22 cm
875 2868 10 10 .

367 2904 53 53 ©
448 2909 120 38 Mar.
597 2908 42 46 2,
667 2906 140 48 1935;
837 2908 68 39 2c.
933 2910 96 38 and
1058 2907 80 41 aff.
1169 2909 121 38 Mar.
1320 2906 82 49 19;
1433 2908 42 39 A
1502 2908 170 47 81075;
1705 2908 222 48 Fleming
1952 2909 61 38 H.
2043 2908 166 39 Bevell
2240 2918 67 30 co.

447 2964 250 49 (35-4044)

369 3066 178 65 Gray,
574 3066 220 65 James,
823 3071 172 51 1899-

441 3139 283 56 Shoulder
757 3142 99 53 the
884 3140 122 71 sky,
1038 3142 76 69 by
1147 3142 194 54 James
1376 3142 177 69 Gray.
1622 3142 139 53 New
1796 3142 180 68 York,
2012 3141 70 56 G.
2117 3143 65 53 P.
369 3142 1965 130 Putnam’s
573 3238 128 35 sons
736 3253 14 34 [
753 3224 20 24 c
777 3221 153 66 1935]

439 3304 614 50 4 p. l., 3-308 p. 19½ cm .
369 3369 53 53 ©
449 3375 121 39 Mar.
597 3375 70 47 11,
693 3375 117 41 1935;
862 3376 68 40 2c.
956 3377 98 40 and
1080 3377 81 39 aff.
1189 3377 122 39 Mar.
1338 3377 82 46 15;
1451 3378 43 38 A
1518 3375 171 49 80949;
1719 3378 43 39 J.
1793 3377 143 47 Grav,
1965 3378 117 38 New
2109 3378 142 38 York.

447 3430 249 50 (35-3929)

370 3532 422 68 Gulbransson,
820 3534 155 66 Olaf,
1006 3538 169 52 1873-

502 3610 1383 70 … Det var engang. [Oslo] Gyldendal [c1934]
445 3694 458 51 [96] p. illus. 28 cm.
442 3767 286 39 Illustrated
760 3767 96 47 t.-p.

440 3821 331 48 Autographic
800 3823 340 46 reproduction
1168 3823 53 40 of
1247 3822 301 48 manuscript
1576 3833 131 37 copy.

441 3878 101 40 The
565 3877 219 40 author’s
809 3878 256 40 childhood
1093 3880 93 38 and
1213 3880 153 47 youth
1391 3879 248 40 described
1666 3879 51 39 in
1743 3879 159 40 words
1929 3879 95 39 and
2050 3878 225 48 pictures.

368 3941 1989 54 © Nov. 3, 1934; 1c. Dec. 21; A-Foreign 26547; Gyldendal Norsk forlag.
452 4002 249 49 (35-4180)
