2424 4375
1161 4023 100 54 907

286 488 110 39 XXV,
423 478 86 42 700
530 491 43 37 p.
634 481 54 39 21
692 483 43 21 cm
739 513 10 9 .
819 480 298 51 (Half-title:
1142 483 100 40 The
1270 484 235 39 Institute
1530 483 79 40 for
1634 486 313 46 government
1975 485 223 39 research

218 535 52 40 of
299 537 80 38 the
410 537 268 46 Brookings
709 538 293 40 institution.
1064 537 194 41 Studies
1287 540 50 38 in
1366 540 410 40 administration,
1837 550 74 29 no.
1944 540 80 46 31)

289 591 358 40 “Publications
675 593 199 48 bearing
900 603 60 29 on
986 593 161 47 public
1176 594 201 41 welfare
1404 595 361 46 organization”
1785 606 10 29 :
1825 604 43 38 p.
1899 595 215 41 623-634.

288 647 211 41 “Official
533 648 216 48 reports”
768 659 10 29 :
810 659 43 38 p.
885 648 216 42 635-650.

207 703 58 53 ©
285 709 113 46 May
419 708 38 45 6,
481 708 112 39 1935
611 719 9 35 ;
647 708 66 40 2c.
738 709 127 39 June
886 707 80 42 19:
992 708 82 41 aff.
1098 710 125 39 June
1244 709 54 40 13
1316 720 9 34 ;
1352 710 41 38 A
1416 709 144 40 83767
1576 720 9 36 ;
1612 708 271 50 Brookings
1905 707 295 44 institution.

295 763 249 50 (35-9339)

213 854 265 64 Morgan,
506 854 253 55 William
786 854 239 55 Wilson.

344 930 1854 70 … A descriptive stud} 7 " of the spectra of the A-type stars,
214 1008 75 68 by
334 1007 259 55 William
637 1010 89 53 W.
775 1010 261 67 Morgan.
1113 1010 267 68 Chicago,
1428 1010 112 66 Ill.,
1587 1011 119 52 The
1755 1010 334 68 University
2136 1010 63 54 of

217 1087 248 67 Chicago
497 1105 157 49 press
707 1091 152 64 [1935]

318 1190 9 15 v,
358 1159 86 40 118
476 1168 43 37 p.
550 1159 110 41 incl.
695 1159 167 48 tables,
896 1159 177 48 diagrs.
1132 1158 57 41 30
1191 1161 44 20 cm
1241 1190 9 9 .
1320 1159 355 48 (Publications
1709 1159 51 40 of
1793 1161 83 38 the
1909 1160 180 41 Yerkes
216 1162 1965 101 observatory,

509 1215 91 42 vol.
703 1247 9 16 VII,
741 1218 111 46 part
948 1218 14 46 III)

285 1273 62 39 At
374 1274 124 38 head
525 1273 50 39 of
600 1271 107 42 title
723 1284 10 29 :
760 1274 102 39 The
886 1272 280 48 University
1192 1273 50 40 of
1269 1272 222 49 Chicago.

214 1327 52 52 ©
294 1332 113 46 May
437 1332 68 44 14,
537 1329 138 48 1935;
710 1331 65 39 2c.
809 1332 125 38 June
962 1332 81 40 14;
1077 1331 79 39 aff.
1191 1332 116 46 July
1338 1331 52 46 5;
1424 1332 41 37 A
1498 1330 169 47 84261;
1701 1330 282 49 University
2013 1331 52 40 of
282 1332 1903 102 Chicago,
445 1387 221 47 Chicago.
738 1386 249 48 (35-9355)

212 1464 276 62 Mowery,
516 1462 254 55 William
797 1463 217 64 Byron,
1045 1468 169 49 1899-

212 1539 1963 142 … The phantom canoe. Boston, Little, Brown, and company, 1935.
281 1687 29 38 4
335 1699 44 37 p.
442 1719 8 16 l.,
482 1687 175 50 [3]-291
681 1699 44 37 p.
780 1687 126 41 illus.
937 1686 157 50 (map)
1160 1687 57 41 19½
1247 1689 45 21 cm
1295 1719 9 8 .

214 1740 1987 53 © July 8. 1935; 2c. and aff. July 10: A 83947 : W . B. Mowery, Urbana,
282 1803 73 37 Ill.
427 1800 249 48 (35-9329)

210 1876 242 61 Nevlus,
482 1878 247 52 Warren
759 1875 237 65 Nelson,
1030 1878 169 53 1877-

283 1953 120 52 The
434 1954 113 54 Old
577 1956 342 64 Testament,
948 1951 73 55 its
1051 1959 157 62 story
1238 1956 111 51 and
1380 1952 269 69 religious
1676 1973 248 49 message
1942 1975 11 46 ;
1988 1953 212 55 studies

216 2030 1920 69 for class use or personal reading, by Warren Nelson Nevius …
215 2112 56 50 A
308 2110 270 52 textbook
616 2109 56 53 in
715 2111 95 51 the
853 2109 289 54 Standard
1181 2108 321 68 leadership
1542 2109 259 68 training
1840 2111 359 67 curriculum,

214 2187 252 53 outlined
492 2189 111 51 and
629 2188 289 67 approved
939 2187 76 68 by
1038 2186 96 53 the
1158 2186 419 53 International
1601 2187 218 53 council
1843 2187 64 53 of
1929 2189 270 67 religious

214 2265 312 53 education.
601 2264 423 67 Philadelphia,
1064 2265 122 53 The
1222 2263 397 56 Westminster
1657 2283 173 49 press,
1873 2269 148 51 1935.

287 2340 26 38 1
338 2350 42 36 p.
441 2370 8 15 l.,
475 2337 148 41 v-viii
647 2349 57 37 p.,
728 2338 28 39 2
813 2369 10 17 l.,
847 2338 86 40 236
957 2349 43 37 p.
1059 2336 58 41 19½
1147 2339 45 21 cm
1196 2368 9 9 .

287 2395 347 48 Bibliography
652 2406 9 28 :
694 2406 43 37 p.
769 2394 215 41 234-236.

214 2450 52 52 ©
293 2455 113 38 May
432 2453 69 47 20,
530 2451 139 47 1935;
698 2453 65 39 2c.
792 2453 113 46 May
930 2452 82 45 31;
1044 2451 81 40 aff.
1155 2453 126 38 June
1310 2451 81 46 18;
1421 2452 41 38 A
1488 2449 168 48 83699;
1686 2451 341 40 Westminster
2054 2460 145 40 press.

293 2509 249 48 (35-9371)

211 2587 144 51 New
383 2585 161 53 York
585 2584 216 68 (State)
873 2585 184 64 Laws,
1085 2588 256 60 statutes,
1370 2590 100 47 etc.

210 2657 1988 149 … Parsons’practice manual of the state of New York, containing the official edition of the Civil practice act, Rules of
211 2814 133 53 civil
375 2813 263 70 practice,
671 2812 355 69 Surrogate’s
1058 2817 162 48 court
1249 2818 107 61 act,
1387 2813 141 52 New
1558 2812 165 53 York
1752 2813 116 69 city
1899 2819 159 48 court
2093 2819 106 61 act,

211 2892 137 50 New
381 2891 161 53 York
573 2891 114 68 city
716 2890 320 68 Municipal
1068 2895 161 47 court
1256 2890 153 67 code,
1440 2889 216 54 Justice
1689 2897 161 47 court
1881 2898 87 46 act,
2022 2890 177 55 Court

212 2970 64 50 of
313 2970 195 52 claims
548 2973 127 62 act,.
694 2967 302 68 Judiciary
1035 2967 198 53 article
1272 2966 65 53 of
1373 2967 96 53 the
1509 2967 369 54 constitution
1921 2970 111 52 and
2074 2974 125 49 rent

211 3049 152 65 laws,
394 3047 111 52 and
536 3052 158 46 court
725 3045 148 53 rules
904 3044 63 53 of
1001 3043 181 55 Court
1209 3043 64 54 of
1304 3044 251 68 appeals,
1589 3044 285 69 appellate
1906 3047 292 67 divisions,

218 3125 283 66 appellate
535 3129 190 60 terms,
758 3120 276 69 Supreme
1066 3126 178 62 court,
1281 3120 356 70 Surrogates’
1673 3128 205 63 courts,
1912 3126 113 52 and
2062 3125 137 52 New

214 3201 160 51 York
405 3200 134 69 City
571 3206 161 47 court
761 3200 112 51 and
903 3198 322 68 Municipal
1258 3203 177 63 court,
1467 3218 62 34 as
1562 3200 274 53 amended
1871 3207 56 49 to
1963 3203 93 53 the
2090 3204 107 52 end

213 3278 62 51 of
300 3280 93 51 the
417 3277 316 70 legislative
757 3276 206 54 session
990 3275 64 53 of
1079 3278 152 65 1935,
1257 3276 139 52 with
1418 3283 159 46 notes
1602 3276 63 53 of
1692 3295 149 36 cases
1867 3278 151 54 since
2045 3279 151 55 Civil

215 3357 243 65 practice
485 3360 89 47 act
598 3355 59 51 in
685 3353 160 53 effect
873 3372 73 34 on
971 3352 246 55 October
1244 3357 48 63 1,
1321 3356 149 50 1921.
1537 3354 132 52 12th
1695 3355 84 52 ed.
1844 3356 211 55 Edited
2085 3359 110 52 and

213 3429 1984 73 annotated by Joseph R. Clevenger … New York, Baker, Voor-
215 3511 85 52 his
321 3513 45 48 &
389 3526 305 51 company;
718 3508 138 52 New
879 3506 163 53 York
1067 3507 112 52 and
1203 3506 249 69 Albany,
1475 3507 79 53 M.
1579 3508 229 54 Bender
1830 3511 46 50 &
1902 3529 296 53 company,

216 3587 408 67 incorporated,
655 3588 150 51 1935.

282 3659 26 38 3
333 3670 30 36 p
424 3692 7 7 l.,
474 3658 99 46 viii,
603 3656 143 51 [2086]
772 3667 44 37 p.
874 3657 56 39 25
934 3658 44 22 cm
982 3687 8 8 .

285 3718 60 38 At
371 3716 123 39 head
523 3715 52 39 of
599 3714 134 40 title:
767 3712 243 41 Standard
1036 3711 197 43 edition.

283 3771 204 39 Various
515 3770 215 47 pagings.

285 3828 174 38 “Table
483 3827 51 37 of
559 3825 246 39 contents”
830 3834 59 29 on
911 3825 137 37 front
1073 3823 334 46 lining-paper.

219 3882 52 52 ©
296 3886 115 46 July
434 3885 39 42 1,
498 3883 139 40 1935;
664 3882 67 39 2c.
759 3882 115 47 July
898 3882 26 39 3
943 3892 8 34 ;
980 3881 79 39 aff.
1090 3881 115 47 July
1230 3879 25 39 2
1274 3891 8 35 ;
1312 3881 43 37 A
1378 3880 169 48 84545;
1577 3883 235 40 Matthew
1838 3887 190 39 Bender
2053 3889 37 39 &
2116 3899 82 38 co.,

286 3943 104 43 inc.,
421 3941 96 39 and
543 3939 174 40 Baker.
742 3938 207 40 Voorhis
975 3937 36 39 &
1041 3947 64 30 co.
1177 3936 249 49 (35-9348)
