2424 4375
1041 4040 101 55 817

84 408 158 62 Joad,
271 408 158 62 Cyril
455 407 205 53 Edwin
687 407 379 65 Mitchinson,
1096 413 167 49 1891-

155 484 214 53 Return
396 490 57 46 to
481 483 372 68 philosophy;
884 481 168 69 being
1077 502 32 32 a
1139 483 231 53 defence
1399 483 63 52 of
1490 499 214 48 reason,
1734 500 70 33 an
91 479 1954 136 affirmation
238 561 60 51 of
335 560 206 67 values,
576 560 110 52 and
723 579 30 33 a
789 560 124 68 plea
950 560 92 52 for
1079 558 358 70 philosophy,
1472 559 72 68 by
1583 558 61 55 C.
1679 558 68 53 E.
1784 557 80 54 M.
1901 558 167 54 Joad.

93 638 241 66 London,
365 637 183 54 Faber
581 637 109 53 and
727 638 198 67 Faber,
960 638 219 53 limited
1217 639 172 67 [1935]

154 708 614 48 2 p. l., 7-279 p. 19½cm.
87 766 1983 52 © 1c. Mar. 23, 1935; A ad int. 20056; pubd. Jan. 24; C. E. M. Joad,
156 827 205 38 London.
432 826 249 48 (35-8885)

84 913 188 65 Jones,
299 914 256 54 Richard
584 914 205 64 Uriah,
823 917 166 53 1877-

159 992 117 53 The
311 992 273 53 scientific
617 1010 95 50 eye
750 992 65 53 of
853 992 169 68 faith,
1058 993 76 67 by
1171 990 252 55 Richard
1463 992 70 54 U.
1574 993 188 53 Jones.
1841 993 233 65 Boston,

90 1068 1186 71 Mass., The Stratford company [ c 1935]
149 1146 25 37 3
199 1154 39 37 p.
336 1142 33 39 ii
397 1153 56 37 p.,
479 1144 23 37 1
552 1173 23 17 l.,
600 1143 88 40 120
711 1154 57 37 p.,
794 1145 24 38 1
867 1176 8 8 l.
935 1143 114 40 19cm.

88 1196 50 53 ©
167 1201 107 45 May
308 1199 67 47 29,
407 1199 138 46 1935;
579 1199 63 39 2c.
677 1200 113 47 May
819 1200 82 45 31;
936 1199 81 40 aff.
1049 1200 125 38 June
1202 1201 26 37 4;
1290 1200 39 38 A
1360 1199 169 46 83457;
1568 1198 251 40 Stratford
1848 1209 81 31 co.,
154 1199 1902 96 publishers.
409 1256 249 47 (35-8818)

107 1344 197 65 [Karig,
335 1343 239 68 Walter]
614 1350 167 49 1898-

155 1422 118 53 The
313 1422 57 51 X
415 1425 114 49 Bar
566 1422 58 51 X
664 1422 138 68 boys
842 1430 57 45 at
937 1424 93 51 the
1069 1429 230 61 strange
1337 1423 187 66 rodeo,
1562 1423 75 66 by
1676 1424 193 53 James
1910 1423 159 66 Cody

92 1499 1978 69 Ferris [pseud.] … illustrated by J. Clemens Gretter. New
94 1578 984 67 York, Grosset & Dunlap [ c 1935]
161 1649 54 44 iv,
250 1650 84 39 212
367 1660 42 36 p.
469 1649 145 40 front.
677 1650 144 40 19½cm.
891 1650 95 45 (His
1039 1651 101 38 The
1173 1651 45 39 X
1251 1651 100 39 Bar
1383 1651 44 39 X
1461 1651 115 46 boys
1607 1649 174 46 books)

158 1707 281 39 Illustrated
479 1707 359 48 lining-papers.

90 1760 49 52 ©
167 1766 124 37 June
316 1765 69 42 25.
413 1765 112 39 1935;
581 1765 67 40 2c.
678 1766 91 38 and
802 1765 81 39 aff.
913 1765 129 40 June
1066 1765 55 39 27;
1178 1766 39 38 A
1248 1765 169 47 83785;
1451 1765 202 40 Grosset
1680 1764 36 40 &
1746 1765 209 45 Dunlap,
1984 1764 89 39 inc.

165 1821 247 49 (35-8864)

92 1909 187 65 Kelty,
309 1912 173 63 Mary
510 1912 65 55 G.

217 1987 1860 70 … When history began, by Mary G. Kelty … Boston, New
95 2064 1178 69 York [etc.] Ginn and company [ c 1935]
161 2138 76 47 vii,
279 2139 86 39 239
404 2150 41 36 p.
507 2140 86 39 col.
633 2140 163 47 front.,
838 2140 127 40 illus.
995 2139 133 47 (incl.
1168 2138 161 50 maps)
1397 2138 148 41 20½cm.
1614 2137 125 48 (The
1781 2139 160 46 Tryon
1983 2139 95 38 and

95 2194 193 48 Lingley
315 2195 190 47 history
531 2196 174 48 series)

93 2247 49 52 ©
168 2253 115 37 Mar.
314 2253 67 46 19,
407 2252 113 40 1935;
578 2253 65 39 2c.
671 2254 112 46 May
808 2255 52 44 4;
890 2252 81 41 aff.
1001 2254 113 47 May
1141 2253 52 47 2;
1223 2253 41 39 A
1290 2252 170 47 82919;
1491 2254 61 38 M.
1582 2253 53 39 G.
1665 2253 159 48 Kelty,
1855 2251 222 49 Chicago.

169 2308 246 50 (35-8756)

92 2396 293 65 Kennedy,
415 2400 223 52 Walter
664 2400 237 63 Joseph,
934 2405 170 49 1883-
1259 2418 179 47 comp.

167 2474 272 70 Through
467 2477 96 52 the
589 2493 137 51 year
752 2476 139 53 with
918 2476 224 68 Christ;
1171 2476 229 68 helpful
1430 2477 113 53 and
1570 2476 289 68 inspiring
103 2480 1953 126 quotations
279 2552 151 54 from
461 2554 98 54 the
590 2554 303 54 Imitation
926 2555 66 53 of
1026 2554 197 55 Christ
1258 2555 113 53 and
1406 2554 164 53 other
1604 2571 237 36 sources.
103 2552 1956 144 Compiled
286 2632 112 52 and
431 2630 188 55 edited
649 2632 76 68 by
756 2632 91 55 W.
882 2632 56 54 J.
971 2632 298 68 Kennedy.
1343 2632 139 54 New
1518 2631 181 69 York,
1734 2632 69 53 N.
1837 2632 90 65 Y.,
1962 2631 121 52 The

99 2706 861 71 Helpful book league [ c 1934]
157 2780 25 39 3
209 2790 42 37 p.
312 2812 9 16 l.,
355 2781 177 49 [5]-126
558 2792 42 37 p.
661 2781 117 42 16cm.

97 2831 49 52 ©
172 2836 104 40 Jan.
305 2837 67 47 25,
402 2836 115 41 1935;
569 2837 67 40 2c.
663 2838 111 47 Apr.
807 2838 51 46 8;
886 2837 82 40 aff.
997 2838 113 47 Apr.
1139 2838 80 46 15;
1250 2839 39 37 A
1317 2838 170 46 81438;
1517 2838 69 39 W.
1616 2838 42 38 J.
1689 2836 247 47 Kennedy,
1965 2836 116 39 New

171 2894 133 39 York.
375 2894 249 48 (35-8819)

97 2966 247 66 Kilgore,
374 2969 236 64 Manley
636 2971 353 63 Woodbury,
1019 2971 84 53 ed.

162 3044 265 53 Personal
472 3046 383 53 recollections
892 3045 64 54 of
998 3045 246 70 English
1287 3046 112 53 and
1441 3043 302 54 American
1790 3049 175 63 poets,
2005 3043 77 68 by

101 3119 241 55 Edward
386 3122 233 53 Everett.
664 3123 152 52 Hale
859 3124 111 52 and
1017 3124 217 66 others;
1282 3122 189 53 edited
1519 3123 112 52 and
1678 3121 276 68 compiled
2004 3121 77 69 by

98 3194 220 73 Manley
343 3200 331 66 Woodbury
697 3200 239 69 Kilgore
964 3202 113 51 and
1101 3200 219 69 George
1347 3200 198 53 Frank
1571 3198 351 70 Woodbury,
1943 3217 67 34 m.
2031 3217 49 34 d.

101 3273 243 67 [Boston,
375 3277 237 52 Printed
643 3278 35 51 by
750 3277 218 70 George
1001 3277 77 53 H.
1113 3278 149 53 Ellis
1293 3296 98 49 co.,
1422 3284 19 21 c
1445 3280 152 65 1935]

163 3347 950 50 3 p. l., 185 p. front., ports. 22½cm.
166 3401 269 50 “Compiled
474 3406 126 39 from
637 3406 197 41 articles
866 3406 255 48 published
1159 3407 50 39 in
1244 3407 82 40 the
1362 3407 160 39 Arena
1562 3407 170 47 nearly
1770 3405 131 49 forty
1942 3415 141 38 years

99 3458 458 45 ago.”—Foreword.

104 3511 49 52 ©
176 3518 109 47 Apr.
312 3520 37 43 1,
382 3519 133 47 1935;
542 3519 67 41 2c.
635 3521 95 39 and
756 3520 79 40 aff.
866 3522 123 38 June
1016 3520 80 46 19;
1127 3522 39 38 A
1192 3521 169 46 84334;
1395 3521 184 48 George
1604 3522 163 38 Frank
1794 3519 288 48 Woodbury,

171 3574 182 48 Patien,
385 3578 88 38 Me.
544 3578 249 47 (35-8873)

108 3646 239 68 Kimble,
379 3652 186 53 Grace
593 3652 267 65 Eleanor,
892 3659 169 48 1894-

234 3727 1851 69 … Social work with travelers and transients; a study of
111 3806 261 50 travelers
415 3807 90 52 aid
553 3808 155 50 work
748 3811 56 49 in
851 3810 93 49 the
987 3810 214 51 United
1250 3810 205 59 States,
1496 3809 74 65 by
1613 3807 179 54 Grace
1839 3810 247 49 Eleanor

113 3879 237 59 Kimble,
464 3927 8 9 PH.
540 3928 8 9 D.
616 3885 265 68 Chicago,
909 3886 111 66 Ill.,
1047 3885 119 53 The
1197 3885 334 68 University
1557 3886 64 50 of
1651 3886 249 66 Chicago
1929 3903 156 49 press

131 3961 169 64 [ c 1935]
