2424 4375
1218 4058 100 50 984

401 503 133 42 “First
563 504 225 42 edition.”

299 570 52 52 ©
380 574 114 47 July
522 574 69 47 18,
620 573 140 48 1935;
792 575 65 40 2c.
889 578 93 38 and
1014 576 80 41 aff.
1128 578 117 48 July
1275 577 81 48 25;
1389 580 40 38 A
1459 580 169 47 84744;
1663 582 261 47 Harcourt,
1957 584 153 39 Brace
2140 584 36 39 &
2205 594 80 38 co.,

364 630 90 40 inc.
526 630 280 50 (35-10317)

294 732 230 67 Taylor,
556 735 202 63 Creed,
829 778 10 11 d.
868 738 149 51 1906.

364 811 131 52 Tall
525 830 127 33 men
682 812 139 53 with
847 814 137 65 long
1012 813 151 54 rifles;
1225 815 95 52 the
1348 817 324 63 glamorous
1701 821 158 61 story
1889 817 62 53 of
1980 818 94 52 the
2103 819 180 54 Texas

294 888 336 67 revolution,
671 908 59 33 as
765 890 122 53 told
925 890 75 66 by
1038 890 253 67 Captain
1328 891 179 56 Creed
1546 894 230 64 Taylor,
1815 894 125 53 who
1978 894 207 66 fought
2223 896 58 52 in

292 965 130 52 that
446 965 190 54 heroic
662 968 255 62 struggle
948 966 153 54 from
1131 968 278 54 Gonzales
1438 974 58 48 to
1528 970 117 55 San
1674 970 247 54 Jacinto.
1989 971 100 55 Set
2118 973 163 52 down

295 1042 1987 73 and written out by James T. DeShields … San Antonio, Tex.,
292 1120 119 53 The
444 1120 219 66 Naylor
695 1138 296 48 company,
1027 1125 150 50 1935.

361 1191 1209 52 xiv p., 1 l., 240 p. incl. front. plates. 23½ cm .
294 1245 52 52 ©
372 1250 125 39 June
521 1249 70 47 29,
617 1248 139 48 1935;
784 1249 66 41 2c.
878 1251 119 47 July
1021 1251 81 46 15;
1133 1250 78 40 aff.
1241 1251 116 48 July
1385 1251 81 47 16;
1497 1252 41 39 A
1564 1251 169 48 84664;
1762 1254 183 46 Naylor
1973 1265 66 29 co.
375 1306 280 47 (35-10444)

290 1410 232 65 Taylor,
551 1410 189 54 David
769 1412 287 52 Wooster.

362 1488 120 51 The
521 1486 106 54 life
669 1486 64 52 of
773 1489 191 53 James
1007 1489 209 65 Rolph,
1256 1488 89 66 jr.,
1387 1488 74 67 by
1501 1488 191 53 David
1734 1491 259 52 Wooster
2036 1492 210 65 Taylor;

293 1562 138 55 with
480 1564 227 68 designs
871 1564 259 54 William
1175 1566 77 52 H.
1300 1564 205 55 Wilke.
1582 1566 116 55 San
1745 1566 319 67 Francisco,
291 1568 1959 126 Committee
515 1641 92 54 for

635 1641 351 69 publication
1016 1642 63 52 of
1106 1644 95 51 the
1228 1641 107 53 life
1362 1643 64 54 of
1454 1644 192 54 James
1676 1643 209 67 Rolph,
1913 1643 89 67 jr.,
2035 1649 147 48 1934.

361 1714 1667 50 6 p. l., 126, [7] p. front., illus., plates, ports., facsims. 26 cm .
363 1773 287 39 Illustrated
683 1770 361 50 lining-papers.

363 1827 1912 49 “Of this edition … five hundred copies of a limited edition of two
292 1885 242 40 thousand
566 1885 124 40 have
722 1885 119 39 been
873 1886 140 40 made
1045 1885 80 40 for
1157 1895 28 30 a
1219 1894 151 40 group
1404 1885 52 41 of
1487 1883 188 43 friends
1710 1887 96 39 and
1841 1887 238 40 admirers
2112 1888 52 40 of
2196 1889 80 39 the

289 1943 99 39 late
416 1951 234 39 governor
679 1942 51 39 of
757 1941 269 41 California
1056 1943 58 47 by
1146 1943 80 39 the
1255 1942 240 40 Recorder
1524 1942 215 48 printing
1767 1944 95 40 and
1890 1944 276 48 publishing
2196 1956 79 36 co.,

294 1997 1980 52 San Francisco … This is copy number 403 and is signed by the
289 2056 214 42 author.”

288 2111 52 52 ©
366 2115 109 39 Dec.
505 2114 68 46 18,
601 2113 113 42 1934;
768 2114 67 40 2c.
864 2115 115 46 July
1006 2115 69 46 13,
1102 2115 113 39 1935;
1272 2114 81 40 aff.
1383 2115 116 47 July
1526 2115 55 38 11;
1636 2115 41 39 A
1704 2115 140 40 85043;
1903 2117 53 37 D.
1986 2117 70 39 W.
2083 2116 191 48 Taylor,

361 2172 95 40 San
490 2170 272 42 Francisco.
834 2170 277 48 (35-10280)

287 2272 354 65 Thompson,
670 2274 251 52 Edward
947 2274 173 59 John,
1149 2279 169 49 1886-

355 2350 96 55 Sir
475 2351 222 54 Walter
721 2350 251 67 Ralegh;
1002 2351 95 52 the
1124 2352 109 51 last
1260 2351 62 52 of
1348 2351 96 53 the
1470 2350 424 65 Elizabethans,
1919 2351 75 66 by
2020 2351 247 53 Edward

282 2427 1855 67 Thompson … London, Macmillan and co., limited, 1935.
421 2531 9 16 xv,
455 2499 86 41 387
566 2511 43 37 p.
664 2499 164 48 front.,
854 2501 162 47 ports.,
1044 2509 149 39 maps,
1222 2499 188 41 facsim.
1471 2499 53 39 23cm.

353 2556 348 49 Bibliography;
760 2567 42 37 p.
832 2556 214 40 371-378.

286 2610 1984 53 © 1c. June 28, 1935; A ad int. 20342; pubd. May 3; Edward Thompson,
356 2671 200 48 Oxford,
594 2671 234 46 England.
898 2669 279 47 (35-10714)

291 2772 292 65 [Vallette,
614 2774 168 50 Mme.
815 2771 364 61 Marguerite
1211 2770 346 66 (Eymery)]
1598 2774 170 50 1860-

413 2836 1651 80 … L’aérophage. Paris, Les Écrivains associés [1935]
356 2920 738 51 2 p. l., [7]-189 p., 1 l. 19 cm .
357 2978 62 40 At
446 2980 121 40 head
595 2979 51 38 of
672 2978 106 40 title;
835 2976 232 41 Rachilde
1319 2977 48 38 et
1392 2975 108 40 J.-J.
1529 2975 237 40 Lauzach.

281 3030 1822 63 © Feb. 12, 1935; 1c. May 6; A-Foreign 27832; Écrivains associés.
363 3099 277 47 (35-11042)

279 3200 272 65 Virginia
582 3203 106 51 and
727 3202 178 54 South
938 3204 219 49 eastern
1188 3200 202 67 digest,
1421 3198 265 67 covering
1716 3198 77 52 all
1822 3216 148 35 cases
2003 3195 260 70 reported

353 3280 58 52 in
445 3280 270 65 Virginia
747 3284 238 62 reports.
1022 3279 179 54 South
1236 3282 219 47 eastern
1490 3281 255 62 reporter
1780 3276 111 53 and
1922 3274 225 54 various
349 3291 1889 133 reports

542 3358 63 51 of
639 3357 167 52 south
841 3360 219 48 eastern
1094 3360 169 47 states
1301 3354 153 51 from
1489 3353 227 53 earliest
1749 3353 181 64 times,
1967 3351 138 52 with
345 3369 1893 118 current
502 3434 341 53 cumulative

873 3434 204 67 pocket
1106 3434 209 50 service
1345 3431 245 67 keeping
1620 3431 96 52 the
1747 3430 183 67 digest
1963 3430 206 66 always
2204 3433 56 47 to

349 3504 1908 73 date … By the publisher’s editorial staff. Volume 31-32.
349 3588 1154 67 St. Paul. West publishing co. [ c 1935]
345 3662 26 39 2
433 3693 7 7 v.
503 3661 54 40 26
560 3664 43 21 cm
610 3694 7 7 .

348 3719 74 40 On
449 3728 138 30 cover;
647 3716 112 41 1729
787 3720 48 37 to
865 3718 123 38 date.

348 3775 133 47 “Key
510 3775 200 38 number
740 3772 220 47 system.”

619 3852 104 16 CONTENTS.—V.
757 3827 73 41 31.
867 3829 156 39 Street
1059 3824 613 41 railroads-Treaties.—V.
1707 3822 71 41 32.
1813 3823 446 45 Trespass-Trover

278 3887 94 38 and
400 3885 294 41 conversion.

280 3939 51 51 ©
357 3944 76 38 July
495 3944 37 39 1,
560 3941 112 41 1935;
727 3941 65 39 2c.
818 3941 117 39 each
960 3940 116 45 Aug.
1107 3940 53 44 6;
1188 3937 107 40 affs,
1320 3937 117 47 Aug.
1464 3936 25 39 5;
1544 3936 41 38 A
1609 3935 155 47 85382,
1793 3933 140 41 85383;
1989 3935 136 39 West
2150 3932 105 47 pub.

346 4010 65 28 eo.
