2424 4375
1050 4052 101 52 367

98 455 288 63 Harbage,
416 453 228 55 Alfred.

169 531 95 54 Sir
291 530 259 53 William
580 529 320 64 Davenant,
928 533 133 61 poet
1091 532 283 59 venturer,
1407 528 328 61 1606-1668,
1764 525 76 65 by
1870 523 211 53 Alfred

103 601 1947 71 Harbage … Philadelphia, University of Pennsylvania press;
101 683 251 65 London,
380 683 76 51 H.
487 681 265 67 Milford,
785 680 228 55 Oxford
1042 680 319 67 university
1389 697 174 50 press,
1594 682 152 49 1935.

165 752 950 52 5 p. l., 317 p. front. (port.) 22cm.
167 820 369 50 Bibliography:
570 831 43 38 p.
645 819 217 41 288-303.

100 888 52 54 ©
181 894 118 38 Mar.
331 891 38 48 8,
400 890 116 41 1935;
571 891 68 39 2c.
671 891 95 39 and
798 890 80 40 aff.
911 891 120 38 Mar.
1064 888 55 40 22;
1180 890 40 39 A
1254 889 144 41 82084;
1461 890 281 48 University
1774 890 53 39 of
165 890 1903 99 Pennsylvania
338 958 149 39 press.
557 947 250 49 (35-4622)

100 1050 215 65 Hardy,
342 1049 254 56 William
625 1051 244 63 George,
899 1054 171 51 1896-

170 1126 210 53 Father
424 1126 312 68 Abraham,
780 1127 74 68 by
898 1129 89 53 W.
1035 1127 68 55 G.
1149 1128 224 67 Hardy.
1449 1128 269 66 Toronto,
1764 1129 121 51 The
101 1128 1958 129 Macmillan

324 1222 280 51 company
631 1206 63 51 of
724 1206 250 67 Canada,
1004 1204 222 54 limited
1262 1210 171 63 [1935]

169 1279 86 40 416
285 1288 42 37 p.
386 1278 115 40 20cm.

172 1336 135 46 Maps
338 1346 61 29 on
427 1334 363 49 lining-papers.

174 1390 255 42 American
465 1391 183 40 edition
696 1391 141 48 (New
874 1390 144 48 York,
1060 1390 153 49 Dodd,
1253 1391 142 39 Mead
1434 1390 37 41 &
1510 1392 258 47 company)
1818 1391 88 40 has
1948 1391 135 41 title:

105 1448 253 48 Abraham,
392 1449 163 47 prince
589 1448 52 41 of
673 1449 82 40 Ur.

100 1517 1986 54 © 1c. Feb. 16, 1935; A ad int. 19954; pubd. Dec. 21, 1934; Dodd, Mead &
168 1588 79 36 co.,
276 1578 105 46 inc.,
409 1578 115 39 New
549 1577 143 40 York.
765 1576 250 49 (35-4872)

100 1679 246 65 Harllee,
373 1677 253 56 William
657 1681 208 65 Curry,
894 1680 171 54 1877-

229 1755 1857 69 … Kinfolks, a genealogical and biographical record of
103 1835 240 53 Thomas
380 1835 111 52 and
530 1835 301 52 Elizabeth
863 1834 257 67 (Stuart)
1166 1835 254 66 Harllee,
1455 1833 252 54 Andrew
1744 1835 113 51 and
1892 1835 193 67 Agnes

115 1911 204 69 (Cade)
378 1913 285 65 Fulmore,
711 1911 307 69 Benjamin
1064 1913 113 52 and
1223 1914 171 64 Mary
1442 1912 205 67 Curry,
1696 1912 230 55 Samuel
1972 1912 114 52 and

101 1990 216 53 Amelia
352 1989 277 68 (Russell)
671 1992 206 66 Kemp,
908 1991 157 54 John
1095 1991 112 51 and
1238 1989 254 53 Hannah
1524 1989 287 68 (Walker)
1853 1990 233 68 Bethea,

107 2066 248 69 Sterling
401 2068 175 56 Clack
619 2069 113 51 and
774 2070 245 50 Frances
1052 2067 215 68 (King)
1321 2068 335 67 Robertson,
1700 2067 230 55 Samuel
1974 2070 112 51 and

104 2144 210 69 Sophia
349 2148 136 51 Ann
516 2146 272 67 (Parker)
834 2145 236 67 Dickey,
1104 2145 150 54 their
1289 2146 376 67 antecedents,
1700 2147 386 67 descendants,

106 2225 108 51 and
261 2225 288 51 collateral
598 2223 280 67 relatives,
925 2223 141 52 with
1113 2224 234 67 chapter
1394 2225 342 66 concerning
1780 2228 145 50 state
1974 2227 112 51 and

106 2307 202 61 county
351 2302 223 52 records
619 2302 113 51 and
775 2302 94 52 the
914 2302 323 52 derivation
1278 2301 62 53 of
1385 2301 250 54 counties
1680 2303 62 52 of
1786 2304 300 68 Alabama,

106 2380 248 64 Florida,
390 2378 265 68 Georgia,
691 2378 366 68 Mississippi,
1094 2379 187 54 North
1321 2380 286 67 Carolina,
1645 2382 442 67 Pennsylvania,

107 2455 175 55 South
315 2457 287 61 Carolina,
631 2460 327 63 Tennessee,
987 2459 183 51 Texas
1202 2458 112 51 and
1343 2457 288 67 Virginia,
1660 2461 283 65 prepared
1974 2461 113 52 and

106 2534 296 68 published
443 2536 75 65 by
558 2535 260 54 William
863 2534 186 67 Curry
1092 2535 252 66 Harllee,
1390 2535 236 53 assisted
1668 2537 75 66 by
1785 2555 300 36 numerous

108 2613 412 52 collaborators.
633 2612 224 52 [volume
906 2614 31 47 2]
1047 2613 139 52 New
1239 2612 258 68 Orleans,
1549 2616 119 66 La.,
1719 2616 242 53 Printed
2011 2617 75 68 by

109 2689 202 68 Searcy
334 2694 44 49 &
401 2687 181 68 Pfaff,
604 2690 124 66 ltd.,
751 2693 149 52 1935.

196 2760 1751 51 1 p. l., [969]-1950 p. illus. (incl. ports., facsims.) diagrs. 23½cm.
106 2828 1982 56 © Mar. 15, 1935; 1c. and aff. Apr. 6: 1c. Apr. 17; A 81475; W. C. Harllee,
172 2889 114 41 New
315 2889 215 42 Orleans.

105 2992 254 66 Hassler,
390 2994 184 54 Isaac.

108 3068 1955 144 … Land of the double oceans, by Isaac Hassler … Philadelphia,
378 3146 291 52 Dorrance
697 3147 46 51 &
771 3163 98 47 co.,
894 3145 109 52 inc.
1055 3147 157 51 [c1935]

174 3217 84 40 146
285 3228 43 38 p.
388 3217 144 40 19½cm.
603 3214 403 50 (Contemporary
1032 3218 136 47 poets
1198 3217 52 40 of
1280 3217 260 47 Dorrance,
1573 3218 107 48 132)

110 3282 50 53 ©
183 3288 117 39 Mar.
327 3288 41 47 4,
395 3288 115 40 1935;
562 3287 66 40 2c.
657 3288 122 39 Mar.
804 3286 57 41 26;
915 3286 80 40 aff.
1024 3288 121 39 Mar.
1171 3286 59 41 27;
1282 3287 41 39 A
1351 3287 143 41 82171:
1551 3289 247 41 Dorrance
1827 3292 36 39 &
1889 3303 81 36 co.,
1999 3294 77 41 inc

184 3344 247 48 (35-4619)

108 3443 291 68 Heinrich,
429 3447 142 54 Otto
598 3447 207 64 Franz,
835 3450 169 51 1902-

230 3520 1857 71 … Hallo, Peter ist verschwunden! Die geschichte einer
105 3597 479 56 abenteuerlichen
622 3599 189 66 fahrt;
851 3597 107 55 mit
993 3599 424 54 Illustrationen
1453 3619 112 34 von
1600 3602 150 53 Karl
104 3604 1958 125 Mühlmeister.

300 3679 216 66 Berlin,
549 3676 371 69 Meidinger’s
950 3676 497 69 jugendschriften
1482 3680 198 64 verlag
1720 3684 175 63 [c1934]

177 3748 1800 53 219, [1] p. mounted col. front., illus., mounted col. plates. 23 ½ cm.
178 3806 60 40 At
263 3808 123 38 head
414 3807 51 40 of
488 3806 109 40 title:
653 3806 52 40 O.
733 3807 51 39 F.
812 3806 247 40 Heinrich.

179 3861 165 42 “1.-10.
380 3861 249 42 tausend.”

114 3926 1977 59 © Nov. 30, 1934; 1c. Feb. 19, 1935; A-Foreign 26907; Meidinger’s
181 3988 417 48 jugendschriften
626 3988 178 43 verlag.
834 3998 41 38 g.
906 3999 57 27 m.
993 3987 42 40 b.
1065 3988 45 38 h.
1181 3987 250 49 (35-4789)
