2424 4375
1200 4105 134 50 1510

303 487 275 64 Thomas,
606 489 264 52 Norman
901 489 287 63 Mattoon,
1219 493 170 49 1884-

374 563 1855 71 War; no glory, no profit, no need, by Norman Thomas …
304 642 138 53 New
471 641 178 69 York,
679 641 308 54 Frederick
1014 643 71 54 A.
1118 642 200 55 Stokes
1348 661 295 51 company,
1677 648 148 50 1935.

376 714 71 42 xii
473 725 58 39 p.,
559 715 26 40 1
647 746 10 17 l.,
684 714 86 41 234
797 725 42 38 p.
898 714 145 41 19½cm.

377 771 1916 56 In chapters V and VI has been inserted certain material commenting
306 839 60 29 on
394 827 263 48 Ethiopian
686 829 357 46 developments
1070 829 93 39 and
1194 838 57 29 on
1281 828 81 40 the
1389 839 106 30 new
1522 829 256 41 American
1807 832 143 39 stand
1980 832 77 39 for
305 834 1967 99 neutrality.
449 885 62 48 cf.
542 885 273 42 Foreword.

376 942 178 40 “Notes
584 953 60 29 on
676 940 254 49 chapters”:
993 951 42 38 p.
1068 941 217 41 223-234.

302 996 54 52 ©
384 999 100 40 Oct.
513 999 68 47 18,
612 998 139 47 1935;
782 998 66 40 2c.
879 998 101 41 Oct.
1006 999 82 46 24;
1120 998 81 41 aff.
1232 998 101 41 Oct.
1362 998 82 47 22;
1476 999 40 39 A
1546 999 168 47 86944;
1747 1000 260 41 Frederick
2036 1003 54 38 A.
2124 1004 170 39 Stokes

375 1067 66 29 co.
512 1055 278 48 (35-21221)

303 1157 197 63 Tittle,
533 1160 217 53 Ernest
781 1161 297 61 Fremont,
1112 1164 168 49 1885-

374 1236 55 51 A
479 1254 126 50 way
653 1240 57 48 to
762 1235 122 68 life,
933 1236 75 68 by
1060 1236 209 53 Ernest
1317 1237 275 51 Fremont
1641 1237 192 52 Tittle.
1924 1237 138 52 New
2115 1238 178 67 York,

300 1314 925 69 H. Holt and company [ c 1935]
373 1388 84 48 xii,
486 1388 87 41 183
600 1400 43 37 p.
701 1388 145 41 19½cm.

375 1446 130 43 “The
532 1446 258 40 substance
819 1446 52 39 of
897 1446 99 40 this
1026 1446 122 39 book
1177 1456 102 30 was
1308 1447 255 47 presented
1594 1446 51 40 in
1675 1457 28 30 a
1735 1446 148 41 series
1913 1447 52 40 of
1993 1449 208 40 lectures
2231 1459 59 30 on

303 1502 82 41 the
431 1503 129 47 Ayer
606 1501 291 42 foundation
945 1505 55 38 at
1044 1502 485 48 Colgate-Rochester
1577 1501 209 50 divinity
1832 1505 162 40 school
2041 1504 50 39 in
2138 1505 151 49 April,

301 1558 351 41 1935.”—Pref.

300 1613 52 51 ©
385 1616 102 39 Oct.
519 1616 68 45 17,
621 1614 112 40 1935;
793 1616 67 38 2c.
893 1616 95 38 and
1021 1615 80 39 aff.
1137 1615 102 40 Oct.
1272 1615 58 39 19;
1388 1617 40 37 A
1458 1616 143 39 86877;
1664 1617 169 46 Henry
1865 1618 121 38 Holt
2016 1618 37 38 &
2085 1628 81 35 co.,
2198 1618 91 38 inc.

379 1671 278 49 (35-21555)

297 1733 287 64 Toulmin,
615 1734 200 63 Harry
848 1732 260 66 Aubrey,
1142 1735 171 51 1890-

367 1809 256 69 Graphic
650 1828 193 35 course
871 1809 64 52 of
964 1808 326 69 patentable
1320 1809 341 67 inventions,
1689 1810 75 67 by
1794 1809 77 52 H.
1902 1809 69 51 A.
2002 1810 286 65 Toulmin,

295 1887 1828 69 jr. … New York, D. Van Nostrand company, inc., 1935.
367 1961 61 48 vi,
460 1961 117 41 7-40
601 1972 43 38 p.
706 1961 175 48 diagrs.
943 1961 115 40 23cm.

297 2014 52 52 ©
371 2019 119 47 Aug.
515 2019 68 47 16,
609 2017 113 41 1935;
773 2018 67 40 2c.
865 2018 117 47 Aug.
1006 2017 54 39 22;
1114 2017 82 40 aff.
1222 2017 101 40 Oct.
1349 2017 80 47 10;
1458 2019 40 37 A
1523 2016 168 48 86689;
1719 2019 56 39 D.
1801 2019 105 38 Van
1932 2018 246 40 Nostrand
2205 2028 81 40 co.,

362 2073 92 42 inc.
528 2074 279 50 (35-21230)

295 2178 262 64 Touring
584 2178 129 54 club
745 2178 260 56 italiano.

294 2252 1966 133 … Gli stati del mondo; commento geografico-statistico all’ Atlante
633 2329 444 55 internazionale
1120 2332 90 52 del
1253 2332 63 51 T.
1362 2333 61 54 C.
1468 2331 48 52 I.
1591 2334 104 48 494
1734 2330 206 54 schizzi
1982 2351 25 33 e
2051 2333 230 52 cartine.

294 2409 217 54 Milano
571 2408 323 69 [Stamperia
930 2409 270 67 Capriolo
1232 2411 44 49 &
1308 2408 352 68 Massimino]
1700 2412 150 49 1934.

365 2483 114 40 1287
513 2494 42 36 p.
617 2483 126 39 illus.
788 2482 184 48 (maps)
1016 2482 177 46 diagrs.
1254 2482 145 40 31½cm.

365 2539 62 39 At
456 2540 122 38 head
609 2539 51 39 of
689 2539 107 40 title:
855 2539 210 45 Tovring
1093 2539 104 38 clvb
1229 2537 216 41 italiano.

294 2591 1986 52 © Nov. 8. 1934; 1c. June 12, 1935; A-Foreign 28267; Touring club
361 2651 218 41 italiano.
651 2652 278 48 (35-21243)

292 2740 248 65 Trabue,
573 2740 228 53 Marion
833 2741 142 63 Rex,
1008 2743 198 49 1890-.

363 2817 1916 68 Today’s English. 5th yr. By M. R. Trabue … and Bessie
291 2894 1962 147 Bacon Goodrich … New York, Chicago, C. E. Merrill company [ c 1935 ]
358 3058 95 30 xlv.
481 3046 83 39 242
592 3058 42 37 p.
691 3046 141 46 illus.,
861 3047 83 38 col.
973 3047 170 46 plates.
1197 3045 144 39 19½cm.

293 3099 51 52 ©
377 3104 115 39 July
525 3103 68 48 12,
628 3101 139 48 1935;
802 3102 66 40 21c.
902 3103 95 38 and
1030 3101 82 40 aff.
1147 3102 116 39 Nov.
1299 3102 51 41 8;
1388 3102 39 37 A
1462 3099 168 48 89225;
1668 3100 201 40 Charles
1905 3102 50 38 E.
1992 3100 184 39 Merrill
2211 3111 62 30 co.

290 3255 278 63 Trenker,
599 3254 160 63 Luis,
791 3258 160 48 1893-

288 3324 1986 149 … Kameraden der berge; mit 62 abbildungen. Berlin, T. Knaur nachf., 1935.
359 3476 1453 53 235, [1] p. front., illus. (music) plates, ports. 20 ½ cm.
290 3532 1871 52 © Feb. 15, 1935; 1c. July 10; A-Foreign 28437; Th. Knaur nachf.
372 3591 278 47 (35-21241)

290 3680 128 52 Van
445 3681 177 64 Loon,
651 3681 264 52 Hendrik
945 3679 245 64 Willem,
1220 3683 168 51 1882-

360 3755 241 55 Around
637 3757 94 52 the
769 3758 175 52 world
985 3756 137 52 with
1158 3757 93 52 the
1290 3756 267 67 alphabet
1592 3756 112 53 and
1739 3754 266 54 Hendrik
2041 3752 224 56 Willem

291 3849 109 34 van
423 3833 174 52 Loon.
658 3835 81 50 To
764 3834 159 51 teach
948 3833 148 53 little
1118 3832 254 53 children
1398 3831 148 53 their
1569 3833 192 51 letters
1786 3831 111 52 and
1922 3836 56 46 at
2003 3830 93 51 the
2121 3844 144 37 same

292 3905 133 53 time
462 3907 129 68 give
627 3909 148 52 their
814 3927 177 49 papas
1030 3911 111 51 and
1180 3927 210 35 mamas
1427 3907 319 67 something
1783 3912 56 47 to
1878 3905 165 53 think
2080 3905 181 51 about.

295 3985 155 67 [New
479 3986 177 66 York,
688 3985 196 56 Simon
913 3987 112 53 and
1056 3987 284 64 Schuster,
1369 3986 125 64 inc.,
1522 3991 17 22 c
1545 3988 149 62 1935]
