2424 4375
1054 4060 133 54 1479

126 443 301 67 Williams,
455 444 330 66 Valentine,
815 451 168 50 1883-

191 560 57 11 …
277 521 120 51 The
419 521 121 51 clue
563 521 63 52 of
651 521 94 52 the
769 520 182 69 rising
970 538 185 48 moon,
1179 521 74 67 by
1278 519 303 54 Valentine
1604 520 304 54 Williams.

117 522 1967 126 Boston
250 597 111 53 and
397 596 136 53 New
572 597 179 66 York,
783 597 317 69 Houghton
1137 596 202 53 Mifflin
1376 614 297 52 company,
1711 600 151 50 1935.

187 668 645 51 3 p. l., [3]-268 p. 19½ cm .
189 726 63 41 At
276 727 122 40 head
423 726 52 40 of
498 726 108 41 title;
663 727 35 37 A
728 727 138 39 black
889 726 125 40 band
1044 730 226 44 mystery.

121 793 51 53 ©
208 798 127 47 Sept.
368 799 69 40 24.
470 798 138 46 1935;
643 798 67 40 2c.
744 799 94 39 and
871 798 81 40 aff.
988 798 101 41 Oct.
1125 798 80 46 14;
1242 799 41 38 A
1315 798 169 47 87682;
1521 799 53 40 V.
1609 798 255 49 Williams,
1899 799 212 41 London.

201 854 277 48 (35-19000)

128 958 274 68 [Wilmot,
430 959 202 54 James
659 958 304 67 Reginald]
1000 961 169 54 1897-

190 1033 121 54 The
337 1034 319 53 Moorcroft
685 1053 197 34 manor
910 1040 269 63 mystery,
1206 1035 74 68 by
1310 1034 191 69 Ralph
1534 1035 219 52 Trevor
1798 1036 209 67 [pseud.]
2048 1078 56 11 …

122 1110 255 69 London,
402 1112 233 69 Wright
664 1112 44 49 &
739 1114 209 51 Brown
981 1115 171 64 [1935]

190 1182 85 42 249
306 1195 40 37 p.
407 1184 55 40 19
466 1186 43 21 cm
513 1216 9 9 .

123 1252 1991 54 © 1c. Apr. 20, 1935; A ad int. 20148; pubd. Feb. 20; J. R. Wilmot, Higher
195 1313 282 48 Bebington,
505 1313 245 48 Cheshire,
778 1313 234 47 England.
1082 1314 279 47 (35-19998)

125 1414 300 67 Winbray,
456 1415 188 54 David
673 1416 162 64 Neel,
863 1420 171 50 1866-

192 1492 246 68 Ozarka,
482 1493 76 67 by
602 1492 161 52 Dave
809 1491 295 70 Winbray.
1213 1492 116 55 [San
1374 1492 273 69 Antonio,
1694 1494 155 67 Tex.,
1895 1492 219 70 Naylor

123 1569 261 70 printing
413 1588 97 51 co.,
540 1577 18 22 c
564 1573 150 64 1935]

195 1642 735 50 1 p. l., 22 p. front. 19½cm.
125 1709 51 53 ©
202 1714 114 47 July
343 1713 69 47 20,
441 1713 140 46 1935;
609 1713 67 40 2c.
704 1713 119 48 Aug.
853 1714 51 46 3;
934 1713 82 40 aff.
1046 1713 115 47 July
1189 1713 54 40 27;
1303 1713 39 39 A
1372 1713 168 47 85323;
1574 1715 136 40 Dave
1737 1714 247 47 Winbray,
2018 1717 94 40 San

194 1769 221 42 Antonio.
486 1768 279 51 (35-20675)

127 1873 292 66 Winslow,
446 1873 154 64 Ann,
628 1873 84 54 ed.

196 1949 162 53 Trial
397 1949 277 69 balances,
715 1950 186 54 edited
940 1950 76 68 by
1054 1952 134 51 Ann
1228 1951 292 55 Winslow.
1596 1953 137 53 New
1775 1954 178 66 York,
1994 1955 120 52 The

125 2027 331 55 Macmillan
490 2046 295 50 company,
819 2033 147 50 1935.

197 2099 683 51 xvi p., 1 l., 225 p. 22½ cm .
200 2157 72 41 On
300 2167 140 31 cover;
497 2157 73 39 An
597 2157 262 48 anthology
884 2156 52 41 of
961 2167 106 30 new
1094 2158 183 47 poetry.

200 2213 224 41 Includes
459 2213 228 42 “Critical
723 2214 197 40 articles
955 2213 48 40 in
1039 2213 158 41 which
1229 2213 267 49 important
1531 2215 135 48 poets
1700 2215 95 39 and
1831 2213 165 43 critics
2031 2216 83 40 tell

131 2269 126 42 their
283 2269 222 50 opinions
534 2271 51 40 of
615 2271 81 40 the
724 2279 158 40 young
912 2269 570 43 writers.”—Foreword.

201 2326 368 50 “Biographical
604 2327 163 41 notes”;
832 2338 41 38 p.
908 2328 217 41 213-217.

129 2395 51 53 ©
204 2399 100 41 Oct.
329 2400 39 47 8,
394 2398 111 41 1935;
559 2399 68 41 2c.
653 2400 95 39 and
773 2398 82 41 aff.
881 2397 101 42 Oct.
1008 2397 29 40 9;
1089 2399 39 38 A
1153 2398 145 41 87540;
1353 2398 279 40 Macmillan
1660 2410 67 29 co.

207 2455 278 49 (35-18932)

130 2559 175 64 Wise,
329 2561 88 52 W.
444 2561 260 63 Harvey,
729 2561 71 64 jr.

197 2635 55 51 A
283 2634 402 70 bibliography
718 2634 63 54 of
813 2635 247 52 Thomas
1092 2632 300 70 Jefferson,
1424 2633 278 68 compiled
1734 2633 75 68 by
1844 2633 87 53 W.
133 2634 1961 145 Harvey

283 2712 171 65 Wise,
502 2710 89 69 jr.,
639 2712 111 52 and
801 2711 151 54 John
1003 2711 86 52 W.
1145 2709 230 55 Cronin.
1467 2709 396 70 Washington,
1915 2711 68 52 D.
2038 2711 80 69 C.,

132 2786 307 56 Riverford
469 2787 331 68 publishing
828 2805 290 50 company,
1152 2790 148 50 1935.

197 2858 56 41 72
280 2869 44 38 p.
383 2859 57 40 26
441 2862 44 21 cm
490 2890 8 9 .
568 2859 98 47 (On
695 2872 139 30 cover;
886 2860 350 40 “Presidential
1268 2860 399 48 bibliographical
1700 2861 164 40 series,
1923 2872 74 29 no.
2028 2859 80 49 3”)

201 2915 222 42 Includes
452 2916 146 40 blank
627 2926 145 39 pages
810 2916 191 46 (67-72)

134 2977 51 53 ©
217 2982 100 41 Oct.
354 2983 67 46 17,
458 2981 139 48 1935;
633 2983 65 38 2c.
735 2983 94 38 and
866 2981 80 40 aff.
983 2981 100 40 Oct.
1122 2981 53 39 18;
1242 2982 42 38 A
1317 2981 169 47 87770;
1525 2982 71 40 W.
1633 2982 60 39 H.
1729 2980 144 51 Wise,
1910 2981 76 48 jr.,
2022 2983 95 39 and

201 3039 126 39 John
354 3040 70 39 W.
453 3038 192 47 Cronin,
675 3038 330 47 Washington.
1077 3037 278 49 (35-20260)

135 3142 245 65 Wolber,
407 3143 219 63 Joseph
657 3142 282 64 Gregory.

209 3260 55 11 …
319 3217 283 54 Practical
655 3218 112 52 and
818 3216 276 53 technical
1147 3215 341 70 electricity;
1541 3217 175 52 house
1766 3217 227 68 wiring,
2041 3218 77 68 by

134 3294 211 69 Joseph
375 3294 68 56 G.
471 3295 233 54 Wolber
737 3338 55 9 …
830 3296 112 52 and
975 3294 138 55 Otto
1145 3296 74 52 K.
1251 3295 148 54 Rose
1432 3337 55 10 …
1558 3295 98 52 4th
1689 3294 83 53 ed.
1850 3294 269 70 Chicago,

135 3372 117 53 The
279 3372 599 55 Goodheart-Willcox
905 3390 297 50 company,
1229 3374 125 66 inc.,
1382 3374 149 50 1935.

205 3443 1906 51 5 p. l., 348 p. illus., diagrs. 20½ cm . (The American electrician series)
139 3496 49 53 ©
220 3501 99 42 Oct.
352 3503 67 46 15,
452 3502 139 47 1935;
626 3503 67 40 2c.
726 3503 94 39 and
854 3503 79 40 aff.
968 3502 102 41 Oct.
1104 3503 80 46 18;
1220 3503 42 38 A
1294 3502 168 47 87760;
1500 3502 504 41 Goodheart-Willcox
2037 3515 81 38 co.,

205 3557 87 42 inc.
363 3559 277 49 (35-21233)

139 3658 191 68 Wons,
360 3662 300 63 Anthony.

208 3738 204 67 Tony’s
443 3757 162 49 scrap
638 3740 159 52 book.
875 3742 237 49 1935-36
1144 3739 83 52 ed.
1297 3741 89 64 By
1418 3739 275 67 Anthony
1722 3741 194 53 Wons.
142 3737 1952 143 Chicago,
318 3816 119 52 The
466 3816 188 66 Reilly
682 3821 45 48 &
754 3818 108 50 Lee
889 3835 76 34 co.
1003 3850 11 33 [
1020 3825 18 19 c
1043 3820 151 62 1935]

208 3887 80 40 113
316 3898 42 37 p.
413 3888 147 40 front.
590 3887 170 50 (port.)
824 3889 54 39 21½
911 3891 44 21 cm
959 3919 8 9 .

143 3935 50 53 ©
216 3942 99 41 Oct.
339 3945 37 46 7,
401 3944 111 41 1935;
566 3945 66 40 2c.
658 3946 93 39 and
777 3944 80 40 aff.
925 3947 59 38 Oct.
1011 3944 53 40 10;
1117 3945 38 38 A
1179 3944 141 41 86684;
1376 3944 53 40 A.
1456 3944 159 47 Wons,
1641 3944 151 46 Eagle
1816 3943 160 47 River,
2003 3941 116 43 Wis.
