2424 4375
1065 4055 100 49 333

205 525 82 39 127
320 536 41 37 p.
393 525 109 39 incl.
533 524 163 47 front.,
729 525 126 39 illus.
915 523 55 38 22
974 526 43 21 cm
1022 555 9 10 .
1101 523 116 48 (His
1248 525 100 39 The
1379 524 128 41 little
1539 523 175 40 Indian
1745 523 174 47 series)

205 581 283 41 Illustrated
527 580 359 49 lining-papers.

137 635 51 53 ©
215 640 119 38 Mar.
362 637 69 47 23,
460 637 140 46 1935;
630 636 66 41 2c.
727 637 98 39 and
849 636 83 40 aff.
962 637 121 38 Mar.
1112 636 83 46 26;
1225 636 41 39 A
1295 636 170 47 81171;
1499 636 202 40 Grosset
1728 636 36 39 &
1793 636 210 47 Dunlap,
2033 635 90 42 inc.

212 693 248 50 (35-4338)

135 797 229 63 Cronin,
396 796 321 55 Archibald
748 796 238 64 Joseph.

200 874 119 53 The
345 879 143 48 stars
518 874 131 51 look
674 874 181 52 down.
925 874 361 66 [Instalment
1310 878 51 61 4]

213 949 82 48 (In
320 943 182 44 Nash’s
531 943 108 43 Pall
668 944 118 42 mall
816 943 276 51 magazine,
1120 942 190 51 March,
1341 943 143 50 1935)

134 1014 1992 54 © 1c. Apr. 13, 1935; A ad int. 20138; pubd. Feb. 18; Internatl. magazine
200 1086 81 36 co.,
307 1074 104 48 inc.,
441 1075 119 39 New
584 1074 142 39 York.

133 1176 340 64 Daughters
499 1178 64 52 of
589 1177 287 53 founders
902 1177 115 53 and
1046 1176 259 64 patriots
1330 1176 64 52 of
1422 1175 293 57 America.

200 1252 247 69 Lineage
469 1254 147 52 book
639 1254 64 52 of
726 1254 97 54 the
846 1253 273 54 National
1143 1254 210 66 society
1380 1254 63 53 of
1468 1254 326 67 Daughters
1821 1251 64 55 of

134 1253 1986 146 founders and patriots of America … Volume XXIII. 1935. [West
136 1408 346 67 Somerville,
514 1412 190 64 Mass.,
739 1409 334 54 Somerville
1105 1409 265 68 printing
1401 1428 98 49 co.,
1533 1411 152 65 1935]

196 1484 55 39 94
281 1495 43 36 p.
383 1482 57 40 24
442 1485 44 20 cm
491 1514 8 9 .

132 1549 51 53 ©
206 1554 117 39 Mar.
346 1552 70 48 29,
439 1552 113 41 1935
570 1563 9 36 ;
605 1553 67 39 2c.
694 1553 115 47 Apr.
832 1553 52 46 3;
909 1551 82 40 aff.
1015 1552 113 47 Apr.
1152 1552 53 47 1;
1231 1552 41 39 A
1296 1551 170 47 81273;
1492 1552 131 39 Natl.
1649 1562 93 29 soc.
1767 1551 52 40 of
1842 1552 281 47 Daughters

197 1610 51 39 of
272 1610 237 39 founders
535 1611 98 38 and
657 1610 213 47 patriots
895 1609 55 40 of
974 1609 237 46 America,
1241 1608 335 47 Washington.

132 1709 258 67 Gielgud,
420 1713 110 52 Val
559 1713 223 63 Henry.

194 1787 235 54 Murder
454 1791 61 51 in
546 1789 96 52 the
673 1789 203 53 studio.
958 1789 362 66 [Instalment
1353 1791 82 64 11]

207 1863 82 49 (In
315 1858 236 43 Pictorial
580 1859 204 52 weekly,
812 1859 125 43 Mar.
969 1861 41 48 2,
1041 1858 142 50 1935)

132 1928 1986 53 © 1c. Apr. 19, 1935; A ad int, 20149; pubd. Feb. 22; V. H. Gielgud,
197 1990 206 39 London.

130 2092 237 65 Gilbert,
396 2092 304 65 Anthony.

197 2169 119 53 The
344 2187 133 35 man
507 2170 60 52 in
599 2169 203 53 button
835 2169 176 66 boots,
1042 2169 75 67 by
1148 2168 278 66 Anthony
1457 2168 243 54 Gilbert.
1767 2167 137 53 New
1942 2166 175 66 York,

131 2245 920 68 H. Holt and company [ c 1935]
195 2316 83 42 285
314 2329 43 39 p.
414 2317 61 42 19½
505 2320 45 22 cm
553 2349 9 10 .

132 2383 50 54 ©
210 2390 118 38 Mar.
359 2389 69 46 21,
457 2387 113 41 1935
588 2399 8 36 ;
628 2387 67 41 2c.
726 2390 95 38 and
850 2387 81 41 aff.
962 2388 122 39 Mar.
1115 2388 82 46 27;
1229 2388 44 39 A
1298 2386 170 48 82199;
1501 2387 168 48 Henry
1697 2387 123 40 Holt
1818 2397 3 12 '
1847 2387 36 40 &
1912 2397 82 36 co.,
2025 2386 92 42 inc.

204 2445 247 48 (35-4334)

129 2546 265 64 Goerlitz,
423 2548 159 53 Theo
610 2547 264 66 Ludwig.

131 2621 1960 145 … Landok flieht vor dem glück, erzahlung. Stuttgart, Berlin,
259 2700 279 54 Deutsche
572 2701 458 66 verlags-anstalt
1071 2734 13 34 [
1090 2708 17 21 c
1113 2704 150 63 1934]

198 2770 564 51 140, [1] p., 1 l. 20 cm .
199 2826 63 41 At
287 2828 123 40 head
439 2828 51 39 of
518 2828 134 40 title:
680 2828 130 40 Theo
838 2829 50 39 L.
915 2828 225 41 Goerlitz.

128 2881 1987 54 © Aug. 24, 1934; 1c. Feb. 19, 1935 ; A-Foreign 26958; Deutsche verlags-
195 2944 195 40 anstalt.
460 2943 252 49 (35-4310)

126 3044 310 67 Hampton,
464 3047 200 56 Wade.

194 3120 182 55 When
407 3125 76 51 all
515 3142 114 34 was
657 3125 128 65 lost,
812 3123 75 67 by
912 3123 184 55 Wade
1125 3123 314 66 Hampton.
1507 3121 118 56 San
1655 3122 273 65 Antonio,
1956 3122 156 63 Tex.,

129 3195 1088 72 Giffen publishing company [ c 1935]
194 3268 490 52 2 p. l. , 80 p. 20 cm .
196 3324 70 41 On
293 3337 159 31 cover:
481 3327 40 38 A
547 3337 222 32 romance
797 3327 52 42 of
874 3328 81 41 the
982 3327 120 41 turf.

130 3376 51 53 ©
217 3383 117 40 Mar.
374 3385 69 47 15,
482 3384 140 47 1935;
661 3385 67 39 2c.
769 3385 95 39 and
902 3383 81 40 aff.
1025 3385 121 38 Mar.
1185 3383 81 46 23;
1310 3382 38 39 A
1387 3383 170 47 81164;
1599 3384 71 39 W.
1710 3383 261 47 Hampton,
2014 3383 96 40 San

194 3439 216 41 Antonio.
483 3441 249 49 (35-4335)

127 3541 231 67 Harley,
387 3544 154 54 John
570 3546 260 63 Eugene.

194 3618 421 69 Documentary
638 3622 269 53 textbook
932 3640 72 34 on
1028 3623 409 52 international
1462 3619 300 66 relations;
1791 3638 32 35 a
1847 3623 122 49 text
1996 3618 112 53 and

130 3693 276 55 reference
441 3697 170 66 study
647 3697 390 67 emphasizing
1072 3698 198 53 official
1307 3697 327 52 documents
1671 3696 112 53 and
1820 3695 289 53 materials

129 3770 239 68 relating
389 3777 59 49 to
471 3774 179 52 world
674 3792 167 47 peace
865 3775 110 52 and
999 3774 407 53 international
1430 3773 402 64 co-operation,
1853 3772 77 65 by
1952 3772 155 54 John

127 3842 1884 73 Eugene Harley … Los Angeles, Calif., Suttonhouse, 1934.
195 3916 147 49 xxvii,
380 3917 85 41 848
502 3930 43 38 p.
605 3919 57 39 24
663 3922 45 21 cm
711 3951 8 8 .
797 3919 296 49 (Half-title:
1128 3920 282 48 University
1449 3920 52 40 of
1540 3919 240 42 Southern
1819 3918 286 43 California.

130 3968 165 45 School
324 3974 51 41 of
401 3976 226 40 research
653 3975 162 42 series,
872 3987 74 30 no.
973 3976 53 48 3)
