2424 4375
1034 4031 100 56 745

102 419 343 64 Aeschylus.

103 493 1957 132 … The seven against Thebes <Septem contra Thebas> translated
285 569 120 55 into
436 570 242 69 English
709 569 269 69 rhjnning
1008 589 155 36 verse
1193 570 139 53 with
1364 569 386 54 introduction
1783 570 109 53 and
1927 578 156 47 notes

105 646 1952 72 by Gilbert Murray … London, G. Allen & Unwin, ltd. [1935]
171 719 705 49 2 p. l., 7-89, [1] p. 18 ½cm .
101 777 1983 52 © 1c. Apr. 25, 1935; A ad int. 20159; pubd. Apr. 9; Oxford univ. press,
167 838 116 38 New
304 837 144 45 York,
471 836 103 47 inc.,
597 836 116 39 New
733 836 142 38 York.
950 834 249 48 (35-8342)

99 940 291 65 Alderfer,
419 940 221 53 Harold
669 940 203 56 Freed.

162 1016 303 52 American
492 1016 334 68 citizenship
853 1014 92 54 for
972 1014 509 70 Pennsylvanians,
1506 1015 75 69 by
1608 1016 77 54 H.
1712 1017 66 52 F.
1806 1014 275 55 Alderfer

99 1091 1958 132 … and Andrew S. Sukel … Harrisburg, Pa., The Pennsylvania
284 1170 582 67 book service [ c 1935]
164 1241 953 50 5 p. l., 548 p. illus., diagrs. 20 ½cm .
167 1300 305 41 “Additional
502 1298 253 49 readings”
782 1301 52 39 at
858 1300 90 40 end
976 1299 52 40 of
1053 1299 119 41 each
1198 1299 213 48 chapter.

100 1356 49 52 ©
173 1361 76 38 May
307 1359 68 47 18,
398 1358 112 40 1935;
562 1357 66 41 2c.
653 1358 94 39 and
771 1357 81 41 aff.
876 1358 123 40 June
1022 1359 25 39 3;
1099 1358 41 39 A
1163 1358 169 47 84056;
1359 1359 356 48 Pennsylvania
1740 1360 123 40 book
1886 1360 197 41 service.

176 1415 247 50 (35-8191)

102 1520 247 64 Ashton,
375 1519 162 56 Karl.

167 1593 1915 69 Pleasure boat, by Karl Ashton … New York, Godwin
122 1677 170 63 [ c 1935]
166 1747 81 41 277
273 1758 43 38 p.
371 1746 57 41 19½
457 1748 44 23 cm
505 1777 10 10 .

100 1802 49 52 ©
176 1806 111 46 May
314 1804 68 46 13,
409 1803 140 46 1935;
577 1803 67 40 2c.
673 1803 113 47 May
813 1803 56 39 17;
923 1802 80 40 aff.
1033 1803 113 47 May
1171 1802 82 47 18;
1283 1803 42 38 A
1350 1803 169 47 81871;
1552 1803 214 47 Godwin,
1795 1803 286 49 publishers,

169 1861 88 41 inc.
330 1860 249 49 (35-8219)

98 1964 205 64 Baker,
329 1963 220 53 Robert
575 1964 246 62 Horace,
851 1966 169 50 1883-

161 2037 1916 69 An introduction to astronomy, by Robert H. Baker … New
99 2116 171 68 York,
296 2117 69 51 D.
393 2117 129 53 Van
547 2115 289 53 Nostrand
864 2132 294 51 company,
1185 2114 125 68 inc.,
1338 2117 149 51 1935.

163 2186 1542 50 3 p. l., 312 p. front., illus. (incl. maps) diagrs. 23½ cm .
166 2244 342 42 “References”
535 2247 50 38 at
608 2246 91 39 end
722 2244 52 39 of
796 2254 127 32 some
949 2244 52 40 of
1026 2245 80 39 the
1130 2243 237 47 chapters.

101 2300 49 52 ©
174 2306 111 46 May
310 2304 68 46 20,
404 2302 139 46 1935;
571 2303 64 39 2c.
663 2303 112 47 May
799 2303 56 38 24;
908 2302 82 40 aff.
1016 2302 129 39 June
1166 2302 26 38 1;
1246 2302 41 39 A
1313 2301 146 41 84127;
1510 2304 57 38 D.
1594 2304 105 38 Van
1725 2305 247 38 Nostrand
1998 2314 83 38 co.,

166 2361 87 39 inc.
323 2360 250 48 (35-8276)

122 2463 282 66 [Barstow,
434 2464 152 53 John
615 2464 285 61 Montagu
930 2462 206 66 Orczy]
1171 2466 170 50 1899-

169 2542 53 52 A
248 2560 110 50 gay
386 2541 368 65 adventurer;
784 2539 167 67 being
978 2539 96 53 the
1101 2538 322 68 biography
1450 2538 64 54 of
1544 2540 94 56 Sir
1666 2543 179 64 Percy
103 2541 1952 145 Blakeney,

247 2619 161 57 bart.,
438 2619 208 51 known
676 2636 60 34 as
767 2617 127 51 “the
924 2616 218 56 Scarlet
1173 2615 379 69 Pimpernel”,
1581 2617 74 67 by
1686 2619 155 54 John
104 2619 1950 128 Blakeney

249 2697 195 67 [pseud.]
523 2694 137 53 with
703 2714 29 32 a
774 2693 283 53 foreword
1096 2694 35 51 by
1209 2695 95 50 the
1346 2696 278 50 Baroness
1666 2695 212 66 Orczy;
104 2695 1949 133 illustrated

335 2772 138 53 with
526 2770 364 68 frontispiece
943 2772 112 51 and
1106 2769 303 69 diagrams.
1484 2771 255 67 London,
1791 2773 54 52 J.
1899 2775 179 66 Long,
105 2850 212 55 limited
371 2854 130 50 [1935]

168 2925 94 48 285,
295 2926 53 48 [1]
378 2935 41 37 p.
475 2924 163 44 front.,
666 2921 152 48 diagr.
875 2919 54 40 19
930 2921 46 22 cm
980 2951 9 9 .

170 2981 250 40 American
453 2978 183 43 edition
677 2979 138 48 (New
848 2976 144 41 York.
1025 2977 36 39 I.
1094 2976 302 47 Washburn)
1438 2977 89 40 has
1561 2976 105 41 title;
1729 2976 101 42 The
1864 2976 85 45 life
1986 2979 91 39 and

103 3037 200 48 exploits
328 3037 52 40 of
406 3038 82 39 the
518 3036 184 40 Scarlet
733 3034 284 47 Pimpernel.

104 3088 1977 55 © 1c. Apr. 18, 1935; A ad int. 20184; pubd. Feb. 21; J. M. O. Barstow,
170 3152 264 45 Lausanne,
473 3148 330 42 Switzerland.
874 3146 249 48 (35-8485)

101 3256 223 63 Barter,
351 3255 152 53 John
530 3252 243 55 Joshua.

165 3330 212 54 Crimes
409 3330 111 52 and
554 3327 274 69 penalties
859 3326 58 52 in
947 3324 457 68 Massachusetts,
1438 3323 298 70 including
1770 3324 306 67 procedure

103 3407 52 51 in
186 3407 323 53 connection
541 3405 138 52 with
710 3401 322 68 defectives,
1063 3401 373 68 delinquents,
1465 3401 212 67 insane,
1709 3402 248 68 juvenile
102 3400 1953 151 offenders,

365 3482 388 69 illegitimacy,
782 3484 397 62 non-support,
1208 3485 118 60 etc.,
1358 3479 146 51 rules
1534 3477 64 54 of
1629 3477 302 68 probation
1966 3478 110 53 and

105 3563 201 64 parole,
346 3566 182 47 motor
566 3558 212 53 vehicle
821 3557 153 67 laws,
1015 3555 303 53 violations
1360 3555 111 52 and
1516 3556 292 67 penalties,
1853 3576 59 34 as

100 3574 1953 117 prescribed
343 3638 57 52 in
432 3638 93 52 the
557 3637 415 63 Tercentenary
1005 3632 214 53 edition
1253 3631 63 53 of
1347 3632 93 51 the
1473 3630 245 56 General
1749 3634 153 52 laws,
1939 3633 138 52 with

102 3708 1913 71 amendments through April, 1935, by John Joshua Barter …
106 3792 220 64 Boston,
350 3791 191 65 Little,
568 3790 231 63 Brown,
825 3787 110 51 and
961 3803 296 49 company,
1285 3787 149 49 1935.

170 3863 60 40 xi.
260 3861 84 41 353
370 3872 41 38 p.
472 3860 150 45 diagr.
683 3857 143 39 21½cm.

107 3917 49 52 ©
180 3923 122 38 June
325 3922 38 45 5,
386 3919 116 40 1935;
549 3918 66 39 2c.
639 3917 96 39 and
757 3915 81 40 aff.
862 3916 126 39 June
1008 3915 52 47 6;
1086 3915 40 38 A
1148 3914 169 47 83508;
1343 3914 43 39 J.
1410 3915 43 40 J.
1477 3915 191 51 Barter,
1691 3916 217 46 Newton,
1933 3919 144 39 Mass.

182 3978 218 36 (35-8263)
