2424 4375
1274 4050 101 49 660

319 525 95 34 are
447 507 184 52 added
665 506 213 53 certain
915 505 223 54 ancient
1173 506 247 67 pictures
1454 509 51 49 &
1540 506 287 68 drawings
1861 509 188 64 rarely
2082 524 127 35 seen
2244 506 58 52 in

323 584 182 53 works
538 583 62 54 of
631 582 114 55 this
777 590 216 47 nature.
1068 583 337 68 Richmond,
1438 583 241 54 Printed
1714 582 93 55 for
1840 585 95 51 the
1968 585 232 52 authors
2234 604 71 35 on

323 662 93 52 the
443 680 155 50 press
625 662 63 52 of
715 662 68 53 A.
813 660 165 55 Dietz
1008 663 112 52 and
1147 661 88 57 his
1262 681 117 47 son,
1410 666 149 51 1935.

393 733 1904 52 2 p. l., [iii]-viii, 192, [11] p. front. (port.) plates, maps (1 fold.)
323 792 54 41 16½
409 795 45 21 cm
456 821 10 10 .

394 862 102 40 "An
535 861 376 42 advertisement
949 864 49 39 to
1036 863 81 40 the
1156 862 199 40 reader’
1392 861 168 49 signed;
1627 862 54 42 R.
1722 862 53 40 G.
1817 862 44 50 [i.
1899 872 38 30 e.
1976 861 329 41 Rutherfoord

324 918 245 51 Goodwin]

393 975 295 50 “Copyright
721 976 89 50 [by]
842 975 215 42 Colonial
1086 975 379 49 Williamsburg,
1495 975 119 42 inc.”

395 1032 102 41 The
529 1033 217 48 physical
779 1032 225 50 make-up
1035 1033 52 40 of
1117 1034 82 40 the
1231 1034 122 39 book
1384 1033 41 40 is
1457 1034 51 39 in
1539 1033 112 41 18th
1683 1034 202 47 century
1918 1034 137 47 style.

323 1100 53 53 ©
403 1105 113 47 Apr.
543 1104 69 49 20,
641 1102 141 49 1935;
811 1103 66 41 2c.
905 1105 114 48 Apr.
1048 1103 83 48 27;
1162 1103 82 41 aff.
1276 1105 112 47 Apr.
1417 1103 56 40 25;
1532 1104 42 39 A
1602 1104 170 47 81614;
1806 1102 218 43 Colonial
391 1102 1903 107 Williamsburg,

549 1161 105 48 inc.,
676 1161 379 48 Williamsburg,
1079 1161 87 40 Va.
1236 1160 251 49 (35-7107)

323 1261 250 67 Gordon,
601 1263 235 55 Samuel
862 1262 240 67 Dickey,
1132 1268 170 50 1859-

393 1339 1916 69 Quiet talks with eager youth, by S. D. Gordon … New
327 1417 1484 68 York [etc.] Fleming H. Revell company [ c 1935]
394 1504 82 41 160
510 1516 42 38 p.
613 1504 114 41 19cm.

325 1571 52 52 ©
401 1575 113 47 Apr.
538 1575 70 48 27,
635 1573 113 42 1935;
801 1574 66 41 2c.
893 1575 97 39 and
1015 1574 82 41 aff.
1125 1576 114 47 May
1264 1574 26 39 2;
1344 1576 41 38 A
1414 1574 142 41 81653;
1613 1574 220 49 Fleming
1857 1575 60 38 H.
1945 1575 166 39 Revell
2137 1585 66 30 co.

405 1630 248 49 (35-7219)

325 1733 449 65 Grandmaison,
804 1734 226 54 Léonce
1056 1736 88 62 de,
1180 1736 324 53 1868-1927.

458 1810 1852 69 … Ecrits spirituels. [t.] 3. Dernières retraites et triduums.
325 1893 31 48 2
361 1896 18 21 e
402 1891 82 51 éd.
547 1890 185 67 Parié,
757 1890 67 55 G.
850 1891 359 53 Beauchesne
1232 1898 56 46 et
1310 1909 84 35 ses
1420 1888 105 69 fils,
1552 1893 150 50 1935.

396 1965 99 45 317,
529 1965 53 50 [1]
614 1974 42 37 p.
744 1962 26 41 19
771 1965 46 21 cm
822 1995 8 9 .

397 2021 63 39 At
491 2019 126 41 head
648 2020 52 38 of
731 2020 110 41 title;
899 2020 55 39 R.
986 2021 49 37 P.
1070 2018 186 41 Léonce
1284 2020 57 39 de
1374 2018 358 42 Grandmaison
1764 2019 59 40 de
1853 2020 47 37 la
1932 2018 294 47 Compagnie
2256 2020 60 39 de

327 2077 155 40 Jésus.

327 2143 1988 53 © Jan. 15, 1935; 1c. May 31; A- Foreign 28023; Gabriel Beauchesne &
398 2215 76 29 ses
503 2203 89 41 fils.

330 2305 329 66 Grimberg,
690 2307 133 54 Carl
854 2306 236 65 Gustaf,
1121 2308 171 54 1875-

405 2383 49 51 A
501 2382 215 69 history
761 2381 63 53 of
868 2381 252 70 Sweden,
1165 2381 75 69 by
1286 2381 135 55 Carl
1467 2380 331 69 Grimberg;
1845 2380 314 54 translated
2204 2379 109 53 and

332 2460 246 68 adapted
626 2459 93 53 for
761 2460 93 55 the
900 2459 305 54 American
1249 2459 240 69 teacher,
1534 2458 244 68 student,
1826 2458 111 52 and
1983 2459 212 66 reader,
2243 2457 69 69 by

334 2537 58 54 C.
421 2537 87 52 W.
537 2538 150 51 Foss.
763 2537 156 53 Rock
944 2536 214 68 Island,
1185 2536 110 70 Ill.,
1320 2536 338 68 Augustana
1683 2534 144 54 book
1854 2553 233 37 concern
2117 2569 13 35 [
2135 2542 19 22 c
2158 2537 130 50 1935
2295 2568 13 34 ]

402 2609 100 46 viii,
530 2609 87 39 428
642 2620 44 37 p.
746 2609 126 39 illus.
901 2607 133 49 (incl.
1062 2611 163 46 ports.,
1252 2608 161 48 maps)
1481 2608 58 40 20½
1569 2611 44 21 cm
1617 2641 10 8 .

405 2665 167 40 “Brief
599 2665 364 48 bibliography”;
1022 2676 42 37 p.
1092 2665 217 41 414-418.

332 2734 52 51 ©
410 2738 113 47 Apr.
551 2736 69 48 25,
649 2737 114 40 1935;
817 2737 66 40 2c.
913 2738 114 47 May
1053 2738 27 37 4;
1138 2735 81 41 aff.
1250 2737 114 47 May
1391 2736 25 40 3;
1478 2737 41 38 A
1546 2736 146 41 81696;
1745 2737 286 47 Augustana
2062 2736 122 40 book
400 2745 1896 89 concern.
596 2793 249 49 (35-7237)

336 2894 239 64 Hurley,
604 2894 224 57 Victor.

401 2970 305 55 Southeast
734 2971 64 54 of
826 2970 376 69 Zamboanga,
1232 2972 76 67 by
1337 2972 108 53 Vic
1472 2971 225 67 Hurley;
1758 2972 140 52 with
1928 2990 71 34 an
333 2971 1956 129 introduction
488 3049 74 66 by

599 3048 1712 66 Max Miller … New York, E. P. Dutton & co., inc.
336 3158 13 35 [
353 3131 19 22 c
376 3129 133 50 1935
515 3158 14 35 ]

401 3195 86 43 237
520 3208 43 37 p.
623 3197 162 48 front.,
819 3198 170 49 plates,
1022 3198 189 40 facsim.
1270 3197 56 40 22½
1359 3200 44 21 cm
1407 3230 8 9 .

402 3253 139 50 Maps
575 3266 60 29 on
667 3254 359 49 lining-papers.

405 3310 159 41 “First
595 3309 216 43 edition.’

336 3377 52 52 ©
416 3382 114 46 May
557 3382 67 45 14,
652 3380 139 47 1935;
822 3380 65 40 2c.
916 3381 95 38 and
1038 3379 82 41 aff.
1153 3380 113 47 May
1293 3380 81 46 15;
1405 3381 41 38 A
1474 3379 169 48 83099;
1675 3382 52 38 E.
1758 3382 49 39 P.
1836 3382 187 39 Dutton
2051 3381 35 40 &
2114 3391 81 37 co.,
2223 3380 86 39 inc.

414 3436 249 48 (35-7161)

334 3535 306 67 Jacobson,
671 3540 183 52 Ernst
882 3538 249 65 Ludwig
1155 3539 323 63 Harthern,
1512 3545 165 49 1884-

463 3613 1847 74 … En jøde rejser til Palæstina. København, Gyldendal,
338 3694 146 51 1934.

405 3763 85 40 269
519 3775 42 37 p.
620 3764 117 40 fold.
768 3774 124 38 map.
951 3762 54 41 23½
1040 3766 44 21 cm
1088 3798 8 7 .

408 3819 60 39 At
497 3820 122 38 head
649 3820 51 39 of
727 3819 108 40 title;
892 3820 146 39 Ernst
1067 3820 263 40 Harthern.

338 3882 1960 112 © Oct. 13, 1934; 1c. Jan. 8, 1935; A-Foreign 26605; Gyldendalske boghandel, Nordisk forlag. (35-7578)
