2424 4375
1270 4076 132 48 1362

340 455 284 64 Bellamy,
652 456 284 54 Harmon.

409 530 288 72 Struggle,
727 531 75 67 by
832 530 259 51 Harmon
1120 529 275 68 Bellamy.
1471 529 137 54 New
1643 529 177 69 York,
1854 529 242 54 Godwin
2135 564 13 35 [
2152 539 18 20 c
2176 534 131 49 1935
2313 565 13 35 1

407 601 87 41 344
522 613 42 37 p.
625 600 57 41 19½
713 602 44 22 cm
762 632 9 9 .

340 672 53 53 ©
418 676 102 40 Oct.
545 676 39 45 7,
609 675 141 46 1935;
776 674 67 41 2'c.
871 675 99 40 Oct.
998 674 81 47 10;
1107 674 81 41 aff.
1216 674 101 41 Oct.
1343 674 53 48 9;
1422 676 39 38 A
1488 674 170 48 87562;
1687 675 216 49 Godwin,
1929 676 287 49 publishers,
2242 679 88 38 inc.

420 732 279 49 (35-18232)

358 834 341 67 [Blakeston,
730 835 190 55 Oswell]

409 911 123 53 The
561 915 93 49 cat
683 910 139 53 with
854 911 94 54 the
979 910 342 67 moustache,
1352 911 74 69 by
1458 910 270 56 “Simon”
1789 912 210 68 [pseud.]
2077 913 256 68 London,

338 990 260 55 Wishart
627 992 45 50 &
702 1007 280 50 company
1010 989 122 67 ltd.,
1163 992 150 50 1935.

409 1063 89 42 279
526 1074 44 39 p.
629 1062 58 41 19
687 1065 45 22 cm
736 1093 10 10 .

342 1130 53 53 ©
421 1134 66 41 1c.
516 1135 122 39 Mar.
666 1134 70 47 30,
760 1132 140 49 1935;
929 1134 41 39 A
998 1134 61 39 ad
1086 1133 85 40 int.
1200 1133 171 48 20519;
1402 1134 142 48 pubd.
1573 1134 109 41 Feb.
1711 1134 83 48 22;
1827 1135 51 40 O.
1909 1135 279 48 Blakeston,
412 1137 1906 93 London.
590 1190 280 49 (35-17684)

338 1290 297 66 Blodgett,
665 1294 242 63 Harvey
938 1292 237 65 Alvaro,
1208 1299 169 50 1869-

413 1371 140 52 Man
590 1369 176 54 alive!
808 1370 158 69 forty
1002 1388 153 35 more
1190 1388 163 51 years
1389 1377 57 47 to
1483 1371 101 68 go!
1664 1373 91 67 By
1789 1373 237 68 Harvey
2062 1374 270 67 Blodgett

405 1447 1410 70 … St. Paul, Minn., The Blodgett press, 1935.
416 1521 69 47 63,
519 1522 55 49 [1]
605 1532 42 37 p.
709 1522 55 40 17½
796 1524 44 21 cm
845 1554 9 9 .

416 1578 158 48 “New,
604 1579 228 47 enlarged
861 1580 93 39 and
986 1579 185 40 revised
1204 1578 271 49 book.”—p.
1522 1579 23 40 [6]

347 1645 53 53 ©
436 1649 128 48 Sept.
599 1649 68 48 12,
703 1649 141 48 1935;
880 1650 67 40 2c.
982 1651 95 38 and
1113 1649 81 41 aff.
1235 1650 125 47 Sept.
1398 1649 83 47 20;
1517 1651 40 38 A
1593 1649 169 48 87097;
1801 1651 60 39 H.
1895 1651 55 40 A.
1987 1651 242 49 Blodgett,
2267 1652 66 41 St.

414 1707 134 39 Paul.
623 1706 278 48 (35-17661)

340 1811 294 64 Brennan,
665 1811 327 64 Raymond.

414 1887 326 56 California
785 1894 275 62 cemetery
1105 1891 137 64 law;
1290 1908 71 34 an
1408 1889 308 53 annotated
1762 1888 387 69 compilation,
2195 1889 138 54 with

346 1965 1927 70 case citations and suggested forms, by Raymond Brennan …
340 2046 110 52 Los
489 2045 266 67 Angeles,
791 2045 318 53 Interment
1149 2046 336 52 association
1523 2045 63 55 of
1629 2046 342 68 California,
2012 2049 148 51 1934.

416 2118 64 48 xi,
508 2118 84 40 153
618 2129 43 37 p.
717 2116 55 42 23½
805 2120 44 21 cm
854 2149 9 9 .

343 2183 53 53 ©
418 2189 116 46 July
557 2189 38 45 1,
620 2187 114 40 1934
751 2197 9 37 ;
785 2187 66 41 2c.
881 2187 126 48 Sept.
1032 2187 69 47 16,
1124 2186 140 46 1935;
1288 2187 81 41 aff.
1397 2188 127 48 Sept.
1549 2187 82 48 14;
1654 2188 42 39 A
1718 2187 169 47 86319;
1915 2188 253 48 Raymond
2191 2189 146 40 Louis

412 2245 241 46 Brennan,
686 2245 93 39 Los
811 2244 219 48 Angeles.
1101 2244 279 48 (35-17625)

350 2347 219 65 Broun,
599 2349 296 63 Heywood
925 2347 314 64 Campbell,
1271 2353 170 50 1888-

419 2424 57 53 It
502 2441 170 37 seems
702 2429 58 48 to
790 2441 102 49 me,
924 2426 325 66 1925-1935,
1279 2422 72 68 by
1382 2422 292 69 Heywood
1705 2423 212 54 Broun.
1992 2421 135 53 New
2162 2421 174 61 York,

347 2500 308 69 Harcourt,
682 2501 181 53 Brace
890 2500 112 53 and
1029 2518 278 51 company
1340 2534 13 35 [
1357 2507 18 21 c
1382 2503 130 49 1935
1519 2534 13 34 ]

417 2572 84 48 xii,
527 2571 87 41 335
638 2583 41 37 p.
740 2571 56 40 21
799 2574 45 21 cm
847 2603 10 9 .

419 2628 129 41 “The
579 2629 157 48 pieces
766 2629 49 39 in
848 2629 97 40 this
977 2628 122 41 book
1131 2637 85 31 are
1246 2630 168 39 drawn
1449 2629 174 41 almost
1657 2629 207 48 entirely
1896 2629 126 40 from
2056 2637 279 41 newspaper

345 2684 452 49 columns—chiefly
829 2685 126 40 from
991 2686 81 40 the
1104 2686 118 40 New
1257 2685 129 40 York
1422 2685 754 48 World-telegram.”—Author's
2211 2690 121 36 note.

418 2741 160 41 “First
613 2739 226 42 edition.”

347 2810 53 53 ©
425 2816 127 46 Sept.
575 2813 69 47 12,
667 2813 141 48 1935;
833 2813 66 41 2c.
923 2814 95 39 and
1040 2813 82 40 aff.
1149 2813 100 40 Oct.
1273 2812 54 48 2;
1350 2812 42 39 A
1414 2813 169 46 87354;
1611 2812 262 48 Harcourt,
1900 2813 155 40 Brace
2078 2812 37 40 &
2138 2822 81 37 co.,
2245 2812 89 39 inc.

427 2869 279 49 (35-27302)

346 2975 324 64 Chapman,
697 2973 263 66 Francis,
988 2979 171 50 1869-

417 3050 138 53 Law
595 3049 63 54 of
699 3049 289 63 evidence;
1034 3049 214 52 outline
1290 3048 63 54 of
1393 3067 192 34 course
1627 3066 72 35 on
1743 3046 261 54 evidence
2048 3046 169 54 based
2261 3064 70 35 on

350 3124 1921 71 Chapman’s Principles of evidence, by Francis Chapman …
351 3203 443 68 [Philadelphia,
818 3204 418 52 International
1264 3203 264 68 printing
1553 3220 97 51 co.,
1675 3209 18 21 c
1699 3205 150 64 1935]

419 3275 486 50 1 p. l. , 46 p. 23 cm .
416 3331 319 42 Interleaved.

418 3388 224 41 Includes
667 3388 389 48 bibliographies.

348 3456 53 53 ©
435 3461 117 47 Aug.
589 3460 69 47 14,
694 3460 141 47 1935;
872 3460 65 40 2c.
975 3461 96 39 and
1107 3458 82 41 aff.
1226 3460 119 47 Aug.
1382 3460 81 46 16;
1502 3460 41 38 A
1578 3460 169 46 85528;
1788 3459 50 40 F.
1877 3459 264 48 Chapman,
417 3458 1897 107 Philadelphia.
695 3517 277 47 (35-17784)

354 3617 317 67 Churchill,
700 3618 189 54 David
918 3620 68 53 R.

421 3691 315 70 Spinnings
765 3693 149 53 from
941 3694 92 53 the
1063 3691 265 68 cobwebs,
1357 3692 74 68 by
1459 3692 190 53 David
1678 3691 66 52 R.
1779 3690 310 55 Churchill.
351 3688 1956 146 Caldwell,
521 3770 106 66 Id.,
652 3769 122 54 The
800 3770 219 54 Caxton
1045 3772 262 65 printers,
1332 3770 121 64 ltd.,
1482 3771 148 49 1935.

420 3838 87 41 259
532 3849 43 39 p.
635 3839 58 40 19½
721 3842 45 21 cm
771 3870 9 10 .

420 3895 183 41 Poems.

346 3950 53 53 ©
435 3955 126 47 Sept.
597 3955 39 42 1,
671 3954 140 41 1935;
848 3953 66 41 2c.
950 3954 94 39 and
1080 3954 81 39 aff.
1200 3954 124 45 Sept.
1362 3953 81 46 30;
1482 3954 40 38 A
1558 3952 169 47 86530;
1765 3952 188 41 Caxton
1989 3951 223 48 printers,
2248 3949 80 39 ltd.

429 4011 278 48 (35-18105)
