2424 4375
1241 4072 100 48 536

355 464 530 50 vi, 7-320 p. 22 ½ cm.
284 522 53 52 ©
373 527 110 38 Dec.
519 526 70 47 31,
624 526 140 45 1934;
803 524 67 41 2c.
905 526 115 47 Apr.
1057 525 68 46 11,
1163 523 140 48 1935;
1342 524 83 40 aff,
1462 525 114 47 Apr.
1612 524 54 39 12;
1733 525 42 39 A
1811 525 142 40 82488;
2021 526 256 39 Internatl.

352 581 275 50 publishers
652 593 83 37 co.,
760 581 91 41 inc.
920 580 252 49 (35-6130)

283 680 373 66 Taracouzio,
687 682 280 65 Timothy
996 683 275 65 Andrew,
1305 688 170 51 1896-

353 760 120 53 The
512 760 198 56 Soviet
743 760 175 54 union
955 762 112 52 and
1103 761 409 53 international
1548 763 139 62 law;
1727 780 31 33 a
1794 759 172 67 study
1999 759 169 54 based
2205 778 71 35 on

282 837 96 54 the
411 837 344 67 legislation,
788 838 227 54 treaties
1049 838 111 53 and
1198 838 227 66 foreign
1458 839 271 52 relations
1762 837 63 55 of
1860 838 93 53 the
1988 837 191 54 Union
2214 837 63 54 of

281 913 254 55 socialist
576 914 181 54 soviet
798 915 299 67 republics,
1137 916 75 65 by
1253 916 68 53 T.
1362 915 72 53 A.
1476 915 366 54 Taracouzio.
1918 915 137 53 New
2102 914 176 67 York,

283 991 120 54 The
431 991 335 54 Macmillan
795 1010 296 49 company,
1120 996 152 51 1935.

353 1064 84 41 xvi
461 1075 59 38 p.,
548 1064 26 39 1
634 1095 9 17 l.,
670 1063 86 42 530
779 1075 45 38 p.
882 1064 116 41 24cm.

352 1119 252 42 Half-title:
666 1120 195 42 Bureau
891 1121 52 42 of
971 1121 352 42 international
1353 1122 239 47 research,
1621 1121 230 41 Harvard
1881 1121 269 49 university
2181 1122 93 40 and

284 1176 239 43 Radcliffe
554 1177 192 50 college.

356 1233 346 51 Bibliography;
763 1245 44 38 p.
842 1234 246 50 [481]-510.

287 1288 53 53 ©
373 1293 120 38 Mar.
529 1292 69 48 26,
634 1291 140 47 1935;
810 1292 65 39 2c.
910 1292 95 39 and
1041 1289 82 42 aff.
1158 1292 119 39 Mar.
1313 1291 82 47 27;
1432 1292 39 39 A
1506 1290 170 48 82206;
1713 1293 196 39 Bureau
1943 1292 54 40 of
2029 1291 250 42 internatl.

355 1350 238 46 research,
621 1349 228 39 Harvard
876 1348 128 40 univ.
1032 1348 95 40 and
1154 1346 241 43 Radcliffe
1420 1348 192 48 college,
1639 1346 302 51 Cambridge,
1969 1351 145 38 Mass.

366 1405 251 50 (35-6168)

284 1506 295 67 Thimmy,
609 1507 180 57 René.

422 1573 1856 77 … La magie à Paris. Paris, Les Éditions de France, 1934.
358 1653 753 50 2 p. l. , ii, 282 p., 2 l. 18½cm.
286 1712 1910 59 © Oct. 20, 1934; 1c. Dec. 14; A-Foreign 26411; Éditions de France.
365 1777 251 49 (35-6332)

284 1878 308 68 Torrence,
622 1879 274 57 Frederic
927 1880 268 67 Ridgely,
1230 1881 170 56 1875-

359 1957 121 54 The
520 1963 158 62 story
719 1958 63 53 of
823 1957 138 68 Gio;
1007 1957 151 54 from
1199 1959 95 53 the
1335 1957 186 55 Heike
1561 1957 379 69 monogatari,
1980 1957 185 54 retold
2203 1957 76 69 by

283 2035 249 69 Ridgely
563 2036 293 54 Torrence.
924 2037 138 53 New
1093 2035 179 67 York,
1300 2039 194 64 Japan
1522 2036 230 68 society,
1781 2038 150 52 1935.

358 2105 864 49 4 p. l. , 20 p., 1 l. front. 27cm.
361 2162 129 41 “One
527 2163 243 41 thousand
807 2163 159 48 copies
1002 2163 191 49 printed
1231 2163 78 40 for
1346 2164 80 40 the
1464 2164 160 48 Japan
1661 2164 181 48 society
1879 2165 53 39 at
1969 2163 81 40 the
2085 2164 194 40 Harbor

290 2228 149 40 press,
472 2218 118 42 New
623 2217 174 43 York.”

361 2276 159 40 Based
561 2287 60 29 on
664 2276 164 40 literal
872 2275 291 42 translation
1206 2277 235 46 prepared
1483 2278 60 46 by
1587 2275 155 41 Helen
1784 2277 54 41 B.
1883 2276 201 48 Chapin,
2127 2276 152 41 under

290 2331 235 49 guidance
555 2332 55 40 of
635 2332 253 41 Professor
917 2333 55 40 R.
1001 2333 241 41 Tsunoda.
1303 2334 61 47 cf.
1396 2332 272 41 Foreword.

289 2388 53 53 ©
366 2394 121 38 Mar.
511 2392 69 47 25,
605 2391 141 49 1935;
772 2392 67 40 2c.
865 2393 94 39 and
984 2391 82 41 aff.
1092 2393 121 39 Mar.
1237 2392 82 47 26;
1347 2392 40 39 A
1414 2391 141 41 81187;
1612 2392 162 47 Japan
1800 2400 92 32 soc.

370 2447 250 50 (35-6143)

290 2550 144 66 Ude,
467 2552 162 65 Karl,
665 2557 167 50 1906-

291 2625 1963 149 … Hier Quack! Reporter mit den sieben punkten. Freiburg im
571 2705 295 68 Breisgau,
892 2706 226 53 Herder
1144 2709 46 48 &
1215 2725 97 46 co.,
1338 2724 53 48 g.
1417 2725 73 33 m.
1518 2706 48 52 b.
1595 2706 74 66 h.,
1697 2708 150 49 1933.

364 2777 558 49 4 p. l. , 185 p. 18½cm.
291 2832 1987 53 © Nov. 3, 1933; 1c. Feb. 19, 1935; A-Foreign 26971; Herder & co.,
360 2903 42 37 g.
431 2904 58 27 m.
520 2893 41 39 b.
591 2893 43 38 h.
705 2891 250 49 (35-6225)

291 2993 71 55 U.
390 2994 56 53 S.
521 2995 182 64 Laws,
727 2999 253 60 statutes,
1008 3001 99 46 etc.

361 3071 215 53 United
627 3072 186 54 States
864 3072 151 55 Code
1064 3072 322 52 annotated.
1471 3071 218 66 March,
1740 3074 150 63 1935,
1937 3071 345 54 cumulative

291 3148 311 68 pamphlet.
667 3148 349 67 Containing
1042 3154 115 47 acts
1183 3148 63 53 of
1272 3169 30 32 a
1328 3152 227 64 general
1583 3149 111 52 and
1720 3155 334 61 permanent
2077 3153 203 48 nature

294 3226 63 52 of
390 3226 94 54 the
516 3226 132 53 74th
683 3226 295 67 Congress,
1010 3224 126 55 first
1164 3224 226 69 session,
1423 3232 58 49 to
1515 3228 293 65 February
1837 3230 84 62 22,
1957 3230 150 63 1935,
2138 3226 140 53 with

296 3303 1983 68 annotations, cumulative table and index … St. Paul, West
291 3381 334 67 publishing
652 3399 76 35 co.;
791 3381 337 67 Northport,
1158 3382 251 52 Edward
1438 3382 328 67 Thompson
1794 3400 77 34 co.
1907 3415 12 33 [
1925 3389 17 20 c
1948 3384 130 49 1935
2086 3414 12 33 ]

363 3456 84 39 223
475 3466 30 37 p
571 3455 55 40 23½
659 3457 44 21 cm

294 3508 53 53 ©
375 3513 119 38 Mar.
524 3511 69 46 21,
624 3510 140 47 1935;
795 3510 66 41 2c.
893 3511 95 40 and
1018 3510 82 40 aff.
1130 3510 111 47 Apr.
1273 3510 82 47 26;
1388 3510 40 39 A
1459 3510 169 47 82738;
1661 3511 133 39 West
1825 3510 108 48 pub.
1965 3520 67 30 co.
2064 3510 94 40 and
363 3510 1897 98 Edward
527 3568 274 47 Thompson
831 3578 65 29 co.

295 3666 253 64 Vernon,
575 3671 137 50 Mrs.
740 3668 286 65 Virginia,
1059 3674 168 49 1891-

365 3744 211 67 Quet’s,
604 3746 74 67 by
706 3746 265 68 Virginia
1000 3746 110 53 and
1141 3744 195 54 Frank
1364 3747 245 52 Vernon.
1673 3745 257 66 London,
1956 3746 65 52 F.
2050 3745 227 63 Muller,

295 3822 101 52 ltd.
431 3826 190 63 [c1935].

363 3895 64 46 xi,
452 3894 98 49 291,
581 3895 54 49 [1]
663 3906 43 37 p.
761 3894 143 41 19½cm.

297 3947 1980 52 © 1c. Apr. 6, 1935; A ad int. 20098; pubd. Feb. 7; Y. Vernon and Frank
365 4006 204 48 Vernon,
595 4007 154 40 Paris.
820 4007 247 48 (35-6346)
