2424 4375
1186 4000 98 46 564

245 394 105 57 Old
383 397 112 53 and
524 416 122 35 new
676 397 164 67 plant
870 399 143 64 lore;
1046 415 31 34 a
1107 396 368 68 symposium,
1503 395 75 69 by
1608 398 192 66 Agnes
1831 396 199 68 Chase,
2059 396 71 53 A.
2164 394 56 56 S.

306 471 335 68 Hitchcock,
674 472 140 52 Earl
850 472 56 54 S.
938 472 301 67 Johnston,
1272 473 56 53 J.
1360 471 78 54 H.
1472 471 309 68 Kempton,
1814 471 309 53 Ellsworth
2154 471 66 52 P.

309 547 208 69 Killip,
563 547 208 53 Daniel
815 548 64 52 T.
927 548 377 68 MacDougal,
1350 547 205 53 Albert
1602 547 197 67 Mann,
1845 547 258 54 William
2153 547 67 53 R.

308 623 1915 69 Maxon … [ New York, Smithsonian institution series, inc.,
308 708 16 21 c
332 705 133 49 1934]

315 772 1854 50 8 p. l., 890 p. col. front., illus., 97 pl. (incl. ports.; part col.) on 60 l.
239 828 52 39 2-4
298 832 44 21 cm
346 860 7 9 .
425 829 356 49 (Smithsonian
809 828 232 42 scientific
1069 829 163 41 series,
1293 839 42 32 v.
1365 830 80 48 11)

313 885 243 41 “Selected
584 884 363 48 bibliography”
975 888 52 38 at
1051 887 89 38 end
1169 884 53 41 of
1244 886 118 39 each
1390 886 125 46 part.

575 943 143 46 CONTENTS.—pt.
755 949 32 34 I.
821 942 101 39 The
959 942 149 39 world
1144 941 53 40 of
1232 941 176 48 plants,
1446 940 59 49 by
1543 942 54 40 A.
1637 940 44 41 S.
1723 940 410 49 Hitchcock.—pt.
2172 947 54 34 II.

242 996 290 46 Systematic
567 996 178 49 botany
763 1008 9 29 :
812 998 61 39 its
908 998 330 47 development
1274 999 93 38 and
1406 1000 231 45 contacts,
1675 997 58 47 by
1772 997 71 41 W.
1879 998 55 40 R.
1972 996 253 42 Maxon.—

247 1053 67 48 pt.
342 1060 73 34 in.
441 1053 168 40 Plants
635 1054 52 39 of
712 1056 79 38 the
819 1065 94 36 sea,
943 1055 56 46 by
1027 1055 53 38 A.
1108 1053 220 40 Mann.—
1334 1054 70 49 pt.
1429 1060 72 35 IV.
1527 1052 166 50 Grass,
1721 1054 60 48 by
1807 1056 54 38 A.
1893 1053 43 42 S.
1964 1052 264 42 Hitchcock

242 1110 94 38 and
361 1111 156 46 Agnes
538 1109 304 48 Chase.—pt.
864 1116 46 34 V.
932 1110 198 41 Deserts
1154 1111 92 39 and
1273 1110 126 40 their
1421 1110 176 47 plants,
1618 1110 60 46 by
1701 1110 54 40 D.
1778 1110 52 41 Ύ.
1857 1110 369 48 MacDougal.—

245 1167 66 45 pt.
338 1172 71 35 VI.
434 1166 99 40 The
559 1168 300 45 dependence
886 1166 52 40 of
963 1167 162 48 plants
1153 1177 59 29 on
1243 1166 193 41 radiant
1464 1176 189 37 energy,
1672 1166 57 46 by
1758 1166 52 40 E.
1842 1168 44 38 S.
1916 1167 252 40 .lohnston.
2170 1188 57 6 —

245 1221 68 48 pt.
343 1229 90 34 vil.
466 1221 169 49 Maize,
667 1224 82 40 the
777 1222 386 48 plant-breeding
1192 1223 331 40 achievement
1553 1224 51 39 of
1638 1224 81 39 the
1752 1224 251 39 American
2039 1223 188 45 Indian,

245 1278 58 46 by
327 1278 43 41 J.
398 1278 57 41 H.
482 1278 388 49 Kempton.—pt.
894 1286 113 33 vm.
1033 1278 252 41 Botanical
1313 1278 302 48 exploration
1648 1279 46 40 in
1725 1278 149 41 South
1902 1278 235 53 America,
2167 1278 59 49 by

293 1334 276 49 E. P. Killip.
298 1392 1929 48 © Nov. 26, 1934; 2c. Jan. 28, 1935; aff. Mar. 16; A 81566; Smithsonian
313 1449 281 40 institution
629 1450 163 47 series,
832 1450 88 39 inc.
982 1449 278 49 (Copyright
1298 1449 41 40 is
1375 1449 204 40 claimed
1617 1460 60 29 on
1715 1449 245 41 additions
1997 1452 92 38 and
315 1460 1893 95 corrections]
608 1505 250 50 (35-6406)

247 1606 247 65 Palmer,
525 1609 151 53 Rose
707 1608 246 54 Amelia.

316 1683 120 52 The
469 1684 182 52 North
689 1684 297 51 American
1023 1683 265 66 Indians;
1326 1701 69 34 an
1434 1690 233 46 account,
1700 1682 63 56 of
1795 1685 92 51 the
1922 1683 301 54 American

249 1760 235 52 Indians
518 1761 168 52 north
720 1761 63 51 of
816 1761 234 60 Mexico,
1084 1762 273 66 compiled
1399 1761 146 53 from
1582 1763 93 50 the
1710 1759 242 70 original
1989 1779 235 48 sources,

249 1838 70 67 by
354 1840 143 51 Rose
530 1841 70 51 A.
636 1839 241 53 Palmer.
958 1839 153 66 [New
1149 1840 175 65 York,
1361 1838 390 56 Smithsonian
1791 1838 317 54 institution
251 1859 1949 125 series,
406 1915 122 68 inc.,
561 1923 18 21 c
584 1921 150 63 1934]

319 1986 1904 50 6 p. l., 309 p. col. front., illus. (incl. maps) 85 pl. (part col.; incl.
253 2043 1908 49 ports., facsim.) on 61 l. 24 cm . (Smithsonian scientific series, v. 4)
322 2101 118 41 Part
482 2101 52 40 of
575 2102 81 40 the
698 2101 155 49 plates
894 2099 337 48 accompanied
1275 2101 61 47 by
1377 2101 150 47 guard
1574 2101 161 39 sheets
1779 2101 117 39 with
1938 2101 287 48 descriptive

251 2159 293 46 letterpress.

322 2214 345 41 “References”
696 2217 50 37 at
776 2214 90 40 end
893 2213 51 40 of
971 2214 117 40 each
1116 2214 214 48 chapter.

242 2267 53 52 ©
370 2282 71 28 Nov.
468 2271 70 47 26,
567 2271 113 40 1934
698 2281 8 36 ;
737 2272 65 38 2c.
835 2271 107 39 Jan.
972 2271 69 47 28,
1072 2269 138 48 1935;
1244 2270 82 41 aff.
1358 2272 119 39 Mar.
1509 2270 81 46 16;
1624 2271 37 38 A
1693 2270 168 46 81566;
1896 2269 328 40 Smithsonian

314 2327 277 41 institution
619 2327 162 47 series,
808 2328 87 38 inc.
960 2327 279 48 (Copyright
1267 2328 41 39 is
1336 2327 203 40 claimed
1567 2338 58 28 on
1654 2326 244 40 additions
1926 2328 92 38 and
317 2336 1893 97 corrections]
528 2383 249 49 (35-6523)

248 2483 243 68 Paquet,
522 2486 214 54 Alfons
767 2488 318 62 Hermann,
1120 2493 169 49 1881-

243 2562 1955 143 … Weltreise eines Deutschen; landschaften, insein, menschen,
458 2639 1342 68 städte. Berlin, Buchmeister-verlag [ c 1934]
316 2711 492 48 280 p., 1 l. 19½ cm .
318 2768 60 40 At
405 2769 121 38 head
556 2766 53 41 of
633 2767 108 40 title
758 2777 10 30 :
799 2767 168 40 Alfons
996 2768 196 48 Paquet.

317 2823 71 39 An
418 2822 229 49 abridged
680 2822 182 41 edition
891 2824 50 38 of
971 2825 82 39 the
1080 2824 217 40 author’s
1329 2824 213 46 “Städte,
1574 2823 340 41 landschaften
1946 2826 94 38 und
2072 2824 148 49 ewige

247 2880 300 49 bewegung”.

247 2932 53 53 ©
340 2938 128 47 Sept.
505 2937 39 46 1,
582 2934 139 47 1934;
763 2936 64 39 1c.
869 2935 117 40 Mar.
1026 2936 68 45 11,
1134 2934 138 48 1935;
1314 2935 307 47 A-Foreign
1661 2936 171 47 27234;
1873 2937 349 39 Buchmeister-

317 2994 177 47 verlag,
520 3004 40 37 g.
590 3003 60 29 m.
679 2992 41 39 b.
749 2992 43 37 h.
863 2992 246 47 (35-6378)

250 3092 388 65 Pennington,
670 3092 199 65 Edgar
895 3093 242 63 Legare,
1171 3100 168 48 1891-

322 3169 304 53 Nathaniel
672 3171 218 59 Evans;
939 3188 30 33 a.
1018 3177 128 59 poet
1190 3170 63 51 of
1296 3170 235 53 colonial
1584 3169 279 66 America,
1905 3171 74 67 by
2023 3171 197 66 Edgar

253 3247 211 67 Legare
505 3247 376 66 Pennington.
957 3245 192 68 Ocala,
1192 3248 141 63 Fla.,
1374 3250 213 65 Taylor
1631 3246 256 68 printing
1928 3264 292 50 company,

251 3329 147 50 1935.

337 3397 57 40 [34]
443 3407 43 37 p.
545 3397 102 49 23p
649 3399 27 21 m
681 3428 8 8 .

322 3452 371 49 Bibliography:
726 3464 40 36 p.
813 3453 52 38 [34]

248 3506 1970 53 © Apr. 25, 1935; 2c. and aff. Apr. 27; A 81605; E . L. Pennington, Ocala,
318 3567 101 40 Fla.
488 3566 249 48 (35-6440)

247 3666 324 66 Pillement,
602 3668 275 63 Georges.

379 3741 1749 66 … La vraie Georgina et l’autre. Paris, B. Grasset [ 1934]
321 3815 790 50 2 p. ]., 7-221, [1] p., 1 l. 19cm.
247 3867 1968 59 © Oct. 4, 1934; 1c. Mar. 6, 1935; A-Foreign 27085; É ditions Bernard
471 3934 354 34 Grass et ( 35-6305)
