2424 4375
1115 4063 103 53 467

222 527 25 37 1
282 537 43 35 p.
394 556 9 16 l.,
440 525 127 46 5-38,
605 525 53 48 [1]
696 536 58 36 p.,
792 524 111 50 [112]
940 535 42 36 p.
1017 525 52 38 of
1102 524 143 46 illus.,
1327 543 10 29 [1]
1375 534 42 37 p.
1477 523 57 38 25½
1565 525 45 21 cm
1615 553 9 9 .

224 581 71 40 On
329 590 166 30 cover:
531 581 83 39 5th
647 580 318 47 anniversary
997 580 52 39 of
1082 580 82 40 the
1196 580 222 38 Museum
1449 578 52 41 of
1532 579 198 39 modern
1764 578 91 39 art.

225 632 1915 52 “Twenty-five hundred copies of this catalog were printed … by Plantin
153 703 148 38 press,
329 694 119 39 New
472 692 173 41 York.”

223 749 261 40 Published
515 749 102 40 also
647 749 60 47 by
735 749 71 40 W.
836 750 69 39 W.
936 749 185 39 Norton
1153 748 35 40 &
1218 756 247 40 company,
1496 748 117 39 New
1643 747 144 48 York,
1819 748 153 39 under
2002 747 135 40 title:

155 806 198 40 Modern
378 805 162 40 works
561 805 52 40 of
635 807 92 44 art,
752 805 159 40 edited
937 806 61 46 by
1021 804 172 41 Alfred
1217 805 62 40 H.
1304 805 140 46 Barr,
1469 805 61 47 jr.

225 862 228 39 “Modern
488 862 157 39 works
679 861 51 40 of
763 861 106 40 art”
913 862 66 47 (p.
1014 860 168 48 11-19)
1224 862 60 46 by
1320 860 54 41 A.
1410 861 59 39 H.
1506 862 140 45 Barr,
1680 861 60 47 jr.

226 918 357 39 “Publications
611 918 54 39 of
696 918 84 39 the
809 918 217 39 Museum
1058 917 51 40 of
1139 918 197 38 modern
1366 920 79 38 art
1476 918 218 39 referred
1726 920 47 37 to

1805 918 59 47 by
155 916 1969 99 abbreviation
282 974 49 39 in
356 975 82 40 the
464 975 103 39 text
592 974 52 40 of
669 973 81 41 the
775 973 245 48 catalog”:
1048 984 43 37 p.
1116 974 71 39 22.

149 1026 53 54 ©
228 1033 118 38 Nov.
374 1030 70 48 20,
471 1030 140 42 1934;
639 1031 65 40 2c.
734 1032 95 38 and
858 1030 80 40 aff.
965 1031 114 46 Apr.
1107 1030 39 46 6,
1174 1028 141 48 1935;
1346 1031 41 38 A
1414 1030 169 48 81324;
1615 1031 220 40 Museum
1864 1030 52 39 of
1944 1031 198 38 modern

221 1091 90 38 art.
382 1088 250 48 (35-5451)

150 1192 144 51 New
317 1192 161 51 York
502 1192 392 52 tuberculosis
916 1193 114 52 and
1055 1191 204 53 health
1283 1191 375 67 association,
1682 1192 112 54 inc.
223 1190 1896 131 Committee

333 1288 73 34 on
433 1269 347 66 community
806 1270 195 54 dental
1026 1272 225 52 service.

228 1344 215 53 Health
490 1345 242 54 dentistry
766 1364 7 6 -
818 1344 92 54 for
953 1347 95 53 the
1094 1345 375 68 community;
1518 1365 30 33 a
1593 1347 171 66 study
1809 1346 64 53 of
1919 1357 225 57 present

157 1423 167 53 needs
358 1425 111 51 and
500 1424 228 67 general
760 1424 192 53 trends
984 1423 60 52 in
1078 1425 94 51 the
1204 1422 290 69 provision
1528 1423 64 56 of
1623 1424 521 68 community-wide

159 1502 192 52 dental
380 1520 140 38 care,
549 1501 75 68 by
653 1503 94 51 the
777 1501 334 55 Committee
1142 1519 71 35 on
1242 1501 348 69 community
1619 1504 191 51 dental
1842 1503 209 53 service
2081 1502 63 53 of

160 1579 91 53 the
289 1580 137 52 New
466 1580 161 52 York
661 1579 368 54 tuberculosis
1066 1581 112 51 and
1215 1580 193 53 health
1446 1578 352 56 association.
1875 1580 268 66 Chicago,

157 1658 111 67 Ill.,
297 1656 119 54 The
445 1656 334 69 University
806 1657 63 52 of
897 1655 250 69 Chicago
1174 1674 156 49 press
1365 1661 170 64 [1935]

230 1727 103 51 xiii,
371 1729 55 41 85
463 1738 41 36 p.
565 1727 152 48 diagr.
777 1728 55 39 21
836 1731 41 21 cm
884 1761 8 8 .
962 1728 299 48 (Half-title:
1296 1729 101 41 The
1435 1730 204 39 medical
1679 1730 265 39 economics
1982 1730 164 48 series,

162 1789 61 39 M.
254 1788 63 40 M.
348 1787 164 46 Davis,
542 1785 181 49 editor)

231 1843 170 41 Alfred
434 1843 211 48 Walker,
678 1843 265 42 chairman.

233 1898 293 42 “Reference
558 1900 250 40 sources”:
842 1910 42 37 p.
915 1899 159 42 79-80.

159 1954 53 53 ©
250 1959 110 39 Feb.
399 1958 69 48 12,
507 1956 117 41 1935;
687 1957 68 40 2c.
795 1959 119 37 Mar.
953 1957 83 47 21;
1078 1957 82 40 aff.
1200 1958 121 39 Mar.
1362 1957 81 47 18;
1484 1958 41 38 A
1565 1957 170 48 81098;
1779 1957 280 49 University
2098 1959 53 39 of

225 2015 222 48 Chicago,
481 2014 223 48 Chicago.
774 2014 249 49 (35-5456)

159 2115 291 62 Nicolson,
479 2119 153 54 Hon.
661 2116 220 54 Harold
913 2117 245 64 George,
1189 2122 170 50 1886-

295 2191 1853 70 … Nachkriegsdiplomatie; Curzon: the last phase, 1919-1925;
164 2272 231 52 deutsch
425 2289 109 35 von
562 2270 164 54 Hans
756 2269 272 69 Reisiger.
1103 2270 215 66 Berlin,
1349 2269 57 55 S.
1438 2270 235 55 Fischer
1726 2273 153 65 [1934]

231 2340 791 51 3 p. l., [9]-405 p., 1 l. 22½ cm .
231 2399 67 39 At
322 2399 123 40 head
476 2398 53 41 of
555 2400 136 39 title:
722 2399 188 40 Harald
938 2399 240 40 Nicolson.

236 2456 171 40 “Erste
443 2456 72 39 bis
549 2456 155 40 vierte
738 2455 233 48 auflage.”

159 2511 1976 110 © Oct. 30, 1934; 1c. Mar. 11, 1935; A-Foreign 27297; S. Fischer verlag, a.-g. (35-5622)
166 2675 194 53 North
395 2679 255 50 western
688 2676 200 65 digest.
964 2678 135 49 1934
1133 2675 344 53 cumulative
1512 2681 208 50 annual
1755 2679 205 65 pocket
1991 2683 160 62 parts

300 2751 1845 71 … [for] vols. 1-40 … St. Paul, West publishing co. [ c 1935]
228 2826 60 40 40
314 2838 41 29 v.
415 2825 55 41 25
473 2828 45 21 cm
523 2857 9 9 .

232 2884 157 39 These
416 2881 275 48 pamphlets
718 2892 86 29 are
833 2883 50 38 to
911 2881 58 39 be
997 2880 138 41 fitted
1166 2881 105 40 into
1301 2882 84 39 the
1413 2882 196 47 pockets
1643 2884 54 38 at
1725 2883 81 39 the
1836 2884 122 39 back
1990 2884 51 39 of
2072 2885 84 39 the

163 2941 215 38 volumes
404 2939 52 39 of
482 2940 80 38 the
588 2940 74 38 set
689 2940 52 38 to
764 2937 160 40 which
949 2939 116 46 they
1087 2938 184 47 belong.

163 2992 53 53 ©
246 2997 121 39 Mar.
399 2995 68 47 28,
499 2994 140 47 1935;
670 2994 67 40 2c.
769 2995 117 38 each
917 2994 96 39 and
1043 2994 80 39 aff.
1157 2995 114 46 Apr.
1302 2994 83 47 26;
1418 2995 43 38 A
1491 2994 170 48 82684;
1693 2996 138 40 West
1860 2997 107 47 pub.
2003 3008 66 29 co.

168 3155 260 63 Nyberg,
458 3154 218 63 Joseph
704 3153 314 55 Antonius.

244 3231 218 67 Survey
499 3230 64 53 of
599 3230 139 67 high
776 3231 188 51 school
1001 3229 410 67 mathematics,
1446 3231 75 66 by
1558 3233 216 66 Joseph
1811 3235 70 50 A.
1921 3234 233 69 Nyberg

233 3307 1921 74 … New York, Cincinnati [etc.] American book company
174 3391 191 63 [c1935]

234 3460 88 41 399
348 3471 43 37 p.
447 3459 142 45 illus,,
619 3457 178 48 diagrs.
853 3457 56 40 19
909 3458 45 21 cm
958 3488 9 7 .

234 3516 285 41 Illustrated
552 3514 361 47 lining-papers.

171 3570 53 53 ©
254 3574 114 47 Apr.
398 3573 41 46 3,
470 3571 140 46 1935;
643 3570 67 40 2c.
741 3571 94 38 and
868 3569 81 40 aff.
982 3570 112 46 Apr.
1127 3568 53 47 9;
1214 3571 41 37 A
1286 3570 169 46 81346;
1489 3570 158 40 Amer.
1681 3571 124 39 book
1835 3583 65 29 co.

249 3629 249 49 (35-5583)

172 3733 174 64 Page,
375 3730 253 56 William
655 3729 273 64 Herbert,
957 3733 171 50 1868-
1338 3730 84 51 ed.

245 3813 56 49 A
325 3811 182 65 digest
534 3808 63 51 of
624 3809 76 49 all
725 3806 263 66 reported
1014 3805 275 52 decisions
1315 3805 63 51 of
1403 3807 93 50 the
1522 3813 187 46 courts
1736 3810 62 50 of
1826 3811 149 54 Ohio
2002 3813 152 54 from

176 3889 94 50 the
303 3886 225 52 earliest
557 3882 199 69 period
789 3888 58 46 to
876 3882 145 51 date.
1091 3880 269 54 Lifetime
1393 3883 84 51 ed.
1548 3884 211 53 Edited
1790 3887 75 67 by
1896 3889 260 54 William

176 3959 1974 76 Herbert Page … v. 13. Words and phrases; topical index;
