2526 4384
1120 4084 96 48 103

176 464 213 67 Griffis,
417 465 254 55 William
702 465 194 65 Elliot,
930 472 323 50 1843-1928.

244 542 232 54 China’s
500 547 157 64 story
681 543 58 51 in
765 543 179 68 myth,
969 543 218 68 legend,
1213 543 113 52 and
1353 543 217 68 annals,
1597 543 75 68 by
1694 542 263 54 William
1984 542 178 53 Elliot

173 617 204 56 Griffis.
449 620 135 52 Rev.
624 621 83 52 ed.
779 620 164 53 With
978 620 320 53 additional
1334 621 264 68 chapters
1634 621 73 69 by
1746 621 225 53 Arthur

175 621 1966 128 Walworth.
448 699 216 50 Boston
703 698 112 52 and
857 698 138 51 New
1041 697 177 67 York,
1258 698 318 67 Houghton
1620 698 202 52 Mifflin
1867 716 296 51 company.

175 778 147 49 1935.

277 826 1087 90 x p., 2 l., [3]-336 p. front., plates. 19½cm.
175 916 51 51 ©
251 921 107 38 Jan.
385 919 68 47 29,
479 888 143 71 18351
646 920 65 39 2c.
738 921 96 38 and
859 919 81 40 aff.
969 920 109 39 Feb.
1105 921 52 39 4:
1188 921 38 38 A
1252 919 143 41 79507:
1451 921 264 45 Houghton
1742 921 167 39 Mifflin
1938 932 65 28 co.

250 976 250 50 (35-2162)

170 1078 251 65 Grubbs,
449 1081 137 52 Mrs.
617 1079 166 54 Lillie
814 1081 285 64 (Martin)
1135 1098 178 48 comp.

240 1154 243 69 History
507 1154 65 54 of
593 1156 207 53 Worth
827 1162 225 63 county,
1078 1155 266 70 Georgia,
1371 1155 94 53 for
1487 1157 95 52 the
1610 1156 126 52 first
1763 1156 196 69 eighty
1985 1174 179 51 years.

176 1232 1924 70 1854-1934, by Mrs. Lillie Martin Grubbs (Mrs. Clifford) …
173 1308 218 69 Macon,
416 1308 123 68 Ga.,
563 1311 121 52 The
708 1311 56 53 J.
790 1311 90 53 W.
907 1311 192 52 Burke
1125 1329 297 50 company,
1450 1314 150 50 1934.

239 1382 132 44 xviii.
401 1383 85 41 594
514 1394 43 37 p.
588 1385 106 39 incl.
724 1385 148 41 front.
901 1386 170 47 (port.)
1111 1385 127 39 illus.
1298 1383 147 42 23½cm.

243 1440 245 48 Compiled
509 1441 78 39 for
613 1441 81 40 the
720 1441 224 41 Barnard
969 1442 115 40 trail
1111 1442 212 47 chapter,
1350 1442 56 40 D.
1433 1442 51 39 A.
1511 1441 70 46 R.,
1608 1441 61 49 by
1696 1442 64 40 its
1785 1442 257 40 historian,
2102 1444 59 47 cf.

170 1496 126 40 Bref.

171 1564 53 52 ©
250 1570 110 39 Dec.
389 1567 70 49 20,
488 1568 113 42 1934;
657 1569 64 40 2c.
751 1571 110 39 Jan.
889 1571 70 47 14,
988 1569 114 41 1935;
1158 1570 81 40 aff.
1269 1571 108 39 Jan.
1406 1570 83 47 24;
1519 1571 43 39 A
1587 1571 171 46 80190;
1789 1572 49 38 L.
1869 1573 60 38 M.
1962 1570 204 48 Grubbs,

240 1626 259 47 Sylvester,
529 1627 83 39 Ga.
683 1627 251 47 (35-2169)

170 1728 333 66 Hobhouse,
535 1730 213 56 Adam.

237 1806 122 52 The
401 1805 291 68 hangover
733 1809 277 64 murders,
1050 1809 73 65 by
1166 1809 192 52 Adam
1399 1809 325 53 Hobhouse.
1801 1809 138 51 New
1984 1807 179 65 York,

169 1883 68 52 A.
268 1883 69 52 A.
368 1883 224 66 Knopf,
624 1887 150 51 1935.

235 1954 710 51 3 p. l. , 3-238 p., 1 l. 20cm.
237 2012 123 40 Text
393 2023 57 29 on
485 2012 336 50 lining-paper.

239 2068 160 42 “First
435 2069 227 42 edition.”

172 2136 51 51 ©
254 2141 108 39 Feb.
391 2141 40 45 4,
462 2140 112 40 1935;
633 2141 65 39 2c·.
729 2143 95 37 and
855 2140 79 41 aff.
967 2140 109 40 Feb.
1108 2142 51 39 5:
1194 2142 39 38 A
1264 2139 169 48 70541;
1466 2141 171 40 Alfred
1668 2142 51 38 A.
1754 2141 179 48 Knopf,
1965 2139 89 42 inc.

247 2197 250 48 (35-2180)

168 2301 157 65 Holt,
354 2301 198 54 Frank
579 2302 84 65 L.,
693 2322 177 47 comp.

241 2379 326 55 California
620 2380 103 52 bar
777 2380 431 65 examinations,
1265 2383 327 49 1933-1934.
1681 2380 157 52 Four
1890 2380 275 65 complete

166 2462 144 48 state
340 2458 103 51 bar
474 2457 442 66 examinations;
951 2458 237 65 quoting
1218 2458 96 52 the
1345 2457 243 52 decisive
1618 2458 311 65 principles
1960 2456 63 53 of
2052 2459 110 50 law

169 2532 281 69 involved,
480 2535 140 52 with
652 2535 274 66 analyses,
955 2534 354 65 authorities,
1338 2553 167 45 cases,
1534 2534 112 52 and
1674 2539 257 47 statutes.

170 2533 1992 145 Compiled by Frank L. Holt … Los Angeles, Calif., O. W. Smith,
168 2690 176 65 Legal
369 2689 147 53 book
540 2689 142 66 shop
715 2692 193 63 [c1935]

235 2760 85 41 296
357 2773 43 37 p.
460 2762 117 40 27cm.

238 2819 120 40 Part
387 2821 98 37 two
513 2818 233 49 preceded
777 2818 61 47 by
868 2816 237 42 half-title
1132 2818 84 39 not
1246 2818 225 39 included
1503 2818 50 38 in
1583 2818 82 39 the
1694 2816 191 49 paging.

170 2886 51 51 ©
253 2890 108 39 Jan.
391 2888 69 46 22,
489 2888 113 40 1935;
659 2887 67 41 2c.
758 2887 96 40 and
883 2886 80 41 aff.
996 2887 108 38 Feb.
1135 2885 25 39 2:
1219 2887 42 38 A
1289 2885 145 40 80316;
1493 2886 49 38 F.
1574 2886 49 38 L.
1656 2887 133 46 Holt,
1821 2886 91 38 Los
1942 2885 219 46 Angeles.

246 2946 250 49 (35-2173)

165 3050 251 63 Hunter,
447 3049 225 63 George
701 3046 273 64 William,
1007 3048 169 53 1873-

300 3122 1856 72 … My own science problems [by] George W. Hunter … and
169 3200 1991 70 Walter G. Whitman … New York, Cincinnati [etc.] American
167 3282 144 55 book
342 3302 278 49 company
673 3287 173 63 [c1935]

243 3357 84 39 xiv
357 3365 57 38 p.,
449 3356 25 39 1
544 3387 9 16 l.,
586 3356 85 40 431
704 3366 44 37 p.
781 3356 109 40 incl.
921 3355 164 44 front.,
1119 3354 142 46 illus.,
1297 3353 177 48 diagrs.
1536 3352 145 39 20½cm.
1751 3350 125 47 (The
1912 3351 166 39 march
2111 3351 51 40 of

171 3413 209 47 science)

244 3468 292 42 “Reference
562 3468 229 48 reading”
817 3472 52 37 at
892 3470 92 38 end
1011 3468 51 40 of
1086 3468 117 39 each
1228 3466 121 44 unit.

173 3537 51 51 ©
250 3542 106 39 Jan.
383 3541 39 46 2,
447 3540 112 40 1935;
613 3540 67 40 2c.
705 3541 95 39 and
826 3539 79 40 aff.
933 3540 109 39 Jan.
1069 3540 25 38 7;
1148 3539 40 38 A
1215 3537 142 41 78068;
1413 3537 156 39 Amer.
1597 3536 123 40 book
1744 3546 67 29 co.

248 3597 248 49 (35-2216)

169 3700 287 66 Jennifer,
487 3701 170 56 June.

301 3774 1522 66 … Chaste … New York, W. Godwin, inc. [c1935]
239 3848 87 42 296
361 3860 43 38 p.
464 3848 115 41 19cm.

242 3905 61 41 At
330 3907 124 39 head
483 3905 50 40 of
559 3905 108 41 title:
723 3905 72 47 By
822 3904 125 41 June
974 3903 236 41 Jennifer.

176 3971 51 51 ©
258 3977 108 38 Feb.
397 3978 38 44 1,
466 3975 140 47 1935;
638 3975 66 40 2c.
737 3975 109 39 Feb.
877 3973 52 41 9:
964 3973 80 39 aff.
1077 3973 107 39 Feb.
1217 3974 52 39 7:
1301 3973 41 38 A
1373 3971 169 46 80374;
1575 3969 216 41 William
1823 3967 215 42 Godwin,
2071 3967 89 41 inc.

251 4032 248 47 (35-2184)
