2424 4375
1223 4065 133 50 1884

373 504 1244 50 3 p. l., v-x, 98 p. forms, tables, diagr. 23 cm .
304 556 52 53 ©
385 561 126 40 June
537 560 70 49 2,7,
636 561 139 47 1934;
805 561 67 41 2c.
902 562 109 40 Dec.
1042 562 39 47 9,
1111 561 140 48 1935;
1282 562 81 41 aff.
1394 564 112 41 Dec.
1536 564 52 47 6;
1617 565 39 38 A
1684 564 141 41 88781;
1886 566 49 40 L.
1966 566 43 40 J.
2040 566 266 51 O’Rourke,

373 617 337 50 Washington.

301 720 243 66 Ortega,
574 723 157 56 José.

434 800 1867 73 … “Maycotte”, the home treasure; special teaching method
302 879 1941 71 for cutting and assembling without teacher. 1935, 3d ed. …
301 958 368 53 Translation
697 959 153 52 from
880 958 248 68 Spanish
1156 961 74 67 by
1257 963 69 51 A.
1354 963 156 51 Pena
1538 962 112 52 and
1676 964 55 54 J.
1760 962 299 55 Gonzalez.
300 964 1981 126 [Mexico
417 1035 153 69 City,
597 1037 242 67 Mexico,
870 1041 131 50 1935]

371 1110 883 49 4 p. l., 74 p., 1 l. diagrs. 27½ cm .
373 1169 62 39 At
464 1169 125 39 head
617 1168 52 40 of
696 1168 109 40 title:
863 1169 72 47 By
963 1168 116 41 José
1106 1170 95 39 and
1233 1170 160 39 Laura
1423 1170 192 49 Ortega.

369 1225 184 40 Folded
586 1226 191 39 colored
811 1225 142 41 chart
983 1226 102 40 laid
1120 1226 63 40 in.

301 1276 53 54 ©
386 1283 66 39 1c.
487 1283 114 47 May
631 1283 70 45 31,
734 1281 140 42 1935:
910 1283 40 39 A
980 1284 61 39 ad
1075 1283 84 40 int.
1194 1283 171 46 20563;
1401 1285 144 46 pubd.
1580 1286 113 46 May
1728 1285 81 46 18;
1844 1284 118 40 José
1994 1285 175 47 Ortega
2208 1286 96 40 and

374 1339 160 40 Laura
574 1339 194 48 Ortega,
805 1340 166 40 Nuevo
1008 1340 201 43 Laredo,
1247 1341 331 48 Tamaulipas,
1617 1340 200 42 México.

298 1429 215 65 Pelley,
541 1430 255 54 William
827 1431 248 63 Dudley.

387 1507 565 57 “Nations-in-law”;
995 1527 70 33 an
1105 1509 478 53 unconventional
1624 1509 248 68 analysis
1911 1509 262 69 cleaning
2207 1511 95 52 the

299 1585 291 54 barnacles
629 1586 153 52 from
819 1586 95 53 the
948 1587 131 66 ship
1116 1587 63 52 of
1216 1590 162 62 state,
1414 1587 73 67 by
1522 1588 262 53 William
1821 1588 230 67 Dudley
2088 1587 213 70 Pelley.

298 1663 312 66 Asheville,
637 1664 69 52 N.
737 1664 80 65 C.,
843 1664 119 52 The
989 1663 368 55 Foundation
1385 1663 326 70 fellowship
1927 1699 11 33 [c1935]

370 1736 695 48 3 p. l., 349 numb. 1. 28c m .
367 1793 409 49 Mimeographed.

299 1845 53 54 ©
383 1852 112 46 Apr.
526 1850 69 46 19,
628 1850 140 42 1935:
801 1850 64 40 2c.
900 1852 117 40 Nov.
1048 1853 53 38 4:
1135 1851 82 41 aff.
1251 1852 116 39 Nov.
1401 1853 52 45 5;
1486 1852 43 38 A
1559 1851 141 40 88133;
1763 1852 70 40 W.
1868 1853 54 38 D.
1958 1852 175 49 Pelley,
2167 1853 136 40 West

368 1908 260 48 Asheville,
658 1908 56 40 N.
747 1907 47 41 O.

298 1998 195 54 Pencil
522 1998 217 64 points.

369 2075 1929 70 Comparative architectural details … New York, N. Y., The
298 2154 285 55 Reinhold
614 2154 336 69 publishing
978 2156 383 66 corporation,
1395 2159 149 50 1935.

369 2229 55 39 63
465 2239 41 37 p.
577 2228 128 40 illus,
735 2227 132 48 (incl.
909 2229 165 48 plans)
1151 2228 86 39 304
1240 2230 44 21 cm
1290 2260 8 8 .
1370 2228 122 47 (The
1536 2228 161 40 Pencil
1741 2229 160 47 points
293 2227 2011 106 series—1984-1935)

299 2338 52 53 ©
385 2342 103 40 Oct.
519 2342 69 47 31,
623 2341 117 40 1935;
798 2341 67 42 2c.
899 2343 92 39 and
1028 2342 81 41 aff.
1143 2342 116 40 Nov.
1292 2342 17 38 1;
1381 2343 38 37 A
1454 2341 170 47 89098;
1662 2342 239 40 Reinhold
1936 2342 107 48 pub.
367 2351 1912 89 corporation.

295 2490 220 64 Poliak,
543 2490 329 53 Katherine
900 2489 288 64 Heilprin.

368 2567 122 54 Can
525 2569 94 51 the
656 2568 338 52 work-week
1028 2568 201 52 shrink
1266 2568 110 51 and
1416 2585 184 49 wages
1636 2566 191 68 grow?
1867 2572 229 62 present

298 2566 1997 223 problems in the light of the past, by Katherine H. Poliak … Revised March 1935 … New York city. The Affiliated schools
295 2802 94 52 for
421 2802 265 57 workers,
718 2802 106 52 inc.
863 2835 11 33 [
880 2808 17 20 c
904 2805 150 64 1935]

365 2875 60 40 30
453 2886 41 36 p.
557 2874 55 41 23
615 2876 48 21 cm
666 2906 8 8 .

298 2927 52 53 ©
383 2933 113 46 May
528 2932 68 47 14,
626 2930 141 47 1935;
801 2930 66 41 2c.
901 2931 129 48 Sept
1064 2930 53 47 6;
1152 2929 82 41 aff.
1272 2930 125 48 Sept.
1431 2930 82 47 28;
1551 2931 39 38 A
1624 2929 169 47 88308;
1830 2928 242 41 Affiliated
2108 2929 190 40 schools

367 2988 79 40 for
483 2988 230 46 workers,
752 2988 90 39 inc.

294 3077 453 64 Prentice-Hall,
776 3076 129 65 inc.,
932 3079 140 51 New
1101 3078 177 52 York.

366 3154 324 54 California
722 3155 466 66 unemployment
1217 3172 245 35 reserves
1494 3159 107 60 act,
1632 3153 139 53 with
1802 3170 304 50 summary.
2173 3153 95 68 Ap

297 3232 1402 67 proved June 25, 1935 … [New York, c 1935]
367 3305 59 41 30
450 3316 42 37 p.
547 3305 55 40 23
606 3306 47 21 cm
656 3337 8 8 .

297 3357 1936 53 © Aug. 17, 1935; 2c. Oct. 2;: aff. Oct. 4; A 87490: Prentice-Hall, inc.
364 3507 284 53 Taxation
688 3504 270 70 affecting
993 3506 105 53 life
1133 3509 316 64 insurance,
1486 3505 103 55 life
1628 3506 296 52 insurance
1963 3511 175 46 trusts
2178 3504 109 53 and

296 3585 311 65 annuities;
647 3605 71 33 an
755 3586 367 66 explanation
1159 3584 63 52 of
1257 3585 93 51 the
1386 3585 220 52 federal
1642 3585 233 63 income,
1911 3582 116 67 gift
2063 3583 111 51 and
295 3599 1970 115 estate
452 3669 97 45 tax
588 3664 155 65 laws,
785 3663 109 51 and
936 3664 94 50 the
1071 3666 144 50 state
1253 3663 351 51 inheritance
1646 3662 112 51 and
1798 3666 173 47 estate
2013 3666 97 46 tax
2151 3662 137 51 laws

296 3736 271 71 affecting
609 3740 104 52 life
756 3739 313 57 insurance,
1112 3738 104 53 life
1257 3740 296 51 insurance
1596 3743 193 50 trusts,
1833 3738 108 52 and
1989 3737 298 53 annuities.

298 3820 134 48 1934
457 3818 83 51 ed.
623 3851 12 30 r
641 3818 138 51 New
808 3817 178 64 York,
1013 3819 263 50 Prentice
1303 3816 159 60 Hall,
1489 3817 126 54 inc.,
1644 3823 17 19 c
1667 3820 150 61 1934]

372 3889 564 47 3 p. l., 154 p. 18½ cm .
297 3940 52 53 ©
374 3945 118 45 Aug.
522 3945 67 42 18,
617 3944 141 47 1934;
788 3945 66 40 2c.
883 3946 95 39 and
1006 3944 80 40 aff.
1116 3944 102 42 Oct.
1244 3944 82 47 16;
1356 3943 140 47 1935;
1527 3945 42 38 A
1595 3943 169 41 87746:
1796 3941 373 47 Prentice-Hall,
2198 3942 89 40 inc.
