2526 4384
1307 4060 99 50 160

361 441 222 68 Sewell,
611 445 192 66 Anna,
835 445 322 56 1820-1878.

495 519 1859 71 … Black Beauty, by Anna Sewell; edited to fit the interests
360 596 113 53 and
499 597 247 54 abilities
771 597 63 54 of
860 615 194 52 young
1079 598 225 53 readers
1329 598 76 68 by
1433 598 255 54 Edward
1715 599 64 53 L.
1807 598 360 68 Thorndike;
362 598 1970 130 illustrated
588 675 76 68 by
705 674 77 54 H.
826 675 81 53 M.
953 674 222 69 Stoops.
1256 676 139 52 New
1439 675 180 69 York,
1661 677 72 52 D.
1777 675 576 70 Appleton-Century

360 768 299 53 company,
687 752 401 69 incorporated
1122 786 14 34 [
1140 759 18 22 c
1163 756 152 64 1935]

433 837 46 37 x,
505 826 89 42 280
618 838 42 38 p.
690 827 109 41 incl.
825 827 165 48 front.,
1018 828 126 39 illus.
1203 827 58 40 19½
1290 829 45 22 cm
1338 858 9 9 .
1414 828 124 49 (The
1565 827 278 42 Thorndike
1873 828 209 50 library)

436 883 277 42 “Student’s
744 883 226 42 edition.”

367 936 56 52 ©·
449 940 110 41 Feb.
589 940 69 48 15,
688 939 140 48 1935;
858 940 67 41 2c.
957 941 101 40 Feb.
1098 942 80 46 18;
1212 938 83 43 aff.
1326 941 96 40 Feb.
1466 940 82 47 21;
1582 942 44 38 A
1650 941 170 46 80515;
1854 943 209 39 Edward
2095 942 39 39 L
432 943 1912 101 Thorndike,
598 998 261 47 Montrose,
898 998 55 38 N.
995 998 53 38 Y.
1114 997 278 50 [Copyright
1433 998 42 40 is
1518 997 204 41 claimed
1765 1009 59 29 on
1866 998 354 41 modifications
2261 1001 95 38 and

429 1054 361 49 substitutions]
863 1054 250 48 (35-2731)

359 1143 232 67 Taylor,
621 1146 247 64 Horace,
900 1150 172 49 1894-

434 1221 452 69 Contemporary
931 1223 282 67 problems
1257 1222 61 53 in
1361 1223 97 52 the
1500 1220 219 57 United
1763 1221 206 68 States,
2012 1222 75 67 by
2130 1224 226 51 Horace

361 1300 230 67 Taylor,
627 1301 139 52 with
802 1302 95 51 the
932 1300 408 55 collaboration
1377 1301 63 51 of
1477 1300 300 55 Columbia
1812 1299 209 68 college
2058 1300 295 53 associates

359 1378 61 53 in
445 1378 328 68 economics,
798 1386 371 60 government
1195 1379 110 52 and
1333 1376 193 70 public
1551 1380 127 66 law,
1703 1379 238 67 history,
1968 1379 112 53 and
360 1378 1969 147 philosophy.
556 1459 239 52 1934-35
820 1458 84 51 ed.
964 1458 242 53 Volume
1229 1459 47 49 2.
1338 1459 137 51 New
1499 1457 179 67 York,
1702 1459 310 65 Harcourt,
2037 1459 179 51 Brace
2242 1457 112 52 and

357 1551 279 51 company
712 1537 150 64 [c1935]

429 1606 654 50 1 p. l., vii, 545 p. 28½ cm .
366 1661 51 52 ©
443 1666 108 39 Jan.
577 1666 41 45 3,
643 1663 140 48 1935;
811 1663 66 41 2c.
904 1664 110 39 Jan.
1040 1662 81 47 12;
1149 1662 80 41 aff.
1258 1663 109 40 Feb.
1397 1664 51 46 8;
1475 1664 40 38 A
1542 1662 169 48 78985;
1740 1664 261 45 Harcourt,
2030 1663 154 39 Brace
2212 1662 36 40 &
2273 1673 82 35 co.,

427 1722 89 40 inc.
582 1721 281 50 [Copyright
893 1720 43 40 is
964 1719 204 41 claimed
1198 1731 61 29 on
1289 1719 246 41 additions
1566 1720 95 39 and
1694 1719 249 49 revisions]

365 1808 290 68 Watkins,
684 1809 236 54 Arthur
948 1808 261 65 Charles,
1241 1809 172 56 1873-

363 1884 1990 150 The story of the Paris pact; for students of the higher citizenship, by Arthur Charles Watkins … Washington, D. C.,
364 2042 273 56 National
665 2044 213 67 capital
907 2061 173 50 press,
1112 2047 148 50 1934.

434 2117 65 48 ix,
529 2117 87 40 149
644 2127 43 38 p.
747 2117 58 40 18½
835 2119 43 21 cm
884 2151 9 9 .

438 2173 181 41 “Third
648 2173 226 41 edition.”

435 2229 135 42 First
598 2230 197 48 edition,
825 2229 127 48 1931,
984 2229 251 49 published
1267 2229 152 39 under
1452 2229 133 39 title:
1618 2228 101 40 The
1750 2227 141 40 Paris
1922 2230 123 44 pact.

435 2287 376 50 Bibliography:
843 2297 44 39 p.
917 2285 215 43 133-135.

363 2342 51 53 ©
439 2348 111 39 Dec.
576 2346 69 48 28,
672 2345 113 41 1934;
839 2346 65 39 2c.
930 2348 93 37 and
1051 2345 79 40 aff.
1158 2346 108 39 Jan.
1294 2346 39 45 3,
1360 2344 140 47 1935;
1529 2345 41 38 A
1597 2343 170 47 80330;
1796 2344 115 40 Natl.
1954 2344 196 39 student
2175 2343 176 47 forum,

429 2402 333 49 Washington.
833 2402 250 48 (35-2584)

359 2493 262 65 Watson,
651 2492 232 54 Arthur
914 2492 208 65 Chace,
1156 2496 168 51 1897-
1537 2508 178 50 comp.

427 2569 57 51 A
513 2574 117 47 cast
660 2568 64 54 of
753 2568 347 67 characters;
1135 2567 266 69 readings
1432 2567 60 52 in
1523 2565 325 70 biography
1899 2566 93 66 [by]
2029 2564 227 54 Arthur
2286 2564 63 55 C.

356 2645 239 55 Watson
643 2646 112 52 and
803 2645 309 53 Frederick
1160 2644 68 54 G.
1278 2645 240 66 Fassett,
1566 2642 71 70 jr.
1727 2642 382 70 [Cambridge,
2159 2641 191 67 Mass.,

357 2729 21 22 c
383 2726 134 50 1935]

428 2794 731 48 3 p. l., vii-x, 220 p. 26½ cm .
428 2851 510 48 Photolithographed.

429 2906 70 41 On
528 2918 165 30 cover:
724 2908 63 41 M.
814 2908 37 41 I.
877 2908 51 39 T.

363 2962 53 52 ©
441 2967 110 39 Feb.
577 2967 38 45 8,
641 2965 140 47 1935;
808 2965 65 40 2c.
901 2968 94 37 and
1023 2964 81 41 aff.
1131 2965 109 40 Feb.
1269 2966 55 37 14;
1380 2965 40 38 A
1446 2964 170 46 80410;
1644 2964 53 39 A.
1766 2995 9 8 C.
1800 2965 203 39 Watson
2030 2966 94 38 and
426 2964 1907 99 Frederick
531 3023 51 40 G.
613 3023 208 45 Fassett,
849 3022 75 47 jr.,
955 3018 300 51 Cambridge,
1285 3023 145 38 Mass.
1501 3021 250 48 (35-2787)

359 3098 451 65 Weatherhead,
839 3098 191 53 Leslie
1058 3097 209 56 Dixon.

359 3170 1988 150 Psychology and life [by] Leslie D. Weatherhead … forewords by Sir Henry B. Brackenbury … and Dr. William
361 3326 1985 69 Brown … New York, Cincinnati [etc.] The Abingdon press
363 3437 13 33 [
381 3412 18 21 c
404 3409 150 63 1935]

427 3479 99 48 xix,
554 3479 89 42 280
667 3491 43 37 p.
766 3478 177 49 diagrs.
1001 3479 54 40 19
1057 3482 45 20 cm
1106 3511 8 7 .

364 3532 53 52 ©
455 3538 108 39 Jan.
603 3536 40 46 9,
683 3534 139 48 1935;
863 3535 65 41 2c.
969 3536 95 40 and
1104 3536 78 39 aff.
1226 3537 107 39 Jan.
1375 3535 53 39 16;
1498 3536 40 38 A
1577 3534 169 47 79201;
1789 3535 50 39 L.
1881 3536 55 38 D.
1976 3534 369 43 Weatherhead,

427 3593 290 47 Alwoodley,
747 3593 165 45 Leeds,
942 3593 233 46 England.
1247 3591 249 48 (35-2621)

358 3667 259 65 Weston,
646 3668 239 62 Harold,
917 3671 168 50 1885-

433 3742 1908 70 Banquet for furies, by Harold Weston … New York,
363 3820 259 57 Coward,
649 3821 278 58 McCann,
955 3823 106 52 inc.
1097 3856 11 32 [
1113 3828 17 21 c
1136 3826 149 62 1935]

429 3893 575 47 4 p. l., 3-459 p. 21 cm .
361 3947 53 52 ©
449 3952 107 38 Feb.
592 3951 68 45 14,
694 3949 139 45 1935;
869 3949 65 42 2c.
969 3950 98 39 Feb
1113 3950 80 46 18;
1230 3949 80 40 aff.
1346 3950 108 39 Feb.
1490 3949 59 40 16;
1609 3949 40 39 A
1683 3947 168 48 79677;
1890 3947 451 47 Cbward-McCann,

429 4007 87 39 inc.
589 4006 248 40 (35-2531)
