2424 4375
1030 4047 132 49 1615

107 427 216 63 Hayes,
352 425 189 54 Leslie
569 426 207 64 David,
808 427 169 52 1876-

177 499 1913 71 Empirical design, by Leslie D. Hayes … 4th ed. Second
106 577 263 70 printing
409 577 275 69 (revised)
760 577 420 69 Morgantown,
1211 578 90 53 W.
1333 578 126 67 Va.,
1490 578 64 52 L.
1588 578 71 55 D.
1694 577 214 70 Hayes,
1940 582 150 49 1935.

174 650 966 48 1 p l., 105 p. illus., diagrs. 23½ cm .
183 707 243 41 “Planned
452 706 259 50 especially
739 711 48 36 to
814 710 127 37 meet
967 707 82 41 the
1077 707 147 40 needs
1252 706 53 40 of
1332 707 81 40 the
1444 708 172 39 second
1645 717 118 36 year
1791 708 223 40 students
2044 707 49 40 in

106 764 80 39 the
217 763 319 48 Department
563 763 54 40 of
642 763 224 41 machine
893 764 166 46 design
1088 763 53 40 of
1169 763 188 40 Cornell
1392 763 375 47 university.”—
1769 764 129 41 Bref.

107 819 52 52 ©
191 823 100 40 Oct.
325 821 68 48 24,
429 821 116 41 1935;
601 820 65 42 2c.
702 823 96 38 and
832 822 77 39 aff.
947 822 101 40 Oct.
1082 821 59 40 26;
1200 823 42 38 A
1274 822 169 46 88005;
1481 823 50 39 L.
1568 824 56 39 D.
1659 824 180 46 Haves,
173 825 1903 101 Morgantown,
344 880 70 39 W.
444 880 85 39 Va.
600 877 278 49 (35-25792)

105 954 189 64 Heim,
325 955 161 62 Karl,
521 957 167 51 1874-

173 1032 122 52 The
323 1031 208 53 church
564 1030 65 54 of
658 1030 198 55 Christ
885 1032 111 53 and
1026 1030 96 53 the
1153 1030 283 68 problems
1464 1029 64 54 of
1558 1030 95 53 the
1683 1032 130 67 day,
1841 1031 75 68 by
1948 1030 148 55 Karl

103 1107 1992 70 Heim … New York, C. Scribner’s sons; London, C. Scribner’s
102 1206 145 40 sons,
276 1188 121 60 ltd.,
430 1189 149 50 1935.

175 1259 1918 50 viii p., 3 l., 3-172 p. 19½ cm . [James Sprunt lectures, Union theological
105 1317 256 47 seminary,
391 1316 282 48 Richmond,
702 1316 101 47 Va.,
833 1315 128 50 1935]

107 1370 51 53 ©
191 1374 100 40 Oct.
324 1374 68 47 18,
424 1373 116 40 1935;
598 1373 65 40 2c.
700 1373 100 40 Oct.
833 1372 81 48 24;
949 1372 80 40 aff.
1064 1373 101 40 Oct.
1197 1372 55 40 25;
1316 1374 39 38 A
1388 1373 170 46 89030;
1592 1374 202 40 Charles
1830 1374 265 39 Scribner’s

174 1441 124 30 sons.
369 1430 279 48 (35-25805)

107 1511 197 66 Hicks,
336 1512 315 63 Granville,
684 1516 165 51 1901-

176 1589 122 54 One
329 1589 62 53 of
420 1608 93 47 us;
544 1589 98 54 the
669 1595 158 62 story
858 1590 62 52 of
950 1590 158 53 John
1134 1590 175 65 Reed,
1340 1589 61 52 in
1431 1588 362 69 lithographs
1822 1590 74 67 by
1925 1589 167 68 Lynd

104 1667 198 61 Ward,
341 1666 291 54 narrative
670 1666 75 69 by
785 1665 296 56 Granville
1122 1666 199 53 Hicks.
1420 1667 138 52 [New
1601 1667 180 66 York]
1827 1667 265 67 Equinox

106 1745 355 68 cooperative
486 1763 174 49 press,
686 1745 109 52 inc.
849 1747 151 65 [1935]

178 1818 83 50 [64]
287 1830 45 37 p.
391 1817 143 48 illus.,
559 1829 63 37 pl.
676 1817 58 40 24
736 1819 44 22 cm
783 1849 9 10 .

176 1875 161 41 “First
366 1873 227 43 edition.”

108 1929 51 53 ©
185 1933 100 40 Oct.
310 1934 67 40 17.
403 1931 114 41 1935;
566 1931 66 41 2c.
659 1933 95 39 and
779 1931 80 40 aff.
884 1931 117 40 Nov.
1026 1932 26 39 7;
1104 1932 42 38 A
1170 1931 142 40 88155;
1368 1931 222 49 Equinox
1617 1931 305 48 cooperative
1946 1943 150 38 press.

183 1989 278 48 (35-25772)

109 2071 133 66 Hill,
270 2072 118 53 Jim
417 2072 149 63 Dan,
599 2074 169 51 1897-

175 2147 106 55 Sea
310 2147 140 68 dogs
479 2147 63 54 of
570 2147 95 54 the
694 2148 222 65 sixties;
948 2147 289 67 Farragut
1268 2147 110 53 and
1412 2164 163 35 seven
1604 2147 492 67 contemporaries,

108 2225 70 68 by
223 2224 120 55 Jim
388 2225 128 53 Dan
562 2224 144 54 Hill.
798 2224 399 69 Minneapolis,
1242 2224 200 67 Minn.,
1488 2225 121 52 The
1654 2223 333 70 University
2034 2224 64 54 of

112 2302 309 54 Minnesota
457 2320 170 50 press,
660 2305 148 49 1935.

173 2374 97 46 xiv,
299 2374 85 40 265
412 2385 41 36 p.
514 2374 162 44 front.,
708 2374 127 40 illus.
863 2372 184 50 (maps)
1086 2375 169 48 plates,
1287 2378 145 44 ports.
1494 2374 55 40 23½
1581 2379 44 19 cm
1631 2408 7 6 .

175 2431 346 48 Bibliography;
581 2442 40 37 p.
654 2430 216 42 253-255.

448 2488 1648 48 CONTENTS. — David Glasgow Farragut.—James Duuwody Bulloch.—
107 2543 199 41 Charles
341 2545 386 39 Wilkes.—John
763 2544 475 41 Wilkinson.—John
1276 2545 214 44 Rodgers
1571 2544 273 42 II.—Charles
1882 2545 211 40 William

110 2600 333 40 Read.—John
476 2601 210 40 Ancrum
722 2601 472 41 Winslow.—James
1227 2602 175 39 Iredell
1438 2602 234 40 Waddell.

109 2656 51 53 ©
186 2661 115 39 Nov.
329 2662 40 45 1,
395 2660 113 40 1935;
562 2660 68 40 2c.
659 2661 96 38 and
782 2659 81 40 aff.
891 2661 116 38 Nov.
1036 2661 54 38 11;
1148 2661 40 37 A
1216 2658 141 42 89323;
1417 2659 282 49 University
1728 2661 54 40 of
1808 2658 288 48 Minnesota,

174 2717 332 47 Minneapolis.
578 2716 279 46 (35-25820)

108 2798 275 65 Holberg,
412 2799 163 52 Ruth
601 2798 324 64 Langland.

177 2874 177 69 Mitty
396 2875 112 53 and
550 2874 111 54 Mr.
707 2874 210 69 Syrup,
958 2879 158 64 story
1157 2874 74 68 by
1272 2874 158 53 Ruth
1474 2873 304 69 Langland
1821 2873 274 67 Holberg,

110 2952 244 67 pictures
381 2952 73 69 by
481 2950 254 55 Richard
763 2952 70 52 A.
861 2951 274 68 Holberg.
1198 2951 233 54 Garden
1456 2951 154 68 City,
1633 2951 71 52 N.
1733 2950 90 67 Y.,

108 2951 1963 147 Doubleday,
266 3029 197 53 Doran
491 3032 45 50 &
566 3047 296 51 company,
888 3030 127 66 inc.,
1046 3032 150 50 1935.

180 3102 84 51 [32]
297 3114 42 37 p.
397 3102 127 41 illus.
554 3103 135 48 (part
720 3103 110 47 col.)
898 3101 56 41 23
957 3105 44 21 cm
1005 3134 9 10 .

179 3159 286 41 Illustrated
494 3161 98 47 t.-p.
622 3160 96 40 and
747 3159 347 49 lining-papers
1125 3160 49 39 in
1204 3159 167 40 colors.

179 3216 429 50 “Lithographed.”

180 3273 160 42 “First
369 3273 226 42 edition.”

113 3326 51 53 ©
205 3331 100 40 Oct.
346 3332 68 46 18,
456 3330 116 40 1935;
638 3329 66 41 2c.
747 3330 96 39 and
883 3329 82 40 aff.
1008 3328 100 41 Oct.
1150 3329 81 45 31;
1275 3329 40 38 A
1357 3327 169 47 89283;
1571 3328 133 40 Ruth
1747 3328 213 46 Holberg
2001 3329 95 39 and

174 3388 212 39 Richard
416 3388 225 46 Holberg,
671 3387 257 47 Rockport,
960 3386 146 39 Mass.
1177 3384 279 49 (35-27409)

112 3469 212 64 Horne,
355 3471 226 51 Roman
611 3470 65 53 L.

180 3546 122 53 The
334 3545 153 53 farm
517 3544 270 67 business,
819 3546 75 66 by
925 3545 218 52 Roman
1181 3544 63 52 L.
1280 3544 196 51 Horne;
1543 3540 137 54 with
1717 3541 378 53 illustrations

111 3621 73 69 by
212 3623 152 53 Fred
395 3623 68 54 G.
495 3622 237 69 Cooper.
797 3622 269 69 Chicago,
1095 3621 111 66 Ill.,
1236 3621 119 52 The
1386 3619 334 68 University
1749 3619 63 52 of
1843 3618 251 68 Chicago

111 3718 153 49 press
301 3734 11 33 [
318 3708 18 21 c
341 3704 152 63 1935]

179 3771 1250 51 3 p. l., 60 p. illus. 23 cm . [American primers]
182 3829 237 41 “Further
447 3828 229 49 reading”;
734 3840 44 37 p.
806 3828 156 40 59-60.

115 3880 51 53 ©
198 3887 115 47 July
346 3886 39 47 2,
421 3885 138 46 1935;
593 3886 67 39 2c.
694 3886 119 45 Aug.
847 3885 53 40 31;
966 3884 82 40 aff.
1087 3883 125 48 Sept.
1248 3884 25 39 3;
1338 3884 39 38 A
1412 3882 169 45 85726;
1618 3883 159 39 Amer,
1814 3883 186 38 council
2035 3894 60 28 on

177 3943 269 47 education,
475 3943 330 46 Washington.
877 3939 278 49 (35-25769)
