2424 4375
1069 4062 99 50 461

122 451 209 64 Druce,
362 450 241 56 Clifford
633 450 172 65 John,
838 456 168 50 1886-

193 528 89 50 No
307 527 249 67 through
584 527 155 67 road,
763 529 75 66 by
864 527 244 55 Clifford
1132 530 57 53 J.
1215 530 205 50 Druce.
1494 529 137 51 New
1658 529 179 65 York,
1861 530 75 51 H.
1964 529 145 52 Holt

127 607 651 66 and company [ c 1935]
194 677 85 41 304
307 687 45 37 p.
411 677 56 41 19½
498 680 45 22 cm
547 710 9 9 .

123 745 53 52 ©
205 750 121 39 Mar.
354 749 69 47 21,
454 748 141 47 1935;
625 749 68 40 2c.
723 750 98 39 and
847 749 81 40 aff.
959 750 120 38 Mar.
1110 748 83 47 27;
1225 749 42 38 A
1296 748 170 47 82198;
1499 750 168 47 Henry
1697 749 119 40 Holt
1844 749 38 40 &
1909 759 80 37 co.,
2021 749 92 40 inc.

203 806 250 48 (35-5466)

122 909 91 53 Du
240 909 279 64 Maurier,
545 910 265 65 Daphne,
839 912 169 53 1907-

195 986 241 68 Gerald;
478 1008 29 33 a
545 988 265 67 portrait,
845 989 73 67 by
953 988 243 68 Daphne
1234 988 77 52 du
1346 988 271 52 Maurier.
1688 987 233 55 Garden
1958 988 153 69 City,

122 1064 68 53 N.
220 1067 88 52 Y.,
335 1066 355 58 Doubledav,
717 1069 195 50 Doran
939 1070 48 50 &
1010 1083 296 51 company,
1331 1066 105 53 inc.
1468 1068 150 54 1935.

189 1141 29 38 4
243 1150 43 37 p.
349 1170 8 16 l.,
386 1139 85 40 312
498 1151 43 36 p.
594 1138 56 41 23½c
700 1142 27 20 m
732 1171 9 9 .

192 1196 161 41 “First
381 1195 226 41 edition.”

123 1263 53 52 ©
215 1268 113 47 Apr.
370 1267 39 46 5,
450 1266 140 42 1935;
633 1266 68 40 2c.
743 1268 95 38 and
877 1267 82 40 aff.
1000 1267 115 47 Apr.
1154 1266 52 47 9;
1250 1267 40 38 A
1332 1265 168 48 81332;
1545 1267 205 47 Daphne
1789 1267 65 39 du
1897 1266 216 39 Maurier

192 1323 273 48 Browning,
510 1324 225 47 Frimley,
784 1324 191 47 Surrey,
1020 1324 235 47 England.
1325 1322 280 50 (35-27104)

121 1425 241 54 Federal
391 1427 220 54 council
639 1428 63 53 of
728 1428 102 53 the
857 1428 289 53 churches
1169 1427 65 53 of
1260 1427 203 55 Christ
1490 1428 58 52 in
1576 1427 294 54 America.
187 1427 1901 131 Committee
408 1525 73 34 on
503 1506 285 66 marriage
812 1507 114 51 and
954 1506 93 52 the
1075 1505 178 54 home.

195 1579 419 69 Bibliography
643 1600 71 34 on
745 1580 298 54 education
1073 1582 60 52 in
1165 1579 206 69 family
1401 1578 122 70 life,
1553 1580 301 67 marriage,
124 1585 1967 140 parenthood,
330 1656 113 52 and
482 1675 192 51 young
716 1657 245 68 people’s
1001 1656 421 70 relationships,
1462 1657 281 67 prepared
1785 1655 210 71 jointly
2037 1656 74 69 by

126 1733 95 55 the
248 1732 334 56 Committee
607 1752 73 37 on
705 1733 283 70 marriage
1015 1735 112 52 and
1153 1735 95 52 the
1272 1734 164 55 home
1466 1734 63 53 of
1555 1735 97 53 the
1679 1735 240 53 Federal
125 1752 1964 113 council
225 1810 64 55 of
319 1811 267 55 churches
618 1813 113 52 and
759 1813 95 53 the
884 1812 166 55 Joint
1079 1812 316 55 committee
1427 1830 71 34 on
1528 1811 207 71 family
1767 1813 112 52 and
1910 1817 203 64 parent

123 1888 1926 70 education of the International council of religious education …
128 1965 267 70 Chicago,
447 1967 112 65 Ill.,
610 1967 417 54 International
1079 1967 218 54 council
1350 1967 63 53 of
1465 1965 268 71 religious
1785 1967 326 68 education;

126 2042 135 54 New
297 2043 178 69 York,
508 2043 68 54 N.
615 2044 90 69 Y.,
738 2045 239 53 Federal
1013 2046 218 52 council
1266 2044 63 53 of
1364 2045 269 54 churches
1672 2049 194 66 [1935]

193 2115 54 39 31
280 2125 43 37 p.
383 2115 55 40 23
441 2118 42 20 cm
490 2149 8 7 .

195 2171 1104 49 “Copyright … by Leland Foster Wood.”
122 2243 53 52 ©
207 2248 120 38 Mar.
360 2248 67 46 11,
461 2247 112 40 1935;
634 2247 65 40 2c.
733 2249 95 38 and
860 2247 80 40 aff.
974 2249 122 38 Mar.
1129 2249 56 38 14;
1246 2249 40 38 A
1318 2249 142 40 81012;
1524 2250 182 40 Leland
1742 2251 171 39 Foster
1947 2251 163 46 Wood,

191 2304 118 40 New
339 2304 144 39 York.
554 2304 250 48 (35-5502)

118 2407 181 63 Félix,
330 2409 165 55 Jean.

124 2485 1960 133 … Le chemin du cinema, preface de Jacques Feyder, comment accéder aux différentes
1040 2565 268 53 carrières
1336 2565 641 70 cinématographiques,
2005 2573 106 57 art,

124 2658 321 51 commerce,
473 2642 295 66 industrie,
796 2643 312 67 technique,
1138 2648 63 48 16
1228 2645 266 66 planches
1523 2645 328 66 hors-texte,
1879 2649 64 48 96
124 2646 1961 138 photographies.
543 2720 183 64 Paris,
753 2709 237 63 Édition
1018 2722 118 51 film
1163 2730 54 43 et
1241 2721 294 68 technique
1567 2726 191 62 [1934]

197 2789 1263 50 96 p. illus., xvi pl. (incl. ports.) on 8 l. 19 cm .
124 2860 1745 52 © Mar. 12, 1934; 1c. Apr. 6; A- Foreign 24399; Edition film
1903 2867 46 37 et
193 2865 1900 103 technique.
419 2920 249 50 (35-5603)

122 3022 166 66 Fink,
316 3025 206 63 Bruce,
555 3028 321 52 1861-1927.

198 3098 1850 71 The lichen flora, of the United States, by Bruce Fink …
127 3176 1982 70 completed for publication by Joyce Hedrick … Ann Arbor,
130 3253 333 70 University
492 3253 61 53 of
579 3252 296 70 Michigan
904 3271 172 52 press,
1109 3258 148 49 1935.

196 3336 45 33 x,
272 3325 89 40 426
391 3336 44 37 p.
494 3325 140 48 illus.,
668 3328 57 38 47
758 3328 61 47 pl.
877 3327 55 39 24
935 3329 44 20 cm
982 3359 11 8 .

125 3381 53 52 ©
208 3386 114 47 Apr.
354 3385 40 47 5,
427 3385 113 40 1935;
601 3384 67 41 2c.
700 3387 96 38 and
828 3385 81 40 aff.
940 3386 113 47 Apr.
1086 3384 25 41 9;
1173 3387 42 38 A
1248 3386 144 40 81330;
1452 3386 282 47 University
1766 3386 53 40 of
1851 3386 258 48 Michigan,

194 3443 107 38 Ann
340 3442 168 39 Arbor.
579 3442 249 47 (35-5410)

126 3541 429 69 Fleischmann,
585 3543 210 66 Julius,
826 3551 170 48 1900-

260 3623 1847 66 … Footsteps in the sea. New York, G. P. Putnam’s sons
130 3701 190 64 [1935]

196 3772 1127 48 3 p. l. , 5-286 p., 1 l. front., plates. 23½ cm .
196 3829 140 47 Maps
363 3838 64 30 on
451 3828 360 47 lining-papers.

195 3885 77 38 An
296 3887 201 37 account
527 3885 52 39 of
604 3885 83 39 the
713 3884 218 40 author’s
954 3886 152 38 world
1133 3884 159 40 cruise
1317 3883 49 39 in
1392 3883 77 40 his
1497 3884 144 47 yacht
1670 3884 249 46 Camargo.

129 3936 53 53 ©
221 3942 112 46 Apr.
374 3942 42 45 4,
456 3939 141 48 1935;
639 3941 67 39 2c.
748 3942 112 46 Apr.
901 3942 52 45 8;
997 3941 82 40 aff.
1121 3942 113 46 Apr.
1275 3941 54 45 6;
1372 3941 40 38 A
1455 3940 169 47 81327;
1669 3941 43 39 J.
1756 3939 354 47 Fleischmann,

197 3997 291 41 Cincinnati.
557 3998 250 48 (35-5580)
