2424 4375
1245 4071 132 49 1930

313 426 208 66 Bruce,
547 429 138 55 Mrs.
712 430 154 53 Kate
890 430 174 65 Mary
1096 431 386 66 (Maugham)
1518 437 170 52 1897-

384 517 266 70 Guappa,
681 520 76 67 by
789 521 150 52 Kate
971 521 170 68 Mary
1174 524 201 51 Bruce.
1445 523 258 69 London,
1737 525 362 54 Hutchinson
2132 531 45 49 &
2211 547 96 48 co.,

313 595 103 54 ltd.
451 599 173 64 [1935]

384 669 98 48 287,
515 671 56 49 [1,
599 680 44 38 p.
703 670 55 41 19
761 671 44 22 cm
809 700 9 10 .

314 736 1993 63 © 1c. Dec. 28, 1935 ; A ad int. 20958 ; pubd. Oct. 31 ; Kate Mary Bruce,
384 798 212 40 London.
667 797 221 49 (36-750)

313 897 182 65 Brun,
525 900 373 56 Constantin.

448 987 1864 78 … Den store trængsel. 2. opi. København, O. Lohse; [etc.,
315 1069 118 63 etc.]
468 1067 149 52 1934.

384 1135 86 42 199
501 1148 44 37 p.
604 1136 54 40 21
662 1139 44 21 cra
711 1168 9 9 .

315 1205 1800 59 © Mar. 11, 1934; 1c. July 5, 1935; A-Foreign 28354; Ole Lohse.
394 1267 222 49 (36-798)

318 1370 270 67 [Bryson,
617 1373 262 66 Charles]

384 1461 1924 73 Death of a first mate, by Charles Barry [: pseud … New
317 1539 179 67 York,
523 1542 65 52 E.
617 1542 65 51 P.
708 1542 222 53 Dutton
956 1546 45 49 &
1026 1561 97 48 co.,
1150 1544 105 52 inc.
1290 1576 12 34 [
1308 1549 17 22 c
1330 1546 152 65 1935]

382 1613 88 39 287
495 1624 43 36 p.
598 1612 84 48 19^
687 1616 43 20 cm
736 1645 8 8 .

386 1669 72 41 On
484 1671 97 47 t.-p.
601 1680 9 29 :
639 1670 42 39 A
705 1670 186 41 Dutton
918 1670 108 44 clue
1050 1673 229 46 mystery.

387 1726 162 41 “First
576 1725 226 43 edition.”

316 1792 54 54 ©
393 1797 119 40 Nov.
539 1798 38 47 1,
605 1797 141 48 1935;
773 1797 67 41 2c.
868 1799 95 39 and
989 1798 82 41 aff.
1099 1799 117 40 Nov.
1244 1799 27 38 2
1287 1809 8 36 ;
1326 1799 41 39 A
1394 1799 143 41 89147
1555 1810 9 37 ;
1594 1800 49 41 G.
1672 1801 203 48 Bryson,
1903 1801 210 41 London.

396 1853 280 49 (35-21565)
2073 1857 148 43 12266

386 1958 1923 72 The shot from the door, by Charles Barry [ pseud.j … New
320 2035 176 67 York,
523 2038 66 51 E.
617 2038 64 52 P.
709 2038 224 53 Dutton
957 2041 46 50 &
1028 2056 97 50 co.,
1149 2041 108 52 inc.
1290 2072 13 33 [
1308 2045 18 21 e
1332 2042 150 64 1935]

386 2109 84 40 288
499 2120 42 37 p.
605 2109 154 49 diagr.
819 2109 83 49 19i
906 2112 44 21 cra
955 2141 9 9 .

386 2165 71 41 On
487 2168 95 46 t.-p.
602 2176 9 30 :
640 2167 43 38 A
707 2167 190 40 Dutton
922 2168 106 39 clue
1055 2170 227 46 mystery.

387 2223 161 41 “First
577 2222 226 42 edition.”

318 2289 54 54 ©
395 2295 109 39 Jan.
529 2292 39 48 2,
595 2293 114 42 1985
727 2305 8 36 ;
762 2294 68 41 2c.
855 2295 96 39 and
974 2294 81 40 aff.
1083 2295 109 39 Jan.
1217 2295 26 40 3
1262 2304 9 37 ;
1299 2295 40 39 A
1366 2294 140 40 79041
1525 2305 9 36 ;
1563 2295 49 41 O.
1641 2295 202 47 Bryson,
1872 2296 215 47 Welwyn
2116 2295 193 41 Garden
2415 2291 9 57 f

386 2351 124 47 City,
541 2351 165 47 Herts,
738 2351 235 48 England.
1043 2351 221 48 (35-438)
2072 2349 146 44 12267

315 2452 372 66 Burghaller,
716 2455 236 65 Rudolf,
981 2455 84 53 ed.

385 2530 1854 68 Ratio ; Sammelwerk lebenswichtiger kulturgedanken. heft l.
314 2609 471 67 Herausgegeber
801 2628 11 34 ;
859 2609 222 54 Rudolf
1128 2609 361 67 Burghaller.
1565 2609 303 66 München,
1916 2607 267 55 Kristall-
2189 2628 119 34 ver-

315 2687 97 65 lag
447 2689 172 64 [1934]

389 2759 55 40 63
469 2770 43 37 p.
572 2758 55 40 23
630 2760 44 21 cra
680 2790 8 8 .

317 2824 1883 54 © Oct. 1, 1934; 1c. Jan. 21, 1935; A-Foreign 26749; Kristall-verlag.
2073 2882 145 43 12268
2404 2874 10 65 j

317 2988 206 66 Cahill,
552 2990 239 64 Holger,
821 2990 83 53 ed.

387 3065 113 54 Art
529 3063 60 54 in
612 3064 266 55 America
895 3086 11 47 ;
938 3086 31 33 a
998 3065 274 68 complete
1300 3082 222 50 survey,
1549 3064 189 53 edited
1764 3064 75 68 by
1865 3064 222 69 Holger
2116 3064 190 56 Cahill

315 3143 114 54 and
449 3142 213 55 Alfred
683 3145 77 52 H.
784 3145 166 66 Barr,
971 3143 71 70 jr.
1098 3145 139 52 New
1260 3141 178 68 York,
1460 3142 222 69 Reynal
1701 3146 47 50 &
1766 3140 319 55 Hitchcock
2109 3175 14 34 r
2127 3148 19 21 c
2151 3146 150 64 1935]

383 3216 100 48 viii,
513 3216 87 41 162
627 3227 42 38 p.
730 3216 126 41 illus.
883 3216 132 49 (incl.
1047 3216 139 50 plan)
1223 3216 84 41 col.
1338 3214 171 49 plates,
1539 3217 146 48 ports,
1714 3215 134 49 (part
1876 3214 112 47 col.)
2055 3214 55 41 32
2113 3217 43 22 cm
2162 3247 9 9 .

392 3273 130 40 “The
549 3273 114 47 plan
689 3272 81 39 for
797 3272 99 41 this
925 3283 176 37 survey
1134 3282 99 30 was
1262 3272 227 40 initiated
1519 3272 60 48 by
1607 3272 82 39 the
1718 3271 207 41 General
1953 3270 274 41 federation
2256 3269 52 41 of

321 3328 224 42 women’s
579 3328 134 41 clubs
747 3330 152 39 under
932 3330 82 40 the
1049 3328 220 49 auspices
1303 3329 52 40 of
1388 3329 81 40 the
1504 3327 256 42 American
1793 3328 276 40 federation
2103 3328 53 40 of
2187 3330 120 46 arts,

322 3385 119 41 with
474 3385 82 40 the
588 3386 307 47 cooperation
928 3386 52 41 of
1014 3387 82 39 the
1126 3387 91 39 Art
1248 3385 227 41 institute
1508 3386 52 39 of
1591 3384 223 49 Chicago,
1848 3385 83 40 the
1963 3384 342 48 Metropolitan

322 3450 218 33 museum
586 3441 53 40 of
682 3443 93 48 art,
819 3443 81 40 the
944 3442 220 41 Museum
1208 3443 52 39 of
1300 3443 198 39 modern
1542 3444 92 46 art,
1678 3441 83 41 the
1803 3441 233 41 National
2078 3440 227 48 advisory

321 3498 188 41 council
550 3508 61 30 on
655 3498 139 41 radio
836 3500 48 39 in
926 3499 257 41 education
1232 3500 126 49 [and]
1404 3500 81 39 the
1528 3498 231 41 National
1801 3497 343 49 broadcasting
2186 3508 120 30 com-
2391 3513 10 25 c

319 3555 277 50 pany.”—p.
628 3575 12 31 [
643 3555 64 51 iv]

391 3612 41 39 A
471 3610 210 43 revision
719 3612 52 41 of
809 3615 95 38 two
942 3611 226 49 previous
1204 3610 350 50 publications;
1593 3614 67 46 pt.
1698 3612 39 48 1,
1775 3612 91 41 Art
1903 3611 50 40 in
1991 3611 221 41 America
2255 3612 48 40 to

321 3666 82 41 the
430 3667 115 41 civil
570 3678 116 39 war,
715 3668 42 42 is
783 3679 28 30 a
842 3668 209 42 revision
1078 3669 52 41 of
1158 3669 120 41 “Art
1305 3670 49 39 in
1381 3667 222 42 America
1631 3669 130 40 from
1786 3668 117 41 1600
1931 3671 51 38 to
2008 3667 157 49 1865”,
320 3668 1968 95 published
508 3722 50 41 in
587 3724 115 41 1934
719 3735 9 36 ;
759 3728 66 45 pt.
853 3725 39 48 2,
920 3726 90 40 Art
1036 3728 52 39 in
1115 3726 222 41 America
1367 3724 130 42 since
1526 3728 84 39 the
1634 3725 115 41 civil
1777 3736 117 38 war,
1922 3735 101 30 was
2052 3724 251 49 published
2379 3708 12 82 j

321 3777 51 41 in
397 3779 115 41 1934
537 3782 154 39 under
717 3780 109 42 title
843 3792 10 31 :
879 3782 90 41 Art
996 3784 50 39 in
1071 3781 222 42 America
1318 3783 51 39 in
1396 3784 197 39 modern
1620 3782 156 41 times.

390 3834 351 51 Bibliography
756 3848 9 29 :
797 3849 43 37 p.
867 3837 215 49 154-155,
1111 3837 215 49 159-160,
1354 3838 99 42 162.

322 3901 53 53 ©
402 3905 117 42 Nov.
548 3905 71 49 27,
648 3907 142 47 1935;
820 3908 66 40 2c.
918 3909 110 39 Dec.
1059 3909 53 45 2;
1146 3909 81 40 aff.
1258 3910 109 38 Dec.
1399 3909 53 47 3;
1485 3909 43 39 A
1556 3908 169 46 89686;
1758 3909 61 39 H.
1852 3908 171 47 Cahill,
2056 3903 249 49 Washing

389 3965 29 37 to
440 3973 42 29 n.
548 3963 277 50 [Copyright
861 3965 40 39 is
934 3964 205 42 claimed
1172 3976 64 30 on
1269 3964 251 50 revisions]
1596 3964 249 48 (36-1288)
