<alto xmlns="http://www.loc.gov/standards/alto/ns-v3#" xmlns:xsi="http://www.w3.org/2001/XMLSchema-instance" xsi:schemaLocation="http://www.loc.gov/standards/alto/ns-v3# http://www.loc.gov/alto/v3/alto-3-0.xsd"><Description>
<MeasurementUnit>pixel</MeasurementUnit>
<sourceImageInformation>
<fileName>1935_v32_Part1.pdf</fileName>
</sourceImageInformation>
<OCRProcessing ID="IdOcr">
<ocrProcessingStep>
<processingDateTime>2019-01-15</processingDateTime>
<processingSoftware>
<softwareCreator>ABBYY</softwareCreator>
<softwareName>ABBYY Recognition Server</softwareName>
<softwareVersion>4.0</softwareVersion>
</processingSoftware>
</ocrProcessingStep>
</OCRProcessing>
</Description>
<Styles>
<ParagraphStyle ALIGN="Left" FIRSTLINE="0." ID="StyleId-FFFFFFFF-FFFF-FFFF-FFFF-FFFFFFFFFFFF-" LEFT="0." RIGHT="0." />
<ParagraphStyle ALIGN="Left" FIRSTLINE="0." ID="StyleId-09A13A44-4F77-4ABE-84F3-84CC8B3C72CE-" LEFT="0." LINESPACE="7.699999809" RIGHT="0." />
<ParagraphStyle ALIGN="Left" FIRSTLINE="-10." ID="StyleId-1F945060-F8CD-4435-B69A-5FF49DB0C586-" LEFT="0." LINESPACE="12.19999981" RIGHT="0." />
<ParagraphStyle ALIGN="Block" FIRSTLINE="-14." ID="StyleId-C6CAE747-F5A4-4D0D-8D74-D452DA7E2C1C-" LEFT="0." LINESPACE="8.350000381" RIGHT="0." />
<ParagraphStyle ALIGN="Left" FIRSTLINE="0." ID="StyleId-FC0F3374-189A-459E-BE29-2DC14180F022-" LEFT="0." RIGHT="0." />
<ParagraphStyle ALIGN="Left" FIRSTLINE="-12." ID="StyleId-49397C49-A894-4B3E-BA5E-1126226BA375-" LEFT="0." LINESPACE="11.09000015" RIGHT="0." />
<ParagraphStyle ALIGN="Block" FIRSTLINE="-14." ID="StyleId-9E34DD3A-E661-48BD-A3A1-6A3D48346F00-" LEFT="0." LINESPACE="11.09000015" RIGHT="0." />
<ParagraphStyle ALIGN="Left" FIRSTLINE="0." ID="StyleId-56CE54AA-A08B-4BAA-8605-F26020A0E36E-" LEFT="0." LINESPACE="9.399999619" RIGHT="0." />
<ParagraphStyle ALIGN="Left" FIRSTLINE="-11." ID="StyleId-77814FFC-C42F-4AA9-9880-EF33B947DEC8-" LEFT="0." LINESPACE="11.06999969" RIGHT="0." />
<ParagraphStyle ALIGN="Center" FIRSTLINE="0." ID="StyleId-FDE92EC0-67DC-4C7B-8A24-094B12C38B6C-" LEFT="0." LINESPACE="11.30000019" RIGHT="0." />
<ParagraphStyle ALIGN="Left" FIRSTLINE="0." ID="StyleId-65180E3B-4C93-4FB8-81EE-E026DD63DBF3-" LEFT="0." LINESPACE="11.10000038" RIGHT="0." />
<ParagraphStyle ALIGN="Left" FIRSTLINE="0." ID="StyleId-10E885C2-5813-4620-B0AA-0FBA30CF7A32-" LEFT="0." LINESPACE="9.5" RIGHT="0." />
<ParagraphStyle ALIGN="Left" FIRSTLINE="0." ID="StyleId-913C2DB5-9F02-4067-BAF7-0AED37B60BBE-" LEFT="0." LINESPACE="6.099999905" RIGHT="0." />
<ParagraphStyle ALIGN="Left" FIRSTLINE="0." ID="StyleId-9C79A9D2-8F08-4A8F-985D-B00E253ED1E5-" LEFT="0." LINESPACE="4.400000095" RIGHT="0." />
<ParagraphStyle ALIGN="Left" FIRSTLINE="0." ID="StyleId-A41F0407-FEFE-4738-9EC5-E05AFFF62781-" LEFT="0." LINESPACE="7.300000191" RIGHT="0." />
<ParagraphStyle ALIGN="Left" FIRSTLINE="0." ID="StyleId-61D37176-94E8-408D-9B87-01C406CE8AB2-" LEFT="0." LINESPACE="8.050000191" RIGHT="0." />
</Styles>
<Layout>
<Page HEIGHT="4384" ID="Page230" PHYSICAL_IMG_NR="230" WIDTH="2526">
<TopMargin HEIGHT="372" HPOS="0" VPOS="0" WIDTH="2526">
</TopMargin>
<LeftMargin HEIGHT="3590" HPOS="0" VPOS="372" WIDTH="366">
</LeftMargin>
<RightMargin HEIGHT="3590" HPOS="2417" VPOS="372" WIDTH="109">
</RightMargin>
<BottomMargin HEIGHT="422" HPOS="0" VPOS="3962" WIDTH="2526">
<TextBlock HEIGHT="151" HPOS="1305" ID="Page230_Block1" LANG="en-US" STYLEREFS="StyleId-1ABF5DF3-119C-414A-9BE0-9838EFD301C8-" VPOS="3962" WIDTH="281">
<TextLine HEIGHT="51" HPOS="1345" VPOS="4014" WIDTH="103">
<String CONTENT="230" HEIGHT="51" HPOS="1345" VPOS="4014" WIDTH="103" />
</TextLine>
</TextBlock>
<GraphicalElement HEIGHT="422" HPOS="2502" ID="Page230_Block2" VPOS="3962" WIDTH="24" />
</BottomMargin>
<PrintSpace HEIGHT="3590" HPOS="366" VPOS="372" WIDTH="2051">
<TextBlock CS="1" HEIGHT="3590" HPOS="366" ID="Page230_Block3" LANG="en-US" STYLEREFS="StyleId-CC9A12FC-968D-4CE4-93ED-512F2C0CDF89-" VPOS="372" WIDTH="2051">
<TextLine CS="1" HEIGHT="51" HPOS="449" LANG="fr" VPOS="458" WIDTH="741">
<String CONTENT="6" HEIGHT="42" HPOS="449" VPOS="459" WIDTH="28" />
<SP HEIGHT="50" HPOS="478" VPOS="459" WIDTH="22" />
<String CONTENT="p." HEIGHT="38" HPOS="501" VPOS="471" WIDTH="44" />
<SP HEIGHT="38" HPOS="546" VPOS="462" WIDTH="29" />
<String CONTENT="l.," CS="1" />
<SP HEIGHT="44" HPOS="621" VPOS="462" WIDTH="27" />
<String CONTENT="11-239" HEIGHT="43" HPOS="649" VPOS="458" WIDTH="173" />
<SP HEIGHT="51" HPOS="823" VPOS="458" WIDTH="25" />
<String CONTENT="p." HEIGHT="38" HPOS="849" VPOS="471" WIDTH="41" />
<SP HEIGHT="42" HPOS="891" VPOS="458" WIDTH="56" />
<String CONTENT="illus." HEIGHT="43" HPOS="948" VPOS="458" WIDTH="128" />
<SP HEIGHT="40" HPOS="1077" VPOS="460" WIDTH="54" />
<String CONTENT="19&#189;cm." CS="1" HEIGHT="42" HPOS="1132" VPOS="458" WIDTH="58" />
</TextLine>
<TextLine CS="1" HEIGHT="51" HPOS="450" VPOS="515" WIDTH="1787">
<String CONTENT="&#8220;A" HEIGHT="40" HPOS="450" LANG="fr" VPOS="517" WIDTH="68" />
<SP HEIGHT="39" HPOS="519" VPOS="518" WIDTH="25" />
<String CONTENT="list" HEIGHT="41" HPOS="545" VPOS="517" WIDTH="84" />
<SP HEIGHT="39" HPOS="630" VPOS="519" WIDTH="26" />
<String CONTENT="of" HEIGHT="40" HPOS="657" VPOS="518" WIDTH="51" />
<SP HEIGHT="40" HPOS="709" VPOS="517" WIDTH="24" />
<String CONTENT="birth-control" HEIGHT="41" HPOS="734" VPOS="517" WIDTH="340" />
<SP HEIGHT="39" HPOS="1075" VPOS="518" WIDTH="25" />
<String CONTENT="clinics" HEIGHT="41" HPOS="1101" VPOS="516" WIDTH="167" />
<SP HEIGHT="40" HPOS="1269" VPOS="517" WIDTH="28" />
<String CONTENT="in" HEIGHT="39" HPOS="1298" VPOS="517" WIDTH="47" />
<SP HEIGHT="40" HPOS="1346" VPOS="518" WIDTH="30" />
<String CONTENT="the" HEIGHT="41" HPOS="1377" VPOS="517" WIDTH="84" />
<SP HEIGHT="41" HPOS="1462" VPOS="517" WIDTH="25" />
<String CONTENT="United" HEIGHT="43" HPOS="1488" VPOS="515" WIDTH="178" />
<SP HEIGHT="42" HPOS="1667" VPOS="516" WIDTH="30" />
<String CONTENT="States&#8221;:" CS="1" HEIGHT="42" HPOS="1698" VPOS="516" WIDTH="190" />
<SP HEIGHT="38" HPOS="1920" VPOS="528" WIDTH="29" />
<String CONTENT="p." HEIGHT="38" HPOS="1950" VPOS="528" WIDTH="43" />
<SP HEIGHT="41" HPOS="1994" VPOS="517" WIDTH="27" />
<String CONTENT="220-230." HEIGHT="42" HPOS="2022" VPOS="516" WIDTH="215" />
</TextLine>
<TextLine CS="1" HEIGHT="50" HPOS="450" VPOS="572" WIDTH="1312">
<String CONTENT="&#8220;List" HEIGHT="41" HPOS="450" VPOS="574" WIDTH="136" />
<SP HEIGHT="39" HPOS="587" VPOS="576" WIDTH="23" />
<String CONTENT="of" HEIGHT="41" HPOS="611" VPOS="574" WIDTH="52" />
<SP HEIGHT="40" HPOS="664" VPOS="574" WIDTH="24" />
<String CONTENT="books" HEIGHT="41" HPOS="689" VPOS="574" WIDTH="151" />
<SP HEIGHT="40" HPOS="841" VPOS="574" WIDTH="19" />
<String CONTENT="for" HEIGHT="41" HPOS="861" VPOS="574" WIDTH="83" />
<SP HEIGHT="39" HPOS="945" VPOS="574" WIDTH="21" />
<String CONTENT="further" HEIGHT="40" HPOS="967" VPOS="574" WIDTH="196" />
<SP HEIGHT="29" HPOS="1164" VPOS="584" WIDTH="24" />
<String CONTENT="reading&#8221;:" CS="1" HEIGHT="50" HPOS="1189" VPOS="572" WIDTH="229" />
<SP HEIGHT="37" HPOS="1449" VPOS="585" WIDTH="27" />
<String CONTENT="p." HEIGHT="37" HPOS="1477" VPOS="585" WIDTH="41" />
<SP HEIGHT="40" HPOS="1519" VPOS="573" WIDTH="26" />
<String CONTENT="235-236." HEIGHT="42" HPOS="1546" VPOS="573" WIDTH="216" />
</TextLine>
<TextLine HEIGHT="52" HPOS="380" VPOS="641" WIDTH="1885">
<String CONTENT="&#169;" HEIGHT="52" HPOS="380" VPOS="641" WIDTH="53" />
<SP HEIGHT="52" HPOS="434" VPOS="641" WIDTH="24" />
<String CONTENT="Feb." HEIGHT="40" HPOS="459" VPOS="644" WIDTH="110" />
<SP HEIGHT="40" HPOS="570" VPOS="644" WIDTH="24" />
<String CONTENT="21," HEIGHT="47" HPOS="595" VPOS="644" WIDTH="69" />
<SP HEIGHT="47" HPOS="665" VPOS="644" WIDTH="25" />
<String CONTENT="1935;" HEIGHT="49" HPOS="691" VPOS="642" WIDTH="141" />
<SP HEIGHT="47" HPOS="833" VPOS="644" WIDTH="27" />
<String CONTENT="2c." HEIGHT="39" HPOS="861" VPOS="644" WIDTH="68" />
<SP HEIGHT="29" HPOS="930" VPOS="654" WIDTH="24" />
<String CONTENT="and" HEIGHT="39" HPOS="955" VPOS="644" WIDTH="98" />
<SP HEIGHT="39" HPOS="1054" VPOS="644" WIDTH="24" />
<String CONTENT="aff." HEIGHT="40" HPOS="1079" VPOS="643" WIDTH="81" />
<SP HEIGHT="39" HPOS="1161" VPOS="644" WIDTH="26" />
<String CONTENT="Feb." HEIGHT="39" HPOS="1188" VPOS="644" WIDTH="111" />
<SP HEIGHT="40" HPOS="1300" VPOS="643" WIDTH="26" />
<String CONTENT="26;" HEIGHT="48" HPOS="1327" VPOS="643" WIDTH="83" />
<SP HEIGHT="47" HPOS="1411" VPOS="644" WIDTH="27" />
<String CONTENT="A" HEIGHT="39" HPOS="1439" VPOS="644" WIDTH="41" />
<SP HEIGHT="39" HPOS="1481" VPOS="644" WIDTH="26" />
<String CONTENT="79825;" HEIGHT="49" HPOS="1508" VPOS="642" WIDTH="169" />
<SP HEIGHT="47" HPOS="1678" VPOS="644" WIDTH="28" />
<String CONTENT="Vanguard" HEIGHT="48" HPOS="1707" VPOS="644" WIDTH="266" />
<SP HEIGHT="48" HPOS="1974" VPOS="644" WIDTH="23" />
<String CONTENT="press," HEIGHT="38" HPOS="1998" VPOS="654" WIDTH="149" />
<SP HEIGHT="48" HPOS="2148" VPOS="643" WIDTH="25" />
<String CONTENT="inc." HEIGHT="40" HPOS="2174" VPOS="643" WIDTH="91" />
</TextLine>
<TextLine HEIGHT="50" HPOS="459" VPOS="701" WIDTH="251">
<String CONTENT="(35-3436)" HEIGHT="50" HPOS="459" VPOS="701" WIDTH="251" />
</TextLine>
<TextLine HEIGHT="68" HPOS="380" STYLEREFS="StyleId-D365D2A3-D2EA-431F-9B7B-3AAE7E0CDE15-" VPOS="801" WIDTH="940">
<String CONTENT="Flowers," HEIGHT="67" HPOS="380" VPOS="801" WIDTH="273" />
<SP HEIGHT="64" HPOS="654" VPOS="804" WIDTH="26" />
<String CONTENT="Sumpter" HEIGHT="63" HPOS="681" VPOS="804" WIDTH="282" />
<SP HEIGHT="52" HPOS="964" VPOS="804" WIDTH="22" />
<String CONTENT="Lee," HEIGHT="65" HPOS="987" VPOS="804" WIDTH="133" />
<SP HEIGHT="60" HPOS="1121" VPOS="809" WIDTH="27" />
<String CONTENT="1881-" HEIGHT="50" HPOS="1149" VPOS="809" WIDTH="171" />
</TextLine>
<TextLine CS="1" HEIGHT="69" HPOS="453" STYLEREFS="StyleId-F1E01A79-A492-480F-B679-DC8319C16AEC-" VPOS="880" WIDTH="1857">
<String CONTENT="The" HEIGHT="53" HPOS="453" VPOS="880" WIDTH="124" />
<SP HEIGHT="34" HPOS="578" VPOS="899" WIDTH="34" />
<String CONTENT="mystery" HEIGHT="62" HPOS="613" VPOS="887" WIDTH="254" />
<SP HEIGHT="49" HPOS="868" VPOS="900" WIDTH="35" />
<String CONTENT="of" HEIGHT="55" HPOS="904" VPOS="880" WIDTH="65" />
<SP HEIGHT="54" HPOS="970" VPOS="880" WIDTH="35" />
<String CONTENT="Lookout" HEIGHT="53" HPOS="1006" VPOS="881" WIDTH="261" />
<SP HEIGHT="46" HPOS="1268" VPOS="887" WIDTH="35" />
<String CONTENT="mountain," HEIGHT="68" HPOS="1304" VPOS="881" WIDTH="314" />
<SP HEIGHT="68" HPOS="1619" VPOS="881" WIDTH="35" />
<String CONTENT="by" HEIGHT="68" HPOS="1655" VPOS="881" WIDTH="76" />
<SP HEIGHT="67" HPOS="1732" VPOS="882" WIDTH="38" />
<String CONTENT="S." HEIGHT="55" HPOS="1771" VPOS="882" WIDTH="56" />
<SP HEIGHT="50" HPOS="1828" VPOS="884" WIDTH="37" />
<String CONTENT="Lee" HEIGHT="50" HPOS="1866" VPOS="884" WIDTH="111" />
<SP HEIGHT="51" HPOS="1978" VPOS="883" WIDTH="36" />
<String CONTENT="Flowers" HEIGHT="53" HPOS="2015" VPOS="882" WIDTH="251" />
<SP HEIGHT="33" HPOS="2267" VPOS="902" WIDTH="43" />
<String CONTENT="&#8230;" CS="1" />
</TextLine>
<TextLine CS="1" HEIGHT="69" HPOS="385" STYLEREFS="StyleId-F1E01A79-A492-480F-B679-DC8319C16AEC-" VPOS="958" WIDTH="1606">
<String CONTENT="Boston," HEIGHT="66" HPOS="385" VPOS="959" WIDTH="232" />
<SP HEIGHT="66" HPOS="618" VPOS="959" WIDTH="32" />
<String CONTENT="The" HEIGHT="52" HPOS="651" VPOS="959" WIDTH="121" />
<SP HEIGHT="54" HPOS="773" VPOS="960" WIDTH="35" />
<String CONTENT="Christopher" HEIGHT="69" HPOS="809" VPOS="958" WIDTH="376" />
<SP HEIGHT="49" HPOS="1186" VPOS="978" WIDTH="31" />
<String CONTENT="publishing" HEIGHT="69" HPOS="1218" VPOS="958" WIDTH="335" />
<SP HEIGHT="67" HPOS="1554" VPOS="960" WIDTH="32" />
<String CONTENT="house" HEIGHT="52" HPOS="1587" VPOS="960" WIDTH="174" />
<SP />
<String CONTENT="[c1935]" CS="1" HEIGHT="35" HPOS="1978" VPOS="992" WIDTH="13" />
</TextLine>
<TextLine CS="1" HEIGHT="49" HPOS="448" VPOS="1032" WIDTH="269">
<String CONTENT="183" HEIGHT="41" HPOS="448" VPOS="1032" WIDTH="83" />
<SP HEIGHT="48" HPOS="532" VPOS="1033" WIDTH="29" />
<String CONTENT="p." HEIGHT="38" HPOS="562" VPOS="1043" WIDTH="41" />
<SP HEIGHT="40" HPOS="604" VPOS="1032" WIDTH="57" />
<String CONTENT="19&#189;cm." CS="1" HEIGHT="40" HPOS="662" VPOS="1032" WIDTH="55" />
</TextLine>
<TextLine CS="1" HEIGHT="52" HPOS="382" VPOS="1100" WIDTH="1939">
<String CONTENT="&#169;" HEIGHT="52" HPOS="382" VPOS="1100" WIDTH="53" />
<SP HEIGHT="52" HPOS="436" VPOS="1100" WIDTH="24" />
<String CONTENT="Feb." HEIGHT="40" HPOS="461" VPOS="1103" WIDTH="110" />
<SP HEIGHT="40" HPOS="572" VPOS="1103" WIDTH="23" />
<String CONTENT="20," HEIGHT="48" HPOS="596" VPOS="1102" WIDTH="69" />
<SP HEIGHT="45" HPOS="666" VPOS="1105" WIDTH="22" />
<String CONTENT="1935;" CS="1" HEIGHT="41" HPOS="689" VPOS="1102" WIDTH="114" />
<SP HEIGHT="48" HPOS="831" VPOS="1102" WIDTH="25" />
<String CONTENT="2c." HEIGHT="41" HPOS="857" VPOS="1102" WIDTH="66" />
<SP HEIGHT="30" HPOS="924" VPOS="1113" WIDTH="27" />
<String CONTENT="and" HEIGHT="39" HPOS="952" VPOS="1104" WIDTH="96" />
<SP HEIGHT="39" HPOS="1049" VPOS="1104" WIDTH="24" />
<String CONTENT="aff." HEIGHT="42" HPOS="1074" VPOS="1101" WIDTH="81" />
<SP HEIGHT="39" HPOS="1156" VPOS="1104" WIDTH="27" />
<String CONTENT="Mar." HEIGHT="38" HPOS="1184" VPOS="1104" WIDTH="120" />
<SP HEIGHT="38" HPOS="1305" VPOS="1103" WIDTH="24" />
<String CONTENT="4;" CS="1" HEIGHT="38" HPOS="1330" VPOS="1103" WIDTH="28" />
<SP HEIGHT="47" HPOS="1385" VPOS="1103" WIDTH="27" />
<String CONTENT="A" HEIGHT="39" HPOS="1413" VPOS="1103" WIDTH="41" />
<SP HEIGHT="41" HPOS="1455" VPOS="1102" WIDTH="24" />
<String CONTENT="80711;" CS="1" HEIGHT="41" HPOS="1480" VPOS="1102" WIDTH="141" />
<SP HEIGHT="47" HPOS="1650" VPOS="1103" WIDTH="29" />
<String CONTENT="Christopher" HEIGHT="47" HPOS="1680" VPOS="1103" WIDTH="315" />
<SP HEIGHT="37" HPOS="1996" VPOS="1114" WIDTH="24" />
<String CONTENT="pub." HEIGHT="49" HPOS="2021" VPOS="1102" WIDTH="109" />
<SP HEIGHT="38" HPOS="2131" VPOS="1104" WIDTH="26" />
<String CONTENT="house." HEIGHT="38" HPOS="2158" VPOS="1104" WIDTH="163" />
</TextLine>
<TextLine HEIGHT="50" HPOS="461" VPOS="1159" WIDTH="250">
<String CONTENT="(35-3425)" HEIGHT="50" HPOS="461" VPOS="1159" WIDTH="250" />
</TextLine>
<TextLine CS="1" HEIGHT="66" HPOS="383" STYLEREFS="StyleId-D365D2A3-D2EA-431F-9B7B-3AAE7E0CDE15-" VPOS="1263" WIDTH="1011">
<String CONTENT="Franck," HEIGHT="66" HPOS="383" VPOS="1263" WIDTH="248" />
<SP HEIGHT="64" HPOS="632" VPOS="1265" WIDTH="25" />
<String CONTENT="Harry" HEIGHT="63" HPOS="658" VPOS="1265" WIDTH="202" />
<SP HEIGHT="64" HPOS="861" VPOS="1264" WIDTH="23" />
<String CONTENT="Alverson," CS="1" HEIGHT="65" HPOS="885" VPOS="1264" WIDTH="307" />
<SP HEIGHT="59" HPOS="1193" VPOS="1270" WIDTH="30" />
<String CONTENT="1881-" HEIGHT="50" HPOS="1224" VPOS="1270" WIDTH="170" />
</TextLine>
<TextLine CS="1" HEIGHT="71" HPOS="459" STYLEREFS="StyleId-F1E01A79-A492-480F-B679-DC8319C16AEC-" VPOS="1338" WIDTH="1921">
<String CONTENT="A" HEIGHT="54" HPOS="459" VPOS="1339" WIDTH="54" />
<SP HEIGHT="55" HPOS="514" VPOS="1339" WIDTH="24" />
<String CONTENT="vagabond" HEIGHT="70" HPOS="539" VPOS="1339" WIDTH="298" />
<SP HEIGHT="56" HPOS="838" VPOS="1339" WIDTH="23" />
<String CONTENT="in" HEIGHT="54" HPOS="862" VPOS="1339" WIDTH="61" />
<SP HEIGHT="36" HPOS="924" VPOS="1358" WIDTH="22" />
<String CONTENT="sovietland;" CS="1" HEIGHT="55" HPOS="947" VPOS="1339" WIDTH="317" />
<SP HEIGHT="67" HPOS="1295" VPOS="1340" WIDTH="26" />
<String CONTENT="America&#8217;s" HEIGHT="56" HPOS="1322" VPOS="1339" WIDTH="310" />
<SP HEIGHT="51" HPOS="1633" VPOS="1358" WIDTH="25" />
<String CONTENT="perennial" HEIGHT="71" HPOS="1659" VPOS="1338" WIDTH="294" />
<SP HEIGHT="54" HPOS="1954" VPOS="1338" WIDTH="25" />
<String CONTENT="rambler" HEIGHT="56" HPOS="1980" VPOS="1338" WIDTH="245" />
<SP HEIGHT="53" HPOS="2226" VPOS="1355" WIDTH="22" />
<String CONTENT="goes" HEIGHT="53" HPOS="2249" VPOS="1355" WIDTH="131" />
</TextLine>
<TextLine HEIGHT="71" HPOS="388" STYLEREFS="StyleId-F1E01A79-A492-480F-B679-DC8319C16AEC-" VPOS="1416" WIDTH="1992">
<String CONTENT="tourist," HEIGHT="69" HPOS="388" VPOS="1417" WIDTH="223" />
<SP HEIGHT="69" HPOS="612" VPOS="1417" WIDTH="28" />
<String CONTENT="by" HEIGHT="70" HPOS="641" VPOS="1417" WIDTH="75" />
<SP HEIGHT="69" HPOS="717" VPOS="1418" WIDTH="26" />
<String CONTENT="Harry" HEIGHT="69" HPOS="744" VPOS="1418" WIDTH="199" />
<SP HEIGHT="69" HPOS="944" VPOS="1418" WIDTH="27" />
<String CONTENT="A." HEIGHT="54" HPOS="972" VPOS="1418" WIDTH="70" />
<SP HEIGHT="53" HPOS="1043" VPOS="1419" WIDTH="32" />
<String CONTENT="Franck;" HEIGHT="68" HPOS="1076" VPOS="1417" WIDTH="254" />
<SP HEIGHT="48" HPOS="1331" VPOS="1437" WIDTH="31" />
<String CONTENT="with" HEIGHT="55" HPOS="1363" VPOS="1417" WIDTH="142" />
<SP HEIGHT="53" HPOS="1506" VPOS="1417" WIDTH="29" />
<String CONTENT="forty-five" HEIGHT="71" HPOS="1536" VPOS="1416" WIDTH="292" />
<SP HEIGHT="36" HPOS="1829" VPOS="1435" WIDTH="28" />
<String CONTENT="reproductions" HEIGHT="70" HPOS="1858" VPOS="1416" WIDTH="432" />
<SP HEIGHT="38" HPOS="2291" VPOS="1435" WIDTH="24" />
<String CONTENT="of" HEIGHT="56" HPOS="2316" VPOS="1416" WIDTH="64" />
</TextLine>
<TextLine HEIGHT="72" HPOS="388" STYLEREFS="StyleId-F1E01A79-A492-480F-B679-DC8319C16AEC-" VPOS="1493" WIDTH="1990">
<String CONTENT="photographs" HEIGHT="71" HPOS="388" VPOS="1494" WIDTH="390" />
<SP HEIGHT="35" HPOS="779" VPOS="1513" WIDTH="43" />
<String CONTENT="and" HEIGHT="53" HPOS="823" VPOS="1495" WIDTH="112" />
<SP HEIGHT="57" HPOS="936" VPOS="1495" WIDTH="44" />
<String CONTENT="a" HEIGHT="35" HPOS="981" VPOS="1517" WIDTH="33" />
<SP HEIGHT="39" HPOS="1015" VPOS="1513" WIDTH="43" />
<String CONTENT="map." HEIGHT="51" HPOS="1059" VPOS="1513" WIDTH="149" />
<SP HEIGHT="53" HPOS="1209" VPOS="1495" WIDTH="89" />
<String CONTENT="New" HEIGHT="55" HPOS="1299" VPOS="1495" WIDTH="138" />
<SP HEIGHT="54" HPOS="1438" VPOS="1495" WIDTH="44" />
<String CONTENT="York," HEIGHT="69" HPOS="1483" VPOS="1494" WIDTH="180" />
<SP HEIGHT="68" HPOS="1664" VPOS="1495" WIDTH="43" />
<String CONTENT="Frederick" HEIGHT="56" HPOS="1708" VPOS="1494" WIDTH="307" />
<SP HEIGHT="53" HPOS="2016" VPOS="1494" WIDTH="44" />
<String CONTENT="A." HEIGHT="57" HPOS="2061" VPOS="1494" WIDTH="70" />
<SP HEIGHT="58" HPOS="2132" VPOS="1493" WIDTH="46" />
<String CONTENT="Stokes" HEIGHT="56" HPOS="2179" VPOS="1493" WIDTH="199" />
</TextLine>
<TextLine HEIGHT="66" HPOS="391" STYLEREFS="StyleId-F1E01A79-A492-480F-B679-DC8319C16AEC-" VPOS="1575" WIDTH="475">
<String CONTENT="company," HEIGHT="52" HPOS="391" VPOS="1589" WIDTH="295" />
<SP HEIGHT="65" HPOS="687" VPOS="1575" WIDTH="26" />
<String CONTENT="1935." HEIGHT="53" HPOS="714" VPOS="1575" WIDTH="152" />
</TextLine>
<TextLine CS="1" HEIGHT="51" HPOS="456" VPOS="1643" WIDTH="1198">
<String CONTENT="xv," HEIGHT="37" HPOS="456" VPOS="1655" WIDTH="77" />
<SP HEIGHT="49" HPOS="534" VPOS="1643" WIDTH="27" />
<String CONTENT="267" HEIGHT="42" HPOS="562" VPOS="1643" WIDTH="86" />
<SP HEIGHT="48" HPOS="649" VPOS="1645" WIDTH="24" />
<String CONTENT="p.," CS="1" LANG="fr" />
<SP />
<String CONTENT="1" CS="1" LANG="fr" />
<SP />
<String CONTENT="l." CS="1" LANG="fr" />
<SP HEIGHT="42" HPOS="841" VPOS="1644" WIDTH="56" />
<String CONTENT="front.," HEIGHT="48" HPOS="898" VPOS="1644" WIDTH="165" />
<SP HEIGHT="38" HPOS="1064" VPOS="1656" WIDTH="25" />
<String CONTENT="plates," HEIGHT="47" HPOS="1090" VPOS="1647" WIDTH="169" />
<SP HEIGHT="49" HPOS="1260" VPOS="1645" WIDTH="27" />
<String CONTENT="facsim." HEIGHT="41" HPOS="1288" VPOS="1645" WIDTH="190" />
<SP HEIGHT="41" HPOS="1479" VPOS="1645" WIDTH="57" />
<String CONTENT="21" HEIGHT="41" HPOS="1537" VPOS="1645" WIDTH="55" />
<String CONTENT="cm" HEIGHT="22" HPOS="1595" STYLE="superscript" VPOS="1648" WIDTH="45" />
<String CONTENT="." HEIGHT="10" HPOS="1644" VPOS="1678" WIDTH="10" />
</TextLine>
<TextLine HEIGHT="49" HPOS="461" VPOS="1701" WIDTH="622">
<String CONTENT="Maps" HEIGHT="48" HPOS="461" VPOS="1701" WIDTH="138" />
<SP HEIGHT="30" HPOS="600" VPOS="1711" WIDTH="28" />
<String CONTENT="on" HEIGHT="30" HPOS="629" VPOS="1711" WIDTH="61" />
<SP HEIGHT="38" HPOS="691" VPOS="1702" WIDTH="28" />
<String CONTENT="lining-papers." HEIGHT="48" HPOS="720" VPOS="1702" WIDTH="363" />
</TextLine>
<TextLine CS="1" HEIGHT="52" HPOS="388" VPOS="1772" WIDTH="1992">
<String CONTENT="&#169;" HEIGHT="52" HPOS="388" VPOS="1772" WIDTH="53" />
<SP HEIGHT="52" HPOS="442" VPOS="1772" WIDTH="28" />
<String CONTENT="Mar." HEIGHT="39" HPOS="471" VPOS="1776" WIDTH="121" />
<SP HEIGHT="40" HPOS="593" VPOS="1775" WIDTH="30" />
<String CONTENT="1," HEIGHT="47" HPOS="624" VPOS="1775" WIDTH="40" />
<SP HEIGHT="47" HPOS="665" VPOS="1775" WIDTH="28" />
<String CONTENT="1935;" CS="1" HEIGHT="41" HPOS="694" VPOS="1774" WIDTH="118" />
<SP HEIGHT="48" HPOS="836" VPOS="1775" WIDTH="32" />
<String CONTENT="2c." HEIGHT="40" HPOS="869" VPOS="1775" WIDTH="67" />
<SP HEIGHT="29" HPOS="937" VPOS="1786" WIDTH="29" />
<String CONTENT="and" HEIGHT="40" HPOS="967" VPOS="1775" WIDTH="96" />
<SP HEIGHT="41" HPOS="1064" VPOS="1775" WIDTH="30" />
<String CONTENT="aff." HEIGHT="42" HPOS="1095" VPOS="1774" WIDTH="80" />
<SP HEIGHT="39" HPOS="1176" VPOS="1776" WIDTH="32" />
<String CONTENT="Mar." HEIGHT="39" HPOS="1209" VPOS="1776" WIDTH="121" />
<SP HEIGHT="40" HPOS="1331" VPOS="1775" WIDTH="32" />
<String CONTENT="5;" CS="1" HEIGHT="40" HPOS="1364" VPOS="1775" WIDTH="25" />
<SP HEIGHT="47" HPOS="1417" VPOS="1775" WIDTH="32" />
<String CONTENT="A" HEIGHT="39" HPOS="1450" VPOS="1775" WIDTH="41" />
<SP HEIGHT="40" HPOS="1492" VPOS="1775" WIDTH="31" />
<String CONTENT="79919;" CS="1" HEIGHT="41" HPOS="1524" VPOS="1774" WIDTH="144" />
<SP HEIGHT="46" HPOS="1695" VPOS="1776" WIDTH="34" />
<String CONTENT="Frederick" HEIGHT="41" HPOS="1730" VPOS="1775" WIDTH="261" />
<SP HEIGHT="38" HPOS="1992" VPOS="1777" WIDTH="28" />
<String CONTENT="A." HEIGHT="38" HPOS="2021" VPOS="1777" WIDTH="52" />
<SP HEIGHT="40" HPOS="2074" VPOS="1776" WIDTH="36" />
<String CONTENT="Stokes" HEIGHT="40" HPOS="2111" VPOS="1776" WIDTH="170" />
<SP HEIGHT="29" HPOS="2282" VPOS="1787" WIDTH="31" />
<String CONTENT="co." HEIGHT="31" HPOS="2314" VPOS="1785" WIDTH="66" />
</TextLine>
<TextLine HEIGHT="48" HPOS="466" VPOS="1832" WIDTH="250">
<String CONTENT="(35-3406)" HEIGHT="48" HPOS="466" VPOS="1832" WIDTH="250" />
</TextLine>
<TextLine HEIGHT="66" HPOS="387" STYLEREFS="StyleId-D365D2A3-D2EA-431F-9B7B-3AAE7E0CDE15-" VPOS="1933" WIDTH="832">
<String CONTENT="Gardner," HEIGHT="66" HPOS="387" VPOS="1933" WIDTH="283" />
<SP HEIGHT="64" HPOS="671" VPOS="1935" WIDTH="27" />
<String CONTENT="David" HEIGHT="53" HPOS="699" VPOS="1935" WIDTH="189" />
<SP HEIGHT="53" HPOS="889" VPOS="1936" WIDTH="26" />
<String CONTENT="Marshall." HEIGHT="56" HPOS="916" VPOS="1935" WIDTH="303" />
</TextLine>
<TextLine CS="1" HEIGHT="68" HPOS="458" STYLEREFS="StyleId-F1E01A79-A492-480F-B679-DC8319C16AEC-" VPOS="2011" WIDTH="1860">
<String CONTENT="A" HEIGHT="53" HPOS="458" VPOS="2011" WIDTH="53" />
<SP HEIGHT="53" HPOS="512" VPOS="2011" WIDTH="51" />
<String CONTENT="rainbow" HEIGHT="54" HPOS="564" VPOS="2011" WIDTH="256" />
<SP HEIGHT="54" HPOS="821" VPOS="2011" WIDTH="50" />
<String CONTENT="for" HEIGHT="54" HPOS="872" VPOS="2011" WIDTH="95" />
<SP HEIGHT="33" HPOS="968" VPOS="2032" WIDTH="47" />
<String CONTENT="every" HEIGHT="49" HPOS="1016" VPOS="2030" WIDTH="168" />
<SP HEIGHT="49" HPOS="1185" VPOS="2030" WIDTH="51" />
<String CONTENT="cloud" HEIGHT="54" HPOS="1237" VPOS="2012" WIDTH="165" />
<SP HEIGHT="66" HPOS="1403" VPOS="2012" WIDTH="54" />
<String CONTENT="[by]" HEIGHT="65" HPOS="1458" VPOS="2014" WIDTH="110" />
<SP HEIGHT="65" HPOS="1569" VPOS="2013" WIDTH="53" />
<String CONTENT="David" HEIGHT="54" HPOS="1623" VPOS="2012" WIDTH="194" />
<SP HEIGHT="52" HPOS="1818" VPOS="2013" WIDTH="49" />
<String CONTENT="M." HEIGHT="52" HPOS="1868" VPOS="2013" WIDTH="80" />
<SP HEIGHT="54" HPOS="1949" VPOS="2013" WIDTH="51" />
<String CONTENT="Gardner" HEIGHT="54" HPOS="2001" VPOS="2013" WIDTH="263" />
<SP HEIGHT="35" HPOS="2265" VPOS="2031" WIDTH="53" />
<String CONTENT="&#8230;" CS="1" />
</TextLine>
<TextLine CS="1" HEIGHT="68" HPOS="389" STYLEREFS="StyleId-F1E01A79-A492-480F-B679-DC8319C16AEC-" VPOS="2087" WIDTH="1292">
<String CONTENT="Nashville," HEIGHT="67" HPOS="389" VPOS="2087" WIDTH="312" />
<SP HEIGHT="65" HPOS="702" VPOS="2089" WIDTH="28" />
<String CONTENT="Tenn.," HEIGHT="65" HPOS="731" VPOS="2089" WIDTH="195" />
<SP HEIGHT="64" HPOS="927" VPOS="2090" WIDTH="29" />
<String CONTENT="Broadman" HEIGHT="52" HPOS="957" VPOS="2089" WIDTH="329" />
<SP HEIGHT="48" HPOS="1287" VPOS="2107" WIDTH="28" />
<String CONTENT="press" HEIGHT="48" HPOS="1316" VPOS="2107" WIDTH="155" />
<SP HEIGHT="46" HPOS="1472" VPOS="2109" WIDTH="34" />
<String CONTENT="[" HEIGHT="33" HPOS="1507" STYLE="subscript" VPOS="2122" WIDTH="14" />
<String CONTENT="c" HEIGHT="21" HPOS="1526" STYLE="superscript" VPOS="2095" WIDTH="18" />
<String CONTENT="1935]" CS="1" HEIGHT="50" HPOS="1548" VPOS="2092" WIDTH="133" />
</TextLine>
<TextLine CS="1" HEIGHT="49" HPOS="457" STYLEREFS="StyleId-F1E01A79-A492-480F-B679-DC8319C16AEC-" VPOS="2160" WIDTH="267">
<String CONTENT="105" HEIGHT="40" HPOS="457" VPOS="2160" WIDTH="87" />
<SP HEIGHT="48" HPOS="545" VPOS="2161" WIDTH="25" />
<String CONTENT="p." HEIGHT="37" HPOS="571" VPOS="2172" WIDTH="41" />
<SP HEIGHT="37" HPOS="613" VPOS="2163" WIDTH="56" />
<String CONTENT="19&#189;cm." CS="1" HEIGHT="40" HPOS="670" VPOS="2161" WIDTH="54" />
</TextLine>
<TextLine HEIGHT="52" HPOS="390" VPOS="2214" WIDTH="1992">
<String CONTENT="&#169;" HEIGHT="52" HPOS="390" VPOS="2214" WIDTH="53" />
<SP HEIGHT="52" HPOS="444" VPOS="2214" WIDTH="24" />
<String CONTENT="Jan." HEIGHT="39" HPOS="469" VPOS="2218" WIDTH="110" />
<SP HEIGHT="40" HPOS="580" VPOS="2218" WIDTH="25" />
<String CONTENT="8," HEIGHT="46" HPOS="606" VPOS="2218" WIDTH="38" />
<SP HEIGHT="45" HPOS="645" VPOS="2219" WIDTH="24" />
<String CONTENT="1935;" HEIGHT="47" HPOS="670" VPOS="2217" WIDTH="141" />
<SP HEIGHT="46" HPOS="812" VPOS="2218" WIDTH="27" />
<String CONTENT="2c." HEIGHT="39" HPOS="840" VPOS="2218" WIDTH="67" />
<SP HEIGHT="40" HPOS="908" VPOS="2217" WIDTH="28" />
<String CONTENT="Jan." HEIGHT="40" HPOS="937" VPOS="2217" WIDTH="107" />
<SP HEIGHT="38" HPOS="1045" VPOS="2218" WIDTH="27" />
<String CONTENT="22;" HEIGHT="46" HPOS="1073" VPOS="2218" WIDTH="81" />
<SP HEIGHT="36" HPOS="1155" VPOS="2228" WIDTH="31" />
<String CONTENT="aff." HEIGHT="40" HPOS="1187" VPOS="2217" WIDTH="81" />
<SP HEIGHT="40" HPOS="1269" VPOS="2217" WIDTH="26" />
<String CONTENT="Jan." HEIGHT="40" HPOS="1296" VPOS="2217" WIDTH="110" />
<SP HEIGHT="40" HPOS="1407" VPOS="2217" WIDTH="26" />
<String CONTENT="21;" HEIGHT="47" HPOS="1434" VPOS="2217" WIDTH="82" />
<SP HEIGHT="46" HPOS="1517" VPOS="2218" WIDTH="28" />
<String CONTENT="A" HEIGHT="38" HPOS="1546" VPOS="2218" WIDTH="41" />
<SP HEIGHT="39" HPOS="1588" VPOS="2218" WIDTH="26" />
<String CONTENT="79314;" HEIGHT="48" HPOS="1615" VPOS="2216" WIDTH="169" />
<SP HEIGHT="47" HPOS="1785" VPOS="2217" WIDTH="32" />
<String CONTENT="Sunday" HEIGHT="48" HPOS="1818" VPOS="2217" WIDTH="197" />
<SP HEIGHT="36" HPOS="2016" VPOS="2229" WIDTH="27" />
<String CONTENT="school" HEIGHT="39" HPOS="2044" VPOS="2218" WIDTH="161" />
<SP HEIGHT="40" HPOS="2206" VPOS="2217" WIDTH="26" />
<String CONTENT="board" HEIGHT="41" HPOS="2233" VPOS="2217" WIDTH="149" />
</TextLine>
<TextLine HEIGHT="51" HPOS="459" VPOS="2273" WIDTH="1300">
<String CONTENT="of" HEIGHT="40" HPOS="459" VPOS="2275" WIDTH="52" />
<SP HEIGHT="40" HPOS="512" VPOS="2275" WIDTH="23" />
<String CONTENT="the" HEIGHT="39" HPOS="536" VPOS="2276" WIDTH="82" />
<SP HEIGHT="41" HPOS="619" VPOS="2275" WIDTH="25" />
<String CONTENT="Southern" HEIGHT="41" HPOS="645" VPOS="2275" WIDTH="242" />
<SP HEIGHT="39" HPOS="888" VPOS="2275" WIDTH="25" />
<String CONTENT="Baptist" HEIGHT="49" HPOS="914" VPOS="2274" WIDTH="199" />
<SP HEIGHT="38" HPOS="1114" VPOS="2277" WIDTH="20" />
<String CONTENT="convention." HEIGHT="42" HPOS="1135" VPOS="2273" WIDTH="302" />
<SP HEIGHT="49" HPOS="1438" VPOS="2274" WIDTH="69" />
<String CONTENT="(35-3450)" HEIGHT="50" HPOS="1508" VPOS="2274" WIDTH="251" />
</TextLine>
<TextLine HEIGHT="68" HPOS="390" STYLEREFS="StyleId-D365D2A3-D2EA-431F-9B7B-3AAE7E0CDE15-" VPOS="2375" WIDTH="934">
<String CONTENT="Gidel," HEIGHT="66" HPOS="390" VPOS="2375" WIDTH="182" />
<SP HEIGHT="63" HPOS="573" VPOS="2378" WIDTH="29" />
<String CONTENT="Gilbert" HEIGHT="54" HPOS="603" VPOS="2377" WIDTH="226" />
<SP HEIGHT="53" HPOS="830" VPOS="2379" WIDTH="29" />
<String CONTENT="Charles," HEIGHT="65" HPOS="860" VPOS="2378" WIDTH="261" />
<SP HEIGHT="59" HPOS="1122" VPOS="2384" WIDTH="30" />
<String CONTENT="1880-" HEIGHT="49" HPOS="1153" VPOS="2383" WIDTH="171" />
</TextLine>
<TextLine CS="1" HEIGHT="69" HPOS="524" STYLEREFS="StyleId-F1E01A79-A492-480F-B679-DC8319C16AEC-" VPOS="2454" WIDTH="1859">
<String CONTENT="&#8230;" CS="1" LANG="en-US" />
<SP HEIGHT="51" HPOS="524" VPOS="2455" WIDTH="42" />
<String CONTENT="Le" HEIGHT="51" HPOS="567" LANG="fr" VPOS="2455" WIDTH="81" />
<SP HEIGHT="52" HPOS="649" VPOS="2455" WIDTH="36" />
<String CONTENT="droit" HEIGHT="52" HPOS="686" LANG="en-US" VPOS="2455" WIDTH="155" />
<SP HEIGHT="51" HPOS="842" VPOS="2456" WIDTH="36" />
<String CONTENT="international" HEIGHT="54" HPOS="879" LANG="en-US" VPOS="2455" WIDTH="408" />
<SP HEIGHT="64" HPOS="1288" VPOS="2459" WIDTH="38" />
<String CONTENT="public" HEIGHT="69" HPOS="1327" LANG="en-US" VPOS="2454" WIDTH="196" />
<SP HEIGHT="52" HPOS="1524" VPOS="2455" WIDTH="35" />
<String CONTENT="de" HEIGHT="54" HPOS="1560" LANG="fr" VPOS="2455" WIDTH="68" />
<SP HEIGHT="53" HPOS="1629" VPOS="2456" WIDTH="38" />
<String CONTENT="la" HEIGHT="52" HPOS="1668" LANG="fr" VPOS="2456" WIDTH="56" />
<SP HEIGHT="34" HPOS="1725" VPOS="2474" WIDTH="36" />
<String CONTENT="mer." HEIGHT="33" HPOS="1762" LANG="fr" VPOS="2474" WIDTH="136" />
<SP HEIGHT="50" HPOS="1899" VPOS="2457" WIDTH="72" />
<String CONTENT="Le" HEIGHT="50" HPOS="1972" LANG="fr" VPOS="2457" WIDTH="81" />
<SP HEIGHT="49" HPOS="2054" VPOS="2458" WIDTH="34" />
<String CONTENT="temps" HEIGHT="65" HPOS="2089" LANG="fr" VPOS="2458" WIDTH="183" />
<SP HEIGHT="52" HPOS="2273" VPOS="2455" WIDTH="39" />
<String CONTENT="de" HEIGHT="52" HPOS="2313" LANG="fr" VPOS="2455" WIDTH="70" />
</TextLine>
<TextLine HEIGHT="69" HPOS="393" LANG="fr" STYLEREFS="StyleId-F1E01A79-A492-480F-B679-DC8319C16AEC-" VPOS="2531" WIDTH="1988">
<String CONTENT="paix." HEIGHT="68" HPOS="393" VPOS="2531" WIDTH="152" />
<SP HEIGHT="47" HPOS="546" VPOS="2537" WIDTH="63" />
<String CONTENT="t." HEIGHT="47" HPOS="610" LANG="en-US" VPOS="2537" WIDTH="39" />
<SP HEIGHT="49" HPOS="650" VPOS="2535" WIDTH="28" />
<String CONTENT="3." HEIGHT="50" HPOS="679" LANG="en-US" VPOS="2535" WIDTH="46" />
<SP HEIGHT="51" HPOS="726" VPOS="2534" WIDTH="28" />
<String CONTENT="La" HEIGHT="51" HPOS="755" VPOS="2534" WIDTH="84" />
<SP HEIGHT="34" HPOS="840" VPOS="2551" WIDTH="26" />
<String CONTENT="mer" HEIGHT="34" HPOS="867" VPOS="2551" WIDTH="120" />
<SP HEIGHT="46" HPOS="988" VPOS="2539" WIDTH="24" />
<String CONTENT="territoriale" HEIGHT="53" HPOS="1013" VPOS="2533" WIDTH="348" />
<SP HEIGHT="34" HPOS="1362" VPOS="2552" WIDTH="22" />
<String CONTENT="et" HEIGHT="47" HPOS="1385" VPOS="2539" WIDTH="54" />
<SP HEIGHT="50" HPOS="1440" VPOS="2535" WIDTH="27" />
<String CONTENT="la" HEIGHT="50" HPOS="1468" LANG="en-US" VPOS="2535" WIDTH="54" />
<SP HEIGHT="33" HPOS="1523" VPOS="2552" WIDTH="28" />
<String CONTENT="zone" HEIGHT="34" HPOS="1552" LANG="en-US" VPOS="2550" WIDTH="137" />
<SP HEIGHT="36" HPOS="1690" VPOS="2550" WIDTH="25" />
<String CONTENT="contingu&#235;." HEIGHT="67" HPOS="1716" VPOS="2533" WIDTH="320" />
<SP HEIGHT="56" HPOS="2037" VPOS="2533" WIDTH="65" />
<String CONTENT="Ch&#226;teau-" HEIGHT="54" HPOS="2103" VPOS="2533" WIDTH="278" />
</TextLine>
<TextLine HEIGHT="78" HPOS="389" LANG="fr" STYLEREFS="StyleId-F1E01A79-A492-480F-B679-DC8319C16AEC-" VPOS="2599" WIDTH="1631">
<String CONTENT="roux," HEIGHT="49" HPOS="389" VPOS="2628" WIDTH="160" />
<SP HEIGHT="66" HPOS="550" VPOS="2611" WIDTH="27" />
<String CONTENT="Impr." HEIGHT="66" HPOS="578" VPOS="2611" WIDTH="181" />
<SP HEIGHT="49" HPOS="760" VPOS="2628" WIDTH="29" />
<String CONTENT="par" HEIGHT="49" HPOS="790" VPOS="2628" WIDTH="107" />
<SP HEIGHT="50" HPOS="898" VPOS="2612" WIDTH="26" />
<String CONTENT="les" HEIGHT="51" HPOS="925" VPOS="2612" WIDTH="78" />
<SP HEIGHT="64" HPOS="1004" VPOS="2599" WIDTH="29" />
<String CONTENT="&#201;tablissements" HEIGHT="64" HPOS="1034" VPOS="2599" WIDTH="468" />
<SP HEIGHT="51" HPOS="1503" VPOS="2612" WIDTH="25" />
<String CONTENT="Mellott&#233;e," HEIGHT="64" HPOS="1529" VPOS="2612" WIDTH="308" />
<SP HEIGHT="62" HPOS="1838" VPOS="2614" WIDTH="32" />
<String CONTENT="1934." HEIGHT="50" HPOS="1871" VPOS="2614" WIDTH="149" />
</TextLine>
<TextLine CS="1" HEIGHT="50" HPOS="459" VPOS="2683" WIDTH="1285">
<String CONTENT="4" HEIGHT="39" HPOS="459" LANG="fr" VPOS="2684" WIDTH="30" />
<SP HEIGHT="47" HPOS="490" VPOS="2684" WIDTH="20" />
<String CONTENT="p." HEIGHT="37" HPOS="511" LANG="fr" VPOS="2694" WIDTH="43" />
<SP HEIGHT="38" HPOS="555" VPOS="2685" WIDTH="22" />
<String CONTENT="l.," CS="1" LANG="fr" />
<SP HEIGHT="30" HPOS="623" VPOS="2703" WIDTH="29" />
<String CONTENT="[11]-813," CS="1" HEIGHT="50" HPOS="653" LANG="fr" VPOS="2683" WIDTH="217" />
<SP HEIGHT="30" HPOS="871" VPOS="2702" WIDTH="26" />
<String CONTENT="[1]" HEIGHT="48" HPOS="898" LANG="fr" VPOS="2684" WIDTH="55" />
<SP HEIGHT="38" HPOS="954" VPOS="2694" WIDTH="26" />
<String CONTENT="p." HEIGHT="37" HPOS="981" LANG="fr" VPOS="2694" WIDTH="43" />
<SP HEIGHT="37" HPOS="1025" VPOS="2687" WIDTH="52" />
<String CONTENT="table," HEIGHT="46" HPOS="1078" LANG="en-US" VPOS="2684" WIDTH="142" />
<SP HEIGHT="47" HPOS="1221" VPOS="2683" WIDTH="25" />
<String CONTENT="fold." HEIGHT="40" HPOS="1247" LANG="en-US" VPOS="2683" WIDTH="118" />
<SP HEIGHT="28" HPOS="1366" VPOS="2694" WIDTH="25" />
<String CONTENT="maps." HEIGHT="39" HPOS="1392" LANG="en-US" VPOS="2692" WIDTH="150" />
<SP HEIGHT="38" HPOS="1543" VPOS="2683" WIDTH="54" />
<String CONTENT="25&#189;" CS="1" HEIGHT="40" HPOS="1598" LANG="fr" VPOS="2683" WIDTH="59" />
<String CONTENT="cm" HEIGHT="20" HPOS="1687" LANG="fr" STYLE="superscript" VPOS="2686" WIDTH="44" />
<String CONTENT="." HEIGHT="8" HPOS="1736" LANG="fr" VPOS="2715" WIDTH="8" />
</TextLine>
<TextLine HEIGHT="48" HPOS="463" VPOS="2739" WIDTH="1491">
<String CONTENT="Contains" HEIGHT="40" HPOS="463" LANG="en-US" VPOS="2740" WIDTH="236" />
<SP HEIGHT="39" HPOS="700" VPOS="2740" WIDTH="20" />
<String CONTENT="bibliographies" HEIGHT="48" HPOS="721" LANG="fr" VPOS="2739" WIDTH="377" />
<SP HEIGHT="30" HPOS="1099" VPOS="2750" WIDTH="24" />
<String CONTENT="and" HEIGHT="38" HPOS="1124" LANG="en-US" VPOS="2741" WIDTH="99" />
<SP HEIGHT="39" HPOS="1224" VPOS="2740" WIDTH="24" />
<String CONTENT="bibliographical" HEIGHT="48" HPOS="1249" LANG="en-US" VPOS="2739" WIDTH="402" />
<SP HEIGHT="39" HPOS="1652" VPOS="2740" WIDTH="25" />
<String CONTENT="foot-notes." HEIGHT="40" HPOS="1678" LANG="en-US" VPOS="2740" WIDTH="276" />
</TextLine>
<TextLine CS="1" HEIGHT="41" HPOS="462" VPOS="2795" WIDTH="854">
<String CONTENT="At" HEIGHT="40" HPOS="462" VPOS="2796" WIDTH="67" />
<SP HEIGHT="39" HPOS="530" VPOS="2797" WIDTH="21" />
<String CONTENT="head" HEIGHT="39" HPOS="552" VPOS="2797" WIDTH="124" />
<SP HEIGHT="38" HPOS="677" VPOS="2798" WIDTH="25" />
<String CONTENT="of" HEIGHT="39" HPOS="703" VPOS="2796" WIDTH="52" />
<SP HEIGHT="40" HPOS="756" VPOS="2796" WIDTH="25" />
<String CONTENT="title:" CS="1" HEIGHT="40" HPOS="782" VPOS="2796" WIDTH="110" />
<SP HEIGHT="40" HPOS="918" VPOS="2796" WIDTH="31" />
<String CONTENT="Gilbert" HEIGHT="40" HPOS="950" VPOS="2796" WIDTH="187" />
<SP HEIGHT="41" HPOS="1138" VPOS="2795" WIDTH="25" />
<String CONTENT="Gidel." HEIGHT="41" HPOS="1164" VPOS="2795" WIDTH="152" />
</TextLine>
<TextLine CS="1" HEIGHT="51" HPOS="462" VPOS="2849" WIDTH="560">
<String CONTENT="&#8220;Exemplaire" HEIGHT="51" HPOS="462" LANG="fr" VPOS="2849" WIDTH="340" />
<SP HEIGHT="41" HPOS="803" VPOS="2852" WIDTH="25" />
<String CONTENT="C" CS="1" LANG="fr" />
<SP HEIGHT="41" HPOS="870" VPOS="2852" WIDTH="20" />
<String CONTENT="013.&#8221;" HEIGHT="44" HPOS="891" LANG="en-US" VPOS="2849" WIDTH="131" />
</TextLine>
<TextLine CS="1" HEIGHT="52" HPOS="395" VPOS="2906" WIDTH="1989">
<String CONTENT="&#169;" HEIGHT="52" HPOS="395" VPOS="2906" WIDTH="53" />
<SP HEIGHT="52" HPOS="449" VPOS="2906" WIDTH="35" />
<String CONTENT="Dec." HEIGHT="39" HPOS="485" VPOS="2911" WIDTH="110" />
<SP HEIGHT="38" HPOS="596" VPOS="2911" WIDTH="37" />
<String CONTENT="19," HEIGHT="49" HPOS="634" VPOS="2908" WIDTH="70" />
<SP HEIGHT="46" HPOS="705" VPOS="2911" WIDTH="34" />
<String CONTENT="1934;" CS="1" HEIGHT="41" HPOS="740" VPOS="2908" WIDTH="115" />
<SP />
<String CONTENT="1c." CS="1" />
<SP />
<String CONTENT="Mar." HEIGHT="39" HPOS="1027" VPOS="2910" WIDTH="119" />
<SP HEIGHT="40" HPOS="1147" VPOS="2909" WIDTH="36" />
<String CONTENT="5," HEIGHT="48" HPOS="1184" VPOS="2909" WIDTH="40" />
<SP HEIGHT="46" HPOS="1225" VPOS="2911" WIDTH="36" />
<String CONTENT="1935;" CS="1" HEIGHT="41" HPOS="1262" VPOS="2908" WIDTH="114" />
<SP HEIGHT="48" HPOS="1404" VPOS="2909" WIDTH="41" />
<String CONTENT="A-Foreign" HEIGHT="48" HPOS="1446" VPOS="2908" WIDTH="309" />
<SP HEIGHT="38" HPOS="1756" VPOS="2909" WIDTH="36" />
<String CONTENT="27186;" CS="1" HEIGHT="41" HPOS="1793" VPOS="2908" WIDTH="148" />
<SP HEIGHT="47" HPOS="1965" VPOS="2908" WIDTH="41" />
<String CONTENT="Gilbert" HEIGHT="41" HPOS="2007" VPOS="2908" WIDTH="188" />
<SP HEIGHT="40" HPOS="2196" VPOS="2908" WIDTH="36" />
<String CONTENT="Gidel," HEIGHT="48" HPOS="2233" VPOS="2908" WIDTH="151" />
</TextLine>
<TextLine HEIGHT="40" HPOS="463" VPOS="2966" WIDTH="154">
<String CONTENT="Paris." HEIGHT="40" HPOS="463" VPOS="2966" WIDTH="154" />
</TextLine>
<TextLine HEIGHT="67" HPOS="396" STYLEREFS="StyleId-D365D2A3-D2EA-431F-9B7B-3AAE7E0CDE15-" VPOS="3065" WIDTH="862">
<String CONTENT="Gordy," HEIGHT="67" HPOS="396" VPOS="3065" WIDTH="215" />
<SP HEIGHT="63" HPOS="612" VPOS="3069" WIDTH="26" />
<String CONTENT="Wilbur" HEIGHT="56" HPOS="639" VPOS="3066" WIDTH="228" />
<SP HEIGHT="51" HPOS="868" VPOS="3069" WIDTH="26" />
<String CONTENT="Fisk," HEIGHT="65" HPOS="895" VPOS="3066" WIDTH="160" />
<SP HEIGHT="57" HPOS="1056" VPOS="3074" WIDTH="32" />
<String CONTENT="1854-" HEIGHT="50" HPOS="1089" VPOS="3072" WIDTH="169" />
</TextLine>
<TextLine CS="1" HEIGHT="148" HPOS="396" STYLEREFS="StyleId-F1E01A79-A492-480F-B679-DC8319C16AEC-" VPOS="3142" WIDTH="1988">
<String CONTENT="American" HEIGHT="54" HPOS="465" VPOS="3143" WIDTH="308" />
<SP HEIGHT="51" HPOS="774" VPOS="3145" WIDTH="29" />
<String CONTENT="history," HEIGHT="68" HPOS="804" VPOS="3144" WIDTH="238" />
<SP HEIGHT="49" HPOS="1043" VPOS="3163" WIDTH="67" />
<String CONTENT="pt." HEIGHT="61" HPOS="1111" VPOS="3151" WIDTH="80" />
<SP HEIGHT="52" HPOS="1192" VPOS="3148" WIDTH="34" />
<String CONTENT="2," HEIGHT="64" HPOS="1227" VPOS="3148" WIDTH="49" />
<SP HEIGHT="67" HPOS="1277" VPOS="3145" WIDTH="31" />
<String CONTENT="for" HEIGHT="51" HPOS="1309" VPOS="3145" WIDTH="96" />
<SP HEIGHT="48" HPOS="1406" VPOS="3163" WIDTH="31" />
<String CONTENT="grade" HEIGHT="66" HPOS="1438" VPOS="3145" WIDTH="177" />
<SP HEIGHT="53" HPOS="1616" VPOS="3143" WIDTH="29" />
<String CONTENT="7B." HEIGHT="54" HPOS="1646" VPOS="3143" WIDTH="103" />
<SP HEIGHT="50" HPOS="1750" VPOS="3146" WIDTH="69" />
<String CONTENT="Founding" HEIGHT="69" HPOS="1820" VPOS="3142" WIDTH="309" />
<SP HEIGHT="61" HPOS="2130" VPOS="3150" WIDTH="26" />
<String CONTENT="the" HEIGHT="53" HPOS="2157" VPOS="3144" WIDTH="96" />
<SP HEIGHT="35" HPOS="2254" VPOS="3162" WIDTH="30" />
<String CONTENT="nation." HEIGHT="112" HPOS="396" VPOS="3162" WIDTH="1962" />
<SP HEIGHT="51" HPOS="533" VPOS="3223" WIDTH="66" />
<String CONTENT="By" HEIGHT="67" HPOS="600" VPOS="3223" WIDTH="91" />
<SP HEIGHT="67" HPOS="692" VPOS="3223" WIDTH="25" />
<String CONTENT="Wilbur" HEIGHT="56" HPOS="718" VPOS="3221" WIDTH="229" />
<SP HEIGHT="51" HPOS="948" VPOS="3223" WIDTH="26" />
<String CONTENT="Fisk" HEIGHT="52" HPOS="975" VPOS="3222" WIDTH="140" />
<SP HEIGHT="55" HPOS="1116" VPOS="3222" WIDTH="25" />
<String CONTENT="Gordy" HEIGHT="67" HPOS="1142" VPOS="3222" WIDTH="200" />
<SP HEIGHT="50" HPOS="1343" VPOS="3239" WIDTH="34" />
<String CONTENT="&#8230;" CS="1" />
<SP HEIGHT="33" HPOS="1434" VPOS="3242" WIDTH="35" />
<String CONTENT="and" HEIGHT="53" HPOS="1470" VPOS="3222" WIDTH="112" />
<SP HEIGHT="53" HPOS="1583" VPOS="3222" WIDTH="28" />
<String CONTENT="Frederic" HEIGHT="53" HPOS="1612" VPOS="3222" WIDTH="269" />
<SP HEIGHT="51" HPOS="1882" VPOS="3223" WIDTH="27" />
<String CONTENT="Ernst" HEIGHT="52" HPOS="1910" VPOS="3223" WIDTH="178" />
<SP HEIGHT="47" HPOS="2089" VPOS="3228" WIDTH="32" />
<String CONTENT="&#8230;" CS="1" />
<SP HEIGHT="53" HPOS="2178" VPOS="3222" WIDTH="67" />
<String CONTENT="New" HEIGHT="53" HPOS="2246" VPOS="3222" WIDTH="138" />
</TextLine>
<TextLine CS="1" HEIGHT="69" HPOS="397" STYLEREFS="StyleId-F1E01A79-A492-480F-B679-DC8319C16AEC-" VPOS="3298" WIDTH="1456">
<String CONTENT="York," HEIGHT="67" HPOS="397" VPOS="3298" WIDTH="178" />
<SP HEIGHT="64" HPOS="576" VPOS="3301" WIDTH="28" />
<String CONTENT="Chicago" HEIGHT="67" HPOS="605" VPOS="3300" WIDTH="251" />
<SP />
<String CONTENT="[etc.]" CS="1" HEIGHT="32" HPOS="999" VPOS="3333" WIDTH="28" />
<SP HEIGHT="63" HPOS="1028" VPOS="3302" WIDTH="36" />
<String CONTENT="C." HEIGHT="54" HPOS="1065" VPOS="3302" WIDTH="60" />
<SP HEIGHT="55" HPOS="1126" VPOS="3298" WIDTH="31" />
<String CONTENT="Scribner&#8217;s" HEIGHT="55" HPOS="1158" VPOS="3298" WIDTH="311" />
<SP HEIGHT="33" HPOS="1470" VPOS="3319" WIDTH="27" />
<String CONTENT="sons" HEIGHT="33" HPOS="1498" VPOS="3319" WIDTH="128" />
<SP HEIGHT="47" HPOS="1627" VPOS="3319" WIDTH="34" />
<String CONTENT="[" CS="1" />
<String CONTENT="c" HEIGHT="21" HPOS="1676" STYLE="superscript" VPOS="3307" WIDTH="25" />
<String CONTENT="1934]" HEIGHT="63" HPOS="1703" VPOS="3303" WIDTH="150" />
</TextLine>
<TextLine CS="1" HEIGHT="51" HPOS="465" STYLEREFS="StyleId-F1E01A79-A492-480F-B679-DC8319C16AEC-" VPOS="3371" WIDTH="1323">
<String CONTENT="xvii," HEIGHT="48" HPOS="465" VPOS="3371" WIDTH="116" />
<SP HEIGHT="29" HPOS="582" VPOS="3392" WIDTH="32" />
<String CONTENT="[1]," HEIGHT="48" HPOS="615" VPOS="3373" WIDTH="68" />
<SP HEIGHT="46" HPOS="684" VPOS="3372" WIDTH="26" />
<String CONTENT="230" HEIGHT="40" HPOS="711" VPOS="3372" WIDTH="88" />
<SP HEIGHT="48" HPOS="800" VPOS="3372" WIDTH="22" />
<String CONTENT="p." HEIGHT="37" HPOS="823" VPOS="3383" WIDTH="43" />
<SP HEIGHT="40" HPOS="867" VPOS="3372" WIDTH="55" />
<String CONTENT="illus." HEIGHT="40" HPOS="923" VPOS="3372" WIDTH="128" />
<SP HEIGHT="48" HPOS="1052" VPOS="3372" WIDTH="27" />
<String CONTENT="(inch" HEIGHT="48" HPOS="1080" VPOS="3372" WIDTH="129" />
<SP HEIGHT="47" HPOS="1210" VPOS="3373" WIDTH="28" />
<String CONTENT="ports," HEIGHT="47" HPOS="1239" VPOS="3373" WIDTH="148" />
<SP HEIGHT="36" HPOS="1388" VPOS="3383" WIDTH="27" />
<String CONTENT="maps)" HEIGHT="47" HPOS="1416" VPOS="3375" WIDTH="162" />
<SP HEIGHT="48" HPOS="1579" VPOS="3374" WIDTH="63" />
<String CONTENT="19&#189;c" CS="1" HEIGHT="40" HPOS="1643" VPOS="3372" WIDTH="59" />
<String CONTENT="m" HEIGHT="20" HPOS="1748" STYLE="superscript" VPOS="3374" WIDTH="26" />
<String CONTENT="&#183;" HEIGHT="8" HPOS="1780" VPOS="3403" WIDTH="8" />
</TextLine>
<TextLine HEIGHT="52" HPOS="397" VPOS="3425" WIDTH="1991">
<String CONTENT="&#169;" HEIGHT="52" HPOS="397" VPOS="3425" WIDTH="53" />
<SP HEIGHT="52" HPOS="451" VPOS="3425" WIDTH="30" />
<String CONTENT="Jan." HEIGHT="39" HPOS="482" VPOS="3429" WIDTH="108" />
<SP HEIGHT="38" HPOS="591" VPOS="3430" WIDTH="30" />
<String CONTENT="11," HEIGHT="47" HPOS="622" VPOS="3429" WIDTH="69" />
<SP HEIGHT="46" HPOS="692" VPOS="3430" WIDTH="28" />
<String CONTENT="1935;" HEIGHT="47" HPOS="721" VPOS="3428" WIDTH="140" />
<SP HEIGHT="46" HPOS="862" VPOS="3429" WIDTH="31" />
<String CONTENT="2c." HEIGHT="39" HPOS="894" VPOS="3429" WIDTH="67" />
<SP HEIGHT="39" HPOS="962" VPOS="3429" WIDTH="32" />
<String CONTENT="Mar." HEIGHT="39" HPOS="995" VPOS="3429" WIDTH="121" />
<SP HEIGHT="40" HPOS="1117" VPOS="3429" WIDTH="30" />
<String CONTENT="7;" HEIGHT="47" HPOS="1148" VPOS="3429" WIDTH="53" />
<SP HEIGHT="37" HPOS="1202" VPOS="3439" WIDTH="33" />
<String CONTENT="aff." HEIGHT="41" HPOS="1236" VPOS="3427" WIDTH="80" />
<SP HEIGHT="39" HPOS="1317" VPOS="3429" WIDTH="33" />
<String CONTENT="Jan." HEIGHT="39" HPOS="1351" VPOS="3429" WIDTH="109" />
<SP HEIGHT="39" HPOS="1461" VPOS="3429" WIDTH="30" />
<String CONTENT="29;" HEIGHT="48" HPOS="1492" VPOS="3427" WIDTH="82" />
<SP HEIGHT="46" HPOS="1575" VPOS="3429" WIDTH="31" />
<String CONTENT="A" HEIGHT="39" HPOS="1607" VPOS="3429" WIDTH="41" />
<SP HEIGHT="39" HPOS="1649" VPOS="3429" WIDTH="30" />
<String CONTENT="80834;" HEIGHT="46" HPOS="1680" VPOS="3428" WIDTH="168" />
<SP HEIGHT="46" HPOS="1849" VPOS="3428" WIDTH="36" />
<String CONTENT="Charles" HEIGHT="40" HPOS="1886" VPOS="3427" WIDTH="204" />
<SP HEIGHT="40" HPOS="2091" VPOS="3426" WIDTH="31" />
<String CONTENT="Scribner&#8217;s" HEIGHT="42" HPOS="2123" VPOS="3425" WIDTH="265" />
</TextLine>
<TextLine HEIGHT="30" HPOS="465" VPOS="3495" WIDTH="126">
<String CONTENT="sons." HEIGHT="30" HPOS="465" VPOS="3495" WIDTH="126" />
</TextLine>
<TextLine HEIGHT="65" HPOS="398" STYLEREFS="StyleId-D365D2A3-D2EA-431F-9B7B-3AAE7E0CDE15-" VPOS="3585" WIDTH="1078">
<String CONTENT="Gould," HEIGHT="65" HPOS="398" VPOS="3585" WIDTH="202" />
<SP HEIGHT="64" HPOS="601" VPOS="3586" WIDTH="30" />
<String CONTENT="George" HEIGHT="64" HPOS="632" VPOS="3586" WIDTH="225" />
<SP HEIGHT="51" HPOS="858" VPOS="3588" WIDTH="26" />
<String CONTENT="Milbry," HEIGHT="64" HPOS="885" VPOS="3586" WIDTH="235" />
<SP HEIGHT="57" HPOS="1121" VPOS="3593" WIDTH="30" />
<String CONTENT="1848-1922." HEIGHT="51" HPOS="1152" VPOS="3592" WIDTH="324" />
</TextLine>
<TextLine CS="1" HEIGHT="224" HPOS="399" STYLEREFS="StyleId-F1E01A79-A492-480F-B679-DC8319C16AEC-" VPOS="3661" WIDTH="1989">
<String CONTENT="Gould&#8217;s" HEIGHT="55" HPOS="470" VPOS="3661" WIDTH="235" />
<SP HEIGHT="34" HPOS="706" VPOS="3681" WIDTH="43" />
<String CONTENT="medical" HEIGHT="53" HPOS="750" VPOS="3663" WIDTH="241" />
<SP HEIGHT="53" HPOS="992" VPOS="3663" WIDTH="44" />
<String CONTENT="dictionary;" HEIGHT="69" HPOS="1037" VPOS="3662" WIDTH="350" />
<SP HEIGHT="62" HPOS="1388" VPOS="3668" WIDTH="47" />
<String CONTENT="the" HEIGHT="53" HPOS="1436" VPOS="3663" WIDTH="96" />
<SP HEIGHT="35" HPOS="1533" VPOS="3681" WIDTH="45" />
<String CONTENT="words" HEIGHT="53" HPOS="1579" VPOS="3663" WIDTH="189" />
<SP HEIGHT="36" HPOS="1769" VPOS="3680" WIDTH="43" />
<String CONTENT="and" HEIGHT="52" HPOS="1813" VPOS="3663" WIDTH="112" />
<SP HEIGHT="66" HPOS="1926" VPOS="3663" WIDTH="47" />
<String CONTENT="phrases" HEIGHT="68" HPOS="1974" VPOS="3661" WIDTH="235" />
<SP HEIGHT="51" HPOS="2210" VPOS="3677" WIDTH="43" />
<String CONTENT="generally" HEIGHT="131" HPOS="399" VPOS="3677" WIDTH="1963" />
<SP HEIGHT="50" HPOS="580" VPOS="3758" WIDTH="26" />
<String CONTENT="used" HEIGHT="53" HPOS="607" VPOS="3740" WIDTH="136" />
<SP HEIGHT="55" HPOS="744" VPOS="3737" WIDTH="26" />
<String CONTENT="in" HEIGHT="55" HPOS="771" VPOS="3737" WIDTH="61" />
<SP HEIGHT="34" HPOS="833" VPOS="3758" WIDTH="25" />
<String CONTENT="medicine" HEIGHT="54" HPOS="859" VPOS="3740" WIDTH="278" />
<SP HEIGHT="35" HPOS="1138" VPOS="3759" WIDTH="24" />
<String CONTENT="and" HEIGHT="52" HPOS="1163" VPOS="3741" WIDTH="113" />
<SP HEIGHT="52" HPOS="1277" VPOS="3741" WIDTH="26" />
<String CONTENT="the" HEIGHT="52" HPOS="1304" VPOS="3741" WIDTH="98" />
<SP HEIGHT="34" HPOS="1403" VPOS="3759" WIDTH="23" />
<String CONTENT="allied" HEIGHT="53" HPOS="1427" VPOS="3740" WIDTH="171" />
<SP HEIGHT="53" HPOS="1599" VPOS="3740" WIDTH="28" />
<String CONTENT="sciences," HEIGHT="65" HPOS="1628" VPOS="3740" WIDTH="258" />
<SP HEIGHT="48" HPOS="1887" VPOS="3757" WIDTH="25" />
<String CONTENT="with" HEIGHT="53" HPOS="1913" VPOS="3738" WIDTH="140" />
<SP HEIGHT="53" HPOS="2054" VPOS="3739" WIDTH="26" />
<String CONTENT="their" HEIGHT="54" HPOS="2081" VPOS="3738" WIDTH="151" />
<SP HEIGHT="49" HPOS="2233" VPOS="3756" WIDTH="25" />
<String CONTENT="pronunciation" HEIGHT="115" HPOS="400" VPOS="3755" WIDTH="1963" />
<SP HEIGHT="35" HPOS="732" VPOS="3834" WIDTH="31" />
<String CONTENT="and" HEIGHT="53" HPOS="764" VPOS="3817" WIDTH="113" />
<SP HEIGHT="53" HPOS="878" VPOS="3817" WIDTH="33" />
<String CONTENT="derivation," HEIGHT="68" HPOS="912" VPOS="3817" WIDTH="339" />
<SP HEIGHT="68" HPOS="1252" VPOS="3817" WIDTH="31" />
<String CONTENT="by" HEIGHT="68" HPOS="1284" VPOS="3817" WIDTH="76" />
<SP HEIGHT="69" HPOS="1361" VPOS="3816" WIDTH="31" />
<String CONTENT="George" HEIGHT="68" HPOS="1393" VPOS="3816" WIDTH="224" />
<SP HEIGHT="53" HPOS="1618" VPOS="3817" WIDTH="30" />
<String CONTENT="M." HEIGHT="52" HPOS="1649" VPOS="3817" WIDTH="81" />
<SP HEIGHT="55" HPOS="1731" VPOS="3815" WIDTH="33" />
<String CONTENT="Gould" HEIGHT="55" HPOS="1765" VPOS="3815" WIDTH="190" />
<SP HEIGHT="52" HPOS="1956" VPOS="3816" WIDTH="37" />
<String CONTENT="&#8230;" CS="1" />
<SP HEIGHT="34" HPOS="2050" VPOS="3833" WIDTH="40" />
<String CONTENT="edited" HEIGHT="52" HPOS="2091" VPOS="3815" WIDTH="187" />
<SP HEIGHT="54" HPOS="2279" VPOS="3813" WIDTH="33" />
<String CONTENT="by" HEIGHT="68" HPOS="2313" VPOS="3813" WIDTH="75" />
</TextLine>
<TextLine CS="1" HEIGHT="58" HPOS="400" STYLEREFS="StyleId-F1E01A79-A492-480F-B679-DC8319C16AEC-" VPOS="3891" WIDTH="1986">
<String CONTENT="R." HEIGHT="52" HPOS="400" LANG="fr" VPOS="3895" WIDTH="67" />
<SP HEIGHT="54" HPOS="468" VPOS="3895" WIDTH="23" />
<String CONTENT="J." HEIGHT="54" HPOS="492" VPOS="3895" WIDTH="56" />
<SP HEIGHT="53" HPOS="549" VPOS="3895" WIDTH="22" />
<String CONTENT="E." HEIGHT="52" HPOS="572" VPOS="3895" WIDTH="67" />
<SP HEIGHT="56" HPOS="640" VPOS="3893" WIDTH="22" />
<String CONTENT="Scott&#8230;" CS="1" HEIGHT="56" HPOS="663" VPOS="3893" WIDTH="162" />
<SP HEIGHT="35" HPOS="906" VPOS="3912" WIDTH="24" />
<String CONTENT="and" HEIGHT="52" HPOS="931" VPOS="3895" WIDTH="114" />
<SP HEIGHT="56" HPOS="1046" VPOS="3893" WIDTH="20" />
<String CONTENT="C." HEIGHT="56" HPOS="1067" LANG="fr" VPOS="3893" WIDTH="61" />
<SP HEIGHT="54" HPOS="1129" VPOS="3895" WIDTH="22" />
<String CONTENT="V." HEIGHT="54" HPOS="1152" VPOS="3895" WIDTH="69" />
<SP HEIGHT="52" HPOS="1222" VPOS="3895" WIDTH="24" />
<String CONTENT="Brownlow." HEIGHT="53" HPOS="1247" VPOS="3895" WIDTH="341" />
<SP HEIGHT="49" HPOS="1589" VPOS="3897" WIDTH="57" />
<String CONTENT="4th" HEIGHT="52" HPOS="1647" VPOS="3894" WIDTH="98" />
<SP HEIGHT="52" HPOS="1746" VPOS="3894" WIDTH="21" />
<String CONTENT="rev." HEIGHT="35" HPOS="1768" VPOS="3911" WIDTH="113" />
<SP HEIGHT="33" HPOS="1882" VPOS="3912" WIDTH="20" />
<String CONTENT="ed." HEIGHT="52" HPOS="1903" VPOS="3893" WIDTH="83" />
<SP HEIGHT="53" HPOS="1987" VPOS="3893" WIDTH="57" />
<String CONTENT="With" HEIGHT="55" HPOS="2045" VPOS="3891" WIDTH="162" />
<SP HEIGHT="52" HPOS="2208" VPOS="3891" WIDTH="21" />
<String CONTENT="illus-" HEIGHT="53" HPOS="2230" VPOS="3891" WIDTH="156" />
</TextLine>
</TextBlock>
</PrintSpace>
</Page>
</Layout>
</alto>