2424 4375
1229 4053 133 49 1316

294 430 420 64 Easterbrook,
742 431 173 63 Mary
941 429 237 57 Herold.

369 507 162 52 Your
571 505 245 70 English
855 508 311 66 problems;
1208 530 31 32 a
1276 507 173 53 social
1486 511 290 65 approach
1814 515 59 45 to
1912 510 283 66 problems
2230 509 59 53 in

299 585 122 52 oral
455 587 113 52 and
601 583 228 55 written
862 584 392 69 composition,
1290 585 320 54 functional
1645 605 305 50 grammar,
1986 587 112 52 and
297 586 1969 131 effective
440 667 255 50 sentence

300 664 1967 146 structure, by Mary Herold Easterbrook … Donald Lemen Clark … [and]
1204 742 1026 57 Edwin Van B. Knickerbocker …
299 820 1985 71 New York, Newark [etc.] Silver, Burdett and company [ c 1935]
371 905 33 29 x
431 905 57 37 p.,
516 896 25 38 1
603 925 8 12 l.,
640 893 88 42 528
752 905 42 37 p.
853 894 131 41 illus.
1043 893 147 41 20½cm.

301 948 53 53 ©
387 953 127 48 Sept.
549 953 39 45 7,
623 950 113 42 1935;
800 951 67 41 2c.
898 952 96 39 and
1028 951 80 40 aff.
1147 952 128 47 Sept.
1309 951 54 41 13;
1427 952 41 39 A
1502 950 143 42 85961;
1712 951 169 47 Silver,
1918 952 210 40 Burdett
2159 952 36 40 &
2228 962 64 31 co.

378 1007 280 51 (35-17941)

299 1113 246 54 Federal
574 1130 238 37 reserve
842 1113 155 53 bank
1027 1113 64 53 of
1119 1113 409 64 Minneapolis.

428 1187 1863 72 … Handbook for examiners making examinations of trust
297 1266 388 69 departments
722 1267 64 53 of
821 1268 247 52 member
1103 1267 195 54 banks.
1371 1266 404 69 Minneapolis,
1811 1266 204 70 Minn.,
2052 1266 238 54 Federal

296 1363 219 36 reserve
544 1345 153 54 bank
727 1344 63 54 of
818 1345 403 69 Minneapolis,
1250 1351 18 22 c
1273 1347 151 51 1935.

367 1416 446 51 xii. 80 p, 23½ cm .
370 1475 129 41 “The
524 1475 257 40 handbook
805 1475 43 40 is
875 1474 189 49 subject
1088 1477 49 38 to
1164 1475 185 48 change
1374 1474 126 40 from
1525 1473 117 43 time
1666 1476 50 39 to
1743 1474 131 50 time,
1900 1473 64 50 by
1990 1475 301 41 amendment

301 1541 56 30 or
394 1531 340 42 modification.
803 1532 99 41 The
942 1532 172 48 pocket
1153 1532 157 41 inside
1349 1533 84 39 the
1470 1531 123 41 back
1632 1541 142 32 cover
1813 1542 111 37 may
1965 1532 57 41 be
2062 1533 117 41 used
2217 1533 76 40 for

297 1589 169 48 noting
494 1591 119 38 such
643 1588 588 49 changes.”—Foreword.

300 1643 53 53 ©
383 1648 120 47 Aug.
535 1647 68 47 16,
637 1647 112 40 1935;
811 1647 65 40 2c.
910 1646 95 40 and
1037 1646 82 40 aff.
1156 1647 125 48 Sept.
1316 1646 56 40 12;
1433 1648 40 38 A
1503 1646 146 42 85919;
1711 1647 205 41 Federal
1949 1659 190 29 reserve
2172 1649 122 39 bank

368 1705 52 40 of
445 1704 336 48 Minneapolis.
852 1703 279 48 (35-17948)

304 1805 244 54 Federal
579 1807 388 67 supplement;
999 1824 149 34 cases
1179 1806 215 68 argued
1429 1806 112 52 and
1571 1806 351 54 determined
1952 1807 60 52 in
2042 1808 95 52 the
373 1806 1896 131 District
540 1889 187 49 courts

759 1883 62 54 of
852 1885 94 53 the
978 1885 217 54 United
1232 1884 205 67 States,
1470 1884 181 55 Court
1680 1884 62 53 of
1775 1885 213 68 claims,
2020 1886 139 52 with
2189 1885 102 69 key

373 1963 238 52 number
647 1961 379 55 annotations.
1096 1963 242 53 Volume
1377 1965 79 50 10.
1530 1964 423 67 May-August,
1988 1967 148 51 1935.
2211 1964 78 56 St.

373 2041 166 60 Paul,
566 2043 160 53 West
754 2041 336 67 publishing
1119 2057 98 51 co.,
1249 2043 150 52 1935.

369 2113 997 49 xxi, 1118 p. incl. front. (map) 26 cm .
306 2168 53 53 ©
393 2173 127 47 Sept.
551 2171 69 46 25,
652 2170 141 47 1935;
826 2169 63 41 2c.
925 2170 101 40 Oct.
1056 2170 55 39 12;
1172 2169 81 40 aff.
1287 2170 101 40 Oct.
1422 2171 81 45 14;
1537 2171 43 39 A
1609 2169 169 49 86769;
1813 2172 135 40 West
1979 2172 109 48 pub.
2120 2183 65 29 co.

306 2290 121 53 The
458 2287 401 65 Fortnightly,
932 2307 89 34 no.
1051 2292 117 62 826,
1192 2307 53 34 n.
1274 2307 62 48 s.,
1365 2289 144 65 Oct.,
1538 2292 150 50 1935.

302 2359 1989 54 © 1c. Oct. 5, 1935; A ad int. 20619; pubd. Oct. 1; Fortnightly review,
375 2421 101 46 ltd.,
507 2419 212 40 London.

306 2521 304 65 Foucault,
636 2520 220 56 André.

305 2596 1977 148 … L’Algérie, fille de France; avec croquis cartographiques el héliogravures.
821 2674 183 62 Paris,
1034 2677 56 53 J.
1124 2675 332 53 Tallandier
1493 2680 171 62 [1935]

377 2745 1332 52 253 p., 1 l. VIII pl. (inch front. (maps)) 18½cm.
308 2803 1987 53 © June 29, 1935; 1c. Aug. 29; A- Foreign 28901; Société d’éditions et
372 2864 59 40 de
457 2861 337 50 publications,
821 2861 153 40 Paris.
1044 2860 280 48 (35-18552)

306 2952 142 64 Fox,
477 2953 256 54 Emmet.

378 3031 120 51 The
533 3029 237 56 Sermon
801 3047 71 33 on
903 3030 95 51 the
1027 3030 202 51 Mount;
1295 3047 31 33 a
1356 3028 229 68 general
1616 3027 384 54 introduction
2034 3034 58 46 to
309 3024 1955 136 scientific
458 3106 382 69 Christianity

871 3106 58 53 in
960 3107 95 52 the
1086 3105 151 53 form
1266 3106 64 53 of
1359 3125 30 33 a
1420 3105 269 68 spiritual
1718 3106 108 67 key
1854 3113 58 45 to
1941 3106 272 52 Matthew
2241 3121 46 38 v,

366 3184 1923 70 VI and VII, by Emmet Fox. New York and London, Harper
307 3268 45 50 &
379 3265 277 66 brothers,
687 3267 149 50 1935.

380 3335 630 50 x p., 1 l., 154 p. 19½cm.
381 3393 214 41 “Second
627 3391 227 42 edition.”

309 3446 53 53 ©
397 3450 127 48 Sept.
562 3450 69 47 12,
669 3450 139 45 1935;
847 3449 65 40 2c.
954 3450 127 47 Sept.
1118 3448 82 47 12;
1239 3448 82 39 aff.
1362 3448 127 47 Sept.
1527 3448 81 46 14;
1647 3448 43 39 A
1724 3447 170 47 87274;
1936 3448 52 39 E.
2029 3447 113 44 Fox,
2180 3444 111 39 New

374 3507 143 39 York.
589 3505 279 49 (35-17928)

307 3596 215 64 Frank,
553 3596 240 55 Colman
819 3595 246 63 Dudley.

379 3665 1907 74 Lisons! By Colman Dudley Frank … Boston, New York
315 3749 942 68 [etc.] Allyn and Bacon [ c 1935]
381 3818 1556 51 xxvi, 350, 56 p. front. (map) illus. (inch ports.) 19½cm.
382 3877 138 46 Maps
554 3887 59 30 on
645 3876 361 49 lining-papers.

312 3929 53 53 ©
391 3935 118 45 Aug.
540 3935 68 44 15,
638 3933 117 43 1935;
810 3934 65 40 2c.
909 3934 126 44 Sept.
1066 3935 26 39 7;
1148 3933 81 39 aff.
1265 3933 125 45 Sept.
1420 3932 29 40 9;
1502 3933 41 37 A
1572 3931 143 41 85827;
1771 3931 149 47 Allyn
1945 3931 38 39 &
2010 3931 172 38 Bacon.

389 3989 280 49 (35-17940)
