2424 4375
1286 4046 98 48 658

325 420 431 64 Chamberlain,
787 421 154 53 John
972 420 262 55 Aldrich.

392 495 373 54 Commercial
808 497 136 65 law;
991 515 30 33 a
1064 495 275 68 practical
1380 496 231 52 treatise
1654 497 267 68 covering
1963 497 95 52 the
319 497 1965 128 fundamental

558 572 311 69 principles
894 572 63 53 of
980 574 108 51 law
1115 591 61 34 as
1200 572 232 69 applied
1456 579 57 47 to
1538 572 252 55 business
1814 574 60 52 in
1898 574 246 69 general,
2170 574 141 53 with

321 650 210 67 special
579 649 288 54 reference
912 655 59 48 to
1020 651 97 52 the
1165 667 257 36 common
1471 650 111 52 law
1635 648 270 72 affecting
1956 651 354 53 commercial

323 726 1986 72 transactions, by John A. Chamberlain … revised by Raymond
329 804 1812 71 V. Cradit … Chicago, American technical society, 1935.
394 876 1353 49 3 p. l., 298 p., 1 l., 10 p. illus. (incl. port.) 21½ cm .
329 933 52 52 ©
416 938 114 46 May
564 937 68 45 13,
668 936 139 46 1935;
843 936 66 39 2c.
945 937 94 38 and
1075 935 80 41 aff.
1198 937 113 46 May
1345 936 81 46 16;
1464 936 42 39 A
1542 936 169 48 81861;
1751 938 158 39 Amer,
1946 936 240 43 technical
2222 950 90 30 soc.

402 993 278 50 [Copyright
706 992 41 40 is
774 992 204 41 claimed
1006 1004 60 28 on
1094 992 250 49 revisions]
1416 992 249 49 (35-7196)

327 1079 341 69 Chambers,
700 1081 250 65 Oswald,
984 1084 323 53 1874-1917.

401 1159 119 52 The
549 1159 203 68 golden
784 1159 144 53 book
957 1158 63 53 of
1048 1159 233 54 Oswald
1312 1159 325 56 Chambers.
1711 1162 102 66 My
1843 1168 211 47 utmost
2084 1162 93 54 for
2205 1162 110 54 His

331 1236 274 69 Highest;
645 1237 291 54 selections
973 1237 92 52 for
1103 1239 93 50 the
1232 1255 149 49 year.
1456 1238 137 52 New
1630 1239 178 66 York,
1843 1240 188 66 Dodd,
2068 1241 167 52 Mead
2271 1245 44 50 &

331 1334 295 49 company,
661 1320 146 49 1935.

402 1386 555 49 4 p. l ., 375 p 18½ cm .
411 1445 190 39 London
636 1444 180 39 edition
847 1442 257 49 (Simpkin,
1143 1442 236 40 Marshall
1415 1448 36 40 &
1484 1443 93 46 co.)
1616 1443 89 40 has
1743 1442 105 42 title;
1916 1445 77 41 My
2027 1447 178 38 utmost
2245 1447 72 38 for

338 1500 86 38 His
455 1498 218 47 Highest.

332 1553 52 52 ©
414 1556 111 47 Apr.
555 1555 69 42 10,
655 1554 139 47 1935;
824 1554 66 40 2c.
922 1556 95 38 and
1047 1553 82 40 aff.
1160 1554 113 47 Apr.
1306 1553 81 46 11;
1420 1553 40 39 A
1489 1553 168 47 81356;
1695 1555 152 47 Dodd,
1880 1556 141 39 Mead
2051 1555 37 40 &
2114 1567 53 28 co.,
2226 1558 89 39 inc.

411 1613 249 47 (35-7143)

333 1699 256 66 Cornish,
616 1701 199 51 Newel
840 1699 302 63 Howland,
1173 1703 169 51 1888-

398 1776 332 68 Marketing
784 1774 64 53 of
901 1773 438 54 manufactured
1398 1774 194 69 goods,
1650 1773 74 71 by
1779 1775 191 53 Newel
2031 1775 287 53 Howland

330 1851 1844 71 Cornish … Boston, Mass., The Stratford company [ c 1935]
398 1923 888 51 2 p. l., iii p., 2 l., 3-282 p. 20½cm.
399 1982 347 49 Bibliography;
807 1992 41 38 p.
882 1981 217 41 250-266.

337 2040 52 52 ©
420 2044 116 46 May
564 2043 40 46 6,
637 2041 112 41 1935;
815 2041 65 40 2c.
914 2042 113 46 May
1058 2041 26 39 7;
1149 2040 81 40 aff.
1266 2041 116 47 May
1413 2040 54 40 13;
1530 2041 40 38 A
1602 2040 146 41 83087;
1812 2041 249 40 Stratford
2094 2051 52 31 co
2166 2073 8 15 ,
405 2043 1899 96 publishers.

665 2097 248 49 (35-7179)

335 2189 254 64 Dacqué,
618 2189 218 64 Edgar,
867 2190 169 52 1878-

406 2261 1851 71 Vom werden des erdballs, von prof. dr. Edgar Dacqué …
332 2341 254 69 Leipzig,
615 2342 64 51 P.
711 2341 228 52 Reclam
968 2339 119 69 jun.
1121 2373 14 33 [c
1162 2342 133 49 1934]

409 2414 67 47 78,
509 2419 37 44 [2]
592 2424 43 37 p.
696 2413 126 39 illus.
853 2413 131 46 (incl.
1013 2412 160 47 maps)
1212 2413 178 45 diagrs.
1446 2410 54 40 15½
1533 2413 43 21 cm
1581 2443 8 8 .
1657 2412 96 47 (On
1781 2421 140 31 cover;
1972 2413 220 41 Reclams

337 2413 1965 97 universal
518 2470 277 46 bibliothek,
823 2479 68 29 nr.
920 2468 137 48 7270)

338 2525 1983 53 © Sept. 11, 1934; 1c. Jan. 21, 1935; A-Foreign 26682; Philipp Reclam
409 2586 101 47 jun.
581 2584 249 49 (35-7627)

345 2657 220 63 Dallex,
596 2655 265 56 Victorin
888 2655 238 65 Joseph,
1158 2657 170 55 1872-

469 2731 1852 70 … Esquisse d’un plan pour sortir de la crise. Le Perreux
351 2810 798 71 (Seine) Y. Dallex [ c 1935]
413 2884 339 49 50 p. 26 ½ cm .
414 2938 758 43 At head of title; V . Dallex.
343 2994 1733 107 © Jan. 8, 1935; 1c. Mar. 26; A-Foreign 27458; Victor Dallex. (35-7631)
343 3126 202 66 Defoe,
574 3126 224 65 Daniel,
830 3126 360 55 1661?-1731.

476 3198 1845 71 … A journal of the plague year and other pieces, edited by
347 3278 1971 68 Arthur Wellesley Secord … Garden City, N. Y., Doubleday,
349 3356 932 67 Doran & company, inc, [ c 1935]
552 3426 1769 50 xxxv, 337 p. front. (port.) 18½ cm . (Half-title; The Doubleday-Doran
347 3485 149 41 series
524 3485 49 40 in
601 3484 269 47 literature,
900 3483 182 41 Robert
1109 3482 191 48 Shafer,
1328 3482 197 47 general
1554 3481 180 48 editor)

422 3540 130 40 With
582 3539 183 48 reprint
793 3539 50 40 of
867 3539 80 40 the
969 3538 206 48 original
1204 3540 111 45 t.-p.,
1341 3536 126 42 1722.

421 3595 159 40 “First
608 3593 225 42 edition.”

421 3652 66 37 “A
514 3651 145 39 select
685 3649 83 40 list
795 3650 51 39 of
872 3648 159 41 useful
1060 3646 175 43 books”;
1293 3657 42 39 p.
1361 3645 353 41 xxxiii-xxxiv.

693 3705 102 38 CONTENTS.—A
816 3705 197 46 journal
1034 3704 53 40 of
1108 3704 83 39 the
1215 3703 172 46 plague
1413 3701 295 47 year.—The
1729 3711 118 38 poor
1871 3700 150 39 man’s
2046 3698 276 49 plea.—The

350 3762 245 39 true-born
624 3760 327 48 Englishman,
983 3762 109 46 part
1122 3759 193 39 i.—The
1345 3758 216 40 shortest
1589 3768 107 37 way
1727 3758 118 38 with
1879 3757 83 40 the
1989 3757 334 39 dissenters.—

351 3818 175 45 Giving
555 3818 124 38 alms
706 3828 59 28 no
796 3816 306 46 charity.—A
1132 3818 107 36 true
1271 3813 206 39 relation
1508 3814 54 38 of
1588 3814 84 38 the
1701 3812 278 48 apparition
2009 3813 52 38 of
2089 3822 91 28 one
2210 3811 110 37 Mrs.

347 3874 130 38 Veal.

350 3924 52 52 ©
430 3929 111 47 Apr.
570 3927 68 47 22,
667 3927 139 42 1935;
837 3927 65 40 2c.
931 3928 96 39 and
1056 3927 79 39 aff.
1166 3927 112 46 May
1306 3925 52 47 1;
1390 3925 40 39 A
1458 3924 169 47 82843;
1659 3924 295 47 Doubleday,
1986 3924 166 38 Doran
2178 3921 36 39 &
2240 3929 78 33 co.,

421 3983 87 45 inc,
578 3984 248 48 (35-7154)
