2424 4375
1144 3979 63 40 563

160 383 251 64 Mezger,
440 384 156 62 Max,
627 383 170 54 1876-

224 471 119 53 Das
379 470 384 53 nieverlorene
802 469 289 68 paradies;
1136 487 99 35 aus
1276 468 305 53 deutschen
1622 467 270 67 wäldern,
1933 466 201 53 wiesen

155 548 116 51 und
328 551 198 65 gärten
543 566 12 47 ;
614 547 90 51 ein
761 546 339 52 bilderwerk
1157 561 126 36 vom
1342 543 434 68 pflanzenreich,
1831 561 111 35 von
1998 542 138 52 Max

155 623 227 69 Mezger
427 624 116 52 und
591 622 165 53 Hans
803 622 246 69 Ludwig
1096 621 189 55 Oeser.
1372 620 217 68 Berlin,
1636 621 284 52 Deutsche
158 619 1954 150 buchgemeinschaft

595 719 53 49 g.
677 718 73 34 m.
779 700 52 52 b.
859 699 52 54 h.
998 701 119 65 [1935]

225 783 1033 54 239, [1] p. incl. front., illus. 34 × 28 cm .
224 855 283 41 Illustrated
535 866 155 30 cover.

160 923 1965 108 © Oct. 1, 1934; 1c. Mar. 11, 1935; A- Foreign 27268; Deutsche buchge meinschaft,
563 994 41 37 g.
633 993 60 31 m.
721 984 42 39 b.
790 984 44 38 h.
904 982 250 48 (35-6407)

165 1082 280 56 Minerals
470 1085 152 53 from
649 1086 159 53 earth
836 1086 111 51 and
975 1085 119 68 sky.
1157 1087 142 51 Part
1350 1127 10 11 I.
1387 1084 122 54 The
1533 1090 158 63 story
1718 1084 62 53 of
1807 1082 337 66 meteorites,

231 1160 1912 69 by George P. Merrill … Part II. Gems and gem minerals,
230 1237 1885 145 by William F. Foshag … [New York, Smithsonian institution series, inc., c1934]
232 1399 26 40 7
290 1411 43 37 p.
404 1430 9 15 l.,
447 1398 82 41 331
566 1410 43 37 p.
673 1401 86 40 col.
795 1400 161 47 front.,
994 1400 141 48 illus.,
1170 1400 55 40 74
1259 1411 62 38 pl.
1350 1400 134 49 (part
1520 1400 114 46 col.;
1672 1399 109 39 incl.
1818 1402 162 45 ports.,
2018 1408 125 41 map,

161 1455 1667 50 diagr.) on 58 l. 24 cm . (Smithsonian scientific series, v. 3)
233 1525 118 40 Part
393 1526 52 40 of
487 1526 80 40 the
609 1526 156 48 plates
808 1526 338 48 accompanied
1190 1526 59 48 by
1292 1526 152 49 guard
1488 1526 160 40 sheets
1691 1526 118 39 with
1853 1524 289 50 descriptive

162 1582 292 49 letterpress.

234 1638 344 48 Bibliography
604 1640 53 37 at
682 1638 91 40 end
800 1638 52 39 of
876 1638 118 40 each
1020 1640 125 46 part.

163 1704 53 53 ©
243 1709 115 38 Nov.
389 1707 69 46 26,
486 1706 138 46 1934;
655 1707 68 39 2c.
753 1707 108 39 Jan.
890 1705 70 47 28,
990 1705 139 48 1935;
1162 1705 79 41 aff.
1274 1707 121 39 Mar.
1424 1706 81 46 16;
1539 1707 40 39 A
1609 1706 169 47 81566;
1814 1703 330 43 Smithsonian

231 1764 279 40 institution
544 1763 165 44 series,
748 1763 88 39 inc.
899 1762 281 49 [Copyright
1217 1764 42 39 is
1295 1762 202 40 claimed
1535 1774 57 29 on
1634 1762 246 41 additions
1916 1763 95 39 and
231 1771 1897 98 corrections]
524 1818 250 49 (35-6390)

166 1921 239 65 Morley,
438 1922 386 63 Christopher
854 1921 370 66 Darlington,
1256 1928 169 50 1890-

235 2000 185 52 Hasta
459 2000 52 50 la
550 1998 172 66 vista;
762 2018 82 46 or,
877 1999 54 51 A
969 1999 262 66 postcard
1270 1998 151 53 from
1456 2000 168 64 Peru,
1659 1999 76 67 by
1772 1997 374 68 Christopher

164 2077 236 67 Morley.
474 2075 229 53 Garden
739 2075 150 69 City,
923 2076 69 53 N.
1029 2075 88 64 Y.,
1151 2075 353 69 Doubleday,
1539 2076 195 52 Doran
1771 2078 46 50 &
1849 2092 297 52 company,

166 2154 123 66 inc.,
329 2156 149 51 1935.

236 2240 86 40 viii
349 2252 57 37 p.,
434 2241 24 38 1
523 2271 9 15 l.,
562 2239 85 41 268
677 2251 42 37 p.
779 2240 147 40 front.
954 2239 159 47 (map)
1181 2239 56 41 20
1239 2242 44 22 cm
1288 2271 9 9 .

236 2311 72 38 An
339 2310 229 39 informal
598 2311 204 39 account
830 2309 50 39 of
909 2320 62 29 an
999 2319 144 31 ocean
1176 2309 97 49 trip
1302 2313 49 37 to
1379 2310 124 40 Peru
1533 2321 59 28 on
1625 2311 80 39 the
1736 2310 147 39 Santa
1921 2309 167 42 Maria.

239 2366 160 40 “First
428 2364 224 42 edition.”

238 2419 268 50 Originally
540 2421 253 48 published
830 2421 46 39 in
915 2421 156 40 issues
1105 2421 52 40 of
1191 2422 80 39 the
1310 2423 243 47 Saturday
1591 2421 175 41 review
1803 2422 51 40 of
1890 2422 255 41 literature

170 2478 122 40 from
321 2478 275 48 September
621 2478 39 47 8,
687 2477 112 41 1934
826 2482 46 36 to
899 2478 248 48 February
1171 2479 71 46 23,
1268 2479 127 41 1935.

165 2543 54 54 ©
253 2549 112 47 Apr.
402 2547 69 48 19,
508 2547 138 47 1935;
684 2548 66 40 2c.
789 2549 93 39 and
919 2548 82 41 aff.
1038 2548 113 48 Apr.
1188 2549 82 46 27;
1309 2550 38 38 A
1385 2549 168 46 82783;
1595 2549 315 49 Christopher
1948 2551 199 47 Morley,

235 2604 194 48 Roslyn,
459 2605 48 39 L.
539 2606 52 47 I.,
621 2605 54 41 N.
704 2605 53 39 Y.
827 2604 249 49 (35-6365)

166 2706 192 64 Munz,
386 2708 191 65 Philip
607 2707 350 65 Alexander,
991 2714 169 48 1892-

231 2781 52 52 A
306 2783 227 52 manual
555 2782 64 53 of
641 2781 282 56 Southern
949 2782 324 55 California
1294 2783 230 69 botany,
1548 2784 73 69 by
1646 2784 200 68 Philip
1871 2785 70 52 A.
1968 2784 174 53 Munz

223 2859 1923 71 … Claremont, Calif., Claremont colleges, Scripps publishing
167 2934 171 68 fund;
383 2935 114 55 San
539 2937 320 68 Francisco,
900 2936 195 69 Calif,,
1134 2937 55 55 J.
1230 2937 91 56 W.
1364 2936 222 71 Stacey,
1625 2938 126 68 inc.,
1790 2937 357 68 distributor,

164 3015 147 51 1935.

231 3085 166 45 xxxix,
425 3084 85 41 642
537 3095 44 38 p.
641 3085 127 41 illus.
826 3085 55 40 22
885 3088 43 22 cm
933 3118 10 10 .

234 3154 372 49 “Bibliography
629 3156 53 40 of
704 3166 129 31 more
857 3156 264 48 important
1145 3156 297 42 references”
1460 3168 10 30 ;
1498 3168 43 38 p.
1566 3158 170 41 xxviii.

168 3221 53 53 ©
247 3227 112 46 Apr.
388 3227 41 46 5,
457 3227 138 46 1935;
626 3228 65 39 2c.
723 3228 112 48 Apr.
862 3227 82 47 22;
977 3229 82 39 aff.
1091 3229 112 48 Apr.
1232 3229 83 46 20;
1348 3230 43 39 A
1417 3230 169 46 82583;
1621 3230 278 41 Claremont
1927 3232 217 47 colleges,

237 3281 288 49 Claremont,
555 3284 143 40 Calif.
767 3284 249 47 (35-6405)

169 3381 142 55 New
348 3386 208 63 Jersey
592 3386 201 66 digest,
831 3388 322 61 annotated,
1190 3386 266 68 covering
1491 3390 75 52 all
1603 3408 149 34 cases
1789 3391 260 67 reported
2083 3390 58 52 in

238 3461 134 53 New
419 3464 197 66 Jersey
661 3467 217 64 reports
923 3465 107 52 and
1080 3466 256 52 Atlantic
1381 3472 269 61 reporter.
1731 3468 217 66 March,
1997 3471 148 63 1935,

239 3538 1881 135 cumulative pamphlet … with table of cases digested. Newark,
391 3618 183 65 Soney
606 3620 42 48 &
684 3618 144 67 Sage
861 3637 303 49 company;
1203 3620 82 53 St.
1321 3622 161 64 Paul,
1513 3624 158 52 West
1704 3622 329 67 publishing
2064 3642 77 34 co.

260 3697 152 47 [ c 1935]
239 3779 54 39 82
322 3791 40 37 p.
423 3780 55 38 24
481 3782 15 21 cm
530 3811 8 9 .

172 3843 52 52 ©
257 3849 119 39 Mar.
408 3850 39 45 8,
482 3849 138 46 1935;
653 3849 65 40 2c.
754 3851 93 39 and
880 3850 82 41 aff.
995 3851 111 47 Apr.
1139 3851 83 46 26;
1259 3853 38 38 A
1329 3852 135 40 82741
1487 3863 10 35 ;
1534 3853 153 48 Soney
1722 3854 36 40 &
1793 3854 120 47 Sage
1945 3862 68 32 co.
2047 3855 97 39 and

241 3905 124 39 West
396 3906 105 42 pub.
528 3915 67 30 co.
