2424 4375
1024 4046 101 54 377

100 448 255 65 Aakjær,
385 449 200 64 Jeppe,
617 452 323 51 1866-1930.

100 522 1959 148 … Efterladte erindringer; fra tiden omkring aarhundredskiftet og fremefter. København, Gyldendal, 1934.
169 674 84 41 219
284 684 42 37 p.
385 673 163 48 front.,
580 675 170 46 plates,
783 675 149 46 ports.
991 673 55 40 23
1049 675 43 22 cm
1098 705 9 8 .

170 730 234 49 “Udgivet
430 731 55 39 af
515 730 153 48 Georg
699 729 211 42 Saxild.”

170 787 239 40 Preceded
447 788 61 47 by
547 786 95 41 Fra
681 786 101 40 min
820 786 120 41 bitte
980 787 85 46 tid,
1105 788 283 47 Drengeaar
1426 797 59 38 og
1523 786 288 47 knøsekaar,
1852 787 94 39 and

100 787 1983 98 Førdet
209 846 160 46 dages.

170 900 449 49 “Anmærkninger”;
681 912 43 37 p.
772 900 233 51 [209]-219.

97 970 1852 53 © Sept. 8, 1934; 1c. Jan. 8, 1935; A-Foreign 26607; Gyldendalske
162 973 1905 104 boghandel,
382 1028 212 42 Nordisk
627 1029 176 49 forlag.
872 1027 250 50 (35-4865)

99 1128 1980 72 American art annual … Volume 31. For the year 1934.
162 1208 1913 69 Washington, D. C., The American federation of arts [ c 1935]
163 1283 85 40 528
273 1294 42 37 p.
371 1282 55 41 23
428 1285 46 21 cm
479 1314 9 9 .

95 1350 50 53 ©
170 1354 110 48 Apr.
307 1353 69 48 23,
403 1352 116 42 1935;
570 1353 66 41 2c.
664 1354 114 47 Apr.
806 1353 56 39 24;
918 1352 82 41 aff.
1029 1353 117 48 May
1168 1353 26 40 3;
1252 1352 40 40 A
1320 1351 143 42 81692;
1520 1352 258 41 American
1805 1352 277 41 federation

162 1411 52 40 of
238 1412 117 39 arts.

94 1511 309 55 American
441 1513 361 68 bankruptcy
839 1517 236 64 reports.
1149 1514 139 53 New
1324 1512 187 69 series,
1548 1511 149 55 cited
1732 1512 132 54 Am.
1902 1515 67 51 B.
2009 1514 68 52 R.

172 1591 94 65 (N.
303 1591 84 67 S.)
430 1591 297 67 reporting
757 1592 95 52 the
877 1591 364 67 bankruptcy
1270 1590 276 54 decisions
1578 1591 113 51 and
1723 1591 262 67 opinions
2017 1593 61 50 in

161 1668 95 53 the
281 1669 218 53 United
525 1670 188 54 States
740 1669 63 52 of
830 1669 96 52 the
952 1667 220 55 federal
1200 1673 205 65 courts,
1433 1673 146 49 state
1605 1673 188 47 courts
1823 1669 112 52 and
162 1668 1892 130 referees

332 1746 59 52 in
416 1746 376 68 bankruptcy.
855 1746 212 53 Edited
1091 1746 75 68 by
1192 1746 153 52 Fred
1370 1748 68 51 E.
1465 1745 311 54 Rosbrook.
1837 1747 128 53 Vol.
1993 1746 83 54 27.

160 1823 245 69 Albany,
440 1824 69 53 N.
547 1826 90 65 Y.,
670 1824 278 53 Matthew
984 1824 225 53 Bender
1246 1827 47 51 &
1326 1842 297 50 company,
1658 1822 419 71 incorporated,

159 1905 147 51 1935.

158 1975 95 48 xvi,
281 1976 87 40 815
392 1987 43 37 p.
492 1975 56 40 24
550 1976 44 22 cm
598 2007 9 9 .

93 2042 50 53 ©
166 2047 112 47 May
301 2047 42 46 4,
366 2045 117 41 1935;
531 2045 68 41 2c.
624 2046 96 39 and
745 2044 81 40 aff.
852 2045 113 48 May
990 2044 28 40 6;
1071 2045 41 39 A
1136 2042 143 43 82941;
1336 2045 236 40 Matthew
1598 2045 191 41 Bender
1815 2046 36 39 &
1876 2055 80 38 co.,
1985 2046 92 40 inc.

88 2163 247 66 Ashton,
366 2163 261 65 Charles,
658 2168 172 51 1884-

157 2239 233 54 Murder
414 2240 61 52 in
498 2240 286 68 make-up,
807 2241 75 67 by
908 2239 235 55 Charles
1168 2240 242 53 Ashton.
1484 2240 258 68 London,
1767 2242 49 53 I.
92 2241 1958 131 Nicholson
218 2321 111 52 and
356 2320 257 67 Watson,
640 2317 223 55 limited
896 2321 170 65 [1934]

159 2392 85 41 320
271 2401 43 38 p.
372 2392 56 40 19
430 2394 43 22 cm
478 2422 10 10 .

162 2447 159 43 “First
350 2447 224 42 edition.”

91 2501 1982 53 © 1c. Mar. 8, 1935; A ad int. 19987; pubd. Jan. 17; C. Ashton, Arkesden,
157 2574 69 29 nr.
257 2563 241 49 Newport,
531 2564 166 46 Essex,
731 2562 235 47 England.
1036 2560 250 49 (35-5473)

89 2664 369 54 Association
481 2666 64 52 of
571 2662 315 55 American
915 2661 399 56 universities.

219 2738 1852 70 … Journal of proceedings and addresses of the thirty-sixth
93 2820 203 51 annual
326 2818 346 66 conference,
700 2818 135 52 held
860 2823 58 47 at
944 2817 98 54 the
1069 2816 336 67 University
1434 2816 63 53 of
1527 2817 270 67 Chicago,
1827 2816 244 55 October

92 2897 81 64 25,
195 2898 82 64 26,
298 2894 258 69 27, 1934.
619 2894 267 68 Chicago,
909 2896 113 65 Ill.,
1046 2895 122 53 The
1190 2894 337 67 University
1550 2893 65 54 of
1638 2894 252 68 Chicago
1914 2914 155 48 press

95 2976 185 63 [ c1 935]
158 3046 83 39 152
267 3057 42 37 p.
365 3046 56 39 24
424 3048 43 22 cm
472 3078 9 8 .

90 3097 50 53 ©
167 3102 108 41 Feb.
302 3102 70 48 28,
399 3102 116 41 1935;
569 3101 66 41 2c.
666 3103 121 38 Mar.
814 3100 56 39 21;
928 3100 83 41 aff.
1040 3101 121 39 Mar.
1190 3100 60 40 18;
1305 3100 40 39 A
1372 3099 143 41 81101;
1574 3099 282 49 University
1883 3100 54 40 of
156 3101 1900 106 Chicago,
313 3157 222 50 Chicago.

89 3256 215 68 Baillie,
332 3259 336 55 Alexander
693 3261 226 63 Stuart,
950 3264 171 50 1884-

157 3338 116 52 The
299 3357 164 35 seven
487 3338 111 54 last
624 3338 202 65 words,
852 3337 75 68 by
953 3338 70 52 A.
1054 3336 55 55 S.
1139 3335 209 55 Baillie;
1407 3335 389 54 introduction
1824 3337 73 67 by
90 3338 1954 129 Willard
237 3418 65 49 E.

332 3414 1452 67 Shelton. St. Louis, The Bethany press [ c 1935]
155 3486 58 41 96
236 3499 43 37 p.
335 3489 58 40 18½
422 3490 42 21 cm
469 3519 8 8 .

91 3538 50 53 ©
169 3545 119 39 Mar.
319 3545 68 46 13,
417 3542 113 42 1935;
589 3542 67 41 2c.
688 3544 97 39 and
815 3541 79 40 aff.
928 3543 121 38 Mar.
1081 3541 82 47 22;
1197 3541 43 40 A
1268 3540 168 48 82112;
1471 3542 223 47 Bethany
1725 3553 135 37 press

164 3599 246 49 (35-4772)

88 3696 233 69 Barton,
348 3702 235 54 Samuel
610 3699 294 64 Goodwin,
934 3705 169 51 1882-

159 3773 1908 71 A guide to the constellations, by Samuel G. Barton … and
93 3849 1978 73 Wm. H. Barton, jr. … New York, London, Whittlesey house,
92 3926 1275 72 McGraw-Hill book company, inc. [ c 1935]
