2526 4384
1133 4037 100 49 293

227 507 114 41 1402
368 519 43 37 p.
467 506 59 41 26½
555 508 45 22 cm
604 537 9 8 .

162 574 53 52 ©
243 579 120 38 Mar.
392 576 70 48 21,
491 575 113 41 1935
622 585 9 36 ;
662 574 68 41 2c.
760 573 96 41 and
885 573 82 40 aff.
1000 573 121 39 Mar.
1152 572 83 47 25;
1267 572 41 39 A
1338 570 170 48 82123;
1541 571 159 41 Amer.
1733 571 204 40 medical
1969 582 128 29 assn.

160 696 154 63 Rice,
342 693 244 55 Francis
615 694 195 63 Owen,
841 697 172 51 1890-

227 764 1863 73 The aliphatic free radicals, by F. O. Rice and K. K. Rice …
162 847 134 54 with
320 867 32 34 a
377 846 284 53 foreword
685 845 77 69 by
785 845 66 53 F.
877 845 72 53 A.
975 844 239 55 Paneth.
1275 843 336 69 Baltimore,
1635 844 125 53 The
1781 844 185 55 Johns
158 844 1970 135 Hopkins
314 942 173 52 press,
517 927 151 50 1935.

228 996 85 42 204
340 1008 44 38 p.
442 997 143 46 illus.,
617 996 179 47 diagrs.
855 995 147 41 23½cm.

229 1053 411 49 Bibliographical
669 1052 276 41 foot-notes.

165 1123 53 54 ©
247 1128 108 40 Jan.
386 1126 69 47 24,
485 1124 142 49 1935;
659 1125 68 41 2c.
760 1126 96 39 and
889 1124 80 40 aff.
1002 1124 111 40 Feb.
1144 1124 53 47 2;
1232 1124 41 39 A
1304 1124 143 40 80323
1448 1133 3 20 1
1465 1134 9 37 ;
1509 1124 154 41 Johns
1696 1123 222 50 Hopkins
1952 1136 150 37 press.

243 1182 249 50 (35-3656)

162 1285 305 66 Richards,
495 1288 138 52 Mrs.
664 1287 197 53 Laura
891 1284 306 55 Elizabeth
1224 1286 242 65 (Howe)
1501 1291 173 51 1850-

236 1364 228 56 Samuel
492 1364 242 68 Gridley
762 1363 199 69 Howe,
990 1364 76 68 by
1091 1363 89 55 his
1209 1363 300 68 daughter,
1537 1363 192 55 Laura
1758 1364 71 54 E.
1856 1364 302 56 Richards.

166 1441 137 55 New
352 1442 178 67 York,
579 1441 258 67 London,
883 1442 74 53 D.
1004 1441 581 68 Appleton-Century
1632 1460 297 50 company,
167 1444 1967 144 incorporated,
455 1523 153 50 1935.

235 1590 1136 51 6 p. l. , 283 p. front., plates, ports. 22½ cm .
169 1658 53 54 ©
246 1663 111 40 Feb.
384 1662 69 48 27,
482 1661 140 48 1935;
651 1661 68 41 2c.
748 1663 121 39 Mar.
897 1661 26 39 2
942 1672 9 36 ;
982 1660 83 42 aff.
1094 1662 120 40 Mar.
1243 1662 55 46 4;
1329 1662 44 39 A
1398 1661 169 48 80770;
1599 1663 57 39 D.
1685 1663 477 49 Appleton-Century

237 1730 81 37 co.,
347 1719 91 41 inc.
507 1719 251 49 (35-3610)

168 1826 257 65 Rodney,
454 1826 225 64 George
709 1826 290 65 Brydges,
1030 1826 172 55 1872-

236 1900 212 64 Coyote
483 1919 289 45 currency,
804 1901 76 63 by
914 1900 221 64 George
1171 1902 68 53 B.
1276 1901 256 63 Rodney.
1604 1902 139 53 New
1778 1903 181 60 York,
1998 1904 67 53 E.
2102 1903 58 55 J.

169 1977 557 70 Clode, inc. [ c 1935]
235 2049 87 43 256
349 2063 45 37 p.
453 2051 56 41 19½
541 2054 45 22 cm
590 2083 9 9 .

174 2105 53 54 ©
256 2110 108 40 Jan.
396 2110 70 48 25,
497 2110 141 46 1935;
671 2110 66 40 2c.
772 2111 120 38 Mar.
927 2111 53 46 7;
1014 2109 81 41 aff.
1130 2111 121 39 Mar.
1285 2110 82 47 14;
1401 2111 41 39 A
1475 2111 170 47 80941;
1682 2113 212 39 Edward
1927 2114 44 39 J.
2004 2114 160 48 Clode,

239 2167 90 41 inc.
399 2167 249 49 (35-3667)

173 2270 356 67 Rupprecht,
558 2271 352 64 Ferdinand,
941 2277 171 51 1861-

248 2348 163 55 Bible
450 2350 220 67 history
712 2348 340 68 references;
1093 2350 377 68 explanatory
1508 2357 159 49 notes
1706 2371 72 34 on
1817 2355 96 51 the
1953 2355 211 53 lessons

178 2424 290 57 embodied
506 2427 60 53 in
599 2429 95 52 the
732 2428 513 66 “Comprehensive
1280 2428 164 53 Bible
1482 2428 221 69 history
1741 2430 93 53 for
1872 2433 287 52 Lutheran

177 2505 1989 61 schools” … V. l. Old Testament stories. Rev. and enl. With
178 2600 157 51 maps
379 2585 111 51 and
531 2584 396 53 illustrations.
1006 2585 92 66 By
1136 2586 65 51 F.
1244 2586 353 66 Rupprecht.
1677 2587 82 56 St.
1799 2588 192 67 Louis,
2032 2591 134 66 Mo.,

181 2658 311 55 Concordia
523 2661 336 67 publishing
886 2662 190 66 house,
1107 2665 147 50 1934.

244 2734 64 46 ix,
335 2734 89 40 460
448 2745 43 37 p.
546 2734 142 47 illus.,
718 2744 151 38 maps,
896 2734 179 48 diagrs.
1131 2733 59 40 19½
1219 2736 44 21 cm
1268 2766 9 8 .

250 2790 151 41 Third
431 2790 196 41 edition.

181 2856 51 53 ©
266 2862 108 39 Jan.
409 2860 69 49 22,
515 2859 141 48 1935;
694 2860 67 40 2c.
798 2861 109 39 Jan.
941 2860 84 47 24;
1065 2859 79 41 aff.
1185 2862 122 39 Mar.
1342 2861 83 47 25;
1464 2862 41 39 A
1542 2862 170 49 80199;
1753 2864 267 42 Concordia
2059 2867 108 48 pub.

246 2918 161 40 house.
478 2917 249 49 (35-2678)

179 3015 172 67 Sand,
381 3019 244 63 George,
650 3017 194 67 pseud,
874 3017 63 67 of
960 3020 168 51 Mme.
1158 3018 334 65 Dudevant,
1522 3023 326 54 1804-1876.

250 3092 264 70 Indiana,
551 3096 74 66 by
663 3094 219 68 George
922 3094 184 68 Sand;
1148 3094 137 55 with
1324 3113 72 34 an
1434 3096 387 54 introduction
1862 3101 112 52 and
2010 3107 156 48 notes

183 3171 1960 75 by Hermann H. Thornton … New York, San Francisco [etc.]
186 3249 763 69 C. Scribner’s sons [ c 1935]
254 3323 149 48 xxvii,
422 3322 85 42 325
525 3333 43 37 p.
644 3324 26 39 17½
702 3325 44 21 cm
751 3354 8 8 .
841 3323 275 47 (Half-title:
1131 3322 100 40 The
1249 3324 198 39 modern
1464 3324 239 41 student’s
1719 3325 199 50 library.
1968 3329 201 49 [French

188 3378 189 52 series])

257 3437 124 41 Text
408 3437 50 40 in
489 3437 200 40 French.

258 3491 245 43 “Selected
533 3491 363 48 bibliography”
915 3503 9 28 :
959 3503 43 37 p.
1034 3491 296 41 xxvi-xxvii.

187 3545 51 53 ©
267 3551 109 40 Feb.
408 3551 69 47 20,
508 3550 116 40 1935
639 3561 9 35 ;
681 3551 67 39 2c.
781 3551 121 38 Mar.
934 3550 25 38 1
977 3560 9 36 ;
1022 3549 81 40 aff.
1136 3550 108 39 Feb.
1277 3549 56 39 21
1350 3561 10 36 ;
1392 3550 43 40 A
1464 3551 143 41 80835
1625 3562 10 36 ;
1670 3553 201 43 Charles
1907 3556 266 45 Scribner’s

254 3617 122 30 sons.
440 3606 282 50 [Copyright
745 3605 44 41 is
815 3605 203 41 claimed
1046 3616 60 29 on
1134 3605 330 42 introduction
1491 3609 95 39 and
1614 3611 136 39 notes]

265 3663 246 48 (35-3680)

187 3764 312 68 Saunders,
526 3768 220 52 Aretas
771 3764 306 67 Andrews,
1106 3770 171 50 1884-

255 3842 53 52 A
348 3843 169 68 guide
557 3847 58 47 to
654 3841 132 52 bird
825 3858 196 50 songs;
1065 3839 375 69 descriptions
1480 3843 113 53 and
1636 3844 290 70 diagrams
1969 3852 64 52 of
2073 3854 96 53 the

188 3936 164 52 songs
394 3920 112 52 and
547 3918 231 69 singing
819 3917 189 53 habits
1050 3916 65 53 of
1153 3917 97 53 the
1292 3918 137 53 land
1472 3918 158 56 birds
1672 3922 65 53 of
1776 3927 392 57 northeastern
