2424 4375
1271 4099 134 49 1194

341 470 315 65 Atkinson,
686 473 139 52 Mrs.
854 471 205 63 Agnes
1086 470 177 56 Akin.

411 546 246 68 Blinky;
686 564 31 34 a
742 546 321 69 biography
1089 547 64 52 of
1178 565 31 33 a
1235 545 257 70 ringtail,
1518 547 75 69 by
1616 548 195 67 Agnes
1835 547 158 53 Akin
2017 547 312 68 Atkinson;

343 624 139 54 with
541 622 378 55 illustrations
974 623 155 54 from
1185 624 393 69 photographs
1633 623 65 55 of
1752 624 267 69 ringtails
2074 625 58 52 in
2187 624 144 55 their

337 702 193 54 native
550 702 224 53 habitat
794 701 75 69 by
891 700 248 69 Spencer
1161 702 68 52 R.
1252 700 306 55 Atkinson.
1616 702 137 53 New
1775 701 181 68 York,
1978 703 121 52 The
2118 700 217 70 Viking

342 799 174 50 press,
555 783 152 50 1935.

415 866 992 51 ix, [1] p., 2 l., 3-100 p. illus. 23½cm.
349 934 52 52 ©
429 937 127 48 Sept.
582 937 38 47 6,
648 936 113 41 1935;
814 936 65 40 2c.
906 937 127 47 Sept.
1058 937 25 39 6;
1139 936 81 40 aff.
1250 937 127 48 Sept.
1405 938 24 39 7;
1485 937 40 39 A
1551 938 142 40 85842;
1749 938 55 40 A.
1832 938 54 40 A.
1913 936 253 48 Atkinson,
421 938 1892 95 Pasadena.
629 992 278 50 (35-15159)

350 1097 288 54 L’Azione
668 1098 295 55 coloniale.

349 1174 1985 147 … Che cosa è l’Africa orientale? (Eritrea—Abissinia—Somalia) Roma [Editrice “L’Azione coloniale”] 1935.
420 1324 1348 51 1 p. l. , 5-66, [2] p. illus., plates, fold. map. 31 cm .
695 1406 60 5 CONTENTS.—
758 1382 147 41 Unità
942 1382 267 49 geografica
1246 1382 108 40 dell’
1373 1382 168 40 Africa
1576 1382 250 41 orientale.
1827 1405 59 6 —
1891 1382 148 41 Unità
2074 1384 57 38 ed

350 1382 1967 98 importanza
532 1439 273 41 economica
847 1439 108 41 dell’
974 1438 165 42 Africa
1185 1440 249 39 orientale.
1437 1463 57 4 —
1498 1440 67 39 La
1608 1440 316 40 costituzione
1965 1439 196 49 politica
2203 1450 24 30 e
348 1450 1969 87 sociale
521 1506 87 30 con
657 1496 292 47 particolare
1003 1496 229 49 riguardo
1283 1497 79 40 all*
1382 1496 321 42 Abissinia.—
1706 1497 64 40 Le
1821 1497 136 40 forze
2005 1500 187 37 armate

368 1498 1948 71 dell’
397 1553 168 41 Africa
599 1554 249 40 orientale.

351 1621 1985 51 © May 15. 1935; 1c. July 2; A-Foreign 28375; Editrice “L’Azione
417 1681 278 40 coloniale".
766 1680 278 48 (35-15015)

343 1783 223 65 Bailey,
595 1784 254 63 Temple.

414 1859 141 54 Fair
593 1879 59 34 as
690 1858 96 54 the
822 1876 167 36 moon
1050 1859 75 69 [by]
1186 1860 236 67 Temple
1460 1857 220 71 Bailey.
1754 1855 424 71 Philadelphia,
2216 1858 115 53 The

344 1937 1056 69 Penn publishing company [ c 1935]
415 2012 88 41 315
534 2023 41 38 p.
635 2011 58 41 20c
711 2014 27 21 m
742 2043 11 10 .

350 2078 52 52 ©
426 2082 117 47 Aug.
569 2081 68 47 29,
661 2079 139 46 1935;
827 2081 66 40 2c.
918 2082 95 39 and
1039 2081 83 39 aff.
1152 2081 126 47 Sept.
1305 2081 53 38 11;
1414 2081 40 38 A
1480 2080 169 47 85850;
1678 2081 52 39 T.
1757 2079 184 49 Bailey,
1968 2080 216 40 Atlantic
2212 2079 118 48 City.

429 2138 279 48 (35-15158)

346 2238 210 66 Beard,
587 2240 244 54 Charles
856 2240 238 63 Austin,
1124 2240 171 55 1874-

419 2316 92 52 An
533 2316 282 54 economic
838 2315 436 68 interpretation
1298 2314 63 52 of
1384 2314 93 53 the
1504 2312 384 56 Constitution
1914 2312 63 54 of
2002 2314 95 52 the
2120 2311 212 57 United

349 2392 205 68 States,
597 2392 75 69 by
720 2391 234 56 Charles
996 2392 70 52 A.
1114 2391 206 69 Beard,
1364 2392 138 53 with
1550 2410 120 36 new
1715 2391 403 55 introduction.
2197 2391 133 54 New

350 2470 176 67 York,
552 2470 122 52 The
697 2469 331 54 Macmillan
1054 2486 294 51 company,
1377 2471 151 51 1935.

416 2544 99 49 xxi,
539 2544 90 41 330
652 2555 43 37 p.
751 2543 56 39 22
810 2546 44 21 cm
859 2576 8 7 .

351 2611 52 52 ©
436 2614 118 48 Aug.
584 2614 69 47 27,
685 2613 138 47 1935;
858 2613 66 40 2c.
956 2615 94 38 and
1079 2613 83 40 aff.
1192 2614 119 46 Aug.
1342 2612 82 47 28;
1459 2613 41 38 A
1530 2612 168 48 85648;
1733 2612 284 41 Macmillan
2044 2623 66 31 co.
423 2613 1893 106 [Copyright
581 2670 47 41 is
652 2670 203 41 claimed
883 2681 62 29 on
968 2681 108 29 new
1103 2672 194 47 matter]
1370 2669 278 48 (35-15006)

346 2772 261 66 Benoist,
640 2773 260 64 Charles,
931 2778 170 49 1861-

481 2847 1457 68 … La monarchie française. Paris, Dunod [1935]
425 2922 26 38 2
485 2932 41 29 y.
590 2920 130 41 illus.
748 2921 182 48 (maps)
975 2921 181 47 geneal.
1193 2920 169 41 tables.
1425 2920 57 40 39
1483 2922 44 21 cm
1532 2952 8 9 .
1615 2918 287 50 (Collection
1939 2919 118 41 “Les
350 2921 1963 104 constructeurs”)

422 3033 161 48 Paged
611 3032 352 46 continuously.

698 3113 59 4 CONTENTS.—
758 3085 124 45 livre
916 3088 41 42 1.
987 3089 215 40 L’œuvre
1234 3089 173 47 royale.
1411 3112 58 5 —
1470 3085 126 44 livre
1627 3088 42 42 2.
1699 3088 238 49 Quelques
1968 3089 111 41 rois.

351 3157 1735 52 © Mar. 23, 1935; 1c. each June 12; A- Foreign 28229; Dunod.
431 3216 279 48 (35-14823)

351 3319 206 64 Berry,
585 3320 170 52 Mark
783 3321 73 54 H.

421 3396 161 53 Your
612 3396 276 68 physique
917 3398 112 52 and
1057 3396 73 55 its
1160 3397 233 68 culture,
1421 3397 75 67 by
1524 3396 171 54 Mark
1722 3397 77 52 H.
1829 3398 183 65 Berry;
2072 3415 72 34 an
350 3396 1955 130 innovation
565 3471 59 55 in
649 3474 275 68 physique
948 3472 216 54 culture:
1219 3472 323 69 embracing
1566 3492 71 34 an
1660 3474 390 67 unparalleled
349 3491 1954 111 accumulation
569 3550 65 54 of
677 3549 451 69 fundamentals;
1175 3551 286 67 pertinent
1502 3550 334 68 specialized
1879 3550 338 54 discussions
2259 3568 66 35 on

348 3626 1955 222 essentials with explicit regard to the potentialities and requirements of the reader. Philadelphia, Pa., Milo publishing company [ c 1935]
420 3852 1179 49 3 p. l. , 349 p. incl. plates (1 double) 19½ cm .
422 3908 116 40 Milo
567 3909 86 40 bar
680 3909 90 40 bell
802 3911 192 45 system,
1023 3910 216 46 stamped
1270 3918 57 31 on
1360 3913 95 43 t.-p.

353 3974 52 52 ©
441 3979 111 46 July
581 3979 69 46 27,
683 3978 114 41 1935;
857 3979 66 40 2c.
956 3980 94 38 and
1083 3979 82 39 aff.
1200 3979 118 47 Aug.
1351 3979 53 39 12;
1466 3980 41 38 A
1539 3978 142 41 85452;
1741 3979 116 39 Milo
1890 3979 87 38 bar
2009 3977 92 40 bell
2133 3978 190 45 system,

421 4035 349 49 Philadelphia.
842 4035 276 47 (35-15269)
