2424 4375
1069 4069 62 51 667

125 460 200 65 Carey,
357 460 244 55 Charles
627 461 221 63 Henry,
880 459 171 55 1857-

193 538 52 51 A
278 536 227 68 general
541 534 221 69 history
798 535 64 51 of
897 535 229 67 Oregon
1165 533 157 68 prior
1358 541 58 46 to
1456 537 152 63 1861,
1643 533 75 68 by
1756 533 235 54 Charles
2026 534 75 51 H.

122 613 1978 68 Carey … Volume l. Portland, Or., Metropolitan press, 1935.
189 690 27 37 4
237 698 42 37 p.
342 719 7 15 l.,
373 687 88 39 416
483 699 42 36 p.
578 686 166 47 front.,
770 688 170 46 plates,
964 688 164 46 ports.,
1154 696 152 37 maps,
1332 686 190 40 facsim.
1576 686 57 38 24
1634 688 44 20 cm
1684 716 8 9 .

195 746 134 45 Maps
359 754 58 30 on
447 742 360 49 lining-papers.

195 800 237 47 “Chapter
456 801 136 38 notes
617 800 93 39 and
734 796 299 43 references”:
1089 799 91 39 vol.
1225 829 8 11 I.
1258 809 42 37 p.
1329 797 247 50 [407]-416.

124 854 50 53 ©
200 858 110 46 May
337 856 39 47 9,
407 855 140 47 1935;
576 855 67 40 2c.
673 857 115 46 May
813 855 80 46 16;
924 851 82 45 aff
1035 856 114 46 May
1177 854 82 47 15;
1287 855 43 38 A
1356 854 169 47 83126;
1559 855 49 40 C.
1639 855 60 39 H.
1730 854 169 48 Carey,
1931 855 173 47 Salem,

191 914 75 41 Or.
337 912 249 50 (35-7209)

125 1012 253 66 Carlisle,
409 1015 225 53 Donald
664 1014 352 64 Thompson,
1049 1020 172 49 1894-

186 1091 117 52 The
334 1090 298 53 Belvidere
663 1091 238 67 hounds,
929 1090 76 69 by
1034 1091 72 52 D.
1139 1091 64 52 T.
1238 1090 269 67 Carlisle;
1540 1088 141 54 with
1714 1089 283 54 foreword
2026 1090 75 69 by

121 1167 246 54 Richard
407 1168 65 53 E.
514 1168 330 68 Danielson,
938 1212 9 10 M.
1028 1212 10 9 F.
1132 1211 9 10 H.
1217 1168 138 52 New
1399 1168 180 67 York,
1620 1168 121 53 The
1783 1168 188 68 Derry
1976 1168 125 52 dale

123 1262 164 50 press,
315 1248 149 50 1935.

190 1318 1065 51 4 p. l., [97] p. of illus. front. 31 × 24 cm .
194 1375 1914 51 “Twelve hundred and fifty copies … have been printed.” This copy
125 1435 81 39 not
233 1434 274 40 numbered.

194 1490 39 39 A
262 1489 250 42 collection
545 1490 51 40 of
630 1490 243 48 drawings
906 1489 157 41 which
1099 1489 258 48 originally
1392 1490 243 48 appeared
1668 1489 48 39 in
1753 1490 154 40 issues
1940 1490 53 41 of
2030 1492 77 38 the

127 1546 289 49 Sportsman,
473 1547 60 47 cf.
565 1547 273 40 Foreword.

128 1600 49 52 ©
199 1605 108 46 Apr.
331 1604 67 41 22,
425 1603 139 47 1935;
591 1605 65 38 2c.
682 1605 112 46 Apr.
817 1604 82 46 25;
927 1603 80 39 aff
1033 1604 113 46 Apr.
1171 1603 53 40 23;
1280 1604 40 38 A
1345 1602 170 47 81589;
1542 1604 269 46 Derrydaie
1839 1612 150 39 press,
2017 1604 88 39 inc.

204 1660 245 49 (35-7262)

129 1761 155 64 Carr,
313 1763 253 53 Howard
595 1763 237 55 Ernest.

268 1838 301 67 Washington
623 1840 237 66 college;
915 1859 33 33 a
998 1840 172 66 study
1223 1839 63 53 of
1339 1858 71 34 an
1465 1843 241 61 attempt
1760 1843 58 49 to
1870 1838 237 67 provide

130 1913 193 68 higher
373 1916 297 53 education
718 1917 61 51 in
828 1921 219 49 eastern
1094 1918 326 63 Tennessee,
1469 1917 75 64 by
1594 1916 256 52 Howard
1900 1916 208 52 Ernest

130 1990 1745 70 Carr … Knoxville, Tenn., S. B. Newman & co. [ c 1935]
194 2062 79 49 vii,
300 2065 83 40 282
410 2077 42 37 p.
507 2065 127 41 illus.
664 2065 131 48 (incl.
821 2076 124 38 map,
973 2065 214 48 facsim.)
1251 2066 146 40 23½cm.

197 2119 140 43 “This
368 2123 144 46 study
541 2132 101 30 was
671 2123 235 48 prepared
937 2132 54 30 as
1021 2133 25 29 a
1080 2122 153 41 thesis
1263 2124 52 38 at
1346 2122 139 40 Duke
1516 2121 506 48 university.”—Tref.

197 2176 368 51 Bibliography:
597 2189 42 37 p.
669 2178 214 41 278-282.

134 2230 49 53 ©
216 2237 113 47 May
362 2236 39 49 6,
434 2236 140 46 1935;
610 2236 67 39 2c.
712 2236 95 40 and
841 2235 81 40 aff.
956 2236 115 46 May
1103 2234 54 48 9;
1192 2235 40 39 A
1266 2235 169 46 81747;
1474 2237 57 37 H.
1571 2237 53 38 E.
1659 2236 136 46 Carr,
1830 2237 280 47 Jonesboro,

198 2292 142 40 Tenn.
410 2292 249 48 (35-7333)

133 2391 198 66 Cason,
360 2394 292 65 Clarence,
683 2400 322 49 1896-1935.

196 2471 91 50 90°
322 2470 60 52 in
416 2471 93 51 the
541 2471 190 67 shade,
765 2471 75 67 by
875 2469 269 55 Clarence
1181 2469 212 67 Cason;
1430 2469 323 53 illustrated
1786 2470 77 68 by
1898 2469 55 54 J.

131 2468 1952 131 Edward
314 2547 151 53 Rice.
539 2546 218 69 Chapel
791 2548 147 67 Hill,
974 2547 121 54 The
1131 2547 336 69 University
1504 2547 65 53 of
1606 2547 187 53 North
1835 2545 266 56 Carolina

133 2628 364 64 press [ c 1935]
199 2695 84 39 xiii
312 2707 56 36 p.,
394 2697 26 37 2
483 2730 8 13 l.,
517 2696 145 40 3-186
688 2707 43 36 p.
790 2697 162 47 front.,
980 2697 170 46 plates.
1211 2695 54 39 22
1269 2699 43 21 cm
1318 2729 8 6 .

136 2746 49 53 ©
207 2752 111 49 May
341 2754 68 46 11,
433 2754 140 47 1935;
600 2755 66 39 2c.
695 2756 115 46 May
835 2755 80 46 16;
944 2755 83 40 aff.
1052 2756 114 46 May
1193 2755 82 46 18;
1304 2755 40 38 A
1370 2754 169 47 81893;
1570 2754 284 49 University
1877 2754 53 41 of
1955 2755 155 39 North

200 2809 222 42 Carolina
451 2822 149 37 press.
670 2811 222 47 (35-7310)

137 2908 249 67 Caswell,
414 2913 186 54 Hollis
623 2914 237 65 Leland,
889 2920 171 49 1901-

203 2986 1906 73 Curriculum development [by] Hollis L. Caswell … and
141 3062 1966 74 Doak S. Campbell … New York, Cincinnati [etc.] American
139 3138 656 73 book company [ c 1935]
202 3212 111 48 xvii,
344 3214 82 40 600
455 3226 43 37 p.
527 3217 109 40 inch
665 3218 193 48 diagrs.,
888 3218 167 40 forms.
1113 3217 56 40 20½
1202 3220 44 21 cm
1251 3250 8 8 .
1329 3217 296 49 (Half-title:
1654 3218 255 41 American
139 3220 1951 87 education

260 3271 172 44 series;
463 3272 53 41 G.
543 3273 57 40 D.
631 3273 213 48 Strayer,
873 3276 194 46 general
1095 3275 181 46 editor)

205 3322 365 54 Bibliography:
601 3340 42 37 p.
673 3329 214 41 523-580.

141 3374 49 53 ©
216 3383 109 47 May
351 3386 38 45 7,
417 3384 138 48 1935;
585 3386 66 40 2c.
681 3388 95 38 and
803 3386 80 40 aff
914 3388 116 46 May
1055 3386 82 48 11;
1166 3387 40 39 A
1235 3387 169 47 81756;
1436 3387 158 40 Amer.
1624 3388 123 39 book
1774 3399 67 29 co.

214 3439 242 49 (35-7331)

140 3520 328 73 Chambers,
497 3530 320 66 Whitman,
850 3538 169 49 1896-

200 3598 1846 78 Dead men leave no fingerprints [by] Whitman Chambers …
137 3671 220 59 Garden
386 3680 93 53 City
565 3682 69 52 N.
663 3684 91 67 Y.,
781 3684 141 52 Pub.
956 3683 93 53 for
1078 3685 95 52 the
1205 3684 189 55 Crime
1428 3684 144 67 club,
1601 3685 126 68 inc.,
1757 3686 75 68 by
138 3686 1969 129 Double-clay,

282 3754 194 55 Doran
502 3761 44 50 &
571 3778 294 50 company,
892 3761 90 53 inc.,
1048 3764 149 49 1935.

203 3822 24 39 3
252 3833 41 37 p.
322 3827 14 38 l.,
392 3828 84 41 298
502 3839 42 37 p.
604 3829 56 41 20
663 3833 44 21 cm
711 3863 9 9 .

204 3877 154 45 “First
385 3884 224 40 edition.”

144 3928 49 53 ©
221 3937 110 49 May
358 3941 67 44 17,
458 3943 139 47 1935;
629 3944 68 40 2c.
729 3946 94 38 and
853 3946 81 40 aff.
967 3948 114 46 May
1111 3947 81 46 22;
1226 3948 40 38 A
1297 3948 273 47 83211;.W.
1605 3948 276 41 Chambers.
1917 3948 193 41 Stinson

209 3992 167 51 Beach,
408 3997 141 42 Calif.
620 4000 248 50 (35-7313)
