2424 4375
1181 4075 98 49 526

313 526 170 41 “Erste
511 527 75 40 bis
612 528 188 39 sechste
829 526 232 48 auflage.”

238 594 1992 53 © Sept. 6, 1934; 1c. Mar. 11, 1935; A -Foreign 27292; S. Fischer vertag,
308 666 104 37 a.-g.
483 654 250 49 (35-6223)

238 755 145 66 Gay,
414 758 220 53 Robert
665 757 286 65 Malcolm,
985 757 170 55 1879-

307 833 265 70 Reading
606 835 112 52 and
756 834 251 69 writing,
1043 854 34 34 a
1110 835 229 53 method
1377 835 112 53 and
1524 853 31 35 a
1590 838 230 51 manual
1857 835 64 53 of
238 835 1964 130 compositional

448 911 268 55 exercises
747 918 59 48 to
838 930 344 50 accompany
1211 913 95 54 the
1335 913 173 68 study
1539 913 62 53 of
1632 914 313 67 literature,
1974 913 76 68 by

240 913 1965 147 Robert M. Gay … Boston, Little, Brown, and company, 1935.
311 1062 97 47 xvi,
439 1060 88 42 268
557 1073 43 37 p.
660 1060 58 40 19½cm.

240 1117 53 53 ©
328 1122 113 47 Apr.
477 1120 70 48 10,
583 1119 141 49 1935;
763 1120 67 41 2c.
867 1123 94 38 and
998 1120 83 40 aff.
1118 1121 114 48 Apr.
1270 1122 81 45 13;
1390 1122 40 38 A
1467 1120 169 48 81422;
1678 1121 55 40 R.
1774 1122 62 39 M.
1874 1120 117 49 Gay,
2029 1121 205 41 Newton

309 1178 189 47 Center,
529 1179 145 39 Mass.
744 1177 251 50 (35-6144)

240 1277 252 66 Gessler,
522 1281 240 53 Eduard
793 1278 277 66 Achilles,
1102 1284 170 51 1880-

313 1355 108 54 Die
452 1374 138 34 neue
625 1354 250 56 Schweiz
906 1357 59 52 in
1000 1354 252 68 bildern;
1288 1357 89 51 ein
1413 1354 330 54 bilderbuch
1778 1373 99 34 zur
241 1354 1991 147 schweizer-geschichte

588 1452 109 34 von
732 1432 133 53 1798
896 1432 85 54 bis
1014 1452 99 35 zur
1144 1439 344 64 gegenwart,
1518 1433 451 68 herausgegeben
2005 1451 108 35 von
2147 1432 84 56 dr.

244 1509 1351 71 E. A. Gessler. Zürich [etc.] Orell Füssli [c1935]
310 1582 138 48 xxiii,
477 1581 204 42 297-468
710 1594 42 37 p.
783 1583 53 40 of
862 1583 126 41 illus.
1016 1582 135 49 (incl.
1182 1583 173 48 ports.)
1423 1583 116 43 24cm.

312 1639 161 47 Paged
505 1639 339 47 continuously
877 1640 121 39 with
1030 1641 80 39 the
1142 1640 218 39 author’s
1393 1641 91 38 Die
1517 1641 97 40 alte
1651 1641 153 40 Sweiz
1837 1642 49 39 in
1918 1641 201 40 bildern.

240 1694 1910 53 © Jan. 13, 1935; 1c. Mar. 11; A-Foreign 27261; Orell Füssli verlag.
319 1755 250 50 (35-6318)

240 1856 303 68 Goebbels,
573 1860 239 64 Joseph,
846 1861 169 54 1897-

315 1937 98 67 My
443 1943 131 61 part
602 1936 58 53 in
689 1937 333 67 Germany’s
1050 1937 161 68 fight,
1236 1937 76 68 by
1338 1938 103 54 Dr.
1469 1938 216 67 Joseph
1713 1937 303 67 Goebbels;

246 1944 1961 123 translated
448 2015 73 69 by
570 2015 102 52 Dr.
724 2015 154 53 Kurt
928 2015 256 67 Fiedler;
1238 2015 140 53 with
1429 2020 29 50 8
1509 2014 393 54 illustrations.
1976 2017 255 64 London,

243 2093 185 53 Hurst
456 2097 46 50 &
529 2093 281 68 Blackett,
840 2094 100 53 ltd.
978 2097 171 64 [1935]

313 2163 85 43 288
425 2177 44 37 p.
497 2165 111 43 incl.
634 2165 149 41 front.
842 2167 170 48 plates,
1043 2167 147 47 ports.
1251 2165 117 41 22cm.

315 2223 68 38 “A
420 2232 247 38 summary
703 2223 52 40 of
791 2223 81 40 the
910 2221 252 43 historical
1201 2222 299 48 happenings
1538 2222 49 40 in
1625 2222 242 48 Germany
1905 2221 176 50 during
2117 2222 113 42 1932

245 2280 95 39 and
370 2279 80 40 the
478 2279 261 48 beginning
765 2278 52 42 of
844 2279 127 49 1933,
999 2278 50 41 in
1079 2280 80 40 the
1187 2279 129 39 form
1345 2278 53 40 of
1425 2289 27 30 a
1484 2278 290 49 diary.”—p.
1804 2279 40 41 8.

240 2333 1990 53 © 1c. Feb. 27, 1935; A ad int. 20058; pubd. Jan. 4; Paul Joseph Goebbels,
309 2395 179 39 Berlin.
559 2393 250 49 (35-6429)

241 2494 185 66 Goltz,
452 2496 287 66 Joachim,
765 2497 250 68 freiherr
1038 2514 111 36 von
1177 2498 121 63 der,
1328 2501 171 50 1892-

372 2575 1856 68 … Der baum von Cléry, roman. München, A. Langen,
240 2652 69 55 G.
335 2653 228 67 Müller,
591 2655 150 51 1934.

310 2725 587 49 297, [1] p., 3 l. 19 ½ cm.
309 2783 63 39 At
399 2782 124 39 head
550 2782 52 39 of
628 2781 107 40 title:
792 2780 224 49 Joaquim
1042 2792 96 29 von
1160 2782 89 39 der
1273 2780 151 41 Goltz.

241 2834 1989 109 © Sept. 30, 1934; 1c. Mar. 11, 1935; A-Foreign 27255; Albert Langen-Georg Müller verlag, g. m. b. h, (35-6228)
241 2996 215 63 Grand,
487 2997 252 56 Gordon.

311 3072 121 53 The
464 3071 171 54 silver
664 3071 143 52 horn
842 3071 111 54 and
988 3072 160 53 other
1181 3070 262 71 sporting
1476 3071 139 54 tales
1648 3070 64 53 of
1745 3070 155 54 John
245 3070 1957 145 Weatherford,

425 3144 1799 73 by Gordon Grand … introduction by David Gray; with
244 3225 373 54 illustrations
643 3225 73 68 by
743 3224 187 68 Ralph
957 3226 63 51 L.
1049 3225 203 69 Boyer.
1327 3224 135 54 New
1490 3224 179 69 York,
1693 3224 335 54 Windward
2055 3224 170 58 house

247 3305 192 66 [c1935]

312 3372 1042 51 8 p. l., 228, [1] p. front., plates. 22cm.
240 3429 52 52 ©
324 3434 111 47 Apr.
470 3434 68 46 15,
573 3432 139 47 1935;
747 3432 66 39 2c.
848 3433 93 38 and
975 3432 81 39 aff.
1090 3433 111 46 Apr.
1237 3433 81 46 18;
1354 3433 40 38 A
1427 3432 168 46 81464;
1632 3433 272 48 Derrydale
1934 3442 149 38 press,
2119 3431 103 48 inc.,

309 3491 117 39 New
458 3490 142 38 York.
665 3486 278 52 [Copyright
976 3488 42 40 is
1051 3488 203 40 claimed
1290 3500 60 28 on
1384 3489 329 40 introduction
1748 3489 95 40 and
1880 3487 341 50 illustrations]

318 3546 249 48 (35-6112)

241 3648 177 64 Gray,
448 3649 199 54 Greta.

304 3722 193 53 House
525 3724 111 51 and
667 3724 191 63 home;
889 3744 30 33 a
949 3724 230 51 manual
1210 3723 112 52 and
1351 3722 268 54 textbook
1647 3722 64 53 of
1740 3722 273 68 practical
2045 3722 171 52 house

239 3798 1975 69 planning, by Greta Gray … with an article by Richard J.
234 3874 243 68 Neutra;
509 3878 98 49 196
633 3875 376 54 illustrations
1036 3877 60 51 in
1122 3880 136 48 text.
1320 3876 71 51 3d
1419 3875 103 68 ed.,
1547 3894 113 34 rev.
1725 3873 269 71 Chicago,
235 3872 1954 147 Philadelphia,
507 3952 56 53 J.
591 3953 67 51 B.
685 3952 335 68 Lippincott
1046 3970 279 50 company
1377 3954 153 49 [c1935]
