2424 4375
1041 4115 132 51 1275

132 484 635 65 Blanning, Harry K .
200 559 194 54 Boiler
429 560 127 54 feed
593 561 112 53 and
737 561 178 53 boiler
948 566 176 48 water
1154 561 321 69 softening;
1512 581 31 34 a
1579 561 273 68 practical
1888 563 228 52 treatise

131 656 71 34 on
226 638 129 52 how
380 644 58 47 to
463 638 309 54 determine
797 638 95 54 the
917 657 162 35 cause
1104 638 63 54 of
1190 639 179 53 boiler
1392 639 147 53 scale
1565 640 112 52 and
1703 639 115 52 how
1854 645 58 48 to

130 639 1962 128 maintain
277 716 158 52 clean
459 715 235 70 heating
719 713 271 71 surfaces,
1014 717 259 68 together
1299 716 141 53 with
1466 716 369 54 instructions
1863 715 94 54 for

130 723 1962 140 testing
256 794 112 52 and
395 797 302 49 treatment;
756 812 31 33 a
816 793 176 53 boiler
1020 793 309 68 operators’
1356 795 250 66 manual,
1630 795 76 67 by
1734 793 76 53 H.
1840 794 75 53 K.
129 794 1963 145 Blanning

304 870 112 53 and
450 870 72 53 A.
557 870 73 53 D.
664 871 165 53 Rich.
898 873 73 51 2d
1008 873 84 52 ed.
1164 871 270 69 Chicago,
1468 871 313 55 Nickerson
1816 875 47 50 &
1897 872 220 56 Collins

129 967 78 35 co.
245 982 12 34 [
260 954 21 22 c
285 951 152 65 1935]

234 1052 9 17 x,
274 1021 98 48 159,
407 1022 54 50 [7]
492 1032 43 37 p.
596 1020 179 51 diagrs.
833 1022 146 41 28½cm.

198 1078 352 49 Lithoprinted.

200 1133 292 43 Coordinate
525 1144 149 39 paper
709 1136 94 39 and
839 1135 145 40 blank
1018 1144 146 40 pages
1195 1135 79 41 for
1309 1134 203 43 “Notes”
1559 1135 82 51 ([7]
1677 1137 51 38 at
1763 1136 116 48 end)

199 1191 347 50 Bibliography;
604 1203 44 38 p.
679 1192 214 41 154-155.

130 1260 52 53 ©
214 1264 127 47 Sept.
373 1264 38 47 6,
443 1263 113 41 1935;
615 1264 66 39 2c.
713 1264 94 39 and
838 1262 80 41 aff.
954 1264 127 47 Sept.
1112 1262 30 40 9;
1200 1263 40 39 A
1270 1262 142 41 85903;
1473 1263 268 41 Nickerson
1771 1256 37 48 &
1837 1263 182 42 Collins
2050 1275 67 29 co.

211 1321 279 48 (35-16631)

130 1423 318 64 Boldyreff,
475 1424 252 54 Tatiana
752 1424 87 56 W.

196 1499 247 54 Russian
484 1500 171 67 born;
699 1519 31 34 a
771 1507 246 62 pageant
1057 1500 65 53 of
1163 1498 307 56 childhood
1510 1498 293 55 memories
1868 1500 91 68 [by]
127 1501 1965 131 Tatiana

309 1579 90 54 W.
428 1577 300 68 Boldyreff;
784 1578 324 54 illustrated
1135 1576 140 55 with
1304 1575 392 70 photographs
1723 1578 113 54 and
1863 1578 252 53 sketches

130 1654 1644 70 by the author. Boston, Chapman & Grimes [ c 1935]
196 1728 86 41 298
307 1740 43 37 p.
409 1727 164 49 front.,
601 1730 171 47 plates,
799 1732 162 45 ports.,
989 1730 108 38 coat
1124 1727 51 41 of
1202 1737 145 32 arms.
1407 1728 145 42 21½cm.

130 1796 52 53 ©
208 1800 119 47 Aug.
354 1799 40 48 9,
421 1798 117 42 1935;
592 1799 66 41 2c.
688 1799 96 40 and
813 1798 80 41 aff.
923 1799 128 49 Sept.
1080 1799 54 40 11;
1193 1799 43 39 A
1262 1798 141 41 85893;
1464 1799 250 48 Chapman
1744 1799 37 40 &
1808 1798 203 41 Grimes.

205 1855 279 49 (35-16624)

130 1959 280 66 Bozzano,
438 1961 273 63 Ernesto,
743 1965 170 50 1862-

202 2078 55 10 …
286 2036 84 53 La
393 2036 370 54 médiumnité
786 2037 316 68 polyglotte
1137 2033 405 72 (xénoglossie)
1611 2035 186 69 Paris,
1820 2036 57 55 J.
1903 2036 213 67 Mever,

129 2117 150 50 1934.

197 2186 86 41 258
310 2198 58 37 p.,
400 2187 24 39 1
473 2219 9 9 l.
543 2186 57 41 19
602 2189 43 21 cm
649 2219 9 9 .
728 2187 360 49 (Bibliothèque
1117 2187 57 41 de
1204 2185 302 51 philosophie
1535 2186 324 50 spiritualiste
1889 2190 226 41 moderne

127 2245 48 41 et
204 2245 83 40 des
317 2244 210 41 sciences
557 2244 311 49 psychiques)

196 2300 64 42 At
286 2301 123 42 head
437 2301 52 41 of
513 2300 108 42 title;
678 2301 176 41 Ernest
878 2301 234 40 Bozzano.

127 2367 1990 61 © May 15, 1934; 1c. July 24; A-Foreign 25284; Éditions Jean Mèyer.
207 2435 279 48 (35-16620)

130 2540 349 64 Bramblett,
506 2542 137 52 Mrs.
672 2539 204 65 Agnes
903 2539 284 55 Cochran.

197 2617 338 55 Wind-mad
584 2652 12 33 [
599 2616 93 68 by]
742 2617 193 67 Agnes
981 2616 259 56 Cochran
1284 2615 336 53 Bramblett.
1695 2615 187 55 North
128 2616 1960 145 Montpelier,
346 2696 116 63 Vt.,

487 2696 89 52 W.
603 2696 56 53 J.
688 2694 219 65 Coates,
936 2698 148 49 1935.

198 2765 604 51 5 p. l., [ 9]-74 p. 21cm.
197 2823 185 40 Poems.

130 2875 52 53 ©
203 2880 120 48 Aug.
348 2880 68 47 17,
441 2879 113 41 1935;
608 2879 66 41 2c.
700 2880 95 39 and
819 2879 81 40 aff.
930 2879 124 48 Sept.
1081 2879 29 39 6;
1162 2879 40 38 A
1227 2878 144 41 86157;
1424 2878 54 39 A.
1503 2877 48 42 C.
1576 2878 286 47 Bramblett,
1890 2876 224 48 Forsyth,

194 2936 87 41 Ga.
351 2936 252 49 (35-16603
614 2937 15 47 )

127 3038 243 66 Brooks,
399 3039 266 64 Cleanth,
692 3041 71 64 jr.

197 3118 120 51 The
361 3119 242 52 relation
646 3117 63 53 of
751 3118 96 52 the
889 3115 558 68 Alabama-Georgia
1491 3115 207 52 dialect
1741 3120 59 46 to
1845 3115 94 51 the
129 3132 1959 117 provincial

376 3196 234 53 dialects
653 3196 63 52 of
757 3196 175 53 Great
971 3195 247 66 Britain,
1256 3195 74 65 by
1371 3194 242 55 Cleanth
1656 3192 237 66 Brooks,
1933 3192 71 67 jr.
2054 3235 55 9 …

130 3274 188 53 Baton
348 3274 214 66 Rouge,
593 3273 307 52 Louisiana
933 3277 144 49 state
1108 3270 316 68 university
1456 3290 175 49 press,
1666 3272 149 50 1935.

197 3344 83 48 xii,
316 3343 54 42 91
404 3357 43 36 p.
478 3346 108 39 incl.
620 3356 151 37 maps.
831 3345 54 40 23½
919 3348 44 20 cm
966 3376 9 8 .
1049 3343 278 49 (Half-title;
1382 3343 266 41 Louisiana
1682 3344 129 39 state
1845 3340 271 50 university

130 3401 183 42 studies
342 3434 45 8 …
416 3403 71 39 ed.
515 3403 61 47 by
604 3403 48 40 C.
679 3403 70 39 W.
778 3400 189 50 Pipkin,
1030 3412 87 39 [no.
1144 3400 108 48 xx])

206 3460 158 40 Series
387 3460 110 39 title
521 3459 49 39 in
598 3462 110 45 part
736 3469 58 29 on
822 3462 96 45 t.-p.

199 3516 67 39 “A
294 3516 227 40 diamond
548 3515 180 47 jubilee
755 3514 340 49 publication.”

200 3571 346 50 Bibliography;
601 3583 43 37 p.
671 3574 128 39 ix-x.

133 3624 51 52 ©
207 3628 115 49 July
348 3629 70 47 15,
442 3628 140 47 1935;
610 3629 67 40 2c.
701 3628 119 49 Aug.
845 3630 51 44 3;
926 3627 79 41 aff.
1033 3628 120 47 Aug.
1179 3628 52 45 5;
1260 3627 40 38 A
1326 3625 169 46 85318;
1526 3623 262 42 Louisiana
1818 3628 129 37 state
1970 3624 144 44 univ.,

198 3686 157 40 Baton
381 3686 178 48 Rouge,
585 3686 84 39 La.
741 3684 278 48 (35-28077)

130 3785 178 67 Buck,
341 3787 244 54 Charles
610 3786 245 64 Neville,
887 3789 170 52 1879-

205 3908 54 9 …
306 3866 304 52 Mountain
650 3862 229 68 justice;
925 3884 33 34 a
996 3862 116 54 tale
1151 3862 63 54 of
1253 3863 98 51 the
1395 3861 427 56 Cumberlands.
1898 3861 216 54 Boston

133 3941 109 51 and
271 3941 137 52 New
434 3941 178 53 York.
639 3942 316 66 Houghton
981 3938 202 56 Mifflin
1211 3957 297 49 company,
1538 3942 148 52 1935.

199 4013 612 50 3 p. l., [3]-314 p. 20 cm .
