2424 4375
1086 4071 130 49 1035

251 523 225 40 Includes
499 523 387 48 bibliographies.

178 588 1782 52 © Jan. 21, 1935; 1c. Apr. 10; A- Foreign 27600; Bloud et Gay.
256 648 277 48 (35-12357)

182 749 242 65 Chapin,
455 752 246 52 Francis
728 753 225 62 Stuart,
985 757 170 50 1888-

245 827 451 67 Contemporary
720 828 305 53 American
1046 827 355 55 institutions;
1459 848 31 33 a
1512 826 359 68 sociological
1897 828 264 65 analysis,

175 903 1983 69 by F. Stuart Chapin … New York and London, Harper &
174 981 274 62 brothers,
480 985 152 50 1935.

245 1052 135 50 xviii,
423 1053 85 41 423
551 1066 43 37 p.
667 1054 127 41 illus.
823 1053 182 50 (maps)
1058 1053 180 50 diagrs.
1307 1054 54 38 22
1366 1056 42 21 cm
1414 1085 8 9 .
1498 1052 246 53 [Harper’s
1786 1053 148 40 social
1978 1052 183 41 science

174 1111 163 49 series]

245 1179 159 42 “First
436 1180 226 41 edition.”

245 1234 245 43 “Selected
518 1234 254 51 readings”
800 1238 52 39 at
879 1237 91 40 end
998 1236 51 41 of
1075 1247 129 30 some
1230 1235 51 42 of
1307 1237 82 40 the
1415 1237 238 47 chapters.

177 1303 53 52 ©
256 1307 114 47 July
397 1306 69 47 24,
495 1307 111 39 1935;
663 1306 65 40 2c.
760 1307 115 47 July
902 1305 54 39 22;
1012 1306 82 39 aff.
1123 1306 115 47 July
1265 1306 57 39 26;
1376 1306 39 39 A
1443 1305 143 41 85228;
1645 1307 191 47 Harper
1864 1306 36 40 &
1929 1307 123 38 bros.

254 1363 278 49 (35-11712)

178 1463 252 65 Church,
461 1465 204 54 Edwin
695 1466 268 63 Fayette,
995 1467 170 53 1879-

246 1540 1908 70 Steam turbines [by] Edwin F. Church, jr. … 2d ed. New
176 1619 161 51 York
367 1622 111 51 and
508 1622 256 62 London,
794 1618 425 56 McGraw-Hill
1251 1620 144 52 book
1424 1638 295 48 company,
1754 1620 121 63 inc.,
1912 1624 144 48 1935.

245 1704 85 48 xii,
359 1705 84 41 327
472 1715 43 37 p.
575 1705 142 48 illus.,
747 1706 178 48 diagrs.
984 1705 55 40 23½
1072 1707 43 21 cm
1121 1737 8 9 .

174 1774 53 52 ©
255 1778 129 38 June
406 1776 70 47 26,
505 1775 113 41 1935;
675 1776 66 40 2c.
773 1778 114 46 July
914 1776 26 39 2;
1000 1776 82 41 aff.
1112 1777 128 39 June
1268 1776 55 40 29;
1383 1778 40 38 A
1453 1777 142 40 83864;
1657 1777 350 40 McGraw-Hill
2039 1778 123 39 book

241 1844 83 36 co.,
348 1833 91 40 inc.
512 1833 278 49 (35-11616)

177 1937 261 66 Cioffari,
466 1937 309 55 Vincenzo.

240 2012 250 54 Fortune
523 2014 112 52 and
669 2012 119 54 fate
819 2012 152 54 from
1000 2012 359 55 Democritus
1391 2018 58 49 to
1485 2012 82 57 St.
1601 2013 247 53 Thomas
1880 2012 276 69 Aquinas,

171 2090 74 69 by
269 2090 286 55 Vincenzo
581 2089 258 71 Cioffari,
862 2109 50 35 a.
940 2109 67 35 m.
1068 2091 138 53 New
1235 2090 179 68 York,
1444 2093 149 51 1935.

240 2163 547 51 4 p. l. , 129 p. 23½ cm .
246 2235 204 41 “Notes”:
507 2246 42 38 p.
579 2234 214 41 119-129.

173 2302 53 52 ©
246 2306 113 47 Apr.
381 2305 71 47 30,
475 2305 112 41 1935;
641 2305 65 40 2c.
730 2307 95 38 and
852 2305 80 40 aff.
958 2307 113 46 May
1093 2306 53 39 13;
1200 2306 40 38 A
1263 2305 141 40 83051;
1500 2337 8 7 V.
1536 2304 217 49 Cioffari,
1777 2307 117 38 New
1921 2306 237 49 Rochelle,

239 2364 55 38 N.
326 2363 52 39 Y.
450 2362 276 47 (35-11729)

171 2464 271 64 Dickens,
475 2465 260 63 Charles,
770 2468 322 52 1812-1870.

245 2543 109 53 Mr.
383 2546 52 49 &
466 2544 136 52 Mrs.
636 2542 233 55 Charles
898 2543 246 53 Dickens;
1206 2543 87 55 his
1323 2543 193 53 letters
1543 2547 60 48 to
1631 2543 118 66 her,
1776 2542 136 54 with
1946 2562 25 33 a
173 2543 1958 128 foreword
355 2619 75 68 by
458 2618 148 53 their
633 2619 297 68 daughter,
957 2619 150 52 Kate
1132 2617 295 69 Perugini,
1457 2618 112 53 and
1599 2623 175 61 notes,
1796 2617 355 69 appendices,

173 2703 119 52 etc.,
321 2697 76 68 by
425 2700 221 51 Walter
675 2700 228 51 Dexter.
970 2699 256 61 London,
1258 2698 303 56 Constable
1593 2700 50 49 &
1674 2717 79 33 co.
1785 2699 119 51 ltd..
1938 2703 146 46 1935.

239 2769 100 39 xvii
365 2780 30 37 p
415 2800 9 10 .
447 2769 24 39 1
518 2801 8 8 l.,
563 2768 99 43 298,
693 2769 54 49 [1]
775 2779 42 37 p.
880 2768 171 42 double
1075 2768 136 41 front.
1252 2768 196 47 (ports.)
1516 2767 58 41 20½
1604 2770 45 22 cm
1653 2800 10 10 .

240 2837 127 42 “The
391 2838 211 40 Dickens
627 2839 173 46 family:
855 2837 325 49 genealogical
1207 2836 156 42 table”:
1419 2849 43 37 p.
1490 2837 99 41 292.

173 2906 53 52 ©
263 2911 65 38 1c.
367 2910 117 47 Aug.
522 2909 40 48 9,
600 2909 140 46 1935;
780 2911 41 38 A
860 2911 59 39 ad
956 2910 85 40 int.
1081 2910 170 45 20476;
1292 2910 141 48 pubd.
1472 2911 125 39 June
1633 2911 82 46 13;
1755 2911 155 40 Marie
1947 2912 208 39 Therese

238 2966 174 41 Louise
446 2966 225 47 Dickens,
706 2967 209 39 London.
986 2966 278 49 (35-12690)

195 3068 294 63 [Dodgson,
520 3069 243 53 Charles
791 3067 325 67 Lutwidge]
1152 3074 323 50 1832-1898.

239 3144 272 67 Through
547 3143 95 53 the
677 3143 406 69 looking-glass
1120 3144 112 54 and
1268 3144 152 53 what
1455 3144 160 52 Alice
1654 3143 182 54 found
1870 3144 171 67 there,
2082 3146 69 67 by

170 3218 181 57 Lewis
405 3220 222 55 Carroll
703 3221 210 68 [pseud.]
969 3220 320 55 illustrated
1344 3222 72 67 by
1470 3221 153 54 John
1676 3221 248 52 Tenniel.
2020 3222 131 51 New

172 3297 178 68 York,
378 3297 120 52 The
524 3296 248 55 Limited
798 3296 241 55 editions
1068 3297 143 61 club,
1242 3301 147 48 1935.

238 3368 83 47 xii,
358 3367 54 50 [1]
447 3379 57 37 p.,
534 3369 28 38 4
613 3399 23 17 l.,
673 3367 187 50 [3]-211,
897 3369 55 49 [1]
987 3380 57 37 p.,
1079 3370 25 38 2
1159 3401 8 8 l.
1201 3370 108 39 incl.
1342 3371 162 40 front.,
1541 3371 125 38 illus.
1727 3371 54 38 22½
1814 3373 43 20 cm
1864 3404 6 5 .

241 3438 146 39 “This
423 3438 42 39 is
501 3447 117 38 copy
656 3437 200 41 number
892 3439 263 47 Copyright
1195 3450 116 37 copy
1352 3441 51 38 of
1440 3438 166 42 fifteen
1645 3442 219 40 hundred
1905 3443 157 46 copies
2101 3442 52 39 of

169 3495 1978 50 this limited edition … and is graced with the signature of ‘the original
170 3550 145 42 Alice’
351 3551 195 50 [Signed]
581 3550 134 41 Alice
748 3550 350 48 Hargreaves.”

171 3621 53 52 ©
253 3625 112 47 Apr.
397 3625 68 46 25,
497 3623 113 40 1935;
671 3624 67 39 2c.
772 3625 97 39 and
897 3624 80 39 aff.
1010 3624 116 47 July
1156 3624 54 39 17;
1270 3624 41 38 A
1343 3623 141 41 85072;
1549 3624 207 42 Limited
1789 3627 208 40 editions
2030 3627 121 48 club,

242 3681 89 40 inc.
395 3680 277 50 [Copyright
703 3681 44 39 is
773 3680 204 40 claimed
1005 3691 60 30 on
1093 3679 330 41 introduction
1456 3683 92 38 and
1580 3680 181 51 design]

248 3736 277 50 (35-11911)

173 3838 299 63 Dudeney,
500 3836 178 64 Alice,
709 3839 168 50 “Mrs.
908 3839 205 62 Henry
1141 3838 339 63 Dudeney,”
1515 3846 169 48 1866-

242 3914 454 65 Barbourbrook,
730 3913 77 68 by
841 3915 137 53 Mrs.
1016 3915 202 66 Henry
1254 3915 292 71 Dudeney.
1621 3918 255 68 London,
1917 3919 80 55 Col
2025 3918 125 54 lins.

172 3997 150 50 1935.
