2424 4375
1276 4044 100 54 778

328 424 245 65 Barlow,
602 425 162 52 Ruth
794 426 62 54 C.

394 501 124 50 Fun
555 506 58 45 at
645 500 219 67 Happy
896 519 171 48 acres,
1097 501 73 67 by
1208 501 158 51 Ruth
1400 501 62 52 C.
1501 501 246 67 Barlow,
1783 501 140 52 with
1959 502 247 67 pictures
2241 502 71 67 by

324 576 216 53 Melvin
571 576 338 53 Martinson.
978 577 137 53 New
1152 576 177 68 York,
1360 578 247 53 Thomas
1641 579 69 52 Y.
1746 577 243 55 Crowell
2020 596 295 51 company,

325 654 151 55 1935.

394 738 769 52 94, [1] p illus. 23½ × 23½cm.
329 807 53 53 ©
407 812 124 39 June
559 813 38 46 1,
626 811 140 46 1935;
793 811 67 41 2c.
886 813 126 40 June
1038 813 81 46 15;
1150 812 81 41 aff.
1259 814 129 39 June
1415 813 81 47 32;
1529 814 39 38 A
1594 813 169 48 83598;
1794 815 210 40 Thomas
2033 815 53 39 Y.
2115 815 202 41 Crowell

398 880 67 29 co.
536 868 249 48 (35-8589)

329 972 287 64 Barnard,
648 973 289 54 Winifred
971 975 66 51 E.

403 1050 235 56 Kembo.
680 1072 32 33 a
755 1050 148 54 little
946 1051 112 68 girl
1101 1052 63 51 of
1207 1052 222 63 Africa,
1474 1052 73 56 by
1589 1051 288 56 Winifred
1928 1055 64 51 E.
2038 1056 279 64 Barnard,

333 1127 244 67 pictures
608 1129 73 67 by
716 1127 152 55 Elsie
903 1131 168 51 Anna
1103 1130 199 53 Wood.
1379 1132 137 51 New
1552 1131 177 58 York,
1763 1130 347 68 Friendship
2145 1150 170 48 press.

387 1210 115 51 c1928.

401 1293 68 43 60,
499 1293 54 49 [1]
585 1304 39 37 p.
680 1294 86 39 col.
793 1293 125 40 illus.
974 1295 53 38 14
1032 1296 42 21 cm
1081 1325 6 7 .
1147 1294 113 48 [The
1287 1294 217 48 Nursery
1531 1294 166 50 series]

332 1360 53 53 ©
416 1364 126 40 June
573 1363 69 47 22,
675 1363 139 47 1928;
849 1364 66 40 2c.
949 1365 95 39 and
1078 1364 81 40 aff.
1197 1365 127 39 June
1353 1365 69 46 15,
1456 1364 139 47 1935;
1630 1366 44 38 A
1703 1365 170 47 83610;
1908 1366 52 39 G.
1996 1366 50 46 Q.
2082 1366 235 47 LeSourd,

401 1422 115 39 New
545 1422 143 39 York.
762 1421 249 49 (35-8472)

406 1521 192 66 Mitsu,
632 1542 31 33 a
697 1523 146 56 little
875 1525 113 67 girl
1020 1525 63 51 of
1114 1528 211 64 Japan,
1359 1526 70 66 by
1463 1524 290 54 Winifred
1787 1527 66 53 E.
1894 1528 275 57 Barnard,
333 1526 1959 130 pictures

508 1602 73 67 by
607 1604 183 50 Helen
815 1602 221 54 Jacobs.
1112 1604 137 50 New
1281 1604 176 64 York,
1483 1602 347 67 Friendship
1860 1622 170 48 press,
2054 1611 17 20 c
2077 1608 148 48 1930.

404 1674 1476 50 1 p. l., 58, [1] p. col. illus. 14 cm . [The Nursery series]
331 1740 53 53 ©
417 1745 129 40 June
575 1745 39 47 3,
650 1744 116 41 1930
781 1755 9 37 ;
825 1745 66 40 2c.
930 1747 95 38 and
1058 1745 80 40 aff.
1177 1746 126 39 June
1339 1745 69 48 15,
1444 1745 112 40 1935
1575 1756 8 36 ;
1620 1747 40 38 A
1696 1745 169 47 83608;
1903 1747 52 39 G.
1993 1746 50 48 Q.
2081 1746 237 48 LeSourd,

400 1803 117 39 New
544 1803 144 39 York.
761 1801 248 48 (35-8471)

336 1907 243 64 Barnes,
608 1908 201 63 Harry
835 1907 214 65 Elmer,
1080 1913 170 49 1889-

405 1986 120 51 The
552 1985 220 67 history
801 1985 63 53 of
893 1990 236 48 western
1158 1984 367 65 civilization,
1552 1985 73 68 by
1655 1987 196 65 Harry
1881 1988 195 52 Elmer
2104 1990 213 49 Barnes

398 2064 1920 67 … with the collaboration of Henry David … Volume 2. New
337 2142 178 64 York,
542 2144 308 64 Harcourt,
878 2145 179 49 Brace
1085 2142 111 52 and
1222 2160 278 49 company
1533 2145 191 64 [c1935]

402 2214 1917 49 3 p. l., v-xxiv p., 2. l., 3-1170 p. front., illus., plates, ports., diagrs.
329 2273 59 40 23½
417 2275 44 21 cm
466 2304 9 8 .

403 2328 348 50 Bibliography
777 2331 52 37 at
854 2328 90 40 end
970 2328 52 39 of
1048 2330 117 41 each
1193 2329 212 47 chapter.

334 2395 53 53 ©
414 2401 126 39 June
567 2400 68 46 17,
667 2399 140 46 1935;
835 2399 64 39 2c.
931 2400 94 38 and
1055 2397 82 41 aff.
1167 2399 128 39 June
1319 2397 82 48 22;
1432 2399 40 38 A
1500 2398 169 47 83743;
1702 2399 259 47 Harcourt,
1992 2400 153 39 Brace
2174 2400 38 40 &
2240 2408 78 35 co.,

402 2457 92 40 inc.

334 2557 205 66 Baum,
568 2560 228 62 Lyman
826 2558 215 63 Frank,
1073 2562 323 50 1856-1919.

406 2637 123 52 The
561 2636 213 54 wizard
811 2634 65 55 of
909 2635 84 55 Oz
1030 2634 223 55 waddle
1290 2634 163 68 book,
1488 2634 77 68 by
1601 2635 64 52 L.
1705 2634 198 54 Frank
1942 2636 201 53 Baum,
2185 2634 133 52 with

339 2714 245 67 pictures
618 2715 76 65 by
725 2714 89 53 W.
849 2713 89 54 W.
974 2713 282 52 Denslow.
1331 2713 138 52 New
1507 2711 178 67 York,
1718 2712 147 51 Blue
1896 2712 201 51 ribbon
2133 2712 187 65 books,

334 2792 105 53 inc.
476 2824 14 35 [
492 2797 20 22 c
517 2793 152 66 1934]

404 2860 1417 52 4 p. l., 210, [1] p. illus. (part col.) col. plates. 23 cm .
407 2921 71 39 On
506 2929 165 31 cover:
699 2919 99 39 The
824 2921 133 44 story
982 2917 122 40 book
1130 2916 119 41 with
1276 2917 280 40 characters
1582 2917 109 41 that
1714 2926 131 31 come
1868 2918 83 38 out
1979 2918 94 38 and
2101 2917 139 39 walk.

407 2975 323 40 Instructions
756 2973 78 40 for
859 2972 316 49 assembling:
1203 2982 44 39 p.
1274 2972 235 49 209-[211]

406 3031 230 40 Contains
671 3031 224 46 envelope
928 3028 119 40 with
1078 3028 82 39 the
1192 3038 203 38 runway
1428 3039 60 30 on
1522 3026 156 41 which
1711 3027 81 40 the
1824 3027 187 41 waddle
2043 3028 274 39 characters

338 3086 126 41 walk
490 3087 94 39 and
611 3097 26 29 a
667 3085 196 40 smaller
884 3094 88 31 one
996 3083 119 41 with
1142 3084 82 40 the
1250 3084 139 39 brass
1416 3083 156 48 pieces
1597 3083 119 40 used
1740 3082 49 40 in
1817 3081 194 50 putting
2037 3083 79 39 the
2143 3082 173 45 figues

335 3142 229 47 together.

337 3206 53 53 ©
422 3212 111 38 Dec.
565 3211 39 46 1,
636 3209 139 47 1934;
809 3209 65 40 2c.
906 3210 121 37 Mar.
1060 3207 68 48 20,
1159 3207 139 46 1935;
1335 3205 79 40 aff.
1450 3207 122 38 Mar.
1605 3206 82 45 28;
1721 3206 40 38 A
1796 3204 168 48 84239;
2000 3206 120 39 Blue
2153 3204 165 39 ribbon

406 3268 160 46 books,
594 3267 90 39 inc.
748 3264 280 51 [Copyright
1051 3265 42 39 is
1120 3262 202 42 claimed
1352 3273 59 29 on
1440 3263 191 39 waddle
1655 3262 190 48 figures]
417 3324 250 48 (35-8414)

340 3425 450 63 Baumgartner,
823 3425 212 51 Leona.

403 3503 56 50 A
485 3502 404 68 bibliography
921 3502 63 52 of
1015 3502 98 52 the
1141 3519 184 50 poem,
1356 3499 276 69 Syphilis,
1665 3498 116 54 sive
1811 3497 234 53 Morbus
2079 3496 236 69 gallicus

336 3580 72 68 by
443 3579 296 54 Girolamo
769 3579 354 67 Fracastoro,
1157 3578 62 53 of
1254 3579 225 52 Verona
1522 3610 13 33 [
1539 3576 75 69 by
1618 3609 13 34 3
1670 3576 189 52 Leona
1899 3576 416 65 Baumgartner

335 3658 110 50 and
473 3657 151 51 John
655 3658 63 49 F.
744 3656 226 52 Fulton.
1033 3656 137 52 New
1197 3655 222 67 Haven,
1445 3654 148 52 Yale
1613 3652 317 69 university
1956 3670 181 49 press;
335 3651 1953 149 London,

488 3734 76 51 H.
592 3731 263 68 Milford,
880 3732 228 54 Oxford
1134 3731 315 67 university
1476 3748 172 50 press,
1675 3732 149 51 1935.

406 3800 1482 53 4 p. l., [11]-157 p. 2 port. (incl. front.) facsims. 25 ½cm .
410 3873 37 36 A
469 3872 315 48 preliminary
807 3872 83 40 list
913 3883 100 29 was
1040 3872 162 40 issued
1228 3873 49 37 in
1301 3870 112 41 1933
1439 3872 152 38 under
1616 3870 134 40 title:
1779 3869 232 40 Handlist
2036 3869 51 39 of
2111 3867 203 41 editions

338 3927 53 38 of
421 3929 81 39 the
530 3938 149 38 poem,
715 3927 224 53 Syphilis,
972 3929 100 40 sive
1104 3928 195 39 Morbvs
1330 3926 200 48 gallicvs
1559 3927 61 47 by
1655 3925 244 41 Girolamo
1932 3925 300 41 Fracastoro,
2267 3919 48 41 of

337 3981 202 43 Verona.
