<alto xmlns="http://www.loc.gov/standards/alto/ns-v3#" xmlns:xsi="http://www.w3.org/2001/XMLSchema-instance" xsi:schemaLocation="http://www.loc.gov/standards/alto/ns-v3# http://www.loc.gov/alto/v3/alto-3-0.xsd"><Description>
<MeasurementUnit>pixel</MeasurementUnit>
<sourceImageInformation>
<fileName>1935_v32_Part1.pdf</fileName>
</sourceImageInformation>
<OCRProcessing ID="IdOcr">
<ocrProcessingStep>
<processingDateTime>2019-01-15</processingDateTime>
<processingSoftware>
<softwareCreator>ABBYY</softwareCreator>
<softwareName>ABBYY Recognition Server</softwareName>
<softwareVersion>4.0</softwareVersion>
</processingSoftware>
</ocrProcessingStep>
</OCRProcessing>
</Description>
<Styles>
<ParagraphStyle ALIGN="Left" FIRSTLINE="0." ID="StyleId-FFFFFFFF-FFFF-FFFF-FFFF-FFFFFFFFFFFF-" LEFT="0." RIGHT="0." />
<ParagraphStyle ALIGN="Left" FIRSTLINE="0." ID="StyleId-09A13A44-4F77-4ABE-84F3-84CC8B3C72CE-" LEFT="0." LINESPACE="7.699999809" RIGHT="0." />
<ParagraphStyle ALIGN="Left" FIRSTLINE="-10." ID="StyleId-1F945060-F8CD-4435-B69A-5FF49DB0C586-" LEFT="0." LINESPACE="12.19999981" RIGHT="0." />
<ParagraphStyle ALIGN="Block" FIRSTLINE="-14." ID="StyleId-C6CAE747-F5A4-4D0D-8D74-D452DA7E2C1C-" LEFT="0." LINESPACE="8.350000381" RIGHT="0." />
<ParagraphStyle ALIGN="Left" FIRSTLINE="0." ID="StyleId-FC0F3374-189A-459E-BE29-2DC14180F022-" LEFT="0." RIGHT="0." />
<ParagraphStyle ALIGN="Left" FIRSTLINE="-12." ID="StyleId-49397C49-A894-4B3E-BA5E-1126226BA375-" LEFT="0." LINESPACE="11.09000015" RIGHT="0." />
<ParagraphStyle ALIGN="Block" FIRSTLINE="-14." ID="StyleId-9E34DD3A-E661-48BD-A3A1-6A3D48346F00-" LEFT="0." LINESPACE="11.09000015" RIGHT="0." />
<ParagraphStyle ALIGN="Left" FIRSTLINE="0." ID="StyleId-56CE54AA-A08B-4BAA-8605-F26020A0E36E-" LEFT="0." LINESPACE="9.399999619" RIGHT="0." />
<ParagraphStyle ALIGN="Left" FIRSTLINE="-11." ID="StyleId-77814FFC-C42F-4AA9-9880-EF33B947DEC8-" LEFT="0." LINESPACE="11.06999969" RIGHT="0." />
<ParagraphStyle ALIGN="Center" FIRSTLINE="0." ID="StyleId-FDE92EC0-67DC-4C7B-8A24-094B12C38B6C-" LEFT="0." LINESPACE="11.30000019" RIGHT="0." />
<ParagraphStyle ALIGN="Left" FIRSTLINE="0." ID="StyleId-65180E3B-4C93-4FB8-81EE-E026DD63DBF3-" LEFT="0." LINESPACE="11.10000038" RIGHT="0." />
<ParagraphStyle ALIGN="Left" FIRSTLINE="0." ID="StyleId-10E885C2-5813-4620-B0AA-0FBA30CF7A32-" LEFT="0." LINESPACE="9.5" RIGHT="0." />
<ParagraphStyle ALIGN="Left" FIRSTLINE="0." ID="StyleId-913C2DB5-9F02-4067-BAF7-0AED37B60BBE-" LEFT="0." LINESPACE="6.099999905" RIGHT="0." />
<ParagraphStyle ALIGN="Left" FIRSTLINE="0." ID="StyleId-9C79A9D2-8F08-4A8F-985D-B00E253ED1E5-" LEFT="0." LINESPACE="4.400000095" RIGHT="0." />
<ParagraphStyle ALIGN="Left" FIRSTLINE="0." ID="StyleId-A41F0407-FEFE-4738-9EC5-E05AFFF62781-" LEFT="0." LINESPACE="7.300000191" RIGHT="0." />
<ParagraphStyle ALIGN="Left" FIRSTLINE="0." ID="StyleId-61D37176-94E8-408D-9B87-01C406CE8AB2-" LEFT="0." LINESPACE="8.050000191" RIGHT="0." />
</Styles>
<Layout>
<Page HEIGHT="4375" ID="Page1224" PHYSICAL_IMG_NR="1224" WIDTH="2424">
<TopMargin HEIGHT="440" HPOS="0" VPOS="0" WIDTH="2424">
</TopMargin>
<LeftMargin HEIGHT="3702" HPOS="0" VPOS="440" WIDTH="300">
</LeftMargin>
<RightMargin HEIGHT="3702" HPOS="2344" VPOS="440" WIDTH="80">
</RightMargin>
<BottomMargin HEIGHT="233" HPOS="0" VPOS="4142" WIDTH="2424">
</BottomMargin>
<PrintSpace HEIGHT="3702" HPOS="300" VPOS="440" WIDTH="2044">
<TextBlock HEIGHT="68" HPOS="1218" ID="Page1224_Block1" LANG="en-US" STYLEREFS="StyleId-787879AC-B1FA-4BCD-B79C-32EB50759846-" VPOS="4074" WIDTH="154">
<TextLine HEIGHT="48" HPOS="1227" VPOS="4084" WIDTH="134">
<String CONTENT="1224" HEIGHT="48" HPOS="1227" VPOS="4084" WIDTH="134" />
</TextLine>
</TextBlock>
<TextBlock CS="1" HEIGHT="3638" HPOS="300" ID="Page1224_Block2" LANG="en-US" STYLEREFS="StyleId-37EBF279-4347-471F-876C-809794F7E9E3-" VPOS="440" WIDTH="2044">
<Shape>
<Polygon POINTS="300,440 2344,440 2344,4023 762,4023 762,4078 300,4078 300,440" />
</Shape>
<TextLine CS="1" HEIGHT="50" HPOS="395" VPOS="520" WIDTH="1092">
<String CONTENT="2" HEIGHT="39" HPOS="395" VPOS="520" WIDTH="26" />
<SP HEIGHT="48" HPOS="422" VPOS="520" WIDTH="21" />
<String CONTENT="p." HEIGHT="36" HPOS="444" LANG="fr" VPOS="532" WIDTH="43" />
<SP />
<String CONTENT="l." CS="1" LANG="fr" />
<String CONTENT="," HEIGHT="17" HPOS="548" VPOS="551" WIDTH="8" />
<SP HEIGHT="47" HPOS="557" VPOS="521" WIDTH="25" />
<String CONTENT="312" HEIGHT="40" HPOS="583" VPOS="521" WIDTH="85" />
<SP HEIGHT="48" HPOS="669" VPOS="521" WIDTH="23" />
<String CONTENT="p." HEIGHT="38" HPOS="693" VPOS="531" WIDTH="41" />
<SP HEIGHT="39" HPOS="735" VPOS="522" WIDTH="61" />
<String CONTENT="illus." HEIGHT="40" HPOS="797" VPOS="522" WIDTH="126" />
<SP HEIGHT="46" HPOS="924" VPOS="524" WIDTH="28" />
<String CONTENT="(incl." HEIGHT="48" HPOS="953" VPOS="522" WIDTH="132" />
<SP HEIGHT="33" HPOS="1086" VPOS="533" WIDTH="26" />
<String CONTENT="maps)" HEIGHT="46" HPOS="1113" VPOS="524" WIDTH="160" />
<SP HEIGHT="46" HPOS="1274" VPOS="524" WIDTH="68" />
<String CONTENT="19&#189;cm." CS="1" HEIGHT="42" HPOS="1343" VPOS="523" WIDTH="144" />
</TextLine>
<TextLine CS="1" HEIGHT="60" HPOS="325" VPOS="574" WIDTH="1984">
<String CONTENT="&#169;" HEIGHT="54" HPOS="325" VPOS="574" WIDTH="53" />
<SP />
<String CONTENT="1c." CS="1" />
<SP HEIGHT="39" HPOS="477" VPOS="580" WIDTH="29" />
<String CONTENT="Aug." HEIGHT="47" HPOS="507" VPOS="580" WIDTH="119" />
<SP HEIGHT="39" HPOS="627" VPOS="580" WIDTH="31" />
<String CONTENT="29," HEIGHT="48" HPOS="659" VPOS="579" WIDTH="70" />
<SP HEIGHT="45" HPOS="730" VPOS="582" WIDTH="31" />
<String CONTENT="1935;" CS="1" HEIGHT="41" HPOS="762" VPOS="579" WIDTH="110" />
<SP HEIGHT="45" HPOS="901" VPOS="581" WIDTH="32" />
<String CONTENT="A" HEIGHT="38" HPOS="934" VPOS="581" WIDTH="41" />
<SP HEIGHT="39" HPOS="976" VPOS="581" WIDTH="31" />
<String CONTENT="ad" HEIGHT="39" HPOS="1008" VPOS="581" WIDTH="62" />
<SP HEIGHT="40" HPOS="1071" VPOS="580" WIDTH="32" />
<String CONTENT="int." HEIGHT="41" HPOS="1104" VPOS="580" WIDTH="84" />
<SP HEIGHT="40" HPOS="1189" VPOS="580" WIDTH="32" />
<String CONTENT="20529;" CS="1" HEIGHT="41" HPOS="1222" VPOS="580" WIDTH="147" />
<SP HEIGHT="37" HPOS="1394" VPOS="593" WIDTH="34" />
<String CONTENT="pubd." HEIGHT="47" HPOS="1429" VPOS="583" WIDTH="141" />
<SP HEIGHT="39" HPOS="1571" VPOS="584" WIDTH="32" />
<String CONTENT="July" HEIGHT="47" HPOS="1604" VPOS="584" WIDTH="117" />
<SP HEIGHT="47" HPOS="1722" VPOS="584" WIDTH="30" />
<String CONTENT="1;" CS="1" HEIGHT="39" HPOS="1753" VPOS="584" WIDTH="24" />
<SP HEIGHT="46" HPOS="1806" VPOS="585" WIDTH="34" />
<String CONTENT="R." CS="1" HEIGHT="8" HPOS="1888" VPOS="616" WIDTH="8" />
<SP HEIGHT="40" HPOS="1897" VPOS="585" WIDTH="32" />
<String CONTENT="Waughburton," HEIGHT="49" HPOS="1930" VPOS="585" WIDTH="379" />
</TextLine>
<TextLine HEIGHT="48" HPOS="393" VPOS="636" WIDTH="561">
<String CONTENT="London." HEIGHT="41" HPOS="393" VPOS="636" WIDTH="211" />
<SP HEIGHT="47" HPOS="605" VPOS="637" WIDTH="69" />
<String CONTENT="(35-15474)" HEIGHT="47" HPOS="675" VPOS="637" WIDTH="279" />
</TextLine>
<TextLine HEIGHT="66" HPOS="322" STYLEREFS="StyleId-4CF0455C-60A1-4804-B005-2F33E10C2BAB-" VPOS="710" WIDTH="865">
<String CONTENT="Webster," HEIGHT="65" HPOS="322" VPOS="710" WIDTH="290" />
<SP HEIGHT="63" HPOS="613" VPOS="712" WIDTH="27" />
<String CONTENT="Noah," HEIGHT="64" HPOS="641" VPOS="712" WIDTH="190" />
<SP HEIGHT="58" HPOS="832" VPOS="718" WIDTH="31" />
<String CONTENT="1758-1843." HEIGHT="55" HPOS="864" VPOS="713" WIDTH="323" />
</TextLine>
<TextLine CS="1" HEIGHT="71" HPOS="393" STYLEREFS="StyleId-4CF0455C-60A1-4804-B005-2F33E10C2BAB-" VPOS="789" WIDTH="1911">
<String CONTENT="Webster&#8217;s" HEIGHT="54" HPOS="393" VPOS="789" WIDTH="306" />
<SP HEIGHT="35" HPOS="700" VPOS="808" WIDTH="51" />
<String CONTENT="elementary" CS="1" HEIGHT="66" HPOS="752" VPOS="791" WIDTH="344" />
<SP HEIGHT="66" HPOS="1097" VPOS="791" WIDTH="49" />
<String CONTENT="dictionary;" HEIGHT="67" HPOS="1147" VPOS="791" WIDTH="350" />
<SP HEIGHT="48" HPOS="1498" VPOS="810" WIDTH="55" />
<String CONTENT="a" HEIGHT="33" HPOS="1554" VPOS="812" WIDTH="31" />
<SP HEIGHT="52" HPOS="1586" VPOS="793" WIDTH="49" />
<String CONTENT="Merriam-Webster;" CS="1" HEIGHT="57" HPOS="1636" VPOS="791" WIDTH="559" />
<SP HEIGHT="46" HPOS="2223" VPOS="814" WIDTH="55" />
<String CONTENT="a" HEIGHT="32" HPOS="2279" VPOS="814" WIDTH="25" />
</TextLine>
<TextLine CS="1" HEIGHT="72" HPOS="324" STYLEREFS="StyleId-4CF0455C-60A1-4804-B005-2F33E10C2BAB-" VPOS="866" WIDTH="1961">
<String CONTENT="dictionary" HEIGHT="69" HPOS="324" VPOS="866" WIDTH="321" />
<SP HEIGHT="68" HPOS="646" VPOS="867" WIDTH="40" />
<String CONTENT="for" HEIGHT="53" HPOS="687" VPOS="867" WIDTH="95" />
<SP HEIGHT="51" HPOS="783" VPOS="869" WIDTH="39" />
<String CONTENT="boys" HEIGHT="66" HPOS="823" VPOS="869" WIDTH="135" />
<SP HEIGHT="34" HPOS="959" VPOS="888" WIDTH="41" />
<String CONTENT="and" HEIGHT="52" HPOS="1001" VPOS="869" WIDTH="111" />
<SP HEIGHT="67" HPOS="1113" VPOS="869" WIDTH="39" />
<String CONTENT="girls." HEIGHT="66" HPOS="1153" VPOS="870" WIDTH="156" />
<SP HEIGHT="53" HPOS="1310" VPOS="870" WIDTH="76" />
<String CONTENT="New" HEIGHT="53" HPOS="1387" VPOS="870" WIDTH="138" />
<SP HEIGHT="51" HPOS="1526" VPOS="872" WIDTH="41" />
<String CONTENT="York," HEIGHT="67" HPOS="1568" VPOS="870" WIDTH="179" />
<SP HEIGHT="65" HPOS="1748" VPOS="872" WIDTH="42" />
<String CONTENT="Cincinnati" HEIGHT="55" HPOS="1791" VPOS="871" WIDTH="327" />
<SP HEIGHT="66" HPOS="2119" VPOS="872" WIDTH="48" />
<String CONTENT="[etc.]" CS="1" HEIGHT="61" HPOS="2168" VPOS="877" WIDTH="117" />
</TextLine>
<TextLine CS="1" HEIGHT="69" HPOS="322" STYLEREFS="StyleId-4CF0455C-60A1-4804-B005-2F33E10C2BAB-" VPOS="945" WIDTH="997">
<String CONTENT="American" HEIGHT="54" HPOS="322" VPOS="945" WIDTH="305" />
<SP HEIGHT="53" HPOS="628" VPOS="946" WIDTH="28" />
<String CONTENT="book" HEIGHT="52" HPOS="657" VPOS="946" WIDTH="146" />
<SP HEIGHT="52" HPOS="804" VPOS="946" WIDTH="28" />
<String CONTENT="company" HEIGHT="49" HPOS="833" VPOS="964" WIDTH="278" />
<SP HEIGHT="49" HPOS="1112" VPOS="965" WIDTH="34" />
<String CONTENT="[" CS="1" />
<String CONTENT="c" HEIGHT="21" HPOS="1165" STYLE="superscript" VPOS="954" WIDTH="17" />
<String CONTENT="1935]" CS="1" HEIGHT="49" HPOS="1188" VPOS="950" WIDTH="131" />
</TextLine>
<TextLine CS="1" HEIGHT="50" HPOS="392" STYLEREFS="StyleId-4CF0455C-60A1-4804-B005-2F33E10C2BAB-" VPOS="1017" WIDTH="940">
<String CONTENT="xii," HEIGHT="48" HPOS="392" VPOS="1018" WIDTH="85" />
<SP HEIGHT="47" HPOS="478" VPOS="1019" WIDTH="25" />
<String CONTENT="739" HEIGHT="41" HPOS="504" VPOS="1017" WIDTH="83" />
<SP HEIGHT="49" HPOS="588" VPOS="1017" WIDTH="26" />
<String CONTENT="p." HEIGHT="37" HPOS="615" VPOS="1029" WIDTH="42" />
<SP HEIGHT="39" HPOS="658" VPOS="1018" WIDTH="52" />
<String CONTENT="illus.," HEIGHT="47" HPOS="711" VPOS="1018" WIDTH="143" />
<SP HEIGHT="36" HPOS="855" VPOS="1029" WIDTH="21" />
<String CONTENT="col," HEIGHT="37" HPOS="877" VPOS="1021" WIDTH="86" />
<SP HEIGHT="37" HPOS="964" VPOS="1030" WIDTH="26" />
<String CONTENT="plates." HEIGHT="47" HPOS="991" VPOS="1020" WIDTH="169" />
<SP HEIGHT="38" HPOS="1161" VPOS="1019" WIDTH="53" />
<String CONTENT="23&#189;" CS="1" HEIGHT="40" HPOS="1215" VPOS="1019" WIDTH="55" />
<String CONTENT="cm" HEIGHT="20" HPOS="1273" STYLE="superscript" VPOS="1022" WIDTH="44" />
<String CONTENT="." HEIGHT="8" HPOS="1323" VPOS="1051" WIDTH="9" />
</TextLine>
<TextLine HEIGHT="51" HPOS="390" VPOS="1074" WIDTH="1919">
<String CONTENT="Previous" HEIGHT="41" HPOS="390" VPOS="1074" WIDTH="232" />
<SP HEIGHT="29" HPOS="623" VPOS="1086" WIDTH="31" />
<String CONTENT="editions" HEIGHT="41" HPOS="655" VPOS="1074" WIDTH="210" />
<SP HEIGHT="38" HPOS="866" VPOS="1076" WIDTH="26" />
<String CONTENT="have" HEIGHT="39" HPOS="893" VPOS="1076" WIDTH="127" />
<SP HEIGHT="37" HPOS="1021" VPOS="1079" WIDTH="28" />
<String CONTENT="title:" HEIGHT="40" HPOS="1050" VPOS="1076" WIDTH="135" />
<SP HEIGHT="39" HPOS="1186" VPOS="1077" WIDTH="34" />
<String CONTENT="Webster&#8217;s" HEIGHT="41" HPOS="1221" VPOS="1075" WIDTH="260" />
<SP HEIGHT="30" HPOS="1482" VPOS="1087" WIDTH="31" />
<String CONTENT="elementary-school" HEIGHT="47" HPOS="1514" VPOS="1077" WIDTH="479" />
<SP HEIGHT="39" HPOS="1994" VPOS="1078" WIDTH="30" />
<String CONTENT="dictionary." HEIGHT="49" HPOS="2025" VPOS="1076" WIDTH="284" />
</TextLine>
<TextLine CS="1" HEIGHT="53" HPOS="324" VPOS="1127" WIDTH="1983">
<String CONTENT="&#169;" HEIGHT="53" HPOS="324" VPOS="1127" WIDTH="53" />
<SP HEIGHT="53" HPOS="378" VPOS="1127" WIDTH="29" />
<String CONTENT="Aug." HEIGHT="47" HPOS="408" VPOS="1132" WIDTH="119" />
<SP HEIGHT="39" HPOS="528" VPOS="1132" WIDTH="32" />
<String CONTENT="14," HEIGHT="46" HPOS="561" VPOS="1132" WIDTH="69" />
<SP HEIGHT="44" HPOS="631" VPOS="1134" WIDTH="33" />
<String CONTENT="1935;" CS="1" HEIGHT="40" HPOS="665" VPOS="1132" WIDTH="116" />
<SP HEIGHT="47" HPOS="806" VPOS="1131" WIDTH="32" />
<String CONTENT="2c." HEIGHT="41" HPOS="839" VPOS="1131" WIDTH="66" />
<SP HEIGHT="29" HPOS="906" VPOS="1143" WIDTH="33" />
<String CONTENT="and" HEIGHT="39" HPOS="940" VPOS="1132" WIDTH="95" />
<SP HEIGHT="40" HPOS="1036" VPOS="1132" WIDTH="34" />
<String CONTENT="aff." HEIGHT="40" HPOS="1071" VPOS="1132" WIDTH="81" />
<SP HEIGHT="39" HPOS="1153" VPOS="1133" WIDTH="32" />
<String CONTENT="Aug." HEIGHT="47" HPOS="1186" VPOS="1133" WIDTH="120" />
<SP HEIGHT="39" HPOS="1307" VPOS="1134" WIDTH="34" />
<String CONTENT="15;" CS="1" HEIGHT="39" HPOS="1342" VPOS="1133" WIDTH="54" />
<SP HEIGHT="46" HPOS="1425" VPOS="1134" WIDTH="34" />
<String CONTENT="A" HEIGHT="38" HPOS="1460" VPOS="1134" WIDTH="43" />
<SP HEIGHT="40" HPOS="1504" VPOS="1133" WIDTH="27" />
<String CONTENT="84944;" HEIGHT="46" HPOS="1532" VPOS="1133" WIDTH="169" />
<SP HEIGHT="46" HPOS="1702" VPOS="1133" WIDTH="38" />
<String CONTENT="G." HEIGHT="40" HPOS="1741" LANG="fr" VPOS="1133" WIDTH="52" />
<SP HEIGHT="39" HPOS="1794" VPOS="1134" WIDTH="30" />
<String CONTENT="&amp;" HEIGHT="39" HPOS="1825" VPOS="1134" WIDTH="39" />
<SP HEIGHT="40" HPOS="1865" VPOS="1134" WIDTH="28" />
<String CONTENT="C." HEIGHT="40" HPOS="1894" VPOS="1134" WIDTH="47" />
<SP HEIGHT="38" HPOS="1942" VPOS="1135" WIDTH="36" />
<String CONTENT="Merriam" HEIGHT="41" HPOS="1979" VPOS="1132" WIDTH="228" />
<SP HEIGHT="29" HPOS="2208" VPOS="1146" WIDTH="33" />
<String CONTENT="co." HEIGHT="29" HPOS="2242" VPOS="1146" WIDTH="65" />
</TextLine>
<TextLine HEIGHT="51" HPOS="396" VPOS="1188" WIDTH="1357">
<String CONTENT="[Copyright" HEIGHT="49" HPOS="396" VPOS="1188" WIDTH="284" />
<SP HEIGHT="41" HPOS="681" VPOS="1188" WIDTH="23" />
<String CONTENT="is" HEIGHT="41" HPOS="705" VPOS="1188" WIDTH="41" />
<SP HEIGHT="29" HPOS="747" VPOS="1200" WIDTH="28" />
<String CONTENT="claimed" HEIGHT="41" HPOS="776" VPOS="1188" WIDTH="203" />
<SP HEIGHT="39" HPOS="980" VPOS="1190" WIDTH="27" />
<String CONTENT="on" HEIGHT="30" HPOS="1008" VPOS="1199" WIDTH="64" />
<SP HEIGHT="30" HPOS="1073" VPOS="1199" WIDTH="25" />
<String CONTENT="additions" HEIGHT="41" HPOS="1099" VPOS="1189" WIDTH="249" />
<SP HEIGHT="30" HPOS="1349" VPOS="1200" WIDTH="24" />
<String CONTENT="and" HEIGHT="39" HPOS="1374" VPOS="1190" WIDTH="97" />
<SP HEIGHT="39" HPOS="1472" VPOS="1190" WIDTH="29" />
<String CONTENT="revisions]" HEIGHT="51" HPOS="1502" VPOS="1188" WIDTH="251" />
</TextLine>
<TextLine HEIGHT="49" HPOS="400" VPOS="1246" WIDTH="280">
<String CONTENT="(35-13944)" HEIGHT="49" HPOS="400" VPOS="1246" WIDTH="280" />
</TextLine>
<TextLine HEIGHT="67" HPOS="324" STYLEREFS="StyleId-4CF0455C-60A1-4804-B005-2F33E10C2BAB-" VPOS="1306" WIDTH="785">
<String CONTENT="Wight," HEIGHT="67" HPOS="324" VPOS="1306" WIDTH="221" />
<SP HEIGHT="65" HPOS="546" VPOS="1308" WIDTH="28" />
<String CONTENT="Frederick," HEIGHT="65" HPOS="575" VPOS="1307" WIDTH="332" />
<SP HEIGHT="58" HPOS="908" VPOS="1314" WIDTH="30" />
<String CONTENT="1902-" HEIGHT="51" HPOS="939" VPOS="1312" WIDTH="170" />
</TextLine>
<TextLine CS="1" HEIGHT="72" HPOS="454" STYLEREFS="StyleId-4CF0455C-60A1-4804-B005-2F33E10C2BAB-" VPOS="1381" WIDTH="1851">
<String CONTENT="&#8230;" CS="1" />
<SP HEIGHT="56" HPOS="454" VPOS="1383" WIDTH="31" />
<String CONTENT="South;" HEIGHT="68" HPOS="486" VPOS="1383" WIDTH="212" />
<SP HEIGHT="49" HPOS="699" VPOS="1402" WIDTH="29" />
<String CONTENT="with" HEIGHT="54" HPOS="729" VPOS="1383" WIDTH="138" />
<SP HEIGHT="68" HPOS="868" VPOS="1385" WIDTH="26" />
<String CONTENT="paintings" HEIGHT="72" HPOS="895" VPOS="1381" WIDTH="294" />
<SP HEIGHT="53" HPOS="1190" VPOS="1384" WIDTH="25" />
<String CONTENT="by" HEIGHT="69" HPOS="1216" VPOS="1384" WIDTH="75" />
<SP HEIGHT="64" HPOS="1292" VPOS="1389" WIDTH="23" />
<String CONTENT="the" HEIGHT="54" HPOS="1316" VPOS="1385" WIDTH="96" />
<SP HEIGHT="35" HPOS="1413" VPOS="1404" WIDTH="24" />
<String CONTENT="author." HEIGHT="52" HPOS="1438" VPOS="1385" WIDTH="222" />
<SP HEIGHT="53" HPOS="1661" VPOS="1384" WIDTH="58" />
<String CONTENT="New" HEIGHT="54" HPOS="1720" VPOS="1384" WIDTH="139" />
<SP HEIGHT="54" HPOS="1860" VPOS="1384" WIDTH="27" />
<String CONTENT="York," HEIGHT="67" HPOS="1888" VPOS="1384" WIDTH="180" />
<SP HEIGHT="66" HPOS="2069" VPOS="1385" WIDTH="24" />
<String CONTENT="Farrar" HEIGHT="52" HPOS="2094" VPOS="1385" WIDTH="211" />
</TextLine>
<TextLine CS="1" HEIGHT="69" HPOS="318" STYLEREFS="StyleId-4CF0455C-60A1-4804-B005-2F33E10C2BAB-" VPOS="1460" WIDTH="731">
<String CONTENT="&amp;" HEIGHT="50" HPOS="318" VPOS="1464" WIDTH="45" />
<SP HEIGHT="52" HPOS="364" VPOS="1462" WIDTH="25" />
<String CONTENT="Rinehart," HEIGHT="68" HPOS="390" VPOS="1460" WIDTH="300" />
<SP HEIGHT="66" HPOS="691" VPOS="1462" WIDTH="25" />
<String CONTENT="inc." HEIGHT="53" HPOS="717" VPOS="1462" WIDTH="108" />
<SP HEIGHT="35" HPOS="826" VPOS="1494" WIDTH="30" />
<String CONTENT="[" CS="1" />
<String CONTENT="c" HEIGHT="22" HPOS="873" STYLE="superscript" VPOS="1467" WIDTH="20" />
<String CONTENT="1935]" HEIGHT="64" HPOS="897" VPOS="1465" WIDTH="152" />
</TextLine>
<TextLine CS="1" HEIGHT="52" HPOS="387" VPOS="1532" WIDTH="958">
<String CONTENT="4" HEIGHT="37" HPOS="387" VPOS="1536" WIDTH="29" />
<SP HEIGHT="47" HPOS="417" VPOS="1536" WIDTH="23" />
<String CONTENT="p." HEIGHT="37" HPOS="441" LANG="fr" VPOS="1546" WIDTH="44" />
<SP />
<String CONTENT="l." CS="1" LANG="fr" />
<String CONTENT="," HEIGHT="16" HPOS="548" VPOS="1567" WIDTH="9" />
<SP HEIGHT="50" HPOS="558" VPOS="1533" WIDTH="24" />
<String CONTENT="3-634" HEIGHT="43" HPOS="583" VPOS="1532" WIDTH="145" />
<SP HEIGHT="48" HPOS="729" VPOS="1535" WIDTH="24" />
<String CONTENT="p." HEIGHT="37" HPOS="754" VPOS="1546" WIDTH="43" />
<SP HEIGHT="31" HPOS="798" VPOS="1544" WIDTH="58" />
<String CONTENT="col." HEIGHT="42" HPOS="857" VPOS="1534" WIDTH="85" />
<SP HEIGHT="37" HPOS="943" VPOS="1547" WIDTH="25" />
<String CONTENT="plates." HEIGHT="48" HPOS="969" VPOS="1536" WIDTH="170" />
<SP HEIGHT="41" HPOS="1140" VPOS="1533" WIDTH="59" />
<String CONTENT="23&#189;" CS="1" HEIGHT="40" HPOS="1200" VPOS="1533" WIDTH="55" />
<String CONTENT="cm" CS="1" HEIGHT="21" HPOS="1288" STYLE="superscript" VPOS="1536" WIDTH="16" />
<String CONTENT="." HEIGHT="8" HPOS="1336" VPOS="1566" WIDTH="9" />
</TextLine>
<TextLine CS="1" HEIGHT="53" HPOS="322" VPOS="1588" WIDTH="1984">
<String CONTENT="&#169;" HEIGHT="53" HPOS="322" VPOS="1588" WIDTH="53" />
<SP HEIGHT="53" HPOS="376" VPOS="1588" WIDTH="25" />
<String CONTENT="Sept." HEIGHT="48" HPOS="402" VPOS="1593" WIDTH="126" />
<SP HEIGHT="40" HPOS="529" VPOS="1592" WIDTH="24" />
<String CONTENT="9," HEIGHT="48" HPOS="554" VPOS="1592" WIDTH="40" />
<SP HEIGHT="46" HPOS="595" VPOS="1594" WIDTH="22" />
<String CONTENT="1935;" CS="1" HEIGHT="40" HPOS="618" VPOS="1592" WIDTH="117" />
<SP HEIGHT="47" HPOS="759" VPOS="1591" WIDTH="25" />
<String CONTENT="2c." HEIGHT="41" HPOS="785" VPOS="1591" WIDTH="66" />
<SP HEIGHT="40" HPOS="852" VPOS="1593" WIDTH="24" />
<String CONTENT="Sept." HEIGHT="48" HPOS="877" VPOS="1593" WIDTH="128" />
<SP HEIGHT="39" HPOS="1006" VPOS="1593" WIDTH="23" />
<String CONTENT="11;" CS="1" HEIGHT="38" HPOS="1030" VPOS="1593" WIDTH="55" />
<SP HEIGHT="36" HPOS="1112" VPOS="1603" WIDTH="26" />
<String CONTENT="aff." HEIGHT="39" HPOS="1139" VPOS="1592" WIDTH="81" />
<SP HEIGHT="40" HPOS="1221" VPOS="1593" WIDTH="26" />
<String CONTENT="Sept." HEIGHT="47" HPOS="1248" VPOS="1593" WIDTH="126" />
<SP HEIGHT="38" HPOS="1375" VPOS="1594" WIDTH="21" />
<String CONTENT="10;" CS="1" HEIGHT="40" HPOS="1397" VPOS="1591" WIDTH="55" />
<SP HEIGHT="46" HPOS="1480" VPOS="1593" WIDTH="25" />
<String CONTENT="A" HEIGHT="38" HPOS="1506" VPOS="1593" WIDTH="41" />
<SP HEIGHT="41" HPOS="1548" VPOS="1592" WIDTH="23" />
<String CONTENT="85872;" CS="1" HEIGHT="42" HPOS="1572" VPOS="1591" WIDTH="145" />
<SP HEIGHT="48" HPOS="1741" VPOS="1591" WIDTH="28" />
<String CONTENT="F." HEIGHT="41" HPOS="1770" VPOS="1591" WIDTH="51" />
<SP HEIGHT="39" HPOS="1822" VPOS="1593" WIDTH="26" />
<String CONTENT="Wight," HEIGHT="48" HPOS="1849" VPOS="1591" WIDTH="179" />
<SP HEIGHT="46" HPOS="2029" VPOS="1593" WIDTH="23" />
<String CONTENT="Chatham," HEIGHT="48" HPOS="2053" VPOS="1593" WIDTH="253" />
</TextLine>
<TextLine HEIGHT="48" HPOS="389" VPOS="1647" WIDTH="495">
<String CONTENT="Mass." HEIGHT="40" HPOS="389" VPOS="1649" WIDTH="146" />
<SP HEIGHT="47" HPOS="536" VPOS="1648" WIDTH="68" />
<String CONTENT="(35-15314)" HEIGHT="48" HPOS="605" VPOS="1647" WIDTH="279" />
</TextLine>
<TextLine HEIGHT="66" HPOS="318" STYLEREFS="StyleId-4CF0455C-60A1-4804-B005-2F33E10C2BAB-" VPOS="1709" WIDTH="860">
<String CONTENT="Wilcox," HEIGHT="65" HPOS="318" VPOS="1710" WIDTH="240" />
<SP HEIGHT="64" HPOS="559" VPOS="1711" WIDTH="29" />
<String CONTENT="Francis" HEIGHT="52" HPOS="589" VPOS="1711" WIDTH="248" />
<SP HEIGHT="52" HPOS="838" VPOS="1711" WIDTH="24" />
<String CONTENT="McLellan." HEIGHT="58" HPOS="863" VPOS="1709" WIDTH="315" />
</TextLine>
<TextLine CS="1" HEIGHT="147" HPOS="319" STYLEREFS="StyleId-4CF0455C-60A1-4804-B005-2F33E10C2BAB-" VPOS="1785" WIDTH="1985">
<String CONTENT="The" HEIGHT="54" HPOS="389" VPOS="1787" WIDTH="122" />
<SP HEIGHT="50" HPOS="512" VPOS="1805" WIDTH="31" />
<String CONTENT="gospel" HEIGHT="67" HPOS="544" VPOS="1788" WIDTH="195" />
<SP HEIGHT="51" HPOS="740" VPOS="1788" WIDTH="32" />
<String CONTENT="of" HEIGHT="53" HPOS="773" VPOS="1786" WIDTH="64" />
<SP HEIGHT="53" HPOS="838" VPOS="1786" WIDTH="32" />
<String CONTENT="health;" HEIGHT="68" HPOS="871" VPOS="1786" WIDTH="222" />
<SP HEIGHT="48" HPOS="1094" VPOS="1806" WIDTH="36" />
<String CONTENT="a" HEIGHT="33" HPOS="1131" VPOS="1806" WIDTH="31" />
<SP HEIGHT="53" HPOS="1163" VPOS="1787" WIDTH="34" />
<String CONTENT="discussion" HEIGHT="55" HPOS="1198" VPOS="1785" WIDTH="311" />
<SP HEIGHT="34" HPOS="1510" VPOS="1805" WIDTH="34" />
<String CONTENT="of" HEIGHT="53" HPOS="1545" VPOS="1786" WIDTH="63" />
<SP HEIGHT="53" HPOS="1609" VPOS="1786" WIDTH="31" />
<String CONTENT="the" HEIGHT="51" HPOS="1641" VPOS="1788" WIDTH="96" />
<SP HEIGHT="35" HPOS="1738" VPOS="1805" WIDTH="30" />
<String CONTENT="underlying" HEIGHT="69" HPOS="1769" VPOS="1786" WIDTH="345" />
<SP HEIGHT="50" HPOS="2115" VPOS="1805" WIDTH="34" />
<String CONTENT="principles" HEIGHT="146" HPOS="319" VPOS="1786" WIDTH="1960" />
<SP HEIGHT="34" HPOS="493" VPOS="1884" WIDTH="33" />
<String CONTENT="of" HEIGHT="54" HPOS="527" VPOS="1864" WIDTH="64" />
<SP HEIGHT="52" HPOS="592" VPOS="1864" WIDTH="31" />
<String CONTENT="healthful" HEIGHT="55" HPOS="624" VPOS="1864" WIDTH="289" />
<SP HEIGHT="53" HPOS="914" VPOS="1866" WIDTH="30" />
<String CONTENT="living," HEIGHT="69" HPOS="945" VPOS="1863" WIDTH="201" />
<SP HEIGHT="67" HPOS="1147" VPOS="1865" WIDTH="31" />
<String CONTENT="based" HEIGHT="55" HPOS="1179" VPOS="1865" WIDTH="173" />
<SP HEIGHT="52" HPOS="1353" VPOS="1868" WIDTH="29" />
<String CONTENT="on" HEIGHT="35" HPOS="1383" VPOS="1882" WIDTH="71" />
<SP HEIGHT="47" HPOS="1455" VPOS="1870" WIDTH="32" />
<String CONTENT="the" HEIGHT="52" HPOS="1488" VPOS="1865" WIDTH="97" />
<SP HEIGHT="47" HPOS="1586" VPOS="1870" WIDTH="29" />
<String CONTENT="teaching" HEIGHT="68" HPOS="1616" VPOS="1864" WIDTH="264" />
<SP HEIGHT="49" HPOS="1881" VPOS="1883" WIDTH="31" />
<String CONTENT="of" HEIGHT="53" HPOS="1913" VPOS="1864" WIDTH="63" />
<SP HEIGHT="53" HPOS="1977" VPOS="1864" WIDTH="33" />
<String CONTENT="the" HEIGHT="51" HPOS="2011" VPOS="1866" WIDTH="95" />
<SP HEIGHT="51" HPOS="2107" VPOS="1867" WIDTH="33" />
<String CONTENT="Bible" HEIGHT="53" HPOS="2141" VPOS="1865" WIDTH="163" />
</TextLine>
<TextLine HEIGHT="70" HPOS="318" STYLEREFS="StyleId-4CF0455C-60A1-4804-B005-2F33E10C2BAB-" VPOS="1940" WIDTH="1982">
<String CONTENT="and" HEIGHT="53" HPOS="318" VPOS="1943" WIDTH="112" />
<SP HEIGHT="53" HPOS="431" VPOS="1943" WIDTH="32" />
<String CONTENT="the" HEIGHT="53" HPOS="464" VPOS="1943" WIDTH="96" />
<SP HEIGHT="35" HPOS="561" VPOS="1961" WIDTH="28" />
<String CONTENT="writings" HEIGHT="70" HPOS="590" VPOS="1940" WIDTH="262" />
<SP HEIGHT="35" HPOS="853" VPOS="1961" WIDTH="30" />
<String CONTENT="of" HEIGHT="53" HPOS="884" VPOS="1942" WIDTH="64" />
<SP HEIGHT="52" HPOS="949" VPOS="1942" WIDTH="29" />
<String CONTENT="Mrs." HEIGHT="52" HPOS="979" VPOS="1943" WIDTH="138" />
<SP HEIGHT="51" HPOS="1118" VPOS="1944" WIDTH="35" />
<String CONTENT="E." HEIGHT="53" HPOS="1154" VPOS="1944" WIDTH="66" />
<SP HEIGHT="54" HPOS="1221" VPOS="1944" WIDTH="34" />
<String CONTENT="G." HEIGHT="54" HPOS="1256" VPOS="1944" WIDTH="69" />
<SP HEIGHT="53" HPOS="1326" VPOS="1944" WIDTH="31" />
<String CONTENT="White," HEIGHT="68" HPOS="1358" VPOS="1940" WIDTH="211" />
<SP HEIGHT="46" HPOS="1570" VPOS="1962" WIDTH="31" />
<String CONTENT="with" HEIGHT="55" HPOS="1602" VPOS="1941" WIDTH="139" />
<SP HEIGHT="51" HPOS="1742" VPOS="1945" WIDTH="31" />
<String CONTENT="the" HEIGHT="51" HPOS="1774" VPOS="1943" WIDTH="96" />
<SP HEIGHT="35" HPOS="1871" VPOS="1960" WIDTH="30" />
<String CONTENT="confirmatory" HEIGHT="66" HPOS="1902" VPOS="1943" WIDTH="398" />
</TextLine>
<TextLine CS="1" HEIGHT="69" HPOS="317" STYLEREFS="StyleId-4CF0455C-60A1-4804-B005-2F33E10C2BAB-" VPOS="2018" WIDTH="1923">
<String CONTENT="evidence" HEIGHT="55" HPOS="317" VPOS="2019" WIDTH="263" />
<SP HEIGHT="36" HPOS="581" VPOS="2038" WIDTH="52" />
<String CONTENT="of" HEIGHT="56" HPOS="634" VPOS="2018" WIDTH="64" />
<SP HEIGHT="56" HPOS="699" VPOS="2018" WIDTH="51" />
<String CONTENT="scientific" HEIGHT="56" HPOS="751" VPOS="2018" WIDTH="270" />
<SP HEIGHT="34" HPOS="1022" VPOS="2039" WIDTH="53" />
<String CONTENT="research," HEIGHT="67" HPOS="1076" VPOS="2020" WIDTH="274" />
<SP HEIGHT="67" HPOS="1351" VPOS="2020" WIDTH="49" />
<String CONTENT="by" HEIGHT="67" HPOS="1401" VPOS="2020" WIDTH="77" />
<SP HEIGHT="66" HPOS="1479" VPOS="2021" WIDTH="51" />
<String CONTENT="Francis" HEIGHT="53" HPOS="1531" VPOS="2020" WIDTH="238" />
<SP HEIGHT="52" HPOS="1770" VPOS="2021" WIDTH="53" />
<String CONTENT="M." HEIGHT="53" HPOS="1824" VPOS="2021" WIDTH="80" />
<SP HEIGHT="55" HPOS="1905" VPOS="2021" WIDTH="52" />
<String CONTENT="Wilcox" HEIGHT="56" HPOS="1958" VPOS="2020" WIDTH="224" />
<SP HEIGHT="35" HPOS="2183" VPOS="2039" WIDTH="57" />
<String CONTENT="&#8230;" CS="1" />
</TextLine>
<TextLine HEIGHT="70" HPOS="315" STYLEREFS="StyleId-4CF0455C-60A1-4804-B005-2F33E10C2BAB-" VPOS="2096" WIDTH="1980">
<String CONTENT="Washington," HEIGHT="70" HPOS="315" VPOS="2096" WIDTH="400" />
<SP HEIGHT="66" HPOS="716" VPOS="2100" WIDTH="30" />
<String CONTENT="D." HEIGHT="52" HPOS="747" VPOS="2100" WIDTH="71" />
<SP HEIGHT="55" HPOS="819" VPOS="2097" WIDTH="35" />
<String CONTENT="C.," HEIGHT="69" HPOS="855" LANG="fr" VPOS="2097" WIDTH="81" />
<SP HEIGHT="66" HPOS="937" VPOS="2100" WIDTH="28" />
<String CONTENT="Peekskill," HEIGHT="69" HPOS="966" VPOS="2097" WIDTH="305" />
<SP HEIGHT="67" HPOS="1272" VPOS="2099" WIDTH="31" />
<String CONTENT="N." HEIGHT="54" HPOS="1304" LANG="fr" VPOS="2099" WIDTH="69" />
<SP HEIGHT="54" HPOS="1374" VPOS="2099" WIDTH="34" />
<String CONTENT="Y." HEIGHT="53" HPOS="1409" VPOS="2099" WIDTH="69" />
<SP HEIGHT="33" HPOS="1479" VPOS="2133" WIDTH="42" />
<String CONTENT="[etc.]" HEIGHT="63" HPOS="1522" VPOS="2103" WIDTH="136" />
<SP HEIGHT="67" HPOS="1659" VPOS="2099" WIDTH="38" />
<String CONTENT="Review" HEIGHT="53" HPOS="1698" VPOS="2098" WIDTH="228" />
<SP HEIGHT="35" HPOS="1927" VPOS="2116" WIDTH="32" />
<String CONTENT="and" HEIGHT="52" HPOS="1960" VPOS="2100" WIDTH="112" />
<SP HEIGHT="52" HPOS="2073" VPOS="2100" WIDTH="30" />
<String CONTENT="herald" HEIGHT="53" HPOS="2104" VPOS="2098" WIDTH="191" />
</TextLine>
<TextLine CS="1" HEIGHT="68" HPOS="316" STYLEREFS="StyleId-4CF0455C-60A1-4804-B005-2F33E10C2BAB-" VPOS="2176" WIDTH="736">
<String CONTENT="publishing" HEIGHT="68" HPOS="316" VPOS="2176" WIDTH="335" />
<SP HEIGHT="49" HPOS="652" VPOS="2195" WIDTH="28" />
<String CONTENT="assn." HEIGHT="34" HPOS="681" VPOS="2196" WIDTH="144" />
<SP HEIGHT="33" HPOS="826" VPOS="2211" WIDTH="36" />
<String CONTENT="[c1935]" CS="1" HEIGHT="63" HPOS="863" VPOS="2181" WIDTH="189" />
</TextLine>
<TextLine CS="1" HEIGHT="49" HPOS="389" VPOS="2248" WIDTH="886">
<String CONTENT="130" HEIGHT="40" HPOS="389" VPOS="2248" WIDTH="86" />
<SP HEIGHT="47" HPOS="476" VPOS="2249" WIDTH="26" />
<String CONTENT="p." HEIGHT="37" HPOS="503" VPOS="2259" WIDTH="43" />
<SP HEIGHT="39" HPOS="547" VPOS="2249" WIDTH="29" />
<String CONTENT="incl." HEIGHT="40" HPOS="577" VPOS="2249" WIDTH="109" />
<SP />
<String CONTENT="front." CS="1" />
<SP HEIGHT="47" HPOS="865" VPOS="2249" WIDTH="25" />
<String CONTENT="(port.)" HEIGHT="48" HPOS="891" VPOS="2249" WIDTH="172" />
<SP HEIGHT="47" HPOS="1064" VPOS="2249" WIDTH="67" />
<String CONTENT="19&#189;" CS="1" HEIGHT="40" HPOS="1132" VPOS="2248" WIDTH="56" />
<String CONTENT="cm" HEIGHT="21" HPOS="1218" STYLE="superscript" VPOS="2251" WIDTH="43" />
<String CONTENT="." HEIGHT="8" HPOS="1267" VPOS="2280" WIDTH="8" />
</TextLine>
<TextLine CS="1" HEIGHT="53" HPOS="319" VPOS="2302" WIDTH="1980">
<String CONTENT="&#169;" HEIGHT="53" HPOS="319" VPOS="2302" WIDTH="53" />
<SP HEIGHT="53" HPOS="373" VPOS="2302" WIDTH="25" />
<String CONTENT="June" HEIGHT="39" HPOS="399" VPOS="2307" WIDTH="127" />
<SP HEIGHT="39" HPOS="527" VPOS="2307" WIDTH="21" />
<String CONTENT="6," HEIGHT="48" HPOS="549" VPOS="2307" WIDTH="40" />
<SP HEIGHT="48" HPOS="590" VPOS="2307" WIDTH="24" />
<String CONTENT="1935;" HEIGHT="47" HPOS="615" VPOS="2305" WIDTH="140" />
<SP HEIGHT="46" HPOS="756" VPOS="2306" WIDTH="27" />
<String CONTENT="2c." HEIGHT="40" HPOS="784" VPOS="2306" WIDTH="68" />
<SP HEIGHT="39" HPOS="853" VPOS="2307" WIDTH="24" />
<String CONTENT="June" HEIGHT="39" HPOS="878" VPOS="2307" WIDTH="129" />
<SP HEIGHT="39" HPOS="1008" VPOS="2307" WIDTH="21" />
<String CONTENT="8;" HEIGHT="46" HPOS="1030" VPOS="2307" WIDTH="52" />
<SP HEIGHT="36" HPOS="1083" VPOS="2317" WIDTH="28" />
<String CONTENT="aff." HEIGHT="40" HPOS="1112" VPOS="2305" WIDTH="81" />
<SP HEIGHT="39" HPOS="1194" VPOS="2306" WIDTH="23" />
<String CONTENT="June" HEIGHT="39" HPOS="1218" VPOS="2306" WIDTH="130" />
<SP HEIGHT="38" HPOS="1349" VPOS="2307" WIDTH="19" />
<String CONTENT="7;" CS="1" HEIGHT="38" HPOS="1369" VPOS="2307" WIDTH="24" />
<SP HEIGHT="46" HPOS="1421" VPOS="2306" WIDTH="28" />
<String CONTENT="A" HEIGHT="38" HPOS="1450" VPOS="2306" WIDTH="41" />
<SP HEIGHT="40" HPOS="1492" VPOS="2306" WIDTH="24" />
<String CONTENT="83519;" HEIGHT="47" HPOS="1517" VPOS="2304" WIDTH="169" />
<SP HEIGHT="46" HPOS="1687" VPOS="2305" WIDTH="28" />
<String CONTENT="Review" HEIGHT="42" HPOS="1716" VPOS="2304" WIDTH="194" />
<SP HEIGHT="40" HPOS="1911" VPOS="2305" WIDTH="25" />
<String CONTENT="&amp;" HEIGHT="40" HPOS="1937" VPOS="2305" WIDTH="37" />
<SP HEIGHT="40" HPOS="1975" VPOS="2305" WIDTH="23" />
<String CONTENT="herald" HEIGHT="39" HPOS="1999" VPOS="2306" WIDTH="170" />
<SP HEIGHT="46" HPOS="2170" VPOS="2306" WIDTH="25" />
<String CONTENT="pub." HEIGHT="48" HPOS="2196" VPOS="2304" WIDTH="103" />
</TextLine>
<TextLine HEIGHT="47" HPOS="388" VPOS="2363" WIDTH="477">
<String CONTENT="assn." HEIGHT="30" HPOS="388" VPOS="2373" WIDTH="127" />
<SP HEIGHT="47" HPOS="516" VPOS="2363" WIDTH="68" />
<String CONTENT="(35-15143)" HEIGHT="47" HPOS="585" VPOS="2363" WIDTH="280" />
</TextLine>
<TextLine HEIGHT="67" HPOS="317" STYLEREFS="StyleId-4CF0455C-60A1-4804-B005-2F33E10C2BAB-" VPOS="2422" WIDTH="1003">
<String CONTENT="Wilson," HEIGHT="67" HPOS="317" VPOS="2422" WIDTH="240" />
<SP HEIGHT="64" HPOS="558" VPOS="2425" WIDTH="26" />
<String CONTENT="Philip" HEIGHT="65" HPOS="585" VPOS="2423" WIDTH="193" />
<SP HEIGHT="63" HPOS="779" VPOS="2425" WIDTH="26" />
<String CONTENT="Whit" HEIGHT="55" HPOS="806" VPOS="2423" WIDTH="162" />
<SP HEIGHT="50" HPOS="969" VPOS="2427" WIDTH="2" />
<String CONTENT="well," HEIGHT="64" HPOS="972" VPOS="2423" WIDTH="145" />
<SP HEIGHT="57" HPOS="1118" VPOS="2430" WIDTH="30" />
<String CONTENT="1875-" HEIGHT="54" HPOS="1149" VPOS="2425" WIDTH="171" />
</TextLine>
<TextLine CS="1" HEIGHT="71" HPOS="385" STYLEREFS="StyleId-4CF0455C-60A1-4804-B005-2F33E10C2BAB-" VPOS="2497" WIDTH="1910">
<String CONTENT="General" HEIGHT="55" HPOS="385" VPOS="2499" WIDTH="246" />
<SP HEIGHT="52" HPOS="632" VPOS="2499" WIDTH="23" />
<String CONTENT="Evangeline" HEIGHT="69" HPOS="656" VPOS="2499" WIDTH="354" />
<SP HEIGHT="52" HPOS="1011" VPOS="2500" WIDTH="24" />
<String CONTENT="Booth," HEIGHT="66" HPOS="1036" VPOS="2500" WIDTH="207" />
<SP HEIGHT="67" HPOS="1244" VPOS="2499" WIDTH="23" />
<String CONTENT="by" HEIGHT="69" HPOS="1268" VPOS="2499" WIDTH="76" />
<SP HEIGHT="69" HPOS="1345" VPOS="2499" WIDTH="23" />
<String CONTENT="P." HEIGHT="53" HPOS="1369" VPOS="2499" WIDTH="66" />
<SP HEIGHT="54" HPOS="1436" VPOS="2499" WIDTH="23" />
<String CONTENT="Whitwell" HEIGHT="55" HPOS="1460" VPOS="2498" WIDTH="295" />
<SP HEIGHT="55" HPOS="1756" VPOS="2498" WIDTH="22" />
<String CONTENT="Wilson" HEIGHT="56" HPOS="1779" VPOS="2497" WIDTH="224" />
<SP HEIGHT="35" HPOS="2004" VPOS="2516" WIDTH="31" />
<String CONTENT="&#8230;" CS="1" />
<SP HEIGHT="53" HPOS="2095" VPOS="2498" WIDTH="63" />
<String CONTENT="New" HEIGHT="53" HPOS="2159" VPOS="2498" WIDTH="136" />
</TextLine>
<TextLine CS="1" HEIGHT="71" HPOS="315" STYLEREFS="StyleId-4CF0455C-60A1-4804-B005-2F33E10C2BAB-" VPOS="2575" WIDTH="1498">
<String CONTENT="York" HEIGHT="54" HPOS="315" VPOS="2575" WIDTH="164" />
<SP HEIGHT="67" HPOS="480" VPOS="2577" WIDTH="29" />
<String CONTENT="[etc.]" CS="1" HEIGHT="61" HPOS="529" VPOS="2582" WIDTH="118" />
<SP HEIGHT="66" HPOS="648" VPOS="2577" WIDTH="33" />
<String CONTENT="Fleming" HEIGHT="69" HPOS="682" VPOS="2577" WIDTH="265" />
<SP HEIGHT="69" HPOS="948" VPOS="2577" WIDTH="24" />
<String CONTENT="H." HEIGHT="52" HPOS="973" VPOS="2577" WIDTH="76" />
<SP HEIGHT="52" HPOS="1050" VPOS="2577" WIDTH="28" />
<String CONTENT="Re" HEIGHT="52" HPOS="1079" VPOS="2577" WIDTH="82" />
<SP HEIGHT="35" HPOS="1162" VPOS="2594" WIDTH="3" />
<String CONTENT="veil" HEIGHT="51" HPOS="1166" VPOS="2577" WIDTH="111" />
<SP HEIGHT="52" HPOS="1278" VPOS="2577" WIDTH="28" />
<String CONTENT="company" HEIGHT="52" HPOS="1307" VPOS="2593" WIDTH="280" />
<SP HEIGHT="50" HPOS="1588" VPOS="2595" WIDTH="32" />
<String CONTENT="[" HEIGHT="34" HPOS="1621" VPOS="2609" WIDTH="14" />
<String CONTENT="c" HEIGHT="22" HPOS="1638" STYLE="superscript" VPOS="2582" WIDTH="19" />
<String CONTENT="1935]" HEIGHT="65" HPOS="1662" VPOS="2578" WIDTH="151" />
</TextLine>
<TextLine CS="1" HEIGHT="49" HPOS="385" VPOS="2649" WIDTH="775">
<String CONTENT="127" HEIGHT="39" HPOS="385" VPOS="2649" WIDTH="85" />
<SP HEIGHT="47" HPOS="471" VPOS="2650" WIDTH="26" />
<String CONTENT="p." HEIGHT="39" HPOS="498" VPOS="2658" WIDTH="43" />
<SP />
<String CONTENT="front." CS="1" />
<SP HEIGHT="47" HPOS="749" VPOS="2650" WIDTH="28" />
<String CONTENT="(port.)" HEIGHT="48" HPOS="778" VPOS="2650" WIDTH="169" />
<SP HEIGHT="48" HPOS="948" VPOS="2650" WIDTH="66" />
<String CONTENT="19&#189;" CS="1" HEIGHT="41" HPOS="1015" VPOS="2649" WIDTH="56" />
<String CONTENT="cm" HEIGHT="22" HPOS="1105" STYLE="superscript" VPOS="2651" WIDTH="43" />
<String CONTENT="." HEIGHT="9" HPOS="1151" VPOS="2680" WIDTH="9" />
</TextLine>
<TextLine HEIGHT="49" HPOS="388" VPOS="2703" WIDTH="1908">
<String CONTENT="London" HEIGHT="40" HPOS="388" VPOS="2705" WIDTH="198" />
<SP HEIGHT="28" HPOS="587" VPOS="2717" WIDTH="24" />
<String CONTENT="edition" HEIGHT="40" HPOS="612" VPOS="2705" WIDTH="183" />
<SP HEIGHT="45" HPOS="796" VPOS="2707" WIDTH="36" />
<String CONTENT="(Hodder" HEIGHT="47" HPOS="833" VPOS="2705" WIDTH="221" />
<SP HEIGHT="29" HPOS="1055" VPOS="2716" WIDTH="24" />
<String CONTENT="and" HEIGHT="38" HPOS="1080" VPOS="2707" WIDTH="96" />
<SP HEIGHT="41" HPOS="1177" VPOS="2704" WIDTH="30" />
<String CONTENT="Stoughton)" HEIGHT="48" HPOS="1208" VPOS="2704" WIDTH="293" />
<SP HEIGHT="47" HPOS="1502" VPOS="2705" WIDTH="35" />
<String CONTENT="has" HEIGHT="40" HPOS="1538" VPOS="2705" WIDTH="90" />
<SP HEIGHT="39" HPOS="1629" VPOS="2706" WIDTH="27" />
<String CONTENT="title:" HEIGHT="40" HPOS="1657" VPOS="2704" WIDTH="134" />
<SP HEIGHT="39" HPOS="1792" VPOS="2704" WIDTH="30" />
<String CONTENT="The" HEIGHT="40" HPOS="1823" VPOS="2704" WIDTH="100" />
<SP HEIGHT="41" HPOS="1924" VPOS="2703" WIDTH="29" />
<String CONTENT="General;" HEIGHT="49" HPOS="1954" VPOS="2703" WIDTH="232" />
<SP HEIGHT="46" HPOS="2187" VPOS="2706" WIDTH="29" />
<String CONTENT="the" HEIGHT="40" HPOS="2217" VPOS="2704" WIDTH="79" />
</TextLine>
<TextLine HEIGHT="47" HPOS="316" VPOS="2761" WIDTH="735">
<String CONTENT="story" HEIGHT="46" HPOS="316" VPOS="2762" WIDTH="135" />
<SP HEIGHT="36" HPOS="452" VPOS="2772" WIDTH="25" />
<String CONTENT="of" HEIGHT="39" HPOS="478" VPOS="2762" WIDTH="53" />
<SP HEIGHT="39" HPOS="532" VPOS="2761" WIDTH="22" />
<String CONTENT="Evangeline" HEIGHT="47" HPOS="555" VPOS="2761" WIDTH="296" />
<SP HEIGHT="39" HPOS="852" VPOS="2762" WIDTH="27" />
<String CONTENT="Booth." HEIGHT="40" HPOS="880" VPOS="2762" WIDTH="171" />
</TextLine>
<TextLine CS="1" HEIGHT="53" HPOS="316" VPOS="2814" WIDTH="1901">
<String CONTENT="&#169;" HEIGHT="53" HPOS="316" VPOS="2814" WIDTH="53" />
<SP HEIGHT="53" HPOS="370" VPOS="2814" WIDTH="24" />
<String CONTENT="Aug." HEIGHT="48" HPOS="395" VPOS="2819" WIDTH="120" />
<SP HEIGHT="41" HPOS="516" VPOS="2818" WIDTH="25" />
<String CONTENT="9," HEIGHT="48" HPOS="542" VPOS="2818" WIDTH="42" />
<SP HEIGHT="45" HPOS="585" VPOS="2821" WIDTH="25" />
<String CONTENT="1935;" CS="1" HEIGHT="39" HPOS="611" VPOS="2820" WIDTH="113" />
<SP HEIGHT="46" HPOS="752" VPOS="2820" WIDTH="28" />
<String CONTENT="2c." HEIGHT="39" HPOS="781" VPOS="2820" WIDTH="65" />
<SP HEIGHT="29" HPOS="847" VPOS="2830" WIDTH="26" />
<String CONTENT="and" HEIGHT="39" HPOS="874" VPOS="2820" WIDTH="95" />
<SP HEIGHT="39" HPOS="970" VPOS="2820" WIDTH="26" />
<String CONTENT="aff." HEIGHT="42" HPOS="997" VPOS="2817" WIDTH="83" />
<SP HEIGHT="40" HPOS="1081" VPOS="2819" WIDTH="30" />
<String CONTENT="Sept." HEIGHT="48" HPOS="1112" VPOS="2819" WIDTH="127" />
<SP HEIGHT="40" HPOS="1240" VPOS="2819" WIDTH="25" />
<String CONTENT="6;" CS="1" HEIGHT="40" HPOS="1266" VPOS="2819" WIDTH="25" />
<SP HEIGHT="46" HPOS="1319" VPOS="2820" WIDTH="26" />
<String CONTENT="A" HEIGHT="38" HPOS="1346" VPOS="2820" WIDTH="42" />
<SP HEIGHT="39" HPOS="1389" VPOS="2820" WIDTH="26" />
<String CONTENT="86167;" CS="1" HEIGHT="40" HPOS="1416" VPOS="2819" WIDTH="142" />
<SP HEIGHT="46" HPOS="1586" VPOS="2819" WIDTH="30" />
<String CONTENT="Fleming" HEIGHT="49" HPOS="1617" VPOS="2818" WIDTH="221" />
<SP HEIGHT="47" HPOS="1839" VPOS="2820" WIDTH="24" />
<String CONTENT="H." HEIGHT="39" HPOS="1864" VPOS="2820" WIDTH="60" />
<SP HEIGHT="39" HPOS="1925" VPOS="2820" WIDTH="30" />
<String CONTENT="Revell" HEIGHT="39" HPOS="1956" VPOS="2820" WIDTH="166" />
<SP HEIGHT="39" HPOS="2123" VPOS="2820" WIDTH="26" />
<String CONTENT="co." HEIGHT="30" HPOS="2150" VPOS="2829" WIDTH="67" />
</TextLine>
<TextLine HEIGHT="49" HPOS="395" VPOS="2876" WIDTH="279">
<String CONTENT="(35-15286)" HEIGHT="49" HPOS="395" VPOS="2876" WIDTH="279" />
</TextLine>
<TextLine CS="1" HEIGHT="66" HPOS="315" STYLEREFS="StyleId-4CF0455C-60A1-4804-B005-2F33E10C2BAB-" VPOS="2936" WIDTH="942">
<String CONTENT="Winkelman," HEIGHT="66" HPOS="315" VPOS="2936" WIDTH="386" />
<SP HEIGHT="64" HPOS="702" VPOS="2938" WIDTH="27" />
<String CONTENT="Barnie" HEIGHT="54" HPOS="730" VPOS="2936" WIDTH="214" />
<SP HEIGHT="52" HPOS="945" VPOS="2938" WIDTH="26" />
<String CONTENT="F.," HEIGHT="63" HPOS="972" VPOS="2938" WIDTH="82" />
<SP HEIGHT="58" HPOS="1055" VPOS="2943" WIDTH="31" />
<String CONTENT="1894-" CS="1" HEIGHT="49" HPOS="1087" VPOS="2943" WIDTH="170" />
</TextLine>
<TextLine CS="1" HEIGHT="70" HPOS="384" STYLEREFS="StyleId-4CF0455C-60A1-4804-B005-2F33E10C2BAB-" VPOS="3011" WIDTH="1908">
<String CONTENT="Modern" HEIGHT="53" HPOS="384" VPOS="3013" WIDTH="242" />
<SP HEIGHT="34" HPOS="627" VPOS="3032" WIDTH="29" />
<String CONTENT="chess;" CS="1" HEIGHT="53" HPOS="657" VPOS="3013" WIDTH="153" />
<SP HEIGHT="47" HPOS="840" VPOS="3032" WIDTH="31" />
<String CONTENT="an" HEIGHT="33" HPOS="872" VPOS="3032" WIDTH="73" />
<SP HEIGHT="51" HPOS="946" VPOS="3014" WIDTH="26" />
<String CONTENT="introduction" HEIGHT="54" HPOS="973" VPOS="3013" WIDTH="388" />
<SP HEIGHT="48" HPOS="1362" VPOS="3018" WIDTH="27" />
<String CONTENT="to" HEIGHT="49" HPOS="1390" VPOS="3018" WIDTH="59" />
<SP HEIGHT="48" HPOS="1450" VPOS="3019" WIDTH="28" />
<String CONTENT="the" HEIGHT="53" HPOS="1479" VPOS="3013" WIDTH="95" />
<SP HEIGHT="34" HPOS="1575" VPOS="3032" WIDTH="28" />
<String CONTENT="art" HEIGHT="48" HPOS="1604" VPOS="3018" WIDTH="91" />
<SP HEIGHT="48" HPOS="1696" VPOS="3018" WIDTH="26" />
<String CONTENT="of" HEIGHT="53" HPOS="1723" VPOS="3012" WIDTH="63" />
<SP HEIGHT="54" HPOS="1787" VPOS="3012" WIDTH="30" />
<String CONTENT="chess" HEIGHT="54" HPOS="1818" VPOS="3012" WIDTH="152" />
<SP HEIGHT="33" HPOS="1971" VPOS="3032" WIDTH="29" />
<String CONTENT="as" HEIGHT="33" HPOS="2001" VPOS="3032" WIDTH="58" />
<SP HEIGHT="51" HPOS="2060" VPOS="3030" WIDTH="28" />
<String CONTENT="played" HEIGHT="70" HPOS="2089" VPOS="3011" WIDTH="203" />
</TextLine>
<TextLine CS="1" HEIGHT="70" HPOS="316" STYLEREFS="StyleId-4CF0455C-60A1-4804-B005-2F33E10C2BAB-" VPOS="3089" WIDTH="1916">
<String CONTENT="by" HEIGHT="69" HPOS="316" VPOS="3090" WIDTH="74" />
<SP HEIGHT="61" HPOS="391" VPOS="3098" WIDTH="43" />
<String CONTENT="the" HEIGHT="51" HPOS="435" VPOS="3092" WIDTH="95" />
<SP HEIGHT="35" HPOS="531" VPOS="3108" WIDTH="45" />
<String CONTENT="modern" HEIGHT="52" HPOS="577" VPOS="3091" WIDTH="233" />
<SP HEIGHT="34" HPOS="811" VPOS="3109" WIDTH="47" />
<String CONTENT="chess" HEIGHT="53" HPOS="859" VPOS="3091" WIDTH="151" />
<SP HEIGHT="35" HPOS="1011" VPOS="3109" WIDTH="46" />
<String CONTENT="master," HEIGHT="62" HPOS="1058" VPOS="3096" WIDTH="226" />
<SP HEIGHT="67" HPOS="1285" VPOS="3091" WIDTH="44" />
<String CONTENT="by" HEIGHT="66" HPOS="1330" VPOS="3091" WIDTH="73" />
<SP HEIGHT="65" HPOS="1404" VPOS="3092" WIDTH="44" />
<String CONTENT="Barnie" HEIGHT="53" HPOS="1449" VPOS="3091" WIDTH="213" />
<SP HEIGHT="53" HPOS="1663" VPOS="3091" WIDTH="43" />
<String CONTENT="F." HEIGHT="52" HPOS="1707" VPOS="3091" WIDTH="67" />
<SP HEIGHT="53" HPOS="1775" VPOS="3092" WIDTH="44" />
<String CONTENT="Winkelman" HEIGHT="56" HPOS="1820" VPOS="3089" WIDTH="362" />
<SP HEIGHT="33" HPOS="2183" VPOS="3109" WIDTH="49" />
<String CONTENT="&#8230;" CS="1" />
</TextLine>
<TextLine CS="1" HEIGHT="67" HPOS="315" STYLEREFS="StyleId-4CF0455C-60A1-4804-B005-2F33E10C2BAB-" VPOS="3168" WIDTH="1591">
<String CONTENT="3d" HEIGHT="51" HPOS="315" VPOS="3170" WIDTH="70" />
<SP HEIGHT="51" HPOS="386" VPOS="3170" WIDTH="24" />
<String CONTENT="rev." HEIGHT="36" HPOS="411" VPOS="3185" WIDTH="113" />
<SP HEIGHT="33" HPOS="525" VPOS="3188" WIDTH="27" />
<String CONTENT="ed." HEIGHT="52" HPOS="553" VPOS="3169" WIDTH="83" />
<SP HEIGHT="51" HPOS="637" VPOS="3170" WIDTH="59" />
<String CONTENT="Philadelphia," HEIGHT="66" HPOS="697" VPOS="3169" WIDTH="424" />
<SP HEIGHT="65" HPOS="1122" VPOS="3170" WIDTH="25" />
<String CONTENT="David" HEIGHT="53" HPOS="1148" VPOS="3168" WIDTH="192" />
<SP HEIGHT="53" HPOS="1341" VPOS="3168" WIDTH="24" />
<String CONTENT="McKay" HEIGHT="67" HPOS="1366" VPOS="3168" WIDTH="229" />
<SP HEIGHT="50" HPOS="1596" VPOS="3185" WIDTH="25" />
<String CONTENT="co." HEIGHT="34" HPOS="1622" VPOS="3188" WIDTH="79" />
<SP HEIGHT="33" HPOS="1702" VPOS="3202" WIDTH="32" />
<String CONTENT="[1935]" CS="1" HEIGHT="63" HPOS="1756" VPOS="3172" WIDTH="150" />
</TextLine>
<TextLine HEIGHT="49" HPOS="381" VPOS="3240" WIDTH="526">
<String CONTENT="233" HEIGHT="41" HPOS="381" VPOS="3240" WIDTH="86" />
<SP HEIGHT="49" HPOS="468" VPOS="3240" WIDTH="32" />
<String CONTENT="p." HEIGHT="37" HPOS="501" VPOS="3252" WIDTH="43" />
<SP HEIGHT="40" HPOS="545" VPOS="3241" WIDTH="58" />
<String CONTENT="illus." HEIGHT="40" HPOS="604" VPOS="3241" WIDTH="128" />
<SP HEIGHT="41" HPOS="733" VPOS="3240" WIDTH="58" />
<String CONTENT="20" HEIGHT="41" HPOS="792" VPOS="3240" WIDTH="55" />
<String CONTENT="cm" HEIGHT="21" HPOS="851" STYLE="superscript" VPOS="3243" WIDTH="42" />
<String CONTENT="." HEIGHT="9" HPOS="897" VPOS="3272" WIDTH="10" />
</TextLine>
<TextLine CS="1" HEIGHT="53" HPOS="315" VPOS="3293" WIDTH="1867">
<String CONTENT="&#169;" HEIGHT="53" HPOS="315" VPOS="3293" WIDTH="53" />
<SP HEIGHT="53" HPOS="369" VPOS="3293" WIDTH="29" />
<String CONTENT="Mar." HEIGHT="37" HPOS="399" VPOS="3300" WIDTH="121" />
<SP HEIGHT="39" HPOS="521" VPOS="3298" WIDTH="29" />
<String CONTENT="26," HEIGHT="47" HPOS="551" VPOS="3298" WIDTH="69" />
<SP HEIGHT="45" HPOS="621" VPOS="3300" WIDTH="30" />
<String CONTENT="1935;" CS="1" HEIGHT="39" HPOS="652" VPOS="3298" WIDTH="117" />
<SP HEIGHT="46" HPOS="793" VPOS="3298" WIDTH="30" />
<String CONTENT="2c." HEIGHT="40" HPOS="824" VPOS="3298" WIDTH="66" />
<SP HEIGHT="29" HPOS="891" VPOS="3308" WIDTH="30" />
<String CONTENT="and" HEIGHT="38" HPOS="922" VPOS="3299" WIDTH="94" />
<SP HEIGHT="38" HPOS="1017" VPOS="3299" WIDTH="30" />
<String CONTENT="aff." HEIGHT="40" HPOS="1048" VPOS="3297" WIDTH="81" />
<SP HEIGHT="39" HPOS="1130" VPOS="3298" WIDTH="30" />
<String CONTENT="Aug." HEIGHT="47" HPOS="1161" VPOS="3298" WIDTH="119" />
<SP HEIGHT="40" HPOS="1281" VPOS="3297" WIDTH="29" />
<String CONTENT="15;" CS="1" HEIGHT="40" HPOS="1311" VPOS="3297" WIDTH="59" />
<SP HEIGHT="47" HPOS="1394" VPOS="3297" WIDTH="33" />
<String CONTENT="A" HEIGHT="39" HPOS="1428" VPOS="3297" WIDTH="42" />
<SP HEIGHT="41" HPOS="1471" VPOS="3297" WIDTH="25" />
<String CONTENT="84942;" CS="1" HEIGHT="42" HPOS="1497" VPOS="3296" WIDTH="146" />
<SP HEIGHT="46" HPOS="1670" VPOS="3298" WIDTH="33" />
<String CONTENT="David" HEIGHT="40" HPOS="1704" VPOS="3297" WIDTH="159" />
<SP HEIGHT="39" HPOS="1864" VPOS="3298" WIDTH="31" />
<String CONTENT="McKay" HEIGHT="48" HPOS="1896" VPOS="3297" WIDTH="187" />
<SP HEIGHT="37" HPOS="2084" VPOS="3308" WIDTH="31" />
<String CONTENT="co." HEIGHT="29" HPOS="2116" VPOS="3308" WIDTH="66" />
</TextLine>
<TextLine HEIGHT="47" HPOS="392" VPOS="3354" WIDTH="278">
<String CONTENT="(35-27155)" HEIGHT="47" HPOS="392" VPOS="3354" WIDTH="278" />
</TextLine>
<TextLine HEIGHT="65" HPOS="313" STYLEREFS="StyleId-4CF0455C-60A1-4804-B005-2F33E10C2BAB-" VPOS="3414" WIDTH="1038">
<String CONTENT="Woodburn," HEIGHT="65" HPOS="313" VPOS="3414" WIDTH="353" />
<SP HEIGHT="63" HPOS="667" VPOS="3416" WIDTH="28" />
<String CONTENT="James" HEIGHT="53" HPOS="696" VPOS="3416" WIDTH="199" />
<SP HEIGHT="53" HPOS="896" VPOS="3415" WIDTH="28" />
<String CONTENT="Albert," HEIGHT="65" HPOS="925" VPOS="3414" WIDTH="226" />
<SP HEIGHT="57" HPOS="1152" VPOS="3422" WIDTH="31" />
<String CONTENT="1856-" HEIGHT="48" HPOS="1184" VPOS="3421" WIDTH="167" />
</TextLine>
<TextLine HEIGHT="68" HPOS="383" STYLEREFS="StyleId-4CF0455C-60A1-4804-B005-2F33E10C2BAB-" VPOS="3491" WIDTH="1904">
<String CONTENT="Our" HEIGHT="54" HPOS="383" VPOS="3491" WIDTH="123" />
<SP HEIGHT="53" HPOS="507" VPOS="3493" WIDTH="23" />
<String CONTENT="United" HEIGHT="55" HPOS="531" VPOS="3491" WIDTH="215" />
<SP HEIGHT="54" HPOS="747" VPOS="3493" WIDTH="28" />
<String CONTENT="States;" HEIGHT="66" HPOS="776" VPOS="3493" WIDTH="213" />
<SP HEIGHT="48" HPOS="990" VPOS="3511" WIDTH="29" />
<String CONTENT="a" HEIGHT="33" HPOS="1020" VPOS="3511" WIDTH="31" />
<SP HEIGHT="51" HPOS="1052" VPOS="3493" WIDTH="23" />
<String CONTENT="history" HEIGHT="66" HPOS="1076" VPOS="3492" WIDTH="221" />
<SP HEIGHT="48" HPOS="1298" VPOS="3510" WIDTH="24" />
<String CONTENT="of" HEIGHT="53" HPOS="1323" VPOS="3491" WIDTH="64" />
<SP HEIGHT="53" HPOS="1388" VPOS="3491" WIDTH="23" />
<String CONTENT="the" HEIGHT="51" HPOS="1412" VPOS="3493" WIDTH="96" />
<SP HEIGHT="35" HPOS="1509" VPOS="3509" WIDTH="21" />
<String CONTENT="nation," HEIGHT="66" HPOS="1531" VPOS="3491" WIDTH="213" />
<SP HEIGHT="65" HPOS="1745" VPOS="3492" WIDTH="24" />
<String CONTENT="by" HEIGHT="67" HPOS="1770" VPOS="3492" WIDTH="76" />
<SP HEIGHT="66" HPOS="1847" VPOS="3493" WIDTH="22" />
<String CONTENT="James" HEIGHT="53" HPOS="1870" VPOS="3493" WIDTH="192" />
<SP HEIGHT="52" HPOS="2063" VPOS="3492" WIDTH="25" />
<String CONTENT="Albert" HEIGHT="52" HPOS="2089" VPOS="3492" WIDTH="198" />
</TextLine>
<TextLine CS="1" HEIGHT="68" HPOS="311" STYLEREFS="StyleId-4CF0455C-60A1-4804-B005-2F33E10C2BAB-" VPOS="3567" WIDTH="1975">
<String CONTENT="Woodburn" HEIGHT="55" HPOS="311" VPOS="3567" WIDTH="332" />
<SP HEIGHT="34" HPOS="644" VPOS="3589" WIDTH="43" />
<String CONTENT="&#8230;" CS="1" />
<SP HEIGHT="52" HPOS="744" VPOS="3571" WIDTH="42" />
<String CONTENT="Thomas" HEIGHT="53" HPOS="787" VPOS="3569" WIDTH="245" />
<SP HEIGHT="52" HPOS="1033" VPOS="3570" WIDTH="38" />
<String CONTENT="Francis" HEIGHT="53" HPOS="1072" VPOS="3569" WIDTH="237" />
<SP HEIGHT="52" HPOS="1310" VPOS="3570" WIDTH="38" />
<String CONTENT="Moran" HEIGHT="51" HPOS="1349" VPOS="3570" WIDTH="204" />
<SP HEIGHT="35" HPOS="1554" VPOS="3588" WIDTH="45" />
<String CONTENT="&#8230;" CS="1" />
<SP HEIGHT="53" HPOS="1656" VPOS="3570" WIDTH="43" />
<String CONTENT="Howard" HEIGHT="53" HPOS="1700" VPOS="3569" WIDTH="256" />
<SP HEIGHT="55" HPOS="1957" VPOS="3569" WIDTH="41" />
<String CONTENT="Copeland" HEIGHT="68" HPOS="1999" VPOS="3567" WIDTH="287" />
</TextLine>
<TextLine CS="1" HEIGHT="69" HPOS="312" STYLEREFS="StyleId-4CF0455C-60A1-4804-B005-2F33E10C2BAB-" VPOS="3645" WIDTH="1972">
<String CONTENT="Hill" HEIGHT="54" HPOS="312" VPOS="3645" WIDTH="128" />
<SP HEIGHT="50" HPOS="441" VPOS="3649" WIDTH="27" />
<String CONTENT="&#8230;" CS="1" />
<SP HEIGHT="47" HPOS="526" VPOS="3651" WIDTH="79" />
<String CONTENT="1935" HEIGHT="49" HPOS="606" VPOS="3650" WIDTH="131" />
<SP HEIGHT="47" HPOS="738" VPOS="3652" WIDTH="26" />
<String CONTENT="ed." HEIGHT="52" HPOS="765" VPOS="3647" WIDTH="83" />
<SP HEIGHT="51" HPOS="849" VPOS="3648" WIDTH="72" />
<String CONTENT="New" HEIGHT="51" HPOS="922" VPOS="3648" WIDTH="137" />
<SP HEIGHT="52" HPOS="1060" VPOS="3647" WIDTH="24" />
<String CONTENT="York," HEIGHT="68" HPOS="1085" VPOS="3646" WIDTH="178" />
<SP HEIGHT="67" HPOS="1264" VPOS="3647" WIDTH="25" />
<String CONTENT="Chicago" HEIGHT="67" HPOS="1290" VPOS="3646" WIDTH="249" />
<SP HEIGHT="49" HPOS="1540" VPOS="3664" WIDTH="31" />
<String CONTENT="[etc.]" CS="1" HEIGHT="62" HPOS="1590" VPOS="3651" WIDTH="118" />
<SP HEIGHT="65" HPOS="1709" VPOS="3648" WIDTH="30" />
<String CONTENT="Longmans," HEIGHT="65" HPOS="1740" VPOS="3648" WIDTH="340" />
<SP HEIGHT="66" HPOS="2081" VPOS="3646" WIDTH="23" />
<String CONTENT="Green" HEIGHT="54" HPOS="2105" VPOS="3646" WIDTH="179" />
</TextLine>
<TextLine CS="1" HEIGHT="65" HPOS="312" STYLEREFS="StyleId-4CF0455C-60A1-4804-B005-2F33E10C2BAB-" VPOS="3724" WIDTH="448">
<String CONTENT="and" HEIGHT="52" HPOS="312" VPOS="3724" WIDTH="111" />
<SP HEIGHT="52" HPOS="424" VPOS="3724" WIDTH="31" />
<String CONTENT="co." HEIGHT="35" HPOS="456" VPOS="3741" WIDTH="76" />
<SP HEIGHT="32" HPOS="533" VPOS="3757" WIDTH="38" />
<String CONTENT="[" CS="1" />
<String CONTENT="c" HEIGHT="21" HPOS="589" STYLE="superscript" VPOS="3730" WIDTH="17" />
<String CONTENT="1935]" HEIGHT="61" HPOS="613" VPOS="3728" WIDTH="147" />
</TextLine>
<TextLine CS="1" HEIGHT="51" HPOS="382" VPOS="3790" WIDTH="1896">
<String CONTENT="8" HEIGHT="39" HPOS="382" VPOS="3794" WIDTH="28" />
<SP HEIGHT="47" HPOS="411" VPOS="3794" WIDTH="30" />
<String CONTENT="p." HEIGHT="37" HPOS="442" LANG="fr" VPOS="3804" WIDTH="43" />
<SP HEIGHT="39" HPOS="486" VPOS="3795" WIDTH="31" />
<String CONTENT="l." CS="1" LANG="fr" />
<String CONTENT="," HEIGHT="16" HPOS="554" VPOS="3825" WIDTH="8" />
<SP HEIGHT="45" HPOS="563" VPOS="3796" WIDTH="32" />
<String CONTENT="796," HEIGHT="49" HPOS="596" VPOS="3792" WIDTH="98" />
<SP HEIGHT="35" HPOS="695" VPOS="3806" WIDTH="31" />
<String CONTENT="xxxiv" HEIGHT="39" HPOS="727" VPOS="3794" WIDTH="149" />
<SP HEIGHT="36" HPOS="877" VPOS="3804" WIDTH="31" />
<String CONTENT="p." HEIGHT="36" HPOS="909" VPOS="3804" WIDTH="41" />
<SP HEIGHT="28" HPOS="951" VPOS="3806" WIDTH="59" />
<String CONTENT="col." HEIGHT="38" HPOS="1011" VPOS="3796" WIDTH="85" />
<SP HEIGHT="40" HPOS="1097" VPOS="3794" WIDTH="32" />
<String CONTENT="front.," HEIGHT="46" HPOS="1130" VPOS="3794" WIDTH="162" />
<SP HEIGHT="45" HPOS="1293" VPOS="3795" WIDTH="34" />
<String CONTENT="illus.," HEIGHT="46" HPOS="1328" VPOS="3795" WIDTH="142" />
<SP HEIGHT="36" HPOS="1471" VPOS="3805" WIDTH="31" />
<String CONTENT="col." HEIGHT="39" HPOS="1503" VPOS="3795" WIDTH="86" />
<SP HEIGHT="37" HPOS="1590" VPOS="3804" WIDTH="32" />
<String CONTENT="plates," HEIGHT="46" HPOS="1623" VPOS="3795" WIDTH="170" />
<SP HEIGHT="36" HPOS="1794" VPOS="3804" WIDTH="32" />
<String CONTENT="ports," HEIGHT="44" HPOS="1827" VPOS="3796" WIDTH="145" />
<SP HEIGHT="48" HPOS="1973" VPOS="3792" WIDTH="28" />
<String CONTENT="(part" HEIGHT="48" HPOS="2002" VPOS="3792" WIDTH="134" />
<SP HEIGHT="36" HPOS="2137" VPOS="3796" WIDTH="32" />
<String CONTENT="col.)" HEIGHT="48" HPOS="2170" VPOS="3790" WIDTH="108" />
</TextLine>
<TextLine CS="1" HEIGHT="48" HPOS="312" VPOS="3850" WIDTH="726">
<String CONTENT="maps" HEIGHT="38" HPOS="312" VPOS="3858" WIDTH="135" />
<SP HEIGHT="47" HPOS="448" VPOS="3851" WIDTH="26" />
<String CONTENT="(part" HEIGHT="47" HPOS="475" VPOS="3851" WIDTH="136" />
<SP HEIGHT="39" HPOS="612" VPOS="3851" WIDTH="18" />
<String CONTENT="double)" HEIGHT="47" HPOS="631" VPOS="3850" WIDTH="196" />
<SP HEIGHT="47" HPOS="828" VPOS="3850" WIDTH="64" />
<String CONTENT="21&#189;cm." CS="1" HEIGHT="42" HPOS="893" VPOS="3850" WIDTH="145" />
</TextLine>
<TextLine CS="1" HEIGHT="49" HPOS="383" VPOS="3905" WIDTH="895">
<String CONTENT="&#8220;A" HEIGHT="39" HPOS="383" VPOS="3905" WIDTH="69" />
<SP HEIGHT="41" HPOS="453" VPOS="3905" WIDTH="23" />
<String CONTENT="class" HEIGHT="39" HPOS="477" VPOS="3907" WIDTH="126" />
<SP HEIGHT="39" HPOS="604" VPOS="3906" WIDTH="24" />
<String CONTENT="library&#8221;:" CS="1" HEIGHT="48" HPOS="629" VPOS="3905" WIDTH="213" />
<SP HEIGHT="38" HPOS="871" VPOS="3916" WIDTH="26" />
<String CONTENT="prelim." CS="1" HEIGHT="47" HPOS="898" VPOS="3907" WIDTH="171" />
<SP HEIGHT="40" HPOS="1084" VPOS="3907" WIDTH="25" />
<String CONTENT="leaf" HEIGHT="40" HPOS="1110" VPOS="3906" WIDTH="102" />
<SP HEIGHT="41" HPOS="1213" VPOS="3906" WIDTH="25" />
<String CONTENT="5." HEIGHT="41" HPOS="1239" VPOS="3906" WIDTH="39" />
</TextLine>
<TextLine HEIGHT="53" HPOS="312" VPOS="3959" WIDTH="1970">
<String CONTENT="&#169;" HEIGHT="53" HPOS="312" VPOS="3959" WIDTH="53" />
<SP HEIGHT="53" HPOS="366" VPOS="3959" WIDTH="25" />
<String CONTENT="Aug." HEIGHT="46" HPOS="392" VPOS="3964" WIDTH="116" />
<SP HEIGHT="39" HPOS="509" VPOS="3963" WIDTH="26" />
<String CONTENT="21," HEIGHT="45" HPOS="536" VPOS="3963" WIDTH="68" />
<SP HEIGHT="44" HPOS="605" VPOS="3964" WIDTH="24" />
<String CONTENT="1935;" HEIGHT="48" HPOS="630" VPOS="3962" WIDTH="140" />
<SP HEIGHT="48" HPOS="771" VPOS="3962" WIDTH="27" />
<String CONTENT="2c." HEIGHT="41" HPOS="799" VPOS="3962" WIDTH="66" />
<SP HEIGHT="28" HPOS="866" VPOS="3974" WIDTH="26" />
<String CONTENT="and" HEIGHT="39" HPOS="893" VPOS="3964" WIDTH="95" />
<SP HEIGHT="39" HPOS="989" VPOS="3964" WIDTH="27" />
<String CONTENT="aff." HEIGHT="40" HPOS="1017" VPOS="3963" WIDTH="80" />
<SP HEIGHT="39" HPOS="1098" VPOS="3964" WIDTH="27" />
<String CONTENT="Aug." HEIGHT="46" HPOS="1126" VPOS="3964" WIDTH="119" />
<SP HEIGHT="40" HPOS="1246" VPOS="3962" WIDTH="27" />
<String CONTENT="24;" HEIGHT="47" HPOS="1274" VPOS="3962" WIDTH="82" />
<SP HEIGHT="45" HPOS="1357" VPOS="3964" WIDTH="29" />
<String CONTENT="A" HEIGHT="38" HPOS="1387" VPOS="3964" WIDTH="40" />
<SP HEIGHT="40" HPOS="1428" VPOS="3963" WIDTH="27" />
<String CONTENT="86068;" HEIGHT="47" HPOS="1456" VPOS="3962" WIDTH="168" />
<SP HEIGHT="46" HPOS="1625" VPOS="3963" WIDTH="29" />
<String CONTENT="Longmans," HEIGHT="48" HPOS="1655" VPOS="3963" WIDTH="285" />
<SP HEIGHT="49" HPOS="1941" VPOS="3962" WIDTH="29" />
<String CONTENT="Green" HEIGHT="40" HPOS="1971" VPOS="3962" WIDTH="154" />
<SP HEIGHT="39" HPOS="2126" VPOS="3961" WIDTH="28" />
<String CONTENT="&amp;" HEIGHT="39" HPOS="2155" VPOS="3961" WIDTH="36" />
<SP HEIGHT="39" HPOS="2192" VPOS="3961" WIDTH="26" />
<String CONTENT="co." HEIGHT="33" HPOS="2219" VPOS="3967" WIDTH="63" />
</TextLine>
<TextLine HEIGHT="49" HPOS="391" VPOS="4019" WIDTH="278">
<String CONTENT="(35-15773)" HEIGHT="49" HPOS="391" VPOS="4019" WIDTH="278" />
</TextLine>
</TextBlock>
</PrintSpace>
</Page>
</Layout>
</alto>