2526 4384
1141 4076 100 50 305

237 487 354 47 255 p 19½ cm .
166 539 51 54 ©
246 545 119 39 Mar.
391 542 70 47 21,
488 542 114 41 1935;
659 542 66 40 2c.
756 541 95 41 and
879 541 82 40 aff.
990 542 121 39 Mar.
1139 540 82 47 22;
1254 540 41 41 A
1322 540 171 47 82108;
1522 540 173 39 Alfred
1724 539 60 40 H.
1814 538 143 48 King,
1986 537 90 40 inc.

243 598 248 51 (35-4102)

167 686 173 55 Jesus
367 686 220 66 Christ,
612 687 309 54 Redeemer
946 687 63 53 of
1033 686 305 68 mankind;
1367 687 61 52 in
1452 685 500 55 commemoration
1978 683 64 54 of
2067 683 96 54 the

236 765 324 54 nineteenth
591 770 303 62 centenary
923 765 63 54 of
1015 784 103 35 our
1145 763 375 68 redemption.
1585 760 428 70 Philadelphia,
2040 761 122 53 The

236 841 256 68 Dolphin
530 861 175 48 press,
742 844 153 52 1934.

236 912 535 53 4 p. l., 124 p. 18 cm .
242 970 291 49 “Reprinted
575 971 132 39 from
746 971 82 42 the
871 970 363 42 Ecclesiastical
1278 970 189 48 review,
1512 968 383 50 January-May,
1939 968 155 42 1934.”

503 1026 215 43 CONTENTS..—Jesus
766 1037 54 30 as
867 1028 81 41 the
999 1027 263 41 revelation
1310 1027 52 41 of
1408 1028 116 44 God,
1573 1028 60 47 by
1681 1027 154 39 Alban
1883 1026 281 41 Goodier.—

171 1082 161 43 Christ
364 1085 95 40 and
491 1085 196 46 society,
718 1084 61 49 by
810 1085 50 39 P.
893 1084 44 40 J.
970 1081 400 52 Healy.—Christ
1402 1085 96 39 and
1530 1085 83 39 the
1645 1082 273 42 individual
1950 1083 119 48 soul,
2101 1084 62 47 by

173 1139 43 42 J.
255 1141 43 43 J.
340 1140 407 42 Burke.—Christ
785 1142 82 41 the
909 1141 274 47 Redeemer,
1226 1142 61 46 by
1329 1142 53 40 A.
1424 1140 53 41 G.
1519 1138 506 52 Cicognani.—Christ
2069 1141 95 40 and

172 1198 79 40 the
282 1199 137 41 other
452 1200 157 46 sheep,
642 1208 88 30 our
761 1198 181 40 human
974 1197 310 50 cooperation
1316 1198 51 39 in
1398 1199 82 39 the
1511 1197 163 41 divine
1704 1198 136 41 work
1869 1198 52 41 of
172 1194 1976 108 redemption.
313 1257 58 46 by
399 1255 42 40 J.
469 1255 63 40 M.
561 1253 198 50 Cooper.

175 1308 51 54 ©
253 1313 116 48 May
394 1312 68 48 16,
491 1311 140 48 1934;
664 1312 68 39 2c.
763 1311 96 41 and
888 1310 82 41 aff.
1002 1310 111 40 Feb.
1142 1310 40 45 5,
1213 1308 142 49 1935;
1387 1311 42 39 A
1459 1311 169 47 80338;
1662 1309 214 50 Dolphin
1906 1321 150 39 press.

248 1367 248 53 (35-3906)

173 1458 163 64 Kirk,
363 1458 215 55 Harris
603 1456 225 67 Elliott,
860 1460 171 53 1872-

242 1536 53 53 A
328 1555 131 34 man
494 1536 63 53 of
593 1539 304 65 property;
934 1555 81 47 or,
1048 1536 118 53 The
1202 1535 181 56 Jacob
1416 1555 155 48 saga,
1604 1536 76 67 by
1713 1535 210 55 Harris
1957 1537 211 53 Elliott

175 1610 1920 71 Kirk … New York and London, Harper & brothers, 1935.
240 1684 539 53 5 p. l., 109 p. 19 cm .
244 1742 159 41 “First
439 1741 226 43 edition.”

177 1795 51 53 ©
256 1800 108 40 Feb.
395 1801 69 46 14,
494 1798 140 48 1935;
665 1798 68 41 2c.
765 1797 110 42 Feb.
908 1800 81 45 14;
1022 1798 83 40 aff.
1136 1798 110 40 Feb.
1279 1799 83 47 16;
1393 1799 43 39 A
1465 1799 170 48 80477;
1671 1800 196 49 Harper
1894 1801 37 40 &
1959 1801 126 40 bros.

252 1856 247 50 (35-3905)

176 1929 263 66 Krieger,
466 1930 241 65 Arnold,
739 1933 172 53 1904-

180 2003 1965 151 … Das blut der Lysa Góra; ein ostdeutscher roman. Berlin, Rowohlt, 1935.
244 2153 97 52 503,
371 2157 56 50 [1]
455 2165 45 39 p.
558 2155 56 40 19½cm.

249 2210 139 44 “1.-3.
421 2211 251 43 tausend.”

182 2264 1990 59 © Jan. 1, 1935; 1c. Feb. 19; A-Foreign 26933; Rowohlt verlag, g. m. b. h.
260 2327 248 50 (35-4197)

310 2400 1859 75 … Spielraum für Monika, roman. Berlin, Rowohlt, 1934.
247 2470 97 52 258,
380 2476 54 48 [1]
465 2485 43 37 p.
569 2474 56 41 19½cm.

254 2529 137 42 “1.-3.
425 2530 251 41 tausend.”

182 2583 1992 61 © Feb. 14, 1934; 1c. Feb. 19, 1935; A-Foreign 26934; Rowohlt verlag,
251 2654 43 39 g.
316 2657 59 28 m.
398 2646 42 40 b.
465 2647 45 39 h.
580 2644 251 51 (35-4196)

182 2717 263 68 Kromer,
475 2720 283 55 Heinrich
786 2723 204 64 Ernst,
1022 2728 168 50 1866-

314 2796 1860 77 … Yon schelmen und braven leuten, ein anekdotenbuch; mit
183 2871 380 71 zeichnungen
589 2893 113 34 von
727 2875 167 68 Egon
918 2875 413 71 Pruggmayer.
1392 2878 259 70 Leipzig,
1678 2880 65 53 L.
1771 2879 406 71 Staackmann,

187 2950 145 53 1934.

253 3020 83 41 172
365 3033 43 37 p.
467 3022 127 41 illus.
654 3024 55 40 19
713 3026 44 21 cm
762 3056 8 9 .

254 3077 63 41 At
341 3080 122 39 head
491 3080 52 39 of
568 3079 134 41 title:
730 3079 236 43 Heinrich
991 3081 53 40 E.
1072 3082 220 41 Kromer.

187 3129 1990 68 © May 29, 1934; 1c. Sept. 20; A-Foreign 25704; L. Staackmann verlag,
256 3201 40 40 g.
322 3204 61 30 m.
409 3194 42 40 b.
479 3196 44 39 h.
593 3193 251 52 (35-4198)

187 3266 192 68 Kuhn,
407 3270 236 57 Rudolf.

254 3341 107 55 Die
408 3345 392 70 Jostensippe;
853 3365 216 50 roman,
1118 3367 110 34 von
1276 3350 225 53 Rudolf
1548 3351 196 55 Kuhn.
1830 3355 344 57 Erlenbach-

190 3417 201 57 Zürich
417 3423 118 52 und
558 3422 257 71 Leipzig,
844 3423 67 53 E.
938 3423 249 55 Rentsch
1220 3459 15 34 [
1238 3431 19 22 c
1261 3429 136 50 1934
1400 3460 13 35 ]

258 3490 96 48 436,
389 3496 54 48 [1]
475 3505 43 37 p.
577 3496 172 40 double
779 3497 183 46 geneal.
992 3497 97 40 tab.
1148 3497 54 40 19½
1237 3499 44 23 cm
1284 3529 9 8 .

194 3544 1987 68 © Nov. 11, 1934; 1c. Feb. 19, 1935; A-Foreign 26927; Eugen Rentsch
259 3609 173 47 verlag.
503 3609 250 49 (35-195)

193 3679 174 68 Lapp,
396 3685 151 52 John
578 3686 330 63 Augustus,
941 3691 169 50 1880-

263 3758 117 55 The
414 3759 201 55 citizen
652 3763 112 53 and
799 3762 89 52 his
927 3770 398 62 government;
1367 3786 30 33 a
1439 3768 172 68 study
1649 3770 64 53 of
1752 3773 331 73 democracy
2121 3779 61 54 in

194 3835 1990 77 the United States, by John A. Lapp … and Robert B. Weaver
256 3914 1928 83 … New York, Newark [etc.] Silver, Burdett and company
199 3994 187 66 [1935]
