2424 4375
1185 4071 132 50 1360

368 540 337 66 publisher’s
751 541 265 53 editorial
1061 540 149 55 staff.
1289 543 82 54 St.
1418 545 165 66 Paul,
1628 547 162 52 West
1831 547 334 69 publishing
2208 568 78 35 co.

372 621 192 64 [ c 1935]
366 704 85 41 605
481 715 44 38 p.
582 705 115 40 26cm.

297 770 53 53 ©
382 775 128 48 Sept.
541 775 69 48 13,
642 775 112 41 1935;
816 777 66 39 2c.
915 777 102 40 Oct.
1049 777 54 39 12;
1165 777 81 40 aff.
1280 776 102 42 Oct.
1414 777 56 40 14;
1530 778 40 39 A
1600 778 145 41 86772;
1804 779 136 41 West
1969 782 108 47 pub.
2110 790 67 31 co.

295 893 448 55 Southwestern
772 898 269 60 reporter
1070 895 103 65 (2d
1201 896 144 64 ser.)

363 972 269 54 Missouri
666 971 275 54 decisions
973 974 265 66 reported
1271 974 59 52 in
1366 974 183 55 South

1581 978 238 51 western
1852 980 272 63 reporter,
293 976 1967 127 Second
433 1051 168 53 series.
682 1050 136 53 vols.
851 1053 64 50 80
946 1050 128 68 (2d)
1114 1052 111 51 and
1257 1054 63 49 81
1354 1051 127 68 (2d)

1555 1051 380 69 April-June,
1966 1057 151 64 1935,
2144 1057 138 52 with

290 1127 1993 73 key number annotations … St. Paul, West publishing co.,
293 1209 149 51 1935.

361 1287 24 38 1
415 1297 41 29 V.
515 1284 115 41 26cm.

362 1348 209 41 Various
602 1347 216 50 pagings.

291 1416 53 53 ©
373 1420 128 48 Sept.
527 1418 40 50 9,
595 1418 115 41 1935;
763 1419 68 40 2c.
861 1419 102 40 Oct.
989 1418 54 39 12;
1102 1417 83 41 aff.
1214 1417 103 42 Oct.
1345 1418 58 39 14;
1458 1419 40 39 A
1526 1418 142 41 86771;
1727 1420 137 40 West
1889 1421 108 48 pub.
2026 1432 65 30 co.

288 1588 187 53 South
502 1588 255 52 western
784 1591 269 61 reporter.
1119 1584 218 55 Second
1362 1585 185 53 series.
1611 1587 167 54 Cases
1805 1588 214 65 argued
2048 1588 111 52 and
357 1589 1896 128 determined
683 1664 59 51 in
790 1663 94 53 the
926 1668 188 47 courts
1157 1661 63 54 of
1265 1663 311 67 Arkansas,
1623 1663 322 68 Kentucky,
1989 1664 287 68 Missouri,

356 1744 327 63 Tennessee,
711 1743 200 65 Texas,
938 1741 139 52 with
1103 1740 107 67 key
1237 1741 239 51 number
1501 1740 378 55 annotations.
1943 1743 240 53 Volume
2213 1747 62 49 82

368 1821 123 65 (2d)
562 1819 346 63 June-July,
936 1823 149 50 1935.
1146 1819 84 55 St.
1256 1819 163 63 Paul,
1442 1819 167 54 West
1630 1819 344 65 publishing
1996 1837 101 47 co.,
2125 1826 131 50 1935.

353 1908 96 47 xvi,
477 1907 116 41 1235
615 1917 46 38 p.
717 1905 117 41 26cm.

286 1974 53 53 ©
373 1979 127 48 Sept.
534 1977 40 49 5,
606 1975 141 48 1935;
782 1976 67 40 2c.
882 1975 102 41 Oct.
1017 1966 54 48 12;
1135 1974 80 41 aff.
1253 1975 101 40 Oct.
1388 1975 82 47 14;
1506 1975 42 39 A
1579 1974 170 48 86770;
1784 1975 137 41 West
1951 1975 94 48 pub.
2093 1987 67 29 co.

284 2095 378 68 [Southwold,
693 2093 279 67 Stephen]
1006 2094 170 54 1887-

441 2169 1828 70 … The days dividing. Boston, Little, Brown, and company,
280 2252 149 50 1935.

347 2325 651 53 6 p. l., [3]-351 p. 21½cm.
349 2389 229 42 Author’s
603 2390 179 47 pseud.,
810 2388 107 41 Neil
943 2388 119 47 Bell,
1088 2389 53 40 at
1165 2388 124 40 head
1318 2386 52 41 of
1397 2386 122 45 title.

280 2459 52 52 ©
356 2463 102 40 Oct.
481 2464 40 45 4,
544 2462 140 46 1935;
709 2462 67 40 2c.
801 2461 94 40 and
920 2460 80 40 aff.
1027 2460 101 40 Oct.
1153 2461 51 45 5;
1233 2461 40 38 A
1297 2459 170 47 86598;
1495 2459 162 49 Little,
1684 2461 190 48 Brown,
1900 2462 97 40 and
2021 2470 246 40 company.

361 2518 279 49 (35-17770)

278 2635 201 65 Vogel,
504 2635 239 63 Joseph.

346 2712 83 51 At
484 2713 265 51 Madame
807 2710 336 67 Bonnard’s,
1198 2711 74 66 by
1329 2711 216 66 Joseph
1601 2704 197 73 Vogel.
1892 2713 139 52 New
2088 2712 176 66 York,

275 2790 71 52 A.
373 2790 70 52 A.
472 2789 224 67 Knopf,
726 2791 148 52 1935.

348 2866 713 51 6 p. l., 3-297, [1] p. 19½cm.
347 2932 160 39 “First
535 2930 227 41 edition.”

277 2997 52 52 ©
357 3002 99 39 Oct.
485 3002 39 46 7,
549 3001 140 47 1935;
717 3001 67 40 2c.
812 3002 95 39 and
934 3000 81 40 aff.
1045 3000 101 41 Oct.
1175 3000 81 47 10;
1286 3000 40 39 A
1354 3000 169 47 87579;
1554 3000 44 40 J.
1625 3000 161 48 Vogel,
1814 3001 259 47 Brooklyn.

359 3058 278 47 (35-18571)

273 3164 287 66 Webster,
589 3166 190 63 Noah,
813 3166 322 54 1758-1843.

341 3240 260 53 Abbott’s
638 3258 120 34 new
797 3240 293 68 improved
1129 3239 254 54 Webster
1424 3239 318 68 dictionary
1781 3239 62 52 of
1880 3240 94 52 the
2014 3239 241 69 English

271 3318 297 68 language,
631 3316 201 69 giving
890 3322 212 49 correct
1163 3317 262 68 spelling,
1487 3315 453 71 pronunciation,
2004 3322 132 63 part
2196 3316 60 52 of

270 3394 217 67 speech,
524 3394 309 69 meanings,
872 3394 362 69 compounds,
1272 3398 118 64 etc.,
1428 3394 139 53 with
1605 3411 305 50 synonyms
1948 3393 113 53 and
270 3398 1961 141 antonyms,
486 3472 112 52 and
635 3490 31 34 a
704 3472 206 67 special
948 3472 209 52 section
1193 3470 63 53 of
1294 3470 224 68 foreign
1554 3472 185 52 words
1777 3470 112 54 and
1927 3471 230 67 phrases
2192 3468 63 54 of

271 3546 1979 69 frequent occurrence in English … Racine, Wis., Whitman
271 3620 331 72 publishing
633 3642 272 51 company
964 3627 173 64 [c1935]

336 3699 84 41 383
448 3712 43 37 p.
551 3702 144 40 14½cm.

339 3762 71 42 On
437 3774 141 30 cover
594 3776 9 28 :
635 3766 178 47 Handy
841 3766 195 40 edition.

339 3820 146 39 “This
514 3821 272 47 dictionary
819 3822 42 39 is
889 3825 84 36 not
1003 3822 253 47 published
1288 3824 61 44 by
1380 3823 80 39 the
1492 3824 206 44 original
1729 3823 273 47 publishers
2032 3823 54 40 of
267 3823 1961 92 Webster’s
437 3875 272 49 dictionary
740 3886 56 30 or
826 3877 60 47 by
917 3877 130 41 their
1078 3876 313 41 successors.”

267 3944 52 52 ©
348 3949 118 47 Aug.
497 3949 68 47 23,
597 3949 116 40 1935;
768 3950 67 39 2c.
867 3950 94 39 and
992 3948 80 40 aff.
1108 3949 126 48 Sept.
1266 3949 82 47 23;
1380 3950 40 38 A
1451 3949 169 47 86438;
1652 3949 251 41 Whitman
1930 3950 109 49 pub.
2070 3959 66 30 co.

345 4005 278 48 (35-17517)
