2424 4375
1333 4013 101 51 824

371 394 388 66 Winchester,
794 395 293 56 Clarence.

445 472 150 53 Let’s
626 470 131 55 look
793 477 59 47 at
882 470 266 67 London;
1187 489 31 33 a
1254 472 327 67 travelogue
1617 471 93 55 for
1744 473 95 53 the
1873 472 157 54 short
2064 473 133 52 time

375 473 1986 146 visitor, by Clarence Winchester … with 26 illustrations. London,
376 626 251 53 Toronto
667 630 138 64 [etc.]
844 624 211 56 Cassell
1087 626 113 53 and
1232 642 294 51 company,
1557 625 222 55 limited
1820 629 171 65 [1935]

445 698 97 47 xiv,
576 696 87 41 170
693 708 43 38 p.
795 697 163 48 front.,
992 698 172 48 plates,
1197 707 137 38 maps
1361 698 49 48 (1
1444 697 144 48 fold.)
1656 698 57 41 19½cm.

375 768 1989 53 © 1c. May 17, 1935; A ad int. 20239; pubd. May 2; Clarence Arlhur
444 829 202 40 Charles
674 829 314 47 Winchester,
1017 829 211 40 London.
1302 828 250 48 (35-8894)

372 928 324 58 Winston’s
729 931 343 54 cumulative
1106 932 294 53 loose-leaf
1435 933 399 67 encyclopedia
1869 935 109 51 and
2014 934 344 69 dictionary;

449 1029 30 33 a
531 1009 455 68 comprehensive
1033 1008 289 54 reference
1370 1008 176 70 work,
1594 1007 467 71 editor-in-chief,
2111 1009 252 54 William

447 1086 1891 147 Dodge Lewis … illustrated with photographs, maps, drawings
607 1164 111 52 and
749 1165 150 53 color
930 1163 209 69 plates;
1172 1161 300 71 including
1501 1182 161 36 seven
1696 1165 151 53 color
1878 1165 182 68 plates
2092 1165 150 52 from
2273 1166 91 53 the

449 1242 55 54 J.
538 1242 64 52 L.
638 1241 67 54 G.
741 1240 190 56 Ferris
965 1242 293 53 collection
1292 1241 64 54 of
1389 1241 306 55 American
1728 1241 292 55 historical
2057 1242 303 71 paintings.

450 1318 422 69 Philadelphia,
906 1316 248 71 Chicago
1298 1353 31 34 [etc.]
1366 1319 120 52 The
1516 1319 154 54 John
1705 1318 60 56 C.
1797 1319 264 55 Winston
2094 1338 269 51 company

455 1431 13 34 [
472 1404 19 21 c
496 1399 151 66 1935]

451 1468 57 39 12
533 1480 42 28 v.
636 1470 86 39 col.
749 1468 188 48 fronts.,
965 1468 129 41 illus.
1122 1467 133 49 (incl.
1284 1469 177 47 music)
1498 1470 156 49 plates
1683 1469 136 50 (part
1844 1473 101 47 col.,
1975 1473 24 38 1
2028 1472 142 46 fold.)
2207 1476 155 44 ports.,

382 1525 803 48 maps (part fold.) diagrs. 22½ cm.
450 1582 305 47 Descriptive
790 1583 282 46 letterpress
1109 1593 60 29 on
1203 1592 164 31 versos
1403 1583 52 39 of
1489 1594 130 30 some
1653 1584 51 39 of
1740 1585 81 39 the
1857 1584 169 47 plates.

728 1651 105 29 CONTENTS.—v.
873 1638 132 42 1-10.
1045 1639 491 46 Encyclopedia.—[v.
1576 1639 164 52 11-12]
1782 1641 300 46 Dictionary.

380 1709 53 53 ©
465 1713 112 40 Feb.
607 1712 68 48 20,
709 1711 140 48 1935;
884 1712 67 40 2c.
985 1712 116 42 each
1137 1712 97 40 and
1268 1711 109 40 affs.
1410 1712 128 39 June
1569 1713 81 46 17;
1686 1713 40 39 A
1760 1712 156 48 84296,
1951 1712 168 48 84295;
2158 1714 125 40 John
2317 1714 46 41 C.

448 1770 226 40 Winston
701 1780 67 30 co.
833 1768 281 50 [Copyright
1140 1768 45 40 is
1213 1768 205 41 claimed
1448 1780 62 29 on
1540 1768 239 41 revisions
1808 1771 96 39 and
1934 1769 261 50 additions]

462 1827 250 48 (35-8527)

379 1928 255 66 Wright,
664 1930 223 63 Henry.

453 2006 330 66 Rehousing
815 2003 180 54 urban
1031 2002 281 69 America,
1348 2003 74 68 by
1456 2003 200 69 Henry
1693 2003 250 70 Wright.
2016 2003 135 54 New
2192 2004 172 56 York.

386 2082 296 55 Columbia
712 2082 314 67 university
1058 2099 172 50 press,
1264 2084 149 50 1935.

453 2153 1719 50 3 p. l., [xi]-xxii, 173 p., 1 l. front., illus. (incl. plans) 29½ cm .
384 2224 52 52 ©
458 2229 130 39 June
608 2228 38 47 5,
675 2226 117 41 1935;
842 2227 66 40 2c.
932 2228 129 39 June
1081 2227 81 41 10;
1191 2225 82 41 aff.
1297 2227 129 39 June
1448 2228 51 44 7;
1528 2227 40 38 A
1592 2226 169 47 84205;
1791 2228 246 39 Columbia
2067 2227 127 40 univ.
2221 2235 141 41 press.

463 2285 250 48 (35-8733)

380 2387 288 65 Wyckoff,
699 2387 267 64 Capwell.

519 2459 1847 71 … The sea runners’ cache. New York, Chicago, A. L. Burt
388 2558 276 51 company
697 2574 13 34 [
714 2546 18 22 c
738 2542 132 49 1935]

455 2610 908 49 vi p., 1 l., 9-253 p. front. 20½ cm .
458 2668 287 40 Illustrated
774 2667 362 47 lining-papers.

386 2736 53 53 ©
469 2741 128 39 June
623 2741 67 41 14,
723 2738 140 48 1935;
899 2739 66 40 2c.
997 2740 96 38 and
1123 2738 80 40 aff.
1236 2740 125 38 June
1394 2739 80 45 17;
1510 2739 40 38 A
1581 2739 169 46 84271;
1783 2740 52 38 A.
1868 2740 49 39 L.
1950 2740 124 40 Burt
2106 2750 67 30 co.

465 2797 250 48 (35-8287)

386 2900 311 62 Wyllarde,
726 2899 155 55 Dolf.

383 2975 1956 145 No other way, by Dolf Wyllarde … New York, The Macaulay
513 3071 280 48 company
831 3055 171 61 [1935]

454 3122 621 52 3 p. l., 9-313 p. 19½ cm .
458 3179 160 43 “First
664 3181 251 48 published
961 3182 51 38 in
1056 3181 218 48 England
1323 3181 152 40 under
1521 3182 81 39 the
1648 3181 108 41 title
1802 3180 132 41 ‘Miss
1982 3181 165 48 Pretty
2194 3182 45 38 in
2287 3181 73 39 the

386 3238 219 41 woods!”

389 3304 52 52 ©
471 3309 123 39 June
623 3309 40 41 3,
691 3307 112 41 1935;
861 3308 63 39 2c.
956 3308 94 39 and
1082 3307 79 39 aff.
1195 3308 130 38 June
1349 3306 82 47 21;
1463 3308 40 38 A
1533 3307 168 46 83754;
1738 3309 258 46 Macaulay
2027 3317 66 30 co.

468 3365 248 47 (35-8750)

393 3464 199 67 Yeats,
623 3465 250 55 William
903 3466 223 64 Butler,
1158 3472 170 49 1865-

460 3542 120 51 The
606 3541 140 67 king
769 3541 63 52 of
857 3541 95 54 the
978 3547 161 62 great
1166 3540 154 53 clock
1348 3547 200 58 tower;
1577 3542 422 52 commentaries
2028 3540 109 52 and
2166 3556 195 52 poems,

392 3618 72 69 by
502 3616 256 55 William
800 3618 199 52 Butler
1041 3618 187 53 Yeats.
1306 3617 134 53 New
1482 3617 178 68 York,
1699 3618 121 53 The
1856 3616 325 54 Macmillan
395 3632 1942 131 company,
595 3697 149 49 1935.

460 3763 608 49 vii p., 2 l., 3-46 p. 21 cm.
462 3821 73 39 On
559 3829 166 31 cover:
753 3821 100 38 The
877 3823 139 41 great
1042 3820 133 40 clock
1202 3823 162 37 tower.

391 3889 52 52 ©
471 3894 112 45 May
608 3895 37 44 7,
670 3893 138 47 1935;
835 3894 65 39 2c.
926 3895 97 39 and
1046 3893 80 40 aff.
1153 3895 115 46 May
1290 3894 25 39 8;
1368 3894 41 38 A
1432 3894 168 47 83000;
1629 3894 277 40 Macmillan
1932 3905 65 30 co.

471 3949 249 49 (35-6702)
