<alto xmlns="http://www.loc.gov/standards/alto/ns-v3#" xmlns:xsi="http://www.w3.org/2001/XMLSchema-instance" xsi:schemaLocation="http://www.loc.gov/standards/alto/ns-v3# http://www.loc.gov/alto/v3/alto-3-0.xsd"><Description>
<MeasurementUnit>pixel</MeasurementUnit>
<sourceImageInformation>
<fileName>1935_v32_Part1.pdf</fileName>
</sourceImageInformation>
<OCRProcessing ID="IdOcr">
<ocrProcessingStep>
<processingDateTime>2019-01-15</processingDateTime>
<processingSoftware>
<softwareCreator>ABBYY</softwareCreator>
<softwareName>ABBYY Recognition Server</softwareName>
<softwareVersion>4.0</softwareVersion>
</processingSoftware>
</ocrProcessingStep>
</OCRProcessing>
</Description>
<Styles>
<ParagraphStyle ALIGN="Left" FIRSTLINE="0." ID="StyleId-FFFFFFFF-FFFF-FFFF-FFFF-FFFFFFFFFFFF-" LEFT="0." RIGHT="0." />
<ParagraphStyle ALIGN="Left" FIRSTLINE="0." ID="StyleId-09A13A44-4F77-4ABE-84F3-84CC8B3C72CE-" LEFT="0." LINESPACE="7.699999809" RIGHT="0." />
<ParagraphStyle ALIGN="Left" FIRSTLINE="-10." ID="StyleId-1F945060-F8CD-4435-B69A-5FF49DB0C586-" LEFT="0." LINESPACE="12.19999981" RIGHT="0." />
<ParagraphStyle ALIGN="Block" FIRSTLINE="-14." ID="StyleId-C6CAE747-F5A4-4D0D-8D74-D452DA7E2C1C-" LEFT="0." LINESPACE="8.350000381" RIGHT="0." />
<ParagraphStyle ALIGN="Left" FIRSTLINE="0." ID="StyleId-FC0F3374-189A-459E-BE29-2DC14180F022-" LEFT="0." RIGHT="0." />
<ParagraphStyle ALIGN="Left" FIRSTLINE="-12." ID="StyleId-49397C49-A894-4B3E-BA5E-1126226BA375-" LEFT="0." LINESPACE="11.09000015" RIGHT="0." />
<ParagraphStyle ALIGN="Block" FIRSTLINE="-14." ID="StyleId-9E34DD3A-E661-48BD-A3A1-6A3D48346F00-" LEFT="0." LINESPACE="11.09000015" RIGHT="0." />
<ParagraphStyle ALIGN="Left" FIRSTLINE="0." ID="StyleId-56CE54AA-A08B-4BAA-8605-F26020A0E36E-" LEFT="0." LINESPACE="9.399999619" RIGHT="0." />
<ParagraphStyle ALIGN="Left" FIRSTLINE="-11." ID="StyleId-77814FFC-C42F-4AA9-9880-EF33B947DEC8-" LEFT="0." LINESPACE="11.06999969" RIGHT="0." />
<ParagraphStyle ALIGN="Center" FIRSTLINE="0." ID="StyleId-FDE92EC0-67DC-4C7B-8A24-094B12C38B6C-" LEFT="0." LINESPACE="11.30000019" RIGHT="0." />
<ParagraphStyle ALIGN="Left" FIRSTLINE="0." ID="StyleId-65180E3B-4C93-4FB8-81EE-E026DD63DBF3-" LEFT="0." LINESPACE="11.10000038" RIGHT="0." />
<ParagraphStyle ALIGN="Left" FIRSTLINE="0." ID="StyleId-10E885C2-5813-4620-B0AA-0FBA30CF7A32-" LEFT="0." LINESPACE="9.5" RIGHT="0." />
<ParagraphStyle ALIGN="Left" FIRSTLINE="0." ID="StyleId-913C2DB5-9F02-4067-BAF7-0AED37B60BBE-" LEFT="0." LINESPACE="6.099999905" RIGHT="0." />
<ParagraphStyle ALIGN="Left" FIRSTLINE="0." ID="StyleId-9C79A9D2-8F08-4A8F-985D-B00E253ED1E5-" LEFT="0." LINESPACE="4.400000095" RIGHT="0." />
<ParagraphStyle ALIGN="Left" FIRSTLINE="0." ID="StyleId-A41F0407-FEFE-4738-9EC5-E05AFFF62781-" LEFT="0." LINESPACE="7.300000191" RIGHT="0." />
<ParagraphStyle ALIGN="Left" FIRSTLINE="0." ID="StyleId-61D37176-94E8-408D-9B87-01C406CE8AB2-" LEFT="0." LINESPACE="8.050000191" RIGHT="0." />
</Styles>
<Layout>
<Page HEIGHT="4375" ID="Page552" PHYSICAL_IMG_NR="552" WIDTH="2424">
<TopMargin HEIGHT="438" HPOS="0" VPOS="0" WIDTH="2424">
</TopMargin>
<LeftMargin HEIGHT="3633" HPOS="0" VPOS="438" WIDTH="234">
</LeftMargin>
<RightMargin HEIGHT="3633" HPOS="2254" VPOS="438" WIDTH="170">
</RightMargin>
<BottomMargin HEIGHT="304" HPOS="0" VPOS="4071" WIDTH="2424">
<TextBlock HEIGHT="109" HPOS="1117" ID="Page552_Block1" LANG="en-US" STYLEREFS="StyleId-7312A011-D416-4A15-A6DA-83DF937104B7-" VPOS="4071" WIDTH="260">
<TextLine HEIGHT="48" HPOS="1202" VPOS="4075" WIDTH="99">
<String CONTENT="552" HEIGHT="48" HPOS="1202" VPOS="4075" WIDTH="99" />
</TextLine>
</TextBlock>
<GraphicalElement HEIGHT="283" HPOS="2378" ID="Page552_Block2" VPOS="4071" WIDTH="46" />
</BottomMargin>
<PrintSpace HEIGHT="3633" HPOS="234" VPOS="438" WIDTH="2020">
<TextBlock CS="1" HEIGHT="3633" HPOS="234" ID="Page552_Block3" LANG="en-US" STYLEREFS="StyleId-727FBE93-940A-4E32-A462-C5DEC794433F-" VPOS="438" WIDTH="2020">
<TextLine CS="1" HEIGHT="50" HPOS="319" VPOS="535" WIDTH="909">
<String CONTENT="xiii," HEIGHT="48" HPOS="319" VPOS="535" WIDTH="103" />
<SP HEIGHT="30" HPOS="423" VPOS="555" WIDTH="31" />
<String CONTENT="[1]," HEIGHT="47" HPOS="455" VPOS="538" WIDTH="70" />
<SP HEIGHT="46" HPOS="526" VPOS="537" WIDTH="27" />
<String CONTENT="176" HEIGHT="39" HPOS="554" VPOS="537" WIDTH="84" />
<SP HEIGHT="47" HPOS="639" VPOS="537" WIDTH="24" />
<String CONTENT="p." HEIGHT="37" HPOS="664" VPOS="547" WIDTH="43" />
<SP HEIGHT="38" HPOS="708" VPOS="537" WIDTH="53" />
<String CONTENT="illus.," HEIGHT="47" HPOS="762" VPOS="536" WIDTH="142" />
<SP HEIGHT="45" HPOS="905" VPOS="538" WIDTH="26" />
<String CONTENT="diagrs." HEIGHT="48" HPOS="932" VPOS="536" WIDTH="179" />
<SP HEIGHT="40" HPOS="1112" VPOS="535" WIDTH="58" />
<String CONTENT="22&#189;" CS="1" HEIGHT="38" HPOS="1171" VPOS="535" WIDTH="57" />
<String CONTENT="cm." CS="1" STYLE="superscript" />
</TextLine>
<TextLine HEIGHT="53" HPOS="251" VPOS="602" WIDTH="1992">
<String CONTENT="&#169;" HEIGHT="53" HPOS="251" VPOS="602" WIDTH="53" />
<SP HEIGHT="53" HPOS="305" VPOS="602" WIDTH="23" />
<String CONTENT="Aug." HEIGHT="48" HPOS="329" VPOS="606" WIDTH="119" />
<SP HEIGHT="39" HPOS="449" VPOS="607" WIDTH="25" />
<String CONTENT="14," HEIGHT="47" HPOS="475" VPOS="606" WIDTH="69" />
<SP HEIGHT="46" HPOS="545" VPOS="607" WIDTH="24" />
<String CONTENT="1934;" HEIGHT="46" HPOS="570" VPOS="606" WIDTH="140" />
<SP HEIGHT="46" HPOS="711" VPOS="606" WIDTH="24" />
<String CONTENT="2c." HEIGHT="39" HPOS="736" VPOS="606" WIDTH="68" />
<SP HEIGHT="39" HPOS="805" VPOS="606" WIDTH="24" />
<String CONTENT="Dec." HEIGHT="39" HPOS="830" VPOS="606" WIDTH="109" />
<SP HEIGHT="38" HPOS="940" VPOS="606" WIDTH="25" />
<String CONTENT="24;" HEIGHT="47" HPOS="966" VPOS="605" WIDTH="82" />
<SP HEIGHT="36" HPOS="1049" VPOS="616" WIDTH="27" />
<String CONTENT="aff." HEIGHT="40" HPOS="1077" VPOS="605" WIDTH="81" />
<SP HEIGHT="38" HPOS="1159" VPOS="607" WIDTH="25" />
<String CONTENT="Dec." HEIGHT="38" HPOS="1185" VPOS="607" WIDTH="112" />
<SP HEIGHT="39" HPOS="1298" VPOS="606" WIDTH="25" />
<String CONTENT="6;" HEIGHT="47" HPOS="1324" VPOS="606" WIDTH="52" />
<SP HEIGHT="47" HPOS="1377" VPOS="606" WIDTH="26" />
<String CONTENT="A" HEIGHT="39" HPOS="1404" VPOS="606" WIDTH="41" />
<SP HEIGHT="40" HPOS="1446" VPOS="606" WIDTH="23" />
<String CONTENT="81483;" HEIGHT="47" HPOS="1470" VPOS="606" WIDTH="170" />
<SP HEIGHT="46" HPOS="1641" VPOS="607" WIDTH="28" />
<String CONTENT="D." HEIGHT="40" HPOS="1670" VPOS="607" WIDTH="57" />
<SP HEIGHT="40" HPOS="1728" VPOS="607" WIDTH="26" />
<String CONTENT="Van" HEIGHT="39" HPOS="1755" VPOS="607" WIDTH="106" />
<SP HEIGHT="38" HPOS="1862" VPOS="608" WIDTH="24" />
<String CONTENT="Nostrand" HEIGHT="40" HPOS="1887" VPOS="607" WIDTH="246" />
<SP HEIGHT="39" HPOS="2134" VPOS="608" WIDTH="27" />
<String CONTENT="co.," HEIGHT="41" HPOS="2162" VPOS="614" WIDTH="81" />
</TextLine>
<TextLine HEIGHT="49" HPOS="321" VPOS="662" WIDTH="411">
<String CONTENT="inc." HEIGHT="40" HPOS="321" VPOS="663" WIDTH="90" />
<SP HEIGHT="48" HPOS="412" VPOS="663" WIDTH="69" />
<String CONTENT="(35-6265)" HEIGHT="49" HPOS="482" VPOS="662" WIDTH="250" />
</TextLine>
<TextLine HEIGHT="68" HPOS="255" STYLEREFS="StyleId-B02C2107-2279-4572-AF4A-DEF774BD0C41-" VPOS="765" WIDTH="1152">
<String CONTENT="[Wilson," HEIGHT="68" HPOS="255" VPOS="765" WIDTH="257" />
<SP HEIGHT="63" HPOS="513" VPOS="768" WIDTH="29" />
<String CONTENT="Mrs." HEIGHT="52" HPOS="543" VPOS="768" WIDTH="140" />
<SP HEIGHT="52" HPOS="684" VPOS="767" WIDTH="32" />
<String CONTENT="Desemea" HEIGHT="52" HPOS="717" VPOS="767" WIDTH="289" />
<SP HEIGHT="64" HPOS="1007" VPOS="767" WIDTH="26" />
<String CONTENT="(Newman)]" HEIGHT="68" HPOS="1034" VPOS="765" WIDTH="373" />
</TextLine>
<TextLine CS="1" HEIGHT="71" HPOS="324" STYLEREFS="StyleId-4042ED94-C62B-44B0-AA24-6B155D859A78-" VPOS="840" WIDTH="1918">
<String CONTENT="Nineveh" HEIGHT="53" HPOS="324" VPOS="842" WIDTH="255" />
<SP HEIGHT="52" HPOS="580" VPOS="841" WIDTH="24" />
<String CONTENT="house," HEIGHT="68" HPOS="605" VPOS="841" WIDTH="191" />
<SP HEIGHT="67" HPOS="797" VPOS="842" WIDTH="22" />
<String CONTENT="by" HEIGHT="68" HPOS="820" VPOS="842" WIDTH="74" />
<SP HEIGHT="69" HPOS="895" VPOS="841" WIDTH="23" />
<String CONTENT="Diana" HEIGHT="53" HPOS="919" VPOS="840" WIDTH="188" />
<SP HEIGHT="51" HPOS="1108" VPOS="842" WIDTH="26" />
<String CONTENT="Patrick" HEIGHT="54" HPOS="1135" VPOS="840" WIDTH="235" />
<SP HEIGHT="70" HPOS="1371" VPOS="840" WIDTH="30" />
<String CONTENT="[pseud.]" CS="1" HEIGHT="67" HPOS="1420" VPOS="844" WIDTH="194" />
<SP HEIGHT="70" HPOS="1634" VPOS="841" WIDTH="76" />
<String CONTENT="New" HEIGHT="52" HPOS="1711" VPOS="841" WIDTH="136" />
<SP HEIGHT="51" HPOS="1848" VPOS="842" WIDTH="35" />
<String CONTENT="York," HEIGHT="68" HPOS="1884" VPOS="841" WIDTH="172" />
<SP HEIGHT="67" HPOS="2057" VPOS="842" WIDTH="24" />
<String CONTENT="E." HEIGHT="56" HPOS="2082" VPOS="842" WIDTH="67" />
<SP HEIGHT="55" HPOS="2150" VPOS="843" WIDTH="28" />
<String CONTENT="P." HEIGHT="52" HPOS="2179" VPOS="843" WIDTH="63" />
</TextLine>
<TextLine CS="1" HEIGHT="67" HPOS="254" STYLEREFS="StyleId-4042ED94-C62B-44B0-AA24-6B155D859A78-" VPOS="920" WIDTH="758">
<String CONTENT="Dutton" HEIGHT="54" HPOS="254" VPOS="920" WIDTH="221" />
<SP HEIGHT="50" HPOS="476" VPOS="921" WIDTH="24" />
<String CONTENT="&amp;" HEIGHT="50" HPOS="501" VPOS="921" WIDTH="46" />
<SP HEIGHT="51" HPOS="548" VPOS="921" WIDTH="25" />
<String CONTENT="co.," HEIGHT="49" HPOS="574" VPOS="938" WIDTH="98" />
<SP HEIGHT="67" HPOS="673" VPOS="920" WIDTH="24" />
<String CONTENT="inc." HEIGHT="53" HPOS="698" VPOS="920" WIDTH="107" />
<SP HEIGHT="34" HPOS="806" VPOS="953" WIDTH="34" />
<String CONTENT="[" CS="1" />
<String CONTENT="c" HEIGHT="21" HPOS="857" STYLE="superscript" VPOS="926" WIDTH="18" />
<String CONTENT="1935]" CS="1" HEIGHT="50" HPOS="881" VPOS="921" WIDTH="131" />
</TextLine>
<TextLine HEIGHT="49" HPOS="320" VPOS="993" WIDTH="333">
<String CONTENT="288" HEIGHT="41" HPOS="320" VPOS="994" WIDTH="87" />
<SP HEIGHT="48" HPOS="408" VPOS="994" WIDTH="26" />
<String CONTENT="p." HEIGHT="37" HPOS="435" VPOS="1005" WIDTH="43" />
<SP HEIGHT="42" HPOS="479" VPOS="993" WIDTH="57" />
<String CONTENT="20" HEIGHT="41" HPOS="537" VPOS="993" WIDTH="60" />
<String CONTENT="cm" HEIGHT="21" HPOS="596" STYLE="superscript" VPOS="996" WIDTH="45" />
<String CONTENT="." HEIGHT="9" HPOS="644" VPOS="1023" WIDTH="9" />
</TextLine>
<TextLine HEIGHT="43" HPOS="323" VPOS="1062" WIDTH="415">
<String CONTENT="&#8220;First" HEIGHT="42" HPOS="323" VPOS="1063" WIDTH="161" />
<SP HEIGHT="38" HPOS="485" VPOS="1066" WIDTH="26" />
<String CONTENT="edition.&#8221;" HEIGHT="42" HPOS="512" VPOS="1062" WIDTH="226" />
</TextLine>
<TextLine CS="1" HEIGHT="53" HPOS="252" VPOS="1130" WIDTH="1885">
<String CONTENT="&#169;" HEIGHT="53" HPOS="252" VPOS="1130" WIDTH="53" />
<SP HEIGHT="53" HPOS="306" VPOS="1130" WIDTH="23" />
<String CONTENT="May" HEIGHT="46" HPOS="330" VPOS="1136" WIDTH="113" />
<SP HEIGHT="47" HPOS="444" VPOS="1135" WIDTH="22" />
<String CONTENT="3," HEIGHT="47" HPOS="467" VPOS="1135" WIDTH="40" />
<SP HEIGHT="48" HPOS="508" VPOS="1134" WIDTH="25" />
<String CONTENT="1935;" HEIGHT="46" HPOS="534" VPOS="1134" WIDTH="141" />
<SP HEIGHT="46" HPOS="676" VPOS="1134" WIDTH="25" />
<String CONTENT="2c." HEIGHT="39" HPOS="702" VPOS="1134" WIDTH="68" />
<SP HEIGHT="29" HPOS="771" VPOS="1144" WIDTH="22" />
<String CONTENT="and" HEIGHT="39" HPOS="794" VPOS="1134" WIDTH="95" />
<SP HEIGHT="39" HPOS="890" VPOS="1134" WIDTH="22" />
<String CONTENT="aff." CS="1" />
<SP HEIGHT="38" HPOS="995" VPOS="1134" WIDTH="27" />
<String CONTENT="May" HEIGHT="47" HPOS="1023" VPOS="1134" WIDTH="113" />
<SP HEIGHT="48" HPOS="1137" VPOS="1133" WIDTH="20" />
<String CONTENT="4;" HEIGHT="46" HPOS="1158" VPOS="1133" WIDTH="55" />
<SP HEIGHT="46" HPOS="1214" VPOS="1133" WIDTH="25" />
<String CONTENT="A" HEIGHT="38" HPOS="1240" VPOS="1133" WIDTH="41" />
<SP HEIGHT="39" HPOS="1282" VPOS="1133" WIDTH="23" />
<String CONTENT="82902;" HEIGHT="48" HPOS="1306" VPOS="1131" WIDTH="170" />
<SP HEIGHT="46" HPOS="1477" VPOS="1133" WIDTH="27" />
<String CONTENT="E." HEIGHT="39" HPOS="1505" VPOS="1133" WIDTH="51" />
<SP HEIGHT="39" HPOS="1557" VPOS="1133" WIDTH="25" />
<String CONTENT="P." HEIGHT="40" HPOS="1583" VPOS="1133" WIDTH="51" />
<SP HEIGHT="40" HPOS="1635" VPOS="1133" WIDTH="25" />
<String CONTENT="Dutton" HEIGHT="40" HPOS="1661" VPOS="1133" WIDTH="188" />
<SP HEIGHT="40" HPOS="1850" VPOS="1133" WIDTH="25" />
<String CONTENT="&amp;" HEIGHT="40" HPOS="1876" VPOS="1133" WIDTH="36" />
<SP HEIGHT="40" HPOS="1913" VPOS="1133" WIDTH="24" />
<String CONTENT="co.," HEIGHT="38" HPOS="1938" VPOS="1144" WIDTH="81" />
<SP HEIGHT="49" HPOS="2020" VPOS="1133" WIDTH="25" />
<String CONTENT="inc." HEIGHT="41" HPOS="2046" VPOS="1133" WIDTH="91" />
</TextLine>
<TextLine HEIGHT="49" HPOS="331" VPOS="1191" WIDTH="250">
<String CONTENT="(35-6350)" HEIGHT="49" HPOS="331" VPOS="1191" WIDTH="250" />
</TextLine>
<TextLine HEIGHT="67" HPOS="250" STYLEREFS="StyleId-B02C2107-2279-4572-AF4A-DEF774BD0C41-" VPOS="1292" WIDTH="816">
<String CONTENT="Winslow," HEIGHT="67" HPOS="250" VPOS="1292" WIDTH="295" />
<SP HEIGHT="65" HPOS="546" VPOS="1294" WIDTH="29" />
<String CONTENT="Floyd" HEIGHT="65" HPOS="576" VPOS="1293" WIDTH="183" />
<SP HEIGHT="53" HPOS="760" VPOS="1294" WIDTH="26" />
<String CONTENT="Truman." HEIGHT="53" HPOS="787" VPOS="1294" WIDTH="279" />
</TextLine>
<TextLine CS="1" HEIGHT="70" HPOS="379" STYLEREFS="StyleId-4042ED94-C62B-44B0-AA24-6B155D859A78-" VPOS="1367" WIDTH="1865">
<String CONTENT="&#8230;" CS="1" />
<SP HEIGHT="53" HPOS="379" VPOS="1369" WIDTH="30" />
<String CONTENT="Money" HEIGHT="68" HPOS="410" VPOS="1369" WIDTH="210" />
<SP HEIGHT="50" HPOS="621" VPOS="1387" WIDTH="25" />
<String CONTENT="and" HEIGHT="51" HPOS="647" VPOS="1370" WIDTH="114" />
<SP HEIGHT="52" HPOS="762" VPOS="1369" WIDTH="26" />
<String CONTENT="its" HEIGHT="53" HPOS="789" VPOS="1369" WIDTH="73" />
<SP HEIGHT="50" HPOS="863" VPOS="1387" WIDTH="23" />
<String CONTENT="power," HEIGHT="50" HPOS="887" VPOS="1387" WIDTH="210" />
<SP HEIGHT="69" HPOS="1098" VPOS="1368" WIDTH="26" />
<String CONTENT="by" HEIGHT="69" HPOS="1125" VPOS="1368" WIDTH="75" />
<SP HEIGHT="68" HPOS="1201" VPOS="1369" WIDTH="27" />
<String CONTENT="F." HEIGHT="51" HPOS="1229" VPOS="1369" WIDTH="64" />
<SP HEIGHT="51" HPOS="1294" VPOS="1369" WIDTH="31" />
<String CONTENT="Truman" HEIGHT="52" HPOS="1326" VPOS="1369" WIDTH="256" />
<SP HEIGHT="54" HPOS="1583" VPOS="1369" WIDTH="24" />
<String CONTENT="Winslow" HEIGHT="56" HPOS="1608" VPOS="1367" WIDTH="277" />
<SP HEIGHT="34" HPOS="1886" VPOS="1387" WIDTH="28" />
<String CONTENT="and" HEIGHT="51" HPOS="1915" VPOS="1371" WIDTH="113" />
<SP HEIGHT="52" HPOS="2029" VPOS="1370" WIDTH="28" />
<String CONTENT="Bruce" HEIGHT="52" HPOS="2058" VPOS="1370" WIDTH="186" />
</TextLine>
<TextLine CS="1" HEIGHT="72" HPOS="248" STYLEREFS="StyleId-4042ED94-C62B-44B0-AA24-6B155D859A78-" VPOS="1445" WIDTH="1996">
<String CONTENT="Brougham;" HEIGHT="70" HPOS="248" VPOS="1447" WIDTH="362" />
<SP HEIGHT="68" HPOS="611" VPOS="1446" WIDTH="44" />
<String CONTENT="foreword" HEIGHT="53" HPOS="656" VPOS="1446" WIDTH="286" />
<SP HEIGHT="53" HPOS="943" VPOS="1446" WIDTH="42" />
<String CONTENT="by" HEIGHT="70" HPOS="986" VPOS="1446" WIDTH="75" />
<SP HEIGHT="70" HPOS="1062" VPOS="1446" WIDTH="42" />
<String CONTENT="Robert" HEIGHT="58" HPOS="1105" VPOS="1446" WIDTH="215" />
<SP HEIGHT="54" HPOS="1321" VPOS="1445" WIDTH="40" />
<String CONTENT="L." HEIGHT="55" HPOS="1362" VPOS="1445" WIDTH="65" />
<SP HEIGHT="56" HPOS="1428" VPOS="1445" WIDTH="45" />
<String CONTENT="Owen" HEIGHT="56" HPOS="1474" VPOS="1445" WIDTH="176" />
<SP HEIGHT="34" HPOS="1651" VPOS="1465" WIDTH="52" />
<String CONTENT="&#8230;" CS="1" />
<SP HEIGHT="53" HPOS="1761" VPOS="1446" WIDTH="81" />
<String CONTENT="Washington," HEIGHT="69" HPOS="1843" VPOS="1445" WIDTH="401" />
</TextLine>
<TextLine HEIGHT="70" HPOS="245" STYLEREFS="StyleId-4042ED94-C62B-44B0-AA24-6B155D859A78-" VPOS="1523" WIDTH="1488">
<String CONTENT="D." HEIGHT="53" HPOS="245" VPOS="1525" WIDTH="71" />
<SP HEIGHT="55" HPOS="317" VPOS="1524" WIDTH="27" />
<String CONTENT="C.," HEIGHT="68" HPOS="345" VPOS="1524" WIDTH="82" />
<SP HEIGHT="67" HPOS="428" VPOS="1525" WIDTH="24" />
<String CONTENT="National" HEIGHT="53" HPOS="453" VPOS="1525" WIDTH="274" />
<SP HEIGHT="51" HPOS="728" VPOS="1525" WIDTH="26" />
<String CONTENT="home" HEIGHT="51" HPOS="755" VPOS="1525" WIDTH="162" />
<SP HEIGHT="50" HPOS="918" VPOS="1526" WIDTH="25" />
<String CONTENT="library" HEIGHT="68" HPOS="944" VPOS="1525" WIDTH="219" />
<SP HEIGHT="70" HPOS="1164" VPOS="1523" WIDTH="26" />
<String CONTENT="foundation," HEIGHT="69" HPOS="1191" VPOS="1523" WIDTH="363" />
<SP HEIGHT="64" HPOS="1555" VPOS="1528" WIDTH="28" />
<String CONTENT="1935." HEIGHT="50" HPOS="1584" VPOS="1527" WIDTH="149" />
</TextLine>
<TextLine CS="1" HEIGHT="49" HPOS="315" STYLEREFS="StyleId-4042ED94-C62B-44B0-AA24-6B155D859A78-" VPOS="1596" WIDTH="1433">
<String CONTENT="ix," HEIGHT="47" HPOS="315" VPOS="1598" WIDTH="63" />
<SP HEIGHT="47" HPOS="379" VPOS="1598" WIDTH="26" />
<String CONTENT="85" HEIGHT="41" HPOS="406" VPOS="1598" WIDTH="55" />
<SP HEIGHT="46" HPOS="462" VPOS="1599" WIDTH="19" />
<String CONTENT="p." HEIGHT="37" HPOS="482" VPOS="1608" WIDTH="43" />
<SP HEIGHT="41" HPOS="526" VPOS="1597" WIDTH="61" />
<String CONTENT="16&#189;cm." CS="1" HEIGHT="40" HPOS="588" VPOS="1597" WIDTH="56" />
<SP HEIGHT="45" HPOS="732" VPOS="1599" WIDTH="74" />
<String CONTENT="(On" HEIGHT="46" HPOS="807" VPOS="1598" WIDTH="96" />
<SP HEIGHT="30" HPOS="904" VPOS="1607" WIDTH="25" />
<String CONTENT="cover:" HEIGHT="31" HPOS="930" VPOS="1606" WIDTH="162" />
<SP HEIGHT="39" HPOS="1093" VPOS="1598" WIDTH="24" />
<String CONTENT="National" HEIGHT="40" HPOS="1118" VPOS="1597" WIDTH="231" />
<SP HEIGHT="38" HPOS="1350" VPOS="1597" WIDTH="24" />
<String CONTENT="home" HEIGHT="40" HPOS="1375" VPOS="1597" WIDTH="139" />
<SP HEIGHT="40" HPOS="1515" VPOS="1597" WIDTH="26" />
<String CONTENT="library)" HEIGHT="47" HPOS="1542" VPOS="1596" WIDTH="206" />
</TextLine>
<TextLine HEIGHT="48" HPOS="315" VPOS="1665" WIDTH="1295">
<String CONTENT="At" HEIGHT="41" HPOS="315" VPOS="1667" WIDTH="63" />
<SP HEIGHT="39" HPOS="379" VPOS="1669" WIDTH="23" />
<String CONTENT="head" HEIGHT="39" HPOS="403" VPOS="1669" WIDTH="124" />
<SP HEIGHT="39" HPOS="528" VPOS="1669" WIDTH="20" />
<String CONTENT="of" HEIGHT="42" HPOS="549" VPOS="1666" WIDTH="54" />
<SP HEIGHT="42" HPOS="604" VPOS="1666" WIDTH="20" />
<String CONTENT="title:" HEIGHT="42" HPOS="625" VPOS="1666" WIDTH="135" />
<SP HEIGHT="39" HPOS="761" VPOS="1668" WIDTH="26" />
<String CONTENT="National" HEIGHT="40" HPOS="788" VPOS="1667" WIDTH="231" />
<SP HEIGHT="39" HPOS="1020" VPOS="1667" WIDTH="22" />
<String CONTENT="home" HEIGHT="39" HPOS="1043" VPOS="1667" WIDTH="140" />
<SP HEIGHT="38" HPOS="1184" VPOS="1667" WIDTH="21" />
<String CONTENT="library" HEIGHT="47" HPOS="1206" VPOS="1666" WIDTH="183" />
<SP HEIGHT="37" HPOS="1390" VPOS="1676" WIDTH="21" />
<String CONTENT="edition." HEIGHT="41" HPOS="1412" VPOS="1665" WIDTH="198" />
</TextLine>
<TextLine CS="1" HEIGHT="53" HPOS="253" VPOS="1736" WIDTH="1990">
<String CONTENT="&#169;" HEIGHT="53" HPOS="253" VPOS="1736" WIDTH="53" />
<SP HEIGHT="53" HPOS="307" VPOS="1736" WIDTH="33" />
<String CONTENT="Mar." HEIGHT="38" HPOS="341" VPOS="1742" WIDTH="121" />
<SP HEIGHT="40" HPOS="463" VPOS="1740" WIDTH="35" />
<String CONTENT="15," HEIGHT="47" HPOS="499" VPOS="1740" WIDTH="68" />
<SP HEIGHT="46" HPOS="568" VPOS="1741" WIDTH="34" />
<String CONTENT="1935;" HEIGHT="47" HPOS="603" VPOS="1739" WIDTH="141" />
<SP HEIGHT="46" HPOS="745" VPOS="1740" WIDTH="36" />
<String CONTENT="2c." HEIGHT="39" HPOS="782" VPOS="1740" WIDTH="65" />
<SP HEIGHT="30" HPOS="848" VPOS="1749" WIDTH="35" />
<String CONTENT="and" HEIGHT="39" HPOS="884" VPOS="1740" WIDTH="96" />
<SP HEIGHT="39" HPOS="981" VPOS="1740" WIDTH="33" />
<String CONTENT="aff." CS="1" />
<SP HEIGHT="38" HPOS="1099" VPOS="1740" WIDTH="35" />
<String CONTENT="Mar." HEIGHT="38" HPOS="1135" VPOS="1740" WIDTH="122" />
<SP HEIGHT="39" HPOS="1258" VPOS="1739" WIDTH="35" />
<String CONTENT="20;" HEIGHT="46" HPOS="1294" VPOS="1739" WIDTH="82" />
<SP HEIGHT="46" HPOS="1377" VPOS="1739" WIDTH="37" />
<String CONTENT="A" HEIGHT="38" HPOS="1415" VPOS="1739" WIDTH="40" />
<SP HEIGHT="39" HPOS="1456" VPOS="1739" WIDTH="33" />
<String CONTENT="81190;" HEIGHT="49" HPOS="1490" VPOS="1737" WIDTH="170" />
<SP HEIGHT="47" HPOS="1661" VPOS="1739" WIDTH="40" />
<String CONTENT="F." HEIGHT="39" HPOS="1702" VPOS="1739" WIDTH="48" />
<SP HEIGHT="38" HPOS="1751" VPOS="1740" WIDTH="38" />
<String CONTENT="T." HEIGHT="39" HPOS="1790" VPOS="1740" WIDTH="52" />
<SP HEIGHT="39" HPOS="1843" VPOS="1741" WIDTH="35" />
<String CONTENT="Winslow" HEIGHT="40" HPOS="1879" VPOS="1740" WIDTH="232" />
<SP HEIGHT="28" HPOS="2112" VPOS="1750" WIDTH="34" />
<String CONTENT="and" HEIGHT="38" HPOS="2147" VPOS="1742" WIDTH="96" />
</TextLine>
<TextLine HEIGHT="50" HPOS="321" VPOS="1795" WIDTH="1162">
<String CONTENT="Bruce" HEIGHT="40" HPOS="321" VPOS="1798" WIDTH="157" />
<SP HEIGHT="40" HPOS="479" VPOS="1798" WIDTH="26" />
<String CONTENT="Brougham," HEIGHT="47" HPOS="506" VPOS="1798" WIDTH="293" />
<SP HEIGHT="48" HPOS="800" VPOS="1797" WIDTH="27" />
<String CONTENT="Washington." HEIGHT="49" HPOS="828" VPOS="1795" WIDTH="334" />
<SP HEIGHT="48" HPOS="1163" VPOS="1795" WIDTH="69" />
<String CONTENT="(35-6394)" HEIGHT="49" HPOS="1233" VPOS="1795" WIDTH="250" />
</TextLine>
<TextLine HEIGHT="67" HPOS="253" STYLEREFS="StyleId-B02C2107-2279-4572-AF4A-DEF774BD0C41-" VPOS="1900" WIDTH="551">
<String CONTENT="Wirt," HEIGHT="67" HPOS="253" VPOS="1900" WIDTH="169" />
<SP HEIGHT="65" HPOS="423" VPOS="1902" WIDTH="28" />
<String CONTENT="Mildred" HEIGHT="53" HPOS="452" VPOS="1901" WIDTH="251" />
<SP HEIGHT="53" HPOS="704" VPOS="1901" WIDTH="27" />
<String CONTENT="A." HEIGHT="55" HPOS="732" VPOS="1901" WIDTH="72" />
</TextLine>
<TextLine CS="1" HEIGHT="68" HPOS="321" STYLEREFS="StyleId-4042ED94-C62B-44B0-AA24-6B155D859A78-" VPOS="1976" WIDTH="1922">
<String CONTENT="The" HEIGHT="53" HPOS="321" VPOS="1978" WIDTH="121" />
<SP HEIGHT="49" HPOS="443" VPOS="1982" WIDTH="24" />
<String CONTENT="twin" HEIGHT="52" HPOS="468" VPOS="1978" WIDTH="143" />
<SP HEIGHT="34" HPOS="612" VPOS="1996" WIDTH="27" />
<String CONTENT="ring" HEIGHT="67" HPOS="640" VPOS="1977" WIDTH="134" />
<SP HEIGHT="48" HPOS="775" VPOS="1996" WIDTH="24" />
<String CONTENT="mystery," HEIGHT="63" HPOS="800" VPOS="1981" WIDTH="269" />
<SP HEIGHT="67" HPOS="1070" VPOS="1977" WIDTH="26" />
<String CONTENT="by" HEIGHT="66" HPOS="1097" VPOS="1977" WIDTH="75" />
<SP HEIGHT="66" HPOS="1173" VPOS="1977" WIDTH="26" />
<String CONTENT="Mildred" HEIGHT="53" HPOS="1200" VPOS="1977" WIDTH="253" />
<SP HEIGHT="54" HPOS="1454" VPOS="1976" WIDTH="27" />
<String CONTENT="A." HEIGHT="53" HPOS="1482" VPOS="1976" WIDTH="71" />
<SP HEIGHT="54" HPOS="1554" VPOS="1977" WIDTH="26" />
<String CONTENT="Wirt" HEIGHT="54" HPOS="1581" VPOS="1977" WIDTH="156" />
<SP HEIGHT="49" HPOS="1738" VPOS="1981" WIDTH="31" />
<String CONTENT="&#8230;" CS="1" />
<SP HEIGHT="52" HPOS="1827" VPOS="1977" WIDTH="67" />
<String CONTENT="New" HEIGHT="53" HPOS="1895" VPOS="1977" WIDTH="139" />
<SP HEIGHT="53" HPOS="2035" VPOS="1977" WIDTH="29" />
<String CONTENT="York," HEIGHT="65" HPOS="2065" VPOS="1977" WIDTH="178" />
</TextLine>
<TextLine CS="1" HEIGHT="68" HPOS="251" STYLEREFS="StyleId-4042ED94-C62B-44B0-AA24-6B155D859A78-" VPOS="2054" WIDTH="1050">
<String CONTENT="Cupples" HEIGHT="66" HPOS="251" VPOS="2055" WIDTH="252" />
<SP HEIGHT="51" HPOS="504" VPOS="2057" WIDTH="29" />
<String CONTENT="&amp;" HEIGHT="51" HPOS="534" VPOS="2057" WIDTH="46" />
<SP HEIGHT="54" HPOS="581" VPOS="2054" WIDTH="25" />
<String CONTENT="Leon" HEIGHT="53" HPOS="607" VPOS="2054" WIDTH="156" />
<SP HEIGHT="34" HPOS="764" VPOS="2073" WIDTH="28" />
<String CONTENT="company" HEIGHT="50" HPOS="793" VPOS="2072" WIDTH="280" />
<SP />
<String CONTENT="[c1935]" CS="1" HEIGHT="32" HPOS="1289" VPOS="2088" WIDTH="12" />
</TextLine>
<TextLine CS="1" HEIGHT="50" HPOS="320" VPOS="2138" WIDTH="746">
<String CONTENT="2" HEIGHT="38" HPOS="320" VPOS="2140" WIDTH="26" />
<SP HEIGHT="48" HPOS="347" VPOS="2140" WIDTH="27" />
<String CONTENT="p." HEIGHT="37" HPOS="375" VPOS="2151" WIDTH="44" />
<SP HEIGHT="39" HPOS="420" VPOS="2141" WIDTH="29" />
<String CONTENT="l.," CS="1" />
<SP HEIGHT="49" HPOS="495" VPOS="2139" WIDTH="29" />
<String CONTENT="212" HEIGHT="39" HPOS="525" VPOS="2139" WIDTH="85" />
<SP HEIGHT="48" HPOS="611" VPOS="2139" WIDTH="26" />
<String CONTENT="p." HEIGHT="37" HPOS="638" VPOS="2150" WIDTH="44" />
<SP HEIGHT="42" HPOS="683" VPOS="2138" WIDTH="57" />
<String CONTENT="front." HEIGHT="42" HPOS="741" VPOS="2138" WIDTH="149" />
<SP HEIGHT="41" HPOS="891" VPOS="2139" WIDTH="57" />
<String CONTENT="20cm." CS="1" HEIGHT="41" HPOS="949" VPOS="2139" WIDTH="117" />
</TextLine>
<TextLine CS="1" HEIGHT="53" HPOS="252" VPOS="2206" WIDTH="1879">
<String CONTENT="&#169;" HEIGHT="53" HPOS="252" VPOS="2206" WIDTH="53" />
<SP HEIGHT="53" HPOS="306" VPOS="2206" WIDTH="27" />
<String CONTENT="Mar." HEIGHT="38" HPOS="334" VPOS="2212" WIDTH="121" />
<SP HEIGHT="39" HPOS="456" VPOS="2211" WIDTH="28" />
<String CONTENT="15," HEIGHT="46" HPOS="485" VPOS="2210" WIDTH="68" />
<SP HEIGHT="46" HPOS="554" VPOS="2210" WIDTH="28" />
<String CONTENT="1935;" HEIGHT="48" HPOS="583" VPOS="2209" WIDTH="141" />
<SP HEIGHT="48" HPOS="725" VPOS="2209" WIDTH="31" />
<String CONTENT="2c." HEIGHT="41" HPOS="757" VPOS="2209" WIDTH="68" />
<SP HEIGHT="29" HPOS="826" VPOS="2220" WIDTH="29" />
<String CONTENT="and" HEIGHT="39" HPOS="856" VPOS="2210" WIDTH="95" />
<SP HEIGHT="39" HPOS="952" VPOS="2210" WIDTH="29" />
<String CONTENT="aff." CS="1" />
<SP HEIGHT="37" HPOS="1063" VPOS="2211" WIDTH="33" />
<String CONTENT="May" HEIGHT="46" HPOS="1097" VPOS="2211" WIDTH="114" />
<SP HEIGHT="47" HPOS="1212" VPOS="2210" WIDTH="26" />
<String CONTENT="4;" HEIGHT="46" HPOS="1239" VPOS="2210" WIDTH="52" />
<SP HEIGHT="47" HPOS="1292" VPOS="2209" WIDTH="32" />
<String CONTENT="A" HEIGHT="39" HPOS="1325" VPOS="2209" WIDTH="40" />
<SP HEIGHT="41" HPOS="1366" VPOS="2209" WIDTH="29" />
<String CONTENT="81708;" HEIGHT="48" HPOS="1396" VPOS="2209" WIDTH="170" />
<SP HEIGHT="48" HPOS="1567" VPOS="2209" WIDTH="32" />
<String CONTENT="Cupples" HEIGHT="49" HPOS="1600" VPOS="2209" WIDTH="207" />
<SP HEIGHT="40" HPOS="1813" VPOS="2210" WIDTH="26" />
<String CONTENT="&amp;" HEIGHT="40" HPOS="1840" VPOS="2210" WIDTH="37" />
<SP HEIGHT="40" HPOS="1878" VPOS="2210" WIDTH="27" />
<String CONTENT="Leon" HEIGHT="39" HPOS="1906" VPOS="2211" WIDTH="130" />
<SP HEIGHT="29" HPOS="2037" VPOS="2222" WIDTH="28" />
<String CONTENT="co." HEIGHT="28" HPOS="2066" VPOS="2223" WIDTH="65" />
</TextLine>
<TextLine HEIGHT="49" HPOS="332" VPOS="2266" WIDTH="250">
<String CONTENT="(35-6271)" HEIGHT="49" HPOS="332" VPOS="2266" WIDTH="250" />
</TextLine>
<TextLine HEIGHT="67" HPOS="248" STYLEREFS="StyleId-4042ED94-C62B-44B0-AA24-6B155D859A78-" VPOS="2367" WIDTH="1121">
<String CONTENT="Wishart," HEIGHT="67" HPOS="248" VPOS="2367" WIDTH="283" />
<SP HEIGHT="63" HPOS="532" VPOS="2371" WIDTH="29" />
<String CONTENT="Charles" HEIGHT="54" HPOS="562" VPOS="2369" WIDTH="247" />
<SP HEIGHT="52" HPOS="810" VPOS="2371" WIDTH="24" />
<String CONTENT="Frederick," HEIGHT="66" HPOS="835" VPOS="2368" WIDTH="331" />
<SP HEIGHT="59" HPOS="1167" VPOS="2375" WIDTH="31" />
<String CONTENT="1870-" HEIGHT="52" HPOS="1199" VPOS="2372" WIDTH="170" />
</TextLine>
<TextLine HEIGHT="71" HPOS="320" STYLEREFS="StyleId-4042ED94-C62B-44B0-AA24-6B155D859A78-" VPOS="2445" WIDTH="1923">
<String CONTENT="The" HEIGHT="53" HPOS="320" VPOS="2446" WIDTH="122" />
<SP HEIGHT="53" HPOS="443" VPOS="2446" WIDTH="26" />
<String CONTENT="book" HEIGHT="54" HPOS="470" VPOS="2445" WIDTH="148" />
<SP HEIGHT="54" HPOS="619" VPOS="2445" WIDTH="26" />
<String CONTENT="of" HEIGHT="54" HPOS="646" VPOS="2445" WIDTH="65" />
<SP HEIGHT="54" HPOS="712" VPOS="2445" WIDTH="27" />
<String CONTENT="day;" HEIGHT="65" HPOS="740" VPOS="2448" WIDTH="140" />
<SP HEIGHT="49" HPOS="881" VPOS="2464" WIDTH="28" />
<String CONTENT="a" HEIGHT="35" HPOS="910" VPOS="2465" WIDTH="32" />
<SP HEIGHT="35" HPOS="943" VPOS="2465" WIDTH="28" />
<String CONTENT="study" HEIGHT="65" HPOS="972" VPOS="2447" WIDTH="173" />
<SP HEIGHT="66" HPOS="1146" VPOS="2446" WIDTH="27" />
<String CONTENT="in" HEIGHT="54" HPOS="1174" VPOS="2446" WIDTH="60" />
<SP HEIGHT="49" HPOS="1235" VPOS="2451" WIDTH="27" />
<String CONTENT="the" HEIGHT="53" HPOS="1263" VPOS="2446" WIDTH="100" />
<SP HEIGHT="52" HPOS="1364" VPOS="2447" WIDTH="25" />
<String CONTENT="Revelation" HEIGHT="52" HPOS="1390" VPOS="2447" WIDTH="336" />
<SP HEIGHT="34" HPOS="1727" VPOS="2465" WIDTH="26" />
<String CONTENT="of" HEIGHT="53" HPOS="1754" VPOS="2446" WIDTH="64" />
<SP HEIGHT="56" HPOS="1819" VPOS="2446" WIDTH="30" />
<String CONTENT="St." HEIGHT="56" HPOS="1850" VPOS="2446" WIDTH="83" />
<SP HEIGHT="54" HPOS="1934" VPOS="2448" WIDTH="31" />
<String CONTENT="John," HEIGHT="68" HPOS="1966" VPOS="2447" WIDTH="174" />
<SP HEIGHT="67" HPOS="2141" VPOS="2448" WIDTH="27" />
<String CONTENT="by" HEIGHT="68" HPOS="2169" VPOS="2448" WIDTH="74" />
</TextLine>
<TextLine CS="1" HEIGHT="69" HPOS="252" STYLEREFS="StyleId-4042ED94-C62B-44B0-AA24-6B155D859A78-" VPOS="2523" WIDTH="1988">
<String CONTENT="Charles" HEIGHT="54" HPOS="252" VPOS="2524" WIDTH="238" />
<SP HEIGHT="53" HPOS="491" VPOS="2524" WIDTH="33" />
<String CONTENT="Frederick" HEIGHT="54" HPOS="525" VPOS="2523" WIDTH="311" />
<SP HEIGHT="55" HPOS="837" VPOS="2523" WIDTH="30" />
<String CONTENT="Wishart" HEIGHT="55" HPOS="868" VPOS="2523" WIDTH="261" />
<SP HEIGHT="48" HPOS="1130" VPOS="2529" WIDTH="37" />
<String CONTENT="&#8230;" CS="1" />
<SP HEIGHT="54" HPOS="1225" VPOS="2523" WIDTH="94" />
<String CONTENT="New" HEIGHT="54" HPOS="1320" VPOS="2523" WIDTH="139" />
<SP HEIGHT="53" HPOS="1460" VPOS="2523" WIDTH="38" />
<String CONTENT="York," HEIGHT="68" HPOS="1499" VPOS="2523" WIDTH="180" />
<SP HEIGHT="67" HPOS="1680" VPOS="2524" WIDTH="34" />
<String CONTENT="London," HEIGHT="68" HPOS="1715" VPOS="2524" WIDTH="260" />
<SP HEIGHT="68" HPOS="1976" VPOS="2524" WIDTH="36" />
<String CONTENT="Oxford" HEIGHT="56" HPOS="2013" VPOS="2524" WIDTH="227" />
</TextLine>
<TextLine HEIGHT="70" HPOS="248" STYLEREFS="StyleId-4042ED94-C62B-44B0-AA24-6B155D859A78-" VPOS="2599" WIDTH="699">
<String CONTENT="university" HEIGHT="70" HPOS="248" VPOS="2599" WIDTH="316" />
<SP HEIGHT="51" HPOS="565" VPOS="2618" WIDTH="25" />
<String CONTENT="press," HEIGHT="50" HPOS="591" VPOS="2618" WIDTH="176" />
<SP HEIGHT="65" HPOS="768" VPOS="2603" WIDTH="28" />
<String CONTENT="1935." HEIGHT="52" HPOS="797" VPOS="2603" WIDTH="150" />
</TextLine>
<TextLine CS="1" HEIGHT="48" HPOS="326" STYLEREFS="StyleId-4042ED94-C62B-44B0-AA24-6B155D859A78-" VPOS="2673" WIDTH="585">
<String CONTENT="ix" HEIGHT="39" HPOS="326" VPOS="2674" WIDTH="52" />
<SP HEIGHT="37" HPOS="379" VPOS="2684" WIDTH="24" />
<String CONTENT="p.," HEIGHT="37" HPOS="404" VPOS="2684" WIDTH="57" />
<SP HEIGHT="46" HPOS="462" VPOS="2675" WIDTH="25" />
<String CONTENT="1" HEIGHT="37" HPOS="488" VPOS="2675" WIDTH="25" />
<SP HEIGHT="37" HPOS="514" VPOS="2675" WIDTH="23" />
<String CONTENT="l.," CS="1" />
<SP HEIGHT="47" HPOS="583" VPOS="2673" WIDTH="27" />
<String CONTENT="63" HEIGHT="40" HPOS="611" VPOS="2673" WIDTH="54" />
<SP HEIGHT="46" HPOS="666" VPOS="2674" WIDTH="26" />
<String CONTENT="p." HEIGHT="37" HPOS="693" VPOS="2683" WIDTH="43" />
<SP HEIGHT="38" HPOS="737" VPOS="2674" WIDTH="59" />
<String CONTENT="19" HEIGHT="39" HPOS="797" VPOS="2673" WIDTH="55" />
<String CONTENT="cm" HEIGHT="22" HPOS="854" STYLE="superscript" VPOS="2675" WIDTH="43" />
<String CONTENT="." HEIGHT="8" HPOS="902" VPOS="2706" WIDTH="9" />
</TextLine>
<TextLine HEIGHT="40" HPOS="327" VPOS="2729" WIDTH="419">
<String CONTENT="&#8220;First" HEIGHT="40" HPOS="327" VPOS="2729" WIDTH="161" />
<SP HEIGHT="37" HPOS="489" VPOS="2732" WIDTH="31" />
<String CONTENT="edition.&#8221;" HEIGHT="40" HPOS="521" VPOS="2729" WIDTH="225" />
</TextLine>
<TextLine CS="1" HEIGHT="53" HPOS="253" VPOS="2796" WIDTH="1989">
<String CONTENT="&#169;" HEIGHT="53" HPOS="253" VPOS="2796" WIDTH="54" />
<SP HEIGHT="53" HPOS="308" VPOS="2796" WIDTH="33" />
<String CONTENT="Mar." HEIGHT="38" HPOS="342" VPOS="2801" WIDTH="121" />
<SP HEIGHT="39" HPOS="464" VPOS="2800" WIDTH="34" />
<String CONTENT="21," HEIGHT="46" HPOS="499" VPOS="2800" WIDTH="70" />
<SP HEIGHT="46" HPOS="570" VPOS="2800" WIDTH="33" />
<String CONTENT="1935;" HEIGHT="48" HPOS="604" VPOS="2798" WIDTH="141" />
<SP HEIGHT="47" HPOS="746" VPOS="2799" WIDTH="36" />
<String CONTENT="2c." HEIGHT="39" HPOS="783" VPOS="2799" WIDTH="66" />
<SP HEIGHT="28" HPOS="850" VPOS="2810" WIDTH="34" />
<String CONTENT="and" HEIGHT="39" HPOS="885" VPOS="2800" WIDTH="96" />
<SP HEIGHT="39" HPOS="982" VPOS="2800" WIDTH="34" />
<String CONTENT="aff." CS="1" />
<SP HEIGHT="39" HPOS="1099" VPOS="2800" WIDTH="37" />
<String CONTENT="Mar." HEIGHT="39" HPOS="1137" VPOS="2800" WIDTH="120" />
<SP HEIGHT="41" HPOS="1258" VPOS="2798" WIDTH="34" />
<String CONTENT="27;" HEIGHT="48" HPOS="1293" VPOS="2798" WIDTH="83" />
<SP HEIGHT="47" HPOS="1377" VPOS="2799" WIDTH="36" />
<String CONTENT="A" HEIGHT="39" HPOS="1414" VPOS="2799" WIDTH="40" />
<SP HEIGHT="41" HPOS="1455" VPOS="2799" WIDTH="36" />
<String CONTENT="82161;" HEIGHT="47" HPOS="1492" VPOS="2799" WIDTH="169" />
<SP HEIGHT="46" HPOS="1662" VPOS="2800" WIDTH="39" />
<String CONTENT="Oxford" HEIGHT="41" HPOS="1702" VPOS="2799" WIDTH="187" />
<SP HEIGHT="39" HPOS="1890" VPOS="2801" WIDTH="36" />
<String CONTENT="univ." HEIGHT="43" HPOS="1927" VPOS="2798" WIDTH="126" />
<SP HEIGHT="38" HPOS="2054" VPOS="2810" WIDTH="37" />
<String CONTENT="press," HEIGHT="39" HPOS="2092" VPOS="2810" WIDTH="150" />
</TextLine>
<TextLine HEIGHT="48" HPOS="322" VPOS="2855" WIDTH="725">
<String CONTENT="New" HEIGHT="39" HPOS="322" VPOS="2858" WIDTH="118" />
<SP HEIGHT="41" HPOS="441" VPOS="2856" WIDTH="23" />
<String CONTENT="York," HEIGHT="47" HPOS="465" VPOS="2856" WIDTH="145" />
<SP HEIGHT="47" HPOS="611" VPOS="2856" WIDTH="25" />
<String CONTENT="inc." HEIGHT="39" HPOS="637" VPOS="2856" WIDTH="89" />
<SP HEIGHT="47" HPOS="727" VPOS="2856" WIDTH="70" />
<String CONTENT="(35-4773)" HEIGHT="48" HPOS="798" VPOS="2855" WIDTH="249" />
</TextLine>
<TextLine HEIGHT="65" HPOS="252" STYLEREFS="StyleId-B02C2107-2279-4572-AF4A-DEF774BD0C41-" VPOS="2958" WIDTH="879">
<String CONTENT="Wood," HEIGHT="65" HPOS="252" VPOS="2958" WIDTH="198" />
<SP HEIGHT="64" HPOS="451" VPOS="2959" WIDTH="29" />
<String CONTENT="Karl" HEIGHT="52" HPOS="481" VPOS="2959" WIDTH="145" />
<SP HEIGHT="52" HPOS="627" VPOS="2959" WIDTH="27" />
<String CONTENT="Dawson," HEIGHT="62" HPOS="655" VPOS="2960" WIDTH="271" />
<SP HEIGHT="58" HPOS="927" VPOS="2964" WIDTH="32" />
<String CONTENT="1898-" HEIGHT="49" HPOS="960" VPOS="2964" WIDTH="171" />
</TextLine>
<TextLine HEIGHT="71" HPOS="326" STYLEREFS="StyleId-4042ED94-C62B-44B0-AA24-6B155D859A78-" VPOS="3032" WIDTH="1917">
<String CONTENT="Elementary" HEIGHT="67" HPOS="326" VPOS="3035" WIDTH="366" />
<SP HEIGHT="49" HPOS="693" VPOS="3053" WIDTH="24" />
<String CONTENT="aerodynamics;" HEIGHT="71" HPOS="718" VPOS="3032" WIDTH="451" />
<SP HEIGHT="47" HPOS="1170" VPOS="3052" WIDTH="28" />
<String CONTENT="a" HEIGHT="33" HPOS="1199" VPOS="3054" WIDTH="31" />
<SP HEIGHT="48" HPOS="1231" VPOS="3040" WIDTH="26" />
<String CONTENT="textbook" HEIGHT="54" HPOS="1258" VPOS="3034" WIDTH="265" />
<SP HEIGHT="53" HPOS="1524" VPOS="3033" WIDTH="28" />
<String CONTENT="for" HEIGHT="55" HPOS="1553" VPOS="3033" WIDTH="94" />
<SP HEIGHT="35" HPOS="1648" VPOS="3052" WIDTH="26" />
<String CONTENT="student" HEIGHT="55" HPOS="1675" VPOS="3033" WIDTH="228" />
<SP HEIGHT="63" HPOS="1904" VPOS="3040" WIDTH="24" />
<String CONTENT="pilots" HEIGHT="69" HPOS="1929" VPOS="3034" WIDTH="173" />
<SP HEIGHT="35" HPOS="2103" VPOS="3053" WIDTH="27" />
<String CONTENT="and" HEIGHT="54" HPOS="2131" VPOS="3035" WIDTH="112" />
</TextLine>
<TextLine CS="1" HEIGHT="71" HPOS="256" STYLEREFS="StyleId-4042ED94-C62B-44B0-AA24-6B155D859A78-" VPOS="3110" WIDTH="1923">
<String CONTENT="mechanics." HEIGHT="54" HPOS="256" VPOS="3111" WIDTH="328" />
<SP HEIGHT="52" HPOS="585" VPOS="3112" WIDTH="73" />
<String CONTENT="By" HEIGHT="66" HPOS="659" VPOS="3112" WIDTH="91" />
<SP HEIGHT="67" HPOS="751" VPOS="3111" WIDTH="34" />
<String CONTENT="Karl" HEIGHT="53" HPOS="786" VPOS="3110" WIDTH="146" />
<SP HEIGHT="53" HPOS="933" VPOS="3110" WIDTH="35" />
<String CONTENT="D." HEIGHT="52" HPOS="969" VPOS="3112" WIDTH="70" />
<SP HEIGHT="52" HPOS="1040" VPOS="3112" WIDTH="36" />
<String CONTENT="Wood" HEIGHT="53" HPOS="1077" VPOS="3111" WIDTH="183" />
<SP HEIGHT="54" HPOS="1261" VPOS="3111" WIDTH="40" />
<String CONTENT="&#8230;" CS="1" />
<SP HEIGHT="34" HPOS="1359" VPOS="3132" WIDTH="41" />
<String CONTENT="and" HEIGHT="54" HPOS="1401" VPOS="3112" WIDTH="114" />
<SP HEIGHT="53" HPOS="1516" VPOS="3111" WIDTH="34" />
<String CONTENT="Wm." HEIGHT="53" HPOS="1551" VPOS="3111" WIDTH="147" />
<SP HEIGHT="51" HPOS="1699" VPOS="3111" WIDTH="35" />
<String CONTENT="B." HEIGHT="54" HPOS="1735" VPOS="3111" WIDTH="67" />
<SP HEIGHT="53" HPOS="1803" VPOS="3112" WIDTH="35" />
<String CONTENT="Wheatley" HEIGHT="70" HPOS="1839" VPOS="3111" WIDTH="297" />
<SP HEIGHT="49" HPOS="2137" VPOS="3132" WIDTH="42" />
<String CONTENT="&#8230;" CS="1" />
</TextLine>
<TextLine CS="1" HEIGHT="66" HPOS="257" STYLEREFS="StyleId-4042ED94-C62B-44B0-AA24-6B155D859A78-" VPOS="3188" WIDTH="1069">
<String CONTENT="Ithaca," HEIGHT="65" HPOS="257" VPOS="3189" WIDTH="216" />
<SP HEIGHT="66" HPOS="474" VPOS="3188" WIDTH="28" />
<String CONTENT="N." HEIGHT="51" HPOS="503" VPOS="3188" WIDTH="68" />
<SP HEIGHT="51" HPOS="572" VPOS="3189" WIDTH="34" />
<String CONTENT="Y.," CS="1" HEIGHT="51" HPOS="607" VPOS="3189" WIDTH="55" />
<SP HEIGHT="54" HPOS="696" VPOS="3189" WIDTH="30" />
<String CONTENT="The" HEIGHT="52" HPOS="727" VPOS="3189" WIDTH="120" />
<SP HEIGHT="34" HPOS="848" VPOS="3207" WIDTH="28" />
<String CONTENT="authors," HEIGHT="65" HPOS="877" VPOS="3189" WIDTH="247" />
<SP HEIGHT="58" HPOS="1125" VPOS="3196" WIDTH="29" />
<String CONTENT="c" HEIGHT="21" HPOS="1155" STYLE="superscript" VPOS="3196" WIDTH="18" />
<String CONTENT="1935." HEIGHT="49" HPOS="1178" VPOS="3191" WIDTH="148" />
</TextLine>
<TextLine CS="1" HEIGHT="49" HPOS="327" VPOS="3259" WIDTH="679">
<String CONTENT="1" HEIGHT="39" HPOS="327" VPOS="3260" WIDTH="26" />
<SP />
<String CONTENT="v." HEIGHT="29" HPOS="381" VPOS="3271" WIDTH="43" />
<SP HEIGHT="40" HPOS="425" VPOS="3260" WIDTH="57" />
<String CONTENT="illus.," HEIGHT="47" HPOS="483" VPOS="3260" WIDTH="141" />
<SP HEIGHT="46" HPOS="625" VPOS="3261" WIDTH="28" />
<String CONTENT="diagrs." HEIGHT="47" HPOS="654" VPOS="3261" WIDTH="178" />
<SP HEIGHT="40" HPOS="833" VPOS="3259" WIDTH="57" />
<String CONTENT="26" HEIGHT="40" HPOS="891" VPOS="3259" WIDTH="58" />
<String CONTENT="cm" HEIGHT="22" HPOS="949" STYLE="superscript" VPOS="3262" WIDTH="44" />
<String CONTENT="." HEIGHT="9" HPOS="997" VPOS="3292" WIDTH="9" />
</TextLine>
<TextLine HEIGHT="47" HPOS="327" VPOS="3316" WIDTH="728">
<String CONTENT="Loose-leaf;" HEIGHT="47" HPOS="327" VPOS="3316" WIDTH="297" />
<SP HEIGHT="36" HPOS="625" VPOS="3327" WIDTH="27" />
<String CONTENT="mimeographed." HEIGHT="47" HPOS="653" VPOS="3316" WIDTH="402" />
</TextLine>
<TextLine HEIGHT="48" HPOS="330" VPOS="3373" WIDTH="1907">
<String CONTENT="&#8220;This" HEIGHT="39" HPOS="330" VPOS="3373" WIDTH="145" />
<SP HEIGHT="38" HPOS="476" VPOS="3375" WIDTH="27" />
<String CONTENT="textbook" HEIGHT="40" HPOS="504" VPOS="3373" WIDTH="227" />
<SP HEIGHT="39" HPOS="732" VPOS="3373" WIDTH="30" />
<String CONTENT="is" HEIGHT="39" HPOS="763" VPOS="3373" WIDTH="41" />
<SP HEIGHT="39" HPOS="805" VPOS="3373" WIDTH="27" />
<String CONTENT="introductory" HEIGHT="46" HPOS="833" VPOS="3373" WIDTH="333" />
<SP HEIGHT="45" HPOS="1167" VPOS="3374" WIDTH="29" />
<String CONTENT="to" HEIGHT="38" HPOS="1197" VPOS="3374" WIDTH="46" />
<SP HEIGHT="38" HPOS="1244" VPOS="3375" WIDTH="29" />
<String CONTENT="the" HEIGHT="39" HPOS="1274" VPOS="3374" WIDTH="81" />
<SP HEIGHT="39" HPOS="1356" VPOS="3374" WIDTH="27" />
<String CONTENT="books" HEIGHT="40" HPOS="1384" VPOS="3373" WIDTH="147" />
<SP HEIGHT="39" HPOS="1532" VPOS="3374" WIDTH="27" />
<String CONTENT="&#8216;Technical" HEIGHT="40" HPOS="1560" VPOS="3374" WIDTH="269" />
<SP HEIGHT="38" HPOS="1830" VPOS="3376" WIDTH="29" />
<String CONTENT="aerodynamics&#8217;" HEIGHT="47" HPOS="1860" VPOS="3374" WIDTH="377" />
</TextLine>
<TextLine HEIGHT="48" HPOS="258" VPOS="3428" WIDTH="1345">
<String CONTENT="and" HEIGHT="39" HPOS="258" VPOS="3429" WIDTH="93" />
<SP HEIGHT="40" HPOS="352" VPOS="3428" WIDTH="28" />
<String CONTENT="&#8216;Airplane" HEIGHT="48" HPOS="381" VPOS="3428" WIDTH="245" />
<SP HEIGHT="38" HPOS="627" VPOS="3430" WIDTH="25" />
<String CONTENT="design&#8217;" HEIGHT="48" HPOS="653" VPOS="3428" WIDTH="180" />
<SP HEIGHT="39" HPOS="834" VPOS="3428" WIDTH="26" />
<String CONTENT="by" HEIGHT="48" HPOS="861" VPOS="3428" WIDTH="58" />
<SP HEIGHT="45" HPOS="920" VPOS="3431" WIDTH="26" />
<String CONTENT="the" HEIGHT="39" HPOS="947" VPOS="3429" WIDTH="82" />
<SP HEIGHT="40" HPOS="1030" VPOS="3428" WIDTH="25" />
<String CONTENT="first" HEIGHT="41" HPOS="1056" VPOS="3428" WIDTH="105" />
<SP HEIGHT="38" HPOS="1162" VPOS="3431" WIDTH="29" />
<String CONTENT="author.&#8221;&#8212;Pref." HEIGHT="42" HPOS="1192" VPOS="3428" WIDTH="411" />
</TextLine>
<TextLine HEIGHT="52" HPOS="257" VPOS="3498" WIDTH="1979">
<String CONTENT="&#169;" HEIGHT="52" HPOS="257" VPOS="3498" WIDTH="52" />
<SP HEIGHT="52" HPOS="310" VPOS="3498" WIDTH="22" />
<String CONTENT="Feb." HEIGHT="39" HPOS="333" VPOS="3502" WIDTH="108" />
<SP HEIGHT="40" HPOS="442" VPOS="3500" WIDTH="22" />
<String CONTENT="26," HEIGHT="47" HPOS="465" VPOS="3500" WIDTH="68" />
<SP HEIGHT="44" HPOS="534" VPOS="3503" WIDTH="23" />
<String CONTENT="1935;" HEIGHT="47" HPOS="558" VPOS="3501" WIDTH="140" />
<SP HEIGHT="46" HPOS="699" VPOS="3502" WIDTH="24" />
<String CONTENT="2c." HEIGHT="39" HPOS="724" VPOS="3502" WIDTH="65" />
<SP HEIGHT="29" HPOS="790" VPOS="3512" WIDTH="23" />
<String CONTENT="and" HEIGHT="39" HPOS="814" VPOS="3502" WIDTH="93" />
<SP HEIGHT="38" HPOS="908" VPOS="3502" WIDTH="23" />
<String CONTENT="aff." HEIGHT="41" HPOS="932" VPOS="3499" WIDTH="80" />
<SP HEIGHT="40" HPOS="1013" VPOS="3500" WIDTH="23" />
<String CONTENT="Feb." HEIGHT="40" HPOS="1037" VPOS="3500" WIDTH="108" />
<SP HEIGHT="37" HPOS="1146" VPOS="3501" WIDTH="23" />
<String CONTENT="28;" HEIGHT="47" HPOS="1170" VPOS="3500" WIDTH="82" />
<SP HEIGHT="46" HPOS="1253" VPOS="3501" WIDTH="26" />
<String CONTENT="A" HEIGHT="38" HPOS="1280" VPOS="3501" WIDTH="40" />
<SP HEIGHT="40" HPOS="1321" VPOS="3501" WIDTH="23" />
<String CONTENT="79857;" HEIGHT="48" HPOS="1345" VPOS="3500" WIDTH="167" />
<SP HEIGHT="46" HPOS="1513" VPOS="3502" WIDTH="27" />
<String CONTENT="K." HEIGHT="39" HPOS="1541" VPOS="3502" WIDTH="57" />
<SP HEIGHT="38" HPOS="1599" VPOS="3503" WIDTH="25" />
<String CONTENT="D." HEIGHT="38" HPOS="1625" VPOS="3503" WIDTH="54" />
<SP HEIGHT="39" HPOS="1680" VPOS="3503" WIDTH="25" />
<String CONTENT="Wood," HEIGHT="48" HPOS="1706" VPOS="3501" WIDTH="163" />
<SP HEIGHT="45" HPOS="1870" VPOS="3504" WIDTH="24" />
<String CONTENT="Ithaca," HEIGHT="41" HPOS="1895" VPOS="3503" WIDTH="183" />
<SP HEIGHT="41" HPOS="2079" VPOS="3503" WIDTH="25" />
<String CONTENT="N." HEIGHT="38" HPOS="2105" VPOS="3503" WIDTH="54" />
<SP HEIGHT="38" HPOS="2160" VPOS="3503" WIDTH="25" />
<String CONTENT="Y." HEIGHT="38" HPOS="2186" VPOS="3503" WIDTH="50" />
</TextLine>
<TextLine HEIGHT="48" HPOS="337" VPOS="3558" WIDTH="249">
<String CONTENT="(35-5846)" HEIGHT="48" HPOS="337" VPOS="3558" WIDTH="249" />
</TextLine>
<TextLine HEIGHT="65" HPOS="259" STYLEREFS="StyleId-B02C2107-2279-4572-AF4A-DEF774BD0C41-" VPOS="3659" WIDTH="908">
<String CONTENT="Wood," HEIGHT="62" HPOS="259" VPOS="3659" WIDTH="194" />
<SP HEIGHT="61" HPOS="454" VPOS="3660" WIDTH="30" />
<String CONTENT="Leland" HEIGHT="54" HPOS="485" VPOS="3659" WIDTH="218" />
<SP HEIGHT="52" HPOS="704" VPOS="3661" WIDTH="32" />
<String CONTENT="Foster," HEIGHT="64" HPOS="737" VPOS="3660" WIDTH="227" />
<SP HEIGHT="59" HPOS="965" VPOS="3665" WIDTH="32" />
<String CONTENT="1885-" HEIGHT="49" HPOS="998" VPOS="3665" WIDTH="169" />
</TextLine>
<TextLine HEIGHT="70" HPOS="328" STYLEREFS="StyleId-4042ED94-C62B-44B0-AA24-6B155D859A78-" VPOS="3734" WIDTH="1907">
<String CONTENT="Foundations" HEIGHT="52" HPOS="328" VPOS="3735" WIDTH="390" />
<SP HEIGHT="33" HPOS="719" VPOS="3755" WIDTH="43" />
<String CONTENT="of" HEIGHT="52" HPOS="763" VPOS="3736" WIDTH="63" />
<SP HEIGHT="52" HPOS="827" VPOS="3736" WIDTH="39" />
<String CONTENT="happiness" HEIGHT="67" HPOS="867" VPOS="3736" WIDTH="306" />
<SP HEIGHT="54" HPOS="1174" VPOS="3734" WIDTH="41" />
<String CONTENT="in" HEIGHT="53" HPOS="1216" VPOS="3734" WIDTH="59" />
<SP HEIGHT="34" HPOS="1276" VPOS="3754" WIDTH="40" />
<String CONTENT="marriage," HEIGHT="68" HPOS="1317" VPOS="3736" WIDTH="298" />
<SP HEIGHT="67" HPOS="1616" VPOS="3736" WIDTH="40" />
<String CONTENT="by" HEIGHT="68" HPOS="1657" VPOS="3736" WIDTH="76" />
<SP HEIGHT="66" HPOS="1734" VPOS="3738" WIDTH="40" />
<String CONTENT="Leland" HEIGHT="53" HPOS="1775" VPOS="3736" WIDTH="218" />
<SP HEIGHT="52" HPOS="1994" VPOS="3738" WIDTH="40" />
<String CONTENT="Foster" HEIGHT="52" HPOS="2035" VPOS="3738" WIDTH="200" />
</TextLine>
<TextLine CS="1" HEIGHT="68" HPOS="257" STYLEREFS="StyleId-4042ED94-C62B-44B0-AA24-6B155D859A78-" VPOS="3812" WIDTH="1975">
<String CONTENT="Wood" HEIGHT="53" HPOS="257" VPOS="3812" WIDTH="181" />
<SP HEIGHT="49" HPOS="439" VPOS="3814" WIDTH="37" />
<String CONTENT="&#8230;" CS="1" />
<SP HEIGHT="50" HPOS="533" VPOS="3813" WIDTH="77" />
<String CONTENT="Providence," HEIGHT="64" HPOS="611" VPOS="3813" WIDTH="364" />
<SP HEIGHT="61" HPOS="976" VPOS="3816" WIDTH="29" />
<String CONTENT="R." HEIGHT="49" HPOS="1006" VPOS="3816" WIDTH="66" />
<SP HEIGHT="50" HPOS="1073" VPOS="3814" WIDTH="30" />
<String CONTENT="I.," HEIGHT="55" HPOS="1104" VPOS="3814" WIDTH="66" />
<SP HEIGHT="53" HPOS="1171" VPOS="3816" WIDTH="28" />
<String CONTENT="The" HEIGHT="50" HPOS="1200" VPOS="3814" WIDTH="120" />
<SP HEIGHT="49" HPOS="1321" VPOS="3815" WIDTH="28" />
<String CONTENT="Roger" HEIGHT="64" HPOS="1350" VPOS="3815" WIDTH="188" />
<SP HEIGHT="51" HPOS="1539" VPOS="3816" WIDTH="26" />
<String CONTENT="Williams" HEIGHT="54" HPOS="1566" VPOS="3813" WIDTH="286" />
<SP HEIGHT="49" HPOS="1853" VPOS="3831" WIDTH="27" />
<String CONTENT="press," HEIGHT="49" HPOS="1881" VPOS="3831" WIDTH="173" />
<SP HEIGHT="59" HPOS="2055" VPOS="3819" WIDTH="29" />
<String CONTENT="1934." HEIGHT="47" HPOS="2085" VPOS="3819" WIDTH="147" />
</TextLine>
<TextLine CS="1" HEIGHT="48" HPOS="331" STYLEREFS="StyleId-4042ED94-C62B-44B0-AA24-6B155D859A78-" VPOS="3883" WIDTH="583">
<String CONTENT="1" HEIGHT="38" HPOS="331" VPOS="3884" WIDTH="24" />
<SP HEIGHT="47" HPOS="356" VPOS="3884" WIDTH="28" />
<String CONTENT="p." HEIGHT="36" HPOS="385" VPOS="3895" WIDTH="42" />
<SP HEIGHT="41" HPOS="428" VPOS="3883" WIDTH="26" />
<String CONTENT="l.," CS="1" />
<SP HEIGHT="44" HPOS="501" VPOS="3885" WIDTH="27" />
<String CONTENT="7-93" HEIGHT="41" HPOS="529" VPOS="3883" WIDTH="112" />
<SP HEIGHT="47" HPOS="642" VPOS="3884" WIDTH="26" />
<String CONTENT="p." HEIGHT="36" HPOS="669" VPOS="3895" WIDTH="42" />
<SP HEIGHT="41" HPOS="712" VPOS="3883" WIDTH="59" />
<String CONTENT="18&#189;" CS="1" />
<String CONTENT="cm" HEIGHT="21" HPOS="858" STYLE="superscript" VPOS="3887" WIDTH="43" />
<String CONTENT="." HEIGHT="8" HPOS="906" VPOS="3916" WIDTH="8" />
</TextLine>
<TextLine CS="1" HEIGHT="53" HPOS="259" VPOS="3949" WIDTH="1977">
<String CONTENT="&#169;" HEIGHT="52" HPOS="259" VPOS="3949" WIDTH="52" />
<SP HEIGHT="52" HPOS="312" VPOS="3949" WIDTH="18" />
<String CONTENT="Dec." HEIGHT="39" HPOS="331" VPOS="3954" WIDTH="111" />
<SP HEIGHT="38" HPOS="443" VPOS="3954" WIDTH="22" />
<String CONTENT="17," HEIGHT="47" HPOS="466" VPOS="3954" WIDTH="67" />
<SP HEIGHT="47" HPOS="534" VPOS="3954" WIDTH="22" />
<String CONTENT="1934;" CS="1" HEIGHT="41" HPOS="557" VPOS="3953" WIDTH="112" />
<SP HEIGHT="45" HPOS="698" VPOS="3954" WIDTH="24" />
<String CONTENT="2c." HEIGHT="40" HPOS="723" VPOS="3954" WIDTH="66" />
<SP HEIGHT="40" HPOS="790" VPOS="3954" WIDTH="23" />
<String CONTENT="Jan." HEIGHT="40" HPOS="814" VPOS="3954" WIDTH="107" />
<SP HEIGHT="40" HPOS="922" VPOS="3954" WIDTH="23" />
<String CONTENT="9," HEIGHT="48" HPOS="946" VPOS="3954" WIDTH="40" />
<SP HEIGHT="47" HPOS="987" VPOS="3955" WIDTH="23" />
<String CONTENT="1935;" HEIGHT="47" HPOS="1011" VPOS="3954" WIDTH="139" />
<SP HEIGHT="36" HPOS="1151" VPOS="3965" WIDTH="24" />
<String CONTENT="aff." HEIGHT="41" HPOS="1176" VPOS="3953" WIDTH="81" />
<SP HEIGHT="39" HPOS="1258" VPOS="3954" WIDTH="23" />
<String CONTENT="Feb." HEIGHT="40" HPOS="1282" VPOS="3954" WIDTH="109" />
<SP HEIGHT="40" HPOS="1392" VPOS="3954" WIDTH="24" />
<String CONTENT="11;" HEIGHT="46" HPOS="1417" VPOS="3954" WIDTH="80" />
<SP HEIGHT="45" HPOS="1498" VPOS="3955" WIDTH="24" />
<String CONTENT="A" HEIGHT="39" HPOS="1523" VPOS="3955" WIDTH="40" />
<SP HEIGHT="40" HPOS="1564" VPOS="3955" WIDTH="21" />
<String CONTENT="80388;" HEIGHT="50" HPOS="1586" VPOS="3952" WIDTH="169" />
<SP HEIGHT="47" HPOS="1756" VPOS="3955" WIDTH="26" />
<String CONTENT="L." HEIGHT="39" HPOS="1783" VPOS="3955" WIDTH="48" />
<SP HEIGHT="40" HPOS="1832" VPOS="3954" WIDTH="25" />
<String CONTENT="F." HEIGHT="39" HPOS="1858" VPOS="3954" WIDTH="49" />
<SP HEIGHT="40" HPOS="1908" VPOS="3955" WIDTH="25" />
<String CONTENT="Wood," HEIGHT="45" HPOS="1934" VPOS="3955" WIDTH="162" />
<SP HEIGHT="46" HPOS="2097" VPOS="3954" WIDTH="22" />
<String CONTENT="New" HEIGHT="38" HPOS="2120" VPOS="3954" WIDTH="116" />
</TextLine>
<TextLine HEIGHT="51" HPOS="326" VPOS="4009" WIDTH="463">
<String CONTENT="York." HEIGHT="38" HPOS="326" VPOS="4010" WIDTH="143" />
<SP HEIGHT="47" HPOS="470" VPOS="4009" WIDTH="69" />
<String CONTENT="(35-5713)" HEIGHT="51" HPOS="540" VPOS="4009" WIDTH="249" />
</TextLine>
</TextBlock>
</PrintSpace>
</Page>
</Layout>
</alto>