2424 4375
1048 4058 99 50 585

89 434 242 67 Abbott,
360 437 138 52 Mrs.
529 437 161 64 Lucy
719 437 219 51 Hester
967 435 360 66 (Thurston)
1368 441 169 50 1883-

155 510 1920 69 Master of the flesh, by Lucy Thurston Abbott … Boston,
85 587 119 54 The
233 588 375 67 Christopher
639 588 332 68 publishing
997 588 172 53 house
1205 620 13 34 [
1223 593 18 22 c
1246 590 151 64 1935]

159 661 625 49 2 p. l., 7-290 p. 19½cm.
90 714 53 53 ©
179 720 112 46 May
330 720 38 45 7,
406 717 116 41 1935;
586 717 64 40 2c.
690 719 114 46 May
840 717 26 40 9;
931 717 80 40 aff.
1053 719 112 45 May
1203 718 54 39 13;
1325 717 40 39 A
1402 716 142 41 83072;
1614 716 316 48 Christopher
1970 718 107 46 pub.

157 776 162 39 house.
390 774 250 48 (35-6722)

88 862 315 55 American
434 862 217 55 blower
680 862 388 66 corporation,
1099 864 244 53 Detroit.

161 938 110 53 Air
314 940 393 67 conditioning
750 940 111 52 and
903 938 391 69 engineering;
1342 956 26 33 a
1414 935 230 56 treatise
1687 937 64 53 of
1793 939 96 51 the
92 938 1962 145 technique

303 1016 63 52 of
410 1016 394 68 conditioning
846 1016 110 51 and
1001 1015 344 53 mechanical
1388 1021 318 48 movement
1747 1014 62 53 of
1854 1014 84 52 air
1985 1015 93 53 for

92 1093 96 52 the
214 1093 193 52 health
437 1094 112 51 and
579 1092 243 55 comfort
851 1092 63 55 of
942 1093 211 52 human
1183 1092 196 68 beings
1409 1092 112 52 and
1550 1090 276 71 efficiency
1858 1092 63 52 of
94 1111 1959 113 production

364 1167 1715 71 in industry … Edited by the Engineering staff of
92 1247 303 53 American
428 1247 209 54 blower
669 1246 359 69 corporation
1063 1248 111 51 and
1210 1246 296 55 Canadian
1540 1247 209 53 sirocco
1785 1265 295 51 company,

92 1325 121 68 ltd.,
238 1324 263 54 Division
526 1325 62 52 of
613 1324 303 53 American
942 1324 255 54 radiator
1223 1323 112 53 and
1363 1323 290 55 Standard
1681 1324 253 69 sanitary

94 1343 1962 126 corporation.
451 1402 261 68 [Detroit,
745 1408 18 22 c
768 1404 151 65 1935]

188 1475 1781 50 v p., 2 l., 359, 332 p. illus., tables, diagrs. (part fold.) 29 × 23 cm .
154 1532 163 41 “First
345 1532 224 41 edition.”

92 1584 55 54 ©
173 1591 119 38 Mar.
325 1590 68 47 12,
424 1590 113 40 1935;
597 1590 66 39 2c.
694 1589 97 40 and
820 1589 81 40 aff.
931 1589 114 48 Apr.
1075 1589 59 39 22;
1191 1590 42 39 A
1261 1588 142 42 82593;
1463 1590 158 40 Amer,
1653 1591 177 40 blower
160 1600 1901 86 corporation.
345 1646 248 48 (35-6623)

94 1732 327 67 Anderson,
452 1735 271 64 Edward,
757 1739 166 50 1905-

161 1812 251 68 Hungry
443 1831 128 35 men
625 1813 92 67 [by]
757 1812 251 53 Edward
1040 1812 319 54 Anderson.
1433 1813 232 55 Garden
1701 1813 152 69 City,
1886 1815 71 54 N.
1991 1815 91 61 Y.,

90 1890 354 68 Doubleday,
472 1893 194 50 Doran
698 1894 45 50 &
771 1909 96 47 co.,
897 1890 123 64 inc.,
1053 1895 150 50 1935.

165 1962 868 50 3 p. l., v-vi p , 1 l., 275 p. 20cm.
165 2019 161 40 “First
356 2017 224 42 edition.”

93 2071 53 53 ©
171 2077 114 46 May
309 2075 39 46 1,
374 2075 116 40 1935;
541 2074 65 40 2c.
633 2075 96 39 and
754 2074 83 40 aff.
863 2075 113 47 May
1002 2074 26 40 7;
1081 2074 42 39 A
1148 2073 146 41 81719;
1347 2075 51 38 E.
1427 2074 265 46 Anderson,
1720 2075 117 39 New
1864 2075 219 41 Orleans.

171 2131 250 49 (35-6650)

90 2218 267 57 Atlantic
391 2225 281 64 reporter;
710 2239 148 34 cases
893 2221 214 67 argued
1141 2221 113 52 and
1288 2221 350 53 determined
1669 2223 62 52 in
1764 2223 95 52 the
1894 2227 188 48 courts

163 2300 62 51 of
270 2299 385 67 Connecticut,
699 2300 314 66 Delaware,
1055 2299 210 66 Maine,
1308 2300 327 67 Maryland,
1679 2302 138 51 New
162 2302 1893 142 Hampshire,

369 2378 138 52 New
548 2380 216 64 Jersey,
806 2376 439 70 Pennsylvania,
1288 2377 200 53 Rhode
1530 2378 217 66 Island,
1790 2380 290 52 Vermont.

163 2455 162 54 With
370 2456 110 67 key
529 2456 236 51 number
815 2457 377 51 annotations,
1277 2455 223 53 volume
1550 2455 115 53 176.
1752 2457 331 68 February-

164 2533 218 67 March,
412 2537 149 52 1935.
628 2533 81 55 St.
739 2533 162 67 Paul,
928 2534 161 53 West
1114 2532 334 69 publishing
1475 2552 99 49 co.,
1604 2537 148 50 1935.

163 2607 134 48 xviii,
325 2607 117 40 1030
464 2618 42 37 p.
562 2606 58 40 26.
620 2609 43 20 cm
669 2638 8 8 .

95 2659 53 53 ©
172 2664 113 48 Apr.
311 2663 69 48 29,
407 2662 116 41 1935;
576 2662 66 41 2c.
670 2664 96 39 and
793 2662 79 40 aff.
902 2664 113 46 May
1042 2662 81 47 13;
1154 2663 41 38 A
1221 2662 142 41 81782;
1421 2663 137 40 West
1584 2663 109 48 pub.
1722 2674 67 29 co.

97 2750 295 67 Bankson,
421 2752 231 52 Russell
682 2751 217 64 Arden,
932 2756 169 49 1889-

169 2828 120 53 The
333 2826 289 53 Klondike
662 2832 230 63 nugget,
936 2826 72 67 by
1052 2826 222 53 Russell
1318 2825 69 54 A.
1432 2825 283 54 Bankson.
1792 2826 292 70 Caldwell,

101 2904 107 67 Id.,
233 2904 122 54 The
381 2903 222 55 Caxton
629 2902 263 69 printers,
917 2904 123 65 ltd.,
1070 2904 149 52 1935.

166 2974 87 41 349
279 2985 44 37 p.
381 2975 136 39 front.
559 2974 170 48 (port.)
765 2975 170 47 plates.
994 2974 145 40 19½cm.

169 3032 101 38 The
305 3034 135 44 story
475 3031 51 40 of
562 3033 193 45 Eugene
793 3031 49 40 C.
878 3030 179 40 Allen’s
1094 3031 307 46 experiences
1437 3033 46 38 in
1524 3033 82 40 the
1642 3034 242 39 Klondike
1920 3036 94 39 and
2054 3046 25 29 a

99 3088 186 47 history
313 3087 52 40 of
390 3088 76 39 his
493 3097 295 38 newspaper,
815 3088 128 39 “The
970 3087 242 40 Klondike
1240 3086 220 47 nugget”.

99 3144 53 53 ©
179 3148 113 48 Apr.
322 3148 41 46 1,
391 3147 142 47 1935;
565 3147 67 40 2c.
665 3147 95 40 and
791 3145 81 41 aff.
901 3146 114 48 Apr.
1046 3147 52 45 8;
1131 3146 42 39 A
1202 3145 170 48 82396;
1407 3147 188 40 Gaxton
1628 3148 224 47 printers,
1928 3151 43 38 ltd.

178 3204 247 49 (35-6699)

96 3280 207 64 Baum,
333 3279 188 64 Vicki,
553 3284 169 50 1888-

229 3355 1853 71 … Men never know. Garden City, N. Y., Doubleday, Doran
97 3440 45 49 &
167 3453 295 49 company,
488 3433 125 67 inc.,
641 3436 151 51 1935.

170 3492 644 63 viii p., 1 l. , 309 p. 20 cm .
168 3564 161 41 “First
359 3562 224 42 edition.”

100 3618 52 52 ©
181 3623 120 38 Mar.
331 3621 38 46 8,
398 3619 113 40 1935;
568 3618 67 40 2c.
666 3619 93 40 and
788 3618 80 41 aff.
900 3620 128 39 June
1054 3620 26 39 7;
1137 3619 41 39 A
1207 3619 144 40 84165;
1409 3620 53 38 V.
1493 3620 169 48 Baum,
1696 3621 151 41 Santa
1878 3622 204 48 Monica,

170 3678 143 40 Calif.

99 3750 219 65 Baylis,
350 3750 152 55 John
533 3749 240 58 Robert,
805 3753 170 49 1885-

171 3827 377 52 Elimination
582 3824 61 51 of
674 3828 144 47 taste
853 3824 109 50 and
998 3824 139 52 odor
1167 3826 61 50 in
1260 3827 192 62 water,
1482 3822 76 69 by
1591 3823 155 53 John
1780 3826 67 51 R.
1884 3827 200 68 Baylis

168 3898 1741 69 … 1st ed. New York and London, McGraw-Hill book
106 3923 1956 125 company,
302 3980 125 66 inc.,
457 3979 149 50 1935.
