2424 4375
1034 4035 134 53 1217

108 426 234 64 Jordan,
372 426 190 52 David
591 424 262 65 Francis,
884 429 171 50 1890-

173 495 1912 72 Jordan on investments, by David F. Jordan … 3d rev. ed.
103 576 136 53 New
265 576 177 68 York,
470 576 449 67 Prentice-Hall,
945 575 126 69 inc.,
1100 578 149 50 1934.

175 662 648 50 xiv p., 1 l., 425 p. 21cm.
174 733 156 41 Extra
355 733 262 41 numbered
642 742 147 39 pages
819 736 53 38 at
897 734 90 40 end
1016 733 52 41 of
1095 734 118 40 each
1240 733 202 48 chapter
1466 732 82 41 for
1575 732 262 41 “Personal
1864 741 223 40 progress

105 789 216 41 records”
347 791 83 39 not
455 789 225 42 included
707 791 49 39 in
781 790 284 48 pagination
1101 788 104 50 (50)

169 845 70 42 On
264 857 166 30 cover:
457 846 134 41 With
618 846 233 41 Personal
877 857 223 38 progress
1127 847 206 43 records.

106 916 53 52 ©
183 920 126 47 Sept.
332 919 70 47 28,
429 918 113 41 1934;
594 920 66 40 2c.
686 921 120 46 Aug.
834 920 69 47 31,
930 919 116 41 1935;
1101 920 80 40 aff.
1213 921 128 48 Sept.
1366 921 28 38 4:
1450 921 40 38 A
1518 920 146 41 86138;
1719 920 375 49 Prentice-Hall,

174 976 89 41 inc.
333 977 278 47 (35-15254)

105 1080 182 62 Kaye,
314 1080 203 53 James
539 1081 168 61 Ross,
738 1085 169 50 1865-

175 1158 119 52 The
327 1158 268 53 teachers’
627 1158 170 67 guide
829 1166 58 46 to
920 1159 94 51 the
1048 1158 420 55 International
1504 1158 453 68 Sunday-school

106 1162 1963 139 lessons,
274 1237 298 65 improved
600 1236 257 53 uniform
883 1254 192 35 course
1105 1237 95 52 for
1229 1240 148 50 1936.
1469 1239 107 65 [By]
1611 1239 192 53 James
1832 1239 66 51 R.
1929 1238 164 67 Kaye

167 1312 1816 71 … Chicago, John A. Dickson publishing company [c1936]
172 1400 84 41 395
284 1410 42 38 p.
385 1400 128 40 illus.
571 1399 56 39 22½cm.

175 1472 226 39 Includes
426 1471 150 39 blank
602 1481 146 37 pages
779 1470 80 41 for
889 1470 217 40 “Notes”.

108 1537 54 54 ©
190 1542 125 47 Sept.
346 1542 70 48 16,
446 1540 113 42 1935;
616 1539 67 42 2c.
715 1542 127 47 Sept.
871 1540 54 41 26:
984 1540 82 41 aff.
1099 1542 128 47 Sept.
1257 1539 55 41 19;
1370 1542 40 38 A
1439 1541 146 40 86460;
1642 1542 126 40 John
1800 1542 53 39 A.
1882 1542 212 39 Dickson

179 1599 105 47 pub.
315 1610 66 29 co.

109 1699 224 66 Keeler,
362 1701 202 63 Harry
590 1699 280 66 Stephen,
901 1705 171 50 1890-

175 1778 120 52 The
327 1777 150 54 skull
511 1776 63 54 of
603 1776 97 54 the
731 1778 272 67 waltzing
1036 1778 197 66 clown,
1264 1777 75 68 by
1372 1776 198 69 Harry
1605 1776 248 69 Stephen
1891 1777 202 53 Keeler

168 1853 1393 69 … New York, E. P. Dutton & co., inc. [c1935]
175 1941 84 42 247
290 1953 44 38 p.
393 1941 56 41 19½cm.

176 2012 73 40 On
279 2016 98 46 t.-p.:
435 2013 41 37 A
506 2012 187 42 Dutton
722 2011 105 42 clue
855 2013 229 46 mystery.

177 2070 161 41 “First
373 2068 225 43 edition.”

111 2137 51 53 ©
191 2142 126 47 Sept.
346 2142 40 45 5,
412 2139 115 41 1935;
580 2139 68 41 2c.
676 2140 97 39 and
799 2138 81 41 aff.
911 2140 127 47 Sept.
1067 2138 81 46 11;
1179 2139 40 37 A
1247 2137 170 47 86270;
1451 2139 52 39 E.
1534 2139 50 39 P.
1613 2139 188 41 Dutton
1827 2139 37 41 &
1892 2148 83 39 co.,
2004 2140 92 40 inc.

189 2197 277 49 (35-15318)

115 2300 257 64 Kitchin,
401 2301 243 63 George,
675 2304 322 51 1892-1935.

178 2376 266 54 Prisoner
478 2377 63 53 of
572 2376 95 53 the
703 2373 237 70 OGPU,
973 2376 75 68 by
1082 2375 219 69 George
1336 2375 260 53 Kitchin.
1664 2375 258 67 London,
1959 2376 137 53 New

118 2455 153 53 York
303 2461 136 61 [etc.]
469 2455 344 67 Longmans,
840 2452 184 55 Green
1052 2453 113 53 and
1193 2471 98 49 co.,
1318 2457 151 49 1935.

179 2539 1660 53 ix, [1] p., 1 l., 336 p. front., illus. (map, facsim.) ports. 21½cm.
180 2613 227 41 “Printed
436 2612 50 40 in
515 2612 81 41 the
624 2609 179 43 United
832 2610 161 41 States
1021 2610 52 41 of
1100 2609 265 42 America.”

181 2671 161 41 “First
377 2669 225 42 edition.”

114 2737 51 53 ©
190 2742 126 48 Sept.
340 2742 40 46 4,
406 2738 139 48 1935;
575 2740 66 39 2c.
671 2740 126 46 Sept.
823 2739 47 38 11:
931 2737 81 40 aff.
1042 2738 127 47 Sept.
1195 2736 80 47 10;
1304 2737 43 39 A
1369 2736 170 48 86254;
1566 2738 287 47 Longmans,
1883 2738 154 39 Green
2064 2738 37 40 &

183 2809 64 30 co.
319 2796 279 49 (35-15305)

114 2901 187 64 Knox,
327 2902 152 51 Rose
505 2901 66 53 B.

181 2978 222 66 Patsy’s
431 2994 281 50 progress,
738 2975 75 66 by
838 2976 145 51 Rose
1014 2977 65 50 B.
1109 2975 173 51 Knox;
1342 2973 367 67 frontispiece
1739 2974 74 66 by
1840 2975 258 52 Howard

117 3057 285 54 Chandler
434 3055 261 65 Christy;
728 3054 315 65 endpapers
1073 3052 75 66 by
1177 3051 284 67 Reginald
1490 3052 191 52 Birch.
1747 3053 139 52 New
1920 3053 179 66 York,

115 3135 186 59 Dodd,
324 3134 170 51 Mead
519 3136 45 49 &
588 3149 294 48 company,
910 3133 147 50 1935.

218 3238 8 14 x,
254 3207 84 40 275
365 3217 43 37 p.
464 3206 84 39 col.
577 3204 149 39 front.
780 3202 115 40 20cm.

183 3276 284 41 Illustrated
494 3275 361 46 lining-papers.

184 3333 161 40 “First
371 3330 225 42 edition.”

119 3400 51 52 ©
193 3403 126 48 Sept.
343 3402 69 46 18,
435 3401 113 39 1935;
600 3400 68 39 2c.
696 3400 127 45 Sept.
848 3396 58 40 20;
955 3396 82 40 aff.
1065 3396 127 47 Sept.
1215 3395 56 39 21;
1322 3396 42 38 A
1388 3394 141 40 87183;
1585 3396 54 39 R.
1667 3397 53 39 B.
1746 3397 157 46 Knox,
186 3396 1896 111 Anniston,
307 3460 104 38 Ala.
482 3454 278 51 (35-27316)

118 3561 343 60 Lattimore,
491 3560 251 51 Eleanor
770 3557 272 52 Frances.

185 3638 119 51 The
330 3639 109 51 lost
462 3634 254 69 leopard,
741 3632 226 53 written
994 3631 111 52 and
1131 3630 324 53 illustrated
1480 3630 75 66 by
1580 3630 249 54 Eleanor
1853 3632 244 53 Frances

118 3706 1782 70 Lattimore. New York, Harcourt, Brace and company [c1935]
188 3779 1597 57 5 p. l., 3-104 p. col. front., illus., col. plates. 15½×20cm.
190 3857 363 48 Lining-papers
580 3851 280 42 illustrated
889 3851 50 38 in
968 3848 168 42 colors.

123 3926 51 52 ©
207 3930 125 47 Sept.
362 3929 38 45 5,
430 3926 112 40 1935;
599 3923 66 41 2c.
696 3923 96 39 and
820 3920 81 40 aff.
932 3920 128 47 Sept.
1089 3919 55 38 11;
1202 3919 42 37 A
1273 3918 146 40 85887;
1476 3918 261 48 Harcourt,
1768 3921 157 39 Brace
1952 3922 35 39 &
2018 3933 82 37 co.,

190 3986 89 40 inc.
352 3981 277 50 (35-15312)
