2424 4375
1120 4052 130 48 1015

190 450 258 63 Stetson,
475 449 245 54 Charles
744 448 242 63 Wyllys.

255 527 155 49 Four
442 526 131 53 mile
606 542 105 34 run
744 525 134 52 land
911 530 216 60 grants,
1160 524 74 64 by
1267 523 235 54 Charles
1535 524 88 50 W.
1659 522 243 54 Stetson.
189 523 1955 145 Washington,

431 602 72 51 D.
533 601 81 65 C.,
642 600 366 53 Miineoform
1038 618 173 48 press,
1244 602 148 50 1935.

254 674 27 39 2
306 684 43 37 p.
412 705 8 15 l.,
447 673 84 39 142
555 684 44 37 p.
726 705 8 15 pl.,
762 672 27 39 2
812 671 117 42 fold.
953 681 150 39 maps.
1163 670 54 41 23½
1252 673 43 21 cin
1300 702 8 9 .

520 729 171 41 CONTENTS.—The
728 729 231 48 Howsing
994 728 565 49 patent.—Washington
1598 726 394 41 forest.—Simon
185 727 1970 100 Pearson’s
339 785 370 50 patents.—The
740 785 109 40 Ball
875 787 208 46 patents.

186 840 52 52 ©
259 845 114 41 July
395 845 67 40 12,
487 843 139 40 1935;
650 842 67 40 2c.
739 842 95 39 and
857 841 81 40 aff.
964 841 113 47 July
1098 840 55 39 20
1172 850 8 31 :
1205 840 40 39 A
1268 838 142 41 84692
1428 850 9 36 ;
1464 839 49 41 C.
1538 840 70 39 W.
1636 840 208 49 Stetson,
1869 839 305 47 Glencarlyn,

250 901 84 39 Va.
405 899 279 47 (35-10990)

185 975 292 63 Swayzee,
509 974 173 54 Cleon
712 973 297 63 Oliphant.

190 1048 1980 148 Contempt of court in labor injunction cases, by Cleon Oliphant Swayzee … New York, Columbia university press;
187 1207 255 54 London,
469 1209 63 50 P.
565 1206 55 55 S.
649 1206 161 65 King
835 1209 41 49 &
902 1224 119 46 son,
1046 1204 122 64 ltd.,
1197 1207 149 49 1935.

260 1280 86 38 145
381 1290 40 36 p.
490 1278 54 40 23
547 1280 43 21 cm
597 1310 8 7 .
681 1278 296 47 (Half-title:
1018 1277 192 39 Studies
1250 1277 48 38 in
1338 1276 202 48 history,
1578 1275 266 41 economics
1884 1278 93 39 and
2015 1278 160 47 public

185 1339 108 43 law,
337 1336 71 39 ed.
449 1336 60 47 by
550 1336 81 38 the
674 1335 204 46 Faculty
920 1334 54 39 of
1012 1333 216 48 political
1271 1332 183 42 science
1500 1334 52 39 of
1596 1332 248 41 Columbia
1890 1332 286 51 university,

183 1404 75 29 no.
286 1391 85 41 409
383 1393 13 47 )

257 1449 175 39 “Table
456 1448 52 40 of
532 1458 134 30 cases
691 1446 125 41 cited
843 1458 52 29 or
922 1446 276 40 discussed”
1219 1457 8 28 :
1255 1457 43 37 p.
1326 1445 214 40 122-129.

187 1501 53 53 ©
264 1506 125 39 June
413 1505 69 45 27,
510 1505 112 39 1935
641 1515 8 35 ;
675 1503 65 40 2c.
766 1504 95 39 and
886 1503 81 39 aff.
993 1504 126 38 June
1142 1503 55 39 28
1215 1513 8 30 :
1251 1504 40 37 A
1318 1503 143 40 84454
1478 1513 9 35 ;
1515 1503 249 40 Columbia
1793 1501 128 41 univ.
1949 1513 149 38 press.

267 1562 278 48 (35-10985)

189 1623 305 63 Tatianus,
521 1624 74 52 2d
624 1628 138 46 cent.

257 1700 56 52 A
364 1699 186 55 Greek
600 1697 285 68 fragment
937 1698 63 54 of
1051 1696 254 54 Tatian's
1355 1696 386 67 Diatessaron,
1793 1698 151 53 from
1995 1701 179 63 Dura,

188 1776 187 54 edited
411 1776 138 53 with
587 1776 293 60 facsimile,
914 1775 409 67 transcription
1358 1777 110 51 and
1506 1775 383 54 introduction
1926 1776 76 67 by
2039 1776 130 55 Carl

189 1852 1780 69 H. Kraeling, ph. d. London [etc.] Christophers [ c 1935]
259 1925 1916 51 4 p. l. , [3]-37 p. fold. pl. 25 cm . (Half-title: Studies and documents,
190 1982 1376 50 edited by Kirsopp Lake … and Silva Lake … III)
263 2041 227 40 “Printed
518 2040 47 40 in
595 2042 83 39 the
707 2042 54 39 U.
793 2041 44 40 S.
866 2039 82 41 A.”

260 2098 102 39 The
403 2097 162 40 folded
613 2097 130 48 plate
788 2097 220 39 contains
1065 2096 76 46 (a)
1197 2096 256 40 Facsimile
1500 2096 51 38 of
1597 2097 129 39 Dura
1778 2098 282 46 parchment
2107 2097 68 41 24.

200 2153 77 49 (b)
317 2154 381 47 Transcription,
742 2154 72 46 (c)
859 2153 324 47 Composition
1220 2154 95 39 and
1350 2158 267 44 apparatus
1650 2154 212 40 criticus.

263 2211 127 40 “The
418 2211 241 43 fragment
692 2211 113 40 with
839 2211 154 39 which
1024 2211 79 39 the
1130 2210 250 47 following
1407 2220 145 38 pages
1581 2211 106 39 deal
1717 2210 40 40 is
1785 2221 106 29 now
1921 2212 251 46 preserved

192 2266 1983 49 in the parchment and papyrus collection of Yale university … where
193 2323 38 41 it
255 2324 41 40 is
319 2323 143 41 listed
489 2334 55 28 as
570 2325 130 39 Dura
732 2326 280 46 parchment
1036 2324 55 39 24
1127 2324 66 47 (D
1219 2325 80 46 Pg.
1326 2323 238 49 24).”—p.
1594 2324 54 50 [3]

190 2377 53 53 ©
270 2383 113 47 Apr.
412 2381 68 42 24.
511 2381 139 41 1935;
680 2382 66 40 2c.
779 2384 112 45 May
919 2382 82 39 20:
1033 2381 79 40 aff.
1144 2383 111 47 Apr.
1287 2382 82 41 27:
1402 2383 39 37 A
1471 2382 168 46 83193;
1676 2382 212 48 Kirsopp
1920 2382 130 40 Lake
2082 2383 95 38 and

254 2437 126 41 Silva
408 2438 143 42 Lake.
577 2438 297 47 Cambridge.
901 2440 144 38 Mass.
1116 2438 279 47 (35-11046)

186 2500 209 52 Texas.
469 2503 181 62 Laws,
679 2506 254 53 statutes,
963 2506 99 47 etc.

261 2577 276 53 Vernon’s
583 2578 302 52 annotated
933 2578 241 52 Revised
1220 2577 133 52 civil
1397 2582 237 48 statutes
1679 2577 62 53 of
1785 2578 96 50 the
1925 2582 143 47 state
2114 2578 61 51 of

188 2655 198 51 Texas.
453 2658 131 48 1935
615 2655 338 52 cumulative
985 2657 210 49 annual
1220 2656 199 66 pocket
1450 2661 159 61 parts
1639 2654 95 53 for
1761 2657 249 51 volumes
2043 2659 132 47 1-22

254 2732 1558 67 … Kansas City, Vernon law book company [ c 1935]
255 2803 54 39 22
372 2834 8 8 v.
434 2803 55 40 25
494 2806 42 20 cm
543 2835 8 7 .

261 2860 153 39 These
447 2861 274 46 pamphlets
749 2870 82 29 are
862 2863 47 36 to
941 2861 56 38 be
1026 2859 136 40 fitted
1193 2859 102 40 into
1327 2860 81 39 the
1440 2861 196 47 pockets
1667 2862 51 38 at
1749 2861 80 40 the
1860 2862 121 38 back
2012 2861 54 40 of
2097 2862 79 39 the

185 2916 214 39 volumes
425 2916 52 39 of
503 2917 84 38 the
611 2919 71 36 set
710 2919 48 36 to
785 2916 155 39 which
968 2918 113 45 they
1109 2917 183 46 belong.

189 2955 1988 66 © July 26, 1935 ; 2c. each Aug. 6 ; aff. A ug. 5 ; A 85351 ; Vernon law book
259 3039 65 29 co.

193 3089 353 65 Thompson,
578 3091 174 54 Collis
780 3092 225 52 Porter.

263 3167 94 52 An
390 3166 383 54 introduction
811 3174 57 45 to
899 3185 101 49 gas
1031 3166 197 69 utility
1264 3168 356 67 accounting,
1653 3167 76 67 by
1764 3167 179 55 Collis
1976 3169 204 52 Porter

194 3245 1986 68 Thompson … Ann Arbor, Mich., Edwards brothers, inc..
194 3325 150 51 1935.

328 3395 1407 49 xv, 135 p. incl. tables, diagrs., forms, fold. pl. 21½ cm .
257 3451 407 49 “Lithoprinted.”

193 3504 53 53 ©
278 3509 115 47 July
426 3509 67 45 10,
526 3508 139 41 1935;
702 3508 67 40 2c.
804 3511 93 38 and
930 3509 81 40 aff.
1049 3511 115 38 July
1197 3511 54 38 18
1270 3520 8 35 ;
1314 3511 40 37 A
1389 3510 142 40 84681
1549 3520 9 36 ;
1596 3511 48 39 C.
1678 3511 49 39 P.
1763 3511 286 46 Thompson,
2086 3512 91 38 Los

258 3564 217 48 Angeles.
546 3565 278 47 (35-11130)

196 3625 213 53 Torres
435 3627 257 53 Ríoscco,
722 3629 239 61 Arturo,
992 3629 167 53 1897-

267 3702 1911 69 Ensayo de bibliograf í a de la literatura chilena, por Arturo
198 3780 1958 144 Torres-Rioseco y Ra ú l Silva-Castro. Cambridge, Mass., Harvard university press, 1935.
195 3929 1964 106 X, 71 p. 23 ½ cm . ( Half-title : Bibliographies of Spanish-American literature)
