2424 4375
1252 4058 133 54 1732

316 441 202 62 Davis,
546 441 220 53 Harold
792 440 253 64 Thayer,
1078 443 171 50 1892-
1460 456 160 50 comp
1626 482 12 9 .

387 519 204 52 Tables
622 519 62 51 of
715 519 93 52 the
837 517 203 67 higher
1070 517 423 52 mathematical
1525 517 308 54 functions,
1864 518 298 65 computed
2196 518 108 50 and

317 593 1990 69 compiled under the direction of Harold T. Davis … with the
319 672 1929 68 co-operation of: Muriel E. Adams: Joseph T. Altenhof …
343 752 108 52 [and
502 752 205 65 others]
788 753 220 50 volume
1057 755 47 48 2.
1183 750 422 68 Bloomington,
1653 751 147 58 Ind.,
1847 751 119 52 The
2013 750 291 53 Principia

321 829 534 68 press, inc. [ c 1935 ]
389 910 101 48 xiii,
519 909 76 41 391
631 920 41 38 p.
728 910 163 47 front.,
920 912 136 45 port.,
1086 908 196 48 diagvs.,
1320 909 56 40 25½
1409 911 45 21 cm
1458 940 8 10 .

391 965 289 40 “Published
711 976 53 28 as
795 976 23 27 a
853 964 326 41 contribution
1210 965 52 39 of
1293 966 80 40 the
1403 966 281 39 Waterman
1717 965 224 40 institute
1970 965 79 39 for
2080 965 235 40 scientific

318 1030 238 43 research,
590 1031 202 39 Indiana
828 1028 312 49 university.”

323 1093 52 55 ©
403 1099 101 40 Oct.
593 1131 8 14 15,
630 1098 82 40 1935;
800 1101 65 37 2c.
894 1099 101 39 Oct.
1023 1099 25 38 26;
1136 1099 81 39 aff.
1248 1100 100 38 Oct.
1377 1099 54 38 21;
1491 1099 38 38 A
1560 1099 142 39 88348;
1761 1099 58 39 H.
1850 1098 51 40 T.
1933 1097 164 47 Davis,
389 1098 1905 104 Bloomington,
599 1157 102 39 Ind.

323 1261 84 51 De
433 1261 234 63 Roussy
691 1262 69 51 de
787 1261 182 63 Sales,
995 1260 276 54 Richard.

394 1337 292 68 Thrilling
729 1339 219 52 French
990 1338 215 62 stories,
1247 1338 72 66 by
1361 1337 252 54 Richard
1656 1338 68 51 de
1764 1338 220 65 Roussy
2025 1337 67 52 de
2137 1336 172 55 Sales.

325 1415 215 57 Dallas,
570 1418 64 51 B.
666 1416 253 67 Upshaw
948 1417 111 52 and
1089 1434 279 49 company
1442 1418 152 64 [c1933]

390 1486 739 48 3 p. l., 105 p. illus. 19½ cm .
394 1542 284 43 Illustrated
732 1543 338 49 lining-papers.

396 1598 128 49 Song
553 1600 118 40 with
701 1600 152 40 music:
910 1610 43 37 p.
982 1600 154 41 84-85.

672 1679 57 5 CONTENTS.—
733 1655 108 41 L’as
871 1657 56 40 de
958 1655 216 49 pique.—
1178 1655 149 41 Entre
1357 1656 46 40 la
1436 1655 74 41 vie
1541 1658 46 38 et
1620 1656 46 40 la
1698 1657 138 39 mort.
1839 1679 57 5 —
1901 1656 88 41 Les
2020 1657 207 40 hasards
2256 1657 56 39 de

323 1712 46 40 la
393 1712 241 42 vie.—Les
656 1713 253 47 postillons
934 1715 57 38 de
1018 1712 651 48 Longjumeau.—Bertrand
1697 1714 63 39 du
1787 1712 240 42 Guesclin.

325 1781 1989 53 © Nov. 24, 1933; 2c. Nov. 18, 1931; aff. Nov. 16; A 89459; Banks Upshaw
394 1844 35 39 &
453 1854 65 29 co.
593 1842 279 48 (31-32221)

326 1944 348 66 Dictionary
703 1947 62 53 of
798 1947 299 52 American
1134 1947 339 66 biography,
1504 1946 182 53 under
1715 1947 95 52 the
1842 1948 252 66 auspices
2127 1950 63 51 of
2222 1951 91 52 the

396 2023 305 54 American
744 2025 216 52 council
1005 2024 62 51 of
1111 2023 228 53 learned
1384 2023 266 54 societies.
1727 2026 210 52 Edited
1981 2027 74 66 by
2099 2029 216 52 Dumas

397 2101 1918 58 Malone … volume 17. Sewell-Stevenson. New York.
400 2178 60 57 C.
492 2180 310 56 Scribner’s
827 2198 145 47 sons,
1001 2183 147 49 1935.

397 2265 44 34 x,
473 2253 87 40 636
587 2264 41 36 p.
688 2252 59 40 26
747 2255 43 20 cm
796 2285 7 7 .

329 2320 52 53 ©
450 2336 71 28 Nov.
548 2324 69 41 20.
643 2324 112 40 1935;
808 2324 65 39 2c.
901 2324 96 39 and
1022 2323 82 40 aff.
1176 2334 71 29 Nov.
1274 2325 54 37 23;
1380 2324 44 44 A
1451 2323 168 47 89586;
1649 2324 144 40 Amer.
1834 2326 184 40 council
2044 2327 50 38 of
2121 2327 192 40 learned

396 2380 234 48 societies,
661 2380 333 48 Washington.

330 2484 241 65 Disney,
600 2484 175 65 Walt,
804 2484 396 64 productions,
1227 2484 106 55 ltd.

400 2561 119 53 The
548 2561 158 53 three
731 2561 220 67 orphan
978 2561 229 67 kittens,
1233 2569 156 59 story
1416 2563 112 52 and
1556 2561 377 55 illustrations
1962 2564 71 66 by
2063 2566 91 52 the
2182 2572 84 46 staff

330 2636 1956 147 of the Walt Disney studios. Philadelphia, David McKay company [ c 1935]
401 2786 1410 51 46, [1] p. incl. col. front., illus. (part col.) 23 × 26 cm .
330 2851 52 55 ©
455 2869 71 28 Nov.
555 2857 68 47 18,
651 2857 113 40 1935;
821 2858 65 38 2c.
914 2858 93 38 and
1036 2856 81 40 aff.
1149 2859 107 37 Dec.
1287 2858 29 38 3;
1369 2858 41 37 A
1439 2857 142 39 89682;
1641 2857 130 40 Walt
1802 2856 181 49 Disney
2012 2857 303 48 enterprises,

401 2915 100 46 ltd.,
531 2915 299 47 Hollywood,
862 2913 142 40 Calif.
1075 2912 278 50 (35-33165)

332 3016 307 65 Downing,
667 3017 179 54 Todd.

399 3089 1914 71 Murder on the tropic, by Todd Downing … Garden City,
329 3167 69 54 N.
437 3169 89 68 Y.,
561 3168 142 53 Pub.
740 3168 93 53 for
865 3169 93 52 the
994 3168 189 55 Crime
1218 3168 145 68 club,
1400 3168 125 68 inc.,
1559 3168 74 69 by
1668 3168 337 69 Doubleday
2042 3170 193 52 Doran
2270 3166 43 50 &

328 3261 297 53 company,
653 3245 126 68 inc.,
811 3248 148 51 1935.

401 3317 887 52 3 p. l., v-vi p., 1 l., 277 p. 19½ cm .
402 3373 162 42 “First
590 3374 226 41 edition.”

335 3440 53 53 ©
417 3446 110 39 Dec.
558 3446 39 47 6,
628 3446 112 39 1935;
800 3446 66 39 2c.
897 3447 98 38 and
1023 3444 79 41 aff.
1137 3446 108 40 Dec.
1279 3446 81 46 16;
1394 3446 38 38 A
1464 3446 169 45 88670;
1667 3446 52 40 T.
1751 3445 250 49 Downing,
2075 3454 70 31 New
2177 3444 123 39 York,

412 3500 280 50 (35-36175)

334 3600 239 65 Driggs,
603 3603 254 54 Howard
888 3606 239 62 Roscoe,
1160 3605 171 52 1873-

405 3679 1852 69 Living English for ninth year, by Howard R. Driggs …
334 3756 257 66 Lincoln,
624 3756 249 68 Chicago
911 3764 137 61 [etc.]
1087 3759 120 52 The
1240 3758 335 66 University
1607 3758 331 67 publishing
1971 3775 97 47 co.,
2102 3759 144 48 1935.

401 3827 84 46 xii,
512 3828 85 38 434
622 3838 42 36 p.
720 3828 161 47 front.,
912 3829 127 40 illus.
1069 3829 130 45 (incl.
1230 3828 173 49 ports.)
1471 3829 143 40 19½cm.

402 3881 74 41 On
501 3893 141 29 cover:
698 3883 174 48 Living
896 3885 200 46 English
1123 3886 79 37 for
1228 3886 164 45 junior
1419 3885 113 45 high
1563 3886 187 38 schools.
1819 3885 75 38 bk.
1922 3885 38 37 3.

338 3933 53 53 ©
414 3938 118 40 Nov.
560 3938 68 48 18,
657 3939 113 39 1935;
825 3938 66 48 2c.
965 3953 69 30 Nov.
1063 3942 54 40 23;
1176 3941 78 40 aff.
1330 3953 71 28 Nov.
1430 3942 55 36 22;
1545 3942 38 37 A
1612 3941 141 39 89563;
1815 3939 278 45 University
2121 3936 105 48 pub.
2252 3943 63 29 co.
