2424 4375
1086 4095 63 35 1405

142 550 53 53 ©
227 554 114 48 May
370 553 69 48 22,
470 553 139 46 1935;
645 554 66 40 2c.
745 553 96 40 and
872 552 79 41 aff.
986 554 112 47 May
1131 553 82 46 23;
1249 554 43 38 A
1322 553 169 46 85465;
1525 552 253 41 Christian
1808 552 186 43 science
2026 554 108 46 pub.

207 621 92 30 soc.
364 610 278 50 [Copyright
681 611 43 39 is
760 610 203 40 claimed
1002 622 59 28 on
1100 610 225 48 revision]
1398 609 278 49 (35-18957)

143 707 209 64 Reeve,
381 707 233 54 Arthur
641 706 333 66 Benjamin,
1007 714 170 49 1880-

214 781 1923 71 Enter Craig Kennedy, by Arthur B. Reeve … New York,
144 861 120 54 The
293 861 301 57 Macaulay
624 878 276 51 company
934 895 13 34 [
952 867 18 22 c
976 863 131 49 1935
1114 895 13 34 ]

214 932 86 40 256
329 943 42 38 p.
432 932 56 40 19½
519 934 44 22 cm
568 964 8 8 .

147 988 51 53 ©
230 992 101 41 Oct.
361 993 39 46 4,
432 991 115 41 1935;
603 992 65 40 2c.
702 992 101 40 Oct.
835 993 52 38 12;
947 992 83 39 aff.
1062 992 101 40 Oct.
1191 991 47 39 11;
1305 992 41 39 A
1378 992 141 40 87635;
1582 992 259 47 Macaulay
1870 1002 67 29 co.

223 1048 278 49 (35-18841)

147 1146 190 64 Rolfe,
365 1145 209 54 Alfred
604 1146 349 62 Grosvenor,
984 1151 170 50 1860-

147 1221 1990 148 Songs of saints and sinners, by Alfred G. Rolfe … illustrated by Alison Farmer Wescott. Boston, The Christopher
146 1379 334 69 publishing
509 1380 172 55 house
719 1414 13 33 [
736 1386 18 22 c
759 1384 150 64 1935]

219 1452 56 42 93
306 1464 42 38 p.
409 1452 127 41 illus.
597 1451 59 42 20
656 1455 43 22 cm
703 1484 9 8 .

145 1507 53 53 ©
229 1512 128 47 Sept.
386 1510 69 48 10,
483 1510 113 41 1935;
654 1510 67 40 2c.
755 1511 126 47 Sept.
911 1509 54 39 21;
1022 1510 82 39 aff.
1138 1510 126 48 Sept.
1294 1509 58 40 20;
1409 1510 40 39 A
1479 1508 146 42 87120;
1682 1508 317 49 Christopher
2029 1511 110 46 pub.

214 1569 162 39 house.
447 1566 256 48 (35-18820
713 1568 13 46 )

145 1656 375 64 Rothweiler,
551 1656 129 53 Ella
709 1656 65 55 L.

279 1729 1800 72 … The science and art of nursing, by Ella L. Rothweiler …
147 1808 1992 70 with sections on physical therapy by John S. Coulter … and a
147 1889 213 55 section
399 1907 75 35 on
511 1887 350 69 bandaging,
902 1888 112 53 and
1054 1906 32 34 a
1125 1885 128 56 unit
1292 1906 74 35 on
1404 1887 125 54 first
1569 1885 95 54 aid
1703 1892 323 60 treatment,
2067 1887 73 69 by

148 1964 1923 70 Felix Jansey … Philadelphia, F. A. Davis company, 1935.
219 2040 101 47 xxi,
361 2040 71 49 [2],
470 2039 117 41 1196
618 2051 44 37 p.
700 2039 110 41 incl.
847 2039 164 49 front.,
1047 2038 128 42 illus.
1222 2039 137 48 (part
1395 2038 114 48 col.)
1553 2040 165 47 ports.,
1756 2037 179 49 diagrs.
1995 2039 56 40 22½
2084 2042 43 21 cm
2132 2072 8 9 .

151 2096 167 42 Davis’
346 2096 274 48 integrated
649 2096 151 40 series
828 2096 52 40 of
906 2095 205 49 nursing
1139 2095 270 48 textbooks,
1440 2094 162 42 edited
1630 2096 62 48 by
1722 2095 44 41 J.
1796 2096 62 39 M.
1890 2095 188 47 White)

221 2153 125 41 Text
373 2163 62 31 on
461 2151 363 50 lining-papers.

154 2206 51 53 ©
240 2211 125 47 Sept.
401 2210 39 47 5,
474 2209 140 47 1935;
650 2209 67 40 2c.
756 2209 124 47 Sept.
915 2208 54 41 17;
1034 2208 82 40 aff.
1154 2209 127 47 Sept.
1316 2208 82 47 18;
1433 2209 41 39 A
1506 2208 169 48 87057;
1713 2209 52 40 F.
1799 2210 55 39 A.
1889 2209 153 41 Davis
2076 2219 65 31 co.

227 2265 279 49 (35-18794)

151 2361 248 64 Russell,
428 2363 205 62 Henry
661 2360 228 65 Norris,
922 2363 169 54 1877-

220 2437 121 53 The
375 2438 150 52 solar
559 2443 204 62 system
805 2437 109 53 and
955 2437 73 54 its
1065 2436 208 70 origin,
1309 2437 74 69 by
1421 2437 202 68 Henry
1659 2436 202 55 Norris
1900 2437 240 53 Russell.

150 2513 136 53 New
313 2514 178 54 York,
515 2515 121 52 The
661 2515 332 52 Macmillan
1020 2532 297 51 company,
1346 2517 149 50 1935.

219 2585 929 51 5 p. l. , 144 p. plates, diagr. 20 cm .
223 2643 146 41 “This
396 2644 125 40 little
550 2643 188 43 volume
768 2645 271 46 represents
1068 2643 84 41 the
1181 2643 208 41 lectures
1418 2643 140 48 given
1588 2645 50 39 at
1670 2644 81 41 the
1780 2644 282 48 University
2093 2643 52 41 of

153 2697 218 50 Virginia
398 2712 59 27 on
484 2701 82 38 the
593 2699 370 48 Page-Barbour
986 2699 291 41 foundation
1304 2700 47 38 in
1381 2698 349 42 1934.”—Pref.

155 2753 51 53 ©
232 2758 126 47 Sept.
385 2757 69 47 24,
481 2757 114 41 1935;
650 2757 66 41 2c.
741 2758 94 39 and
862 2757 79 40 aff.
972 2757 126 48 Sept.
1126 2758 58 39 25;
1237 2759 41 37 A
1304 2758 146 40 87253;
1505 2758 280 41 Macmillan
1813 2771 67 28 co.

234 2813 278 48 (35-18783)

159 2908 284 66 Sabatini,
473 2910 228 64 Rafael,
731 2910 170 53 1875-

230 2986 292 68 Chivalry,
578 2988 73 66 by
703 2987 207 52 Rafael
968 2988 276 54 Sabatini.
1339 2990 215 51 Boston
1610 2989 111 52 and
1776 2990 137 52 New
1969 2989 178 67 York,

160 3065 315 68 Houghton
505 3063 201 55 Mifflin
736 3083 294 50 company,
1060 3068 149 51 1935.

225 3137 647 50 4 p. l. , [3]—292 p. 21½ cm .
159 3189 51 53 ©
234 3194 101 40 Oct.
359 3196 40 44 1,
422 3194 113 40 1935;
589 3194 67 39 2c.
681 3196 95 37 and
802 3194 79 40 aff.
909 3194 100 40 Oct.
1035 3195 55 38 14;
1145 3195 39 38 A
1210 3194 145 41 88046;
1408 3196 54 39 R.
1492 3193 235 49 Sabatini,
1756 3195 218 46 Clifford,
226 3195 1905 101 Herefordshire,
510 3251 235 47 England.

163 3339 219 64 Sadler,
412 3341 207 53 Alfred
646 3341 172 64 John,
850 3343 168 53 1875-

234 3415 166 54 “Just
430 3416 176 69 going
636 3417 111 67 to”,
779 3421 110 51 and
922 3418 161 53 other
1113 3418 199 55 stories
1345 3418 94 53 for
1469 3417 238 67 juniors,
1739 3418 74 67 by
1846 3420 210 52 Alfred
2090 3421 56 54 J.

169 3490 1916 72 Sadler … with an introduction by Walter Russell Bowie …
168 3569 1699 70 New York [etc.] Fleming H. Revell company [ c 1935]
238 3642 85 41 160
349 3654 41 37 p.
452 3643 56 41 19½
538 3646 44 21 cm
588 3677 8 7 .

165 3695 51 53 ©
246 3700 123 48 Sept.
398 3703 68 45 14,
495 3700 112 41 1935;
664 3701 66 40 2c.
763 3703 125 46 Sept.
915 3701 55 40 23;
1028 3701 81 40 aff.
1140 3701 102 40 Oct.
1269 3701 57 40 10;
1380 3702 43 37 A
1449 3701 143 40 87137;
1650 3701 218 46 Fleming
1897 3702 59 39 H.
1985 3702 165 39 Revell

233 3766 65 29 co.
369 3757 278 48 (35-18958)

168 3841 248 67 Samuel,
446 3845 183 53 Helen
660 3845 193 64 Ethel,
883 3851 170 49 1900-

239 3919 1910 71 The gateway to the future, by Helen E. Samuel … Boston,
171 3995 1288 71 The Christopher publishing house [ c 1935]
