<alto xmlns="http://www.loc.gov/standards/alto/ns-v3#" xmlns:xsi="http://www.w3.org/2001/XMLSchema-instance" xsi:schemaLocation="http://www.loc.gov/standards/alto/ns-v3# http://www.loc.gov/alto/v3/alto-3-0.xsd"><Description>
<MeasurementUnit>pixel</MeasurementUnit>
<sourceImageInformation>
<fileName>1935_v32_Part1.pdf</fileName>
</sourceImageInformation>
<OCRProcessing ID="IdOcr">
<ocrProcessingStep>
<processingDateTime>2019-01-15</processingDateTime>
<processingSoftware>
<softwareCreator>ABBYY</softwareCreator>
<softwareName>ABBYY Recognition Server</softwareName>
<softwareVersion>4.0</softwareVersion>
</processingSoftware>
</ocrProcessingStep>
</OCRProcessing>
</Description>
<Styles>
<ParagraphStyle ALIGN="Left" FIRSTLINE="0." ID="StyleId-FFFFFFFF-FFFF-FFFF-FFFF-FFFFFFFFFFFF-" LEFT="0." RIGHT="0." />
<ParagraphStyle ALIGN="Left" FIRSTLINE="0." ID="StyleId-09A13A44-4F77-4ABE-84F3-84CC8B3C72CE-" LEFT="0." LINESPACE="7.699999809" RIGHT="0." />
<ParagraphStyle ALIGN="Left" FIRSTLINE="-10." ID="StyleId-1F945060-F8CD-4435-B69A-5FF49DB0C586-" LEFT="0." LINESPACE="12.19999981" RIGHT="0." />
<ParagraphStyle ALIGN="Block" FIRSTLINE="-14." ID="StyleId-C6CAE747-F5A4-4D0D-8D74-D452DA7E2C1C-" LEFT="0." LINESPACE="8.350000381" RIGHT="0." />
<ParagraphStyle ALIGN="Left" FIRSTLINE="0." ID="StyleId-FC0F3374-189A-459E-BE29-2DC14180F022-" LEFT="0." RIGHT="0." />
<ParagraphStyle ALIGN="Left" FIRSTLINE="-12." ID="StyleId-49397C49-A894-4B3E-BA5E-1126226BA375-" LEFT="0." LINESPACE="11.09000015" RIGHT="0." />
<ParagraphStyle ALIGN="Block" FIRSTLINE="-14." ID="StyleId-9E34DD3A-E661-48BD-A3A1-6A3D48346F00-" LEFT="0." LINESPACE="11.09000015" RIGHT="0." />
<ParagraphStyle ALIGN="Left" FIRSTLINE="0." ID="StyleId-56CE54AA-A08B-4BAA-8605-F26020A0E36E-" LEFT="0." LINESPACE="9.399999619" RIGHT="0." />
<ParagraphStyle ALIGN="Left" FIRSTLINE="-11." ID="StyleId-77814FFC-C42F-4AA9-9880-EF33B947DEC8-" LEFT="0." LINESPACE="11.06999969" RIGHT="0." />
<ParagraphStyle ALIGN="Center" FIRSTLINE="0." ID="StyleId-FDE92EC0-67DC-4C7B-8A24-094B12C38B6C-" LEFT="0." LINESPACE="11.30000019" RIGHT="0." />
<ParagraphStyle ALIGN="Left" FIRSTLINE="0." ID="StyleId-65180E3B-4C93-4FB8-81EE-E026DD63DBF3-" LEFT="0." LINESPACE="11.10000038" RIGHT="0." />
<ParagraphStyle ALIGN="Left" FIRSTLINE="0." ID="StyleId-10E885C2-5813-4620-B0AA-0FBA30CF7A32-" LEFT="0." LINESPACE="9.5" RIGHT="0." />
<ParagraphStyle ALIGN="Left" FIRSTLINE="0." ID="StyleId-913C2DB5-9F02-4067-BAF7-0AED37B60BBE-" LEFT="0." LINESPACE="6.099999905" RIGHT="0." />
<ParagraphStyle ALIGN="Left" FIRSTLINE="0." ID="StyleId-9C79A9D2-8F08-4A8F-985D-B00E253ED1E5-" LEFT="0." LINESPACE="4.400000095" RIGHT="0." />
<ParagraphStyle ALIGN="Left" FIRSTLINE="0." ID="StyleId-A41F0407-FEFE-4738-9EC5-E05AFFF62781-" LEFT="0." LINESPACE="7.300000191" RIGHT="0." />
<ParagraphStyle ALIGN="Left" FIRSTLINE="0." ID="StyleId-61D37176-94E8-408D-9B87-01C406CE8AB2-" LEFT="0." LINESPACE="8.050000191" RIGHT="0." />
</Styles>
<Layout>
<Page HEIGHT="4384" ID="Page179" PHYSICAL_IMG_NR="179" WIDTH="2526">
<TopMargin HEIGHT="384" HPOS="0" VPOS="0" WIDTH="2526">
</TopMargin>
<LeftMargin HEIGHT="3606" HPOS="0" VPOS="384" WIDTH="140">
</LeftMargin>
<RightMargin HEIGHT="3606" HPOS="2164" VPOS="384" WIDTH="362">
</RightMargin>
<BottomMargin HEIGHT="394" HPOS="0" VPOS="3990" WIDTH="2526">
<TextBlock HEIGHT="117" HPOS="983" ID="Page179_Block1" LANG="en-US" STYLEREFS="StyleId-23517E60-4FA7-4BDC-918E-82192E496ABA-" VPOS="4008" WIDTH="366">
<TextLine HEIGHT="54" HPOS="1094" VPOS="4023" WIDTH="95">
<String CONTENT="179" HEIGHT="54" HPOS="1094" VPOS="4023" WIDTH="95" />
</TextLine>
</TextBlock>
<GraphicalElement HEIGHT="270" HPOS="0" ID="Page179_Block2" VPOS="3990" WIDTH="16" />
</BottomMargin>
<PrintSpace HEIGHT="3606" HPOS="140" VPOS="384" WIDTH="2024">
<TextBlock CS="1" HEIGHT="3606" HPOS="140" ID="Page179_Block3" LANG="en-US" STYLEREFS="StyleId-BCA568E4-4059-4B96-98FA-201BAB0C07E7-" VPOS="384" WIDTH="2024">
<TextLine HEIGHT="69" HPOS="160" STYLEREFS="StyleId-42333BA6-5553-4741-BA60-247F2D8955D8-" VPOS="394" WIDTH="1304">
<String CONTENT="Clark," HEIGHT="68" HPOS="160" VPOS="394" WIDTH="191" />
<SP HEIGHT="65" HPOS="352" VPOS="397" WIDTH="29" />
<String CONTENT="Charles" HEIGHT="57" HPOS="382" VPOS="394" WIDTH="245" />
<SP HEIGHT="54" HPOS="628" VPOS="396" WIDTH="23" />
<String CONTENT="Upson," HEIGHT="64" HPOS="652" VPOS="396" WIDTH="222" />
<SP HEIGHT="60" HPOS="875" VPOS="400" WIDTH="28" />
<String CONTENT="1875-" HEIGHT="54" HPOS="904" VPOS="396" WIDTH="171" />
<SP HEIGHT="34" HPOS="1076" VPOS="413" WIDTH="209" />
<String CONTENT="comp." HEIGHT="50" HPOS="1286" VPOS="413" WIDTH="178" />
</TextLine>
<TextLine HEIGHT="69" HPOS="228" STYLEREFS="StyleId-12CA377C-9932-4AE4-B847-8E687ABCE7AE-" VPOS="472" WIDTH="1925">
<String CONTENT="Voyageurs," HEIGHT="66" HPOS="228" LANG="fr" VPOS="475" WIDTH="352" />
<SP HEIGHT="49" HPOS="581" VPOS="492" WIDTH="37" />
<String CONTENT="robes" HEIGHT="54" HPOS="619" LANG="en-US" VPOS="473" WIDTH="160" />
<SP HEIGHT="35" HPOS="780" VPOS="492" WIDTH="38" />
<String CONTENT="noires," HEIGHT="66" HPOS="819" LANG="fr" VPOS="473" WIDTH="203" />
<SP HEIGHT="47" HPOS="1023" VPOS="492" WIDTH="39" />
<String CONTENT="et" HEIGHT="49" HPOS="1063" LANG="fr" VPOS="477" WIDTH="55" />
<SP HEIGHT="49" HPOS="1119" VPOS="477" WIDTH="36" />
<String CONTENT="coureurs" HEIGHT="35" HPOS="1156" LANG="fr" VPOS="491" WIDTH="263" />
<SP HEIGHT="53" HPOS="1420" VPOS="473" WIDTH="38" />
<String CONTENT="de" HEIGHT="53" HPOS="1459" LANG="fr" VPOS="473" WIDTH="68" />
<SP HEIGHT="53" HPOS="1528" VPOS="473" WIDTH="37" />
<String CONTENT="bois;" HEIGHT="65" HPOS="1566" LANG="fr" VPOS="473" WIDTH="152" />
<SP HEIGHT="47" HPOS="1719" VPOS="491" WIDTH="40" />
<String CONTENT="stories" HEIGHT="54" HPOS="1760" LANG="en-US" VPOS="472" WIDTH="199" />
<SP HEIGHT="54" HPOS="1960" VPOS="472" WIDTH="39" />
<String CONTENT="from" HEIGHT="53" HPOS="2000" LANG="en-US" VPOS="472" WIDTH="153" />
</TextLine>
<TextLine HEIGHT="68" HPOS="158" STYLEREFS="StyleId-12CA377C-9932-4AE4-B847-8E687ABCE7AE-" VPOS="549" WIDTH="1994">
<String CONTENT="the" HEIGHT="53" HPOS="158" VPOS="550" WIDTH="95" />
<SP HEIGHT="51" HPOS="254" VPOS="552" WIDTH="27" />
<String CONTENT="French" HEIGHT="52" HPOS="282" VPOS="551" WIDTH="223" />
<SP HEIGHT="52" HPOS="506" VPOS="551" WIDTH="28" />
<String CONTENT="exploration" HEIGHT="65" HPOS="535" VPOS="552" WIDTH="361" />
<SP HEIGHT="35" HPOS="897" VPOS="569" WIDTH="28" />
<String CONTENT="of" HEIGHT="55" HPOS="926" VPOS="549" WIDTH="65" />
<SP HEIGHT="54" HPOS="992" VPOS="549" WIDTH="26" />
<String CONTENT="North" HEIGHT="53" HPOS="1019" VPOS="550" WIDTH="188" />
<SP HEIGHT="53" HPOS="1208" VPOS="549" WIDTH="25" />
<String CONTENT="America," HEIGHT="64" HPOS="1234" VPOS="549" WIDTH="285" />
<SP HEIGHT="43" HPOS="1520" VPOS="570" WIDTH="28" />
<String CONTENT="selected" HEIGHT="53" HPOS="1549" VPOS="550" WIDTH="239" />
<SP HEIGHT="52" HPOS="1789" VPOS="550" WIDTH="30" />
<String CONTENT="and" HEIGHT="53" HPOS="1820" VPOS="550" WIDTH="112" />
<SP HEIGHT="53" HPOS="1933" VPOS="550" WIDTH="28" />
<String CONTENT="edited" HEIGHT="54" HPOS="1962" VPOS="549" WIDTH="190" />
</TextLine>
<TextLine CS="1" HEIGHT="69" HPOS="157" STYLEREFS="StyleId-12CA377C-9932-4AE4-B847-8E687ABCE7AE-" VPOS="626" WIDTH="1996">
<String CONTENT="by" CS="1" HEIGHT="51" HPOS="157" VPOS="628" WIDTH="34" />
<SP HEIGHT="56" HPOS="233" VPOS="627" WIDTH="31" />
<String CONTENT="Charles" HEIGHT="56" HPOS="265" VPOS="627" WIDTH="237" />
<SP HEIGHT="53" HPOS="503" VPOS="628" WIDTH="27" />
<String CONTENT="Upson" HEIGHT="67" HPOS="531" VPOS="628" WIDTH="203" />
<SP HEIGHT="56" HPOS="735" VPOS="627" WIDTH="33" />
<String CONTENT="Clark" HEIGHT="57" HPOS="769" VPOS="626" WIDTH="179" />
<SP HEIGHT="54" HPOS="949" VPOS="626" WIDTH="36" />
<String CONTENT="&#8230;" CS="1" />
<SP HEIGHT="53" HPOS="1043" VPOS="627" WIDTH="68" />
<String CONTENT="New" HEIGHT="52" HPOS="1112" VPOS="627" WIDTH="139" />
<SP HEIGHT="52" HPOS="1252" VPOS="627" WIDTH="32" />
<String CONTENT="York," HEIGHT="65" HPOS="1285" VPOS="626" WIDTH="181" />
<SP HEIGHT="65" HPOS="1467" VPOS="626" WIDTH="33" />
<String CONTENT="Columbia" HEIGHT="56" HPOS="1501" VPOS="626" WIDTH="303" />
<SP HEIGHT="34" HPOS="1805" VPOS="645" WIDTH="30" />
<String CONTENT="university" HEIGHT="68" HPOS="1836" VPOS="626" WIDTH="317" />
</TextLine>
<TextLine CS="1" HEIGHT="64" HPOS="161" STYLEREFS="StyleId-12CA377C-9932-4AE4-B847-8E687ABCE7AE-" VPOS="707" WIDTH="192">
<String CONTENT="[c1934]" CS="1" HEIGHT="64" HPOS="161" VPOS="707" WIDTH="192" />
</TextLine>
<TextLine CS="1" HEIGHT="51" HPOS="226" VPOS="774" WIDTH="1925">
<String CONTENT="2" HEIGHT="39" HPOS="226" VPOS="775" WIDTH="27" />
<SP />
<String CONTENT="p." CS="1" LANG="fr" />
<SP />
<String CONTENT="l." CS="1" LANG="fr" />
<String CONTENT="," HEIGHT="16" HPOS="385" VPOS="808" WIDTH="8" />
<SP HEIGHT="36" HPOS="394" VPOS="788" WIDTH="28" />
<String CONTENT="vii-xiv," HEIGHT="50" HPOS="423" VPOS="774" WIDTH="196" />
<SP HEIGHT="48" HPOS="620" VPOS="776" WIDTH="26" />
<String CONTENT="391" HEIGHT="41" HPOS="647" VPOS="776" WIDTH="86" />
<SP HEIGHT="47" HPOS="734" VPOS="778" WIDTH="23" />
<String CONTENT="p." HEIGHT="37" HPOS="758" VPOS="788" WIDTH="45" />
<SP HEIGHT="41" HPOS="804" VPOS="776" WIDTH="57" />
<String CONTENT="21" HEIGHT="40" HPOS="862" VPOS="776" WIDTH="56" />
<String CONTENT="cm" HEIGHT="21" HPOS="923" STYLE="superscript" VPOS="778" WIDTH="43" />
<String CONTENT="." HEIGHT="9" HPOS="970" VPOS="808" WIDTH="9" />
<SP HEIGHT="48" HPOS="980" VPOS="776" WIDTH="70" />
<String CONTENT="(Publications" HEIGHT="48" HPOS="1051" VPOS="776" WIDTH="356" />
<SP HEIGHT="30" HPOS="1408" VPOS="788" WIDTH="26" />
<String CONTENT="of" HEIGHT="42" HPOS="1435" VPOS="776" WIDTH="52" />
<SP HEIGHT="41" HPOS="1488" VPOS="776" WIDTH="23" />
<String CONTENT="the" HEIGHT="39" HPOS="1512" VPOS="778" WIDTH="83" />
<SP HEIGHT="41" HPOS="1596" VPOS="776" WIDTH="25" />
<String CONTENT="Institute" HEIGHT="41" HPOS="1622" VPOS="776" WIDTH="235" />
<SP HEIGHT="29" HPOS="1858" VPOS="788" WIDTH="27" />
<String CONTENT="of" HEIGHT="41" HPOS="1886" VPOS="776" WIDTH="51" />
<SP HEIGHT="39" HPOS="1938" VPOS="776" WIDTH="26" />
<String CONTENT="French" HEIGHT="40" HPOS="1965" VPOS="778" WIDTH="186" />
</TextLine>
<TextLine HEIGHT="48" HPOS="155" VPOS="833" WIDTH="350">
<String CONTENT="studies," HEIGHT="48" HPOS="155" VPOS="833" WIDTH="198" />
<SP HEIGHT="47" HPOS="354" VPOS="834" WIDTH="35" />
<String CONTENT="inc.)" HEIGHT="47" HPOS="390" VPOS="834" WIDTH="115" />
</TextLine>
<TextLine CS="1" HEIGHT="53" HPOS="226" VPOS="888" WIDTH="1922">
<String CONTENT="&#8220;These" HEIGHT="42" HPOS="226" VPOS="888" WIDTH="182" />
<SP HEIGHT="30" HPOS="409" VPOS="901" WIDTH="19" />
<String CONTENT="extracts" HEIGHT="40" HPOS="429" VPOS="891" WIDTH="217" />
<SP HEIGHT="40" HPOS="647" VPOS="890" WIDTH="21" />
<String CONTENT="deal" HEIGHT="40" HPOS="669" VPOS="890" WIDTH="111" />
<SP HEIGHT="37" HPOS="781" VPOS="892" WIDTH="20" />
<String CONTENT="with" HEIGHT="40" HPOS="802" VPOS="890" WIDTH="122" />
<SP HEIGHT="39" HPOS="925" VPOS="891" WIDTH="19" />
<String CONTENT="the" HEIGHT="40" HPOS="945" VPOS="891" WIDTH="82" />
<SP HEIGHT="30" HPOS="1028" VPOS="901" WIDTH="22" />
<String CONTENT="east" HEIGHT="40" HPOS="1051" VPOS="891" WIDTH="104" />
<SP HEIGHT="39" HPOS="1156" VPOS="891" WIDTH="24" />
<String CONTENT="and" HEIGHT="39" HPOS="1181" VPOS="890" WIDTH="95" />
<SP HEIGHT="40" HPOS="1277" VPOS="890" WIDTH="23" />
<String CONTENT="center" HEIGHT="40" HPOS="1301" VPOS="891" WIDTH="164" />
<SP HEIGHT="29" HPOS="1466" VPOS="901" WIDTH="21" />
<String CONTENT="of" HEIGHT="41" HPOS="1488" VPOS="889" WIDTH="52" />
<SP HEIGHT="41" HPOS="1541" VPOS="889" WIDTH="21" />
<String CONTENT="the" HEIGHT="39" HPOS="1563" VPOS="891" WIDTH="82" />
<SP HEIGHT="30" HPOS="1646" VPOS="900" WIDTH="21" />
<String CONTENT="continent" HEIGHT="42" HPOS="1668" VPOS="889" WIDTH="250" />
<SP HEIGHT="38" HPOS="1919" VPOS="892" WIDTH="27" />
<String CONTENT="&#8230;" CS="1" />
<SP HEIGHT="29" HPOS="1994" VPOS="911" WIDTH="29" />
<String CONTENT="[and]" CS="1" HEIGHT="49" HPOS="2037" VPOS="892" WIDTH="111" />
</TextLine>
<TextLine CS="1" HEIGHT="48" HPOS="155" VPOS="945" WIDTH="1994">
<String CONTENT="are" HEIGHT="31" HPOS="155" VPOS="957" WIDTH="82" />
<SP HEIGHT="41" HPOS="238" VPOS="947" WIDTH="31" />
<String CONTENT="taken" HEIGHT="39" HPOS="270" VPOS="947" WIDTH="148" />
<SP HEIGHT="40" HPOS="419" VPOS="946" WIDTH="28" />
<String CONTENT="from" HEIGHT="40" HPOS="448" VPOS="946" WIDTH="130" />
<SP HEIGHT="39" HPOS="579" VPOS="948" WIDTH="28" />
<String CONTENT="the" HEIGHT="39" HPOS="608" VPOS="948" WIDTH="83" />
<SP HEIGHT="42" HPOS="692" VPOS="945" WIDTH="28" />
<String CONTENT="Jesuit" HEIGHT="42" HPOS="721" VPOS="945" WIDTH="160" />
<SP HEIGHT="39" HPOS="882" VPOS="948" WIDTH="31" />
<String CONTENT="relations," HEIGHT="47" HPOS="914" VPOS="946" WIDTH="247" />
<SP HEIGHT="47" HPOS="1162" VPOS="946" WIDTH="31" />
<String CONTENT="in" HEIGHT="39" HPOS="1194" VPOS="946" WIDTH="51" />
<SP HEIGHT="38" HPOS="1246" VPOS="947" WIDTH="29" />
<String CONTENT="Thwaites&#8217;s" HEIGHT="42" HPOS="1276" VPOS="945" WIDTH="288" />
<SP HEIGHT="30" HPOS="1565" VPOS="957" WIDTH="29" />
<String CONTENT="edition" HEIGHT="42" HPOS="1595" VPOS="945" WIDTH="184" />
<SP HEIGHT="27" HPOS="1780" VPOS="959" WIDTH="33" />
<String CONTENT="&#8230;" CS="1" />
<SP HEIGHT="29" HPOS="1860" VPOS="958" WIDTH="34" />
<String CONTENT="and" HEIGHT="39" HPOS="1895" VPOS="948" WIDTH="96" />
<SP HEIGHT="39" HPOS="1992" VPOS="948" WIDTH="29" />
<String CONTENT="from" HEIGHT="41" HPOS="2022" VPOS="948" WIDTH="127" />
</TextLine>
<TextLine CS="1" HEIGHT="107" HPOS="155" VPOS="1002" WIDTH="1994">
<String CONTENT="Margry&#8217;s" HEIGHT="50" HPOS="155" VPOS="1002" WIDTH="238" />
<SP HEIGHT="30" HPOS="394" VPOS="1014" WIDTH="36" />
<String CONTENT="collection" HEIGHT="41" HPOS="431" VPOS="1003" WIDTH="254" />
<SP HEIGHT="31" HPOS="686" VPOS="1013" WIDTH="36" />
<String CONTENT="of" HEIGHT="41" HPOS="723" VPOS="1003" WIDTH="52" />
<SP HEIGHT="40" HPOS="776" VPOS="1003" WIDTH="34" />
<String CONTENT="documents" HEIGHT="39" HPOS="811" VPOS="1004" WIDTH="282" />
<SP HEIGHT="40" HPOS="1094" VPOS="1003" WIDTH="34" />
<String CONTENT="in" HEIGHT="39" HPOS="1129" VPOS="1003" WIDTH="51" />
<SP HEIGHT="39" HPOS="1181" VPOS="1004" WIDTH="35" />
<String CONTENT="the" HEIGHT="40" HPOS="1217" VPOS="1004" WIDTH="82" />
<SP HEIGHT="30" HPOS="1300" VPOS="1014" WIDTH="34" />
<String CONTENT="archives" HEIGHT="40" HPOS="1335" VPOS="1004" WIDTH="223" />
<SP HEIGHT="29" HPOS="1559" VPOS="1014" WIDTH="37" />
<String CONTENT="of" HEIGHT="41" HPOS="1597" VPOS="1002" WIDTH="52" />
<SP HEIGHT="41" HPOS="1650" VPOS="1002" WIDTH="32" />
<String CONTENT="the" HEIGHT="40" HPOS="1683" VPOS="1004" WIDTH="83" />
<SP HEIGHT="40" HPOS="1767" VPOS="1004" WIDTH="36" />
<String CONTENT="French" HEIGHT="40" HPOS="1804" VPOS="1004" WIDTH="187" />
<SP HEIGHT="39" HPOS="1992" VPOS="1004" WIDTH="39" />
<String CONTENT="Ministry" HEIGHT="105" HPOS="156" VPOS="1004" WIDTH="1976" />
<SP HEIGHT="38" HPOS="281" VPOS="1071" WIDTH="40" />
<String CONTENT="of" HEIGHT="40" HPOS="322" VPOS="1060" WIDTH="51" />
<SP HEIGHT="39" HPOS="374" VPOS="1060" WIDTH="38" />
<String CONTENT="marine" HEIGHT="41" HPOS="413" VPOS="1060" WIDTH="189" />
<SP HEIGHT="29" HPOS="603" VPOS="1072" WIDTH="44" />
<String CONTENT="&#8230;" CS="1" />
<SP HEIGHT="39" HPOS="694" VPOS="1060" WIDTH="73" />
<String CONTENT="The" HEIGHT="41" HPOS="768" VPOS="1060" WIDTH="100" />
<SP HEIGHT="31" HPOS="869" VPOS="1070" WIDTH="43" />
<String CONTENT="notes" HEIGHT="38" HPOS="913" VPOS="1062" WIDTH="137" />
<SP HEIGHT="38" HPOS="1051" VPOS="1070" WIDTH="46" />
<String CONTENT="[p." HEIGHT="38" HPOS="1098" VPOS="1070" WIDTH="54" />
<SP HEIGHT="40" HPOS="1153" VPOS="1059" WIDTH="43" />
<String CONTENT="344-369]" HEIGHT="51" HPOS="1197" VPOS="1058" WIDTH="219" />
<SP HEIGHT="38" HPOS="1417" VPOS="1071" WIDTH="44" />
<String CONTENT="are" HEIGHT="30" HPOS="1462" VPOS="1071" WIDTH="84" />
<SP HEIGHT="41" HPOS="1547" VPOS="1060" WIDTH="42" />
<String CONTENT="designed" HEIGHT="49" HPOS="1590" VPOS="1060" WIDTH="229" />
<SP HEIGHT="40" HPOS="1820" VPOS="1061" WIDTH="41" />
<String CONTENT="to" HEIGHT="39" HPOS="1862" VPOS="1062" WIDTH="50" />
<SP HEIGHT="29" HPOS="1913" VPOS="1072" WIDTH="41" />
<String CONTENT="explain" HEIGHT="48" HPOS="1955" VPOS="1061" WIDTH="194" />
</TextLine>
<TextLine HEIGHT="51" HPOS="153" VPOS="1116" WIDTH="1995">
<String CONTENT="puzzling" HEIGHT="51" HPOS="153" VPOS="1116" WIDTH="224" />
<SP HEIGHT="39" HPOS="378" VPOS="1128" WIDTH="33" />
<String CONTENT="allusions," HEIGHT="49" HPOS="412" VPOS="1116" WIDTH="250" />
<SP HEIGHT="37" HPOS="663" VPOS="1128" WIDTH="37" />
<String CONTENT="especially" HEIGHT="48" HPOS="701" VPOS="1116" WIDTH="260" />
<SP HEIGHT="45" HPOS="962" VPOS="1118" WIDTH="36" />
<String CONTENT="to" HEIGHT="39" HPOS="999" VPOS="1118" WIDTH="52" />
<SP HEIGHT="38" HPOS="1052" VPOS="1126" WIDTH="32" />
<String CONTENT="persons" HEIGHT="38" HPOS="1085" VPOS="1126" WIDTH="199" />
<SP HEIGHT="30" HPOS="1285" VPOS="1126" WIDTH="36" />
<String CONTENT="and" HEIGHT="38" HPOS="1322" VPOS="1117" WIDTH="97" />
<SP HEIGHT="48" HPOS="1420" VPOS="1117" WIDTH="35" />
<String CONTENT="places," HEIGHT="47" HPOS="1456" VPOS="1118" WIDTH="175" />
<SP HEIGHT="36" HPOS="1632" VPOS="1127" WIDTH="36" />
<String CONTENT="and" HEIGHT="39" HPOS="1669" VPOS="1117" WIDTH="96" />
<SP HEIGHT="40" HPOS="1766" VPOS="1117" WIDTH="37" />
<String CONTENT="such" HEIGHT="39" HPOS="1804" VPOS="1119" WIDTH="118" />
<SP HEIGHT="39" HPOS="1923" VPOS="1118" WIDTH="38" />
<String CONTENT="French" HEIGHT="40" HPOS="1962" VPOS="1118" WIDTH="186" />
</TextLine>
<TextLine CS="1" HEIGHT="107" HPOS="153" VPOS="1172" WIDTH="1978">
<String CONTENT="words" HEIGHT="40" HPOS="154" VPOS="1174" WIDTH="158" />
<SP HEIGHT="30" HPOS="313" VPOS="1184" WIDTH="35" />
<String CONTENT="as" HEIGHT="30" HPOS="349" VPOS="1184" WIDTH="54" />
<SP HEIGHT="30" HPOS="404" VPOS="1184" WIDTH="35" />
<String CONTENT="are" HEIGHT="30" HPOS="440" VPOS="1184" WIDTH="85" />
<SP HEIGHT="30" HPOS="526" VPOS="1184" WIDTH="33" />
<String CONTENT="not" HEIGHT="39" HPOS="560" VPOS="1175" WIDTH="83" />
<SP HEIGHT="40" HPOS="644" VPOS="1174" WIDTH="34" />
<String CONTENT="to" HEIGHT="40" HPOS="679" VPOS="1174" WIDTH="51" />
<SP HEIGHT="40" HPOS="731" VPOS="1174" WIDTH="34" />
<String CONTENT="be" HEIGHT="40" HPOS="766" VPOS="1174" WIDTH="55" />
<SP HEIGHT="42" HPOS="822" VPOS="1172" WIDTH="33" />
<String CONTENT="found" HEIGHT="41" HPOS="856" VPOS="1172" WIDTH="154" />
<SP HEIGHT="40" HPOS="1011" VPOS="1172" WIDTH="35" />
<String CONTENT="in" HEIGHT="40" HPOS="1047" VPOS="1172" WIDTH="50" />
<SP HEIGHT="38" HPOS="1098" VPOS="1174" WIDTH="33" />
<String CONTENT="the" HEIGHT="40" HPOS="1132" VPOS="1173" WIDTH="84" />
<SP HEIGHT="29" HPOS="1217" VPOS="1184" WIDTH="35" />
<String CONTENT="ordinary" HEIGHT="47" HPOS="1253" VPOS="1173" WIDTH="232" />
<SP HEIGHT="37" HPOS="1486" VPOS="1183" WIDTH="37" />
<String CONTENT="school" HEIGHT="40" HPOS="1524" VPOS="1174" WIDTH="162" />
<SP HEIGHT="38" HPOS="1687" VPOS="1174" WIDTH="35" />
<String CONTENT="French" HEIGHT="41" HPOS="1723" VPOS="1174" WIDTH="188" />
<SP HEIGHT="39" HPOS="1912" VPOS="1175" WIDTH="37" />
<String CONTENT="dictionary.&#8221;&#8212;Pref." HEIGHT="105" HPOS="153" VPOS="1174" WIDTH="1978" />
</TextLine>
<TextLine HEIGHT="51" HPOS="224" VPOS="1285" WIDTH="701">
<String CONTENT="Bibliography:" HEIGHT="48" HPOS="224" VPOS="1288" WIDTH="375" />
<SP HEIGHT="39" HPOS="600" VPOS="1297" WIDTH="30" />
<String CONTENT="p." HEIGHT="38" HPOS="631" VPOS="1298" WIDTH="44" />
<SP HEIGHT="42" HPOS="676" VPOS="1285" WIDTH="29" />
<String CONTENT="370-374." HEIGHT="41" HPOS="706" VPOS="1285" WIDTH="219" />
</TextLine>
<TextLine CS="1" HEIGHT="111" HPOS="158" VPOS="1354" WIDTH="1976">
<String CONTENT="&#169;" HEIGHT="54" HPOS="158" VPOS="1354" WIDTH="54" />
<SP HEIGHT="54" HPOS="213" VPOS="1354" WIDTH="28" />
<String CONTENT="Sept" HEIGHT="50" HPOS="242" VPOS="1358" WIDTH="126" />
<SP HEIGHT="40" HPOS="369" VPOS="1360" WIDTH="31" />
<String CONTENT="1," HEIGHT="47" HPOS="401" VPOS="1360" WIDTH="40" />
<SP HEIGHT="47" HPOS="442" VPOS="1360" WIDTH="32" />
<String CONTENT="1934;" HEIGHT="47" HPOS="475" VPOS="1358" WIDTH="141" />
<SP HEIGHT="47" HPOS="617" VPOS="1358" WIDTH="32" />
<String CONTENT="2c." HEIGHT="40" HPOS="650" VPOS="1358" WIDTH="67" />
<SP HEIGHT="32" HPOS="718" VPOS="1366" WIDTH="32" />
<String CONTENT="and" HEIGHT="39" HPOS="751" VPOS="1358" WIDTH="95" />
<SP HEIGHT="39" HPOS="847" VPOS="1358" WIDTH="29" />
<String CONTENT="aff." HEIGHT="41" HPOS="877" VPOS="1355" WIDTH="82" />
<SP HEIGHT="40" HPOS="960" VPOS="1356" WIDTH="32" />
<String CONTENT="Jan." HEIGHT="40" HPOS="993" VPOS="1356" WIDTH="109" />
<SP HEIGHT="40" HPOS="1103" VPOS="1355" WIDTH="31" />
<String CONTENT="21," HEIGHT="48" HPOS="1135" VPOS="1355" WIDTH="69" />
<SP HEIGHT="47" HPOS="1205" VPOS="1356" WIDTH="33" />
<String CONTENT="1935;" HEIGHT="48" HPOS="1239" VPOS="1355" WIDTH="141" />
<SP HEIGHT="47" HPOS="1381" VPOS="1356" WIDTH="34" />
<String CONTENT="A" HEIGHT="40" HPOS="1416" VPOS="1356" WIDTH="41" />
<SP HEIGHT="41" HPOS="1458" VPOS="1356" WIDTH="30" />
<String CONTENT="79283;" HEIGHT="49" HPOS="1489" VPOS="1355" WIDTH="169" />
<SP HEIGHT="47" HPOS="1659" VPOS="1357" WIDTH="35" />
<String CONTENT="G." HEIGHT="42" HPOS="1695" LANG="fr" VPOS="1357" WIDTH="54" />
<SP HEIGHT="41" HPOS="1750" VPOS="1358" WIDTH="32" />
<String CONTENT="L." HEIGHT="39" HPOS="1783" VPOS="1358" WIDTH="48" />
<SP HEIGHT="39" HPOS="1832" VPOS="1358" WIDTH="34" />
<String CONTENT="Van" HEIGHT="40" HPOS="1867" VPOS="1358" WIDTH="105" />
<SP HEIGHT="38" HPOS="1973" VPOS="1359" WIDTH="33" />
<String CONTENT="Roosbroeck," HEIGHT="106" HPOS="220" VPOS="1359" WIDTH="1914" />
<SP HEIGHT="48" HPOS="407" VPOS="1417" WIDTH="23" />
<String CONTENT="New" HEIGHT="40" HPOS="431" VPOS="1417" WIDTH="120" />
<SP HEIGHT="41" HPOS="552" VPOS="1416" WIDTH="22" />
<String CONTENT="York." HEIGHT="40" HPOS="575" VPOS="1416" WIDTH="144" />
<SP HEIGHT="48" HPOS="720" VPOS="1414" WIDTH="69" />
<String CONTENT="(35-2952)" HEIGHT="49" HPOS="790" VPOS="1413" WIDTH="251" />
</TextLine>
<TextLine HEIGHT="69" HPOS="152" STYLEREFS="StyleId-42333BA6-5553-4741-BA60-247F2D8955D8-" VPOS="1515" WIDTH="1644">
<String CONTENT="Cold" HEIGHT="54" HPOS="152" VPOS="1518" WIDTH="137" />
<SP HEIGHT="55" HPOS="290" VPOS="1519" WIDTH="27" />
<String CONTENT="Spring" HEIGHT="65" HPOS="318" VPOS="1519" WIDTH="218" />
<SP HEIGHT="63" HPOS="537" VPOS="1521" WIDTH="25" />
<String CONTENT="Harbor," HEIGHT="64" HPOS="563" VPOS="1519" WIDTH="252" />
<SP HEIGHT="64" HPOS="816" VPOS="1519" WIDTH="27" />
<String CONTENT="N." HEIGHT="54" HPOS="844" LANG="fr" VPOS="1519" WIDTH="73" />
<SP HEIGHT="56" HPOS="918" VPOS="1517" WIDTH="26" />
<String CONTENT="Y." HEIGHT="53" HPOS="945" VPOS="1517" WIDTH="71" />
<SP HEIGHT="53" HPOS="1017" VPOS="1517" WIDTH="72" />
<String CONTENT="Biological" HEIGHT="66" HPOS="1090" VPOS="1515" WIDTH="317" />
<SP HEIGHT="52" HPOS="1408" VPOS="1517" WIDTH="26" />
<String CONTENT="laboratory." HEIGHT="66" HPOS="1435" VPOS="1517" WIDTH="361" />
</TextLine>
<TextLine CS="1" HEIGHT="148" HPOS="153" STYLEREFS="StyleId-12CA377C-9932-4AE4-B847-8E687ABCE7AE-" VPOS="1594" WIDTH="1996">
<String CONTENT="Cold" HEIGHT="55" HPOS="221" VPOS="1595" WIDTH="142" />
<SP HEIGHT="55" HPOS="364" VPOS="1596" WIDTH="27" />
<String CONTENT="Spring" HEIGHT="69" HPOS="392" VPOS="1596" WIDTH="218" />
<SP HEIGHT="67" HPOS="611" VPOS="1597" WIDTH="22" />
<String CONTENT="Harbor" HEIGHT="52" HPOS="634" VPOS="1597" WIDTH="234" />
<SP HEIGHT="33" HPOS="869" VPOS="1615" WIDTH="23" />
<String CONTENT="symposia" HEIGHT="68" HPOS="893" VPOS="1595" WIDTH="286" />
<SP HEIGHT="34" HPOS="1180" VPOS="1613" WIDTH="22" />
<String CONTENT="on" HEIGHT="34" HPOS="1203" VPOS="1613" WIDTH="72" />
<SP HEIGHT="50" HPOS="1276" VPOS="1612" WIDTH="23" />
<String CONTENT="quantitative" HEIGHT="68" HPOS="1300" VPOS="1594" WIDTH="379" />
<SP HEIGHT="52" HPOS="1680" VPOS="1596" WIDTH="23" />
<String CONTENT="biology." HEIGHT="68" HPOS="1704" VPOS="1596" WIDTH="246" />
<SP HEIGHT="52" HPOS="1951" VPOS="1597" WIDTH="61" />
<String CONTENT="Volume" HEIGHT="130" HPOS="153" VPOS="1597" WIDTH="1971" />
<SP HEIGHT="35" HPOS="278" VPOS="1692" WIDTH="40" />
<String CONTENT="II." CS="1" HEIGHT="10" HPOS="372" VPOS="1720" WIDTH="10" />
<SP HEIGHT="56" HPOS="383" VPOS="1674" WIDTH="78" />
<String CONTENT="Cold" HEIGHT="54" HPOS="462" VPOS="1674" WIDTH="144" />
<SP HEIGHT="55" HPOS="607" VPOS="1675" WIDTH="44" />
<String CONTENT="Spring" HEIGHT="69" HPOS="652" VPOS="1673" WIDTH="219" />
<SP HEIGHT="67" HPOS="872" VPOS="1675" WIDTH="37" />
<String CONTENT="Harbor," HEIGHT="67" HPOS="910" VPOS="1673" WIDTH="250" />
<SP HEIGHT="65" HPOS="1161" VPOS="1675" WIDTH="38" />
<String CONTENT="L." HEIGHT="51" HPOS="1200" LANG="fr" VPOS="1675" WIDTH="66" />
<SP HEIGHT="51" HPOS="1267" VPOS="1674" WIDTH="40" />
<String CONTENT="I.," HEIGHT="65" HPOS="1308" VPOS="1674" WIDTH="68" />
<SP HEIGHT="64" HPOS="1377" VPOS="1675" WIDTH="40" />
<String CONTENT="N." HEIGHT="52" HPOS="1418" LANG="fr" VPOS="1675" WIDTH="70" />
<SP HEIGHT="52" HPOS="1489" VPOS="1675" WIDTH="42" />
<String CONTENT="Y.," HEIGHT="65" HPOS="1532" VPOS="1675" WIDTH="90" />
<SP HEIGHT="64" HPOS="1623" VPOS="1676" WIDTH="40" />
<String CONTENT="The" HEIGHT="51" HPOS="1664" VPOS="1675" WIDTH="122" />
<SP HEIGHT="50" HPOS="1787" VPOS="1677" WIDTH="40" />
<String CONTENT="Biological" HEIGHT="68" HPOS="1828" VPOS="1674" WIDTH="321" />
</TextLine>
<TextLine HEIGHT="65" HPOS="150" STYLEREFS="StyleId-12CA377C-9932-4AE4-B847-8E687ABCE7AE-" VPOS="1755" WIDTH="519">
<String CONTENT="laboratory," HEIGHT="65" HPOS="150" VPOS="1755" WIDTH="344" />
<SP HEIGHT="61" HPOS="495" VPOS="1758" WIDTH="23" />
<String CONTENT="1934." HEIGHT="51" HPOS="519" VPOS="1755" WIDTH="150" />
</TextLine>
<TextLine CS="1" HEIGHT="53" HPOS="214" VPOS="1823" WIDTH="848">
<String CONTENT="xii," HEIGHT="49" HPOS="214" VPOS="1827" WIDTH="84" />
<SP HEIGHT="50" HPOS="299" VPOS="1826" WIDTH="26" />
<String CONTENT="284" HEIGHT="41" HPOS="326" VPOS="1826" WIDTH="86" />
<SP HEIGHT="47" HPOS="413" VPOS="1827" WIDTH="25" />
<String CONTENT="p." HEIGHT="37" HPOS="439" VPOS="1837" WIDTH="41" />
<SP HEIGHT="39" HPOS="481" VPOS="1825" WIDTH="56" />
<String CONTENT="illus.," HEIGHT="47" HPOS="538" VPOS="1825" WIDTH="143" />
<SP HEIGHT="46" HPOS="682" VPOS="1826" WIDTH="26" />
<String CONTENT="diagrs." HEIGHT="48" HPOS="709" VPOS="1825" WIDTH="179" />
<SP HEIGHT="39" HPOS="889" VPOS="1824" WIDTH="56" />
<String CONTENT="28" HEIGHT="41" HPOS="946" VPOS="1823" WIDTH="56" />
<String CONTENT="cm" CS="1" HEIGHT="20" HPOS="1004" STYLE="superscript" VPOS="1826" WIDTH="16" />
<String CONTENT="." HEIGHT="9" HPOS="1053" VPOS="1853" WIDTH="9" />
</TextLine>
<TextLine HEIGHT="49" HPOS="218" VPOS="1881" WIDTH="655">
<String CONTENT="Contains" HEIGHT="41" HPOS="218" VPOS="1884" WIDTH="232" />
<SP HEIGHT="40" HPOS="451" VPOS="1884" WIDTH="31" />
<String CONTENT="bibliographies." HEIGHT="49" HPOS="483" VPOS="1881" WIDTH="390" />
</TextLine>
<TextLine CS="1" HEIGHT="110" HPOS="155" VPOS="1936" WIDTH="1993">
<String CONTENT="&#169;" HEIGHT="51" HPOS="155" VPOS="1938" WIDTH="50" />
<SP HEIGHT="51" HPOS="206" VPOS="1938" WIDTH="23" />
<String CONTENT="Dec." HEIGHT="39" HPOS="230" VPOS="1942" WIDTH="112" />
<SP HEIGHT="40" HPOS="343" VPOS="1941" WIDTH="21" />
<String CONTENT="23," HEIGHT="46" HPOS="365" VPOS="1941" WIDTH="69" />
<SP HEIGHT="46" HPOS="435" VPOS="1941" WIDTH="23" />
<String CONTENT="1934;" HEIGHT="47" HPOS="459" VPOS="1939" WIDTH="142" />
<SP HEIGHT="47" HPOS="602" VPOS="1939" WIDTH="19" />
<String CONTENT="2c." HEIGHT="40" HPOS="622" VPOS="1939" WIDTH="68" />
<SP HEIGHT="40" HPOS="691" VPOS="1939" WIDTH="24" />
<String CONTENT="Jan." HEIGHT="39" HPOS="716" VPOS="1939" WIDTH="108" />
<SP HEIGHT="39" HPOS="825" VPOS="1939" WIDTH="24" />
<String CONTENT="5," HEIGHT="46" HPOS="850" VPOS="1939" WIDTH="39" />
<SP HEIGHT="46" HPOS="890" VPOS="1939" WIDTH="24" />
<String CONTENT="1935;" HEIGHT="46" HPOS="915" VPOS="1937" WIDTH="140" />
<SP HEIGHT="35" HPOS="1056" VPOS="1948" WIDTH="27" />
<String CONTENT="aff." CS="1" />
<SP HEIGHT="40" HPOS="1163" VPOS="1937" WIDTH="26" />
<String CONTENT="Jan." HEIGHT="40" HPOS="1190" VPOS="1937" WIDTH="108" />
<SP HEIGHT="41" HPOS="1299" VPOS="1937" WIDTH="24" />
<String CONTENT="3;" CS="1" HEIGHT="41" HPOS="1324" VPOS="1937" WIDTH="25" />
<SP HEIGHT="46" HPOS="1378" VPOS="1937" WIDTH="25" />
<String CONTENT="A" HEIGHT="39" HPOS="1404" VPOS="1937" WIDTH="41" />
<SP HEIGHT="40" HPOS="1446" VPOS="1937" WIDTH="25" />
<String CONTENT="79050;" HEIGHT="47" HPOS="1472" VPOS="1936" WIDTH="168" />
<SP HEIGHT="45" HPOS="1641" VPOS="1938" WIDTH="27" />
<String CONTENT="Biological" HEIGHT="47" HPOS="1669" VPOS="1937" WIDTH="267" />
<SP HEIGHT="37" HPOS="1937" VPOS="1940" WIDTH="24" />
<String CONTENT="laboratory" HEIGHT="108" HPOS="222" VPOS="1938" WIDTH="1903" />
<SP HEIGHT="39" HPOS="332" VPOS="2007" WIDTH="33" />
<String CONTENT="of" HEIGHT="39" HPOS="366" VPOS="1997" WIDTH="52" />
<SP HEIGHT="40" HPOS="419" VPOS="1997" WIDTH="33" />
<String CONTENT="the" HEIGHT="39" HPOS="453" VPOS="1998" WIDTH="84" />
<SP HEIGHT="38" HPOS="538" VPOS="1997" WIDTH="31" />
<String CONTENT="Long" HEIGHT="47" HPOS="570" VPOS="1997" WIDTH="136" />
<SP HEIGHT="47" HPOS="707" VPOS="1997" WIDTH="34" />
<String CONTENT="Island" HEIGHT="39" HPOS="742" VPOS="1996" WIDTH="167" />
<SP HEIGHT="40" HPOS="910" VPOS="1995" WIDTH="36" />
<String CONTENT="biological" HEIGHT="48" HPOS="947" VPOS="1994" WIDTH="256" />
<SP HEIGHT="38" HPOS="1204" VPOS="1996" WIDTH="35" />
<String CONTENT="assn.," HEIGHT="36" HPOS="1240" VPOS="2004" WIDTH="143" />
<SP HEIGHT="47" HPOS="1384" VPOS="1993" WIDTH="37" />
<String CONTENT="inc.," HEIGHT="48" HPOS="1422" VPOS="1993" WIDTH="105" />
<SP HEIGHT="47" HPOS="1528" VPOS="1994" WIDTH="38" />
<String CONTENT="Cold" HEIGHT="40" HPOS="1567" VPOS="1994" WIDTH="118" />
<SP HEIGHT="40" HPOS="1686" VPOS="1994" WIDTH="40" />
<String CONTENT="Spring" HEIGHT="49" HPOS="1727" VPOS="1993" WIDTH="176" />
<SP HEIGHT="47" HPOS="1904" VPOS="1995" WIDTH="36" />
<String CONTENT="Harbor," HEIGHT="42" HPOS="1941" VPOS="1995" WIDTH="207" />
</TextLine>
<TextLine HEIGHT="47" HPOS="220" VPOS="2054" WIDTH="288">
<String CONTENT="L." HEIGHT="39" HPOS="220" LANG="fr" VPOS="2055" WIDTH="49" />
<SP HEIGHT="38" HPOS="270" VPOS="2056" WIDTH="25" />
<String CONTENT="I.," HEIGHT="45" HPOS="296" LANG="en-US" VPOS="2056" WIDTH="51" />
<SP HEIGHT="46" HPOS="348" VPOS="2055" WIDTH="25" />
<String CONTENT="N." HEIGHT="39" HPOS="374" LANG="fr" VPOS="2055" WIDTH="55" />
<SP HEIGHT="39" HPOS="430" VPOS="2054" WIDTH="24" />
<String CONTENT="Y." HEIGHT="40" HPOS="455" LANG="en-US" VPOS="2054" WIDTH="53" />
</TextLine>
<TextLine HEIGHT="66" HPOS="151" STYLEREFS="StyleId-42333BA6-5553-4741-BA60-247F2D8955D8-" VPOS="2156" WIDTH="532">
<String CONTENT="Colony," HEIGHT="65" HPOS="151" VPOS="2157" WIDTH="235" />
<SP HEIGHT="64" HPOS="387" VPOS="2158" WIDTH="26" />
<String CONTENT="Horatio." HEIGHT="56" HPOS="414" VPOS="2156" WIDTH="269" />
</TextLine>
<TextLine CS="1" HEIGHT="69" HPOS="220" STYLEREFS="StyleId-12CA377C-9932-4AE4-B847-8E687ABCE7AE-" VPOS="2230" WIDTH="1924">
<String CONTENT="A" HEIGHT="52" HPOS="220" VPOS="2234" WIDTH="54" />
<SP HEIGHT="52" HPOS="275" VPOS="2234" WIDTH="45" />
<String CONTENT="brook" HEIGHT="54" HPOS="321" VPOS="2233" WIDTH="179" />
<SP HEIGHT="53" HPOS="501" VPOS="2233" WIDTH="45" />
<String CONTENT="of" HEIGHT="54" HPOS="547" VPOS="2232" WIDTH="64" />
<SP HEIGHT="53" HPOS="612" VPOS="2232" WIDTH="45" />
<String CONTENT="leaves" HEIGHT="52" HPOS="658" VPOS="2234" WIDTH="184" />
<SP HEIGHT="47" HPOS="843" VPOS="2252" WIDTH="52" />
<String CONTENT="[by]" HEIGHT="67" HPOS="896" VPOS="2232" WIDTH="110" />
<SP HEIGHT="67" HPOS="1007" VPOS="2231" WIDTH="52" />
<String CONTENT="Horatio" HEIGHT="53" HPOS="1060" VPOS="2231" WIDTH="246" />
<SP HEIGHT="56" HPOS="1307" VPOS="2230" WIDTH="48" />
<String CONTENT="Colony." HEIGHT="67" HPOS="1356" VPOS="2230" WIDTH="238" />
<SP HEIGHT="51" HPOS="1595" VPOS="2232" WIDTH="81" />
<String CONTENT="Boston," HEIGHT="64" HPOS="1677" VPOS="2232" WIDTH="233" />
<SP HEIGHT="65" HPOS="1911" VPOS="2231" WIDTH="44" />
<String CONTENT="R." HEIGHT="51" HPOS="1956" LANG="fr" VPOS="2231" WIDTH="70" />
<SP HEIGHT="55" HPOS="2027" VPOS="2230" WIDTH="48" />
<String CONTENT="G." HEIGHT="55" HPOS="2076" VPOS="2230" WIDTH="68" />
</TextLine>
<TextLine CS="1" HEIGHT="66" HPOS="153" STYLEREFS="StyleId-12CA377C-9932-4AE4-B847-8E687ABCE7AE-" VPOS="2312" WIDTH="463">
<String CONTENT="Badger" HEIGHT="66" HPOS="153" VPOS="2312" WIDTH="227" />
<SP HEIGHT="47" HPOS="381" VPOS="2331" WIDTH="41" />
<String CONTENT="[" CS="1" />
<String CONTENT="c" HEIGHT="21" HPOS="440" STYLE="superscript" VPOS="2318" WIDTH="18" />
<String CONTENT="1935]" HEIGHT="62" HPOS="463" VPOS="2315" WIDTH="153" />
</TextLine>
<TextLine CS="1" HEIGHT="50" HPOS="217" VPOS="2382" WIDTH="584">
<String CONTENT="3" HEIGHT="40" HPOS="217" LANG="en-US" VPOS="2384" WIDTH="26" />
<SP />
<String CONTENT="p." CS="1" LANG="fr" />
<SP />
<String CONTENT="l." CS="1" LANG="fr" />
<String CONTENT="," HEIGHT="17" HPOS="373" LANG="en-US" VPOS="2415" WIDTH="9" />
<SP HEIGHT="47" HPOS="383" VPOS="2385" WIDTH="27" />
<String CONTENT="5-74" HEIGHT="40" HPOS="411" LANG="en-US" VPOS="2384" WIDTH="115" />
<SP HEIGHT="48" HPOS="527" VPOS="2384" WIDTH="23" />
<String CONTENT="p." HEIGHT="38" HPOS="551" LANG="en-US" VPOS="2394" WIDTH="44" />
<SP HEIGHT="41" HPOS="596" VPOS="2382" WIDTH="57" />
<String CONTENT="20&#189;" CS="1" HEIGHT="41" HPOS="654" LANG="en-US" VPOS="2382" WIDTH="56" />
<String CONTENT="cm" HEIGHT="22" HPOS="743" LANG="en-US" STYLE="superscript" VPOS="2384" WIDTH="44" />
<String CONTENT="." HEIGHT="9" HPOS="791" LANG="en-US" VPOS="2414" WIDTH="10" />
</TextLine>
<TextLine HEIGHT="41" HPOS="219" VPOS="2441" WIDTH="180">
<String CONTENT="Poems." HEIGHT="41" HPOS="219" VPOS="2441" WIDTH="180" />
</TextLine>
<TextLine CS="1" HEIGHT="110" HPOS="155" VPOS="2493" WIDTH="1930">
<String CONTENT="&#169;" HEIGHT="51" HPOS="155" VPOS="2494" WIDTH="50" />
<SP HEIGHT="51" HPOS="206" VPOS="2494" WIDTH="27" />
<String CONTENT="Feb." HEIGHT="40" HPOS="234" VPOS="2498" WIDTH="109" />
<SP HEIGHT="39" HPOS="344" VPOS="2499" WIDTH="27" />
<String CONTENT="1," HEIGHT="46" HPOS="372" VPOS="2499" WIDTH="39" />
<SP HEIGHT="46" HPOS="412" VPOS="2499" WIDTH="27" />
<String CONTENT="1935;" CS="1" HEIGHT="41" HPOS="440" VPOS="2496" WIDTH="117" />
<SP HEIGHT="47" HPOS="581" VPOS="2496" WIDTH="29" />
<String CONTENT="2c." HEIGHT="41" HPOS="611" VPOS="2496" WIDTH="65" />
<SP HEIGHT="29" HPOS="677" VPOS="2506" WIDTH="31" />
<String CONTENT="and" HEIGHT="39" HPOS="709" VPOS="2497" WIDTH="95" />
<SP HEIGHT="39" HPOS="805" VPOS="2497" WIDTH="28" />
<String CONTENT="aff." HEIGHT="40" HPOS="834" VPOS="2495" WIDTH="80" />
<SP HEIGHT="39" HPOS="915" VPOS="2495" WIDTH="31" />
<String CONTENT="Feb." HEIGHT="39" HPOS="947" VPOS="2495" WIDTH="109" />
<SP HEIGHT="38" HPOS="1057" VPOS="2496" WIDTH="29" />
<String CONTENT="18;" CS="1" HEIGHT="40" HPOS="1087" VPOS="2495" WIDTH="54" />
<SP HEIGHT="46" HPOS="1169" VPOS="2495" WIDTH="29" />
<String CONTENT="A" HEIGHT="38" HPOS="1199" VPOS="2495" WIDTH="41" />
<SP HEIGHT="40" HPOS="1241" VPOS="2495" WIDTH="26" />
<String CONTENT="79689;" CS="1" HEIGHT="42" HPOS="1268" VPOS="2493" WIDTH="144" />
<SP HEIGHT="45" HPOS="1441" VPOS="2496" WIDTH="30" />
<String CONTENT="H." HEIGHT="37" HPOS="1472" VPOS="2496" WIDTH="59" />
<SP HEIGHT="40" HPOS="1532" VPOS="2495" WIDTH="33" />
<String CONTENT="Colony," HEIGHT="47" HPOS="1566" VPOS="2495" WIDTH="194" />
<SP HEIGHT="46" HPOS="1761" VPOS="2496" WIDTH="30" />
<String CONTENT="Keene," HEIGHT="43" HPOS="1792" VPOS="2496" WIDTH="176" />
<SP HEIGHT="43" HPOS="1969" VPOS="2496" WIDTH="27" />
<String CONTENT="N." HEIGHT="38" HPOS="1997" LANG="fr" VPOS="2496" WIDTH="55" />
<SP HEIGHT="39" HPOS="2053" VPOS="2495" WIDTH="32" />
<String CONTENT="H." CS="1" LANG="fr" />
<SP />
<String CONTENT="(35-3098)" CS="1" HEIGHT="49" HPOS="226" VPOS="2554" WIDTH="249" />
</TextLine>
<TextLine HEIGHT="57" HPOS="151" STYLEREFS="StyleId-42333BA6-5553-4741-BA60-247F2D8955D8-" VPOS="2655" WIDTH="974">
<String CONTENT="Commission" HEIGHT="54" HPOS="151" VPOS="2658" WIDTH="387" />
<SP HEIGHT="37" HPOS="539" VPOS="2674" WIDTH="26" />
<String CONTENT="on" HEIGHT="37" HPOS="566" VPOS="2674" WIDTH="72" />
<SP HEIGHT="54" HPOS="639" VPOS="2657" WIDTH="28" />
<String CONTENT="Cuban" HEIGHT="54" HPOS="668" VPOS="2657" WIDTH="202" />
<SP HEIGHT="37" HPOS="871" VPOS="2672" WIDTH="25" />
<String CONTENT="affairs." HEIGHT="56" HPOS="897" VPOS="2655" WIDTH="228" />
</TextLine>
<TextLine HEIGHT="67" HPOS="218" STYLEREFS="StyleId-12CA377C-9932-4AE4-B847-8E687ABCE7AE-" VPOS="2730" WIDTH="1924">
<String CONTENT="Problemas" HEIGHT="54" HPOS="218" LANG="en-US" VPOS="2735" WIDTH="330" />
<SP HEIGHT="54" HPOS="549" VPOS="2734" WIDTH="39" />
<String CONTENT="de" HEIGHT="53" HPOS="589" LANG="fr" VPOS="2734" WIDTH="69" />
<SP HEIGHT="52" HPOS="659" VPOS="2735" WIDTH="36" />
<String CONTENT="la" HEIGHT="52" HPOS="696" LANG="fr" VPOS="2735" WIDTH="58" />
<SP HEIGHT="35" HPOS="755" VPOS="2752" WIDTH="35" />
<String CONTENT="nueva" HEIGHT="37" HPOS="791" LANG="en-US" VPOS="2750" WIDTH="186" />
<SP HEIGHT="56" HPOS="978" VPOS="2732" WIDTH="38" />
<String CONTENT="Cuba;" HEIGHT="65" HPOS="1017" LANG="en-US" VPOS="2732" WIDTH="190" />
<SP HEIGHT="65" HPOS="1208" VPOS="2732" WIDTH="38" />
<String CONTENT="informe" HEIGHT="55" HPOS="1247" LANG="fr" VPOS="2730" WIDTH="251" />
<SP HEIGHT="52" HPOS="1499" VPOS="2732" WIDTH="37" />
<String CONTENT="de" HEIGHT="53" HPOS="1537" LANG="fr" VPOS="2732" WIDTH="70" />
<SP HEIGHT="52" HPOS="1608" VPOS="2733" WIDTH="37" />
<String CONTENT="la" HEIGHT="52" HPOS="1646" LANG="fr" VPOS="2733" WIDTH="57" />
<SP HEIGHT="56" HPOS="1704" VPOS="2731" WIDTH="38" />
<String CONTENT="Comision" HEIGHT="56" HPOS="1743" LANG="en-US" VPOS="2731" WIDTH="290" />
<SP HEIGHT="52" HPOS="2034" VPOS="2732" WIDTH="40" />
<String CONTENT="de" HEIGHT="52" HPOS="2075" LANG="fr" VPOS="2732" WIDTH="67" />
</TextLine>
<TextLine CS="1" HEIGHT="225" HPOS="150" STYLEREFS="StyleId-12CA377C-9932-4AE4-B847-8E687ABCE7AE-" VPOS="2808" WIDTH="1969">
<String CONTENT="asuntos" HEIGHT="48" HPOS="150" VPOS="2817" WIDTH="226" />
<SP HEIGHT="34" HPOS="377" VPOS="2831" WIDTH="32" />
<String CONTENT="cubanos," HEIGHT="67" HPOS="410" VPOS="2811" WIDTH="263" />
<SP HEIGHT="68" HPOS="674" VPOS="2810" WIDTH="31" />
<String CONTENT="Raymond" HEIGHT="67" HPOS="706" VPOS="2810" WIDTH="304" />
<SP HEIGHT="53" HPOS="1011" VPOS="2810" WIDTH="31" />
<String CONTENT="Leslie" HEIGHT="53" HPOS="1043" VPOS="2810" WIDTH="185" />
<SP HEIGHT="51" HPOS="1229" VPOS="2810" WIDTH="31" />
<String CONTENT="Buell," HEIGHT="63" HPOS="1261" VPOS="2810" WIDTH="187" />
<SP HEIGHT="63" HPOS="1449" VPOS="2810" WIDTH="32" />
<String CONTENT="Frank" HEIGHT="53" HPOS="1482" VPOS="2808" WIDTH="199" />
<SP HEIGHT="55" HPOS="1682" VPOS="2808" WIDTH="28" />
<String CONTENT="Whitson" HEIGHT="54" HPOS="1711" VPOS="2809" WIDTH="268" />
<SP HEIGHT="51" HPOS="1980" VPOS="2810" WIDTH="31" />
<String CONTENT="Fetter," HEIGHT="144" HPOS="151" VPOS="2810" WIDTH="1968" />
<SP HEIGHT="64" HPOS="251" VPOS="2890" WIDTH="23" />
<String CONTENT="Frank" HEIGHT="54" HPOS="275" VPOS="2888" WIDTH="198" />
<SP HEIGHT="53" HPOS="474" VPOS="2888" WIDTH="22" />
<String CONTENT="Dunstone" HEIGHT="52" HPOS="497" VPOS="2889" WIDTH="296" />
<SP HEIGHT="55" HPOS="794" VPOS="2887" WIDTH="25" />
<String CONTENT="Graham" HEIGHT="57" HPOS="820" VPOS="2885" WIDTH="258" />
<SP HEIGHT="35" HPOS="1079" VPOS="2905" WIDTH="28" />
<String CONTENT="&#8230;" CS="1" />
<SP HEIGHT="33" HPOS="1165" VPOS="2920" WIDTH="34" />
<String CONTENT="[" HEIGHT="33" HPOS="1200" VPOS="2920" WIDTH="14" />
<String CONTENT="and" HEIGHT="53" HPOS="1220" VPOS="2886" WIDTH="112" />
<SP HEIGHT="53" HPOS="1333" VPOS="2886" WIDTH="24" />
<String CONTENT="others]" HEIGHT="65" HPOS="1358" VPOS="2887" WIDTH="206" />
<SP HEIGHT="66" HPOS="1565" VPOS="2886" WIDTH="64" />
<String CONTENT="New" HEIGHT="53" HPOS="1630" VPOS="2886" WIDTH="141" />
<SP HEIGHT="53" HPOS="1772" VPOS="2886" WIDTH="24" />
<String CONTENT="York," HEIGHT="55" HPOS="1797" VPOS="2886" WIDTH="178" />
<SP HEIGHT="54" HPOS="1976" VPOS="2887" WIDTH="25" />
<String CONTENT="Foreign" HEIGHT="145" HPOS="150" VPOS="2887" WIDTH="1969" />
<SP HEIGHT="48" HPOS="277" VPOS="2985" WIDTH="28" />
<String CONTENT="policy" HEIGHT="67" HPOS="306" VPOS="2966" WIDTH="191" />
<SP HEIGHT="48" HPOS="498" VPOS="2984" WIDTH="27" />
<String CONTENT="association," HEIGHT="67" HPOS="526" VPOS="2964" WIDTH="355" />
<SP HEIGHT="67" HPOS="882" VPOS="2964" WIDTH="27" />
<String CONTENT="incorporated," HEIGHT="68" HPOS="910" VPOS="2963" WIDTH="418" />
<SP HEIGHT="62" HPOS="1329" VPOS="2966" WIDTH="30" />
<String CONTENT="1935." HEIGHT="51" HPOS="1360" VPOS="2966" WIDTH="151" />
</TextLine>
<TextLine CS="1" HEIGHT="51" HPOS="217" VPOS="3035" WIDTH="1669">
<String CONTENT="xii" HEIGHT="41" HPOS="217" VPOS="3036" WIDTH="70" />
<SP HEIGHT="49" HPOS="288" VPOS="3037" WIDTH="29" />
<String CONTENT="p.," HEIGHT="38" HPOS="318" VPOS="3048" WIDTH="57" />
<SP HEIGHT="48" HPOS="376" VPOS="3037" WIDTH="30" />
<String CONTENT="2" HEIGHT="39" HPOS="407" VPOS="3037" WIDTH="25" />
<SP HEIGHT="40" HPOS="433" VPOS="3037" WIDTH="31" />
<String CONTENT="1.," HEIGHT="47" HPOS="465" VPOS="3038" WIDTH="44" />
<SP HEIGHT="48" HPOS="510" VPOS="3037" WIDTH="29" />
<String CONTENT="3-574" HEIGHT="41" HPOS="540" VPOS="3036" WIDTH="145" />
<SP HEIGHT="49" HPOS="686" VPOS="3036" WIDTH="28" />
<String CONTENT="p." HEIGHT="38" HPOS="715" VPOS="3047" WIDTH="44" />
<SP HEIGHT="41" HPOS="760" VPOS="3036" WIDTH="57" />
<String CONTENT="fold." CS="1" HEIGHT="41" HPOS="818" VPOS="3036" WIDTH="104" />
<SP HEIGHT="41" HPOS="936" VPOS="3035" WIDTH="31" />
<String CONTENT="front.," HEIGHT="49" HPOS="968" VPOS="3035" WIDTH="163" />
<SP HEIGHT="49" HPOS="1132" VPOS="3035" WIDTH="32" />
<String CONTENT="fold." CS="1" HEIGHT="42" HPOS="1165" VPOS="3035" WIDTH="103" />
<SP HEIGHT="30" HPOS="1284" VPOS="3046" WIDTH="29" />
<String CONTENT="maps," HEIGHT="40" HPOS="1314" VPOS="3045" WIDTH="152" />
<SP HEIGHT="46" HPOS="1467" VPOS="3037" WIDTH="33" />
<String CONTENT="diagrs." HEIGHT="49" HPOS="1501" VPOS="3035" WIDTH="180" />
<SP HEIGHT="41" HPOS="1682" VPOS="3035" WIDTH="58" />
<String CONTENT="23&#189;" CS="1" HEIGHT="40" HPOS="1741" VPOS="3035" WIDTH="53" />
<String CONTENT="cm" HEIGHT="22" HPOS="1829" STYLE="superscript" VPOS="3037" WIDTH="44" />
<String CONTENT="." HEIGHT="9" HPOS="1877" VPOS="3067" WIDTH="9" />
</TextLine>
<TextLine HEIGHT="47" HPOS="217" VPOS="3094" WIDTH="609">
<String CONTENT="R." HEIGHT="40" HPOS="217" LANG="fr" VPOS="3094" WIDTH="53" />
<SP HEIGHT="39" HPOS="271" VPOS="3095" WIDTH="29" />
<String CONTENT="L." HEIGHT="40" HPOS="301" VPOS="3095" WIDTH="48" />
<SP HEIGHT="41" HPOS="350" VPOS="3094" WIDTH="27" />
<String CONTENT="Buell," HEIGHT="47" HPOS="378" VPOS="3094" WIDTH="153" />
<SP HEIGHT="36" HPOS="532" VPOS="3105" WIDTH="28" />
<String CONTENT="chairman." HEIGHT="40" HPOS="561" VPOS="3094" WIDTH="265" />
</TextLine>
<TextLine CS="1" HEIGHT="51" HPOS="217" VPOS="3148" WIDTH="1922">
<String CONTENT="This" HEIGHT="40" HPOS="217" VPOS="3150" WIDTH="115" />
<SP HEIGHT="30" HPOS="333" VPOS="3160" WIDTH="28" />
<String CONTENT="report" HEIGHT="48" HPOS="362" VPOS="3151" WIDTH="163" />
<SP HEIGHT="40" HPOS="526" VPOS="3150" WIDTH="26" />
<String CONTENT="is" HEIGHT="39" HPOS="553" VPOS="3150" WIDTH="43" />
<SP HEIGHT="30" HPOS="597" VPOS="3160" WIDTH="26" />
<String CONTENT="also" HEIGHT="40" HPOS="624" VPOS="3150" WIDTH="104" />
<SP HEIGHT="38" HPOS="729" VPOS="3160" WIDTH="25" />
<String CONTENT="published" HEIGHT="50" HPOS="755" VPOS="3148" WIDTH="255" />
<SP HEIGHT="40" HPOS="1011" VPOS="3148" WIDTH="28" />
<String CONTENT="in" HEIGHT="39" HPOS="1040" VPOS="3148" WIDTH="50" />
<SP HEIGHT="39" HPOS="1091" VPOS="3148" WIDTH="27" />
<String CONTENT="English" HEIGHT="48" HPOS="1119" VPOS="3148" WIDTH="202" />
<SP HEIGHT="39" HPOS="1322" VPOS="3149" WIDTH="28" />
<String CONTENT="under" HEIGHT="41" HPOS="1351" VPOS="3148" WIDTH="152" />
<SP HEIGHT="38" HPOS="1504" VPOS="3150" WIDTH="29" />
<String CONTENT="title:" CS="1" HEIGHT="41" HPOS="1534" VPOS="3148" WIDTH="109" />
<SP HEIGHT="40" HPOS="1670" VPOS="3148" WIDTH="31" />
<String CONTENT="Problems" HEIGHT="41" HPOS="1702" VPOS="3148" WIDTH="244" />
<SP HEIGHT="28" HPOS="1947" VPOS="3160" WIDTH="30" />
<String CONTENT="of" HEIGHT="38" HPOS="1978" VPOS="3150" WIDTH="51" />
<SP HEIGHT="39" HPOS="2030" VPOS="3150" WIDTH="28" />
<String CONTENT="the" HEIGHT="39" HPOS="2059" VPOS="3151" WIDTH="80" />
</TextLine>
<TextLine HEIGHT="51" HPOS="150" VPOS="3203" WIDTH="1987">
<String CONTENT="new" HEIGHT="32" HPOS="150" VPOS="3216" WIDTH="101" />
<SP HEIGHT="42" HPOS="252" VPOS="3206" WIDTH="35" />
<String CONTENT="Cuba." HEIGHT="43" HPOS="288" VPOS="3206" WIDTH="147" />
<SP HEIGHT="41" HPOS="436" VPOS="3207" WIDTH="64" />
<String CONTENT="It" HEIGHT="41" HPOS="501" VPOS="3207" WIDTH="47" />
<SP HEIGHT="41" HPOS="549" VPOS="3207" WIDTH="35" />
<String CONTENT="has" HEIGHT="41" HPOS="585" VPOS="3207" WIDTH="89" />
<SP HEIGHT="42" HPOS="675" VPOS="3206" WIDTH="36" />
<String CONTENT="been" HEIGHT="41" HPOS="712" VPOS="3206" WIDTH="118" />
<SP HEIGHT="40" HPOS="831" VPOS="3207" WIDTH="34" />
<String CONTENT="translated" HEIGHT="43" HPOS="866" VPOS="3204" WIDTH="272" />
<SP HEIGHT="41" HPOS="1139" VPOS="3204" WIDTH="37" />
<String CONTENT="into" HEIGHT="41" HPOS="1177" VPOS="3205" WIDTH="103" />
<SP HEIGHT="42" HPOS="1281" VPOS="3203" WIDTH="38" />
<String CONTENT="Spanish" HEIGHT="51" HPOS="1320" VPOS="3203" WIDTH="209" />
<SP HEIGHT="41" HPOS="1530" VPOS="3205" WIDTH="36" />
<String CONTENT="by" HEIGHT="48" HPOS="1567" VPOS="3205" WIDTH="58" />
<SP HEIGHT="47" HPOS="1626" VPOS="3206" WIDTH="38" />
<String CONTENT="Herminio" HEIGHT="42" HPOS="1665" VPOS="3204" WIDTH="253" />
<SP HEIGHT="39" HPOS="1919" VPOS="3207" WIDTH="40" />
<String CONTENT="Portell" HEIGHT="41" HPOS="1960" VPOS="3207" WIDTH="177" />
</TextLine>
<TextLine CS="1" HEIGHT="42" HPOS="150" VPOS="3263" WIDTH="618">
<String CONTENT="Vil&#225;" CS="1" HEIGHT="41" HPOS="150" LANG="en-US" VPOS="3263" WIDTH="74" />
<SP HEIGHT="29" HPOS="256" VPOS="3276" WIDTH="26" />
<String CONTENT="and" HEIGHT="39" HPOS="283" LANG="en-US" VPOS="3266" WIDTH="95" />
<SP HEIGHT="40" HPOS="379" VPOS="3265" WIDTH="28" />
<String CONTENT="Jos&#233;" HEIGHT="40" HPOS="408" LANG="fr" VPOS="3265" WIDTH="114" />
<SP HEIGHT="40" HPOS="523" VPOS="3265" WIDTH="24" />
<String CONTENT="Tercero." HEIGHT="40" HPOS="548" LANG="en-US" VPOS="3265" WIDTH="220" />
</TextLine>
<TextLine CS="1" HEIGHT="52" HPOS="152" VPOS="3317" WIDTH="1988">
<String CONTENT="&#169;" HEIGHT="51" HPOS="152" VPOS="3318" WIDTH="50" />
<SP HEIGHT="51" HPOS="203" VPOS="3318" WIDTH="24" />
<String CONTENT="Jan." HEIGHT="40" HPOS="228" VPOS="3322" WIDTH="106" />
<SP HEIGHT="40" HPOS="335" VPOS="3322" WIDTH="21" />
<String CONTENT="27," HEIGHT="47" HPOS="357" VPOS="3322" WIDTH="69" />
<SP HEIGHT="46" HPOS="427" VPOS="3323" WIDTH="23" />
<String CONTENT="1935;" HEIGHT="47" HPOS="451" VPOS="3320" WIDTH="140" />
<SP HEIGHT="47" HPOS="592" VPOS="3320" WIDTH="28" />
<String CONTENT="2c." HEIGHT="41" HPOS="621" VPOS="3320" WIDTH="66" />
<SP HEIGHT="40" HPOS="688" VPOS="3320" WIDTH="26" />
<String CONTENT="Jan." HEIGHT="40" HPOS="715" VPOS="3320" WIDTH="107" />
<SP HEIGHT="40" HPOS="823" VPOS="3318" WIDTH="25" />
<String CONTENT="25;" CS="1" HEIGHT="41" HPOS="849" VPOS="3318" WIDTH="55" />
<SP HEIGHT="36" HPOS="931" VPOS="3329" WIDTH="27" />
<String CONTENT="aff." HEIGHT="41" HPOS="959" VPOS="3317" WIDTH="80" />
<SP HEIGHT="39" HPOS="1040" VPOS="3318" WIDTH="26" />
<String CONTENT="Feb." HEIGHT="39" HPOS="1067" VPOS="3318" WIDTH="109" />
<SP HEIGHT="38" HPOS="1177" VPOS="3319" WIDTH="27" />
<String CONTENT="15;" CS="1" HEIGHT="39" HPOS="1205" VPOS="3318" WIDTH="54" />
<SP HEIGHT="45" HPOS="1287" VPOS="3318" WIDTH="27" />
<String CONTENT="A" HEIGHT="39" HPOS="1315" VPOS="3318" WIDTH="40" />
<SP HEIGHT="40" HPOS="1356" VPOS="3318" WIDTH="25" />
<String CONTENT="79661;" CS="1" HEIGHT="41" HPOS="1382" VPOS="3317" WIDTH="141" />
<SP HEIGHT="45" HPOS="1552" VPOS="3319" WIDTH="29" />
<String CONTENT="Foreign" HEIGHT="48" HPOS="1582" VPOS="3318" WIDTH="206" />
<SP HEIGHT="37" HPOS="1789" VPOS="3330" WIDTH="23" />
<String CONTENT="policy" HEIGHT="48" HPOS="1813" VPOS="3319" WIDTH="157" />
<SP HEIGHT="35" HPOS="1971" VPOS="3330" WIDTH="27" />
<String CONTENT="assn.," HEIGHT="34" HPOS="1999" VPOS="3329" WIDTH="141" />
</TextLine>
<TextLine CS="1" HEIGHT="49" HPOS="214" VPOS="3378" WIDTH="407">
<String CONTENT="inc." HEIGHT="41" HPOS="214" VPOS="3378" WIDTH="86" />
<SP HEIGHT="48" HPOS="301" VPOS="3379" WIDTH="70" />
<String CONTENT="(35-2947)" HEIGHT="49" HPOS="372" VPOS="3378" WIDTH="249" />
<SP />
</TextLine>
<TextLine HEIGHT="66" HPOS="150" STYLEREFS="StyleId-42333BA6-5553-4741-BA60-247F2D8955D8-" VPOS="3479" WIDTH="757">
<String CONTENT="Conner," HEIGHT="66" HPOS="150" VPOS="3479" WIDTH="240" />
<SP HEIGHT="63" HPOS="391" VPOS="3482" WIDTH="26" />
<String CONTENT="Rearden," HEIGHT="63" HPOS="418" VPOS="3480" WIDTH="288" />
<SP HEIGHT="60" HPOS="707" VPOS="3483" WIDTH="27" />
<String CONTENT="1905-" HEIGHT="50" HPOS="735" VPOS="3483" WIDTH="172" />
</TextLine>
<TextLine CS="1" HEIGHT="149" HPOS="151" STYLEREFS="StyleId-12CA377C-9932-4AE4-B847-8E687ABCE7AE-" VPOS="3552" WIDTH="1963">
<String CONTENT="Salute" HEIGHT="55" HPOS="219" VPOS="3556" WIDTH="195" />
<SP HEIGHT="46" HPOS="415" VPOS="3562" WIDTH="30" />
<String CONTENT="to" HEIGHT="47" HPOS="446" VPOS="3562" WIDTH="58" />
<SP HEIGHT="54" HPOS="505" VPOS="3555" WIDTH="32" />
<String CONTENT="Aphrodite," HEIGHT="69" HPOS="538" VPOS="3554" WIDTH="344" />
<SP HEIGHT="47" HPOS="883" VPOS="3574" WIDTH="33" />
<String CONTENT="a" HEIGHT="33" HPOS="917" VPOS="3574" WIDTH="32" />
<SP HEIGHT="35" HPOS="950" VPOS="3572" WIDTH="31" />
<String CONTENT="novel" HEIGHT="54" HPOS="982" VPOS="3553" WIDTH="163" />
<SP HEIGHT="53" HPOS="1146" VPOS="3553" WIDTH="31" />
<String CONTENT="by" HEIGHT="68" HPOS="1178" VPOS="3553" WIDTH="77" />
<SP HEIGHT="68" HPOS="1256" VPOS="3553" WIDTH="30" />
<String CONTENT="Rearden" HEIGHT="53" HPOS="1287" VPOS="3553" WIDTH="262" />
<SP HEIGHT="55" HPOS="1550" VPOS="3552" WIDTH="36" />
<String CONTENT="Conner." HEIGHT="55" HPOS="1587" VPOS="3552" WIDTH="241" />
<SP HEIGHT="52" HPOS="1829" VPOS="3554" WIDTH="72" />
<String CONTENT="Indianapolis," HEIGHT="148" HPOS="151" VPOS="3553" WIDTH="1963" />
<SP HEIGHT="64" HPOS="347" VPOS="3635" WIDTH="35" />
<String CONTENT="New" HEIGHT="51" HPOS="383" VPOS="3635" WIDTH="137" />
<SP HEIGHT="52" HPOS="521" VPOS="3633" WIDTH="35" />
<String CONTENT="York," HEIGHT="64" HPOS="557" VPOS="3633" WIDTH="179" />
<SP HEIGHT="64" HPOS="737" VPOS="3633" WIDTH="35" />
<String CONTENT="The" HEIGHT="52" HPOS="773" VPOS="3632" WIDTH="121" />
<SP HEIGHT="51" HPOS="895" VPOS="3633" WIDTH="36" />
<String CONTENT="Bobbs-Merrill" HEIGHT="54" HPOS="932" VPOS="3629" WIDTH="443" />
<SP HEIGHT="50" HPOS="1376" VPOS="3632" WIDTH="35" />
<String CONTENT="company" HEIGHT="50" HPOS="1412" VPOS="3648" WIDTH="279" />
<SP HEIGHT="49" HPOS="1692" VPOS="3649" WIDTH="41" />
<String CONTENT="[" CS="1" />
<String CONTENT="c" HEIGHT="20" HPOS="1752" STYLE="superscript" VPOS="3637" WIDTH="17" />
<String CONTENT="1935]" CS="1" HEIGHT="47" HPOS="1775" VPOS="3634" WIDTH="132" />
</TextLine>
<TextLine CS="1" HEIGHT="52" HPOS="219" STYLEREFS="StyleId-12CA377C-9932-4AE4-B847-8E687ABCE7AE-" VPOS="3704" WIDTH="835">
<String CONTENT="ix" HEIGHT="40" HPOS="219" VPOS="3707" WIDTH="49" />
<SP HEIGHT="37" HPOS="269" VPOS="3719" WIDTH="24" />
<String CONTENT="p.," HEIGHT="37" HPOS="294" VPOS="3719" WIDTH="56" />
<SP HEIGHT="44" HPOS="351" VPOS="3708" WIDTH="25" />
<String CONTENT="2" HEIGHT="38" HPOS="377" VPOS="3708" WIDTH="28" />
<SP HEIGHT="38" HPOS="406" VPOS="3708" WIDTH="22" />
<String CONTENT="l.," CS="1" HEIGHT="17" HPOS="452" VPOS="3738" WIDTH="23" />
<SP HEIGHT="48" HPOS="476" VPOS="3707" WIDTH="26" />
<String CONTENT="15-301," HEIGHT="48" HPOS="503" VPOS="3705" WIDTH="186" />
<SP HEIGHT="30" HPOS="690" VPOS="3725" WIDTH="31" />
<String CONTENT="[1]" CS="1" HEIGHT="29" HPOS="765" VPOS="3725" WIDTH="11" />
<SP HEIGHT="38" HPOS="777" VPOS="3716" WIDTH="27" />
<String CONTENT="p." HEIGHT="37" HPOS="805" VPOS="3716" WIDTH="43" />
<SP HEIGHT="42" HPOS="849" VPOS="3704" WIDTH="58" />
<String CONTENT="21&#189;" CS="1" HEIGHT="39" HPOS="908" VPOS="3704" WIDTH="55" />
<String CONTENT="cm" CS="1" HEIGHT="21" HPOS="997" STYLE="superscript" VPOS="3707" WIDTH="14" />
<String CONTENT="." HEIGHT="9" HPOS="1046" VPOS="3736" WIDTH="8" />
</TextLine>
<TextLine HEIGHT="52" HPOS="218" VPOS="3759" WIDTH="1782">
<String CONTENT="London" HEIGHT="40" HPOS="218" VPOS="3763" WIDTH="196" />
<SP HEIGHT="29" HPOS="415" VPOS="3774" WIDTH="26" />
<String CONTENT="edition" HEIGHT="40" HPOS="442" VPOS="3763" WIDTH="183" />
<SP HEIGHT="49" HPOS="626" VPOS="3762" WIDTH="37" />
<String CONTENT="(J." HEIGHT="49" HPOS="664" LANG="fr" VPOS="3762" WIDTH="69" />
<SP HEIGHT="40" HPOS="734" VPOS="3763" WIDTH="28" />
<String CONTENT="M." HEIGHT="38" HPOS="763" VPOS="3763" WIDTH="64" />
<SP HEIGHT="40" HPOS="828" VPOS="3761" WIDTH="29" />
<String CONTENT="Dent" HEIGHT="40" HPOS="858" VPOS="3761" WIDTH="129" />
<SP HEIGHT="41" HPOS="988" VPOS="3760" WIDTH="28" />
<String CONTENT="&amp;" HEIGHT="41" HPOS="1017" VPOS="3760" WIDTH="36" />
<SP HEIGHT="41" HPOS="1054" VPOS="3760" WIDTH="27" />
<String CONTENT="sons," HEIGHT="37" HPOS="1082" VPOS="3770" WIDTH="125" />
<SP HEIGHT="45" HPOS="1208" VPOS="3762" WIDTH="28" />
<String CONTENT="ltd.)" HEIGHT="48" HPOS="1237" VPOS="3759" WIDTH="112" />
<SP HEIGHT="48" HPOS="1350" VPOS="3759" WIDTH="38" />
<String CONTENT="has" HEIGHT="39" HPOS="1389" VPOS="3761" WIDTH="89" />
<SP HEIGHT="38" HPOS="1479" VPOS="3762" WIDTH="28" />
<String CONTENT="title:" HEIGHT="40" HPOS="1508" VPOS="3760" WIDTH="135" />
<SP HEIGHT="39" HPOS="1644" VPOS="3760" WIDTH="31" />
<String CONTENT="Rude" HEIGHT="39" HPOS="1676" VPOS="3760" WIDTH="139" />
<SP HEIGHT="30" HPOS="1816" VPOS="3770" WIDTH="28" />
<String CONTENT="earth." HEIGHT="39" HPOS="1845" VPOS="3762" WIDTH="155" />
</TextLine>
<TextLine HEIGHT="42" HPOS="220" VPOS="3818" WIDTH="416">
<String CONTENT="&#8220;First" HEIGHT="41" HPOS="220" VPOS="3819" WIDTH="159" />
<SP HEIGHT="38" HPOS="380" VPOS="3822" WIDTH="30" />
<String CONTENT="edition.&#8221;" HEIGHT="41" HPOS="411" VPOS="3818" WIDTH="225" />
</TextLine>
<TextLine CS="1" HEIGHT="53" HPOS="152" VPOS="3870" WIDTH="1986">
<String CONTENT="&#169;" HEIGHT="52" HPOS="152" VPOS="3870" WIDTH="52" />
<SP HEIGHT="52" HPOS="205" VPOS="3870" WIDTH="25" />
<String CONTENT="Feb." HEIGHT="40" HPOS="231" VPOS="3876" WIDTH="107" />
<SP HEIGHT="40" HPOS="339" VPOS="3875" WIDTH="26" />
<String CONTENT="23," HEIGHT="46" HPOS="366" VPOS="3875" WIDTH="69" />
<SP HEIGHT="45" HPOS="436" VPOS="3876" WIDTH="26" />
<String CONTENT="1935;" CS="1" HEIGHT="40" HPOS="463" VPOS="3876" WIDTH="115" />
<SP HEIGHT="46" HPOS="605" VPOS="3875" WIDTH="28" />
<String CONTENT="2c." HEIGHT="40" HPOS="634" VPOS="3875" WIDTH="66" />
<SP HEIGHT="30" HPOS="701" VPOS="3884" WIDTH="29" />
<String CONTENT="and" HEIGHT="38" HPOS="731" VPOS="3875" WIDTH="95" />
<SP HEIGHT="38" HPOS="827" VPOS="3875" WIDTH="27" />
<String CONTENT="aff." HEIGHT="41" HPOS="855" VPOS="3872" WIDTH="80" />
<SP HEIGHT="37" HPOS="936" VPOS="3873" WIDTH="29" />
<String CONTENT="Feb." HEIGHT="39" HPOS="966" VPOS="3873" WIDTH="111" />
<SP HEIGHT="40" HPOS="1078" VPOS="3872" WIDTH="29" />
<String CONTENT="26;" CS="1" HEIGHT="40" HPOS="1108" VPOS="3871" WIDTH="53" />
<SP HEIGHT="46" HPOS="1189" VPOS="3872" WIDTH="29" />
<String CONTENT="A" HEIGHT="39" HPOS="1219" VPOS="3872" WIDTH="42" />
<SP HEIGHT="40" HPOS="1262" VPOS="3872" WIDTH="26" />
<String CONTENT="79827;" CS="1" HEIGHT="43" HPOS="1289" VPOS="3871" WIDTH="142" />
<SP HEIGHT="48" HPOS="1460" VPOS="3873" WIDTH="29" />
<String CONTENT="Aidan" HEIGHT="42" HPOS="1490" VPOS="3872" WIDTH="157" />
<SP HEIGHT="40" HPOS="1648" VPOS="3873" WIDTH="31" />
<String CONTENT="Rearden" HEIGHT="42" HPOS="1680" VPOS="3873" WIDTH="224" />
<SP HEIGHT="42" HPOS="1905" VPOS="3873" WIDTH="30" />
<String CONTENT="Conner," HEIGHT="50" HPOS="1936" VPOS="3873" WIDTH="202" />
</TextLine>
<TextLine HEIGHT="52" HPOS="214" VPOS="3928" WIDTH="1090">
<String CONTENT="Richmond," HEIGHT="48" HPOS="214" VPOS="3932" WIDTH="279" />
<SP HEIGHT="47" HPOS="494" VPOS="3933" WIDTH="32" />
<String CONTENT="Surrey," HEIGHT="45" HPOS="527" VPOS="3933" WIDTH="192" />
<SP HEIGHT="46" HPOS="720" VPOS="3932" WIDTH="28" />
<String CONTENT="England." HEIGHT="47" HPOS="749" VPOS="3931" WIDTH="234" />
<SP HEIGHT="48" HPOS="984" VPOS="3928" WIDTH="70" />
<String CONTENT="(35-2969)" HEIGHT="48" HPOS="1055" VPOS="3928" WIDTH="249" />
</TextLine>
</TextBlock>
</PrintSpace>
</Page>
</Layout>
</alto>