2424 4375
1027 4037 101 55 707

82 418 139 51 New
261 416 159 52 York
457 417 387 66 supplement;
886 435 150 33 cases
1077 417 212 67 argued
1331 417 112 53 and
1483 417 351 53 determined
1873 416 63 53 in
1970 416 98 53 the

151 493 175 54 Court
366 494 62 52 of
470 495 249 65 appeals,
761 493 272 68 Supreme
1075 495 111 52 and
1224 497 173 50 lower
1436 500 187 47 courts
1665 495 62 54 of
1767 494 198 53 record
2005 493 64 53 of

149 572 134 51 New
311 571 161 53 York
495 577 162 53 state,
683 571 139 53 with
847 572 107 66 key
978 573 237 51 number
1242 573 376 53 annotations.
1681 573 244 53 Volume
1949 571 118 53 276.

149 650 515 58 Jamiarv-March,
701 652 146 50 1935.
920 649 82 55 St.
1036 653 165 64 Paul,
1229 653 163 53 West
1418 650 336 68 publishing
1785 668 97 47 co.,
1917 653 148 49 1935.

150 722 131 48 xviii,
310 722 126 48 1023,
480 721 86 50 [32],
595 722 55 41 72
677 734 43 37 p.
775 723 55 40 23½c
878 725 29 20 m
911 755 8 8 .

83 791 50 53 ©
156 796 111 46 May
287 793 68 47 23,
380 792 113 42 1935;
545 794 68 40 2c.
635 795 96 38 and
751 793 82 40 aff.
856 794 127 39 June
1004 795 81 46 17;
1114 795 40 38 A
1178 793 169 49 83621;
1372 796 137 38 West
1530 795 107 48 pub.
1664 804 66 29 co.

85 898 302 64 Newborg,
417 898 346 57 Katherine.

153 973 1915 69 Out of that dream [by] Katherine Newborg. Garden City,
87 1053 61 51 N.
179 1054 86 63 Y.,
291 1052 355 68 Doubleday,
672 1055 197 51 Doran
896 1058 43 49 &
967 1070 296 51 company,
1290 1057 125 64 inc.,
1447 1056 148 52 1935.

147 1124 533 50 4 p. l., 307 p. 21 cm .
152 1183 158 40 “First
340 1181 227 42 edition.”

84 1250 50 53 ©
162 1256 112 45 May
298 1255 38 43 1,
369 1253 139 48 1935;
540 1254 67 40 2c.
638 1254 96 39 and
763 1253 80 40 aff.
874 1255 115 46 May
1016 1255 82 40 31:
1130 1254 43 39 A
1202 1253 170 48 83449;
1406 1254 58 40 K.
1494 1255 250 47 Newborg,
1777 1255 118 39 New
1925 1255 144 39 York.

162 1311 245 48 (35-7672)

85 1415 185 52 North
309 1418 238 49 eastern
584 1420 283 62 reporter;
907 1433 149 34 cases
1094 1415 215 67 argued
1345 1415 113 52 and
1492 1416 351 52 determined
1879 1416 61 51 in
1975 1415 95 52 the

152 1498 183 48 courts
366 1493 62 53 of
460 1493 243 64 Illinois,
735 1492 263 54 Indiana,
1030 1493 460 64 Massachusetts,
1522 1496 137 50 New
1692 1494 179 55 York,
1904 1494 167 68 Ohio,

151 1572 135 51 with
325 1572 106 66 key
470 1572 237 51 number
746 1570 378 54 annotations,
1198 1590 51 33 v.
1293 1575 113 48 194.
1448 1572 431 67 March-April,
1921 1576 150 48 1935.

154 1650 76 53 St.
260 1651 164 61 Paul,
450 1652 160 52 West
635 1650 335 66 publishing
996 1667 97 47 co.,
1123 1652 149 50 1935.

150 1722 92 47 xiv,
270 1721 116 41 1035
411 1733 41 37 p.
507 1721 58 41 26
565 1725 44 20 cm
614 1754 7 8 .

88 1775 50 53 ©
161 1781 110 45 May
293 1779 69 47 28,
388 1779 139 47 1935;
555 1779 65 40 2c.
649 1780 95 39 and
767 1778 83 40 aff.
874 1779 128 39 June
1026 1779 80 45 17;
1135 1779 40 38 A
1202 1777 143 41 83622;
1400 1779 137 40 West
1559 1778 109 49 pub.
1694 1789 67 29 co.

84 1883 157 53 Ohio.
319 1885 205 52 Courts
554 1884 63 66 of
646 1885 248 65 appeals.

153 1960 1920 68 Reports of cases argued and determined … Reported by
89 2040 50 51 J.
172 2041 60 50 L.
267 2041 84 53 W.
388 2041 259 64 Henney,
683 2040 182 53 Court
892 2039 64 53 of
990 2040 233 66 appeals
1257 2045 275 61 reporter,
1568 2040 233 55 Clinton
1838 2040 235 58 Collins,

88 2118 71 51 H.
198 2119 60 51 L.
303 2117 261 66 Connett,
605 2119 269 50 assistant
911 2123 300 61 reporters.
1289 2118 242 52 Volume
1570 2121 80 50 48.
1729 2114 219 57 Official
1988 2118 84 52 ed.

89 2196 317 59 Columbus,
431 2196 120 53 The
575 2197 64 50 F.
666 2198 55 53 J.
747 2197 155 51 Heer
925 2195 265 67 printing
1213 2214 97 47 co.,
1340 2198 149 50 1935.

154 2269 128 47 xlvii,
316 2269 87 41 668
427 2280 42 37 p.
527 2267 54 40 22½
615 2271 43 20 cm
663 2300 8 8 .

88 2321 50 53 ©
165 2327 110 47 May
301 2326 66 46 15,
398 2326 114 40 1935;
567 2325 65 40 2c.
662 2326 95 38 and
784 2324 82 40 aff.
892 2325 128 39 June
1046 2324 51 46 6;
1130 2324 39 39 A
1198 2323 144 41 83510;
1400 2325 42 39 J.
1474 2324 50 39 L.
1553 2325 71 39 W.
1652 2325 202 47 Heimey
1883 2325 79 39 for
1993 2325 83 40 tbe

154 2386 124 38 state
302 2383 53 40 of
377 2383 134 47 Ohio,
536 2382 274 47 Columbus,
837 2381 50 41 O.

87 2486 158 53 Ohio.
320 2488 274 65 Supreme
624 2490 175 49 court.

154 2561 1920 70 Reports of cases argued and determined … Reported by
90 2641 1985 67 J. L. W Henney, Supreme court reporter. New series, volume
95 2723 108 48 128.
279 2720 322 54 Columbus,
630 2719 119 52 The
779 2721 64 49 F.
873 2721 54 51 J.
955 2720 155 50 Heer
1137 2717 268 70 printing
1429 2736 98 47 co.,
1559 2722 147 48 1935.

158 2792 118 47 lxiii,
303 2792 87 41 758
413 2804 40 36 p.
511 2792 55 38 22½cm.

91 2844 49 52 ©
165 2850 117 39 Mar.
309 2849 67 47 10,
403 2848 140 47 1935;
574 2848 67 40 2c.
668 2849 95 38 and
792 2846 81 41 aff.
900 2847 125 39 June
1051 2846 52 46 6;
1133 2846 41 39 A
1203 2844 170 48 83509;
1404 2846 43 39 J.
1479 2846 50 38 L.
1557 2847 71 39 W.
1657 2847 202 47 Henney
1886 2848 78 38 for
1994 2848 83 40 tbe

156 2909 124 36 state
305 2906 52 39 of
380 2906 136 46 Ohio,
543 2905 273 46 Columbus,
844 2903 50 41 0.

91 3007 196 65 Orczy,
317 3008 342 63 Emmuska,
689 3008 275 51 baroness.

161 3086 115 51 The
312 3084 338 54 uncrowned
684 3084 169 66 king;
891 3102 28 33 a
956 3090 128 46 true
1117 3100 260 35 romance
1414 3083 62 53 of
1512 3084 94 51 the
1644 3084 144 66 ’60’s,

1823 3085 75 66 by
92 3087 1960 127 Baroness
271 3164 196 66 Orczy.
528 3163 90 52 bk.
647 3167 46 52 1,
717 3163 159 65 cliap.
907 3169 45 47 1,
973 3163 49 54 2,
1046 3160 89 52 bk.
1162 3162 49 58 2,
1235 3161 162 66 chap.
1425 3166 43 47 1.
1568 3164 32 48 [2
1622 3162 377 67 instalments]

171 3236 75 50 (In
273 3233 187 43 British
487 3232 204 51 weekly,
717 3231 124 51 Apr.
867 3232 68 48 11,
964 3231 70 49 18,
1061 3230 143 49 1935)

93 3288 1982 52 © 1c. each June 1, 1935; A ad int. 20295; pubd. Apr. 11, 18; E. Orczy,
159 3351 161 38 Monte
345 3350 156 46 Carlo,
527 3350 214 45 Monaco,
770 3348 197 39 France.

94 3450 274 67 Packard,
395 3453 197 52 Frank
619 3449 235 61 Lucius,
883 3452 171 53 1877-

225 3526 1850 71 … Jimmie Dale and the missing hour … Garden City,
102 3606 61 52 N.
198 3610 87 61 Y.,
318 3607 138 52 Pub.
492 3607 94 51 for
617 3606 97 53 the
747 3606 191 54 Crime
968 3604 145 66 club,
1146 3604 126 66 inc.,
1305 3605 73 66 by
1411 3605 355 67 Doubleday,
1799 3608 194 51 Doran
2030 3612 45 50 &

95 3701 284 50 company,
406 3686 125 64 inc.,
561 3686 150 50 1935.

163 3758 24 38 5
216 3768 41 36 p.
308 3789 8 8 l.,
359 3757 85 40 310
475 3768 42 37 p.
574 3755 57 40 20
635 3757 43 22 cm
682 3787 9 8 .

163 3813 60 39 At
248 3814 122 38 head
397 3813 49 39 of
472 3813 106 39 title:
635 3812 165 38 Frank
827 3810 49 40 L.
904 3810 234 39 Packard.

164 3869 156 40 “First
352 3867 223 42 edition.”

99 3919 50 53 ©
177 3926 111 46 May
314 3926 38 40 3.
383 3924 139 46 1935;
551 3923 67 39 2c.
648 3923 94 39 and
773 3920 81 40 aff.
886 3921 112 47 May
1028 3920 82 47 27;
1144 3921 42 38 A
1242 3920 143 47 83452;
1419 3922 50 39 F.
1501 3923 51 39 L.
1583 3923 235 47 Packard,
1850 3926 226 51 Lachine,

165 3981 46 39 P.
239 3981 64 47 Q,
329 3980 210 42 Canada.
610 3978 248 49 (35-7671)
