2424 4375
1156 4066 104 52 417

197 463 276 65 Jettison,
501 466 269 52 Admiral
796 464 403 67 Christopher,
1229 465 192 66 pseud.

261 541 401 67 Addlegrams,
695 542 95 51 the
817 559 129 34 -new
982 546 172 62 party
1185 558 180 50 game,
1395 541 76 67 by
1506 540 267 53 Admiral
1813 540 376 67 Christopher

191 618 1991 67 Jettison … with thirteen illustrations by Carl Rose. [Boston]
190 696 317 68 Houghton
537 694 204 55 Mifflin
774 713 295 51 company,
1104 699 150 52 1934.

273 782 997 48 6 p. l. , 3-116 p. front., illus. 21½ cm .
201 849 53 53 ©
286 853 101 41 Oct.
419 854 69 46 11,
520 852 140 47 1934;
695 853 66 40 2c.
795 855 94 38 and
922 852 81 41 aff.
1039 853 100 40 Oct.
1174 852 83 48 19;
1291 853 42 39 A
1364 852 170 47 76613;
1570 852 218 42 William
1819 853 53 39 E.
1910 852 280 48 Spaulding,

270 910 317 48 Winchester,
617 911 160 46 Mass.,
811 911 93 39 and
935 910 230 40 LeBaron
1196 910 55 39 R.
1284 909 201 48 Barker,
1517 909 76 49 jr.,
1624 908 275 49 Brookline,
1932 911 146 38 Mass.

280 967 249 48 (35-5171)

196 1068 281 66 Johnson,
507 1069 176 54 Alvin
712 1069 239 65 Walter,
986 1075 168 49 1895-

274 1147 123 53 The
426 1147 149 68 legal
602 1151 180 49 status
813 1146 65 54 of
907 1147 384 54 church-state
1320 1146 403 68 relationships
1757 1147 63 52 in
1847 1147 98 52 the
1973 1146 217 54 United

208 1224 204 68 States,
443 1225 141 53 with
614 1224 210 69 special
853 1224 284 54 reference
1168 1231 59 47 to
1259 1225 98 53 the
1386 1224 193 69 public
1611 1225 220 52 schools
1882 1224 93 68 [by]
2013 1223 179 53 Alvin

203 1301 1987 70 W. Johnson … Minneapolis, The University of Minnesota
203 1400 172 49 press,
407 1383 151 51 1934.

273 1452 64 47 ix,
367 1451 86 40 332
481 1462 42 37 p.
584 1450 128 41 illus.
741 1449 158 49 (map)
966 1450 57 40 22½
1053 1453 46 21 cm
1102 1482 9 9 .

274 1523 170 39 Thesis
483 1522 107 47 (PH.
650 1522 387 48 D.)—University
1061 1523 53 39 of
1140 1523 287 48 Minnesota,
1455 1522 128 41 1933.

275 1580 220 39 Without
533 1579 152 40 thesis
723 1580 126 39 note.

540 1639 143 47 CONTENTS.—pt.
736 1666 11 11 I.
780 1636 138 39 Bible
951 1637 201 46 reading
1186 1637 49 38 in
1268 1637 82 39 the
1381 1636 160 48 public
1574 1637 336 48 schools.—pt.
1986 1665 12 12 II.
207 1638 1966 94 Sectarian
345 1692 261 40 influences
636 1693 138 39 other
807 1692 119 40 than
958 1691 138 41 Bible
1130 1691 201 48 reading
1362 1693 49 39 in
1444 1693 83 40 the
1557 1691 159 49 public
1750 1693 336 49 schools.—pt.
2181 1723 11 11 III.

208 1749 196 48 Sunday
430 1748 292 48 legislation.

204 1819 53 53 ©
283 1824 112 39 Dec.
424 1823 68 47 26,
522 1822 140 47 1934;
692 1822 67 40 2c.
788 1821 109 41 Jan.
925 1821 69 47 28,
1024 1821 140 46 1935;
1196 1820 80 41 aff.
1307 1821 110 40 Jan.
1445 1821 83 48 26;
1559 1821 44 39 A
1628 1821 169 48 80232;
1832 1820 282 50 University
2141 1822 54 40 of

271 1880 289 47 Minnesota,
591 1878 335 49 Minneapolis.
996 1877 250 50 (35-4939)

200 1981 195 67 Jones,
426 1982 92 53 Eli
545 1982 261 65 Stanley,
837 1986 168 51 1884-

273 2058 239 55 Christ’s
554 2057 338 55 alternative
931 2063 58 48 to
1032 2057 371 54 communism
1465 2056 94 70 [by]
1607 2057 69 54 E.
1722 2056 236 71 Stanley
2000 2057 191 55 Jones.

204 2134 1824 70 New York, Cincinnati [etc.] The Abingdon press [ c 1935]
269 2221 87 41 302
383 2233 45 37 p.
488 2221 56 40 19½
575 2223 45 22 cm
623 2252 10 10 .

206 2290 53 53 ©
282 2294 114 48 Apr.
420 2295 39 47 1,
485 2293 141 47 1935;
652 2293 68 41 2c.
745 2295 96 38 and
868 2293 81 41 aff.
974 2293 115 48 Apr.
1114 2293 53 47 3;
1193 2293 44 39 A
1260 2292 170 48 82324;
1459 2294 51 38 E.
1541 2293 45 41 S.
1613 2294 161 48 Jones,
1805 2293 211 49 Sitapur,
2046 2295 54 39 U.
2129 2296 65 46 P.,

274 2351 156 41 India.
501 2350 250 49 (35-5050)

205 2455 264 64 Jonesco,
495 2454 219 56 Barbu.

279 2530 187 67 Carol,
490 2531 98 52 the
611 2530 305 53 “stubborn
939 2530 248 68 prince”,
1210 2531 48 53 is
1281 2550 127 34 now
1432 2531 97 53 the
1550 2531 151 53 ideal
1725 2531 141 68 king
1890 2532 63 52 of
1977 2535 67 49 20
207 2535 1962 126 million
347 2609 262 67 subjects,
634 2609 75 67 by
733 2609 195 52 Barbu
952 2611 257 64 Jonesco,
1237 2628 58 33 as
1319 2610 123 52 told
1467 2616 58 47 to
1551 2610 254 53 Maurice
1831 2610 200 54 Lewis.

286 2683 83 48 (In
395 2679 200 43 London
625 2678 194 52 People,
847 2679 127 43 Mar.
1004 2680 41 49 3,
1077 2679 143 50 1935)

208 2748 1987 53 © 1c. Apr. 29, 1935; A ad. int. 20173; pubd. Mar. 3; Maurice Lewis,
277 2809 171 48 King’s
477 2809 226 48 Langley,
736 2808 162 48 Herts,
930 2808 236 47 England.

205 2909 238 67 Jordan,
472 2910 308 54 Elizabeth
811 2911 242 65 Garver,
1081 2912 171 55 1867-

280 2987 211 69 Daddy
526 2988 111 53 and
670 2989 61 67 I;
769 3007 31 33 a
833 2987 279 54 chronicle
1147 2988 63 53 of
1243 2990 347 52 small-town
1621 2989 106 53 life
1759 2993 112 51 and
1905 2992 194 65 youth,
2135 3010 59 34 as

210 3083 126 36 seen
359 3067 251 67 through
633 3066 95 52 the
753 3084 123 49 eyes
900 3066 64 52 of
987 3085 72 34 an
1082 3066 414 53 ultra-modern
1518 3085 193 50 young
1734 3069 135 66 lady
1893 3066 64 54 of
1981 3068 214 68 fifteen,

211 3144 73 67 by
317 3142 297 55 Elizabeth
646 3144 237 55 Jordan.
958 3145 139 52 New
1129 3143 180 69 York,
1338 3145 258 68 London,
1628 3146 71 53 D.
211 3146 1959 144 Appleton-Century
375 3239 295 51 company,
701 3220 413 69 incorporated,
1149 3226 150 50 1935.

281 3306 530 49 4 p. l. , 264 p. 19 cm .
211 3374 53 53 ©
288 3379 113 47 Apr.
428 3379 40 46 5,
493 3377 140 47 1935;
661 3376 68 41 2c.
756 3378 112 48 Apr.
896 3378 52 47 8;
978 3377 81 40 aff.
1084 3378 114 47 Apr.
1225 3376 53 49 9;
1306 3378 43 39 A
1374 3377 169 48 81343;
1575 3377 254 40 Elizabeth
1856 3379 199 47 Jordan,
2082 3380 118 40 New

279 3436 144 39 York.
493 3434 248 49 (35-5116)

210 3538 331 65 Kittredge,
569 3539 205 62 Henry
802 3538 268 64 Crocker,
1101 3543 170 50 1890-

217 3613 1959 147 Shipmasters of Cape Cod, by Henry C. Kittredge … Boston and New York, Houghton Mifflin company, 1935.
282 3763 1272 50 5 p. l. , 3-319, [1] p. front., plates, ports. 21 cm .
286 3820 535 47 “Acknowledgments”
864 3820 271 48 (including
1163 3821 217 46 sources)
1407 3830 10 30 :
1448 3831 44 37 p.
1524 3820 263 50 295-[300];
1822 3822 374 49 Bibliography:

212 3887 43 37 p.
286 3875 234 51 301-[306]

216 3941 52 52 ©
299 3946 120 39 Mar.
449 3946 70 47 26,
549 3944 116 42 1935
680 3956 9 36 ;
721 3945 67 40 2c.
821 3947 93 38 and
945 3945 81 41 aff.
1059 3947 121 39 Mar.
1210 3945 83 48 29;
1325 3945 42 39 A
1397 3945 170 48 82254;
1601 3947 61 40 H.
1696 3948 50 40 G.
1778 3948 273 47 Kittredge,
284 3948 1898 94 Concord.
436 4003 56 39 N.
519 4002 60 40 H.
672 4001 226 41 [35-5097)
