2424 4375
993 4057 136 54 1227

158 514 97 47 246,
287 514 54 49 [2]
370 525 42 37 p.
472 514 56 39 24
532 516 43 22 cm
580 546 8 8 .

157 569 159 41 Blank
343 580 147 37 pages
516 569 79 42 for
625 568 206 42 “Notes”
868 569 80 50 ([2]
979 571 53 40 at
1059 570 117 49 end)

160 624 469 50 “Bibliographies”:
665 636 44 38 p.
746 625 247 50 [232]-238.

92 692 51 53 ©
167 697 117 47 Aug.
311 696 69 47 27,
407 695 140 47 1935;
576 696 67 40 2c.
667 697 120 47 Aug.
814 695 81 47 29;
925 695 81 41 aff.
1033 697 120 47 Aug.
1180 696 82 47 28;
1291 697 42 38 A
1360 696 170 47 85675;
1561 697 95 39 Lea
1687 697 38 40 &
1751 696 213 48 Febiger.

168 753 277 48 (35-15433)

90 854 297 64 Briffault,
414 855 240 63 Robert,
685 856 170 54 1876-

157 930 261 68 Europa;
454 930 96 53 the
584 931 139 68 days
757 930 64 54 of
851 930 322 70 ignorance,
1205 930 76 69 by
1316 930 214 54 Robert
1565 929 294 55 Briffault.
1931 930 135 54 New

90 1006 174 57 York,
294 1005 62 56 C.
388 1006 311 56 Scribner’s
726 1026 146 50 sons,
899 1010 151 52 1935.

156 1079 27 39 4
207 1089 30 38 p.
296 1111 24 17 l.,
347 1078 81 42 501
457 1090 43 38 p.
560 1080 117 45 22cm.

91 1148 52 53 ©
170 1151 126 48 Sept.
325 1152 38 46 6,
392 1151 116 41 1935;
562 1151 67 41 2c.
661 1153 127 48 Sept.
816 1153 81 47 13;
928 1152 82 41 aff.
1041 1153 128 48 Sept.
1196 1153 82 46 10;
1306 1153 43 39 A
1375 1152 170 48 85955;
1577 1154 202 40 Charles
1809 1151 265 43 Scribner’s

151 1219 127 30 sons.
348 1208 279 49 (35-15469)

90 1310 337 55 California.
500 1313 183 65 Laws,
710 1316 255 63 statutes,
994 1318 100 48 etc.

155 1386 121 53 The
300 1388 179 51 Penal
506 1388 136 52 code
666 1386 65 54 of
756 1388 97 53 the
876 1392 145 49 state
1047 1386 65 55 of
1139 1385 343 70 California,
1510 1386 141 55 with
1679 1386 388 54 amendments

89 1482 73 49 up
185 1469 58 48 to
267 1464 111 53 and
403 1464 299 69 including
726 1465 157 53 those
909 1464 64 55 of
997 1464 98 54 the
1119 1463 287 71 fifty-first
1432 1465 212 54 session
1666 1464 65 55 of
1752 1464 99 55 the
89 1463 1954 145 Legislature,
311 1544 151 65 1935,
491 1542 187 53 edited

86 1541 1956 146 by Curtis Hillyer … San Francisco, Bender-Moss company, 1935.
154 1688 62 50 lx,
243 1690 85 41 619
353 1701 45 38 p.
455 1690 119 42 20cm.

155 1745 70 41 On
251 1756 166 31 cover:
444 1746 134 42 With
600 1748 174 48 pocket
796 1747 80 41 for
900 1748 316 48 supplement.

88 1815 51 53 ©
163 1819 117 48 Aug.
309 1818 70 48 20,
406 1819 116 41 1935;
575 1820 67 40 2c.
670 1821 95 39 and
792 1819 82 41 aff.
902 1821 126 48 Sept.
1057 1820 82 47 10;
1168 1821 42 39 A
1237 1820 169 48 86226;
1438 1822 342 40 Bender-Moss
1809 1833 67 29 co.

162 1876 277 48 (35-15569)

87 1978 335 55 California.
497 1980 277 67 Supreme
808 1987 174 47 court.

151 2056 1916 68 Reports of cases determined … November 3, 1934, to March
85 2133 80 67 27,
210 2137 149 50 1935.
439 2135 308 68 Randolph
789 2137 70 52 V.
902 2136 284 67 Whiting,
1228 2141 270 62 reporter.
1579 2137 243 53 Volume
1865 2140 32 47 2
1930 2135 125 69 (2d)

89 2211 111 55 San
230 2213 320 66 Francisco,
581 2213 582 67 Bancroft-Whitney
1195 2233 296 48 company,
1524 2217 149 51 1935.

149 2285 165 47 xxxix,
347 2286 82 40 893
459 2297 43 36 p.
561 2286 146 40 22½cm.

87 2337 50 53 ©
171 2342 125 47 Sept.
330 2342 69 47 23,
435 2341 139 48 1935;
611 2342 65 40 2c.
715 2344 94 38 and
847 2342 81 40 aff.
965 2342 101 41 Oct.
1102 2343 53 46 1;
1193 2344 44 38 A
1269 2343 170 47 86542;
1478 2342 485 49 Bancroft-Whitney
2000 2354 67 29 co.

90 2461 157 64 Carr,
276 2461 153 53 John
459 2461 276 55 Dickson.

211 2537 1853 69 … The three coffins. New York and London, Harper &
83 2613 269 69 brothers,
386 2619 149 50 1935.

153 2686 61 47 vi,
242 2686 86 42 306
354 2696 43 38 p.
457 2687 152 47 diagr.
670 2686 145 42 19½cm.

155 2741 160 43 “First
345 2742 227 41 edition.”

98 2807 50 54 ©
172 2813 125 48 Sept.
320 2813 68 48 12,
411 2812 139 48 1935;
576 2814 67 39 2c.
671 2814 127 47 Sept.
821 2813 80 47 12;
929 2814 82 39 aff.
1037 2814 126 47 Sept.
1188 2814 82 46 14;
1294 2814 41 38 A
1359 2812 168 48 86303;
1555 2814 44 39 J.
1623 2814 57 39 D.
1707 2814 135 46 Carr,
1867 2812 197 48 Bristol,

151 2870 231 47 England.
453 2870 279 49 (35-15618)

89 2971 233 67 Carroll,
346 2973 240 55 Patrick
613 2974 238 65 Joseph,
880 2977 170 52 1876-

152 3048 119 55 The
302 3057 247 61 mastery
581 3051 64 54 of
677 3053 152 63 Tess,
861 3051 75 67 by
968 3049 236 55 Patrick
1237 3053 55 54 J.
1330 3051 242 65 Carroll,
1606 3068 46 36 c.
1688 3067 39 35 s.
1765 3068 46 34 c.
1887 3051 175 51 Notre

83 3125 1270 71 Dame, Ind., The Ave Maria press [ c 1935]
153 3199 85 41 316
265 3211 43 38 p.
366 3199 145 42 19½cm.

86 3264 51 53 ©
162 3270 116 48 Aug.
305 3271 68 47 30,
401 3271 116 41 1935;
571 3273 67 38 2c.
667 3273 94 38 and
790 3272 81 40 aff.
902 3272 127 47 Sept.
1056 3270 81 48 16;
1168 3271 41 39 A
1235 3270 169 47 87007;
1436 3271 101 39 Ave
1565 3270 158 39 Maria
1752 3277 148 40 press.

162 3325 274 50 (35-15621)

86 3427 294 56 Columbia
414 3430 349 65 university.
838 3432 274 54 Teachers
1146 3431 224 66 college.
1444 3429 242 54 Lincoln
1716 3428 206 55 school.

151 3504 236 55 Lincoln
427 3508 189 53 school
658 3508 213 54 studies
912 3508 240 69 society:
1195 3526 32 35 a
1268 3506 171 68 study
1482 3504 215 55 outline
1737 3505 95 54 for
1872 3505 189 53 school

85 3581 129 53 staff
243 3583 288 70 meetings,
562 3585 76 68 by
668 3585 96 53 the
795 3585 133 53 staff
961 3585 64 54 of
1055 3585 96 52 the
1180 3583 241 53 Lincoln
1454 3583 205 53 school.
1727 3583 139 52 New
1899 3583 160 52 York

87 3656 128 71 city,
262 3661 142 54 Pub.
453 3662 74 68 by
578 3663 228 52 Bureau
855 3662 63 53 of
967 3662 380 68 publications
1397 3661 63 53 of
1508 3660 277 54 Teachers
1834 3651 226 77 college,

87 3733 291 58 Columbia
414 3739 333 68 university,
786 3740 93 52 for
914 3740 241 52 Lincoln
1192 3739 190 53 school
1421 3738 62 53 of
1521 3737 275 54 Teachers
1834 3739 227 66 college,

86 3814 146 52 1935.

151 3903 43 39 v,
216 3894 55 41 82
293 3906 43 38 p.
387 3897 145 41 23½cm.
595 3897 296 50 (Half-title:
912 3898 198 42 Lincoln
1136 3899 161 41 school
1321 3897 52 42 of
1394 3898 240 40 Teachers
1659 3897 190 49 college,
85 3895 1955 96 Columbia

186 3952 1276 50 university … Lincoln school research studies)
