<alto xmlns="http://www.loc.gov/standards/alto/ns-v3#" xmlns:xlink="http://www.w3.org/1999/xlink" xmlns:xsi="http://www.w3.org/2001/XMLSchema-instance" xsi:schemaLocation="http://www.loc.gov/standards/alto/ns-v3# http://www.loc.gov/alto/v3/alto-3-0.xsd"><Description>
<MeasurementUnit>pixel</MeasurementUnit>
<sourceImageInformation>
<fileName>1935_v32_Part1.pdf</fileName>
</sourceImageInformation>
<OCRProcessing ID="IdOcr">
<ocrProcessingStep>
<processingDateTime>2019-01-15</processingDateTime>
<processingSoftware>
<softwareCreator>ABBYY</softwareCreator>
<softwareName>ABBYY Recognition Server</softwareName>
<softwareVersion>4.0</softwareVersion>
</processingSoftware>
</ocrProcessingStep>
</OCRProcessing>
</Description>
<Styles>
<ParagraphStyle ID="StyleId-FFFFFFFF-FFFF-FFFF-FFFF-FFFFFFFFFFFF-" ALIGN="Left" LEFT="0." RIGHT="0." FIRSTLINE="0."/>
<ParagraphStyle ID="StyleId-09A13A44-4F77-4ABE-84F3-84CC8B3C72CE-" ALIGN="Left" LEFT="0." RIGHT="0." FIRSTLINE="0." LINESPACE="7.699999809"/>
<ParagraphStyle ID="StyleId-1F945060-F8CD-4435-B69A-5FF49DB0C586-" ALIGN="Left" LEFT="0." RIGHT="0." FIRSTLINE="-10." LINESPACE="12.19999981"/>
<ParagraphStyle ID="StyleId-C6CAE747-F5A4-4D0D-8D74-D452DA7E2C1C-" ALIGN="Block" LEFT="0." RIGHT="0." FIRSTLINE="-14." LINESPACE="8.350000381"/>
<ParagraphStyle ID="StyleId-FC0F3374-189A-459E-BE29-2DC14180F022-" ALIGN="Left" LEFT="0." RIGHT="0." FIRSTLINE="0."/>
<ParagraphStyle ID="StyleId-49397C49-A894-4B3E-BA5E-1126226BA375-" ALIGN="Left" LEFT="0." RIGHT="0." FIRSTLINE="-12." LINESPACE="11.09000015"/>
<ParagraphStyle ID="StyleId-9E34DD3A-E661-48BD-A3A1-6A3D48346F00-" ALIGN="Block" LEFT="0." RIGHT="0." FIRSTLINE="-14." LINESPACE="11.09000015"/>
<ParagraphStyle ID="StyleId-56CE54AA-A08B-4BAA-8605-F26020A0E36E-" ALIGN="Left" LEFT="0." RIGHT="0." FIRSTLINE="0." LINESPACE="9.399999619"/>
<ParagraphStyle ID="StyleId-77814FFC-C42F-4AA9-9880-EF33B947DEC8-" ALIGN="Left" LEFT="0." RIGHT="0." FIRSTLINE="-11." LINESPACE="11.06999969"/>
<ParagraphStyle ID="StyleId-FDE92EC0-67DC-4C7B-8A24-094B12C38B6C-" ALIGN="Center" LEFT="0." RIGHT="0." FIRSTLINE="0." LINESPACE="11.30000019"/>
<ParagraphStyle ID="StyleId-65180E3B-4C93-4FB8-81EE-E026DD63DBF3-" ALIGN="Left" LEFT="0." RIGHT="0." FIRSTLINE="0." LINESPACE="11.10000038"/>
<ParagraphStyle ID="StyleId-10E885C2-5813-4620-B0AA-0FBA30CF7A32-" ALIGN="Left" LEFT="0." RIGHT="0." FIRSTLINE="0." LINESPACE="9.5"/>
<ParagraphStyle ID="StyleId-913C2DB5-9F02-4067-BAF7-0AED37B60BBE-" ALIGN="Left" LEFT="0." RIGHT="0." FIRSTLINE="0." LINESPACE="6.099999905"/>
<ParagraphStyle ID="StyleId-9C79A9D2-8F08-4A8F-985D-B00E253ED1E5-" ALIGN="Left" LEFT="0." RIGHT="0." FIRSTLINE="0." LINESPACE="4.400000095"/>
<ParagraphStyle ID="StyleId-A41F0407-FEFE-4738-9EC5-E05AFFF62781-" ALIGN="Left" LEFT="0." RIGHT="0." FIRSTLINE="0." LINESPACE="7.300000191"/>
<ParagraphStyle ID="StyleId-61D37176-94E8-408D-9B87-01C406CE8AB2-" ALIGN="Left" LEFT="0." RIGHT="0." FIRSTLINE="0." LINESPACE="8.050000191"/>
</Styles>
<Layout>
<Page ID="Page823" PHYSICAL_IMG_NR="823" HEIGHT="4375" WIDTH="2424">
<TopMargin HEIGHT="400" WIDTH="2424" VPOS="0" HPOS="0">
</TopMargin>
<LeftMargin HEIGHT="3620" WIDTH="46" VPOS="400" HPOS="0">
</LeftMargin>
<RightMargin HEIGHT="3620" WIDTH="324" VPOS="400" HPOS="2100">
</RightMargin>
<BottomMargin HEIGHT="355" WIDTH="2424" VPOS="4020" HPOS="0">
<TextBlock ID="Page823_Block1" HEIGHT="70" WIDTH="118" VPOS="4020" HPOS="992" LANG="en-US" STYLEREFS="StyleId-87832744-89B6-41A2-869D-76D30CA4C2F3-">
<TextLine HEIGHT="49" WIDTH="98" VPOS="4031" HPOS="1002">
<String CONTENT="823" HEIGHT="49" WIDTH="98" VPOS="4031" HPOS="1002"/>
</TextLine>
</TextBlock>
<GraphicalElement ID="Page823_Block2" HEIGHT="355" WIDTH="46" VPOS="4020" HPOS="0"/>
</BottomMargin>
<PrintSpace HEIGHT="3620" WIDTH="2054" VPOS="400" HPOS="46">
<TextBlock ID="Page823_Block3" HEIGHT="1265" WIDTH="2054" VPOS="400" HPOS="46" LANG="en-US" CS="1" STYLEREFS="StyleId-6756E05F-B44F-404A-9B99-808B411F41C5-">
<TextLine HEIGHT="64" WIDTH="761" VPOS="410" HPOS="64">
<String CONTENT="Walker," HEIGHT="63" WIDTH="241" VPOS="411" HPOS="64"/>
<SP HEIGHT="62" WIDTH="26" VPOS="412" HPOS="306"/>
<String CONTENT="Watson" HEIGHT="53" WIDTH="243" VPOS="412" HPOS="333"/>
<SP HEIGHT="51" WIDTH="30" VPOS="412" HPOS="577"/>
<String CONTENT="Frank." HEIGHT="56" WIDTH="217" VPOS="410" HPOS="608"/>
</TextLine>
<TextLine HEIGHT="70" WIDTH="1919" VPOS="483" HPOS="124" CS="1">
<String CONTENT="Recording" HEIGHT="68" WIDTH="321" VPOS="485" HPOS="124"/>
<SP HEIGHT="48" WIDTH="26" VPOS="505" HPOS="446"/>
<String CONTENT="of" HEIGHT="53" WIDTH="63" VPOS="485" HPOS="473"/>
<SP HEIGHT="52" WIDTH="27" VPOS="485" HPOS="537"/>
<String CONTENT="local" HEIGHT="51" WIDTH="144" VPOS="487" HPOS="565"/>
<SP HEIGHT="51" WIDTH="24" VPOS="487" HPOS="710"/>
<String CONTENT="health" HEIGHT="53" WIDTH="194" VPOS="485" HPOS="735"/>
<SP HEIGHT="52" WIDTH="28" VPOS="485" HPOS="930"/>
<String CONTENT="work," HEIGHT="67" WIDTH="175" VPOS="484" HPOS="959"/>
<SP HEIGHT="67" WIDTH="24" VPOS="484" HPOS="1135"/>
<String CONTENT="by" HEIGHT="68" WIDTH="76" VPOS="484" HPOS="1160"/>
<SP HEIGHT="67" WIDTH="25" VPOS="485" HPOS="1237"/>
<String CONTENT="W." HEIGHT="54" WIDTH="92" VPOS="485" HPOS="1263"/>
<SP HEIGHT="53" WIDTH="29" VPOS="485" HPOS="1356"/>
<String CONTENT="F." HEIGHT="52" WIDTH="65" VPOS="485" HPOS="1386"/>
<SP HEIGHT="54" WIDTH="27" VPOS="484" HPOS="1452"/>
<String CONTENT="Walker," HEIGHT="67" WIDTH="254" VPOS="483" HPOS="1480"/>
<SP HEIGHT="47" WIDTH="25" VPOS="503" HPOS="1735"/>
<String CS="1" CONTENT="DR."/>
<SP/>
<String CS="1" CONTENT="P."/>
<SP/>
<String CS="1" CONTENT="H.," HEIGHT="26" WIDTH="12" VPOS="523" HPOS="2031"/>
</TextLine>
<TextLine HEIGHT="71" WIDTH="1985" VPOS="559" HPOS="58">
<String CONTENT="and" HEIGHT="52" WIDTH="105" VPOS="565" HPOS="58"/>
<SP HEIGHT="54" WIDTH="44" VPOS="563" HPOS="164"/>
<String CONTENT="Carolina" HEIGHT="55" WIDTH="268" VPOS="562" HPOS="209"/>
<SP HEIGHT="51" WIDTH="43" VPOS="563" HPOS="478"/>
<String CONTENT="R." HEIGHT="51" WIDTH="66" VPOS="563" HPOS="522"/>
<SP HEIGHT="52" WIDTH="46" VPOS="562" HPOS="589"/>
<String CONTENT="Randolph," HEIGHT="68" WIDTH="327" VPOS="562" HPOS="636"/>
<SP HEIGHT="68" WIDTH="43" VPOS="561" HPOS="964"/>
<String CONTENT="Division" HEIGHT="54" WIDTH="266" VPOS="560" HPOS="1008"/>
<SP HEIGHT="34" WIDTH="45" VPOS="580" HPOS="1275"/>
<String CONTENT="of" HEIGHT="54" WIDTH="63" VPOS="560" HPOS="1321"/>
<SP HEIGHT="53" WIDTH="43" VPOS="560" HPOS="1385"/>
<String CONTENT="health" HEIGHT="53" WIDTH="195" VPOS="560" HPOS="1429"/>
<SP HEIGHT="54" WIDTH="44" VPOS="560" HPOS="1625"/>
<String CONTENT="studies," HEIGHT="69" WIDTH="231" VPOS="559" HPOS="1670"/>
<SP HEIGHT="63" WIDTH="43" VPOS="565" HPOS="1902"/>
<String CONTENT="the" HEIGHT="52" WIDTH="97" VPOS="560" HPOS="1946"/>
</TextLine>
<TextLine HEIGHT="71" WIDTH="1982" VPOS="636" HPOS="58">
<String CONTENT="Commonwealth" HEIGHT="56" WIDTH="475" VPOS="640" HPOS="58"/>
<SP HEIGHT="52" WIDTH="36" VPOS="639" HPOS="534"/>
<String CONTENT="fund," HEIGHT="66" WIDTH="164" VPOS="639" HPOS="571"/>
<SP HEIGHT="65" WIDTH="38" VPOS="640" HPOS="736"/>
<String CONTENT="in" HEIGHT="51" WIDTH="59" VPOS="640" HPOS="775"/>
<SP HEIGHT="35" WIDTH="36" VPOS="657" HPOS="835"/>
<String CONTENT="cooperation" HEIGHT="69" WIDTH="363" VPOS="638" HPOS="872"/>
<SP HEIGHT="34" WIDTH="36" VPOS="657" HPOS="1236"/>
<String CONTENT="with" HEIGHT="54" WIDTH="141" VPOS="637" HPOS="1273"/>
<SP HEIGHT="53" WIDTH="35" VPOS="638" HPOS="1415"/>
<String CONTENT="the" HEIGHT="52" WIDTH="99" VPOS="639" HPOS="1451"/>
<SP HEIGHT="56" WIDTH="37" VPOS="636" HPOS="1551"/>
<String CONTENT="Committee" HEIGHT="56" WIDTH="341" VPOS="636" HPOS="1589"/>
<SP HEIGHT="36" WIDTH="35" VPOS="656" HPOS="1931"/>
<String CONTENT="on" HEIGHT="35" WIDTH="73" VPOS="656" HPOS="1967"/>
</TextLine>
<TextLine HEIGHT="135" WIDTH="1959" VPOS="714" HPOS="56" CS="1">
<String CONTENT="administrative" HEIGHT="53" WIDTH="445" VPOS="717" HPOS="56"/>
<SP HEIGHT="49" WIDTH="29" VPOS="736" HPOS="502"/>
<String CONTENT="practice" HEIGHT="69" WIDTH="246" VPOS="716" HPOS="532"/>
<SP HEIGHT="36" WIDTH="27" VPOS="734" HPOS="779"/>
<String CONTENT="of" HEIGHT="54" WIDTH="63" VPOS="716" HPOS="807"/>
<SP HEIGHT="53" WIDTH="23" VPOS="716" HPOS="871"/>
<String CONTENT="the" HEIGHT="52" WIDTH="97" VPOS="717" HPOS="895"/>
<SP HEIGHT="53" WIDTH="25" VPOS="716" HPOS="993"/>
<String CONTENT="American" HEIGHT="53" WIDTH="307" VPOS="716" HPOS="1019"/>
<SP HEIGHT="49" WIDTH="28" VPOS="735" HPOS="1327"/>
<String CONTENT="public" HEIGHT="69" WIDTH="195" VPOS="715" HPOS="1356"/>
<SP HEIGHT="52" WIDTH="23" VPOS="717" HPOS="1552"/>
<String CONTENT="health" HEIGHT="54" WIDTH="196" VPOS="715" HPOS="1576"/>
<SP HEIGHT="53" WIDTH="29" VPOS="716" HPOS="1773"/>
<String CONTENT="association." HEIGHT="135" WIDTH="1956" VPOS="714" HPOS="59"/>
</TextLine>
<TextLine HEIGHT="147" WIDTH="1956" VPOS="792" HPOS="60" CS="1">
<String CONTENT="New" HEIGHT="52" WIDTH="135" VPOS="796" HPOS="250"/>
<SP HEIGHT="52" WIDTH="30" VPOS="795" HPOS="386"/>
<String CONTENT="York," HEIGHT="68" WIDTH="179" VPOS="794" HPOS="417"/>
<SP HEIGHT="67" WIDTH="28" VPOS="795" HPOS="597"/>
<String CONTENT="The" HEIGHT="53" WIDTH="121" VPOS="794" HPOS="626"/>
<SP HEIGHT="55" WIDTH="29" VPOS="793" HPOS="748"/>
<String CONTENT="Commonwealth" HEIGHT="55" WIDTH="484" VPOS="793" HPOS="778"/>
<SP HEIGHT="54" WIDTH="30" VPOS="792" HPOS="1263"/>
<String CONTENT="fund;" HEIGHT="69" WIDTH="177" VPOS="792" HPOS="1294"/>
<SP HEIGHT="67" WIDTH="31" VPOS="794" HPOS="1472"/>
<String CONTENT="London," HEIGHT="69" WIDTH="260" VPOS="793" HPOS="1504"/>
<SP HEIGHT="68" WIDTH="29" VPOS="794" HPOS="1765"/>
<String CONTENT="H." HEIGHT="53" WIDTH="77" VPOS="794" HPOS="1795"/>
<SP HEIGHT="54" WIDTH="32" VPOS="793" HPOS="1873"/>
<String CONTENT="Milford," HEIGHT="147" WIDTH="1956" VPOS="792" HPOS="60"/>
</TextLine>
<TextLine HEIGHT="70" WIDTH="953" VPOS="871" HPOS="231">
<String CONTENT="Oxford" HEIGHT="56" WIDTH="226" VPOS="871" HPOS="231"/>
<SP HEIGHT="52" WIDTH="26" VPOS="873" HPOS="458"/>
<String CONTENT="university" HEIGHT="70" WIDTH="316" VPOS="871" HPOS="485"/>
<SP HEIGHT="51" WIDTH="26" VPOS="890" HPOS="802"/>
<String CONTENT="press," HEIGHT="50" WIDTH="173" VPOS="890" HPOS="829"/>
<SP HEIGHT="64" WIDTH="30" VPOS="875" HPOS="1003"/>
<String CONTENT="1935." HEIGHT="51" WIDTH="150" VPOS="874" HPOS="1034"/>
</TextLine>
<TextLine HEIGHT="49" WIDTH="1439" VPOS="943" HPOS="121" STYLEREFS="StyleId-8728D42C-2916-400E-BE29-2D5A10A1D59B-" CS="1">
<String CONTENT="xvii," HEIGHT="40" WIDTH="111" VPOS="946" HPOS="121"/>
<SP HEIGHT="41" WIDTH="23" VPOS="945" HPOS="233"/>
<String CONTENT="275" HEIGHT="40" WIDTH="84" VPOS="945" HPOS="257"/>
<SP HEIGHT="47" WIDTH="25" VPOS="945" HPOS="342"/>
<String CONTENT="p." HEIGHT="37" WIDTH="42" VPOS="955" HPOS="368"/>
<SP HEIGHT="41" WIDTH="58" VPOS="944" HPOS="411"/>
<String CONTENT="illus.," HEIGHT="47" WIDTH="142" VPOS="944" HPOS="470"/>
<SP HEIGHT="45" WIDTH="27" VPOS="946" HPOS="613"/>
<String CONTENT="diagrs.," HEIGHT="47" WIDTH="192" VPOS="945" HPOS="641"/>
<SP HEIGHT="45" WIDTH="27" VPOS="945" HPOS="834"/>
<String CONTENT="forms" HEIGHT="39" WIDTH="151" VPOS="945" HPOS="862"/>
<SP HEIGHT="48" WIDTH="26" VPOS="944" HPOS="1014"/>
<String CONTENT="(part" HEIGHT="48" WIDTH="136" VPOS="944" HPOS="1041"/>
<SP HEIGHT="40" WIDTH="25" VPOS="944" HPOS="1178"/>
<String CONTENT="fold.)" HEIGHT="48" WIDTH="141" VPOS="943" HPOS="1204"/>
<SP HEIGHT="48" WIDTH="66" VPOS="943" HPOS="1346"/>
<String CS="1" CONTENT="31&#189;" HEIGHT="41" WIDTH="57" VPOS="943" HPOS="1413"/>
<String STYLE="superscript" CONTENT="cm" HEIGHT="21" WIDTH="43" VPOS="946" HPOS="1503"/>
<String CONTENT="." HEIGHT="10" WIDTH="10" VPOS="975" HPOS="1550"/>
</TextLine>
<TextLine HEIGHT="52" WIDTH="1980" VPOS="1016" HPOS="63" STYLEREFS="StyleId-8728D42C-2916-400E-BE29-2D5A10A1D59B-" CS="1">
<String CONTENT="&#169;" HEIGHT="52" WIDTH="49" VPOS="1016" HPOS="63"/>
<SP HEIGHT="52" WIDTH="22" VPOS="1016" HPOS="113"/>
<String CONTENT="May" HEIGHT="45" WIDTH="109" VPOS="1021" HPOS="136"/>
<SP HEIGHT="47" WIDTH="22" VPOS="1019" HPOS="246"/>
<String CONTENT="20," HEIGHT="46" WIDTH="68" VPOS="1018" HPOS="269"/>
<SP HEIGHT="46" WIDTH="25" VPOS="1018" HPOS="338"/>
<String CONTENT="1935;" HEIGHT="48" WIDTH="139" VPOS="1016" HPOS="364"/>
<SP HEIGHT="46" WIDTH="27" VPOS="1018" HPOS="504"/>
<String CONTENT="2c." HEIGHT="39" WIDTH="66" VPOS="1018" HPOS="532"/>
<SP HEIGHT="39" WIDTH="25" VPOS="1018" HPOS="599"/>
<String CONTENT="June" HEIGHT="40" WIDTH="125" VPOS="1018" HPOS="625"/>
<SP HEIGHT="40" WIDTH="24" VPOS="1018" HPOS="751"/>
<String CS="1" CONTENT="3;" HEIGHT="39" WIDTH="24" VPOS="1018" HPOS="776"/>
<SP HEIGHT="36" WIDTH="27" VPOS="1028" HPOS="829"/>
<String CONTENT="aff." HEIGHT="41" WIDTH="79" VPOS="1016" HPOS="857"/>
<SP HEIGHT="39" WIDTH="28" VPOS="1017" HPOS="937"/>
<String CONTENT="June" HEIGHT="40" WIDTH="125" VPOS="1017" HPOS="966"/>
<SP HEIGHT="39" WIDTH="23" VPOS="1018" HPOS="1092"/>
<String CONTENT="1;" HEIGHT="46" WIDTH="52" VPOS="1018" HPOS="1116"/>
<SP HEIGHT="47" WIDTH="30" VPOS="1017" HPOS="1169"/>
<!-- cceid 8F212F30-6D82-1014-B070-FDFD250A9EDA --><String CONTENT="A" HEIGHT="39" WIDTH="41" VPOS="1017" HPOS="1200"/>
<SP HEIGHT="40" WIDTH="25" VPOS="1017" HPOS="1242"/>
<String CONTENT="83438;" HEIGHT="46" WIDTH="170" VPOS="1017" HPOS="1268"/>
<SP HEIGHT="47" WIDTH="29" VPOS="1016" HPOS="1439"/>
<String CONTENT="Commonwealth" HEIGHT="41" WIDTH="411" VPOS="1016" HPOS="1469"/>
<SP HEIGHT="39" WIDTH="25" VPOS="1017" HPOS="1881"/>
<String CONTENT="fund." HEIGHT="40" WIDTH="136" VPOS="1016" HPOS="1907"/>
</TextLine>
<TextLine HEIGHT="49" WIDTH="245" VPOS="1075" HPOS="139" STYLEREFS="StyleId-8728D42C-2916-400E-BE29-2D5A10A1D59B-">
<String CONTENT="(35-8582)" HEIGHT="49" WIDTH="245" VPOS="1075" HPOS="139"/>
</TextLine>
<TextLine HEIGHT="64" WIDTH="701" VPOS="1177" HPOS="60">
<String CONTENT="Watson," HEIGHT="64" WIDTH="254" VPOS="1177" HPOS="60"/>
<SP HEIGHT="63" WIDTH="29" VPOS="1178" HPOS="315"/>
<String CONTENT="Frank," HEIGHT="61" WIDTH="215" VPOS="1177" HPOS="345"/>
<SP HEIGHT="55" WIDTH="31" VPOS="1183" HPOS="561"/>
<String CONTENT="1907-" HEIGHT="54" WIDTH="168" VPOS="1178" HPOS="593"/>
</TextLine>
<TextLine HEIGHT="71" WIDTH="1921" VPOS="1250" HPOS="121">
<String CONTENT="Housing" HEIGHT="69" WIDTH="263" VPOS="1252" HPOS="121"/>
<SP HEIGHT="51" WIDTH="27" VPOS="1270" HPOS="385"/>
<String CONTENT="problems" HEIGHT="69" WIDTH="283" VPOS="1252" HPOS="413"/>
<SP HEIGHT="33" WIDTH="28" VPOS="1272" HPOS="697"/>
<String CONTENT="and" HEIGHT="52" WIDTH="111" VPOS="1253" HPOS="726"/>
<SP HEIGHT="67" WIDTH="30" VPOS="1253" HPOS="838"/>
<String CONTENT="possibilities" HEIGHT="68" WIDTH="363" VPOS="1252" HPOS="869"/>
<SP HEIGHT="54" WIDTH="29" VPOS="1252" HPOS="1233"/>
<String CONTENT="in" HEIGHT="53" WIDTH="60" VPOS="1252" HPOS="1263"/>
<SP HEIGHT="46" WIDTH="30" VPOS="1259" HPOS="1324"/>
<String CONTENT="the" HEIGHT="51" WIDTH="95" VPOS="1254" HPOS="1355"/>
<SP HEIGHT="55" WIDTH="25" VPOS="1252" HPOS="1451"/>
<String CONTENT="United" HEIGHT="56" WIDTH="219" VPOS="1251" HPOS="1477"/>
<SP HEIGHT="57" WIDTH="31" VPOS="1250" HPOS="1697"/>
<String CONTENT="States," HEIGHT="69" WIDTH="208" VPOS="1250" HPOS="1729"/>
<SP HEIGHT="68" WIDTH="26" VPOS="1251" HPOS="1938"/>
<String CONTENT="by" HEIGHT="70" WIDTH="77" VPOS="1251" HPOS="1965"/>
</TextLine>
<TextLine HEIGHT="69" WIDTH="1983" VPOS="1329" HPOS="58">
<String CONTENT="Frank" HEIGHT="53" WIDTH="186" VPOS="1330" HPOS="58"/>
<SP HEIGHT="54" WIDTH="33" VPOS="1330" HPOS="245"/>
<String CONTENT="Watson." HEIGHT="54" WIDTH="254" VPOS="1330" HPOS="279"/>
<SP HEIGHT="51" WIDTH="68" VPOS="1331" HPOS="534"/>
<String CONTENT="New" HEIGHT="51" WIDTH="139" VPOS="1331" HPOS="603"/>
<SP HEIGHT="52" WIDTH="33" VPOS="1330" HPOS="743"/>
<String CONTENT="York" HEIGHT="52" WIDTH="162" VPOS="1330" HPOS="777"/>
<SP HEIGHT="53" WIDTH="32" VPOS="1330" HPOS="940"/>
<String CONTENT="and" HEIGHT="53" WIDTH="112" VPOS="1330" HPOS="973"/>
<SP HEIGHT="53" WIDTH="35" VPOS="1330" HPOS="1086"/>
<String CONTENT="London," HEIGHT="68" WIDTH="259" VPOS="1330" HPOS="1122"/>
<SP HEIGHT="68" WIDTH="31" VPOS="1330" HPOS="1382"/>
<String CONTENT="Harper" HEIGHT="68" WIDTH="235" VPOS="1330" HPOS="1414"/>
<SP HEIGHT="51" WIDTH="32" VPOS="1332" HPOS="1650"/>
<String CONTENT="&amp;" HEIGHT="51" WIDTH="47" VPOS="1332" HPOS="1683"/>
<SP HEIGHT="54" WIDTH="32" VPOS="1329" HPOS="1731"/>
<String CONTENT="brothers," HEIGHT="68" WIDTH="277" VPOS="1329" HPOS="1764"/>
</TextLine>
<TextLine HEIGHT="50" WIDTH="140" VPOS="1411" HPOS="61">
<String CONTENT="1935." HEIGHT="50" WIDTH="140" VPOS="1411" HPOS="61"/>
</TextLine>
<TextLine HEIGHT="50" WIDTH="777" VPOS="1481" HPOS="127" STYLEREFS="StyleId-8728D42C-2916-400E-BE29-2D5A10A1D59B-" CS="1">
<String CONTENT="3" HEIGHT="39" WIDTH="24" VPOS="1485" HPOS="127"/>
<SP/>
<String CONTENT="p." HEIGHT="37" WIDTH="40" VPOS="1494" HPOS="177"/>
<SP HEIGHT="39" WIDTH="25" VPOS="1484" HPOS="218"/>
<String CS="1" CONTENT="l.,"/>
<SP HEIGHT="47" WIDTH="25" VPOS="1483" HPOS="290"/>
<String CONTENT="100" HEIGHT="40" WIDTH="87" VPOS="1482" HPOS="316"/>
<SP HEIGHT="48" WIDTH="25" VPOS="1482" HPOS="404"/>
<String CONTENT="p." HEIGHT="37" WIDTH="40" VPOS="1493" HPOS="430"/>
<SP HEIGHT="39" WIDTH="52" VPOS="1483" HPOS="471"/>
<String CONTENT="diagrs." HEIGHT="49" WIDTH="179" VPOS="1481" HPOS="524"/>
<SP HEIGHT="39" WIDTH="54" VPOS="1482" HPOS="704"/>
<String CS="1" CONTENT="18&#189;" HEIGHT="40" WIDTH="55" VPOS="1482" HPOS="759"/>
<String STYLE="superscript" CONTENT="cm" HEIGHT="22" WIDTH="43" VPOS="1483" HPOS="846"/>
<String CONTENT="." HEIGHT="10" WIDTH="10" VPOS="1513" HPOS="894"/>
</TextLine>
<TextLine HEIGHT="53" WIDTH="1896" VPOS="1536" HPOS="65" STYLEREFS="StyleId-8728D42C-2916-400E-BE29-2D5A10A1D59B-" CS="1">
<String CONTENT="&#169;" HEIGHT="53" WIDTH="48" VPOS="1536" HPOS="65"/>
<SP HEIGHT="53" WIDTH="23" VPOS="1536" HPOS="114"/>
<String CONTENT="June" HEIGHT="39" WIDTH="124" VPOS="1541" HPOS="138"/>
<SP HEIGHT="40" WIDTH="24" VPOS="1540" HPOS="263"/>
<String CONTENT="17," HEIGHT="47" WIDTH="67" VPOS="1540" HPOS="288"/>
<SP HEIGHT="46" WIDTH="26" VPOS="1541" HPOS="356"/>
<String CS="1" CONTENT="1935;" HEIGHT="40" WIDTH="112" VPOS="1539" HPOS="383"/>
<SP HEIGHT="46" WIDTH="27" VPOS="1539" HPOS="523"/>
<String CONTENT="2c." HEIGHT="40" WIDTH="68" VPOS="1539" HPOS="551"/>
<SP HEIGHT="39" WIDTH="29" VPOS="1540" HPOS="620"/>
<String CONTENT="June" HEIGHT="39" WIDTH="125" VPOS="1540" HPOS="650"/>
<SP HEIGHT="39" WIDTH="26" VPOS="1540" HPOS="776"/>
<String CS="1" CONTENT="15;" HEIGHT="39" WIDTH="53" VPOS="1540" HPOS="803"/>
<SP HEIGHT="36" WIDTH="28" VPOS="1550" HPOS="883"/>
<String CONTENT="aff." HEIGHT="40" WIDTH="82" VPOS="1539" HPOS="912"/>
<SP HEIGHT="39" WIDTH="27" VPOS="1540" HPOS="995"/>
<String CONTENT="June" HEIGHT="39" WIDTH="127" VPOS="1540" HPOS="1023"/>
<SP HEIGHT="38" WIDTH="24" VPOS="1541" HPOS="1151"/>
<String CS="1" CONTENT="19;" HEIGHT="40" WIDTH="54" VPOS="1538" HPOS="1176"/>
<SP HEIGHT="45" WIDTH="27" VPOS="1540" HPOS="1258"/>
<!-- cceid 8F21BD68-6D82-1014-B070-FDFD250A9EDA --><String CONTENT="A" HEIGHT="38" WIDTH="42" VPOS="1540" HPOS="1286"/>
<SP HEIGHT="39" WIDTH="24" VPOS="1540" HPOS="1329"/>
<String CONTENT="84331;" HEIGHT="47" WIDTH="169" VPOS="1539" HPOS="1354"/>
<SP HEIGHT="46" WIDTH="30" VPOS="1540" HPOS="1524"/>
<String CONTENT="Harper" HEIGHT="47" WIDTH="192" VPOS="1540" HPOS="1555"/>
<SP HEIGHT="39" WIDTH="26" VPOS="1540" HPOS="1748"/>
<String CONTENT="&amp;" HEIGHT="39" WIDTH="36" VPOS="1540" HPOS="1775"/>
<SP HEIGHT="39" WIDTH="25" VPOS="1540" HPOS="1812"/>
<String CONTENT="bros." HEIGHT="39" WIDTH="123" VPOS="1540" HPOS="1838"/>
</TextLine>
<TextLine HEIGHT="48" WIDTH="245" VPOS="1596" HPOS="139" STYLEREFS="StyleId-8728D42C-2916-400E-BE29-2D5A10A1D59B-">
<String CONTENT="(35-8837)" HEIGHT="48" WIDTH="245" VPOS="1596" HPOS="139"/>
</TextLine>
</TextBlock>
<TextBlock ID="Page823_Block4" HEIGHT="1752" WIDTH="1994" VPOS="1688" HPOS="62" LANG="en-US" CS="1" STYLEREFS="StyleId-8728D42C-2916-400E-BE29-2D5A10A1D59B-">
<TextLine HEIGHT="66" WIDTH="938" VPOS="1698" HPOS="64" STYLEREFS="StyleId-6756E05F-B44F-404A-9B99-808B411F41C5-">
<String CONTENT="Wells," HEIGHT="66" WIDTH="182" VPOS="1698" HPOS="64"/>
<SP HEIGHT="64" WIDTH="24" VPOS="1700" HPOS="247"/>
<String CONTENT="Herbert" HEIGHT="53" WIDTH="256" VPOS="1699" HPOS="272"/>
<SP HEIGHT="54" WIDTH="28" VPOS="1700" HPOS="529"/>
<String CONTENT="George," HEIGHT="63" WIDTH="244" VPOS="1700" HPOS="558"/>
<SP HEIGHT="58" WIDTH="29" VPOS="1705" HPOS="803"/>
<String CONTENT="1866-" HEIGHT="49" WIDTH="169" VPOS="1704" HPOS="833"/>
</TextLine>
<TextLine HEIGHT="71" WIDTH="1917" VPOS="1773" HPOS="125" STYLEREFS="StyleId-6756E05F-B44F-404A-9B99-808B411F41C5-">
<String CONTENT="The" HEIGHT="52" WIDTH="117" VPOS="1775" HPOS="125"/>
<SP HEIGHT="34" WIDTH="33" VPOS="1793" HPOS="243"/>
<String CONTENT="new" HEIGHT="33" WIDTH="122" VPOS="1793" HPOS="277"/>
<SP HEIGHT="52" WIDTH="36" VPOS="1774" HPOS="400"/>
<String CONTENT="America," HEIGHT="68" WIDTH="284" VPOS="1774" HPOS="437"/>
<SP HEIGHT="61" WIDTH="36" VPOS="1781" HPOS="722"/>
<String CONTENT="the" HEIGHT="53" WIDTH="95" VPOS="1775" HPOS="759"/>
<SP HEIGHT="35" WIDTH="34" VPOS="1793" HPOS="855"/>
<String CONTENT="new" HEIGHT="35" WIDTH="122" VPOS="1792" HPOS="890"/>
<SP HEIGHT="34" WIDTH="37" VPOS="1793" HPOS="1013"/>
<String CONTENT="world," HEIGHT="68" WIDTH="199" VPOS="1774" HPOS="1051"/>
<SP HEIGHT="67" WIDTH="34" VPOS="1775" HPOS="1251"/>
<String CONTENT="by" HEIGHT="69" WIDTH="75" VPOS="1775" HPOS="1286"/>
<SP HEIGHT="69" WIDTH="37" VPOS="1775" HPOS="1362"/>
<String CONTENT="H." HEIGHT="52" WIDTH="77" VPOS="1775" HPOS="1400"/>
<SP HEIGHT="56" WIDTH="42" VPOS="1773" HPOS="1478"/>
<String CONTENT="G." HEIGHT="56" WIDTH="69" VPOS="1773" HPOS="1521"/>
<SP HEIGHT="54" WIDTH="38" VPOS="1775" HPOS="1591"/>
<String CONTENT="Wells." HEIGHT="54" WIDTH="195" VPOS="1775" HPOS="1630"/>
<SP HEIGHT="53" WIDTH="76" VPOS="1775" HPOS="1826"/>
<String CONTENT="New" HEIGHT="53" WIDTH="139" VPOS="1775" HPOS="1903"/>
</TextLine>
<TextLine HEIGHT="69" WIDTH="1173" VPOS="1852" HPOS="66" STYLEREFS="StyleId-6756E05F-B44F-404A-9B99-808B411F41C5-">
<String CONTENT="York." HEIGHT="55" WIDTH="164" VPOS="1852" HPOS="66"/>
<SP HEIGHT="54" WIDTH="25" VPOS="1853" HPOS="231"/>
<String CONTENT="The" HEIGHT="52" WIDTH="121" VPOS="1853" HPOS="257"/>
<SP HEIGHT="53" WIDTH="21" VPOS="1852" HPOS="379"/>
<String CONTENT="Macmillan" HEIGHT="53" WIDTH="334" VPOS="1852" HPOS="401"/>
<SP HEIGHT="34" WIDTH="27" VPOS="1871" HPOS="736"/>
<String CONTENT="company," HEIGHT="51" WIDTH="296" VPOS="1870" HPOS="764"/>
<SP HEIGHT="65" WIDTH="28" VPOS="1855" HPOS="1061"/>
<String CONTENT="1935." HEIGHT="51" WIDTH="149" VPOS="1854" HPOS="1090"/>
</TextLine>
<TextLine HEIGHT="65" WIDTH="478" VPOS="1909" HPOS="122">
<String CONTENT="4" HEIGHT="39" WIDTH="26" VPOS="1925" HPOS="122"/>
<SP HEIGHT="47" WIDTH="18" VPOS="1925" HPOS="149"/>
<String CONTENT="p.T.," HEIGHT="65" WIDTH="109" VPOS="1909" HPOS="168"/>
<SP HEIGHT="49" WIDTH="23" VPOS="1925" HPOS="278"/>
<String CONTENT="78" HEIGHT="40" WIDTH="57" VPOS="1925" HPOS="302"/>
<SP HEIGHT="47" WIDTH="21" VPOS="1925" HPOS="360"/>
<String CONTENT="p." HEIGHT="37" WIDTH="42" VPOS="1935" HPOS="382"/>
<SP HEIGHT="40" WIDTH="59" VPOS="1924" HPOS="425"/>
<String CONTENT="19" HEIGHT="41" WIDTH="55" VPOS="1924" HPOS="485"/>
<String STYLE="superscript" CONTENT="cm" HEIGHT="21" WIDTH="43" VPOS="1927" HPOS="544"/>
<String CONTENT="." HEIGHT="8" WIDTH="8" VPOS="1955" HPOS="592"/>
</TextLine>
<TextLine HEIGHT="53" WIDTH="1923" VPOS="1979" HPOS="66">
<String CONTENT="&#169;" HEIGHT="53" WIDTH="48" VPOS="1979" HPOS="66"/>
<SP HEIGHT="53" WIDTH="23" VPOS="1979" HPOS="115"/>
<String CONTENT="June" HEIGHT="40" WIDTH="123" VPOS="1984" HPOS="139"/>
<SP HEIGHT="38" WIDTH="22" VPOS="1986" HPOS="263"/>
<String CONTENT="18," HEIGHT="46" WIDTH="69" VPOS="1985" HPOS="286"/>
<SP HEIGHT="46" WIDTH="26" VPOS="1985" HPOS="356"/>
<String CONTENT="1935;" HEIGHT="47" WIDTH="139" VPOS="1983" HPOS="383"/>
<SP HEIGHT="46" WIDTH="28" VPOS="1984" HPOS="523"/>
<String CONTENT="2c." HEIGHT="39" WIDTH="67" VPOS="1984" HPOS="552"/>
<SP HEIGHT="29" WIDTH="29" VPOS="1994" HPOS="620"/>
<String CONTENT="and" HEIGHT="40" WIDTH="94" VPOS="1983" HPOS="650"/>
<SP HEIGHT="40" WIDTH="25" VPOS="1983" HPOS="745"/>
<String CONTENT="aff." HEIGHT="42" WIDTH="82" VPOS="1981" HPOS="771"/>
<SP HEIGHT="39" WIDTH="26" VPOS="1984" HPOS="854"/>
<String CONTENT="June" HEIGHT="39" WIDTH="130" VPOS="1984" HPOS="881"/>
<SP HEIGHT="38" WIDTH="21" VPOS="1985" HPOS="1012"/>
<String CONTENT="19;" HEIGHT="49" WIDTH="82" VPOS="1982" HPOS="1034"/>
<SP HEIGHT="47" WIDTH="27" VPOS="1984" HPOS="1117"/>
<!-- cceid 8F2238E6-6D82-1014-B070-FDFD250A9EDA --><String CONTENT="A" HEIGHT="38" WIDTH="41" VPOS="1984" HPOS="1145"/>
<SP HEIGHT="40" WIDTH="25" VPOS="1984" HPOS="1187"/>
<String CONTENT="84341;" HEIGHT="47" WIDTH="169" VPOS="1984" HPOS="1213"/>
<SP HEIGHT="46" WIDTH="31" VPOS="1985" HPOS="1383"/>
<String CONTENT="H." HEIGHT="38" WIDTH="59" VPOS="1985" HPOS="1415"/>
<SP HEIGHT="40" WIDTH="28" VPOS="1984" HPOS="1475"/>
<String CONTENT="G." HEIGHT="40" WIDTH="51" VPOS="1984" HPOS="1504"/>
<SP HEIGHT="39" WIDTH="28" VPOS="1985" HPOS="1556"/>
<String CONTENT="Wells," HEIGHT="47" WIDTH="163" VPOS="1985" HPOS="1585"/>
<SP HEIGHT="47" WIDTH="28" VPOS="1985" HPOS="1749"/>
<String CONTENT="London." HEIGHT="39" WIDTH="211" VPOS="1985" HPOS="1778"/>
</TextLine>
<TextLine HEIGHT="49" WIDTH="245" VPOS="2040" HPOS="140">
<String CONTENT="(35-8548)" HEIGHT="49" WIDTH="245" VPOS="2040" HPOS="140"/>
</TextLine>
<TextLine HEIGHT="146" WIDTH="933" VPOS="2142" HPOS="63" STYLEREFS="StyleId-6756E05F-B44F-404A-9B99-808B411F41C5-" CS="1">
<String CONTENT="Weston," HEIGHT="65" WIDTH="247" VPOS="2142" HPOS="63"/>
<SP HEIGHT="61" WIDTH="28" VPOS="2146" HPOS="311"/>
<String CONTENT="Sidney" HEIGHT="66" WIDTH="219" VPOS="2143" HPOS="340"/>
<SP HEIGHT="63" WIDTH="27" VPOS="2146" HPOS="560"/>
<String CONTENT="Adams," HEIGHT="63" WIDTH="242" VPOS="2146" HPOS="588"/>
<SP HEIGHT="59" WIDTH="32" VPOS="2150" HPOS="831"/>
<String CS="1" CONTENT="1877-Social" HEIGHT="128" WIDTH="863" VPOS="2146" HPOS="133"/>
<SP HEIGHT="51" WIDTH="31" VPOS="2221" HPOS="315"/>
<String CONTENT="and" HEIGHT="52" WIDTH="111" VPOS="2222" HPOS="347"/>
<SP HEIGHT="52" WIDTH="30" VPOS="2222" HPOS="459"/>
<String CONTENT="religious" HEIGHT="67" WIDTH="270" VPOS="2221" HPOS="490"/>
</TextLine>
<TextLine HEIGHT="70" WIDTH="1256" VPOS="2219" HPOS="790" STYLEREFS="StyleId-6756E05F-B44F-404A-9B99-808B411F41C5-">
<String CONTENT="problems" HEIGHT="69" WIDTH="279" VPOS="2219" HPOS="790"/>
<SP HEIGHT="34" WIDTH="30" VPOS="2239" HPOS="1070"/>
<String CONTENT="of" HEIGHT="53" WIDTH="63" VPOS="2220" HPOS="1101"/>
<SP HEIGHT="69" WIDTH="29" VPOS="2220" HPOS="1165"/>
<String CONTENT="young" HEIGHT="51" WIDTH="191" VPOS="2238" HPOS="1195"/>
<SP HEIGHT="50" WIDTH="28" VPOS="2238" HPOS="1387"/>
<String CONTENT="people;" HEIGHT="69" WIDTH="228" VPOS="2219" HPOS="1416"/>
<SP HEIGHT="48" WIDTH="35" VPOS="2238" HPOS="1645"/>
<String CONTENT="a" HEIGHT="34" WIDTH="31" VPOS="2240" HPOS="1681"/>
<SP HEIGHT="53" WIDTH="28" VPOS="2221" HPOS="1713"/>
<String CONTENT="handbook" HEIGHT="54" WIDTH="304" VPOS="2220" HPOS="1742"/>
</TextLine>
<TextLine HEIGHT="71" WIDTH="1969" VPOS="2296" HPOS="71" STYLEREFS="StyleId-6756E05F-B44F-404A-9B99-808B411F41C5-" CS="1">
<String CONTENT="for" HEIGHT="54" WIDTH="85" VPOS="2296" HPOS="71"/>
<SP HEIGHT="50" WIDTH="39" VPOS="2315" HPOS="157"/>
<String CONTENT="group" HEIGHT="51" WIDTH="179" VPOS="2315" HPOS="197"/>
<SP HEIGHT="50" WIDTH="43" VPOS="2316" HPOS="377"/>
<String CONTENT="and" HEIGHT="52" WIDTH="110" VPOS="2297" HPOS="421"/>
<SP HEIGHT="53" WIDTH="41" VPOS="2297" HPOS="532"/>
<String CONTENT="individual" HEIGHT="53" WIDTH="319" VPOS="2297" HPOS="574"/>
<SP HEIGHT="53" WIDTH="42" VPOS="2297" HPOS="894"/>
<String CONTENT="use" HEIGHT="36" WIDTH="94" VPOS="2315" HPOS="937"/>
<SP HEIGHT="48" WIDTH="46" VPOS="2318" HPOS="1032"/>
<String CS="1" CONTENT="[by]" HEIGHT="68" WIDTH="73" VPOS="2297" HPOS="1097"/>
<SP HEIGHT="68" WIDTH="46" VPOS="2297" HPOS="1189"/>
<String CONTENT="Sidney" HEIGHT="70" WIDTH="214" VPOS="2296" HPOS="1236"/>
<SP HEIGHT="68" WIDTH="42" VPOS="2298" HPOS="1451"/>
<String CONTENT="A." HEIGHT="54" WIDTH="71" VPOS="2298" HPOS="1494"/>
<SP HEIGHT="55" WIDTH="41" VPOS="2297" HPOS="1566"/>
<String CONTENT="Weston" HEIGHT="54" WIDTH="236" VPOS="2297" HPOS="1608"/>
<SP HEIGHT="50" WIDTH="46" VPOS="2317" HPOS="1845"/>
<String CONTENT="[" HEIGHT="34" WIDTH="11" VPOS="2333" HPOS="1892"/>
<String CONTENT="and" HEIGHT="54" WIDTH="112" VPOS="2298" HPOS="1910"/>
<String STYLE="subscript" CONTENT="3" HEIGHT="33" WIDTH="13" VPOS="2333" HPOS="2027"/>
</TextLine>
<TextLine HEIGHT="71" WIDTH="1970" VPOS="2373" HPOS="71" STYLEREFS="StyleId-6756E05F-B44F-404A-9B99-808B411F41C5-" CS="1">
<String CONTENT="S." HEIGHT="54" WIDTH="52" VPOS="2373" HPOS="71"/>
<SP HEIGHT="53" WIDTH="22" VPOS="2374" HPOS="124"/>
<String CONTENT="Ralph" HEIGHT="68" WIDTH="188" VPOS="2374" HPOS="147"/>
<SP HEIGHT="51" WIDTH="24" VPOS="2375" HPOS="336"/>
<String CONTENT="Harlow." HEIGHT="53" WIDTH="251" VPOS="2375" HPOS="361"/>
<SP HEIGHT="52" WIDTH="74" VPOS="2374" HPOS="613"/>
<String CONTENT="New" HEIGHT="54" WIDTH="136" VPOS="2374" HPOS="688"/>
<SP HEIGHT="52" WIDTH="29" VPOS="2375" HPOS="825"/>
<String CONTENT="York," HEIGHT="68" WIDTH="176" VPOS="2375" HPOS="855"/>
<SP HEIGHT="68" WIDTH="27" VPOS="2375" HPOS="1032"/>
<String CONTENT="Cincinnati" HEIGHT="58" WIDTH="321" VPOS="2374" HPOS="1060"/>
<SP HEIGHT="69" WIDTH="36" VPOS="2374" HPOS="1382"/>
<String CS="1" CONTENT="[etc.]" HEIGHT="63" WIDTH="120" VPOS="2380" HPOS="1436"/>
<SP HEIGHT="67" WIDTH="31" VPOS="2376" HPOS="1557"/>
<String CONTENT="The" HEIGHT="53" WIDTH="121" VPOS="2376" HPOS="1589"/>
<SP HEIGHT="54" WIDTH="25" VPOS="2375" HPOS="1711"/>
<String CONTENT="Abingdon" HEIGHT="69" WIDTH="304" VPOS="2375" HPOS="1737"/>
</TextLine>
<TextLine HEIGHT="65" WIDTH="368" VPOS="2455" HPOS="71" STYLEREFS="StyleId-6756E05F-B44F-404A-9B99-808B411F41C5-">
<String CONTENT="press" HEIGHT="50" WIDTH="145" VPOS="2468" HPOS="71"/>
<SP HEIGHT="49" WIDTH="30" VPOS="2471" HPOS="217"/>
<String STYLE="subscript" CONTENT="[" HEIGHT="34" WIDTH="12" VPOS="2486" HPOS="248"/>
<String STYLE="superscript" CONTENT="c" HEIGHT="21" WIDTH="18" VPOS="2459" HPOS="266"/>
<String CONTENT="1935" HEIGHT="49" WIDTH="130" VPOS="2455" HPOS="289"/>
<String STYLE="subscript" CONTENT="]" HEIGHT="34" WIDTH="13" VPOS="2486" HPOS="426"/>
</TextLine>
<TextLine HEIGHT="50" WIDTH="638" VPOS="2521" HPOS="132" CS="1">
<String CONTENT="304" HEIGHT="41" WIDTH="81" VPOS="2521" HPOS="132"/>
<SP HEIGHT="47" WIDTH="31" VPOS="2524" HPOS="214"/>
<String CONTENT="p." HEIGHT="37" WIDTH="42" VPOS="2534" HPOS="246"/>
<SP HEIGHT="40" WIDTH="57" VPOS="2523" HPOS="289"/>
<String CONTENT="fold." HEIGHT="41" WIDTH="116" VPOS="2523" HPOS="347"/>
<SP HEIGHT="37" WIDTH="34" VPOS="2526" HPOS="464"/>
<String CONTENT="tab." HEIGHT="39" WIDTH="95" VPOS="2525" HPOS="499"/>
<SP HEIGHT="39" WIDTH="58" VPOS="2525" HPOS="595"/>
<String CONTENT="20" HEIGHT="40" WIDTH="56" VPOS="2523" HPOS="654"/>
<String STYLE="superscript" CS="1" CONTENT="cm" HEIGHT="21" WIDTH="15" VPOS="2526" HPOS="712"/>
<String CONTENT="." HEIGHT="8" WIDTH="9" VPOS="2555" HPOS="761"/>
</TextLine>
<TextLine HEIGHT="54" WIDTH="1909" VPOS="2578" HPOS="134">
<String CONTENT="&#8220;First" HEIGHT="42" WIDTH="156" VPOS="2578" HPOS="134"/>
<SP HEIGHT="37" WIDTH="27" VPOS="2582" HPOS="291"/>
<String CONTENT="edition" HEIGHT="40" WIDTH="180" VPOS="2580" HPOS="319"/>
<SP HEIGHT="37" WIDTH="32" VPOS="2591" HPOS="500"/>
<String CONTENT="printed" HEIGHT="47" WIDTH="191" VPOS="2581" HPOS="533"/>
<SP HEIGHT="38" WIDTH="31" VPOS="2582" HPOS="725"/>
<String CONTENT="December," HEIGHT="43" WIDTH="272" VPOS="2581" HPOS="757"/>
<SP HEIGHT="41" WIDTH="29" VPOS="2583" HPOS="1030"/>
<String CONTENT="1934." HEIGHT="42" WIDTH="127" VPOS="2581" HPOS="1060"/>
<SP HEIGHT="41" WIDTH="62" VPOS="2582" HPOS="1188"/>
<String CONTENT="Second" HEIGHT="40" WIDTH="181" VPOS="2582" HPOS="1251"/>
<SP HEIGHT="47" WIDTH="31" VPOS="2583" HPOS="1433"/>
<String CONTENT="printing," HEIGHT="47" WIDTH="230" VPOS="2584" HPOS="1465"/>
<SP HEIGHT="46" WIDTH="31" VPOS="2585" HPOS="1696"/>
<String CONTENT="May," HEIGHT="47" WIDTH="126" VPOS="2585" HPOS="1728"/>
<SP HEIGHT="43" WIDTH="32" VPOS="2586" HPOS="1855"/>
<String CONTENT="1935.&#8221;" HEIGHT="42" WIDTH="155" VPOS="2584" HPOS="1888"/>
</TextLine>
<TextLine HEIGHT="50" WIDTH="1217" VPOS="2635" HPOS="135">
<String CONTENT="Bibliography" HEIGHT="49" WIDTH="338" VPOS="2635" HPOS="135"/>
<SP HEIGHT="34" WIDTH="27" VPOS="2648" HPOS="474"/>
<String CONTENT="at" HEIGHT="36" WIDTH="50" VPOS="2640" HPOS="502"/>
<SP HEIGHT="36" WIDTH="25" VPOS="2640" HPOS="553"/>
<String CONTENT="end" HEIGHT="38" WIDTH="91" VPOS="2638" HPOS="579"/>
<SP HEIGHT="38" WIDTH="25" VPOS="2638" HPOS="671"/>
<String CONTENT="of" HEIGHT="39" WIDTH="52" VPOS="2637" HPOS="697"/>
<SP HEIGHT="41" WIDTH="23" VPOS="2637" HPOS="750"/>
<String CONTENT="some" HEIGHT="31" WIDTH="129" VPOS="2647" HPOS="774"/>
<SP HEIGHT="30" WIDTH="26" VPOS="2647" HPOS="904"/>
<String CONTENT="of" HEIGHT="40" WIDTH="51" VPOS="2637" HPOS="931"/>
<SP HEIGHT="40" WIDTH="24" VPOS="2637" HPOS="983"/>
<String CONTENT="the" HEIGHT="38" WIDTH="81" VPOS="2639" HPOS="1008"/>
<SP HEIGHT="31" WIDTH="24" VPOS="2647" HPOS="1090"/>
<String CONTENT="chapters." HEIGHT="47" WIDTH="237" VPOS="2638" HPOS="1115"/>
</TextLine>
<TextLine HEIGHT="57" WIDTH="1894" VPOS="2690" HPOS="68">
<String CONTENT="&#169;" HEIGHT="52" WIDTH="48" VPOS="2690" HPOS="68"/>
<SP HEIGHT="52" WIDTH="24" VPOS="2690" HPOS="117"/>
<String CONTENT="May" HEIGHT="45" WIDTH="108" VPOS="2697" HPOS="142"/>
<SP HEIGHT="47" WIDTH="23" VPOS="2695" HPOS="251"/>
<String CONTENT="28," HEIGHT="47" WIDTH="69" VPOS="2695" HPOS="275"/>
<SP HEIGHT="44" WIDTH="25" VPOS="2698" HPOS="345"/>
<String CONTENT="1935;" HEIGHT="46" WIDTH="139" VPOS="2696" HPOS="371"/>
<SP HEIGHT="45" WIDTH="29" VPOS="2697" HPOS="511"/>
<String CONTENT="2c." HEIGHT="38" WIDTH="65" VPOS="2697" HPOS="541"/>
<SP HEIGHT="28" WIDTH="28" VPOS="2707" HPOS="607"/>
<String CONTENT="and" HEIGHT="40" WIDTH="95" VPOS="2698" HPOS="636"/>
<SP HEIGHT="37" WIDTH="27" VPOS="2698" HPOS="732"/>
<String CONTENT="aff." HEIGHT="38" WIDTH="81" VPOS="2696" HPOS="760"/>
<SP HEIGHT="38" WIDTH="28" VPOS="2697" HPOS="842"/>
<String CONTENT="June" HEIGHT="38" WIDTH="125" VPOS="2697" HPOS="871"/>
<SP HEIGHT="37" WIDTH="27" VPOS="2698" HPOS="997"/>
<String CONTENT="12;" HEIGHT="45" WIDTH="81" VPOS="2697" HPOS="1025"/>
<SP HEIGHT="44" WIDTH="28" VPOS="2698" HPOS="1107"/>
<!-- cceid 8F22B924-6D82-1014-B070-FDFD250A9EDA --><String CONTENT="A" HEIGHT="37" WIDTH="40" VPOS="2698" HPOS="1136"/>
<SP HEIGHT="39" WIDTH="30" VPOS="2697" HPOS="1177"/>
<String CONTENT="84215;" HEIGHT="42" WIDTH="169" VPOS="2697" HPOS="1208"/>
<SP HEIGHT="41" WIDTH="33" VPOS="2698" HPOS="1378"/>
<String CONTENT="Abingdon" HEIGHT="48" WIDTH="252" VPOS="2697" HPOS="1412"/>
<SP HEIGHT="37" WIDTH="27" VPOS="2710" HPOS="1665"/>
<String CONTENT="press," HEIGHT="38" WIDTH="150" VPOS="2709" HPOS="1693"/>
<SP HEIGHT="46" WIDTH="28" VPOS="2700" HPOS="1844"/>
<String CONTENT="inc." HEIGHT="38" WIDTH="89" VPOS="2700" HPOS="1873"/>
</TextLine>
<TextLine HEIGHT="51" WIDTH="1371" VPOS="2751" HPOS="137">
<String CONTENT="[Copyright" HEIGHT="50" WIDTH="273" VPOS="2751" HPOS="137"/>
<SP HEIGHT="40" WIDTH="24" VPOS="2753" HPOS="411"/>
<String CONTENT="is" HEIGHT="39" WIDTH="40" VPOS="2753" HPOS="436"/>
<SP HEIGHT="28" WIDTH="22" VPOS="2764" HPOS="477"/>
<String CONTENT="claimed" HEIGHT="39" WIDTH="205" VPOS="2753" HPOS="500"/>
<SP HEIGHT="38" WIDTH="21" VPOS="2754" HPOS="706"/>
<String CONTENT="on" HEIGHT="29" WIDTH="59" VPOS="2763" HPOS="728"/>
<SP HEIGHT="28" WIDTH="26" VPOS="2762" HPOS="788"/>
<String CONTENT="new" HEIGHT="29" WIDTH="102" VPOS="2762" HPOS="815"/>
<SP HEIGHT="28" WIDTH="23" VPOS="2763" HPOS="918"/>
<String CONTENT="material]" HEIGHT="48" WIDTH="240" VPOS="2753" HPOS="942"/>
<SP HEIGHT="49" WIDTH="74" VPOS="2752" HPOS="1183"/>
<String CONTENT="(35-8534)" HEIGHT="50" WIDTH="250" VPOS="2752" HPOS="1258"/>
</TextLine>
<TextLine HEIGHT="68" WIDTH="890" VPOS="2852" HPOS="68" STYLEREFS="StyleId-6756E05F-B44F-404A-9B99-808B411F41C5-">
<String CONTENT="White," HEIGHT="67" WIDTH="203" VPOS="2852" HPOS="68"/>
<SP HEIGHT="62" WIDTH="27" VPOS="2857" HPOS="272"/>
<String CONTENT="James" HEIGHT="52" WIDTH="200" VPOS="2857" HPOS="300"/>
<SP HEIGHT="53" WIDTH="28" VPOS="2858" HPOS="501"/>
<String CONTENT="Clarke," HEIGHT="63" WIDTH="227" VPOS="2857" HPOS="530"/>
<SP HEIGHT="57" WIDTH="32" VPOS="2863" HPOS="758"/>
<String CONTENT="1895-" HEIGHT="49" WIDTH="167" VPOS="2862" HPOS="791"/>
</TextLine>
<TextLine HEIGHT="73" WIDTH="1912" VPOS="2930" HPOS="127" STYLEREFS="StyleId-6756E05F-B44F-404A-9B99-808B411F41C5-">
<String CONTENT="The" HEIGHT="53" WIDTH="115" VPOS="2930" HPOS="127"/>
<SP HEIGHT="33" WIDTH="38" VPOS="2950" HPOS="243"/>
<String CONTENT="autonomic," HEIGHT="53" WIDTH="318" VPOS="2932" HPOS="282"/>
<SP HEIGHT="33" WIDTH="38" VPOS="2951" HPOS="601"/>
<String CONTENT="nervous" HEIGHT="35" WIDTH="239" VPOS="2951" HPOS="640"/>
<SP HEIGHT="34" WIDTH="39" VPOS="2952" HPOS="880"/>
<String CONTENT="system;" HEIGHT="62" WIDTH="236" VPOS="2939" HPOS="920"/>
<SP HEIGHT="48" WIDTH="44" VPOS="2952" HPOS="1157"/>
<String CONTENT="anatomy," HEIGHT="63" WIDTH="286" VPOS="2939" HPOS="1202"/>
<SP HEIGHT="50" WIDTH="39" VPOS="2952" HPOS="1489"/>
<String CONTENT="physiology," HEIGHT="69" WIDTH="361" VPOS="2934" HPOS="1529"/>
<SP HEIGHT="50" WIDTH="38" VPOS="2953" HPOS="1891"/>
<String CONTENT="and" HEIGHT="52" WIDTH="109" VPOS="2934" HPOS="1930"/>
</TextLine>
<TextLine HEIGHT="73" WIDTH="1978" VPOS="3008" HPOS="66" STYLEREFS="StyleId-6756E05F-B44F-404A-9B99-808B411F41C5-" CS="1">
<String CONTENT="surgical" HEIGHT="68" WIDTH="236" VPOS="3008" HPOS="66"/>
<SP HEIGHT="51" WIDTH="34" VPOS="3010" HPOS="303"/>
<String CONTENT="treatment," HEIGHT="50" WIDTH="319" VPOS="3015" HPOS="338"/>
<SP HEIGHT="55" WIDTH="39" VPOS="3010" HPOS="658"/>
<String CONTENT="by" HEIGHT="69" WIDTH="74" VPOS="3010" HPOS="698"/>
<SP HEIGHT="69" WIDTH="34" VPOS="3010" HPOS="773"/>
<String CONTENT="James" HEIGHT="55" WIDTH="192" VPOS="3010" HPOS="808"/>
<SP HEIGHT="54" WIDTH="38" VPOS="3010" HPOS="1001"/>
<String CONTENT="C." HEIGHT="54" WIDTH="62" VPOS="3010" HPOS="1040"/>
<SP HEIGHT="54" WIDTH="38" VPOS="3011" HPOS="1103"/>
<String CONTENT="White" HEIGHT="55" WIDTH="197" VPOS="3010" HPOS="1142"/>
<SP HEIGHT="34" WIDTH="43" VPOS="3030" HPOS="1340"/>
<String CS="1" CONTENT="&#8230;"/>
<SP HEIGHT="54" WIDTH="78" VPOS="3011" HPOS="1441"/>
<String CONTENT="New" HEIGHT="54" WIDTH="139" VPOS="3011" HPOS="1520"/>
<SP HEIGHT="53" WIDTH="41" VPOS="3012" HPOS="1660"/>
<String CONTENT="York," HEIGHT="69" WIDTH="180" VPOS="3012" HPOS="1702"/>
<SP HEIGHT="68" WIDTH="39" VPOS="3013" HPOS="1883"/>
<String CONTENT="The" HEIGHT="52" WIDTH="121" VPOS="3013" HPOS="1923"/>
</TextLine>
<TextLine HEIGHT="74" WIDTH="818" VPOS="3082" HPOS="69" STYLEREFS="StyleId-6756E05F-B44F-404A-9B99-808B411F41C5-">
<String CONTENT="Macmillan" HEIGHT="56" WIDTH="314" VPOS="3082" HPOS="69"/>
<SP HEIGHT="33" WIDTH="26" VPOS="3106" HPOS="384"/>
<String CONTENT="company," HEIGHT="51" WIDTH="295" VPOS="3105" HPOS="411"/>
<SP HEIGHT="62" WIDTH="30" VPOS="3092" HPOS="707"/>
<String CONTENT="1935." HEIGHT="50" WIDTH="149" VPOS="3091" HPOS="738"/>
</TextLine>
<TextLine HEIGHT="50" WIDTH="1913" VPOS="3159" HPOS="130" CS="1">
<String CONTENT="xv," HEIGHT="39" WIDTH="73" VPOS="3164" HPOS="130"/>
<SP HEIGHT="29" WIDTH="40" VPOS="3178" HPOS="204"/>
<String CONTENT="[1]" HEIGHT="49" WIDTH="53" VPOS="3159" HPOS="245"/>
<SP HEIGHT="39" WIDTH="35" VPOS="3169" HPOS="299"/>
<String CS="1" CONTENT="p.,"/>
<SP/>
<String CS="1" CONTENT="1"/>
<SP/>
<String CS="1" CONTENT="l.,"/>
<SP HEIGHT="40" WIDTH="37" VPOS="3159" HPOS="538"/>
<String CONTENT="380" HEIGHT="41" WIDTH="86" VPOS="3159" HPOS="576"/>
<SP HEIGHT="47" WIDTH="36" VPOS="3160" HPOS="663"/>
<String CONTENT="p." HEIGHT="37" WIDTH="42" VPOS="3170" HPOS="700"/>
<SP HEIGHT="39" WIDTH="59" VPOS="3161" HPOS="743"/>
<String CONTENT="illus.," HEIGHT="43" WIDTH="140" VPOS="3161" HPOS="803"/>
<SP HEIGHT="42" WIDTH="40" VPOS="3162" HPOS="944"/>
<String CONTENT="diagrs." HEIGHT="47" WIDTH="178" VPOS="3160" HPOS="985"/>
<SP HEIGHT="40" WIDTH="65" VPOS="3160" HPOS="1164"/>
<String CONTENT="24" HEIGHT="40" WIDTH="58" VPOS="3160" HPOS="1230"/>
<String STYLE="superscript" CS="1" CONTENT="cm" HEIGHT="22" WIDTH="15" VPOS="3163" HPOS="1290"/>
<String CONTENT="." HEIGHT="9" WIDTH="9" VPOS="3192" HPOS="1338"/>
<SP HEIGHT="48" WIDTH="78" VPOS="3161" HPOS="1348"/>
<String CONTENT="(Half-title:" HEIGHT="48" WIDTH="298" VPOS="3161" HPOS="1427"/>
<SP HEIGHT="41" WIDTH="36" VPOS="3162" HPOS="1726"/>
<String CONTENT="Macmillan" HEIGHT="41" WIDTH="280" VPOS="3162" HPOS="1763"/>
</TextLine>
<TextLine HEIGHT="52" WIDTH="1194" VPOS="3212" HPOS="68" CS="1">
<String CONTENT="surgical" HEIGHT="45" WIDTH="195" VPOS="3212" HPOS="68"/>
<SP HEIGHT="39" WIDTH="28" VPOS="3214" HPOS="264"/>
<String CONTENT="monographs." HEIGHT="46" WIDTH="332" VPOS="3217" HPOS="293"/>
<SP HEIGHT="41" WIDTH="25" VPOS="3216" HPOS="626"/>
<String CS="1" CONTENT="E."/>
<SP HEIGHT="41" WIDTH="28" VPOS="3216" HPOS="704"/>
<String CONTENT="C." HEIGHT="41" WIDTH="49" VPOS="3216" HPOS="733"/>
<SP HEIGHT="41" WIDTH="27" VPOS="3216" HPOS="783"/>
<String CONTENT="Cutler" HEIGHT="42" WIDTH="168" VPOS="3216" HPOS="811"/>
<SP HEIGHT="29" WIDTH="25" VPOS="3228" HPOS="980"/>
<String CS="1" CONTENT="&#8230;"/>
<SP HEIGHT="29" WIDTH="26" VPOS="3229" HPOS="1053"/>
<String CONTENT="editor)" HEIGHT="47" WIDTH="182" VPOS="3217" HPOS="1080"/>
</TextLine>
<TextLine HEIGHT="54" WIDTH="991" VPOS="3267" HPOS="132">
<String CONTENT="Bibliography" HEIGHT="51" WIDTH="337" VPOS="3267" HPOS="132"/>
<SP HEIGHT="34" WIDTH="27" VPOS="3283" HPOS="470"/>
<String CONTENT="at" HEIGHT="36" WIDTH="50" VPOS="3276" HPOS="498"/>
<SP HEIGHT="37" WIDTH="24" VPOS="3276" HPOS="549"/>
<String CONTENT="end" HEIGHT="38" WIDTH="90" VPOS="3275" HPOS="574"/>
<SP HEIGHT="38" WIDTH="24" VPOS="3275" HPOS="665"/>
<String CONTENT="of" HEIGHT="38" WIDTH="53" VPOS="3274" HPOS="690"/>
<SP HEIGHT="40" WIDTH="22" VPOS="3274" HPOS="744"/>
<String CONTENT="each" HEIGHT="39" WIDTH="116" VPOS="3275" HPOS="767"/>
<SP HEIGHT="38" WIDTH="25" VPOS="3275" HPOS="884"/>
<String CONTENT="chapter." HEIGHT="46" WIDTH="213" VPOS="3275" HPOS="910"/>
</TextLine>
<TextLine HEIGHT="61" WIDTH="1705" VPOS="3320" HPOS="72" CS="1">
<String CONTENT="&#169;" HEIGHT="53" WIDTH="48" VPOS="3320" HPOS="72"/>
<SP HEIGHT="53" WIDTH="23" VPOS="3320" HPOS="121"/>
<String CONTENT="June" HEIGHT="43" WIDTH="120" VPOS="3327" HPOS="145"/>
<SP HEIGHT="40" WIDTH="22" VPOS="3330" HPOS="266"/>
<String CONTENT="11," HEIGHT="42" WIDTH="66" VPOS="3330" HPOS="289"/>
<SP HEIGHT="40" WIDTH="27" VPOS="3332" HPOS="356"/>
<String CONTENT="1935;" HEIGHT="48" WIDTH="138" VPOS="3330" HPOS="384"/>
<SP HEIGHT="47" WIDTH="26" VPOS="3331" HPOS="523"/>
<String CONTENT="2c." HEIGHT="40" WIDTH="65" VPOS="3331" HPOS="550"/>
<SP HEIGHT="28" WIDTH="25" VPOS="3343" HPOS="616"/>
<String CONTENT="and" HEIGHT="39" WIDTH="95" VPOS="3333" HPOS="642"/>
<SP HEIGHT="39" WIDTH="26" VPOS="3333" HPOS="738"/>
<String CONTENT="aff." HEIGHT="40" WIDTH="79" VPOS="3332" HPOS="765"/>
<SP HEIGHT="39" WIDTH="30" VPOS="3333" HPOS="845"/>
<String CONTENT="June" HEIGHT="39" WIDTH="125" VPOS="3333" HPOS="876"/>
<SP HEIGHT="38" WIDTH="25" VPOS="3334" HPOS="1002"/>
<String CONTENT="12;" HEIGHT="47" WIDTH="81" VPOS="3332" HPOS="1028"/>
<SP HEIGHT="45" WIDTH="28" VPOS="3334" HPOS="1110"/>
<!-- cceid 8F2331C6-6D82-1014-B070-FDFD250A9EDA --><String CONTENT="A" HEIGHT="38" WIDTH="39" VPOS="3334" HPOS="1139"/>
<SP HEIGHT="39" WIDTH="25" VPOS="3334" HPOS="1179"/>
<String CS="1" CONTENT="84225;" HEIGHT="40" WIDTH="142" VPOS="3333" HPOS="1205"/>
<SP HEIGHT="45" WIDTH="29" VPOS="3336" HPOS="1375"/>
<String CONTENT="Macmillan" HEIGHT="40" WIDTH="280" VPOS="3334" HPOS="1405"/>
<SP HEIGHT="29" WIDTH="25" VPOS="3346" HPOS="1686"/>
<String CONTENT="co." HEIGHT="29" WIDTH="65" VPOS="3346" HPOS="1712"/>
</TextLine>
<TextLine HEIGHT="52" WIDTH="242" VPOS="3383" HPOS="146">
<String CONTENT="(35-8780)" HEIGHT="52" WIDTH="242" VPOS="3383" HPOS="146"/>
</TextLine>
</TextBlock>
<TextBlock ID="Page823_Block5" HEIGHT="548" WIDTH="1992" VPOS="3472" HPOS="62" LANG="en-US" CS="1" STYLEREFS="StyleId-8728D42C-2916-400E-BE29-2D5A10A1D59B-">
<TextLine HEIGHT="153" WIDTH="1078" VPOS="3483" HPOS="71" STYLEREFS="StyleId-6756E05F-B44F-404A-9B99-808B411F41C5-" CS="1">
<String CONTENT="Wiener," HEIGHT="69" WIDTH="236" VPOS="3483" HPOS="71"/>
<SP HEIGHT="61" WIDTH="29" VPOS="3491" HPOS="308"/>
<String CONTENT="Alexander" HEIGHT="55" WIDTH="331" VPOS="3489" HPOS="338"/>
<SP HEIGHT="53" WIDTH="26" VPOS="3493" HPOS="670"/>
<String CONTENT="Solomon," HEIGHT="65" WIDTH="286" VPOS="3491" HPOS="697"/>
<SP HEIGHT="57" WIDTH="32" VPOS="3499" HPOS="984"/>
<String CS="1" CONTENT="1907-Blood" HEIGHT="123" WIDTH="1011" VPOS="3494" HPOS="138"/>
<SP HEIGHT="69" WIDTH="56" VPOS="3565" HPOS="315"/>
<String CONTENT="groups" HEIGHT="51" WIDTH="210" VPOS="3585" HPOS="372"/>
<SP HEIGHT="34" WIDTH="56" VPOS="3588" HPOS="583"/>
<String CONTENT="and" HEIGHT="52" WIDTH="110" VPOS="3570" HPOS="640"/>
<SP HEIGHT="52" WIDTH="57" VPOS="3570" HPOS="751"/>
<String CONTENT="blood" HEIGHT="52" WIDTH="164" VPOS="3570" HPOS="809"/>
</TextLine>
<TextLine HEIGHT="67" WIDTH="1008" VPOS="3570" HPOS="1034" STYLEREFS="StyleId-6756E05F-B44F-404A-9B99-808B411F41C5-">
<String CONTENT="transfusion," HEIGHT="66" WIDTH="372" VPOS="3570" HPOS="1034"/>
<SP HEIGHT="65" WIDTH="56" VPOS="3571" HPOS="1407"/>
<String CONTENT="by" HEIGHT="66" WIDTH="75" VPOS="3571" HPOS="1464"/>
<SP HEIGHT="64" WIDTH="57" VPOS="3573" HPOS="1540"/>
<String CONTENT="Alexander" HEIGHT="53" WIDTH="327" VPOS="3573" HPOS="1598"/>
<SP HEIGHT="55" WIDTH="59" VPOS="3574" HPOS="1926"/>
<String CONTENT="S." HEIGHT="55" WIDTH="56" VPOS="3574" HPOS="1986"/>
</TextLine>
<TextLine HEIGHT="79" WIDTH="1969" VPOS="3636" HPOS="74" STYLEREFS="StyleId-6756E05F-B44F-404A-9B99-808B411F41C5-" CS="1">
<String CONTENT="Wiener" HEIGHT="58" WIDTH="216" VPOS="3636" HPOS="74"/>
<SP HEIGHT="34" WIDTH="43" VPOS="3662" HPOS="291"/>
<String CS="1" CONTENT="&#8230;"/>
<SP HEIGHT="55" WIDTH="77" VPOS="3645" HPOS="392"/>
<String CONTENT="Springfield," HEIGHT="69" WIDTH="368" VPOS="3645" HPOS="470"/>
<SP HEIGHT="66" WIDTH="38" VPOS="3648" HPOS="839"/>
<String CONTENT="Ill.," HEIGHT="67" WIDTH="113" VPOS="3648" HPOS="878"/>
<SP HEIGHT="65" WIDTH="40" VPOS="3650" HPOS="992"/>
<String CONTENT="Baltimore," HEIGHT="68" WIDTH="331" VPOS="3647" HPOS="1033"/>
<SP HEIGHT="65" WIDTH="38" VPOS="3650" HPOS="1365"/>
<String LANG="de" CONTENT="Md.," HEIGHT="65" WIDTH="138" VPOS="3650" HPOS="1404"/>
<SP HEIGHT="65" WIDTH="42" VPOS="3650" HPOS="1543"/>
<String CONTENT="C." HEIGHT="55" WIDTH="62" VPOS="3650" HPOS="1586"/>
<SP HEIGHT="54" WIDTH="42" VPOS="3651" HPOS="1649"/>
<String CONTENT="C." HEIGHT="54" WIDTH="61" VPOS="3651" HPOS="1692"/>
<SP HEIGHT="50" WIDTH="41" VPOS="3653" HPOS="1754"/>
<String CONTENT="Thomas" HEIGHT="52" WIDTH="247" VPOS="3652" HPOS="1796"/>
</TextLine>
<TextLine HEIGHT="67" WIDTH="111" VPOS="3720" HPOS="148" STYLEREFS="StyleId-6756E05F-B44F-404A-9B99-808B411F41C5-" CS="1">
<String CS="1" CONTENT="[1935]" HEIGHT="67" WIDTH="111" VPOS="3720" HPOS="148"/>
</TextLine>
<TextLine HEIGHT="57" WIDTH="1628" VPOS="3788" HPOS="140" CS="1">
<String CONTENT="xiv" HEIGHT="40" WIDTH="78" VPOS="3788" HPOS="140"/>
<SP HEIGHT="36" WIDTH="25" VPOS="3800" HPOS="219"/>
<String CONTENT="p.," HEIGHT="38" WIDTH="56" VPOS="3800" HPOS="245"/>
<SP HEIGHT="45" WIDTH="27" VPOS="3793" HPOS="302"/>
<String CONTENT="1" HEIGHT="38" WIDTH="23" VPOS="3793" HPOS="330"/>
<SP HEIGHT="38" WIDTH="29" VPOS="3793" HPOS="354"/>
<String CS="1" CONTENT="l.,"/>
<SP HEIGHT="41" WIDTH="28" VPOS="3794" HPOS="428"/>
<String CONTENT="220" HEIGHT="39" WIDTH="84" VPOS="3794" HPOS="457"/>
<SP HEIGHT="47" WIDTH="27" VPOS="3794" HPOS="542"/>
<String CS="1" CONTENT="p.,"/>
<SP/>
<String CS="1" CONTENT="1"/>
<SP/>
<String CS="1" CONTENT="l."/>
<SP HEIGHT="38" WIDTH="58" VPOS="3796" HPOS="740"/>
<String CONTENT="illus.." HEIGHT="42" WIDTH="143" VPOS="3796" HPOS="799"/>
<SP HEIGHT="39" WIDTH="27" VPOS="3799" HPOS="943"/>
<String CONTENT="tables" HEIGHT="38" WIDTH="154" VPOS="3797" HPOS="971"/>
<SP HEIGHT="48" WIDTH="26" VPOS="3796" HPOS="1126"/>
<String CONTENT="(1" HEIGHT="48" WIDTH="48" VPOS="3796" HPOS="1153"/>
<SP HEIGHT="38" WIDTH="29" VPOS="3797" HPOS="1202"/>
<String CONTENT="fold.)" HEIGHT="48" WIDTH="142" VPOS="3797" HPOS="1232"/>
<SP HEIGHT="47" WIDTH="38" VPOS="3798" HPOS="1375"/>
<String CONTENT="diagrs." HEIGHT="47" WIDTH="178" VPOS="3798" HPOS="1414"/>
<SP HEIGHT="39" WIDTH="57" VPOS="3799" HPOS="1593"/>
<String CONTENT="26" HEIGHT="39" WIDTH="56" VPOS="3799" HPOS="1651"/>
<String STYLE="superscript" CONTENT="cm" HEIGHT="21" WIDTH="43" VPOS="3801" HPOS="1710"/>
<String CONTENT="." HEIGHT="7" WIDTH="9" VPOS="3831" HPOS="1759"/>
</TextLine>
<TextLine HEIGHT="59" WIDTH="1005" VPOS="3843" HPOS="142">
<String CONTENT="&#8220;General" HEIGHT="45" WIDTH="224" VPOS="3843" HPOS="142"/>
<SP HEIGHT="39" WIDTH="31" VPOS="3850" HPOS="367"/>
<String CONTENT="bibliography&#8221;:" HEIGHT="49" WIDTH="388" VPOS="3849" HPOS="399"/>
<SP HEIGHT="37" WIDTH="32" VPOS="3863" HPOS="788"/>
<String CONTENT="p." HEIGHT="37" WIDTH="43" VPOS="3863" HPOS="821"/>
<SP HEIGHT="30" WIDTH="34" VPOS="3872" HPOS="865"/>
<String CONTENT="[209]-210." HEIGHT="49" WIDTH="247" VPOS="3853" HPOS="900"/>
</TextLine>
<TextLine HEIGHT="62" WIDTH="1967" VPOS="3895" HPOS="77" CS="1">
<String CONTENT="&#169;" HEIGHT="51" WIDTH="49" VPOS="3895" HPOS="77"/>
<SP HEIGHT="51" WIDTH="25" VPOS="3895" HPOS="127"/>
<String CONTENT="Feb." HEIGHT="42" WIDTH="103" VPOS="3901" HPOS="153"/>
<SP HEIGHT="39" WIDTH="24" VPOS="3904" HPOS="257"/>
<String CONTENT="28," HEIGHT="48" WIDTH="67" VPOS="3904" HPOS="282"/>
<SP HEIGHT="44" WIDTH="27" VPOS="3908" HPOS="350"/>
<String CONTENT="1935;" HEIGHT="48" WIDTH="138" VPOS="3906" HPOS="378"/>
<SP HEIGHT="45" WIDTH="30" VPOS="3909" HPOS="517"/>
<String CONTENT="2c." HEIGHT="39" WIDTH="67" VPOS="3909" HPOS="548"/>
<SP HEIGHT="38" WIDTH="27" VPOS="3910" HPOS="616"/>
<String CONTENT="June" HEIGHT="39" WIDTH="127" VPOS="3910" HPOS="644"/>
<SP HEIGHT="39" WIDTH="24" VPOS="3910" HPOS="772"/>
<String CS="1" CONTENT="3;" HEIGHT="39" WIDTH="24" VPOS="3910" HPOS="797"/>
<SP HEIGHT="36" WIDTH="29" VPOS="3921" HPOS="851"/>
<String CONTENT="aff." HEIGHT="40" WIDTH="80" VPOS="3910" HPOS="881"/>
<SP HEIGHT="39" WIDTH="32" VPOS="3911" HPOS="962"/>
<String CONTENT="June" HEIGHT="39" WIDTH="125" VPOS="3911" HPOS="995"/>
<SP HEIGHT="37" WIDTH="28" VPOS="3912" HPOS="1121"/>
<String CONTENT="4;" HEIGHT="45" WIDTH="53" VPOS="3912" HPOS="1150"/>
<SP HEIGHT="46" WIDTH="30" VPOS="3911" HPOS="1204"/>
<!-- cceid 8F23B378-6D82-1014-B070-FDFD250A9EDA --><String CONTENT="A" HEIGHT="38" WIDTH="42" VPOS="3911" HPOS="1235"/>
<SP HEIGHT="39" WIDTH="25" VPOS="3911" HPOS="1278"/>
<String CONTENT="83469;" HEIGHT="47" WIDTH="169" VPOS="3910" HPOS="1304"/>
<SP HEIGHT="45" WIDTH="33" VPOS="3912" HPOS="1474"/>
<String CONTENT="Charles" HEIGHT="40" WIDTH="201" VPOS="3912" HPOS="1508"/>
<SP HEIGHT="40" WIDTH="29" VPOS="3913" HPOS="1710"/>
<String CONTENT="C." HEIGHT="40" WIDTH="48" VPOS="3913" HPOS="1740"/>
<SP HEIGHT="39" WIDTH="31" VPOS="3913" HPOS="1789"/>
<String CONTENT="Thomas." HEIGHT="40" WIDTH="223" VPOS="3913" HPOS="1821"/>
</TextLine>
<TextLine HEIGHT="51" WIDTH="240" VPOS="3957" HPOS="150">
<String CONTENT="(35-8851)" HEIGHT="51" WIDTH="240" VPOS="3957" HPOS="150"/>
</TextLine>
</TextBlock>
<GraphicalElement ID="Page823_Block6" HEIGHT="332" WIDTH="6" VPOS="3254" HPOS="46"/>
</PrintSpace>
</Page>
</Layout>
</alto>