2424 4375
1131 4046 99 49 355

237 515 83 39 312
349 525 42 37 p.
450 514 144 40 19½cm.

167 584 52 52 ©
243 588 120 38 Mar.
391 586 38 44 8,
457 585 114 40 1935;
625 584 66 41 2c.
719 583 94 41 and
841 583 80 40 aff.
949 584 113 48 Apr.
1089 584 23 37 1;
1170 584 40 38 A
1238 582 146 41 82269;
1438 584 134 38 Penn
1599 583 109 48 pub.
1736 594 67 29 co.

245 642 247 49 (35-4527)

164 746 204 65 Miller,
397 745 249 53 Horatio
671 744 321 56 Hamilton.

233 824 346 66 Democracy
613 821 62 53 in
709 821 213 67 Idaho;
962 840 30 33 a
1031 821 171 67 study
1240 820 65 54 of
1340 825 147 49 state
1523 821 430 67 governmental
170 819 1963 149 problems,
362 901 76 67 by
481 899 249 54 Horatio
770 898 304 54 Hamilton
1116 898 211 53 Miller.
1404 902 86 49 1st
1533 898 85 53 ed.
1711 896 295 67 Caldwell,
2050 898 110 56 Id.,

169 980 117 52 The
315 978 223 55 Caxton
564 977 269 68 printers,
860 976 122 67 ltd.,
1010 979 150 50 1935.

238 1053 83 39 213
351 1062 41 37 p.
453 1050 103 40 fold.
602 1049 152 49 diagr.
815 1049 143 40 19½cm.

240 1107 346 48 Bibliography
612 1109 53 38 at
691 1107 91 39 end
812 1106 51 40 of
890 1106 117 39 each
1037 1105 213 46 chapter.

171 1174 51 53 ©
246 1178 108 39 Feb.
379 1177 39 46 8,
444 1175 115 42 1935;
611 1176 67 40 2c.
707 1176 96 39 and
826 1175 79 39 aff.
933 1175 111 39 Feb.
1070 1174 55 40 13;
1180 1174 41 39 A
1246 1173 146 41 79634;
1447 1174 189 40 Caxton
1662 1173 227 49 printers,
1917 1175 85 39 ltd.

247 1233 247 47 (35-4402)

170 1335 370 64 Mississippi.
615 1336 276 66 Supreme
923 1341 175 46 court.

244 1410 1915 70 Cases argued and decided … at the September term, 1933
175 1492 108 51 and
307 1490 199 52 March
530 1496 162 58 term,
718 1492 149 53 1934.
925 1508 50 33 v.
1005 1493 114 48 169.
1181 1490 290 67 Deported
1494 1490 75 67 by
1592 1490 174 55 Louis
1789 1492 81 51 M.
1895 1490 262 69 Jiggitts.

175 1567 311 67 Columbia,
509 1569 133 65 Mo.,
668 1569 66 51 E.
760 1568 90 53 W.
876 1566 279 69 Stephens
1179 1568 336 68 publishing
1540 1587 97 49 co.,
1664 1570 150 52 1934.

237 1643 95 46 xiv,
360 1640 116 40 1008
502 1651 42 37 p.
601 1640 115 39 23cm.

172 1708 51 53 ©
252 1712 124 47 Sept.
404 1711 68 46 13,
498 1709 115 41 1934;
667 1708 67 41 2c.
763 1710 113 47 Apr.
904 1709 39 47 8,
970 1707 114 42 1935;
1141 1708 81 40 aff.
1250 1710 121 39 Mar.
1401 1709 58 41 28;
1513 1710 43 38 A
1580 1708 147 42 82409;
1783 1710 198 41 Central
2009 1713 153 38 states

238 1769 121 40 book
386 1778 82 36 co.,
495 1767 265 44 Columbia,
790 1767 91 39 Mo.

172 1871 216 63 Monot,
415 1869 205 55 Henri.

346 1945 1815 69 … Charlieu; avec 82 illustrations en heliogravure, d’après
174 2025 75 53 les
288 2024 201 52 clichés
527 2022 305 68 originaux
870 2023 68 53 de
974 2042 74 33 m.
1087 2023 66 53 F.
1193 2023 220 53 Jolivet
1449 2029 56 47 et
1541 2023 69 54 de
1647 2043 74 33 m.
1757 2022 180 54 l’abbé
1975 2024 180 54 Henri

174 2099 1978 71 Monot; préface de m. le docteur Vitaut … Roanne (Loire)
174 2179 62 52 L.
269 2178 327 59 Lauxerois,
630 2180 152 50 1934.

245 2252 25 39 3
294 2261 41 37 p.
395 2280 9 16 l.,
429 2250 53 40 62
507 2261 58 37 p.,
590 2250 29 40 5
661 2281 8 7 l.
721 2249 163 48 front.,
910 2247 58 43 80
988 2249 62 48 pl.
1076 2260 61 29 on
1161 2247 61 43 40
1264 2280 9 8 l.
1327 2248 118 42 24cm.

244 2306 416 49 “Bibliographie”
679 2317 9 29 :
716 2306 102 40 leaf
845 2309 53 38 at
925 2307 104 39 end.

177 2374 1934 53 © Nov. 20, 1934; 1c. Feb. 12, 1935; A-Foreign 26889; L. Lauxerois.
253 2434 247 50 (35-4560)

176 2537 169 66 Muir,
372 2537 287 64 Malcolm,
688 2541 170 51 1885-

247 2616 187 53 Trade
468 2614 365 55 associations
866 2613 112 54 and
1013 2612 135 55 code
1181 2609 338 59 authorities
1552 2633 60 35 as
1647 2633 72 35 an
1753 2615 249 69 integral
2038 2625 129 61 part

180 2690 1987 69 of business management, by Malcolm Muir … New York,
182 2770 68 53 N.
276 2770 91 67 Y.,
391 2769 307 53 American
720 2773 399 63 management
1146 2768 339 54 association
1514 2772 193 65 [c1934]

249 2844 57 41 23
346 2854 44 43 p.
449 2842 116 41 23cm.
629 2840 269 50 [American
942 2842 340 45 management
1324 2840 310 42 association.
1697 2842 205 40 General
182 2855 1969 85 management
337 2898 163 41 series.
561 2897 53 42 G.
644 2898 62 39 M.
735 2897 100 49 124]

254 2955 288 40 “Presented
577 2957 53 38 at
663 2955 84 39 the
778 2952 55 41 A.
869 2953 62 40 M.
965 2952 53 40 A.
1056 2953 181 39 annual
1273 2952 207 41 General
1515 2957 338 45 management
1886 2957 283 43 conference

184 3012 110 41 held
330 3015 54 38 at
419 3012 81 40 the
538 3011 146 40 Hotel
721 3007 372 50 Pennsylvania,
1130 3008 118 41 New
1284 3009 145 48 York,
1469 3011 114 47 May
1619 3010 57 40 24
1714 3013 95 40 and
1846 3012 70 49 25,
1956 3012 157 43 1934.”

252 3067 307 42 Discussions
577 3077 10 30 :
616 3077 43 38 p.
687 3064 129 43 9-23.

182 3134 51 53 ©
260 3139 118 47 Aug.
405 3139 41 47 3,
474 3136 114 42 1934;
644 3137 68 39 2c.
743 3136 95 39 and
868 3135 79 40 aff.
978 3136 119 47 Aug.
1128 3136 53 47 7;
1212 3136 41 39 A
1280 3135 172 48 74485;
1485 3137 158 41 Amer.
1674 3145 338 42 management
2042 3152 126 32 assn.

259 3194 248 50 (35-4462)

184 3297 275 53 National
488 3296 225 64 society
742 3296 97 52 for
867 3296 102 53 the
999 3296 182 63 study
1210 3296 63 52 of
1303 3296 328 58 education.

186 3373 1982 155 The thirty-fourth yearbook … Educational diagnosis, prepared by the society’s Committee on educational diagnosis,
186 3528 111 53 Leo
338 3532 53 52 J.
435 3528 324 53 Brueckner
811 3527 374 68 (chairman),
1228 3528 131 67 Guy
1401 3532 64 50 T.
1509 3532 266 68 Buswell,
1814 3535 250 56 Willard
2106 3541 62 55 C.

189 3604 1981 79 Olson … [and others] assisted by members of the society and
188 3681 1965 81 others. Edited by Guy Montrose Whipple … Bloomington
187 3761 89 51 Ill.,
324 3760 200 55 Public
553 3760 189 52 school
770 3758 335 68 publishing
1133 3777 278 49 company
1488 3764 151 64 [c1935]

257 3845 43 29 X.
329 3833 82 40 563
438 3844 42 36 p.
535 3832 177 46 diagrs.
770 3830 114 39 22cm.

191 3885 51 52 ©
263 3889 107 40 Feb.
395 3890 41 45 4,
461 3887 113 40 1935;
628 3887 67 40 2c.
718 3887 122 39 Mar.
865 3887 24 38 1;
943 3885 81 40 aff.
1050 3885 113 48 Apr.
1187 3886 29 40 3;
1268 3886 41 39 A
1335 3886 146 42 82416;
1534 3888 107 50 Guy
1665 3893 246 43 Montrose
1937 3888 236 63 Whipple,

257 3948 244 44 secretary
528 3943 52 40 of
605 3944 83 39 the
715 3953 106 32 soc.,
851 3942 199 47 Clifton,
1077 3943 146 39 Mass.
