2424 4375
1334 4056 101 54 874

380 423 122 53 The
536 424 147 52 book
721 424 63 52 of
819 426 95 51 the
948 425 529 67 sesqui-centennial
1514 424 64 54 of
1613 425 305 54 American
1954 426 344 54 Methodism

452 501 323 54 Continued

451 577 348 69 conference,
840 577 160 69 1784;
1042 577 199 55 official
1280 584 221 63 reports
1541 581 114 52 and
1695 579 307 67 addresses,
2043 577 328 70 Baltimore,

449 656 329 68 Maryland,
818 655 243 56 October
1098 659 186 65 10-14,
1325 659 149 50 1934.
1550 657 198 53 Frank
1783 656 81 53 M.
1899 657 254 68 Liggett,
2192 657 177 54 editor

453 733 1238 69 and publisher. Baltimore, Md. [ c 1935]
452 808 87 40 192
570 818 40 38 p.
673 807 54 40 23
731 809 44 21 cm
779 838 9 9 .

455 863 461 49 Sesqui-centennial
959 863 294 41 celebration
1293 863 111 41 held
1446 864 152 40 under
1639 863 81 42 the
1762 863 220 49 auspices
2023 863 50 40 of
2117 865 79 39 the
2239 865 126 39 Joint

382 920 305 40 commission
718 920 52 40 of
799 922 79 38 the
910 919 454 49 sesqui-centennial
1396 920 52 41 of
1476 919 255 42 American
1765 918 305 42 Methodism.

387 986 52 53 ©
474 990 109 40 Feb.
617 989 68 48 20,
722 991 140 45 1935;
898 990 65 39 2c.
1000 990 95 39 and
1130 1000 81 29 aff.
1250 991 122 38 Mar.
1410 988 52 48 9;
1500 990 40 39 A
1576 988 169 48 79967;
1785 989 157 41 Amer.
1982 987 261 42 Methodist
451 990 1902 97 historical
654 1058 106 35 soc.,
794 1046 279 40 Baltimore.
1143 1046 250 48 (35-9198)

388 1150 197 66 [Coast
613 1150 268 63 artillery
910 1150 253 67 journal]

453 1228 122 51 The
599 1229 66 51 R.
692 1227 66 55 O.
786 1230 64 50 T.
876 1229 62 55 C.
962 1230 247 50 manual.
1272 1228 173 55 Coast
1470 1226 273 68 artillery.
1806 1226 313 53 Advanced
2167 1245 51 34 [v.
2246 1230 46 63 1,
2316 1230 46 63 2]

384 1307 95 50 6th
505 1306 83 51 ed.
649 1307 55 51 A
728 1305 267 53 textbook
1020 1305 94 52 for
1138 1306 94 51 the
1257 1306 243 51 Reserve
1525 1302 222 55 officers’
1772 1304 257 69 training
2054 1322 161 51 corps
384 1306 1962 130 (Includes
610 1386 77 50 all
722 1383 277 53 technical
1036 1384 242 67 changes
1314 1390 58 46 to
1408 1383 155 67 May,
1602 1383 160 68 1935)
1844 1383 376 68 Harrisburg,
2256 1385 114 65 Pa.,

381 1460 265 68 Military
679 1459 208 55 service
920 1461 337 68 publishing
1285 1479 279 50 company
1602 1495 11 33 [
1620 1468 17 21 c
1643 1464 151 64 1935]

455 1534 28 39 2
508 1546 41 28 v.
575 1534 49 39 in
652 1534 38 39 1.
746 1533 126 40 illus.
901 1534 132 47 (incl.
1063 1536 160 46 maps)
1260 1534 178 48 diagrs.
1494 1535 56 38 24½
1583 1536 43 21 cm
1631 1566 8 8 .

387 1600 52 52 ©
468 1605 115 46 July
611 1604 67 46 10,
707 1604 139 45 1935;
872 1605 64 38 2c.
966 1605 95 38 and
1087 1604 82 39 aff.
1198 1605 114 46 July
1337 1604 81 46 24;
1449 1605 40 37 A
1516 1604 169 46 85166;
1716 1604 222 47 Military
1965 1603 182 41 service
2174 1604 106 48 pub.
2305 1615 61 29 co.

385 1722 518 54 Electrochemical
932 1722 242 64 society.

383 1799 1984 147 Transactions … Volume 67. Sixty-seventh general meeting, New Orleans, La., March 21, 22, 23, 1935. New York City,
383 1956 122 52 The
533 1955 500 55 Electrochemical
1059 1956 228 67 society,
1315 1956 125 59 inc.,
1473 1960 148 50 1935.

456 2029 102 48 xiii,
583 2028 98 48 382,
724 2029 41 49 [4]
795 2039 40 38 p.
889 2029 135 41 front.
1066 2028 172 50 (port.)
1272 2028 114 40 illus.,
1443 2028 178 49 diagrs,
1675 2029 54 41 23½
1763 2031 43 21 cm
1813 2060 7 8 .

388 2095 52 53 ©
465 2099 115 48 July
603 2099 68 47 25,
697 2097 139 48 1935;
864 2099 66 41 2c.
957 2100 94 39 and
1080 2099 80 40 aff.
1188 2099 115 48 July
1327 2099 81 47 26;
1435 2100 41 38 A
1500 2097 170 48 85193;
1698 2098 427 41 Electrochemical
2152 2107 106 38 soc.,
2282 2098 85 40 inc.

387 2253 428 67 Encyclopedia
847 2258 62 53 of
942 2259 306 52 American
1280 2259 336 67 biography.
1689 2258 137 53 New
1859 2258 185 54 series.
2120 2258 249 66 [Volume

456 2338 48 63 3]
581 2336 200 53 Under
816 2337 93 51 the
945 2335 266 55 editorial
1247 2336 277 53 direction
1561 2335 62 54 of
1658 2333 273 57 Winfield
1970 2338 162 54 Scott
2164 2336 203 52 Downs

455 2412 60 52 in
555 2413 336 53 association
930 2413 141 53 with
1110 2433 30 33 a
1179 2414 227 53 notable
1446 2413 267 69 advisory
1750 2413 194 54 board.
2019 2414 138 53 New
2196 2407 172 71 York,

461 2492 122 50 The
606 2493 304 51 American
937 2491 294 55 historical
1257 2493 227 65 society,
1510 2495 126 63 inc.,
1665 2495 148 49 1935.

459 2565 26 38 2
513 2575 40 37 p.
616 2595 8 16 l.,
650 2564 89 39 427
763 2574 41 38 p.
859 2564 163 47 front.,
1047 2566 170 46 plates,
1243 2567 148 45 ports.
1446 2564 58 40 27½
1534 2567 44 20 cm
1584 2596 7 8 .

391 2616 52 53 ©
469 2622 113 46 May
606 2621 67 46 15,
699 2621 140 45 1935;
867 2621 65 39 2c.
961 2622 116 47 July
1103 2621 81 47 20;
1214 2620 80 41 aff.
1321 2621 119 48 July
1462 2621 51 46 1;
1542 2622 41 38 A
1606 2619 169 48 85123;
1803 2620 157 40 Amer.
1988 2617 252 43 historical
2267 2627 99 38 soc.,

460 2677 87 41 inc.

389 2777 122 52 The
554 2777 409 64 encyclopedia
1007 2777 63 54 of
1114 2778 218 55 United
1380 2780 185 56 States
1615 2777 274 68 Supreme
1934 2783 161 48 court
2139 2780 226 64 reports.

457 2856 344 52 Permanent
836 2857 371 66 supplement.
1281 2858 187 66 Being
1503 2875 30 33 a
1569 2857 277 66 complete
1879 2853 395 70 encyclopedia
2309 2851 57 53 of

463 2934 78 52 all
564 2933 97 53 the
691 2951 125 34 case
843 2934 107 51 law
980 2933 62 52 of
1071 2934 98 52 the
1198 2933 219 54 federal
1450 2934 275 67 Supreme
1754 2938 161 48 court
1944 2933 153 54 from
2127 2934 240 50 volumes

466 3011 101 53 207
605 3015 58 47 to
703 3012 118 64 290,
859 3011 290 66 inclusive,
1189 3011 63 53 of
1292 3012 96 51 the
1426 3012 71 54 U.
1541 3012 55 54 S.
1642 3011 275 67 Supreme
1954 3015 162 48 court
2153 3012 211 64 reports

471 3087 197 66 (52-78
697 3087 282 68 Lawyers’
1008 3088 215 54 edition
1252 3088 112 52 and
1392 3091 173 50 28-54
1596 3089 272 66 Supreme
1896 3094 162 48 court
2085 3084 271 71 reporter);

461 3165 199 54 Under
698 3167 96 52 the
831 3165 264 53 editorial
1133 3166 356 67 supervision
1528 3166 63 52 of
1629 3167 70 52 A.
1738 3167 248 51 Hewson
2024 3164 226 67 Michie,
462 3181 1881 114 assisted
666 3244 74 65 by
772 3244 206 52 Beirne
1012 3244 272 55 Stedman
1316 3244 112 53 and
1462 3243 165 56 Chas.
1658 3245 89 54 W.
1784 3244 239 54 Sublett.
2090 3243 220 54 volume
2336 3241 31 50 4

520 3319 1586 68 … Charlottesville, Va., The Michie company, 1935.
464 3392 48 40 vi
539 3405 57 36 p.,
625 3393 23 38 1
696 3424 24 15 l.,
746 3392 84 40 554
857 3404 40 37 p.
952 3392 54 40 26
1010 3394 44 22 cm
1060 3424 7 9 .

393 3444 52 53 ©
475 3448 128 41 June
630 3450 69 46 17,
727 3448 116 40 1935;
895 3449 66 40 2c.
990 3450 94 39 and
1113 3448 80 40 aff.
1225 3449 129 39 June
1378 3447 82 47 20;
1490 3449 41 38 A
1560 3448 169 46 83713;
1761 3446 179 42 Michie
1963 3456 67 31 co.

392 3546 300 66 Fanciulli,
728 3548 307 64 Giuseppe,
1071 3555 168 48 1881-

390 3621 1950 148 … Alza bandiera! Romanzo per ragazzi … 4. ed. illustrata. Firenze, R. Bemporad & f°. [1934]
462 3770 1901 52 4 p. l., [7]-234 p., 1 l. col. front., 1 illus., col. plates. 22 cm . (On cover:
391 3826 23 38 I
446 3827 112 39 libri
589 3828 108 40 dell’
717 3828 284 42 ardimento.
1064 3839 57 39 [n.
1152 3829 69 49 2])

464 3882 173 42 “Libro
662 3883 233 42 vincitore
924 3885 77 40 del
1027 3895 228 29 concorso
1280 3884 199 40 bandito
1506 3884 78 39 dal
1615 3884 49 39 P.
1692 3883 54 39 N.
1775 3883 78 39 F.”

393 3933 1966 55 © Nov. 30, 1934; 1c. Mar. 20, 1935; A-Foreign 27336; R. Bemporad & f°.
471 3993 248 51 (35-9269)
