2526 4384
1305 4042 98 52 176

370 444 130 55 Von
525 444 318 67 Stroheim,
871 444 198 67 Erich,
1100 450 168 51 1885-

371 536 1961 148 Paprika, by Erich von Stroheim. New York, The Macaulay company [ c 1935]
443 701 88 42 356
557 713 43 37 p.
660 701 57 41 19½
748 704 44 22 cm
798 735 8 8 .

373 771 51 52 ©
451 775 110 40 Feb.
589 774 69 46 25,
686 773 141 48 1935;
856 773 67 40 2c.
951 774 97 39 and
1077 774 78 38 aff.
1185 773 109 41 Feb.
1324 773 82 47 28;
1437 775 41 38 A
1507 774 170 47 80640;
1709 776 52 38 E.
1790 785 92 30 von
1914 775 254 49 Stroheim,
435 778 1916 101 Brentwood,
617 831 142 42 Calif.
831 830 252 50 (35-3049)

365 949 308 64 Waxman,
702 949 236 54 Samuel
966 948 363 64 Montefiore,
1360 954 170 49 1895-

436 1040 56 53 A
517 1039 409 69 bibliography
952 1039 64 53 of
1041 1039 94 53 the
1160 1039 393 54 belles-lettres
1580 1040 64 54 of
1670 1041 336 67 Venezuela,
2033 1042 76 67 by
2136 1040 228 56 Samuel

365 1116 1977 149 Montefiore Waxman … Cambridge, Mass., Harvard university press, 1935.
438 1284 84 48 xii,
561 1283 87 40 145
685 1294 42 37 p.
795 1283 56 40 23½
885 1285 44 21 cm
933 1315 9 9 .
1020 1282 299 49 (Half-title:
1356 1282 390 49 Bibliographies
1785 1283 52 41 of
1877 1283 485 47 Spanish-American

367 1341 283 48 literature)

438 1413 264 40 Published
746 1412 61 47 by
853 1413 83 39 the
980 1412 230 40 Harvard
1254 1411 187 41 council
1486 1423 60 29 on
1590 1412 501 48 Hispano-American
2134 1414 199 41 studies.

367 1470 63 49 cf.
459 1469 131 41 Pref.
620 1469 52 42 of
699 1470 84 40 the
811 1468 224 41 director.

439 1525 442 49 “Bibliographical
907 1523 250 43 sources”:
1185 1537 43 37 p.
1257 1526 129 49 [1]-3.
1442 1524 332 42 “Venezuelan
1799 1525 347 50 periodicals”:
2174 1539 43 37 p.
365 1528 1995 96 [18]-23.

368 1649 52 53 ©
447 1654 108 39 Jan.
581 1654 69 46 14,
676 1652 141 48 1935;
844 1653 65 39 2c.
937 1653 110 39 Feb.
1074 1653 49 45 7;
1152 1652 81 40 aff.
1260 1653 108 38 Jan.
1393 1652 82 47 18;
1505 1653 39 38 A
1570 1652 171 48 80352;
1769 1653 255 42 President
2051 1656 94 38 and
2172 1656 189 39 fellows

434 1711 52 40 of
514 1711 230 39 Harvard
776 1711 191 46 college,
1000 1708 301 49 Cambridge,
1334 1710 146 39 Mass.
1552 1709 250 48 (35-2805)

362 1828 371 64 Weybright,
761 1827 224 56 Victor.

434 1919 294 67 Spangled
753 1920 242 65 banner;
1022 1918 96 54 the
1141 1923 159 63 story
1322 1918 64 54 of
1410 1919 239 53 Francis
1676 1919 161 55 Scott
1859 1920 130 67 Key
2035 1920 93 67 [by]
2158 1921 199 52 Victor

363 1996 359 68 Weybright.
783 1998 141 51 New
952 1994 179 68 York,
1157 1996 217 53 Farrar
1400 1999 47 50 &
1471 1996 300 67 Rinehart,
1795 1998 109 52 inc.
1937 2030 13 34 [
1955 2003 18 21 c
1977 2001 134 49 1935
2118 2031 12 33 ]

431 2082 65 48 xi,
524 2081 86 42 307
636 2092 41 38 p.
735 2081 165 48 front.,
929 2081 127 41 illus.
1086 2081 236 48 (facsim.)
1387 2081 56 39 21½
1476 2083 45 22 cm
1524 2111 9 10 .

432 2154 289 40 Illustrated
749 2156 96 46 t.-p.

431 2211 375 48 Bibliography:
840 2222 42 37 p.
914 2209 216 42 291-295.

364 2279 51 53 ©
441 2283 111 41 Feb.
575 2284 39 47 7,
638 2282 118 42 1935;
805 2282 66 42 2c.
899 2282 109 41 Feb.
1034 2281 52 48 9;
1113 2282 79 41 aff.
1220 2282 109 41 Feb.
1356 2282 51 47 8;
1435 2282 40 39 A
1499 2281 168 48 79601;
1696 2283 50 39 V.
1774 2282 298 49 Weybright,
2099 2281 256 49 Peekskill,

429 2341 57 40 N.
516 2341 52 38 Y.
640 2340 250 48 (35-2474)

358 2442 259 66 Winger,
647 2443 173 65 Otho,
852 2444 170 54 1877-

430 2534 122 52 The
581 2535 112 51 last
719 2533 64 53 of
812 2533 95 53 the
937 2533 252 68 Miamis,
1218 2533 74 68 by
1325 2532 154 55 Otho
1508 2532 256 69 Winger.
1830 2532 95 53 Me
1960 2531 146 56 Shin
2140 2532 87 55 Go
2258 2532 96 53 Me

360 2609 118 69 Sia,
512 2613 95 50 the
641 2612 110 51 last
783 2611 175 52 tribal
993 2610 153 53 chief
1179 2610 64 53 of
1278 2612 95 51 the
1406 2610 249 53 Miamis.
1736 2610 205 67 [North
1975 2610 377 67 Manchester,

357 2688 148 68 Ind.,
537 2695 18 21 c
560 2692 133 49 1935]

425 2772 71 50 38,
530 2774 39 50 [2]
616 2784 43 38 p.
720 2773 128 41 illus.
877 2774 132 48 (incl.
1037 2774 173 48 ports.)
1279 2772 55 40 21
1339 2775 43 21 cm
1387 2807 8 8 .

361 2842 51 52 ©
445 2847 110 39 Feb.
585 2845 40 48 9,
657 2845 140 47 1935;
828 2846 66 39 2c.
927 2848 96 38 and
1054 2846 79 39 aff.
1167 2846 110 39 Feb.
1310 2846 81 46 11;
1425 2846 39 38 A
1497 2844 170 48 79610;
1703 2846 51 40 O.
1787 2846 210 47 Winger,
2029 2846 155 39 North
426 2847 1908 103 Manchester,
659 2904 105 38 Ind.
835 2902 249 50 (35-2691)

357 3007 203 63 Yates,
589 3006 149 63 Kyle
766 3008 257 63 Monroe,
1055 3013 167 48 1895-

427 3092 1922 71 From Solomon to Malachi [by] Kyle M. Yates … Nashville,
354 3172 200 69 Tenn.,
580 3173 123 51 The
731 3170 239 71 Sunday
997 3173 189 52 school
1214 3172 179 52 board
1422 3171 64 54 of
1511 3173 97 50 the
1640 3170 286 55 Southern
1957 3170 232 70 Baptist
357 3188 1965 115 convention
619 3284 13 34 [
637 3257 18 21 c
661 3253 150 63 1934]

427 3338 84 41 109
537 3350 41 37 p.
635 3339 125 39 illus.
791 3338 184 48 (maps)
1040 3337 53 41 19
1096 3340 44 22 cm
1145 3370 8 8 .
1220 3338 97 49 (On
1344 3347 163 31 cover:
1534 3337 348 49 Bibliography.
1952 3337 124 40 book
2100 3337 52 49 3)

428 3409 374 47 Bibliography:
833 3420 42 36 p.
906 3409 96 40 109.

359 3461 51 52 ©
441 3467 109 39 Dec.
580 3467 39 45 7,
649 3465 113 40 1934;
820 3465 65 39 2c.
917 3466 106 38 Jan.
1055 3465 68 47 22,
1152 3464 140 47 1935;
1324 3464 82 40 aff.
1436 3466 108 38 Jan.
1575 3464 50 38 21;
1687 3465 43 37 A
1756 3464 167 45 79316;
1959 3464 196 47 Sunday
2185 3459 161 44 school

425 3523 150 39 board
603 3523 51 40 of
682 3524 81 38 the
794 3523 241 39 Southern
1063 3522 194 47 Baptist
1287 3521 297 40 convention.
1657 3520 249 47 (35-2630)

355 3623 1990 69 The … year book of pediatrics [1934] Edited by Isaac A. Abt
487 3701 1855 67 … with the collaboration of Arthur F. Abt … Chicago, The
421 3779 1348 68 Year book publishers, incorporated [ c 1935]
423 3868 83 39 541
537 3878 42 36 p.
636 3866 142 46 illus.,
810 3865 179 46 diagrs.
1049 3865 54 39 18½
1135 3868 45 20 cm
1183 3897 7 6 .
1262 3866 125 47 (The
1416 3865 243 39 Practical
1691 3863 234 41 medicine
1957 3873 116 37 year
2105 3863 171 47 books)

357 3931 51 52 ©
434 3937 109 38 Jan.
565 3935 69 48 22,
658 3936 117 40 1935;
824 3936 65 39 2c.
915 3936 108 39 Jan.
1048 3934 80 46 26;
1156 3935 80 39 aff.
1261 3935 107 39 Jan.
1393 3935 82 44 25;
1501 3935 41 37 A
1564 3932 169 47 79376;
1759 3933 130 39 Year
1908 3933 125 38 book
2054 3929 286 50 publishers,

426 3993 87 39 inc.
