2424 4375
1296 4041 99 50 866

363 413 342 55 California.
779 416 242 52 District
1048 420 186 47 courts
1263 414 64 66 of
1352 414 222 66 appeal.

434 493 244 65 Reports
711 493 62 51 of
806 511 148 34 cases
987 491 349 53 determined
1376 533 54 10 …
1469 491 152 52 from
1652 492 308 52 December
1994 494 81 61 11,
2110 495 149 60 1934,
2291 497 55 47 to

358 572 262 64 January
654 573 80 55 18,
768 573 146 49 1935.
982 569 307 67 Randolph
1321 570 71 52 V.
1422 568 282 68 Whiting,
1735 572 283 64 reporter;
2051 570 201 65 Henry
2283 570 61 52 F.

362 647 276 68 Wrigley,
676 648 256 54 William
968 650 63 50 F.
1069 650 297 64 Traverso,
1401 648 146 52 Wm.
1585 644 338 68 Nankervis,
1957 647 89 67 jr.,
2084 645 262 56 assistant

360 733 298 60 reporters.
725 727 239 51 Volume
995 729 30 47 3
1059 725 127 66 (2d)
1267 724 117 56 San
1416 726 321 64 Francisco,
1770 725 576 68 BancroftWbitney

364 823 295 49 company,
692 807 147 49 1935.

427 890 165 41 xxxvi.
619 889 88 41 003
731 901 39 37 p.
832 890 55 38 22½
920 892 42 21 cm
969 922 8 7 .

361 957 53 53 ©
437 962 114 46 July
577 961 66 46 10,
669 961 111 40 1935;
835 959 64 42 2c.
928 962 93 39 and
1049 960 81 40 aff.
1155 962 115 47 July
1294 960 55 39 22;
1404 961 39 38 A
1470 961 142 40 85111;
1668 959 485 48 Bancroft-Whitney
2179 970 65 30 co.

360 1079 179 63 Colby
569 1079 233 66 college,
836 1079 344 66 Waterville,
1209 1083 109 51 Me.
1393 1082 154 65 Dept.
1596 1080 63 66 of
1686 1079 262 68 English.

427 1168 182 69 Colby
643 1174 157 47 notes
835 1187 71 35 on
942 1170 116 51 Far
1096 1169 151 52 from
1281 1169 94 52 the
1412 1169 279 69 madding
1725 1169 206 66 crowd,
1967 1169 74 68 by
2075 1167 271 53 members

357 1247 63 51 of
446 1247 92 52 the
565 1247 141 52 class
734 1247 60 52 in
821 1246 281 70 “English
1130 1245 102 54 30”
1261 1252 58 47 at
1346 1246 181 70 Colby
1554 1246 227 69 college,
1810 1246 187 53 edited
2024 1247 74 68 by
2129 1245 134 55 Carl
2290 1246 53 55 J.

362 1324 214 53 Weber.
651 1324 350 68 Waterville,
1037 1325 129 67 Me.,
1203 1324 379 68 Department
1618 1325 63 52 of
1719 1324 263 69 English,
2022 1323 180 70 Colby
358 1325 1964 144 college,
527 1406 150 49 1935.

429 1492 54 40 63
511 1502 42 37 p.
581 1491 106 41 incl.
717 1492 147 39 front.
893 1490 171 49 (port.)
1102 1491 125 40 illus.
1282 1491 57 39 22½
1371 1493 43 21 cm
1421 1523 8 7 .

360 1558 53 53 ©
440 1564 112 46 May
579 1563 70 43 24,
675 1561 112 41 1935;
844 1563 65 39 2c.
939 1562 128 39 June
1090 1564 24 37 1;
1171 1560 83 42 aff.
1284 1563 111 46 May
1422 1563 56 38 27;
1535 1562 40 39 A
1603 1562 142 40 84053;
1804 1562 49 41 C.
1882 1563 43 39 J.
1953 1563 183 47 Weber,
433 1563 1897 103 Waterville,
592 1621 88 37 Me.
752 1620 248 46 (35-9145)

362 1720 325 65 Crawford,
717 1721 257 54 Thomas
1002 1720 261 66 Dwight,
1296 1728 169 48 1860-

434 1801 56 51 A
517 1799 183 67 digest
729 1800 62 52 of
818 1800 95 53 the
941 1800 276 53 decisions
1245 1799 62 54 of
1335 1800 93 52 the
1459 1800 274 68 Supreme
1760 1805 161 47 court
1948 1800 63 52 of
2039 1800 305 66 Arkansas,

362 1878 263 66 reported
661 1877 59 52 in
754 1878 94 51 the
881 1877 293 53 Arkansas
1206 1883 237 61 reports,
1477 1880 250 51 volumes
1764 1882 99 48 182
1897 1883 59 47 to
1993 1881 115 63 189,
2143 1878 111 52 and
2288 1877 58 53 in

366 1953 424 56 Southwestern
829 1961 271 61 reporter,
1139 1957 250 52 volumes
1426 1958 65 50 29
1529 1961 58 48 to
1625 1958 83 53 76.
1746 1959 200 52 second
1986 1957 185 64 series,
2209 1957 133 52 with

363 2034 152 52 table
548 2034 62 53 of
644 2053 148 35 cases
826 2031 254 69 digested
1117 2034 111 52 and
1261 2053 150 34 cases
1444 2035 314 53 overruled.
1828 2037 89 64 By
1952 2037 63 51 T.
2050 2037 70 51 D.
359 2035 1960 129 Crawford
527 2155 54 8 …

651 2112 360 54 Cumulative
1038 2113 374 66 supplement.
1477 2111 82 55 St.
1586 2113 191 64 Louis,
1805 2114 132 63 Mo.,
1967 2114 245 54 Thomas
2238 2115 104 52 law

362 2190 146 54 book
535 2208 296 49 company,
862 2192 149 51 1935.

430 2277 548 48 1 p. l., 761 p. 25½ cm .
361 2344 53 53 ©
445 2349 116 46 July
591 2348 68 44 10,
695 2345 113 43 1935;
871 2348 52 39 2c.
970 2348 118 47 July
1119 2341 53 45 12;
1236 2347 80 40 aff.
1355 2348 118 47 July
1505 2347 56 41 13;
1622 2348 41 39 A
1696 2347 143 41 84605;
1902 2349 51 39 T.
1989 2349 56 39 D.
2080 2348 261 48 Crawford,

432 2404 147 41 Little
611 2406 143 45 Rock,
787 2405 112 39 Ark.

359 2507 260 63 Hallock,
650 2508 222 53 Gerard
902 2507 315 64 Benjamin
1245 2508 181 63 Fleet,
1458 2513 169 50 1856-

432 2586 136 52 Best
605 2585 234 54 modern
878 2582 408 70 illustrations;
1331 2604 31 34 a
1404 2585 356 54 one-volume
1797 2585 218 69 library
2057 2586 64 54 of
2162 2586 181 54 choice

361 2663 312 66 anecdotes,
711 2662 297 68 incidents,
1043 2662 373 68 experiences,
1453 2663 208 67 myths,
1701 2663 201 67 fables,
1937 2664 247 67 legends,
360 2681 1961 126 suggestions

650 2739 151 53 from
840 2739 229 68 science,
1107 2744 108 62 art,
1251 2739 312 68 invention,
1597 2740 183 53 travel
1822 2739 112 55 and
1975 2740 367 68 exploration,

361 2818 111 53 and
498 2818 161 52 other
686 2833 154 51 gems
867 2815 94 54 for
986 2816 347 54 illustrative
1354 2834 97 36 use;
1505 2817 171 68 being
1704 2835 74 35 an
1801 2818 323 67 up-to-date
2153 2816 187 68 ready-

361 2894 282 55 reference
688 2894 229 53 manual
959 2892 65 55 of
1065 2890 477 71 exemplification
1587 2894 95 54 for
1722 2894 316 68 preachers,
2082 2895 258 63 teachers,

362 2973 278 67 platform
681 2971 282 68 speakers,
1001 2971 251 69 authors,
1290 2971 402 68 missionaries,
1733 2972 168 53 Bible
1942 2973 241 61 readers,
362 2990 1954 114 conference

617 3050 235 66 leaders,
886 3049 99 53 the
1019 3045 265 57 editorial
1322 3048 167 67 office,
1525 3050 111 53 and
1675 3049 96 53 for
1806 3050 163 53 home
2008 3050 110 53 and
2157 3048 181 68 public

361 3128 276 66 libraries,
659 3127 75 67 by
757 3127 136 52 Rev.
919 3125 68 56 G.
1011 3127 67 51 B.
1105 3126 65 52 F.
1192 3125 249 54 Hallock
1469 3169 57 10 …
1603 3127 139 53 New
1768 3127 161 53 York
1954 3129 107 52 and
2092 3127 246 53 London.

359 3206 231 67 Harper
613 3207 46 50 &
686 3205 276 66 brothers,
992 3206 151 52 1935.

458 3290 563 51 v p., 1 l., 413 p. 22 cm .
429 3362 161 41 “First
620 3360 223 41 edition.”

359 3427 53 53 ©
438 3432 126 39 June
589 3429 69 49 19,
686 3431 139 46 1935;
854 3430 65 40 2c.
948 3431 129 39 June
1104 3429 80 46 19;
1215 3430 81 39 aff.
1325 3431 125 39 June
1476 3430 82 46 21;
1588 3431 40 38 A
1657 3430 168 47 84373;
1855 3432 195 47 Harper
2075 3431 35 39 &
2134 3431 121 39 bros.

440 3487 248 48 (35-9193)

358 3590 348 65 Hambidge,
737 3592 174 52 Gove.

431 3666 331 53 Enchanted
799 3684 149 50 acre;
987 3667 335 52 adventures
1357 3666 59 53 in
1448 3666 286 67 backyard
1771 3666 271 66 farming,
2075 3667 72 65 by
2180 3666 148 51 Gove

358 3743 325 67 Hambidge
738 3788 55 9 …
872 3746 137 51 New
1060 3744 177 64 York,
1287 3745 255 66 London,
1593 3743 340 68 Whittlesey
1981 3744 187 64 house,
356 3742 1949 132 McGraw-Hill
713 3822 145 51 book
883 3840 78 34 co.
997 3856 13 32 [
1016 3828 17 21 c
1039 3827 130 47 1935]

429 3903 1394 51 5 p. l., 3-344 p. illus. 21 cm . [His Sunstead series]
426 3976 288 45 Illustrated
745 3975 359 49 lining-papers.
