<alto xmlns="http://www.loc.gov/standards/alto/ns-v3#" xmlns:xsi="http://www.w3.org/2001/XMLSchema-instance" xsi:schemaLocation="http://www.loc.gov/standards/alto/ns-v3# http://www.loc.gov/alto/v3/alto-3-0.xsd"><Description>
<MeasurementUnit>pixel</MeasurementUnit>
<sourceImageInformation>
<fileName>1935_v32_Part1.pdf</fileName>
</sourceImageInformation>
<OCRProcessing ID="IdOcr">
<ocrProcessingStep>
<processingDateTime>2019-01-15</processingDateTime>
<processingSoftware>
<softwareCreator>ABBYY</softwareCreator>
<softwareName>ABBYY Recognition Server</softwareName>
<softwareVersion>4.0</softwareVersion>
</processingSoftware>
</ocrProcessingStep>
</OCRProcessing>
</Description>
<Styles>
<ParagraphStyle ALIGN="Left" FIRSTLINE="0." ID="StyleId-FFFFFFFF-FFFF-FFFF-FFFF-FFFFFFFFFFFF-" LEFT="0." RIGHT="0." />
<ParagraphStyle ALIGN="Left" FIRSTLINE="0." ID="StyleId-09A13A44-4F77-4ABE-84F3-84CC8B3C72CE-" LEFT="0." LINESPACE="7.699999809" RIGHT="0." />
<ParagraphStyle ALIGN="Left" FIRSTLINE="-10." ID="StyleId-1F945060-F8CD-4435-B69A-5FF49DB0C586-" LEFT="0." LINESPACE="12.19999981" RIGHT="0." />
<ParagraphStyle ALIGN="Block" FIRSTLINE="-14." ID="StyleId-C6CAE747-F5A4-4D0D-8D74-D452DA7E2C1C-" LEFT="0." LINESPACE="8.350000381" RIGHT="0." />
<ParagraphStyle ALIGN="Left" FIRSTLINE="0." ID="StyleId-FC0F3374-189A-459E-BE29-2DC14180F022-" LEFT="0." RIGHT="0." />
<ParagraphStyle ALIGN="Left" FIRSTLINE="-12." ID="StyleId-49397C49-A894-4B3E-BA5E-1126226BA375-" LEFT="0." LINESPACE="11.09000015" RIGHT="0." />
<ParagraphStyle ALIGN="Block" FIRSTLINE="-14." ID="StyleId-9E34DD3A-E661-48BD-A3A1-6A3D48346F00-" LEFT="0." LINESPACE="11.09000015" RIGHT="0." />
<ParagraphStyle ALIGN="Left" FIRSTLINE="0." ID="StyleId-56CE54AA-A08B-4BAA-8605-F26020A0E36E-" LEFT="0." LINESPACE="9.399999619" RIGHT="0." />
<ParagraphStyle ALIGN="Left" FIRSTLINE="-11." ID="StyleId-77814FFC-C42F-4AA9-9880-EF33B947DEC8-" LEFT="0." LINESPACE="11.06999969" RIGHT="0." />
<ParagraphStyle ALIGN="Center" FIRSTLINE="0." ID="StyleId-FDE92EC0-67DC-4C7B-8A24-094B12C38B6C-" LEFT="0." LINESPACE="11.30000019" RIGHT="0." />
<ParagraphStyle ALIGN="Left" FIRSTLINE="0." ID="StyleId-65180E3B-4C93-4FB8-81EE-E026DD63DBF3-" LEFT="0." LINESPACE="11.10000038" RIGHT="0." />
<ParagraphStyle ALIGN="Left" FIRSTLINE="0." ID="StyleId-10E885C2-5813-4620-B0AA-0FBA30CF7A32-" LEFT="0." LINESPACE="9.5" RIGHT="0." />
<ParagraphStyle ALIGN="Left" FIRSTLINE="0." ID="StyleId-913C2DB5-9F02-4067-BAF7-0AED37B60BBE-" LEFT="0." LINESPACE="6.099999905" RIGHT="0." />
<ParagraphStyle ALIGN="Left" FIRSTLINE="0." ID="StyleId-9C79A9D2-8F08-4A8F-985D-B00E253ED1E5-" LEFT="0." LINESPACE="4.400000095" RIGHT="0." />
<ParagraphStyle ALIGN="Left" FIRSTLINE="0." ID="StyleId-A41F0407-FEFE-4738-9EC5-E05AFFF62781-" LEFT="0." LINESPACE="7.300000191" RIGHT="0." />
<ParagraphStyle ALIGN="Left" FIRSTLINE="0." ID="StyleId-61D37176-94E8-408D-9B87-01C406CE8AB2-" LEFT="0." LINESPACE="8.050000191" RIGHT="0." />
</Styles>
<Layout>
<Page HEIGHT="4375" ID="Page1349" PHYSICAL_IMG_NR="1349" WIDTH="2424">
<TopMargin HEIGHT="474" HPOS="0" VPOS="0" WIDTH="2424">
</TopMargin>
<LeftMargin HEIGHT="3582" HPOS="0" VPOS="474" WIDTH="117">
</LeftMargin>
<RightMargin HEIGHT="3582" HPOS="2158" VPOS="474" WIDTH="266">
</RightMargin>
<BottomMargin HEIGHT="319" HPOS="0" VPOS="4056" WIDTH="2424">
<TextBlock HEIGHT="66" HPOS="1070" ID="Page1349_Block1" LANG="en-US" STYLEREFS="StyleId-AF167EE3-9791-4DF7-9D48-F4BBD6AF0DCB-" VPOS="4096" WIDTH="150">
<TextLine HEIGHT="49" HPOS="1079" VPOS="4106" WIDTH="130">
<String CONTENT="1349" HEIGHT="49" HPOS="1079" VPOS="4106" WIDTH="130" />
</TextLine>
</TextBlock>
<GraphicalElement HEIGHT="278" HPOS="82" ID="Page1349_Block2" VPOS="4062" WIDTH="18" />
</BottomMargin>
<PrintSpace HEIGHT="3582" HPOS="117" VPOS="474" WIDTH="2041">
<TextBlock CS="1" HEIGHT="3582" HPOS="117" ID="Page1349_Block3" LANG="en-US" STYLEREFS="StyleId-C258FAD4-74AC-4092-866B-FD6D5E1DF5CA-" VPOS="474" WIDTH="2041">
<TextLine HEIGHT="64" HPOS="152" STYLEREFS="StyleId-4EBF52FA-CCC9-4516-BF29-EB1CFF9CCA4E-" VPOS="484" WIDTH="529">
<String CONTENT="Peet," HEIGHT="63" HPOS="152" VPOS="485" WIDTH="160" />
<SP HEIGHT="63" HPOS="313" VPOS="485" WIDTH="26" />
<String CONTENT="Creighton." HEIGHT="63" HPOS="340" VPOS="484" WIDTH="341" />
</TextLine>
<TextLine HEIGHT="72" HPOS="220" STYLEREFS="StyleId-0DB66772-B934-4BC6-BF91-18220144F1ED-" VPOS="555" WIDTH="1915">
<String CONTENT="Captain" HEIGHT="69" HPOS="220" VPOS="558" WIDTH="248" />
<SP HEIGHT="51" HPOS="469" VPOS="560" WIDTH="33" />
<String CONTENT="Teddy" HEIGHT="69" HPOS="503" VPOS="558" WIDTH="201" />
<SP HEIGHT="49" HPOS="705" VPOS="578" WIDTH="35" />
<String CONTENT="and" HEIGHT="52" HPOS="741" VPOS="559" WIDTH="110" />
<SP HEIGHT="51" HPOS="852" VPOS="559" WIDTH="35" />
<String CONTENT="sailor" HEIGHT="52" HPOS="888" VPOS="558" WIDTH="173" />
<SP HEIGHT="55" HPOS="1062" VPOS="558" WIDTH="36" />
<String CONTENT="Chips," HEIGHT="70" HPOS="1099" VPOS="556" WIDTH="197" />
<SP HEIGHT="50" HPOS="1297" VPOS="576" WIDTH="32" />
<String CONTENT="photographs" HEIGHT="68" HPOS="1330" VPOS="557" WIDTH="391" />
<SP HEIGHT="35" HPOS="1722" VPOS="574" WIDTH="37" />
<String CONTENT="and" HEIGHT="52" HPOS="1760" VPOS="555" WIDTH="111" />
<SP HEIGHT="52" HPOS="1872" VPOS="555" WIDTH="33" />
<String CONTENT="text" HEIGHT="47" HPOS="1906" VPOS="560" WIDTH="119" />
<SP HEIGHT="52" HPOS="2026" VPOS="555" WIDTH="35" />
<String CONTENT="by" HEIGHT="67" HPOS="2062" VPOS="555" WIDTH="73" />
</TextLine>
<TextLine CS="1" HEIGHT="71" HPOS="151" STYLEREFS="StyleId-0DB66772-B934-4BC6-BF91-18220144F1ED-" VPOS="634" WIDTH="1780">
<String CONTENT="Creighton" HEIGHT="69" HPOS="151" VPOS="636" WIDTH="313" />
<SP HEIGHT="51" HPOS="465" VPOS="638" WIDTH="27" />
<String CONTENT="Peet" HEIGHT="51" HPOS="493" VPOS="638" WIDTH="138" />
<SP HEIGHT="47" HPOS="632" VPOS="642" WIDTH="32" />
<String CONTENT="&#8230;" CS="1" />
<SP HEIGHT="53" HPOS="720" VPOS="636" WIDTH="66" />
<String CONTENT="New" HEIGHT="52" HPOS="787" VPOS="636" WIDTH="137" />
<SP HEIGHT="51" HPOS="925" VPOS="636" WIDTH="28" />
<String CONTENT="York," HEIGHT="67" HPOS="954" VPOS="635" WIDTH="179" />
<SP HEIGHT="66" HPOS="1134" VPOS="636" WIDTH="26" />
<String CONTENT="Loring" HEIGHT="68" HPOS="1161" VPOS="635" WIDTH="218" />
<SP HEIGHT="66" HPOS="1380" VPOS="637" WIDTH="25" />
<String CONTENT="&amp;" HEIGHT="50" HPOS="1406" VPOS="637" WIDTH="45" />
<SP HEIGHT="53" HPOS="1452" VPOS="634" WIDTH="24" />
<String CONTENT="Mussey" HEIGHT="67" HPOS="1477" VPOS="634" WIDTH="229" />
<SP HEIGHT="50" HPOS="1707" VPOS="651" WIDTH="31" />
<String CONTENT="[c1935]" CS="1" HEIGHT="63" HPOS="1739" VPOS="637" WIDTH="192" />
</TextLine>
<TextLine CS="1" HEIGHT="52" HPOS="228" VPOS="708" WIDTH="840">
<String CONTENT="[96]" HEIGHT="50" HPOS="228" VPOS="710" WIDTH="83" />
<SP HEIGHT="39" HPOS="312" VPOS="721" WIDTH="27" />
<String CONTENT="p." HEIGHT="37" HPOS="340" VPOS="721" WIDTH="43" />
<SP HEIGHT="40" HPOS="384" VPOS="710" WIDTH="27" />
<String CONTENT="incl." HEIGHT="39" HPOS="412" VPOS="710" WIDTH="108" />
<SP HEIGHT="40" HPOS="521" VPOS="709" WIDTH="27" />
<String CONTENT="front.," HEIGHT="47" HPOS="549" VPOS="709" WIDTH="164" />
<SP HEIGHT="46" HPOS="714" VPOS="710" WIDTH="26" />
<String CONTENT="illus." HEIGHT="40" HPOS="741" VPOS="709" WIDTH="127" />
<SP HEIGHT="41" HPOS="869" VPOS="708" WIDTH="52" />
<String CONTENT="23&#189;" CS="1" HEIGHT="39" HPOS="922" VPOS="708" WIDTH="56" />
<String CONTENT="cm" HEIGHT="21" HPOS="1010" STYLE="superscript" VPOS="710" WIDTH="45" />
<String CONTENT="." HEIGHT="10" HPOS="1058" VPOS="740" WIDTH="10" />
</TextLine>
<TextLine CS="1" HEIGHT="54" HPOS="151" VPOS="763" WIDTH="1877">
<String CONTENT="&#169;" HEIGHT="53" HPOS="151" VPOS="764" WIDTH="53" />
<SP HEIGHT="53" HPOS="205" VPOS="764" WIDTH="28" />
<String CONTENT="Oct." HEIGHT="41" HPOS="234" VPOS="768" WIDTH="101" />
<SP HEIGHT="38" HPOS="336" VPOS="769" WIDTH="28" />
<String CONTENT="1," HEIGHT="45" HPOS="365" VPOS="769" WIDTH="38" />
<SP HEIGHT="45" HPOS="404" VPOS="769" WIDTH="28" />
<String CONTENT="1935;" CS="1" />
<SP HEIGHT="40" HPOS="573" VPOS="767" WIDTH="30" />
<String CONTENT="2c." HEIGHT="39" HPOS="604" VPOS="767" WIDTH="65" />
<SP HEIGHT="29" HPOS="670" VPOS="777" WIDTH="30" />
<String CONTENT="and" HEIGHT="37" HPOS="701" VPOS="768" WIDTH="94" />
<SP HEIGHT="37" HPOS="796" VPOS="768" WIDTH="28" />
<String CONTENT="aff." HEIGHT="39" HPOS="825" VPOS="766" WIDTH="80" />
<SP HEIGHT="39" HPOS="906" VPOS="766" WIDTH="31" />
<String CONTENT="Oct." HEIGHT="40" HPOS="938" VPOS="766" WIDTH="100" />
<SP HEIGHT="39" HPOS="1039" VPOS="766" WIDTH="30" />
<String CONTENT="3;" HEIGHT="46" HPOS="1070" VPOS="766" WIDTH="51" />
<SP HEIGHT="47" HPOS="1122" VPOS="765" WIDTH="30" />
<String CONTENT="A" HEIGHT="39" HPOS="1153" VPOS="765" WIDTH="40" />
<SP HEIGHT="40" HPOS="1194" VPOS="765" WIDTH="27" />
<String CONTENT="86561;" HEIGHT="46" HPOS="1222" VPOS="765" WIDTH="170" />
<SP HEIGHT="46" HPOS="1393" VPOS="765" WIDTH="31" />
<String CONTENT="Loring" HEIGHT="48" HPOS="1425" VPOS="764" WIDTH="180" />
<SP HEIGHT="48" HPOS="1606" VPOS="764" WIDTH="26" />
<String CONTENT="&amp;" HEIGHT="40" HPOS="1633" VPOS="764" WIDTH="37" />
<SP HEIGHT="40" HPOS="1671" VPOS="764" WIDTH="26" />
<String CONTENT="Mussey," HEIGHT="46" HPOS="1698" VPOS="765" WIDTH="208" />
<SP HEIGHT="48" HPOS="1907" VPOS="763" WIDTH="30" />
<String CONTENT="inc." HEIGHT="40" HPOS="1938" VPOS="763" WIDTH="90" />
</TextLine>
<TextLine HEIGHT="50" HPOS="237" VPOS="823" WIDTH="278">
<String CONTENT="(35-17489)" HEIGHT="50" HPOS="237" VPOS="823" WIDTH="278" />
</TextLine>
<TextLine HEIGHT="64" HPOS="155" STYLEREFS="StyleId-0DB66772-B934-4BC6-BF91-18220144F1ED-" VPOS="926" WIDTH="994">
<String CONTENT="Pierrot," HEIGHT="64" HPOS="155" VPOS="926" WIDTH="249" />
<SP HEIGHT="63" HPOS="405" VPOS="927" WIDTH="28" />
<String CONTENT="George" HEIGHT="63" HPOS="434" VPOS="927" WIDTH="224" />
<SP HEIGHT="52" HPOS="659" VPOS="927" WIDTH="28" />
<String CONTENT="Francis," HEIGHT="63" HPOS="688" VPOS="926" WIDTH="260" />
<SP HEIGHT="56" HPOS="949" VPOS="933" WIDTH="30" />
<String CONTENT="1898-" HEIGHT="49" HPOS="980" VPOS="931" WIDTH="169" />
</TextLine>
<TextLine HEIGHT="73" HPOS="224" STYLEREFS="StyleId-0DB66772-B934-4BC6-BF91-18220144F1ED-" VPOS="997" WIDTH="1920">
<String CONTENT="The" HEIGHT="52" HPOS="224" VPOS="1003" WIDTH="120" />
<SP HEIGHT="34" HPOS="345" VPOS="1021" WIDTH="47" />
<String CONTENT="vagabond" HEIGHT="69" HPOS="393" VPOS="1001" WIDTH="297" />
<SP HEIGHT="51" HPOS="691" VPOS="1001" WIDTH="49" />
<String CONTENT="trail;" HEIGHT="66" HPOS="741" VPOS="1001" WIDTH="161" />
<SP HEIGHT="48" HPOS="903" VPOS="1019" WIDTH="53" />
<String CONTENT="around" HEIGHT="52" HPOS="957" VPOS="1002" WIDTH="218" />
<SP HEIGHT="52" HPOS="1176" VPOS="1002" WIDTH="47" />
<String CONTENT="the" HEIGHT="54" HPOS="1224" VPOS="1000" WIDTH="95" />
<SP HEIGHT="33" HPOS="1320" VPOS="1019" WIDTH="49" />
<String CONTENT="world" HEIGHT="53" HPOS="1370" VPOS="1000" WIDTH="180" />
<SP HEIGHT="53" HPOS="1551" VPOS="1000" WIDTH="48" />
<String CONTENT="in" HEIGHT="52" HPOS="1600" VPOS="1000" WIDTH="61" />
<SP HEIGHT="49" HPOS="1662" VPOS="1001" WIDTH="52" />
<String CONTENT="100" HEIGHT="49" HPOS="1715" VPOS="1001" WIDTH="101" />
<SP HEIGHT="52" HPOS="1817" VPOS="997" WIDTH="47" />
<String CONTENT="days," HEIGHT="70" HPOS="1865" VPOS="997" WIDTH="155" />
<SP HEIGHT="69" HPOS="2021" VPOS="998" WIDTH="50" />
<String CONTENT="by" HEIGHT="67" HPOS="2072" VPOS="998" WIDTH="72" />
</TextLine>
<TextLine HEIGHT="72" HPOS="155" STYLEREFS="StyleId-0DB66772-B934-4BC6-BF91-18220144F1ED-" VPOS="1075" WIDTH="1990">
<String CONTENT="George" HEIGHT="69" HPOS="155" VPOS="1078" WIDTH="220" />
<SP HEIGHT="53" HPOS="376" VPOS="1080" WIDTH="28" />
<String CONTENT="F." HEIGHT="52" HPOS="405" VPOS="1080" WIDTH="66" />
<SP HEIGHT="54" HPOS="472" VPOS="1078" WIDTH="31" />
<String CONTENT="Pierrot;" HEIGHT="63" HPOS="504" VPOS="1078" WIDTH="251" />
<SP HEIGHT="63" HPOS="756" VPOS="1078" WIDTH="35" />
<String CONTENT="foreword" HEIGHT="53" HPOS="792" VPOS="1078" WIDTH="283" />
<SP HEIGHT="51" HPOS="1076" VPOS="1078" WIDTH="30" />
<String CONTENT="by" HEIGHT="68" HPOS="1107" VPOS="1078" WIDTH="73" />
<SP HEIGHT="68" HPOS="1181" VPOS="1078" WIDTH="30" />
<String CONTENT="Lowell" HEIGHT="53" HPOS="1212" VPOS="1076" WIDTH="210" />
<SP HEIGHT="51" HPOS="1423" VPOS="1077" WIDTH="34" />
<String CONTENT="Thomas;" HEIGHT="65" HPOS="1458" VPOS="1077" WIDTH="273" />
<SP HEIGHT="67" HPOS="1732" VPOS="1075" WIDTH="35" />
<String CONTENT="illustrations" HEIGHT="55" HPOS="1768" VPOS="1075" WIDTH="377" />
</TextLine>
<TextLine HEIGHT="73" HPOS="150" STYLEREFS="StyleId-0DB66772-B934-4BC6-BF91-18220144F1ED-" VPOS="1153" WIDTH="1988">
<String CONTENT="by" HEIGHT="69" HPOS="150" VPOS="1157" WIDTH="73" />
<SP HEIGHT="69" HPOS="224" VPOS="1157" WIDTH="26" />
<String CONTENT="Robert" HEIGHT="53" HPOS="251" VPOS="1157" WIDTH="213" />
<SP HEIGHT="53" HPOS="465" VPOS="1156" WIDTH="23" />
<String CONTENT="M." HEIGHT="54" HPOS="489" VPOS="1156" WIDTH="79" />
<SP HEIGHT="54" HPOS="569" VPOS="1156" WIDTH="31" />
<String CONTENT="Brinkerhoff." HEIGHT="56" HPOS="601" VPOS="1153" WIDTH="383" />
<SP HEIGHT="52" HPOS="985" VPOS="1154" WIDTH="74" />
<String CONTENT="New" HEIGHT="53" HPOS="1060" VPOS="1154" WIDTH="135" />
<SP HEIGHT="53" HPOS="1196" VPOS="1154" WIDTH="33" />
<String CONTENT="York," HEIGHT="67" HPOS="1230" VPOS="1154" WIDTH="176" />
<SP HEIGHT="67" HPOS="1407" VPOS="1154" WIDTH="28" />
<String CONTENT="London," HEIGHT="69" HPOS="1436" VPOS="1154" WIDTH="254" />
<SP HEIGHT="69" HPOS="1691" VPOS="1154" WIDTH="30" />
<String CONTENT="D." HEIGHT="51" HPOS="1722" VPOS="1154" WIDTH="69" />
<SP HEIGHT="51" HPOS="1792" VPOS="1153" WIDTH="29" />
<String CONTENT="Appleton-" HEIGHT="69" HPOS="1822" VPOS="1153" WIDTH="316" />
</TextLine>
<TextLine HEIGHT="70" HPOS="154" VPOS="1232" WIDTH="1197">
<String CONTENT="Century" HEIGHT="68" HPOS="154" VPOS="1234" WIDTH="250" />
<SP HEIGHT="49" HPOS="405" VPOS="1253" WIDTH="30" />
<String CONTENT="company," HEIGHT="50" HPOS="436" VPOS="1251" WIDTH="292" />
<SP HEIGHT="69" HPOS="729" VPOS="1232" WIDTH="27" />
<String CONTENT="incorporated," HEIGHT="68" HPOS="757" VPOS="1232" WIDTH="410" />
<SP HEIGHT="64" HPOS="1168" VPOS="1235" WIDTH="33" />
<String CONTENT="1935." HEIGHT="50" HPOS="1202" VPOS="1235" WIDTH="149" />
</TextLine>
<TextLine CS="1" HEIGHT="61" HPOS="220" VPOS="1293" WIDTH="1170">
<String CONTENT="xiv" HEIGHT="39" HPOS="220" VPOS="1306" WIDTH="83" />
<SP HEIGHT="37" HPOS="304" VPOS="1316" WIDTH="24" />
<String CONTENT="p.&#8217;," HEIGHT="60" HPOS="329" VPOS="1293" WIDTH="57" />
<SP HEIGHT="46" HPOS="387" VPOS="1306" WIDTH="27" />
<String CONTENT="1" HEIGHT="38" HPOS="415" VPOS="1306" WIDTH="26" />
<SP HEIGHT="38" HPOS="442" VPOS="1306" WIDTH="26" />
<String CONTENT="l.," CS="1" />
<SP HEIGHT="49" HPOS="516" VPOS="1305" WIDTH="27" />
<String CONTENT="248" HEIGHT="40" HPOS="544" VPOS="1305" WIDTH="85" />
<SP HEIGHT="48" HPOS="630" VPOS="1305" WIDTH="26" />
<String CONTENT="p." HEIGHT="37" HPOS="657" VPOS="1316" WIDTH="42" />
<SP HEIGHT="39" HPOS="700" VPOS="1306" WIDTH="29" />
<String CONTENT="incl." HEIGHT="40" HPOS="730" VPOS="1305" WIDTH="109" />
<SP HEIGHT="38" HPOS="840" VPOS="1305" WIDTH="25" />
<String CONTENT="front.," HEIGHT="48" HPOS="866" VPOS="1305" WIDTH="163" />
<SP HEIGHT="48" HPOS="1030" VPOS="1305" WIDTH="27" />
<String CONTENT="illus." HEIGHT="40" HPOS="1058" VPOS="1304" WIDTH="127" />
<SP HEIGHT="39" HPOS="1186" VPOS="1304" WIDTH="58" />
<String CONTENT="19&#189;" CS="1" HEIGHT="40" HPOS="1245" VPOS="1304" WIDTH="56" />
<String CONTENT="cm" HEIGHT="21" HPOS="1333" STYLE="superscript" VPOS="1306" WIDTH="44" />
<String CONTENT="." HEIGHT="9" HPOS="1382" VPOS="1336" WIDTH="8" />
</TextLine>
<TextLine HEIGHT="47" HPOS="225" VPOS="1362" WIDTH="624">
<String CONTENT="Maps" HEIGHT="46" HPOS="225" VPOS="1363" WIDTH="138" />
<SP HEIGHT="29" HPOS="364" VPOS="1372" WIDTH="31" />
<String CONTENT="on" HEIGHT="29" HPOS="396" VPOS="1372" WIDTH="60" />
<SP HEIGHT="39" HPOS="457" VPOS="1362" WIDTH="28" />
<String CONTENT="lining-papers." HEIGHT="47" HPOS="486" VPOS="1362" WIDTH="363" />
</TextLine>
<TextLine HEIGHT="57" HPOS="153" VPOS="1414" WIDTH="1989">
<String CONTENT="&#169;" HEIGHT="57" HPOS="153" VPOS="1414" WIDTH="53" />
<SP HEIGHT="57" HPOS="207" VPOS="1414" WIDTH="32" />
<String CONTENT="Sept." HEIGHT="47" HPOS="240" VPOS="1423" WIDTH="126" />
<SP HEIGHT="40" HPOS="367" VPOS="1422" WIDTH="31" />
<String CONTENT="20," HEIGHT="47" HPOS="399" VPOS="1422" WIDTH="70" />
<SP HEIGHT="47" HPOS="470" VPOS="1422" WIDTH="31" />
<String CONTENT="1935;" HEIGHT="48" HPOS="502" VPOS="1420" WIDTH="139" />
<SP HEIGHT="47" HPOS="642" VPOS="1421" WIDTH="32" />
<String CONTENT="2c." HEIGHT="40" HPOS="675" VPOS="1421" WIDTH="68" />
<SP HEIGHT="28" HPOS="744" VPOS="1432" WIDTH="32" />
<String CONTENT="and" HEIGHT="39" HPOS="777" VPOS="1421" WIDTH="95" />
<SP HEIGHT="39" HPOS="873" VPOS="1421" WIDTH="29" />
<String CONTENT="aff." HEIGHT="40" HPOS="903" VPOS="1420" WIDTH="82" />
<SP HEIGHT="40" HPOS="986" VPOS="1420" WIDTH="35" />
<String CONTENT="Sept." HEIGHT="47" HPOS="1022" VPOS="1420" WIDTH="127" />
<SP HEIGHT="39" HPOS="1150" VPOS="1420" WIDTH="30" />
<String CONTENT="23;" HEIGHT="47" HPOS="1181" VPOS="1420" WIDTH="81" />
<SP HEIGHT="46" HPOS="1263" VPOS="1421" WIDTH="34" />
<String CONTENT="A" HEIGHT="38" HPOS="1298" VPOS="1421" WIDTH="41" />
<SP HEIGHT="40" HPOS="1340" VPOS="1419" WIDTH="30" />
<String CONTENT="87152;" HEIGHT="48" HPOS="1371" VPOS="1419" WIDTH="168" />
<SP HEIGHT="47" HPOS="1540" VPOS="1420" WIDTH="35" />
<String CONTENT="D." HEIGHT="40" HPOS="1576" VPOS="1420" WIDTH="56" />
<SP HEIGHT="39" HPOS="1633" VPOS="1421" WIDTH="32" />
<String CONTENT="Appleton-Century" HEIGHT="49" HPOS="1666" VPOS="1419" WIDTH="476" />
</TextLine>
<TextLine HEIGHT="49" HPOS="223" VPOS="1478" WIDTH="551">
<String CONTENT="co.," HEIGHT="36" HPOS="223" VPOS="1490" WIDTH="81" />
<SP HEIGHT="47" HPOS="305" VPOS="1479" WIDTH="28" />
<String CONTENT="inc." HEIGHT="40" HPOS="334" VPOS="1479" WIDTH="90" />
<SP HEIGHT="47" HPOS="425" VPOS="1479" WIDTH="69" />
<String CONTENT="(35-17507)" HEIGHT="49" HPOS="495" VPOS="1478" WIDTH="279" />
</TextLine>
<TextLine HEIGHT="64" HPOS="151" STYLEREFS="StyleId-4EBF52FA-CCC9-4516-BF29-EB1CFF9CCA4E-" VPOS="1580" WIDTH="981">
<String CONTENT="Prentice-Hall," HEIGHT="63" HPOS="151" VPOS="1581" WIDTH="450" />
<SP HEIGHT="63" HPOS="602" VPOS="1581" WIDTH="30" />
<String CONTENT="inc.," HEIGHT="63" HPOS="633" VPOS="1581" WIDTH="127" />
<SP HEIGHT="62" HPOS="761" VPOS="1582" WIDTH="25" />
<String CONTENT="New" HEIGHT="51" HPOS="787" VPOS="1582" WIDTH="136" />
<SP HEIGHT="50" HPOS="924" VPOS="1582" WIDTH="32" />
<String CONTENT="York." HEIGHT="53" HPOS="957" VPOS="1580" WIDTH="175" />
</TextLine>
<TextLine HEIGHT="70" HPOS="220" STYLEREFS="StyleId-0DB66772-B934-4BC6-BF91-18220144F1ED-" VPOS="1652" WIDTH="1920">
<String CONTENT="Federal" HEIGHT="52" HPOS="220" VPOS="1655" WIDTH="241" />
<SP HEIGHT="51" HPOS="462" VPOS="1656" WIDTH="31" />
<String CONTENT="tax" HEIGHT="47" HPOS="494" VPOS="1659" WIDTH="98" />
<SP HEIGHT="51" HPOS="593" VPOS="1655" WIDTH="30" />
<String CONTENT="law" HEIGHT="51" HPOS="624" VPOS="1655" WIDTH="109" />
<SP HEIGHT="33" HPOS="734" VPOS="1673" WIDTH="31" />
<String CONTENT="with" HEIGHT="51" HPOS="766" VPOS="1655" WIDTH="139" />
<SP HEIGHT="50" HPOS="906" VPOS="1656" WIDTH="34" />
<String CONTENT="explanatory" HEIGHT="68" HPOS="941" VPOS="1654" WIDTH="376" />
<SP HEIGHT="67" HPOS="1318" VPOS="1655" WIDTH="33" />
<String CONTENT="digest." HEIGHT="68" HPOS="1352" VPOS="1654" WIDTH="200" />
<SP HEIGHT="52" HPOS="1553" VPOS="1653" WIDTH="68" />
<String CONTENT="Revenue" HEIGHT="53" HPOS="1622" VPOS="1653" WIDTH="264" />
<SP HEIGHT="34" HPOS="1887" VPOS="1672" WIDTH="36" />
<String CONTENT="acts" HEIGHT="47" HPOS="1924" VPOS="1660" WIDTH="116" />
<SP HEIGHT="34" HPOS="2041" VPOS="1673" WIDTH="36" />
<String CONTENT="of" HEIGHT="54" HPOS="2078" VPOS="1652" WIDTH="62" />
</TextLine>
<TextLine CS="1" HEIGHT="148" HPOS="152" STYLEREFS="StyleId-0DB66772-B934-4BC6-BF91-18220144F1ED-" VPOS="1730" WIDTH="1985">
<String CONTENT="1934" HEIGHT="50" HPOS="153" VPOS="1734" WIDTH="135" />
<SP HEIGHT="49" HPOS="289" VPOS="1736" WIDTH="33" />
<String CONTENT="and" HEIGHT="52" HPOS="323" VPOS="1733" WIDTH="113" />
<SP HEIGHT="52" HPOS="437" VPOS="1733" WIDTH="35" />
<String CONTENT="1935." HEIGHT="50" HPOS="473" VPOS="1734" WIDTH="149" />
<SP HEIGHT="52" HPOS="623" VPOS="1732" WIDTH="71" />
<String CONTENT="August," HEIGHT="68" HPOS="695" VPOS="1732" WIDTH="245" />
<SP HEIGHT="63" HPOS="941" VPOS="1736" WIDTH="35" />
<String CONTENT="1935," HEIGHT="64" HPOS="977" VPOS="1735" WIDTH="151" />
<SP HEIGHT="48" HPOS="1129" VPOS="1751" WIDTH="35" />
<String CONTENT="ed." HEIGHT="51" HPOS="1165" VPOS="1733" WIDTH="84" />
<SP HEIGHT="10" HPOS="1250" VPOS="1774" WIDTH="42" />
<String CONTENT="&#8230;" CS="1" />
<SP HEIGHT="33" HPOS="1350" VPOS="1764" WIDTH="82" />
<String CONTENT="[New" HEIGHT="65" HPOS="1433" VPOS="1732" WIDTH="156" />
<SP HEIGHT="53" HPOS="1590" VPOS="1731" WIDTH="36" />
<String CONTENT="York]" HEIGHT="67" HPOS="1627" VPOS="1731" WIDTH="180" />
<SP HEIGHT="67" HPOS="1808" VPOS="1731" WIDTH="43" />
<String CONTENT="Prentice-Hall," HEIGHT="148" HPOS="152" VPOS="1730" WIDTH="1985" />
<SP HEIGHT="67" HPOS="312" VPOS="1811" WIDTH="27" />
<String CONTENT="inc.," HEIGHT="67" HPOS="340" VPOS="1811" WIDTH="126" />
<SP HEIGHT="62" HPOS="467" VPOS="1816" WIDTH="25" />
<String CONTENT="c1935." CS="1" HEIGHT="9" HPOS="657" VPOS="1853" WIDTH="9" />
</TextLine>
<TextLine HEIGHT="48" HPOS="222" VPOS="1882" WIDTH="809">
<String CONTENT="xxxvi," HEIGHT="43" HPOS="222" VPOS="1886" WIDTH="165" />
<SP HEIGHT="46" HPOS="388" VPOS="1883" WIDTH="26" />
<String CONTENT="1," HEIGHT="47" HPOS="415" VPOS="1883" WIDTH="39" />
<SP HEIGHT="48" HPOS="455" VPOS="1882" WIDTH="26" />
<String CONTENT="la-lp," HEIGHT="48" HPOS="482" VPOS="1882" WIDTH="161" />
<SP HEIGHT="46" HPOS="644" VPOS="1882" WIDTH="26" />
<String CONTENT="2-91" HEIGHT="40" HPOS="671" VPOS="1882" WIDTH="113" />
<SP HEIGHT="46" HPOS="785" VPOS="1884" WIDTH="27" />
<String CONTENT="p." HEIGHT="39" HPOS="813" VPOS="1891" WIDTH="43" />
<SP HEIGHT="40" HPOS="857" VPOS="1882" WIDTH="58" />
<String CONTENT="23" HEIGHT="40" HPOS="916" VPOS="1882" WIDTH="55" />
<String CONTENT="cm" HEIGHT="21" HPOS="975" STYLE="superscript" VPOS="1884" WIDTH="43" />
<String CONTENT="." HEIGHT="9" HPOS="1023" VPOS="1914" WIDTH="8" />
</TextLine>
<TextLine HEIGHT="53" HPOS="158" VPOS="1937" WIDTH="1873">
<String CONTENT="&#169;" HEIGHT="53" HPOS="158" VPOS="1937" WIDTH="53" />
<SP HEIGHT="53" HPOS="212" VPOS="1937" WIDTH="28" />
<String CONTENT="Aug." HEIGHT="47" HPOS="241" VPOS="1942" WIDTH="117" />
<SP HEIGHT="39" HPOS="359" VPOS="1942" WIDTH="32" />
<String CONTENT="31," HEIGHT="45" HPOS="392" VPOS="1942" WIDTH="69" />
<SP HEIGHT="45" HPOS="462" VPOS="1942" WIDTH="28" />
<String CONTENT="1935;" HEIGHT="47" HPOS="491" VPOS="1941" WIDTH="139" />
<SP HEIGHT="46" HPOS="631" VPOS="1942" WIDTH="34" />
<String CONTENT="2c." HEIGHT="38" HPOS="666" VPOS="1942" WIDTH="66" />
<SP HEIGHT="29" HPOS="733" VPOS="1951" WIDTH="31" />
<String CONTENT="and" HEIGHT="38" HPOS="765" VPOS="1942" WIDTH="96" />
<SP HEIGHT="38" HPOS="862" VPOS="1942" WIDTH="29" />
<String CONTENT="aff." HEIGHT="41" HPOS="892" VPOS="1939" WIDTH="82" />
<SP HEIGHT="40" HPOS="975" VPOS="1941" WIDTH="34" />
<String CONTENT="Sept." HEIGHT="47" HPOS="1010" VPOS="1941" WIDTH="126" />
<SP HEIGHT="38" HPOS="1137" VPOS="1942" WIDTH="31" />
<String CONTENT="7;" HEIGHT="45" HPOS="1169" VPOS="1942" WIDTH="52" />
<SP HEIGHT="46" HPOS="1222" VPOS="1941" WIDTH="33" />
<String CONTENT="A" HEIGHT="38" HPOS="1256" VPOS="1941" WIDTH="40" />
<SP HEIGHT="39" HPOS="1297" VPOS="1941" WIDTH="31" />
<String CONTENT="86201;" HEIGHT="47" HPOS="1329" VPOS="1940" WIDTH="169" />
<SP HEIGHT="46" HPOS="1499" VPOS="1941" WIDTH="34" />
<String CONTENT="Prentice-Hall," HEIGHT="49" HPOS="1534" VPOS="1940" WIDTH="373" />
<SP HEIGHT="48" HPOS="1908" VPOS="1941" WIDTH="33" />
<String CONTENT="inc." HEIGHT="40" HPOS="1942" VPOS="1941" WIDTH="89" />
</TextLine>
<TextLine HEIGHT="48" HPOS="238" VPOS="1998" WIDTH="278">
<String CONTENT="(35-17323)" HEIGHT="48" HPOS="238" VPOS="1998" WIDTH="278" />
</TextLine>
<TextLine HEIGHT="67" HPOS="151" STYLEREFS="StyleId-4EBF52FA-CCC9-4516-BF29-EB1CFF9CCA4E-" VPOS="2098" WIDTH="942">
<String CONTENT="Price," HEIGHT="67" HPOS="151" VPOS="2098" WIDTH="185" />
<SP HEIGHT="64" HPOS="337" VPOS="2101" WIDTH="28" />
<String CONTENT="Edith" HEIGHT="53" HPOS="366" VPOS="2100" WIDTH="181" />
<SP HEIGHT="52" HPOS="548" VPOS="2101" WIDTH="27" />
<String CONTENT="Ballinger," HEIGHT="66" HPOS="576" VPOS="2099" WIDTH="315" />
<SP HEIGHT="59" HPOS="892" VPOS="2106" WIDTH="30" />
<String CONTENT="1897-" HEIGHT="53" HPOS="923" VPOS="2102" WIDTH="170" />
</TextLine>
<TextLine HEIGHT="71" HPOS="223" STYLEREFS="StyleId-0DB66772-B934-4BC6-BF91-18220144F1ED-" VPOS="2175" WIDTH="1919">
<String CONTENT="Lubber&#8217;s" HEIGHT="54" HPOS="223" VPOS="2176" WIDTH="271" />
<SP HEIGHT="51" HPOS="495" VPOS="2179" WIDTH="31" />
<String CONTENT="luck," HEIGHT="67" HPOS="527" VPOS="2177" WIDTH="148" />
<SP HEIGHT="67" HPOS="676" VPOS="2177" WIDTH="30" />
<String CONTENT="by" HEIGHT="69" HPOS="707" VPOS="2177" WIDTH="75" />
<SP HEIGHT="68" HPOS="783" VPOS="2178" WIDTH="29" />
<String CONTENT="Edith" HEIGHT="53" HPOS="813" VPOS="2177" WIDTH="182" />
<SP HEIGHT="53" HPOS="996" VPOS="2177" WIDTH="30" />
<String CONTENT="Ballinger" HEIGHT="68" HPOS="1027" VPOS="2177" WIDTH="298" />
<SP HEIGHT="52" HPOS="1326" VPOS="2177" WIDTH="30" />
<String CONTENT="Price;" HEIGHT="66" HPOS="1357" VPOS="2177" WIDTH="194" />
<SP HEIGHT="68" HPOS="1552" VPOS="2175" WIDTH="33" />
<String CONTENT="illustrated" HEIGHT="55" HPOS="1586" VPOS="2175" WIDTH="323" />
<SP HEIGHT="53" HPOS="1910" VPOS="2177" WIDTH="31" />
<String CONTENT="by" HEIGHT="68" HPOS="1942" VPOS="2177" WIDTH="74" />
<SP HEIGHT="63" HPOS="2017" VPOS="2182" WIDTH="31" />
<String CONTENT="the" HEIGHT="52" HPOS="2049" VPOS="2177" WIDTH="93" />
</TextLine>
<TextLine HEIGHT="69" HPOS="158" STYLEREFS="StyleId-0DB66772-B934-4BC6-BF91-18220144F1ED-" VPOS="2254" WIDTH="1706">
<String CONTENT="author." HEIGHT="52" HPOS="158" VPOS="2256" WIDTH="219" />
<SP HEIGHT="51" HPOS="378" VPOS="2256" WIDTH="74" />
<String CONTENT="Boston," HEIGHT="66" HPOS="453" VPOS="2256" WIDTH="234" />
<SP HEIGHT="67" HPOS="688" VPOS="2255" WIDTH="34" />
<String CONTENT="Little," HEIGHT="67" HPOS="723" VPOS="2254" WIDTH="193" />
<SP HEIGHT="65" HPOS="917" VPOS="2256" WIDTH="37" />
<String CONTENT="Brown," HEIGHT="66" HPOS="955" VPOS="2256" WIDTH="229" />
<SP HEIGHT="48" HPOS="1185" VPOS="2274" WIDTH="38" />
<String CONTENT="and" HEIGHT="53" HPOS="1224" VPOS="2255" WIDTH="113" />
<SP HEIGHT="53" HPOS="1338" VPOS="2255" WIDTH="37" />
<String CONTENT="company," HEIGHT="50" HPOS="1376" VPOS="2273" WIDTH="295" />
<SP HEIGHT="63" HPOS="1672" VPOS="2259" WIDTH="39" />
<String CONTENT="1935." HEIGHT="49" HPOS="1712" VPOS="2259" WIDTH="152" />
</TextLine>
<TextLine CS="1" HEIGHT="50" HPOS="225" VPOS="2327" WIDTH="1214">
<String CONTENT="x" HEIGHT="28" HPOS="225" VPOS="2340" WIDTH="32" />
<SP HEIGHT="37" HPOS="258" VPOS="2339" WIDTH="24" />
<String CONTENT="p.," HEIGHT="37" HPOS="283" VPOS="2339" WIDTH="58" />
<SP HEIGHT="48" HPOS="342" VPOS="2328" WIDTH="23" />
<String CONTENT="2" HEIGHT="39" HPOS="366" VPOS="2328" WIDTH="26" />
<SP HEIGHT="40" HPOS="393" VPOS="2328" WIDTH="25" />
<String CONTENT="l.," CS="1" />
<SP HEIGHT="30" HPOS="462" VPOS="2347" WIDTH="32" />
<String CONTENT="[3]-275" HEIGHT="50" HPOS="495" VPOS="2327" WIDTH="174" />
<SP HEIGHT="46" HPOS="670" VPOS="2329" WIDTH="25" />
<String CONTENT="p." HEIGHT="36" HPOS="696" VPOS="2339" WIDTH="42" />
<SP HEIGHT="39" HPOS="739" VPOS="2329" WIDTH="26" />
<String CONTENT="incl." HEIGHT="40" HPOS="766" VPOS="2329" WIDTH="108" />
<SP HEIGHT="41" HPOS="875" VPOS="2328" WIDTH="25" />
<String CONTENT="front.," HEIGHT="45" HPOS="901" VPOS="2328" WIDTH="163" />
<SP HEIGHT="36" HPOS="1065" VPOS="2340" WIDTH="27" />
<String CONTENT="plates." HEIGHT="49" HPOS="1093" VPOS="2327" WIDTH="170" />
<SP HEIGHT="41" HPOS="1264" VPOS="2327" WIDTH="59" />
<String CONTENT="21" HEIGHT="41" HPOS="1324" VPOS="2327" WIDTH="52" />
<String CONTENT="cm" HEIGHT="22" HPOS="1382" STYLE="superscript" VPOS="2330" WIDTH="43" />
<String CONTENT="." HEIGHT="9" HPOS="1430" VPOS="2360" WIDTH="9" />
</TextLine>
<TextLine CS="1" HEIGHT="108" HPOS="156" VPOS="2382" WIDTH="1972">
<String CONTENT="&#169;" HEIGHT="53" HPOS="156" VPOS="2382" WIDTH="53" />
<SP HEIGHT="53" HPOS="210" VPOS="2382" WIDTH="31" />
<String CONTENT="Sept." HEIGHT="47" HPOS="242" VPOS="2387" WIDTH="127" />
<SP HEIGHT="40" HPOS="370" VPOS="2386" WIDTH="27" />
<String CONTENT="20," HEIGHT="47" HPOS="398" VPOS="2386" WIDTH="69" />
<SP HEIGHT="47" HPOS="468" VPOS="2386" WIDTH="28" />
<String CONTENT="1935;" CS="1" HEIGHT="41" HPOS="497" VPOS="2384" WIDTH="113" />
<SP HEIGHT="46" HPOS="639" VPOS="2385" WIDTH="31" />
<String CONTENT="2c." HEIGHT="40" HPOS="671" VPOS="2385" WIDTH="67" />
<SP HEIGHT="40" HPOS="739" VPOS="2386" WIDTH="32" />
<String CONTENT="Sept." HEIGHT="47" HPOS="772" VPOS="2386" WIDTH="126" />
<SP HEIGHT="40" HPOS="899" VPOS="2385" WIDTH="29" />
<String CONTENT="21;" HEIGHT="47" HPOS="929" VPOS="2385" WIDTH="82" />
<SP HEIGHT="37" HPOS="1012" VPOS="2395" WIDTH="32" />
<String CONTENT="aff." HEIGHT="39" HPOS="1045" VPOS="2385" WIDTH="80" />
<SP HEIGHT="39" HPOS="1126" VPOS="2386" WIDTH="33" />
<String CONTENT="Oct." HEIGHT="39" HPOS="1160" VPOS="2386" WIDTH="102" />
<SP HEIGHT="39" HPOS="1263" VPOS="2385" WIDTH="28" />
<String CONTENT="2;" HEIGHT="47" HPOS="1292" VPOS="2385" WIDTH="53" />
<SP HEIGHT="46" HPOS="1346" VPOS="2386" WIDTH="32" />
<String CONTENT="A" HEIGHT="38" HPOS="1379" VPOS="2386" WIDTH="43" />
<SP HEIGHT="39" HPOS="1423" VPOS="2386" WIDTH="28" />
<String CONTENT="86570;" HEIGHT="47" HPOS="1452" VPOS="2385" WIDTH="169" />
<SP HEIGHT="45" HPOS="1622" VPOS="2387" WIDTH="34" />
<String CONTENT="E." HEIGHT="38" HPOS="1657" VPOS="2387" WIDTH="52" />
<SP HEIGHT="39" HPOS="1710" VPOS="2386" WIDTH="28" />
<String CONTENT="B." HEIGHT="39" HPOS="1739" VPOS="2386" WIDTH="54" />
<SP HEIGHT="39" HPOS="1794" VPOS="2386" WIDTH="31" />
<String CONTENT="Price," HEIGHT="47" HPOS="1826" VPOS="2385" WIDTH="153" />
<SP HEIGHT="45" HPOS="1980" VPOS="2387" WIDTH="29" />
<String CONTENT="Newport," HEIGHT="103" HPOS="226" VPOS="2387" WIDTH="1902" />
<SP HEIGHT="47" HPOS="348" VPOS="2443" WIDTH="26" />
<String CONTENT="R." HEIGHT="39" HPOS="375" VPOS="2443" WIDTH="55" />
<SP HEIGHT="38" HPOS="431" VPOS="2444" WIDTH="24" />
<String CONTENT="I." HEIGHT="38" HPOS="456" VPOS="2444" WIDTH="36" />
<SP />
<String CONTENT="(35-17495)" HEIGHT="49" HPOS="564" VPOS="2441" WIDTH="279" />
</TextLine>
<TextLine HEIGHT="68" HPOS="157" STYLEREFS="StyleId-0DB66772-B934-4BC6-BF91-18220144F1ED-" VPOS="2543" WIDTH="1325">
<String CONTENT="Punch," HEIGHT="53" HPOS="157" VPOS="2544" WIDTH="221" />
<SP HEIGHT="32" HPOS="379" VPOS="2565" WIDTH="73" />
<String CONTENT="v." HEIGHT="32" HPOS="453" VPOS="2565" WIDTH="50" />
<SP HEIGHT="47" HPOS="504" VPOS="2549" WIDTH="29" />
<String CONTENT="189," HEIGHT="61" HPOS="534" VPOS="2548" WIDTH="115" />
<SP HEIGHT="46" HPOS="650" VPOS="2563" WIDTH="25" />
<String CONTENT="no." HEIGHT="33" HPOS="676" VPOS="2563" WIDTH="86" />
<SP HEIGHT="48" HPOS="763" VPOS="2549" WIDTH="27" />
<String CONTENT="4917," HEIGHT="67" HPOS="791" VPOS="2543" WIDTH="153" />
<SP HEIGHT="65" HPOS="945" VPOS="2545" WIDTH="22" />
<String CONTENT="August" HEIGHT="66" HPOS="968" VPOS="2545" WIDTH="229" />
<SP HEIGHT="48" HPOS="1198" VPOS="2548" WIDTH="23" />
<String CONTENT="28," HEIGHT="62" HPOS="1222" VPOS="2548" WIDTH="83" />
<SP HEIGHT="60" HPOS="1306" VPOS="2550" WIDTH="28" />
<String CONTENT="1935." HEIGHT="51" HPOS="1335" VPOS="2547" WIDTH="147" />
</TextLine>
<TextLine CS="1" HEIGHT="53" HPOS="157" VPOS="2613" WIDTH="1985">
<String CONTENT="&#169;" HEIGHT="53" HPOS="157" VPOS="2613" WIDTH="53" />
<SP />
<String CONTENT="1c." CS="1" />
<SP />
<String CONTENT="Oct." HEIGHT="39" HPOS="339" VPOS="2619" WIDTH="99" />
<SP HEIGHT="39" HPOS="439" VPOS="2618" WIDTH="27" />
<String CONTENT="23," HEIGHT="46" HPOS="467" VPOS="2618" WIDTH="70" />
<SP HEIGHT="46" HPOS="538" VPOS="2618" WIDTH="30" />
<String CONTENT="1935;" HEIGHT="48" HPOS="569" VPOS="2615" WIDTH="139" />
<SP HEIGHT="45" HPOS="709" VPOS="2618" WIDTH="32" />
<String CONTENT="A" HEIGHT="38" HPOS="742" VPOS="2618" WIDTH="40" />
<SP HEIGHT="39" HPOS="783" VPOS="2618" WIDTH="29" />
<String CONTENT="ad" HEIGHT="39" HPOS="813" VPOS="2618" WIDTH="62" />
<SP HEIGHT="40" HPOS="876" VPOS="2617" WIDTH="27" />
<String CONTENT="int." HEIGHT="40" HPOS="904" VPOS="2617" WIDTH="86" />
<SP HEIGHT="38" HPOS="991" VPOS="2618" WIDTH="30" />
<String CONTENT="20663;" HEIGHT="47" HPOS="1022" VPOS="2617" WIDTH="170" />
<SP HEIGHT="37" HPOS="1193" VPOS="2628" WIDTH="31" />
<String CONTENT="pubcl." HEIGHT="47" HPOS="1225" VPOS="2618" WIDTH="143" />
<SP HEIGHT="39" HPOS="1369" VPOS="2618" WIDTH="30" />
<String CONTENT="Aug." HEIGHT="48" HPOS="1400" VPOS="2618" WIDTH="119" />
<SP HEIGHT="40" HPOS="1520" VPOS="2617" WIDTH="30" />
<String CONTENT="28;" HEIGHT="47" HPOS="1551" VPOS="2617" WIDTH="82" />
<SP HEIGHT="46" HPOS="1634" VPOS="2618" WIDTH="34" />
<String CONTENT="Herbert" HEIGHT="40" HPOS="1669" VPOS="2618" WIDTH="210" />
<SP HEIGHT="40" HPOS="1880" VPOS="2618" WIDTH="30" />
<String CONTENT="Heather," HEIGHT="47" HPOS="1911" VPOS="2618" WIDTH="231" />
</TextLine>
<TextLine HEIGHT="39" HPOS="228" VPOS="2675" WIDTH="212">
<String CONTENT="London." HEIGHT="39" HPOS="228" VPOS="2675" WIDTH="212" />
</TextLine>
<TextLine HEIGHT="69" HPOS="157" STYLEREFS="StyleId-0DB66772-B934-4BC6-BF91-18220144F1ED-" VPOS="2774" WIDTH="1986">
<String CONTENT="Rockwood," HEIGHT="65" HPOS="157" VPOS="2774" WIDTH="342" />
<SP HEIGHT="61" HPOS="500" VPOS="2778" WIDTH="36" />
<String CONTENT="Mrs." HEIGHT="50" HPOS="537" VPOS="2778" WIDTH="137" />
<SP HEIGHT="51" HPOS="675" VPOS="2776" WIDTH="37" />
<String CONTENT="Lemo" HEIGHT="52" HPOS="713" VPOS="2776" WIDTH="177" />
<SP HEIGHT="52" HPOS="891" VPOS="2776" WIDTH="36" />
<String CONTENT="Theressa" HEIGHT="53" HPOS="928" VPOS="2775" WIDTH="292" />
<SP HEIGHT="63" HPOS="1221" VPOS="2776" WIDTH="30" />
<String CONTENT="(Dennis)" HEIGHT="64" HPOS="1252" VPOS="2775" WIDTH="282" />
<SP HEIGHT="63" HPOS="1535" VPOS="2776" WIDTH="49" />
<String CONTENT="1896-" HEIGHT="49" HPOS="1585" VPOS="2782" WIDTH="169" />
<SP HEIGHT="34" HPOS="1755" VPOS="2795" WIDTH="211" />
<String CONTENT="comp." HEIGHT="50" HPOS="1967" VPOS="2793" WIDTH="176" />
</TextLine>
<TextLine CS="1" HEIGHT="148" HPOS="153" STYLEREFS="StyleId-0DB66772-B934-4BC6-BF91-18220144F1ED-" VPOS="2850" WIDTH="1967">
<String CONTENT="Pictures" HEIGHT="52" HPOS="222" VPOS="2852" WIDTH="257" />
<SP HEIGHT="35" HPOS="480" VPOS="2870" WIDTH="29" />
<String CONTENT="of" HEIGHT="54" HPOS="510" VPOS="2851" WIDTH="63" />
<SP HEIGHT="52" HPOS="574" VPOS="2851" WIDTH="29" />
<String CONTENT="family" HEIGHT="69" HPOS="604" VPOS="2851" WIDTH="206" />
<SP HEIGHT="68" HPOS="811" VPOS="2852" WIDTH="27" />
<String CONTENT="life;" HEIGHT="67" HPOS="839" VPOS="2851" WIDTH="131" />
<SP HEIGHT="50" HPOS="971" VPOS="2869" WIDTH="30" />
<String CONTENT="young" HEIGHT="51" HPOS="1002" VPOS="2869" WIDTH="192" />
<SP HEIGHT="50" HPOS="1195" VPOS="2870" WIDTH="27" />
<String CONTENT="people&#8217;s" HEIGHT="67" HPOS="1223" VPOS="2852" WIDTH="243" />
<SP HEIGHT="52" HPOS="1467" VPOS="2853" WIDTH="30" />
<String CONTENT="descriptions" HEIGHT="68" HPOS="1498" VPOS="2850" WIDTH="376" />
<SP HEIGHT="34" HPOS="1875" VPOS="2872" WIDTH="27" />
<String CONTENT="of" HEIGHT="53" HPOS="1903" VPOS="2852" WIDTH="63" />
<SP HEIGHT="52" HPOS="1967" VPOS="2852" WIDTH="31" />
<String CONTENT="family" HEIGHT="146" HPOS="153" VPOS="2852" WIDTH="1967" />
<SP HEIGHT="68" HPOS="236" VPOS="2930" WIDTH="30" />
<String CONTENT="life;" HEIGHT="66" HPOS="267" VPOS="2929" WIDTH="131" />
</TextLine>
<TextLine CS="1" HEIGHT="147" HPOS="153" STYLEREFS="StyleId-0DB66772-B934-4BC6-BF91-18220144F1ED-" VPOS="2928" WIDTH="1967">
<String CONTENT="assembled" HEIGHT="53" HPOS="436" VPOS="2929" WIDTH="309" />
<SP HEIGHT="53" HPOS="746" VPOS="2929" WIDTH="33" />
<String CONTENT="for" HEIGHT="52" HPOS="780" VPOS="2929" WIDTH="93" />
<SP HEIGHT="47" HPOS="874" VPOS="2933" WIDTH="29" />
<String CONTENT="the" HEIGHT="51" HPOS="904" VPOS="2931" WIDTH="95" />
<SP HEIGHT="52" HPOS="1000" VPOS="2930" WIDTH="30" />
<String CONTENT="American" HEIGHT="52" HPOS="1031" VPOS="2930" WIDTH="305" />
<SP HEIGHT="51" HPOS="1337" VPOS="2931" WIDTH="31" />
<String CONTENT="home" HEIGHT="52" HPOS="1369" VPOS="2931" WIDTH="164" />
<SP HEIGHT="34" HPOS="1534" VPOS="2949" WIDTH="31" />
<String CONTENT="economics" HEIGHT="55" HPOS="1566" VPOS="2928" WIDTH="309" />
<SP HEIGHT="33" HPOS="1876" VPOS="2950" WIDTH="32" />
<String CONTENT="association" HEIGHT="129" HPOS="153" VPOS="2931" WIDTH="1967" />
<SP HEIGHT="52" HPOS="275" VPOS="3007" WIDTH="39" />
<String CONTENT="by" HEIGHT="68" HPOS="315" VPOS="3007" WIDTH="74" />
<SP HEIGHT="49" HPOS="390" VPOS="3026" WIDTH="41" />
<String CONTENT="a" HEIGHT="33" HPOS="432" VPOS="3026" WIDTH="31" />
</TextLine>
<TextLine HEIGHT="70" HPOS="508" STYLEREFS="StyleId-0DB66772-B934-4BC6-BF91-18220144F1ED-" VPOS="3006" WIDTH="1637">
<String CONTENT="committee" HEIGHT="52" HPOS="508" VPOS="3008" WIDTH="318" />
<SP HEIGHT="36" HPOS="827" VPOS="3024" WIDTH="39" />
<String CONTENT="of" HEIGHT="52" HPOS="867" VPOS="3008" WIDTH="62" />
<SP HEIGHT="52" HPOS="930" VPOS="3008" WIDTH="40" />
<String CONTENT="the" HEIGHT="53" HPOS="971" VPOS="3007" WIDTH="95" />
<SP HEIGHT="51" HPOS="1067" VPOS="3008" WIDTH="43" />
<String CONTENT="Division" HEIGHT="54" HPOS="1111" VPOS="3006" WIDTH="265" />
<SP HEIGHT="34" HPOS="1377" VPOS="3026" WIDTH="41" />
<String CONTENT="of" HEIGHT="52" HPOS="1419" VPOS="3007" WIDTH="64" />
<SP HEIGHT="53" HPOS="1484" VPOS="3007" WIDTH="39" />
<String CONTENT="the" HEIGHT="51" HPOS="1524" VPOS="3009" WIDTH="96" />
<SP HEIGHT="53" HPOS="1621" VPOS="3007" WIDTH="42" />
<String CONTENT="family" HEIGHT="69" HPOS="1664" VPOS="3007" WIDTH="206" />
<SP HEIGHT="50" HPOS="1871" VPOS="3026" WIDTH="43" />
<String CONTENT="and" HEIGHT="51" HPOS="1915" VPOS="3010" WIDTH="112" />
<SP HEIGHT="53" HPOS="2028" VPOS="3008" WIDTH="42" />
<String CONTENT="its" HEIGHT="54" HPOS="2071" VPOS="3008" WIDTH="74" />
</TextLine>
<TextLine HEIGHT="69" HPOS="156" STYLEREFS="StyleId-0DB66772-B934-4BC6-BF91-18220144F1ED-" VPOS="3084" WIDTH="1989">
<String CONTENT="relationships," HEIGHT="68" HPOS="156" VPOS="3084" WIDTH="420" />
<SP HEIGHT="64" HPOS="577" VPOS="3084" WIDTH="41" />
<String CONTENT="Mildred" HEIGHT="53" HPOS="619" VPOS="3084" WIDTH="253" />
<SP HEIGHT="51" HPOS="873" VPOS="3086" WIDTH="42" />
<String CONTENT="B." HEIGHT="50" HPOS="916" VPOS="3086" WIDTH="66" />
<SP HEIGHT="50" HPOS="983" VPOS="3086" WIDTH="44" />
<String CONTENT="Thurow," HEIGHT="64" HPOS="1028" VPOS="3085" WIDTH="267" />
<SP HEIGHT="45" HPOS="1296" VPOS="3104" WIDTH="41" />
<String CONTENT="chairman;" HEIGHT="64" HPOS="1338" VPOS="3085" WIDTH="321" />
<SP HEIGHT="45" HPOS="1660" VPOS="3104" WIDTH="46" />
<String CONTENT="compiled" HEIGHT="68" HPOS="1707" VPOS="3085" WIDTH="281" />
<SP HEIGHT="53" HPOS="1989" VPOS="3087" WIDTH="43" />
<String CONTENT="and" HEIGHT="52" HPOS="2033" VPOS="3088" WIDTH="112" />
</TextLine>
<TextLine CS="1" HEIGHT="70" HPOS="158" STYLEREFS="StyleId-0DB66772-B934-4BC6-BF91-18220144F1ED-" VPOS="3161" WIDTH="1987">
<String CONTENT="edited" HEIGHT="54" HPOS="158" VPOS="3161" WIDTH="188" />
<SP HEIGHT="53" HPOS="347" VPOS="3162" WIDTH="33" />
<String CONTENT="by" HEIGHT="68" HPOS="381" VPOS="3162" WIDTH="74" />
<SP HEIGHT="68" HPOS="456" VPOS="3162" WIDTH="34" />
<String CONTENT="Lemo" HEIGHT="53" HPOS="491" VPOS="3162" WIDTH="172" />
<SP HEIGHT="52" HPOS="664" VPOS="3163" WIDTH="36" />
<String CONTENT="Dennis" HEIGHT="53" HPOS="701" VPOS="3163" WIDTH="217" />
<SP HEIGHT="53" HPOS="919" VPOS="3163" WIDTH="35" />
<String CONTENT="Rockwood" HEIGHT="55" HPOS="955" VPOS="3162" WIDTH="322" />
<SP HEIGHT="53" HPOS="1278" VPOS="3164" WIDTH="41" />
<String CONTENT="&#8230;" CS="1" />
<SP HEIGHT="34" HPOS="1377" VPOS="3181" WIDTH="40" />
<String CONTENT="assisted" HEIGHT="55" HPOS="1418" VPOS="3162" WIDTH="237" />
<SP HEIGHT="54" HPOS="1656" VPOS="3163" WIDTH="33" />
<String CONTENT="by" HEIGHT="68" HPOS="1690" VPOS="3163" WIDTH="75" />
<SP HEIGHT="68" HPOS="1766" VPOS="3163" WIDTH="35" />
<String CONTENT="Marion" HEIGHT="54" HPOS="1802" VPOS="3162" WIDTH="230" />
<SP HEIGHT="52" HPOS="2033" VPOS="3165" WIDTH="34" />
<String CONTENT="H." HEIGHT="52" HPOS="2068" VPOS="3165" WIDTH="77" />
</TextLine>
<TextLine CS="1" HEIGHT="147" HPOS="157" STYLEREFS="StyleId-0DB66772-B934-4BC6-BF91-18220144F1ED-" VPOS="3237" WIDTH="1963">
<String CONTENT="Steele." HEIGHT="56" HPOS="159" VPOS="3237" WIDTH="195" />
<SP HEIGHT="53" HPOS="355" VPOS="3240" WIDTH="74" />
<String CONTENT="Washington," HEIGHT="69" HPOS="430" VPOS="3238" WIDTH="399" />
<SP HEIGHT="65" HPOS="830" VPOS="3241" WIDTH="38" />
<String CONTENT="D." HEIGHT="52" HPOS="869" VPOS="3241" WIDTH="70" />
<SP HEIGHT="55" HPOS="940" VPOS="3239" WIDTH="40" />
<String CONTENT="C.," HEIGHT="67" HPOS="981" VPOS="3239" WIDTH="81" />
<SP HEIGHT="66" HPOS="1063" VPOS="3240" WIDTH="37" />
<String CONTENT="American" HEIGHT="53" HPOS="1101" VPOS="3240" WIDTH="307" />
<SP HEIGHT="51" HPOS="1409" VPOS="3242" WIDTH="34" />
<String CONTENT="home" HEIGHT="52" HPOS="1444" VPOS="3242" WIDTH="165" />
<SP HEIGHT="35" HPOS="1610" VPOS="3259" WIDTH="38" />
<String CONTENT="economics" HEIGHT="56" HPOS="1649" VPOS="3239" WIDTH="310" />
<SP HEIGHT="34" HPOS="1960" VPOS="3262" WIDTH="38" />
<String CONTENT="association," HEIGHT="123" HPOS="157" VPOS="3261" WIDTH="1963" />
<SP HEIGHT="62" HPOS="384" VPOS="3322" WIDTH="33" />
<String CONTENT="1935." HEIGHT="50" HPOS="418" VPOS="3320" WIDTH="150" />
</TextLine>
<TextLine CS="1" HEIGHT="48" HPOS="227" VPOS="3391" WIDTH="337">
<String CONTENT="x," HEIGHT="36" HPOS="227" VPOS="3401" WIDTH="45" />
<SP />
<String CONTENT="303" HEIGHT="40" HPOS="299" VPOS="3391" WIDTH="88" />
<SP HEIGHT="47" HPOS="388" VPOS="3392" WIDTH="22" />
<String CONTENT="p." HEIGHT="36" HPOS="411" VPOS="3403" WIDTH="41" />
<SP HEIGHT="39" HPOS="453" VPOS="3391" WIDTH="55" />
<String CONTENT="20&#189;cm." CS="1" HEIGHT="39" HPOS="509" VPOS="3391" WIDTH="55" />
</TextLine>
<TextLine CS="1" HEIGHT="54" HPOS="164" VPOS="3442" WIDTH="1982">
<String CONTENT="&#169;" HEIGHT="53" HPOS="164" VPOS="3442" WIDTH="53" />
<SP HEIGHT="53" HPOS="218" VPOS="3442" WIDTH="24" />
<String CONTENT="June" HEIGHT="39" HPOS="243" VPOS="3448" WIDTH="126" />
<SP HEIGHT="39" HPOS="370" VPOS="3448" WIDTH="24" />
<String CONTENT="10," HEIGHT="49" HPOS="395" VPOS="3447" WIDTH="68" />
<SP HEIGHT="48" HPOS="464" VPOS="3448" WIDTH="28" />
<String CONTENT="1935;" CS="1" HEIGHT="40" HPOS="493" VPOS="3447" WIDTH="113" />
<SP HEIGHT="46" HPOS="633" VPOS="3448" WIDTH="28" />
<String CONTENT="2c." HEIGHT="39" HPOS="662" VPOS="3448" WIDTH="65" />
<SP HEIGHT="29" HPOS="728" VPOS="3458" WIDTH="29" />
<String CONTENT="and" HEIGHT="38" HPOS="758" VPOS="3449" WIDTH="95" />
<SP HEIGHT="38" HPOS="854" VPOS="3449" WIDTH="25" />
<String CONTENT="aff." HEIGHT="39" HPOS="880" VPOS="3448" WIDTH="82" />
<SP HEIGHT="39" HPOS="963" VPOS="3448" WIDTH="29" />
<String CONTENT="June" HEIGHT="39" HPOS="993" VPOS="3448" WIDTH="124" />
<SP HEIGHT="38" HPOS="1118" VPOS="3449" WIDTH="27" />
<String CONTENT="13;" HEIGHT="47" HPOS="1146" VPOS="3448" WIDTH="79" />
<SP HEIGHT="47" HPOS="1226" VPOS="3448" WIDTH="30" />
<String CONTENT="A" HEIGHT="39" HPOS="1257" VPOS="3448" WIDTH="40" />
<SP HEIGHT="40" HPOS="1298" VPOS="3448" WIDTH="27" />
<String CONTENT="83578;" HEIGHT="47" HPOS="1326" VPOS="3448" WIDTH="170" />
<SP HEIGHT="45" HPOS="1497" VPOS="3450" WIDTH="29" />
<String CONTENT="Amer." HEIGHT="38" HPOS="1527" VPOS="3450" WIDTH="159" />
<SP HEIGHT="38" HPOS="1687" VPOS="3450" WIDTH="24" />
<String CONTENT="home" HEIGHT="38" HPOS="1712" VPOS="3450" WIDTH="142" />
<SP HEIGHT="31" HPOS="1855" VPOS="3458" WIDTH="24" />
<String CONTENT="economics" HEIGHT="41" HPOS="1880" VPOS="3450" WIDTH="266" />
</TextLine>
<TextLine HEIGHT="47" HPOS="231" VPOS="3503" WIDTH="474">
<String CONTENT="assn." HEIGHT="29" HPOS="231" VPOS="3514" WIDTH="126" />
<SP HEIGHT="47" HPOS="358" VPOS="3503" WIDTH="69" />
<String CONTENT="(35-17481)" HEIGHT="47" HPOS="428" VPOS="3503" WIDTH="277" />
</TextLine>
<TextLine HEIGHT="71" HPOS="227" STYLEREFS="StyleId-0DB66772-B934-4BC6-BF91-18220144F1ED-" VPOS="3602" WIDTH="1919">
<String CONTENT="Teaching" HEIGHT="69" HPOS="227" VPOS="3602" WIDTH="291" />
<SP HEIGHT="69" HPOS="519" VPOS="3602" WIDTH="28" />
<String CONTENT="family" HEIGHT="69" HPOS="548" VPOS="3602" WIDTH="206" />
<SP HEIGHT="49" HPOS="755" VPOS="3622" WIDTH="30" />
<String CONTENT="relationships" HEIGHT="68" HPOS="786" VPOS="3604" WIDTH="400" />
<SP HEIGHT="54" HPOS="1187" VPOS="3604" WIDTH="29" />
<String CONTENT="in" HEIGHT="53" HPOS="1217" VPOS="3604" WIDTH="60" />
<SP HEIGHT="47" HPOS="1278" VPOS="3611" WIDTH="27" />
<String CONTENT="the" HEIGHT="51" HPOS="1306" VPOS="3607" WIDTH="95" />
<SP HEIGHT="51" HPOS="1402" VPOS="3607" WIDTH="26" />
<String CONTENT="high" HEIGHT="68" HPOS="1429" VPOS="3605" WIDTH="140" />
<SP HEIGHT="51" HPOS="1570" VPOS="3607" WIDTH="31" />
<String CONTENT="school;" HEIGHT="67" HPOS="1602" VPOS="3606" WIDTH="215" />
<SP HEIGHT="49" HPOS="1818" VPOS="3624" WIDTH="35" />
<String CONTENT="a" HEIGHT="33" HPOS="1854" VPOS="3625" WIDTH="31" />
<SP HEIGHT="34" HPOS="1886" VPOS="3624" WIDTH="28" />
<String CONTENT="manual" HEIGHT="54" HPOS="1915" VPOS="3605" WIDTH="231" />
</TextLine>
<TextLine CS="1" HEIGHT="74" HPOS="156" STYLEREFS="StyleId-0DB66772-B934-4BC6-BF91-18220144F1ED-" VPOS="3678" WIDTH="1992">
<String CONTENT="for" HEIGHT="53" HPOS="156" VPOS="3678" WIDTH="92" />
<SP HEIGHT="46" HPOS="249" VPOS="3685" WIDTH="18" />
<String CONTENT="teachers," HEIGHT="65" HPOS="268" VPOS="3681" WIDTH="268" />
<SP HEIGHT="65" HPOS="537" VPOS="3681" WIDTH="18" />
<String CONTENT="by" HEIGHT="66" HPOS="556" VPOS="3681" WIDTH="75" />
<SP HEIGHT="66" HPOS="632" VPOS="3681" WIDTH="20" />
<String CONTENT="Lemo" HEIGHT="51" HPOS="653" VPOS="3681" WIDTH="170" />
<SP HEIGHT="51" HPOS="824" VPOS="3682" WIDTH="21" />
<String CONTENT="Dennis" HEIGHT="52" HPOS="846" VPOS="3682" WIDTH="215" />
<SP HEIGHT="52" HPOS="1062" VPOS="3683" WIDTH="21" />
<String CONTENT="Rockwood" HEIGHT="55" HPOS="1084" VPOS="3681" WIDTH="321" />
<SP HEIGHT="52" HPOS="1406" VPOS="3683" WIDTH="25" />
<String CONTENT="&#8230;" CS="1" />
<SP HEIGHT="54" HPOS="1488" VPOS="3683" WIDTH="60" />
<String CONTENT="Washington," HEIGHT="69" HPOS="1549" VPOS="3683" WIDTH="399" />
<SP HEIGHT="63" HPOS="1949" VPOS="3686" WIDTH="20" />
<String CONTENT="D." HEIGHT="52" HPOS="1970" VPOS="3686" WIDTH="70" />
<SP HEIGHT="55" HPOS="2041" VPOS="3683" WIDTH="25" />
<String CONTENT="C.," HEIGHT="68" HPOS="2067" VPOS="3683" WIDTH="81" />
</TextLine>
<TextLine HEIGHT="72" HPOS="158" STYLEREFS="StyleId-0DB66772-B934-4BC6-BF91-18220144F1ED-" VPOS="3755" WIDTH="1395">
<String CONTENT="American" HEIGHT="54" HPOS="158" VPOS="3755" WIDTH="303" />
<SP HEIGHT="51" HPOS="462" VPOS="3758" WIDTH="26" />
<String CONTENT="home" HEIGHT="52" HPOS="489" VPOS="3758" WIDTH="163" />
<SP HEIGHT="34" HPOS="653" VPOS="3776" WIDTH="27" />
<String CONTENT="economics" HEIGHT="55" HPOS="681" VPOS="3758" WIDTH="306" />
<SP HEIGHT="35" HPOS="988" VPOS="3778" WIDTH="29" />
<String CONTENT="association," HEIGHT="68" HPOS="1018" VPOS="3759" WIDTH="354" />
<SP HEIGHT="62" HPOS="1373" VPOS="3765" WIDTH="31" />
<String CONTENT="1935." HEIGHT="49" HPOS="1405" VPOS="3764" WIDTH="148" />
</TextLine>
<TextLine CS="1" HEIGHT="50" HPOS="229" VPOS="3828" WIDTH="459">
<String CONTENT="xi," HEIGHT="47" HPOS="229" VPOS="3828" WIDTH="64" />
<SP />
<String CONTENT="117" HEIGHT="39" HPOS="325" VPOS="3830" WIDTH="83" />
<SP HEIGHT="47" HPOS="409" VPOS="3831" WIDTH="31" />
<String CONTENT="p." HEIGHT="38" HPOS="441" VPOS="3840" WIDTH="42" />
<SP HEIGHT="40" HPOS="484" VPOS="3830" WIDTH="59" />
<String CONTENT="20&#189;" CS="1" HEIGHT="39" HPOS="544" VPOS="3830" WIDTH="56" />
<String CONTENT="cm" HEIGHT="20" HPOS="632" STYLE="superscript" VPOS="3832" WIDTH="42" />
<String CONTENT="." HEIGHT="8" HPOS="681" VPOS="3862" WIDTH="7" />
</TextLine>
<TextLine CS="1" HEIGHT="52" HPOS="230" VPOS="3884" WIDTH="1915">
<String CONTENT="The" HEIGHT="40" HPOS="230" VPOS="3884" WIDTH="103" />
<SP HEIGHT="29" HPOS="334" VPOS="3895" WIDTH="27" />
<String CONTENT="manual" HEIGHT="37" HPOS="362" VPOS="3887" WIDTH="196" />
<SP HEIGHT="39" HPOS="559" VPOS="3885" WIDTH="33" />
<String CONTENT="is" HEIGHT="41" HPOS="593" VPOS="3885" WIDTH="41" />
<SP HEIGHT="39" HPOS="635" VPOS="3887" WIDTH="31" />
<String CONTENT="divided" HEIGHT="41" HPOS="667" VPOS="3885" WIDTH="193" />
<SP HEIGHT="38" HPOS="861" VPOS="3887" WIDTH="32" />
<String CONTENT="into" HEIGHT="39" HPOS="894" VPOS="3887" WIDTH="100" />
<SP HEIGHT="37" HPOS="995" VPOS="3889" WIDTH="32" />
<String CONTENT="three" HEIGHT="39" HPOS="1028" VPOS="3888" WIDTH="136" />
<SP HEIGHT="37" HPOS="1165" VPOS="3898" WIDTH="32" />
<String CONTENT="parts." HEIGHT="47" HPOS="1198" VPOS="3888" WIDTH="149" />
<SP HEIGHT="38" HPOS="1348" VPOS="3888" WIDTH="59" />
<String CONTENT="Part" HEIGHT="40" HPOS="1408" VPOS="3888" WIDTH="120" />
<SP HEIGHT="39" HPOS="1529" VPOS="3889" WIDTH="31" />
<String CONTENT="II," CS="1" HEIGHT="17" HPOS="1605" VPOS="3919" WIDTH="8" />
<SP HEIGHT="47" HPOS="1614" VPOS="3889" WIDTH="33" />
<String CONTENT="Material" HEIGHT="40" HPOS="1648" VPOS="3888" WIDTH="227" />
<SP HEIGHT="39" HPOS="1876" VPOS="3888" WIDTH="31" />
<String CONTENT="for" HEIGHT="40" HPOS="1908" VPOS="3888" WIDTH="79" />
<SP HEIGHT="32" HPOS="1988" VPOS="3897" WIDTH="30" />
<String CONTENT="class" HEIGHT="40" HPOS="2019" VPOS="3889" WIDTH="126" />
</TextLine>
<TextLine HEIGHT="55" HPOS="162" VPOS="3938" WIDTH="1982">
<String CONTENT="discussion," HEIGHT="50" HPOS="162" VPOS="3938" WIDTH="281" />
<SP HEIGHT="47" HPOS="444" VPOS="3941" WIDTH="39" />
<String CONTENT="is" HEIGHT="40" HPOS="484" VPOS="3941" WIDTH="42" />
<SP HEIGHT="40" HPOS="527" VPOS="3941" WIDTH="38" />
<String CONTENT="based" HEIGHT="39" HPOS="566" VPOS="3941" WIDTH="145" />
<SP HEIGHT="38" HPOS="712" VPOS="3943" WIDTH="41" />
<String CONTENT="on" HEIGHT="27" HPOS="754" VPOS="3954" WIDTH="58" />
<SP HEIGHT="36" HPOS="813" VPOS="3946" WIDTH="39" />
<String CONTENT="the" HEIGHT="39" HPOS="853" VPOS="3943" WIDTH="80" />
<SP HEIGHT="30" HPOS="934" VPOS="3952" WIDTH="40" />
<String CONTENT="author's" HEIGHT="40" HPOS="975" VPOS="3943" WIDTH="217" />
<SP HEIGHT="40" HPOS="1193" VPOS="3943" WIDTH="40" />
<String CONTENT="&#8220;Living" HEIGHT="50" HPOS="1234" VPOS="3942" WIDTH="199" />
<SP HEIGHT="46" HPOS="1434" VPOS="3946" WIDTH="40" />
<String CONTENT="together" HEIGHT="45" HPOS="1475" VPOS="3945" WIDTH="217" />
<SP HEIGHT="39" HPOS="1693" VPOS="3945" WIDTH="38" />
<String CONTENT="in" HEIGHT="39" HPOS="1732" VPOS="3945" WIDTH="49" />
<SP HEIGHT="37" HPOS="1782" VPOS="3947" WIDTH="39" />
<String CONTENT="the" HEIGHT="38" HPOS="1822" VPOS="3946" WIDTH="81" />
<SP HEIGHT="39" HPOS="1904" VPOS="3945" WIDTH="38" />
<String CONTENT="family&#8221;" HEIGHT="49" HPOS="1943" VPOS="3944" WIDTH="201" />
</TextLine>
<TextLine HEIGHT="49" HPOS="163" VPOS="3996" WIDTH="998">
<String CONTENT="and" HEIGHT="39" HPOS="163" VPOS="3996" WIDTH="93" />
<SP HEIGHT="39" HPOS="257" VPOS="3996" WIDTH="29" />
<String CONTENT="&#8220;Pictures" HEIGHT="41" HPOS="287" VPOS="3996" WIDTH="246" />
<SP HEIGHT="29" HPOS="534" VPOS="4008" WIDTH="27" />
<String CONTENT="of" HEIGHT="39" HPOS="562" VPOS="3998" WIDTH="51" />
<SP HEIGHT="38" HPOS="614" VPOS="3998" WIDTH="24" />
<String CONTENT="family" HEIGHT="48" HPOS="639" VPOS="3997" WIDTH="172" />
<SP HEIGHT="46" HPOS="812" VPOS="3999" WIDTH="27" />
<String CONTENT="life.&quot;&#8212;Pref." HEIGHT="41" HPOS="840" VPOS="3997" WIDTH="321" />
</TextLine>
</TextBlock>
</PrintSpace>
</Page>
</Layout>
</alto>