2424 4375
1038 3988 131 51 1855

445 544 9 8 CONTENTS.
456 510 412 41 —Introduction.
930 511 101 38 The
1059 508 185 41 science
1276 507 52 42 of
1358 507 308 40 educational
1699 506 305 48 psychology,
2037 506 58 47 by

111 570 192 42 Samuel
333 567 430 42 Smith.—Human
790 564 276 50 equipment
1091 565 92 39 and
1214 562 243 48 behavior,
1484 563 59 47 by
1573 562 225 48 Rudolph
1824 561 273 41 Pintner.—

109 627 101 40 The
283 624 175 48 learning
485 633 206 39 process,
720 624 60 47 by
807 623 44 40 J.
879 623 43 39 J.
948 621 359 48 Ryan.—Tests
1334 619 96 40 and
1456 620 395 46 measurements,
1881 619 59 46 by
1968 618 50 39 P.
2042 618 54 41 V.

112 682 391 42 West.—Mental
552 679 203 49 hygiene
801 678 95 40 and
942 678 253 40 character
1239 675 272 44 education,
1558 676 59 47 by
1658 675 55 40 A.
1757 675 70 41 W.
1878 675 218 40 Aleck.—

111 738 296 49 Psychology
434 737 51 40 of
512 736 161 41 school
702 734 227 49 subjects,
958 734 60 48 by
1046 734 50 39 L.
1123 734 53 39 D.
1205 731 153 42 Crow.

113 805 52 53 ©
194 810 116 38 Nov.
338 807 69 47 29,
437 807 139 40 1935;
607 806 67 40 2c.
703 807 111 38 Dec.
843 806 25 40 3
886 816 8 35 ;
926 804 80 41 aff.
1038 805 111 39 Dec.
1178 804 27 39 4
1222 814 8 36 ;
1263 805 39 38 A
1331 804 146 40 88473
1491 814 9 35 ;
1532 805 188 39 Barnes
1747 804 38 40 &
1813 804 164 46 Noble,
2006 797 92 47 inc.

191 864 191 49 (36-64)

110 968 214 64 Smith,
349 967 253 55 William
630 966 224 55 Elliott.

181 1047 263 51 Between
482 1045 153 52 these
672 1044 164 56 tides,
872 1044 73 65 by
982 1042 259 56 William
1280 1042 208 53 Elliott
1529 1041 205 56 Smith.
112 1039 1963 151 Philadelphia,
291 1123 121 54 The
439 1122 229 53 Tabard
698 1121 98 52 inn
826 1139 171 48 press,
1028 1124 150 50 1935.

197 1206 71 49 [24]
297 1215 43 38 p.
399 1204 58 41 16
457 1206 45 22 cm
506 1234 11 11 .

179 1276 184 40 Poems.

115 1346 52 53 ©
200 1351 112 39 Dec.
347 1351 68 45 17,
451 1348 139 47 1935;
628 1350 66 39 2c.
731 1349 95 39 and
863 1346 80 42 aff.
981 1349 110 38 Dec.
1129 1348 80 45 18;
1248 1348 38 39 A
1323 1347 169 46 88745;
1533 1345 68 42 W.
1641 1348 52 39 E.
1735 1344 170 50 Smith,
184 1346 1899 109 Philadelphia.
462 1406 221 47 (36-132)

112 1511 185 63 Stote,
324 1511 287 63 Dorothy.

183 1586 243 68 Making
452 1587 94 53 the
575 1592 146 48 most
749 1586 63 52 of
839 1604 143 48 your
1008 1586 175 66 looks,
1213 1586 74 66 by
1314 1586 264 66 Dorothy
1610 1586 159 55 Stote
1785 1606 12 44 ;
1831 1585 134 53 with
1996 1604 104 35 one

113 1662 261 56 hundred
396 1664 112 52 and
531 1663 136 69 fifty
688 1661 377 56 illustrations
1086 1663 74 68 by
1183 1662 262 67 Dorothy
1472 1663 260 55 Cochran
1756 1664 342 52 Boardman.

114 1741 139 54 New
282 1742 178 67 York,
489 1739 308 56 Frederick
823 1742 71 54 A.
925 1741 201 56 Stokes
1155 1759 294 49 company,
1485 1745 149 49 1935.

219 1825 1166 52 x p., 1 l., 218 p. front. (port.) illus. 24½ cm .
117 1895 52 53 ©
196 1899 117 41 Nov.
341 1898 69 49 21,
438 1897 140 49 1935;
608 1898 66 40 2c.
703 1899 95 39 and
827 1898 81 40 aff.
935 1899 118 39 Nov.
1082 1897 82 47 23;
1194 1899 42 38 A
1262 1896 170 48 89947;
1464 1897 259 41 Frederick
1751 1898 54 39 A.
1836 1898 171 40 Stokes
2037 1908 67 31 co.

188 1955 281 49 [Copyright
492 1956 41 39 is
559 1955 205 41 claimed
789 1966 58 29 on
873 1966 106 29 new
1004 1955 241 48 material]
1310 1954 279 49 (36-27081)

113 2057 280 66 Sullivan,
424 2059 253 54 Edward
706 2060 182 65 Dean,
919 2063 169 50 1888-

184 2134 1857 70 The fabulous Wilson Mizner, by Edward Dean Sullivan …
116 2213 138 53 New
277 2213 177 67 York,
475 2214 69 53 N.
570 2214 89 66 Y.,
681 2215 119 52 The
825 2214 224 54 Henkle
1072 2232 278 51 company
1399 2217 152 63 [1935]

185 2297 51 41 xi
263 2308 58 39 p.,
349 2298 26 39 1
436 2327 10 19 l.,
472 2296 174 41 15-324
673 2308 45 38 p.
777 2297 162 48 front.,
967 2297 171 51 plates,
1167 2300 149 46 ports.
1374 2297 57 41 23½
1463 2301 44 21 cm
1512 2329 9 10 .

188 2368 139 42 Some
358 2368 53 40 of
439 2368 82 41 the
552 2369 225 48 chapters
810 2369 121 40 have
961 2370 118 40 been
1111 2372 74 38 set
1217 2371 139 40 down
1388 2369 194 49 exactly
1613 2380 55 31 as
1702 2370 184 41 Wilson
1921 2370 184 42 Mizner

114 2425 236 48 prepared
377 2425 145 41 them.
582 2428 61 48 cf.
673 2425 183 41 Introd.

119 2495 52 53 ©
200 2500 117 39 Nov.
347 2500 70 46 15,
446 2499 113 41 1935
577 2510 9 36 ;
617 2499 64 40 2c.
713 2500 117 39 Nov.
860 2499 53 39 21
932 2510 8 36 ;
973 2499 82 40 aff.
1087 2501 109 38 Dec.
1229 2501 54 38 14
1302 2510 8 36 ;
1343 2500 40 38 A
1414 2499 143 41 89864
1575 2511 8 36 ;
1617 2500 193 41 Henkle
1837 2511 66 30 co.

197 2556 191 49 (36-24)

115 2659 264 65 Sweeny,
406 2662 137 52 Mrs.
572 2661 189 54 Sarah
789 2660 215 54 Louisa
1034 2661 334 65 (Banning)

248 2735 1858 70 … Harvest of the wind, by Sarah Louisa Sweeny. Caldwell,
118 2812 107 67 Id.,
253 2813 122 53 The
402 2812 224 56 Caxton
654 2812 265 69 printers,
945 2813 124 67 ltd.,
1097 2817 151 49 1935.

187 2882 85 42 291
302 2894 44 39 p.
403 2883 58 41 19½
491 2885 44 22 cm
540 2915 9 9 .

188 2953 286 41 Illustrated
502 2953 361 48 lining-papers.

121 3023 52 52 ©
206 3028 116 39 Nov.
359 3028 69 46 15,
462 3028 139 46 1935;
638 3027 67 41 2c.
740 3028 94 39 and
871 3027 80 40 aff.
987 3029 110 39 Dec.
1133 3029 82 46 27;
1252 3029 42 38 A
1326 3028 143 41 90008
1488 3040 9 35 ;
1534 3029 189 40 Caxton
1758 3029 226 50 printers,
2020 3031 86 40 ltd.

200 3084 191 49 (36-42)

118 3185 315 66 Takeuchi,
457 3188 258 62 Tatsuji.

123 3264 1985 147 War and diplomacy in the Japanese empire, by Tatsuji Takeuchi … introduction by Quincy Wright. Garden City,
122 3419 68 52 N.
222 3421 90 60 Y.,
341 3419 355 66 Doubleday,
724 3420 196 53 Doran
948 3424 46 49 &
1022 3438 295 49 company,
1348 3420 124 67 inc.,
1504 3424 149 49 1935.

190 3503 100 48 xix,
316 3502 87 41 505
427 3513 43 38 p.
529 3503 56 40 23½
617 3505 44 21 cm
665 3536 9 8 .

194 3570 288 42 “Published
513 3572 60 47 by
604 3575 341 46 arrangement
976 3573 118 41 with
1125 3575 83 40 the
1239 3574 283 48 University
1547 3574 53 41 of
1630 3573 210 49 Chicago
1871 3575 176 47 press.”
2052 3599 56 5 —

123 3637 44 39 p.
200 3626 79 51 [iv]

195 3682 162 41 “First
392 3681 225 43 edition.”

195 3738 129 41 “The
351 3738 317 41 constitution
696 3740 52 39 of
775 3741 82 40 the
881 3741 180 48 empire
1089 3742 52 39 of
1168 3740 188 49 Japan”
1374 3752 10 29 :
1414 3752 41 37 p.
1484 3742 217 41 477-484.

194 3793 374 49 Bibliography:
603 3806 43 36 p.
676 3793 219 45 485-489.

125 3858 53 53 ©
210 3864 110 40 Dec.
353 3864 40 46 6,
426 3864 138 46 1935;
600 3866 66 38 2c.
701 3867 93 37 and
826 3865 81 42 aff.
941 3867 110 39 Dec.
1087 3867 81 45 13;
1204 3867 40 38 A
1277 3866 170 48 88626;
1485 3867 280 49 University
1800 3869 51 40 of
1885 3869 222 47 Chicago,

196 3919 220 47 Chicago.
488 3921 190 45 (36-10)
