2568 4342
1186 4084 64 49 55

221 435 383 66 Fitzpatrick,
634 436 315 54 Frederick
975 435 236 67 Linder,
1243 442 171 49 1900-

292 512 1931 71 Biology [by] Frederick L. Fitzpatrick … [and] Ralph E.
219 591 1980 147 Horton … Boston, New York [etc.] Houghton Mifflin company [c1935]
289 744 95 46 xiv,
413 743 98 47 611,
536 743 84 40 xlv
645 753 42 37 p.
743 744 85 38 col.
855 742 165 48 front.,
1046 741 144 49 illus.,
1218 742 87 40 col.
1331 743 171 47 plates.
1694 774 11 10 19½cm.

292 800 188 40 “Books
508 801 51 39 to
583 799 144 40 read”
756 801 54 39 at
835 800 91 40 end
953 799 51 39 of
1030 799 117 40 each
1173 799 216 48 chapter.

223 853 55 52 ©
309 858 109 39 Jan.
455 858 39 46 7,
529 855 140 48 1935;
707 856 65 40 2c.
809 856 109 40 Jan.
954 856 82 46 21;
1075 855 80 39 aff.
1193 857 109 39 Jan.
1341 855 54 40 19;
1459 856 40 39 A
1533 855 170 47 79279;
1743 856 49 38 F.
1829 856 50 39 L.
1917 856 304 48 Fitzpatrick

290 916 96 38 and
426 915 161 47 Ralph
624 915 51 37 E.
718 914 205 46 Horton,
965 913 117 39 New
1122 913 144 39 York.
1331 912 281 50 [Copyright
1652 913 42 40 is
1736 913 204 40 claimed
1982 925 64 29 on
2084 914 136 40 front

288 973 193 45 matter,
514 972 100 38 last
644 971 204 47 chapter
879 971 95 38 and
1007 971 236 48 glossary]
1315 970 251 48 (35-1306)

219 1060 321 66 Flanagan,
567 1061 156 55 John
752 1060 291 58 Clemans.

289 1136 1931 71 Factor analysis in the study of personality [by] John
220 1217 262 55 Clemans
537 1216 317 68 Flanagan.
932 1215 282 55 Stanford
1271 1215 354 70 University,
1684 1215 195 68 Calif.,
1936 1216 286 55 Stanford

218 1294 317 69 university
569 1312 175 50 press,
782 1297 151 52 1935.

289 1381 45 35 x,
365 1368 86 41 103
481 1380 42 37 p.
584 1369 157 39 tables
768 1368 49 49 (1
846 1367 145 50 fold.)
1031 1368 179 48 diagrs.
1270 1367 58 42 20
1330 1369 44 22 cm
1378 1401 9 9 .

289 1426 126 40 Text
445 1424 505 49 photolithographed.

292 1482 146 39 “This
462 1482 135 41 work
620 1482 42 40 is
686 1492 28 29 a
740 1481 153 41 thesis
918 1480 257 49 presented
1201 1483 49 38 to
1275 1482 81 39 the
1380 1480 191 49 faculty
1596 1482 51 40 of
1671 1482 82 40 the
1780 1481 252 42 Graduate
2057 1484 164 41 school

219 1540 52 40 of
301 1541 104 39 arts
435 1540 99 39 and
562 1538 212 41 sciences
804 1540 51 40 of
884 1539 231 39 Harvard
1147 1537 272 49 university
1447 1538 51 40 in
1528 1538 183 49 partial
1740 1538 286 42 fulfillment
2053 1539 56 42 of
2136 1542 84 39 the

221 1596 350 48 requirements
600 1595 82 40 for
709 1596 85 40 the
824 1596 171 46 degree
1026 1596 51 39 of
1109 1596 167 40 doctor
1306 1594 52 41 of
1387 1594 289 49 philosophy
1710 1594 372 51 [1934]”—Pref.

289 1652 376 48 Bibliography:
697 1664 42 37 p.
770 1651 187 42 92-100.

221 1705 51 52 ©
302 1710 108 39 Jan.
439 1710 41 47 4,
510 1708 113 41 1935;
681 1708 68 41 2c.
778 1710 95 39 and
902 1708 82 41 aff.
1015 1709 108 39 Jan.
1154 1709 82 46 14;
1267 1708 43 39 A
1337 1707 171 49 79179;
1540 1710 163 39 Board
1735 1710 54 39 of
1815 1712 212 39 trustees
2055 1712 53 40 of
2138 1712 83 40 the

287 1766 184 40 Leland
498 1766 234 41 Stanford
760 1766 169 48 junior
956 1766 144 47 univ.,
1131 1765 236 41 Stanford
1396 1765 287 49 University
1710 1766 144 42 Calif.

298 1823 250 49 (35-1418)

220 1913 214 64 Frank,
463 1914 264 52 Herman
755 1912 415 65 Washington,
1203 1918 171 50 1860-

289 1987 331 71 Scrapbook
666 1989 65 54 of
775 2009 30 33 a
853 1994 240 48 western
1139 1989 251 68 pioneer,
1434 1989 77 69 by
1556 1989 261 54 Herman
1862 1991 91 54 W.
2001 1990 217 54 Frank.

217 2066 1268 70 Los Angeles, Calif., Times-mirror press [c1934]
287 2139 1458 51 7 p. l., 256, [8] p. front., plates, ports., facsims. 26 cm .
222 2195 51 52 ©
306 2201 111 39 Dec.
452 2200 69 46 12,
554 2199 141 47 1934;
731 2199 67 40 2c.
832 2200 109 39 Jan.
977 2200 41 47 3,
1183 2209 8 37 1935;
1227 2197 81 42 aff.
1344 2200 111 39 Dec.
1488 2198 70 50 24,
1594 2199 142 49 1934;
1771 2201 41 39 A
1843 2201 171 48 78838;
2052 2203 60 38 H.
2148 2203 70 40 W.

288 2257 178 47 Frank,
498 2258 92 39 Los
620 2256 219 48 Angeles.
911 2256 251 48 (35-1373)

217 2332 269 66 Georgia.
564 2334 180 53 Court
772 2334 63 66 of
861 2333 253 68 appeals.

288 2409 1928 70 Reports of cases decided … at the March term, 1934. v. 49.
219 2488 234 54 Stevens
486 2491 112 51 and
632 2490 274 66 Graham,
937 2494 301 63 reporters.
1304 2489 262 68 Atlanta,
1598 2491 121 53 The
1751 2493 289 52 Harrison
215 2511 1980 126 company,
414 2572 152 50 1935.

287 2642 118 48 xlix,
434 2641 86 42 947
545 2653 42 37 p.
644 2642 53 40 23
702 2644 47 21 cm
751 2672 9 9 .

221 2696 50 51 ©
297 2701 108 39 Jan.
428 2699 69 48 12,
520 2698 141 48 1935;
685 2698 66 41 2c.
778 2700 96 39 and
897 2697 81 41 aff.
1005 2697 109 40 Jan.
1139 2698 82 47 16;
1248 2698 41 38 A
1312 2696 171 48 79243;
1513 2698 140 41 State
1676 2699 51 39 of
1752 2699 221 48 Georgia,
1999 2701 218 40 Atlanta.

219 2817 264 67 Gielgud,
568 2819 55 52 Val
652 2819 223 63 Henry.

285 2898 238 51 Murder
545 2899 61 50 in
632 2896 95 52 the
753 2894 207 55 studio.
1029 2894 362 67 [Instalment
1419 2901 47 59 1]

298 2971 84 48 (In
404 2965 238 45 Pictorial
671 2964 205 53 weekly,
904 2965 116 42 Dec.
1048 2966 72 48 22,
1149 2964 144 50 1934)

223 3023 1995 52 © 1c. Feb. 8, 1935; A ad int. 19938; pubd. Dec. 14, 1934; V. H. Gielgud,
287 3086 210 39 London.

219 3162 265 64 Golding,
513 3159 197 56 Louis.

286 3240 120 52 The
431 3258 213 34 runner
667 3238 61 52 in
753 3237 97 53 the
874 3235 186 69 night.

299 3314 80 48 (In
410 3309 337 52 Story-teller,
774 3307 128 51 Jan.,
931 3306 144 50 1935)

224 3364 1993 54 © 1c. Feb. 8, 1935; A ad int. 19937; pubd. Dec. 14, 1934; L. Golding,
288 3427 211 41 London.

220 3503 277 65 Graham,
524 3501 255 56 William
809 3497 342 66 Creighton,
1182 3498 172 54 1887-

290 3581 120 53 The
453 3580 273 68 prophets
771 3578 113 52 and
928 3575 227 55 Israel’s
1199 3575 236 66 culture,
1477 3575 76 66 by
1594 3575 260 56 William
1900 3578 317 69 Creighton

223 3653 1991 72 Graham … Chicago, Ill., The University of Chicago press
225 3740 167 64 [1934]

359 3842 8 16 xv,
401 3811 81 39 117
508 3821 42 37 p.
609 3807 58 41 20
667 3810 44 21 cm
715 3838 8 7 .
795 3804 298 50 (Half-title:
1121 3804 104 40 The
1253 3801 285 50 University
1568 3802 52 41 of
1650 3802 210 49 Chicago
1891 3806 327 47 publications

222 3860 1701 54 in religious education … Handbooks of ethics and religion)
293 3924 245 41 “Selected
566 3918 395 49 bibliography”:
991 3929 42 37 p.
1067 3916 216 50 [97]-111.

227 3977 49 51 ©
306 3982 110 38 Dec.
447 3981 68 41 31,
545 3978 140 46 1934;
714 3977 66 39 2c.
814 3977 95 38 and
939 3973 80 41 aff.
1051 3975 109 39 Jan.
1192 3975 39 45 7,
1262 3973 140 47 1935;
1435 3973 41 39 A
1506 3971 170 48 79081;
1710 3973 283 51 University

2024 3978 54 40 of
290 3979 1909 105 Chicago,
448 4035 221 47 Chicago.
740 4031 250 50 (35-1422)
