2526 4384
1345 4014 103 51 230

449 458 741 51 6 p. l., 11-239 p. illus. 19½cm.
450 517 68 40 “A
545 517 84 41 list
657 518 51 40 of
734 517 340 41 birth-control
1101 516 167 41 clinics
1298 517 47 39 in
1377 517 84 41 the
1488 515 178 43 United
1698 516 190 42 States”:
1950 528 43 38 p.
2022 516 215 42 220-230.

450 574 136 41 “List
611 574 52 41 of
689 574 151 41 books
861 574 83 41 for
967 574 196 40 further
1189 572 229 50 reading”:
1477 585 41 37 p.
1546 573 216 42 235-236.

380 641 53 52 ©
459 644 110 40 Feb.
595 644 69 47 21,
691 642 141 49 1935;
861 644 68 39 2c.
955 644 98 39 and
1079 643 81 40 aff.
1188 644 111 39 Feb.
1327 643 83 48 26;
1439 644 41 39 A
1508 642 169 49 79825;
1707 644 266 48 Vanguard
1998 654 149 38 press,
2174 643 91 40 inc.

459 701 251 50 (35-3436)

380 801 273 67 Flowers,
681 804 282 63 Sumpter
987 804 133 65 Lee,
1149 809 171 50 1881-

453 880 1857 69 The mystery of Lookout mountain, by S. Lee Flowers …
385 959 232 66 Boston,
651 959 121 52 The
809 958 376 69 Christopher
1218 958 335 69 publishing
1587 960 174 52 house
1978 992 13 35 [c1935]

448 1032 83 41 183
562 1043 41 38 p.
662 1032 55 40 19½cm.

382 1100 53 52 ©
461 1103 110 40 Feb.
596 1102 69 48 20,
689 1102 114 41 1935;
857 1102 66 41 2c.
952 1104 96 39 and
1074 1101 81 42 aff.
1184 1104 120 38 Mar.
1330 1103 28 38 4;
1413 1103 41 39 A
1480 1102 141 41 80711;
1680 1103 315 47 Christopher
2021 1102 109 49 pub.
2158 1104 163 38 house.

461 1159 250 50 (35-3425)

383 1263 248 66 Franck,
658 1265 202 63 Harry
885 1264 307 65 Alverson,
1224 1270 170 50 1881-

459 1339 54 54 A
539 1339 298 70 vagabond
862 1339 61 54 in
947 1339 317 55 sovietland;
1322 1339 310 56 America’s
1659 1338 294 71 perennial
1980 1338 245 56 rambler
2249 1355 131 53 goes

388 1417 223 69 tourist,
641 1417 75 70 by
744 1418 199 69 Harry
972 1418 70 54 A.
1076 1417 254 68 Franck;
1363 1417 142 55 with
1536 1416 292 71 forty-five
1858 1416 432 70 reproductions
2316 1416 64 56 of

388 1494 390 71 photographs
823 1495 112 53 and
981 1517 33 35 a
1059 1513 149 51 map.
1299 1495 138 55 New
1483 1494 180 69 York,
1708 1494 307 56 Frederick
2061 1494 70 57 A.
2179 1493 199 56 Stokes

391 1589 295 52 company,
714 1575 152 53 1935.

456 1643 1198 51 xv, 267 p., 1 l. front., plates, facsim. 21 cm .
461 1701 138 48 Maps
629 1711 61 30 on
720 1702 363 48 lining-papers.

388 1772 53 52 ©
471 1776 121 39 Mar.
624 1775 40 47 1,
694 1774 118 41 1935;
869 1775 67 40 2c.
967 1775 96 40 and
1095 1774 80 42 aff.
1209 1776 121 39 Mar.
1364 1775 25 40 5;
1450 1775 41 39 A
1524 1774 144 41 79919;
1730 1775 261 41 Frederick
2021 1777 52 38 A.
2111 1776 170 40 Stokes
2314 1785 66 31 co.

466 1832 250 48 (35-3406)

387 1933 283 66 Gardner,
699 1935 189 53 David
916 1935 303 56 Marshall.

458 2011 1860 68 A rainbow for every cloud [by] David M. Gardner …
389 2087 312 67 Nashville,
731 2089 195 65 Tenn.,
957 2089 329 52 Broadman
1316 2107 155 48 press
1507 2122 14 33 [
1526 2095 18 21 c
1548 2092 133 50 1935]

457 2160 87 40 105
571 2172 41 37 p.
670 2161 54 40 19½cm.

390 2214 53 52 ©
469 2218 110 39 Jan.
606 2218 38 46 8,
670 2217 141 47 1935;
840 2218 67 39 2c.
937 2217 107 40 Jan.
1073 2218 81 46 22;
1187 2217 81 40 aff.
1296 2217 110 40 Jan.
1434 2217 82 47 21;
1546 2218 41 38 A
1615 2216 169 48 79314;
1818 2217 197 48 Sunday
2044 2218 161 39 school
2233 2217 149 41 board

459 2275 52 40 of
536 2276 82 39 the
645 2275 242 41 Southern
914 2274 199 49 Baptist
1135 2273 302 42 convention.
1508 2274 251 50 (35-3450)

390 2375 182 66 Gidel,
603 2377 226 54 Gilbert
860 2378 261 65 Charles,
1153 2383 171 49 1880-

524 2454 1859 69 … Le droit international public de la mer. Le temps de
393 2531 152 68 paix.
610 2537 39 47 t.
679 2535 46 50 3.
755 2534 84 51 La
867 2551 120 34 mer
1013 2533 348 53 territoriale
1385 2539 54 47 et
1468 2535 54 50 la
1552 2550 137 34 zone
1716 2533 320 67 continguë.
2103 2533 278 54 Château-

389 2628 160 49 roux,
578 2611 181 66 Impr.
790 2628 107 49 par
925 2612 78 51 les
1034 2599 468 64 Établissements
1529 2612 308 64 Mellottée,
1871 2614 149 50 1934.

459 2683 1285 50 4 p. l., [11]-813, [1] p. table, fold. maps. 25½ cm .
463 2740 236 40 Contains
721 2739 377 48 bibliographies
1124 2741 99 38 and
1249 2739 402 48 bibliographical
1678 2740 276 40 foot-notes.

462 2796 67 40 At
552 2797 124 39 head
703 2796 52 39 of
782 2796 110 40 title:
950 2796 187 40 Gilbert
1164 2795 152 41 Gidel.

462 2849 560 51 “Exemplaire C 013.”
395 2906 1989 52 © Dec. 19, 1934; 1c. Mar. 5, 1935; A-Foreign 27186; Gilbert Gidel,
463 2966 154 40 Paris.

396 3065 215 67 Gordy,
639 3066 228 56 Wilbur
895 3066 160 65 Fisk,
1089 3072 169 50 1854-

396 3142 1988 148 American history, pt. 2, for grade 7B. Founding the nation. By Wilbur Fisk Gordy … and Frederic Ernst … New
397 3298 1456 69 York, Chicago [etc.] C. Scribner’s sons [ c 1934]
465 3371 116 48 xvii,
615 3373 68 48 [1],
711 3372 88 40 230
823 3383 43 37 p.
923 3372 128 40 illus.
1080 3372 129 48 (inch
1239 3373 148 47 ports,
1416 3375 162 47 maps)
1643 3372 59 40 19½c
1748 3374 26 20 m
1780 3403 8 8 ·

397 3425 53 52 ©
482 3429 108 39 Jan.
622 3429 69 47 11,
721 3428 140 47 1935;
894 3429 67 39 2c.
995 3429 121 39 Mar.
1148 3429 53 47 7;
1236 3427 80 41 aff.
1351 3429 109 39 Jan.
1492 3427 82 48 29;
1607 3429 41 39 A
1680 3428 168 46 80834;
1886 3427 204 40 Charles
2123 3425 265 42 Scribner’s

465 3495 126 30 sons.

398 3585 202 65 Gould,
632 3586 225 64 George
885 3586 235 64 Milbry,
1152 3592 324 51 1848-1922.

399 3661 1989 224 Gould’s medical dictionary; the words and phrases generally used in medicine and the allied sciences, with their pronunciation and derivation, by George M. Gould … edited by
400 3895 67 52 R.
492 3895 56 54 J.
572 3895 67 52 E.
663 3893 162 56 Scott…
931 3895 114 52 and
1067 3893 61 56 C.
1152 3895 69 54 V.
1247 3895 341 53 Brownlow.
1647 3894 98 52 4th
1768 3911 113 35 rev.
1903 3893 83 52 ed.
2045 3891 162 55 With
2230 3891 156 53 illus-
