2424 4375
1202 4092 103 54 724

273 465 195 51 North
503 468 260 50 western
794 470 281 62 reporter;
1111 484 149 34 cases
1295 466 213 67 argued
1544 467 111 52 and
1689 468 350 53 determined
2073 469 61 52 in
2166 468 98 52 the

345 549 186 46 courts
566 543 63 53 of
661 545 174 64 Iowa,
868 543 313 67 Michigan,
1213 544 340 65 Minnesota,
1585 545 310 67 Nebraska,
1929 546 185 53 North
343 547 1896 139 Dakota,
537 621 182 54 South
761 621 244 65 Dakota,
1045 620 338 67 Wisconsin,
1425 622 140 51 with
1604 622 108 67 key
1752 623 237 52 number
344 629 1895 122 annotations.
577 717 51 34 v.
661 702 117 49 258.
846 698 519 68 January-March,
1399 703 149 49 1935.
1621 698 84 56 St.
1737 702 164 65 Paul,
1931 702 161 53 West
346 701 1891 141 publishing
585 795 96 46 co.,
712 780 148 49 1935.

347 849 96 48 xiv,
471 849 54 40 1007
610 860 44 37 p.
713 849 58 40 26
772 852 44 20 cm
820 880 8 8 .

274 915 52 53 ©
352 920 115 46 May
491 920 41 46 7,
558 918 113 41 1935;
726 918 67 41 2c.
822 920 94 39 and
943 918 81 41 aff.
1052 919 129 40 June
1205 920 56 40 17;
1315 921 40 38 A
1383 918 141 42 83625;
1580 920 138 41 West
1745 920 108 48 pub.
1882 930 67 31 co.

277 1022 226 64 Novak,
535 1021 170 64 Emil,
740 1027 168 49 1883-

342 1098 1917 68 The woman asks the doctor, by Emil Novak … illustrated
275 1176 69 66 by
389 1176 136 55 Carl
569 1176 226 55 Clarke.
875 1177 330 64 Baltimore,
1248 1177 121 52 The
1410 1176 287 55 Williams
1739 1180 46 49 &
1824 1177 249 54 Wilkins
276 1195 1959 125 company,
476 1257 151 49 1935.

343 1335 45 37 x,
421 1325 83 41 189
535 1336 43 38 p.
638 1324 141 48 illus.,
811 1325 177 49 diagrs.
1049 1325 114 41 21cm.

273 1378 1986 53 © May 23, 1935; 2c. and aff. May 24; A 83280; Williams & Wilkins co.
352 1439 250 49 (35-7883)

271 1540 381 66 Oppenheim,
682 1541 251 53 Edward
962 1540 264 65 Phillips,
1258 1547 168 50 1866-

399 1616 1862 69 … Un forban d’aujourd’hui (The light beyond) traduit par
269 1693 1298 68 Maurice Rémon. [Paris] Hachette [ 1934]
341 1766 84 40 250
448 1777 41 37 p.
553 1766 52 40 18½
639 1768 43 21 cm
688 1798 8 8 .
767 1766 96 48 (On
885 1776 162 30 cover:
1073 1766 117 40 “Les
1219 1766 243 40 meilleurs
1488 1777 193 29 romans
1710 1765 303 48 étrangers”)

342 1824 59 39 At
427 1824 121 39 head
575 1824 53 39 of
653 1823 135 39 title:
818 1822 51 40 E.
897 1823 204 47 Phillips
1129 1821 308 49 Oppenheim.

273 1877 1986 53 © Oct. 17, 1934; 1c. Mar. 5, 1935; A-Foreign 27125; Librairie Hachette.
353 1937 249 49 (35-7978)

270 2041 204 63 Orczy,
503 2041 343 63 Emmuska,
875 2041 276 52 baroness.

341 2119 119 51 The
489 2119 337 52 uncrowned
854 2118 167 67 king;
1054 2137 31 33 a
1113 2124 126 47 true
1264 2136 260 36 romance
1550 2117 67 53 of
1641 2119 96 53 the
1765 2119 144 67 ’60’s,
1937 2119 74 67 by
269 2120 1965 129 Baroness
379 2196 200 66 Orczy.
642 2196 90 53 bk.
761 2199 49 63 2,
835 2197 161 66 chap.
1024 2199 49 49 2.
1100 2202 46 47 3.
1234 2199 31 48 [2
1291 2198 375 64 instalments]

351 2270 79 47 (In
460 2265 190 44 British
676 2265 201 52 weekly,
955 2279 72 38 Apr.
1056 2267 70 49 25,
1153 2266 117 51 May
1299 2268 40 48 2,
1371 2266 142 50 1935)

269 2322 1984 52 © 1c. each June 4, 1935; A ad int. 20296; pubd. Apr. 25, May 2;
341 2385 52 37 E.
422 2383 165 47 Orczy,
615 2384 164 38 Monte
805 2383 156 47 Carlo,
990 2384 215 46 Monaco,
1233 2383 198 39 France.

266 2484 212 54 Pacific
504 2491 270 61 reporter.
840 2486 216 55 Second
1082 2485 184 53 series.
1331 2487 166 54 Cases
1526 2486 213 67 argued
1766 2486 112 52 and
1905 2485 348 53 determined

336 2564 61 51 in
428 2565 94 50 the
553 2570 185 46 courts
771 2564 62 52 of
862 2565 269 65 Arizona,
1160 2563 341 67 California,
1534 2563 299 67 Colorado,
1865 2564 200 66 Idaho,
337 2564 1892 142 Kansas,
492 2644 294 64 Montana,
836 2643 251 65 Nevada,
1138 2644 138 51 New
1326 2642 240 65 Mexico,
1618 2642 337 66 Oklahoma,
2008 2641 245 67 Oregon,

341 2720 171 53 Utah,
537 2719 398 66 Washington,
962 2721 325 64 Wyoming,
1314 2720 139 50 with
1480 2720 107 65 key
1612 2720 237 51 number
1876 2718 358 53 annotations.

337 2812 49 36 v.
415 2800 67 49 40
514 2797 127 65 (2d)
714 2796 550 67 February-March,
1294 2799 148 49 1935.
1511 2797 81 54 St.
1622 2796 164 66 Paul,
1811 2798 162 53 West
336 2796 1891 143 publishing
463 2892 98 47 co.,
588 2877 147 50 1935.

334 2947 97 46 xvi,
461 2946 112 39 1214
599 2957 41 37 p.
701 2946 115 40 26½cm.

268 2998 52 53 ©
342 3004 112 47 May
478 3002 69 49 20,
573 3002 113 41 1935;
742 3003 66 39 2c.
834 3004 94 38 and
954 3002 81 40 aff.
1062 3003 124 39 June
1210 3003 82 46 17;
1320 3003 40 38 A
1385 3001 142 42 83626;
1582 3003 135 39 West
1744 3002 108 47 pub.
1879 3013 68 29 co.

267 3105 384 65 Richardson,
680 3106 159 63 Cyril
869 3106 259 54 Charles.

336 3182 120 52 The
493 3181 381 68 Christianity
908 3182 64 53 of
1006 3181 263 68 Ignatius
1304 3181 64 53 of
1401 3181 267 67 Antioch,
1703 3182 74 67 by
1814 3180 162 69 Cyril
2012 3182 234 55 Charles

269 3260 368 52 Richardson.
711 3260 138 52 New
885 3261 177 58 York,
1100 3259 297 55 Columbia
1434 3259 314 67 university
1785 3278 172 47 press,
1995 3264 147 49 1935.

335 3344 31 27 x
390 3344 57 36 p..
471 3332 25 39 2
522 3333 44 46 1.,
608 3331 163 42 [3]-120
792 3342 58 37 p.,
875 3333 24 38 1
924 3334 29 37 1.
1006 3332 55 38 22½
1094 3334 44 21 cm
1142 3363 9 8 .

339 3390 146 38 “This
515 3389 134 40 work
679 3392 270 45 represents
982 3399 23 29 a
1041 3389 132 45 large
1204 3386 190 49 portion
1428 3388 52 38 of
1512 3398 24 29 a
1573 3387 150 40 thesis
1756 3386 195 41 written
1985 3388 152 39 under
2169 3388 82 40 the

266 3445 302 49 supervision
606 3445 52 40 of
696 3446 83 40 the
814 3444 188 48 faculty
1042 3444 52 41 of
1131 3443 157 41 Union
1327 3444 285 47 theological
1651 3444 258 47 seminary.
1949 3444 116 39 New
2102 3444 143 45 York,

266 3503 93 38 and
389 3502 226 47 accepted
642 3502 61 47 by
730 3502 128 39 them
887 3501 78 38 for
993 3502 81 39 the
1100 3502 169 46 degree
1299 3500 52 39 of
1379 3501 165 39 doctor
1572 3500 51 39 of
1653 3500 455 47 theology.”—Pref.

335 3559 346 47 Bibliography:
738 3569 42 37 p.
815 3557 244 50 [105]-108.

268 3610 52 53 ©
356 3616 113 46 May
503 3615 69 46 15,
608 3613 112 41 1935;
786 3614 67 39 2c.
890 3615 112 46 May
1037 3614 54 39 16;
1157 3612 79 41 aff.
1276 3613 113 48 May
1426 3613 54 40 18;
1547 3614 39 38 A
1623 3612 135 41 81901;
1830 3613 247 40 Columbia
2118 3611 126 40 univ.

334 3682 149 37 press.
553 3670 248 49 (35-7948)

265 3772 167 59 Rnffi,
460 3772 170 52 Hélia
656 3773 88 52 de.

392 3845 1466 66 … Abîmes, roman. Paris, J. Tallandier ½1934]
333 3916 1603 48 2 p. l. , 7-224 p. 18 cm . (On cover: Le livre de la femme. [1]
267 3971 1815 52 © Feb. 15, 1935; 1c. Apr. 5; A- Foreign 27554; H. de Ruffi, Paris.
346 4031 247 48 (35-7977)
