2424 4375
1053 4056 99 40 345

116 439 274 64 Albrand,
422 437 325 56 Carlheinz.

245 511 1853 69 … Foto-humor; fotomontage, scherz, ulk und trick. 1.-3.
114 591 246 52 tausend.
424 589 192 68 Halle,
640 588 90 55 W.
759 588 276 70 Heering,
1066 591 149 51 1934.

183 662 66 48 71,
284 662 54 50 [1]
367 672 43 37 p.
470 662 128 39 illus.
657 661 54 39 21
716 663 44 22 cm
764 692 9 9 .

181 718 309 48 Advertising
517 719 204 39 matter:
751 727 44 38 p.
826 717 156 42 67-71.

117 774 1985 53 © Mar. 20, 1934; 1c. May 9; A-Foreign 24619; Dr. Walther Heering
183 836 175 45 verlag.
428 833 250 49 (35-4517)

114 924 233 64 Algren,
377 923 237 65 Nelson,
649 928 170 51 1909-

187 1001 316 68 Somebody
531 1001 61 53 in
620 1001 181 67 boots,
829 1019 31 35 a
887 1002 185 67 novel,
1095 1001 79 68 by
1201 1001 211 53 Nelson
1440 1001 238 68 Algren.
1753 1001 139 53 New
1922 1001 178 66 York,

115 1080 118 53 The
262 1080 315 67 Vanguard
609 1097 159 50 press
802 1111 14 35 [
819 1084 19 23 c
842 1081 151 65 1935]

182 1152 600 48 5 p. l., 3-322 p. 21½ cm .
115 1206 51 53 ©
190 1212 118 38 Mar.
334 1209 70 48 27,
429 1208 117 41 1935;
599 1209 67 40 2c.
694 1209 97 40 and
815 1208 82 41 aff.
926 1209 122 39 Mar.
1075 1207 82 48 28;
1187 1208 42 39 A
1256 1208 169 47 81207;
1457 1208 265 48 Vanguard
1750 1218 149 39 press,
1928 1206 89 41 inc.

192 1265 245 51 (35-4419)

114 1357 262 63 Almond,
404 1356 174 65 Nina,
607 1357 83 52 ed.

241 1432 1857 69 … The treaty of St. Germain; a documentary history of its
114 1512 304 53 territorial
444 1512 112 52 and
580 1512 258 68 political
863 1513 230 65 clauses,
1114 1510 140 53 with
1280 1530 31 34 a
1336 1528 203 51 survey
1564 1511 63 53 of
1650 1511 95 53 the
1770 1511 327 53 documents

115 1589 60 52 of
203 1591 91 51 the
325 1589 273 67 Supreme
626 1590 220 51 council
871 1589 63 52 of
964 1589 95 52 the
1089 1589 167 52 Paris
1284 1608 169 48 peace
1483 1589 348 65 conference,
1859 1591 239 51 selected

115 1667 106 52 and
253 1666 185 53 edited
469 1667 75 67 by
574 1666 152 54 Nina
757 1666 254 53 Almond
1042 1666 113 53 and
1187 1665 192 69 Ralph
1411 1668 256 52 Haswell
1697 1668 163 51 Lutz.
115 1667 1958 130 Stanford
287 1743 351 69 University,
684 1743 194 69 Calif.,
924 1743 282 55 Stanford
1248 1743 317 69 university
1609 1764 184 49 press;
1840 1746 258 68 London,

114 1823 72 55 H.
214 1821 262 68 Milford,
505 1821 230 55 Oxford
763 1822 317 67 university
1108 1840 174 49 press,
1314 1825 149 50 1935.

182 1908 111 35 xxx,
332 1895 87 41 712
453 1907 43 37 p.
564 1896 31 38 4
630 1895 119 40 fold.
788 1905 136 38 maps
953 1894 48 48 (3
1042 1895 50 39 in
1130 1894 197 48 pocket)
1402 1895 56 41 23
1461 1897 45 21 cm
1510 1926 8 8 .
1598 1895 223 49 ([Leland
1865 1896 234 43 Stanford

112 1952 161 48 junior
302 1945 279 55 university.
643 1951 221 49 Library]
924 1952 197 39 Hoover
1148 1962 103 29 war
1283 1952 188 47 library
1500 1951 300 49 publication.
1875 1963 75 30 no.
1985 1954 50 47 5)

115 2006 51 53 ©
190 2010 117 40 Mar.
334 2010 69 48 27,
431 2007 139 49 1935;
600 2009 66 39 2c.
696 2008 97 40 and
821 2006 81 42 aff.
930 2009 112 47 Apr.
1072 2008 53 47 8;
1154 2009 42 39 A
1223 2007 169 49 82430;
1424 2010 162 39 Board
1614 2010 55 40 of
1695 2012 210 38 trustees
1935 2011 54 39 of
2018 2011 84 41 the

182 2067 178 39 Leland
389 2066 232 41 Stanford
647 2064 163 48 junior
839 2065 143 45 univ.,
1014 2065 233 41 Stanford
1274 2066 144 44 univ.,
1449 2066 144 40 Calif.

115 2153 242 67 Andres,
388 2155 210 55 Stefan
630 2155 163 62 Paul,
826 2159 168 50 1906-

242 2231 1855 66 … Die unsichtbare mauer, roman. Jena, E. Diederichs
120 2311 186 64 [c1934]

180 2380 690 50 2 p. l., 3-241 p., 1 l. 21 cm .
179 2438 64 40 At
266 2439 122 39 head
414 2439 51 39 of
490 2438 107 41 title:
657 2438 171 41 Stefan
855 2438 200 39 Andres.

182 2495 191 41 “Erstes
403 2495 74 40 bis
506 2494 178 41 viertes
718 2493 249 41 tausend.”

115 2546 1984 54 © Oct. 3, 1934; 1c. Feb. 19, 1935; A-Foreign 26931; Eugen Diederichs
181 2609 174 47 verlag.
425 2609 249 48 (35-4554)

113 2695 192 67 Bates,
334 2698 254 53 Herbert
619 2700 237 62 Ernest,
884 2702 171 50 1905-

183 2771 117 54 The
332 2774 261 67 poacher,
622 2772 79 70 by
731 2773 77 53 H.
844 2773 66 52 E.
944 2773 187 53 Bates.
1200 2772 260 68 London,
1493 2772 56 55 J.
1586 2772 156 69 Cape
1833 2776 118 64 [1935]

183 2842 577 51 2 p. l., 7-303 p. 20 cm .
118 2896 1979 55 © 1c. Mar. 9, 1935; A ad int. 20001; pubd. Jan. 21; H. E. Bates, Little
181 2958 161 49 Chart,
372 2961 141 47 Kent,
546 2962 235 46 England.
851 2960 250 48 (35-4524)

116 3044 266 71 Bennett,
410 3051 226 53 Horace
663 3048 240 66 Wilson,
933 3054 171 50 1862-

185 3125 209 69 Bright
423 3126 203 68 yellow
658 3127 154 68 gold,
845 3126 74 68 by
951 3126 228 53 Horace
1210 3126 89 54 W.
1335 3127 262 53 Bennett.
1673 3128 423 67 Philadelphia.

121 3200 243 71 Chicago
417 3209 119 62 [etc.]
570 3204 124 54 The
720 3204 56 55 J.
808 3202 64 56 C.
894 3201 268 58 Winston
1189 3221 279 50 company
1577 3208 119 63 [c1935]

181 3275 98 44 viii,
305 3276 81 41 223
414 3288 40 37 p.
510 3278 84 39 col.
620 3277 164 45 front.,
812 3277 168 48 plates.
1038 3275 55 40 19½
1125 3278 44 21 cm
1175 3307 7 8 .

117 3326 51 53 ©
192 3332 106 40 Feb.
327 3332 67 48 25,
423 3333 139 47 1935;
592 3333 65 40 2c.
687 3335 95 38 and
809 3333 81 40 aff.
919 3334 121 39 Mar.
1067 3332 82 47 29;
1179 3333 42 39 A
1248 3332 168 48 82256;
1448 3334 59 38 H.
1538 3333 71 39 W.
1638 3334 223 48 Bennett,
1892 3337 203 40 Denver.

191 3387 245 50 (35-4454)

116 3473 199 70 Berry,
344 3478 217 54 Claude
583 3478 227 64 Perrin,
839 3479 169 54 1877-

185 3554 1848 69 The law of automobiles, by C. P. Berry … 7th ed. …
120 3628 262 71 Chicago,
410 3631 318 70 Callaghan
758 3633 113 54 and
898 3650 298 51 company,
1224 3636 150 49 1935.

185 3705 27 38 6
239 3715 41 29 v.
339 3704 55 40 26
397 3706 43 21 cm
444 3737 9 8 .

186 3759 128 48 Kept
338 3771 66 37 up
429 3763 47 37 to
504 3762 111 38 date
645 3762 61 46 by
732 3761 170 48 pocket
931 3761 328 47 supplements
1287 3762 48 38 to
1365 3761 58 39 be
1450 3760 214 41 inserted
1695 3763 52 40 at
1776 3764 91 38 end
1895 3764 53 39 of
1976 3765 115 40 each

119 3815 195 39 volume.

188 3868 226 42 Contents
442 3881 59 29 on
529 3871 135 41 front
691 3870 360 48 lining-papers.

119 3919 1960 97 © Mar. 5, 1935; 2c. each Mar. 9; affs. Mar. 20; A 81107-81112; Calllaghan & co. (35-4470)
