2526 4384
1252 4082 101 49 124

288 464 244 65 Riddell,
560 468 138 51 Mrs.
727 465 295 56 Florence.

415 539 1811 72 I go wandering; a travel biography [by] Florence Riddell …
290 620 407 69 Philadelphia
724 622 113 56 and
862 621 259 68 London,
1144 620 58 56 J.
1229 622 68 52 B.
1325 620 356 69 Lippincott,
1711 624 151 50 1935.

357 692 87 40 315
470 703 43 38 p.
574 692 162 46 front.,
765 692 172 48 plates,
966 696 149 45 ports.
1174 693 54 39 21
1234 695 43 21 cm
1281 723 8 9 .

293 748 1826 51 © Feb. 4, 1935; 2c. and aff. Feb. 9; A 79603; J. B. Lippincott co.
371 807 250 49 (35-2545)

295 910 291 66 [Roberts,
614 912 138 51 Mrs.
782 910 218 55 Ursula
1031 910 294 67 (Wyllie)]
1361 912 170 53 1887-

362 987 177 53 Blind
562 1005 128 34 men
713 987 254 68 crossing
990 1006 32 34 a
1045 987 218 69 bridge,
1287 1006 31 34 a
1342 986 184 69 novel,
1547 988 75 68 by
1648 986 185 55 Susan
1855 987 168 53 Miles
2070 987 212 68 [pseud.]

293 1067 137 52 New
460 1065 179 68 York,
667 1065 309 53 Frederick
1003 1065 70 54 A.
1105 1065 199 55 Stokes
1332 1082 298 52 company,
1660 1068 151 50 1935.

363 1139 558 50 4 p. l., [3]-853 p. 21 cm.
295 1192 51 51 ©
374 1196 110 40 Feb.
512 1197 68 46 14,
607 1195 140 48 1935;
776 1195 64 41 2c.
870 1197 95 39 and
995 1195 80 40 aff.
1105 1196 108 39 Feb.
1242 1196 81 46 16;
1351 1196 39 39 A
1419 1195 169 47 80440;
1620 1196 178 40 Ursula
1829 1196 219 46 Roberts,
2077 1195 210 41 London.

372 1252 250 49 (35-2486)

294 1352 316 69 Robinson,
638 1353 208 56 Daniel
873 1358 284 62 Sommer,
1188 1360 171 52 1888-

368 1432 268 54 Political
671 1431 203 67 ethics;
916 1452 67 33 an
1023 1431 350 70 application
1410 1431 63 53 of
1508 1432 207 53 ethical
1752 1430 309 69 principles
2096 1437 58 47 to

298 1448 1993 130 political relations, by Daniel Sommer Robinson … New York,
298 1585 1169 71 Thomas Y. Crowell company [ c 1935 ]
366 1657 984 49 2 p. l., vii-xviii, 288 p. diagrs. 19½cm.
369 1715 175 39 “What
575 1717 49 37 to
656 1715 145 40 read”
831 1719 51 37 at
914 1716 91 39 end
1038 1715 52 41 of
1119 1717 118 39 each
1266 1716 215 47 chapter.

298 1771 54 52 ©
381 1775 106 39 Feb.
522 1775 38 42 8,
591 1775 113 39 1935;
763 1774 66 40 2c.
863 1774 109 39 Feb.
1004 1776 54 38 15:
1117 1775 81 39 aff.
1231 1776 108 39 Feb.
1372 1777 55 37 14;
1487 1776 39 38 A
1557 1774 142 41 80437;
1758 1776 210 39 Thomas
1999 1776 52 38 Y.
2086 1776 204 40 Crowell

364 1843 65 29 co.
502 1831 249 47 (35-2392)

294 1935 191 62 Rowe,
514 1935 188 55 Anne.

369 2011 132 53 Men
537 2029 92 34 are
662 2017 229 62 strange
926 2013 197 57 lovers,
1155 2012 72 67 by
1262 2015 164 49 Anne
1461 2013 188 52 Rowe.
1726 2013 136 51 New
1897 2013 177 61 York,
2108 2015 68 49 A.
2212 2014 71 51 H.

298 2089 160 68 King
671 2123 12 33 [c1935]

365 2162 84 41 288
477 2173 42 37 p.
577 2161 57 40 19½
665 2165 43 21 cm
712 2193 8 7 .

300 2215 56 53 ©
382 2220 109 38 Feb.
522 2220 68 46 18,
621 2218 139 45 1935;
791 2219 65 40 2c.
886 2221 95 39 and
1012 2219 81 40 aff.
1124 2219 109 40 Feb.
1265 2218 80 47 19;
1377 2219 41 39 A
1448 2219 169 47 80483;
1651 2220 171 40 Alfred
1854 2221 60 38 H.
1945 2219 141 48 King,
2119 2220 89 39 inc.

377 2275 251 50 (35-2540)

297 2377 335 68 Saminsky,
663 2381 240 64 Lazare,
937 2386 171 50 1882-

370 2455 1857 72 Music of the ghetto and the Bible, by Lazare Saminsky …
300 2536 137 52 New
464 2535 179 67 York,
670 2536 180 52 Bloch
875 2535 335 68 publishing
1233 2554 296 50 company,
1556 2541 151 49 1934.

367 2609 80 47 vii,
478 2609 83 39 261
592 2620 41 36 p.
692 2608 128 41 illus.
850 2608 200 49 (music)
1118 2608 53 39 22
1175 2611 45 21 cm
1224 2640 8 9 .

301 2663 1990 51 © Dec. 21, 1934; 2c. Jan. 9, 1935; aff. Jan. 30; A 79105; Bloch pub. co.,
367 2723 89 39 inc.
527 2721 250 49 (35-2375)

298 2822 284 67 Seabury,
609 2827 138 51 Mrs.
777 2824 332 54 Katharine
1139 2826 288 52 Emerson
1458 2826 267 64 (Hovey)
1764 2825 170 56 1877-

372 2900 121 52 The
527 2899 107 54 fun
667 2900 64 55 of
761 2900 217 68 having
1009 2900 255 54 children
1402 2935 12 33 [by]
1454 2900 321 53 Katharine
1810 2900 269 68 Seabury.
304 2899 1965 141 Boston,

448 2977 275 63 Lothrop,
750 2977 107 52 Lee
888 2978 111 53 and
1030 2976 259 64 Shepard
1319 2995 294 45 company,
1643 2980 148 49 1935.

372 3048 84 48 xii,
484 3047 87 40 202
599 3058 43 37 p.
701 3048 58 40 19½cm.

303 3104 51 51 ©
391 3109 107 38 Jan.
535 3107 68 47 25,
642 3107 139 47 1935;
820 3108 66 40 2c.
923 3109 109 39 Jan.
1068 3108 81 46 26;
1190 3108 79 39 aff.
1309 3110 108 38 Jan.
1454 3109 82 46 28;
1576 3110 40 38 A
1652 3108 169 47 79394;
1863 3109 226 47 Lothrop,
2129 3109 91 39 Lee
2256 3109 37 39 &

372 3165 217 47 Shepard
619 3175 67 29 co.
757 3165 250 47 (35-2505)

297 3254 225 65 Sewall,
551 3255 221 64 Henry,
805 3260 169 49 1855-

378 3329 227 69 Society
643 3332 112 51 and
793 3332 95 52 the
926 3331 228 53 natural
1193 3331 137 66 law;
1373 3349 31 33 a
1441 3332 129 66 plea
1608 3329 92 54 for
1736 3331 96 53 the
1869 3330 169 68 study
2076 3329 63 53 of
305 3329 1961 145 biological

541 3407 364 67 adaptations
939 3426 58 34 as
1030 3426 70 33 an
1129 3407 342 69 inspiration
1502 3407 92 52 for
1624 3409 172 52 social
1831 3407 311 53 mechanics
2275 3441 13 33 [by]

306 3482 1523 70 Henry Sewall … Boston, R. G. Badger [c1933 ]
373 3542 581 60 4 p. l., 7-79 p. 19½c m .
306 3611 51 51 ©
389 3616 116 37 Nov.
538 3613 70 49 21,
641 3614 116 39 1933;
816 3614 66 39 2c.
918 3614 106 39 Jan.
1059 3616 68 47 18,
1160 3614 113 41 1936;
1337 3615 80 40 aff.
1452 3616 107 39 Jan.
1595 3615 58 41 19;
1712 3617 41 38 A
1784 3616 141 40 79275;
1990 3616 213 38 Richard
2240 3615 38 40 G

373 3672 202 46 Badger.
647 3670 250 48 (35-2501)

302 3757 423 66 Shakespeare,
755 3758 272 64 William,
1062 3765 323 51 1564-1616.

375 3834 423 68 Forty-minute
836 3836 162 67 plays
1037 3836 149 54 from
1226 3837 403 67 Shakespeare,
1666 3837 74 67 by
1776 3839 146 51 Fred
1963 3839 66 53 G.
2072 3839 216 51 Barker

366 3912 1422 70 … New York, The Macmillan company, 1935.
376 3984 133 48 xviii,
532 3984 85 41 395
643 3993 41 38 p.
745 3984 127 40 illus.
901 3984 133 48 (incl.
1059 3985 160 48 maps)
1287 3986 55 40 19½
1374 3989 44 21 cm
1422 4018 10 9 .
1502 3986 123 48 (The
1650 3987 195 39 modern
1873 3986 209 39 readers’
2108 3987 174 47 series)
