2424 4375
1248 4046 135 50 1660

322 403 220 66 Curtis,
570 405 269 52 Mattoon
870 406 258 64 Monroe,
1163 409 171 51 1858-

391 480 1867 70 The story of snuff and snuff boxes, by Mattoon M. Curtis …
321 558 136 52 New
488 558 178 65 York,
692 556 302 70 Liveright
1021 559 335 69 publishing
1380 559 381 68 corporation,
1789 562 150 50 1935.

391 632 103 47 xiii,
528 632 174 40 15-149
733 643 42 37 p.
837 634 169 46 plates.
1067 633 56 40 23½
1156 635 44 21 cm
1205 664 8 9 .

395 688 223 41 “Review
647 689 51 40 of
727 689 205 40 selected
962 689 258 41 literature":
1308 700 41 37 p.
1379 689 216 42 117-137.

324 740 52 53 ©
411 746 117 39 Nov.
565 746 38 47 6,
641 746 140 46 1935;
820 746 64 41 2c.
921 747 118 39 Nov.
1075 748 81 40 13:
1196 746 81 40 aff.
1314 748 118 39 Nov.
1469 748 82 45 11;
1590 748 40 38 A
1666 747 170 47 89348;
1876 749 140 46 Mary
2053 748 50 41 C.
2142 749 175 48 Curtis,

392 802 275 41 Cleveland.
734 803 279 48 (35-30084)

325 905 219 62 Curtis,
572 907 222 52 Robert
823 908 66 54 G.

393 982 120 53 The
545 981 256 54 children
832 982 62 53 of
922 983 167 68 light,
1120 983 71 67 by
1223 982 214 55 Robert
1468 981 208 56 Curtis.
1752 983 256 66 London,
322 983 1972 128 Hutchinson
448 1061 45 49 &
522 1078 97 43 co.,
647 1059 103 54 ltd.
806 1063 129 48 [1935]

394 1130 602 49 2 p. l., 9-288 p. 19 cm .
326 1186 1979 102 © 1c. Nov. 8. 1935; A ad int. 20719: pubd. Sept. 12; R. G. Curtis, Carshalton
624 1250 224 46 Beeches,
884 1251 193 45 Surrey,
1112 1250 235 47 England.
1420 1249 280 47 (35-31981)

325 1353 180 63 Dege,
535 1353 297 54 Florence.

393 1429 155 52 ‘‘The
583 1429 188 68 valley
805 1428 64 54 of
902 1429 237 67 vision”,
1174 1447 191 50 poems
1400 1430 75 69 by
1511 1430 272 52 Florence
1818 1430 174 68 Dege.
2064 1429 257 68 London,

323 1506 274 54 Paradise
630 1524 172 50 press,
834 1510 149 50 1935.

424 1580 27 37 64
482 1590 42 37 p.
585 1580 55 39 22
644 1582 44 21 cm
693 1611 8 8 .

325 1634 1996 53 © 1c. Oct. 28, 1935; A ad int. 20658: pubd. Sept. 8; F. Dege, London.
405 1693 279 49 (35-31957)

326 1797 85 53 De
438 1799 320 65 Laurence,
786 1800 234 53 Lauron
1052 1799 271 65 William,
1354 1804 171 50 1868-

394 1878 121 53 The
537 1878 189 53 school
749 1878 64 53 of
835 1877 195 56 Christ;
1085 1878 93 54 the
1202 1897 143 49 way,
1366 1879 95 53 the
1482 1879 161 52 truth
1666 1879 111 53 and
1801 1878 95 53 the
1918 1877 122 69 life,
2063 1878 94 53 the
2180 1895 139 51 open

324 1956 141 53 door
490 1974 72 35 on
590 1957 97 53 the
713 1962 176 48 secret
914 1957 268 69 teaching
1209 1957 64 53 of
1300 1957 183 67 Jesus,
1511 1958 98 52 the
1637 1957 217 69 genesis
1880 1958 112 52 and
2021 1956 210 54 exodus
2259 1955 63 53 of

325 2034 93 54 the
462 2035 210 52 human
719 2033 186 70 spirit,
949 2035 206 69 higher
1199 2035 268 69 spiritual
1512 2034 146 70 gifts
1701 2037 112 52 and
1857 2040 125 49 true
2030 2033 288 56 Christian

325 2113 292 53 occultism;
675 2113 197 55 official
894 2132 191 36 course
1109 2113 64 55 of
1197 2115 228 55 lessons,
1449 2114 75 69 by
1547 2115 64 51 L.
1633 2114 90 54 W.
1751 2116 70 52 de
1843 2115 304 52 Laurence.
2210 2114 111 52 For

327 2191 93 53 the
477 2191 166 54 home
698 2193 171 67 study
924 2191 65 55 of
1046 2192 268 69 spiritual
1372 2190 405 69 illumination,
1836 2193 268 68 spiritual
2162 2190 159 68 gifts,

325 2270 268 67 spiritual
635 2270 248 70 healing,
928 2271 269 69 seership,
1243 2272 110 52 and
1402 2271 415 69 psychometry.
1900 2270 268 70 Chicago,
2212 2271 109 53 Ill.,

325 2348 121 53 The
473 2349 86 53 De
586 2349 288 54 Laurence
902 2367 296 51 company,
1226 2353 149 49 1935.

394 2422 925 50 2 p. l., 327 p. front. (port.) 20 cm .
331 2475 52 53 ©
414 2480 119 46 Aug.
567 2479 68 47 19,
669 2480 140 46 1935;
845 2480 64 40 2c.
946 2481 128 48 Sept.
1106 2482 53 45 3;
1195 2480 81 40 aff.
1314 2481 124 48 Sept.
1475 2480 80 47 19;
1592 2482 38 38 A
1666 2480 169 45 87202;
1873 2482 73 37 De
1978 2481 246 39 Laurence
2256 2491 64 29 co.

409 2537 279 47 (35-30033)

329 2641 234 64 Dewey,
594 2642 182 64 Lloyd
807 2643 162 55 Ellis.

400 2719 235 53 Outline
681 2720 63 51 of
792 2720 308 67 principles
1147 2721 62 51 of
1257 2721 318 66 budgetary
1623 2721 235 58 control,
1903 2721 73 64 by
2022 2719 182 66 Lloyd
2255 2720 62 50 E.

328 2796 1970 144 Dewey … New York city. New York university press bookstore, 1933.
401 2948 25 38 3
454 2958 42 37 p.
524 2948 15 38 1.,
596 2949 55 38 77
678 2958 42 37 p.
748 2948 108 40 incl.
884 2948 193 47 diagrs.,
1105 2949 167 39 forms.
1328 2947 55 41 23
1385 2951 45 20 cm
1436 2981 7 6 .

397 3003 375 49 Lithographed.

332 3056 52 53 ©
415 3060 101 41 Oct.
547 3061 39 47 6,
617 3060 140 41 1933:
788 3061 67 40 2c.
882 3063 96 38 and
1008 3062 79 39 aff.
1121 3063 120 38 Mar.
1272 3062 68 47 23,
1373 3062 140 46 1934;
1547 3063 39 37 A
1618 3061 169 46 73024;
1822 3062 50 39 L.
1904 3062 50 37 E.
1987 3062 190 45 Dewey.
2209 3060 112 39 New

398 3118 144 39 York.
609 3118 58 46 (C
686 3119 40 38 A
744 3118 205 40 34-1000
966 3118 235 42 Unrev’d)

330 3220 267 64 Duffield,
628 3223 188 53 Anne.

400 3296 160 54 Wild
591 3315 268 50 memory,
889 3296 74 69 by
992 3297 166 52 Anne
1188 3298 260 52 Duffield.
1514 3297 239 53 London
1898 3330 29 33 [etc.]
1965 3296 214 55 Cassell
2210 3293 104 54 and

331 3392 297 50 company,
656 3374 220 53 limited
1073 3408 13 34 [1935]

399 3446 566 50 3 p. l., 378 p. 19½ cm .
333 3499 1986 54 © 1c. Nov. 15, 1935; A ad int. 20743; pubd. Sept. 19; Dorothy Duer
398 3561 221 46 Duffield,
649 3562 289 46 Aldbourne,
970 3561 266 47 Wiltshire,
1268 3562 235 47 England.
1573 3561 279 48 (35-31445)

331 3663 488 65 Dupuy-Mazuel,
851 3665 221 63 Henry.

460 3737 1681 68 … Jeanne de Reims; roman. Paris, A. Michel [1935]
401 3805 1914 53 252 p., 1 l. 19 cm. (Bibliothèque des romans d’histoire, pub. sous la
331 3864 236 41 direction
602 3866 264 47 d’Auguste
895 3867 231 47 Dupouy)

331 3918 1739 54 © July 2, 1935; 1c. Aug, 29; A-Foreign 28888; Albin Michel.
409 3979 279 46 (35-31961)
