2424 4375
1038 4057 130 49 1681

135 414 242 64 Abbott,
408 415 237 64 Austin,
680 419 322 50 1831-1896.

202 491 56 53 A
285 490 151 54 brief
467 491 93 53 for
590 492 98 52 the
716 491 136 54 trial
883 492 62 54 of
977 491 133 54 civil
1139 492 173 53 issues
1343 491 195 55 before
1568 511 31 33 a
1629 491 151 67 jury,
1810 490 74 69 by
1914 490 210 57 Austin

134 567 1992 69 Abbott. 5th. ed., by P. W. Viesselman … Rochester, N. Y.,
133 646 119 52 The
283 646 266 68 Lawyers
576 646 379 67 co-operative
987 645 333 69 publishing
1347 664 297 51 company,
1677 648 148 51 1935.

238 750 8 13 x,
274 720 112 39 1216
413 730 42 37 p.
516 720 103 47 23p
621 722 26 21 m
653 752 8 8 .

131 770 54 53 ©
216 776 118 40 Nov.
367 776 71 48 25,
471 776 113 40 1930
602 787 8 31 ;
647 777 65 39 2c.
745 777 95 39 and
873 776 81 41 aff.
988 777 116 39 Nov.
1140 777 82 46 27;
1258 777 41 38 A
1332 776 142 41 88420
1493 788 9 35 ;
1540 777 228 48 Lawyers
1803 776 322 49 co-operative

202 833 108 46 pub.
335 844 66 29 co.
472 832 279 50 (35-31932)

131 915 307 65 Aduddell,
466 917 204 55 Helen.

204 992 334 70 Quidnunc;
595 993 147 55 facts
794 995 170 52 about
1015 996 236 67 France,
1300 995 76 68 by
1426 997 183 52 Helen
1664 997 289 53 Aduddell
2009 999 109 51 and

130 1069 254 56 Richard
409 1073 87 51 De
519 1073 223 67 Roussy
765 1073 66 52 de
857 1073 173 56 Sales.
1092 1074 219 66 Dallas,
1334 1075 241 51 Atlanta
1623 1079 119 62 [etc.]
1774 1077 65 50 B.
1866 1076 255 65 Upshaw

131 1150 641 69 and company [ c 1935]
199 1226 28 39 2
254 1233 41 38 p.
358 1254 9 13 l.,
395 1223 85 40 110
507 1233 44 38 p.
610 1223 55 41 23
668 1226 44 21 cm
717 1255 9 8 .

202 1278 260 49 Questions
489 1281 95 39 and
614 1290 229 31 answers.

132 1333 51 52 ©
216 1337 100 40 Oct.
350 1337 68 46 12,
450 1337 139 41 1935;
623 1337 66 40 2c.
721 1338 118 39 Nov.
872 1338 80 45 18;
987 1337 80 40 aff.
1100 1338 118 39 Nov.
1250 1337 81 46 16;
1368 1338 38 38 A
1438 1337 171 47 89458;
1644 1339 164 39 Banks
1846 1338 209 47 Upshaw
2089 1340 37 38 &

197 1405 63 28 co.
334 1393 279 48 (35-31413)

129 1475 186 64 Allen,
345 1476 164 64 Lucy
536 1476 203 65 Grace,
771 1476 170 54 1867-

198 1554 241 53 Modern
487 1573 194 34 menus
732 1556 111 51 and
890 1554 231 68 recipes,
1169 1555 75 67 by
1291 1557 158 65 Lucy
1497 1555 67 54 G.
1614 1555 188 53 Allen.
1889 1559 233 65 Boston,

128 1632 193 64 Little,
348 1636 228 52 Brown,
601 1634 112 50 and
739 1650 295 49 company,
1062 1636 148 48 1935.

198 1706 63 46 ix,
287 1705 84 40 335
399 1716 42 37 p.
498 1705 127 39 illus.
680 1704 53 39 21
738 1707 43 21 cm
787 1737 8 8 .

130 1758 51 52 ©
213 1763 118 39 Nov.
363 1761 70 49 22,
467 1761 139 47 1935;
641 1762 66 40 2c.
742 1764 94 38 and
871 1761 80 41 aff.
986 1762 116 39 Nov.
1138 1761 54 40 23
1210 1772 10 36 ;
1256 1763 42 37 A
1330 1762 170 47 88357;
1537 1763 50 39 L.
1624 1762 52 40 G.
1711 1763 153 47 Allen,
1900 1763 220 41 Jamaica

201 1820 153 46 Plain,
382 1821 145 38 Mass.
602 1819 278 49 (35-31431)

133 1909 303 65 [Arnesen,
465 1910 189 52 David
683 1907 298 55 Dietrichs
1009 1908 296 68 Swensen]
1341 1913 172 49 1884-

259 1985 1862 72 … Det lakker mot jul; en fortelling fra gamle dager. Oslo,
128 2068 75 50 H.
232 2066 341 67 Aschehoug
601 2069 45 50 &
672 2085 97 48 co.,
800 2069 147 49 1934.

194 2139 329 48 237 p. 20 ½ cm .
197 2196 229 40 Author's
452 2198 177 45 pseud.,
660 2196 142 39 Peter
829 2196 225 45 Bendow,
1084 2198 50 37 at
1162 2196 123 38 head
1314 2196 51 38 of
1392 2196 121 40 title.

129 2249 1990 52 © Nov. 13, 1934; 1c. Dec. 21; A-Foreign 26521; H. Aschehoug & co.
207 2309 249 48 (35-7357)

129 2398 238 66 Arnold,
399 2399 303 53 Thurman
737 2398 248 64 Wesley,
1021 2404 171 49 1891-

199 2475 1857 69 The symbols of government [by] Thurman W. Arnold …
130 2554 136 53 New
298 2555 224 67 Haven,
555 2555 145 52 Yale
732 2553 315 69 university
1083 2571 182 50 press;
1302 2555 256 66 London,
1591 2555 77 53 H.
1702 2553 265 57 Milford.
130 2556 1961 130 Oxford
290 2631 317 69 university
639 2651 173 49 press,
845 2636 148 50 1935.

201 2706 46 37 vi
274 2716 56 36 p.,
358 2707 16 36 1
443 2734 9 17 l.,
480 2705 85 40 278
591 2716 41 36 p;
693 2705 53 38 21
751 2707 44 21 cm
799 2734 8 8 .

202 2759 1911 47 “In this book we … examine law and economics … as symbolic
133 2816 222 48 thinking
380 2818 95 39 and
500 2818 206 39 conduct
731 2817 158 40 which
913 2816 246 40 condition
1191 2816 78 40 the
1296 2815 231 41 behavior
1554 2816 51 40 of
1630 2827 105 29 men
1764 2816 48 39 in
1838 2817 280 47 groups.’'—

129 2883 42 38 p.
198 2873 62 43 iv.

199 2928 1914 51 “Professor [Edward S.] Robinson's … ‘Law and the lawyers’ is in a
129 2995 137 30 sense
294 2997 27 30 a
351 2986 283 47 companion
663 2986 338 48 volume."—p.
1032 2997 43 30 v.

128 3039 52 53 ©
207 3044 102 40 Oct.
337 3043 68 49 29,
434 3044 115 40 1935
565 3055 8 30 ;
604 3043 67 41 2c.
697 3045 118 38 Nov.
844 3045 50 44 1;
923 3043 83 41 aff.
1036 3043 100 40 Oct.
1167 3043 82 45 31;
1280 3043 42 38 A
1349 3042 146 41 88080
1510 3054 8 30 ;
1549 3043 120 40 Yale
1696 3041 128 42 univ.
1856 3052 148 39 press.

208 3100 278 48 (35-30984)

125 3188 331 65 Aronovici,
486 3192 187 63 Carol,
704 3195 169 48 1881-
1084 3192 83 52 ed.

193 3269 263 53 America
509 3269 147 53 can’t
703 3269 143 52 have
894 3270 262 66 housing,
1205 3268 189 53 edited
1443 3268 74 66 by
1568 3267 170 55 Carol
1788 3267 327 54 Aronovici.

127 3347 136 53 New
292 3347 177 53 York.
498 3348 141 51 Pub.
671 3347 93 52 for
793 3348 93 51 the
916 3346 336 55 Committee
1281 3364 70 34 on
1382 3347 94 50 the
1505 3346 268 67 Housing
1801 3346 312 53 exhibition

126 3425 33 51 by
223 3426 94 51 the
344 3427 259 50 Museum
629 3425 62 51 of
718 3426 233 52 modern
980 3431 87 46 art
1100 3459 11 33 [
1118 3431 16 21 c
1141 3428 133 49 1934
1280 3458 10 33 ]

190 3499 57 39 78
273 3509 41 37 p.
372 3498 153 48 diagr.
582 3496 205 40 25½×19
790 3500 17 20 cm
842 3530 8 7 .

198 3555 435 39 Contents.—The
670 3555 211 46 problem
920 3554 53 39 of
1005 3554 218 48 housing,
1262 3556 60 46 by
1362 3555 77 38 Sir
1476 3555 53 39 R.
1569 3553 292 41 Unwin.—A
1897 3552 218 41 national

129 3622 299 36 programme
468 3611 78 39 for
588 3610 209 46 housing
837 3611 48 38 in
929 3612 80 40 the
1053 3611 179 40 United
1278 3612 174 42 States,
1496 3613 60 44 by
1601 3612 54 38 R.
1699 3612 54 38 D.
1799 3612 156 38 Kolin.
1957 3611 163 38 —The

126 3668 145 40 social
305 3667 312 50 imperatives
652 3668 50 38 in
736 3668 218 45 housing,
989 3668 62 46 by
1084 3668 50 39 L.
1169 3667 573 48 Mumford.—Housing;
1781 3679 149 36 paper
1964 3670 153 46 plans,

129 3735 52 27 or
216 3738 23 27 a
280 3724 226 40 workers’
543 3727 283 38 movement,
865 3723 59 47 by
962 3724 263 40 Catherine
1262 3723 340 41 Bauer.—The
1639 3723 206 49 housing
1880 3723 239 42 situation

124 3781 49 38 in
202 3783 78 39 the
312 3782 174 39 United
520 3783 176 44 States,
724 3782 61 45 by
814 3780 147 39 Edith
992 3781 164 38 Elmer
1184 3781 494 45 Wood.—England’s
1708 3780 330 41 achievement
2067 3782 52 39 in

127 3837 216 49 housing,
385 3839 61 46 by
542 3870 7 6 H.
595 3838 566 45 Chapman.—Post-war
1202 3835 208 45 housing
1454 3838 47 37 in
1547 3836 256 49 Germany,
1848 3837 62 47 by
1952 3838 70 39 W.
2069 3838 49 39 C.

126 3894 256 40 Behrendt.
383 3893 317 40 —Minimum
745 3892 250 43 dwellings
1040 3894 94 37 and
1180 3894 89 38 tail
1314 3893 259 47 buildings,
1617 3895 61 46 by
1721 3895 71 38 W.
1839 3893 283 47 Gropius.—

127 3950 218 40 Political
380 3961 227 37 economy
641 3950 50 38 in
728 3950 207 38 German
971 3949 209 46 housing
1213 3950 161 49 today,
1409 3951 61 47 by
1506 3951 71 38 W.
1614 3951 295 47 Hegemann.
1911 3950 210 39 —What
