2424 4375
1239 4080 131 49 1252

388 529 332 48 Frontispiece
750 531 95 38 and
872 540 130 30 some
1032 530 51 39 of
1112 532 82 38 the
1223 531 157 46 plates
1409 541 84 30 are
1521 532 234 46 preceded
1783 531 63 48 by
1876 530 291 48 descriptive
2193 533 105 39 text

316 596 61 29 on
412 586 161 40 leaves
609 588 86 38 not
727 585 224 42 included
987 586 52 39 in
1074 587 83 42 the
1192 587 204 47 paging;
1435 596 131 31 some
1601 586 52 41 of
1688 587 83 40 the
1808 589 142 39 other
1982 588 158 47 plates
2175 588 122 41 have

315 642 291 47 descriptive
629 644 105 39 text
757 653 60 29 on
840 643 82 40 the
944 652 164 31 versos
1133 642 52 41 of
1209 643 83 40 the
1316 643 258 48 preceding
1595 642 172 49 plates.

383 697 224 42 Includes
643 697 388 50 bibliographies.

311 753 53 53 ©
387 758 119 46 July
526 757 69 46 25,
621 757 140 45 1935;
787 756 66 41 2c.
878 757 95 38 and
1000 757 82 40 aff.
1109 757 114 48 July
1246 757 82 47 26;
1356 758 40 39 A
1421 756 169 48 85239;
1619 759 50 40 P.
1697 758 297 41 Blakiston's
2021 770 111 30 sons
2158 761 37 40 &
2219 770 79 40 co.,

382 814 87 39 inc.
541 813 281 49 (35-16019)

337 916 260 65 [Oursler,
623 918 137 52 Mrs.
792 917 183 54 Grace
1007 917 335 66 (Perkins)]

381 992 203 54 Public
610 992 328 54 sweetheart
967 1010 85 35 no.
1085 996 46 65 1,
1160 992 73 69 by
1262 992 156 53 Dora
1446 992 170 69 Macy
1710 994 149 54 [pseud.]
1959 993 134 54 New
2124 993 175 64 York,

315 1071 210 52 Farrar
554 1070 46 51 &
631 1069 295 66 Rinehart,
957 1069 395 68 incorporated
1432 1072 153 66 [c1935]

380 1146 25 39 3
431 1156 44 37 p.
538 1175 8 16 l.,
573 1144 144 41 3-372
745 1155 41 37 p.
871 1142 25 41 19½
929 1146 43 21 cm
976 1174 8 8 .

306 1197 53 53 ©
394 1202 127 47 Sept.
553 1201 69 47 16,
655 1199 140 48 1935;
829 1199 65 41 2c.
931 1200 127 47 Sept.
1092 1200 54 40 18;
1208 1200 80 40 aff.
1323 1201 128 48 Sept.
1485 1201 81 47 17;
1603 1202 39 38 A
1675 1201 170 48 87071;
1881 1202 185 40 Farrar
2096 1202 35 40 &
378 1203 1905 102 Rinehart,
534 1258 90 40 inc.
695 1257 252 48 (35-15902
960 1258 13 45 )

314 1361 228 64 Pattee,
570 1360 175 54 Alida
773 1361 275 54 Frances.

378 1436 287 54 Practical
697 1435 273 68 dietetics,
1000 1436 141 53 with
1173 1435 285 55 reference
1488 1442 58 49 to
1580 1436 118 54 diet
1727 1437 60 52 in
1818 1437 194 53 health
2045 1438 111 53 and
310 1439 1967 144 disease,
478 1514 75 69 by
580 1513 177 54 Alida
787 1514 246 53 Frances

1060 1514 1239 55 Pattee … 20th ed. rewritten and reset
371 1591 1385 69 … Mount Vernon, N. Y., A. F. Pattee, 1935.
381 1677 77 35 xv,
498 1665 85 41 880
619 1676 44 37 p.
723 1664 128 41 illus.
909 1665 117 41 20cm.

381 1721 314 49 Advertising
725 1722 205 40 matter:
965 1732 43 38 p.
1038 1719 215 42 869-880.

313 1775 53 53 ©
393 1780 117 46 Aug.
538 1778 70 47 23,
637 1777 140 48 1935;
807 1778 67 40 2c.
904 1778 98 40 and
1030 1777 81 40 aff.
1142 1778 119 47 Aug.
1291 1777 82 47 24;
1403 1778 41 38 A
1472 1777 170 48 86058;
1675 1778 53 39 A.
1761 1778 50 40 F.
1843 1779 182 40 Pattee.

393 1835 279 49 (35-15890)

313 1937 251 65 Peattie,
592 1939 226 52 Donald
845 1938 255 64 Culross,
1131 1943 170 49 1898-

387 2015 247 68 Singing
656 2017 61 52 in
743 2016 95 52 the
866 2015 351 66 wilderness;
1248 2034 34 34 a
1305 2017 180 51 salute
1510 2020 60 48 to
1596 2016 156 54 John
1776 2017 193 54 James
1995 2017 303 67 Audubon,

313 2094 75 66 by
419 2094 230 53 Donald
683 2094 230 55 Culross
944 2093 236 53 Peattie.
1250 2094 137 51 New
1424 2093 178 67 York,
1634 2094 67 54 G.
1735 2097 63 51 P.
1830 2094 295 53 Putnam’s
2155 2113 144 48 sons,

317 2175 149 50 1935.

381 2256 64 28 xv
470 2255 57 37 p.,
555 2244 26 39 1
643 2275 9 15 l.,
678 2242 84 41 245
789 2254 41 37 p.
885 2244 85 39 col.
995 2243 163 48 front.,
1187 2244 169 46 plates,
1386 2244 121 46 port.
1564 2243 54 39 21
1622 2246 44 21 cm
1672 2275 8 9 .

383 2299 260 43 “Sources”:
701 2311 43 39 p.
773 2300 216 39 241-245.

312 2354 54 53 ©
395 2358 128 47 Sept.
553 2359 38 44 5,
622 2356 140 47 1935;
794 2356 67 40 2c.
894 2357 126 47 Sept.
1050 2357 52 46 7;
1136 2356 82 40 aff.
1250 2356 127 47 Sept.
1408 2356 52 46 6;
1492 2357 40 37 A
1562 2355 169 47 86192;
1765 2357 57 39 D.
1851 2356 49 40 C.
1930 2355 202 49 Peattie,

383 2357 1900 103 Glenview,
550 2415 72 38 Ill.
695 2412 278 49 (35-15710)

317 2517 227 60 Porter,
573 2517 243 54 Charles
842 2517 396 63 Huntington,
1269 2517 170 55 1879-

381 2591 1917 71 Accounting, by Charles H. Porter … and Wyman P. Fiske
373 2670 1366 67 … New York, H. Holt and company [ c 1935]
382 2743 65 49 xi,
476 2744 83 40 631
588 2755 43 37 p.
657 2744 109 40 incl.
794 2743 193 48 diagrs.,
1015 2743 168 40 forms.
1242 2742 57 39 24
1301 2744 45 22 cm
1349 2774 9 8 .

317 2796 53 53 ©
393 2802 119 47 Aug.
538 2801 70 46 26,
632 2799 140 47 1935;
798 2800 64 39 2c.
890 2801 96 39 and
1012 2800 82 40 aff.
1123 2800 127 48 Sept.
1277 2800 52 46 6;
1356 2800 40 38 A
1424 2799 169 46 86176;
1623 2800 47 40 C.
1698 2800 61 39 H.
1788 2800 183 47 Porter,
2002 2797 294 49 Cambridge,

389 2859 161 45 Mass.,
578 2858 94 39 and
700 2857 203 47 Wyman
932 2857 49 38 P.
1009 2856 157 47 Fiske,
1195 2856 200 48 Waban,
1424 2856 146 39 Mass.
1635 2854 280 51 [Copyright
1941 2856 41 39 is
2009 2854 204 41 claimed
2240 2864 56 31 on

383 2914 236 40 revisions
653 2915 95 38 and
782 2912 259 49 additions]
1113 2911 278 48 (35-15880)

320 3015 207 66 Powel,
556 3016 263 53 Harford
847 3015 237 64 Willing
1110 3017 178 62 Hare,
1319 3019 168 52 1887-

316 3086 1957 150 Widow’s might, by Harford Powel … New York, Greenberg [ c 1935 ]
386 3238 27 40 2
436 3250 43 37 p.
540 3270 10 17 l.,
576 3238 87 41 282
690 3250 43 37 p.
792 3238 145 41 19½cm.

315 3294 53 53 ©
398 3300 126 39 June
552 3299 70 45 25,
655 3298 140 46 1935;
828 3297 66 40 2c.
927 3298 127 47 Sept.
1085 3298 81 46 17;
1201 3296 82 42 aff.
1317 3297 128 48 Sept.
1478 3298 80 46 14;
1593 3298 40 38 A
1666 3296 168 47 86346;
1870 3296 285 46 Greenberg,

386 3293 1893 110 publisher,
575 3355 89 40 inc.
736 3355 277 48 (35-15738)

321 3442 228 65 Powell,
578 3444 252 52 Edward
859 3443 351 64 Alexander,
1241 3444 169 53 1879-

450 3517 1746 68 … Red drums; a novel. New York, I. Washburn, 1935.
389 3591 85 40 viii
503 3602 57 38 p.,
590 3592 26 39 1
677 3622 8 16 l.,
712 3590 89 42 339
824 3602 44 38 p.
928 3591 143 40 19½cm.

390 3647 62 40 At
479 3648 125 40 head
633 3646 51 42 of
712 3646 134 43 title:
876 3647 51 40 E.
958 3647 272 40 Alexander
1259 3646 188 41 Powell.

321 3700 53 53 ©
413 3705 124 47 Sept.
574 3704 69 47 12,
678 3704 139 46 1935;
855 3703 65 40 2c.
959 3704 124 47 Sept.
1121 3702 81 47 19;
1241 3702 81 39 aff.
1362 3702 131 47 Sept.
1524 3701 81 46 18;
1644 3702 40 38 A
1719 3701 169 46 87081;
1925 3702 52 38 E.
2014 3700 53 39 A.
2106 3698 185 44 Powell,

387 3761 163 47 Chevy
582 3761 170 46 Chase,
785 3760 92 39 Md.
952 3758 277 49 (35-16056)

323 3846 273 65 Putnam,
629 3849 228 63 George
882 3848 251 63 Palmer,
1166 3848 171 54 1887-

390 3923 121 54 Hot
533 3924 94 67 oil,
650 3923 74 67 by
750 3922 216 68 George
988 3922 226 53 Palmer
1238 3921 248 53 Putnam
1512 3921 107 52 and
1648 3919 124 53 Nell
1802 3918 292 68 Shipman.
2161 3915 129 53 New

323 3999 746 69 York, Greenberg [ c 1935]
