<alto xmlns="http://www.loc.gov/standards/alto/ns-v3#" xmlns:xlink="http://www.w3.org/1999/xlink" xmlns:xsi="http://www.w3.org/2001/XMLSchema-instance" xsi:schemaLocation="http://www.loc.gov/standards/alto/ns-v3# http://www.loc.gov/alto/v3/alto-3-0.xsd"><Description>
<MeasurementUnit>pixel</MeasurementUnit>
<sourceImageInformation>
<fileName>1935_v32_Part1.pdf</fileName>
</sourceImageInformation>
<OCRProcessing ID="IdOcr">
<ocrProcessingStep>
<processingDateTime>2019-01-15</processingDateTime>
<processingSoftware>
<softwareCreator>ABBYY</softwareCreator>
<softwareName>ABBYY Recognition Server</softwareName>
<softwareVersion>4.0</softwareVersion>
</processingSoftware>
</ocrProcessingStep>
</OCRProcessing>
</Description>
<Styles>
<ParagraphStyle ID="StyleId-FFFFFFFF-FFFF-FFFF-FFFF-FFFFFFFFFFFF-" ALIGN="Left" LEFT="0." RIGHT="0." FIRSTLINE="0."/>
<ParagraphStyle ID="StyleId-09A13A44-4F77-4ABE-84F3-84CC8B3C72CE-" ALIGN="Left" LEFT="0." RIGHT="0." FIRSTLINE="0." LINESPACE="7.699999809"/>
<ParagraphStyle ID="StyleId-1F945060-F8CD-4435-B69A-5FF49DB0C586-" ALIGN="Left" LEFT="0." RIGHT="0." FIRSTLINE="-10." LINESPACE="12.19999981"/>
<ParagraphStyle ID="StyleId-C6CAE747-F5A4-4D0D-8D74-D452DA7E2C1C-" ALIGN="Block" LEFT="0." RIGHT="0." FIRSTLINE="-14." LINESPACE="8.350000381"/>
<ParagraphStyle ID="StyleId-FC0F3374-189A-459E-BE29-2DC14180F022-" ALIGN="Left" LEFT="0." RIGHT="0." FIRSTLINE="0."/>
<ParagraphStyle ID="StyleId-49397C49-A894-4B3E-BA5E-1126226BA375-" ALIGN="Left" LEFT="0." RIGHT="0." FIRSTLINE="-12." LINESPACE="11.09000015"/>
<ParagraphStyle ID="StyleId-9E34DD3A-E661-48BD-A3A1-6A3D48346F00-" ALIGN="Block" LEFT="0." RIGHT="0." FIRSTLINE="-14." LINESPACE="11.09000015"/>
<ParagraphStyle ID="StyleId-56CE54AA-A08B-4BAA-8605-F26020A0E36E-" ALIGN="Left" LEFT="0." RIGHT="0." FIRSTLINE="0." LINESPACE="9.399999619"/>
<ParagraphStyle ID="StyleId-77814FFC-C42F-4AA9-9880-EF33B947DEC8-" ALIGN="Left" LEFT="0." RIGHT="0." FIRSTLINE="-11." LINESPACE="11.06999969"/>
<ParagraphStyle ID="StyleId-FDE92EC0-67DC-4C7B-8A24-094B12C38B6C-" ALIGN="Center" LEFT="0." RIGHT="0." FIRSTLINE="0." LINESPACE="11.30000019"/>
<ParagraphStyle ID="StyleId-65180E3B-4C93-4FB8-81EE-E026DD63DBF3-" ALIGN="Left" LEFT="0." RIGHT="0." FIRSTLINE="0." LINESPACE="11.10000038"/>
<ParagraphStyle ID="StyleId-10E885C2-5813-4620-B0AA-0FBA30CF7A32-" ALIGN="Left" LEFT="0." RIGHT="0." FIRSTLINE="0." LINESPACE="9.5"/>
<ParagraphStyle ID="StyleId-913C2DB5-9F02-4067-BAF7-0AED37B60BBE-" ALIGN="Left" LEFT="0." RIGHT="0." FIRSTLINE="0." LINESPACE="6.099999905"/>
<ParagraphStyle ID="StyleId-9C79A9D2-8F08-4A8F-985D-B00E253ED1E5-" ALIGN="Left" LEFT="0." RIGHT="0." FIRSTLINE="0." LINESPACE="4.400000095"/>
<ParagraphStyle ID="StyleId-A41F0407-FEFE-4738-9EC5-E05AFFF62781-" ALIGN="Left" LEFT="0." RIGHT="0." FIRSTLINE="0." LINESPACE="7.300000191"/>
<ParagraphStyle ID="StyleId-61D37176-94E8-408D-9B87-01C406CE8AB2-" ALIGN="Left" LEFT="0." RIGHT="0." FIRSTLINE="0." LINESPACE="8.050000191"/>
</Styles>
<Layout>
<Page ID="Page972" PHYSICAL_IMG_NR="972" HEIGHT="4375" WIDTH="2424">
<TopMargin HEIGHT="406" WIDTH="2424" VPOS="0" HPOS="0">
</TopMargin>
<LeftMargin HEIGHT="3617" WIDTH="284" VPOS="406" HPOS="0">
</LeftMargin>
<RightMargin HEIGHT="3617" WIDTH="122" VPOS="406" HPOS="2302">
</RightMargin>
<BottomMargin HEIGHT="352" WIDTH="2424" VPOS="4023" HPOS="0">
<TextBlock ID="Page972_Block1" HEIGHT="164" WIDTH="569" VPOS="4023" HPOS="1007" LANG="en-US" STYLEREFS="StyleId-02C6F487-85C6-4C69-92E2-E9EA96FC74FF-">
<TextLine HEIGHT="54" WIDTH="99" VPOS="4032" HPOS="1247">
<String CONTENT="972" HEIGHT="54" WIDTH="99" VPOS="4032" HPOS="1247"/>
</TextLine>
</TextBlock>
</BottomMargin>
<PrintSpace HEIGHT="3617" WIDTH="2018" VPOS="406" HPOS="284">
<TextBlock ID="Page972_Block2" HEIGHT="3617" WIDTH="2018" VPOS="406" HPOS="284" LANG="en-US" CS="1" STYLEREFS="StyleId-6394344B-F5CA-4390-ADB3-843153EEA981-">
<TextLine HEIGHT="48" WIDTH="361" VPOS="491" HPOS="371" CS="1">
<String CONTENT="307" HEIGHT="40" WIDTH="85" VPOS="492" HPOS="371"/>
<SP HEIGHT="46" WIDTH="27" VPOS="493" HPOS="457"/>
<String CONTENT="p." HEIGHT="38" WIDTH="41" VPOS="501" HPOS="485"/>
<SP HEIGHT="37" WIDTH="60" VPOS="493" HPOS="527"/>
<String CS="1" CONTENT="19&#189;" HEIGHT="40" WIDTH="57" VPOS="491" HPOS="588"/>
<String STYLE="superscript" CONTENT="cm" HEIGHT="22" WIDTH="44" VPOS="493" HPOS="675"/>
<String CONTENT="." HEIGHT="9" WIDTH="9" VPOS="522" HPOS="723"/>
</TextLine>
<TextLine HEIGHT="51" WIDTH="1985" VPOS="545" HPOS="300">
<String CONTENT="&#169;" HEIGHT="51" WIDTH="52" VPOS="545" HPOS="300"/>
<SP HEIGHT="51" WIDTH="26" VPOS="545" HPOS="353"/>
<String CONTENT="June" HEIGHT="39" WIDTH="126" VPOS="548" HPOS="380"/>
<SP HEIGHT="39" WIDTH="24" VPOS="547" HPOS="507"/>
<String CONTENT="21," HEIGHT="48" WIDTH="69" VPOS="547" HPOS="532"/>
<SP HEIGHT="46" WIDTH="29" VPOS="549" HPOS="602"/>
<String CONTENT="1935;" HEIGHT="47" WIDTH="140" VPOS="547" HPOS="632"/>
<SP HEIGHT="47" WIDTH="27" VPOS="547" HPOS="773"/>
<String CONTENT="2c." HEIGHT="41" WIDTH="67" VPOS="547" HPOS="801"/>
<SP HEIGHT="29" WIDTH="28" VPOS="558" HPOS="869"/>
<String CONTENT="and" HEIGHT="38" WIDTH="95" VPOS="549" HPOS="898"/>
<SP HEIGHT="38" WIDTH="27" VPOS="549" HPOS="994"/>
<String CONTENT="aff." HEIGHT="40" WIDTH="81" VPOS="547" HPOS="1022"/>
<SP HEIGHT="39" WIDTH="29" VPOS="548" HPOS="1104"/>
<String CONTENT="July" HEIGHT="47" WIDTH="116" VPOS="548" HPOS="1134"/>
<SP HEIGHT="46" WIDTH="26" VPOS="549" HPOS="1251"/>
<String CONTENT="25;" HEIGHT="46" WIDTH="83" VPOS="548" HPOS="1278"/>
<SP HEIGHT="45" WIDTH="29" VPOS="549" HPOS="1362"/>
<!-- cceid 90DB4A68-6D82-1014-B070-FDFD250A9EDA --><String CONTENT="A" HEIGHT="38" WIDTH="41" VPOS="549" HPOS="1392"/>
<SP HEIGHT="40" WIDTH="26" VPOS="548" HPOS="1434"/>
<String CONTENT="84717;" HEIGHT="47" WIDTH="169" VPOS="548" HPOS="1461"/>
<SP HEIGHT="45" WIDTH="33" VPOS="550" HPOS="1631"/>
<String CONTENT="Emilie" HEIGHT="41" WIDTH="173" VPOS="548" HPOS="1665"/>
<SP HEIGHT="40" WIDTH="29" VPOS="549" HPOS="1839"/>
<String CONTENT="Loring," HEIGHT="47" WIDTH="192" VPOS="548" HPOS="1869"/>
<SP HEIGHT="45" WIDTH="29" VPOS="550" HPOS="2062"/>
<String CONTENT="Boston." HEIGHT="39" WIDTH="193" VPOS="550" HPOS="2092"/>
</TextLine>
<TextLine HEIGHT="49" WIDTH="280" VPOS="604" HPOS="376">
<String CONTENT="(35-10321)" HEIGHT="49" WIDTH="280" VPOS="604" HPOS="376"/>
</TextLine>
<TextLine HEIGHT="65" WIDTH="994" VPOS="708" HPOS="301" STYLEREFS="StyleId-0E070239-05B2-4A6D-B23B-366A3D54E1D9-">
<String CONTENT="McTaggart," HEIGHT="64" WIDTH="379" VPOS="708" HPOS="301"/>
<SP HEIGHT="62" WIDTH="28" VPOS="710" HPOS="681"/>
<String CONTENT="Maxwell" HEIGHT="53" WIDTH="270" VPOS="708" HPOS="710"/>
<SP HEIGHT="52" WIDTH="28" VPOS="709" HPOS="981"/>
<String CONTENT="Fielding." HEIGHT="64" WIDTH="285" VPOS="709" HPOS="1010"/>
</TextLine>
<TextLine HEIGHT="68" WIDTH="1439" VPOS="786" HPOS="371" STYLEREFS="StyleId-A550527E-465A-4C8A-922A-15E443DCC439-" CS="1">
<String CONTENT="Horsemanship" HEIGHT="67" WIDTH="454" VPOS="786" HPOS="371"/>
<SP HEIGHT="67" WIDTH="27" VPOS="786" HPOS="826"/>
<String CONTENT="for" HEIGHT="53" WIDTH="94" VPOS="786" HPOS="854"/>
<SP HEIGHT="52" WIDTH="25" VPOS="786" HPOS="949"/>
<String CONTENT="boys" HEIGHT="67" WIDTH="136" VPOS="786" HPOS="975"/>
<SP HEIGHT="34" WIDTH="28" VPOS="805" HPOS="1112"/>
<String CONTENT="and" HEIGHT="52" WIDTH="112" VPOS="787" HPOS="1141"/>
<SP HEIGHT="67" WIDTH="25" VPOS="787" HPOS="1254"/>
<String CONTENT="girls," HEIGHT="66" WIDTH="159" VPOS="788" HPOS="1280"/>
<SP HEIGHT="67" WIDTH="24" VPOS="787" HPOS="1440"/>
<String CONTENT="by" HEIGHT="67" WIDTH="75" VPOS="787" HPOS="1465"/>
<SP HEIGHT="65" WIDTH="26" VPOS="789" HPOS="1541"/>
<String CONTENT="Lt.-Col." HEIGHT="54" WIDTH="242" VPOS="787" HPOS="1568"/>
</TextLine>
<TextLine HEIGHT="145" WIDTH="1986" VPOS="788" HPOS="302" STYLEREFS="StyleId-A550527E-465A-4C8A-922A-15E443DCC439-" CS="1">
<String CONTENT="M." HEIGHT="52" WIDTH="77" VPOS="788" HPOS="1839"/>
<SP HEIGHT="51" WIDTH="30" VPOS="789" HPOS="1917"/>
<String CONTENT="F." HEIGHT="50" WIDTH="63" VPOS="789" HPOS="1948"/>
<SP HEIGHT="50" WIDTH="29" VPOS="789" HPOS="2012"/>
<String CONTENT="McTaggart" HEIGHT="142" WIDTH="1962" VPOS="788" HPOS="302"/>
<SP HEIGHT="44" WIDTH="41" VPOS="871" HPOS="432"/>
<String CS="1" CONTENT="&#8230;"/>
<SP HEIGHT="49" WIDTH="39" VPOS="882" HPOS="530"/>
<String CONTENT="profusely" HEIGHT="69" WIDTH="297" VPOS="862" HPOS="570"/>
<SP HEIGHT="65" WIDTH="32" VPOS="866" HPOS="868"/>
<String CONTENT="illustrated" HEIGHT="53" WIDTH="325" VPOS="864" HPOS="901"/>
<SP HEIGHT="52" WIDTH="35" VPOS="865" HPOS="1227"/>
<String CONTENT="by" HEIGHT="66" WIDTH="73" VPOS="865" HPOS="1263"/>
<SP HEIGHT="64" WIDTH="33" VPOS="867" HPOS="1337"/>
<String CONTENT="Winifred" HEIGHT="55" WIDTH="294" VPOS="864" HPOS="1371"/>
<SP HEIGHT="51" WIDTH="36" VPOS="866" HPOS="1666"/>
<String CONTENT="Roberts." HEIGHT="55" WIDTH="255" VPOS="865" HPOS="1703"/>
<SP HEIGHT="51" WIDTH="71" VPOS="867" HPOS="1959"/>
<String CONTENT="London," HEIGHT="67" WIDTH="257" VPOS="866" HPOS="2031"/>
</TextLine>
<TextLine HEIGHT="67" WIDTH="821" VPOS="942" HPOS="302" STYLEREFS="StyleId-A550527E-465A-4C8A-922A-15E443DCC439-">
<String CONTENT="Methuen" HEIGHT="51" WIDTH="272" VPOS="942" HPOS="302"/>
<SP HEIGHT="50" WIDTH="24" VPOS="945" HPOS="575"/>
<String CONTENT="&amp;" HEIGHT="50" WIDTH="44" VPOS="945" HPOS="600"/>
<SP HEIGHT="50" WIDTH="26" VPOS="945" HPOS="645"/>
<String CONTENT="co.," HEIGHT="48" WIDTH="97" VPOS="960" HPOS="672"/>
<SP HEIGHT="66" WIDTH="23" VPOS="942" HPOS="770"/>
<String CONTENT="ltd." HEIGHT="52" WIDTH="101" VPOS="942" HPOS="794"/>
<SP HEIGHT="33" WIDTH="34" VPOS="976" HPOS="896"/>
<String CONTENT="[" HEIGHT="33" WIDTH="12" VPOS="976" HPOS="931"/>
<String STYLE="superscript" CONTENT="c" HEIGHT="21" WIDTH="17" VPOS="949" HPOS="949"/>
<String CONTENT="1935]" HEIGHT="63" WIDTH="151" VPOS="945" HPOS="972"/>
</TextLine>
<TextLine HEIGHT="47" WIDTH="612" VPOS="1014" HPOS="370" STYLEREFS="StyleId-A550527E-465A-4C8A-922A-15E443DCC439-" CS="1">
<String CONTENT="x," HEIGHT="34" WIDTH="44" VPOS="1026" HPOS="370"/>
<SP HEIGHT="45" WIDTH="28" VPOS="1015" HPOS="415"/>
<String CONTENT="138" HEIGHT="40" WIDTH="87" VPOS="1014" HPOS="444"/>
<SP HEIGHT="47" WIDTH="22" VPOS="1014" HPOS="532"/>
<String CONTENT="p." HEIGHT="36" WIDTH="41" VPOS="1025" HPOS="555"/>
<SP HEIGHT="38" WIDTH="57" VPOS="1015" HPOS="597"/>
<String CONTENT="illus." HEIGHT="40" WIDTH="125" VPOS="1014" HPOS="655"/>
<SP HEIGHT="39" WIDTH="57" VPOS="1014" HPOS="781"/>
<String CS="1" CONTENT="18&#189;" HEIGHT="41" WIDTH="54" VPOS="1014" HPOS="839"/>
<String STYLE="superscript" CONTENT="cm" HEIGHT="20" WIDTH="44" VPOS="1017" HPOS="926"/>
<String CONTENT="." HEIGHT="9" WIDTH="7" VPOS="1046" HPOS="975"/>
</TextLine>
<TextLine HEIGHT="53" WIDTH="1814" VPOS="1067" HPOS="296" CS="1">
<String CONTENT="&#169;" HEIGHT="52" WIDTH="56" VPOS="1067" HPOS="296"/>
<SP/>
<String CS="1" CONTENT="1c."/>
<SP/>
<String CONTENT="Feb." HEIGHT="39" WIDTH="108" VPOS="1071" HPOS="470"/>
<SP HEIGHT="39" WIDTH="26" VPOS="1071" HPOS="579"/>
<String CONTENT="12," HEIGHT="49" WIDTH="67" VPOS="1070" HPOS="606"/>
<SP HEIGHT="48" WIDTH="26" VPOS="1071" HPOS="674"/>
<String CONTENT="1935;" HEIGHT="48" WIDTH="139" VPOS="1069" HPOS="701"/>
<SP HEIGHT="46" WIDTH="27" VPOS="1071" HPOS="841"/>
<!-- cceid 90DBB869-6D82-1014-B070-FDFD250A9EDA --><String CONTENT="A" HEIGHT="38" WIDTH="39" VPOS="1071" HPOS="869"/>
<SP HEIGHT="40" WIDTH="23" VPOS="1071" HPOS="909"/>
<String CONTENT="ad" HEIGHT="39" WIDTH="60" VPOS="1072" HPOS="933"/>
<SP HEIGHT="41" WIDTH="26" VPOS="1070" HPOS="994"/>
<String CONTENT="int." HEIGHT="41" WIDTH="86" VPOS="1070" HPOS="1021"/>
<SP HEIGHT="41" WIDTH="23" VPOS="1070" HPOS="1108"/>
<String CONTENT="20112;" HEIGHT="48" WIDTH="171" VPOS="1070" HPOS="1132"/>
<SP HEIGHT="37" WIDTH="27" VPOS="1082" HPOS="1304"/>
<String CONTENT="pubd." HEIGHT="48" WIDTH="141" VPOS="1071" HPOS="1332"/>
<SP HEIGHT="39" WIDTH="25" VPOS="1072" HPOS="1474"/>
<String CONTENT="Dec." HEIGHT="39" WIDTH="110" VPOS="1072" HPOS="1500"/>
<SP HEIGHT="38" WIDTH="28" VPOS="1073" HPOS="1611"/>
<String CONTENT="13," HEIGHT="48" WIDTH="67" VPOS="1072" HPOS="1640"/>
<SP HEIGHT="47" WIDTH="26" VPOS="1073" HPOS="1708"/>
<String CONTENT="1934;" HEIGHT="46" WIDTH="139" VPOS="1072" HPOS="1735"/>
<SP HEIGHT="46" WIDTH="30" VPOS="1072" HPOS="1875"/>
<String CONTENT="Charles" HEIGHT="41" WIDTH="204" VPOS="1072" HPOS="1906"/>
</TextLine>
<TextLine HEIGHT="102" WIDTH="1902" VPOS="1072" HPOS="369" CS="1">
<String CONTENT="Scribner&#8217;s" HEIGHT="95" WIDTH="1902" VPOS="1072" HPOS="369"/>
<SP HEIGHT="29" WIDTH="27" VPOS="1138" HPOS="495"/>
<String CONTENT="sons," HEIGHT="36" WIDTH="125" VPOS="1138" HPOS="523"/>
<SP HEIGHT="46" WIDTH="31" VPOS="1128" HPOS="649"/>
<String CONTENT="New" HEIGHT="39" WIDTH="116" VPOS="1128" HPOS="681"/>
<SP HEIGHT="39" WIDTH="28" VPOS="1128" HPOS="798"/>
<String CONTENT="York." HEIGHT="39" WIDTH="144" VPOS="1128" HPOS="827"/>
</TextLine>
<TextLine HEIGHT="65" WIDTH="824" VPOS="1231" HPOS="300" STYLEREFS="StyleId-0E070239-05B2-4A6D-B23B-366A3D54E1D9-">
<String CONTENT="Marinoni," HEIGHT="65" WIDTH="311" VPOS="1231" HPOS="300"/>
<SP HEIGHT="64" WIDTH="30" VPOS="1232" HPOS="612"/>
<String CONTENT="Antonio," HEIGHT="63" WIDTH="276" VPOS="1232" HPOS="643"/>
<SP HEIGHT="56" WIDTH="32" VPOS="1239" HPOS="920"/>
<String CONTENT="1879-" HEIGHT="52" WIDTH="171" VPOS="1235" HPOS="953"/>
</TextLine>
<TextLine HEIGHT="132" WIDTH="1949" VPOS="1307" HPOS="295" STYLEREFS="StyleId-A550527E-465A-4C8A-922A-15E443DCC439-" CS="1">
<String CONTENT="Vita" HEIGHT="56" WIDTH="136" VPOS="1307" HPOS="365"/>
<SP HEIGHT="54" WIDTH="39" VPOS="1309" HPOS="502"/>
<String CONTENT="italiana," HEIGHT="67" WIDTH="257" VPOS="1308" HPOS="542"/>
<SP HEIGHT="49" WIDTH="39" VPOS="1326" HPOS="800"/>
<String CONTENT="with" HEIGHT="52" WIDTH="140" VPOS="1308" HPOS="840"/>
<SP HEIGHT="53" WIDTH="38" VPOS="1308" HPOS="981"/>
<String CONTENT="exercises" HEIGHT="53" WIDTH="269" VPOS="1308" HPOS="1020"/>
<SP HEIGHT="34" WIDTH="41" VPOS="1325" HPOS="1290"/>
<String CONTENT="and" HEIGHT="52" WIDTH="110" VPOS="1307" HPOS="1332"/>
<SP HEIGHT="52" WIDTH="42" VPOS="1307" HPOS="1443"/>
<String CONTENT="vocabulary," HEIGHT="70" WIDTH="359" VPOS="1307" HPOS="1486"/>
<SP HEIGHT="67" WIDTH="41" VPOS="1308" HPOS="1846"/>
<String CONTENT="by" HEIGHT="67" WIDTH="72" VPOS="1308" HPOS="1888"/>
<SP HEIGHT="67" WIDTH="42" VPOS="1308" HPOS="1961"/>
<String CONTENT="A." HEIGHT="52" WIDTH="68" VPOS="1308" HPOS="2004"/>
<SP HEIGHT="52" WIDTH="39" VPOS="1308" HPOS="2073"/>
<String CS="1" CONTENT="Marinoni" HEIGHT="129" WIDTH="1949" VPOS="1308" HPOS="295"/>
<SP HEIGHT="52" WIDTH="36" VPOS="1386" HPOS="424"/>
<String CS="1" CONTENT="&#8230;"/>
<SP HEIGHT="54" WIDTH="67" VPOS="1385" HPOS="517"/>
<String CONTENT="New" HEIGHT="53" WIDTH="135" VPOS="1385" HPOS="585"/>
</TextLine>
<TextLine HEIGHT="71" WIDTH="1129" VPOS="1384" HPOS="754" STYLEREFS="StyleId-A550527E-465A-4C8A-922A-15E443DCC439-" CS="1">
<String CONTENT="York," HEIGHT="68" WIDTH="175" VPOS="1384" HPOS="754"/>
<SP HEIGHT="66" WIDTH="32" VPOS="1386" HPOS="930"/>
<String CS="1" CONTENT="H." HEIGHT="9" WIDTH="9" VPOS="1428" HPOS="1023"/>
<SP HEIGHT="52" WIDTH="33" VPOS="1385" HPOS="1033"/>
<String CONTENT="Holt" HEIGHT="52" WIDTH="143" VPOS="1385" HPOS="1067"/>
<SP HEIGHT="46" WIDTH="26" VPOS="1390" HPOS="1211"/>
<String CONTENT="and" HEIGHT="52" WIDTH="112" VPOS="1384" HPOS="1238"/>
<SP HEIGHT="53" WIDTH="28" VPOS="1384" HPOS="1351"/>
<String CONTENT="company" HEIGHT="53" WIDTH="276" VPOS="1402" HPOS="1380"/>
<SP HEIGHT="50" WIDTH="32" VPOS="1405" HPOS="1657"/>
<String STYLE="subscript" CONTENT="[" HEIGHT="33" WIDTH="13" VPOS="1420" HPOS="1690"/>
<String STYLE="superscript" CONTENT="c" HEIGHT="21" WIDTH="18" VPOS="1392" HPOS="1708"/>
<String CONTENT="1935" HEIGHT="49" WIDTH="132" VPOS="1388" HPOS="1731"/>
<String STYLE="subscript" CONTENT="]" HEIGHT="34" WIDTH="12" VPOS="1419" HPOS="1871"/>
</TextLine>
<TextLine HEIGHT="50" WIDTH="774" VPOS="1455" HPOS="363" CS="1">
<String CONTENT="vi," HEIGHT="45" WIDTH="60" VPOS="1457" HPOS="363"/>
<SP/>
<String CONTENT="187," HEIGHT="47" WIDTH="96" VPOS="1456" HPOS="455"/>
<SP HEIGHT="35" WIDTH="31" VPOS="1468" HPOS="552"/>
<String CONTENT="xxix" HEIGHT="38" WIDTH="119" VPOS="1457" HPOS="584"/>
<SP HEIGHT="38" WIDTH="27" VPOS="1467" HPOS="704"/>
<String CONTENT="p." HEIGHT="38" WIDTH="41" VPOS="1467" HPOS="732"/>
<SP HEIGHT="40" WIDTH="60" VPOS="1457" HPOS="774"/>
<String CONTENT="illus." HEIGHT="41" WIDTH="127" VPOS="1455" HPOS="835"/>
<SP HEIGHT="38" WIDTH="58" VPOS="1458" HPOS="963"/>
<String CONTENT="17" HEIGHT="38" WIDTH="54" VPOS="1458" HPOS="1022"/>
<String STYLE="superscript" CONTENT="cm" HEIGHT="23" WIDTH="44" VPOS="1457" HPOS="1079"/>
<String CONTENT="." HEIGHT="9" WIDTH="9" VPOS="1488" HPOS="1128"/>
</TextLine>
<TextLine HEIGHT="51" WIDTH="1176" VPOS="1512" HPOS="364" CS="1">
<String CONTENT="&#8220;Giochi" HEIGHT="40" WIDTH="197" VPOS="1513" HPOS="364"/>
<SP HEIGHT="40" WIDTH="29" VPOS="1513" HPOS="562"/>
<String CONTENT="di" HEIGHT="40" WIDTH="49" VPOS="1513" HPOS="592"/>
<SP HEIGHT="48" WIDTH="28" VPOS="1513" HPOS="642"/>
<String CONTENT="parole" HEIGHT="49" WIDTH="165" VPOS="1512" HPOS="671"/>
<SP HEIGHT="39" WIDTH="27" VPOS="1513" HPOS="837"/>
<String CS="1" CONTENT="incrociate&#8221;:" HEIGHT="40" WIDTH="288" VPOS="1512" HPOS="865"/>
<SP HEIGHT="38" WIDTH="31" VPOS="1524" HPOS="1183"/>
<String CONTENT="p." HEIGHT="38" WIDTH="43" VPOS="1524" HPOS="1215"/>
<SP HEIGHT="30" WIDTH="34" VPOS="1533" HPOS="1259"/>
<String CONTENT="[167]-187." HEIGHT="50" WIDTH="246" VPOS="1513" HPOS="1294"/>
</TextLine>
<TextLine HEIGHT="52" WIDTH="1985" VPOS="1569" HPOS="302">
<String CONTENT="&#169;" HEIGHT="52" WIDTH="52" VPOS="1569" HPOS="302"/>
<SP HEIGHT="52" WIDTH="27" VPOS="1569" HPOS="355"/>
<String CONTENT="June" HEIGHT="39" WIDTH="127" VPOS="1574" HPOS="383"/>
<SP HEIGHT="40" WIDTH="25" VPOS="1572" HPOS="511"/>
<String CONTENT="21," HEIGHT="48" WIDTH="67" VPOS="1572" HPOS="537"/>
<SP HEIGHT="46" WIDTH="29" VPOS="1574" HPOS="605"/>
<String CONTENT="1935;" HEIGHT="48" WIDTH="139" VPOS="1571" HPOS="635"/>
<SP HEIGHT="46" WIDTH="28" VPOS="1573" HPOS="775"/>
<String CONTENT="2c." HEIGHT="39" WIDTH="68" VPOS="1573" HPOS="804"/>
<SP HEIGHT="30" WIDTH="27" VPOS="1582" HPOS="873"/>
<String CONTENT="and" HEIGHT="38" WIDTH="96" VPOS="1573" HPOS="901"/>
<SP HEIGHT="38" WIDTH="26" VPOS="1573" HPOS="998"/>
<String CONTENT="aff." HEIGHT="39" WIDTH="81" VPOS="1572" HPOS="1025"/>
<SP HEIGHT="38" WIDTH="30" VPOS="1573" HPOS="1107"/>
<String CONTENT="June" HEIGHT="39" WIDTH="127" VPOS="1573" HPOS="1138"/>
<SP HEIGHT="40" WIDTH="23" VPOS="1572" HPOS="1266"/>
<String CONTENT="29;" HEIGHT="48" WIDTH="82" VPOS="1571" HPOS="1290"/>
<SP HEIGHT="46" WIDTH="30" VPOS="1573" HPOS="1373"/>
<!-- cceid 90DC2633-6D82-1014-B070-FDFD250A9EDA --><String CONTENT="A" HEIGHT="38" WIDTH="40" VPOS="1573" HPOS="1404"/>
<SP HEIGHT="40" WIDTH="28" VPOS="1572" HPOS="1445"/>
<String CONTENT="83838;" HEIGHT="47" WIDTH="168" VPOS="1572" HPOS="1474"/>
<SP HEIGHT="45" WIDTH="32" VPOS="1574" HPOS="1643"/>
<String CONTENT="Henry" HEIGHT="47" WIDTH="166" VPOS="1574" HPOS="1676"/>
<SP HEIGHT="47" WIDTH="29" VPOS="1574" HPOS="1843"/>
<String CONTENT="Holt" HEIGHT="40" WIDTH="121" VPOS="1574" HPOS="1873"/>
<SP HEIGHT="40" WIDTH="25" VPOS="1574" HPOS="1995"/>
<String CONTENT="&amp;" HEIGHT="39" WIDTH="35" VPOS="1574" HPOS="2021"/>
<SP HEIGHT="40" WIDTH="27" VPOS="1574" HPOS="2057"/>
<String CONTENT="co.," HEIGHT="37" WIDTH="82" VPOS="1584" HPOS="2085"/>
<SP HEIGHT="48" WIDTH="28" VPOS="1573" HPOS="2168"/>
<String CONTENT="inc." HEIGHT="41" WIDTH="90" VPOS="1573" HPOS="2197"/>
</TextLine>
<TextLine HEIGHT="48" WIDTH="277" VPOS="1629" HPOS="381">
<String CONTENT="(35-10300)" HEIGHT="48" WIDTH="277" VPOS="1629" HPOS="381"/>
</TextLine>
<TextLine HEIGHT="64" WIDTH="743" VPOS="1732" HPOS="301" STYLEREFS="StyleId-0E070239-05B2-4A6D-B23B-366A3D54E1D9-">
<String CONTENT="Merwin," HEIGHT="64" WIDTH="261" VPOS="1732" HPOS="301"/>
<SP HEIGHT="63" WIDTH="27" VPOS="1733" HPOS="563"/>
<String CONTENT="Samuel," HEIGHT="63" WIDTH="253" VPOS="1733" HPOS="591"/>
<SP HEIGHT="57" WIDTH="28" VPOS="1739" HPOS="845"/>
<String CONTENT="1874-" HEIGHT="50" WIDTH="170" VPOS="1736" HPOS="874"/>
</TextLine>
<TextLine HEIGHT="71" WIDTH="1913" VPOS="1807" HPOS="373" STYLEREFS="StyleId-A550527E-465A-4C8A-922A-15E443DCC439-">
<String CONTENT="Rise" HEIGHT="51" WIDTH="135" VPOS="1809" HPOS="373"/>
<SP HEIGHT="33" WIDTH="36" VPOS="1827" HPOS="509"/>
<String CONTENT="and" HEIGHT="52" WIDTH="111" VPOS="1808" HPOS="546"/>
<SP HEIGHT="53" WIDTH="36" VPOS="1807" HPOS="658"/>
<String CONTENT="fight" HEIGHT="69" WIDTH="145" VPOS="1807" HPOS="695"/>
<SP HEIGHT="47" WIDTH="34" VPOS="1813" HPOS="841"/>
<String CONTENT="againe;" HEIGHT="69" WIDTH="230" VPOS="1807" HPOS="876"/>
<SP HEIGHT="61" WIDTH="41" VPOS="1813" HPOS="1107"/>
<String CONTENT="the" HEIGHT="51" WIDTH="94" VPOS="1808" HPOS="1149"/>
<SP HEIGHT="33" WIDTH="37" VPOS="1827" HPOS="1244"/>
<String CONTENT="story" HEIGHT="63" WIDTH="157" VPOS="1813" HPOS="1282"/>
<SP HEIGHT="50" WIDTH="38" VPOS="1826" HPOS="1440"/>
<String CONTENT="of" HEIGHT="54" WIDTH="64" VPOS="1807" HPOS="1479"/>
<SP HEIGHT="54" WIDTH="37" VPOS="1807" HPOS="1544"/>
<String CONTENT="a" HEIGHT="33" WIDTH="31" VPOS="1828" HPOS="1582"/>
<SP HEIGHT="52" WIDTH="39" VPOS="1809" HPOS="1614"/>
<String CONTENT="life-long" HEIGHT="69" WIDTH="269" VPOS="1808" HPOS="1654"/>
<SP HEIGHT="68" WIDTH="41" VPOS="1809" HPOS="1924"/>
<String CONTENT="friend," HEIGHT="67" WIDTH="209" VPOS="1809" HPOS="1966"/>
<SP HEIGHT="66" WIDTH="36" VPOS="1810" HPOS="2176"/>
<String CONTENT="by" HEIGHT="68" WIDTH="73" VPOS="1810" HPOS="2213"/>
</TextLine>
<TextLine HEIGHT="70" WIDTH="1712" VPOS="1884" HPOS="304" STYLEREFS="StyleId-A550527E-465A-4C8A-922A-15E443DCC439-">
<String CONTENT="Samuel" HEIGHT="50" WIDTH="228" VPOS="1887" HPOS="304"/>
<SP HEIGHT="52" WIDTH="25" VPOS="1885" HPOS="533"/>
<String CONTENT="Merwin." HEIGHT="52" WIDTH="258" VPOS="1885" HPOS="559"/>
<SP HEIGHT="52" WIDTH="60" VPOS="1885" HPOS="818"/>
<String CONTENT="New" HEIGHT="52" WIDTH="138" VPOS="1885" HPOS="879"/>
<SP HEIGHT="51" WIDTH="26" VPOS="1886" HPOS="1018"/>
<String CONTENT="York," HEIGHT="68" WIDTH="179" VPOS="1884" HPOS="1045"/>
<SP HEIGHT="66" WIDTH="23" VPOS="1886" HPOS="1225"/>
<String CONTENT="A." HEIGHT="51" WIDTH="72" VPOS="1886" HPOS="1249"/>
<SP HEIGHT="49" WIDTH="27" VPOS="1888" HPOS="1322"/>
<String CONTENT="&amp;" HEIGHT="49" WIDTH="45" VPOS="1888" HPOS="1350"/>
<SP HEIGHT="54" WIDTH="26" VPOS="1884" HPOS="1396"/>
<String CONTENT="C." HEIGHT="56" WIDTH="63" VPOS="1884" HPOS="1423"/>
<SP HEIGHT="53" WIDTH="28" VPOS="1887" HPOS="1487"/>
<String CONTENT="Boni," HEIGHT="68" WIDTH="166" VPOS="1885" HPOS="1516"/>
<SP HEIGHT="67" WIDTH="27" VPOS="1886" HPOS="1683"/>
<String CONTENT="inc.," HEIGHT="68" WIDTH="125" VPOS="1886" HPOS="1711"/>
<SP HEIGHT="64" WIDTH="30" VPOS="1890" HPOS="1837"/>
<String CONTENT="1935." HEIGHT="49" WIDTH="148" VPOS="1889" HPOS="1868"/>
</TextLine>
<TextLine HEIGHT="50" WIDTH="990" VPOS="1956" HPOS="383" CS="1">
<String CONTENT="1" HEIGHT="37" WIDTH="7" VPOS="1959" HPOS="383"/>
<SP/>
<String CONTENT="p." HEIGHT="35" WIDTH="39" VPOS="1970" HPOS="426"/>
<SP HEIGHT="39" WIDTH="31" VPOS="1959" HPOS="466"/>
<String CS="1" CONTENT="l.,"/>
<SP HEIGHT="45" WIDTH="29" VPOS="1959" HPOS="538"/>
<String CONTENT="3-257" HEIGHT="40" WIDTH="143" VPOS="1958" HPOS="568"/>
<SP HEIGHT="47" WIDTH="27" VPOS="1958" HPOS="712"/>
<String CONTENT="p." HEIGHT="38" WIDTH="41" VPOS="1967" HPOS="740"/>
<SP HEIGHT="39" WIDTH="59" VPOS="1957" HPOS="782"/>
<String CS="1" CONTENT="front."/>
<SP HEIGHT="48" WIDTH="29" VPOS="1958" HPOS="989"/>
<String CONTENT="(port.)" HEIGHT="48" WIDTH="169" VPOS="1958" HPOS="1019"/>
<SP HEIGHT="48" WIDTH="68" VPOS="1956" HPOS="1189"/>
<String CONTENT="21" HEIGHT="39" WIDTH="53" VPOS="1956" HPOS="1258"/>
<String STYLE="superscript" CONTENT="cm" HEIGHT="22" WIDTH="45" VPOS="1959" HPOS="1316"/>
<String CONTENT="." HEIGHT="9" WIDTH="8" VPOS="1989" HPOS="1365"/>
</TextLine>
<TextLine HEIGHT="47" WIDTH="918" VPOS="2014" HPOS="373">
<String CONTENT="Illustrated" HEIGHT="40" WIDTH="283" VPOS="2014" HPOS="373"/>
<SP HEIGHT="40" WIDTH="33" VPOS="2014" HPOS="657"/>
<String CONTENT="lining-papers" HEIGHT="47" WIDTH="344" VPOS="2014" HPOS="691"/>
<SP HEIGHT="40" WIDTH="30" VPOS="2014" HPOS="1036"/>
<String CONTENT="in" HEIGHT="39" WIDTH="49" VPOS="2014" HPOS="1067"/>
<SP HEIGHT="30" WIDTH="31" VPOS="2024" HPOS="1117"/>
<String CONTENT="color." HEIGHT="40" WIDTH="142" VPOS="2015" HPOS="1149"/>
</TextLine>
<TextLine HEIGHT="42" WIDTH="417" VPOS="2069" HPOS="371">
<String CONTENT="&#8220;First" HEIGHT="40" WIDTH="159" VPOS="2071" HPOS="371"/>
<SP HEIGHT="38" WIDTH="30" VPOS="2073" HPOS="531"/>
<String CONTENT="edition.&#8221;" HEIGHT="42" WIDTH="226" VPOS="2069" HPOS="562"/>
</TextLine>
<TextLine HEIGHT="54" WIDTH="1985" VPOS="2125" HPOS="303" CS="1">
<String CONTENT="&#169;" HEIGHT="52" WIDTH="52" VPOS="2125" HPOS="303"/>
<SP HEIGHT="52" WIDTH="29" VPOS="2125" HPOS="356"/>
<String CONTENT="Apr." HEIGHT="47" WIDTH="113" VPOS="2129" HPOS="386"/>
<SP HEIGHT="39" WIDTH="30" VPOS="2129" HPOS="500"/>
<String CONTENT="18," HEIGHT="46" WIDTH="69" VPOS="2129" HPOS="531"/>
<SP HEIGHT="45" WIDTH="30" VPOS="2130" HPOS="601"/>
<String CS="1" CONTENT="1935;" HEIGHT="41" WIDTH="116" VPOS="2127" HPOS="632"/>
<SP HEIGHT="47" WIDTH="32" VPOS="2128" HPOS="772"/>
<String CONTENT="2c." HEIGHT="40" WIDTH="67" VPOS="2128" HPOS="805"/>
<SP HEIGHT="40" WIDTH="30" VPOS="2128" HPOS="873"/>
<String CONTENT="June" HEIGHT="40" WIDTH="129" VPOS="2128" HPOS="904"/>
<SP HEIGHT="41" WIDTH="26" VPOS="2127" HPOS="1034"/>
<String CONTENT="21;" HEIGHT="47" WIDTH="82" VPOS="2127" HPOS="1061"/>
<SP HEIGHT="35" WIDTH="33" VPOS="2139" HPOS="1144"/>
<String CONTENT="aff." HEIGHT="40" WIDTH="80" VPOS="2128" HPOS="1178"/>
<SP HEIGHT="39" WIDTH="33" VPOS="2129" HPOS="1259"/>
<String CONTENT="June" HEIGHT="39" WIDTH="125" VPOS="2129" HPOS="1293"/>
<SP HEIGHT="39" WIDTH="29" VPOS="2129" HPOS="1419"/>
<String CONTENT="20;" HEIGHT="47" WIDTH="82" VPOS="2129" HPOS="1449"/>
<SP HEIGHT="46" WIDTH="34" VPOS="2130" HPOS="1532"/>
<!-- cceid 90DC9DDE-6D82-1014-B070-FDFD250A9EDA --><String CONTENT="A" HEIGHT="38" WIDTH="40" VPOS="2130" HPOS="1567"/>
<SP HEIGHT="41" WIDTH="29" VPOS="2129" HPOS="1608"/>
<String CONTENT="84397;" HEIGHT="47" WIDTH="169" VPOS="2129" HPOS="1638"/>
<SP HEIGHT="45" WIDTH="37" VPOS="2131" HPOS="1808"/>
<String CONTENT="S." HEIGHT="40" WIDTH="41" VPOS="2131" HPOS="1846"/>
<SP HEIGHT="38" WIDTH="34" VPOS="2132" HPOS="1888"/>
<String CONTENT="Merwin," HEIGHT="50" WIDTH="215" VPOS="2129" HPOS="1923"/>
<SP HEIGHT="47" WIDTH="32" VPOS="2132" HPOS="2139"/>
<String CONTENT="New" HEIGHT="40" WIDTH="116" VPOS="2132" HPOS="2172"/>
</TextLine>
<TextLine HEIGHT="49" WIDTH="494" VPOS="2185" HPOS="373">
<String CONTENT="York." HEIGHT="39" WIDTH="142" VPOS="2187" HPOS="373"/>
<SP HEIGHT="46" WIDTH="70" VPOS="2187" HPOS="516"/>
<String CONTENT="(35-10265)" HEIGHT="49" WIDTH="280" VPOS="2185" HPOS="587"/>
</TextLine>
<TextLine HEIGHT="64" WIDTH="546" VPOS="2275" HPOS="305" STYLEREFS="StyleId-0E070239-05B2-4A6D-B23B-366A3D54E1D9-">
<String CONTENT="Michaux," HEIGHT="64" WIDTH="295" VPOS="2275" HPOS="305"/>
<SP HEIGHT="62" WIDTH="27" VPOS="2277" HPOS="601"/>
<String CONTENT="Henry." HEIGHT="62" WIDTH="222" VPOS="2277" HPOS="629"/>
</TextLine>
<TextLine HEIGHT="69" WIDTH="1316" VPOS="2352" HPOS="432" STYLEREFS="StyleId-A550527E-465A-4C8A-922A-15E443DCC439-" CS="1">
<String CS="1" CONTENT="&#8230;"/>
<SP HEIGHT="53" WIDTH="33" VPOS="2353" HPOS="432"/>
<String CONTENT="La" HEIGHT="52" WIDTH="83" VPOS="2353" HPOS="466"/>
<SP HEIGHT="34" WIDTH="24" VPOS="2371" HPOS="550"/>
<String CONTENT="nuit" HEIGHT="53" WIDTH="128" VPOS="2353" HPOS="575"/>
<SP HEIGHT="47" WIDTH="25" VPOS="2358" HPOS="704"/>
<String CONTENT="remue." HEIGHT="34" WIDTH="203" VPOS="2371" HPOS="730"/>
<SP HEIGHT="50" WIDTH="73" VPOS="2355" HPOS="934"/>
<String CONTENT="Paris," HEIGHT="66" WIDTH="184" VPOS="2353" HPOS="1008"/>
<SP HEIGHT="66" WIDTH="26" VPOS="2353" HPOS="1193"/>
<String CONTENT="Gallimard" HEIGHT="55" WIDTH="322" VPOS="2352" HPOS="1220"/>
<SP HEIGHT="66" WIDTH="34" VPOS="2355" HPOS="1543"/>
<String CONTENT="[1935]" HEIGHT="64" WIDTH="170" VPOS="2357" HPOS="1578"/>
</TextLine>
<TextLine HEIGHT="50" WIDTH="687" VPOS="2424" HPOS="375" CS="1">
<String CONTENT="2" HEIGHT="36" WIDTH="25" VPOS="2428" HPOS="375"/>
<SP/>
<String CONTENT="p." HEIGHT="35" WIDTH="41" VPOS="2438" HPOS="429"/>
<SP HEIGHT="40" WIDTH="27" VPOS="2427" HPOS="471"/>
<String CS="1" CONTENT="l.,"/>
<SP HEIGHT="30" WIDTH="31" VPOS="2444" HPOS="543"/>
<String CONTENT="[7]-205" HEIGHT="50" WIDTH="175" VPOS="2424" HPOS="575"/>
<SP HEIGHT="48" WIDTH="27" VPOS="2425" HPOS="751"/>
<String CS="1" CONTENT="p.,"/>
<SP/>
<String CS="1" CONTENT="1"/>
<SP/>
<String CS="1" CONTENT="l."/>
<SP HEIGHT="38" WIDTH="59" VPOS="2427" HPOS="948"/>
<String CONTENT="19" HEIGHT="40" WIDTH="54" VPOS="2425" HPOS="1008"/>
<String STYLE="superscript" CS="1" CONTENT="cm."/>
</TextLine>
<TextLine HEIGHT="41" WIDTH="912" VPOS="2481" HPOS="374">
<String CONTENT="At" HEIGHT="39" WIDTH="63" VPOS="2483" HPOS="374"/>
<SP HEIGHT="38" WIDTH="25" VPOS="2484" HPOS="438"/>
<String CONTENT="bead" HEIGHT="38" WIDTH="123" VPOS="2484" HPOS="464"/>
<SP HEIGHT="38" WIDTH="27" VPOS="2484" HPOS="588"/>
<String CONTENT="of" HEIGHT="40" WIDTH="52" VPOS="2482" HPOS="616"/>
<SP HEIGHT="40" WIDTH="26" VPOS="2482" HPOS="669"/>
<String CONTENT="title:" HEIGHT="41" WIDTH="136" VPOS="2481" HPOS="696"/>
<SP HEIGHT="40" WIDTH="26" VPOS="2482" HPOS="833"/>
<String CONTENT="Henri" HEIGHT="39" WIDTH="153" VPOS="2482" HPOS="860"/>
<SP HEIGHT="39" WIDTH="27" VPOS="2482" HPOS="1014"/>
<String CONTENT="Micbaux." HEIGHT="41" WIDTH="244" VPOS="2481" HPOS="1042"/>
</TextLine>
<TextLine HEIGHT="52" WIDTH="1983" VPOS="2536" HPOS="304" CS="1">
<String CONTENT="&#169;" HEIGHT="52" WIDTH="52" VPOS="2536" HPOS="304"/>
<SP HEIGHT="52" WIDTH="30" VPOS="2536" HPOS="357"/>
<String CONTENT="Apr." HEIGHT="46" WIDTH="111" VPOS="2541" HPOS="388"/>
<SP HEIGHT="41" WIDTH="32" VPOS="2539" HPOS="500"/>
<String CONTENT="20," HEIGHT="47" WIDTH="69" VPOS="2539" HPOS="533"/>
<SP HEIGHT="45" WIDTH="33" VPOS="2541" HPOS="603"/>
<String CONTENT="1935;" HEIGHT="48" WIDTH="140" VPOS="2538" HPOS="637"/>
<SP/>
<String CS="1" CONTENT="1c."/>
<SP/>
<String CONTENT="June" HEIGHT="39" WIDTH="127" VPOS="2539" HPOS="912"/>
<SP HEIGHT="37" WIDTH="28" VPOS="2540" HPOS="1040"/>
<String CS="1" CONTENT="12;" HEIGHT="38" WIDTH="54" VPOS="2539" HPOS="1069"/>
<SP HEIGHT="46" WIDTH="35" VPOS="2539" HPOS="1150"/>
<!-- cceid 90DD0B93-6D82-1014-B070-FDFD250A9EDA --><String CONTENT="A-Foreign" HEIGHT="48" WIDTH="309" VPOS="2539" HPOS="1186"/>
<SP HEIGHT="39" WIDTH="29" VPOS="2539" HPOS="1496"/>
<String CONTENT="28178;" HEIGHT="48" WIDTH="171" VPOS="2539" HPOS="1526"/>
<SP HEIGHT="47" WIDTH="35" VPOS="2540" HPOS="1698"/>
<String CONTENT="Librairie" HEIGHT="43" WIDTH="242" VPOS="2538" HPOS="1734"/>
<SP HEIGHT="41" WIDTH="29" VPOS="2540" HPOS="1977"/>
<String CONTENT="Gallimard." HEIGHT="44" WIDTH="280" VPOS="2538" HPOS="2007"/>
</TextLine>
<TextLine HEIGHT="49" WIDTH="279" VPOS="2596" HPOS="385">
<String CONTENT="(35-11041)" HEIGHT="49" WIDTH="279" VPOS="2596" HPOS="385"/>
</TextLine>
<TextLine HEIGHT="66" WIDTH="1166" VPOS="2684" HPOS="301" STYLEREFS="StyleId-0E070239-05B2-4A6D-B23B-366A3D54E1D9-">
<String CONTENT="Michel," HEIGHT="64" WIDTH="229" VPOS="2684" HPOS="301"/>
<SP HEIGHT="62" WIDTH="28" VPOS="2686" HPOS="531"/>
<String CONTENT="Virgil" HEIGHT="64" WIDTH="190" VPOS="2685" HPOS="560"/>
<SP HEIGHT="52" WIDTH="29" VPOS="2686" HPOS="751"/>
<String CONTENT="George," HEIGHT="62" WIDTH="243" VPOS="2686" HPOS="781"/>
<SP HEIGHT="64" WIDTH="28" VPOS="2686" HPOS="1025"/>
<String CONTENT="father," HEIGHT="65" WIDTH="211" VPOS="2685" HPOS="1054"/>
<SP HEIGHT="58" WIDTH="30" VPOS="2690" HPOS="1266"/>
<String CONTENT="1890-" HEIGHT="48" WIDTH="170" VPOS="2689" HPOS="1297"/>
</TextLine>
<TextLine HEIGHT="133" WIDTH="1967" VPOS="2760" HPOS="302" STYLEREFS="StyleId-0E070239-05B2-4A6D-B23B-366A3D54E1D9-" CS="1">
<String CONTENT="A" HEIGHT="53" WIDTH="57" VPOS="2761" HPOS="377"/>
<SP HEIGHT="54" WIDTH="23" VPOS="2761" HPOS="435"/>
<String CONTENT="child" HEIGHT="54" WIDTH="154" VPOS="2761" HPOS="459"/>
<SP HEIGHT="53" WIDTH="28" VPOS="2762" HPOS="614"/>
<String CONTENT="of" HEIGHT="54" WIDTH="65" VPOS="2761" HPOS="643"/>
<SP HEIGHT="56" WIDTH="28" VPOS="2760" HPOS="709"/>
<String CONTENT="God," HEIGHT="68" WIDTH="146" VPOS="2760" HPOS="738"/>
<SP HEIGHT="67" WIDTH="26" VPOS="2761" HPOS="885"/>
<String CONTENT="by" HEIGHT="68" WIDTH="78" VPOS="2761" HPOS="912"/>
<SP HEIGHT="68" WIDTH="25" VPOS="2761" HPOS="991"/>
<String CONTENT="Dom" HEIGHT="53" WIDTH="153" VPOS="2761" HPOS="1017"/>
<SP HEIGHT="54" WIDTH="21" VPOS="2762" HPOS="1171"/>
<String CONTENT="Virgil" HEIGHT="68" WIDTH="195" VPOS="2761" HPOS="1193"/>
<SP HEIGHT="52" WIDTH="25" VPOS="2761" HPOS="1389"/>
<String CONTENT="Michel" HEIGHT="53" WIDTH="211" VPOS="2761" HPOS="1415"/>
<SP HEIGHT="52" WIDTH="34" VPOS="2762" HPOS="1627"/>
<String CS="1" CONTENT="&#8230;"/>
<SP HEIGHT="54" WIDTH="32" VPOS="2761" HPOS="1721"/>
<String CONTENT="Dom" HEIGHT="54" WIDTH="151" VPOS="2761" HPOS="1754"/>
<SP HEIGHT="52" WIDTH="28" VPOS="2763" HPOS="1906"/>
<String CONTENT="Basil" HEIGHT="54" WIDTH="161" VPOS="2762" HPOS="1935"/>
<SP HEIGHT="56" WIDTH="32" VPOS="2761" HPOS="2097"/>
<String CONTENT="Stegmann" HEIGHT="132" WIDTH="1967" VPOS="2761" HPOS="302"/>
<SP HEIGHT="33" WIDTH="36" VPOS="2860" HPOS="474"/>
<String CS="1" CONTENT="&#8230;"/>
</TextLine>
<TextLine HEIGHT="147" WIDTH="1960" VPOS="2838" HPOS="308" STYLEREFS="StyleId-0E070239-05B2-4A6D-B23B-366A3D54E1D9-" CS="1">
<String CONTENT="and" HEIGHT="53" WIDTH="112" VPOS="2839" HPOS="606"/>
<SP HEIGHT="53" WIDTH="29" VPOS="2839" HPOS="719"/>
<String CONTENT="the" HEIGHT="53" WIDTH="99" VPOS="2839" HPOS="749"/>
<SP HEIGHT="55" WIDTH="28" VPOS="2838" HPOS="849"/>
<String CONTENT="Sisters" HEIGHT="55" WIDTH="211" VPOS="2838" HPOS="878"/>
<SP HEIGHT="35" WIDTH="28" VPOS="2857" HPOS="1090"/>
<String CONTENT="of" HEIGHT="54" WIDTH="65" VPOS="2838" HPOS="1119"/>
<SP HEIGHT="54" WIDTH="31" VPOS="2838" HPOS="1185"/>
<String CONTENT="the" HEIGHT="54" WIDTH="97" VPOS="2839" HPOS="1217"/>
<SP HEIGHT="55" WIDTH="26" VPOS="2838" HPOS="1315"/>
<String CONTENT="Order" HEIGHT="55" WIDTH="192" VPOS="2838" HPOS="1342"/>
<SP HEIGHT="33" WIDTH="26" VPOS="2859" HPOS="1535"/>
<String CONTENT="of" HEIGHT="54" WIDTH="65" VPOS="2838" HPOS="1562"/>
<SP HEIGHT="56" WIDTH="34" VPOS="2838" HPOS="1628"/>
<String CONTENT="St." HEIGHT="56" WIDTH="83" VPOS="2838" HPOS="1663"/>
<SP HEIGHT="52" WIDTH="32" VPOS="2840" HPOS="1747"/>
<String CONTENT="Dominic," HEIGHT="68" WIDTH="285" VPOS="2839" HPOS="1780"/>
<SP HEIGHT="66" WIDTH="32" VPOS="2841" HPOS="2066"/>
<String CONTENT="Marywood," HEIGHT="144" WIDTH="1960" VPOS="2841" HPOS="308"/>
</TextLine>
<TextLine HEIGHT="70" WIDTH="1749" VPOS="2915" HPOS="543" STYLEREFS="StyleId-0E070239-05B2-4A6D-B23B-366A3D54E1D9-">
<String CONTENT="Grand" HEIGHT="56" WIDTH="200" VPOS="2915" HPOS="543"/>
<SP HEIGHT="54" WIDTH="55" VPOS="2916" HPOS="744"/>
<String CONTENT="Rapids," HEIGHT="69" WIDTH="238" VPOS="2916" HPOS="800"/>
<SP HEIGHT="68" WIDTH="56" VPOS="2916" HPOS="1039"/>
<String CONTENT="Michigan;" HEIGHT="69" WIDTH="325" VPOS="2916" HPOS="1096"/>
<SP HEIGHT="67" WIDTH="60" VPOS="2917" HPOS="1422"/>
<String CONTENT="illustrated" HEIGHT="55" WIDTH="323" VPOS="2916" HPOS="1483"/>
<SP HEIGHT="54" WIDTH="55" VPOS="2917" HPOS="1807"/>
<String CONTENT="by" HEIGHT="67" WIDTH="75" VPOS="2918" HPOS="1863"/>
<SP HEIGHT="69" WIDTH="58" VPOS="2916" HPOS="1939"/>
<String CONTENT="Charlotte" HEIGHT="56" WIDTH="294" VPOS="2916" HPOS="1998"/>
</TextLine>
<TextLine HEIGHT="70" WIDTH="1676" VPOS="2992" HPOS="312" STYLEREFS="StyleId-0E070239-05B2-4A6D-B23B-366A3D54E1D9-">
<String CONTENT="Becker." HEIGHT="55" WIDTH="227" VPOS="2994" HPOS="312"/>
<SP HEIGHT="53" WIDTH="72" VPOS="2995" HPOS="540"/>
<String CONTENT="New" HEIGHT="53" WIDTH="138" VPOS="2995" HPOS="613"/>
<SP HEIGHT="54" WIDTH="31" VPOS="2993" HPOS="752"/>
<String CONTENT="York," HEIGHT="68" WIDTH="180" VPOS="2993" HPOS="784"/>
<SP HEIGHT="66" WIDTH="27" VPOS="2995" HPOS="965"/>
<String CONTENT="The" HEIGHT="54" WIDTH="122" VPOS="2994" HPOS="993"/>
<SP HEIGHT="54" WIDTH="24" VPOS="2994" HPOS="1116"/>
<String CONTENT="Macmillan" HEIGHT="55" WIDTH="333" VPOS="2992" HPOS="1141"/>
<SP HEIGHT="35" WIDTH="31" VPOS="3012" HPOS="1475"/>
<String CONTENT="company," HEIGHT="51" WIDTH="296" VPOS="3011" HPOS="1507"/>
<SP HEIGHT="64" WIDTH="33" VPOS="2998" HPOS="1804"/>
<String CONTENT="1935." HEIGHT="51" WIDTH="150" VPOS="2997" HPOS="1838"/>
</TextLine>
<TextLine HEIGHT="51" WIDTH="1912" VPOS="3066" HPOS="377" CS="1">
<String CONTENT="vii," HEIGHT="47" WIDTH="80" VPOS="3068" HPOS="377"/>
<SP/>
<String CONTENT="[1]," HEIGHT="50" WIDTH="69" VPOS="3067" HPOS="499"/>
<SP HEIGHT="47" WIDTH="33" VPOS="3068" HPOS="569"/>
<String CONTENT="192" HEIGHT="40" WIDTH="86" VPOS="3067" HPOS="603"/>
<SP HEIGHT="48" WIDTH="29" VPOS="3067" HPOS="690"/>
<String CONTENT="p." HEIGHT="38" WIDTH="42" VPOS="3077" HPOS="720"/>
<SP HEIGHT="40" WIDTH="34" VPOS="3066" HPOS="763"/>
<String CONTENT="incl." HEIGHT="42" WIDTH="109" VPOS="3066" HPOS="798"/>
<SP HEIGHT="40" WIDTH="35" VPOS="3068" HPOS="908"/>
<String CONTENT="front.," HEIGHT="46" WIDTH="163" VPOS="3068" HPOS="944"/>
<SP HEIGHT="48" WIDTH="36" VPOS="3066" HPOS="1108"/>
<String CONTENT="illus." HEIGHT="40" WIDTH="125" VPOS="3066" HPOS="1145"/>
<SP HEIGHT="37" WIDTH="75" VPOS="3068" HPOS="1271"/>
<String CONTENT="19" HEIGHT="41" WIDTH="57" VPOS="3066" HPOS="1347"/>
<String STYLE="superscript" CONTENT="cm" HEIGHT="22" WIDTH="46" VPOS="3068" HPOS="1403"/>
<String CONTENT="." HEIGHT="9" WIDTH="8" VPOS="3097" HPOS="1453"/>
<SP/>
<String CONTENT="(Half-title:" HEIGHT="51" WIDTH="298" VPOS="3066" HPOS="1547"/>
<SP HEIGHT="39" WIDTH="32" VPOS="3068" HPOS="1846"/>
<String CONTENT="The" HEIGHT="40" WIDTH="101" VPOS="3067" HPOS="1879"/>
<SP HEIGHT="42" WIDTH="36" VPOS="3067" HPOS="1981"/>
<String CONTENT="Christ-life" HEIGHT="42" WIDTH="271" VPOS="3067" HPOS="2018"/>
</TextLine>
<TextLine HEIGHT="50" WIDTH="728" VPOS="3123" HPOS="307">
<String CONTENT="series" HEIGHT="40" WIDTH="148" VPOS="3125" HPOS="307"/>
<SP HEIGHT="41" WIDTH="24" VPOS="3124" HPOS="456"/>
<String CONTENT="in" HEIGHT="39" WIDTH="49" VPOS="3124" HPOS="481"/>
<SP HEIGHT="29" WIDTH="26" VPOS="3134" HPOS="531"/>
<String CONTENT="religion," HEIGHT="49" WIDTH="216" VPOS="3123" HPOS="558"/>
<SP HEIGHT="39" WIDTH="58" VPOS="3124" HPOS="775"/>
<String CONTENT="book" HEIGHT="41" WIDTH="123" VPOS="3123" HPOS="834"/>
<SP HEIGHT="40" WIDTH="23" VPOS="3123" HPOS="958"/>
<String CONTENT="4)" HEIGHT="49" WIDTH="53" VPOS="3124" HPOS="982"/>
</TextLine>
<TextLine HEIGHT="50" WIDTH="1637" VPOS="3179" HPOS="651" CS="1">
<String CS="1" CONTENT="CONTENTS.&#8212;Our" HEIGHT="41" WIDTH="164" VPOS="3180" HPOS="651"/>
<SP HEIGHT="38" WIDTH="29" VPOS="3181" HPOS="816"/>
<String CONTENT="Father" HEIGHT="40" WIDTH="181" VPOS="3181" HPOS="846"/>
<SP HEIGHT="39" WIDTH="27" VPOS="3180" HPOS="1028"/>
<String CONTENT="in" HEIGHT="39" WIDTH="50" VPOS="3180" HPOS="1056"/>
<SP HEIGHT="39" WIDTH="29" VPOS="3180" HPOS="1107"/>
<String CONTENT="heaven.&#8212;The" HEIGHT="40" WIDTH="361" VPOS="3180" HPOS="1137"/>
<SP HEIGHT="41" WIDTH="30" VPOS="3180" HPOS="1499"/>
<String CONTENT="Catholic" HEIGHT="41" WIDTH="220" VPOS="3180" HPOS="1530"/>
<SP HEIGHT="32" WIDTH="28" VPOS="3189" HPOS="1751"/>
<String CONTENT="church," HEIGHT="49" WIDTH="193" VPOS="3180" HPOS="1780"/>
<SP HEIGHT="46" WIDTH="32" VPOS="3183" HPOS="1974"/>
<String CONTENT="the" HEIGHT="40" WIDTH="80" VPOS="3181" HPOS="2007"/>
<SP HEIGHT="41" WIDTH="28" VPOS="3180" HPOS="2088"/>
<String CONTENT="family" HEIGHT="48" WIDTH="171" VPOS="3179" HPOS="2117"/>
</TextLine>
<TextLine HEIGHT="50" WIDTH="1983" VPOS="3235" HPOS="307">
<String CONTENT="of" HEIGHT="40" WIDTH="52" VPOS="3237" HPOS="307"/>
<SP HEIGHT="40" WIDTH="29" VPOS="3237" HPOS="360"/>
<String CONTENT="God.&#8212;The" HEIGHT="40" WIDTH="279" VPOS="3237" HPOS="390"/>
<SP HEIGHT="40" WIDTH="23" VPOS="3237" HPOS="670"/>
<String CONTENT="holy" HEIGHT="48" WIDTH="112" VPOS="3237" HPOS="694"/>
<SP HEIGHT="39" WIDTH="28" VPOS="3246" HPOS="807"/>
<String CONTENT="eucharist.&#8212;The" HEIGHT="41" WIDTH="423" VPOS="3236" HPOS="836"/>
<SP HEIGHT="30" WIDTH="28" VPOS="3246" HPOS="1260"/>
<String CONTENT="sacraments.&#8212;The" HEIGHT="40" WIDTH="476" VPOS="3237" HPOS="1289"/>
<SP HEIGHT="30" WIDTH="30" VPOS="3247" HPOS="1766"/>
<String CONTENT="commandments" HEIGHT="39" WIDTH="411" VPOS="3238" HPOS="1797"/>
<SP HEIGHT="32" WIDTH="29" VPOS="3245" HPOS="2209"/>
<String CONTENT="of" HEIGHT="41" WIDTH="51" VPOS="3235" HPOS="2239"/>
</TextLine>
<TextLine HEIGHT="41" WIDTH="114" VPOS="3292" HPOS="309">
<String CONTENT="God." HEIGHT="41" WIDTH="114" VPOS="3292" HPOS="309"/>
</TextLine>
<TextLine HEIGHT="52" WIDTH="1633" VPOS="3346" HPOS="305" CS="1">
<String CONTENT="&#169;" HEIGHT="52" WIDTH="52" VPOS="3346" HPOS="305"/>
<SP HEIGHT="52" WIDTH="26" VPOS="3346" HPOS="358"/>
<String CONTENT="May" HEIGHT="46" WIDTH="113" VPOS="3351" HPOS="385"/>
<SP HEIGHT="46" WIDTH="24" VPOS="3351" HPOS="499"/>
<String CONTENT="7," HEIGHT="45" WIDTH="39" VPOS="3351" HPOS="524"/>
<SP HEIGHT="44" WIDTH="28" VPOS="3352" HPOS="564"/>
<String CS="1" CONTENT="1935;" HEIGHT="49" WIDTH="139" VPOS="3349" HPOS="593"/>
<SP HEIGHT="48" WIDTH="26" VPOS="3350" HPOS="733"/>
<String CONTENT="2c." HEIGHT="40" WIDTH="67" VPOS="3350" HPOS="760"/>
<SP HEIGHT="29" WIDTH="26" VPOS="3360" HPOS="828"/>
<String CONTENT="and" HEIGHT="39" WIDTH="93" VPOS="3351" HPOS="855"/>
<SP HEIGHT="39" WIDTH="24" VPOS="3351" HPOS="949"/>
<String CONTENT="aff." HEIGHT="40" WIDTH="81" VPOS="3349" HPOS="974"/>
<SP HEIGHT="38" WIDTH="27" VPOS="3351" HPOS="1056"/>
<String CONTENT="May" HEIGHT="46" WIDTH="116" VPOS="3351" HPOS="1084"/>
<SP HEIGHT="48" WIDTH="21" VPOS="3349" HPOS="1201"/>
<String CONTENT="8;" HEIGHT="47" WIDTH="51" VPOS="3349" HPOS="1223"/>
<SP HEIGHT="46" WIDTH="28" VPOS="3350" HPOS="1275"/>
<!-- cceid 90DD7A2B-6D82-1014-B070-FDFD250A9EDA --><String CONTENT="A" HEIGHT="38" WIDTH="40" VPOS="3350" HPOS="1304"/>
<SP HEIGHT="39" WIDTH="22" VPOS="3350" HPOS="1345"/>
<String CONTENT="82996;" HEIGHT="48" WIDTH="169" VPOS="3348" HPOS="1368"/>
<SP HEIGHT="46" WIDTH="29" VPOS="3350" HPOS="1538"/>
<String CONTENT="Macmillan" HEIGHT="40" WIDTH="279" VPOS="3349" HPOS="1568"/>
<SP HEIGHT="29" WIDTH="24" VPOS="3360" HPOS="1848"/>
<String CONTENT="co." HEIGHT="29" WIDTH="65" VPOS="3360" HPOS="1873"/>
</TextLine>
<TextLine HEIGHT="49" WIDTH="279" VPOS="3406" HPOS="383">
<String CONTENT="(35-10311)" HEIGHT="49" WIDTH="279" VPOS="3406" HPOS="383"/>
</TextLine>
<TextLine HEIGHT="66" WIDTH="1727" VPOS="3492" HPOS="303" STYLEREFS="StyleId-0E070239-05B2-4A6D-B23B-366A3D54E1D9-">
<String CONTENT="Michigan" HEIGHT="65" WIDTH="297" VPOS="3492" HPOS="303"/>
<SP HEIGHT="51" WIDTH="27" VPOS="3494" HPOS="601"/>
<String CONTENT="forest" HEIGHT="53" WIDTH="191" VPOS="3494" HPOS="629"/>
<SP HEIGHT="52" WIDTH="25" VPOS="3495" HPOS="821"/>
<String CONTENT="fire" HEIGHT="52" WIDTH="103" VPOS="3494" HPOS="847"/>
<SP HEIGHT="35" WIDTH="27" VPOS="3511" HPOS="951"/>
<String CONTENT="experiment" HEIGHT="64" WIDTH="364" VPOS="3494" HPOS="979"/>
<SP HEIGHT="50" WIDTH="27" VPOS="3498" HPOS="1344"/>
<String CONTENT="station," HEIGHT="61" WIDTH="240" VPOS="3495" HPOS="1372"/>
<SP HEIGHT="60" WIDTH="30" VPOS="3496" HPOS="1613"/>
<String CONTENT="Roscommon." HEIGHT="51" WIDTH="386" VPOS="3496" HPOS="1644"/>
</TextLine>
<TextLine HEIGHT="69" WIDTH="1911" VPOS="3567" HPOS="375" STYLEREFS="StyleId-A550527E-465A-4C8A-922A-15E443DCC439-">
<String CONTENT="&#8220;The" HEIGHT="54" WIDTH="154" VPOS="3567" HPOS="375"/>
<SP HEIGHT="34" WIDTH="39" VPOS="3588" HPOS="530"/>
<String CONTENT="use" HEIGHT="36" WIDTH="97" VPOS="3587" HPOS="570"/>
<SP HEIGHT="35" WIDTH="39" VPOS="3586" HPOS="668"/>
<String CONTENT="of" HEIGHT="52" WIDTH="63" VPOS="3569" HPOS="708"/>
<SP HEIGHT="54" WIDTH="40" VPOS="3569" HPOS="772"/>
<String CONTENT="shallow" HEIGHT="53" WIDTH="235" VPOS="3570" HPOS="813"/>
<SP HEIGHT="33" WIDTH="41" VPOS="3589" HPOS="1049"/>
<String CONTENT="wells" HEIGHT="53" WIDTH="154" VPOS="3570" HPOS="1091"/>
<SP HEIGHT="51" WIDTH="40" VPOS="3572" HPOS="1246"/>
<String CONTENT="in" HEIGHT="51" WIDTH="57" VPOS="3572" HPOS="1287"/>
<SP HEIGHT="54" WIDTH="46" VPOS="3569" HPOS="1345"/>
<String CONTENT="forest" HEIGHT="54" WIDTH="178" VPOS="3569" HPOS="1392"/>
<SP HEIGHT="54" WIDTH="42" VPOS="3568" HPOS="1571"/>
<String CONTENT="fire" HEIGHT="54" WIDTH="99" VPOS="3568" HPOS="1614"/>
<SP HEIGHT="34" WIDTH="40" VPOS="3588" HPOS="1714"/>
<String CONTENT="suppression&#8221;," HEIGHT="69" WIDTH="415" VPOS="3567" HPOS="1755"/>
<SP HEIGHT="68" WIDTH="40" VPOS="3568" HPOS="2171"/>
<String CONTENT="by" HEIGHT="67" WIDTH="74" VPOS="3568" HPOS="2212"/>
</TextLine>
<TextLine HEIGHT="68" WIDTH="1982" VPOS="3646" HPOS="305" STYLEREFS="StyleId-A550527E-465A-4C8A-922A-15E443DCC439-">
<String CONTENT="Gilbert" HEIGHT="53" WIDTH="225" VPOS="3646" HPOS="305"/>
<SP HEIGHT="52" WIDTH="34" VPOS="3647" HPOS="531"/>
<String CONTENT="I." HEIGHT="53" WIDTH="50" VPOS="3647" HPOS="566"/>
<SP HEIGHT="55" WIDTH="39" VPOS="3646" HPOS="617"/>
<String CONTENT="Stewart," HEIGHT="66" WIDTH="260" VPOS="3646" HPOS="657"/>
<SP HEIGHT="64" WIDTH="37" VPOS="3648" HPOS="918"/>
<String CONTENT="director," HEIGHT="67" WIDTH="261" VPOS="3647" HPOS="956"/>
<SP HEIGHT="66" WIDTH="35" VPOS="3648" HPOS="1218"/>
<String CONTENT="Michigan" HEIGHT="66" WIDTH="294" VPOS="3646" HPOS="1254"/>
<SP HEIGHT="52" WIDTH="40" VPOS="3647" HPOS="1549"/>
<String CONTENT="forest" HEIGHT="53" WIDTH="176" VPOS="3647" HPOS="1590"/>
<SP HEIGHT="52" WIDTH="36" VPOS="3647" HPOS="1767"/>
<String CONTENT="fire" HEIGHT="54" WIDTH="98" VPOS="3647" HPOS="1804"/>
<SP HEIGHT="37" WIDTH="36" VPOS="3664" HPOS="1903"/>
<String CONTENT="experiment" HEIGHT="67" WIDTH="347" VPOS="3646" HPOS="1940"/>
</TextLine>
<TextLine HEIGHT="145" WIDTH="1982" VPOS="3723" HPOS="304" STYLEREFS="StyleId-A550527E-465A-4C8A-922A-15E443DCC439-" CS="1">
<String CONTENT="station." HEIGHT="54" WIDTH="227" VPOS="3725" HPOS="304"/>
<SP HEIGHT="55" WIDTH="31" VPOS="3724" HPOS="532"/>
<String CONTENT="Roscommon," HEIGHT="67" WIDTH="387" VPOS="3724" HPOS="564"/>
<SP HEIGHT="67" WIDTH="30" VPOS="3724" HPOS="952"/>
<String CONTENT="Michigan." HEIGHT="68" WIDTH="312" VPOS="3724" HPOS="983"/>
<SP HEIGHT="51" WIDTH="72" VPOS="3726" HPOS="1296"/>
<String CONTENT="Division" HEIGHT="54" WIDTH="260" VPOS="3723" HPOS="1369"/>
<SP HEIGHT="33" WIDTH="36" VPOS="3743" HPOS="1630"/>
<String CONTENT="of" HEIGHT="52" WIDTH="63" VPOS="3724" HPOS="1667"/>
<SP HEIGHT="51" WIDTH="31" VPOS="3724" HPOS="1731"/>
<String CONTENT="field" HEIGHT="52" WIDTH="126" VPOS="3724" HPOS="1763"/>
<SP HEIGHT="52" WIDTH="36" VPOS="3724" HPOS="1890"/>
<String CONTENT="administration," HEIGHT="143" WIDTH="1955" VPOS="3723" HPOS="307"/>
<SP HEIGHT="66" WIDTH="42" VPOS="3800" HPOS="443"/>
<String CONTENT="Michigan" HEIGHT="68" WIDTH="294" VPOS="3800" HPOS="486"/>
<SP HEIGHT="51" WIDTH="37" VPOS="3802" HPOS="781"/>
<String CONTENT="Department" HEIGHT="65" WIDTH="377" VPOS="3802" HPOS="819"/>
<SP HEIGHT="45" WIDTH="37" VPOS="3808" HPOS="1197"/>
<String CONTENT="of" HEIGHT="51" WIDTH="63" VPOS="3802" HPOS="1235"/>
<SP HEIGHT="51" WIDTH="38" VPOS="3802" HPOS="1299"/>
<String CONTENT="conservation" HEIGHT="52" WIDTH="388" VPOS="3802" HPOS="1338"/>
<SP HEIGHT="31" WIDTH="42" VPOS="3821" HPOS="1727"/>
<String CONTENT="and" HEIGHT="50" WIDTH="105" VPOS="3802" HPOS="1770"/>
<SP HEIGHT="50" WIDTH="44" VPOS="3802" HPOS="1876"/>
<String CONTENT="Lake" HEIGHT="51" WIDTH="154" VPOS="3801" HPOS="1921"/>
<SP HEIGHT="33" WIDTH="39" VPOS="3819" HPOS="2076"/>
<String CONTENT="states" HEIGHT="47" WIDTH="170" VPOS="3805" HPOS="2116"/>
</TextLine>
<TextLine HEIGHT="147" WIDTH="1952" VPOS="3875" HPOS="306" STYLEREFS="StyleId-A550527E-465A-4C8A-922A-15E443DCC439-" CS="1">
<String CONTENT="forest" HEIGHT="53" WIDTH="174" VPOS="3875" HPOS="309"/>
<SP HEIGHT="47" WIDTH="33" VPOS="3882" HPOS="484"/>
<String CONTENT="experiment" HEIGHT="67" WIDTH="350" VPOS="3876" HPOS="518"/>
<SP HEIGHT="47" WIDTH="27" VPOS="3883" HPOS="869"/>
<String CONTENT="station," HEIGHT="63" WIDTH="228" VPOS="3876" HPOS="897"/>
<SP HEIGHT="61" WIDTH="31" VPOS="3878" HPOS="1126"/>
<String CONTENT="United" HEIGHT="55" WIDTH="216" VPOS="3876" HPOS="1158"/>
<SP HEIGHT="55" WIDTH="34" VPOS="3876" HPOS="1375"/>
<String CONTENT="States" HEIGHT="55" WIDTH="187" VPOS="3876" HPOS="1410"/>
<SP HEIGHT="53" WIDTH="32" VPOS="3878" HPOS="1598"/>
<String CONTENT="Department" HEIGHT="65" WIDTH="378" VPOS="3878" HPOS="1631"/>
<SP HEIGHT="46" WIDTH="29" VPOS="3881" HPOS="2010"/>
<String CONTENT="of" HEIGHT="51" WIDTH="64" VPOS="3876" HPOS="2040"/>
<SP HEIGHT="52" WIDTH="32" VPOS="3876" HPOS="2105"/>
<String CONTENT="agriculture" HEIGHT="130" WIDTH="1952" VPOS="3877" HPOS="306"/>
<SP HEIGHT="36" WIDTH="31" VPOS="3971" HPOS="522"/>
<String CONTENT="cooperating." HEIGHT="68" WIDTH="381" VPOS="3954" HPOS="554"/>
<SP HEIGHT="32" WIDTH="78" VPOS="3987" HPOS="936"/>
<String CONTENT="[Lansing," HEIGHT="69" WIDTH="287" VPOS="3953" HPOS="1015"/>
<SP HEIGHT="61" WIDTH="32" VPOS="3961" HPOS="1303"/>
<String STYLE="superscript" CONTENT="c" HEIGHT="22" WIDTH="17" VPOS="3961" HPOS="1336"/>
<String CONTENT="1934]" HEIGHT="64" WIDTH="151" VPOS="3957" HPOS="1358"/>
</TextLine>
</TextBlock>
</PrintSpace>
</Page>
</Layout>
</alto>