2424 4375
1058 4040 131 50 1891

225 504 54 39 63
306 515 43 36 p.
406 503 126 40 illus.
562 503 198 47 (ports.)
824 503 54 40 21
882 506 44 21 cm
931 536 8 8 .

155 567 53 54 ©
246 573 113 46 May
392 572 40 47 3,
467 571 113 41 1935;
646 571 67 41 2c.
751 573 96 39 and
884 572 81 40 aff.
1004 573 114 48 May
1153 572 82 47 10;
1275 572 40 39 A
1353 572 169 47 83035;
1563 572 322 41 Educational
1923 574 218 48 printing

223 629 162 46 house,
426 628 105 46 inc.,
571 629 274 48 Columbus,
887 629 51 40 O.

151 729 304 66 Brigham,
483 731 209 55 Albert
719 733 202 64 Perry,
952 736 322 50 1855-1932.

283 809 1855 69 … Our home state and the new world [by] Albert Perry
151 886 1981 71 Brigham … and Charles T. McFarlane … Utah ed. [by.
150 964 1987 68 H. Warren Taylor … New York. Cincinnati [etc.] American
150 1042 654 67 book company [ c 1935]
257 1146 9 16 x,
299 1114 89 40 406
417 1126 42 37 p.
495 1114 106 39 incl.
636 1114 163 40 front.,
834 1114 143 46 illus.,
1012 1125 149 37 maps,
1197 1114 177 48 diagrs.
1439 1116 85 38 col.
1560 1115 172 48 plates.
1794 1114 59 39 25½
1883 1117 43 20 cm
1930 1147 7 7 .
2015 1115 126 47 (Our

151 1172 150 39 world
332 1172 95 39 and
461 1172 270 46 ourselves)

219 1228 286 40 Illustrated
537 1226 360 49 lining-papers.

152 1293 53 54 ©
232 1298 118 47 Aug.
381 1297 67 47 19,
478 1296 116 41 1935;
648 1297 66 40 2c.
746 1298 94 39 and
871 1296 80 41 aff.
981 1298 120 46 Aug.
1131 1297 81 45 21;
1245 1297 41 39 A
1315 1297 168 45 85563;
1518 1297 202 41 Charles
1750 1298 51 39 T.
1834 1298 304 48 McFarlane,

224 1354 163 40 Dobbs
415 1355 165 46 Ferry,
610 1354 56 39 N.
696 1354 69 46 Y.,
795 1354 95 39 and
920 1354 144 39 Flora
1096 1354 69 39 W.
1195 1353 247 48 Brigham,
1473 1353 268 46 Hamilton,
1773 1354 56 41 N.
1859 1355 53 40 Y.
221 1354 1900 105 [Copyright
377 1410 41 41 is
445 1410 204 41 claimed
677 1421 61 29 on
764 1411 222 48 changes]

147 1513 228 66 Britan,
402 1514 220 64 Joseph
647 1513 231 64 Taylor.

146 1589 1960 147 The program of peace, by Joseph Taylor Britan … Findlay, O., Fundamental truth publishers [ c 1935]
217 1739 334 50 172 p. 19 cm .
219 1796 53 40 “I
301 1796 124 41 have
453 1797 268 47 attempted
747 1798 52 40 to
824 1796 246 42 illustrate
1098 1796 95 40 and
1221 1795 274 49 emphasize
1524 1795 99 41 this
1649 1794 225 50 teaching
1900 1795 52 40 of
150 1796 1968 97 Scripture

286 1852 288 49 concerning
601 1854 82 39 the
712 1862 144 30 cause
884 1852 51 41 of
964 1863 103 30 war
1094 1852 97 41 and
1221 1855 48 38 to
1300 1855 196 46 suggest
1524 1854 82 39 the
1635 1852 162 40 divine
1828 1863 223 38 program
2083 1853 50 40 of

148 1919 143 38 peace
319 1909 80 42 for
429 1909 99 42 this
558 1912 234 39 war-torn
819 1909 377 42 earth.”—Pref.

148 1974 53 54 ©
227 1980 101 40 Oct.
355 1979 70 50 19,
452 1980 141 48 1935;
621 1981 67 39 2c.
716 1982 95 38 and
839 1980 80 40 aff.
945 1981 117 39 Nov.
1090 1980 82 47 16;
1203 1981 40 38 A
1270 1980 143 40 88249;
1472 1980 357 40 Fundamental
1856 1981 139 40 truth
216 1981 1901 97 publishers.
476 2037 220 48 (36-465)

145 2139 263 66 Browne,
436 2142 243 54 Clifford
705 2141 205 56 Willis.

214 2216 366 55 Gravitation
601 2219 130 52 tells
753 2219 99 51 her
875 2221 203 50 secrets;
1134 2236 32 35 a
1191 2218 272 68 complete
1486 2217 248 54 solution
1759 2216 62 54 of
1844 2216 95 54 the
144 2216 1964 146 problem,

309 2293 136 55 with
487 2296 95 51 the
621 2295 185 69 major
845 2296 293 68 mysteries
1177 2295 62 53 of
1279 2294 212 54 science
1530 2293 302 70 explained
1872 2292 60 54 in
1970 2294 160 68 plain

145 2370 278 71 language;
483 2373 325 53 illustrated
837 2373 140 53 with
1006 2371 294 70 forty-five
1329 2372 288 69 drawings
1650 2372 113 53 and
1789 2377 113 49 two
144 2373 1961 145 photographs;

413 2469 57 35 as
496 2451 254 53 outlined
775 2452 61 51 in
860 2451 94 53 the
978 2449 246 70 original
1249 2451 209 52 lecture
1482 2449 156 54 “The
1661 2451 243 52 Browne
1927 2450 203 53 cosmic

144 2527 1958 146 theory of gravitation”. By C. W. Browne. 1st ed. … Waupun,
304 2604 158 64 Wis.,
494 2606 240 53 Browne
764 2603 333 71 publishing
1126 2623 295 51 company,
1453 2609 150 49 1935.

238 2677 1154 50 5 p. l., vi, 149 p. illus., 2 pl., diagrs. 20½ cm .
146 2742 51 53 ©
220 2748 117 40 Nov.
361 2747 70 50 21,
457 2747 116 41 1935;
624 2748 67 40 2c.
718 2749 95 39 and
840 2748 80 40 aff.
947 2749 117 38 Nov.
1091 2747 82 47 30;
1202 2748 40 39 A
1268 2747 169 47 89669;
1468 2748 47 41 C.
1545 2748 69 40 W.
1644 2748 218 47 Browne,
1890 2748 237 48 Waupun,

211 2803 116 42 Wis.
397 2804 220 48 (36-439)

144 2904 158 66 Buel,
329 2909 138 52 Mrs.
496 2905 308 56 Elizabeth
835 2907 256 64 Cynthia
1122 2907 295 65 (Barney)
1455 2911 171 50 1868-

210 2982 71 55 D.
306 2985 72 52 A.
403 2985 68 53 R.
497 2986 231 51 manual
753 2985 93 52 for
872 2984 352 68 citizenship.
1286 2986 132 52 12th
1445 2986 103 64 ed.,
1572 3003 113 35 rev.
1710 2991 58 47 to
1795 2986 332 64 November,

146 3061 1980 69 1935. Compiled by Elizabeth C. Barney Buel … Washington.
143 3136 69 54 D.
238 3137 81 70 C.,
341 3140 120 52 The
483 3138 272 55 National
777 3140 225 68 society,
1023 3141 328 66 Daughters
1374 3139 64 55 of
1462 3140 94 52 the
1578 3139 301 53 American
143 3141 1953 142 revolution,
309 3221 148 50 1935.

212 3287 69 49 72,
311 3289 26 41 8
366 3299 43 38 p.
469 3289 128 41 illus.
626 3289 133 48 (incl.
791 3290 135 49 map)
994 3290 56 41 18½
1081 3292 43 21 cm
1130 3322 9 8 .

214 3344 366 50 “Supplement”;
636 3345 28 41 8
689 3357 42 37 p.
758 3350 52 37 at
836 3347 105 40 end.

144 3409 52 53 ©
225 3415 117 41 Nov.
374 3417 68 45 10,
475 3416 113 40 1935;
649 3417 67 40 2c.
751 3419 94 37 and
878 3417 79 40 aff.
992 3418 118 39 Nov.
1143 3417 55 38 21;
1262 3417 40 38 A
1336 3415 147 41 89693;
1542 3416 115 39 Natl.
1706 3426 107 36 soc.,
1849 3416 277 44 Daughters

212 3472 53 39 of
296 3473 81 40 the
410 3474 157 40 Amer,
601 3473 282 41 revolution.
959 3473 280 48 (35-38568)

143 3567 167 69 Burr,
336 3574 234 54 Samuel
597 3576 204 64 Engle,
832 3578 169 52 1897-

209 3646 173 56 What
425 3651 48 52 is
519 3652 95 53 the
660 3652 197 53 activity
941 3652 135 67 plan
1122 3651 64 53 of
1232 3648 350 71 progressive
1629 3649 329 54 education?
2039 3649 84 67 By

145 3720 1980 76 Samuel Engle Burr … [Cincinnati, The C, A. Gregory co.,
143 3804 18 23 c
166 3802 128 49 1935]

212 3868 943 55 3 p. l., v, [3], 9-213 p. illus. 21 cm .
211 3924 162 51 Songs,
401 3928 119 40 with
548 3930 153 40 music;
758 3941 43 38 p.
830 3931 214 41 141-142.
