2424 4375
1188 4061 133 49 1542

354 524 124 41 Text
509 535 59 28 on
598 534 147 38 pages
823 525 104 49 [1]-[3]
960 526 52 40 of
1040 536 155 30 cover.

358 580 348 49 Bibliography
735 592 60 29 on
823 592 141 30 verso
992 582 52 41 of
1071 582 75 40 1st
1174 583 185 48 prelim,
1391 584 112 41 leaf.

282 646 52 53 ©
363 651 100 40 Oct.
493 652 69 45 17,
590 650 141 48 1935;
760 651 68 40 2c.
856 652 94 39 and
979 651 83 41 aff.
1092 652 102 41 Oct.
1223 652 82 48 21;
1337 655 40 38 A
1406 654 169 47 87846;
1607 657 89 39 Art
1724 658 257 40 education
2009 670 149 38 press,
2187 661 91 41 inc.

363 707 280 49 (35-22603)

286 810 294 66 Patmore,
608 811 213 64 Derek,
854 815 171 49 1908-

355 889 262 52 Portrait
644 888 64 53 of
732 907 96 50 my
858 887 223 69 family,
1114 890 325 68 1783-1896,
1468 891 76 70 by
1572 892 190 54 Derek
1790 895 284 53 Patmore.
2140 897 138 53 New

286 966 162 52 York
475 967 113 52 and
614 967 258 67 London,
900 967 231 68 Harper
1159 970 46 50 &
1231 968 277 70 brothers,
1539 974 150 51 1935.

385 1052 1178 51 x p., 2 l., 270 p., 1 1. front., pl., ports. 22½ cm .
356 1126 68 38 “A
462 1155 49 10 …
547 1124 212 49 portrait
792 1124 52 40 of
877 1124 242 49 Coventry
1155 1126 239 47 Patmore,
1431 1130 74 37 set
1538 1128 197 48 against
1768 1130 81 41 the
1884 1131 310 49 background
2227 1135 52 39 of

285 1181 78 41 his
388 1179 322 50 family.”—p.
740 1181 42 40 4.

356 1237 163 42 “First
543 1236 227 43 edition.”

279 1305 52 53 ©
365 1309 101 40 Oct.
499 1307 69 49 22,
601 1308 141 46 1935;
777 1307 68 41 2c.
880 1308 101 40 Oct.
1014 1307 84 48 22;
1210 1340 7 8 aff.
1254 1309 102 41 Oct.
1391 1310 82 47 24;
1510 1311 40 39 A
1584 1310 169 50 86989;
1791 1315 56 39 D.
1885 1315 238 48 Patmore,
350 1317 1908 88 London.
530 1364 280 49 (35-22363)

282 1463 259 68 Patrick,
573 1468 225 63 George
826 1466 258 55 Thomas
1110 1466 217 68 White,
1361 1470 172 53 1857-

353 1542 400 55 Introduction
788 1548 58 48 to
881 1543 361 70 philosophy.
1314 1546 137 53 Rev.
1487 1547 83 54 ed.
1644 1549 90 66 By
1771 1548 220 69 George
2028 1552 244 53 Thomas

282 1620 193 52 White
507 1620 237 52 Patrick
781 1664 55 9 …
872 1620 219 56 revised
1125 1622 138 52 witli
1297 1624 97 53 the
1422 1623 303 54 assistance
1757 1626 63 51 of
1853 1628 196 50 Frank
2080 1628 192 52 Miller

283 1696 1961 148 Chapman … Boston, New York [etc.] Houghton Mifflin company [ c 1935]
351 1863 70 39 xii
451 1873 56 37 p.,
535 1862 27 39 2
610 1894 8 8 l.,
677 1861 162 49 [3]-482
868 1873 39 37 p.
970 1862 115 41 22cm.

354 1931 345 48 Bibliography
731 1935 51 37 at
812 1932 88 39 end
933 1931 52 40 of
1012 1933 117 39 each
1161 1933 200 46 chapter
1392 1939 167 42 except
1591 1935 200 47 chapter
1822 1934 74 40 six

278 1999 54 53 ©
362 2003 127 47 Sept.
518 2003 70 46 25,
617 2001 113 42 1935;
789 2002 67 40 2c.
885 2004 98 38 and
1009 2003 83 40 aff.
1125 2003 98 40 Oct.
1256 2004 57 38 14;
1370 2004 40 38 A
1441 2003 143 41 87691;
1645 2004 52 40 G.
1728 2006 50 38 T.
1810 2006 70 39 W.
1912 2003 211 51 Patrick,
2156 2007 114 39 Palo

345 2061 124 44 Alto,
498 2060 144 40 Calif.
713 2059 256 49 (35-22646
978 2060 14 48 )

280 2162 198 66 Reely,
509 2165 174 63 Mary
711 2163 349 65 Katharine,
1095 2168 170 49 1881-

351 2240 121 52 The
508 2239 130 53 blue
675 2238 247 70 mittens,
960 2240 76 68 by
1076 2242 167 66 Mary
1285 2239 321 55 Katharine
1645 2241 203 68 Reely;
1892 2241 374 56 illustrations

280 2317 74 69 by
394 2317 156 53 Kurt
588 2318 202 54 Wiese.
868 2318 137 53 New
1045 2319 179 64 York,
1265 2318 232 54 Grosset
1537 2321 45 51 &
1621 2319 262 67 Dunlap;
1929 2318 335 55 Milwaukee

279 2396 65 52 E.
376 2396 78 54 M.
485 2395 150 54 Hale
666 2397 112 52 and
809 2414 295 49 company,
1139 2400 148 49 1935.

349 2478 1014 51 3 p. l., 153 p. incl. front., illus. 22 cm .
351 2549 287 41 Illustrated
671 2548 361 49 lining-papers.

276 2616 1989 53 © Oct. 15, 1935; 1c. Oct. 26; 1c. Nov. 8; aff. Oct. 25; A 89230; E. M.
344 2678 127 39 Hale
496 2677 36 42 &
557 2687 81 37 co.,
669 2678 104 37 Eau
803 2676 173 48 Claire,
1005 2675 117 41 Wis.
1193 2675 280 48 (35-22660)

279 2776 379 67 Riesenberg,
692 2777 181 65 Felix,
909 2777 172 54 1879-

350 2855 197 57 Under
589 2855 135 66 sail;
771 2874 31 33 a
845 2854 155 69 boy’s
1040 2872 217 51 voyage
1300 2854 218 53 around
1561 2853 155 69 Cape
1760 2854 182 67 Horn,
1984 2854 75 68 by
2102 2853 157 53 Felix

277 2933 346 68 Riesenberg
665 2974 56 11 …
799 2932 138 52 New
992 2930 181 69 York,
1227 2932 307 66 Harcourt,
1588 2934 179 51 Brace
1822 2932 111 52 and
1989 2949 270 51 company

282 3015 192 63 [c1935]

346 3094 1172 53 2 p. l., vii-xiii, 447 p. front., illus. 19 ½cm .
350 3168 173 47 “Story
548 3167 52 40 of
624 3177 88 30 one
738 3166 52 41 of
813 3168 81 39 the
919 3167 99 40 last
1040 3177 208 38 voyages
1273 3167 185 40 around
1486 3164 127 50 Cape
1640 3166 135 41 Horn
1804 3167 48 38 in
1877 3175 29 31 a
1931 3168 196 40 wooden
2154 3167 103 47 ship

277 3224 243 48 propelled
547 3224 61 48 by
634 3224 93 40 sail
753 3223 139 42 alone
924 3223 94 49 [the
1048 3224 52 40 A.
1130 3222 43 41 J.
1203 3221 315 51 Fuller]”—p.
1549 3223 68 40 11.

349 3279 261 49 “Glossary
637 3280 51 41 of
717 3289 81 32 sea
829 3278 176 42 terms”;
1066 3290 44 37 p.
1138 3277 216 42 443-447.

273 3347 47 53 ©
357 3351 99 42 Oct.
489 3351 68 48 10,
589 3350 113 41 1935;
761 3350 68 40 2c.
862 3350 100 40 Oct.
994 3350 59 40 18;
1185 3382 5 6 aff.
1227 3349 101 40 Oct.
1362 3350 53 38 17;
1476 3349 40 38 A
1547 3348 146 41 86848;
1751 3350 260 47 Harcourt,
2044 3351 151 38 Brace
2224 3348 35 39 &

341 3418 81 37 co.,
453 3408 89 39 inc.
621 3407 267 48 [Copyright
914 3406 42 40 is
985 3405 204 40 claimed
1219 3416 60 29 on
1305 3415 106 30 new
1439 3405 210 48 preface]
352 3463 279 49 (35-22601)

276 3564 281 65 Rimmer,
586 3565 218 64 Harry.

346 3638 121 53 The
499 3640 202 67 theory
732 3639 64 54 of
827 3638 285 55 evolution
1147 3638 111 51 and
1292 3637 94 53 the
1421 3637 147 53 facts
1603 3635 62 54 of
1699 3638 226 64 science,
1959 3636 72 67 by
2066 3634 187 65 Harry

276 3715 267 53 Rimmer.
620 3715 198 57 Grand
858 3714 236 69 Rapids,
1132 3714 191 68 Mich.,
1361 3714 145 51 Wm.
1548 3714 67 52 B.
1653 3713 316 53 Eerdmans
276 3709 1953 149 publishing

401 3794 482 66 company [ c 1935]
344 3866 85 40 155
457 3878 42 37 p.
558 3868 59 40 20
616 3870 45 22 cm
666 3899 8 9 .

271 3936 52 53 ©
352 3941 109 39 Jan.
491 3941 67 47 10,
589 3939 113 42 1935;
761 3941 67 40 2c.
858 3941 94 40 and
983 3940 81 41 aff.
1097 3942 101 40 Oct.
1229 3940 55 40 21;
1343 3941 40 38 A
1411 3939 142 42 87819;
1613 3941 120 39 Wm.
1766 3941 53 38 B.
1852 3939 265 40 Eerdmans
2146 3933 102 49 pub.

339 4007 66 29 co.
479 3996 277 48 (35-22618)
