2424 4375
1257 4061 100 49 664

381 578 125 41 Text
529 588 60 30 on
615 588 149 38 pages
792 578 146 49 [2]–[4]
967 578 54 40 of
1046 588 153 30 cover.

312 644 52 53 ©
387 648 128 41 June
536 648 39 47 2,
600 646 140 49 1934;
768 647 67 42 2c.
859 647 109 41 Feb.
994 647 69 49 19,
1091 647 141 48 1935;
1261 647 80 41 aff.
1370 649 121 39 Mar.
1516 647 82 48 18;
1626 647 43 40 A
1692 648 142 41 81061;
1892 649 129 40 Natl.
2048 650 250 39 cathedral

381 715 128 30 assn.
579 703 250 50 (35-7109)

310 806 392 67 Washington
731 808 185 67 digest
943 808 322 53 annotated.
1332 810 133 50 1935
1492 809 343 53 cumulative
1862 814 210 51 annual
2097 809 202 68 pocket

380 884 1919 72 parts [for] v. 1-12 … San Francisco, Bancroft-Whitney
380 980 305 52 company;
721 966 81 55 St.
834 964 164 68 Paul,
1025 966 160 54 West
1214 964 335 69 publishing
1577 983 78 34 co.
1693 966 192 66 [c1935]

381 1039 55 38 12
463 1049 43 29 v.
561 1037 58 41 25c
636 1040 30 21 m
668 1070 8 8 .

383 1096 157 40 These
566 1095 278 48 pamphlets
870 1103 85 31 are
983 1095 48 39 to
1063 1095 60 40 be
1149 1093 140 41 fitted
1319 1092 107 42 into·
1453 1095 83 39 the
1563 1094 200 48 pockets
1792 1095 54 39 at
1873 1095 85 39 the
1985 1094 121 40 back
2140 1095 52 40 of
2223 1097 78 38 the

311 1153 218 40 volumes
552 1152 52 40 of
627 1152 85 39 the
733 1153 75 38 set
831 1153 48 39 to
902 1150 159 42 which
1085 1152 113 47 they
1223 1150 185 49 belong.

313 1218 53 53 ©
390 1223 112 48 Apr.
531 1221 69 48 30,
630 1222 140 46 1935;
802 1220 67 41 2c.
897 1221 121 41 each
1043 1221 97 40 and
1167 1220 83 41 aff.
1278 1222 114 47 May
1421 1222 82 46 13;
1536 1221 40 39 A
1604 1220 168 48 81803;
1807 1222 134 39 West
1970 1222 108 48 pub.
2108 1233 66 29 co.
2206 1223 93 40 and

382 1279 486 47 Bancroft-Whitney
901 1288 64 31 co.

312 1379 194 67 Wells,
536 1381 271 64 Carolyn.

381 1458 121 52 The
531 1456 285 55 beautiful
848 1457 231 54 derelict
1129 1456 94 69 [by]
1259 1456 252 67 Carolyn
1540 1458 197 63 Wells,
1769 1476 31 34 a
1831 1457 264 67 Fleming
2128 1457 169 55 Stone

310 1534 273 53 detective
614 1535 183 52 novel.
863 1534 425 68 Philadelphia,
1318 1534 257 67 London,
1605 1534 57 55 J.
1691 1536 69 51 B.
1790 1534 336 67 Lippincott
310 1554 1962 123 company
505 1616 193 62 [c1935]

379 1683 90 42 310
498 1695 43 38 p.
602 1683 145 43 19½cm.

314 1751 52 53 ©
393 1755 113 48 May
531 1754 39 47 9,
598 1754 140 47 1935;
768 1754 66 40 2c.
862 1755 94 39 and
984 1753 82 41 aff.
1095 1755 114 47 May
1233 1755 57 39 17;
1344 1753 40 39 A
1410 1753 169 48 83150;
1611 1753 208 49 Carolyn
1848 1755 149 39 Wells
2026 1755 274 48 Houghton,

382 1812 119 40 New
523 1811 145 40 York.
737 1810 251 50 (35-7028)

316 1912 343 66 Wihlfahrt,
685 1912 194 55 Julius
902 1912 172 58 Emil.

313 1988 1964 133 A treatise on baking, by Julius E. Wihlfahrt … in collaboration with Robert
1068 2068 91 54 W.
1189 2067 236 53 Brooks.
1490 2066 71 53 3d
1588 2067 85 53 ed.
1734 2067 141 53 New
1904 2067 177 65 York,
2110 2067 69 53 N.
2210 2066 89 67 Y.,

314 2143 291 55 Standard
633 2144 212 54 brands
871 2144 399 68 incorporated
1303 2146 193 65 [c1935]

383 2218 51 39 xi
459 2227 59 38 p.,
546 2218 24 38 1
633 2247 9 17 l.,
667 2215 101 50 468,
800 2217 54 51 [2]
881 2227 44 38 p.
980 2217 142 47 illus.,
1149 2216 180 49 diagrs.
1387 2216 57 41 26
1448 2218 43 22 cm
1494 2247 9 9 .

384 2272 283 42 “Formulas
693 2274 97 40 and
817 2272 247 42 methods”:
1123 2283 43 38 p.
1200 2271 247 51 [339]-456.

383 2328 159 41 Blank
566 2339 146 40 pages
737 2330 81 40 for
843 2328 398 42 “Miscellaneous
1266 2328 166 42 notes”
1470 2328 81 50 ([2]
1579 2330 53 39 at
1657 2330 116 46 end)

315 2383 53 54 ©
401 2387 113 48 Apr.
545 2387 69 47 30,
647 2385 117 42 1935;
822 2385 65 41 2c.
923 2388 93 38 and
1049 2385 80 41 aff
1164 2387 113 46 May
1308 2385 81 47 15;
1425 2385 40 39 A
1499 2385 168 47 83097;
1706 2386 244 40 Standard
1985 2386 192 42 brands,
2211 2386 87 40 inc.

394 2443 249 49 (35-7045)

310 2547 360 64 Wohlfahrt,
700 2546 196 57 Erich.

384 2624 161 55 Geist
592 2624 118 52 und
755 2624 210 54 torheit
1014 2623 102 52 auf
1165 2623 542 67 primanerbänken;
1757 2621 219 56 bericht
2021 2624 140 52 über
2210 2623 88 53 die

310 2702 354 52 sächsischen
721 2702 392 52 massnahmen
1173 2720 100 32 zur
1330 2701 362 67 begrenzung
1748 2703 95 50 des
312 2701 1965 146 hochschulzuganges,

314 2778 1985 145 von Erich Wohlfahrt … herausgegeben und mit Vorwort versehen von W. Hartnacke … Radebeul-Dresden,
313 2935 217 66 Kupky
556 2939 45 49 &
626 2933 215 67 Dietze,
870 2937 147 50 1934.

384 3008 85 40 162
494 3018 41 37 p.
590 3007 142 47 illus.,
758 3006 176 48 diagrs.
989 3007 57 38 22
1049 3008 43 21 cm
1098 3038 8 8 .

318 3060 1980 53 © Oct. 1, 1934; 1c. Dec. 19; A -Foreign 26491; Kupky & Dietze (inh.
386 3121 47 41 C.
458 3132 44 29 u.
527 3121 54 39 R.
607 3120 199 47 Müller)
883 3118 249 49 (35-7915)

317 3223 229 64 Woods,
576 3224 148 54 Clee.

387 3298 202 54 Riders
630 3299 63 52 of
731 3299 96 52 the
867 3298 192 56 Sierra
1098 3298 218 65 Madré,
1355 3298 76 65 by
1470 3298 133 56 Clee
1640 3297 229 55 Woods.
1942 3297 140 53 New
2120 3295 176 66 York,

316 3375 981 67 The Macaulay company [c 1935]
388 3447 85 39 viii
501 3458 29 37 p.,
587 3449 23 37 1
674 3478 9 12 l.,
711 3446 170 41 11-315
909 3458 42 38 p.
1013 3447 142 40 19½cm.

319 3499 52 53 ©
398 3505 112 46 May
535 3504 68 46 13,
628 3502 113 41 1935;
795 3504 65 39 2c.
887 3504 95 39 and
1006 3503 83 40 aff.
1116 3504 116 46 May
1255 3503 53 39 15;
1362 3502 41 39 A
1429 3502 142 41 83100;
1666 3534 9 9 C.
1704 3503 189 46 Woods,
1921 3502 204 47 Tyrone,
2150 3502 55 39 N.
2237 3501 58 38 M.

397 3560 249 49 (35-6881)

319 3660 305 65 Woolfolk,
651 3661 204 54 Josiah
881 3660 176 65 Pitts,
1085 3665 170 50 1894-

386 3737 137 53 Two
557 3738 225 65 against
817 3738 136 65 fate,
986 3738 75 66 by
1096 3739 151 52 Pitts
1278 3736 310 54 Woolfolk.
1659 3736 139 54 New
1833 3735 178 67 York,
2045 3734 249 54 Arcadia

319 3813 168 52 house
520 3814 350 64 publication
909 3817 191 63 [c1935]

386 3883 85 41 287
506 3895 43 37 p.
609 3884 55 40 19
667 3887 43 21 cm
714 3916 9 10 .

319 3935 52 53 ©
397 3941 112 47 May
530 3941 68 46 13,
622 3940 112 40 1935;
786 3941 66 40 2c.
876 3943 112 45 May
1010 3942 54 38 17;
1114 3940 81 41 aff
1221 3942 116 46 May
1356 3941 54 40 18;
1460 3941 40 39 A
1522 3941 169 46 81872;
1716 3941 40 40 J.
1781 3941 50 39 P.
1854 3939 255 47 Woolfolk,
388 3938 1891 107 Hollywood,
568 3996 142 42 Calif.
781 3997 247 47 (35-7022)
