2424 4375
1241 4079 133 49 1138

377 545 78 46 (In
488 541 261 43 Pearson’s
783 541 274 52 magazine,
1091 542 146 51 Aug.,
1270 543 142 48 1935)

300 611 1982 52 © 1c . Sept. 27, 1935; A ad int. 20590; pubd. Aug. 1; R. Campbell,
369 672 305 46 Folkestone,
697 672 142 46 Kent,
864 672 234 46 England.

294 774 265 53 Catholic
586 774 239 54 church.
902 776 245 65 Liturgy
1173 775 114 53 and
1313 773 192 54 ritual.
1583 774 323 67 Baptismal
1930 774 226 54 service.

374 849 317 68 Baptismal
718 850 170 52 ritual;
945 850 333 69 containing
1301 850 94 53 the
1421 849 227 54 various
1674 849 135 54 rites
1833 850 94 53 for
1947 850 96 53 the
303 849 1955 130 administration

602 927 63 52 of
702 928 93 52 the
833 933 314 48 sacrament
1182 927 63 52 of
1284 927 265 68 baptism,
1588 925 140 55 with
1767 928 245 69 English
2051 926 235 67 rubrics,

300 1005 306 68 according
648 1011 58 46 to
746 1005 94 52 the
882 1004 265 54 “Rituale
1194 1004 356 67 romanum”;
1598 1004 139 53 with
1782 1004 383 55 introduction
2213 1005 72 69 by

300 1082 1961 69 the Rev. Bartholomew Eustace … New York, Cincinnati [etc.]
306 1159 276 69 Benziger
606 1159 274 67 brothers,
907 1166 18 21 c
931 1162 149 51 1935.

379 1232 612 49 1 p. 1., 121, [3] p. 18cm.
376 1287 123 42 Text
527 1300 59 29 on
615 1289 358 48 lining-papers.

305 1358 52 52 ©
386 1363 124 39 June
537 1363 40 45 3,
606 1362 139 46 1935;
775 1362 66 40 2c.
869 1363 94 39 and
993 1360 81 42 aff.
1102 1362 127 41 June
1256 1362 81 46 10;
1369 1363 38 38 A
1437 1362 170 47 84186;
1636 1362 233 49 Benziger
1897 1363 124 40 bros.

387 1418 280 48 (35-13796)

305 1521 193 63 Clark,
528 1520 227 54 Marion
786 1521 65 54 G.

370 1596 1923 68 Westward to the Pacific, by Marion G. Clark … New York,
301 1674 252 66 Chicago
589 1680 138 60 [etc.]
766 1673 60 55 C.
863 1673 310 56 Scribner’s
1203 1692 128 36 sons
1367 1707 12 34 [
1384 1681 20 22 c
1411 1677 148 64 1935]

371 1747 84 49 xii,
484 1748 86 41 514
599 1759 43 37 p.
702 1747 128 42 illus.
859 1748 134 48 (incl.
1022 1748 161 48 maps)
1222 1748 178 48 diagrs.
1462 1748 116 41 19cm.

373 1804 226 42 Includes
631 1803 390 50 bibliographies.

310 1872 52 52 ©
388 1876 116 47 July
531 1875 69 47 19,
627 1874 140 48 1935;
794 1875 66 40 2c.
889 1876 94 39 and
1012 1875 82 40 aff.
1120 1875 119 48 Aug.
1267 1876 80 46 17;
1379 1875 39 40 A
1446 1875 169 47 85539;
1647 1875 202 42 Charles
1879 1875 264 42 Scribner’s
2171 1888 123 29 sons.

382 1932 280 48 [Copyright
693 1932 40 40 is
760 1931 205 42 claimed
994 1943 60 28 on
1084 1931 237 41 revisions
1352 1932 96 40 and
1478 1932 261 50 additions]
389 1989 280 48 (35-13764)

311 2092 216 63 Cohen,
556 2093 262 53 Octavus
840 2094 143 62 Roy,
1014 2099 169 49 1891-

379 2169 160 55 With
569 2169 206 55 benefit
802 2170 64 54 of
896 2171 209 66 clergy,
1134 2171 73 63 by
1238 2169 250 55 Octavus
1518 2171 127 67 Roy
1676 2170 210 55 Cohen.
1952 2171 135 51 New
2126 2171 169 53 York,

308 2247 256 67 London,
597 2247 72 53 D.
701 2247 576 68 Appleton-Century
1309 2267 296 48 company,
1637 2249 416 66 incorporated,
2088 2252 147 48 1935.

378 2319 530 51 3 p. l., 265 p. 20cm.
315 2389 52 52 ©
396 2393 118 47 Aug.
541 2391 70 48 23,
640 2391 140 46 1935;
811 2390 66 41 2c.
908 2391 119 47 Aug.
1054 2390 81 47 26;
1168 2390 79 39 aff.
1279 2391 119 47 Aug.
1427 2390 82 47 27;
1541 2391 39 39 A
1610 2391 169 46 86083;
1812 2392 52 40 O.
1895 2392 54 39 R.
1978 2391 173 48 Cohen,
2183 2393 40 38 New

382 2449 144 39 York.
599 2447 280 49 (35-13899)

308 2551 303 55 Columbia
645 2550 348 64 university.

379 2629 454 67 Contemporary
875 2629 283 67 problems
1202 2630 60 51 in
1306 2629 96 51 the
1446 2628 215 54 United
1710 2629 204 65 States,
1958 2629 74 67 by
2076 2631 221 51 Horace

311 2708 232 65 Taylor,
578 2706 137 51 with
749 2707 98 51 the
880 2706 407 52 collaboration
1324 2706 63 51 of
1424 2706 298 53 Columbia
1757 2706 208 66 college
2004 2708 295 51 associates

309 2785 62 52 in
401 2783 327 66 economics,
757 2788 371 62 government
1155 2784 111 51 and
1296 2783 193 67 public
1517 2784 126 65 law,
1673 2782 238 69 history,
1945 2784 110 52 and
315 2784 1960 145 philosophy.

562 2865 238 50 1935-36
841 2861 82 52 ed.
998 2864 227 49 volume
1262 2867 43 47 1.
1380 2863 138 51 New
1558 2861 178 66 York,
1774 2863 307 56 Harcourt,
2121 2864 177 51 Brace

311 2940 113 52 and
450 2957 279 49 company
759 2972 13 33 [
778 2946 17 21 c
801 2942 150 63 1935]

387 3023 44 37 x,
458 3012 84 40 507
569 3023 41 36 p.
664 3011 141 46 illus.,
834 3010 177 49 diagrs.
1065 3010 146 41 28½cm.
1268 3012 195 39 annual.

388 3067 507 48 Photolithographed.

391 3124 129 41 Title
571 3124 164 40 varies;
815 3122 112 41 1932
927 3122 322 49 /33-1933/34
1256 3155 8 15 ,
1318 3124 73 38 An
1446 3122 334 41 introduction
1831 3125 49 37 to
1932 3126 367 44 contemporary

319 3182 239 47 problems
600 3181 48 38 in
691 3182 82 38 the
815 3180 175 40 United
1034 3180 161 39 States;
1266 3190 26 29 a
1336 3180 216 47 syllabus
1593 3180 94 39 and
1729 3177 252 42 materials
2023 3179 78 40 for
2143 3181 157 47 study.

320 3236 449 49 1934/35-1935/36,
798 3237 378 46 Contemporary
1203 3236 238 47 problems
1467 3236 51 38 in
1545 3236 80 39 the
1653 3235 175 41 United
1862 3238 174 39 States.

322 3304 52 52 ©
406 3308 126 48 Sept.
560 3309 40 45 4,
631 3306 113 41 1935;
801 3306 65 40 2c.
897 3307 95 38 and
1022 3305 81 40 aff.
1138 3306 126 47 Sept.
1294 3306 54 38 11;
1409 3306 39 38 A
1478 3305 146 40 85889;
1680 3306 259 46 Harcourt,
1971 3306 153 38 Brace
2154 3305 36 39 &
2220 3314 80 37 co.,
390 3364 89 41 inc.

318 3463 221 67 Giovio,
569 3466 192 64 Paolo,
794 3466 88 66 bp.
914 3467 64 64 of
1004 3466 236 57 Nocera.
1273 3467 321 50 1483-1552.

389 3540 94 53 An
535 3540 216 53 Italian
802 3541 245 68 portrait
1096 3539 247 70 gallery;
1398 3538 169 71 being
1618 3538 151 53 brief
1820 3536 362 71 biographies
2236 3535 63 54 of

321 3618 248 53 scholars
611 3618 312 52 illustrious
967 3617 201 52 within
1210 3616 94 53 the
1346 3633 250 51 memory
1641 3615 64 53 of
1747 3633 103 35 our
1893 3614 406 69 grandfathers

325 3693 91 51 for
443 3696 94 51 the
567 3694 297 68 published
893 3699 353 47 monuments
1275 3692 64 54 of
1365 3692 148 54 their
1542 3692 215 69 genius,
1783 3692 74 68 by
1888 3691 177 54 Paolo
2093 3691 205 55 Giovio

383 3768 1913 70 … translated by Florence Alden Gragg … Boston, Chapman
322 3849 43 50 &
394 3845 223 55 Grimes
649 3880 12 33 [
666 3853 18 21 c
690 3849 150 64 1935]

396 3918 82 40 187
505 3929 43 37 p.
609 3919 145 39 front.
785 3918 168 47 (port.)
1022 3917 143 40 20½cm.

395 3973 72 45 On
520 3983 114 34 cover;
685 3974 166 47 Elogia
880 3974 51 39 of
958 3973 144 41 Paolo
1132 3973 181 40 Giovio.
