2526 4384
0 0 0 0 153
151 440 325 65 Andersen,
502 441 170 54 Hans
699 438 323 65 Christian,
1050 438 325 56 1805-1875.

281 512 1860 71 … Andersen’s fairy tales, by Hans Christian Andersen;
151 593 187 54 edited
378 599 57 47 to
474 593 64 54 fit
579 594 94 53 the
714 594 261 52 interests
1014 593 112 52 and
1169 591 247 54 abilities
1458 590 64 53 of
1565 607 193 52 young
1802 590 226 52 readers
2068 589 74 68 by

152 670 251 55 Edward
428 671 64 54 L.
523 670 360 68 Thorndike;
917 670 321 53 illustrated
1268 670 74 68 by
1372 668 215 55 Gustaf
1617 668 319 69 Tenggren.
2005 666 137 52 New

153 747 1845 70 York, D. Appleton-Century company incorporated [ c 1935]
221 838 100 46 viii,
352 837 85 40 224
467 848 41 38 p.
538 836 110 41 incl.
677 837 165 47 front.,
872 837 127 39 illus.
1059 834 55 41 19½
1145 837 46 22 cm
1193 865 10 9 .
1270 835 125 48 (The
1423 833 280 42 Thorndike
1732 833 211 47 library)

220 909 278 41 “Student’s
529 907 225 42 edition.”

152 976 51 52 ©
235 980 110 40 Feb.
375 981 69 46 15,
474 979 113 41 1935;
646 979 66 40 2c.
745 979 111 40 Feb.
887 979 81 45 18;
1000 978 71 40 aff.,
1113 978 64 39 Feb.
1254 977 82 46 21;
1370 978 40 38 A
1440 976 142 41 80513;
1644 976 211 40 Edward
1887 976 49 38 L.
221 976 1908 107 Thorndike,
387 1038 260 47 Montrose,
689 1037 56 39 N.
787 1036 52 39 Y.
905 1035 279 49 [Copyright
1226 1035 41 40 is
1312 1034 205 41 claimed
1559 1044 59 29 on
1661 1031 348 42 substitutions
2052 1032 95 39 and

215 1093 370 50 modifications]
658 1092 250 49 (35-2730)

150 1195 241 66 Baccus,
419 1196 220 64 Joseph
665 1195 241 66 Harold,
936 1214 179 48 comp.

288 1267 1858 74 … Arms and munitions, compiled and edited by Joseph H.
161 1347 1848 71 Baccus … New York city, Noble and Noble, inc. [ c 1935]
224 1435 1918 51 vi p., 1 l., 198 p. 20½ cm . (The university debater’s help book … Pi
156 1507 153 48 kappa
342 1508 131 40 delta
504 1508 177 43 series;
712 1509 53 39 E.
796 1508 55 40 R.
882 1507 211 48 Nichols,
1122 1508 197 47 general
1349 1507 158 40 editor.
1580 1507 91 40 vol.
1732 1506 14 47 I)

226 1565 183 47 “Arms,
444 1565 267 39 munitions
743 1565 96 40 and
874 1564 305 48 implements
1211 1564 52 40 of
1296 1574 130 37 war;
1462 1575 28 29 a
1524 1562 366 49 bibliography”:
1956 1573 43 37 p.
157 1563 1990 98 169-198.

157 1691 51 52 ©
244 1696 107 39 Jan.
390 1695 68 47 10,
494 1694 141 47 1935;
672 1694 65 40 2c.
777 1695 108 39 Jan.
924 1694 82 47 28;
1046 1692 80 42 aff.
1165 1695 108 39 Jan.
1313 1692 81 47 29;
1434 1694 42 38 A
1514 1692 170 47 80271;
1724 1693 151 40 Noble
1910 1693 36 40 &
1984 1692 164 45 Noble,

219 1752 288 48 publishers,
535 1752 91 40 inc.
696 1751 251 49 (35-2768)

153 1856 211 66 Bacon,
392 1858 138 52 Mrs.
559 1856 318 64 Josephine
905 1857 203 63 Dodge
1139 1854 323 66 (Daskam)
1503 1859 169 50 1876-

154 1929 1992 150 The room on the roof, a mystery novel for girls, by Josephine Daskam Bacon … illustrated by Clara Elsene Peck. New
154 2087 176 70 York,
368 2089 258 67 London,
663 2088 72 53 D.
773 2087 581 69 Appleton-Century
1392 2104 297 52 company,
1728 2087 418 67 incorporated,

154 2168 148 51 1935.

223 2252 1032 51 4 p. l., 275 p. incl. front., illus. 19½ cm .
155 2323 51 52 ©
240 2328 108 39 Feb.
383 2328 69 46 15,
484 2326 140 48 1935;
660 2327 67 40 2c.
760 2326 109 39 Feb.
903 2326 83 47 18;
1023 2325 80 40 aff.
1139 2326 108 39 Feb.
1282 2325 83 47 21;
1401 2325 39 39 A
1474 2325 170 46 80518;
1681 2326 56 39 D.
222 2324 1910 108 Appleton-Century
362 2396 81 35 co.,
473 2384 89 40 inc.
633 2382 251 49 (35-2724)

156 2488 250 63 Baruch,
434 2490 138 52 Mrs.
601 2487 272 64 Dorothy
899 2487 241 55 Walter.

226 2562 199 70 Bobby
449 2581 132 51 goes
608 2563 213 70 riding,
851 2564 76 67 by
956 2562 264 70 Dorothy
1248 2562 222 54 Walter
1502 2562 259 66 Baruch;
1797 2561 248 69 pictures
2074 2562 75 68 by

154 2638 206 55 Esther
394 2642 215 51 Brann.
679 2642 234 67 Boston,
945 2640 276 68 Lothrop,
1256 2640 110 52 Lee
1402 2640 112 52 and
1552 2638 263 71 Shepard
1850 2658 298 51 company,

158 2720 147 51 1934.

228 2807 84 49 [35]
341 2818 42 37 p.
442 2809 84 38 col.
558 2807 126 40 illus.
743 2806 54 41 23
800 2810 44 20 cm
850 2838 8 7 .

159 2874 51 52 ©
238 2879 108 40 Feb.
436 2911 8 14 18,
472 2878 141 47 1935;
642 2878 70 41 2c.
737 2880 96 39 and
860 2877 82 41 aff.
970 2878 110 39 Feb.
1110 2876 81 48 19;
1220 2878 40 39 A
1287 2875 170 48 80495;
1489 2877 228 49 Lothrop,
1745 2878 94 40 Lee
1867 2877 36 40 &
1934 2878 216 47 Shepard

224 2947 64 28 co.
359 2936 250 48 (35-2727)

152 3037 180 55 Bible.
406 3039 263 67 English.
744 3040 327 52 Selections.
1147 3044 151 49 1933.

286 3116 1864 67 … God’s word to man … [bk. 3] The life of Jesus among
154 3194 1971 147 men, compiled by Harry F. Rector … Lock Haven, Pa., Century of progress publishing company[c1935]
223 3345 83 40 241
334 3358 42 37 p.
435 3347 58 39 16
492 3349 44 20 cm
541 3378 8 8 .

226 3419 225 38 Includes
476 3417 151 40 blank
654 3427 149 37 pages
829 3417 82 39 for
942 3416 217 40 “Notes”.

161 3483 51 52 ©
242 3489 107 40 Feb.
380 3490 41 44 4,
452 3487 140 47 1935;
624 3487 66 41 2c.
722 3489 96 38 and
848 3487 80 40 aff.
960 3487 110 40 Feb.
1100 3488 51 46 6;
1185 3488 41 38 A
1255 3487 170 46 80377;
1459 3488 215 47 Century
1705 3488 52 40 of
1785 3496 224 40 progress
2042 3489 108 47 pub.

227 3555 65 30 co.

158 3645 183 66 Bolin,
370 3646 254 54 William
654 3648 219 64 James,
906 3652 170 49 1863-

226 3721 55 53 A
307 3722 281 70 pilgrim’s
616 3740 290 51 program,
937 3722 112 53 and
1080 3723 160 53 other
1265 3742 268 50 sermons,
1563 3724 77 68 by
1666 3723 262 54 William
1957 3724 194 54 James

162 3797 1497 71 Bolin … Shreveport, La., J. S. Ramond [ c 1935]
228 3871 84 41 132
338 3883 42 38 p.
440 3871 57 41 20½
528 3873 46 22 cm
577 3904 9 9 .

164 3939 50 53 ©
248 3946 108 40 Dec.
390 3944 69 49 19,
493 3944 141 47 1934;
671 3945 65 39 2c.
771 3945 108 38 Jan.
915 3945 39 45 5,
988 3944 141 46 1935;
1167 3943 81 41 aff.
1284 3945 111 43 Jan,
1432 3948 54 43 4;
1525 3946 40 43 A
1601 3946 170 50 79048;
1810 3949 70 41 W.
1919 3949 41 40 J.
1997 3946 156 51 Bolin,

226 4002 200 45 Ruston,
454 4003 81 39 La.
606 3998 252 49 (35-2795)
