2424 4375
1038 4058 99 48 623

75 526 148 63 1934,
245 523 229 66 regular
494 521 228 65 session,
748 522 149 64 1935,
920 526 56 47 to
1000 519 202 51 March
1225 520 84 61 21,
1335 520 152 61 1935,
1509 516 139 52 with
1674 514 380 68 annotations,

70 592 1982 72 cumulative table and index … Newark, Soney & Sage co.; St.
69 675 803 70 Paul, West publishing co. [c1935]
137 750 85 41 274
248 761 42 37 p.
347 749 57 40 24
406 752 43 21 cm
455 782 7 7 .

72 803 51 55 ©
154 808 112 47 Apr.
302 807 38 46 5,
375 804 139 49 1935;
550 806 66 39 2c.
650 805 96 39 and
779 802 81 42 aff.
894 804 114 46 May
1040 802 81 46 13;
1158 802 40 38 A
1232 800 168 47 81801;
1442 800 157 48 Soney
1631 800 35 40 &
1702 800 123 47 Sage
1858 810 65 30 co.
1962 798 96 41 and

139 864 135 41 West
297 864 110 47 pub.
430 873 69 31 co.

70 956 329 64 Newcomb,
428 954 242 54 Charles
697 951 259 65 Shelton,
985 951 83 52 ed.

146 1034 211 53 Census
389 1032 134 53 data
554 1030 63 53 of
646 1031 94 51 the
772 1029 114 67 city
917 1028 63 52 of
1013 1026 268 69 Chicago,
1316 1030 149 62 1934,
1496 1025 189 55 edited
1714 1027 76 66 by
1821 1026 234 55 Charles

77 1110 55 56 S.
169 1110 299 54 Newcomb
507 1109 111 52 and
654 1107 253 54 Richard
944 1106 67 55 O.
1048 1106 180 65 Lang.
1302 1105 270 63 Chicago,
1608 1106 112 65 Ill.,
1757 1104 120 53 The
71 1106 1960 151 University

309 1189 61 53 of
399 1185 251 69 Chicago
678 1204 156 48 press
1045 1216 14 34 [c1934]

140 1262 98 47 xiv,
262 1262 86 40 729
371 1272 43 37 p.
440 1260 111 41 incl.
577 1270 150 37 maps,
753 1257 168 48 tables,
945 1257 153 47 diagr.
1152 1254 147 42 30½cm.

141 1317 379 49 Planographed.

145 1378 102 38 The
281 1372 208 50 Chicago
527 1373 183 40 Census
745 1368 306 43 commission
1086 1368 100 41 laid
1222 1371 87 38 out
1343 1369 85 40 the
1460 1371 194 45 general
1691 1370 141 47 plans
1865 1370 80 40 for
1983 1371 81 40 the

76 1444 169 31 census
270 1432 97 40 and
391 1429 280 50 supervised
697 1429 65 39 its
789 1437 235 39 progress,
1079 1426 59 47 cf.
1169 1424 272 43 Foreword.

77 1487 52 55 ©
158 1492 111 39 Dec.
299 1489 69 47 13,
398 1485 139 50 1934;
569 1486 67 40 2c.
668 1486 111 39 Dec.
810 1484 81 46 31;
925 1483 81 40 aff.
1038 1483 110 40 Feb.
1178 1481 41 50 2,
1250 1482 140 47 1935;
1422 1482 41 39 A
1494 1479 170 51 77948;
1699 1480 282 52 University
2010 1484 54 39 of

146 1547 221 47 Chicago,
393 1542 222 50 Chicago.
686 1541 218 49 (35-337)

76 1637 219 63 Ogden,
326 1634 225 62 George
578 1629 410 64 Washington,
1020 1630 171 52 1871-

146 1713 233 67 Deputy
415 1705 197 58 sheriff
655 1741 12 34 c
672 1708 92 66 by]
806 1706 219 67 George
1059 1708 89 52 W.
1188 1703 218 69 Ogden.
1482 1705 137 53 New
1658 1705 178 67 York,
1873 1706 190 61 Dodd,

76 1791 169 54 Mead
270 1793 46 50 &
341 1805 295 49 company,
665 1789 148 49 1935.

144 1858 464 54 3 p. l., 302 p. 19½cm.
80 1917 52 55 ©
155 1921 110 39 Feb.
288 1919 40 48 6,
351 1916 140 48 1935;
515 1916 68 40 2c.
609 1915 110 39 Feb.
745 1915 50 46 7;
823 1913 80 42 aff.
929 1913 111 40 Feb.
1065 1913 52 47 8;
1145 1912 40 40 A
1210 1911 169 49 79579;
1407 1911 50 41 G.
1484 1913 68 39 W.
1582 1911 176 50 Ogden,
1785 1913 105 39 Van
1916 1913 148 50 Nuys,

147 1976 145 43 Calif.
360 1971 251 52 (35-1978)

81 2066 212 65 Oliver,
319 2062 260 56 Thomas
605 2060 269 65 Edward,
905 2060 171 55 1871-

208 2131 1857 77 … The modern language teacher’s handbook, by Thomas
80 2209 1986 76 Edward Oliver … Boston, New York [etc.] D. C. Heath and
77 2315 276 51 company [c1935]
148 2368 81 50 vii,
254 2368 87 41 706
363 2378 43 38 p.
466 2364 56 42 23
525 2368 45 21 cm
574 2397 8 9 .
653 2363 227 49 (Heath’s
905 2364 198 39 modern
1131 2362 239 49 language
1392 2362 176 50 series)

149 2425 251 48 Arranged
429 2422 375 50 alphabetically
831 2420 60 49 by
919 2420 153 48 topics
1098 2430 55 29 or
1180 2418 199 43 rubrics.

148 2484 43 38 A
225 2482 185 41 revised
447 2481 95 40 and
575 2479 187 48 greatly
794 2478 227 47 enlarged
1054 2476 184 41 edition
1272 2477 52 40 of
1356 2478 83 40 the
1473 2477 218 43 author’s
1728 2475 343 51 “Suggestions

82 2540 94 41 and
204 2539 272 41 references
503 2537 77 39 for
606 2538 194 38 modern
831 2535 235 47 langur,ge
1093 2533 249 42 teachers”
1369 2532 255 49 published
1655 2535 49 39 in

1733 2536 114 40 1914
1876 2548 55 29 as
85 2536 1968 102 Bulletin
226 2607 75 29 no.
327 2596 55 39 12
407 2595 51 39 of
484 2595 80 40 the
593 2591 281 49 University
901 2591 51 40 of
979 2590 202 46 Illinois,
1212 2589 167 43 School
1409 2591 53 40 of
1487 2592 270 49 education,
1785 2595 96 38 and
1907 2592 161 42 issued

85 2651 48 42 in
155 2664 26 29 a
211 2653 187 40 revised
424 2651 95 40 and
546 2650 228 45 enlarged
798 2648 183 42 edition
1007 2648 49 40 in
1084 2647 112 40 1917
1224 2657 53 31 as
1301 2647 218 41 Bulletin
1544 2658 75 32 no.
1644 2649 68 41 18.

87 2707 53 54 ©
162 2712 116 47 Apr.
302 2710 71 46 23,
396 2707 142 49 1935;
564 2709 69 38 2c.
659 2710 113 44 May
796 2708 54 46 4;
879 2707 83 39 aff.
989 2708 115 45 May
1128 2707 84 46 21;
1239 2706 43 38 A
1308 2706 169 46 82962;
1509 2709 57 39 D.
1594 2707 50 41 C.
1670 2709 166 39 Heath
1862 2710 37 38 &
1924 2720 69 30 co.

165 2766 249 49 (35-6990)

86 2838 298 67 Partipilo,
413 2838 286 64 Anthony
725 2835 219 68 Victor,
976 2842 169 49 1900-

92 2910 1955 154 Principles of operative surgery, by A. V. Partipilo … Surgery
265 2989 1807 79 of the thyroid gland, by L. D. Moorhead … Surgical
91 3078 264 62 anatomy
380 3071 65 53 of
467 3071 95 53 the
585 3071 222 65 thorax,
832 3070 346 54 extremities
1204 3071 113 52 and
1341 3071 311 68 perineum,
1677 3073 74 66 by
1779 3072 198 55 Simon
2005 3077 67 50 B.

92 3144 1648 78 Chandler … with 209 illustrations. [Chicago, c 1934]
160 3222 79 47 vii,
266 3221 85 41 362
378 3232 42 37 p.
477 3219 141 49 illus.,
648 3220 177 48 diagrs.
880 3220 58 40 26
937 3221 47 22 cm
988 3251 9 10 .

157 3276 484 51 Photolithoprinted.

161 3336 211 40 “Second
403 3333 224 42 edition.”

165 3389 344 42 “References”
536 3392 50 37 at
611 3390 91 39 end
729 3389 51 40 of
804 3399 130 30 some
958 3389 50 39 of
1035 3390 83 39 the
1140 3388 238 48 chapters.

96 3442 53 54 ©
175 3448 127 47 Sept.
327 3446 70 48 19,
422 3446 116 41 1934;
593 3446 66 39 2c.
686 3447 98 38 and
808 3445 81 41 aff.
917 3446 103 39 Oct.
1045 3446 53 43 3;
1127 3447 41 38 A
1194 3444 170 49 76294;
1396 3447 53 38 A.
1476 3447 54 40 V.
1558 3446 238 50 Partipilo
1824 3448 96 41 and
1949 3449 45 40 S.
2022 3450 54 38 B.

161 3505 253 46 Chandler,
444 3502 222 49 Chicago,
736 3502 15 49 (CA
834 3501 201 42 34-1736
1054 3501 233 51 Unrev’d)

96 3575 361 66 Petersham,
487 3579 136 52 Mrs.
655 3578 177 53 Maud
864 3578 253 64 (Fuller)

165 3648 1850 75 The story book of coal, by Maud and Miska Petersham …
99 3727 419 72 Philadelphia,
558 3729 249 70 Chicago
958 3763 29 34 [etc.]
1031 3730 123 53 The
1188 3729 156 57 John
1381 3729 62 55 C.
1480 3728 266 57 Winston
1783 3749 296 52 company,

99 3811 18 22 c
122 3809 146 50 1935.

174 3878 82 49 [32]
286 3889 42 38 p.
389 3878 126 42 illus.
554 3879 134 48 (part
715 3878 111 47 col.)
892 3879 176 40 21x21
1072 3881 45 22 cm
1121 3911 10 10 .

102 3927 53 55 ©
176 3934 111 48 Apr.
313 3936 69 46 15,
406 3934 117 43 1935;
573 3936 65 40 2c.
665 3937 113 47 May
801 3935 82 49 21;
912 3936 82 40 aff.
1020 3937 113 47 May
1157 3935 82 49 22;
1268 3937 41 39 A
1335 3937 168 47 83265;
1533 3937 127 41 John
1687 3938 49 40 C,
1763 3937 225 41 Winston
2011 3948 68 30 co.

178 3989 275 50 (35-27198)
