2424 4375
1223 4038 133 51 1606

307 408 238 66 Selling,
573 409 213 54 Lowell
814 409 163 66 Sinn,
1005 414 173 51 1902-

310 484 1970 147 Diagnostic criminology, by Lowell S. Selling … Ann Arbor, Mich., Edwards brothers, inc., 1935.
377 634 81 47 vii,
487 632 85 42 175
600 645 42 38 p.
703 633 115 41 21cm.

377 690 412 49 “Lithoprinted.”

377 747 146 40 “This
553 748 186 40 edition
770 748 42 41 is
844 748 187 41 limited
1067 751 47 38 to
1148 748 87 41 350
1268 749 202 47 copies.”

377 804 347 49 Bibliography
743 814 10 31 :
785 815 43 38 p.
858 805 215 40 171-175.

308 861 53 54 ©
395 866 128 47 Sept.
554 864 69 49 27,
656 864 140 47 1935;
830 864 66 41 2c.
929 866 95 38 and
1057 864 82 41 aff.
1173 863 102 42 Oct.
1307 865 81 47 23;
1423 867 41 38 A
1496 866 170 47 87854;
1702 867 50 40 L.
1789 868 43 41 S.
1870 868 194 49 Selling,
2097 871 204 42 Detroit.

387 922 282 49 (35-25404)

307 1013 285 65 Slemons,
619 1012 207 56 Josiah
853 1012 235 65 Morris,
1119 1013 172 54 1876-

375 1092 158 55 John
577 1089 331 70 Whitridge
949 1090 316 67 Williams;
1315 1091 284 54 academic
1641 1099 217 62 aspects
1905 1094 113 53 and
306 1094 1972 143 bibliography,
537 1170 74 67 by
638 1170 56 55 J.
721 1170 211 53 Morris
963 1168 274 55 Slemons.
1312 1168 334 69 Baltimore,
1673 1171 121 53 The
1821 1172 185 55 Johns
2034 1174 266 66 Hopkins

306 1266 173 49 press,
511 1250 151 51 1935.

377 1316 1056 51 xii p., 1 l., 109 p. front. (port.) 20m.
380 1374 355 42 “Presidential
780 1375 216 46 address,
1044 1376 82 40 the
1173 1374 177 41 Pacific
1394 1378 136 38 coast
1576 1374 181 50 society
1805 1375 53 40 of
1901 1377 256 42 obstetrics
2206 1379 91 40 and

306 1432 305 48 gynecology,
641 1430 27 41 9
697 1430 281 48 November,
1010 1430 266 49 1935.”—p.
1324 1430 62 52 [iv]

379 1488 377 49 “Bibliography
790 1488 52 40 of
876 1488 128 40 John
1040 1487 275 49 Whitridge
1350 1487 255 50 Williams,
1644 1490 231 48 compiled
1916 1490 116 41 with
2073 1493 81 42 the
2192 1492 106 48 help

307 1545 1769 50 of Louise D. Coulter-King … and Louise M. Diggs”; p. 77-109.
307 1600 53 53 ©
386 1604 101 40 Oct.
513 1605 69 45 15,
608 1603 113 41 1935;
777 1604 67 39 2c.
871 1604 100 40 Oct.
996 1603 56 38 22;
1107 1603 79 40 aff.
1218 1603 100 41 Oct.
1345 1605 55 37 24;
1456 1606 40 37 A
1522 1604 142 41 86993;
1723 1607 152 39 Johns
1904 1606 221 48 Hopkins
2152 1617 147 38 press.

386 1659 280 50 (35-24869)

304 1752 215 66 Smith,
548 1753 219 63 Joseph
799 1752 249 55 Russell.

374 1830 234 52 Human
675 1848 97 34 use
836 1830 347 67 geography,
1258 1829 173 53 books
1501 1833 113 50 1-2.
1690 1831 425 69 Philadelphia,
2180 1835 117 51 The

303 1910 158 54 John
489 1909 62 55 C.
580 1908 266 55 Winston
874 1925 279 50 company
1186 1911 190 65 [c1934]

374 1984 26 38 2
427 1995 42 28 V.
526 1983 85 39 col.
640 1981 191 47 fronts.,
858 1981 142 48 illus.,
1028 1991 151 38 maps,
1208 1980 179 49 diagrs.
1445 1981 116 40 25cm.

307 2041 75 39 bk.
442 2070 8 16 1,
479 2034 55 54 ©
560 2040 120 47 Aug.
709 2039 69 47 23,
808 2037 112 41 1934;
979 2038 67 40 2c.
1077 2039 96 39 and
1202 2037 82 41 aff.
1313 2038 117 40 Nov.
1461 2036 54 40 22;
1575 2039 74 39 bk.
1681 2039 40 49 2,
1752 2034 53 54 ©
1837 2039 128 48 Sept.
1995 2039 54 40 11;
2107 2042 68 39 2c.
2204 2043 93 39 and

377 2098 82 39 aff.
502 2098 112 39 Dec.
656 2097 54 39 17;
782 2096 40 38 A
863 2095 156 48 77329,
1062 2094 143 41 78602;
1278 2095 129 39 John
1449 2095 49 41 C.
1541 2095 223 40 Winston
1806 2106 67 31 co.
1937 2095 281 50 [Copyright
2258 2097 39 41 is

373 2154 205 41 claimed
613 2164 61 30 on
708 2153 240 40 revisions
980 2153 94 39 and
1111 2151 260 49 additions]

303 2245 301 64 Spalding,
634 2244 196 53 Phebe
863 2243 238 63 Estelle,
1136 2247 170 50 1859-

475 2319 1820 69 … San Francisco, by Phebe Estelle Spalding. [Claremont,
305 2399 195 66 Calif.,
523 2400 123 52 The
672 2399 287 55 Saunders
984 2399 189 52 studio
1201 2416 174 49 press,
1399 2401 174 64 c1935]

371 2470 284 47 cover-title,
696 2470 84 48 [24]
820 2479 44 38 p.
923 2468 126 42 illus.
1110 2468 116 42 19cm.
1297 2467 207 49 (Patron
1542 2469 157 40 saints
1735 2469 51 40 of
1823 2468 272 42 California
302 2470 1976 97 [Franciscan
495 2527 150 39 series.
718 2535 75 31 no.
821 2524 69 50 1])

372 2583 124 41 Text
525 2594 60 29 on
613 2592 146 38 pages
792 2581 54 51 [2]
876 2582 96 40 and
1006 2583 53 49 [3]
1091 2581 52 40 of
1172 2591 153 31 cover.

305 2640 53 53 ©
391 2645 82 39 July
539 2643 70 41 20.
642 2642 114 41 1935;
818 2641 23 39 2
847 2653 35 29 c.
918 2642 96 39 and
1046 2640 80 40 aff.
1161 2641 120 45 Aug.
1316 2641 52 45 5;
1403 2641 40 38 A
1476 2640 143 41 84988;
1683 2641 50 39 P.
1769 2641 52 39 E.
1859 2640 244 49 Spalding,
375 2642 1905 103 Claremont,
553 2700 142 40 Calif.
768 2697 279 48 (35-24909)

303 2789 238 64 Sperry,
569 2789 380 63 Armstrong.

374 2864 123 56 One
529 2866 113 65 day
673 2864 141 52 with
844 2863 212 66 Thktu,
1085 2881 71 34 an
1189 2860 236 55 Eskimo
1454 2862 127 67 boy,
1609 2868 156 61 story
1798 2862 112 53 and
1941 2861 247 68 pictures
2220 2862 70 66 by

303 2944 346 65 Armstrong
681 2940 232 69 Sperry.
977 2940 427 67 Philadelphia,
1436 2940 250 66 Chicago
1722 2944 138 62 [etc.-.
1896 2940 120 53 The
2045 2941 152 55 John
2230 2938 59 56 C.

302 3020 266 55 Winston
596 3037 295 49 company,
924 3022 148 50 1935.

377 3091 83 50 [66]
492 3102 44 38 p.
595 3090 128 42 illus.
751 3090 135 49 (part
914 3091 113 47 col.)
1092 3090 115 40 26cm.

375 3148 286 40 Illustrated
692 3149 98 46 t.-p.
819 3147 93 40 and
940 3145 349 48 lining-papers
1316 3144 48 40 in
1394 3147 168 38 colors.

305 3201 53 53 ©
384 3206 117 39 Nov.
530 3206 40 40 1.
598 3204 141 47 1935;
770 3205 67 40 2c.
866 3205 94 39 and
988 3203 82 40 aff.
1098 3204 118 39 Nov.
1246 3203 82 46 14;
1359 3203 40 38 A
1427 3202 169 41 88223;
1630 3202 126 39 John
1788 3201 49 41 C.
1866 3201 223 41 Winston
2119 3211 64 30 co.

381 3262 279 48 (35-24893)

301 3364 333 65 Steinberg,
664 3365 164 54 Jack.

373 3444 121 51 The
529 3448 133 47 next
699 3446 368 63 government
1102 3441 57 54 in
1196 3440 283 64 America,
1513 3440 74 65 by
1623 3438 146 55 Jack
1807 3437 314 68 Steinberg.
302 3435 1960 151 Seattle,
487 3524 56 52 J.
577 3520 317 67 Steinberg,
929 3523 146 49 1934.

373 3595 56 39 33
454 3605 42 37 p.
522 3595 109 38 incl.
658 3595 122 46 port.
836 3592 114 41 18cm.
1014 3592 192 48 (Yesler
1230 3601 108 37 way
1362 3590 164 47 series,
1553 3601 75 28 no.
1653 3590 52 47 1)

305 3647 52 49 ©
383 3652 117 39 Nov.
527 3650 69 46 30,
623 3648 113 42 1934;
791 3650 68 39 2c.
885 3650 110 38 Dec.
1022 3649 28 38 4;
1106 3648 82 39 aff.
1217 3648 109 39 Dec.
1357 3648 24 39 5;
1438 3647 40 38 A
1506 3645 141 41 77461;
1706 3646 42 39 J.
1780 3643 265 49 Steinberg.

301 3768 238 61 Straub,
567 3768 223 53 Walter
818 3767 208 53 Lewis.

371 3843 247 53 Biblical
682 3844 247 64 analysis;
1022 3840 291 54 inductive
1373 3840 319 66 exposition
1752 3838 63 53 of
1875 3839 97 52 the
2031 3831 249 58 revealed

303 3921 174 66 word,
525 3920 247 61 adapted
821 3920 94 52 for
961 3919 303 65 ministers,
1312 3918 269 65 teachers,
1627 3914 340 68 theological
2015 3913 266 61 students,
