2424 4375
1057 4081 131 48 1333

123 467 206 64 Kenly,
362 470 137 50 Mrs.
533 466 152 54 Julie
717 465 302 67 (Closson)
1061 472 170 48 1869-

195 544 175 53 Cities
421 545 63 52 of
532 562 142 48 wax,
723 545 74 65 by
846 543 156 55 Julie
1052 546 234 53 Closson
1337 545 216 66 Kenly;
1604 545 380 53 illustrations
2033 546 75 66 by

124 622 201 66 Henry
362 621 59 54 C.
458 622 205 66 Kenly.
750 623 137 51 New
921 622 178 65 York,
1132 621 258 67 London,
1422 624 72 51 D.
1531 622 579 69 Appleton-Century

125 718 293 48 company,
449 699 415 67 incorporated,
898 703 148 50 1935.

192 783 62 28 xv
282 783 57 37 p.,
367 772 26 38 1
456 802 8 14 l.,
492 771 89 40 250
602 782 44 37 p.
676 772 108 39 incl.
812 772 162 47 front.,
1005 772 126 39 illus.
1189 771 54 39 21
1247 774 43 21 cm
1295 803 7 8 .

195 829 288 39 Illustrated
514 827 359 49 lining-papers.

125 881 51 53 ©
202 886 126 47 Sept.
353 885 69 47 27,
448 884 116 41 1935;
614 885 66 40 2c.
709 885 127 48 Sept.
862 884 80 47 30;
971 884 82 41 aff.
1080 885 101 40 Oct.
1209 887 50 44 1;
1288 886 41 38 A
1353 885 170 47 86535;
1553 887 54 38 D.
1636 886 474 48 Appleton-Century

194 952 81 38 co.,
303 942 90 39 inc.
464 941 278 49 (35-18211)

126 1045 328 66 Knowlton,
483 1045 208 54 Daniel
718 1046 332 64 Chauncey,
1082 1050 169 51 1876-

251 1119 1859 71 … Beginnings of our nation, by Daniel C. Knowlton … and
122 1196 1989 71 Charles M. Gill … New York, Cincinnati [ etc.] American
121 1276 144 53 book
289 1295 279 49 company
598 1309 14 34 [
616 1282 18 22 c
639 1279 132 50 1935
777 1309 12 34 ]

189 1348 83 49 xii,
311 1348 84 42 513
430 1359 44 38 p.
513 1349 109 41 incl.
658 1349 85 41 col.
778 1349 163 47 front.,
978 1348 128 41 illus.
1176 1348 55 41 19½
1264 1351 43 21 cm
1312 1381 9 9 .
1396 1349 123 48 (The
1557 1348 261 41 westward
1857 1349 166 40 march
2059 1348 54 41 of

121 1406 132 47 man)

190 1462 261 40 Published
475 1461 115 40 1934
613 1463 154 39 under
787 1462 134 41 title:
946 1461 154 41 When
1126 1472 71 32 we
1220 1472 124 31 were
1370 1460 224 43 colonies.

189 1518 222 41 Includes
447 1517 389 49 bibliographies.

191 1573 284 42 Illustrated
504 1575 360 48 lining-papers.

129 1630 1902 51 © Aug. 3, 1935; 2c. Aug. 8; aff. Aug. 9; A 85432; American book co.
207 1689 279 50 (35-18258)

129 1793 241 64 Latane,
399 1792 200 55 Edith.

196 1870 305 52 American
542 1870 220 67 history
802 1869 93 53 for
936 1887 193 51 young
1168 1871 351 67 Americans,
1560 1871 75 67 by
1677 1872 181 51 Edith
1897 1874 216 50 Latane

189 1948 1920 69 … and John Holladay Latane … Boston, New York [etc.]
130 2027 177 65 Allyn
334 2027 113 51 and
474 2028 191 50 Bacon
696 2059 14 33 [
715 2032 19 21 c
737 2029 132 49 1935
875 2059 12 33 ]

199 2099 134 47 xviii,
374 2098 87 40 520
498 2110 59 36 p.,
597 2099 25 39 1
684 2130 23 17 l.,
749 2099 55 39 61
844 2109 42 37 p.
957 2099 86 39 col.
1084 2098 163 48 front.,
1289 2098 143 48 illus.,
1476 2100 85 39 col.
1604 2100 170 47 plates,
1818 2110 137 38 maps
1983 2100 134 48 (part

131 2157 193 45 double)
393 2156 57 38 21
452 2158 44 20 cm
501 2187 8 8 .

202 2214 137 46 Maps
370 2223 58 28 on
458 2211 361 49 lining-papers.

204 2269 130 40 “List
370 2269 53 39 of
453 2267 175 41 books”:
693 2279 40 37 p.
773 2268 145 40 10-20
950 2271 55 37 at
1038 2269 117 44 end;
1196 2268 126 39 “For
1353 2267 195 41 further
1585 2268 227 48 reading”
1851 2273 51 36 at
1939 2272 90 38 end
2066 2271 51 39 of

133 2327 113 39 each
274 2327 199 46 chapter
499 2329 168 43 except
695 2326 198 46 chapter
1047 2356 8 8 XXIX.

134 2379 1966 108 © Sept. 9, 1935; 2c. and aff. Sept. 30; A 87337; Allyn & Bacon. [Copyright is claimed on changes and new matter] (35-38222)
136 2539 291 66 Lawford,
455 2541 279 63 Stephen,
764 2542 131 53 1897
924 2559 63 35 or
1014 2545 67 49 8-

257 2615 1859 70 … Youth uncharted. New York, The Macmillan company,
133 2697 146 50 1935.

196 2776 75 36 XV,
306 2767 70 49 [1],
406 2765 84 40 332
519 2775 44 38 p.
622 2764 56 40 21
681 2767 46 22 cm
730 2796 8 9 .

198 2820 136 50 Maps
362 2833 61 29 on
451 2822 359 47 lining-papers.

197 2877 396 42 Reminiscences.

139 2933 50 52 ©
219 2938 123 47 Sept.
369 2937 70 46 26,
467 2936 140 48 1935;
636 2937 66 39 2c.
729 2937 95 39 and
850 2936 81 40 aff.
963 2936 127 47 Sept.
1117 2935 82 48 27;
1228 2937 42 38 A
1297 2936 170 47 86497;
1498 2936 282 40 Macmillan
1807 2947 66 30 co.

215 2993 277 48 (35-18262)

138 3094 320 65 McKinley,
488 3095 207 53 Albert
727 3095 269 63 Edward,
1031 3095 170 53 1870-

206 3172 1911 67 World history today, by Albert E. McKinley … Arthur C.
140 3249 1978 65 Howland … and Matthew L. Dann … New York, Cincinnati
147 3332 132 60 [etc.]
310 3327 303 54 American
638 3328 146 52 book
810 3344 276 49 company
1119 3361 11 33 [
1134 3334 22 21 c
1160 3331 149 62 1935]

209 3410 43 35 x,
283 3400 96 46 843,
409 3399 272 40 xi-xxxviii
709 3411 40 37 p.
810 3400 84 39 col.
924 3400 165 46 front.,
1119 3400 128 39 illus.
1276 3399 132 47 (incl.
1439 3402 163 45 ports.,
1633 3402 161 45 maps)
1834 3398 86 41 col.
1950 3400 170 47 plates.

142 3454 52 39 21
197 3457 42 20 cm
245 3487 8 8 .

211 3511 382 49 Bibliographies
623 3516 50 36 at
703 3513 90 38 end
823 3512 50 40 of
903 3513 117 38 each
1049 3512 214 47 chapter.

145 3562 50 52 ©
227 3568 123 47 Sept.
381 3569 67 44 23,
481 3569 139 46 1935;
652 3569 67 39 2c.
752 3569 94 39 and
876 3568 82 39 aff.
990 3568 101 40 Oct.
1124 3568 24 38 2;
1210 3568 40 38 A
1282 3568 169 45 87427;
1485 3567 156 40 Amer.
1675 3568 121 39 book
1829 3578 66 29 co.
214 3568 1892 103 [Copyright
365 3626 41 39 is
429 3625 202 40 claimed
657 3636 59 28 on
741 3624 250 49 revisions]
1066 3624 278 47 (35-18257)

148 3710 215 67 Means,
392 3715 144 52 Paul
561 3714 274 64 Banwell,
867 3720 169 49 1894-

213 3787 214 70 Things
455 3790 127 52 that
613 3809 93 33 are
736 3789 280 54 Caesar’s:
1046 3790 95 51 the
1170 3789 216 68 genesis
1416 3788 63 53 of
1508 3789 96 51 the
1632 3788 249 54 German
1911 3786 210 53 church

150 3866 233 68 conflict,
423 3868 76 67 by
539 3869 147 51 Paul
730 3869 254 51 Banwell
1027 3868 215 52 Means.
1318 3867 139 52 New
1501 3866 178 65 York,
1719 3866 209 53 Bound
1971 3866 151 52 table

151 3958 163 51 press,
343 3944 125 66 inc.,
503 3946 150 51 1935.

347 4016 374 28 5 p. l., 288 p. 20cm.
