2424 4375
1046 4056 131 50 1953

121 431 173 63 Isom,
324 429 228 63 Dudley
578 430 67 53 R.

190 515 232 69 Baptist
460 515 382 53 brotherhood
879 515 230 52 manual
1168 517 93 66 [by]
1305 515 227 66 Dudley
1570 515 69 51 R.
1679 515 170 52 Isom.
117 515 1964 145 Nashville,
294 594 194 66 Tenn.,
517 592 124 53 The
668 591 236 70 Sunday
928 592 190 54 school
1143 592 175 53 board
1344 592 64 53 of
1433 593 95 52 the
1559 590 285 56 Southern
1873 591 231 68 Baptist

117 671 336 54 convention
486 703 13 34 [
504 678 18 21 c
526 673 132 50 1935]

188 744 53 41 91
271 755 43 38 p.
373 744 129 40 illus.
542 742 263 48 (facsims.)
842 743 151 45 diagr.
1054 742 56 40 19½
1141 744 43 21 cm
1190 774 9 8 .

123 810 53 52 ©
203 814 100 40 Oct.
332 814 67 47 14,
428 812 141 48 1935;
597 811 69 42 2c.
692 813 117 39 Nov.
837 814 25 38 1;
919 812 82 41 aff.
1028 812 101 40 Oct.
1157 812 83 46 31;
1271 813 42 38 A
1337 811 169 42 89102;
1540 812 197 47 Sunday
1766 812 161 40 school
1958 813 147 39 board

194 870 51 39 of
275 871 80 39 the
387 870 239 41 Southern
656 868 195 49 Baptist
880 868 300 41 convention.
1248 867 223 50 (36-947)

118 973 167 65 Joan,
311 973 254 55 Natalie.

190 1064 119 52 The
352 1064 135 65 glad
531 1063 163 66 book,
738 1062 246 67 pictures
1028 1063 73 67 by
1145 1060 283 55 Millicent
1475 1062 286 67 Sowerby,
1805 1079 184 38 verses
2031 1064 75 66 by

119 1140 228 54 Natalie
388 1142 149 54 Joan
583 1140 110 53 and
736 1140 176 54 Githa
958 1139 283 67 Sowerby.
1318 1139 353 53 Authorized
1715 1140 83 53 ed.
119 1141 1962 145 Poughkeepsie,
400 1218 69 53 N.
514 1219 90 64 Y.,
645 1218 217 53 Artists
905 1217 112 53 and
1060 1216 220 55 writers
1322 1216 180 68 guild,
1544 1217 107 54 inc.
1740 1220 130 50 [c1935]

194 1291 82 50 [29]
307 1302 43 37 p.
409 1291 86 38 col.
523 1290 163 47 front.,
716 1289 128 41 illus.
872 1288 137 49 (part
1036 1290 111 47 col.)
1213 1288 146 42 21½cm.

123 1358 53 52 ©
200 1362 119 39 Nov.
342 1360 68 49 15,
437 1359 116 40 1935;
604 1359 68 40 2c.
697 1360 118 39 Nov.
840 1358 48 39 21;
951 1358 83 41 aff.
1060 1359 118 40 Nov.
1204 1358 60 40 20;
1316 1360 40 38 A
1383 1358 142 41 89492;
1582 1359 184 40 Artists
1792 1360 96 39 and
1915 1358 192 43 writers

192 1418 147 47 guild,
370 1417 89 40 inc.
533 1415 278 48 (35-28728)

118 1518 196 65 Jones,
345 1518 216 64 Easley
589 1518 279 64 Stephen,
899 1522 170 50 1884-

189 1606 257 52 Practice
467 1605 304 54 handbook
795 1607 59 50 in
881 1606 245 66 English;
1182 1625 32 33 a
1240 1605 289 53 drillbook
1554 1606 112 52 and
1692 1606 204 53 review
1925 1608 59 50 in
2011 1605 95 53 the

119 1683 288 53 essentials
439 1683 65 54 of
532 1683 236 69 writing
798 1684 113 52 and
940 1683 295 70 speaking,
1265 1683 76 69 by
1373 1683 209 70 Easley
1618 1681 57 57 S.
1711 1683 190 54 Jones.
1967 1682 138 54 New

121 1762 176 68 York,
338 1763 256 66 London,
635 1762 72 53 D.
748 1760 577 71 Appleton-Century
1367 1779 299 52 company,
1706 1760 396 68 incorporated

141 1843 175 65 [ c 1935]
190 1925 45 37 x,
257 1914 86 42 262
369 1925 44 37 p.
471 1912 55 40 22½
559 1915 44 21 cm
609 1946 9 8 .

186 1972 123 40 Text
339 1983 59 29 on
431 1971 356 47 lining-papers.

123 2039 53 53 ©
199 2044 112 47 May
335 2045 39 40 1.
397 2043 113 40 1935;
562 2043 66 39 2c.
652 2043 95 39 and
771 2041 83 41 aff.
877 2043 114 46 May
1012 2042 25 40 3;
1092 2042 39 39 A
1157 2041 141 40 82883;
1353 2043 52 38 E.
1434 2041 45 41 S.
1506 2042 159 47 Jones,
1695 2042 148 40 Santa
1873 2042 235 43 Barbara.

192 2100 144 40 Calif.
404 2099 220 49 (36-987)

120 2205 195 63 Joyce,
347 2204 219 64 James,
602 2207 170 50 1882-

191 2280 249 68 Ulysses,
479 2280 76 65 by
592 2279 193 53 James
825 2280 203 64 Joyce;
1072 2279 138 51 with
1253 2297 71 34 an
1366 2278 385 52 introduction
1792 2278 75 66 by
1911 2277 196 55 Stuart

119 2359 225 54 Gilbert
382 2357 112 53 and
531 2357 378 54 illustrations
943 2356 75 69 by
1052 2356 185 53 Henri
1269 2357 251 52 Matisse.
1594 2357 138 52 New
1771 2356 179 68 York,
1987 2357 120 52 The

119 2435 248 53 Limited
398 2433 243 54 editions
669 2435 146 61 club,
845 2437 147 50 1935.

191 2506 1694 51 1 p. l. , v-xv, [1] p., 1 l., 363 p., 1 l. illus., plates. 30½ × 24 cm .
193 2563 1866 49 “This edition … consists of fifteen hundred copies … This copy …
124 2620 71 50 [is]
225 2620 253 48 copyright
502 2618 160 49 copy.”
715 2619 120 41 This
855 2629 118 38 copy
996 2622 83 39 not
1106 2619 181 49 signed.

193 2676 227 41 Includes
449 2676 167 41 music.

125 2741 53 52 ©
201 2745 100 40 Oct.
325 2745 70 42 22.
419 2744 116 41 1935;
583 2744 67 40 2c.
676 2745 96 38 and
794 2744 82 40 aff.
898 2744 116 40 Nov.
1038 2743 57 40 29;
1146 2745 41 38 A
1210 2744 170 47 88450;
1407 2744 208 41 Limited
1638 2745 210 40 editions
1872 2746 122 48 club,
2020 2746 89 42 inc.

197 2801 278 50 [Copyright
507 2801 41 40 is
579 2801 202 40 claimed
817 2811 58 28 on
908 2799 331 42 introduction
1270 2802 94 38 and
1398 2801 343 50 illustrations]

202 2858 219 49 (36-943)

120 2957 343 68 Jusserand,
507 2960 146 53 Jean
699 2959 220 53 Adrien
964 2960 257 53 Antoine
1265 2960 181 63 Jules,
1495 2964 322 51 1855-1932.

253 3037 1534 68 … L’école des ambassadeurs. Paris, Plon [1934]
193 3108 637 49 2 p. l., 193 p., 1 l. 20 cm .
191 3168 62 38 At
280 3167 125 39 head
432 3166 51 40 of
511 3166 108 40 title:
675 3166 43 40 J.
748 3167 283 39 Jusserand.

191 3223 71 40 On
293 3232 167 30 cover:
492 3223 25 38 5
521 3224 19 20 e
570 3222 192 40 édition.

121 3287 53 52 ©
206 3291 128 48 Sept.
363 3293 69 46 11,
462 3292 140 46 1934;
636 3293 64 38 1c.
732 3292 130 40 June
888 3292 69 47 12,
988 3290 141 49 1935;
1162 3292 309 49 A-Foreign
1502 3292 169 48 28194;
1704 3292 242 41 Librairie
1975 3294 133 39 Plon.

202 3348 249 48 (35-9650)

121 3449 230 65 Justus,
379 3452 158 62 May.

193 3525 203 69 Gabby
438 3525 242 58 Gaffer’s
721 3546 121 35 new
882 3529 177 67 shoes,
1102 3531 73 66 by
1215 3531 139 66 May
1395 3532 229 64 Justus;
1669 3530 324 53 illustrated
2034 3531 73 67 by

124 3603 176 54 Merle
329 3605 63 52 T.
421 3604 138 54 Cox.
631 3606 111 52 Los
767 3607 264 66 Angeles,
1057 3605 116 56 San
1201 3608 302 53 Francisco
1553 3615 120 58 [etc.]
1710 3607 398 68 Suttonhouse,

124 3680 103 54 ltd.
260 3715 13 33 [
278 3689 18 21 c
302 3685 149 63 1935]

191 3749 1021 52 4 p. l. , 93 p. illus., col. plates. 23½cm.
194 3807 288 39 Illustrated
511 3806 361 48 lining-papers.

194 3860 131 42 “One
355 3860 52 40 of
437 3862 83 39 the
549 3861 132 49 prize
710 3862 208 41 winners
949 3865 49 39 in
1031 3865 83 40 the
1144 3865 134 41 Julia
1311 3865 262 42 Ellsworth
1606 3867 128 40 Ford
1765 3867 228 41 contest.”

127 3928 53 52 ©
204 3932 99 42 Oct.
328 3933 69 48 24,
422 3932 112 42 1935;
587 3933 66 42 2c.
679 3936 110 40 Dec.
815 3935 55 41 27;
925 3936 82 40 aff.
1032 3937 112 41 Dec.
1168 3937 58 40 26;
1277 3938 40 38 A
1341 3936 147 42 90088;
1542 3938 341 47 Suttonhouse,
1909 3939 86 40 ltd.

205 3988 219 48 (36-169)
