2526 4384
1114 4008 97 43 171

175 396 239 67 [Davids,
443 397 291 65 Berkeley
759 396 313 69 Reynolds]

222 475 1927 68 New York law of wills … Supplement, 1934 … [ Northport,
151 554 68 52 N.
250 556 88 59 Y.,
367 554 253 52 Edward
647 554 329 67 Thompson
1003 571 296 51 company,
1323 561 23 22 c
1350 557 151 64 1935]

220 641 25 39 2
276 653 41 28 v.
376 640 54 41 23
433 643 46 21 cm
483 672 8 8 .

223 711 155 40 These
407 711 272 47 pamphlets
711 720 86 30 are
824 712 50 38 to
905 710 59 39 be
993 710 136 39 fitted
1161 710 102 39 into
1294 710 82 40 the
1406 710 200 48 pockets
1636 712 51 37 at
1719 710 85 39 the
1832 709 123 40 back
1985 709 55 41 of
2069 710 85 40 the

152 769 215 39 volumes
393 767 53 40 of
469 768 85 40 the
575 770 78 38 set
678 770 49 38 to
753 766 160 41 which
938 768 113 47 they
1080 767 180 48 belong.

158 835 1991 52 © Feb. 13, 1935; 2c. each Feb. 16; aff. Feb. 14; A 79708; Edward
223 896 274 47 Thompson
521 905 67 30 co.

155 999 84 53 De
268 1000 288 63 Menezes,
586 998 183 57 Ruth.

222 1075 274 53 Thunder
536 1077 61 52 in
639 1076 203 68 spring
908 1076 92 67 [by]
1048 1076 159 53 Ruth
1250 1076 86 53 De
1380 1075 275 54 Menezes.
1733 1075 219 66 Dallas,
1995 1076 155 65 Tex.,

154 1154 119 53 The
302 1152 438 68 Kaleidograph
769 1171 156 49 press
959 1187 13 33 [
975 1159 20 22 c
1000 1156 152 63 1934]

223 1223 86 41 viii
335 1236 58 38 p.,
423 1227 24 38 1
496 1256 22 17 l.,
548 1225 143 40 11-62
720 1237 44 38 p.
824 1225 58 41 19½
912 1227 45 22 cm
959 1256 10 11 .

223 1296 182 42 Poems.

158 1364 51 53 ©
242 1369 110 40 Dec.
385 1367 70 48 22,
486 1366 117 42 1934;
660 1366 67 42 2c.
763 1369 109 39 Jan.
905 1368 40 48 3,
980 1365 114 43 1935;
1156 1366 81 42 aff.
1273 1368 109 39 Jan.
1417 1366 29 40 2;
1506 1367 41 40 A
1580 1365 142 43 77983;
1786 1366 365 50 Kaleidograph

223 1436 149 38 press.
443 1424 251 50 (35-3095)

155 1529 173 64 Dent,
357 1528 319 54 Ellsworth
704 1527 262 66 Charles,
997 1533 166 51 1899-

226 1606 1862 67 A handbook of visual instruction, by Ellsworth C. Dent …
158 1686 204 66 Provo,
394 1685 176 67 Utah,
603 1685 281 67 Brigham
916 1686 211 66 Young
1158 1683 317 69 university
1514 1719 13 33 [
1530 1690 18 21 c
1554 1688 135 49 1934
1693 1718 12 34 ]

226 1757 974 49 4 p. l. , 108 p. plates, diagr. 23½ cm .
229 1823 197 42 “Visual
456 1825 294 40 instruction
778 1822 351 50 publications”:
1191 1835 43 37 p.
1266 1823 157 41 91-93.
1486 1823 234 41 “Sources
1750 1823 52 41 of
1833 1823 317 41 information

159 1883 94 39 and
281 1881 280 41 materials”:
622 1893 43 37 p.
712 1881 205 51 [94]-108.

159 1950 1990 52 © May 18, 1934; 1c. Aug. 20; 1c. Jan. 21, 1935; aff. Feb. 4; A 79532;
222 2013 51 37 E.
305 2011 47 41 C.
384 2013 140 45 Dent,
555 2010 335 49 Washington.
962 2009 251 49 (35-2932)

154 2111 345 68 Dictionary
531 2113 64 54 of
626 2113 306 54 American
963 2114 340 68 biography,
1333 2113 183 52 under
1546 2114 97 52 the
1675 2113 253 68 auspices
1960 2113 63 53 of
2054 2113 98 52 the

221 2191 1931 147 American council of learned societies; edited by Dumas Malone … Volume XV. [Platt-Roberdeau] New York, Charles
225 2348 309 56 Scribner’s
561 2369 145 48 sons,
735 2353 150 50 1935.

221 2449 45 36 x,
296 2437 84 40 647
408 2448 42 37 p.
508 2436 115 41 26cm.

161 2500 51 52 ©
245 2505 107 40 Jan.
387 2504 69 47 25,
490 2504 116 40 1935;
665 2503 66 41 2c.
766 2504 111 40 Feb.
909 2503 81 47 21;
1027 2514 26 29 a
1058 2502 50 40 ff.
1144 2504 110 39 Feb.
1289 2504 81 45 14;
1409 2504 40 38 A
1483 2503 169 47 80527;
1688 2505 146 38 Amer.
1882 2503 186 40 council
2102 2504 54 39 of

222 2562 198 39 learned
451 2560 236 48 societies,
722 2561 334 47 Washington.

158 2664 197 67 Gates,
381 2666 205 64 Henry
613 2665 281 65 Leyford,
925 2670 171 50 1880-

229 2742 121 53 The
378 2741 296 69 caballero,
704 2762 32 33 a
765 2742 232 53 brother
1025 2749 58 46 to
1112 2742 154 55 “The
1297 2742 342 68 Spaniard”,
1668 2743 75 66 by
1773 2744 77 52 H.
1880 2744 64 52 L.
1977 2743 174 54 Gates

221 2820 1014 67 … New York, G. H. Watt, 1934.
231 2904 32 29 x
289 2904 58 38 p.,
376 2895 24 38 1
449 2924 24 18 l.,
502 2892 174 42 13-320
703 2904 43 37 p.
806 2892 56 41 19½
894 2895 43 22 cm
942 2924 10 9 .

163 2960 51 52 ©
247 2965 108 40 Jan.
390 2964 69 47 22,
494 2964 142 47 1934;
672 2964 65 41 2c.
775 2966 94 39 and
904 2964 83 41 aff.
1023 2966 119 38 Mar.
1180 2966 39 45 1,
1255 2964 141 47 1935;
1435 2965 43 38 A
1510 2964 170 47 80670;
1719 2964 183 46 George
1938 2964 216 40 Howard

225 3022 146 41 Watt.
443 3021 250 49 (35-3044)

232 3124 1917 69 Death counts five, by H. L. Gates … New York, G. H.
161 3202 161 56 Watt
395 3208 151 65 [c1934]

232 3290 84 41 251
346 3301 44 38 p.
449 3291 56 41 19
508 3294 44 21 cm
557 3324 9 10 .

166 3358 51 52 ©
253 3363 124 48 Sept.
411 3364 68 47 17,
513 3362 140 48 1934;
687 3363 66 41 2c.
787 3365 95 39 and
917 3363 81 41 aff.
1034 3365 119 38 Mar.
1189 3364 39 46 1,
1264 3361 140 48 1935;
1441 3363 43 41 A
1514 3361 169 48 80669;
1722 3361 183 46 George
1940 3361 215 40 Howard

226 3420 148 41 Watt
444 3420 250 48 (35-3045)

163 3521 315 68 Goodman,
506 3524 227 65 George
760 3526 65 55 F.

233 3598 292 56 Scattered
550 3604 202 63 leaves,
777 3602 74 66 by
876 3601 222 67 George
1122 3603 66 51 F.
1214 3601 299 55 Goodman;
1570 3600 189 52 edited
1785 3600 74 65 by
1883 3600 127 52 Eva
2036 3600 117 51 Zon

165 3672 203 56 Smith.
434 3678 232 66 Boston,
695 3678 238 54 Meador
961 3678 334 67 publishing
1323 3695 297 48 company,
1649 3679 151 50 1934.

231 3747 55 41 67
320 3759 45 38 p.
454 3749 29 41 19½
512 3751 45 22 cm
560 3781 10 9 .

234 3817 180 43 Poems.

169 3882 1985 57 © Dec. 14, 1934; 2c. and aff. Jan. 7, 1935; A 79031; Edward K. Meador, Boston. (35-3091)
