<alto xmlns="http://www.loc.gov/standards/alto/ns-v3#" xmlns:xlink="http://www.w3.org/1999/xlink" xmlns:xsi="http://www.w3.org/2001/XMLSchema-instance" xsi:schemaLocation="http://www.loc.gov/standards/alto/ns-v3# http://www.loc.gov/alto/v3/alto-3-0.xsd"><Description>
<MeasurementUnit>pixel</MeasurementUnit>
<sourceImageInformation>
<fileName>1935_v32_Part1.pdf</fileName>
</sourceImageInformation>
<OCRProcessing ID="IdOcr">
<ocrProcessingStep>
<processingDateTime>2019-01-15</processingDateTime>
<processingSoftware>
<softwareCreator>ABBYY</softwareCreator>
<softwareName>ABBYY Recognition Server</softwareName>
<softwareVersion>4.0</softwareVersion>
</processingSoftware>
</ocrProcessingStep>
</OCRProcessing>
</Description>
<Styles>
<ParagraphStyle ID="StyleId-FFFFFFFF-FFFF-FFFF-FFFF-FFFFFFFFFFFF-" ALIGN="Left" LEFT="0." RIGHT="0." FIRSTLINE="0."/>
<ParagraphStyle ID="StyleId-09A13A44-4F77-4ABE-84F3-84CC8B3C72CE-" ALIGN="Left" LEFT="0." RIGHT="0." FIRSTLINE="0." LINESPACE="7.699999809"/>
<ParagraphStyle ID="StyleId-1F945060-F8CD-4435-B69A-5FF49DB0C586-" ALIGN="Left" LEFT="0." RIGHT="0." FIRSTLINE="-10." LINESPACE="12.19999981"/>
<ParagraphStyle ID="StyleId-C6CAE747-F5A4-4D0D-8D74-D452DA7E2C1C-" ALIGN="Block" LEFT="0." RIGHT="0." FIRSTLINE="-14." LINESPACE="8.350000381"/>
<ParagraphStyle ID="StyleId-FC0F3374-189A-459E-BE29-2DC14180F022-" ALIGN="Left" LEFT="0." RIGHT="0." FIRSTLINE="0."/>
<ParagraphStyle ID="StyleId-49397C49-A894-4B3E-BA5E-1126226BA375-" ALIGN="Left" LEFT="0." RIGHT="0." FIRSTLINE="-12." LINESPACE="11.09000015"/>
<ParagraphStyle ID="StyleId-9E34DD3A-E661-48BD-A3A1-6A3D48346F00-" ALIGN="Block" LEFT="0." RIGHT="0." FIRSTLINE="-14." LINESPACE="11.09000015"/>
<ParagraphStyle ID="StyleId-56CE54AA-A08B-4BAA-8605-F26020A0E36E-" ALIGN="Left" LEFT="0." RIGHT="0." FIRSTLINE="0." LINESPACE="9.399999619"/>
<ParagraphStyle ID="StyleId-77814FFC-C42F-4AA9-9880-EF33B947DEC8-" ALIGN="Left" LEFT="0." RIGHT="0." FIRSTLINE="-11." LINESPACE="11.06999969"/>
<ParagraphStyle ID="StyleId-FDE92EC0-67DC-4C7B-8A24-094B12C38B6C-" ALIGN="Center" LEFT="0." RIGHT="0." FIRSTLINE="0." LINESPACE="11.30000019"/>
<ParagraphStyle ID="StyleId-65180E3B-4C93-4FB8-81EE-E026DD63DBF3-" ALIGN="Left" LEFT="0." RIGHT="0." FIRSTLINE="0." LINESPACE="11.10000038"/>
<ParagraphStyle ID="StyleId-10E885C2-5813-4620-B0AA-0FBA30CF7A32-" ALIGN="Left" LEFT="0." RIGHT="0." FIRSTLINE="0." LINESPACE="9.5"/>
<ParagraphStyle ID="StyleId-913C2DB5-9F02-4067-BAF7-0AED37B60BBE-" ALIGN="Left" LEFT="0." RIGHT="0." FIRSTLINE="0." LINESPACE="6.099999905"/>
<ParagraphStyle ID="StyleId-9C79A9D2-8F08-4A8F-985D-B00E253ED1E5-" ALIGN="Left" LEFT="0." RIGHT="0." FIRSTLINE="0." LINESPACE="4.400000095"/>
<ParagraphStyle ID="StyleId-A41F0407-FEFE-4738-9EC5-E05AFFF62781-" ALIGN="Left" LEFT="0." RIGHT="0." FIRSTLINE="0." LINESPACE="7.300000191"/>
<ParagraphStyle ID="StyleId-61D37176-94E8-408D-9B87-01C406CE8AB2-" ALIGN="Left" LEFT="0." RIGHT="0." FIRSTLINE="0." LINESPACE="8.050000191"/>
</Styles>
<Layout>
<Page ID="Page1094" PHYSICAL_IMG_NR="1094" HEIGHT="4375" WIDTH="2424">
<TopMargin HEIGHT="390" WIDTH="2424" VPOS="0" HPOS="0">
</TopMargin>
<LeftMargin HEIGHT="3622" WIDTH="258" VPOS="390" HPOS="0">
</LeftMargin>
<RightMargin HEIGHT="3622" WIDTH="136" VPOS="390" HPOS="2288">
</RightMargin>
<BottomMargin HEIGHT="363" WIDTH="2424" VPOS="4012" HPOS="0">
<TextBlock ID="Page1094_Block1" HEIGHT="155" WIDTH="432" VPOS="4017" HPOS="1086" LANG="en-US" STYLEREFS="StyleId-3471324B-DE1F-4DA6-BEA9-FBA958926D50-">
<TextLine HEIGHT="49" WIDTH="135" VPOS="4033" HPOS="1188">
<String CONTENT="1094" HEIGHT="49" WIDTH="135" VPOS="4033" HPOS="1188"/>
</TextLine>
</TextBlock>
</BottomMargin>
<PrintSpace HEIGHT="3622" WIDTH="2030" VPOS="390" HPOS="258">
<TextBlock ID="Page1094_Block2" HEIGHT="3622" WIDTH="2030" VPOS="390" HPOS="258" LANG="en-US" CS="1" STYLEREFS="StyleId-5549BB1B-CB1C-433D-AC14-2637D459456A-">
<TextLine HEIGHT="68" WIDTH="1246" VPOS="400" HPOS="288" STYLEREFS="StyleId-9E81341A-F6ED-4008-A7FC-DB5FB518B9B3-" CS="1">
<String CONTENT="Strong," HEIGHT="66" WIDTH="239" VPOS="400" HPOS="288"/>
<SP HEIGHT="63" WIDTH="25" VPOS="402" HPOS="528"/>
<String CONTENT="Leonard" HEIGHT="54" WIDTH="266" VPOS="402" HPOS="554"/>
<SP HEIGHT="52" WIDTH="29" VPOS="404" HPOS="821"/>
<String CONTENT="Alfred" HEIGHT="54" WIDTH="207" VPOS="403" HPOS="851"/>
<SP HEIGHT="55" WIDTH="28" VPOS="403" HPOS="1059"/>
<String CONTENT="George," HEIGHT="65" WIDTH="244" VPOS="403" HPOS="1088"/>
<SP HEIGHT="58" WIDTH="30" VPOS="410" HPOS="1333"/>
<String CS="1" CONTENT="1896-" HEIGHT="50" WIDTH="137" VPOS="409" HPOS="1397"/>
</TextLine>
<TextLine HEIGHT="68" WIDTH="1839" VPOS="479" HPOS="357" STYLEREFS="StyleId-9E81341A-F6ED-4008-A7FC-DB5FB518B9B3-" CS="1">
<String CONTENT="The" HEIGHT="53" WIDTH="121" VPOS="479" HPOS="357"/>
<SP HEIGHT="35" WIDTH="28" VPOS="498" HPOS="479"/>
<String CONTENT="seven" HEIGHT="35" WIDTH="166" VPOS="498" HPOS="508"/>
<SP HEIGHT="33" WIDTH="29" VPOS="499" HPOS="675"/>
<String CONTENT="arms," HEIGHT="48" WIDTH="167" VPOS="498" HPOS="705"/>
<SP HEIGHT="66" WIDTH="27" VPOS="480" HPOS="873"/>
<String CONTENT="by" HEIGHT="66" WIDTH="74" VPOS="480" HPOS="901"/>
<SP HEIGHT="65" WIDTH="27" VPOS="481" HPOS="976"/>
<String CONTENT="L." HEIGHT="52" WIDTH="65" VPOS="481" HPOS="1004"/>
<SP HEIGHT="52" WIDTH="30" VPOS="481" HPOS="1070"/>
<String CONTENT="A." HEIGHT="52" WIDTH="71" VPOS="481" HPOS="1101"/>
<SP HEIGHT="55" WIDTH="30" VPOS="481" HPOS="1173"/>
<String CONTENT="G." HEIGHT="55" WIDTH="70" VPOS="481" HPOS="1204"/>
<SP HEIGHT="55" WIDTH="29" VPOS="481" HPOS="1275"/>
<String CONTENT="Strong." HEIGHT="66" WIDTH="231" VPOS="481" HPOS="1305"/>
<SP HEIGHT="52" WIDTH="62" VPOS="482" HPOS="1537"/>
<String CONTENT="London," HEIGHT="65" WIDTH="257" VPOS="482" HPOS="1600"/>
<SP HEIGHT="62" WIDTH="30" VPOS="485" HPOS="1858"/>
<String CONTENT="V." HEIGHT="52" WIDTH="69" VPOS="485" HPOS="1889"/>
<SP HEIGHT="56" WIDTH="30" VPOS="482" HPOS="1959"/>
<String CS="1" CONTENT="Gollancz." HEIGHT="56" WIDTH="206" VPOS="482" HPOS="1990"/>
</TextLine>
<TextLine HEIGHT="65" WIDTH="308" VPOS="556" HPOS="286" STYLEREFS="StyleId-9E81341A-F6ED-4008-A7FC-DB5FB518B9B3-">
<String CONTENT="ltd.," HEIGHT="65" WIDTH="121" VPOS="556" HPOS="286"/>
<SP HEIGHT="61" WIDTH="36" VPOS="560" HPOS="408"/>
<String CONTENT="1935." HEIGHT="51" WIDTH="149" VPOS="559" HPOS="445"/>
</TextLine>
<TextLine HEIGHT="50" WIDTH="344" VPOS="640" HPOS="353">
<String CONTENT="365" HEIGHT="42" WIDTH="86" VPOS="640" HPOS="353"/>
<SP HEIGHT="47" WIDTH="34" VPOS="643" HPOS="440"/>
<String CONTENT="p." HEIGHT="38" WIDTH="45" VPOS="652" HPOS="475"/>
<SP HEIGHT="39" WIDTH="58" VPOS="642" HPOS="521"/>
<String CONTENT="19" HEIGHT="40" WIDTH="56" VPOS="641" HPOS="580"/>
<String STYLE="superscript" CONTENT="cm" HEIGHT="21" WIDTH="45" VPOS="643" HPOS="638"/>
<String CONTENT="." HEIGHT="10" WIDTH="10" VPOS="672" HPOS="687"/>
</TextLine>
<TextLine HEIGHT="57" WIDTH="1986" VPOS="708" HPOS="291">
<String CONTENT="&#169;" HEIGHT="52" WIDTH="52" VPOS="708" HPOS="291"/>
<SP HEIGHT="52" WIDTH="31" VPOS="708" HPOS="344"/>
<String CONTENT="1c." HEIGHT="39" WIDTH="66" VPOS="712" HPOS="376"/>
<SP HEIGHT="39" WIDTH="32" VPOS="712" HPOS="443"/>
<String CONTENT="July" HEIGHT="47" WIDTH="115" VPOS="712" HPOS="476"/>
<SP HEIGHT="48" WIDTH="28" VPOS="711" HPOS="592"/>
<String CONTENT="24," HEIGHT="47" WIDTH="70" VPOS="711" HPOS="621"/>
<SP HEIGHT="46" WIDTH="31" VPOS="712" HPOS="692"/>
<String CONTENT="1935;" HEIGHT="48" WIDTH="140" VPOS="710" HPOS="724"/>
<SP HEIGHT="47" WIDTH="32" VPOS="711" HPOS="865"/>
<!-- cceid 92140359-6D82-1014-B070-FDFD250A9EDA --><String CONTENT="A" HEIGHT="40" WIDTH="39" VPOS="711" HPOS="898"/>
<SP HEIGHT="40" WIDTH="32" VPOS="711" HPOS="938"/>
<String CONTENT="ad" HEIGHT="39" WIDTH="61" VPOS="712" HPOS="971"/>
<SP HEIGHT="41" WIDTH="29" VPOS="710" HPOS="1033"/>
<String CONTENT="int." HEIGHT="42" WIDTH="87" VPOS="710" HPOS="1063"/>
<SP HEIGHT="40" WIDTH="29" VPOS="712" HPOS="1151"/>
<String CONTENT="20425;" HEIGHT="46" WIDTH="170" VPOS="712" HPOS="1181"/>
<SP HEIGHT="38" WIDTH="33" VPOS="722" HPOS="1352"/>
<String CONTENT="pubd." HEIGHT="47" WIDTH="142" VPOS="713" HPOS="1386"/>
<SP HEIGHT="39" WIDTH="31" VPOS="714" HPOS="1529"/>
<String CONTENT="May" HEIGHT="47" WIDTH="113" VPOS="714" HPOS="1561"/>
<SP HEIGHT="48" WIDTH="30" VPOS="713" HPOS="1675"/>
<String CONTENT="27;" HEIGHT="47" WIDTH="83" VPOS="713" HPOS="1706"/>
<SP HEIGHT="45" WIDTH="36" VPOS="715" HPOS="1790"/>
<String CONTENT="L." HEIGHT="38" WIDTH="48" VPOS="715" HPOS="1827"/>
<SP HEIGHT="39" WIDTH="33" VPOS="715" HPOS="1876"/>
<String CONTENT="A." HEIGHT="39" WIDTH="51" VPOS="715" HPOS="1910"/>
<SP HEIGHT="39" WIDTH="36" VPOS="716" HPOS="1962"/>
<String CONTENT="G." HEIGHT="39" WIDTH="52" VPOS="716" HPOS="1999"/>
<SP HEIGHT="40" WIDTH="37" VPOS="715" HPOS="2052"/>
<String CONTENT="Strong," HEIGHT="50" WIDTH="187" VPOS="715" HPOS="2090"/>
</TextLine>
<TextLine HEIGHT="49" WIDTH="561" VPOS="767" HPOS="359">
<String CONTENT="London." HEIGHT="39" WIDTH="211" VPOS="769" HPOS="359"/>
<SP HEIGHT="48" WIDTH="69" VPOS="768" HPOS="571"/>
<String CONTENT="(35-12803)" HEIGHT="49" WIDTH="279" VPOS="767" HPOS="641"/>
</TextLine>
<TextLine HEIGHT="64" WIDTH="544" VPOS="886" HPOS="287" STYLEREFS="StyleId-0DBF09BD-5372-431B-ABA3-8F868CA2B780-">
<String CONTENT="Suarez," HEIGHT="64" WIDTH="236" VPOS="886" HPOS="287"/>
<SP HEIGHT="64" WIDTH="28" VPOS="886" HPOS="524"/>
<String CONTENT="Georges." HEIGHT="64" WIDTH="278" VPOS="886" HPOS="553"/>
</TextLine>
<TextLine HEIGHT="73" WIDTH="1835" VPOS="959" HPOS="419" STYLEREFS="StyleId-9E81341A-F6ED-4008-A7FC-DB5FB518B9B3-" LANG="fr" CS="1">
<String LANG="en-US" CS="1" CONTENT="&#8230;"/>
<SP HEIGHT="53" WIDTH="31" VPOS="962" HPOS="419"/>
<String CONTENT="Les" HEIGHT="55" WIDTH="106" VPOS="962" HPOS="451"/>
<SP HEIGHT="56" WIDTH="27" VPOS="961" HPOS="558"/>
<String CONTENT="heures" HEIGHT="54" WIDTH="198" VPOS="961" HPOS="586"/>
<SP HEIGHT="54" WIDTH="26" VPOS="961" HPOS="785"/>
<String CONTENT="h&#233;ro&#239;ques" HEIGHT="68" WIDTH="293" VPOS="961" HPOS="812"/>
<SP HEIGHT="52" WIDTH="27" VPOS="964" HPOS="1106"/>
<String CONTENT="du" HEIGHT="53" WIDTH="76" VPOS="964" HPOS="1134"/>
<SP HEIGHT="36" WIDTH="30" VPOS="981" HPOS="1211"/>
<String CONTENT="cartel." HEIGHT="54" WIDTH="189" VPOS="961" HPOS="1242"/>
<SP HEIGHT="53" WIDTH="73" VPOS="962" HPOS="1432"/>
<String CONTENT="Paris," HEIGHT="72" WIDTH="184" VPOS="959" HPOS="1506"/>
<SP HEIGHT="68" WIDTH="29" VPOS="963" HPOS="1691"/>
<String CONTENT="B." HEIGHT="51" WIDTH="64" VPOS="963" HPOS="1721"/>
<SP HEIGHT="54" WIDTH="32" VPOS="962" HPOS="1786"/>
<String CONTENT="Grasset" HEIGHT="54" WIDTH="231" VPOS="962" HPOS="1819"/>
<SP HEIGHT="62" WIDTH="30" VPOS="970" HPOS="2051"/>
<String CS="1" CONTENT="["/>
<String STYLE="superscript" CONTENT="c" HEIGHT="21" WIDTH="19" VPOS="971" HPOS="2100"/>
<String CS="1" CONTENT="193-4]" HEIGHT="48" WIDTH="129" VPOS="968" HPOS="2125"/>
</TextLine>
<TextLine HEIGHT="50" WIDTH="502" VPOS="1045" HPOS="354" STYLEREFS="StyleId-9E81341A-F6ED-4008-A7FC-DB5FB518B9B3-" LANG="fr" CS="1">
<String CONTENT="344" HEIGHT="41" WIDTH="86" VPOS="1045" HPOS="354"/>
<SP HEIGHT="47" WIDTH="30" VPOS="1048" HPOS="441"/>
<String CONTENT="p.," HEIGHT="38" WIDTH="57" VPOS="1057" HPOS="472"/>
<SP HEIGHT="49" WIDTH="32" VPOS="1046" HPOS="530"/>
<String CONTENT="2" HEIGHT="40" WIDTH="27" VPOS="1046" HPOS="563"/>
<SP HEIGHT="40" WIDTH="28" VPOS="1046" HPOS="591"/>
<String CS="1" CONTENT="l." HEIGHT="9" WIDTH="9" VPOS="1078" HPOS="641"/>
<SP HEIGHT="40" WIDTH="58" VPOS="1047" HPOS="651"/>
<String CS="1" CONTENT="18&#189;" HEIGHT="41" WIDTH="58" VPOS="1046" HPOS="710"/>
<String STYLE="superscript" CONTENT="cm" HEIGHT="21" WIDTH="43" VPOS="1049" HPOS="798"/>
<String CONTENT="." HEIGHT="9" WIDTH="9" VPOS="1078" HPOS="847"/>
</TextLine>
<TextLine HEIGHT="58" WIDTH="1989" VPOS="1121" HPOS="289" LANG="fr" CS="1">
<String CONTENT="&#169;" HEIGHT="52" WIDTH="52" VPOS="1127" HPOS="289"/>
<SP HEIGHT="52" WIDTH="24" VPOS="1127" HPOS="342"/>
<String LANG="en-US" CONTENT="July" HEIGHT="49" WIDTH="116" VPOS="1130" HPOS="367"/>
<SP HEIGHT="49" WIDTH="24" VPOS="1130" HPOS="484"/>
<String CONTENT="31," HEIGHT="47" WIDTH="70" VPOS="1130" HPOS="509"/>
<SP HEIGHT="46" WIDTH="24" VPOS="1131" HPOS="580"/>
<String CONTENT="1934;" HEIGHT="48" WIDTH="142" VPOS="1129" HPOS="605"/>
<SP/>
<String CS="1" CONTENT="1c."/>
<SP HEIGHT="39" WIDTH="27" VPOS="1131" HPOS="842"/>
<String CONTENT="May" HEIGHT="47" WIDTH="112" VPOS="1131" HPOS="870"/>
<SP HEIGHT="47" WIDTH="24" VPOS="1131" HPOS="983"/>
<String CONTENT="31," HEIGHT="48" WIDTH="70" VPOS="1130" HPOS="1008"/>
<SP HEIGHT="48" WIDTH="25" VPOS="1130" HPOS="1079"/>
<String CONTENT="1935;" HEIGHT="47" WIDTH="140" VPOS="1130" HPOS="1105"/>
<SP HEIGHT="47" WIDTH="25" VPOS="1130" HPOS="1246"/>
<!-- cceid 921476A5-6D82-1014-B070-FDFD250A9EDA --><String CONTENT="A-" HEIGHT="39" WIDTH="103" VPOS="1130" HPOS="1272"/>
<String LANG="en-US" CONTENT="Foreign" HEIGHT="49" WIDTH="207" VPOS="1130" HPOS="1377"/>
<SP HEIGHT="40" WIDTH="21" VPOS="1130" HPOS="1585"/>
<String CONTENT="28019;" HEIGHT="48" WIDTH="171" VPOS="1130" HPOS="1607"/>
<SP HEIGHT="57" WIDTH="28" VPOS="1121" HPOS="1779"/>
<String CONTENT="&#201;ditions" HEIGHT="52" WIDTH="223" VPOS="1121" HPOS="1808"/>
<SP HEIGHT="40" WIDTH="27" VPOS="1133" HPOS="2032"/>
<String CONTENT="Bernard" HEIGHT="41" WIDTH="218" VPOS="1133" HPOS="2060"/>
</TextLine>
<TextLine HEIGHT="49" WIDTH="564" VPOS="1185" HPOS="357" LANG="fr">
<String CONTENT="Grasset." HEIGHT="41" WIDTH="213" VPOS="1185" HPOS="357"/>
<SP HEIGHT="48" WIDTH="69" VPOS="1186" HPOS="571"/>
<String CONTENT="(35-12607)" HEIGHT="48" WIDTH="280" VPOS="1186" HPOS="641"/>
</TextLine>
<TextLine HEIGHT="66" WIDTH="765" VPOS="1301" HPOS="284" STYLEREFS="StyleId-0DBF09BD-5372-431B-ABA3-8F868CA2B780-" LANG="fr">
<String CONTENT="Sutherland," HEIGHT="66" WIDTH="377" VPOS="1301" HPOS="284"/>
<SP HEIGHT="63" WIDTH="27" VPOS="1304" HPOS="662"/>
<String CONTENT="May," HEIGHT="63" WIDTH="157" VPOS="1304" HPOS="690"/>
<SP HEIGHT="59" WIDTH="29" VPOS="1308" HPOS="848"/>
<String CONTENT="1897-" HEIGHT="53" WIDTH="171" VPOS="1305" HPOS="878"/>
</TextLine>
<TextLine HEIGHT="145" WIDTH="1966" VPOS="1378" HPOS="280" STYLEREFS="StyleId-9E81341A-F6ED-4008-A7FC-DB5FB518B9B3-" CS="1">
<String LANG="fr" CONTENT="Out" HEIGHT="55" WIDTH="120" VPOS="1378" HPOS="352"/>
<SP HEIGHT="48" WIDTH="32" VPOS="1385" HPOS="473"/>
<String LANG="en-US" CONTENT="of" HEIGHT="54" WIDTH="63" VPOS="1379" HPOS="506"/>
<SP HEIGHT="53" WIDTH="33" VPOS="1379" HPOS="570"/>
<String LANG="en-US" CONTENT="this" HEIGHT="53" WIDTH="115" VPOS="1379" HPOS="604"/>
<SP HEIGHT="35" WIDTH="33" VPOS="1398" HPOS="720"/>
<String LANG="fr" CONTENT="chaos," HEIGHT="67" WIDTH="184" VPOS="1380" HPOS="754"/>
<SP HEIGHT="67" WIDTH="33" VPOS="1380" HPOS="939"/>
<String LANG="en-US" CONTENT="by" HEIGHT="67" WIDTH="74" VPOS="1380" HPOS="973"/>
<SP HEIGHT="67" WIDTH="33" VPOS="1380" HPOS="1048"/>
<String LANG="fr" CONTENT="May" HEIGHT="68" WIDTH="141" VPOS="1380" HPOS="1082"/>
<SP HEIGHT="69" WIDTH="34" VPOS="1379" HPOS="1224"/>
<String LANG="fr" CONTENT="Sutherland." HEIGHT="56" WIDTH="367" VPOS="1379" HPOS="1259"/>
<SP HEIGHT="52" WIDTH="69" VPOS="1381" HPOS="1627"/>
<String LANG="fr" CONTENT="London," HEIGHT="65" WIDTH="257" VPOS="1381" HPOS="1697"/>
<SP HEIGHT="65" WIDTH="34" VPOS="1381" HPOS="1955"/>
<String LANG="en-US" CONTENT="Hutchinson" HEIGHT="130" WIDTH="1966" VPOS="1380" HPOS="280"/>
<SP HEIGHT="50" WIDTH="26" VPOS="1460" HPOS="380"/>
<String LANG="fr" CONTENT="&amp;" HEIGHT="50" WIDTH="45" VPOS="1460" HPOS="407"/>
<SP HEIGHT="50" WIDTH="24" VPOS="1460" HPOS="453"/>
<String LANG="fr" CONTENT="co.," HEIGHT="47" WIDTH="97" VPOS="1476" HPOS="478"/>
<SP HEIGHT="64" WIDTH="26" VPOS="1459" HPOS="576"/>
<String LANG="en-US" CONTENT="ltd." HEIGHT="53" WIDTH="103" VPOS="1458" HPOS="603"/>
<SP HEIGHT="33" WIDTH="31" VPOS="1490" HPOS="707"/>
<String LANG="en-US" CONTENT="[1935]" HEIGHT="63" WIDTH="173" VPOS="1460" HPOS="739"/>
</TextLine>
<TextLine HEIGHT="51" WIDTH="365" VPOS="1540" HPOS="349" CS="1">
<String CONTENT="288" HEIGHT="42" WIDTH="86" VPOS="1540" HPOS="349"/>
<SP HEIGHT="50" WIDTH="28" VPOS="1541" HPOS="436"/>
<String LANG="fr" CONTENT="p." HEIGHT="38" WIDTH="44" VPOS="1553" HPOS="465"/>
<SP HEIGHT="39" WIDTH="58" VPOS="1542" HPOS="510"/>
<String CS="1" CONTENT="19&#189;" HEIGHT="42" WIDTH="57" VPOS="1540" HPOS="569"/>
<String STYLE="superscript" CONTENT="cm" HEIGHT="22" WIDTH="44" VPOS="1543" HPOS="656"/>
<String CONTENT="." HEIGHT="10" WIDTH="10" VPOS="1572" HPOS="704"/>
</TextLine>
<TextLine HEIGHT="51" WIDTH="1987" VPOS="1610" HPOS="286" CS="1">
<String CONTENT="&#169;" HEIGHT="51" WIDTH="52" VPOS="1610" HPOS="286"/>
<SP/>
<String CS="1" CONTENT="1c."/>
<SP HEIGHT="38" WIDTH="32" VPOS="1614" HPOS="436"/>
<String CONTENT="June" HEIGHT="38" WIDTH="129" VPOS="1614" HPOS="469"/>
<SP HEIGHT="38" WIDTH="25" VPOS="1614" HPOS="599"/>
<String CONTENT="13," HEIGHT="44" WIDTH="69" VPOS="1614" HPOS="625"/>
<SP HEIGHT="44" WIDTH="30" VPOS="1614" HPOS="695"/>
<String CONTENT="1935;" HEIGHT="45" WIDTH="140" VPOS="1613" HPOS="726"/>
<SP HEIGHT="45" WIDTH="32" VPOS="1613" HPOS="867"/>
<!-- cceid 9214E1B6-6D82-1014-B070-FDFD250A9EDA --><String CONTENT="A" HEIGHT="38" WIDTH="41" VPOS="1613" HPOS="900"/>
<SP HEIGHT="39" WIDTH="30" VPOS="1613" HPOS="942"/>
<String CONTENT="ad" HEIGHT="38" WIDTH="63" VPOS="1614" HPOS="973"/>
<SP HEIGHT="40" WIDTH="29" VPOS="1612" HPOS="1037"/>
<String CONTENT="int." HEIGHT="40" WIDTH="85" VPOS="1612" HPOS="1067"/>
<SP HEIGHT="40" WIDTH="29" VPOS="1612" HPOS="1153"/>
<String CONTENT="20467;" HEIGHT="47" WIDTH="171" VPOS="1612" HPOS="1183"/>
<SP HEIGHT="37" WIDTH="32" VPOS="1624" HPOS="1355"/>
<String CONTENT="pubd." HEIGHT="47" WIDTH="141" VPOS="1614" HPOS="1388"/>
<SP HEIGHT="38" WIDTH="33" VPOS="1614" HPOS="1530"/>
<String CONTENT="Apr." HEIGHT="46" WIDTH="111" VPOS="1614" HPOS="1564"/>
<SP HEIGHT="39" WIDTH="34" VPOS="1614" HPOS="1676"/>
<String CONTENT="15;" HEIGHT="45" WIDTH="81" VPOS="1614" HPOS="1711"/>
<SP HEIGHT="44" WIDTH="36" VPOS="1615" HPOS="1793"/>
<String CONTENT="May" HEIGHT="46" WIDTH="113" VPOS="1615" HPOS="1830"/>
<SP HEIGHT="46" WIDTH="35" VPOS="1615" HPOS="1944"/>
<String CONTENT="Sutherland" HEIGHT="39" WIDTH="293" VPOS="1615" HPOS="1980"/>
</TextLine>
<TextLine HEIGHT="50" WIDTH="789" VPOS="1667" HPOS="355">
<String CONTENT="Wilson," HEIGHT="48" WIDTH="198" VPOS="1669" HPOS="355"/>
<SP HEIGHT="48" WIDTH="27" VPOS="1669" HPOS="554"/>
<String CONTENT="London." HEIGHT="40" WIDTH="211" VPOS="1669" HPOS="582"/>
<SP HEIGHT="48" WIDTH="70" VPOS="1668" HPOS="794"/>
<String CONTENT="(35-12790)" HEIGHT="49" WIDTH="279" VPOS="1667" HPOS="865"/>
</TextLine>
<TextLine HEIGHT="66" WIDTH="834" VPOS="1787" HPOS="281" STYLEREFS="StyleId-0DBF09BD-5372-431B-ABA3-8F868CA2B780-">
<String CONTENT="Tangerman," HEIGHT="64" WIDTH="391" VPOS="1788" HPOS="281"/>
<SP HEIGHT="62" WIDTH="30" VPOS="1790" HPOS="673"/>
<String CONTENT="Elmer" HEIGHT="54" WIDTH="200" VPOS="1787" HPOS="704"/>
<SP HEIGHT="54" WIDTH="23" VPOS="1788" HPOS="905"/>
<String CONTENT="J.," HEIGHT="65" WIDTH="72" VPOS="1788" HPOS="929"/>
<SP HEIGHT="47" WIDTH="28" VPOS="1806" HPOS="1002"/>
<String CONTENT="ed." HEIGHT="52" WIDTH="84" VPOS="1789" HPOS="1031"/>
</TextLine>
<TextLine HEIGHT="148" WIDTH="1992" VPOS="1863" HPOS="275" STYLEREFS="StyleId-9E81341A-F6ED-4008-A7FC-DB5FB518B9B3-" CS="1">
<String CONTENT="Power" HEIGHT="52" WIDTH="201" VPOS="1866" HPOS="346"/>
<SP HEIGHT="35" WIDTH="31" VPOS="1882" HPOS="548"/>
<String CONTENT="operator&#8217;s" HEIGHT="68" WIDTH="309" VPOS="1864" HPOS="580"/>
<SP HEIGHT="51" WIDTH="32" VPOS="1883" HPOS="890"/>
<String CONTENT="guide" HEIGHT="71" WIDTH="173" VPOS="1863" HPOS="923"/>
<SP HEIGHT="34" WIDTH="32" VPOS="1883" HPOS="1097"/>
<String CONTENT="&lt;1001" HEIGHT="50" WIDTH="169" VPOS="1867" HPOS="1130"/>
<SP HEIGHT="65" WIDTH="37" VPOS="1867" HPOS="1300"/>
<String CONTENT="practical" HEIGHT="69" WIDTH="275" VPOS="1863" HPOS="1338"/>
<SP HEIGHT="52" WIDTH="31" VPOS="1864" HPOS="1614"/>
<String CONTENT="helps&gt;" HEIGHT="67" WIDTH="198" VPOS="1863" HPOS="1646"/>
<SP HEIGHT="67" WIDTH="66" VPOS="1863" HPOS="1845"/>
<String CONTENT="A" HEIGHT="53" WIDTH="55" VPOS="1863" HPOS="1912"/>
<SP HEIGHT="54" WIDTH="33" VPOS="1863" HPOS="1968"/>
<String CONTENT="compilation" HEIGHT="133" WIDTH="1972" VPOS="1863" HPOS="275"/>
<SP HEIGHT="35" WIDTH="33" VPOS="1961" HPOS="399"/>
<String CONTENT="of" HEIGHT="54" WIDTH="65" VPOS="1942" HPOS="433"/>
<SP HEIGHT="53" WIDTH="32" VPOS="1942" HPOS="499"/>
<String CONTENT="ideas," HEIGHT="67" WIDTH="174" VPOS="1943" HPOS="532"/>
<SP HEIGHT="49" WIDTH="33" VPOS="1961" HPOS="707"/>
<String CONTENT="methods," HEIGHT="69" WIDTH="277" VPOS="1941" HPOS="741"/>
<SP HEIGHT="48" WIDTH="33" VPOS="1962" HPOS="1019"/>
<String CONTENT="and" HEIGHT="52" WIDTH="111" VPOS="1943" HPOS="1053"/>
<SP HEIGHT="53" WIDTH="36" VPOS="1943" HPOS="1165"/>
<String CONTENT="tools" HEIGHT="54" WIDTH="144" VPOS="1942" HPOS="1202"/>
<SP HEIGHT="55" WIDTH="37" VPOS="1941" HPOS="1347"/>
<String CONTENT="for" HEIGHT="55" WIDTH="93" VPOS="1941" HPOS="1385"/>
<SP HEIGHT="35" WIDTH="34" VPOS="1961" HPOS="1479"/>
<String CONTENT="saving" HEIGHT="71" WIDTH="205" VPOS="1940" HPOS="1514"/>
<SP HEIGHT="62" WIDTH="34" VPOS="1949" HPOS="1720"/>
<String CONTENT="time," HEIGHT="69" WIDTH="153" VPOS="1942" HPOS="1755"/>
<SP HEIGHT="69" WIDTH="35" VPOS="1942" HPOS="1909"/>
<String CONTENT="labor," HEIGHT="69" WIDTH="177" VPOS="1941" HPOS="1945"/>
<SP HEIGHT="47" WIDTH="35" VPOS="1963" HPOS="2123"/>
<String CONTENT="and" HEIGHT="55" WIDTH="108" VPOS="1941" HPOS="2159"/>
</TextLine>
<TextLine HEIGHT="71" WIDTH="1999" VPOS="2018" HPOS="270" STYLEREFS="StyleId-9E81341A-F6ED-4008-A7FC-DB5FB518B9B3-">
<String CONTENT="money" HEIGHT="51" WIDTH="203" VPOS="2038" HPOS="270"/>
<SP HEIGHT="68" WIDTH="23" VPOS="2021" HPOS="474"/>
<String CONTENT="in" HEIGHT="52" WIDTH="59" VPOS="2021" HPOS="498"/>
<SP HEIGHT="48" WIDTH="26" VPOS="2025" HPOS="558"/>
<String CONTENT="the" HEIGHT="54" WIDTH="96" VPOS="2020" HPOS="585"/>
<SP HEIGHT="50" WIDTH="24" VPOS="2038" HPOS="682"/>
<String CONTENT="power" HEIGHT="50" WIDTH="189" VPOS="2038" HPOS="707"/>
<SP HEIGHT="49" WIDTH="23" VPOS="2039" HPOS="897"/>
<String CONTENT="plant" HEIGHT="69" WIDTH="165" VPOS="2019" HPOS="921"/>
<SP HEIGHT="49" WIDTH="25" VPOS="2025" HPOS="1087"/>
<String CONTENT="and" HEIGHT="53" WIDTH="111" VPOS="2021" HPOS="1113"/>
<SP HEIGHT="52" WIDTH="27" VPOS="2021" HPOS="1225"/>
<String CONTENT="along" HEIGHT="69" WIDTH="171" VPOS="2020" HPOS="1253"/>
<SP HEIGHT="63" WIDTH="24" VPOS="2026" HPOS="1425"/>
<String CONTENT="the" HEIGHT="54" WIDTH="96" VPOS="2020" HPOS="1450"/>
<SP HEIGHT="53" WIDTH="23" VPOS="2020" HPOS="1547"/>
<String CONTENT="line" HEIGHT="55" WIDTH="115" VPOS="2018" HPOS="1571"/>
<SP HEIGHT="36" WIDTH="22" VPOS="2038" HPOS="1687"/>
<String CONTENT="of" HEIGHT="55" WIDTH="65" VPOS="2019" HPOS="1710"/>
<SP HEIGHT="69" WIDTH="24" VPOS="2019" HPOS="1776"/>
<String CONTENT="power" HEIGHT="51" WIDTH="190" VPOS="2037" HPOS="1801"/>
<SP HEIGHT="36" WIDTH="23" VPOS="2040" HPOS="1992"/>
<String CONTENT="services," HEIGHT="69" WIDTH="253" VPOS="2019" HPOS="2016"/>
</TextLine>
<TextLine HEIGHT="69" WIDTH="1996" VPOS="2098" HPOS="270" STYLEREFS="StyleId-9E81341A-F6ED-4008-A7FC-DB5FB518B9B3-" CS="1">
<String CONTENT="compiled" HEIGHT="69" WIDTH="283" VPOS="2098" HPOS="270"/>
<SP HEIGHT="53" WIDTH="40" VPOS="2099" HPOS="554"/>
<String CONTENT="and" HEIGHT="52" WIDTH="111" VPOS="2099" HPOS="595"/>
<SP HEIGHT="53" WIDTH="42" VPOS="2099" HPOS="707"/>
<String CONTENT="edited" HEIGHT="54" WIDTH="188" VPOS="2098" HPOS="750"/>
<SP HEIGHT="54" WIDTH="38" VPOS="2098" HPOS="939"/>
<String CONTENT="by" HEIGHT="69" WIDTH="75" VPOS="2098" HPOS="978"/>
<SP HEIGHT="68" WIDTH="39" VPOS="2099" HPOS="1054"/>
<String CONTENT="E." HEIGHT="52" WIDTH="67" VPOS="2099" HPOS="1094"/>
<SP HEIGHT="53" WIDTH="40" VPOS="2099" HPOS="1162"/>
<String CONTENT="J." HEIGHT="53" WIDTH="57" VPOS="2099" HPOS="1203"/>
<SP HEIGHT="51" WIDTH="40" VPOS="2099" HPOS="1261"/>
<String CONTENT="Tangerman" HEIGHT="67" WIDTH="361" VPOS="2099" HPOS="1302"/>
<SP HEIGHT="33" WIDTH="45" VPOS="2118" HPOS="1664"/>
<String CS="1" CONTENT="&#8230;"/>
<SP HEIGHT="50" WIDTH="79" VPOS="2100" HPOS="1768"/>
<String CONTENT="1st" HEIGHT="51" WIDTH="82" VPOS="2100" HPOS="1848"/>
<SP HEIGHT="49" WIDTH="41" VPOS="2103" HPOS="1931"/>
<String CONTENT="ed." HEIGHT="54" WIDTH="84" VPOS="2098" HPOS="1973"/>
<SP HEIGHT="52" WIDTH="73" VPOS="2099" HPOS="2058"/>
<String CONTENT="New" HEIGHT="52" WIDTH="134" VPOS="2099" HPOS="2132"/>
</TextLine>
<TextLine HEIGHT="69" WIDTH="1755" VPOS="2175" HPOS="271" STYLEREFS="StyleId-9E81341A-F6ED-4008-A7FC-DB5FB518B9B3-">
<String CONTENT="York" HEIGHT="54" WIDTH="163" VPOS="2176" HPOS="271"/>
<SP HEIGHT="54" WIDTH="34" VPOS="2176" HPOS="435"/>
<String CONTENT="and" HEIGHT="52" WIDTH="112" VPOS="2178" HPOS="470"/>
<SP HEIGHT="53" WIDTH="36" VPOS="2177" HPOS="583"/>
<String CONTENT="London," HEIGHT="67" WIDTH="258" VPOS="2177" HPOS="620"/>
<SP HEIGHT="67" WIDTH="33" VPOS="2177" HPOS="879"/>
<String CONTENT="McGraw-Hill" HEIGHT="56" WIDTH="429" VPOS="2175" HPOS="913"/>
<SP HEIGHT="52" WIDTH="35" VPOS="2177" HPOS="1343"/>
<String CONTENT="company," HEIGHT="51" WIDTH="298" VPOS="2193" HPOS="1379"/>
<SP HEIGHT="67" WIDTH="33" VPOS="2177" HPOS="1678"/>
<String CONTENT="inc.," HEIGHT="67" WIDTH="127" VPOS="2177" HPOS="1712"/>
<SP HEIGHT="64" WIDTH="38" VPOS="2180" HPOS="1840"/>
<String CONTENT="1935." HEIGHT="50" WIDTH="147" VPOS="2178" HPOS="1879"/>
</TextLine>
<TextLine HEIGHT="51" WIDTH="873" VPOS="2262" HPOS="341" STYLEREFS="StyleId-9E81341A-F6ED-4008-A7FC-DB5FB518B9B3-">
<String CONTENT="viii," HEIGHT="50" WIDTH="101" VPOS="2263" HPOS="341"/>
<SP HEIGHT="50" WIDTH="27" VPOS="2263" HPOS="443"/>
<String CONTENT="568" HEIGHT="41" WIDTH="88" VPOS="2263" HPOS="471"/>
<SP HEIGHT="49" WIDTH="22" VPOS="2263" HPOS="560"/>
<String CONTENT="p." HEIGHT="38" WIDTH="43" VPOS="2274" HPOS="583"/>
<SP HEIGHT="41" WIDTH="58" VPOS="2262" HPOS="627"/>
<String CONTENT="illus.," HEIGHT="50" WIDTH="144" VPOS="2262" HPOS="686"/>
<SP HEIGHT="47" WIDTH="28" VPOS="2265" HPOS="831"/>
<String CONTENT="diagrs." HEIGHT="50" WIDTH="178" VPOS="2262" HPOS="860"/>
<SP HEIGHT="42" WIDTH="58" VPOS="2262" HPOS="1039"/>
<String CONTENT="23" HEIGHT="43" WIDTH="56" VPOS="2262" HPOS="1098"/>
<String STYLE="superscript" CONTENT="cm" HEIGHT="21" WIDTH="45" VPOS="2266" HPOS="1156"/>
<String CONTENT="." HEIGHT="9" WIDTH="9" VPOS="2295" HPOS="1205"/>
</TextLine>
<TextLine HEIGHT="50" WIDTH="1926" VPOS="2333" HPOS="341">
<String CONTENT="A" HEIGHT="41" WIDTH="42" VPOS="2333" HPOS="341"/>
<SP HEIGHT="41" WIDTH="27" VPOS="2333" HPOS="384"/>
<String CONTENT="selection" HEIGHT="42" WIDTH="231" VPOS="2333" HPOS="412"/>
<SP HEIGHT="30" WIDTH="30" VPOS="2345" HPOS="644"/>
<String CONTENT="of" HEIGHT="42" WIDTH="52" VPOS="2333" HPOS="675"/>
<SP HEIGHT="40" WIDTH="29" VPOS="2333" HPOS="728"/>
<String CONTENT="items" HEIGHT="41" WIDTH="142" VPOS="2333" HPOS="758"/>
<SP HEIGHT="30" WIDTH="29" VPOS="2344" HPOS="901"/>
<String CONTENT="which" HEIGHT="41" WIDTH="158" VPOS="2333" HPOS="931"/>
<SP HEIGHT="39" WIDTH="30" VPOS="2335" HPOS="1090"/>
<String CONTENT="appeared" HEIGHT="48" WIDTH="241" VPOS="2335" HPOS="1121"/>
<SP HEIGHT="41" WIDTH="32" VPOS="2333" HPOS="1363"/>
<String CONTENT="in" HEIGHT="41" WIDTH="50" VPOS="2333" HPOS="1396"/>
<SP HEIGHT="39" WIDTH="29" VPOS="2334" HPOS="1447"/>
<String CONTENT="Power" HEIGHT="40" WIDTH="169" VPOS="2334" HPOS="1477"/>
<SP HEIGHT="41" WIDTH="29" VPOS="2333" HPOS="1647"/>
<String CONTENT="for" HEIGHT="41" WIDTH="79" VPOS="2333" HPOS="1677"/>
<SP HEIGHT="39" WIDTH="29" VPOS="2336" HPOS="1757"/>
<String CONTENT="the" HEIGHT="42" WIDTH="81" VPOS="2333" HPOS="1787"/>
<SP HEIGHT="39" WIDTH="31" VPOS="2343" HPOS="1869"/>
<String CONTENT="years" HEIGHT="40" WIDTH="141" VPOS="2342" HPOS="1901"/>
<SP HEIGHT="40" WIDTH="29" VPOS="2334" HPOS="2043"/>
<String CONTENT="1928" HEIGHT="42" WIDTH="115" VPOS="2333" HPOS="2073"/>
<SP HEIGHT="41" WIDTH="29" VPOS="2334" HPOS="2189"/>
<String CONTENT="to" HEIGHT="40" WIDTH="48" VPOS="2336" HPOS="2219"/>
</TextLine>
<TextLine HEIGHT="49" WIDTH="415" VPOS="2389" HPOS="270">
<String CONTENT="1934." HEIGHT="42" WIDTH="127" VPOS="2389" HPOS="270"/>
<SP HEIGHT="31" WIDTH="59" VPOS="2399" HPOS="398"/>
<String CONTENT="cf." HEIGHT="49" WIDTH="63" VPOS="2389" HPOS="458"/>
<SP HEIGHT="42" WIDTH="31" VPOS="2389" HPOS="522"/>
<String CONTENT="Pref." HEIGHT="42" WIDTH="131" VPOS="2389" HPOS="554"/>
</TextLine>
<TextLine HEIGHT="52" WIDTH="1984" VPOS="2458" HPOS="281" CS="1">
<String CONTENT="&#169;" HEIGHT="52" WIDTH="52" VPOS="2458" HPOS="281"/>
<SP HEIGHT="52" WIDTH="23" VPOS="2458" HPOS="334"/>
<String CONTENT="July" HEIGHT="47" WIDTH="118" VPOS="2462" HPOS="358"/>
<SP HEIGHT="47" WIDTH="19" VPOS="2462" HPOS="477"/>
<String CONTENT="8," HEIGHT="48" WIDTH="38" VPOS="2462" HPOS="497"/>
<SP HEIGHT="48" WIDTH="24" VPOS="2462" HPOS="536"/>
<String CONTENT="1935;" HEIGHT="49" WIDTH="141" VPOS="2459" HPOS="561"/>
<SP HEIGHT="48" WIDTH="24" VPOS="2460" HPOS="703"/>
<String CONTENT="2c." HEIGHT="42" WIDTH="67" VPOS="2460" HPOS="728"/>
<SP HEIGHT="39" WIDTH="24" VPOS="2462" HPOS="796"/>
<String CONTENT="July" HEIGHT="47" WIDTH="115" VPOS="2462" HPOS="821"/>
<SP HEIGHT="48" WIDTH="23" VPOS="2461" HPOS="937"/>
<String CONTENT="6;" HEIGHT="47" WIDTH="52" VPOS="2461" HPOS="961"/>
<SP HEIGHT="36" WIDTH="28" VPOS="2472" HPOS="1014"/>
<String CONTENT="aff." HEIGHT="40" WIDTH="82" VPOS="2461" HPOS="1043"/>
<SP HEIGHT="39" WIDTH="23" VPOS="2462" HPOS="1126"/>
<String CONTENT="July" HEIGHT="47" WIDTH="116" VPOS="2462" HPOS="1150"/>
<SP HEIGHT="47" WIDTH="22" VPOS="2462" HPOS="1267"/>
<String CS="1" CONTENT="12;" HEIGHT="39" WIDTH="54" VPOS="2461" HPOS="1290"/>
<SP HEIGHT="46" WIDTH="23" VPOS="2462" HPOS="1372"/>
<!-- cceid 92154458-6D82-1014-B070-FDFD250A9EDA --><String CONTENT="A" HEIGHT="38" WIDTH="42" VPOS="2462" HPOS="1396"/>
<SP HEIGHT="40" WIDTH="22" VPOS="2461" HPOS="1439"/>
<String CS="1" CONTENT="85010;" HEIGHT="40" WIDTH="143" VPOS="2461" HPOS="1462"/>
<SP HEIGHT="45" WIDTH="28" VPOS="2463" HPOS="1632"/>
<String CONTENT="McGraw-Hill" HEIGHT="41" WIDTH="350" VPOS="2461" HPOS="1661"/>
<SP HEIGHT="39" WIDTH="23" VPOS="2463" HPOS="2012"/>
<String CONTENT="book" HEIGHT="39" WIDTH="123" VPOS="2463" HPOS="2036"/>
<SP HEIGHT="39" WIDTH="23" VPOS="2464" HPOS="2160"/>
<String CONTENT="co.," HEIGHT="36" WIDTH="81" VPOS="2473" HPOS="2184"/>
</TextLine>
<TextLine HEIGHT="49" WIDTH="441" VPOS="2518" HPOS="348" CS="1">
<String CONTENT="inc." HEIGHT="40" WIDTH="90" VPOS="2518" HPOS="348"/>
<SP HEIGHT="47" WIDTH="69" VPOS="2518" HPOS="439"/>
<String CONTENT="(35-12817)" HEIGHT="49" WIDTH="280" VPOS="2518" HPOS="509"/>
<SP/>
</TextLine>
<TextLine HEIGHT="67" WIDTH="881" VPOS="2620" HPOS="271" STYLEREFS="StyleId-1455D602-13FF-4BC1-9A43-ADF668FD42C2-">
<String CONTENT="Texas." HEIGHT="55" WIDTH="210" VPOS="2620" HPOS="271"/>
<SP HEIGHT="52" WIDTH="73" VPOS="2623" HPOS="482"/>
<String CONTENT="Laws," HEIGHT="64" WIDTH="182" VPOS="2623" HPOS="556"/>
<SP HEIGHT="47" WIDTH="27" VPOS="2640" HPOS="739"/>
<String CONTENT="statutes," HEIGHT="50" WIDTH="255" VPOS="2628" HPOS="767"/>
<SP HEIGHT="37" WIDTH="28" VPOS="2641" HPOS="1023"/>
<String CONTENT="etc." HEIGHT="47" WIDTH="100" VPOS="2629" HPOS="1052"/>
</TextLine>
<TextLine HEIGHT="54" WIDTH="1921" VPOS="2696" HPOS="344" STYLEREFS="StyleId-9E81341A-F6ED-4008-A7FC-DB5FB518B9B3-">
<String CONTENT="Vernon&#8217;s" HEIGHT="54" WIDTH="275" VPOS="2696" HPOS="344"/>
<SP HEIGHT="33" WIDTH="44" VPOS="2716" HPOS="620"/>
<String CONTENT="annotated" HEIGHT="52" WIDTH="302" VPOS="2698" HPOS="665"/>
<SP HEIGHT="50" WIDTH="46" VPOS="2698" HPOS="968"/>
<String CONTENT="Revised" HEIGHT="52" WIDTH="241" VPOS="2698" HPOS="1015"/>
<SP HEIGHT="50" WIDTH="44" VPOS="2699" HPOS="1257"/>
<String CONTENT="civil" HEIGHT="51" WIDTH="133" VPOS="2698" HPOS="1302"/>
<SP HEIGHT="51" WIDTH="44" VPOS="2699" HPOS="1436"/>
<String CONTENT="statutes" HEIGHT="49" WIDTH="237" VPOS="2701" HPOS="1481"/>
<SP HEIGHT="35" WIDTH="43" VPOS="2714" HPOS="1719"/>
<String CONTENT="of" HEIGHT="52" WIDTH="64" VPOS="2696" HPOS="1763"/>
<SP HEIGHT="53" WIDTH="43" VPOS="2696" HPOS="1828"/>
<String CONTENT="the" HEIGHT="52" WIDTH="95" VPOS="2697" HPOS="1872"/>
<SP HEIGHT="33" WIDTH="45" VPOS="2716" HPOS="1968"/>
<String CONTENT="state" HEIGHT="48" WIDTH="142" VPOS="2702" HPOS="2014"/>
<SP HEIGHT="34" WIDTH="44" VPOS="2716" HPOS="2157"/>
<String CONTENT="of" HEIGHT="54" WIDTH="63" VPOS="2696" HPOS="2202"/>
</TextLine>
<TextLine HEIGHT="71" WIDTH="1989" VPOS="2772" HPOS="275" STYLEREFS="StyleId-9E81341A-F6ED-4008-A7FC-DB5FB518B9B3-">
<String CONTENT="Texas," HEIGHT="70" WIDTH="200" VPOS="2773" HPOS="275"/>
<SP HEIGHT="51" WIDTH="33" VPOS="2792" HPOS="476"/>
<String CONTENT="revision" HEIGHT="53" WIDTH="242" VPOS="2773" HPOS="510"/>
<SP HEIGHT="35" WIDTH="37" VPOS="2791" HPOS="753"/>
<String CONTENT="of" HEIGHT="53" WIDTH="62" VPOS="2773" HPOS="791"/>
<SP HEIGHT="53" WIDTH="33" VPOS="2773" HPOS="854"/>
<String CONTENT="1925," HEIGHT="67" WIDTH="151" VPOS="2776" HPOS="888"/>
<SP HEIGHT="67" WIDTH="32" VPOS="2776" HPOS="1040"/>
<String CONTENT="including" HEIGHT="69" WIDTH="297" VPOS="2772" HPOS="1073"/>
<SP HEIGHT="50" WIDTH="33" VPOS="2791" HPOS="1371"/>
<String CONTENT="subsequent" HEIGHT="68" WIDTH="333" VPOS="2772" HPOS="1405"/>
<SP HEIGHT="51" WIDTH="31" VPOS="2776" HPOS="1739"/>
<String CONTENT="laws" HEIGHT="51" WIDTH="138" VPOS="2776" HPOS="1771"/>
<SP HEIGHT="36" WIDTH="34" VPOS="2791" HPOS="1910"/>
<String CONTENT="of" HEIGHT="53" WIDTH="62" VPOS="2772" HPOS="1945"/>
<SP HEIGHT="69" WIDTH="30" VPOS="2772" HPOS="2008"/>
<String CONTENT="general" HEIGHT="68" WIDTH="225" VPOS="2773" HPOS="2039"/>
</TextLine>
<TextLine HEIGHT="148" WIDTH="1989" VPOS="2849" HPOS="275" STYLEREFS="StyleId-9E81341A-F6ED-4008-A7FC-DB5FB518B9B3-" CS="1">
<String CONTENT="application" HEIGHT="68" WIDTH="350" VPOS="2850" HPOS="276"/>
<SP HEIGHT="46" WIDTH="39" VPOS="2857" HPOS="627"/>
<String CONTENT="through" HEIGHT="69" WIDTH="246" VPOS="2849" HPOS="667"/>
<SP HEIGHT="55" WIDTH="39" VPOS="2849" HPOS="914"/>
<String CONTENT="the" HEIGHT="53" WIDTH="96" VPOS="2851" HPOS="954"/>
<SP HEIGHT="34" WIDTH="38" VPOS="2869" HPOS="1051"/>
<String CONTENT="regular" HEIGHT="69" WIDTH="227" VPOS="2849" HPOS="1090"/>
<SP HEIGHT="34" WIDTH="39" VPOS="2869" HPOS="1318"/>
<String CONTENT="session" HEIGHT="53" WIDTH="207" VPOS="2850" HPOS="1358"/>
<SP HEIGHT="35" WIDTH="38" VPOS="2868" HPOS="1566"/>
<String CONTENT="of" HEIGHT="53" WIDTH="64" VPOS="2850" HPOS="1605"/>
<SP HEIGHT="53" WIDTH="36" VPOS="2850" HPOS="1670"/>
<String CONTENT="the" HEIGHT="55" WIDTH="96" VPOS="2850" HPOS="1707"/>
<SP HEIGHT="52" WIDTH="35" VPOS="2853" HPOS="1804"/>
<String CONTENT="44th" HEIGHT="53" WIDTH="134" VPOS="2850" HPOS="1840"/>
<SP HEIGHT="53" WIDTH="40" VPOS="2850" HPOS="1975"/>
<String CONTENT="Legislature," HEIGHT="146" WIDTH="1965" VPOS="2850" HPOS="275"/>
<SP HEIGHT="49" WIDTH="42" VPOS="2947" HPOS="416"/>
<String CONTENT="with" HEIGHT="54" WIDTH="139" VPOS="2928" HPOS="459"/>
<SP HEIGHT="52" WIDTH="43" VPOS="2928" HPOS="599"/>
<String CONTENT="historical" HEIGHT="57" WIDTH="290" VPOS="2926" HPOS="643"/>
<SP HEIGHT="51" WIDTH="41" VPOS="2930" HPOS="934"/>
<String CONTENT="notes" HEIGHT="49" WIDTH="159" VPOS="2932" HPOS="976"/>
<SP HEIGHT="35" WIDTH="43" VPOS="2947" HPOS="1136"/>
<String CONTENT="and" HEIGHT="54" WIDTH="110" VPOS="2928" HPOS="1180"/>
<SP HEIGHT="51" WIDTH="43" VPOS="2928" HPOS="1291"/>
<String CONTENT="notes" HEIGHT="46" WIDTH="158" VPOS="2935" HPOS="1335"/>
<SP HEIGHT="36" WIDTH="40" VPOS="2946" HPOS="1494"/>
<String CONTENT="of" HEIGHT="56" WIDTH="65" VPOS="2926" HPOS="1535"/>
<SP HEIGHT="54" WIDTH="41" VPOS="2926" HPOS="1601"/>
<String CONTENT="decisions." HEIGHT="56" WIDTH="289" VPOS="2925" HPOS="1643"/>
<SP HEIGHT="52" WIDTH="72" VPOS="2928" HPOS="1933"/>
<String CONTENT="Kept" HEIGHT="69" WIDTH="159" VPOS="2928" HPOS="2006"/>
<SP HEIGHT="48" WIDTH="39" VPOS="2934" HPOS="2166"/>
<String CONTENT="to" HEIGHT="41" WIDTH="58" VPOS="2940" HPOS="2206"/>
</TextLine>
<TextLine HEIGHT="68" WIDTH="1986" VPOS="3007" HPOS="274" STYLEREFS="StyleId-9E81341A-F6ED-4008-A7FC-DB5FB518B9B3-" CS="1">
<String CONTENT="date" HEIGHT="52" WIDTH="129" VPOS="3007" HPOS="274"/>
<SP HEIGHT="51" WIDTH="36" VPOS="3008" HPOS="404"/>
<String CONTENT="by" HEIGHT="66" WIDTH="74" VPOS="3008" HPOS="441"/>
<SP HEIGHT="49" WIDTH="36" VPOS="3025" HPOS="516"/>
<String CONTENT="cumulative" HEIGHT="51" WIDTH="342" VPOS="3010" HPOS="553"/>
<SP HEIGHT="34" WIDTH="37" VPOS="3026" HPOS="896"/>
<String CONTENT="annual" HEIGHT="51" WIDTH="211" VPOS="3009" HPOS="934"/>
<SP HEIGHT="66" WIDTH="35" VPOS="3009" HPOS="1146"/>
<String CONTENT="pocket" HEIGHT="68" WIDTH="200" VPOS="3007" HPOS="1182"/>
<SP HEIGHT="62" WIDTH="37" VPOS="3013" HPOS="1383"/>
<String CS="1" CONTENT="parts." HEIGHT="61" WIDTH="158" VPOS="3014" HPOS="1421"/>
<SP HEIGHT="34" WIDTH="71" VPOS="3026" HPOS="1597"/>
<String CONTENT="volume" HEIGHT="53" WIDTH="224" VPOS="3008" HPOS="1669"/>
<SP HEIGHT="48" WIDTH="37" VPOS="3012" HPOS="1894"/>
<String CONTENT="1." HEIGHT="49" WIDTH="45" VPOS="3012" HPOS="1932"/>
<SP HEIGHT="55" WIDTH="38" VPOS="3008" HPOS="1978"/>
<String CONTENT="General" HEIGHT="55" WIDTH="243" VPOS="3008" HPOS="2017"/>
</TextLine>
<TextLine HEIGHT="67" WIDTH="1982" VPOS="3085" HPOS="276" STYLEREFS="StyleId-9E81341A-F6ED-4008-A7FC-DB5FB518B9B3-">
<String CONTENT="provisions" HEIGHT="66" WIDTH="319" VPOS="3085" HPOS="276"/>
<SP HEIGHT="34" WIDTH="27" VPOS="3105" HPOS="596"/>
<String CONTENT="and" HEIGHT="53" WIDTH="110" VPOS="3086" HPOS="624"/>
<SP HEIGHT="51" WIDTH="28" VPOS="3086" HPOS="735"/>
<String CONTENT="accountants" HEIGHT="48" WIDTH="361" VPOS="3090" HPOS="764"/>
<SP HEIGHT="47" WIDTH="25" VPOS="3091" HPOS="1126"/>
<String CONTENT="to" HEIGHT="48" WIDTH="57" VPOS="3091" HPOS="1152"/>
<SP HEIGHT="51" WIDTH="27" VPOS="3088" HPOS="1210"/>
<String CONTENT="Bills" HEIGHT="53" WIDTH="146" VPOS="3085" HPOS="1238"/>
<SP HEIGHT="33" WIDTH="25" VPOS="3104" HPOS="1385"/>
<String CONTENT="and" HEIGHT="51" WIDTH="111" VPOS="3086" HPOS="1411"/>
<SP HEIGHT="51" WIDTH="25" VPOS="3086" HPOS="1523"/>
<String CONTENT="notes," HEIGHT="62" WIDTH="176" VPOS="3090" HPOS="1549"/>
<SP HEIGHT="48" WIDTH="24" VPOS="3104" HPOS="1726"/>
<String CONTENT="articles" HEIGHT="53" WIDTH="223" VPOS="3086" HPOS="1751"/>
<SP HEIGHT="49" WIDTH="28" VPOS="3090" HPOS="1975"/>
<String CONTENT="1" HEIGHT="47" WIDTH="27" VPOS="3090" HPOS="2004"/>
<SP HEIGHT="48" WIDTH="25" VPOS="3090" HPOS="2032"/>
<String CONTENT="to" HEIGHT="47" WIDTH="57" VPOS="3091" HPOS="2058"/>
<SP HEIGHT="47" WIDTH="27" VPOS="3092" HPOS="2116"/>
<String CONTENT="578." HEIGHT="54" WIDTH="114" VPOS="3085" HPOS="2144"/>
</TextLine>
<TextLine HEIGHT="68" WIDTH="1627" VPOS="3163" HPOS="273" STYLEREFS="StyleId-9E81341A-F6ED-4008-A7FC-DB5FB518B9B3-">
<String CONTENT="Kansas" HEIGHT="54" WIDTH="225" VPOS="3163" HPOS="273"/>
<SP HEIGHT="55" WIDTH="26" VPOS="3164" HPOS="499"/>
<String CONTENT="City," HEIGHT="66" WIDTH="152" VPOS="3164" HPOS="526"/>
<SP HEIGHT="62" WIDTH="25" VPOS="3166" HPOS="679"/>
<String CONTENT="Mo.," HEIGHT="63" WIDTH="133" VPOS="3166" HPOS="705"/>
<SP HEIGHT="65" WIDTH="22" VPOS="3164" HPOS="839"/>
<String CONTENT="Vernon" HEIGHT="52" WIDTH="232" VPOS="3164" HPOS="862"/>
<SP HEIGHT="50" WIDTH="24" VPOS="3165" HPOS="1095"/>
<String CONTENT="law" HEIGHT="50" WIDTH="109" VPOS="3165" HPOS="1120"/>
<SP HEIGHT="51" WIDTH="23" VPOS="3164" HPOS="1230"/>
<String CONTENT="book" HEIGHT="52" WIDTH="147" VPOS="3163" HPOS="1254"/>
<SP HEIGHT="54" WIDTH="23" VPOS="3163" HPOS="1402"/>
<String CONTENT="company," HEIGHT="49" WIDTH="296" VPOS="3182" HPOS="1426"/>
<SP HEIGHT="61" WIDTH="27" VPOS="3169" HPOS="1723"/>
<String CONTENT="1935." HEIGHT="51" WIDTH="149" VPOS="3166" HPOS="1751"/>
</TextLine>
<TextLine HEIGHT="47" WIDTH="402" VPOS="3249" HPOS="345" STYLEREFS="StyleId-9E81341A-F6ED-4008-A7FC-DB5FB518B9B3-" CS="1">
<String CONTENT="x." HEIGHT="30" WIDTH="46" VPOS="3261" HPOS="345"/>
<SP HEIGHT="41" WIDTH="27" VPOS="3250" HPOS="392"/>
<String CONTENT="815" HEIGHT="40" WIDTH="84" VPOS="3249" HPOS="420"/>
<SP HEIGHT="47" WIDTH="28" VPOS="3249" HPOS="505"/>
<String CONTENT="p." HEIGHT="36" WIDTH="42" VPOS="3260" HPOS="534"/>
<SP HEIGHT="39" WIDTH="56" VPOS="3249" HPOS="577"/>
<String CS="1" CONTENT="26" HEIGHT="38" WIDTH="28" VPOS="3249" HPOS="634"/>
<String STYLE="superscript" CONTENT="cm" HEIGHT="20" WIDTH="43" VPOS="3251" HPOS="692"/>
<String CONTENT="." HEIGHT="7" WIDTH="8" VPOS="3280" HPOS="739"/>
</TextLine>
<TextLine HEIGHT="50" WIDTH="1913" VPOS="3315" HPOS="343">
<String CONTENT="&#8220;The" HEIGHT="39" WIDTH="128" VPOS="3316" HPOS="343"/>
<SP HEIGHT="30" WIDTH="23" VPOS="3325" HPOS="472"/>
<String CONTENT="editorial" HEIGHT="39" WIDTH="227" VPOS="3316" HPOS="496"/>
<SP HEIGHT="39" WIDTH="28" VPOS="3316" HPOS="724"/>
<String CONTENT="work" HEIGHT="39" WIDTH="130" VPOS="3316" HPOS="753"/>
<SP HEIGHT="40" WIDTH="24" VPOS="3316" HPOS="884"/>
<String CONTENT="has" HEIGHT="39" WIDTH="89" VPOS="3317" HPOS="909"/>
<SP HEIGHT="40" WIDTH="25" VPOS="3317" HPOS="999"/>
<String CONTENT="been" HEIGHT="40" WIDTH="117" VPOS="3317" HPOS="1025"/>
<SP HEIGHT="39" WIDTH="27" VPOS="3317" HPOS="1143"/>
<String CONTENT="done" HEIGHT="40" WIDTH="122" VPOS="3317" HPOS="1171"/>
<SP HEIGHT="39" WIDTH="25" VPOS="3318" HPOS="1294"/>
<String CONTENT="by" HEIGHT="46" WIDTH="59" VPOS="3318" HPOS="1320"/>
<SP HEIGHT="44" WIDTH="27" VPOS="3320" HPOS="1380"/>
<String CONTENT="the" HEIGHT="39" WIDTH="82" VPOS="3318" HPOS="1408"/>
<SP HEIGHT="40" WIDTH="26" VPOS="3317" HPOS="1491"/>
<String CONTENT="West" HEIGHT="40" WIDTH="136" VPOS="3317" HPOS="1518"/>
<SP HEIGHT="47" WIDTH="25" VPOS="3318" HPOS="1655"/>
<String CONTENT="publishing" HEIGHT="49" WIDTH="277" VPOS="3316" HPOS="1681"/>
<SP HEIGHT="37" WIDTH="24" VPOS="3328" HPOS="1959"/>
<String CONTENT="company&#8217;s" HEIGHT="49" WIDTH="272" VPOS="3315" HPOS="1984"/>
</TextLine>
<TextLine HEIGHT="41" WIDTH="608" VPOS="3371" HPOS="270">
<String CONTENT="editorial" HEIGHT="40" WIDTH="227" VPOS="3372" HPOS="270"/>
<SP HEIGHT="39" WIDTH="28" VPOS="3372" HPOS="498"/>
<String CONTENT="staff.&#8221;&#8212;Pref." HEIGHT="41" WIDTH="351" VPOS="3371" HPOS="527"/>
</TextLine>
<TextLine HEIGHT="52" WIDTH="1979" VPOS="3441" HPOS="275">
<String CONTENT="&#169;" HEIGHT="52" WIDTH="52" VPOS="3441" HPOS="275"/>
<SP HEIGHT="52" WIDTH="23" VPOS="3441" HPOS="328"/>
<String CONTENT="July" HEIGHT="46" WIDTH="116" VPOS="3446" HPOS="352"/>
<SP HEIGHT="46" WIDTH="24" VPOS="3446" HPOS="469"/>
<String CONTENT="29," HEIGHT="48" WIDTH="68" VPOS="3444" HPOS="494"/>
<SP HEIGHT="46" WIDTH="28" VPOS="3446" HPOS="563"/>
<String CONTENT="1935;" HEIGHT="46" WIDTH="140" VPOS="3445" HPOS="592"/>
<SP HEIGHT="46" WIDTH="29" VPOS="3445" HPOS="733"/>
<String CONTENT="2c." HEIGHT="40" WIDTH="64" VPOS="3445" HPOS="763"/>
<SP HEIGHT="38" WIDTH="28" VPOS="3445" HPOS="828"/>
<String CONTENT="Aug." HEIGHT="47" WIDTH="119" VPOS="3445" HPOS="857"/>
<SP HEIGHT="41" WIDTH="25" VPOS="3444" HPOS="977"/>
<String CONTENT="6;" HEIGHT="47" WIDTH="52" VPOS="3444" HPOS="1003"/>
<SP HEIGHT="36" WIDTH="29" VPOS="3455" HPOS="1056"/>
<String CONTENT="aff." HEIGHT="41" WIDTH="81" VPOS="3443" HPOS="1086"/>
<SP HEIGHT="39" WIDTH="26" VPOS="3445" HPOS="1168"/>
<String CONTENT="Aug." HEIGHT="47" WIDTH="118" VPOS="3445" HPOS="1195"/>
<SP HEIGHT="39" WIDTH="28" VPOS="3445" HPOS="1314"/>
<String CONTENT="5;" HEIGHT="45" WIDTH="52" VPOS="3445" HPOS="1343"/>
<SP HEIGHT="46" WIDTH="30" VPOS="3444" HPOS="1396"/>
<!-- cceid 9215A999-6D82-1014-B070-FDFD250A9EDA --><String CONTENT="A" HEIGHT="39" WIDTH="43" VPOS="3444" HPOS="1427"/>
<SP HEIGHT="40" WIDTH="24" VPOS="3444" HPOS="1471"/>
<String CONTENT="85361;" HEIGHT="47" WIDTH="169" VPOS="3443" HPOS="1496"/>
<SP HEIGHT="46" WIDTH="30" VPOS="3444" HPOS="1666"/>
<String CONTENT="Vernon" HEIGHT="39" WIDTH="192" VPOS="3444" HPOS="1697"/>
<SP HEIGHT="38" WIDTH="25" VPOS="3445" HPOS="1890"/>
<String CONTENT="law" HEIGHT="38" WIDTH="95" VPOS="3445" HPOS="1916"/>
<SP HEIGHT="39" WIDTH="25" VPOS="3445" HPOS="2012"/>
<String CONTENT="book" HEIGHT="40" WIDTH="123" VPOS="3444" HPOS="2038"/>
<SP HEIGHT="40" WIDTH="24" VPOS="3444" HPOS="2162"/>
<String CONTENT="co." HEIGHT="31" WIDTH="67" VPOS="3453" HPOS="2187"/>
</TextLine>
<TextLine HEIGHT="48" WIDTH="278" VPOS="3501" HPOS="358">
<String CONTENT="(35-13013)" HEIGHT="48" WIDTH="278" VPOS="3501" HPOS="358"/>
</TextLine>
<TextLine HEIGHT="66" WIDTH="1057" VPOS="3602" HPOS="269" STYLEREFS="StyleId-0DBF09BD-5372-431B-ABA3-8F868CA2B780-">
<String CONTENT="Thomson," HEIGHT="65" WIDTH="312" VPOS="3602" HPOS="269"/>
<SP HEIGHT="62" WIDTH="27" VPOS="3605" HPOS="582"/>
<String CONTENT="Sir" HEIGHT="51" WIDTH="99" VPOS="3605" HPOS="610"/>
<SP HEIGHT="51" WIDTH="23" VPOS="3605" HPOS="710"/>
<String CONTENT="Basil" HEIGHT="52" WIDTH="158" VPOS="3604" HPOS="734"/>
<SP HEIGHT="52" WIDTH="26" VPOS="3604" HPOS="893"/>
<String CONTENT="Home," HEIGHT="63" WIDTH="204" VPOS="3605" HPOS="920"/>
<SP HEIGHT="58" WIDTH="31" VPOS="3610" HPOS="1125"/>
<String CONTENT="1861-" HEIGHT="49" WIDTH="169" VPOS="3609" HPOS="1157"/>
</TextLine>
<TextLine HEIGHT="68" WIDTH="1910" VPOS="3679" HPOS="340" STYLEREFS="StyleId-9E81341A-F6ED-4008-A7FC-DB5FB518B9B3-" CS="1">
<String CONTENT="Richardson" HEIGHT="56" WIDTH="352" VPOS="3679" HPOS="340"/>
<SP HEIGHT="47" WIDTH="27" VPOS="3699" HPOS="693"/>
<String CONTENT="goes" HEIGHT="47" WIDTH="130" VPOS="3699" HPOS="721"/>
<SP HEIGHT="33" WIDTH="25" VPOS="3700" HPOS="852"/>
<String CONTENT="abroad," HEIGHT="61" WIDTH="228" VPOS="3681" HPOS="878"/>
<SP HEIGHT="62" WIDTH="26" VPOS="3680" HPOS="1107"/>
<String CONTENT="by" HEIGHT="67" WIDTH="75" VPOS="3680" HPOS="1134"/>
<SP HEIGHT="67" WIDTH="27" VPOS="3680" HPOS="1210"/>
<String CONTENT="Sir" HEIGHT="56" WIDTH="95" VPOS="3679" HPOS="1238"/>
<SP HEIGHT="51" WIDTH="25" VPOS="3682" HPOS="1334"/>
<String CONTENT="Basil" HEIGHT="54" WIDTH="158" VPOS="3679" HPOS="1360"/>
<SP HEIGHT="52" WIDTH="26" VPOS="3680" HPOS="1519"/>
<String CONTENT="Thomson" HEIGHT="52" WIDTH="284" VPOS="3681" HPOS="1546"/>
<SP HEIGHT="34" WIDTH="31" VPOS="3699" HPOS="1831"/>
<String CS="1" CONTENT="&#8230;"/>
<SP HEIGHT="52" WIDTH="76" VPOS="3681" HPOS="1919"/>
<String CONTENT="London," HEIGHT="65" WIDTH="254" VPOS="3680" HPOS="1996"/>
</TextLine>
<TextLine HEIGHT="68" WIDTH="843" VPOS="3757" HPOS="270" STYLEREFS="StyleId-9E81341A-F6ED-4008-A7FC-DB5FB518B9B3-" CS="1">
<String CONTENT="Eldon" HEIGHT="52" WIDTH="188" VPOS="3758" HPOS="270"/>
<SP HEIGHT="49" WIDTH="27" VPOS="3776" HPOS="459"/>
<String CONTENT="press," HEIGHT="49" WIDTH="172" VPOS="3776" HPOS="487"/>
<SP HEIGHT="65" WIDTH="28" VPOS="3759" HPOS="660"/>
<String CONTENT="limited" HEIGHT="55" WIDTH="219" VPOS="3757" HPOS="689"/>
<SP HEIGHT="65" WIDTH="32" VPOS="3760" HPOS="909"/>
<String CS="1" CONTENT="[1935]" HEIGHT="61" WIDTH="149" VPOS="3763" HPOS="964"/>
</TextLine>
<TextLine HEIGHT="51" WIDTH="681" VPOS="3841" HPOS="339" CS="1">
<String CONTENT="2" HEIGHT="40" WIDTH="28" VPOS="3841" HPOS="339"/>
<SP/>
<String LANG="fr" CS="1" CONTENT="p."/>
<SP/>
<String LANG="fr" CS="1" CONTENT="l."/>
<String CONTENT="," HEIGHT="16" WIDTH="8" VPOS="3873" HPOS="496"/>
<SP HEIGHT="46" WIDTH="27" VPOS="3843" HPOS="505"/>
<String CONTENT="7-277," HEIGHT="47" WIDTH="156" VPOS="3842" HPOS="533"/>
<SP HEIGHT="30" WIDTH="28" VPOS="3861" HPOS="690"/>
<String CONTENT="[1]" HEIGHT="50" WIDTH="55" VPOS="3842" HPOS="719"/>
<SP HEIGHT="40" WIDTH="27" VPOS="3852" HPOS="775"/>
<String CONTENT="p." HEIGHT="38" WIDTH="43" VPOS="3852" HPOS="803"/>
<SP HEIGHT="42" WIDTH="56" VPOS="3842" HPOS="847"/>
<String CONTENT="19" HEIGHT="41" WIDTH="57" VPOS="3841" HPOS="904"/>
<String STYLE="superscript" CONTENT="cm" HEIGHT="21" WIDTH="44" VPOS="3845" HPOS="961"/>
<String CONTENT="." HEIGHT="10" WIDTH="10" VPOS="3873" HPOS="1010"/>
</TextLine>
<TextLine HEIGHT="53" WIDTH="1974" VPOS="3909" HPOS="274" CS="1">
<String CONTENT="&#169;" HEIGHT="52" WIDTH="52" VPOS="3910" HPOS="274"/>
<SP/>
<String CS="1" CONTENT="1c."/>
<SP HEIGHT="39" WIDTH="34" VPOS="3914" HPOS="427"/>
<String CONTENT="July" HEIGHT="47" WIDTH="118" VPOS="3914" HPOS="462"/>
<SP HEIGHT="48" WIDTH="31" VPOS="3913" HPOS="581"/>
<String CONTENT="24," HEIGHT="48" WIDTH="69" VPOS="3913" HPOS="613"/>
<SP HEIGHT="46" WIDTH="33" VPOS="3915" HPOS="683"/>
<String CONTENT="1935;" HEIGHT="47" WIDTH="140" VPOS="3913" HPOS="717"/>
<SP HEIGHT="47" WIDTH="35" VPOS="3913" HPOS="858"/>
<!-- cceid 92160B19-6D82-1014-B070-FDFD250A9EDA --><String CONTENT="A" HEIGHT="39" WIDTH="41" VPOS="3913" HPOS="894"/>
<SP HEIGHT="39" WIDTH="34" VPOS="3913" HPOS="936"/>
<String CONTENT="ad" HEIGHT="39" WIDTH="62" VPOS="3914" HPOS="971"/>
<SP HEIGHT="39" WIDTH="31" VPOS="3914" HPOS="1034"/>
<String CONTENT="int." HEIGHT="39" WIDTH="85" VPOS="3914" HPOS="1066"/>
<SP HEIGHT="40" WIDTH="34" VPOS="3913" HPOS="1152"/>
<String CONTENT="20422;" HEIGHT="48" WIDTH="170" VPOS="3911" HPOS="1187"/>
<SP HEIGHT="37" WIDTH="36" VPOS="3923" HPOS="1358"/>
<String CONTENT="pubd." HEIGHT="47" WIDTH="141" VPOS="3913" HPOS="1395"/>
<SP HEIGHT="40" WIDTH="34" VPOS="3912" HPOS="1537"/>
<String CONTENT="June" HEIGHT="40" WIDTH="128" VPOS="3912" HPOS="1572"/>
<SP HEIGHT="40" WIDTH="31" VPOS="3912" HPOS="1701"/>
<String CONTENT="4;" HEIGHT="46" WIDTH="54" VPOS="3912" HPOS="1733"/>
<SP HEIGHT="46" WIDTH="36" VPOS="3912" HPOS="1788"/>
<String CONTENT="Basil" HEIGHT="42" WIDTH="136" VPOS="3909" HPOS="1825"/>
<SP HEIGHT="39" WIDTH="33" VPOS="3911" HPOS="1962"/>
<String CONTENT="Thomson," HEIGHT="47" WIDTH="252" VPOS="3911" HPOS="1996"/>
</TextLine>
<TextLine HEIGHT="42" WIDTH="503" VPOS="3970" HPOS="342">
<String CONTENT="Paris." HEIGHT="40" WIDTH="153" VPOS="3970" HPOS="342"/>
<SP HEIGHT="41" WIDTH="69" VPOS="3971" HPOS="496"/>
<String CONTENT="(35-12782)" HEIGHT="42" WIDTH="279" VPOS="3970" HPOS="566"/>
</TextLine>
</TextBlock>
</PrintSpace>
</Page>
</Layout>
</alto>