2424 4375
1225 4055 132 49 1608

400 502 375 49 Bibliography:
814 514 42 37 p.
894 504 218 42 311-321.

330 571 53 53 ©
409 576 121 39 Mar.
557 576 40 46 9,
623 575 113 41 1935;
792 576 67 40 2c.
885 576 96 39 and
1009 577 81 39 aff.
1118 576 112 48 Apr.
1258 577 60 40 20;
1370 578 41 39 A
1438 578 142 41 81529;
1637 580 225 40 Western
1888 581 223 41 business
2136 594 186 39 papers,

396 632 105 49 inc.,
531 633 93 39 Los
652 633 219 47 Angeles.
943 632 280 50 (35-25421)

328 736 326 65 Wheatley,
683 736 243 55 Dennis.

397 816 121 51 The
540 816 220 51 eunuch
784 815 62 53 of
874 813 315 68 Stamboul,
1214 816 74 66 by
1311 816 217 54 Dennis
1552 818 316 68 Wheatley.
1945 822 233 65 Boston,
326 823 1970 136 Little,
447 895 229 65 Brown,
703 894 112 52 and
843 912 296 48 company,
1169 897 149 50 1935.

398 965 100 48 viii,
529 966 85 41 307
645 978 41 37 p.
749 966 144 40 19½cm.

395 1024 138 47 Maps
562 1034 59 30 on
647 1022 362 50 lining-papers.

327 1090 53 53 ©
404 1095 118 39 Nov.
548 1095 39 46 8,
614 1093 113 41 1935;
782 1094 66 39 2c.
873 1094 118 39 Nov.
1018 1094 55 39 11;
1128 1093 81 40 aff.
1238 1094 117 40 Nov.
1382 1094 26 40 9
1426 1106 8 30 :
1464 1095 41 38 A
1532 1095 145 40 88169;
1732 1097 55 39 D.
1815 1097 267 49 Wheatley,
2110 1100 195 40 London

408 1150 279 49 (35-23313)

325 1262 284 63 Wheeler,
638 1262 269 55 Eleanor.

393 1343 154 64 Tory
588 1340 173 53 house
802 1344 252 63 mystery
1116 1339 93 67 [by]
1258 1338 247 55 Eleanor
1545 1341 290 66 Wheeler;
1879 1343 325 56 illustrated
2246 1347 72 67 by

323 1419 69 55 G.
434 1417 295 56 Candidus
768 1420 283 52 Petersen.
1127 1418 139 53 New
1307 1418 180 66 York,
1526 1420 76 52 H.
1646 1418 191 56 Smith
1877 1422 113 53 and
2033 1424 66 52 R.
2142 1426 175 66 Haas,

323 1500 149 50 1935.

390 1570 84 40 205
505 1582 41 37 p.
580 1569 109 40 incl.
718 1569 163 44 front.,
913 1569 128 40 illus.
1101 1566 145 42 19½cm.

391 1627 289 39 Illustrated
711 1630 96 43 t.-p.
838 1626 94 38 and
963 1624 362 48 lining-papers.

323 1694 53 52 ©
410 1697 101 41 Oct.
545 1697 68 47 21,
649 1695 139 48 1935;
825 1696 65 40 2c.
928 1695 99 41 Oct.
1064 1695 82 46 26;
1184 1695 81 41 aff.
1303 1695 101 41 Oct.
1440 1696 82 46 23;
1559 1697 40 38 A
1634 1697 170 47 88017;
1843 1699 50 39 E.
1931 1699 234 49 Wheeler,
2202 1702 114 39 New

389 1755 145 39 York.
605 1752 280 49 (35-23311)

321 1863 294 66 Whigam,
642 1862 252 56 Wallace
923 1863 200 63 Hugh,
1154 1866 171 50 1860-

389 1940 1829 71 Essentials of commercial law, by Wallace Hugh Whigam …
317 2019 1993 68 Lloyd L. Jones … [and] James William Moody … 2d rev. ed.
317 2099 139 52 New
508 2096 179 67 York,
740 2096 250 68 Chicago
1044 2100 138 64 [etc.]
1237 2097 121 53 The
1407 2097 196 67 Gregg
1649 2096 336 70 publishing
2034 2117 275 50 company

323 2178 192 66 [c1935]

421 2279 8 16 x,
457 2246 87 41 530
566 2256 43 38 p.
636 2245 110 44 incl.
771 2245 128 40 illus.
929 2243 131 49 (incl.
1089 2245 174 47 ports.)
1304 2245 151 38 forms.
1529 2244 148 41 front.
1737 2243 145 42 20½cm.

390 2303 233 40 Previous
655 2303 210 39 editions
896 2302 236 47 prepared
1168 2301 50 39 in
1254 2300 348 41 collaboration
1639 2301 117 41 with
1790 2302 239 41 Marshall
2066 2304 57 41 D.
2161 2304 147 42 Ewell

315 2361 95 39 and
435 2360 167 40 James
629 2358 54 42 G.
713 2357 219 45 Skinner.

317 2429 53 52 ©
401 2433 127 47 Sept.
557 2431 68 46 12,
655 2429 139 48 1935;
825 2430 67 40 2c.
925 2431 124 47 Sept.
1080 2429 82 41 21:
1195 2430 81 39 aff.
1307 2429 116 40 Nov.
1454 2429 51 41 8:
1538 2431 39 37 A
1608 2428 168 44 89301;
1811 2430 156 50 Gregg
1995 2434 108 46 pub.
2133 2443 67 31 co.

397 2488 279 48 (35-24865)

314 2596 383 65 Williamson,
721 2597 258 54 Thames
1007 2597 169 64 Ross,
1208 2600 169 50 1894-

488 2673 1817 70 … Beginning at dusk; an interlude. Garden City, N. Y.,
313 2753 355 65 Doubleday,
698 2754 197 51 Doran
924 2755 46 50 &
999 2768 297 49 company,
1324 2752 126 65 inc.,
1483 2754 150 50 1935.

383 2823 559 49 5 p. l., 301 p. 20½cm.
383 2881 62 40 At
477 2881 124 40 head
633 2881 52 39 of
714 2880 136 41 title:
882 2880 208 39 Thames
1120 2877 320 42 Williamson.

384 2937 162 41 “First
578 2936 226 41 edition.”

314 3004 52 52 ©
400 3008 117 39 Nov.
555 3007 38 43 8,
633 3007 140 46 1935;
812 3006 65 40 2c.
917 3008 95 38 and
1051 3006 81 39 aff.
1171 3007 115 38 Nov.
1327 3006 81 46 12;
1450 3006 40 39 A
1528 3004 170 49 89345;
1738 3006 207 40 Thames
1985 3006 316 49 Williamson,

380 3065 254 46 Boothbay
658 3064 209 46 Harbor,
891 3064 88 38 Me.
1052 3063 279 48 (35-24888)

379 3174 121 53 The
533 3174 210 53 lobster
775 3192 134 48 war,
941 3174 75 66 by
1046 3174 243 52 Thames
1321 3174 359 53 Williamson;
1750 3174 135 52 with
1922 3174 377 53 illustrations

310 3252 73 65 by
409 3254 231 51 Forrest
667 3253 90 52 W.
785 3251 129 55 Orr.
991 3252 215 53 Boston
1235 3251 112 52 and
1375 3252 138 53 New
1543 3251 178 66 York,
1748 3251 276 66 Lothrop,
2050 3253 108 51 Lee
2188 3252 108 52 and

311 3329 261 66 Shepard
603 3347 295 48 company.
928 3332 149 50 1935.

378 3400 1336 49 6 p. l., 3-334 p. incl. illus., plates, front. 20½cm.
311 3468 53 52 ©
401 3473 117 39 Nov.
559 3472 39 46 6,
639 3471 139 46 1935;
821 3471 65 40 2c.
927 3472 96 39 and
1062 3471 81 39 aff.
1184 3471 117 39 Nov.
1342 3472 52 44 8;
1437 3472 43 37 A
1518 3470 169 46 89246;
1730 3472 207 38 Thames
1978 3470 317 47 Williamson,

377 3528 299 48 Cambridge,
707 3530 145 38 Mass.
923 3527 278 47 (35-23310)

307 3639 171 60 Wirt,
507 3638 248 54 Mildred
785 3640 72 52 A.

375 3715 120 51 The
529 3715 103 67 sky
667 3732 183 34 racers
907 3714 92 67 [by]
1038 3714 251 52 Mildred
1329 3713 68 52 A.
1432 3713 183 64 Wirt;
1654 3713 321 52 illustrated
2009 3712 75 67 by
2118 3709 176 56 Jacob

303 3792 256 51 Landau.
626 3792 425 60 Philadelphia,
1082 3792 120 50 The
1230 3792 158 50 Penn
1420 3790 335 62 publishing
1785 3808 279 44 company
2100 3791 188 61 [c1935]

373 3864 477 48 224 p. front. 19 cm.
307 3929 53 53 ©
387 3935 115 38 Nov.
531 3936 40 45 4,
599 3934 117 41 1935
730 3946 8 29 :
769 3934 66 41 2c.
865 3936 95 39 and
988 3935 81 39 aff.
1099 3935 115 39 Nov.
1244 3935 81 45 18;
1358 3935 39 38 A
1426 3933 168 47 89405;
1627 3935 132 38 Penn
1787 3934 108 47 pub.
1925 3943 66 30 co.

385 3990 278 40 (35-25386)
