2424 4375
1127 4065 96 50 581

231 444 1926 71 … Ruling case law. Supplement for use during 1935 only.
237 524 1926 67 Volumes 1-28 … [ and] Complete R. C. L. index. Cumulative
239 601 1859 69 supplement for volumes 1-2, for use during 1935 only …
238 680 338 67 Northport,
667 724 9 9 N.
712 683 89 63 Y.,
836 680 252 53 Edward
1120 681 331 66 Thompson
1484 698 306 49 company;
1830 681 117 54 San
236 682 1900 142 Francisco,

430 758 193 65 Calif.,
656 757 582 68 Bancroft-Whitney
1269 776 307 49 company;
1611 759 324 66 Rochester,
1968 761 67 51 N.
2070 761 90 65 Y.,

237 835 120 52 The
385 838 265 61 Lawyers
681 835 380 68 co-operative
1090 835 335 68 publishing
1453 854 298 49 company,
1782 839 149 50 1935.

235 909 61 40 30
353 940 9 9 v.
419 910 146 39 24½cm.

237 967 153 39 These
420 967 272 47 pamphlets
725 976 87 29 are
839 968 48 38 to
917 965 58 40 be
1002 965 139 40 fitted
1171 965 103 40 into
1305 966 83 41 the
1419 966 196 48 pockets
1648 967 54 38 at
1732 967 81 38 the
1846 966 121 39 back
1998 967 51 39 of
2081 968 82 39 the

168 1024 214 39 volumes
406 1023 57 40 of
487 1024 83 39 the
595 1026 72 37 set
695 1025 48 38 to
770 1023 156 39 which
954 1023 114 47 they
1093 1023 183 47 belong.

168 1076 53 53 ©
246 1081 113 48 Apr.
387 1080 69 46 23,
484 1080 116 40 1935;
652 1079 67 40 2c.
747 1080 119 39 each
892 1080 94 39 and
1014 1078 81 41 aff.
1125 1067 113 59 Àpr.
1267 1079 60 40 27;
1379 1080 42 38 A
1447 1078 147 42 82799;
1648 1080 211 39 Edward
1888 1080 273 49 Thompson

237 1148 81 36 co.,
343 1138 227 46 Lawyers
597 1136 323 48 co-operative
942 1137 108 47 pub.
1077 1147 64 29 co.
1168 1137 97 38 and
1288 1136 489 48 Bancroft-Whitney
1802 1146 65 30 co.

168 1226 324 65 Scarsdale,
521 1227 74 55 N.
623 1227 70 52 Y.
769 1227 329 62 Edgewood
1125 1226 217 55 school.

240 1304 56 51 A
325 1303 222 68 history
575 1302 63 53 of
669 1303 314 67 Scarsdale,
1013 1304 71 67 by
1115 1323 31 32 a
1176 1303 155 53 sixth
1360 1305 193 66 grade,
1584 1304 328 67 Edgewood
1941 1305 216 58 school;

170 1381 163 54 Alice
358 1384 78 50 M.
466 1382 222 67 Hoben,
716 1383 236 51 teacher.
1034 1381 334 68 [Scarsdale,
1394 1383 68 52 N.
1493 1384 89 65 Y.]
1616 1382 328 67 Edgewood
1972 1384 190 51 school

171 1458 1198 69 of the Scarsdale public schools [ c 1935]
245 1531 1606 50 2 p. l., [iii]-ix, 34, [2] p. illus. (incl. map) plates. 23½ cm .
171 1588 52 52 ©
245 1591 114 48 Apr.
385 1592 38 45 5,
448 1591 118 40 1935;
615 1591 66 39 2c.
706 1591 113 46 Apr.
844 1590 25 39 5;
922 1589 83 40 aff.
1028 1590 114 47 Apr.
1169 1590 54 38 12;
1279 1590 41 39 A
1344 1588 142 42 81393;
1542 1589 133 40 Alice
1701 1590 61 39 M.
1790 1589 185 47 Hoben,

239 1590 1906 104 Scarsdale,
388 1648 55 38 N.
470 1647 53 39 Y.
594 1646 250 49 (35-6527)

169 1736 339 65 Schauffler,
534 1737 221 54 Robert
784 1739 225 62 Haven,
1042 1738 170 52 1879-
1424 1755 178 49 comp.

303 1813 1860 70 … The magic of music; an anthology for music weeks and
173 1893 167 69 days;
373 1891 177 54 music
580 1894 170 66 week,
779 1894 74 51 its
883 1893 189 67 origin
1103 1893 112 51 and
1247 1893 363 66 observance;
1644 1893 236 52 musical
1912 1912 252 49 memory

172 1975 260 64 contests,
472 1989 190 50 games
703 1971 112 52 and
855 1969 494 67 entertainments;
1392 1970 179 53 music
1610 1972 201 66 study;
1852 1973 96 52 the
1985 1972 180 52 music

173 2066 156 49 cure;
364 2049 228 66 stories;
627 2049 192 67 plays;
855 2047 141 54 with
1029 2067 71 34 an
1132 2048 313 68 anthology
1478 2049 62 53 of
1573 2050 95 51 the
1699 2049 123 53 best
1852 2068 165 49 prose
2051 2051 112 51 and

172 2145 156 34 verse
366 2146 72 33 on
475 2127 177 53 music
694 2126 151 52 from
882 2128 169 52 Plato
1088 2132 59 47 to
1186 2126 224 68 Millay.
1486 2126 299 68 Compiled
1825 2128 112 52 and
1974 2128 189 53 edited

175 2202 1990 72 wdth a preface by Robert Haven Schauffler … New York,
170 2283 190 66 Dodd,
385 2283 171 51 Mead
583 2287 45 49 &
653 2300 294 48 company,
977 2285 148 49 1935.

237 2356 118 47 xxii,
389 2357 85 39 387
507 2367 42 37 p.
611 2356 128 38 illus.
769 2355 129 47 (incl.
933 2354 178 47 music)
1184 2353 57 40 19½
1271 2356 43 21 cm
1320 2386 8 7 .
1403 2355 127 48 (Our
1563 2354 257 41 American
1854 2356 250 48 holidays)

175 2409 1939 54 © Apr. 19, 1935; 2c. and aff. Apr. 23; A 81532; R. H. Schauffller, ℅
241 2470 256 40 American
535 2479 197 38 express
770 2480 82 36 co.,
891 2469 200 38 Vienna.
1162 2467 250 48 (35-6563)

176 2560 300 65 Schirach,
504 2559 221 54 Baldur
752 2574 130 48 von,
914 2560 170 54 1907-

305 2635 1858 69 … Die Hitler-jugend; idee und gestalt. 1.-75. tausend.
177 2716 213 65 Berlin,
420 2713 509 67 “Zeitgeschichte”
965 2746 13 33 [
983 2719 18 20 c
1006 2715 152 63 1934]

243 2787 85 41 220
366 2798 43 37 p.
469 2786 178 47 diagrs.
677 2785 48 47 (5
763 2784 143 46 fold.)
974 2784 56 39 21
1034 2786 42 21 cm
1081 2816 9 8 .

245 2845 180 40 Folded
457 2843 246 48 diagrams
733 2842 50 39 in
814 2842 183 47 pocket.

174 2896 1992 55 © Nov. 28, 1934; 1c. Mar. 11, 1935; A-Foreign 27236; “Zeitgeschichte”,
244 2959 165 46 verlag
430 2958 97 39 und
549 2953 573 49 vertriebs-gesellschaft
1144 2964 60 28 m.
1229 2954 40 39 b.
1294 2954 45 39 h.
1410 2954 251 48 (35-6483)

176 3049 325 62 Sedlmayr,
527 3045 180 55 Fritz.

249 3123 108 53 Die
394 3122 317 69 geschickte
749 3120 98 53 der
883 3117 473 69 Spatenbrauerei
1394 3124 165 49 unter
1596 3118 233 55 Gabriel
1866 3120 300 71 Sedlmayr

180 3202 126 54 dem
337 3200 208 53 älteren
582 3197 115 53 und
728 3200 125 51 dem
884 3193 294 69 jüngeren,
1212 3193 336 69 1807-1874;
1582 3196 168 55 sowie
1781 3197 251 70 beitrage
2065 3218 101 35 zur

179 3276 360 71 bayerischen
569 3271 574 72 brauereigeschichte
1174 3272 179 54 dieser
1380 3274 125 67 zeit,
1536 3292 109 34 von
1675 3275 161 53 Fritz
1865 3274 301 73 Sedlmayr

239 3352 1253 66 … 1. t. München, Piloty & Loehle, 1934.
244 3407 1761 70 viii, 362 p. front., plates (1 fold.) ports., facsims., plans. 26 ½ cm .
250 3485 381 46 “Abkürzungen
679 3484 83 38 der
807 3481 216 47 häufiger
1068 3482 404 38 vorkommenden
1519 3483 440 48 quellenangaben”;
2038 3499 40 28 v.
2126 3489 39 47 1,

178 3555 43 37 p.
254 3541 248 52 [329]-330.

179 3593 1792 56 © Oct. 1, 1934; 1c . Dec. 19; A- Foreign 26494; Piloty & Loehle.
257 3654 249 51 (35-6624)

181 3748 189 62 Snow,
398 3743 164 54 Paul.

252 3819 305 55 Part-time
587 3817 151 54 wife,
766 3817 75 65 by
870 3816 145 52 Paul
1049 3815 186 54 Snow.
1310 3816 137 52 New
1478 3818 178 66 York,
1687 3820 244 53 Godwin
2043 3827 116 64 [c1935]

253 3895 84 40 281
367 3904 30 37 p
469 3891 145 39 19½cm.

179 3949 53 53 ©
262 3953 79 38 May
405 3951 41 45 3,
478 3947 115 41 1935;
652 3946 66 39 2c.
752 3945 96 39 and
877 3943 81 41 aff.
992 3945 114 46 May
1137 3943 28 40 8;
1223 3943 40 39 A
1297 3942 142 42 82993;
1504 3944 215 50 Godwin,
1753 3948 286 49 publishers,
2074 3952 89 40 inc.

258 4005 249 47 (35-6535)
