2424 4375
1038 4011 133 51 1631

126 387 295 64 Eldridge,
450 387 168 64 Seba,
648 389 171 51 1885-

192 463 204 54 Public
424 462 384 69 intelligence;
840 481 31 35 a
898 462 171 67 study
1096 461 64 53 of
1187 463 94 52 the
1312 461 271 55 attitudes
1612 465 113 52 and
1756 463 262 67 opinions
2045 466 64 51 of

124 540 1984 69 voters, by Seba Eldridge … Lawrence, Kan., University of
122 619 241 67 Kansas,
391 620 156 65 Dept.
592 616 63 53 of
683 616 338 69 journalism
1054 634 174 49 press,
1261 620 149 51 1935.

193 694 1918 52 4 p. l., 101 p. diagrs. 23½cm. (On cover: Bulletin of University of
123 751 1755 50 Kansas. vol. XXXVI, no. 7 … Humanistic studies. vol. v, no. 1)
121 824 1908 53 © Sept. 27, 1935; 2c. and aff. Oct. 5; A 8 6606; University of Kansas.
201 883 278 49 (35-28371)

122 974 362 64 Elmendorf,
513 974 137 52 Mrs.
681 974 174 61 Mary
884 972 323 65 (Johnson)

192 1051 137 52 Two
364 1049 170 53 wives
567 1049 113 52 and
714 1048 160 53 other
906 1048 293 52 narrative
1232 1065 210 51 poems,
1478 1047 73 69 by
1584 1047 170 70 Mary
1787 1049 56 54 J.
120 1048 1965 133 Elmendorf.
336 1127 295 67 Caldwell,
658 1126 112 69 Id.,
796 1126 121 53 The
948 1124 223 56 Caxton
1203 1125 268 68 printers,
1502 1126 121 68 ltd.,
1657 1129 151 51 1935.

193 1206 82 41 153
309 1217 41 38 p.
412 1206 144 41 19½cm.

119 1276 53 53 ©
201 1280 100 41 Oct.
331 1281 68 45 15,
429 1278 113 48 1935;
599 1279 68 40 2c.
698 1280 96 38 and
823 1277 80 41 aff.
934 1278 117 40 Nov.
1080 1278 27 39 4;
1165 1278 40 39 A
1236 1277 142 41 89135;
1440 1278 188 40 Caxton
1655 1278 227 49 printers,
1914 1280 86 39 ltd.

198 1336 277 48 (35-28756)

120 1428 244 63 Fenton,
394 1427 283 63 Norman,
712 1429 170 50 1895-

186 1503 122 52 The
337 1500 327 70 delinquent
693 1501 111 69 boy
835 1501 112 53 and
979 1501 94 53 the
1103 1500 370 53 correctional
1506 1500 208 69 school,
1745 1500 77 70 by
1852 1501 253 53 Norman

114 1577 1995 148 Fenton … with the collaboration of Jessie C. Fenton … Margaret E. Murray … [and] Dorothy K. Tyson … Claremont,
116 1733 194 69 Calif.,
339 1734 327 54 Claremont
690 1734 236 68 colleges
953 1733 277 69 guidance
1260 1738 204 63 center,
1492 1735 150 51 1935.

186 1812 27 41 6
243 1825 40 37 p.
317 1816 28 38 1.,
393 1813 171 41 15-182
593 1823 43 37 p.
696 1812 162 47 front.,
888 1813 170 47 plates.
1121 1811 116 42 27cm.

189 1868 1917 48 “A study of … the Whittier state school of California … a basis
120 1927 76 40 for
233 1928 282 43 evaluating
554 1928 80 39 the
672 1926 313 48 possibilities
1026 1926 51 40 of
1117 1926 83 40 the
1236 1926 311 47 present-day
1588 1926 316 40 correctional
1947 1927 156 39 school

117 1984 599 47 program.”—Foreword.

185 2045 346 49 Bibliography
549 2057 9 29 :
595 2056 42 38 p.
672 2045 215 45 168-177.

117 2115 52 53 ©
201 2120 126 47 Sept.
357 2119 69 46 12,
453 2118 112 40 1935;
625 2117 67 41 2c.
722 2119 117 39 Nov.
869 2118 81 46 11;
982 2118 81 39 aff.
1095 2119 115 38 Nov.
1243 2117 82 46 29;
1357 2118 41 38 A
1429 2117 168 47 89663;
1631 2119 55 39 N.
1719 2119 200 46 Fenton,
186 2119 1908 104 Claremont,
363 2176 143 40 Calif.
580 2175 279 47 (35-28266)

118 2271 216 63 Filson,
369 2272 172 60 John,
578 2271 360 54 1747?-1788.

279 2345 1828 67 … Kentucke and The adventures of Col. Daniel Boone; with
118 2421 1990 151 an introduction by Willard Rouse Jillson … A facsimile reproduction of the original Wilmington edition and an exact
117 2580 221 68 reprint
363 2580 64 52 of
451 2581 96 51 the
572 2577 124 55 first
719 2596 131 49 map
877 2578 61 52 of
965 2576 149 53 1784.
1189 2577 328 68 Louisville,
1541 2577 132 68 Ky.,
1700 2577 55 55 J.
1784 2577 63 52 P.
1878 2577 229 54 Morton

116 2658 45 50 &
193 2675 294 49 company,
516 2655 414 69 incorporated,
963 2657 149 49 1934.

186 2732 1173 49 5 p. l., facsim. : 118 p. front. (map) 22cm.
188 2790 1917 48 “This commemorative edition … is issued … under the sponsorship
116 2847 52 40 of
201 2848 162 39 Boone
397 2846 324 40 bicentennial
756 2846 303 39 commission
1095 2846 52 39 of
1182 2846 270 47 Kentucky,
1490 2857 53 29 as
1580 2848 267 39 Document
1883 2858 74 30 no.
1993 2848 26 38 2
2056 2848 49 39 of

116 2904 64 39 its
209 2905 162 38 Boone
403 2900 700 51 publications.”—Foreword.

189 2961 145 40 “This
356 2960 184 41 edition
563 2960 186 41 limited
776 2962 48 39 to
851 2959 116 41 1200
992 2959 201 48 copies.”

115 3016 1987 161 With facsimile reproduction of original t.-p. : The discovery, settlement and present state of Kentucke : and an essay towards the topography, and natural history of that important country … by John Filson.
117 3188 327 46 Wilmington,
473 3186 200 40 Printed
700 3186 61 46 by
789 3186 163 39 James
980 3186 195 46 Adams,
1204 3185 127 41 1784.

119 3257 52 53 ©
207 3260 101 41 Oct.
344 3261 68 44 14,
448 3259 113 40 1934;
624 3259 67 40 2c.
729 3259 94 39 and
859 3258 81 40 aff.
976 3259 119 47 Aug.
1132 3258 68 47 26,
1238 3257 140 47 1935;
1416 3259 40 38 A
1492 3258 169 47 85626;
1702 3259 206 40 Willard
1946 3260 160 40 Rouse

187 3318 190 45 Jillson,
414 3316 280 46 Frankfort,
734 3316 91 46 Ky.
888 3314 278 49 [Copyright
1206 3316 43 37 is
1286 3315 204 40 claimed
1530 3326 59 28 on
1630 3315 351 49 Introduction]

196 3373 277 49 (35-22342)

120 3470 273 64 Garland,
424 3469 256 64 Hamlin,
712 3472 169 49 1860-

293 3543 1807 70 … The long trail, edited by Barbara Grace Spayd. New
120 3625 161 52 York
306 3625 111 52 and
444 3625 256 64 London,
726 3625 230 65 Harper
982 3627 46 50 &
1056 3623 277 65 brothers,
1363 3627 147 48 1935.

185 3703 137 48 lxvii,
349 3703 85 40 332
461 3713 42 38 p.
557 3702 163 42 front.,
747 3704 168 46 plates.
971 3702 115 39 19cm.

462 3766 162 41 CONTENTS.—The
650 3766 112 46 long
789 3766 291 40 trail.—The
1107 3769 166 37 return
1300 3765 53 40 of
1379 3776 25 29 a
1436 3765 199 48 private.

121 3829 51 51 ©
201 3834 116 41 Nov.
345 3835 69 40 15.
445 3834 111 40 1935;
615 3834 65 43 2c.
710 3835 117 39 Nov.
857 3834 54 39 15;
969 3833 81 41 aff.
1083 3834 110 39 Dec.
1226 3833 26 39 6;
1311 3834 41 38 A
1380 3831 142 41 89452;
1584 3832 59 40 H.
1674 3832 230 48 Garland,
185 3833 1898 103 Hollywood,
361 3893 141 39 Calif.
567 3892 278 49 [Copyright
874 3892 41 39 is
945 3893 203 39 claimed
1178 3902 61 28 on
1269 3902 108 28 new
1404 3894 193 46 matter]

197 3950 252 38 (35-28731)
