2424 4375
1214 4053 133 52 1700

349 530 24 37 1
402 540 43 36 p.
508 558 9 17 l.,
546 528 114 39 7-44
685 538 42 36 p.
788 528 84 38 col.
902 527 127 39 illus.,
1074 528 86 38 col.
1186 528 169 45 plates.
1416 526 115 40 33cm.

350 583 286 41 Illustrated
667 581 346 49 lining-papers
1045 581 48 39 in
1125 581 168 41 colors.

280 651 1877 53 © Nov. 21, 1935; 2c. Dec. 3: aff. Dec. 2; A 88495: Whitman pub. co.
360 711 280 47 (35-32767)

281 816 227 62 Clarke,
538 816 273 51 Edmund
838 814 250 56 Palmer.

337 890 506 67 Winnipesaukee;
870 910 31 33 a
924 890 299 68 potpourri
1254 889 107 67 [by]
1389 889 66 52 E.
1481 891 228 51 Palmer
1730 889 221 55 Clarke.
280 889 1971 137 [Rochester,
412 971 68 51 N.
510 970 95 65 H.,
635 969 120 52 The
783 969 219 52 Record
1034 985 171 51 press,
1234 966 123 69 inc.]
1394 972 149 49 1935.

351 1043 85 41 152
468 1055 41 36 p.
570 1043 163 48 front.,
766 1044 169 47 plates,
968 1042 189 41 facsim.
1217 1042 146 40 20½cm.

354 1099 1919 48 “These papers are attempts to capture … the many moods conjured
281 1156 178 48 during
485 1166 29 30 a
542 1157 112 47 long
682 1154 212 41 winter’s
922 1155 349 49 remembering
1296 1155 51 40 of
1374 1166 27 29 a
1432 1156 137 39 short
1596 1154 251 42 summer's
1877 1155 196 48 holiday
2103 1165 59 30 on
2193 1158 80 39 the

282 1214 168 39 shores
476 1213 51 40 of
553 1213 110 39 lake
691 1212 405 47 Winnipesaukee
1124 1212 94 39 and
1247 1222 174 37 among
1447 1213 83 38 the
1555 1211 162 41 White
1743 1212 114 40 hills
1882 1212 51 40 of
1958 1213 115 40 New
281 1213 1976 104 Hampshire.”—p.
596 1268 84 51 [10]

284 1336 52 53 ©
361 1341 116 38 Nov.
503 1342 38 43 8,
568 1341 139 40 1935;
734 1339 63 40 2c.
826 1341 93 38 and
946 1339 80 40 aff.
1054 1339 116 40 Nov.
1198 1339 80 41 16;
1307 1340 39 37 A
1372 1339 143 40 88248;
1572 1341 49 37 E.
1651 1340 49 40 P.
1729 1340 187 48 Clarke,
1944 1342 116 38 New
2088 1343 185 39 Haven.

367 1397 280 48 (35-31919)

285 1501 173 63 Cook,
488 1502 127 62 Roy
645 1499 160 65 Bird,
839 1504 168 49 1886-

351 1574 1922 69 The annals of Fort Lee, by Roy Bird Cook … Charleston,
281 1653 87 53 W.
398 1654 122 66 Va.,
543 1653 158 53 West
729 1651 267 69 Virginia
1024 1651 203 53 review
1253 1670 174 50 press,
1454 1654 149 51 1935.

353 1723 1391 50 3 p. l., 119 p. illus. (incl. ports., facsim.) pl. 22cm.
288 1794 52 53 ©
369 1799 118 46 Aug.
515 1798 68 43 15,
614 1797 112 39 1935;
785 1797 66 39 2c.
880 1797 118 38 Nov.
1028 1796 53 38 21;
1142 1796 81 39 aff.
1256 1797 116 39 Nov.
1403 1796 55 38 22;
1517 1797 41 39 A
1588 1797 142 40 89555;
1790 1799 134 39 West
1955 1798 219 48 Virginia
358 1809 1900 86 review
505 1864 148 38 press.
725 1852 278 49 (35-32760)

287 1959 204 64 Crock,
521 1959 284 55 Clement.

416 2035 1856 69 … The commandments in sermons, by the Rev. Clement
288 2114 198 55 Crock.
574 2113 139 53 New
765 2113 162 53 York
979 2113 132 69 city,
1162 2113 55 54 J.
1271 2114 65 52 F.
1385 2113 270 68 Wagner,
1704 2114 136 67 inc.;
1896 2115 257 67 London,
2207 2117 63 50 B.

282 2193 228 53 Herder
558 2195 175 63 [c1935]

354 2266 63 45 ix,
444 2264 86 42 303
557 2276 41 37 p.
656 2265 142 40 23½cm.

353 2321 373 49 Bibliography:
756 2332 44 37 p.
832 2331 41 31 v.

290 2388 52 53 ©
368 2393 116 39 Nov.
511 2393 40 46 4,
579 2392 113 40 1935;
749 2392 65 39 2c.
843 2393 94 38 and
964 2391 80 39 aff.
1073 2392 115 37 Nov.
1218 2393 51 37 21;
1328 2392 40 38 A
1396 2391 142 40 88316:
1596 2392 180 48 Joseph
1804 2393 49 39 F.
1884 2393 221 47 Wagner,
2131 2393 90 39 inc.

356 2449 279 47 (35-32782)

291 2552 251 64 Curtler,
573 2552 227 63 Nancy.

361 2629 180 65 Forty
567 2626 250 67 bubbles,
845 2627 73 67 by
946 2628 200 66 Nancy
1175 2627 242 55 Curtler.
1485 2627 476 67 Charlottesville,
1991 2630 285 52 Jarman’s

290 2705 416 66 incorporated,
738 2709 146 48 1935.

362 2781 641 49 3 p. l., 9-56 p. illus. 18½cm.
363 2839 149 39 Verse
541 2838 79 40 for
649 2837 230 41 children.

367 2891 1908 50 “One hundred copies, five of which are for presentation … Each
294 2960 118 37 copy
440 2951 167 47 signed
636 2951 58 47 by
723 2950 81 40 the
832 2949 219 41 author.”

295 3016 52 53 ©
377 3021 118 40 Nov.
527 3022 39 45 8,
598 3020 113 40 1935;
771 3020 64 40 2c.
871 3022 94 38 and
998 3020 80 40 aff.
1112 3021 117 39 Nov.
1263 3021 52 38 13;
1379 3021 39 38 A
1452 3019 142 40 89654;
1656 3020 54 39 N.
1745 3020 207 47 Curtler,
364 3020 1897 105 Charlottesville,
516 3078 67 39 Va
594 3110 7 7 .
675 3077 276 48 (35-33161)

293 3178 183 64 Dean,
509 3178 244 54 Charles
783 3179 216 64 Edgar,
1033 3183 170 49 1850-

423 3252 1854 71 … A genealogy of a tribe of noble patriots; uncovering the
293 3329 211 53 hidden
537 3336 131 62 past
699 3330 93 53 for
825 3350 29 33 a
887 3331 198 68 period
1116 3330 64 53 of
1212 3334 101 49 200
1346 3349 162 50 years
1544 3330 335 67 1734-1934;
1914 3349 30 34 a
1980 3329 153 54 brief
296 3329 1957 132 historical
528 3410 192 52 sketch
752 3412 62 50 of
845 3410 92 53 the
969 3408 887 69 Morris-Beck-Dean-Chipley
1888 3408 248 55 families
2167 3408 108 54 and

295 3487 324 52 coordinate
665 3486 265 65 families,
976 3486 1117 67 Sanders-Turner-Patton-Highland,

295 3504 1959 126 compiled by Charles E. Dean … [New Orleans, c1935]
367 3640 281 47 cover-title,
683 3640 146 50 [3]-74
858 3650 43 38 p.
957 3641 126 40 illus.
1115 3643 133 46 (part
1277 3640 112 47 col.;
1424 3640 106 39 incl.
1559 3640 174 47 ports.)
1802 3639 115 42 31cm.

366 3695 224 41 “Edition
620 3697 230 40 limited.”

365 3749 284 49 Duplicates
675 3752 52 39 of
751 3762 146 37 pages
922 3752 97 49 5-6,
1045 3752 143 40 71-72
1216 3752 99 40 laid
1343 3753 63 39 in.

368 3806 362 42 “Descendants
758 3809 53 39 of
837 3808 113 40 Rev.
983 3809 142 39 Isaac
1155 3808 219 40 Morris.”

367 3859 125 43 Text
517 3872 60 30 on
602 3873 147 37 pages
778 3863 131 50 [2]-[3]
951 3864 51 40 of
1028 3873 153 31 cover.

299 3927 52 53 ©
374 3932 117 40 Nov.
545 3933 38 46 16,
607 3934 113 39 1935;
773 3935 65 41 2c.
864 3936 94 38 and
982 3936 81 39 aff.
1089 3936 116 38 Nov.
1230 3935 53 37 22:
1338 3935 39 38 A
1402 3934 167 41 89559:
1598 3935 48 40 C,
1674 3936 49 37 E.
1750 3936 149 45 Dean,
1924 3935 116 40 New
2065 3934 213 40 Orleans.

366 3987 277 54 (35-32763)
