2424 4375
1029 4007 99 54 837

83 398 290 63 Michigan
407 399 183 65 (Ter.)
673 396 276 66 Supreme
981 401 174 46 court.

81 470 1983 152 Transactions of the Supreme court of the territory of Michigan, 1805-1814, edited by William Wirt Blume … Ann Arbor,
81 632 184 65 Mich.,
292 631 120 52 The
440 629 335 66 University
800 628 63 53 of
890 627 296 67 Michigan
1214 645 175 49 press,
1420 630 149 49 1935.

147 705 28 39 2
199 715 39 28 v.
297 702 127 39 illus.
452 700 159 49 (map)
648 700 179 48 diagrs.
884 699 144 40 26½cm.
1099 699 297 49 (Half-title:
1428 697 283 49 University
1741 697 52 39 of
1821 696 246 49 Michigan

83 760 327 50 publications.
471 758 115 39 Law
613 769 57 28 vol
751 759 95 44 I-II)

153 816 282 47 “Compiled,
471 814 161 40 edited
669 814 96 39 and
798 813 252 48 published
1084 823 127 37 upon
1246 813 84 40 the
1362 811 216 41 William
1612 812 71 39 W.
1717 811 130 40 Cook
81 812 1967 102 endowment
230 871 502 41 fund.”—Foreword.

150 930 125 40 “One
305 929 240 40 thousand
574 926 161 49 copies
761 927 126 39 have
912 927 116 39 been
1058 925 193 48 printed
1280 929 53 36 at
1363 926 83 39 the
1475 924 240 40 Lakeside
1741 934 150 38 press,
1924 925 55 39 R.
2011 925 53 40 R.

83 987 261 46 Donnelley
368 985 36 40 &
429 995 112 29 sons
567 994 248 37 company,
846 982 222 49 Chicago,
1099 981 231 40 Illinois.”

84 1052 49 53 ©
160 1056 126 39 June
307 1054 69 47 29,
401 1053 139 46 1935;
566 1053 64 40 2c.
656 1052 117 40 each
799 1053 94 38 and
918 1051 83 40 aff.
1027 1052 115 47 July
1168 1050 52 48 5;
1250 1052 41 38 A
1317 1049 169 48 83900;
1519 1049 282 49 University
1825 1050 54 40 of
147 1048 1904 112 Michigan,
278 1112 110 38 Ann
413 1111 169 39 Arbor.
652 1108 278 49 (35-28004)

84 1213 326 53 Minnesota
437 1212 306 54 historical
770 1212 243 63 society.

154 1288 182 55 Guide
372 1296 57 47 to
465 1289 94 53 the
596 1287 262 70 personal
895 1304 204 51 papers
1134 1287 60 52 in
1231 1285 95 53 the
1361 1284 353 69 manuscript
1749 1282 321 57 collections

86 1367 61 52 of
187 1365 92 53 the
321 1366 319 53 Minnesota
684 1364 292 54 historical
1020 1363 226 70 society,
1291 1361 279 71 compiled
1614 1363 76 69 by
1735 1361 183 56 Grace
1959 1362 112 55 Lee

86 1439 1984 69 Nute … and Gertrude W. Ackermann … Saint Paul, The
85 1520 315 55 Minnesota
429 1518 293 57 historical
751 1517 229 71 society,
1012 1520 151 52 1935.

185 1622 8 13 x,
222 1594 70 48 [2],
318 1592 85 39 140
424 1602 43 38 p.
521 1593 115 40 23cm.
704 1592 298 48 (Half-title:
1027 1590 332 42 Publications
1386 1591 52 40 of
1463 1592 81 40 the
1572 1590 276 41 Minnesota
83 1588 1969 100 historical

179 1647 842 49 society … Special bulletins, I)
87 1714 49 53 ©
162 1720 110 47 Apr.
301 1720 58 38 25
400 1719 139 45 1935;
569 1720 67 40 2c.
667 1720 116 48 July
814 1720 52 45 5;
899 1719 80 40 aff.
1013 1720 114 48 July
1156 1720 52 46 3;
1241 1720 41 38 A
1311 1719 170 47 84528;
1514 1719 274 40 Minnesota
1818 1718 252 41 historical

151 1787 89 28 soc.
311 1777 279 47 (35-27911)

86 1879 140 53 New
255 1879 160 54 York
450 1881 218 66 (State)
751 1880 180 67 Laws,
960 1886 257 61 statutes,
1245 1885 100 47 etc.

257 1957 1815 68 … The Penal law and the Code of criminal procedure of
88 2035 91 52 the
223 2040 144 48 state
415 2035 63 54 of
525 2037 137 52 New
711 2036 176 66 York,
936 2035 139 52 with
1125 2039 132 51 1935
1308 2036 404 65 amendments,
1758 2035 189 53 edited
1994 2035 75 68 by

88 2113 1982 68 Harold St. L. O’Dougherty … Brooklyn, N. Y., The Eagle
87 2191 229 67 library,
342 2192 107 52 inc.
483 2193 192 65 [c1935]

151 2263 81 41 361
261 2274 41 38 p.
359 2262 145 40 22½cm.

154 2321 152 39 Three
332 2330 145 38 pages
504 2322 51 37 at
580 2321 92 41 end
697 2320 79 40 for
806 2319 383 41 “Memoranda”.

89 2385 49 53 ©
165 2390 125 40 June
317 2391 69 47 14,
413 2390 117 41 1935;
585 2391 66 40 2c.
682 2392 95 38 and
806 2389 80 41 aff.
918 2391 128 39 June
1073 2390 82 47 26;
1187 2391 41 39 A
1260 2390 169 47 84428;
1466 2391 147 47 Eagle
1643 2391 197 47 library,
1870 2390 89 39 inc.

89 2547 174 55 News
285 2550 199 53 stories
507 2549 64 55 of
599 2554 160 62 1934;
788 2569 31 33 a
844 2552 295 52 collection
1164 2550 63 54 of
1253 2569 149 35 some
1429 2549 64 53 of
1518 2552 95 52 the
1638 2552 120 53 best
1782 2569 150 34 news
1959 2550 111 52 and

155 2627 221 54 feature
401 2630 199 51 stories
626 2628 63 52 of
715 2628 227 54 various
968 2634 162 61 types
1158 2629 184 52 which
1369 2629 284 67 appeared
1681 2631 60 51 in
1767 2628 304 53 American

156 2706 1916 65 newspapers in 1934, edited by Frank Luther Mott … and a
155 2779 1917 71 staff of co-operating editors … Iowa City, Ia., The Clio
157 2878 171 49 press,
356 2862 148 51 1935.

155 2932 852 49 1 p. l., v-x p., 1 l., 305 p. 21½cm.
90 2997 49 53 ©
164 3004 118 38 Mar.
308 3004 39 46 1,
375 3001 139 47 1935;
542 3003 67 40 2c.
634 3004 95 38 and
755 3002 82 41 aff.
864 3003 124 39 June
1015 3003 54 39 12;
1126 3003 41 38 A
1195 3001 168 48 84195;
1392 3002 103 41 Clio
1523 3013 147 37 press.

93 3101 1979 72 Oklahoma current digest … [Volume 11, no. 1] Compiled by
159 3182 144 53 Paul
327 3183 71 51 D.
423 3182 194 67 Busby
643 3182 111 52 and
778 3183 62 55 C.
865 3184 88 53 W.
977 3184 130 53 Van
1132 3184 204 51 Eaton.
1398 3183 320 55 Oklahoma
1746 3182 152 69 City,
1924 3183 150 68 Okl.,

158 3259 235 53 Harlow
422 3259 333 67 publishing
782 3261 361 66 corporation
1194 3264 174 63 [c1935]

159 3330 601 49 1 p. l., 90 p., 1 l. 24cm.
159 3387 143 40 “This
343 3387 133 40 issue
516 3387 223 41 contains
778 3388 226 41 material
1047 3388 255 48 published
1346 3389 345 48 subsequently
1737 3392 47 37 to
1834 3389 242 41 Harlow’s

93 3441 259 42 Oklahoma
380 3444 112 40 civil
520 3444 155 47 digest
702 3446 95 38 and
825 3446 341 47 supplements,
1197 3447 95 38 and
1322 3445 184 40 Shive’s
1534 3445 170 48 digest,
1732 3446 87 40 3rd
1847 3444 227 41 edition.”

94 3493 49 53 ©
175 3500 111 48 May
318 3501 69 46 23,
422 3499 115 41 1935;
595 3501 65 40 2c.
695 3502 116 47 July
843 3503 50 45 1;
929 3501 80 40 aff.
1045 3502 126 39 June
1203 3503 82 46 13;
1321 3502 41 39 A
1394 3501 168 47 83862;
1600 3503 201 39 Harlow
1835 3503 94 48 pub
159 3513 1898 90 corporation.

96 3652 269 70 Pearson,
392 3660 191 63 Drew,
615 3661 169 53 1897-

164 3732 474 71 Supplementary
666 3742 58 46 to
752 3738 120 51 The
899 3738 304 52 American
1233 3738 334 67 diplomatic
1595 3756 179 49 game,
1801 3739 75 66 by
1902 3739 168 53 Drew

98 3808 242 56 Pearson
401 3814 110 50 and
573 3814 370 54 Constantine
1004 3818 226 49 Brown.
1330 3815 249 66 [Garden
1640 3816 152 66 City,
1852 3816 68 51 N.
1983 3818 90 64 Y.,

96 3884 233 57 Printed
358 3896 58 46 at
443 3891 119 51 The
591 3890 257 67 Country
874 3890 105 54 life
1006 3909 173 49 press,
1231 3895 150 63 c1935]
