<alto xmlns="http://www.loc.gov/standards/alto/ns-v3#" xmlns:xsi="http://www.w3.org/2001/XMLSchema-instance" xsi:schemaLocation="http://www.loc.gov/standards/alto/ns-v3# http://www.loc.gov/alto/v3/alto-3-0.xsd"><Description>
<MeasurementUnit>pixel</MeasurementUnit>
<sourceImageInformation>
<fileName>1935_v32_Part1.pdf</fileName>
</sourceImageInformation>
<OCRProcessing ID="IdOcr">
<ocrProcessingStep>
<processingDateTime>2019-01-15</processingDateTime>
<processingSoftware>
<softwareCreator>ABBYY</softwareCreator>
<softwareName>ABBYY Recognition Server</softwareName>
<softwareVersion>4.0</softwareVersion>
</processingSoftware>
</ocrProcessingStep>
</OCRProcessing>
</Description>
<Styles>
<ParagraphStyle ALIGN="Left" FIRSTLINE="0." ID="StyleId-FFFFFFFF-FFFF-FFFF-FFFF-FFFFFFFFFFFF-" LEFT="0." RIGHT="0." />
<ParagraphStyle ALIGN="Left" FIRSTLINE="0." ID="StyleId-09A13A44-4F77-4ABE-84F3-84CC8B3C72CE-" LEFT="0." LINESPACE="7.699999809" RIGHT="0." />
<ParagraphStyle ALIGN="Left" FIRSTLINE="-10." ID="StyleId-1F945060-F8CD-4435-B69A-5FF49DB0C586-" LEFT="0." LINESPACE="12.19999981" RIGHT="0." />
<ParagraphStyle ALIGN="Block" FIRSTLINE="-14." ID="StyleId-C6CAE747-F5A4-4D0D-8D74-D452DA7E2C1C-" LEFT="0." LINESPACE="8.350000381" RIGHT="0." />
<ParagraphStyle ALIGN="Left" FIRSTLINE="0." ID="StyleId-FC0F3374-189A-459E-BE29-2DC14180F022-" LEFT="0." RIGHT="0." />
<ParagraphStyle ALIGN="Left" FIRSTLINE="-12." ID="StyleId-49397C49-A894-4B3E-BA5E-1126226BA375-" LEFT="0." LINESPACE="11.09000015" RIGHT="0." />
<ParagraphStyle ALIGN="Block" FIRSTLINE="-14." ID="StyleId-9E34DD3A-E661-48BD-A3A1-6A3D48346F00-" LEFT="0." LINESPACE="11.09000015" RIGHT="0." />
<ParagraphStyle ALIGN="Left" FIRSTLINE="0." ID="StyleId-56CE54AA-A08B-4BAA-8605-F26020A0E36E-" LEFT="0." LINESPACE="9.399999619" RIGHT="0." />
<ParagraphStyle ALIGN="Left" FIRSTLINE="-11." ID="StyleId-77814FFC-C42F-4AA9-9880-EF33B947DEC8-" LEFT="0." LINESPACE="11.06999969" RIGHT="0." />
<ParagraphStyle ALIGN="Center" FIRSTLINE="0." ID="StyleId-FDE92EC0-67DC-4C7B-8A24-094B12C38B6C-" LEFT="0." LINESPACE="11.30000019" RIGHT="0." />
<ParagraphStyle ALIGN="Left" FIRSTLINE="0." ID="StyleId-65180E3B-4C93-4FB8-81EE-E026DD63DBF3-" LEFT="0." LINESPACE="11.10000038" RIGHT="0." />
<ParagraphStyle ALIGN="Left" FIRSTLINE="0." ID="StyleId-10E885C2-5813-4620-B0AA-0FBA30CF7A32-" LEFT="0." LINESPACE="9.5" RIGHT="0." />
<ParagraphStyle ALIGN="Left" FIRSTLINE="0." ID="StyleId-913C2DB5-9F02-4067-BAF7-0AED37B60BBE-" LEFT="0." LINESPACE="6.099999905" RIGHT="0." />
<ParagraphStyle ALIGN="Left" FIRSTLINE="0." ID="StyleId-9C79A9D2-8F08-4A8F-985D-B00E253ED1E5-" LEFT="0." LINESPACE="4.400000095" RIGHT="0." />
<ParagraphStyle ALIGN="Left" FIRSTLINE="0." ID="StyleId-A41F0407-FEFE-4738-9EC5-E05AFFF62781-" LEFT="0." LINESPACE="7.300000191" RIGHT="0." />
<ParagraphStyle ALIGN="Left" FIRSTLINE="0." ID="StyleId-61D37176-94E8-408D-9B87-01C406CE8AB2-" LEFT="0." LINESPACE="8.050000191" RIGHT="0." />
</Styles>
<Layout>
<Page HEIGHT="4375" ID="Page1428" PHYSICAL_IMG_NR="1428" WIDTH="2424">
<TopMargin HEIGHT="442" HPOS="0" VPOS="0" WIDTH="2424">
</TopMargin>
<LeftMargin HEIGHT="3603" HPOS="0" VPOS="442" WIDTH="166">
</LeftMargin>
<RightMargin HEIGHT="3603" HPOS="2338" VPOS="442" WIDTH="86">
</RightMargin>
<BottomMargin HEIGHT="330" HPOS="0" VPOS="4045" WIDTH="2424">
<TextBlock HEIGHT="111" HPOS="1152" ID="Page1428_Block1" LANG="en-US" STYLEREFS="StyleId-7CE87718-A931-46F1-90F2-9CFD41D5FB29-" VPOS="4078" WIDTH="411">
<TextLine HEIGHT="49" HPOS="1252" VPOS="4080" WIDTH="131">
<String CONTENT="1428" HEIGHT="49" HPOS="1252" VPOS="4080" WIDTH="131" />
</TextLine>
</TextBlock>
</BottomMargin>
<PrintSpace HEIGHT="3603" HPOS="166" VPOS="442" WIDTH="2172">
<TextBlock CS="1" HEIGHT="3603" HPOS="302" ID="Page1428_Block2" LANG="en-US" STYLEREFS="StyleId-89DEDBB2-0805-411E-AC48-A70B704AF120-" VPOS="442" WIDTH="2036">
<TextLine HEIGHT="65" HPOS="315" STYLEREFS="StyleId-F160EE16-D18C-4744-B9CE-91CFCE287AF1-" VPOS="452" WIDTH="549">
<String CONTENT="Channing," HEIGHT="65" HPOS="315" LANG="fr" VPOS="452" WIDTH="330" />
<SP HEIGHT="63" HPOS="646" VPOS="454" WIDTH="26" />
<String CONTENT="Mark." HEIGHT="56" HPOS="673" LANG="en-US" VPOS="452" WIDTH="191" />
</TextLine>
<TextLine CS="1" HEIGHT="70" HPOS="383" STYLEREFS="StyleId-146D6F56-970D-4AF6-9888-3E8C4CAA98D6-" VPOS="527" WIDTH="1924">
<String CONTENT="The" HEIGHT="52" HPOS="383" VPOS="528" WIDTH="121" />
<SP HEIGHT="49" HPOS="505" VPOS="546" WIDTH="39" />
<String CONTENT="poisoned" HEIGHT="67" HPOS="545" VPOS="528" WIDTH="271" />
<SP HEIGHT="50" HPOS="817" VPOS="530" WIDTH="42" />
<String CONTENT="mountain," HEIGHT="67" HPOS="860" VPOS="528" WIDTH="316" />
<SP HEIGHT="67" HPOS="1177" VPOS="528" WIDTH="39" />
<String CONTENT="by" HEIGHT="67" HPOS="1217" VPOS="528" WIDTH="74" />
<SP HEIGHT="67" HPOS="1292" VPOS="528" WIDTH="43" />
<String CONTENT="Mark" HEIGHT="52" HPOS="1336" VPOS="528" WIDTH="172" />
<SP HEIGHT="54" HPOS="1509" VPOS="527" WIDTH="43" />
<String CONTENT="Channing" HEIGHT="70" HPOS="1553" VPOS="527" WIDTH="309" />
<SP HEIGHT="50" HPOS="1863" VPOS="547" WIDTH="45" />
<String CONTENT="&#8230;" CS="1" />
<SP HEIGHT="53" HPOS="1966" VPOS="527" WIDTH="80" />
<String CONTENT="London," HEIGHT="68" HPOS="2047" VPOS="527" WIDTH="260" />
</TextLine>
<TextLine CS="1" HEIGHT="70" HPOS="312" STYLEREFS="StyleId-146D6F56-970D-4AF6-9888-3E8C4CAA98D6-" VPOS="603" WIDTH="893">
<String CONTENT="Hutchinson" HEIGHT="55" HPOS="312" VPOS="603" WIDTH="364" />
<SP HEIGHT="50" HPOS="677" VPOS="607" WIDTH="26" />
<String CONTENT="&amp;" HEIGHT="50" HPOS="704" VPOS="607" WIDTH="45" />
<SP HEIGHT="50" HPOS="750" VPOS="607" WIDTH="22" />
<String CONTENT="co.," HEIGHT="50" HPOS="773" VPOS="623" WIDTH="98" />
<SP HEIGHT="68" HPOS="872" VPOS="605" WIDTH="23" />
<String CONTENT="ltd." HEIGHT="54" HPOS="896" VPOS="604" WIDTH="103" />
<SP HEIGHT="34" HPOS="1000" VPOS="638" WIDTH="32" />
<String CONTENT="[1935]" CS="1" HEIGHT="65" HPOS="1054" VPOS="607" WIDTH="151" />
</TextLine>
<TextLine HEIGHT="49" HPOS="382" VPOS="677" WIDTH="334">
<String CONTENT="304" HEIGHT="40" HPOS="382" VPOS="677" WIDTH="87" />
<SP HEIGHT="48" HPOS="470" VPOS="678" WIDTH="25" />
<String CONTENT="p." HEIGHT="38" HPOS="496" VPOS="688" WIDTH="43" />
<SP HEIGHT="38" HPOS="540" VPOS="680" WIDTH="58" />
<String CONTENT="19" HEIGHT="41" HPOS="599" VPOS="677" WIDTH="57" />
<String CONTENT="cm" HEIGHT="21" HPOS="659" STYLE="superscript" VPOS="680" WIDTH="44" />
<String CONTENT="." HEIGHT="8" HPOS="707" VPOS="710" WIDTH="9" />
</TextLine>
<TextLine CS="1" HEIGHT="55" HPOS="315" VPOS="745" WIDTH="1994">
<String CONTENT="&#169;" HEIGHT="54" HPOS="315" VPOS="745" WIDTH="53" />
<SP />
<String CONTENT="1c." CS="1" />
<SP HEIGHT="40" HPOS="473" VPOS="751" WIDTH="40" />
<String CONTENT="Sept." HEIGHT="47" HPOS="514" VPOS="751" WIDTH="128" />
<SP HEIGHT="41" HPOS="643" VPOS="749" WIDTH="36" />
<String CONTENT="24," HEIGHT="46" HPOS="680" VPOS="749" WIDTH="69" />
<SP HEIGHT="44" HPOS="750" VPOS="751" WIDTH="39" />
<String CONTENT="1935;" HEIGHT="48" HPOS="790" VPOS="748" WIDTH="138" />
<SP HEIGHT="46" HPOS="929" VPOS="750" WIDTH="38" />
<String CONTENT="A" HEIGHT="39" HPOS="968" VPOS="750" WIDTH="40" />
<SP HEIGHT="39" HPOS="1009" VPOS="750" WIDTH="37" />
<String CONTENT="ad" HEIGHT="39" HPOS="1047" VPOS="750" WIDTH="61" />
<SP HEIGHT="40" HPOS="1109" VPOS="749" WIDTH="36" />
<String CONTENT="int." HEIGHT="40" HPOS="1146" VPOS="749" WIDTH="86" />
<SP HEIGHT="41" HPOS="1233" VPOS="748" WIDTH="37" />
<String CONTENT="20598" HEIGHT="43" HPOS="1271" VPOS="748" WIDTH="144" />
<SP HEIGHT="41" HPOS="1416" VPOS="750" WIDTH="16" />
<String CONTENT=":" HEIGHT="30" HPOS="1433" VPOS="761" WIDTH="9" />
<SP HEIGHT="37" HPOS="1443" VPOS="761" WIDTH="37" />
<String CONTENT="pubd." HEIGHT="47" HPOS="1481" VPOS="751" WIDTH="140" />
<SP HEIGHT="40" HPOS="1622" VPOS="751" WIDTH="40" />
<String CONTENT="July" HEIGHT="48" HPOS="1663" VPOS="751" WIDTH="117" />
<SP HEIGHT="48" HPOS="1781" VPOS="751" WIDTH="34" />
<String CONTENT="25;" HEIGHT="47" HPOS="1816" VPOS="751" WIDTH="81" />
<SP HEIGHT="45" HPOS="1898" VPOS="753" WIDTH="41" />
<String CONTENT="M." HEIGHT="38" HPOS="1940" VPOS="753" WIDTH="61" />
<SP HEIGHT="42" HPOS="2002" VPOS="751" WIDTH="38" />
<String CONTENT="Channing," HEIGHT="50" HPOS="2041" VPOS="750" WIDTH="268" />
</TextLine>
<TextLine HEIGHT="49" HPOS="385" VPOS="806" WIDTH="565">
<String CONTENT="London." HEIGHT="39" HPOS="385" VPOS="808" WIDTH="211" />
<SP HEIGHT="48" HPOS="597" VPOS="806" WIDTH="73" />
<String CONTENT="(35-19573)" HEIGHT="49" HPOS="671" VPOS="806" WIDTH="279" />
</TextLine>
<TextLine HEIGHT="66" HPOS="317" STYLEREFS="StyleId-F160EE16-D18C-4744-B9CE-91CFCE287AF1-" VPOS="908" WIDTH="1067">
<String CONTENT="Ch&#226;teillon," HEIGHT="66" HPOS="317" LANG="fr" VPOS="908" WIDTH="346" />
<SP HEIGHT="64" HPOS="664" VPOS="910" WIDTH="30" />
<String CONTENT="S&#233;bastien," HEIGHT="64" HPOS="695" LANG="fr" VPOS="909" WIDTH="329" />
<SP HEIGHT="59" HPOS="1025" VPOS="914" WIDTH="32" />
<String CONTENT="1515-1563." HEIGHT="52" HPOS="1058" LANG="en-US" VPOS="913" WIDTH="326" />
</TextLine>
<TextLine HEIGHT="70" HPOS="388" STYLEREFS="StyleId-146D6F56-970D-4AF6-9888-3E8C4CAA98D6-" VPOS="985" WIDTH="1920">
<String CONTENT="Concerning" HEIGHT="68" HPOS="388" VPOS="985" WIDTH="361" />
<SP HEIGHT="64" HPOS="750" VPOS="989" WIDTH="27" />
<String CONTENT="heretics;" HEIGHT="69" HPOS="778" VPOS="986" WIDTH="265" />
<SP HEIGHT="49" HPOS="1044" VPOS="1006" WIDTH="35" />
<String CONTENT="whether" HEIGHT="53" HPOS="1080" VPOS="988" WIDTH="252" />
<SP HEIGHT="48" HPOS="1333" VPOS="993" WIDTH="28" />
<String CONTENT="they" HEIGHT="67" HPOS="1362" VPOS="988" WIDTH="135" />
<SP HEIGHT="49" HPOS="1498" VPOS="1006" WIDTH="30" />
<String CONTENT="are" HEIGHT="34" HPOS="1529" VPOS="1007" WIDTH="94" />
<SP HEIGHT="47" HPOS="1624" VPOS="994" WIDTH="27" />
<String CONTENT="to" HEIGHT="47" HPOS="1652" VPOS="994" WIDTH="59" />
<SP HEIGHT="53" HPOS="1712" VPOS="988" WIDTH="27" />
<String CONTENT="be" HEIGHT="53" HPOS="1740" VPOS="988" WIDTH="67" />
<SP HEIGHT="48" HPOS="1808" VPOS="1007" WIDTH="30" />
<String CONTENT="persecuted" HEIGHT="66" HPOS="1839" VPOS="989" WIDTH="325" />
<SP HEIGHT="52" HPOS="2165" VPOS="989" WIDTH="31" />
<String CONTENT="and" HEIGHT="53" HPOS="2197" VPOS="989" WIDTH="111" />
</TextLine>
<TextLine HEIGHT="70" HPOS="317" STYLEREFS="StyleId-146D6F56-970D-4AF6-9888-3E8C4CAA98D6-" VPOS="1064" WIDTH="1990">
<String CONTENT="how" HEIGHT="53" HPOS="317" VPOS="1064" WIDTH="128" />
<SP HEIGHT="48" HPOS="446" VPOS="1070" WIDTH="38" />
<String CONTENT="they" HEIGHT="68" HPOS="485" VPOS="1065" WIDTH="136" />
<SP HEIGHT="50" HPOS="622" VPOS="1083" WIDTH="37" />
<String CONTENT="are" HEIGHT="34" HPOS="660" VPOS="1083" WIDTH="96" />
<SP HEIGHT="48" HPOS="757" VPOS="1070" WIDTH="38" />
<String CONTENT="to" HEIGHT="48" HPOS="796" VPOS="1070" WIDTH="58" />
<SP HEIGHT="53" HPOS="855" VPOS="1065" WIDTH="38" />
<String CONTENT="be" HEIGHT="53" HPOS="894" VPOS="1065" WIDTH="67" />
<SP HEIGHT="49" HPOS="962" VPOS="1069" WIDTH="37" />
<String CONTENT="treated;" HEIGHT="65" HPOS="1000" VPOS="1067" WIDTH="248" />
<SP HEIGHT="48" HPOS="1249" VPOS="1084" WIDTH="41" />
<String CONTENT="a" HEIGHT="34" HPOS="1291" VPOS="1084" WIDTH="31" />
<SP HEIGHT="35" HPOS="1323" VPOS="1084" WIDTH="40" />
<String CONTENT="collection" HEIGHT="55" HPOS="1364" VPOS="1064" WIDTH="293" />
<SP HEIGHT="34" HPOS="1658" VPOS="1085" WIDTH="41" />
<String CONTENT="of" HEIGHT="54" HPOS="1700" VPOS="1065" WIDTH="65" />
<SP HEIGHT="54" HPOS="1766" VPOS="1065" WIDTH="36" />
<String CONTENT="the" HEIGHT="51" HPOS="1803" VPOS="1068" WIDTH="96" />
<SP HEIGHT="34" HPOS="1900" VPOS="1085" WIDTH="38" />
<String CONTENT="opinions" HEIGHT="69" HPOS="1939" VPOS="1065" WIDTH="263" />
<SP HEIGHT="34" HPOS="2203" VPOS="1085" WIDTH="40" />
<String CONTENT="of" HEIGHT="53" HPOS="2244" VPOS="1066" WIDTH="63" />
</TextLine>
<TextLine HEIGHT="69" HPOS="318" STYLEREFS="StyleId-146D6F56-970D-4AF6-9888-3E8C4CAA98D6-" VPOS="1142" WIDTH="1991">
<String CONTENT="learned" HEIGHT="53" HPOS="318" VPOS="1143" WIDTH="229" />
<SP HEIGHT="52" HPOS="548" VPOS="1144" WIDTH="35" />
<String CONTENT="men," HEIGHT="51" HPOS="584" VPOS="1160" WIDTH="145" />
<SP HEIGHT="68" HPOS="730" VPOS="1143" WIDTH="35" />
<String CONTENT="both" HEIGHT="53" HPOS="766" VPOS="1143" WIDTH="137" />
<SP HEIGHT="51" HPOS="904" VPOS="1145" WIDTH="37" />
<String CONTENT="ancient" HEIGHT="54" HPOS="942" VPOS="1142" WIDTH="224" />
<SP HEIGHT="47" HPOS="1167" VPOS="1148" WIDTH="36" />
<String CONTENT="and" HEIGHT="51" HPOS="1204" VPOS="1146" WIDTH="111" />
<SP HEIGHT="51" HPOS="1316" VPOS="1146" WIDTH="35" />
<String CONTENT="modern;" HEIGHT="67" HPOS="1352" VPOS="1144" WIDTH="263" />
<SP HEIGHT="49" HPOS="1616" VPOS="1162" WIDTH="40" />
<String CONTENT="an" HEIGHT="36" HPOS="1657" VPOS="1162" WIDTH="72" />
<SP HEIGHT="35" HPOS="1730" VPOS="1163" WIDTH="36" />
<String CONTENT="anonymous" HEIGHT="48" HPOS="1767" VPOS="1163" WIDTH="348" />
<SP HEIGHT="34" HPOS="2116" VPOS="1164" WIDTH="35" />
<String CONTENT="work" HEIGHT="54" HPOS="2152" VPOS="1143" WIDTH="157" />
</TextLine>
<TextLine HEIGHT="70" HPOS="318" STYLEREFS="StyleId-146D6F56-970D-4AF6-9888-3E8C4CAA98D6-" VPOS="1219" WIDTH="1992">
<String CONTENT="attributed" HEIGHT="53" HPOS="318" VPOS="1220" WIDTH="314" />
<SP HEIGHT="52" HPOS="633" VPOS="1221" WIDTH="31" />
<String CONTENT="to" HEIGHT="46" HPOS="665" VPOS="1227" WIDTH="57" />
<SP HEIGHT="56" HPOS="723" VPOS="1221" WIDTH="32" />
<String CONTENT="Sebastian" HEIGHT="58" HPOS="756" VPOS="1219" WIDTH="295" />
<SP HEIGHT="55" HPOS="1052" VPOS="1222" WIDTH="32" />
<String CONTENT="Castellio," HEIGHT="66" HPOS="1085" VPOS="1221" WIDTH="289" />
<SP HEIGHT="47" HPOS="1375" VPOS="1240" WIDTH="30" />
<String CONTENT="now" HEIGHT="34" HPOS="1406" VPOS="1240" WIDTH="126" />
<SP HEIGHT="52" HPOS="1533" VPOS="1222" WIDTH="30" />
<String CONTENT="first" HEIGHT="53" HPOS="1564" VPOS="1222" WIDTH="125" />
<SP HEIGHT="52" HPOS="1690" VPOS="1223" WIDTH="28" />
<String CONTENT="done" HEIGHT="52" HPOS="1719" VPOS="1223" WIDTH="143" />
<SP HEIGHT="54" HPOS="1863" VPOS="1220" WIDTH="30" />
<String CONTENT="into" HEIGHT="55" HPOS="1894" VPOS="1220" WIDTH="121" />
<SP HEIGHT="52" HPOS="2016" VPOS="1223" WIDTH="32" />
<String CONTENT="English," HEIGHT="69" HPOS="2049" VPOS="1220" WIDTH="261" />
</TextLine>
<TextLine HEIGHT="71" HPOS="318" STYLEREFS="StyleId-146D6F56-970D-4AF6-9888-3E8C4CAA98D6-" VPOS="1296" WIDTH="1993">
<String CONTENT="together" HEIGHT="68" HPOS="318" VPOS="1299" WIDTH="259" />
<SP HEIGHT="33" HPOS="578" VPOS="1317" WIDTH="23" />
<String CONTENT="with" HEIGHT="56" HPOS="602" VPOS="1296" WIDTH="138" />
<SP HEIGHT="51" HPOS="741" VPOS="1301" WIDTH="27" />
<String CONTENT="excerpts" HEIGHT="61" HPOS="769" VPOS="1305" WIDTH="255" />
<SP HEIGHT="52" HPOS="1025" VPOS="1300" WIDTH="24" />
<String CONTENT="from" HEIGHT="52" HPOS="1050" VPOS="1300" WIDTH="151" />
<SP HEIGHT="35" HPOS="1202" VPOS="1317" WIDTH="25" />
<String CONTENT="other" HEIGHT="52" HPOS="1228" VPOS="1300" WIDTH="162" />
<SP HEIGHT="34" HPOS="1391" VPOS="1318" WIDTH="22" />
<String CONTENT="works" HEIGHT="53" HPOS="1414" VPOS="1299" WIDTH="184" />
<SP HEIGHT="35" HPOS="1599" VPOS="1317" WIDTH="24" />
<String CONTENT="of" HEIGHT="54" HPOS="1624" VPOS="1297" WIDTH="64" />
<SP HEIGHT="58" HPOS="1689" VPOS="1297" WIDTH="25" />
<String CONTENT="Sebastian" HEIGHT="56" HPOS="1715" VPOS="1299" WIDTH="297" />
<SP HEIGHT="54" HPOS="2013" VPOS="1300" WIDTH="26" />
<String CONTENT="Castellio" HEIGHT="56" HPOS="2040" VPOS="1298" WIDTH="271" />
</TextLine>
<TextLine HEIGHT="69" HPOS="319" STYLEREFS="StyleId-146D6F56-970D-4AF6-9888-3E8C4CAA98D6-" VPOS="1375" WIDTH="1989">
<String CONTENT="and" HEIGHT="52" HPOS="319" VPOS="1377" WIDTH="111" />
<SP HEIGHT="52" HPOS="431" VPOS="1377" WIDTH="33" />
<String CONTENT="David" HEIGHT="54" HPOS="465" VPOS="1375" WIDTH="192" />
<SP HEIGHT="55" HPOS="658" VPOS="1377" WIDTH="34" />
<String CONTENT="Joris" HEIGHT="56" HPOS="693" LANG="de" VPOS="1376" WIDTH="157" />
<SP HEIGHT="34" HPOS="851" VPOS="1397" WIDTH="32" />
<String CONTENT="on" HEIGHT="34" HPOS="884" VPOS="1397" WIDTH="70" />
<SP HEIGHT="36" HPOS="955" VPOS="1395" WIDTH="34" />
<String CONTENT="religious" HEIGHT="69" HPOS="990" VPOS="1375" WIDTH="271" />
<SP HEIGHT="53" HPOS="1262" VPOS="1377" WIDTH="33" />
<String CONTENT="liberty," HEIGHT="67" HPOS="1296" VPOS="1376" WIDTH="224" />
<SP HEIGHT="66" HPOS="1521" VPOS="1377" WIDTH="31" />
<String CONTENT="by" HEIGHT="66" HPOS="1553" VPOS="1377" WIDTH="76" />
<SP HEIGHT="65" HPOS="1630" VPOS="1378" WIDTH="33" />
<String CONTENT="Roland" HEIGHT="53" HPOS="1664" VPOS="1377" WIDTH="227" />
<SP HEIGHT="52" HPOS="1892" VPOS="1378" WIDTH="34" />
<String CONTENT="H." HEIGHT="52" HPOS="1927" VPOS="1378" WIDTH="76" />
<SP HEIGHT="51" HPOS="2004" VPOS="1379" WIDTH="37" />
<String CONTENT="Bainton." HEIGHT="54" HPOS="2042" VPOS="1377" WIDTH="266" />
</TextLine>
<TextLine HEIGHT="69" HPOS="317" STYLEREFS="StyleId-146D6F56-970D-4AF6-9888-3E8C4CAA98D6-" VPOS="1453" WIDTH="1420">
<String CONTENT="New" HEIGHT="53" HPOS="317" VPOS="1455" WIDTH="138" />
<SP HEIGHT="52" HPOS="456" VPOS="1456" WIDTH="32" />
<String CONTENT="York," HEIGHT="62" HPOS="489" VPOS="1455" WIDTH="179" />
<SP HEIGHT="62" HPOS="669" VPOS="1455" WIDTH="32" />
<String CONTENT="Columbia" HEIGHT="57" HPOS="702" VPOS="1453" WIDTH="298" />
<SP HEIGHT="35" HPOS="1001" VPOS="1473" WIDTH="29" />
<String CONTENT="university" HEIGHT="68" HPOS="1031" VPOS="1453" WIDTH="319" />
<SP HEIGHT="49" HPOS="1351" VPOS="1473" WIDTH="29" />
<String CONTENT="press," HEIGHT="49" HPOS="1381" VPOS="1473" WIDTH="172" />
<SP HEIGHT="56" HPOS="1554" VPOS="1461" WIDTH="34" />
<String CONTENT="1935." HEIGHT="50" HPOS="1589" VPOS="1459" WIDTH="148" />
</TextLine>
<TextLine CS="1" HEIGHT="50" HPOS="391" VPOS="1525" WIDTH="1921">
<String CONTENT="xiv," HEIGHT="48" HPOS="391" VPOS="1526" WIDTH="96" />
<SP HEIGHT="47" HPOS="488" VPOS="1527" WIDTH="37" />
<String CONTENT="342" HEIGHT="42" HPOS="526" VPOS="1525" WIDTH="87" />
<SP HEIGHT="49" HPOS="614" VPOS="1525" WIDTH="37" />
<String CONTENT="p." HEIGHT="38" HPOS="652" VPOS="1536" WIDTH="42" />
<SP HEIGHT="41" HPOS="695" VPOS="1526" WIDTH="58" />
<String CONTENT="front.," HEIGHT="48" HPOS="754" VPOS="1526" WIDTH="163" />
<SP HEIGHT="37" HPOS="918" VPOS="1538" WIDTH="39" />
<String CONTENT="ports.," HEIGHT="46" HPOS="958" VPOS="1529" WIDTH="162" />
<SP HEIGHT="48" HPOS="1121" VPOS="1526" WIDTH="39" />
<String CONTENT="facsims." HEIGHT="41" HPOS="1161" VPOS="1526" WIDTH="216" />
<SP HEIGHT="42" HPOS="1378" VPOS="1525" WIDTH="67" />
<String CONTENT="23&#189;" CS="1" HEIGHT="42" HPOS="1446" VPOS="1525" WIDTH="54" />
<String CONTENT="cm" CS="1" HEIGHT="21" HPOS="1534" STYLE="superscript" VPOS="1529" WIDTH="15" />
<String CONTENT="." HEIGHT="9" HPOS="1583" VPOS="1558" WIDTH="9" />
<SP />
<String CONTENT="(Half-title:" HEIGHT="49" HPOS="1670" VPOS="1526" WIDTH="300" />
<SP HEIGHT="40" HPOS="1971" VPOS="1526" WIDTH="37" />
<String CONTENT="Records" HEIGHT="41" HPOS="2009" VPOS="1526" WIDTH="213" />
<SP HEIGHT="29" HPOS="2223" VPOS="1538" WIDTH="38" />
<String CONTENT="of" HEIGHT="39" HPOS="2262" VPOS="1527" WIDTH="50" />
</TextLine>
<TextLine HEIGHT="50" HPOS="319" VPOS="1582" WIDTH="1994">
<String CONTENT="civilization" HEIGHT="41" HPOS="319" VPOS="1583" WIDTH="298" />
<SP HEIGHT="30" HPOS="618" VPOS="1593" WIDTH="18" />
<String CONTENT=":" HEIGHT="29" HPOS="637" VPOS="1594" WIDTH="9" />
<SP HEIGHT="30" HPOS="647" VPOS="1594" WIDTH="30" />
<String CONTENT="sources" HEIGHT="31" HPOS="678" VPOS="1593" WIDTH="194" />
<SP HEIGHT="31" HPOS="873" VPOS="1593" WIDTH="29" />
<String CONTENT="and" HEIGHT="39" HPOS="903" VPOS="1584" WIDTH="91" />
<SP HEIGHT="40" HPOS="995" VPOS="1584" WIDTH="30" />
<String CONTENT="studies," HEIGHT="48" HPOS="1026" VPOS="1584" WIDTH="201" />
<SP HEIGHT="38" HPOS="1228" VPOS="1594" WIDTH="27" />
<String CONTENT="ed." HEIGHT="39" HPOS="1256" VPOS="1585" WIDTH="71" />
<SP HEIGHT="29" HPOS="1328" VPOS="1595" WIDTH="29" />
<String CONTENT="under" HEIGHT="40" HPOS="1358" VPOS="1584" WIDTH="154" />
<SP HEIGHT="38" HPOS="1513" VPOS="1586" WIDTH="27" />
<String CONTENT="the" HEIGHT="40" HPOS="1541" VPOS="1584" WIDTH="82" />
<SP HEIGHT="30" HPOS="1624" VPOS="1594" WIDTH="26" />
<String CONTENT="auspices" HEIGHT="49" HPOS="1651" VPOS="1582" WIDTH="222" />
<SP HEIGHT="28" HPOS="1874" VPOS="1595" WIDTH="27" />
<String CONTENT="of" HEIGHT="41" HPOS="1902" VPOS="1582" WIDTH="52" />
<SP HEIGHT="41" HPOS="1955" VPOS="1582" WIDTH="25" />
<String CONTENT="the" HEIGHT="39" HPOS="1981" VPOS="1584" WIDTH="82" />
<SP HEIGHT="39" HPOS="2064" VPOS="1584" WIDTH="28" />
<String CONTENT="Dept." HEIGHT="47" HPOS="2093" VPOS="1584" WIDTH="140" />
<SP HEIGHT="28" HPOS="2234" VPOS="1595" WIDTH="27" />
<String CONTENT="of" HEIGHT="41" HPOS="2262" VPOS="1582" WIDTH="51" />
</TextLine>
<TextLine CS="1" HEIGHT="48" HPOS="320" VPOS="1640" WIDTH="1188">
<String CONTENT="history," HEIGHT="47" HPOS="320" VPOS="1640" WIDTH="202" />
<SP HEIGHT="46" HPOS="523" VPOS="1640" WIDTH="31" />
<String CONTENT="Columbia" HEIGHT="40" HPOS="555" VPOS="1640" WIDTH="251" />
<SP HEIGHT="30" HPOS="807" VPOS="1650" WIDTH="30" />
<String CONTENT="university" HEIGHT="47" HPOS="838" VPOS="1641" WIDTH="271" />
<SP HEIGHT="37" HPOS="1110" VPOS="1651" WIDTH="32" />
<String CONTENT="&#8230;" CS="1" />
<SP HEIGHT="29" HPOS="1190" VPOS="1651" WIDTH="60" />
<String CONTENT="vol." HEIGHT="39" HPOS="1251" VPOS="1641" WIDTH="92" />
<SP HEIGHT="29" HPOS="1344" VPOS="1651" WIDTH="29" />
<String CONTENT="XXII)" CS="1" HEIGHT="46" HPOS="1494" VPOS="1640" WIDTH="14" />
</TextLine>
<TextLine HEIGHT="48" HPOS="392" VPOS="1695" WIDTH="1920">
<String CONTENT="&#8220;A" HEIGHT="40" HPOS="392" VPOS="1696" WIDTH="70" />
<SP HEIGHT="40" HPOS="463" VPOS="1696" WIDTH="24" />
<String CONTENT="finding" HEIGHT="48" HPOS="488" VPOS="1695" WIDTH="186" />
<SP HEIGHT="47" HPOS="675" VPOS="1696" WIDTH="22" />
<String CONTENT="list" HEIGHT="40" HPOS="698" VPOS="1696" WIDTH="85" />
<SP HEIGHT="38" HPOS="784" VPOS="1698" WIDTH="27" />
<String CONTENT="of" HEIGHT="40" HPOS="812" VPOS="1696" WIDTH="52" />
<SP HEIGHT="40" HPOS="865" VPOS="1696" WIDTH="24" />
<String CONTENT="the" HEIGHT="40" HPOS="890" VPOS="1697" WIDTH="81" />
<SP HEIGHT="30" HPOS="972" VPOS="1707" WIDTH="27" />
<String CONTENT="works" HEIGHT="41" HPOS="1000" VPOS="1697" WIDTH="160" />
<SP HEIGHT="31" HPOS="1161" VPOS="1707" WIDTH="26" />
<String CONTENT="of" HEIGHT="41" HPOS="1188" VPOS="1696" WIDTH="52" />
<SP HEIGHT="42" HPOS="1241" VPOS="1696" WIDTH="28" />
<String CONTENT="Sebastian" HEIGHT="43" HPOS="1270" VPOS="1695" WIDTH="255" />
<SP HEIGHT="40" HPOS="1526" VPOS="1696" WIDTH="29" />
<String CONTENT="Franck" HEIGHT="40" HPOS="1556" VPOS="1696" WIDTH="192" />
<SP HEIGHT="40" HPOS="1749" VPOS="1695" WIDTH="25" />
<String CONTENT="in" HEIGHT="40" HPOS="1775" VPOS="1695" WIDTH="49" />
<SP HEIGHT="30" HPOS="1825" VPOS="1707" WIDTH="27" />
<String CONTENT="some" HEIGHT="32" HPOS="1853" VPOS="1705" WIDTH="131" />
<SP HEIGHT="40" HPOS="1985" VPOS="1696" WIDTH="23" />
<String CONTENT="libraries" HEIGHT="41" HPOS="2009" VPOS="1695" WIDTH="226" />
<SP HEIGHT="30" HPOS="2236" VPOS="1705" WIDTH="25" />
<String CONTENT="of" HEIGHT="40" HPOS="2262" VPOS="1695" WIDTH="50" />
</TextLine>
<TextLine HEIGHT="51" HPOS="321" VPOS="1753" WIDTH="901">
<String CONTENT="the" HEIGHT="39" HPOS="321" VPOS="1755" WIDTH="83" />
<SP HEIGHT="41" HPOS="405" VPOS="1754" WIDTH="27" />
<String CONTENT="United" HEIGHT="41" HPOS="433" VPOS="1754" WIDTH="178" />
<SP HEIGHT="42" HPOS="612" VPOS="1753" WIDTH="33" />
<String CONTENT="States&#8221;" HEIGHT="42" HPOS="646" VPOS="1753" WIDTH="192" />
<SP HEIGHT="41" HPOS="839" VPOS="1753" WIDTH="16" />
<String CONTENT=":" HEIGHT="30" HPOS="856" VPOS="1764" WIDTH="10" />
<SP HEIGHT="38" HPOS="867" VPOS="1764" WIDTH="28" />
<String CONTENT="p." HEIGHT="38" HPOS="896" VPOS="1764" WIDTH="44" />
<SP HEIGHT="31" HPOS="941" VPOS="1773" WIDTH="31" />
<String CONTENT="[313]-316." HEIGHT="51" HPOS="973" VPOS="1753" WIDTH="249" />
</TextLine>
<TextLine HEIGHT="50" HPOS="391" VPOS="1810" WIDTH="731">
<String CONTENT="Bibliography:" HEIGHT="48" HPOS="391" VPOS="1810" WIDTH="377" />
<SP HEIGHT="38" HPOS="769" VPOS="1821" WIDTH="27" />
<String CONTENT="p." HEIGHT="38" HPOS="797" VPOS="1821" WIDTH="42" />
<SP HEIGHT="31" HPOS="840" VPOS="1829" WIDTH="31" />
<String CONTENT="[317]-325." HEIGHT="50" HPOS="872" VPOS="1810" WIDTH="250" />
</TextLine>
<TextLine HEIGHT="53" HPOS="319" VPOS="1877" WIDTH="1992">
<String CONTENT="&#169;" HEIGHT="53" HPOS="319" VPOS="1877" WIDTH="53" />
<SP HEIGHT="53" HPOS="373" VPOS="1877" WIDTH="30" />
<String CONTENT="Oct." HEIGHT="40" HPOS="404" VPOS="1882" WIDTH="101" />
<SP HEIGHT="40" HPOS="506" VPOS="1882" WIDTH="30" />
<String CONTENT="3," HEIGHT="46" HPOS="537" VPOS="1882" WIDTH="40" />
<SP HEIGHT="47" HPOS="578" VPOS="1881" WIDTH="30" />
<String CONTENT="1935" HEIGHT="40" HPOS="609" VPOS="1881" WIDTH="117" />
<SP HEIGHT="47" HPOS="727" VPOS="1881" WIDTH="13" />
<String CONTENT=";" HEIGHT="36" HPOS="741" VPOS="1892" WIDTH="9" />
<SP HEIGHT="47" HPOS="751" VPOS="1881" WIDTH="31" />
<String CONTENT="2c." HEIGHT="41" HPOS="783" VPOS="1881" WIDTH="66" />
<SP HEIGHT="41" HPOS="850" VPOS="1881" WIDTH="31" />
<String CONTENT="Oct." HEIGHT="41" HPOS="882" VPOS="1881" WIDTH="103" />
<SP HEIGHT="42" HPOS="986" VPOS="1880" WIDTH="28" />
<String CONTENT="9;" HEIGHT="48" HPOS="1015" VPOS="1880" WIDTH="53" />
<SP HEIGHT="37" HPOS="1069" VPOS="1891" WIDTH="34" />
<String CONTENT="aff." HEIGHT="40" HPOS="1104" VPOS="1881" WIDTH="80" />
<SP HEIGHT="41" HPOS="1185" VPOS="1881" WIDTH="31" />
<String CONTENT="Oct." HEIGHT="41" HPOS="1217" VPOS="1881" WIDTH="100" />
<SP HEIGHT="38" HPOS="1318" VPOS="1883" WIDTH="33" />
<String CONTENT="7;" HEIGHT="45" HPOS="1352" VPOS="1883" WIDTH="51" />
<SP HEIGHT="46" HPOS="1404" VPOS="1882" WIDTH="33" />
<String CONTENT="A" HEIGHT="38" HPOS="1438" VPOS="1882" WIDTH="41" />
<SP HEIGHT="40" HPOS="1480" VPOS="1881" WIDTH="31" />
<String CONTENT="87544;" HEIGHT="46" HPOS="1512" VPOS="1881" WIDTH="169" />
<SP HEIGHT="47" HPOS="1682" VPOS="1880" WIDTH="33" />
<String CONTENT="Columbia" HEIGHT="42" HPOS="1716" VPOS="1879" WIDTH="251" />
<SP HEIGHT="30" HPOS="1968" VPOS="1890" WIDTH="31" />
<String CONTENT="univ." HEIGHT="43" HPOS="2000" VPOS="1877" WIDTH="131" />
<SP HEIGHT="37" HPOS="2132" VPOS="1889" WIDTH="32" />
<String CONTENT="press." HEIGHT="38" HPOS="2165" VPOS="1888" WIDTH="146" />
</TextLine>
<TextLine HEIGHT="49" HPOS="396" VPOS="1937" WIDTH="281">
<String CONTENT="(35-20696)" HEIGHT="49" HPOS="396" VPOS="1937" WIDTH="281" />
</TextLine>
<TextLine HEIGHT="64" HPOS="322" STYLEREFS="StyleId-F160EE16-D18C-4744-B9CE-91CFCE287AF1-" VPOS="2041" WIDTH="479">
<String CONTENT="Clappen," HEIGHT="64" HPOS="322" VPOS="2041" WIDTH="274" />
<SP HEIGHT="64" HPOS="597" VPOS="2041" WIDTH="28" />
<String CONTENT="John." HEIGHT="56" HPOS="626" VPOS="2041" WIDTH="175" />
</TextLine>
<TextLine CS="1" HEIGHT="148" HPOS="321" STYLEREFS="StyleId-146D6F56-970D-4AF6-9888-3E8C4CAA98D6-" VPOS="2112" WIDTH="1964">
<String CONTENT="They" HEIGHT="70" HPOS="389" VPOS="2115" WIDTH="160" />
<SP HEIGHT="70" HPOS="550" VPOS="2115" WIDTH="33" />
<String CONTENT="followed" HEIGHT="54" HPOS="584" VPOS="2115" WIDTH="267" />
<SP HEIGHT="52" HPOS="852" VPOS="2117" WIDTH="30" />
<String CONTENT="dancing;" HEIGHT="68" HPOS="883" VPOS="2117" WIDTH="276" />
<SP HEIGHT="46" HPOS="1160" VPOS="2135" WIDTH="36" />
<String CONTENT="an" HEIGHT="34" HPOS="1197" VPOS="2135" WIDTH="70" />
<SP HEIGHT="51" HPOS="1268" VPOS="2117" WIDTH="31" />
<String CONTENT="historical" HEIGHT="54" HPOS="1300" VPOS="2115" WIDTH="293" />
<SP HEIGHT="52" HPOS="1594" VPOS="2116" WIDTH="32" />
<String CONTENT="novel," HEIGHT="68" HPOS="1627" VPOS="2114" WIDTH="184" />
<SP HEIGHT="67" HPOS="1812" VPOS="2115" WIDTH="27" />
<String CONTENT="by" HEIGHT="69" HPOS="1840" VPOS="2115" WIDTH="77" />
<SP HEIGHT="70" HPOS="1918" VPOS="2114" WIDTH="29" />
<String CONTENT="John" HEIGHT="55" HPOS="1948" VPOS="2113" WIDTH="155" />
<SP HEIGHT="55" HPOS="2104" VPOS="2113" WIDTH="36" />
<String CONTENT="Clappen." HEIGHT="148" HPOS="321" VPOS="2112" WIDTH="1964" />
</TextLine>
<TextLine HEIGHT="68" HPOS="520" STYLEREFS="StyleId-146D6F56-970D-4AF6-9888-3E8C4CAA98D6-" VPOS="2193" WIDTH="1445">
<String CONTENT="London." HEIGHT="53" HPOS="520" LANG="en-US" VPOS="2194" WIDTH="257" />
<SP HEIGHT="52" HPOS="778" VPOS="2195" WIDTH="32" />
<String CONTENT="Toronto," HEIGHT="66" HPOS="811" LANG="en-US" VPOS="2195" WIDTH="270" />
<SP HEIGHT="66" HPOS="1082" VPOS="2195" WIDTH="29" />
<String CONTENT="W." HEIGHT="52" HPOS="1112" LANG="en-US" VPOS="2195" WIDTH="88" />
<SP HEIGHT="52" HPOS="1201" VPOS="2194" WIDTH="35" />
<String CONTENT="Heinemann," HEIGHT="67" HPOS="1237" LANG="fr" VPOS="2194" WIDTH="380" />
<SP HEIGHT="66" HPOS="1618" VPOS="2195" WIDTH="31" />
<String CONTENT="ltd." HEIGHT="53" HPOS="1650" LANG="en-US" VPOS="2193" WIDTH="101" />
<SP HEIGHT="35" HPOS="1752" VPOS="2225" WIDTH="41" />
<String CONTENT="[1935]" HEIGHT="64" HPOS="1794" LANG="en-US" VPOS="2196" WIDTH="171" />
</TextLine>
<TextLine CS="1" HEIGHT="50" HPOS="389" VPOS="2265" WIDTH="551">
<String CONTENT="3" HEIGHT="40" HPOS="389" LANG="en-US" VPOS="2267" WIDTH="27" />
<SP HEIGHT="47" HPOS="417" VPOS="2267" WIDTH="24" />
<String CONTENT="p." HEIGHT="38" HPOS="442" LANG="fr" VPOS="2276" WIDTH="42" />
<SP />
<String CONTENT="l." CS="1" LANG="fr" />
<String CONTENT="," HEIGHT="17" HPOS="547" LANG="en-US" VPOS="2298" WIDTH="9" />
<SP HEIGHT="48" HPOS="557" VPOS="2267" WIDTH="23" />
<String CONTENT="316" HEIGHT="42" HPOS="581" LANG="en-US" VPOS="2265" WIDTH="88" />
<SP HEIGHT="49" HPOS="670" VPOS="2265" WIDTH="21" />
<String CONTENT="p." HEIGHT="38" HPOS="692" LANG="en-US" VPOS="2276" WIDTH="43" />
<SP HEIGHT="39" HPOS="736" VPOS="2267" WIDTH="59" />
<String CONTENT="19&#189;" CS="1" HEIGHT="41" HPOS="796" LANG="en-US" VPOS="2266" WIDTH="56" />
<String CONTENT="cm" HEIGHT="23" HPOS="882" LANG="en-US" STYLE="superscript" VPOS="2268" WIDTH="46" />
<String CONTENT="." HEIGHT="10" HPOS="931" LANG="en-US" VPOS="2297" WIDTH="9" />
</TextLine>
<TextLine CS="1" HEIGHT="53" HPOS="322" VPOS="2333" WIDTH="1990">
<String CONTENT="&#169;" HEIGHT="53" HPOS="322" VPOS="2333" WIDTH="53" />
<SP />
<String CONTENT="1c." CS="1" />
<SP HEIGHT="40" HPOS="476" VPOS="2338" WIDTH="35" />
<String CONTENT="Oct." HEIGHT="40" HPOS="512" VPOS="2338" WIDTH="101" />
<SP HEIGHT="39" HPOS="614" VPOS="2339" WIDTH="32" />
<String CONTENT="3," HEIGHT="47" HPOS="647" VPOS="2339" WIDTH="41" />
<SP HEIGHT="46" HPOS="689" VPOS="2340" WIDTH="32" />
<String CONTENT="1935;" HEIGHT="46" HPOS="722" VPOS="2338" WIDTH="141" />
<SP HEIGHT="45" HPOS="864" VPOS="2339" WIDTH="35" />
<String CONTENT="A" HEIGHT="38" HPOS="900" VPOS="2339" WIDTH="40" />
<SP HEIGHT="39" HPOS="941" VPOS="2339" WIDTH="32" />
<String CONTENT="ad" HEIGHT="39" HPOS="974" VPOS="2339" WIDTH="63" />
<SP HEIGHT="39" HPOS="1038" VPOS="2339" WIDTH="33" />
<String CONTENT="int." HEIGHT="39" HPOS="1072" VPOS="2339" WIDTH="85" />
<SP HEIGHT="39" HPOS="1158" VPOS="2339" WIDTH="31" />
<String CONTENT="20600;" HEIGHT="46" HPOS="1190" VPOS="2338" WIDTH="170" />
<SP HEIGHT="37" HPOS="1361" VPOS="2349" WIDTH="36" />
<String CONTENT="pubd." HEIGHT="47" HPOS="1398" VPOS="2339" WIDTH="141" />
<SP HEIGHT="39" HPOS="1540" VPOS="2338" WIDTH="34" />
<String CONTENT="Aug." HEIGHT="48" HPOS="1575" VPOS="2338" WIDTH="119" />
<SP HEIGHT="40" HPOS="1695" VPOS="2338" WIDTH="34" />
<String CONTENT="6;" HEIGHT="46" HPOS="1730" VPOS="2338" WIDTH="52" />
<SP HEIGHT="45" HPOS="1783" VPOS="2339" WIDTH="36" />
<String CONTENT="J." HEIGHT="39" HPOS="1820" VPOS="2339" WIDTH="44" />
<SP HEIGHT="41" HPOS="1865" VPOS="2337" WIDTH="34" />
<String CONTENT="Clappen," HEIGHT="48" HPOS="1900" VPOS="2337" WIDTH="227" />
<SP HEIGHT="46" HPOS="2128" VPOS="2337" WIDTH="35" />
<String CONTENT="West-" HEIGHT="40" HPOS="2164" VPOS="2337" WIDTH="148" />
</TextLine>
<TextLine HEIGHT="50" HPOS="392" VPOS="2394" WIDTH="1187">
<String CONTENT="cliffe" HEIGHT="41" HPOS="392" VPOS="2394" WIDTH="129" />
<SP HEIGHT="29" HPOS="522" VPOS="2405" WIDTH="25" />
<String CONTENT="on" HEIGHT="29" HPOS="548" VPOS="2405" WIDTH="59" />
<SP HEIGHT="40" HPOS="608" VPOS="2396" WIDTH="29" />
<String CONTENT="Sea," HEIGHT="46" HPOS="638" VPOS="2396" WIDTH="103" />
<SP HEIGHT="47" HPOS="742" VPOS="2395" WIDTH="29" />
<String CONTENT="Sussex," HEIGHT="49" HPOS="772" VPOS="2395" WIDTH="192" />
<SP HEIGHT="47" HPOS="965" VPOS="2397" WIDTH="27" />
<String CONTENT="England." HEIGHT="46" HPOS="993" VPOS="2396" WIDTH="235" />
<SP HEIGHT="47" HPOS="1229" VPOS="2395" WIDTH="69" />
<String CONTENT="(35-19575)" HEIGHT="48" HPOS="1299" VPOS="2394" WIDTH="280" />
</TextLine>
<TextLine HEIGHT="67" HPOS="323" STYLEREFS="StyleId-146D6F56-970D-4AF6-9888-3E8C4CAA98D6-" VPOS="2496" WIDTH="1009">
<String CONTENT="Clark," HEIGHT="66" HPOS="323" VPOS="2496" WIDTH="193" />
<SP HEIGHT="63" HPOS="517" VPOS="2499" WIDTH="32" />
<String CONTENT="Calvin" HEIGHT="55" HPOS="550" VPOS="2497" WIDTH="203" />
<SP HEIGHT="53" HPOS="754" VPOS="2498" WIDTH="30" />
<String CONTENT="Montague," HEIGHT="65" HPOS="785" VPOS="2498" WIDTH="340" />
<SP HEIGHT="60" HPOS="1126" VPOS="2503" WIDTH="34" />
<String CONTENT="1862-" HEIGHT="49" HPOS="1161" VPOS="2502" WIDTH="171" />
</TextLine>
<TextLine CS="1" HEIGHT="304" HPOS="323" STYLEREFS="StyleId-146D6F56-970D-4AF6-9888-3E8C4CAA98D6-" VPOS="2573" WIDTH="1963">
<String CONTENT="History" HEIGHT="67" HPOS="393" VPOS="2576" WIDTH="244" />
<SP HEIGHT="48" HPOS="638" VPOS="2595" WIDTH="48" />
<String CONTENT="of" HEIGHT="51" HPOS="687" VPOS="2577" WIDTH="62" />
<SP HEIGHT="51" HPOS="750" VPOS="2577" WIDTH="49" />
<String CONTENT="the" HEIGHT="51" HPOS="800" VPOS="2578" WIDTH="94" />
<SP HEIGHT="54" HPOS="895" VPOS="2576" WIDTH="49" />
<String CONTENT="Congregational" HEIGHT="68" HPOS="945" VPOS="2576" WIDTH="484" />
<SP HEIGHT="50" HPOS="1430" VPOS="2579" WIDTH="47" />
<String CONTENT="churches" HEIGHT="52" HPOS="1478" VPOS="2577" WIDTH="269" />
<SP HEIGHT="54" HPOS="1748" VPOS="2575" WIDTH="47" />
<String CONTENT="in" HEIGHT="53" HPOS="1796" VPOS="2575" WIDTH="59" />
<SP HEIGHT="51" HPOS="1856" VPOS="2577" WIDTH="47" />
<String CONTENT="Maine," HEIGHT="52" HPOS="1904" VPOS="2576" WIDTH="208" />
<SP HEIGHT="36" HPOS="2113" VPOS="2592" WIDTH="82" />
<String CONTENT="volume" HEIGHT="134" HPOS="323" VPOS="2573" WIDTH="1963" />
<SP HEIGHT="50" HPOS="450" VPOS="2657" WIDTH="28" />
<String CONTENT="2." HEIGHT="50" HPOS="479" VPOS="2657" WIDTH="47" />
<SP HEIGHT="51" HPOS="527" VPOS="2656" WIDTH="30" />
<String CONTENT="History" HEIGHT="67" HPOS="558" VPOS="2653" WIDTH="243" />
<SP HEIGHT="48" HPOS="802" VPOS="2672" WIDTH="29" />
<String CONTENT="of" HEIGHT="53" HPOS="832" VPOS="2655" WIDTH="62" />
<SP HEIGHT="53" HPOS="895" VPOS="2655" WIDTH="26" />
<String CONTENT="the" HEIGHT="53" HPOS="922" VPOS="2655" WIDTH="99" />
<SP HEIGHT="52" HPOS="1022" VPOS="2655" WIDTH="25" />
<String CONTENT="individual" HEIGHT="53" HPOS="1048" VPOS="2655" WIDTH="326" />
<SP HEIGHT="50" HPOS="1375" VPOS="2658" WIDTH="29" />
<String CONTENT="churches," HEIGHT="66" HPOS="1405" VPOS="2655" WIDTH="286" />
<SP HEIGHT="61" HPOS="1692" VPOS="2660" WIDTH="32" />
<String CONTENT="1600-1826," HEIGHT="63" HPOS="1725" VPOS="2656" WIDTH="324" />
<SP HEIGHT="65" HPOS="2050" VPOS="2654" WIDTH="28" />
<String CONTENT="by" HEIGHT="66" HPOS="2079" VPOS="2654" WIDTH="74" />
<SP HEIGHT="67" HPOS="2154" VPOS="2653" WIDTH="30" />
<String CONTENT="Calvin" HEIGHT="133" HPOS="323" VPOS="2651" WIDTH="1962" />
<SP HEIGHT="50" HPOS="420" VPOS="2734" WIDTH="29" />
<String CONTENT="Montague" HEIGHT="65" HPOS="450" VPOS="2734" WIDTH="312" />
<SP HEIGHT="53" HPOS="763" VPOS="2734" WIDTH="29" />
<String CONTENT="Clark" HEIGHT="56" HPOS="793" VPOS="2731" WIDTH="175" />
<SP HEIGHT="50" HPOS="969" VPOS="2733" WIDTH="33" />
<String CONTENT="&#8230;" CS="1" />
<SP HEIGHT="50" HPOS="1058" VPOS="2734" WIDTH="69" />
<String CONTENT="Portland," HEIGHT="65" HPOS="1128" VPOS="2733" WIDTH="299" />
<SP HEIGHT="64" HPOS="1428" VPOS="2734" WIDTH="28" />
<String CONTENT="The" HEIGHT="52" HPOS="1457" VPOS="2733" WIDTH="120" />
<SP HEIGHT="54" HPOS="1578" VPOS="2733" WIDTH="30" />
<String CONTENT="Congregational" HEIGHT="67" HPOS="1609" VPOS="2731" WIDTH="480" />
<SP HEIGHT="54" HPOS="2090" VPOS="2731" WIDTH="30" />
<String CONTENT="Christian" HEIGHT="133" HPOS="323" VPOS="2730" WIDTH="1963" />
<SP HEIGHT="33" HPOS="446" VPOS="2829" WIDTH="28" />
<String CONTENT="conference" HEIGHT="52" HPOS="475" VPOS="2810" WIDTH="330" />
<SP HEIGHT="33" HPOS="806" VPOS="2829" WIDTH="27" />
<String CONTENT="of" HEIGHT="52" HPOS="834" VPOS="2810" WIDTH="61" />
<SP HEIGHT="52" HPOS="896" VPOS="2810" WIDTH="27" />
<String CONTENT="Maine" HEIGHT="54" HPOS="924" VPOS="2809" WIDTH="193" />
<SP HEIGHT="47" HPOS="1118" VPOS="2830" WIDTH="32" />
<String CONTENT="[" HEIGHT="34" HPOS="1151" VPOS="2843" WIDTH="12" />
<String CONTENT="c" HEIGHT="20" HPOS="1167" STYLE="superscript" VPOS="2817" WIDTH="20" />
<String CONTENT="1935]" HEIGHT="63" HPOS="1193" VPOS="2813" WIDTH="150" />
</TextLine>
<TextLine CS="1" HEIGHT="48" HPOS="393" STYLEREFS="StyleId-146D6F56-970D-4AF6-9888-3E8C4CAA98D6-" VPOS="2882" WIDTH="1102">
<String CONTENT="xviii" HEIGHT="40" HPOS="393" VPOS="2883" WIDTH="122" />
<SP HEIGHT="47" HPOS="516" VPOS="2883" WIDTH="25" />
<String CONTENT="p.," HEIGHT="37" HPOS="542" VPOS="2893" WIDTH="56" />
<SP HEIGHT="47" HPOS="599" VPOS="2882" WIDTH="26" />
<String CONTENT="2" HEIGHT="38" HPOS="626" VPOS="2882" WIDTH="30" />
<SP />
<String CONTENT="l.," CS="1" HEIGHT="16" HPOS="717" VPOS="2913" WIDTH="8" />
<SP HEIGHT="47" HPOS="726" VPOS="2882" WIDTH="24" />
<String CONTENT="433" HEIGHT="40" HPOS="751" VPOS="2882" WIDTH="85" />
<SP HEIGHT="48" HPOS="837" VPOS="2882" WIDTH="26" />
<String CONTENT="p." HEIGHT="36" HPOS="864" VPOS="2894" WIDTH="41" />
<SP HEIGHT="40" HPOS="906" VPOS="2882" WIDTH="54" />
<String CONTENT="front.," HEIGHT="47" HPOS="961" VPOS="2882" WIDTH="164" />
<SP HEIGHT="37" HPOS="1126" VPOS="2893" WIDTH="26" />
<String CONTENT="plates." HEIGHT="47" HPOS="1153" VPOS="2883" WIDTH="169" />
<SP HEIGHT="38" HPOS="1323" VPOS="2882" WIDTH="57" />
<String CONTENT="21" HEIGHT="38" HPOS="1381" VPOS="2882" WIDTH="54" />
<String CONTENT="cm" HEIGHT="21" HPOS="1440" STYLE="superscript" VPOS="2884" WIDTH="43" />
<String CONTENT="." HEIGHT="8" HPOS="1487" VPOS="2913" WIDTH="8" />
</TextLine>
<TextLine HEIGHT="53" HPOS="325" VPOS="2940" WIDTH="1984">
<String CONTENT="&#169;" HEIGHT="53" HPOS="325" VPOS="2940" WIDTH="53" />
<SP HEIGHT="53" HPOS="379" VPOS="2940" WIDTH="24" />
<String CONTENT="Oct." HEIGHT="40" HPOS="404" VPOS="2945" WIDTH="100" />
<SP HEIGHT="38" HPOS="505" VPOS="2946" WIDTH="26" />
<String CONTENT="15," HEIGHT="46" HPOS="532" VPOS="2945" WIDTH="70" />
<SP HEIGHT="45" HPOS="603" VPOS="2946" WIDTH="25" />
<String CONTENT="1985" HEIGHT="41" HPOS="629" VPOS="2943" WIDTH="113" />
<SP HEIGHT="47" HPOS="743" VPOS="2944" WIDTH="16" />
<String CONTENT=";" HEIGHT="36" HPOS="760" VPOS="2955" WIDTH="9" />
<SP HEIGHT="47" HPOS="770" VPOS="2944" WIDTH="25" />
<String CONTENT="2c." HEIGHT="40" HPOS="796" VPOS="2944" WIDTH="65" />
<SP HEIGHT="29" HPOS="862" VPOS="2955" WIDTH="26" />
<String CONTENT="and" HEIGHT="38" HPOS="889" VPOS="2946" WIDTH="96" />
<SP HEIGHT="38" HPOS="986" VPOS="2946" WIDTH="25" />
<String CONTENT="aff." HEIGHT="40" HPOS="1012" VPOS="2944" WIDTH="81" />
<SP HEIGHT="40" HPOS="1094" VPOS="2944" WIDTH="28" />
<String CONTENT="Oct." HEIGHT="40" HPOS="1123" VPOS="2944" WIDTH="101" />
<SP HEIGHT="37" HPOS="1225" VPOS="2946" WIDTH="26" />
<String CONTENT="19" HEIGHT="40" HPOS="1252" VPOS="2943" WIDTH="55" />
<SP HEIGHT="48" HPOS="1308" VPOS="2943" WIDTH="16" />
<String CONTENT=";" HEIGHT="37" HPOS="1325" VPOS="2954" WIDTH="9" />
<SP HEIGHT="47" HPOS="1335" VPOS="2944" WIDTH="28" />
<String CONTENT="A" HEIGHT="39" HPOS="1364" VPOS="2944" WIDTH="40" />
<SP HEIGHT="40" HPOS="1405" VPOS="2944" WIDTH="25" />
<String CONTENT="87795" HEIGHT="40" HPOS="1431" VPOS="2944" WIDTH="143" />
<SP HEIGHT="46" HPOS="1575" VPOS="2944" WIDTH="16" />
<String CONTENT=";" HEIGHT="36" HPOS="1592" VPOS="2954" WIDTH="9" />
<SP HEIGHT="46" HPOS="1602" VPOS="2944" WIDTH="28" />
<String CONTENT="C." HEIGHT="40" HPOS="1631" VPOS="2944" WIDTH="49" />
<SP HEIGHT="38" HPOS="1681" VPOS="2945" WIDTH="28" />
<String CONTENT="M." HEIGHT="38" HPOS="1710" VPOS="2945" WIDTH="61" />
<SP HEIGHT="40" HPOS="1772" VPOS="2944" WIDTH="27" />
<String CONTENT="Clark," HEIGHT="47" HPOS="1800" VPOS="2944" WIDTH="161" />
<SP HEIGHT="47" HPOS="1962" VPOS="2944" WIDTH="25" />
<String CONTENT="Bangor," HEIGHT="46" HPOS="1988" VPOS="2944" WIDTH="207" />
<SP HEIGHT="46" HPOS="2196" VPOS="2943" WIDTH="26" />
<String CONTENT="Me." HEIGHT="38" HPOS="2223" VPOS="2943" WIDTH="86" />
</TextLine>
<TextLine HEIGHT="66" HPOS="329" STYLEREFS="StyleId-F160EE16-D18C-4744-B9CE-91CFCE287AF1-" VPOS="3045" WIDTH="728">
<String CONTENT="Colony," HEIGHT="66" HPOS="329" VPOS="3045" WIDTH="235" />
<SP HEIGHT="64" HPOS="565" VPOS="3047" WIDTH="26" />
<String CONTENT="Horatio," HEIGHT="65" HPOS="592" VPOS="3046" WIDTH="266" />
<SP HEIGHT="57" HPOS="859" VPOS="3054" WIDTH="28" />
<String CONTENT="1900-" HEIGHT="49" HPOS="888" VPOS="3052" WIDTH="169" />
</TextLine>
<TextLine CS="1" HEIGHT="72" HPOS="396" STYLEREFS="StyleId-146D6F56-970D-4AF6-9888-3E8C4CAA98D6-" VPOS="3119" WIDTH="1911">
<String CONTENT="Free" HEIGHT="52" HPOS="396" VPOS="3125" WIDTH="142" />
<SP HEIGHT="52" HPOS="539" VPOS="3125" WIDTH="45" />
<String CONTENT="forester;" HEIGHT="65" HPOS="585" VPOS="3125" WIDTH="267" />
<SP HEIGHT="48" HPOS="853" VPOS="3142" WIDTH="50" />
<String CONTENT="a" HEIGHT="34" HPOS="904" VPOS="3142" WIDTH="30" />
<SP HEIGHT="34" HPOS="935" VPOS="3142" WIDTH="46" />
<String CONTENT="novel" HEIGHT="51" HPOS="982" VPOS="3126" WIDTH="164" />
<SP HEIGHT="51" HPOS="1147" VPOS="3126" WIDTH="44" />
<String CONTENT="of" HEIGHT="53" HPOS="1192" VPOS="3124" WIDTH="62" />
<SP HEIGHT="67" HPOS="1255" VPOS="3124" WIDTH="46" />
<String CONTENT="pioneer" HEIGHT="67" HPOS="1302" VPOS="3124" WIDTH="229" />
<SP HEIGHT="52" HPOS="1532" VPOS="3124" WIDTH="44" />
<String CONTENT="Kentucky," HEIGHT="68" HPOS="1577" VPOS="3123" WIDTH="323" />
<SP HEIGHT="67" HPOS="1901" VPOS="3124" WIDTH="46" />
<String CONTENT="by" HEIGHT="66" HPOS="1948" VPOS="3124" WIDTH="73" />
<SP HEIGHT="66" HPOS="2022" VPOS="3124" WIDTH="45" />
<String CONTENT="Horatio" HEIGHT="56" HPOS="2068" VPOS="3119" WIDTH="239" />
</TextLine>
<TextLine HEIGHT="67" HPOS="328" STYLEREFS="StyleId-146D6F56-970D-4AF6-9888-3E8C4CAA98D6-" VPOS="3202" WIDTH="1662">
<String CONTENT="Colony." HEIGHT="66" HPOS="328" VPOS="3202" WIDTH="234" />
<SP HEIGHT="51" HPOS="563" VPOS="3204" WIDTH="65" />
<String CONTENT="Boston," HEIGHT="64" HPOS="629" VPOS="3204" WIDTH="234" />
<SP HEIGHT="65" HPOS="864" VPOS="3203" WIDTH="26" />
<String CONTENT="Little," HEIGHT="65" HPOS="891" VPOS="3202" WIDTH="194" />
<SP HEIGHT="62" HPOS="1086" VPOS="3205" WIDTH="29" />
<String CONTENT="Brown," HEIGHT="61" HPOS="1116" VPOS="3205" WIDTH="227" />
<SP HEIGHT="46" HPOS="1344" VPOS="3220" WIDTH="29" />
<String CONTENT="and" HEIGHT="51" HPOS="1374" VPOS="3202" WIDTH="112" />
<SP HEIGHT="52" HPOS="1487" VPOS="3202" WIDTH="29" />
<String CONTENT="company," HEIGHT="50" HPOS="1517" VPOS="3219" WIDTH="295" />
<SP HEIGHT="58" HPOS="1813" VPOS="3209" WIDTH="31" />
<String CONTENT="1935." HEIGHT="51" HPOS="1845" VPOS="3204" WIDTH="145" />
</TextLine>
<TextLine CS="1" HEIGHT="50" HPOS="397" VPOS="3273" WIDTH="625">
<String CONTENT="3" HEIGHT="40" HPOS="397" VPOS="3274" WIDTH="27" />
<SP HEIGHT="47" HPOS="425" VPOS="3274" WIDTH="27" />
<String CONTENT="p." HEIGHT="37" HPOS="453" LANG="fr" VPOS="3284" WIDTH="42" />
<SP />
<String CONTENT="l." CS="1" LANG="fr" />
<String CONTENT="," HEIGHT="17" HPOS="559" VPOS="3304" WIDTH="10" />
<SP HEIGHT="31" HPOS="570" VPOS="3292" WIDTH="29" />
<String CONTENT="[3]-302" HEIGHT="50" HPOS="600" VPOS="3273" WIDTH="176" />
<SP HEIGHT="48" HPOS="777" VPOS="3273" WIDTH="27" />
<String CONTENT="p." HEIGHT="38" HPOS="805" VPOS="3283" WIDTH="43" />
<SP HEIGHT="39" HPOS="849" VPOS="3274" WIDTH="57" />
<String CONTENT="22" HEIGHT="38" HPOS="907" VPOS="3274" WIDTH="55" />
<String CONTENT="cm" HEIGHT="21" HPOS="965" STYLE="superscript" VPOS="3276" WIDTH="43" />
<String CONTENT="." HEIGHT="9" HPOS="1013" VPOS="3304" WIDTH="9" />
</TextLine>
<TextLine HEIGHT="47" HPOS="399" VPOS="3330" WIDTH="676">
<String CONTENT="Illustrated" HEIGHT="40" HPOS="399" VPOS="3330" WIDTH="288" />
<SP HEIGHT="39" HPOS="688" VPOS="3330" WIDTH="26" />
<String CONTENT="lining-papers." HEIGHT="47" HPOS="715" VPOS="3330" WIDTH="360" />
</TextLine>
<TextLine HEIGHT="54" HPOS="327" VPOS="3382" WIDTH="1980">
<String CONTENT="&#169;" HEIGHT="53" HPOS="327" VPOS="3383" WIDTH="53" />
<SP HEIGHT="53" HPOS="381" VPOS="3383" WIDTH="27" />
<String CONTENT="Oct." HEIGHT="40" HPOS="409" VPOS="3387" WIDTH="101" />
<SP HEIGHT="37" HPOS="511" VPOS="3389" WIDTH="28" />
<String CONTENT="18," HEIGHT="47" HPOS="540" VPOS="3387" WIDTH="67" />
<SP HEIGHT="45" HPOS="608" VPOS="3389" WIDTH="28" />
<String CONTENT="1935" HEIGHT="41" HPOS="637" VPOS="3386" WIDTH="113" />
<SP HEIGHT="46" HPOS="751" VPOS="3387" WIDTH="16" />
<String CONTENT=";" HEIGHT="35" HPOS="768" VPOS="3398" WIDTH="8" />
<SP HEIGHT="47" HPOS="777" VPOS="3386" WIDTH="28" />
<String CONTENT="2c." HEIGHT="40" HPOS="806" VPOS="3386" WIDTH="66" />
<SP HEIGHT="29" HPOS="873" VPOS="3397" WIDTH="26" />
<String CONTENT="and" HEIGHT="39" HPOS="900" VPOS="3387" WIDTH="96" />
<SP HEIGHT="39" HPOS="997" VPOS="3387" WIDTH="26" />
<String CONTENT="aff." HEIGHT="40" HPOS="1024" VPOS="3385" WIDTH="79" />
<SP HEIGHT="40" HPOS="1104" VPOS="3386" WIDTH="30" />
<String CONTENT="Oct." HEIGHT="40" HPOS="1135" VPOS="3386" WIDTH="100" />
<SP HEIGHT="37" HPOS="1236" VPOS="3388" WIDTH="29" />
<String CONTENT="19" HEIGHT="40" HPOS="1266" VPOS="3385" WIDTH="58" />
<SP HEIGHT="48" HPOS="1325" VPOS="3385" WIDTH="12" />
<String CONTENT=";" HEIGHT="36" HPOS="1338" VPOS="3397" WIDTH="9" />
<SP HEIGHT="47" HPOS="1348" VPOS="3386" WIDTH="29" />
<String CONTENT="A" HEIGHT="39" HPOS="1378" VPOS="3386" WIDTH="41" />
<SP HEIGHT="40" HPOS="1420" VPOS="3386" WIDTH="26" />
<String CONTENT="86867" HEIGHT="41" HPOS="1447" VPOS="3386" WIDTH="144" />
<SP HEIGHT="45" HPOS="1592" VPOS="3387" WIDTH="15" />
<String CONTENT=";" HEIGHT="36" HPOS="1608" VPOS="3396" WIDTH="9" />
<SP HEIGHT="46" HPOS="1618" VPOS="3386" WIDTH="30" />
<String CONTENT="H." HEIGHT="39" HPOS="1649" VPOS="3386" WIDTH="60" />
<SP HEIGHT="40" HPOS="1710" VPOS="3386" WIDTH="29" />
<String CONTENT="Colony," HEIGHT="48" HPOS="1740" VPOS="3386" WIDTH="195" />
<SP HEIGHT="48" HPOS="1936" VPOS="3386" WIDTH="28" />
<String CONTENT="Keene," HEIGHT="45" HPOS="1965" VPOS="3386" WIDTH="175" />
<SP HEIGHT="47" HPOS="2141" VPOS="3384" WIDTH="27" />
<String CONTENT="N." HEIGHT="39" HPOS="2169" LANG="fi" VPOS="3384" WIDTH="55" />
<SP HEIGHT="41" HPOS="2225" VPOS="3382" WIDTH="25" />
<String CONTENT="H." HEIGHT="39" HPOS="2251" VPOS="3382" WIDTH="56" />
</TextLine>
<TextLine HEIGHT="49" HPOS="407" VPOS="3442" WIDTH="279">
<String CONTENT="(35-19420)" HEIGHT="49" HPOS="407" VPOS="3442" WIDTH="279" />
</TextLine>
<TextLine HEIGHT="66" HPOS="333" STYLEREFS="StyleId-F160EE16-D18C-4744-B9CE-91CFCE287AF1-" VPOS="3545" WIDTH="506">
<String CONTENT="[Conger," HEIGHT="66" HPOS="333" VPOS="3545" WIDTH="265" />
<SP HEIGHT="64" HPOS="599" VPOS="3546" WIDTH="26" />
<String CONTENT="Beach]" HEIGHT="66" HPOS="626" VPOS="3545" WIDTH="213" />
</TextLine>
<TextLine CS="1" HEIGHT="71" HPOS="397" STYLEREFS="StyleId-146D6F56-970D-4AF6-9888-3E8C4CAA98D6-" VPOS="3618" WIDTH="1909">
<String CONTENT="World" HEIGHT="52" HPOS="397" VPOS="3623" WIDTH="202" />
<SP HEIGHT="52" HPOS="600" VPOS="3621" WIDTH="29" />
<String CONTENT="letters," HEIGHT="67" HPOS="630" VPOS="3621" WIDTH="211" />
<SP HEIGHT="64" HPOS="842" VPOS="3624" WIDTH="28" />
<String CONTENT="incorporated" HEIGHT="67" HPOS="871" VPOS="3622" WIDTH="395" />
<SP HEIGHT="51" HPOS="1267" VPOS="3622" WIDTH="37" />
<String CONTENT="&#8230;" CS="1" />
<SP HEIGHT="54" HPOS="1362" VPOS="3621" WIDTH="70" />
<String CONTENT="San" HEIGHT="54" HPOS="1433" VPOS="3621" WIDTH="115" />
<SP HEIGHT="54" HPOS="1549" VPOS="3621" WIDTH="32" />
<String CONTENT="Salvador," HEIGHT="66" HPOS="1582" VPOS="3621" WIDTH="297" />
<SP HEIGHT="64" HPOS="1880" VPOS="3623" WIDTH="29" />
<String CONTENT="El" HEIGHT="52" HPOS="1910" VPOS="3623" WIDTH="74" />
<SP HEIGHT="55" HPOS="1985" VPOS="3620" WIDTH="31" />
<String CONTENT="Salvador," HEIGHT="59" HPOS="2017" VPOS="3618" WIDTH="289" />
</TextLine>
<TextLine CS="1" HEIGHT="146" HPOS="330" STYLEREFS="StyleId-146D6F56-970D-4AF6-9888-3E8C4CAA98D6-" VPOS="3696" WIDTH="1953">
<String CONTENT="September" HEIGHT="67" HPOS="333" VPOS="3699" WIDTH="329" />
<SP HEIGHT="48" HPOS="663" VPOS="3702" WIDTH="30" />
<String CONTENT="28," HEIGHT="64" HPOS="694" VPOS="3702" WIDTH="84" />
<SP HEIGHT="63" HPOS="779" VPOS="3703" WIDTH="33" />
<String CONTENT="1935." HEIGHT="50" HPOS="813" VPOS="3702" WIDTH="147" />
<SP HEIGHT="32" HPOS="961" VPOS="3734" WIDTH="74" />
<String CONTENT="[" HEIGHT="32" HPOS="1036" VPOS="3734" WIDTH="11" />
<String CONTENT="San" HEIGHT="54" HPOS="1057" VPOS="3700" WIDTH="114" />
<SP HEIGHT="54" HPOS="1172" VPOS="3700" WIDTH="36" />
<String CONTENT="Salvador," HEIGHT="65" HPOS="1209" VPOS="3699" WIDTH="297" />
<SP HEIGHT="63" HPOS="1507" VPOS="3701" WIDTH="32" />
<String CONTENT="El" HEIGHT="52" HPOS="1540" VPOS="3699" WIDTH="73" />
<SP HEIGHT="54" HPOS="1614" VPOS="3698" WIDTH="35" />
<String CONTENT="Salvador," HEIGHT="66" HPOS="1650" VPOS="3698" WIDTH="297" />
<SP HEIGHT="64" HPOS="1948" VPOS="3700" WIDTH="29" />
<String CONTENT="World" HEIGHT="56" HPOS="1978" VPOS="3697" WIDTH="200" />
<SP HEIGHT="53" HPOS="2179" VPOS="3696" WIDTH="30" />
<String CONTENT="letters," HEIGHT="146" HPOS="330" VPOS="3696" WIDTH="1953" />
<SP HEIGHT="64" HPOS="460" VPOS="3778" WIDTH="24" />
<String CONTENT="inc.]" HEIGHT="64" HPOS="485" VPOS="3778" WIDTH="127" />
<SP HEIGHT="57" HPOS="613" VPOS="3785" WIDTH="31" />
<String CONTENT="c" HEIGHT="20" HPOS="645" STYLE="superscript" VPOS="3785" WIDTH="17" />
<String CONTENT="1935." HEIGHT="49" HPOS="667" VPOS="3780" WIDTH="149" />
</TextLine>
<TextLine CS="1" HEIGHT="48" HPOS="397" VPOS="3847" WIDTH="587">
<String CONTENT="p." HEIGHT="37" HPOS="397" VPOS="3858" WIDTH="42" />
<SP HEIGHT="38" HPOS="440" VPOS="3849" WIDTH="28" />
<String CONTENT="17-20." HEIGHT="41" HPOS="469" VPOS="3847" WIDTH="156" />
<SP HEIGHT="40" HPOS="626" VPOS="3847" WIDTH="57" />
<String CONTENT="illus." HEIGHT="40" HPOS="684" VPOS="3847" WIDTH="127" />
<SP HEIGHT="39" HPOS="812" VPOS="3848" WIDTH="57" />
<String CONTENT="28" HEIGHT="40" HPOS="870" VPOS="3848" WIDTH="55" />
<String CONTENT="cm" CS="1" HEIGHT="20" HPOS="944" STYLE="superscript" VPOS="3850" WIDTH="27" />
<String CONTENT="." HEIGHT="8" HPOS="976" VPOS="3879" WIDTH="8" />
</TextLine>
<TextLine HEIGHT="48" HPOS="397" VPOS="3903" WIDTH="406">
<String CONTENT="Mimeographed." HEIGHT="48" HPOS="397" VPOS="3903" WIDTH="406" />
</TextLine>
<TextLine CS="1" HEIGHT="53" HPOS="330" VPOS="3954" WIDTH="1974">
<String CONTENT="&#169;" HEIGHT="53" HPOS="330" VPOS="3954" WIDTH="53" />
<SP />
<String CONTENT="1c." CS="1" />
<SP HEIGHT="40" HPOS="475" VPOS="3959" WIDTH="28" />
<String CONTENT="Oct." HEIGHT="40" HPOS="504" VPOS="3959" WIDTH="100" />
<SP HEIGHT="39" HPOS="605" VPOS="3960" WIDTH="26" />
<String CONTENT="30," HEIGHT="48" HPOS="632" VPOS="3959" WIDTH="69" />
<SP HEIGHT="46" HPOS="702" VPOS="3961" WIDTH="27" />
<String CONTENT="1935;" HEIGHT="45" HPOS="730" VPOS="3960" WIDTH="139" />
<SP HEIGHT="45" HPOS="870" VPOS="3960" WIDTH="26" />
<String CONTENT="A" HEIGHT="38" HPOS="897" VPOS="3960" WIDTH="40" />
<SP HEIGHT="39" HPOS="938" VPOS="3960" WIDTH="25" />
<String CONTENT="ad" HEIGHT="38" HPOS="964" VPOS="3961" WIDTH="60" />
<SP HEIGHT="40" HPOS="1025" VPOS="3959" WIDTH="23" />
<String CONTENT="int." HEIGHT="40" HPOS="1049" VPOS="3959" WIDTH="86" />
<SP HEIGHT="39" HPOS="1136" VPOS="3959" WIDTH="27" />
<String CONTENT="20675;" HEIGHT="47" HPOS="1164" VPOS="3958" WIDTH="169" />
<SP HEIGHT="37" HPOS="1334" VPOS="3970" WIDTH="29" />
<String CONTENT="pubd." HEIGHT="47" HPOS="1364" VPOS="3960" WIDTH="140" />
<SP HEIGHT="40" HPOS="1505" VPOS="3959" WIDTH="31" />
<String CONTENT="Sept." HEIGHT="47" HPOS="1537" VPOS="3959" WIDTH="126" />
<SP HEIGHT="40" HPOS="1664" VPOS="3958" WIDTH="26" />
<String CONTENT="28;" HEIGHT="44" HPOS="1691" VPOS="3958" WIDTH="82" />
<SP HEIGHT="43" HPOS="1774" VPOS="3959" WIDTH="30" />
<String CONTENT="World" HEIGHT="40" HPOS="1805" VPOS="3958" WIDTH="164" />
<SP HEIGHT="40" HPOS="1970" VPOS="3958" WIDTH="27" />
<String CONTENT="letters," HEIGHT="42" HPOS="1998" VPOS="3959" WIDTH="179" />
<SP HEIGHT="47" HPOS="2178" VPOS="3954" WIDTH="26" />
<String CONTENT="inc.," HEIGHT="44" HPOS="2205" VPOS="3954" WIDTH="99" />
</TextLine>
<TextLine CS="1" HEIGHT="29" HPOS="399" VPOS="4015" WIDTH="495">
<String CONTENT="East" CS="1" HEIGHT="29" HPOS="399" LANG="en-US" VPOS="4015" WIDTH="119" />
<SP HEIGHT="28" HPOS="519" VPOS="4016" WIDTH="31" />
<String CONTENT="Aurora" HEIGHT="28" HPOS="551" LANG="en-US" VPOS="4016" WIDTH="177" />
<SP HEIGHT="29" HPOS="729" VPOS="4015" WIDTH="43" />
<String CONTENT="N." CS="1" HEIGHT="29" HPOS="773" LANG="fr" VPOS="4015" WIDTH="43" />
<SP HEIGHT="29" HPOS="817" VPOS="4015" WIDTH="36" />
<String CONTENT="Y." CS="1" HEIGHT="29" HPOS="854" LANG="fr" VPOS="4015" WIDTH="40" />
</TextLine>
</TextBlock>
</PrintSpace>
</Page>
</Layout>
</alto>