2424 4375
1329 4044 99 51 868

377 415 300 67 Leeming,
705 419 154 54 John
889 417 313 66 Fishwick,
1232 424 169 50 1895-

449 495 121 52 The
593 496 215 67 garden
831 514 201 50 grows,
1056 515 32 33 a
1112 502 174 62 story,
1308 496 76 68 by
1407 498 156 53 John
1588 499 65 52 F.
1677 497 287 68 Leeming.
2026 499 137 52 New
2189 499 174 65 York,

380 572 1170 70 Harcourt, Brace and company [ c1935]
453 644 98 48 228,
584 645 55 50 [1]
670 655 42 37 p.
772 644 162 49 front.,
962 646 170 48 plates,
1160 645 173 41 double
1360 646 151 47 plans.
1573 646 53 40 21½
1659 649 44 21 cm
1707 676 8 9 .

455 702 162 40 “First
646 700 226 43 edition.”

382 768 53 53 ©
463 774 126 39 June
615 773 68 46 13,
713 772 140 48 1935;
880 773 65 40 2c.
977 772 95 41 and
1102 772 82 41 aff.
1215 774 127 40 June
1369 772 81 48 19;
1481 774 40 38 A
1550 773 143 42 84327;
1752 774 261 47 Harcourt,
2043 775 156 40 Brace
2226 775 39 40 &
2287 784 81 40 co.,

450 829 86 41 inc.
612 830 250 49 (35-9165)

384 931 238 67 [Mauté,
652 931 305 68 Mathilde]
993 937 323 50 1853-1914.

463 1052 55 10 …
558 1009 302 54 Mémoires
894 1009 71 55 de
996 1027 92 35 ma
1122 1009 118 68 vie;
1278 1009 262 69 précédés
1575 1009 168 56 d’une
1776 1008 389 57 introduction
2200 1012 70 53 de
2298 1030 70 34 m.

389 1085 275 56 Francois
693 1087 233 54 Porché.
1007 1087 202 68 [Paris]
1247 1087 67 55 E.
1347 1088 390 53 Flammarion
1794 1092 151 64 [1935]

451 1160 485 49 283 p , 1 1. 18 ½ cm .
450 1218 64 40 At
539 1217 125 40 head
689 1216 52 40 of
765 1216 109 41 title;
928 1217 322 41 Ex-Madame
1272 1216 123 41 Paul
1423 1216 239 42 Verlaine.

382 1280 1931 53 © Mar. 28, 1935; 1c. Apr. 19; A-Foreign 27685; Ernest Flammarion.
463 1340 249 48 (35-9115)

381 1443 420 66 Middlebrook,
827 1444 181 54 Louis
1034 1445 217 66 Frank,
1281 1450 171 51 1866-

456 1520 297 71 Salisbury
789 1521 368 57 Connecticut
1192 1540 235 48 cannon,
1463 1522 425 69 revolutionary
1922 1542 134 48 war,
2089 1523 75 68 by
2199 1522 166 55 Louis

385 1601 62 52 F.
484 1599 417 53 Middlebrook.
978 1601 206 65 Salem,
1220 1602 190 63 Mass.,
1446 1601 300 52 Newcomb
1783 1604 46 49 &
1865 1600 184 54 Gauss
2085 1619 97 43 co.,
2221 1606 142 50 1935.

456 1671 1453 50 3 p. l., 63 p. front., illus., plates, ports., map. 21½ cm .
457 1727 236 41 “Limited
723 1728 196 49 edition,
946 1729 86 40 202
1059 1729 174 49 copies,
1292 1739 75 30 no.
1395 1728 129 43 201.”

385 1795 53 53 ©
460 1800 112 48 Apr.
601 1800 41 41 8.
665 1799 114 41 1935;
830 1799 65 41 2c.
921 1801 112 47 Apr.
1059 1799 55 39 12;
1169 1799 81 41 aff.
1276 1800 112 48 Apr.
1414 1799 53 39 11;
1523 1800 40 38 A
1588 1799 169 47 81548;
1786 1799 256 41 Newcomb
2063 1799 37 41 &
2124 1799 155 41 Gauss
2302 1810 63 30 co.

463 1856 249 49 (35-9170)

387 1956 145 53 New
565 1958 213 64 Jersey
811 1958 201 68 digest,
1050 1959 325 66 annotated,
1411 1957 267 67 covering
1714 1957 77 52 all
1827 1974 149 36 cases
2012 1956 263 70 reported
2309 1956 57 52 in

457 2036 138 51 New
645 2037 201 66 Jersey
896 2042 222 62 reports
1170 2037 111 52 and
1333 2035 259 54 Atlantic
1645 2040 271 63 reporter.
2004 2037 168 64 June,
2222 2035 143 64 1935,

458 2114 342 52 cumulative
832 2115 295 67 pamphlet
1162 2157 56 9 …
1253 2113 140 53 with
1421 2114 153 52 table
1602 2114 62 53 of
1694 2132 149 34 cases
1873 2113 272 68 digested.

461 2112 1882 145 Newark,
615 2192 187 67 Soney
832 2195 45 50 &
909 2191 148 69 Sage
1086 2210 307 50 company;
1430 2192 83 56 St.
1546 2193 164 66 Paul,
1739 2194 161 53 West
1930 2191 333 68 publishing
2291 2208 73 34 co.

477 2277 19 21 [c
499 2273 151 63 1935]

454 2342 88 40 149
564 2354 44 37 p.
669 2343 55 39 24
727 2345 44 21 cm
777 2374 8 9 .

388 2409 214 53 ©'June
630 2413 39 47 6,
701 2412 113 41 1935;
874 2413 67 40 2c.
978 2413 96 40 and
1106 2412 81 42 aff.
1220 2414 116 48 July
1359 2413 89 47 45;
1484 2414 41 38 A
1558 2412 169 48 84624;
1764 2413 154 47 Soney
1952 2412 35 40 &
2022 2412 122 48 Sage
2176 2419 67 33 co.
2277 2411 89 39 and

453 2470 137 40 West
612 2470 108 48 pub.
749 2480 65 30 co.

387 2572 144 53 New
563 2573 160 53 York
758 2574 215 66 (State)
1058 2574 183 67 Laws,
1270 2579 256 61 statutes,
1559 2581 99 45 etc.

462 2650 244 54 General
743 2654 135 50 laws
916 2651 63 52 of
1014 2651 96 52 the
1144 2656 148 49 state
1327 2651 63 53 of
1428 2652 137 52 New
1604 2650 162 54 York
1802 2669 59 33 as
1899 2650 230 53 enacted
2167 2650 73 66 by
2274 2648 89 51 the

384 2729 358 66 Legislature
766 2734 59 46 at
850 2729 93 52 the
974 2731 134 49 1934
1134 2729 434 66 extraordinary
1596 2731 227 63 session,
1852 2731 132 49 1935

2011 2728 228 67 regular
382 2742 1958 130 session,
556 2806 261 67 together
843 2806 139 53 with
1015 2806 281 67 proposed
1331 2806 385 52 amendments
1748 2811 58 47 to
1838 2806 94 51 the
1968 2804 394 55 Constitution.

391 2885 175 51 Table
604 2884 63 53 of
705 2886 134 50 laws
878 2883 203 66 added,
1119 2884 292 65 amended,
1448 2883 279 68 repealed,
1764 2889 119 60 etc.,
1920 2884 227 66 general
2186 2882 175 52 index.

389 2962 81 55 St.
499 2962 164 65 Paul,
688 2964 157 52 West
872 2960 333 68 publishing
1230 2980 97 47 co.,
1356 2963 148 51 1935.

458 3035 98 47 viii,
584 3035 84 40 734
692 3046 44 37 p.
795 3032 54 42 23½
882 3036 43 21 cm
930 3065 9 8 .

389 3088 52 52 ©
464 3092 128 40 June
612 3091 40 46 6,
675 3089 116 42 1935;
840 3090 63 39 2c.
930 3091 95 39 and
1051 3089 80 40 aff.
1157 3090 118 47 July
1296 3090 55 39 15;
1405 3090 40 38 A
1470 3088 146 41 84632;;
1666 3090 134 40 West
1824 3089 107 48 pub.
1958 3099 66 29 co.

392 3193 280 64 Ochsner,
704 3195 250 51 Edward
983 3195 91 62 H.,
1106 3198 171 49 1868-

465 3268 187 55 Social
704 3267 296 56 insurance
1050 3270 113 52 and
1216 3268 278 53 economic
1548 3269 262 68 security,
1859 3269 76 67 by
1988 3268 248 53 Edward
2286 3266 69 52 H.

389 3346 1556 68 Ochsner … Boston, B. Humphries, inc. [ c 1935]
460 3419 970 49 3 p. l., v-xviii p., 1 l., 289 p. 20½ cm .
463 3474 346 42 “References”;
870 3485 42 38 p.
941 3475 215 41 284-289.

390 3530 52 52 ©
471 3534 126 47 Sept.
621 3532 68 47 21,
715 3531 140 48 1934;
884 3533 65 39 2c.
977 3534 96 38 and
1096 3532 81 41 aff.
1203 3533 128 39 June
1354 3534 68 45 11,
1448 3531 140 47 1935;
1615 3533 40 38 A
1682 3532 168 46 83545;
1880 3532 155 38 Bruce
2062 3526 296 50 Humphries,

459 3590 87 39 inc.
619 3588 248 49 (35-9133)

393 3691 165 54 Ohio.
636 3693 219 53 Courts.

461 3768 149 54 Ohio
642 3770 277 66 opinions.
987 3771 244 65 Reports
1264 3769 62 52 of
1358 3787 150 34 cases
1540 3769 211 66 argued
1786 3768 111 52 and
1930 3766 342 53 determined
2302 3760 54 51 in

390 3846 94 52 the
515 3845 272 68 Supreme
814 3854 158 46 court
999 3846 63 52 of
1091 3846 167 66 Ohio,
1284 3847 93 51 the
1407 3847 206 53 Courts
1640 3844 64 55 of
1730 3845 232 66 appeals
1989 3843 62 53 of
2080 3841 163 62 Ohio,
2269 3837 88 51 the

393 3923 117 53 nisi'
538 3925 161 66 prius
733 3928 186 48 courts
954 3923 63 53 of
1053 3924 150 54 Ohio
1238 3923 110 51 and
1384 3923 237 53 selected
1657 3940 148 35 cases
1840 3922 235 66 bearing
2110 3939 69 33 on
2217 3915 137 55 Ohio
