2424 4375
1212 3994 98 49 562

277 392 282 67 McClure,
589 394 286 53 Matthew
903 393 352 64 Thompson,
1287 398 166 50 1883-

274 483 1958 143 … The early philosophers of Greece, with historical introduction,
554 559 1701 68 by Matthew Thompson McClure … with translations
274 635 1979 146 by Richmond Lattimore … New York, London, D. Appleton-Century
560 714 925 67 company, incorporated [ c 1935]
345 797 85 40 viii
457 810 57 37 p.,
543 799 26 38 2
633 830 8 15 l.,
670 798 145 40 3-218
843 810 40 37 p.
944 800 178 47 diagrs.
1182 798 55 41 23
1241 801 43 21 cm
1288 831 8 8 .
1366 800 123 47 (The
1518 798 211 48 Century
1761 797 281 50 philosophy
2072 800 172 46 series)

274 866 1978 106 “The translations of all of the passages quoted from Plato and Aristotle, and of a few additional references … have been made by Mr. E. W.
276 981 357 48 Daly.”—Pref.

273 1048 52 52 ©
355 1053 116 38 Mar.
501 1051 70 48 29,
600 1051 139 47 1935;
768 1051 67 40 2c.
869 1053 106 45 Apr.
1006 1052 17 38 1
1049 1062 9 31 ;
1090 1050 81 41 aff.
1202 1052 109 47 Apr.
1344 1051 52 42 5;
1429 1052 38 38 A
1498 1050 168 47 82360;
1699 1052 55 39 D.
1784 1049 472 50 Appleton-Century

342 1120 80 35 co.,
453 1109 90 40 inc.
613 1108 249 49 (35-6469)

272 1210 265 64 McNeill,
569 1213 156 52 Leon
758 1211 294 64 Aloysius,
1089 1217 166 48 1902-

401 1300 1853 69 … The means of grace, by Rev. Leon A. McNeill … and
278 1378 1979 67 Madeleine Aaron … with a foreword by His Excellency, Most
275 1454 1979 69 Rev. Edwin Y. O’Hara … Paterson, N. L, St. Anthony
271 1533 156 65 guild
464 1551 172 48 press,
669 1536 149 49 1935.

345 1617 45 37 xi
430 1628 56 37 p.,
528 1618 21 38 1
625 1647 9 14 l.,
673 1617 84 39 250
796 1629 42 37 p.
879 1618 106 39 incl.
1029 1617 142 41 front.
1231 1616 116 41 22cm.
1418 1618 123 46 (The
1579 1618 224 46 mystical
1841 1618 123 46 body
2003 1618 52 39 of
2091 1616 164 42 Christ

271 1674 148 40 series
450 1674 52 40 of
533 1673 200 49 religion
767 1674 276 46 textbooks)

272 1740 52 52 ©
353 1746 117 38 Mar.
498 1745 38 43 5,
564 1744 138 46 1935;
730 1746 65 37 2c.
827 1745 118 38 Mar.
971 1745 82 41 25;
1084 1742 81 41 aff.
1195 1744 117 38 Mar.
1339 1743 82 46 23;
1453 1744 38 38 A
1520 1744 140 40 81167
1679 1754 9 31 ;
1719 1743 67 40 St.
1814 1743 270 48 Anthony's
2108 1742 146 49 guild,

342 1802 246 39 Paterson.
659 1800 248 49 (35-6471)

274 1905 191 63 Mann,
494 1903 252 55 William
775 1905 96 62 M.,
903 1909 166 48 1886-

344 1993 1846 67 Wild animals in and out of the Zoo, by William M. Mann …
294 2070 1695 66 [New York, Smithsonian institution series, inc., c 1934]
271 2154 1959 98 S p. l. , 362 p. col. front., plates (part col.) ports. 24cm. (Smithsonian
470 2212 233 40 scientific
731 2212 161 40 series,
953 2224 41 28 v.
1024 2214 50 40 6)

343 2284 31 36 A
417 2282 183 47 history
639 2281 51 40 of
728 2282 79 40 the
848 2281 222 40 National
1110 2281 261 48 zoological
1404 2283 121 47 park
1561 2283 94 38 ami
1698 2283 59 39 its
1795 2283 220 41 animals.

272 2349 52 52 ©
355 2354 113 38 Nov.
496 2353 69 46 26,
596 2354 112 38 1934
726 2363 9 32 ;
765 2353 67 39 2c.
862 2353 108 38 Jan.
998 2354 69 42 28,
1098 2351 139 42 1935;
1271 2351 79 41 aff.
1384 2353 118 39 Mar.
1535 2353 80 41 16;
1650 2354 36 38 A
1718 2353 169 43 81566;
1923 2353 329 41 Smithsonian

343 2409 277 40 institution
657 2409 162 40 series,
858 2409 86 39 ine.
1010 2407 271 50 d’opyright
1327 2408 39 39 is
1403 2409 203 39 claimed
1641 2420 59 27 on
1741 2408 243 42 additions
2024 2412 93 38 and
340 2420 1895 95 corrections,
633 2465 248 49 (35-6392)

272 2570 254 62 Manser,
556 2571 161 52 Ruth
746 2569 273 56 Baldock.

345 2660 54 51 A
446 2660 226 52 manual
719 2658 63 52 of
826 2662 194 62 speech
1071 2657 304 53 correction
1425 2677 69 34 on
1541 2660 94 51 the
1681 2665 252 47 contract
1980 2660 151 67 plan,
2176 2661 73 66 by

275 2734 1838 66 Ruth B. Manser … New York, Prentice-Hall, inc., 1935.
345 2822 97 43 xix,
473 2822 85 38 333
589 2830 39 37 p.
688 2820 127 40 illus.
874 2820 114 41 21cm.

375 2888 210 41 “Editor's
615 2888 351 40 introduction”
995 2888 192 46 signed:
1221 2890 51 39 E.
1300 2889 182 48 George
1510 2890 174 47 Payne.

347 2946 128 39 “The
518 2947 217 38 contract
780 2946 187 38 method
1015 2945 76 39 for
1136 2946 81 38 the
1259 2945 264 40 correction
1567 2946 50 39 of
1660 2947 169 46 speech
1876 2946 183 40 defects
2106 2946 37 39 is
2187 2958 59 29 an

274 3002 285 46 adaptation
587 3001 50 39 of
665 3002 78 38 the
773 3002 173 39 Dalton
974 3004 210 37 contract
1221 3001 257 48 plan.”—p.
1510 3002 113 40 xvii.

344 3058 344 48 Bibliography
706 3068 9 29 ;
748 3068 42 37 p.
820 3057 214 41 325-326.

271 3127 52 52 ©
353 3131 112 47 Apr.
495 3131 65 40 10.
599 3130 131 40 1935;
762 3132 65 36 2c.
859 3129 110 47 Apr.
998 3129 82 46 26;
1113 3128 79 41 aff.
1225 3130 112 47 Apr.
1368 3130 81 42 24;
1485 3130 36 39 A
1554 3130 167 45 82752;
1756 3130 369 48 Prentice-Hall,
2156 3131 89 39 inc.

348 3187 249 48 (35-6439)

274 3288 251 62 Mather,
556 3287 245 54 Charles
828 3288 339 55 Chambers.

343 3363 220 52 Behind
592 3364 92 52 the
718 3363 323 67 footlights;
1073 3383 28 32 a
1129 3364 142 51 book
1299 3382 66 34 on
1398 3365 91 51 the
1515 3364 293 67 technique
1835 3364 65 51 of
1925 3364 321 66 dramatics,

274 3440 1910 69 by Charles Chambers Mal lier … Alice Howard Spaulding …
295 3516 1924 67 [and] Melita Hamilion Skillou … New York, Newark [etc.]
274 3594 1123 68 Silver, Burdett and company [ c 1935]
343 3680 82 46 xii,
463 3680 85 40 495
586 3691 40 36 p.
689 3680 125 40 illus.
843 3679 131 46 (incl.
1014 3679 171 49 ports.)
1297 3711 8 15 pl.,
1344 3679 179 48 diagrs.
1580 3681 142 39 20½cm.

376 3749 1739 49 “Suggested readings” at end of each chapter except chapters XXIII
273 3806 90 36 and
518 3835 8 8 XXIV.
589 3805 302 39 “Additional
928 3805 223 47 readings
1180 3806 92 38 and
1307 3806 137 46 plays
1473 3805 77 39 for
1581 3805 339 47 production”:
1956 3817 39 36 p.
2028 3806 211 39 467-477.

272 3867 52 52 ©
351 3873 110 47 Apr.
546 3904 8 10 18.
582 3873 138 42 1035;
747 3875 65 38 2c.
841 3875 90 37 and
960 3874 80 40 aff.
1069 3875 110 47 Apr.
1205 3875 81 40 23;
1315 3875 38 38 A
1382 3874 167 43 81550;
1581 3875 167 42 Silver.
1778 3876 197 38 Burdett
2008 3875 36 39 &
2070 3884 66 31 co.

351 3929 249 48 (35-0480)
