<alto xmlns="http://www.loc.gov/standards/alto/ns-v3#" xmlns:xsi="http://www.w3.org/2001/XMLSchema-instance" xsi:schemaLocation="http://www.loc.gov/standards/alto/ns-v3# http://www.loc.gov/alto/v3/alto-3-0.xsd"><Description>
<MeasurementUnit>pixel</MeasurementUnit>
<sourceImageInformation>
<fileName>1935_v32_Part1.pdf</fileName>
</sourceImageInformation>
<OCRProcessing ID="IdOcr">
<ocrProcessingStep>
<processingDateTime>2019-01-15</processingDateTime>
<processingSoftware>
<softwareCreator>ABBYY</softwareCreator>
<softwareName>ABBYY Recognition Server</softwareName>
<softwareVersion>4.0</softwareVersion>
</processingSoftware>
</ocrProcessingStep>
</OCRProcessing>
</Description>
<Styles>
<ParagraphStyle ALIGN="Left" FIRSTLINE="0." ID="StyleId-FFFFFFFF-FFFF-FFFF-FFFF-FFFFFFFFFFFF-" LEFT="0." RIGHT="0." />
<ParagraphStyle ALIGN="Left" FIRSTLINE="0." ID="StyleId-09A13A44-4F77-4ABE-84F3-84CC8B3C72CE-" LEFT="0." LINESPACE="7.699999809" RIGHT="0." />
<ParagraphStyle ALIGN="Left" FIRSTLINE="-10." ID="StyleId-1F945060-F8CD-4435-B69A-5FF49DB0C586-" LEFT="0." LINESPACE="12.19999981" RIGHT="0." />
<ParagraphStyle ALIGN="Block" FIRSTLINE="-14." ID="StyleId-C6CAE747-F5A4-4D0D-8D74-D452DA7E2C1C-" LEFT="0." LINESPACE="8.350000381" RIGHT="0." />
<ParagraphStyle ALIGN="Left" FIRSTLINE="0." ID="StyleId-FC0F3374-189A-459E-BE29-2DC14180F022-" LEFT="0." RIGHT="0." />
<ParagraphStyle ALIGN="Left" FIRSTLINE="-12." ID="StyleId-49397C49-A894-4B3E-BA5E-1126226BA375-" LEFT="0." LINESPACE="11.09000015" RIGHT="0." />
<ParagraphStyle ALIGN="Block" FIRSTLINE="-14." ID="StyleId-9E34DD3A-E661-48BD-A3A1-6A3D48346F00-" LEFT="0." LINESPACE="11.09000015" RIGHT="0." />
<ParagraphStyle ALIGN="Left" FIRSTLINE="0." ID="StyleId-56CE54AA-A08B-4BAA-8605-F26020A0E36E-" LEFT="0." LINESPACE="9.399999619" RIGHT="0." />
<ParagraphStyle ALIGN="Left" FIRSTLINE="-11." ID="StyleId-77814FFC-C42F-4AA9-9880-EF33B947DEC8-" LEFT="0." LINESPACE="11.06999969" RIGHT="0." />
<ParagraphStyle ALIGN="Center" FIRSTLINE="0." ID="StyleId-FDE92EC0-67DC-4C7B-8A24-094B12C38B6C-" LEFT="0." LINESPACE="11.30000019" RIGHT="0." />
<ParagraphStyle ALIGN="Left" FIRSTLINE="0." ID="StyleId-65180E3B-4C93-4FB8-81EE-E026DD63DBF3-" LEFT="0." LINESPACE="11.10000038" RIGHT="0." />
<ParagraphStyle ALIGN="Left" FIRSTLINE="0." ID="StyleId-10E885C2-5813-4620-B0AA-0FBA30CF7A32-" LEFT="0." LINESPACE="9.5" RIGHT="0." />
<ParagraphStyle ALIGN="Left" FIRSTLINE="0." ID="StyleId-913C2DB5-9F02-4067-BAF7-0AED37B60BBE-" LEFT="0." LINESPACE="6.099999905" RIGHT="0." />
<ParagraphStyle ALIGN="Left" FIRSTLINE="0." ID="StyleId-9C79A9D2-8F08-4A8F-985D-B00E253ED1E5-" LEFT="0." LINESPACE="4.400000095" RIGHT="0." />
<ParagraphStyle ALIGN="Left" FIRSTLINE="0." ID="StyleId-A41F0407-FEFE-4738-9EC5-E05AFFF62781-" LEFT="0." LINESPACE="7.300000191" RIGHT="0." />
<ParagraphStyle ALIGN="Left" FIRSTLINE="0." ID="StyleId-61D37176-94E8-408D-9B87-01C406CE8AB2-" LEFT="0." LINESPACE="8.050000191" RIGHT="0." />
</Styles>
<Layout>
<Page HEIGHT="4375" ID="Page660" PHYSICAL_IMG_NR="660" WIDTH="2424">
<TopMargin HEIGHT="416" HPOS="0" VPOS="0" WIDTH="2424">
</TopMargin>
<LeftMargin HEIGHT="3588" HPOS="0" VPOS="416" WIDTH="308">
</LeftMargin>
<RightMargin HEIGHT="3588" HPOS="2326" VPOS="416" WIDTH="98">
</RightMargin>
<BottomMargin HEIGHT="371" HPOS="0" VPOS="4004" WIDTH="2424">
<TextBlock HEIGHT="70" HPOS="1264" ID="Page660_Block1" LANG="en-US" STYLEREFS="StyleId-73632CF4-3772-413B-91BD-AF57D3917AEA-" VPOS="4040" WIDTH="122">
<TextLine HEIGHT="49" HPOS="1274" VPOS="4050" WIDTH="101">
<String CONTENT="660" HEIGHT="49" HPOS="1274" VPOS="4050" WIDTH="101" />
</TextLine>
</TextBlock>
</BottomMargin>
<PrintSpace HEIGHT="3588" HPOS="308" VPOS="416" WIDTH="2018">
<TextBlock CS="1" HEIGHT="3588" HPOS="308" ID="Page660_Block2" LANG="en-US" STYLEREFS="StyleId-EF3BC8F5-B153-4213-A74B-7DAE61860494-" VPOS="416" WIDTH="2018">
<TextLine HEIGHT="69" HPOS="319" STYLEREFS="StyleId-AAA9780F-5D3B-42BD-ADD6-4AE73AE37F69-" VPOS="505" WIDTH="1983">
<String CONTENT="are" HEIGHT="34" HPOS="319" VPOS="525" WIDTH="95" />
<SP HEIGHT="33" HPOS="415" VPOS="525" WIDTH="31" />
<String CONTENT="added" HEIGHT="52" HPOS="447" VPOS="507" WIDTH="184" />
<SP HEIGHT="51" HPOS="632" VPOS="508" WIDTH="32" />
<String CONTENT="certain" HEIGHT="53" HPOS="665" VPOS="506" WIDTH="213" />
<SP HEIGHT="33" HPOS="879" VPOS="525" WIDTH="35" />
<String CONTENT="ancient" HEIGHT="54" HPOS="915" VPOS="505" WIDTH="223" />
<SP HEIGHT="60" HPOS="1139" VPOS="513" WIDTH="33" />
<String CONTENT="pictures" HEIGHT="67" HPOS="1173" VPOS="506" WIDTH="247" />
<SP HEIGHT="50" HPOS="1421" VPOS="509" WIDTH="32" />
<String CONTENT="&amp;" HEIGHT="49" HPOS="1454" VPOS="509" WIDTH="51" />
<SP HEIGHT="51" HPOS="1506" VPOS="509" WIDTH="33" />
<String CONTENT="drawings" HEIGHT="68" HPOS="1540" VPOS="506" WIDTH="287" />
<SP HEIGHT="34" HPOS="1828" VPOS="526" WIDTH="32" />
<String CONTENT="rarely" HEIGHT="64" HPOS="1861" VPOS="509" WIDTH="188" />
<SP HEIGHT="47" HPOS="2050" VPOS="526" WIDTH="31" />
<String CONTENT="seen" HEIGHT="35" HPOS="2082" VPOS="524" WIDTH="127" />
<SP HEIGHT="51" HPOS="2210" VPOS="506" WIDTH="33" />
<String CONTENT="in" HEIGHT="52" HPOS="2244" VPOS="506" WIDTH="58" />
</TextLine>
<TextLine CS="1" HEIGHT="69" HPOS="323" STYLEREFS="StyleId-AAA9780F-5D3B-42BD-ADD6-4AE73AE37F69-" VPOS="582" WIDTH="1982">
<String CONTENT="works" HEIGHT="53" HPOS="323" VPOS="584" WIDTH="182" />
<SP HEIGHT="34" HPOS="506" VPOS="603" WIDTH="31" />
<String CONTENT="of" HEIGHT="54" HPOS="538" VPOS="583" WIDTH="62" />
<SP HEIGHT="54" HPOS="601" VPOS="583" WIDTH="29" />
<String CONTENT="this" HEIGHT="55" HPOS="631" VPOS="582" WIDTH="114" />
<SP HEIGHT="35" HPOS="746" VPOS="602" WIDTH="30" />
<String CONTENT="nature." HEIGHT="47" HPOS="777" VPOS="590" WIDTH="216" />
<SP HEIGHT="52" HPOS="994" VPOS="585" WIDTH="73" />
<String CONTENT="Richmond," HEIGHT="68" HPOS="1068" VPOS="583" WIDTH="337" />
<SP HEIGHT="65" HPOS="1406" VPOS="586" WIDTH="31" />
<String CONTENT="Printed" HEIGHT="54" HPOS="1438" VPOS="583" WIDTH="241" />
<SP HEIGHT="55" HPOS="1680" VPOS="582" WIDTH="33" />
<String CONTENT="for" HEIGHT="55" HPOS="1714" VPOS="582" WIDTH="93" />
<SP HEIGHT="45" HPOS="1808" VPOS="591" WIDTH="31" />
<String CONTENT="the" HEIGHT="51" HPOS="1840" VPOS="585" WIDTH="95" />
<SP HEIGHT="34" HPOS="1936" VPOS="602" WIDTH="31" />
<String CONTENT="authors" HEIGHT="52" HPOS="1968" VPOS="585" WIDTH="232" />
<SP HEIGHT="34" HPOS="2201" VPOS="603" WIDTH="32" />
<String CONTENT="on" HEIGHT="35" HPOS="2234" VPOS="604" WIDTH="71" />
</TextLine>
<TextLine HEIGHT="70" HPOS="323" STYLEREFS="StyleId-AAA9780F-5D3B-42BD-ADD6-4AE73AE37F69-" VPOS="660" WIDTH="1236">
<String CONTENT="the" HEIGHT="52" HPOS="323" VPOS="662" WIDTH="93" />
<SP HEIGHT="50" HPOS="417" VPOS="680" WIDTH="25" />
<String CONTENT="press" HEIGHT="50" HPOS="443" VPOS="680" WIDTH="155" />
<SP HEIGHT="37" HPOS="599" VPOS="680" WIDTH="25" />
<String CONTENT="of" HEIGHT="52" HPOS="625" VPOS="662" WIDTH="63" />
<SP HEIGHT="53" HPOS="689" VPOS="662" WIDTH="25" />
<String CONTENT="A." HEIGHT="53" HPOS="715" VPOS="662" WIDTH="68" />
<SP HEIGHT="52" HPOS="784" VPOS="663" WIDTH="28" />
<String CONTENT="Dietz" HEIGHT="55" HPOS="813" VPOS="660" WIDTH="165" />
<SP HEIGHT="33" HPOS="979" VPOS="682" WIDTH="28" />
<String CONTENT="and" HEIGHT="52" HPOS="1008" VPOS="663" WIDTH="112" />
<SP HEIGHT="52" HPOS="1121" VPOS="663" WIDTH="25" />
<String CONTENT="his" HEIGHT="57" HPOS="1147" VPOS="661" WIDTH="88" />
<SP HEIGHT="37" HPOS="1236" VPOS="681" WIDTH="25" />
<String CONTENT="son," HEIGHT="47" HPOS="1262" VPOS="681" WIDTH="117" />
<SP HEIGHT="60" HPOS="1380" VPOS="668" WIDTH="29" />
<String CONTENT="1935." HEIGHT="51" HPOS="1410" VPOS="666" WIDTH="149" />
</TextLine>
<TextLine CS="1" HEIGHT="52" HPOS="393" VPOS="733" WIDTH="1904">
<String CONTENT="2" HEIGHT="39" HPOS="393" VPOS="735" WIDTH="26" />
<SP HEIGHT="47" HPOS="420" VPOS="735" WIDTH="43" />
<String CONTENT="p." HEIGHT="37" HPOS="464" LANG="fr" VPOS="745" WIDTH="42" />
<SP />
<String CONTENT="l.," CS="1" LANG="fr" />
<SP />
<String CONTENT="[iii]-viii," HEIGHT="51" HPOS="640" VPOS="734" WIDTH="220" />
<SP HEIGHT="48" HPOS="861" VPOS="735" WIDTH="41" />
<String CONTENT="192," HEIGHT="48" HPOS="903" VPOS="734" WIDTH="98" />
<SP HEIGHT="31" HPOS="1002" VPOS="754" WIDTH="47" />
<String CONTENT="[11]" HEIGHT="51" HPOS="1050" VPOS="734" WIDTH="83" />
<SP HEIGHT="38" HPOS="1134" VPOS="746" WIDTH="47" />
<String CONTENT="p." HEIGHT="37" HPOS="1182" VPOS="746" WIDTH="42" />
<SP />
<String CONTENT="front." CS="1" />
<SP />
<String CONTENT="(port.)" CS="1" HEIGHT="49" HPOS="1459" VPOS="734" WIDTH="172" />
<SP HEIGHT="48" HPOS="1632" VPOS="735" WIDTH="51" />
<String CONTENT="plates," HEIGHT="48" HPOS="1684" VPOS="735" WIDTH="170" />
<SP HEIGHT="37" HPOS="1855" VPOS="744" WIDTH="41" />
<String CONTENT="maps" HEIGHT="38" HPOS="1897" VPOS="743" WIDTH="137" />
<SP HEIGHT="48" HPOS="2035" VPOS="733" WIDTH="27" />
<String CONTENT="(1" HEIGHT="48" HPOS="2063" VPOS="733" WIDTH="48" />
<SP HEIGHT="40" HPOS="2112" VPOS="733" WIDTH="42" />
<String CONTENT="fold.)" HEIGHT="49" HPOS="2155" VPOS="733" WIDTH="142" />
</TextLine>
<TextLine CS="1" HEIGHT="41" HPOS="323" VPOS="792" WIDTH="143">
<String CONTENT="16&#189;" CS="1" HEIGHT="41" HPOS="323" VPOS="792" WIDTH="54" />
<String CONTENT="cm" HEIGHT="21" HPOS="409" STYLE="superscript" VPOS="795" WIDTH="45" />
<String CONTENT="." HEIGHT="10" HPOS="456" VPOS="821" WIDTH="10" />
</TextLine>
<TextLine CS="1" HEIGHT="51" HPOS="394" VPOS="861" WIDTH="1911">
<String CONTENT="&quot;An" HEIGHT="40" HPOS="394" VPOS="862" WIDTH="102" />
<SP HEIGHT="30" HPOS="497" VPOS="872" WIDTH="37" />
<String CONTENT="advertisement" HEIGHT="42" HPOS="535" VPOS="861" WIDTH="376" />
<SP HEIGHT="39" HPOS="912" VPOS="864" WIDTH="36" />
<String CONTENT="to" HEIGHT="39" HPOS="949" VPOS="864" WIDTH="49" />
<SP HEIGHT="37" HPOS="999" VPOS="866" WIDTH="36" />
<String CONTENT="the" HEIGHT="40" HPOS="1036" VPOS="863" WIDTH="81" />
<SP HEIGHT="29" HPOS="1118" VPOS="874" WIDTH="37" />
<String CONTENT="reader&#8217;" HEIGHT="40" HPOS="1156" VPOS="862" WIDTH="199" />
<SP HEIGHT="41" HPOS="1356" VPOS="862" WIDTH="35" />
<String CONTENT="signed;" CS="1" HEIGHT="49" HPOS="1392" VPOS="861" WIDTH="168" />
<SP HEIGHT="40" HPOS="1587" VPOS="862" WIDTH="39" />
<String CONTENT="R." HEIGHT="42" HPOS="1627" LANG="fr" VPOS="862" WIDTH="54" />
<SP HEIGHT="42" HPOS="1682" VPOS="862" WIDTH="39" />
<String CONTENT="G." HEIGHT="40" HPOS="1722" VPOS="862" WIDTH="53" />
<SP HEIGHT="31" HPOS="1776" VPOS="881" WIDTH="40" />
<String CONTENT="[i." HEIGHT="50" HPOS="1817" VPOS="862" WIDTH="44" />
<SP HEIGHT="30" HPOS="1862" VPOS="872" WIDTH="36" />
<String CONTENT="e." HEIGHT="30" HPOS="1899" VPOS="872" WIDTH="38" />
<SP HEIGHT="40" HPOS="1938" VPOS="862" WIDTH="37" />
<String CONTENT="Rutherfoord" HEIGHT="41" HPOS="1976" VPOS="861" WIDTH="329" />
</TextLine>
<TextLine HEIGHT="51" HPOS="324" VPOS="918" WIDTH="245">
<String CONTENT="Goodwin]" HEIGHT="51" HPOS="324" VPOS="918" WIDTH="245" />
</TextLine>
<TextLine HEIGHT="51" HPOS="393" VPOS="975" WIDTH="1221">
<String CONTENT="&#8220;Copyright" HEIGHT="50" HPOS="393" VPOS="975" WIDTH="295" />
<SP HEIGHT="45" HPOS="689" VPOS="980" WIDTH="31" />
<String CONTENT="[by]" HEIGHT="50" HPOS="721" VPOS="976" WIDTH="89" />
<SP HEIGHT="51" HPOS="811" VPOS="975" WIDTH="30" />
<String CONTENT="Colonial" HEIGHT="42" HPOS="842" VPOS="975" WIDTH="215" />
<SP HEIGHT="40" HPOS="1058" VPOS="977" WIDTH="27" />
<String CONTENT="Williamsburg," HEIGHT="49" HPOS="1086" VPOS="975" WIDTH="379" />
<SP HEIGHT="49" HPOS="1466" VPOS="975" WIDTH="28" />
<String CONTENT="inc.&#8221;" HEIGHT="42" HPOS="1495" VPOS="975" WIDTH="119" />
</TextLine>
<TextLine HEIGHT="50" HPOS="395" VPOS="1032" WIDTH="1660">
<String CONTENT="The" HEIGHT="41" HPOS="395" VPOS="1032" WIDTH="102" />
<SP HEIGHT="37" HPOS="498" VPOS="1044" WIDTH="30" />
<String CONTENT="physical" HEIGHT="48" HPOS="529" VPOS="1033" WIDTH="217" />
<SP HEIGHT="37" HPOS="747" VPOS="1034" WIDTH="31" />
<String CONTENT="make-up" HEIGHT="50" HPOS="779" VPOS="1032" WIDTH="225" />
<SP HEIGHT="38" HPOS="1005" VPOS="1044" WIDTH="29" />
<String CONTENT="of" HEIGHT="40" HPOS="1035" VPOS="1033" WIDTH="52" />
<SP HEIGHT="41" HPOS="1088" VPOS="1033" WIDTH="28" />
<String CONTENT="the" HEIGHT="40" HPOS="1117" VPOS="1034" WIDTH="82" />
<SP HEIGHT="39" HPOS="1200" VPOS="1034" WIDTH="30" />
<String CONTENT="book" HEIGHT="39" HPOS="1231" VPOS="1034" WIDTH="122" />
<SP HEIGHT="40" HPOS="1354" VPOS="1033" WIDTH="29" />
<String CONTENT="is" HEIGHT="40" HPOS="1384" VPOS="1033" WIDTH="41" />
<SP HEIGHT="39" HPOS="1426" VPOS="1034" WIDTH="30" />
<String CONTENT="in" HEIGHT="39" HPOS="1457" VPOS="1034" WIDTH="51" />
<SP HEIGHT="37" HPOS="1509" VPOS="1035" WIDTH="29" />
<String CONTENT="18th" HEIGHT="41" HPOS="1539" VPOS="1033" WIDTH="112" />
<SP HEIGHT="39" HPOS="1652" VPOS="1034" WIDTH="30" />
<String CONTENT="century" HEIGHT="47" HPOS="1683" VPOS="1034" WIDTH="202" />
<SP HEIGHT="37" HPOS="1886" VPOS="1044" WIDTH="31" />
<String CONTENT="style." HEIGHT="47" HPOS="1918" VPOS="1034" WIDTH="137" />
</TextLine>
<TextLine CS="1" HEIGHT="109" HPOS="323" VPOS="1100" WIDTH="1971">
<String CONTENT="&#169;" HEIGHT="53" HPOS="323" VPOS="1100" WIDTH="53" />
<SP HEIGHT="53" HPOS="377" VPOS="1100" WIDTH="25" />
<String CONTENT="Apr." HEIGHT="47" HPOS="403" VPOS="1105" WIDTH="113" />
<SP HEIGHT="41" HPOS="517" VPOS="1104" WIDTH="25" />
<String CONTENT="20," HEIGHT="49" HPOS="543" VPOS="1104" WIDTH="69" />
<SP HEIGHT="49" HPOS="613" VPOS="1104" WIDTH="27" />
<String CONTENT="1935;" HEIGHT="49" HPOS="641" VPOS="1102" WIDTH="141" />
<SP HEIGHT="48" HPOS="783" VPOS="1103" WIDTH="27" />
<String CONTENT="2c." HEIGHT="41" HPOS="811" VPOS="1103" WIDTH="66" />
<SP HEIGHT="39" HPOS="878" VPOS="1105" WIDTH="26" />
<String CONTENT="Apr." HEIGHT="48" HPOS="905" VPOS="1105" WIDTH="114" />
<SP HEIGHT="41" HPOS="1020" VPOS="1103" WIDTH="27" />
<String CONTENT="27;" HEIGHT="48" HPOS="1048" VPOS="1103" WIDTH="83" />
<SP HEIGHT="37" HPOS="1132" VPOS="1114" WIDTH="29" />
<String CONTENT="aff." HEIGHT="41" HPOS="1162" VPOS="1103" WIDTH="82" />
<SP HEIGHT="39" HPOS="1245" VPOS="1105" WIDTH="30" />
<String CONTENT="Apr." HEIGHT="47" HPOS="1276" VPOS="1105" WIDTH="112" />
<SP HEIGHT="41" HPOS="1389" VPOS="1103" WIDTH="27" />
<String CONTENT="25;" CS="1" HEIGHT="40" HPOS="1417" VPOS="1103" WIDTH="56" />
<SP HEIGHT="47" HPOS="1500" VPOS="1104" WIDTH="31" />
<String CONTENT="A" HEIGHT="39" HPOS="1532" VPOS="1104" WIDTH="42" />
<SP HEIGHT="40" HPOS="1575" VPOS="1104" WIDTH="26" />
<String CONTENT="81614;" HEIGHT="47" HPOS="1602" VPOS="1104" WIDTH="170" />
<SP HEIGHT="47" HPOS="1773" VPOS="1104" WIDTH="32" />
<String CONTENT="Colonial" HEIGHT="43" HPOS="1806" VPOS="1102" WIDTH="218" />
<SP HEIGHT="39" HPOS="2025" VPOS="1105" WIDTH="27" />
<String CONTENT="Williamsburg," HEIGHT="107" HPOS="391" VPOS="1102" WIDTH="1903" />
</TextLine>
<TextLine HEIGHT="49" HPOS="549" VPOS="1160" WIDTH="938">
<String CONTENT="inc.," HEIGHT="48" HPOS="549" VPOS="1161" WIDTH="105" />
<SP HEIGHT="48" HPOS="655" VPOS="1161" WIDTH="20" />
<String CONTENT="Williamsburg," HEIGHT="48" HPOS="676" VPOS="1161" WIDTH="379" />
<SP HEIGHT="48" HPOS="1056" VPOS="1161" WIDTH="22" />
<String CONTENT="Va." HEIGHT="40" HPOS="1079" LANG="fr" VPOS="1161" WIDTH="87" />
<SP HEIGHT="48" HPOS="1167" VPOS="1161" WIDTH="68" />
<String CONTENT="(35-7107)" HEIGHT="49" HPOS="1236" VPOS="1160" WIDTH="251" />
</TextLine>
<TextLine HEIGHT="68" HPOS="323" STYLEREFS="StyleId-AAA9780F-5D3B-42BD-ADD6-4AE73AE37F69-" VPOS="1261" WIDTH="979">
<String CONTENT="Gordon," HEIGHT="67" HPOS="323" VPOS="1261" WIDTH="250" />
<SP HEIGHT="64" HPOS="574" VPOS="1264" WIDTH="26" />
<String CONTENT="Samuel" HEIGHT="55" HPOS="601" VPOS="1263" WIDTH="235" />
<SP HEIGHT="53" HPOS="837" VPOS="1263" WIDTH="24" />
<String CONTENT="Dickey," HEIGHT="67" HPOS="862" VPOS="1262" WIDTH="240" />
<SP HEIGHT="61" HPOS="1103" VPOS="1268" WIDTH="28" />
<String CONTENT="1859-" HEIGHT="50" HPOS="1132" VPOS="1268" WIDTH="170" />
</TextLine>
<TextLine CS="1" HEIGHT="69" HPOS="393" STYLEREFS="StyleId-AAA9780F-5D3B-42BD-ADD6-4AE73AE37F69-" VPOS="1339" WIDTH="1916">
<String CONTENT="Quiet" HEIGHT="63" HPOS="393" VPOS="1339" WIDTH="173" />
<SP HEIGHT="48" HPOS="567" VPOS="1345" WIDTH="38" />
<String CONTENT="talks" HEIGHT="53" HPOS="606" VPOS="1340" WIDTH="148" />
<SP HEIGHT="34" HPOS="755" VPOS="1359" WIDTH="40" />
<String CONTENT="with" HEIGHT="53" HPOS="796" VPOS="1340" WIDTH="139" />
<SP HEIGHT="51" HPOS="936" VPOS="1342" WIDTH="41" />
<String CONTENT="eager" HEIGHT="50" HPOS="978" VPOS="1358" WIDTH="167" />
<SP HEIGHT="49" HPOS="1146" VPOS="1359" WIDTH="36" />
<String CONTENT="youth," HEIGHT="67" HPOS="1183" VPOS="1341" WIDTH="196" />
<SP HEIGHT="66" HPOS="1380" VPOS="1341" WIDTH="38" />
<String CONTENT="by" HEIGHT="66" HPOS="1419" VPOS="1341" WIDTH="76" />
<SP HEIGHT="67" HPOS="1496" VPOS="1340" WIDTH="41" />
<String CONTENT="S." HEIGHT="55" HPOS="1538" LANG="fr" VPOS="1340" WIDTH="57" />
<SP HEIGHT="52" HPOS="1596" VPOS="1341" WIDTH="40" />
<String CONTENT="D." HEIGHT="52" HPOS="1637" VPOS="1341" WIDTH="71" />
<SP HEIGHT="55" HPOS="1709" VPOS="1340" WIDTH="42" />
<String CONTENT="Gordon" HEIGHT="55" HPOS="1752" VPOS="1340" WIDTH="234" />
<SP HEIGHT="34" HPOS="1987" VPOS="1359" WIDTH="47" />
<String CONTENT="&#8230;" CS="1" />
<SP HEIGHT="53" HPOS="2091" VPOS="1340" WIDTH="79" />
<String CONTENT="New" HEIGHT="53" HPOS="2171" VPOS="1340" WIDTH="138" />
</TextLine>
<TextLine CS="1" HEIGHT="68" HPOS="327" STYLEREFS="StyleId-AAA9780F-5D3B-42BD-ADD6-4AE73AE37F69-" VPOS="1417" WIDTH="1484">
<String CONTENT="York" HEIGHT="53" HPOS="327" VPOS="1417" WIDTH="157" />
<SP HEIGHT="68" HPOS="485" VPOS="1417" WIDTH="31" />
<String CONTENT="[etc.]" CS="1" HEIGHT="60" HPOS="534" VPOS="1424" WIDTH="120" />
<SP HEIGHT="66" HPOS="655" VPOS="1418" WIDTH="31" />
<String CONTENT="Fleming" HEIGHT="67" HPOS="687" VPOS="1418" WIDTH="264" />
<SP HEIGHT="67" HPOS="952" VPOS="1418" WIDTH="26" />
<String CONTENT="H." HEIGHT="53" HPOS="979" VPOS="1418" WIDTH="76" />
<SP HEIGHT="52" HPOS="1056" VPOS="1419" WIDTH="24" />
<String CONTENT="Revell" HEIGHT="51" HPOS="1081" VPOS="1419" WIDTH="199" />
<SP HEIGHT="50" HPOS="1281" VPOS="1420" WIDTH="26" />
<String CONTENT="company" HEIGHT="49" HPOS="1308" VPOS="1436" WIDTH="279" />
<SP HEIGHT="48" HPOS="1588" VPOS="1437" WIDTH="29" />
<String CONTENT="[" CS="1" />
<String CONTENT="c" HEIGHT="21" HPOS="1634" STYLE="superscript" VPOS="1424" WIDTH="19" />
<String CONTENT="1935]" HEIGHT="63" HPOS="1659" VPOS="1421" WIDTH="152" />
</TextLine>
<TextLine CS="1" HEIGHT="50" HPOS="394" VPOS="1504" WIDTH="333">
<String CONTENT="160" HEIGHT="41" HPOS="394" LANG="en-US" VPOS="1504" WIDTH="82" />
<SP HEIGHT="49" HPOS="477" VPOS="1505" WIDTH="32" />
<String CONTENT="p." HEIGHT="38" HPOS="510" LANG="fr" VPOS="1516" WIDTH="42" />
<SP HEIGHT="38" HPOS="553" VPOS="1507" WIDTH="59" />
<String CONTENT="19cm." CS="1" HEIGHT="41" HPOS="613" LANG="fr" VPOS="1504" WIDTH="114" />
</TextLine>
<TextLine CS="1" HEIGHT="52" HPOS="325" VPOS="1571" WIDTH="1878">
<String CONTENT="&#169;" HEIGHT="52" HPOS="325" VPOS="1571" WIDTH="52" />
<SP HEIGHT="52" HPOS="378" VPOS="1571" WIDTH="22" />
<String CONTENT="Apr." HEIGHT="47" HPOS="401" VPOS="1575" WIDTH="113" />
<SP HEIGHT="40" HPOS="515" VPOS="1575" WIDTH="22" />
<String CONTENT="27," HEIGHT="48" HPOS="538" VPOS="1575" WIDTH="70" />
<SP HEIGHT="48" HPOS="609" VPOS="1575" WIDTH="25" />
<String CONTENT="1935;" CS="1" HEIGHT="42" HPOS="635" VPOS="1573" WIDTH="113" />
<SP HEIGHT="48" HPOS="776" VPOS="1574" WIDTH="24" />
<String CONTENT="2c." HEIGHT="41" HPOS="801" VPOS="1574" WIDTH="66" />
<SP HEIGHT="29" HPOS="868" VPOS="1585" WIDTH="24" />
<String CONTENT="and" HEIGHT="39" HPOS="893" VPOS="1575" WIDTH="97" />
<SP HEIGHT="40" HPOS="991" VPOS="1575" WIDTH="23" />
<String CONTENT="aff." HEIGHT="41" HPOS="1015" VPOS="1574" WIDTH="82" />
<SP HEIGHT="39" HPOS="1098" VPOS="1576" WIDTH="26" />
<String CONTENT="May" HEIGHT="47" HPOS="1125" VPOS="1576" WIDTH="114" />
<SP HEIGHT="49" HPOS="1240" VPOS="1574" WIDTH="23" />
<String CONTENT="2;" CS="1" HEIGHT="39" HPOS="1264" VPOS="1574" WIDTH="26" />
<SP HEIGHT="45" HPOS="1319" VPOS="1576" WIDTH="24" />
<String CONTENT="A" HEIGHT="38" HPOS="1344" VPOS="1576" WIDTH="41" />
<SP HEIGHT="39" HPOS="1386" VPOS="1576" WIDTH="27" />
<String CONTENT="81653;" CS="1" HEIGHT="41" HPOS="1414" VPOS="1574" WIDTH="142" />
<SP HEIGHT="47" HPOS="1584" VPOS="1575" WIDTH="28" />
<String CONTENT="Fleming" HEIGHT="49" HPOS="1613" VPOS="1574" WIDTH="220" />
<SP HEIGHT="48" HPOS="1834" VPOS="1575" WIDTH="22" />
<String CONTENT="H." HEIGHT="38" HPOS="1857" VPOS="1575" WIDTH="60" />
<SP HEIGHT="39" HPOS="1918" VPOS="1575" WIDTH="26" />
<String CONTENT="Revell" HEIGHT="39" HPOS="1945" VPOS="1575" WIDTH="166" />
<SP HEIGHT="39" HPOS="2112" VPOS="1576" WIDTH="24" />
<String CONTENT="co." HEIGHT="30" HPOS="2137" LANG="ru" VPOS="1585" WIDTH="66" />
</TextLine>
<TextLine HEIGHT="49" HPOS="405" VPOS="1630" WIDTH="248">
<String CONTENT="(35-7219)" HEIGHT="49" HPOS="405" VPOS="1630" WIDTH="248" />
</TextLine>
<TextLine HEIGHT="65" HPOS="325" STYLEREFS="StyleId-2255E6D5-F91F-4FD2-986D-DC282678ABA7-" VPOS="1733" WIDTH="1179">
<String CONTENT="Grandmaison," HEIGHT="65" HPOS="325" LANG="en-US" VPOS="1733" WIDTH="449" />
<SP HEIGHT="63" HPOS="775" VPOS="1735" WIDTH="28" />
<String CONTENT="L&#233;once" HEIGHT="54" HPOS="804" LANG="fr" VPOS="1734" WIDTH="226" />
<SP HEIGHT="52" HPOS="1031" VPOS="1736" WIDTH="24" />
<String CONTENT="de," HEIGHT="62" HPOS="1056" LANG="fr" VPOS="1736" WIDTH="88" />
<SP HEIGHT="58" HPOS="1145" VPOS="1740" WIDTH="34" />
<String CONTENT="1868-1927." HEIGHT="53" HPOS="1180" LANG="en-US" VPOS="1736" WIDTH="324" />
</TextLine>
<TextLine CS="1" HEIGHT="69" HPOS="458" LANG="fr" STYLEREFS="StyleId-AAA9780F-5D3B-42BD-ADD6-4AE73AE37F69-" VPOS="1810" WIDTH="1852">
<String CONTENT="&#8230;" CS="1" LANG="en-US" />
<SP HEIGHT="51" HPOS="458" VPOS="1813" WIDTH="36" />
<String CONTENT="Ecrits" HEIGHT="52" HPOS="495" VPOS="1813" WIDTH="192" />
<SP HEIGHT="34" HPOS="688" VPOS="1831" WIDTH="29" />
<String CONTENT="spirituels." HEIGHT="67" HPOS="718" VPOS="1812" WIDTH="308" />
<SP HEIGHT="34" HPOS="1027" VPOS="1845" WIDTH="72" />
<String CONTENT="[t.]" CS="1" HEIGHT="62" HPOS="1117" VPOS="1816" WIDTH="59" />
<SP HEIGHT="63" HPOS="1177" VPOS="1815" WIDTH="38" />
<String CONTENT="3." HEIGHT="49" HPOS="1216" VPOS="1815" WIDTH="46" />
<SP HEIGHT="52" HPOS="1263" VPOS="1813" WIDTH="33" />
<String CONTENT="Derni&#232;res" HEIGHT="53" HPOS="1297" VPOS="1812" WIDTH="301" />
<SP HEIGHT="33" HPOS="1599" VPOS="1831" WIDTH="32" />
<String CONTENT="retraites" HEIGHT="53" HPOS="1632" VPOS="1812" WIDTH="258" />
<SP HEIGHT="36" HPOS="1891" VPOS="1829" WIDTH="33" />
<String CONTENT="et" HEIGHT="47" HPOS="1925" VPOS="1817" WIDTH="54" />
<SP HEIGHT="47" HPOS="1980" VPOS="1817" WIDTH="31" />
<String CONTENT="triduums." HEIGHT="54" HPOS="2012" VPOS="1810" WIDTH="298" />
</TextLine>
<TextLine HEIGHT="69" HPOS="325" LANG="fr" STYLEREFS="StyleId-AAA9780F-5D3B-42BD-ADD6-4AE73AE37F69-" VPOS="1888" WIDTH="1377">
<String CONTENT="2" HEIGHT="48" HPOS="325" VPOS="1893" WIDTH="31" />
<String CONTENT="e" HEIGHT="21" HPOS="361" STYLE="superscript" VPOS="1896" WIDTH="18" />
<SP HEIGHT="51" HPOS="380" VPOS="1891" WIDTH="21" />
<String CONTENT="&#233;d." HEIGHT="51" HPOS="402" VPOS="1891" WIDTH="82" />
<SP HEIGHT="51" HPOS="485" VPOS="1891" WIDTH="61" />
<String CONTENT="Pari&#233;," HEIGHT="67" HPOS="547" VPOS="1890" WIDTH="185" />
<SP HEIGHT="67" HPOS="733" VPOS="1890" WIDTH="23" />
<String CONTENT="G." HEIGHT="55" HPOS="757" VPOS="1890" WIDTH="67" />
<SP HEIGHT="50" HPOS="825" VPOS="1893" WIDTH="24" />
<String CONTENT="Beauchesne" HEIGHT="53" HPOS="850" VPOS="1891" WIDTH="359" />
<SP HEIGHT="34" HPOS="1210" VPOS="1909" WIDTH="21" />
<String CONTENT="et" HEIGHT="46" HPOS="1232" VPOS="1898" WIDTH="56" />
<SP HEIGHT="46" HPOS="1289" VPOS="1898" WIDTH="20" />
<String CONTENT="ses" HEIGHT="35" HPOS="1310" VPOS="1909" WIDTH="84" />
<SP HEIGHT="54" HPOS="1395" VPOS="1888" WIDTH="24" />
<String CONTENT="fils," HEIGHT="69" HPOS="1420" VPOS="1888" WIDTH="105" />
<SP HEIGHT="64" HPOS="1526" VPOS="1893" WIDTH="25" />
<String CONTENT="1935." HEIGHT="50" HPOS="1552" VPOS="1893" WIDTH="150" />
</TextLine>
<TextLine CS="1" HEIGHT="53" HPOS="396" LANG="fr" VPOS="1962" WIDTH="434">
<String CONTENT="317," HEIGHT="45" HPOS="396" VPOS="1965" WIDTH="99" />
<SP HEIGHT="32" HPOS="496" VPOS="1983" WIDTH="32" />
<String CONTENT="[1]" HEIGHT="50" HPOS="529" VPOS="1965" WIDTH="53" />
<SP HEIGHT="38" HPOS="583" VPOS="1974" WIDTH="30" />
<String CONTENT="p." HEIGHT="37" HPOS="614" VPOS="1974" WIDTH="42" />
<SP HEIGHT="37" HPOS="657" VPOS="1966" WIDTH="57" />
<String CONTENT="19" CS="1" HEIGHT="41" HPOS="744" VPOS="1962" WIDTH="26" />
<String CONTENT="cm" HEIGHT="21" HPOS="771" STYLE="superscript" VPOS="1965" WIDTH="46" />
<String CONTENT="." HEIGHT="9" HPOS="822" VPOS="1995" WIDTH="8" />
</TextLine>
<TextLine CS="1" HEIGHT="47" HPOS="397" VPOS="2018" WIDTH="1919">
<String CONTENT="At" HEIGHT="39" HPOS="397" LANG="en-US" VPOS="2021" WIDTH="63" />
<SP HEIGHT="39" HPOS="461" VPOS="2021" WIDTH="29" />
<String CONTENT="head" HEIGHT="41" HPOS="491" LANG="en-US" VPOS="2019" WIDTH="126" />
<SP HEIGHT="39" HPOS="618" VPOS="2019" WIDTH="29" />
<String CONTENT="of" HEIGHT="38" HPOS="648" LANG="en-US" VPOS="2020" WIDTH="52" />
<SP HEIGHT="41" HPOS="701" VPOS="2020" WIDTH="29" />
<String CONTENT="title;" CS="1" HEIGHT="41" HPOS="731" LANG="en-US" VPOS="2020" WIDTH="110" />
<SP HEIGHT="40" HPOS="867" VPOS="2020" WIDTH="31" />
<String CONTENT="R." HEIGHT="39" HPOS="899" LANG="fr" VPOS="2020" WIDTH="55" />
<SP HEIGHT="38" HPOS="955" VPOS="2021" WIDTH="30" />
<String CONTENT="P." HEIGHT="37" HPOS="986" LANG="fr" VPOS="2021" WIDTH="49" />
<SP HEIGHT="38" HPOS="1036" VPOS="2020" WIDTH="33" />
<String CONTENT="L&#233;once" HEIGHT="41" HPOS="1070" LANG="fr" VPOS="2018" WIDTH="186" />
<SP HEIGHT="39" HPOS="1257" VPOS="2020" WIDTH="26" />
<String CONTENT="de" HEIGHT="39" HPOS="1284" LANG="fr" VPOS="2020" WIDTH="57" />
<SP HEIGHT="41" HPOS="1342" VPOS="2019" WIDTH="31" />
<String CONTENT="Grandmaison" HEIGHT="42" HPOS="1374" LANG="fr" VPOS="2018" WIDTH="358" />
<SP HEIGHT="39" HPOS="1733" VPOS="2019" WIDTH="30" />
<String CONTENT="de" HEIGHT="40" HPOS="1764" LANG="fr" VPOS="2019" WIDTH="59" />
<SP HEIGHT="39" HPOS="1824" VPOS="2020" WIDTH="28" />
<String CONTENT="la" HEIGHT="37" HPOS="1853" LANG="fr" VPOS="2020" WIDTH="47" />
<SP HEIGHT="41" HPOS="1901" VPOS="2018" WIDTH="30" />
<String CONTENT="Compagnie" HEIGHT="47" HPOS="1932" LANG="fr" VPOS="2018" WIDTH="294" />
<SP HEIGHT="40" HPOS="2227" VPOS="2020" WIDTH="28" />
<String CONTENT="de" HEIGHT="39" HPOS="2256" LANG="fr" VPOS="2020" WIDTH="60" />
</TextLine>
<TextLine HEIGHT="40" HPOS="327" LANG="fr" VPOS="2077" WIDTH="155">
<String CONTENT="J&#233;sus." HEIGHT="40" HPOS="327" VPOS="2077" WIDTH="155" />
</TextLine>
<TextLine CS="1" HEIGHT="53" HPOS="327" LANG="fr" VPOS="2143" WIDTH="1988">
<String CONTENT="&#169;" HEIGHT="53" HPOS="327" VPOS="2143" WIDTH="53" />
<SP HEIGHT="53" HPOS="381" VPOS="2143" WIDTH="27" />
<String CONTENT="Jan." HEIGHT="38" HPOS="409" LANG="de" VPOS="2148" WIDTH="110" />
<SP HEIGHT="37" HPOS="520" VPOS="2149" WIDTH="26" />
<String CONTENT="15," HEIGHT="47" HPOS="547" VPOS="2147" WIDTH="69" />
<SP HEIGHT="47" HPOS="617" VPOS="2147" WIDTH="25" />
<String CONTENT="1935;" HEIGHT="49" HPOS="643" VPOS="2145" WIDTH="141" />
<SP />
<String CONTENT="1c." CS="1" />
<SP />
<String CONTENT="May" HEIGHT="46" HPOS="914" VPOS="2148" WIDTH="116" />
<SP HEIGHT="47" HPOS="1031" VPOS="2147" WIDTH="25" />
<String CONTENT="31;" HEIGHT="46" HPOS="1057" VPOS="2147" WIDTH="82" />
<SP HEIGHT="45" HPOS="1140" VPOS="2148" WIDTH="30" />
<String CONTENT="A-" HEIGHT="38" HPOS="1171" VPOS="2148" WIDTH="102" />
<String CONTENT="Foreign" HEIGHT="47" HPOS="1275" LANG="de" VPOS="2146" WIDTH="206" />
<SP HEIGHT="38" HPOS="1482" VPOS="2146" WIDTH="26" />
<String CONTENT="28023;" HEIGHT="47" HPOS="1509" VPOS="2145" WIDTH="170" />
<SP HEIGHT="46" HPOS="1680" VPOS="2146" WIDTH="35" />
<String CONTENT="Gabriel" HEIGHT="40" HPOS="1716" VPOS="2146" WIDTH="196" />
<SP HEIGHT="39" HPOS="1913" VPOS="2146" WIDTH="26" />
<String CONTENT="Beauchesne" HEIGHT="40" HPOS="1940" VPOS="2146" WIDTH="309" />
<SP HEIGHT="40" HPOS="2250" VPOS="2145" WIDTH="27" />
<String CONTENT="&amp;" HEIGHT="40" HPOS="2278" VPOS="2145" WIDTH="37" />
</TextLine>
<TextLine HEIGHT="41" HPOS="398" LANG="fr" VPOS="2203" WIDTH="194">
<String CONTENT="ses" HEIGHT="29" HPOS="398" VPOS="2215" WIDTH="76" />
<SP HEIGHT="40" HPOS="475" VPOS="2204" WIDTH="27" />
<String CONTENT="fils." HEIGHT="41" HPOS="503" VPOS="2203" WIDTH="89" />
</TextLine>
<TextLine HEIGHT="66" HPOS="330" LANG="de" STYLEREFS="StyleId-2255E6D5-F91F-4FD2-986D-DC282678ABA7-" VPOS="2305" WIDTH="962">
<String CONTENT="Grimberg," HEIGHT="66" HPOS="330" VPOS="2305" WIDTH="329" />
<SP HEIGHT="62" HPOS="660" VPOS="2308" WIDTH="29" />
<String CONTENT="Carl" HEIGHT="54" HPOS="690" VPOS="2307" WIDTH="133" />
<SP HEIGHT="55" HPOS="824" VPOS="2306" WIDTH="29" />
<String CONTENT="Gustaf," HEIGHT="65" HPOS="854" VPOS="2306" WIDTH="236" />
<SP HEIGHT="57" HPOS="1091" VPOS="2314" WIDTH="29" />
<String CONTENT="1875-" HEIGHT="54" HPOS="1121" LANG="fr" VPOS="2308" WIDTH="171" />
</TextLine>
<TextLine HEIGHT="72" HPOS="405" STYLEREFS="StyleId-AAA9780F-5D3B-42BD-ADD6-4AE73AE37F69-" VPOS="2379" WIDTH="1908">
<String CONTENT="A" HEIGHT="51" HPOS="405" LANG="fr" VPOS="2383" WIDTH="49" />
<SP HEIGHT="51" HPOS="455" VPOS="2383" WIDTH="45" />
<String CONTENT="history" HEIGHT="69" HPOS="501" LANG="en-US" VPOS="2382" WIDTH="215" />
<SP HEIGHT="51" HPOS="717" VPOS="2400" WIDTH="43" />
<String CONTENT="of" HEIGHT="53" HPOS="761" LANG="en-US" VPOS="2381" WIDTH="63" />
<SP HEIGHT="55" HPOS="825" VPOS="2381" WIDTH="42" />
<String CONTENT="Sweden," HEIGHT="70" HPOS="868" LANG="en-US" VPOS="2381" WIDTH="252" />
<SP HEIGHT="70" HPOS="1121" VPOS="2381" WIDTH="43" />
<String CONTENT="by" HEIGHT="69" HPOS="1165" LANG="en-US" VPOS="2381" WIDTH="75" />
<SP HEIGHT="69" HPOS="1241" VPOS="2381" WIDTH="44" />
<String CONTENT="Carl" HEIGHT="55" HPOS="1286" LANG="de" VPOS="2381" WIDTH="135" />
<SP HEIGHT="55" HPOS="1422" VPOS="2380" WIDTH="44" />
<String CONTENT="Grimberg;" HEIGHT="69" HPOS="1467" LANG="de" VPOS="2380" WIDTH="331" />
<SP HEIGHT="61" HPOS="1799" VPOS="2387" WIDTH="45" />
<String CONTENT="translated" HEIGHT="54" HPOS="1845" LANG="en-US" VPOS="2380" WIDTH="314" />
<SP HEIGHT="52" HPOS="2160" VPOS="2380" WIDTH="43" />
<String CONTENT="and" HEIGHT="53" HPOS="2204" LANG="en-US" VPOS="2379" WIDTH="109" />
</TextLine>
<TextLine HEIGHT="71" HPOS="332" STYLEREFS="StyleId-AAA9780F-5D3B-42BD-ADD6-4AE73AE37F69-" VPOS="2457" WIDTH="1980">
<String CONTENT="adapted" HEIGHT="68" HPOS="332" VPOS="2460" WIDTH="246" />
<SP HEIGHT="52" HPOS="579" VPOS="2459" WIDTH="46" />
<String CONTENT="for" HEIGHT="53" HPOS="626" VPOS="2459" WIDTH="93" />
<SP HEIGHT="46" HPOS="720" VPOS="2467" WIDTH="40" />
<String CONTENT="the" HEIGHT="55" HPOS="761" VPOS="2460" WIDTH="93" />
<SP HEIGHT="56" HPOS="855" VPOS="2459" WIDTH="44" />
<String CONTENT="American" HEIGHT="54" HPOS="900" VPOS="2459" WIDTH="305" />
<SP HEIGHT="47" HPOS="1206" VPOS="2465" WIDTH="42" />
<String CONTENT="teacher," HEIGHT="69" HPOS="1249" VPOS="2459" WIDTH="240" />
<SP HEIGHT="51" HPOS="1490" VPOS="2477" WIDTH="43" />
<String CONTENT="student," HEIGHT="68" HPOS="1534" VPOS="2458" WIDTH="244" />
<SP HEIGHT="50" HPOS="1779" VPOS="2476" WIDTH="46" />
<String CONTENT="and" HEIGHT="52" HPOS="1826" VPOS="2458" WIDTH="111" />
<SP HEIGHT="52" HPOS="1938" VPOS="2458" WIDTH="44" />
<String CONTENT="reader," HEIGHT="66" HPOS="1983" VPOS="2459" WIDTH="212" />
<SP HEIGHT="68" HPOS="2196" VPOS="2457" WIDTH="46" />
<String CONTENT="by" HEIGHT="69" HPOS="2243" VPOS="2457" WIDTH="69" />
</TextLine>
<TextLine HEIGHT="72" HPOS="334" STYLEREFS="StyleId-AAA9780F-5D3B-42BD-ADD6-4AE73AE37F69-" VPOS="2534" WIDTH="1974">
<String CONTENT="C." HEIGHT="54" HPOS="334" LANG="fr" VPOS="2537" WIDTH="58" />
<SP HEIGHT="52" HPOS="393" VPOS="2537" WIDTH="27" />
<String CONTENT="W." HEIGHT="52" HPOS="421" LANG="en-US" VPOS="2537" WIDTH="87" />
<SP HEIGHT="51" HPOS="509" VPOS="2538" WIDTH="27" />
<String CONTENT="Foss." HEIGHT="51" HPOS="537" LANG="en-US" VPOS="2538" WIDTH="150" />
<SP HEIGHT="52" HPOS="688" VPOS="2537" WIDTH="74" />
<String CONTENT="Rock" HEIGHT="53" HPOS="763" LANG="en-US" VPOS="2537" WIDTH="156" />
<SP HEIGHT="51" HPOS="920" VPOS="2537" WIDTH="23" />
<String CONTENT="Island," HEIGHT="68" HPOS="944" LANG="en-US" VPOS="2536" WIDTH="214" />
<SP HEIGHT="67" HPOS="1159" VPOS="2537" WIDTH="25" />
<String CONTENT="Ill.," HEIGHT="70" HPOS="1185" LANG="en-US" VPOS="2536" WIDTH="110" />
<SP HEIGHT="70" HPOS="1296" VPOS="2536" WIDTH="23" />
<String CONTENT="Augustana" HEIGHT="68" HPOS="1320" LANG="de" VPOS="2536" WIDTH="338" />
<SP HEIGHT="53" HPOS="1659" VPOS="2535" WIDTH="23" />
<String CONTENT="book" HEIGHT="54" HPOS="1683" LANG="en-US" VPOS="2534" WIDTH="144" />
<SP HEIGHT="54" HPOS="1828" VPOS="2534" WIDTH="25" />
<String CONTENT="concern" HEIGHT="37" HPOS="1854" LANG="en-US" VPOS="2553" WIDTH="233" />
<SP HEIGHT="50" HPOS="2088" VPOS="2554" WIDTH="28" />
<String CONTENT="[" HEIGHT="35" HPOS="2117" LANG="en-US" STYLE="subscript" VPOS="2569" WIDTH="13" />
<String CONTENT="c" HEIGHT="22" HPOS="2135" LANG="en-US" STYLE="superscript" VPOS="2542" WIDTH="19" />
<String CONTENT="1935" HEIGHT="50" HPOS="2158" LANG="en-US" VPOS="2537" WIDTH="130" />
<String CONTENT="]" HEIGHT="34" HPOS="2295" LANG="en-US" STYLE="subscript" VPOS="2568" WIDTH="13" />
</TextLine>
<TextLine CS="1" HEIGHT="50" HPOS="402" STYLEREFS="StyleId-AAA9780F-5D3B-42BD-ADD6-4AE73AE37F69-" VPOS="2607" WIDTH="1225">
<String CONTENT="viii," HEIGHT="46" HPOS="402" VPOS="2609" WIDTH="100" />
<SP HEIGHT="46" HPOS="503" VPOS="2609" WIDTH="26" />
<String CONTENT="428" HEIGHT="39" HPOS="530" VPOS="2609" WIDTH="87" />
<SP HEIGHT="48" HPOS="618" VPOS="2609" WIDTH="23" />
<String CONTENT="p." HEIGHT="37" HPOS="642" VPOS="2620" WIDTH="44" />
<SP HEIGHT="39" HPOS="687" VPOS="2609" WIDTH="58" />
<String CONTENT="illus." HEIGHT="39" HPOS="746" VPOS="2609" WIDTH="126" />
<SP HEIGHT="49" HPOS="873" VPOS="2607" WIDTH="27" />
<String CONTENT="(incl." HEIGHT="49" HPOS="901" VPOS="2607" WIDTH="133" />
<SP HEIGHT="37" HPOS="1035" VPOS="2620" WIDTH="26" />
<String CONTENT="ports.," HEIGHT="46" HPOS="1062" VPOS="2611" WIDTH="163" />
<SP HEIGHT="37" HPOS="1226" VPOS="2620" WIDTH="25" />
<String CONTENT="maps)" HEIGHT="48" HPOS="1252" VPOS="2608" WIDTH="161" />
<SP HEIGHT="47" HPOS="1414" VPOS="2608" WIDTH="66" />
<String CONTENT="20&#189;" CS="1" HEIGHT="40" HPOS="1481" VPOS="2608" WIDTH="58" />
<String CONTENT="cm" HEIGHT="21" HPOS="1569" STYLE="superscript" VPOS="2611" WIDTH="44" />
<String CONTENT="." HEIGHT="8" HPOS="1617" VPOS="2641" WIDTH="10" />
</TextLine>
<TextLine CS="1" HEIGHT="48" HPOS="405" VPOS="2665" WIDTH="904">
<String CONTENT="&#8220;Brief" HEIGHT="40" HPOS="405" VPOS="2665" WIDTH="167" />
<SP HEIGHT="39" HPOS="573" VPOS="2666" WIDTH="25" />
<String CONTENT="bibliography&#8221;;" CS="1" HEIGHT="48" HPOS="599" VPOS="2665" WIDTH="364" />
<SP HEIGHT="37" HPOS="991" VPOS="2676" WIDTH="30" />
<String CONTENT="p." HEIGHT="37" HPOS="1022" VPOS="2676" WIDTH="42" />
<SP HEIGHT="40" HPOS="1065" VPOS="2666" WIDTH="26" />
<String CONTENT="414-418." HEIGHT="41" HPOS="1092" VPOS="2665" WIDTH="217" />
</TextLine>
<TextLine CS="1" HEIGHT="108" HPOS="332" VPOS="2734" WIDTH="1964">
<String CONTENT="&#169;" HEIGHT="51" HPOS="332" VPOS="2734" WIDTH="52" />
<SP HEIGHT="51" HPOS="385" VPOS="2734" WIDTH="24" />
<String CONTENT="Apr." HEIGHT="47" HPOS="410" VPOS="2738" WIDTH="113" />
<SP HEIGHT="41" HPOS="524" VPOS="2736" WIDTH="26" />
<String CONTENT="25," HEIGHT="48" HPOS="551" VPOS="2736" WIDTH="69" />
<SP HEIGHT="45" HPOS="621" VPOS="2739" WIDTH="27" />
<String CONTENT="1935;" CS="1" HEIGHT="40" HPOS="649" VPOS="2737" WIDTH="114" />
<SP HEIGHT="47" HPOS="789" VPOS="2737" WIDTH="27" />
<String CONTENT="2c." HEIGHT="40" HPOS="817" VPOS="2737" WIDTH="66" />
<SP HEIGHT="38" HPOS="884" VPOS="2738" WIDTH="28" />
<String CONTENT="May" HEIGHT="47" HPOS="913" VPOS="2738" WIDTH="114" />
<SP HEIGHT="47" HPOS="1028" VPOS="2738" WIDTH="24" />
<String CONTENT="4;" CS="1" HEIGHT="37" HPOS="1053" VPOS="2738" WIDTH="27" />
<SP HEIGHT="36" HPOS="1107" VPOS="2747" WIDTH="30" />
<String CONTENT="aff." HEIGHT="41" HPOS="1138" VPOS="2735" WIDTH="81" />
<SP HEIGHT="39" HPOS="1220" VPOS="2737" WIDTH="29" />
<String CONTENT="May" HEIGHT="47" HPOS="1250" VPOS="2737" WIDTH="114" />
<SP HEIGHT="48" HPOS="1365" VPOS="2736" WIDTH="25" />
<String CONTENT="3;" CS="1" HEIGHT="40" HPOS="1391" VPOS="2736" WIDTH="25" />
<SP HEIGHT="46" HPOS="1444" VPOS="2737" WIDTH="33" />
<String CONTENT="A" HEIGHT="38" HPOS="1478" VPOS="2737" WIDTH="41" />
<SP HEIGHT="40" HPOS="1520" VPOS="2737" WIDTH="25" />
<String CONTENT="81696;" CS="1" HEIGHT="41" HPOS="1546" VPOS="2736" WIDTH="146" />
<SP HEIGHT="46" HPOS="1717" VPOS="2737" WIDTH="27" />
<String CONTENT="Augustana" HEIGHT="47" HPOS="1745" LANG="de" VPOS="2737" WIDTH="286" />
<SP HEIGHT="39" HPOS="2032" VPOS="2737" WIDTH="29" />
<String CONTENT="book" HEIGHT="40" HPOS="2062" VPOS="2736" WIDTH="122" />
<SP HEIGHT="40" HPOS="2185" VPOS="2736" WIDTH="25" />
<String CONTENT="concern." HEIGHT="89" HPOS="400" VPOS="2745" WIDTH="1896" />
<SP HEIGHT="48" HPOS="525" VPOS="2794" WIDTH="70" />
<String CONTENT="(35-7237)" HEIGHT="49" HPOS="596" VPOS="2793" WIDTH="249" />
</TextLine>
<TextLine HEIGHT="64" HPOS="336" STYLEREFS="StyleId-2255E6D5-F91F-4FD2-986D-DC282678ABA7-" VPOS="2894" WIDTH="492">
<String CONTENT="Hurley," HEIGHT="64" HPOS="336" VPOS="2894" WIDTH="239" />
<SP HEIGHT="63" HPOS="576" VPOS="2895" WIDTH="27" />
<String CONTENT="Victor." HEIGHT="57" HPOS="604" VPOS="2894" WIDTH="224" />
</TextLine>
<TextLine CS="1" HEIGHT="145" HPOS="333" STYLEREFS="StyleId-AAA9780F-5D3B-42BD-ADD6-4AE73AE37F69-" VPOS="2970" WIDTH="1956">
<String CONTENT="Southeast" HEIGHT="55" HPOS="401" VPOS="2970" WIDTH="305" />
<SP HEIGHT="47" HPOS="707" VPOS="2978" WIDTH="26" />
<String CONTENT="of" HEIGHT="54" HPOS="734" VPOS="2971" WIDTH="64" />
<SP HEIGHT="52" HPOS="799" VPOS="2971" WIDTH="26" />
<String CONTENT="Zamboanga," HEIGHT="69" HPOS="826" VPOS="2970" WIDTH="376" />
<SP HEIGHT="67" HPOS="1203" VPOS="2972" WIDTH="28" />
<String CONTENT="by" HEIGHT="67" HPOS="1232" VPOS="2972" WIDTH="76" />
<SP HEIGHT="66" HPOS="1309" VPOS="2973" WIDTH="27" />
<String CONTENT="Vic" HEIGHT="53" HPOS="1337" VPOS="2972" WIDTH="108" />
<SP HEIGHT="53" HPOS="1446" VPOS="2971" WIDTH="25" />
<String CONTENT="Hurley;" CS="1" HEIGHT="67" HPOS="1472" VPOS="2971" WIDTH="225" />
<SP HEIGHT="48" HPOS="1726" VPOS="2990" WIDTH="31" />
<String CONTENT="with" HEIGHT="52" HPOS="1758" VPOS="2972" WIDTH="140" />
<SP HEIGHT="52" HPOS="1899" VPOS="2972" WIDTH="28" />
<String CONTENT="an" HEIGHT="34" HPOS="1928" VPOS="2990" WIDTH="71" />
<SP HEIGHT="52" HPOS="2000" VPOS="2971" WIDTH="25" />
<String CONTENT="introduction" HEIGHT="129" HPOS="333" VPOS="2971" WIDTH="1956" />
<SP HEIGHT="52" HPOS="452" VPOS="3049" WIDTH="35" />
<String CONTENT="by" HEIGHT="66" HPOS="488" VPOS="3049" WIDTH="74" />
</TextLine>
<TextLine CS="1" HEIGHT="66" HPOS="599" STYLEREFS="StyleId-AAA9780F-5D3B-42BD-ADD6-4AE73AE37F69-" VPOS="3048" WIDTH="1712">
<String CONTENT="Max" HEIGHT="53" HPOS="599" VPOS="3048" WIDTH="139" />
<SP HEIGHT="51" HPOS="739" VPOS="3049" WIDTH="33" />
<String CONTENT="Miller" HEIGHT="53" HPOS="773" VPOS="3048" WIDTH="193" />
<SP HEIGHT="33" HPOS="967" VPOS="3068" WIDTH="39" />
<String CONTENT="&#8230;" CS="1" />
<SP HEIGHT="53" HPOS="1063" VPOS="3048" WIDTH="73" />
<String CONTENT="New" HEIGHT="54" HPOS="1137" VPOS="3048" WIDTH="138" />
<SP HEIGHT="53" HPOS="1276" VPOS="3049" WIDTH="37" />
<String CONTENT="York," HEIGHT="64" HPOS="1314" VPOS="3049" WIDTH="179" />
<SP HEIGHT="64" HPOS="1494" VPOS="3049" WIDTH="33" />
<String CONTENT="E." HEIGHT="53" HPOS="1528" VPOS="3049" WIDTH="68" />
<SP HEIGHT="52" HPOS="1597" VPOS="3050" WIDTH="35" />
<String CONTENT="P." HEIGHT="51" HPOS="1633" VPOS="3050" WIDTH="66" />
<SP HEIGHT="52" HPOS="1700" VPOS="3049" WIDTH="36" />
<String CONTENT="Dutton" HEIGHT="53" HPOS="1737" VPOS="3049" WIDTH="222" />
<SP HEIGHT="50" HPOS="1960" VPOS="3051" WIDTH="33" />
<String CONTENT="&amp;" HEIGHT="50" HPOS="1994" VPOS="3051" WIDTH="47" />
<SP HEIGHT="50" HPOS="2042" VPOS="3051" WIDTH="32" />
<String CONTENT="co.," HEIGHT="48" HPOS="2075" LANG="ru" VPOS="3066" WIDTH="96" />
<SP HEIGHT="65" HPOS="2172" VPOS="3049" WIDTH="33" />
<String CONTENT="inc." HEIGHT="50" HPOS="2206" VPOS="3049" WIDTH="105" />
</TextLine>
<TextLine HEIGHT="64" HPOS="336" STYLEREFS="StyleId-AAA9780F-5D3B-42BD-ADD6-4AE73AE37F69-" VPOS="3129" WIDTH="193">
<String CONTENT="[" HEIGHT="35" HPOS="336" STYLE="subscript" VPOS="3158" WIDTH="13" />
<String CONTENT="c" HEIGHT="22" HPOS="353" STYLE="superscript" VPOS="3131" WIDTH="19" />
<String CONTENT="1935" HEIGHT="50" HPOS="376" VPOS="3129" WIDTH="133" />
<String CONTENT="]" HEIGHT="35" HPOS="515" STYLE="subscript" VPOS="3158" WIDTH="14" />
</TextLine>
<TextLine CS="1" HEIGHT="52" HPOS="401" VPOS="3195" WIDTH="1014">
<String CONTENT="237" HEIGHT="43" HPOS="401" VPOS="3195" WIDTH="86" />
<SP HEIGHT="46" HPOS="488" VPOS="3199" WIDTH="31" />
<String CONTENT="p." HEIGHT="37" HPOS="520" VPOS="3208" WIDTH="43" />
<SP HEIGHT="41" HPOS="564" VPOS="3197" WIDTH="58" />
<String CONTENT="front.," HEIGHT="48" HPOS="623" VPOS="3197" WIDTH="162" />
<SP HEIGHT="38" HPOS="786" VPOS="3209" WIDTH="32" />
<String CONTENT="plates," HEIGHT="49" HPOS="819" VPOS="3198" WIDTH="170" />
<SP HEIGHT="47" HPOS="990" VPOS="3199" WIDTH="31" />
<String CONTENT="facsim." HEIGHT="40" HPOS="1022" VPOS="3198" WIDTH="189" />
<SP HEIGHT="38" HPOS="1212" VPOS="3199" WIDTH="57" />
<String CONTENT="22&#189;" CS="1" HEIGHT="40" HPOS="1270" VPOS="3197" WIDTH="56" />
<String CONTENT="cm" HEIGHT="21" HPOS="1359" STYLE="superscript" VPOS="3200" WIDTH="44" />
<String CONTENT="." HEIGHT="9" HPOS="1407" VPOS="3230" WIDTH="8" />
</TextLine>
<TextLine HEIGHT="50" HPOS="402" VPOS="3253" WIDTH="624">
<String CONTENT="Maps" HEIGHT="50" HPOS="402" VPOS="3253" WIDTH="139" />
<SP HEIGHT="29" HPOS="542" VPOS="3266" WIDTH="32" />
<String CONTENT="on" HEIGHT="29" HPOS="575" VPOS="3266" WIDTH="60" />
<SP HEIGHT="37" HPOS="636" VPOS="3256" WIDTH="30" />
<String CONTENT="lining-papers." HEIGHT="49" HPOS="667" VPOS="3254" WIDTH="359" />
</TextLine>
<TextLine HEIGHT="43" HPOS="405" VPOS="3309" WIDTH="406">
<String CONTENT="&#8220;First" HEIGHT="41" HPOS="405" VPOS="3310" WIDTH="159" />
<SP HEIGHT="37" HPOS="565" VPOS="3314" WIDTH="29" />
<String CONTENT="edition.&#8217;" HEIGHT="43" HPOS="595" VPOS="3309" WIDTH="216" />
</TextLine>
<TextLine HEIGHT="52" HPOS="336" VPOS="3377" WIDTH="1973">
<String CONTENT="&#169;" HEIGHT="52" HPOS="336" VPOS="3377" WIDTH="52" />
<SP HEIGHT="52" HPOS="389" VPOS="3377" WIDTH="26" />
<String CONTENT="May" HEIGHT="46" HPOS="416" VPOS="3382" WIDTH="114" />
<SP HEIGHT="46" HPOS="531" VPOS="3382" WIDTH="25" />
<String CONTENT="14," HEIGHT="45" HPOS="557" VPOS="3382" WIDTH="67" />
<SP HEIGHT="45" HPOS="625" VPOS="3382" WIDTH="26" />
<String CONTENT="1935;" HEIGHT="47" HPOS="652" VPOS="3380" WIDTH="139" />
<SP HEIGHT="47" HPOS="792" VPOS="3380" WIDTH="29" />
<String CONTENT="2c." HEIGHT="40" HPOS="822" VPOS="3380" WIDTH="65" />
<SP HEIGHT="30" HPOS="888" VPOS="3390" WIDTH="27" />
<String CONTENT="and" HEIGHT="38" HPOS="916" VPOS="3381" WIDTH="95" />
<SP HEIGHT="39" HPOS="1012" VPOS="3381" WIDTH="25" />
<String CONTENT="aff." HEIGHT="41" HPOS="1038" VPOS="3379" WIDTH="82" />
<SP HEIGHT="39" HPOS="1121" VPOS="3380" WIDTH="31" />
<String CONTENT="May" HEIGHT="47" HPOS="1153" VPOS="3380" WIDTH="113" />
<SP HEIGHT="47" HPOS="1267" VPOS="3380" WIDTH="25" />
<String CONTENT="15;" HEIGHT="46" HPOS="1293" VPOS="3380" WIDTH="81" />
<SP HEIGHT="45" HPOS="1375" VPOS="3381" WIDTH="29" />
<String CONTENT="A" HEIGHT="38" HPOS="1405" VPOS="3381" WIDTH="41" />
<SP HEIGHT="39" HPOS="1447" VPOS="3381" WIDTH="26" />
<String CONTENT="83099;" HEIGHT="48" HPOS="1474" VPOS="3379" WIDTH="169" />
<SP HEIGHT="45" HPOS="1644" VPOS="3382" WIDTH="30" />
<String CONTENT="E." HEIGHT="38" HPOS="1675" LANG="fr" VPOS="3382" WIDTH="52" />
<SP HEIGHT="38" HPOS="1728" VPOS="3382" WIDTH="29" />
<String CONTENT="P." HEIGHT="39" HPOS="1758" VPOS="3382" WIDTH="49" />
<SP HEIGHT="39" HPOS="1808" VPOS="3382" WIDTH="27" />
<String CONTENT="Dutton" HEIGHT="39" HPOS="1836" VPOS="3382" WIDTH="187" />
<SP HEIGHT="40" HPOS="2024" VPOS="3381" WIDTH="26" />
<String CONTENT="&amp;" HEIGHT="40" HPOS="2051" VPOS="3381" WIDTH="35" />
<SP HEIGHT="40" HPOS="2087" VPOS="3381" WIDTH="26" />
<String CONTENT="co.," HEIGHT="37" HPOS="2114" LANG="ru" VPOS="3391" WIDTH="81" />
<SP HEIGHT="48" HPOS="2196" VPOS="3380" WIDTH="26" />
<String CONTENT="inc." HEIGHT="39" HPOS="2223" VPOS="3380" WIDTH="86" />
</TextLine>
<TextLine HEIGHT="48" HPOS="414" VPOS="3436" WIDTH="249">
<String CONTENT="(35-7161)" HEIGHT="48" HPOS="414" VPOS="3436" WIDTH="249" />
</TextLine>
<TextLine HEIGHT="68" HPOS="334" STYLEREFS="StyleId-2255E6D5-F91F-4FD2-986D-DC282678ABA7-" VPOS="3535" WIDTH="1343">
<String CONTENT="Jacobson," HEIGHT="67" HPOS="334" VPOS="3535" WIDTH="306" />
<SP HEIGHT="62" HPOS="641" VPOS="3540" WIDTH="29" />
<String CONTENT="Ernst" HEIGHT="52" HPOS="671" VPOS="3540" WIDTH="183" />
<SP HEIGHT="52" HPOS="855" VPOS="3540" WIDTH="26" />
<String CONTENT="Ludwig" HEIGHT="65" HPOS="882" VPOS="3538" WIDTH="249" />
<SP HEIGHT="63" HPOS="1132" VPOS="3540" WIDTH="22" />
<String CONTENT="Harthern," HEIGHT="63" HPOS="1155" VPOS="3539" WIDTH="323" />
<SP HEIGHT="57" HPOS="1479" VPOS="3545" WIDTH="32" />
<String CONTENT="1884-" HEIGHT="49" HPOS="1512" VPOS="3545" WIDTH="165" />
</TextLine>
<TextLine CS="1" HEIGHT="74" HPOS="463" STYLEREFS="StyleId-AAA9780F-5D3B-42BD-ADD6-4AE73AE37F69-" VPOS="3613" WIDTH="1847">
<String CONTENT="&#8230;" CS="1" LANG="en-US" />
<SP HEIGHT="52" HPOS="463" VPOS="3615" WIDTH="47" />
<String CONTENT="En" HEIGHT="51" HPOS="511" LANG="fr" VPOS="3615" WIDTH="92" />
<SP HEIGHT="68" HPOS="604" VPOS="3613" WIDTH="42" />
<String CONTENT="j&#248;de" CS="1" HEIGHT="68" HPOS="647" LANG="en-US" VPOS="3613" WIDTH="130" />
<SP HEIGHT="34" HPOS="778" VPOS="3634" WIDTH="43" />
<String CONTENT="rejser" HEIGHT="68" HPOS="822" LANG="en-US" VPOS="3615" WIDTH="174" />
<SP HEIGHT="47" HPOS="997" VPOS="3621" WIDTH="41" />
<String CONTENT="til" HEIGHT="52" HPOS="1039" LANG="en-US" VPOS="3617" WIDTH="69" />
<SP HEIGHT="53" HPOS="1109" VPOS="3616" WIDTH="42" />
<String CONTENT="Pal&#230;stina." HEIGHT="52" HPOS="1152" LANG="fr" VPOS="3616" WIDTH="322" />
<SP HEIGHT="51" HPOS="1475" VPOS="3617" WIDTH="78" />
<String CONTENT="K&#248;benhavn," CS="1" HEIGHT="71" HPOS="1554" LANG="en-US" VPOS="3616" WIDTH="373" />
<SP HEIGHT="71" HPOS="1928" VPOS="3616" WIDTH="44" />
<String CONTENT="Gyldendal," HEIGHT="68" HPOS="1973" LANG="en-US" VPOS="3615" WIDTH="337" />
</TextLine>
<TextLine HEIGHT="51" HPOS="338" STYLEREFS="StyleId-AAA9780F-5D3B-42BD-ADD6-4AE73AE37F69-" VPOS="3694" WIDTH="146">
<String CONTENT="1934." HEIGHT="51" HPOS="338" VPOS="3694" WIDTH="146" />
</TextLine>
<TextLine CS="1" HEIGHT="50" HPOS="405" VPOS="3762" WIDTH="691">
<String CONTENT="269" HEIGHT="40" HPOS="405" VPOS="3763" WIDTH="85" />
<SP HEIGHT="49" HPOS="491" VPOS="3763" WIDTH="27" />
<String CONTENT="p." HEIGHT="37" HPOS="519" VPOS="3775" WIDTH="42" />
<SP HEIGHT="40" HPOS="562" VPOS="3764" WIDTH="57" />
<String CONTENT="fold." HEIGHT="40" HPOS="620" VPOS="3764" WIDTH="117" />
<SP HEIGHT="29" HPOS="738" VPOS="3774" WIDTH="29" />
<String CONTENT="map." HEIGHT="38" HPOS="768" VPOS="3774" WIDTH="124" />
<SP HEIGHT="41" HPOS="893" VPOS="3762" WIDTH="57" />
<String CONTENT="23&#189;" CS="1" HEIGHT="41" HPOS="951" VPOS="3762" WIDTH="54" />
<String CONTENT="cm" HEIGHT="21" HPOS="1040" STYLE="superscript" VPOS="3766" WIDTH="44" />
<String CONTENT="." HEIGHT="7" HPOS="1088" VPOS="3798" WIDTH="8" />
</TextLine>
<TextLine CS="1" HEIGHT="41" HPOS="408" VPOS="3819" WIDTH="922">
<String CONTENT="At" HEIGHT="39" HPOS="408" VPOS="3819" WIDTH="60" />
<SP HEIGHT="38" HPOS="469" VPOS="3820" WIDTH="27" />
<String CONTENT="head" HEIGHT="38" HPOS="497" VPOS="3820" WIDTH="122" />
<SP HEIGHT="39" HPOS="620" VPOS="3820" WIDTH="28" />
<String CONTENT="of" HEIGHT="39" HPOS="649" VPOS="3820" WIDTH="51" />
<SP HEIGHT="39" HPOS="701" VPOS="3820" WIDTH="25" />
<String CONTENT="title;" CS="1" HEIGHT="40" HPOS="727" VPOS="3819" WIDTH="108" />
<SP HEIGHT="39" HPOS="863" VPOS="3820" WIDTH="28" />
<String CONTENT="Ernst" HEIGHT="39" HPOS="892" VPOS="3820" WIDTH="146" />
<SP HEIGHT="39" HPOS="1039" VPOS="3820" WIDTH="27" />
<String CONTENT="Harthern." HEIGHT="40" HPOS="1067" VPOS="3820" WIDTH="263" />
</TextLine>
<TextLine CS="1" HEIGHT="112" HPOS="338" VPOS="3882" WIDTH="1960">
<String CONTENT="&#169;" HEIGHT="52" HPOS="338" VPOS="3882" WIDTH="52" />
<SP HEIGHT="52" HPOS="391" VPOS="3882" WIDTH="27" />
<String CONTENT="Oct." HEIGHT="39" HPOS="419" VPOS="3887" WIDTH="100" />
<SP HEIGHT="39" HPOS="520" VPOS="3887" WIDTH="25" />
<String CONTENT="13," HEIGHT="45" HPOS="546" VPOS="3887" WIDTH="68" />
<SP HEIGHT="44" HPOS="615" VPOS="3888" WIDTH="28" />
<String CONTENT="1934;" CS="1" HEIGHT="40" HPOS="644" VPOS="3887" WIDTH="113" />
<SP />
<String CONTENT="1c." CS="1" />
<SP />
<String CONTENT="Jan." HEIGHT="38" HPOS="908" VPOS="3889" WIDTH="107" />
<SP HEIGHT="39" HPOS="1016" VPOS="3889" WIDTH="29" />
<String CONTENT="8," HEIGHT="45" HPOS="1046" VPOS="3889" WIDTH="39" />
<SP HEIGHT="44" HPOS="1086" VPOS="3890" WIDTH="27" />
<String CONTENT="1935;" CS="1" HEIGHT="40" HPOS="1114" VPOS="3888" WIDTH="113" />
<SP HEIGHT="45" HPOS="1254" VPOS="3889" WIDTH="32" />
<String CONTENT="A-Foreign" HEIGHT="48" HPOS="1287" VPOS="3888" WIDTH="312" />
<SP HEIGHT="38" HPOS="1600" VPOS="3889" WIDTH="22" />
<String CONTENT="26605;" CS="1" HEIGHT="40" HPOS="1623" VPOS="3888" WIDTH="147" />
<SP HEIGHT="47" HPOS="1794" VPOS="3888" WIDTH="29" />
<String CONTENT="Gyldendalske" HEIGHT="48" HPOS="1824" VPOS="3888" WIDTH="359" />
<SP HEIGHT="42" HPOS="2184" VPOS="3888" WIDTH="23" />
<String CONTENT="boghandel," HEIGHT="102" HPOS="407" VPOS="3888" WIDTH="1891" />
<SP HEIGHT="46" HPOS="597" VPOS="3944" WIDTH="27" />
<String CONTENT="Nordisk" HEIGHT="40" HPOS="625" VPOS="3944" WIDTH="211" />
<SP HEIGHT="38" HPOS="837" VPOS="3944" WIDTH="26" />
<String CONTENT="forlag." HEIGHT="48" HPOS="864" VPOS="3944" WIDTH="172" />
<SP HEIGHT="48" HPOS="1037" VPOS="3944" WIDTH="68" />
<String CONTENT="(35-7578)" HEIGHT="50" HPOS="1106" VPOS="3944" WIDTH="248" />
</TextLine>
</TextBlock>
</PrintSpace>
</Page>
</Layout>
</alto>