2424 4375
1038 4002 100 55 687

102 457 270 51 Eminent
406 456 553 53 domain-Evidence
996 457 111 52 and
1143 456 365 68 depositions.
1580 459 91 65 By
1702 458 94 53 the

98 456 1964 131 publishers’
241 535 264 52 editorial
543 531 151 55 staff.
772 534 268 67 Chicago,
1077 535 112 65 Ill.,
1230 535 276 52 Burdette
1548 535 189 55 Smith
1778 552 306 50 company;

103 610 80 55 St.
218 614 162 53 Paul.
414 611 200 66 Minn.,
643 614 160 52 West
833 611 335 68 publishing
1199 631 78 35 co.;
1340 614 225 51 Kansas
1598 612 153 67 City,
1781 613 135 66 Mo.,

97 614 1968 128 Vernon
235 693 107 50 law
369 689 146 54 book
541 707 279 50 company
867 693 177 64 [c1935]

166 788 44 35 X,
241 776 85 41 857
351 788 43 37 p.
450 775 116 42 24cm.

100 842 52 53 ©
186 847 110 47 Apr.
334 846 70 48 25,
441 846 140 46 1935;
620 846 68 41 2c.
727 848 94 38 and
859 846 81 40 aff.
977 848 114 46 May
1126 847 82 46 13;
1248 848 41 37 A
1325 846 170 47 81795;
1535 848 237 39 Burdette
1812 845 154 42 Smith
2005 857 84 38 co.,

168 904 191 40 Vernon
387 905 97 38 law
518 904 125 40 book
672 913 67 31 co.
773 904 96 39 and
901 904 137 40 West
1067 904 106 47 pub.
1209 915 66 29 co.

98 1008 258 53 Indiana.
432 1009 183 65 Laws,
642 1013 257 60 statutes,
925 1014 101 47 etc.

166 1085 312 53 Baldwin’s
507 1086 248 52 Indiana
782 1090 238 49 statutes
1048 1085 226 53 service.
1338 1086 157 66 May,
1525 1088 151 64 1935,
95 1087 1968 143 supplementing

228 1163 310 54 Baldwin’s
573 1168 135 48 1934
738 1164 247 53 Indiana
1015 1168 255 49 statutes.
1342 1164 351 67 Containing
1725 1166 360 52 annotations

101 1243 110 52 and
242 1244 135 50 laws
407 1244 275 64 complete
707 1249 57 47 to
794 1242 138 67 May
963 1246 48 63 1,
1042 1244 150 64 1935,
1220 1241 190 53 edited
1439 1242 75 67 by
1541 1242 261 56 William
1832 1243 253 53 Edward

96 1319 1966 143 Baldwin … Jay S. Hudson … [and] Glenn Kitson … Cleveland,
280 1398 501 54 Banks-Baldwin
809 1401 109 50 law
949 1398 335 68 publishing
1312 1417 279 49 company
1626 1402 191 64 [c1935]

165 1484 882 50 4 p. l., 7-682, 64, 108, 4 p. 25½cm.
98 1553 52 53 ©
187 1558 128 39 June
347 1558 40 45 3,
424 1555 140 48 1935;
602 1556 68 40 2c.
709 1556 127 40 June
871 1556 52 47 6;
962 1556 81 39 aff.
1081 1556 128 40 June
1245 1557 52 45 5;
1337 1557 40 38 A
1412 1554 170 48 84101;
1623 1554 215 41 William
1877 1557 211 39 Edward

165 1613 238 47 Baldwin,
429 1614 272 40 Cleveland.

99 1714 244 65 Ireland,
370 1716 162 64 Tom,
562 1720 170 50 1895-

166 1791 1857 69 War clouds in the skies of the Far East, by Tom Ireland …
99 1872 134 51 New
262 1870 176 59 York,
466 1873 256 65 London,
751 1871 68 56 G.
847 1873 63 51 P.
938 1871 295 55 Putnam’s
1261 1889 146 48 sons,
1435 1875 151 50 1935.

171 1941 1751 51 xxi p., 2 l., 25-452 p. front., plates, ports., maps, diagrs. 21cm.
171 2000 1914 49 “Authorities” at beginning of each chapter except chapters XXXI and
244 2091 9 9 XXXII.

97 2125 52 53 ©
174 2131 113 45 May
310 2130 67 45 16,
404 2129 112 40 1935;
568 2130 69 39 2c.
661 2131 114 47 May
798 2130 58 40 18;
906 2129 81 40 aff.
1015 2131 113 46 May
1151 2128 60 41 20;
1263 2130 40 38 A
1328 2129 146 40 83208;
1526 2129 54 41 G.
1606 2130 50 40 P.
1684 2128 251 41 Putnam’s
1961 2139 127 30 sons.

175 2185 249 51 (35-7423)

96 2286 293 67 Jameson,
419 2290 217 64 Storm,
667 2291 171 55 1897-
1047 2290 85 53 ed.

169 2363 310 69 Challenge
506 2373 59 47 to
597 2365 187 69 death,
815 2364 190 55 Storm
1034 2364 286 69 Jameson,
1350 2365 213 65 editor;
1597 2364 385 54 introduction
2012 2364 74 67 by

100 2440 273 55 Viscount
406 2440 180 69 Cecil;
622 2442 282 54 foreward
953 2443 33 67 [!]
1024 2449 59 48 to
1116 2443 94 52 the
1242 2442 303 54 American
1580 2441 213 55 edition
1827 2441 75 69 by
1934 2440 152 55 Vera

101 2519 268 54 Brittain.
445 2520 135 52 New
619 2520 178 69 York,
828 2520 67 53 E.
932 2523 65 52 P.
1034 2521 221 53 Dutton
1290 2522 45 50 &
1370 2538 97 51 co.,
1499 2519 107 55 inc.
1666 2522 154 50 [c1935]

168 2590 98 49 xix,
299 2589 85 42 343
418 2602 44 38 p.
520 2591 146 41 19½cm.

169 2647 41 40 A
244 2649 293 47 symposium
574 2660 60 29 on
671 2650 82 40 the
787 2649 239 49 problems
1063 2649 51 41 of
1148 2661 145 38 peace
1326 2652 96 39 and
1457 2661 103 30 war
1594 2652 60 47 by
1691 2650 169 42 fifteen
1897 2651 188 41 British

99 2704 217 41 authors.

170 2760 162 41 “First
365 2760 226 42 edition.”

168 2818 343 47 Biographical
539 2819 137 39 notes
704 2829 60 28 on
794 2819 81 40 the
906 2819 193 40 writers
1126 2818 54 41 of
1208 2820 99 39 this
1334 2820 122 39 book:
1516 2831 44 37 p.
1590 2817 216 43 338-343.

98 2887 52 53 ©
180 2893 112 46 May
322 2891 40 49 9,
391 2890 141 48 1935;
563 2892 65 39 2c.
661 2893 94 38 and
788 2890 82 41 aff.
900 2893 114 46 May
1044 2891 81 47 10;
1158 2893 39 37 A
1228 2892 170 46 83215;
1433 2894 53 38 E.
1515 2893 51 39 P.
1599 2893 187 40 Dutton
1817 2893 37 40 &
1883 2904 81 35 co.,
1995 2892 90 41 inc.

176 2948 249 49 (35-7465)

96 3050 283 65 Jamison,
408 3051 155 54 John
594 3052 173 64 Cary.

165 3128 121 53 The
329 3127 274 68 spinning
648 3127 205 67 wheel;
899 3129 159 53 short
1103 3129 198 54 stories
1348 3129 95 53 for
1489 3129 275 66 children,
1806 3129 77 67 by
1927 3130 156 54 John

98 3203 112 54 Cary
282 3204 278 55 Jamison.
625 3205 139 54 New
796 3205 162 53 York
994 3211 138 62 [etc.]
1168 3206 266 66 Fleming
1466 3206 76 54 H.
1573 3206 199 53 Revell
1805 3224 280 50 company

101 3285 191 63 [c1935]

165 3352 633 51 2 p. l., 7-169 p. 19½cm.
98 3419 52 54 ©
175 3426 115 45 May
314 3424 67 47 25,
406 3423 116 42 1935;
573 3425 68 40 2c.
667 3426 97 39 and
787 3425 83 40 aff.
896 3427 114 46 May
1034 3425 56 40 29;
1145 3427 40 38 A
1212 3426 142 40 83387;
1410 3426 222 48 Fleming
1655 3428 61 39 H.
1745 3428 165 39 Revell
1939 3437 67 32 co.

177 3480 250 51 (35-7570)

99 3580 145 54 Jane
249 3599 148 49 way,
424 3584 282 54 Franklin
732 3584 221 66 Bailey,
982 3591 170 50 1869-

169 3660 121 54 The
328 3660 212 53 broken
579 3662 205 58 flower,
824 3662 76 69 by
938 3664 64 53 F.
1047 3665 67 53 B.
1154 3665 291 66 Janeway.
1519 3663 327 68 Knoxville,
1886 3667 196 64 Tenn.,

99 3739 118 51 The
247 3739 175 52 Keith
454 3758 171 48 press,
657 3745 149 49 1935.

169 3811 830 48 3 p. l., 11-152 p. illus. 20½cm.
100 3877 52 53 ©
182 3883 113 46 May
354 3883 40 45 14,
426 3881 112 42 1935;
597 3882 67 41 2c.
696 3884 96 39 and
823 3883 81 41 aff.
936 3886 114 46 May
1081 3883 82 47 16;
1196 3885 40 38 A
1268 3884 169 47 81852;
1472 3885 49 39 F.
1554 3886 54 39 B.
1642 3886 248 45 Janewav,
167 3886 1899 100 Knoxville,

318 3939 147 40 Tenn.
535 3939 250 49 (35-7526)
