2424 4375
1297 4039 101 56 788

352 405 280 66 Maurois,
660 406 218 64 André,
914 412 167 49 1885-

486 481 1858 68 … Sentiments & coutumes; le mariage—parents & enfants—
357 556 356 57 l’amitié—le
751 558 197 55 métier
987 560 46 50 &
1070 559 55 51 la
1166 559 231 54 cité—le
1438 559 268 53 bonheur.
1782 559 183 69 Paris,
2011 559 61 51 B.
2116 558 227 56 Grasset

359 639 173 66 [1934]

427 707 765 50 5 p. l., 13-217 p., 3 l. 17 ½ cm .
426 765 149 48 “Cinq
605 764 352 41 conférences.”

353 818 1991 57 © Dec. 1, 1934; 1c. Mar. 6, 1935; A- Foreign 27082; Éditions Bernard
427 882 213 41 Grasset.
711 881 250 49 (35-8619)

353 973 191 61 Mayo,
573 971 258 54 Thomas
860 970 300 66 Franklin,
1193 977 170 50 1893-

429 1050 279 66 Epicurus
753 1048 60 52 in
860 1048 270 67 England
1187 1048 366 69 (1650-1725)
1615 1048 108 68 [by]
1774 1049 248 54 Thomas
2066 1049 273 54 Franklin

356 1128 186 67 Mayo.
618 1127 219 66 Dallas,
869 1127 153 67 Tex.,
1054 1127 122 52 The
1210 1126 321 55 Southwest
1564 1145 156 49 press
1758 1161 10 32 [
1774 1134 17 20 c
1801 1130 131 48 1934]

425 1200 762 49 xxviii p., 1 l., 237 p. 23 ½ cm .
426 1258 170 39 Issued
623 1258 103 39 also
752 1267 54 30 as
833 1256 152 41 thesis
1020 1256 108 47 (PH.
1186 1256 34 48 D.)
1257 1256 249 41 Columbia
1535 1256 283 48 university.

427 1313 374 49 Bibliography:
831 1324 44 38 p.
902 1313 217 41 225-229.

354 1366 53 53 ©
434 1372 113 46 May
574 1372 37 46 1,
639 1369 113 41 1934;
809 1370 66 40 2c.
901 1372 94 38 and
1023 1370 81 40 aff.
1132 1371 112 47 Apr.
1274 1369 70 48 22,
1371 1369 111 41 1935;
1541 1371 40 38 A
1608 1370 142 40 82617;
1813 1371 274 40 Southwest
2117 1382 146 37 press.

437 1426 252 49 (35-8494)

358 1518 237 63 Nelson,
623 1517 91 54 Al.
742 1519 63 55 P.

426 1593 127 54 Gun
598 1594 207 65 smoke,
842 1596 74 66 by
956 1595 92 53 Al.
1089 1597 63 51 P.
1192 1596 228 51 Nelson.
1494 1596 138 51 New
1674 1595 179 66 York,
1892 1595 257 52 Phoenix
2195 1614 146 48 press

377 1678 173 62 [ c 1935]
426 1743 689 51 vi p., 1 l., 9-254 p. 19 ½ cm .
355 1799 52 53 ©
436 1804 130 38 .Tune
588 1803 40 46 3,
658 1801 141 49 1935;
829 1802 65 40 2c.
925 1802 126 40 June
1078 1802 81 47 15;
1193 1802 82 39 aff.
1306 1802 129 39 June
1458 1802 82 47 21;
1570 1802 41 39 A
1641 1802 170 46 84359;
1844 1801 215 39 Phoenix
2089 1813 146 37 press.

435 1860 250 49 (35-8473)

358 1948 120 53 The
500 1966 128 36 new
651 1948 408 54 international
1083 1965 135 50 year
1240 1949 172 51 book:
1442 1967 31 33 a
1497 1948 395 67 compendium
1917 1948 62 52 of
2002 1949 95 53 the
2123 1946 219 55 world’s

430 2045 261 49 progress
726 2026 96 53 for
852 2028 93 52 the
978 2046 135 48 year
1149 2030 148 49 1934.

1368 2026 915 68 Editor, Frank H. Vizetelly …
428 2107 137 51 New
595 2106 161 54 York
786 2106 108 52 and
924 2106 257 60 London,
1212 2105 167 52 Funk
1407 2107 45 49 &
1473 2107 299 65 Wagnalls
1801 2124 296 48 company,
2127 2108 146 49 1935.

423 2179 83 45 xii,
533 2179 82 40 761
642 2189 44 37 p.
740 2179 168 48 plates,
937 2181 162 45 ports.,
1127 2188 135 38 maps
1291 2177 138 48 (part
1450 2178 198 47 double)
1712 2178 55 39 25½
1800 2180 43 20 cm
1848 2209 7 7 .

356 2232 52 53 ©
429 2237 128 39 June
578 2236 40 47 5,
642 2235 140 48 1935;
808 2235 65 40 2c.
898 2235 129 40 June
1048 2236 55 40 18;
1156 2233 80 41 alf.
1261 2235 129 40 June
1412 2235 52 39 11
1484 2246 7 30 :
1519 2234 40 39 A
1582 2234 142 41 83694;
1783 2234 139 39 Funk
1945 2235 36 39 &
2007 2234 249 48 Wagnalls
2278 2242 64 31 co.

353 2355 141 52 New
526 2355 160 51 York
722 2353 189 67 (City)
996 2353 250 66 Mayor's
1277 2360 175 47 court.

357 2426 1982 148 … Select cases of the Mayor’s court of New York city, 1674-1784,
533 2505 1806 69 edited by Richard B. Morris … Washington, D. C., The
355 2583 296 54 American
683 2583 292 53 historical
1003 2583 355 62 association,
1391 2586 150 50 1935.

422 2656 80 49 vii,
536 2658 84 38 777
651 2666 44 38 p.
754 2655 56 40 25½
844 2659 14 20 cm
890 2688 8 7 .
970 2656 298 48 (Half-title;
1300 2655 255 41 American
1590 2655 123 47 legal
1754 2656 294 40 records—v.
2086 2656 40 47 2,
2162 2657 70 39 ed.
2267 2653 73 41 for
352 2713 79 38 the
461 2713 257 40 American
749 2712 252 39 historical

1035 2713 293 38 association
1363 2713 61 45 by
1458 2714 80 38 the
1573 2711 497 41 Littleton-Griswold
2104 2713 145 47 fund)

423 2767 159 42 Series
605 2769 108 40 title
739 2769 50 38 in
814 2770 112 45 part
950 2771 51 36 at
1026 2769 124 39 head
1175 2768 52 40 of
1249 2769 96 46 t.-p.

423 2822 70 42 On
523 2835 139 29 cover
679 2835 9 29 :
716 2824 233 40 Littleton
978 2824 239 40 Griswold
1242 2824 138 40 fund.

358 2878 52 53 ©
434 2884 112 47 Apr.
570 2882 70 47 22,
665 2882 140 47 1935;
831 2883 66 39 2c.
922 2884 95 37 and
1044 2881 81 40 aff.
1151 2883 127 39 June
1304 2881 54 39 22;
1412 2882 40 39 A
1478 2882 147 40 83736:;
1675 2883 144 39 Amer.
1858 2883 251 39 historical
2138 2893 123 29 assn.

436 2939 251 51 (35-8699)

356 3026 142 53 New
528 3026 158 53 York
722 3026 190 67 (City)
1000 3027 368 66 Ordinances,
1393 3033 100 48 etc.

488 3100 1849 70 … The Code of ordinances of the city of New York, with all
358 3181 384 53 amendments
795 3187 57 46 to
904 3181 263 66 January
1219 3183 100 63 1st.
1372 3184 150 61 1935,
1572 3182 298 64 including
1919 3182 96 52 the
2064 3181 274 63 Building

357 3257 151 64 code,
539 3257 96 53 the
667 3257 303 53 Electrical
1003 3257 152 66 code,
1186 3258 94 53 the
1314 3257 273 66 Sanitary
1616 3258 151 64 code,
1800 3258 111 53 and
1943 3259 94 52 the
2070 3254 265 56 amended

359 3332 1953 144 Building zone resolution, edited by William Edward Baldwin … New York,
1005 3410 326 65 Cleveland,
1358 3411 488 52 Banks-Baldwin
1874 3413 109 50 law
2009 3411 326 65 publishing

356 3505 279 48 company
675 3490 192 61 [c1935]

427 3556 1379 51 2 p. l. , 3-745 (i. c. 783 ), 16 p. illus., diagrs. 22½ cm .
424 3616 63 39 At
512 3616 125 39 head
662 3616 52 39 of
738 3615 108 40 title
865 3626 8 29 :
902 3616 114 39 1935
1043 3614 196 41 edition.

426 3671 71 40 On
524 3682 140 29 cover
681 3682 10 29 :
719 3672 116 39 New
862 3672 129 39 York
1018 3671 127 41 Code
1170 3671 55 40 of
1249 3670 298 41 ordinances.

426 3729 153 38 Extra
607 3729 261 39 numbered
897 3738 145 39 pages
1073 3728 228 40 inserted.

427 3783 386 49 “Photographic
855 3783 338 48 reproduction
1236 3784 53 40 of
1330 3785 84 39 the
1456 3783 170 41 official
1673 3783 180 41 edtiion
1899 3784 51 38 of
1994 3785 81 38 the
2120 3784 125 40 Code
2286 3776 69 52 of,

351 3839 521 41 ordinances.”—Pref.

359 3891 53 53 ©
447 3897 114 46 May
593 3896 69 47 31,
698 3895 140 48 1935;
872 3895 68 40 2c.
977 3896 125 39 June
1135 3895 52 46 1;
1229 3895 81 40 aff.
1347 3895 127 40 June
1508 3896 53 45 3;
1598 3896 40 38 A
1673 3894 168 47 84047;
1881 3894 212 41 William
2131 3889 201 44 Edward

430 3952 236 45 Baldwin,
699 3953 271 40 Cleveland.
1044 3951 248 48 (35-8521)
