2526 4384
1118 4026 97 49 149

167 409 292 67 Kennard,
487 411 101 53 Sir
615 408 322 66 Coleridge,
1004 415 124 58 bart.,
1158 412 171 51 1885-

234 486 271 69 Olympia;
565 505 79 34 or.
671 486 150 52 How
847 487 95 52 the
967 491 201 47 secrets
1196 485 64 53 of
1285 486 93 52 the
1408 485 141 53 East
1578 501 144 36 were
1748 485 110 52 lost
1887 483 95 53 for
2010 500 146 47 ever,

162 584 70 33 an
261 570 436 63 extravaganza,
727 564 73 68 by
833 562 301 70 Coleridge
1160 562 294 53 Kennard.
1520 562 259 67 London,
1812 561 70 53 A.
1916 559 239 67 Barker,

166 642 95 52 ltd.
301 645 170 64 [1934]

234 716 82 41 198
348 728 40 37 p.
448 716 55 39 22
506 719 44 21 cm
555 748 6 4 .

233 774 285 40 Illustrated
550 772 361 47 lining-papers.

167 826 1990 52 © 1c. Jan. 17, 1935; A ad int. 19912; pubd. Nov. 19, 1934; Arthur Barker,
231 888 84 39 ltd.
387 885 250 50 (35-2729)

167 988 224 66 [Leslie,
423 991 137 51 Mrs.
593 989 192 52 Annie
813 988 213 53 Louise
1058 987 298 67 (Brown)]
1396 989 169 54 1870-
1779 988 84 54 ed.

239 1064 186 56 “Dear
471 1066 252 67 Nancy”,
768 1067 94 50 the
908 1071 229 62 pattern
1184 1066 63 51 of
1292 1064 306 54 American
1644 1064 104 53 life
1795 1065 257 52 revealed
2100 1064 55 51 in

165 1145 207 67 letters,
397 1143 187 54 edited
607 1144 76 68 by
706 1145 199 66 Nancy
932 1146 209 50 Brown
1190 1143 194 67 [pseud.
1395 1176 9 33 ]
1490 1142 263 68 [Detroit]
1784 1144 119 51 The
1927 1142 224 53 Detroit

167 1240 166 49 news,
366 1226 149 50 1933.

237 1295 60 47 vi,
328 1294 85 41 282
444 1306 42 37 p.
546 1294 55 39 21½
635 1297 43 21 cm
684 1327 8 8 .

241 1349 1668 51 “First published in … the Detroit news from 1920 to 1932.”
167 1407 51 52 ©
247 1412 109 38 Dec.
387 1411 68 45 13,
484 1409 112 41 1933;
653 1409 66 41 2c.
750 1411 116 38 Jan.
887 1409 68 48 28,
985 1408 139 48 1935;
1156 1409 81 40 aff.
1269 1409 109 41 Feb.
1409 1408 83 47 14;
1524 1410 40 38 A
1590 1407 143 42 79697;
1792 1407 198 41 Detroit
2014 1418 144 30 news.

245 1467 250 49 (35-2752)

162 1568 277 66 Lindsay,
467 1568 212 67 Philip,
710 1574 171 51 1906-

235 1645 160 67 King
430 1645 203 68 Henry
677 1665 60 40 v;
783 1665 29 32 a
855 1646 300 66 chronicle,
1195 1644 75 70 by
1308 1645 201 68 Philip
1551 1644 271 68 Lindsay.
1901 1643 256 52 London.

166 1723 43 52 I.
240 1723 304 53 Nicholson
573 1723 45 50 &
645 1724 255 53 Watson,
929 1724 122 66 ltd.,
1081 1725 148 50 1934.

231 1793 82 43 383
346 1805 42 37 p.
449 1795 161 44 front.,
642 1797 170 45 plates,
847 1799 147 44 ports.
1055 1794 55 39 22
1113 1797 44 21 cm
1161 1830 8 8 .

231 1851 564 48 “Acknowledgements”;
857 1861 42 40 p.
929 1851 216 41 361-364.

169 1906 1991 53 © 1c. Jan. 5, 1935; A ad int. 19873; pubd. Nov. 8, 1934; P. Lindsay,
235 1968 210 39 London.
515 1967 250 49 (35-2788)

187 2068 325 67 [Lorenzini,
543 2070 188 67 Carlo]
769 2075 322 50 1831-1890.

169 2144 1968 132 … Pinocchio, by C. Collodi [pseud.] edited to fit the interests and
456 2223 243 54 abilities
734 2223 63 53 of
825 2240 193 51 young
1051 2223 222 53 readers
1306 2223 73 68 by
1413 2223 254 52 Edward
1702 2223 64 53 L.
1800 2221 357 67 Thorndike;

169 2300 321 55 illustrated
514 2301 75 69 by
615 2301 184 55 Helen
827 2300 221 56 Sewell.
1121 2300 136 57 New
1284 2300 177 70 York,
1486 2301 70 53 D.
1586 2299 572 72 Appleton-Century

169 2378 942 71 company, incorporated [ c 1935]
238 2451 63 46 xi,
332 2450 85 39 232
443 2461 43 38 p.
517 2452 110 39 incl.
657 2452 163 47 front.,
851 2451 128 41 illus.
1039 2451 56 40 19½
1126 2454 43 21 cm
1176 2484 8 9 .
1254 2451 125 49 (The
1410 2454 279 39 Thorndike
1716 2454 211 47 library)

240 2507 276 40 “Student’s
550 2507 226 40 edition.”

171 2562 53 52 ©
251 2567 108 40 Feb.
391 2568 67 46 15,
489 2567 116 40 1935;
661 2566 66 41 2c.
758 2567 109 40 Feb.
972 2578 8 35 18;
1014 2567 81 40 aff.
1126 2568 109 39 Feb.
1263 2567 84 47 21;
1381 2568 43 44 A
1452 2568 143 40 80514;
1658 2570 210 38 Edward
1900 2569 49 38 L.
238 2569 1905 101 Thorndike,
404 2625 259 47 Montrose,

705 2625 54 38 N.
803 2625 54 38 Y.
921 2624 279 49 [Copyright
1242 2625 45 38 is
1327 2626 205 39 claimed
1576 2636 59 30 on
1679 2625 350 41 substitutions
2069 2626 93 40 and

235 2681 367 49 modifications]
675 2680 250 49 (35-2780)

166 2784 277 65 McNeile,
474 2787 262 52 Herman
767 2786 178 64 Cyril.

236 2862 252 68 Bulldog
529 2864 361 51 Drummond
932 2869 58 47 at
1031 2862 140 68 bay!
1218 2864 75 66 by
1338 2862 223 69 Sapper
1626 2866 215 65 [pseud.]
164 2864 1969 128 [Instalment

346 2947 78 46 15.
491 2940 359 67 Conclusion]

244 3013 83 47 (In
351 3009 251 52 Answers,
630 3010 113 43 Jan.
773 3012 71 49 12,
874 3011 143 49 1935)

171 3064 1972 108 © 1c. Feb. 20, 1935; A ad int. 19967; pubd, Jan. 4; H. C. McNeile, Fittleworth,
433 3127 192 46 Sussex,
655 3128 234 46 England.

165 3210 1996 76 Maria, queen consort of Ferdinand I , k ing of Rumania, 1875-
237 3293 119 53 The
391 3298 156 63 story
583 3295 63 51 of
679 3314 96 48 my
809 3295 123 66 life,
966 3296 74 66 by
1074 3295 201 67 Marie,
1309 3313 175 49 queen
1517 3296 63 52 of
1615 3295 337 55 Roumania.
171 3297 1963 125 Volume
397 3414 9 8 III.

471 3372 162 55 With
665 3376 65 47 32
760 3374 197 66 plates.
1024 3373 238 52 London
1298 3378 137 62 [etc.]
1473 3373 215 54 Cassell
1720 3374 111 51 and
1863 3392 296 49 company,

168 3448 99 51 ltd.
301 3482 12 33 [
319 3455 18 20 c
343 3451 149 65 1935]

236 3532 44 35 x,
306 3521 84 40 463
418 3533 42 36 p.
515 3522 163 47 front.,
708 3524 170 46 plates,
906 3525 148 45 ports.
1110 3522 54 39 24
1168 3524 43 21 cm
1216 3553 7 7 .

241 3577 158 40 “First
430 3578 226 40 edition.”

175 3627 1986 56 © 1c. Mar. 26, 1935; A ad int. 20069; pubd. Mar. 14; Marie, dowager
239 3699 149 37 queen
414 3691 53 39 of
493 3691 286 47 Roumania,
809 3693 284 46 Bucharest,
1123 3692 256 40 Rumania.

176 3774 292 69 [Mitchell,
496 3780 200 54 James
723 3779 208 67 Leslie]
966 3785 170 50 1901-

301 3854 1558 70 … Grey granite. London, Jarrolds, limited [1934]
239 3926 869 52 3 p. l., xi-xiii, 15-288 p. 19½ cm .
