2424 4375
1146 4021 133 50 1869

227 411 142 64 Reu,
397 410 232 55 Johann
659 409 268 65 Michael,
960 413 170 51 1869-

298 484 1918 70 Christian ethics, by Johann Michael Reu … in conjunction
227 562 1992 70 with Paul H. Buehring … Columbus, O., The Lutheran book
225 659 253 48 concern,
508 644 150 50 1935.

333 746 9 16 x,
375 714 87 41 482
495 724 43 38 p.
598 713 116 41 20cm.

298 782 133 41 First
464 782 255 49 published
751 782 48 40 in
834 782 114 41 1914
979 783 49 40 in
1063 783 208 41 German
1304 784 153 40 under
1489 783 123 43 title,
1648 783 322 42 “Christliche
2003 785 135 40 ethik
2170 784 47 41 in

228 840 174 39 kurzer
439 838 333 50 skizzierung”
808 838 60 49 by
906 839 44 41 J.
990 841 63 41 M.
1090 840 117 39 Reu.
1268 839 119 41 This
1423 839 184 42 edition
1646 841 90 40 has
1775 841 116 40 been
1930 841 187 42 revised
2159 842 58 48 by

230 896 79 40 the
337 895 190 47 author,
557 896 93 39 and
683 895 270 41 translated
982 895 61 49 by
1070 896 52 41 P.
1148 896 60 40 H.
1238 895 261 49 Buehring,
1530 897 106 40 who
1666 897 89 40 has
1780 898 103 39 also
1912 898 305 42 contributed

229 951 270 42 additional
525 951 227 40 material
778 962 60 29 on
865 952 149 39 social
1039 951 154 41 ethics
1227 952 65 48 (p.
1315 952 228 48 256-396)
1605 953 62 47 cf.
1694 953 130 42 Pref.

297 1007 348 49 Bibliography:
709 1018 44 38 p.
786 1007 218 41 415-458.

230 1074 52 54 ©
308 1080 110 39 Dec.
507 1109 8 16 18,
543 1078 113 39 1935;
713 1078 67 40 2c.
808 1079 110 39 Dec.
946 1079 55 38 21;
1059 1079 83 40 aff.
1170 1080 112 39 Dec.
1310 1080 24 38 23;
1422 1080 39 38 A
1489 1080 147 40 88868;
1690 1081 251 40 Lutheran
1966 1082 122 39 book
300 1092 1902 84 concern.
494 1135 220 48 (36-228)

227 1238 312 65 Reynolds,
563 1239 204 54 James
791 1238 237 65 Joseph.

295 1314 1924 73 The progress of our nation, by James J. Reynolds … and
224 1388 1989 75 Grace A. Taylor … New York, Noble and Noble, inc. [c1935]
332 1495 8 16 x,
365 1464 87 41 470
476 1475 43 38 p.
574 1464 126 41 illus.
730 1465 132 48 (incl.
887 1466 161 47 maps)
1113 1465 116 42 20cm.
1296 1466 97 48 (On
1422 1476 162 33 cover:
1612 1468 140 40 Modern
1841 1468 163 41 school
2030 1468 189 48 history

227 1520 345 52 series. [ III ] )
298 1590 76 43 “It
400 1591 41 42 is
468 1593 83 40 the
575 1591 97 42 aim
696 1592 52 41 of
773 1592 99 41 this
894 1592 123 41 book
1043 1595 48 39 to
1116 1594 133 41 trace
1278 1594 81 40 the
1386 1593 209 48 changes
1621 1594 51 41 in
1699 1605 89 30 our
1814 1595 162 47 social,
2007 1594 210 42 cultural

225 1646 1976 97 and intellectual life which have resulted from … economic and industrial
373 1705 333 48 development
736 1704 126 42 from
892 1706 81 41 the
1003 1705 113 41 civil
1145 1716 106 30 war
1279 1707 49 39 to
1360 1704 80 43 the
1469 1709 196 45 present
1694 1706 330 48 day.”—Pref.

295 1758 387 51 Bibliographies
708 1763 51 39 at
781 1763 90 39 end
898 1761 52 40 of
976 1765 123 39 most
1125 1762 52 41 of
1201 1763 83 41 the
1309 1762 240 49 chapters.

230 1828 53 53 ©
315 1833 111 40 Dec.
455 1831 41 48 2,
530 1832 140 48 1935;
705 1833 66 40 2c.
807 1834 95 39 and
933 1833 82 41 aff.
1050 1834 112 40 Dec.
1197 1833 80 48 19;
1315 1835 39 38 A
1388 1834 170 48 89938;
1595 1836 154 41 Noble
1780 1838 94 38 and
1909 1837 164 48 Noble,
299 1838 1904 94 publishers.
518 1890 88 40 inc.
676 1889 219 48 (36-161)

227 1987 384 70 Richardson,
639 1993 266 53 Norman
934 1994 245 63 Egbert,
1211 1996 171 53 1878-

358 2069 1557 70 … The worship committee in action, by Norman E.
227 2072 1968 144 Richardson … and Kenneth S. McLennan … Boston,
229 2149 1969 144 Mass., International society of Christian endeavor [c1935]
299 2297 83 40 121
416 2308 42 38 p.
519 2296 153 48 diagr.
731 2297 146 41 20½cm.
947 2297 277 48 (Christian
1255 2299 150 48 youth
1437 2299 52 41 in
1517 2299 188 49 action)

301 2353 241 42 “Seventh
574 2353 227 41 edition.”

301 2409 130 41 “The
458 2409 230 49 kingdom
717 2409 270 42 crusader’s
1020 2409 173 50 hymn”
1237 2410 183 48 (words
1451 2413 95 39 and
1578 2412 178 48 music):
1827 2424 43 38 p.
1900 2415 98 40 101.

300 2466 253 41 “Includes
587 2465 390 50 bibliographies.

233 2531 1988 58 © July 25, 1935; 2c. Aug. 10; aff. Oct. 4; A 87881; N. E. Richardson,
301 2593 222 48 Chicago.
597 2593 219 48 (36-227)

236 2694 233 66 [Ritzki,
497 2697 185 64 Hans]

300 2772 117 52 Der
450 2776 179 63 grüne
662 2772 204 66 kaiser,
898 2771 474 55 kriminalroman
1406 2792 109 34 von
1549 2775 165 56 Hans
1746 2777 198 53 Medin
2001 2780 196 65 [pseud.]

231 2849 714 68 Berlin, Ullstein [c1 935]
299 2918 99 49 204,
430 2919 55 51 [1]
516 2931 45 38 p.
620 2919 115 41 19cm.

234 2988 1762 57 © May 23, 1935; 1c. Sept. 3; A-Foreign 29064: Ullstein, a. g.
315 3050 221 48 (36-254)

233 3151 313 65 Robinson,
572 3151 253 54 William
854 3150 219 56 Childs.

300 3226 1859 69 The certainties of the gospel, by William Childs Robinson …
234 3304 197 56 Grand
458 3305 239 67 Rapids,
721 3304 193 67 Mich.,
941 3303 333 53 Zondervan
1302 3305 334 69 publishing
1662 3307 171 53 house
1862 3313 193 64 [c1935]

303 3379 85 40 150
418 3389 44 38 p.
523 3378 153 49 diagr.
735 3378 116 40 20cm.

237 3444 51 52 ©
319 3449 108 40 Feb.
458 3449 68 41 12.
558 3449 115 39 1935;
729 3447 67 40 2c.
828 3448 94 38 and
951 3446 82 42 aff.
1065 3447 116 39 Nov.
1214 3447 81 46 18;
1329 3448 41 39 A
1399 3448 170 47 88302;
1604 3449 283 42 Zondervan
1917 3455 109 46 pub.
2060 3457 147 40 house

313 3505 218 47 (36-225)

235 3606 160 55 Roda
423 3610 180 63 Roda,
630 3606 334 54 Alexander
992 3603 303 57 Friedrich
1322 3606 329 67 Ladislaus,
1681 3610 171 55 1872-

303 3686 107 52 Die
460 3686 314 67 panduren,
823 3702 198 34 roman
1069 3681 153 56 einer
1269 3682 348 70 landschaft,
1665 3704 112 36 von
1825 3690 163 56 Roda
2040 3694 180 54 Roda.

236 3763 236 65 Leipzig
503 3768 136 61 [etc.]
673 3763 66 52 E.
766 3764 64 51 P.
859 3763 108 52 Tal
993 3764 46 51 &
1064 3778 98 49 co.,
1191 3764 151 51 1935.

301 3831 99 49 231,
432 3831 56 51 [1]
518 3841 45 39 p.
621 3829 117 41 19cm.

238 3899 1811 54 © Sept. 10, 1935; 1c. Nov. 26; A-Foreign 29838; E. P. Tal & co.
317 3960 218 49 (36-243)
