2424 4375
1242 4077 99 53 376

373 521 56 40 64
463 534 45 37 p.
542 524 96 39 incl
673 523 165 48 front.,
872 524 128 39 illus.
1063 524 57 38 24
1123 526 44 21 cm
1172 554 9 9 .
1255 523 374 49 (Encyclopédie
1664 536 89 37 par
1789 524 204 49 l’image.
2062 525 222 50 [Sports])

373 579 289 42 Illustrated
691 581 98 47 t.-p.

375 635 177 50 Signed;
611 636 54 41 G.
695 637 59 40 de
783 635 253 50 Villepion.

303 705 1939 52 © July 18, 1934; 1c. Nov. 20; A- Foreign 26176; Librairie Hachette.
381 764 252 50 (35-4686)

301 869 462 64 Wagenknecht,
797 868 252 53 Edward
1079 867 263 56 Charles.

372 946 212 53 Values
624 946 59 51 in
722 946 314 66 literature,
1076 945 75 67 by
1189 944 254 53 Edward
1482 944 446 67 Wagenknecht.
2004 946 138 51 Rev.
2185 946 108 52 and

302 1023 109 52 enl.
448 1023 86 52 ed.
607 1022 232 67 Seattle,
872 1022 338 67 University
1245 1022 63 53 of
1344 1022 382 65 Washington
1762 1021 146 54 book
1943 1027 166 61 store,
2148 1026 146 50 1935.

372 1092 563 52 6 p. l., 3-85 p. 22 cm .
373 1150 68 40 “A
467 1152 86 40 list
577 1151 52 42 of
654 1150 214 42 favorite
892 1150 177 41 books”;
1126 1161 43 38 p.
1196 1148 158 43 83-85.

304 1221 52 52 ©
393 1223 109 40 Jan.
537 1224 43 47 4,
615 1221 140 48 1935;
792 1221 67 42 2c.
896 1222 109 39 Jan.
1042 1221 82 47 23;
1163 1220 82 41 aff.
1283 1222 120 39 Mar.
1443 1221 82 48 18;
1563 1222 40 39 A
1640 1221 169 48 82093;
1851 1223 211 40 Edward
370 1225 1908 103 Wagenknecht,
598 1280 198 41 Seattle.
867 1279 250 48 (35-4617)

300 1381 176 66 Wait,
507 1382 274 66 William,
814 1386 324 52 1821-1880.

372 1460 204 55 Wait’s
612 1459 259 54 Practice
906 1465 61 48 at
998 1462 129 64 law,
1161 1461 61 51 in
1257 1459 193 68 equity
1487 1460 110 53 and
1635 1458 60 53 in
1728 1461 316 65 particular
2082 1463 213 52 actions

306 1539 111 52 and
445 1538 371 68 proceedings
842 1539 59 51 in
931 1540 77 50 all
1034 1538 97 53 the
1157 1543 189 48 courts
1373 1538 63 52 of
1464 1538 195 53 record
1684 1538 63 52 of
1774 1539 97 53 the
1895 1543 147 48 state
2067 1540 63 51 of
2157 1540 135 52 New

313 1617 170 65 York,
520 1616 141 52 with
699 1616 372 67 appropriate
1107 1616 196 52 forms.
1375 1617 97 49 4th
1511 1616 103 66 ed.,
1648 1614 218 54 revised
1905 1617 113 51 and
2054 1618 238 68 entirely

304 1693 289 53 rewritten
635 1699 60 48 to
736 1694 259 51 conform
1036 1693 140 53 with
1216 1693 98 53 the
1356 1693 153 55 Civil
1549 1693 248 67 practice
1839 1699 92 48 act
1969 1694 112 53 and
2124 1694 168 54 allied

302 1771 1989 68 statutes, by William S. Beers … Volume v. New York,
301 1850 207 66 Baker,
533 1850 247 54 Voorhis
803 1853 45 50 &
872 1868 97 48 co.,
997 1853 148 50 1935.

506 1954 9 17 xxv,
543 1923 84 41 861
654 1933 43 38 p.
752 1922 57 40 24
812 1924 44 22 cm
862 1954 8 8 .

371 1980 72 42 On
467 1990 143 30 cover;
663 1979 173 41 Wait’s
862 1980 117 39 New
1003 1979 132 40 York
1161 1978 214 49 practice
1402 1978 270 50 simplified.

302 2033 53 54 ©
392 2038 114 47 Apr.
545 2037 70 47 11,
654 2035 140 48 1935;
835 2035 66 41 2c.
943 2037 97 39 and
1078 2036 82 40 aff.
1200 2037 112 47 Apr.
1353 2035 81 48 12;
1478 2037 42 38 A
1559 2036 170 47 82490;
1774 2036 212 40 William
2027 2036 131 42 Wait
2199 2041 91 37 and

370 2096 143 38 Isaac
536 2094 55 40 Y.
617 2094 54 39 A.
698 2093 145 47 Wait,
870 2093 328 47 Kinderhook,
1224 2093 57 39 N.
1306 2093 51 39 Y.

295 2197 544 66 Waldeyer-Hartz,
867 2199 175 63 Hugo
1068 2214 130 48 von,
1230 2201 170 51 1876-

369 2275 150 52 “Ein
556 2274 237 68 mann”;
835 2275 103 53 das
973 2275 161 53 leben
1171 2275 96 53 des
1305 2275 274 53 admirals
1615 2272 247 70 Ludwig
1899 2294 49 32 v.
1994 2273 295 67 Schröder,

298 2352 1991 69 dargestellt von Hugo v. Waldeyer-Hartz … Braunschweig,
296 2432 64 52 F.
390 2432 235 67 Vieweg
649 2433 47 49 &
721 2430 143 54 sohn
891 2451 47 33 a.
968 2448 53 50 g.
1057 2463 14 35 [
1074 2437 20 22 c
1097 2433 152 64 1934]

373 2504 98 47 291,
503 2523 11 29 [1]
589 2514 41 37 p.
691 2501 163 48 front.,
881 2504 170 46 plates,
1081 2505 148 45 ports.
1289 2501 56 39 22½
1378 2503 43 22 cm
1426 2534 8 7 .

299 2558 1992 52 © Sept. 25, 1934; 1c. Jan. 21, 1935; A-Foreign 26747; Friedrich Vieweg
369 2619 37 39 &
433 2619 134 46 sohn,
598 2627 105 38 a.-g.
773 2617 252 49 (35-4780)

297 2719 237 64 Wilson,
563 2722 173 60 Mary
760 2721 251 62 Badger.

365 2794 309 53 Borrowed
704 2794 221 67 plumes
972 2794 92 69 [by]
1100 2794 170 68 Mary
1300 2793 229 69 Badger
1559 2792 240 55 Wilson.
1863 2791 423 68 Philadelphia,

295 2871 124 53 The
443 2872 161 52 Penn
632 2870 335 70 publishing
995 2889 279 50 company
1311 2904 12 33 [
1329 2877 17 21 c
1352 2873 150 63 1935]

366 2942 88 41 305
475 2953 44 39 p.
580 2944 55 39 19½
669 2946 42 21 cm
716 2975 8 8 .

298 2997 52 52 ©
380 3001 111 40 Feb.
523 3002 69 46 15,
623 3001 114 41 1935;
796 3002 65 39 2c.
893 3003 95 39 and
1020 3001 80 40 aff.
1133 3003 112 46 Apr.
1277 3003 23 37 1;
1362 3002 42 38 A
1434 3001 142 40 82271;
1638 3002 133 38 Penn
1802 3001 108 48 pub.
1942 3011 67 30 co.
377 3058 250 49 (35-4590)

294 3159 660 66 Wingfieîd-Stratford,
986 3161 178 53 Esmé
1194 3160 169 64 Cecil,
1392 3165 170 50 1882-

367 3236 138 52 New
543 3237 186 52 minds
769 3238 93 51 for
900 3238 93 52 old;
1064 3238 95 52 the
1198 3243 87 46 art
1326 3238 112 51 and
1477 3238 211 51 science
1726 3236 62 52 of
1825 3236 457 65 mind-training,

299 3313 1981 67 by Esmé Wingfield-Stratford … New York, The Macmillan
296 3407 297 48 company,
630 3393 150 50 1935.

367 3462 99 40 viii.
497 3462 157 47 452.p.
716 3461 54 39 20½
804 3464 41 21 cm
852 3495 8 7 .

297 3515 52 52 ©
377 3519 120 39 Mar.
526 3518 70 46 26,
624 3517 112 41 1935;
795 3518 65 40 2c.
889 3520 96 39 and
1012 3519 83 39 aff.
1126 3520 121 39 Mar.
1275 3519 56 39 27;
1389 3519 40 38 A
1458 3519 143 40 82200;
1660 3518 280 41 Macmillan
1971 3527 65 31 co.
375 3575 250 48 (35-4607)

297 3678 521 63 Worsley-Gough,
847 3678 282 54 Barbara.

368 3753 1850 68 Nets to catch the wind, by Barbara Worsley-Gough …
296 3829 256 68 London,
581 3832 251 50 Toronto
867 3834 134 62 [etc.]
1038 3832 213 54 Cassell
1281 3832 111 50 and
1421 3849 293 48 company,
1744 3832 102 52 ltd.
1881 3834 171 63 [1935]

366 3901 696 50 2 p. l., 7-319, [1] p. 19½cm.
297 3954 1979 53 © 1c. Mar. 19, 1935; A ad int. 20052; pubd. Jan. 24; B. Worsley-Gough,
365 4014 210 42 London.
646 4015 247 49 (35-5472)
