2568 4342
0 0 0 0 5
168 449 337 67 Goodchild,
535 452 246 63 George,
813 455 172 50 1888-

239 529 128 66 Yes,
416 528 298 66 Inspector
763 526 271 69 McLean,
1084 526 76 68 by
1210 525 222 69 George
1482 524 341 56 Goodchild.
1909 526 260 68 London,

165 606 238 53 Hodder
434 608 46 50 &
513 604 344 69 Stoughton,
893 607 151 49 1934.

235 679 85 42 312
349 691 43 37 p.
448 679 56 41 20
506 682 45 21 cm
555 711 9 7 .

167 732 2000 52 © 1c. Dec. 15, 1934; A ad int. 19825; pubd. Oct. 18; G. Goodchild, Shere,
236 795 192 46 Surrey,
457 794 235 47 England.
764 791 222 50 (35-869)

168 870 227 66 [Grant,
424 868 259 55 Richard
713 869 288 66 Southall]

238 944 359 55 Landmarks
641 944 93 55 for
783 944 294 55 Christian
1122 943 281 55 scientists
1448 944 150 52 from
1645 945 139 51 Bow
1831 950 57 47 to
1935 944 233 54 Boston.

171 1023 251 70 [Boston,
441 1023 243 54 Printed
705 1023 76 69 by
801 1023 170 52 Rand
993 1022 197 70 Avery
1211 1039 295 52 company,
1528 1029 18 21 c
1551 1024 153 66 1934]

235 1100 85 40 174
346 1110 42 37 p.
417 1099 110 41 incl.
555 1100 172 47 plates,
756 1101 138 46 port.,
922 1109 126 38 map.
1104 1099 152 41 front.
1310 1098 55 41 30½
1399 1100 44 22 cm
1447 1129 8 8 .

234 1156 72 41 On
334 1166 141 31 cover;
530 1156 149 39 From
701 1156 331 48 photographs
1060 1156 62 48 by
1150 1156 216 40 Richard
1396 1156 223 41 Southall
1649 1156 169 41 Grant.

233 1212 165 42 “First
424 1212 226 42 edition.”

165 1266 51 52 ©
245 1272 111 39 Dec.
384 1270 69 48 28,
482 1270 117 41 1934;
652 1270 66 40 2c.
747 1272 97 39 and
871 1269 80 40 aff.
978 1271 112 39 Dec.
1120 1270 55 40 31;
1232 1271 42 38 A
1300 1269 142 41 77942;
1501 1270 55 40 R.
1587 1270 42 41 S.
1662 1270 170 49 Grant,
1861 1271 198 38 Boston.

243 1328 221 48 (35-491)

165 1402 198 67 Greig,
390 1404 248 65 Maysie,
672 1408 172 50 1902-

232 1480 165 55 Good
422 1487 161 62 sport
613 1481 109 68 [by]
752 1480 221 69 Maysie
998 1480 195 69 Greig.
1268 1480 233 55 Garden
1527 1480 153 68 City,
1706 1482 70 53 N.
1804 1482 91 66 Y.,
164 1481 1979 146 Doubleday,

320 1562 198 51 Doran
545 1564 46 50 &
619 1579 98 47 co.,
745 1559 127 68 inc.,
902 1562 150 51 1934.

231 1632 549 50 4 p. l., 306 p. 19½ cm .
235 1691 163 40 “First
428 1690 227 41 edition.”

167 1744 55 52 ©
250 1750 109 38 Dec.
392 1749 39 44 5,
462 1746 139 44 1934;
633 1747 66 40 2c.
731 1750 97 37 and
858 1746 81 41 aff.
973 1748 108 39 Jan.
1112 1747 39 47 5,
1182 1746 115 41 1935;
1358 1747 43 39 A
1429 1746 171 48 79039;
1636 1748 62 39 M.
1734 1747 158 48 Greig,
1927 1747 66 41 St.
2028 1749 143 47 Mary

234 1806 207 46 Bourne,
470 1816 71 29 nr.
568 1805 238 48 Andover,
835 1806 175 45 Hants,
1039 1806 237 46 England.
1348 1804 222 49 (35-439)

161 1878 1115 70 Grirtgore, Pierre, 1475 ( ca .)-1538?
234 1959 196 54 Pierre
451 1958 336 69 Gringore’s
811 1964 276 63 pageants
1113 1958 94 52 for
1232 1959 97 52 the
1353 1964 166 62 entry
1543 1958 64 53 of
1629 1961 171 65 Mary
1825 1959 196 54 Tudor
2047 1959 121 53 into

162 2038 195 65 Paris;
407 2057 71 34 an
523 2037 386 68 unpublished
952 2037 373 67 manuscript,
1370 2038 191 51 edited
1604 2037 77 67 by
1727 2037 236 55 Charles
2007 2039 162 52 Read

164 2116 340 53 Baskervill.
585 2116 271 68 Chicago,
900 2116 113 67 Ill.,
1057 2116 123 52 The
1223 2115 339 68 University
1605 2115 67 54 of
1716 2116 251 69 Chicago
2011 2135 159 50 press

165 2198 173 64 [1934]

230 2267 733 49 xxxii, 43 p. VII pl. 23½ cm .
235 2324 1937 49 “Cottonian ms; Vespesian B. II, of the British museum … catalogued
164 2384 155 39 under
353 2384 81 39 the
469 2383 109 40 title
616 2383 85 40 ‘De
735 2383 49 39 la
822 2382 245 48 reception
1105 2384 50 38 et
1189 2381 165 41 entrée
1390 2384 58 38 de
1485 2384 47 38 la
1571 2382 334 40 illustrissime
1943 2385 143 38 dame
2123 2386 48 37 et

163 2440 245 49 princesse
439 2440 155 39 Marie
625 2439 333 48 d’Angleterre
997 2439 121 49 (fille
1149 2441 61 38 de
1239 2440 121 38 Hen.
1469 2441 35 45 VII.)
1545 2440 122 39 dans
1698 2441 47 38 la
1779 2439 115 41 ville
1925 2442 57 38 de
2014 2441 156 45 Paris,

163 2495 2008 50 le 6. Nov re 1514. Avec belles; peintures.’ … which describes the pageants
163 2558 53 37 at
246 2555 141 40 Paris
418 2555 53 39 in
500 2556 153 38 honor
683 2554 53 40 of
766 2555 141 46 Mary
939 2553 206 40 Tudor’s
1177 2553 246 47 marriage
1455 2557 48 36 to
1537 2554 148 40 Louis
1797 2586 8 16 XII,
1840 2555 43 39 is
1914 2554 253 48 published

163 2614 127 46 here,
320 2612 290 48 apparently
638 2611 82 40 for
746 2612 84 40 the
857 2611 110 40 first
993 2610 409 41 time.”—Introd.

514 2666 758 49 CONTENTS.—Introduction.—Gringore’s
1299 2667 538 48 account.—Appendix
1899 2700 8 8 A.

167 2668 2001 106 The contemporary printed account of Mary’s entry.—Appendix B . Municipal
166 2783 196 40 records
389 2782 211 48 relating
627 2783 51 39 to
706 2780 184 49 Mary’s
918 2781 154 47 entry.

167 2836 51 52 ©
248 2842 113 39 Dec.
392 2839 69 48 18,
493 2839 114 40 1934;
667 2838 66 40 2c.
766 2839 98 39 and
892 2837 82 40 aff.
1007 2839 110 38 Dec.
1151 2838 55 39 31;
1266 2837 42 39 A
1338 2836 145 42 77947;
1543 2838 285 49 University
1858 2839 54 40 of
1944 2836 226 50 Chicago,

234 2897 222 48 Chicago.
529 2896 221 48 (35-577)

164 2956 328 67 Güiraldes,
523 2956 270 65 Ricardo,
828 2960 326 52 1886-1927.

233 3037 132 52 Don
399 3034 267 69 Segundo
703 3034 259 67 Sombra,
995 3034 260 53 shadows
1288 3052 72 35 on
1391 3034 96 52 the
1520 3052 258 50 pampas,
1811 3036 73 67 by
1918 3036 251 53 Ricardo

164 3113 335 67 Güiraldes;
534 3113 318 52 translated
888 3112 153 53 from
1074 3112 94 52 the
1206 3110 250 69 Spanish
1490 3112 74 68 by
1597 3113 240 52 Harriet
1871 3114 87 51 De
1994 3113 172 69 Onis;

169 3193 137 52 with
353 3210 73 34 an
473 3191 391 52 introduction
908 3190 75 69 by
1033 3191 204 52 Waldo
1286 3190 198 52 Frank
1531 3192 113 52 and
1691 3190 356 56 decorations
2095 3194 68 68 by

161 3271 256 53 Howard
435 3270 268 55 Willard.
778 3269 140 53 New
942 3269 178 66 York,
1143 3270 214 51 Farrar
1380 3272 45 49 &
1446 3269 298 67 Rinehart,
1767 3270 400 69 incorporated

171 3381 13 35 [
189 3355 17 22 c
212 3353 150 63 1935]

235 3423 64 48 xi,
327 3423 85 42 270
441 3434 42 38 p.
539 3423 130 40 illus.
726 3421 57 41 19½
813 3424 44 22 cm
862 3453 10 10 .

169 3476 51 52 ©
249 3481 106 40 Jan.
385 3481 70 46 14,
483 3479 141 47 1935;
654 3479 67 41 2c.
750 3480 109 38 Jan.
890 3479 80 46 17;
1002 3477 82 41 aff.
1114 3479 108 39 Jan.
1251 3478 55 39 15;
1365 3479 38 37 A
1433 3478 170 47 80034;
1638 3480 184 40 Farrar
1849 3481 36 39 &
1914 3480 254 49 Rinehart,

235 3538 88 40 inc.
396 3536 279 49 (35-27024)

167 3598 321 66 Hamilton,
517 3597 261 65 Patrick,
811 3603 172 49 1904-

236 3678 121 53 The
381 3677 190 68 plains
597 3676 66 52 of
687 3681 232 59 cement,
946 3675 78 67 by
1050 3675 238 53 Patrick
1312 3675 320 53 Hamilton.
1710 3678 234 66 Boston,
1971 3677 195 58 Little,

168 3755 225 67 Brown,
425 3756 113 52 and
569 3771 296 50 company,
900 3756 150 51 1935.

238 3826 677 51 5 p. l., 3-294, [1] p. 20 cm .
239 3886 229 48 “Though
499 3897 28 29 a
557 3886 234 46 complete
822 3886 136 45 story
988 3883 49 39 in
1069 3882 150 45 itself,
1252 3883 99 39 this
1382 3885 140 38 novel
1553 3883 193 41 follows
1780 3884 116 42 ‘The
1925 3886 242 48 midnight

170 3942 104 40 bell’
305 3944 94 39 and
429 3942 117 40 ‘The
568 3941 130 48 siege
723 3941 51 40 of
801 3938 239 49 pleasure’
1070 3950 54 29 as
1153 3940 84 39 the
1262 3938 116 41 final
1407 3939 124 40 book
1560 3939 52 41 of
1639 3951 23 28 a
1697 3940 222 48 trilogy.”

172 3995 51 51 ©
251 4001 106 39 Jan.
385 4001 40 44 4,
450 3999 114 40 1935;
621 3998 66 40 2c.
717 4000 96 37 and
839 3997 80 40 aff.
948 3998 110 38 Jan.
1085 3996 25 40 5;
1169 3997 40 38 A
1238 3995 140 42 78882;
1438 3997 48 38 P.
1517 3998 268 47 Hamilton,
1865 3998 124 47 King’s
2016 4001 151 41 Lvnn.

237 4057 219 47 Norfolk,
489 4056 236 48 England.
796 4053 222 49 (35-437)
