2424 4375
1230 4047 100 50 604

359 504 128 43 “The
516 505 225 41 material
769 508 254 44 presented
1055 506 49 40 in
1133 507 226 46 chapters
1427 530 28 5 II-VII
1579 507 53 40 of
1661 507 99 40 this
1792 508 186 40 volume
2008 518 101 30 was
287 506 1974 100 originally
447 562 235 46 prepared

711 572 54 29 as
795 573 29 28 a
852 563 215 39 doctoral
1095 562 317 41 dissertation
1446 562 73 39 for
1549 565 82 40 the
1660 563 321 48 Department
2008 564 52 40 of
2089 563 185 48 history

285 614 53 41 of
371 618 80 39 the
485 616 122 42 Ohio
639 620 127 38 state
801 618 281 47 university,
1117 619 85 40 but
1234 620 130 41 since
1397 621 90 38 has
1522 619 116 42 been
1676 619 186 42 revised
1898 621 96 40 and
2028 620 246 41 rewritten

284 672 60 50 by
370 673 83 41 Dr.
483 674 206 40 Downes
715 674 79 40 for
820 675 98 40 this
944 674 498 42 series.”—Plditorial
1468 676 175 41 introd.

353 729 373 48 Bibliography:
758 741 44 38 p.
833 731 215 42 253-268.

288 785 52 52 ©
366 789 114 47 Apr.
508 789 70 47 23,
607 789 112 40 1935;
777 789 66 40 2c.
872 790 94 39 and
995 788 81 42 aff.
1108 792 116 46 May
1251 790 51 47 6;
1334 791 40 38 A
1402 790 170 48 82910;
1604 792 121 40 Ohio
1757 794 127 39 state
1915 792 362 48 archaeological

355 846 95 39 and
480 846 251 40 historical
763 846 194 48 society.
1027 846 250 49 (35-6843)

288 936 186 63 Egan,
506 936 184 54 Grace
721 937 307 54 Sheridan.

358 1010 93 54 An
487 1013 343 68 elementary
864 1015 169 67 study
1068 1015 63 51 of
1162 1015 270 66 business,
1466 1016 73 67 by
1575 1016 181 54 Grace
1794 1016 282 56 Sheridan
2112 1019 165 66 Egan

351 1092 1926 71 … Emanuel M. Edelson … and Benjamin Yeit … Boston,
289 1168 136 53 New
455 1169 161 52 York
666 1175 119 61 [etc.]
816 1170 155 54 Ginn
1000 1171 110 52 and
1140 1188 279 50 company
1452 1205 11 33 [
1470 1179 17 20 c
1493 1175 150 63 1935]

360 1242 81 47 vii,
465 1242 85 40 464
577 1254 40 37 p.
644 1242 108 41 incl.
780 1244 161 47 front.,
969 1244 143 46 illus.,
1139 1243 192 48 diagrs.,
1356 1244 169 43 forms.
1578 1244 57 39 21½
1667 1247 43 20 cm
1716 1276 8 9 .

291 1295 52 52 ©
366 1300 112 47 Apr.
503 1300 68 46 10',
595 1299 112 40 1935;
759 1300 66 40 2c.
850 1302 112 45 May
986 1300 52 46 6;
1065 1300 82 40 aff.
1171 1302 113 46 May
1308 1301 25 38 2;
1387 1301 40 38 A
1450 1300 169 48 82926;
1650 1301 52 40 G.
1730 1302 43 39 S.
1801 1302 148 46 Egan,
1975 1300 303 50 Bridgeport,

361 1356 160 47 Conn.,
552 1358 233 38 Emanuel
816 1358 61 38 M.
907 1358 208 39 Edelson
1145 1358 94 39 and
1270 1357 259 48 Benjamin
1560 1357 122 48 Veit,
1715 1358 116 40 New
1861 1358 144 40 York.

367 1413 250 50 (35-6813)

292 1503 243 64 Fearon,
563 1502 207 54 Edwin
797 1504 73 53 H.

355 1577 292 54 Intensive
672 1578 389 69 bookkeeping
1089 1579 110 52 and
1230 1578 355 69 accounting,
1612 1578 75 69 by
1713 1578 210 53 Edwin
1949 1581 76 51 H.
2055 1580 222 51 Fearon

345 1653 1930 72 … New York, Chicago [etc.] The Gregg publishing company
309 1735 174 64 [ c 1935]
360 1806 79 47 vii,
465 1807 89 39 422
578 1819 42 37 p.
649 1806 109 41 incl.
785 1805 195 49 diagrs.,
1007 1806 168 40 forms.
1231 1806 56 40 24
1290 1808 44 22 cm
1338 1837 9 9 .

292 1861 52 52 ©
371 1864 110 48 Apr.
510 1864 69 47 23,
609 1864 113 40 1935;
778 1864 66 40 2c.
872 1865 115 46 May
1013 1865 52 46 1;
1097 1864 81 40 aff.
1207 1865 114 47 May
1348 1863 52 48 2;
1433 1864 39 39 A
1501 1864 169 48 81655;
1702 1865 158 48 Gregg
1885 1865 109 48 pub.
2023 1875 67 30 co.

367 1920 249 49 (35-6814)

292 1993 1984 70 Federal digest. April, 1935, cumulative pamphlet … with
359 2072 149 54 table
534 2073 63 53 of
622 2092 148 35 cases
796 2072 270 68 digested.
1131 2073 80 54 St.
1240 2075 164 65 Paul,
1428 2077 159 52 West
1612 2073 333 68 publishing
1969 2093 78 33 co.
2080 2108 12 33 [
2094 2081 21 20 c
2122 2077 149 63 1935]

359 2148 87 38 277
471 2158 41 37 p.
569 2147 55 38 24
627 2149 43 21 cm
677 2178 7 8 .

359 2203 71 41 On
459 2214 139 30 cover:
657 2202 305 43 Cumulative
991 2204 250 46 quarterly
1270 2203 258 47 pamphlet.

292 2256 52 52 ©
369 2261 112 47 Apr.
506 2259 70 48 25,
600 2260 116 40 1935;
767 2259 65 40 2c.
859 2260 95 39 and
980 2259 80 39 aff.
1089 2261 113 45 May
1227 2260 81 45 13;
1336 2260 41 38 A
1404 2259 169 47 81775;
1602 2260 136 40 West
1761 2259 106 48 pub.
1897 2269 66 30 co.
2071 2257 117 42 3904

291 2334 255 65 Fidelity
575 2338 161 50 trust
765 2350 303 48 company,
1098 2335 357 65 Pittsburgh.

361 2413 71 50 In
457 2413 95 52 the
576 2412 177 54 Court
777 2412 63 52 of
864 2430 254 34 common
1142 2414 154 63 pleas
1321 2412 62 51 of
1408 2411 322 66 Allegheny
1754 2415 224 62 county,
291 2412 1962 130 Pennsylvania.
547 2490 218 66 Sitting
795 2490 60 51 in
884 2488 206 68 equity.
1160 2491 103 51 No.
1299 2493 149 61 1888,
1478 2491 262 63 January
1770 2493 161 60 term,
1965 2491 148 49 1932.
290 2489 1962 145 Fidelity
496 2574 148 47 trust
672 2585 294 49 company,
995 2567 432 52 administrator
1455 2566 278 66 pendente
1761 2566 99 52 lite
1889 2566 63 52 of
1979 2566 97 52 the
2102 2570 174 48 estate

291 2647 63 51 of
390 2645 285 53 Harrison
712 2644 214 65 Nesbit,
964 2645 262 51 deceased
1264 2641 273 70 plaintiff,
1573 2663 51 33 v.
1662 2645 95 51 the
1791 2643 193 55 Union
2021 2643 255 52 national

292 2723 152 51 bank
484 2724 63 51 of
588 2723 338 64 Pittsburgh
960 2721 305 66 (successor
1304 2726 211 48 trustee
1556 2727 57 46 to
1654 2722 95 51 the
1790 2721 167 52 Bank
1997 2721 63 51 of
291 2723 1961 144 Pittsburgh
527 2799 254 52 national
834 2797 360 68 association)
1254 2799 111 51 and
1420 2798 158 55 Scott
1628 2800 77 50 H.
1756 2797 214 67 Nesbit,
2021 2802 255 62 trustees,

294 2878 111 51 and
448 2876 179 53 Edith
667 2877 74 51 H.
782 2875 215 67 Nesbit,
1040 2876 161 54 Scott
1237 2878 76 50 H.
1355 2876 216 65 Nesbit,
1612 2875 181 53 Edith
1835 2875 265 56 Caroline
293 2877 1957 143 Nesbit,
420 2956 111 51 and
557 2956 151 53 John
736 2956 87 52 W.

852 2954 343 66 Thompson,
1221 2954 282 66 guardian
1529 2954 71 51 ad
1627 2954 157 51 litem
1809 2953 62 53 of
1897 2955 199 66 Nancy
293 2954 1957 130 Elizabeth
486 3032 198 53 Nesbit
717 3032 59 65 (a
802 3030 239 67 minor),
1068 3031 110 51 and
1203 3031 94 52 the

1325 3030 149 55 Ohio
1500 3033 256 51 national
1781 3030 151 53 bank
1958 3030 63 52 of
290 3030 1961 145 Columbus,
437 3109 354 53 defendants.
853 3107 307 68 Pleadings
1190 3109 109 51 and
1329 3107 406 68 adjudication.
1798 3109 151 52 Hon.
1978 3110 193 53 James
2197 3111 75 50 H.

294 3185 174 69 Gray,
517 3187 316 52 chancellor
880 3187 60 51 in
989 3186 207 66 equity.
1281 3185 419 67 Adjudication
1748 3187 110 51 and
1908 3186 190 52 decree
2146 3184 128 67 nisi,

295 3263 169 52 dated
504 3264 172 67 April
718 3267 81 63 19,
840 3267 146 49 1933.
1062 3262 357 68 Pittsburgh,
1459 3265 118 63 Pa.,
1620 3263 187 55 Smith
1845 3264 144 51 bros.
2031 3280 96 50 co.,
2165 3263 106 52 inc.

339 3345 149 62 [c1933]

363 3413 280 47 cover-title,
671 3414 39 39 ii.
732 3425 57 36 p.,
817 3415 24 38 1
904 3445 9 16 l.,
940 3413 85 39 292
1052 3424 42 37 p.
1149 3412 54 41 23
1207 3415 43 20 cm
1256 3443 8 8 .

294 3467 52 52 ©
375 3472 112 46 May
515 3470 68 47 11,
613 3470 140 46 1933;
785 3470 67 40 2c.
881 3471 96 38 and
1005 3469 82 40 aff.
1117 3470 113 46 May
1260 3469 81 46 13;
1374 3468 40 39 A
1443 3468 168 47 62741;
1648 3467 156 42 Smith
1835 3469 122 38 bros.
1990 3477 80 38 co.,
2102 3468 89 39 inc.

294 3585 215 67 Filene,
536 3588 251 52 Edward
816 3586 225 63 Albert,
1072 3592 169 49 1860-

358 3662 217 52 Morals
615 3661 60 52 in
718 3661 267 68 business,
1025 3661 76 68 by
1144 3660 252 53 Edward
1440 3659 71 53 A.
1556 3659 213 53 Filene.
1850 3658 119 54 The
2013 3658 254 53 Barbara

288 3737 327 54 Weinstock
641 3738 208 52 lecture
877 3756 71 34 on
974 3738 93 53 the
1093 3738 208 52 morals
1329 3736 64 53 of
1418 3738 164 51 trade
1609 3736 284 54 delivered
1921 3742 59 47 at
2004 3737 94 52 the
289 3735 1953 145 University
527 3814 65 51 of
621 3813 340 66 California,

991 3814 294 67 February
1314 3812 48 67 7,
1396 3816 149 48 1934.
1610 3812 292 68 Berkeley,
1935 3811 333 54 Committee

289 3907 70 33 on
396 3890 93 53 the
528 3890 256 54 Barbara
823 3889 325 55 Weinstock
1186 3890 226 67 lecture,
1449 3887 335 70 University
1823 3888 64 53 of
1928 3887 339 65 California,

290 3969 150 49 1935.
