<alto xmlns="http://www.loc.gov/standards/alto/ns-v3#" xmlns:xsi="http://www.w3.org/2001/XMLSchema-instance" xsi:schemaLocation="http://www.loc.gov/standards/alto/ns-v3# http://www.loc.gov/alto/v3/alto-3-0.xsd"><Description>
<MeasurementUnit>pixel</MeasurementUnit>
<sourceImageInformation>
<fileName>1935_v32_Part1.pdf</fileName>
</sourceImageInformation>
<OCRProcessing ID="IdOcr">
<ocrProcessingStep>
<processingDateTime>2019-01-15</processingDateTime>
<processingSoftware>
<softwareCreator>ABBYY</softwareCreator>
<softwareName>ABBYY Recognition Server</softwareName>
<softwareVersion>4.0</softwareVersion>
</processingSoftware>
</ocrProcessingStep>
</OCRProcessing>
</Description>
<Styles>
<ParagraphStyle ALIGN="Left" FIRSTLINE="0." ID="StyleId-FFFFFFFF-FFFF-FFFF-FFFF-FFFFFFFFFFFF-" LEFT="0." RIGHT="0." />
<ParagraphStyle ALIGN="Left" FIRSTLINE="0." ID="StyleId-09A13A44-4F77-4ABE-84F3-84CC8B3C72CE-" LEFT="0." LINESPACE="7.699999809" RIGHT="0." />
<ParagraphStyle ALIGN="Left" FIRSTLINE="-10." ID="StyleId-1F945060-F8CD-4435-B69A-5FF49DB0C586-" LEFT="0." LINESPACE="12.19999981" RIGHT="0." />
<ParagraphStyle ALIGN="Block" FIRSTLINE="-14." ID="StyleId-C6CAE747-F5A4-4D0D-8D74-D452DA7E2C1C-" LEFT="0." LINESPACE="8.350000381" RIGHT="0." />
<ParagraphStyle ALIGN="Left" FIRSTLINE="0." ID="StyleId-FC0F3374-189A-459E-BE29-2DC14180F022-" LEFT="0." RIGHT="0." />
<ParagraphStyle ALIGN="Left" FIRSTLINE="-12." ID="StyleId-49397C49-A894-4B3E-BA5E-1126226BA375-" LEFT="0." LINESPACE="11.09000015" RIGHT="0." />
<ParagraphStyle ALIGN="Block" FIRSTLINE="-14." ID="StyleId-9E34DD3A-E661-48BD-A3A1-6A3D48346F00-" LEFT="0." LINESPACE="11.09000015" RIGHT="0." />
<ParagraphStyle ALIGN="Left" FIRSTLINE="0." ID="StyleId-56CE54AA-A08B-4BAA-8605-F26020A0E36E-" LEFT="0." LINESPACE="9.399999619" RIGHT="0." />
<ParagraphStyle ALIGN="Left" FIRSTLINE="-11." ID="StyleId-77814FFC-C42F-4AA9-9880-EF33B947DEC8-" LEFT="0." LINESPACE="11.06999969" RIGHT="0." />
<ParagraphStyle ALIGN="Center" FIRSTLINE="0." ID="StyleId-FDE92EC0-67DC-4C7B-8A24-094B12C38B6C-" LEFT="0." LINESPACE="11.30000019" RIGHT="0." />
<ParagraphStyle ALIGN="Left" FIRSTLINE="0." ID="StyleId-65180E3B-4C93-4FB8-81EE-E026DD63DBF3-" LEFT="0." LINESPACE="11.10000038" RIGHT="0." />
<ParagraphStyle ALIGN="Left" FIRSTLINE="0." ID="StyleId-10E885C2-5813-4620-B0AA-0FBA30CF7A32-" LEFT="0." LINESPACE="9.5" RIGHT="0." />
<ParagraphStyle ALIGN="Left" FIRSTLINE="0." ID="StyleId-913C2DB5-9F02-4067-BAF7-0AED37B60BBE-" LEFT="0." LINESPACE="6.099999905" RIGHT="0." />
<ParagraphStyle ALIGN="Left" FIRSTLINE="0." ID="StyleId-9C79A9D2-8F08-4A8F-985D-B00E253ED1E5-" LEFT="0." LINESPACE="4.400000095" RIGHT="0." />
<ParagraphStyle ALIGN="Left" FIRSTLINE="0." ID="StyleId-A41F0407-FEFE-4738-9EC5-E05AFFF62781-" LEFT="0." LINESPACE="7.300000191" RIGHT="0." />
<ParagraphStyle ALIGN="Left" FIRSTLINE="0." ID="StyleId-61D37176-94E8-408D-9B87-01C406CE8AB2-" LEFT="0." LINESPACE="8.050000191" RIGHT="0." />
</Styles>
<Layout>
<Page HEIGHT="4342" ID="Page37" PHYSICAL_IMG_NR="37" WIDTH="2568">
<TopMargin HEIGHT="446" HPOS="0" VPOS="0" WIDTH="2568">
</TopMargin>
<LeftMargin HEIGHT="3690" HPOS="0" VPOS="446" WIDTH="206">
</LeftMargin>
<RightMargin HEIGHT="3690" HPOS="2272" VPOS="446" WIDTH="296">
</RightMargin>
<BottomMargin HEIGHT="206" HPOS="0" VPOS="4136" WIDTH="2568">
</BottomMargin>
<PrintSpace HEIGHT="3690" HPOS="206" VPOS="446" WIDTH="2066">
<TextBlock HEIGHT="72" HPOS="1172" ID="Page37_Block1" LANG="en-US" STYLEREFS="StyleId-EA8CE0C9-EB40-4512-B1F7-E972D069C79C-" VPOS="4064" WIDTH="88">
<TextLine HEIGHT="53" HPOS="1183" VPOS="4073" WIDTH="66">
<String CONTENT="37" HEIGHT="53" HPOS="1183" VPOS="4073" WIDTH="66" />
</TextLine>
</TextBlock>
<TextBlock CS="1" HEIGHT="3640" HPOS="206" ID="Page37_Block2" LANG="en-US" STYLEREFS="StyleId-0E4D13C3-B5A2-4462-9C9E-F70B13BB2DA6-" VPOS="446" WIDTH="2066">
<Shape>
<Polygon POINTS="206,446 2272,446 2272,3954 822,3954 822,3956 820,3956 820,4086 206,4086 206,446" />
</Shape>
<TextLine HEIGHT="67" HPOS="227" STYLEREFS="StyleId-0B43F315-2FAA-41BC-A125-BF7BE1CBB186-" VPOS="456" WIDTH="1359">
<String CONTENT="Burr," HEIGHT="67" HPOS="227" VPOS="456" WIDTH="172" />
<SP HEIGHT="62" HPOS="400" VPOS="461" WIDTH="27" />
<String CONTENT="Mrs." HEIGHT="51" HPOS="428" VPOS="461" WIDTH="138" />
<SP HEIGHT="53" HPOS="567" VPOS="458" WIDTH="28" />
<String CONTENT="Anna" HEIGHT="53" HPOS="596" VPOS="458" WIDTH="175" />
<SP HEIGHT="52" HPOS="772" VPOS="459" WIDTH="26" />
<String CONTENT="Robeson" HEIGHT="53" HPOS="799" VPOS="458" WIDTH="270" />
<SP HEIGHT="64" HPOS="1070" VPOS="459" WIDTH="29" />
<String CONTENT="(Brown)" HEIGHT="65" HPOS="1100" VPOS="458" WIDTH="275" />
<SP HEIGHT="64" HPOS="1376" VPOS="458" WIDTH="36" />
<String CONTENT="1873-" HEIGHT="55" HPOS="1413" VPOS="458" WIDTH="173" />
</TextLine>
<TextLine HEIGHT="69" HPOS="295" STYLEREFS="StyleId-0B43F315-2FAA-41BC-A125-BF7BE1CBB186-" VPOS="534" WIDTH="1927">
<String CONTENT="The" HEIGHT="54" HPOS="295" VPOS="534" WIDTH="122" />
<SP HEIGHT="52" HPOS="418" VPOS="536" WIDTH="30" />
<String CONTENT="bottom" HEIGHT="52" HPOS="449" VPOS="536" WIDTH="219" />
<SP HEIGHT="34" HPOS="669" VPOS="554" WIDTH="31" />
<String CONTENT="of" HEIGHT="53" HPOS="701" VPOS="535" WIDTH="63" />
<SP HEIGHT="53" HPOS="765" VPOS="535" WIDTH="30" />
<String CONTENT="the" HEIGHT="54" HPOS="796" VPOS="535" WIDTH="96" />
<SP HEIGHT="35" HPOS="893" VPOS="554" WIDTH="29" />
<String CONTENT="matter," HEIGHT="63" HPOS="923" VPOS="540" WIDTH="227" />
<SP HEIGHT="49" HPOS="1151" VPOS="554" WIDTH="31" />
<String CONTENT="a" HEIGHT="34" HPOS="1183" VPOS="554" WIDTH="32" />
<SP HEIGHT="34" HPOS="1216" VPOS="554" WIDTH="29" />
<String CONTENT="novel" HEIGHT="52" HPOS="1246" VPOS="537" WIDTH="166" />
<SP HEIGHT="51" HPOS="1413" VPOS="537" WIDTH="30" />
<String CONTENT="by" HEIGHT="66" HPOS="1444" VPOS="537" WIDTH="75" />
<SP HEIGHT="66" HPOS="1520" VPOS="537" WIDTH="30" />
<String CONTENT="Anna" HEIGHT="52" HPOS="1551" VPOS="537" WIDTH="172" />
<SP HEIGHT="52" HPOS="1724" VPOS="537" WIDTH="32" />
<String CONTENT="Robeson" HEIGHT="52" HPOS="1757" VPOS="537" WIDTH="261" />
<SP HEIGHT="50" HPOS="2019" VPOS="538" WIDTH="31" />
<String CONTENT="Burr." HEIGHT="50" HPOS="2051" VPOS="538" WIDTH="171" />
</TextLine>
<TextLine CS="1" HEIGHT="69" HPOS="226" STYLEREFS="StyleId-0B43F315-2FAA-41BC-A125-BF7BE1CBB186-" VPOS="612" WIDTH="1700">
<String CONTENT="New" HEIGHT="54" HPOS="226" VPOS="612" WIDTH="138" />
<SP HEIGHT="52" HPOS="365" VPOS="615" WIDTH="34" />
<String CONTENT="York," HEIGHT="68" HPOS="400" VPOS="612" WIDTH="179" />
<SP HEIGHT="66" HPOS="580" VPOS="614" WIDTH="33" />
<String CONTENT="London," HEIGHT="67" HPOS="614" VPOS="613" WIDTH="258" />
<SP HEIGHT="65" HPOS="873" VPOS="615" WIDTH="33" />
<String CONTENT="D." HEIGHT="54" HPOS="907" VPOS="615" WIDTH="72" />
<SP HEIGHT="55" HPOS="980" VPOS="614" WIDTH="32" />
<String CONTENT="Appleton-Century" HEIGHT="69" HPOS="1013" VPOS="612" WIDTH="581" />
<SP HEIGHT="51" HPOS="1595" VPOS="630" WIDTH="34" />
<String CONTENT="company," HEIGHT="51" HPOS="1630" VPOS="630" WIDTH="296" />
</TextLine>
<TextLine CS="1" HEIGHT="141" HPOS="225" STYLEREFS="StyleId-0B43F315-2FAA-41BC-A125-BF7BE1CBB186-" VPOS="615" WIDTH="1974">
<String CONTENT="incorporated," HEIGHT="141" HPOS="225" VPOS="615" WIDTH="1974" />
<SP HEIGHT="62" HPOS="404" VPOS="694" WIDTH="27" />
<String CONTENT="1935." HEIGHT="50" HPOS="432" VPOS="693" WIDTH="149" />
</TextLine>
<TextLine CS="1" HEIGHT="49" HPOS="329" VPOS="763" WIDTH="397">
<String CONTENT="v," CS="1" HEIGHT="15" HPOS="329" VPOS="795" WIDTH="9" />
<SP HEIGHT="46" HPOS="339" VPOS="764" WIDTH="26" />
<String CONTENT="207" HEIGHT="42" HPOS="366" VPOS="763" WIDTH="87" />
<SP HEIGHT="47" HPOS="454" VPOS="765" WIDTH="25" />
<String CONTENT="p." HEIGHT="38" HPOS="480" VPOS="774" WIDTH="42" />
<SP HEIGHT="39" HPOS="523" VPOS="764" WIDTH="56" />
<String CONTENT="19&#189;cm." CS="1" HEIGHT="41" HPOS="580" VPOS="763" WIDTH="146" />
</TextLine>
<TextLine CS="1" HEIGHT="112" HPOS="227" VPOS="816" WIDTH="1980">
<String CONTENT="&#169;" HEIGHT="52" HPOS="227" VPOS="816" WIDTH="54" />
<SP HEIGHT="52" HPOS="282" VPOS="816" WIDTH="29" />
<String CONTENT="Jan." HEIGHT="39" HPOS="312" VPOS="822" WIDTH="109" />
<SP HEIGHT="40" HPOS="422" VPOS="821" WIDTH="33" />
<String CONTENT="18," HEIGHT="48" HPOS="456" VPOS="821" WIDTH="68" />
<SP HEIGHT="48" HPOS="525" VPOS="821" WIDTH="32" />
<String CONTENT="1935;" CS="1" HEIGHT="41" HPOS="558" VPOS="820" WIDTH="117" />
<SP HEIGHT="48" HPOS="700" VPOS="820" WIDTH="33" />
<String CONTENT="2c." HEIGHT="41" HPOS="734" VPOS="820" WIDTH="66" />
<SP HEIGHT="39" HPOS="801" VPOS="822" WIDTH="32" />
<String CONTENT="Jan." HEIGHT="39" HPOS="834" VPOS="822" WIDTH="108" />
<SP HEIGHT="38" HPOS="943" VPOS="822" WIDTH="31" />
<String CONTENT="21;" CS="1" HEIGHT="39" HPOS="975" VPOS="821" WIDTH="55" />
<SP HEIGHT="35" HPOS="1059" VPOS="832" WIDTH="34" />
<String CONTENT="aff." HEIGHT="41" HPOS="1094" VPOS="820" WIDTH="81" />
<SP HEIGHT="39" HPOS="1176" VPOS="822" WIDTH="34" />
<String CONTENT="Jan." HEIGHT="39" HPOS="1211" VPOS="822" WIDTH="108" />
<SP HEIGHT="39" HPOS="1320" VPOS="821" WIDTH="32" />
<String CONTENT="22;" CS="1" HEIGHT="39" HPOS="1353" VPOS="821" WIDTH="60" />
<SP HEIGHT="47" HPOS="1437" VPOS="821" WIDTH="35" />
<String CONTENT="A" HEIGHT="39" HPOS="1473" VPOS="821" WIDTH="40" />
<SP HEIGHT="41" HPOS="1514" VPOS="821" WIDTH="32" />
<String CONTENT="80104;" CS="1" HEIGHT="41" HPOS="1547" VPOS="821" WIDTH="144" />
<SP HEIGHT="46" HPOS="1718" VPOS="822" WIDTH="36" />
<String CONTENT="D." HEIGHT="38" HPOS="1755" VPOS="822" WIDTH="55" />
<SP HEIGHT="39" HPOS="1811" VPOS="821" WIDTH="35" />
<String CONTENT="Appleton-Century" HEIGHT="106" HPOS="295" VPOS="820" WIDTH="1912" />
<SP HEIGHT="37" HPOS="411" VPOS="889" WIDTH="28" />
<String CONTENT="co.," HEIGHT="36" HPOS="440" VPOS="889" WIDTH="82" />
<SP HEIGHT="48" HPOS="523" VPOS="877" WIDTH="28" />
<String CONTENT="inc." HEIGHT="41" HPOS="552" VPOS="877" WIDTH="90" />
<SP HEIGHT="48" HPOS="643" VPOS="878" WIDTH="71" />
<String CONTENT="(35-1085)" HEIGHT="50" HPOS="715" VPOS="878" WIDTH="251" />
</TextLine>
<TextLine CS="1" HEIGHT="70" HPOS="227" STYLEREFS="StyleId-0B43F315-2FAA-41BC-A125-BF7BE1CBB186-" VPOS="966" WIDTH="1151">
<String CONTENT="[Carpenter," HEIGHT="66" HPOS="227" VPOS="968" WIDTH="362" />
<SP HEIGHT="65" HPOS="590" VPOS="969" WIDTH="27" />
<String CONTENT="Gilbert" HEIGHT="57" HPOS="618" VPOS="966" WIDTH="227" />
<SP HEIGHT="53" HPOS="846" VPOS="970" WIDTH="26" />
<String CONTENT="Congdon]" CS="1" HEIGHT="62" HPOS="873" VPOS="970" WIDTH="279" />
<SP HEIGHT="60" HPOS="1172" VPOS="976" WIDTH="34" />
<String CONTENT="1896-" HEIGHT="50" HPOS="1207" VPOS="974" WIDTH="171" />
</TextLine>
<TextLine HEIGHT="73" HPOS="291" STYLEREFS="StyleId-0B43F315-2FAA-41BC-A125-BF7BE1CBB186-" VPOS="1042" WIDTH="1929">
<String CONTENT="Watching" HEIGHT="71" HPOS="291" VPOS="1043" WIDTH="311" />
<SP HEIGHT="53" HPOS="603" VPOS="1061" WIDTH="19" />
<String CONTENT="points" HEIGHT="69" HPOS="623" VPOS="1044" WIDTH="193" />
<SP HEIGHT="56" HPOS="817" VPOS="1043" WIDTH="21" />
<String CONTENT="for" HEIGHT="56" HPOS="839" VPOS="1043" WIDTH="96" />
<SP HEIGHT="36" HPOS="936" VPOS="1064" WIDTH="20" />
<String CONTENT="advancing" HEIGHT="71" HPOS="957" VPOS="1044" WIDTH="324" />
<SP HEIGHT="52" HPOS="1282" VPOS="1063" WIDTH="18" />
<String CONTENT="students" HEIGHT="54" HPOS="1301" VPOS="1045" WIDTH="257" />
<SP HEIGHT="36" HPOS="1559" VPOS="1063" WIDTH="21" />
<String CONTENT="of" HEIGHT="54" HPOS="1581" VPOS="1044" WIDTH="64" />
<SP HEIGHT="56" HPOS="1646" VPOS="1043" WIDTH="22" />
<String CONTENT="Christian" HEIGHT="56" HPOS="1669" VPOS="1043" WIDTH="296" />
<SP HEIGHT="35" HPOS="1966" VPOS="1062" WIDTH="22" />
<String CONTENT="science." HEIGHT="55" HPOS="1989" VPOS="1042" WIDTH="231" />
</TextLine>
<TextLine HEIGHT="69" HPOS="227" STYLEREFS="StyleId-0B43F315-2FAA-41BC-A125-BF7BE1CBB186-" VPOS="1122" WIDTH="728">
<String CONTENT="[Rumford," HEIGHT="69" HPOS="227" VPOS="1122" WIDTH="325" />
<SP HEIGHT="68" HPOS="553" VPOS="1123" WIDTH="28" />
<String CONTENT="R." HEIGHT="54" HPOS="582" LANG="fr" VPOS="1123" WIDTH="68" />
<SP HEIGHT="54" HPOS="651" VPOS="1123" WIDTH="29" />
<String CONTENT="I.," HEIGHT="68" HPOS="681" VPOS="1123" WIDTH="70" />
<SP HEIGHT="63" HPOS="752" VPOS="1128" WIDTH="26" />
<String CONTENT="c1935]" HEIGHT="64" HPOS="779" VPOS="1126" WIDTH="176" />
</TextLine>
<TextLine CS="1" HEIGHT="50" HPOS="297" VPOS="1194" WIDTH="632">
<String CONTENT="cover-title," HEIGHT="49" HPOS="297" VPOS="1195" WIDTH="283" />
<SP HEIGHT="50" HPOS="581" VPOS="1194" WIDTH="27" />
<String CONTENT="31" HEIGHT="42" HPOS="609" VPOS="1194" WIDTH="56" />
<SP HEIGHT="40" HPOS="666" VPOS="1196" WIDTH="27" />
<String CONTENT="l." CS="1" HEIGHT="8" HPOS="715" VPOS="1227" WIDTH="8" />
<SP HEIGHT="41" HPOS="724" VPOS="1194" WIDTH="57" />
<String CONTENT="29&#189;cm." CS="1" HEIGHT="44" HPOS="782" VPOS="1194" WIDTH="147" />
</TextLine>
<TextLine HEIGHT="50" HPOS="297" VPOS="1250" WIDTH="829">
<String CONTENT="&#8220;One" HEIGHT="43" HPOS="297" VPOS="1250" WIDTH="129" />
<SP HEIGHT="41" HPOS="427" VPOS="1252" WIDTH="25" />
<String CONTENT="hundred" HEIGHT="40" HPOS="453" VPOS="1252" WIDTH="221" />
<SP HEIGHT="39" HPOS="675" VPOS="1253" WIDTH="27" />
<String CONTENT="copies" HEIGHT="47" HPOS="703" VPOS="1253" WIDTH="159" />
<SP HEIGHT="38" HPOS="863" VPOS="1262" WIDTH="24" />
<String CONTENT="printed.&#8221;" HEIGHT="48" HPOS="888" VPOS="1252" WIDTH="238" />
</TextLine>
<TextLine CS="1" HEIGHT="50" HPOS="296" VPOS="1307" WIDTH="621">
<String CONTENT="By" HEIGHT="48" HPOS="296" VPOS="1308" WIDTH="71" />
<SP HEIGHT="49" HPOS="368" VPOS="1307" WIDTH="22" />
<String CONTENT="G." HEIGHT="41" HPOS="391" VPOS="1307" WIDTH="51" />
<SP HEIGHT="42" HPOS="443" VPOS="1307" WIDTH="28" />
<String CONTENT="C." CS="1" HEIGHT="9" HPOS="513" VPOS="1340" WIDTH="9" />
<SP HEIGHT="42" HPOS="523" VPOS="1307" WIDTH="25" />
<String CONTENT="Carpenter," HEIGHT="50" HPOS="549" VPOS="1307" WIDTH="281" />
<SP HEIGHT="49" HPOS="831" VPOS="1308" WIDTH="24" />
<String CONTENT="jr." HEIGHT="48" HPOS="856" VPOS="1308" WIDTH="61" />
</TextLine>
<TextLine CS="1" HEIGHT="54" HPOS="224" VPOS="1362" WIDTH="1996">
<String CONTENT="&#169;" HEIGHT="52" HPOS="224" VPOS="1362" WIDTH="51" />
<SP HEIGHT="52" HPOS="276" VPOS="1362" WIDTH="28" />
<String CONTENT="May" HEIGHT="46" HPOS="305" VPOS="1368" WIDTH="114" />
<SP HEIGHT="47" HPOS="420" VPOS="1367" WIDTH="26" />
<String CONTENT="5," HEIGHT="47" HPOS="447" VPOS="1367" WIDTH="38" />
<SP HEIGHT="47" HPOS="486" VPOS="1367" WIDTH="28" />
<String CONTENT="1934;" CS="1" HEIGHT="40" HPOS="515" VPOS="1367" WIDTH="114" />
<SP HEIGHT="48" HPOS="657" VPOS="1367" WIDTH="29" />
<String CONTENT="2c." HEIGHT="40" HPOS="687" VPOS="1367" WIDTH="66" />
<SP HEIGHT="39" HPOS="754" VPOS="1368" WIDTH="30" />
<String CONTENT="Jan." HEIGHT="39" HPOS="785" VPOS="1368" WIDTH="107" />
<SP HEIGHT="39" HPOS="893" VPOS="1367" WIDTH="28" />
<String CONTENT="2," HEIGHT="48" HPOS="922" VPOS="1367" WIDTH="40" />
<SP HEIGHT="48" HPOS="963" VPOS="1367" WIDTH="27" />
<String CONTENT="1935;" HEIGHT="48" HPOS="991" VPOS="1366" WIDTH="141" />
<SP HEIGHT="36" HPOS="1133" VPOS="1378" WIDTH="30" />
<String CONTENT="aff." HEIGHT="41" HPOS="1164" VPOS="1366" WIDTH="82" />
<SP HEIGHT="39" HPOS="1247" VPOS="1368" WIDTH="28" />
<String CONTENT="Jan." HEIGHT="39" HPOS="1276" VPOS="1368" WIDTH="109" />
<SP HEIGHT="39" HPOS="1386" VPOS="1368" WIDTH="27" />
<String CONTENT="3;" HEIGHT="46" HPOS="1414" VPOS="1368" WIDTH="53" />
<SP HEIGHT="46" HPOS="1468" VPOS="1368" WIDTH="29" />
<String CONTENT="A" HEIGHT="41" HPOS="1498" VPOS="1368" WIDTH="43" />
<SP HEIGHT="41" HPOS="1542" VPOS="1368" WIDTH="24" />
<String CONTENT="78847;" HEIGHT="49" HPOS="1567" VPOS="1366" WIDTH="171" />
<SP HEIGHT="47" HPOS="1739" VPOS="1368" WIDTH="32" />
<String CONTENT="G." HEIGHT="40" HPOS="1772" LANG="fr" VPOS="1368" WIDTH="53" />
<SP HEIGHT="40" HPOS="1826" VPOS="1369" WIDTH="30" />
<String CONTENT="C." HEIGHT="40" HPOS="1857" VPOS="1369" WIDTH="48" />
<SP HEIGHT="40" HPOS="1906" VPOS="1369" WIDTH="31" />
<String CONTENT="Carpenter," HEIGHT="48" HPOS="1938" VPOS="1368" WIDTH="282" />
</TextLine>
<TextLine HEIGHT="48" HPOS="290" VPOS="1424" WIDTH="802">
<String CONTENT="jr.," HEIGHT="47" HPOS="290" VPOS="1424" WIDTH="75" />
<SP HEIGHT="47" HPOS="366" VPOS="1424" WIDTH="27" />
<String CONTENT="Rumford," HEIGHT="47" HPOS="394" VPOS="1424" WIDTH="254" />
<SP HEIGHT="46" HPOS="649" VPOS="1425" WIDTH="25" />
<String CONTENT="R." HEIGHT="38" HPOS="675" LANG="fr" VPOS="1425" WIDTH="55" />
<SP HEIGHT="37" HPOS="731" VPOS="1426" WIDTH="29" />
<String CONTENT="I." HEIGHT="38" HPOS="761" VPOS="1426" WIDTH="37" />
<SP HEIGHT="48" HPOS="799" VPOS="1424" WIDTH="69" />
<String CONTENT="(35-900)" HEIGHT="48" HPOS="869" VPOS="1424" WIDTH="223" />
</TextLine>
<TextLine HEIGHT="67" HPOS="222" STYLEREFS="StyleId-0B43F315-2FAA-41BC-A125-BF7BE1CBB186-" VPOS="1512" WIDTH="1115">
<String CONTENT="Chamberlin," HEIGHT="67" HPOS="222" VPOS="1512" WIDTH="393" />
<SP HEIGHT="64" HPOS="616" VPOS="1515" WIDTH="28" />
<String CONTENT="Harry" HEIGHT="64" HPOS="645" VPOS="1515" WIDTH="202" />
<SP HEIGHT="64" HPOS="848" VPOS="1515" WIDTH="23" />
<String CONTENT="Dwight," HEIGHT="65" HPOS="872" VPOS="1514" WIDTH="262" />
<SP HEIGHT="58" HPOS="1135" VPOS="1521" WIDTH="29" />
<String CONTENT="1887-" HEIGHT="55" HPOS="1165" VPOS="1516" WIDTH="172" />
</TextLine>
<TextLine CS="1" HEIGHT="69" HPOS="287" STYLEREFS="StyleId-0B43F315-2FAA-41BC-A125-BF7BE1CBB186-" VPOS="1590" WIDTH="1868">
<String CONTENT="Riding" HEIGHT="69" HPOS="287" VPOS="1590" WIDTH="221" />
<SP HEIGHT="49" HPOS="509" VPOS="1610" WIDTH="38" />
<String CONTENT="and" HEIGHT="52" HPOS="548" VPOS="1593" WIDTH="112" />
<SP HEIGHT="52" HPOS="661" VPOS="1593" WIDTH="35" />
<String CONTENT="schooling" HEIGHT="68" HPOS="697" VPOS="1591" WIDTH="296" />
<SP HEIGHT="67" HPOS="994" VPOS="1592" WIDTH="34" />
<String CONTENT="horses," HEIGHT="67" HPOS="1029" VPOS="1592" WIDTH="211" />
<SP HEIGHT="67" HPOS="1241" VPOS="1592" WIDTH="36" />
<String CONTENT="by" HEIGHT="66" HPOS="1278" VPOS="1592" WIDTH="75" />
<SP HEIGHT="66" HPOS="1354" VPOS="1592" WIDTH="37" />
<String CONTENT="Harry" HEIGHT="66" HPOS="1392" VPOS="1592" WIDTH="200" />
<SP HEIGHT="67" HPOS="1593" VPOS="1591" WIDTH="34" />
<String CONTENT="D." HEIGHT="54" HPOS="1628" VPOS="1591" WIDTH="74" />
<SP HEIGHT="55" HPOS="1703" VPOS="1592" WIDTH="38" />
<String CONTENT="Chamberlin" HEIGHT="56" HPOS="1742" VPOS="1591" WIDTH="371" />
<SP HEIGHT="34" HPOS="2114" VPOS="1610" WIDTH="41" />
<String CONTENT="&#8230;" CS="1" />
</TextLine>
<TextLine CS="1" HEIGHT="131" HPOS="218" STYLEREFS="StyleId-0B43F315-2FAA-41BC-A125-BF7BE1CBB186-" VPOS="1669" WIDTH="1976">
<String CONTENT="introduction" HEIGHT="53" HPOS="218" VPOS="1669" WIDTH="390" />
<SP HEIGHT="53" HPOS="609" VPOS="1669" WIDTH="31" />
<String CONTENT="by" HEIGHT="67" HPOS="641" VPOS="1669" WIDTH="75" />
<SP HEIGHT="66" HPOS="717" VPOS="1670" WIDTH="33" />
<String CONTENT="Hon." HEIGHT="52" HPOS="751" VPOS="1670" WIDTH="153" />
<SP HEIGHT="54" HPOS="905" VPOS="1670" WIDTH="31" />
<String CONTENT="John" HEIGHT="55" HPOS="937" VPOS="1669" WIDTH="158" />
<SP HEIGHT="56" HPOS="1096" VPOS="1669" WIDTH="33" />
<String CONTENT="Cudahy." HEIGHT="67" HPOS="1130" VPOS="1669" WIDTH="262" />
<SP HEIGHT="52" HPOS="1393" VPOS="1670" WIDTH="65" />
<String CONTENT="New" HEIGHT="53" HPOS="1459" VPOS="1670" WIDTH="141" />
<SP HEIGHT="54" HPOS="1601" VPOS="1669" WIDTH="33" />
<String CONTENT="York," HEIGHT="67" HPOS="1635" VPOS="1669" WIDTH="181" />
<SP HEIGHT="67" HPOS="1817" VPOS="1669" WIDTH="30" />
<String CONTENT="The" HEIGHT="54" HPOS="1848" VPOS="1669" WIDTH="125" />
<SP HEIGHT="53" HPOS="1974" VPOS="1669" WIDTH="28" />
<String CONTENT="Derrydale" HEIGHT="131" HPOS="218" VPOS="1669" WIDTH="1976" />
</TextLine>
<TextLine HEIGHT="65" HPOS="377" STYLEREFS="StyleId-0B43F315-2FAA-41BC-A125-BF7BE1CBB186-" VPOS="1749" WIDTH="390">
<String CONTENT="press" HEIGHT="48" HPOS="377" VPOS="1765" WIDTH="157" />
<SP HEIGHT="48" HPOS="535" VPOS="1766" WIDTH="37" />
<String CONTENT="[c1934]" HEIGHT="65" HPOS="573" VPOS="1749" WIDTH="194" />
</TextLine>
<TextLine CS="1" HEIGHT="51" HPOS="287" VPOS="1818" WIDTH="1877">
<String CONTENT="2" HEIGHT="38" HPOS="287" VPOS="1819" WIDTH="26" />
<SP HEIGHT="48" HPOS="314" VPOS="1819" WIDTH="26" />
<String CONTENT="p." HEIGHT="39" HPOS="341" LANG="fr" VPOS="1828" WIDTH="44" />
<SP />
<String CONTENT="l.," CS="1" LANG="fr" />
<SP />
<String CONTENT="xiii," HEIGHT="48" HPOS="485" VPOS="1818" WIDTH="104" />
<SP HEIGHT="30" HPOS="590" VPOS="1839" WIDTH="32" />
<String CONTENT="[1]" CS="1" HEIGHT="30" HPOS="623" VPOS="1839" WIDTH="54" />
<SP HEIGHT="39" HPOS="678" VPOS="1830" WIDTH="27" />
<String CONTENT="p.," HEIGHT="38" HPOS="706" LANG="fr" VPOS="1830" WIDTH="59" />
<SP HEIGHT="47" HPOS="766" VPOS="1820" WIDTH="28" />
<String CONTENT="1" HEIGHT="39" HPOS="795" VPOS="1820" WIDTH="26" />
<SP />
<String CONTENT="l.," CS="1" />
<SP />
<String CONTENT="199," HEIGHT="49" HPOS="921" VPOS="1818" WIDTH="99" />
<SP HEIGHT="29" HPOS="1021" VPOS="1840" WIDTH="30" />
<String CONTENT="[1]" CS="1" HEIGHT="30" HPOS="1096" VPOS="1838" WIDTH="10" />
<SP HEIGHT="38" HPOS="1107" VPOS="1830" WIDTH="28" />
<String CONTENT="p." HEIGHT="38" HPOS="1136" VPOS="1830" WIDTH="44" />
<SP HEIGHT="40" HPOS="1181" VPOS="1819" WIDTH="57" />
<String CONTENT="front.," HEIGHT="48" HPOS="1239" VPOS="1819" WIDTH="164" />
<SP HEIGHT="47" HPOS="1404" VPOS="1820" WIDTH="28" />
<String CONTENT="illus.," HEIGHT="47" HPOS="1433" VPOS="1820" WIDTH="143" />
<SP HEIGHT="38" HPOS="1577" VPOS="1830" WIDTH="25" />
<String CONTENT="plates," HEIGHT="48" HPOS="1603" VPOS="1820" WIDTH="171" />
<SP HEIGHT="47" HPOS="1775" VPOS="1820" WIDTH="26" />
<String CONTENT="diagr." HEIGHT="48" HPOS="1802" VPOS="1820" WIDTH="155" />
<SP HEIGHT="40" HPOS="1958" VPOS="1819" WIDTH="58" />
<String CONTENT="24&#189;cm." CS="1" HEIGHT="42" HPOS="2017" VPOS="1819" WIDTH="147" />
</TextLine>
<TextLine CS="1" HEIGHT="52" HPOS="289" VPOS="1873" WIDTH="1928">
<String CONTENT="&#8220;Nine" HEIGHT="44" HPOS="289" VPOS="1873" WIDTH="150" />
<SP HEIGHT="40" HPOS="440" VPOS="1877" WIDTH="23" />
<String CONTENT="hundred" HEIGHT="41" HPOS="464" VPOS="1876" WIDTH="222" />
<SP HEIGHT="39" HPOS="687" VPOS="1877" WIDTH="23" />
<String CONTENT="and" HEIGHT="39" HPOS="711" VPOS="1878" WIDTH="96" />
<SP HEIGHT="41" HPOS="808" VPOS="1876" WIDTH="22" />
<String CONTENT="fifty" HEIGHT="47" HPOS="831" VPOS="1876" WIDTH="113" />
<SP HEIGHT="36" HPOS="945" VPOS="1887" WIDTH="21" />
<String CONTENT="numbered" HEIGHT="41" HPOS="967" VPOS="1876" WIDTH="262" />
<SP HEIGHT="39" HPOS="1230" VPOS="1877" WIDTH="23" />
<String CONTENT="copies" HEIGHT="48" HPOS="1254" VPOS="1876" WIDTH="161" />
<SP HEIGHT="30" HPOS="1416" VPOS="1886" WIDTH="25" />
<String CONTENT="&#8230;" CS="1" />
<SP HEIGHT="38" HPOS="1489" VPOS="1878" WIDTH="26" />
<String CONTENT="have" HEIGHT="39" HPOS="1516" VPOS="1878" WIDTH="123" />
<SP HEIGHT="40" HPOS="1640" VPOS="1877" WIDTH="23" />
<String CONTENT="been" HEIGHT="40" HPOS="1664" VPOS="1877" WIDTH="117" />
<SP HEIGHT="38" HPOS="1782" VPOS="1887" WIDTH="22" />
<String CONTENT="printed.&#8221;" HEIGHT="49" HPOS="1805" VPOS="1876" WIDTH="237" />
<SP HEIGHT="39" HPOS="2043" VPOS="1876" WIDTH="54" />
<String CONTENT="This" HEIGHT="41" HPOS="2098" VPOS="1877" WIDTH="119" />
</TextLine>
<TextLine HEIGHT="48" HPOS="217" VPOS="1934" WIDTH="538">
<String CONTENT="copy" HEIGHT="39" HPOS="217" VPOS="1943" WIDTH="119" />
<SP HEIGHT="36" HPOS="337" VPOS="1945" WIDTH="26" />
<String CONTENT="not" HEIGHT="39" HPOS="364" VPOS="1935" WIDTH="85" />
<SP HEIGHT="39" HPOS="450" VPOS="1935" WIDTH="27" />
<String CONTENT="numbered." HEIGHT="41" HPOS="478" VPOS="1934" WIDTH="277" />
</TextLine>
<TextLine CS="1" HEIGHT="51" HPOS="222" VPOS="1988" WIDTH="2000">
<String CONTENT="&#169;" HEIGHT="51" HPOS="222" VPOS="1988" WIDTH="52" />
<SP HEIGHT="51" HPOS="275" VPOS="1988" WIDTH="25" />
<String CONTENT="Dec." HEIGHT="38" HPOS="301" VPOS="1993" WIDTH="110" />
<SP HEIGHT="41" HPOS="412" VPOS="1989" WIDTH="24" />
<String CONTENT="20," HEIGHT="49" HPOS="437" VPOS="1989" WIDTH="69" />
<SP HEIGHT="47" HPOS="507" VPOS="1991" WIDTH="24" />
<String CONTENT="1934;" CS="1" HEIGHT="41" HPOS="532" VPOS="1990" WIDTH="114" />
<SP HEIGHT="42" HPOS="673" VPOS="1990" WIDTH="26" />
<String CONTENT="2c." HEIGHT="40" HPOS="700" VPOS="1990" WIDTH="64" />
<SP HEIGHT="39" HPOS="765" VPOS="1991" WIDTH="26" />
<String CONTENT="Jan." HEIGHT="39" HPOS="792" VPOS="1991" WIDTH="108" />
<SP HEIGHT="39" HPOS="901" VPOS="1991" WIDTH="26" />
<String CONTENT="7," HEIGHT="46" HPOS="928" VPOS="1991" WIDTH="40" />
<SP HEIGHT="46" HPOS="969" VPOS="1991" WIDTH="25" />
<String CONTENT="1935;" CS="1" HEIGHT="42" HPOS="995" VPOS="1988" WIDTH="113" />
<SP HEIGHT="30" HPOS="1136" VPOS="2000" WIDTH="27" />
<String CONTENT="aff." HEIGHT="40" HPOS="1164" VPOS="1989" WIDTH="81" />
<SP HEIGHT="39" HPOS="1246" VPOS="1990" WIDTH="26" />
<String CONTENT="Dec." HEIGHT="40" HPOS="1273" VPOS="1990" WIDTH="111" />
<SP HEIGHT="39" HPOS="1385" VPOS="1989" WIDTH="25" />
<String CONTENT="22," HEIGHT="49" HPOS="1411" VPOS="1989" WIDTH="70" />
<SP HEIGHT="47" HPOS="1482" VPOS="1991" WIDTH="26" />
<String CONTENT="1934;" CS="1" HEIGHT="41" HPOS="1509" VPOS="1989" WIDTH="114" />
<SP HEIGHT="46" HPOS="1651" VPOS="1991" WIDTH="27" />
<String CONTENT="A" HEIGHT="39" HPOS="1679" VPOS="1991" WIDTH="43" />
<SP HEIGHT="40" HPOS="1723" VPOS="1991" WIDTH="23" />
<String CONTENT="79047;" CS="1" HEIGHT="41" HPOS="1747" VPOS="1990" WIDTH="145" />
<SP HEIGHT="46" HPOS="1919" VPOS="1992" WIDTH="28" />
<String CONTENT="Derrydale" HEIGHT="45" HPOS="1948" VPOS="1992" WIDTH="274" />
</TextLine>
<TextLine HEIGHT="49" HPOS="288" VPOS="2047" WIDTH="592">
<String CONTENT="press," HEIGHT="38" HPOS="288" VPOS="2058" WIDTH="149" />
<SP HEIGHT="47" HPOS="438" VPOS="2049" WIDTH="29" />
<String CONTENT="inc." HEIGHT="39" HPOS="468" VPOS="2049" WIDTH="89" />
<SP HEIGHT="48" HPOS="558" VPOS="2048" WIDTH="70" />
<String CONTENT="(35-1231)" HEIGHT="49" HPOS="629" VPOS="2047" WIDTH="251" />
</TextLine>
<TextLine CS="1" HEIGHT="69" HPOS="220" STYLEREFS="StyleId-0B43F315-2FAA-41BC-A125-BF7BE1CBB186-" VPOS="2137" WIDTH="1996">
<String CONTENT="Compton&#8217;s" HEIGHT="64" HPOS="220" VPOS="2138" WIDTH="340" />
<SP HEIGHT="50" HPOS="561" VPOS="2156" WIDTH="39" />
<String CONTENT="pictured" HEIGHT="69" HPOS="601" VPOS="2137" WIDTH="260" />
<SP HEIGHT="52" HPOS="862" VPOS="2138" WIDTH="44" />
<String CONTENT="encyclopedia" HEIGHT="67" HPOS="907" VPOS="2138" WIDTH="400" />
<SP HEIGHT="33" HPOS="1308" VPOS="2157" WIDTH="48" />
<String CONTENT="&#8230;" CS="1" />
<SP HEIGHT="45" HPOS="1413" VPOS="2145" WIDTH="44" />
<String CONTENT="to" HEIGHT="45" HPOS="1458" VPOS="2145" WIDTH="58" />
<SP HEIGHT="52" HPOS="1517" VPOS="2139" WIDTH="42" />
<String CONTENT="inspire" HEIGHT="67" HPOS="1560" VPOS="2138" WIDTH="217" />
<SP HEIGHT="34" HPOS="1778" VPOS="2157" WIDTH="42" />
<String CONTENT="ambition," HEIGHT="67" HPOS="1821" VPOS="2138" WIDTH="295" />
<SP HEIGHT="61" HPOS="2117" VPOS="2144" WIDTH="39" />
<String CONTENT="to" HEIGHT="47" HPOS="2157" VPOS="2144" WIDTH="59" />
</TextLine>
<TextLine HEIGHT="71" HPOS="287" STYLEREFS="StyleId-0B43F315-2FAA-41BC-A125-BF7BE1CBB186-" VPOS="2213" WIDTH="1928">
<String CONTENT="stimulate" HEIGHT="53" HPOS="287" VPOS="2215" WIDTH="289" />
<SP HEIGHT="48" HPOS="577" VPOS="2219" WIDTH="38" />
<String CONTENT="the" HEIGHT="52" HPOS="616" VPOS="2215" WIDTH="95" />
<SP HEIGHT="53" HPOS="712" VPOS="2214" WIDTH="40" />
<String CONTENT="imagination," HEIGHT="69" HPOS="753" VPOS="2214" WIDTH="398" />
<SP HEIGHT="61" HPOS="1152" VPOS="2220" WIDTH="39" />
<String CONTENT="to" HEIGHT="49" HPOS="1192" VPOS="2220" WIDTH="57" />
<SP HEIGHT="50" HPOS="1250" VPOS="2232" WIDTH="42" />
<String CONTENT="provide" HEIGHT="69" HPOS="1293" VPOS="2213" WIDTH="241" />
<SP HEIGHT="48" HPOS="1535" VPOS="2219" WIDTH="38" />
<String CONTENT="the" HEIGHT="53" HPOS="1574" VPOS="2214" WIDTH="97" />
<SP HEIGHT="53" HPOS="1672" VPOS="2214" WIDTH="42" />
<String CONTENT="inquiring" HEIGHT="71" HPOS="1715" VPOS="2213" WIDTH="297" />
<SP HEIGHT="53" HPOS="2013" VPOS="2231" WIDTH="39" />
<String CONTENT="mind" HEIGHT="54" HPOS="2053" VPOS="2213" WIDTH="162" />
</TextLine>
<TextLine HEIGHT="71" HPOS="287" STYLEREFS="StyleId-0B43F315-2FAA-41BC-A125-BF7BE1CBB186-" VPOS="2290" WIDTH="1929">
<String CONTENT="with" HEIGHT="53" HPOS="287" VPOS="2292" WIDTH="140" />
<SP HEIGHT="52" HPOS="428" VPOS="2293" WIDTH="34" />
<String CONTENT="accurate" HEIGHT="49" HPOS="463" VPOS="2296" WIDTH="258" />
<SP HEIGHT="53" HPOS="722" VPOS="2292" WIDTH="30" />
<String CONTENT="information" HEIGHT="54" HPOS="753" VPOS="2290" WIDTH="380" />
<SP HEIGHT="49" HPOS="1134" VPOS="2295" WIDTH="32" />
<String CONTENT="told" HEIGHT="54" HPOS="1167" VPOS="2291" WIDTH="123" />
<SP HEIGHT="55" HPOS="1291" VPOS="2290" WIDTH="33" />
<String CONTENT="in" HEIGHT="54" HPOS="1325" VPOS="2290" WIDTH="61" />
<SP HEIGHT="34" HPOS="1387" VPOS="2310" WIDTH="33" />
<String CONTENT="an" HEIGHT="34" HPOS="1421" VPOS="2310" WIDTH="72" />
<SP HEIGHT="53" HPOS="1494" VPOS="2291" WIDTH="33" />
<String CONTENT="interesting" HEIGHT="70" HPOS="1528" VPOS="2291" WIDTH="340" />
<SP HEIGHT="51" HPOS="1869" VPOS="2310" WIDTH="32" />
<String CONTENT="style," HEIGHT="69" HPOS="1902" VPOS="2292" WIDTH="164" />
<SP HEIGHT="50" HPOS="2067" VPOS="2311" WIDTH="34" />
<String CONTENT="and" HEIGHT="54" HPOS="2102" VPOS="2291" WIDTH="114" />
</TextLine>
<TextLine CS="1" HEIGHT="148" HPOS="287" STYLEREFS="StyleId-0B43F315-2FAA-41BC-A125-BF7BE1CBB186-" VPOS="2367" WIDTH="1905">
<String CONTENT="thus" HEIGHT="53" HPOS="287" VPOS="2371" WIDTH="132" />
<SP HEIGHT="53" HPOS="420" VPOS="2371" WIDTH="27" />
<String CONTENT="lead" HEIGHT="53" HPOS="448" VPOS="2370" WIDTH="128" />
<SP HEIGHT="53" HPOS="577" VPOS="2370" WIDTH="28" />
<String CONTENT="into" HEIGHT="53" HPOS="606" VPOS="2370" WIDTH="122" />
<SP HEIGHT="54" HPOS="729" VPOS="2369" WIDTH="26" />
<String CONTENT="broader" HEIGHT="54" HPOS="756" VPOS="2369" WIDTH="244" />
<SP HEIGHT="53" HPOS="1001" VPOS="2368" WIDTH="27" />
<String CONTENT="fields" HEIGHT="54" HPOS="1029" VPOS="2368" WIDTH="163" />
<SP HEIGHT="34" HPOS="1193" VPOS="2388" WIDTH="31" />
<String CONTENT="of" HEIGHT="54" HPOS="1225" VPOS="2368" WIDTH="64" />
<SP HEIGHT="54" HPOS="1290" VPOS="2367" WIDTH="27" />
<String CONTENT="knowledge," HEIGHT="72" HPOS="1318" VPOS="2367" WIDTH="352" />
<SP HEIGHT="51" HPOS="1671" VPOS="2388" WIDTH="30" />
<String CONTENT="such" HEIGHT="52" HPOS="1702" VPOS="2371" WIDTH="137" />
<SP HEIGHT="53" HPOS="1840" VPOS="2370" WIDTH="30" />
<String CONTENT="is" HEIGHT="53" HPOS="1871" VPOS="2370" WIDTH="48" />
<SP HEIGHT="47" HPOS="1920" VPOS="2376" WIDTH="31" />
<String CONTENT="the" HEIGHT="53" HPOS="1952" VPOS="2371" WIDTH="97" />
<SP HEIGHT="51" HPOS="2050" VPOS="2388" WIDTH="29" />
<String CONTENT="purpose" HEIGHT="127" HPOS="287" VPOS="2388" WIDTH="1905" />
</TextLine>
<TextLine HEIGHT="73" HPOS="460" STYLEREFS="StyleId-0B43F315-2FAA-41BC-A125-BF7BE1CBB186-" VPOS="2445" WIDTH="1755">
<String CONTENT="of" HEIGHT="57" HPOS="460" VPOS="2446" WIDTH="64" />
<SP HEIGHT="55" HPOS="525" VPOS="2446" WIDTH="39" />
<String CONTENT="this" HEIGHT="54" HPOS="565" VPOS="2447" WIDTH="115" />
<SP HEIGHT="34" HPOS="681" VPOS="2466" WIDTH="40" />
<String CONTENT="work." HEIGHT="54" HPOS="722" VPOS="2446" WIDTH="175" />
<SP HEIGHT="56" HPOS="898" VPOS="2445" WIDTH="75" />
<String CONTENT="Chicago," HEIGHT="70" HPOS="974" VPOS="2445" WIDTH="271" />
<SP HEIGHT="69" HPOS="1246" VPOS="2446" WIDTH="42" />
<String CONTENT="F." HEIGHT="54" HPOS="1289" LANG="fr" VPOS="2446" WIDTH="66" />
<SP HEIGHT="54" HPOS="1356" VPOS="2446" WIDTH="44" />
<String CONTENT="E." HEIGHT="54" HPOS="1401" VPOS="2446" WIDTH="67" />
<SP HEIGHT="55" HPOS="1469" VPOS="2446" WIDTH="43" />
<String CONTENT="Compton" HEIGHT="69" HPOS="1513" VPOS="2446" WIDTH="285" />
<SP HEIGHT="51" HPOS="1799" VPOS="2449" WIDTH="42" />
<String CONTENT="&amp;" HEIGHT="51" HPOS="1842" VPOS="2449" WIDTH="46" />
<SP HEIGHT="52" HPOS="1889" VPOS="2449" WIDTH="42" />
<String CONTENT="company" HEIGHT="53" HPOS="1932" VPOS="2465" WIDTH="283" />
</TextLine>
<TextLine CS="1" HEIGHT="63" HPOS="291" STYLEREFS="StyleId-0B43F315-2FAA-41BC-A125-BF7BE1CBB186-" VPOS="2528" WIDTH="175">
<String CONTENT="[c1935]" CS="1" HEIGHT="63" HPOS="291" VPOS="2528" WIDTH="175" />
</TextLine>
<TextLine CS="1" HEIGHT="52" HPOS="289" VPOS="2595" WIDTH="1928">
<String CONTENT="15" HEIGHT="40" HPOS="289" VPOS="2598" WIDTH="57" />
<SP HEIGHT="40" HPOS="347" VPOS="2598" WIDTH="35" />
<String CONTENT="v." CS="1" HEIGHT="8" HPOS="417" VPOS="2631" WIDTH="9" />
<SP HEIGHT="41" HPOS="427" VPOS="2598" WIDTH="61" />
<String CONTENT="illus." HEIGHT="40" HPOS="489" VPOS="2598" WIDTH="128" />
<SP HEIGHT="48" HPOS="618" VPOS="2597" WIDTH="27" />
<String CONTENT="(part" HEIGHT="48" HPOS="646" VPOS="2597" WIDTH="138" />
<SP HEIGHT="39" HPOS="785" VPOS="2599" WIDTH="33" />
<String CONTENT="col.;" HEIGHT="46" HPOS="819" VPOS="2598" WIDTH="114" />
<SP HEIGHT="47" HPOS="934" VPOS="2597" WIDTH="41" />
<String CONTENT="incl." HEIGHT="41" HPOS="976" VPOS="2597" WIDTH="108" />
<SP HEIGHT="32" HPOS="1085" VPOS="2606" WIDTH="40" />
<String CONTENT="music)" HEIGHT="48" HPOS="1126" VPOS="2597" WIDTH="178" />
<SP HEIGHT="47" HPOS="1305" VPOS="2598" WIDTH="45" />
<String CONTENT="plates" HEIGHT="49" HPOS="1351" VPOS="2595" WIDTH="158" />
<SP HEIGHT="48" HPOS="1510" VPOS="2597" WIDTH="26" />
<String CONTENT="(part" HEIGHT="48" HPOS="1537" VPOS="2597" WIDTH="135" />
<SP HEIGHT="39" HPOS="1673" VPOS="2599" WIDTH="38" />
<String CONTENT="col.)" HEIGHT="47" HPOS="1712" VPOS="2598" WIDTH="112" />
<SP HEIGHT="46" HPOS="1825" VPOS="2599" WIDTH="49" />
<String CONTENT="ports.," HEIGHT="45" HPOS="1875" VPOS="2600" WIDTH="162" />
<SP HEIGHT="30" HPOS="2038" VPOS="2609" WIDTH="41" />
<String CONTENT="maps" HEIGHT="39" HPOS="2080" VPOS="2608" WIDTH="137" />
</TextLine>
<TextLine HEIGHT="50" HPOS="230" VPOS="2653" WIDTH="749">
<String CONTENT="(part" HEIGHT="48" HPOS="230" VPOS="2655" WIDTH="135" />
<SP HEIGHT="39" HPOS="366" VPOS="2656" WIDTH="25" />
<String CONTENT="double)" HEIGHT="48" HPOS="392" VPOS="2654" WIDTH="197" />
<SP HEIGHT="47" HPOS="590" VPOS="2655" WIDTH="33" />
<String CONTENT="diagrs." HEIGHT="48" HPOS="624" VPOS="2654" WIDTH="180" />
<SP HEIGHT="41" HPOS="805" VPOS="2654" WIDTH="56" />
<String CONTENT="26cm." HEIGHT="41" HPOS="862" VPOS="2653" WIDTH="117" />
</TextLine>
<TextLine HEIGHT="48" HPOS="288" VPOS="2710" WIDTH="682">
<String CONTENT="Illustrated" HEIGHT="41" HPOS="288" VPOS="2711" WIDTH="286" />
<SP HEIGHT="40" HPOS="575" VPOS="2712" WIDTH="31" />
<String CONTENT="lining-papers." HEIGHT="48" HPOS="607" VPOS="2710" WIDTH="363" />
</TextLine>
<TextLine HEIGHT="47" HPOS="291" VPOS="2766" WIDTH="967">
<String CONTENT="Editor-in-chief:" HEIGHT="42" HPOS="291" VPOS="2767" WIDTH="419" />
<SP HEIGHT="41" HPOS="711" VPOS="2766" WIDTH="31" />
<String CONTENT="Guy" HEIGHT="47" HPOS="743" VPOS="2766" WIDTH="107" />
<SP HEIGHT="47" HPOS="851" VPOS="2766" WIDTH="29" />
<String CONTENT="Stanton" HEIGHT="41" HPOS="881" VPOS="2766" WIDTH="207" />
<SP HEIGHT="40" HPOS="1089" VPOS="2766" WIDTH="26" />
<String CONTENT="Ford." HEIGHT="41" HPOS="1116" VPOS="2766" WIDTH="142" />
</TextLine>
<TextLine HEIGHT="48" HPOS="293" VPOS="2823" WIDTH="644">
<String CONTENT="Includes" HEIGHT="41" HPOS="293" VPOS="2824" WIDTH="223" />
<SP HEIGHT="42" HPOS="517" VPOS="2823" WIDTH="27" />
<String CONTENT="bibliographies." HEIGHT="48" HPOS="545" VPOS="2823" WIDTH="392" />
</TextLine>
<TextLine HEIGHT="56" HPOS="222" VPOS="2878" WIDTH="1995">
<String CONTENT="&#169;" HEIGHT="53" HPOS="222" VPOS="2878" WIDTH="50" />
<SP HEIGHT="53" HPOS="273" VPOS="2878" WIDTH="25" />
<String CONTENT="Jan." HEIGHT="39" HPOS="299" VPOS="2884" WIDTH="108" />
<SP HEIGHT="41" HPOS="408" VPOS="2882" WIDTH="25" />
<String CONTENT="2," HEIGHT="46" HPOS="434" VPOS="2882" WIDTH="40" />
<SP HEIGHT="45" HPOS="475" VPOS="2883" WIDTH="25" />
<String CONTENT="1935;" HEIGHT="48" HPOS="501" VPOS="2881" WIDTH="141" />
<SP HEIGHT="48" HPOS="643" VPOS="2881" WIDTH="27" />
<String CONTENT="2c." HEIGHT="41" HPOS="671" VPOS="2881" WIDTH="65" />
<SP HEIGHT="29" HPOS="737" VPOS="2892" WIDTH="28" />
<String CONTENT="each" HEIGHT="39" HPOS="766" VPOS="2882" WIDTH="119" />
<SP HEIGHT="39" HPOS="886" VPOS="2882" WIDTH="24" />
<String CONTENT="Jan." HEIGHT="39" HPOS="911" VPOS="2882" WIDTH="109" />
<SP HEIGHT="36" HPOS="1021" VPOS="2883" WIDTH="27" />
<String CONTENT="10;" HEIGHT="48" HPOS="1049" VPOS="2880" WIDTH="81" />
<SP HEIGHT="36" HPOS="1131" VPOS="2892" WIDTH="28" />
<String CONTENT="aff." HEIGHT="40" HPOS="1160" VPOS="2880" WIDTH="80" />
<SP HEIGHT="39" HPOS="1241" VPOS="2882" WIDTH="28" />
<String CONTENT="Jan." HEIGHT="39" HPOS="1270" VPOS="2882" WIDTH="109" />
<SP HEIGHT="40" HPOS="1380" VPOS="2881" WIDTH="27" />
<String CONTENT="9;" HEIGHT="47" HPOS="1408" VPOS="2881" WIDTH="52" />
<SP HEIGHT="46" HPOS="1461" VPOS="2882" WIDTH="28" />
<String CONTENT="A" HEIGHT="39" HPOS="1490" VPOS="2882" WIDTH="40" />
<SP HEIGHT="40" HPOS="1531" VPOS="2882" WIDTH="23" />
<String CONTENT="79118;" HEIGHT="48" HPOS="1555" VPOS="2882" WIDTH="171" />
<SP HEIGHT="47" HPOS="1727" VPOS="2883" WIDTH="29" />
<String CONTENT="F." HEIGHT="39" HPOS="1757" LANG="fr" VPOS="2883" WIDTH="50" />
<SP HEIGHT="38" HPOS="1808" VPOS="2885" WIDTH="28" />
<String CONTENT="E." HEIGHT="39" HPOS="1837" VPOS="2885" WIDTH="53" />
<SP HEIGHT="41" HPOS="1891" VPOS="2884" WIDTH="28" />
<String CONTENT="Compton" HEIGHT="50" HPOS="1920" VPOS="2884" WIDTH="236" />
<SP HEIGHT="38" HPOS="2157" VPOS="2887" WIDTH="23" />
<String CONTENT="&amp;" HEIGHT="38" HPOS="2181" VPOS="2887" WIDTH="36" />
</TextLine>
<TextLine HEIGHT="52" HPOS="287" VPOS="2937" WIDTH="1546">
<String CONTENT="co." HEIGHT="29" HPOS="287" VPOS="2951" WIDTH="65" />
<SP HEIGHT="29" HPOS="353" VPOS="2959" WIDTH="63" />
<String CONTENT="[Copyright" HEIGHT="48" HPOS="417" VPOS="2940" WIDTH="283" />
<SP HEIGHT="40" HPOS="701" VPOS="2939" WIDTH="22" />
<String CONTENT="is" HEIGHT="40" HPOS="724" VPOS="2939" WIDTH="46" />
<SP HEIGHT="30" HPOS="771" VPOS="2949" WIDTH="23" />
<String CONTENT="claimed" HEIGHT="40" HPOS="795" VPOS="2938" WIDTH="205" />
<SP HEIGHT="38" HPOS="1001" VPOS="2940" WIDTH="28" />
<String CONTENT="on" HEIGHT="29" HPOS="1030" VPOS="2949" WIDTH="60" />
<SP HEIGHT="29" HPOS="1091" VPOS="2949" WIDTH="29" />
<String CONTENT="additions" HEIGHT="42" HPOS="1121" VPOS="2937" WIDTH="249" />
<SP HEIGHT="30" HPOS="1371" VPOS="2948" WIDTH="27" />
<String CONTENT="and" HEIGHT="38" HPOS="1399" VPOS="2940" WIDTH="95" />
<SP HEIGHT="39" HPOS="1495" VPOS="2940" WIDTH="28" />
<String CONTENT="corrections]" HEIGHT="49" HPOS="1524" VPOS="2940" WIDTH="309" />
</TextLine>
<TextLine HEIGHT="49" HPOS="297" VPOS="2996" WIDTH="221">
<String CONTENT="(35-920)" HEIGHT="49" HPOS="297" VPOS="2996" WIDTH="221" />
</TextLine>
<TextLine HEIGHT="66" HPOS="220" STYLEREFS="StyleId-828F4C7F-3696-4335-A081-030BF525F8FC-" VPOS="3085" WIDTH="561">
<String CONTENT="Corzelle," HEIGHT="64" HPOS="220" VPOS="3087" WIDTH="270" />
<SP HEIGHT="64" HPOS="491" VPOS="3087" WIDTH="26" />
<String CONTENT="Charles." HEIGHT="56" HPOS="518" VPOS="3085" WIDTH="263" />
</TextLine>
<TextLine HEIGHT="68" HPOS="290" STYLEREFS="StyleId-0B43F315-2FAA-41BC-A125-BF7BE1CBB186-" VPOS="3162" WIDTH="1921">
<String CONTENT="The" HEIGHT="52" HPOS="290" VPOS="3164" WIDTH="121" />
<SP HEIGHT="35" HPOS="412" VPOS="3182" WIDTH="35" />
<String CONTENT="small" HEIGHT="53" HPOS="448" VPOS="3164" WIDTH="165" />
<SP HEIGHT="53" HPOS="614" VPOS="3164" WIDTH="36" />
<String CONTENT="loan" HEIGHT="50" HPOS="651" VPOS="3167" WIDTH="132" />
<SP HEIGHT="33" HPOS="784" VPOS="3182" WIDTH="36" />
<String CONTENT="racket," HEIGHT="67" HPOS="821" VPOS="3162" WIDTH="210" />
<SP HEIGHT="66" HPOS="1032" VPOS="3163" WIDTH="33" />
<String CONTENT="by" HEIGHT="67" HPOS="1066" VPOS="3163" WIDTH="78" />
<SP HEIGHT="67" HPOS="1145" VPOS="3163" WIDTH="39" />
<String CONTENT="Charles" HEIGHT="55" HPOS="1185" VPOS="3162" WIDTH="237" />
<SP HEIGHT="54" HPOS="1423" VPOS="3163" WIDTH="36" />
<String CONTENT="Corzelle." HEIGHT="54" HPOS="1460" VPOS="3163" WIDTH="269" />
<SP HEIGHT="56" HPOS="1730" VPOS="3163" WIDTH="76" />
<String CONTENT="South" HEIGHT="56" HPOS="1807" VPOS="3163" WIDTH="182" />
<SP HEIGHT="52" HPOS="1990" VPOS="3166" WIDTH="39" />
<String CONTENT="Bend." HEIGHT="51" HPOS="2030" VPOS="3168" WIDTH="181" />
</TextLine>
<TextLine HEIGHT="70" HPOS="220" STYLEREFS="StyleId-0B43F315-2FAA-41BC-A125-BF7BE1CBB186-" VPOS="3239" WIDTH="1684">
<String CONTENT="Ind.," HEIGHT="69" HPOS="220" VPOS="3240" WIDTH="146" />
<SP HEIGHT="65" HPOS="367" VPOS="3244" WIDTH="25" />
<String CONTENT="The" HEIGHT="53" HPOS="393" VPOS="3243" WIDTH="120" />
<SP HEIGHT="33" HPOS="514" VPOS="3261" WIDTH="27" />
<String CONTENT="author," HEIGHT="67" HPOS="542" VPOS="3242" WIDTH="222" />
<SP HEIGHT="49" HPOS="765" VPOS="3260" WIDTH="28" />
<String CONTENT="printed" HEIGHT="68" HPOS="794" VPOS="3241" WIDTH="230" />
<SP HEIGHT="54" HPOS="1025" VPOS="3241" WIDTH="24" />
<String CONTENT="by" HEIGHT="67" HPOS="1050" VPOS="3241" WIDTH="76" />
<SP HEIGHT="67" HPOS="1127" VPOS="3241" WIDTH="26" />
<String CONTENT="Mirror" HEIGHT="56" HPOS="1154" VPOS="3239" WIDTH="215" />
<SP HEIGHT="49" HPOS="1370" VPOS="3260" WIDTH="27" />
<String CONTENT="press," HEIGHT="49" HPOS="1398" VPOS="3260" WIDTH="173" />
<SP HEIGHT="68" HPOS="1572" VPOS="3241" WIDTH="26" />
<String CONTENT="inc.," HEIGHT="68" HPOS="1599" VPOS="3241" WIDTH="126" />
<SP HEIGHT="62" HPOS="1726" VPOS="3247" WIDTH="29" />
<String CONTENT="1934." HEIGHT="50" HPOS="1756" VPOS="3246" WIDTH="148" />
</TextLine>
<TextLine HEIGHT="53" HPOS="288" VPOS="3313" WIDTH="915">
<String CONTENT="191," HEIGHT="49" HPOS="288" VPOS="3315" WIDTH="98" />
<SP HEIGHT="30" HPOS="387" VPOS="3336" WIDTH="32" />
<String CONTENT="[1]" HEIGHT="49" HPOS="420" VPOS="3317" WIDTH="54" />
<SP HEIGHT="40" HPOS="475" VPOS="3325" WIDTH="27" />
<String CONTENT="p." HEIGHT="38" HPOS="503" VPOS="3325" WIDTH="43" />
<SP HEIGHT="40" HPOS="547" VPOS="3315" WIDTH="24" />
<String CONTENT="incl." HEIGHT="41" HPOS="572" VPOS="3315" WIDTH="109" />
<SP HEIGHT="41" HPOS="682" VPOS="3315" WIDTH="24" />
<String CONTENT="front.," HEIGHT="48" HPOS="707" VPOS="3315" WIDTH="164" />
<SP HEIGHT="48" HPOS="872" VPOS="3315" WIDTH="26" />
<String CONTENT="illus." HEIGHT="40" HPOS="899" VPOS="3315" WIDTH="128" />
<SP HEIGHT="41" HPOS="1028" VPOS="3314" WIDTH="57" />
<String CONTENT="20cm." HEIGHT="40" HPOS="1086" VPOS="3313" WIDTH="117" />
</TextLine>
<TextLine HEIGHT="42" HPOS="288" VPOS="3372" WIDTH="414">
<String CONTENT="&#8220;First" HEIGHT="41" HPOS="288" VPOS="3373" WIDTH="161" />
<SP HEIGHT="38" HPOS="450" VPOS="3376" WIDTH="26" />
<String CONTENT="edition.&#8221;" HEIGHT="40" HPOS="477" VPOS="3372" WIDTH="225" />
</TextLine>
<TextLine CS="1" HEIGHT="53" HPOS="223" VPOS="3425" WIDTH="1976">
<String CONTENT="&#169;" HEIGHT="52" HPOS="223" VPOS="3426" WIDTH="51" />
<SP HEIGHT="52" HPOS="275" VPOS="3426" WIDTH="22" />
<String CONTENT="Dec." HEIGHT="39" HPOS="298" VPOS="3433" WIDTH="109" />
<SP HEIGHT="39" HPOS="408" VPOS="3431" WIDTH="24" />
<String CONTENT="29," HEIGHT="49" HPOS="433" VPOS="3429" WIDTH="69" />
<SP HEIGHT="46" HPOS="503" VPOS="3432" WIDTH="24" />
<String CONTENT="1934;" CS="1" HEIGHT="42" HPOS="528" VPOS="3429" WIDTH="113" />
<SP HEIGHT="48" HPOS="669" VPOS="3429" WIDTH="25" />
<String CONTENT="2c." HEIGHT="40" HPOS="695" VPOS="3429" WIDTH="67" />
<SP HEIGHT="29" HPOS="763" VPOS="3440" WIDTH="25" />
<String CONTENT="and" HEIGHT="38" HPOS="789" VPOS="3431" WIDTH="95" />
<SP HEIGHT="38" HPOS="885" VPOS="3431" WIDTH="25" />
<String CONTENT="aff." HEIGHT="40" HPOS="911" VPOS="3428" WIDTH="80" />
<SP HEIGHT="39" HPOS="992" VPOS="3429" WIDTH="26" />
<String CONTENT="Jan." HEIGHT="39" HPOS="1019" VPOS="3429" WIDTH="109" />
<SP HEIGHT="39" HPOS="1129" VPOS="3429" WIDTH="24" />
<String CONTENT="2." HEIGHT="40" HPOS="1154" VPOS="3429" WIDTH="39" />
<SP HEIGHT="41" HPOS="1194" VPOS="3428" WIDTH="24" />
<String CONTENT="1935;" CS="1" HEIGHT="41" HPOS="1219" VPOS="3427" WIDTH="113" />
<SP HEIGHT="45" HPOS="1360" VPOS="3429" WIDTH="28" />
<String CONTENT="A" HEIGHT="38" HPOS="1389" VPOS="3429" WIDTH="40" />
<SP HEIGHT="39" HPOS="1430" VPOS="3429" WIDTH="25" />
<String CONTENT="77935;" CS="1" HEIGHT="41" HPOS="1456" VPOS="3427" WIDTH="143" />
<SP HEIGHT="45" HPOS="1627" VPOS="3429" WIDTH="29" />
<String CONTENT="C." HEIGHT="40" HPOS="1657" VPOS="3429" WIDTH="48" />
<SP HEIGHT="40" HPOS="1706" VPOS="3429" WIDTH="26" />
<String CONTENT="Corzelle," HEIGHT="49" HPOS="1733" VPOS="3429" WIDTH="227" />
<SP HEIGHT="53" HPOS="1961" VPOS="3425" WIDTH="28" />
<String CONTENT="c/o" CS="1" />
<SP HEIGHT="47" HPOS="2041" VPOS="3425" WIDTH="28" />
<String CONTENT="G." HEIGHT="41" HPOS="2070" LANG="fi" VPOS="3431" WIDTH="51" />
<SP HEIGHT="38" HPOS="2122" VPOS="3434" WIDTH="28" />
<String CONTENT="M" HEIGHT="38" HPOS="2151" VPOS="3434" WIDTH="48" />
</TextLine>
<TextLine HEIGHT="51" HPOS="289" VPOS="3484" WIDTH="740">
<String CONTENT="Grant," HEIGHT="47" HPOS="289" VPOS="3488" WIDTH="167" />
<SP HEIGHT="47" HPOS="457" VPOS="3488" WIDTH="28" />
<String CONTENT="Chicago." HEIGHT="47" HPOS="486" VPOS="3488" WIDTH="221" />
<SP HEIGHT="48" HPOS="708" VPOS="3486" WIDTH="70" />
<String CONTENT="(35-1142)" HEIGHT="50" HPOS="779" VPOS="3484" WIDTH="250" />
</TextLine>
<TextLine HEIGHT="66" HPOS="219" STYLEREFS="StyleId-828F4C7F-3696-4335-A081-030BF525F8FC-" VPOS="3563" WIDTH="815">
<String CONTENT="Dart," HEIGHT="64" HPOS="219" VPOS="3565" WIDTH="165" />
<SP HEIGHT="63" HPOS="385" VPOS="3566" WIDTH="26" />
<String CONTENT="Benjamin" HEIGHT="65" HPOS="412" VPOS="3563" WIDTH="316" />
<SP HEIGHT="53" HPOS="729" VPOS="3565" WIDTH="24" />
<String CONTENT="Wall," HEIGHT="63" HPOS="754" VPOS="3563" WIDTH="167" />
<SP HEIGHT="44" HPOS="922" VPOS="3582" WIDTH="27" />
<String CONTENT="ed." HEIGHT="52" HPOS="950" VPOS="3564" WIDTH="84" />
</TextLine>
<TextLine CS="1" HEIGHT="136" HPOS="222" STYLEREFS="StyleId-0B43F315-2FAA-41BC-A125-BF7BE1CBB186-" VPOS="3637" WIDTH="1963">
<String CONTENT="&#8230;" CS="1" />
<SP HEIGHT="55" HPOS="351" VPOS="3643" WIDTH="35" />
<String CONTENT="Constitutions" HEIGHT="55" HPOS="387" VPOS="3643" WIDTH="422" />
<SP HEIGHT="34" HPOS="810" VPOS="3660" WIDTH="25" />
<String CONTENT="of" HEIGHT="52" HPOS="836" VPOS="3641" WIDTH="63" />
<SP HEIGHT="52" HPOS="900" VPOS="3641" WIDTH="27" />
<String CONTENT="the" HEIGHT="52" HPOS="928" VPOS="3641" WIDTH="96" />
<SP HEIGHT="32" HPOS="1025" VPOS="3660" WIDTH="27" />
<String CONTENT="state" HEIGHT="47" HPOS="1053" VPOS="3645" WIDTH="145" />
<SP HEIGHT="33" HPOS="1199" VPOS="3659" WIDTH="28" />
<String CONTENT="of" HEIGHT="55" HPOS="1228" VPOS="3637" WIDTH="64" />
<SP HEIGHT="54" HPOS="1293" VPOS="3637" WIDTH="27" />
<String CONTENT="Louisiana," HEIGHT="63" HPOS="1321" VPOS="3639" WIDTH="326" />
<SP HEIGHT="43" HPOS="1648" VPOS="3659" WIDTH="28" />
<String CONTENT="edited" HEIGHT="54" HPOS="1677" VPOS="3639" WIDTH="189" />
<SP HEIGHT="53" HPOS="1867" VPOS="3641" WIDTH="28" />
<String CONTENT="by" HEIGHT="66" HPOS="1896" VPOS="3642" WIDTH="73" />
<SP HEIGHT="63" HPOS="1970" VPOS="3645" WIDTH="30" />
<String CONTENT="Benjamin" HEIGHT="129" HPOS="222" VPOS="3644" WIDTH="1963" />
</TextLine>
<TextLine CS="1" HEIGHT="67" HPOS="365" STYLEREFS="StyleId-0B43F315-2FAA-41BC-A125-BF7BE1CBB186-" VPOS="3717" WIDTH="1845">
<String CONTENT="Wall" HEIGHT="53" HPOS="365" VPOS="3721" WIDTH="157" />
<SP HEIGHT="53" HPOS="523" VPOS="3721" WIDTH="26" />
<String CONTENT="Dart" HEIGHT="51" HPOS="550" VPOS="3723" WIDTH="152" />
<SP HEIGHT="47" HPOS="703" VPOS="3725" WIDTH="33" />
<String CONTENT="&#8230;" CS="1" />
<SP HEIGHT="33" HPOS="794" VPOS="3738" WIDTH="34" />
<String CONTENT="annotated" HEIGHT="53" HPOS="829" VPOS="3718" WIDTH="307" />
<SP HEIGHT="51" HPOS="1137" VPOS="3718" WIDTH="28" />
<String CONTENT="by" HEIGHT="65" HPOS="1166" VPOS="3718" WIDTH="78" />
<SP HEIGHT="65" HPOS="1245" VPOS="3718" WIDTH="26" />
<String CONTENT="George" HEIGHT="66" HPOS="1272" VPOS="3718" WIDTH="220" />
<SP HEIGHT="51" HPOS="1493" VPOS="3718" WIDTH="29" />
<String CONTENT="A." HEIGHT="51" HPOS="1523" VPOS="3718" WIDTH="69" />
<SP HEIGHT="53" HPOS="1593" VPOS="3720" WIDTH="29" />
<String CONTENT="Wilson" HEIGHT="56" HPOS="1623" VPOS="3717" WIDTH="223" />
<SP HEIGHT="33" HPOS="1847" VPOS="3738" WIDTH="34" />
<String CONTENT="&#8230;" CS="1" />
<SP HEIGHT="33" HPOS="1938" VPOS="3739" WIDTH="34" />
<String CONTENT="assisted" HEIGHT="53" HPOS="1973" VPOS="3721" WIDTH="237" />
</TextLine>
<TextLine HEIGHT="75" HPOS="220" STYLEREFS="StyleId-0B43F315-2FAA-41BC-A125-BF7BE1CBB186-" VPOS="3791" WIDTH="1992">
<String CONTENT="by" HEIGHT="67" HPOS="220" VPOS="3798" WIDTH="74" />
<SP HEIGHT="61" HPOS="295" VPOS="3804" WIDTH="40" />
<String CONTENT="the" HEIGHT="52" HPOS="336" VPOS="3799" WIDTH="95" />
<SP HEIGHT="48" HPOS="432" VPOS="3818" WIDTH="44" />
<String CONTENT="publisher&#8217;s" HEIGHT="69" HPOS="477" VPOS="3797" WIDTH="337" />
<SP HEIGHT="35" HPOS="815" VPOS="3815" WIDTH="45" />
<String CONTENT="editorial" HEIGHT="54" HPOS="861" VPOS="3795" WIDTH="265" />
<SP HEIGHT="49" HPOS="1127" VPOS="3800" WIDTH="43" />
<String CONTENT="staff." HEIGHT="57" HPOS="1171" VPOS="3791" WIDTH="151" />
<SP HEIGHT="32" HPOS="1323" VPOS="3828" WIDTH="86" />
<String CONTENT="[1934" HEIGHT="63" HPOS="1410" VPOS="3797" WIDTH="156" />
<SP HEIGHT="48" HPOS="1567" VPOS="3798" WIDTH="41" />
<String CONTENT="cumulative" HEIGHT="53" HPOS="1609" VPOS="3796" WIDTH="344" />
<SP HEIGHT="37" HPOS="1954" VPOS="3815" WIDTH="45" />
<String CONTENT="annual" HEIGHT="52" HPOS="2000" VPOS="3800" WIDTH="212" />
</TextLine>
<TextLine CS="1" HEIGHT="149" HPOS="217" STYLEREFS="StyleId-0B43F315-2FAA-41BC-A125-BF7BE1CBB186-" VPOS="3873" WIDTH="1970">
<String CONTENT="pocket" HEIGHT="65" HPOS="221" VPOS="3877" WIDTH="200" />
<SP HEIGHT="46" HPOS="422" VPOS="3885" WIDTH="39" />
<String CONTENT="supplement]" HEIGHT="67" HPOS="462" VPOS="3877" WIDTH="377" />
<SP HEIGHT="34" HPOS="840" VPOS="3907" WIDTH="88" />
<String CONTENT="[Indianapolis]" HEIGHT="68" HPOS="929" VPOS="3873" WIDTH="433" />
<SP HEIGHT="63" HPOS="1363" VPOS="3875" WIDTH="49" />
<String CONTENT="The" HEIGHT="53" HPOS="1413" VPOS="3873" WIDTH="120" />
<SP HEIGHT="50" HPOS="1534" VPOS="3875" WIDTH="43" />
<String CONTENT="Bobbs-Merrill" HEIGHT="55" HPOS="1578" VPOS="3873" WIDTH="444" />
<SP HEIGHT="53" HPOS="2023" VPOS="3877" WIDTH="41" />
<String CONTENT="company," HEIGHT="127" HPOS="217" VPOS="3895" WIDTH="1970" />
<SP HEIGHT="59" HPOS="387" VPOS="3963" WIDTH="20" />
<String CONTENT="c1934." HEIGHT="52" HPOS="408" VPOS="3957" WIDTH="175" />
</TextLine>
<TextLine CS="1" HEIGHT="50" HPOS="290" VPOS="4026" WIDTH="519">
<String CONTENT="1" HEIGHT="38" HPOS="290" LANG="en-US" VPOS="4029" WIDTH="24" />
<SP />
<String CONTENT="p." HEIGHT="37" HPOS="343" LANG="la" VPOS="4039" WIDTH="41" />
<SP />
<String CONTENT="l.," CS="1" LANG="la" />
<SP />
<String CONTENT="65" HEIGHT="40" HPOS="483" LANG="en-US" VPOS="4028" WIDTH="55" />
<SP HEIGHT="48" HPOS="539" VPOS="4028" WIDTH="24" />
<String CONTENT="p." HEIGHT="38" HPOS="564" LANG="en-US" VPOS="4038" WIDTH="44" />
<SP HEIGHT="39" HPOS="609" VPOS="4028" WIDTH="54" />
<String CONTENT="25&#189;cm." CS="1" HEIGHT="40" HPOS="664" LANG="en-US" VPOS="4026" WIDTH="145" />
</TextLine>
</TextBlock>
</PrintSpace>
</Page>
</Layout>
</alto>