2424 4375
1112 4045 97 47 929

167 436 182 64 Aldis,
373 436 138 53 Mrs.
539 435 288 63 Dorothy.

235 512 173 52 Their
437 529 125 34 own
591 513 339 64 apartment,
957 511 75 67 by
1059 510 264 67 Dorothy
1350 509 186 52 Aldis.
1611 508 138 52 New
1778 508 182 54 York.
1987 507 67 53 G.
2085 510 65 50 P.

165 588 674 65 Putnam’s sons [ c 1935]
236 662 87 41 240
353 673 43 37 p.
455 661 116 42 20cm.

168 716 51 52 ©
241 720 114 47 July
378 719 67 46 11,
470 717 115 41 1935;
637 718 67 40 2c.
730 718 116 47 July
871 718 80 46 17;
981 717 82 40 aff.
1088 718 117 47 July
1229 716 81 47 16;
1339 717 42 38 A
1405 716 168 46 84675;
1604 717 57 38 D.
1690 716 151 48 Aldis,
1871 715 222 48 Chicago.

246 775 248 48 (35-9857)

165 879 312 54 American
506 878 276 55 institute
812 879 62 52 of
901 878 341 57 architects.

232 954 237 53 Manual
498 954 63 53 of
590 954 338 69 accounting
957 953 93 54 for
1082 953 316 70 architects,
1423 953 76 69 by
1527 954 97 52 the
1653 952 307 53 American
164 952 1961 134 institute

302 1029 1849 71 of architects … [Los Angeles, Printed by Parker, Stone &
164 1109 180 54 Baird
372 1128 96 49 co.,
498 1113 152 63 1935]

233 1182 115 48 xvii,
374 1182 97 46 132,
501 1182 85 50 [43]
611 1192 43 37 p.
715 1181 191 49 diagrs.,
935 1181 153 40 forms
1116 1181 135 48 (part
1276 1180 142 49 fold.)
1483 1181 146 40 23½cm.

236 1238 275 41 “Standard
539 1240 254 39 document
819 1249 74 29 no.
920 1237 128 42 978.”

239 1295 161 41 “First
427 1295 219 48 printing
673 1295 263 47 February,
962 1293 157 42 1935.”

232 1351 372 48 Bibliography:
638 1361 43 38 p.
715 1350 217 41 xiii-xiv.

166 1406 52 53 ©
245 1412 112 46 May
383 1410 69 48 29,
478 1409 139 46 1935;
649 1410 66 40 2c.
745 1410 127 39 June
900 1409 82 45 20;
1014 1408 82 40 aff.
1125 1409 128 40 June
1278 1408 82 47 21;
1390 1409 42 38 A
1459 1408 168 47 84349;
1660 1410 156 39 Amer.
1848 1409 227 42 institute
2103 1411 51 40 of

238 1468 274 46 architects,
551 1467 331 47 Washington.
954 1465 250 48 (35-9984)

167 1571 312 53 American
506 1570 126 52 iron
658 1571 114 52 and
799 1570 145 53 steel
971 1569 295 55 institute.

232 1645 1920 69 Annual statistical report … for 1934. New York, American
166 1727 127 52 iron
321 1725 111 53 and
458 1727 135 53 steel
619 1725 278 65 institute,
927 1728 148 49 1935.

234 1799 60 47 vi,
322 1799 60 40 99
405 1809 41 37 p.
508 1799 168 39 tables.
738 1796 57 40 24
797 1798 45 23 cm
847 1829 8 8 .

166 1852 52 53 ©
240 1857 115 47 July
379 1856 68 43 25.
473 1854 139 47 1935;
636 1855 67 39 2c.
728 1854 95 40 and
847 1853 80 40 aff.
952 1853 118 48 Aug.
1097 1855 52 44 1;
1179 1854 41 38 A
1245 1852 168 47 85281;
1441 1853 158 40 Amer.
1622 1853 107 40 iron
1754 1855 95 38 and
1874 1856 121 38 steel
235 1852 1900 101 institute.

166 2015 222 64 Angas,
415 2016 314 52 Lawrence
758 2014 116 53 Lee
899 2013 234 65 Bazley,
1161 2018 172 50 1893-

234 2091 121 53 The
386 2090 282 69 problems
698 2089 64 53 of
792 2091 94 51 the
916 2088 227 69 foreign
1173 2089 330 68 exchanges,
1535 2088 78 70 by
1642 2088 65 53 L.
1738 2088 65 54 L.
1835 2090 66 54 B.
1935 2089 214 72 Angas.

165 2167 137 53 New
327 2168 179 66 York,
533 2168 70 52 A.
627 2167 71 52 A.
726 2166 224 68 Knopf,
977 2168 149 51 1935.

234 2237 1776 52 2 p. l., iii-xiv p., 2 l., 3-316 p., 1 l. illus. (maps) diagrs. 22½ cm .
237 2294 1914 49 “This book … is the second of a series. The two companion volumes
170 2363 107 31 are:
303 2365 32 31 i.
359 2355 101 39 The
483 2353 239 49 problems
745 2352 52 40 of
819 2363 183 37 money,
1029 2354 94 39 and
1148 2363 73 29 m.
1247 2352 224 40 Methods
1497 2352 53 40 of
1572 2352 286 50 preventing
168 2353 1970 99 unemployment
327 2413 95 39 and
450 2413 93 39 bad
573 2410 428 42 trade.”—Introd.

239 2468 159 41 “First
424 2468 256 40 American
706 2466 224 41 edition.”

167 2523 52 53 ©
249 2528 124 40 June
405 2526 67 46 10,
504 2525 140 47 1935;
676 2526 66 39 2c.
778 2526 125 40 June
935 2524 81 48 12;
1054 2524 80 40 aff.
1170 2526 129 39 June
1326 2524 82 47 21;
1443 2526 42 38 A
1515 2525 169 47 83879;
1720 2527 50 39 L.
1805 2528 51 38 L.
1890 2529 53 37 B.
1977 2528 175 46 Angas,

234 2584 211 40 London.
514 2581 250 50 (35-9977)

165 2686 288 63 Apponyi,
483 2685 227 64 Albert,
739 2686 150 65 gróf,
922 2689 323 48 1846-1933.

236 2762 121 52 The
402 2761 263 53 memoirs
711 2760 64 53 of
824 2760 185 54 Count
1058 2759 292 70 Apponyi.
1437 2760 258 67 London,
1742 2762 270 65 Toronto,
2060 2761 90 53 W.

165 2837 376 69 Heinemann,
565 2839 103 52 ltd.
701 2841 170 63 [1935]

236 2912 102 48 xiii,
361 2911 85 40 312
467 2921 43 37 p.
570 2910 162 48 front.,
758 2910 26 39 2
808 2920 76 38 pl.,
908 2911 149 47 ports.
1113 2908 56 40 22
1173 2911 44 21 cm
1221 2942 9 9 .

236 2967 200 41 Preface
462 2967 192 48 signed:
687 2966 235 41 Countess
948 2967 171 40 Albert
1144 2966 234 47 Apponyi.

169 3023 1986 52 © 1c. June 1, 1935; A ad int. 20271; pubd. Apr. 8; Macmillan co., New
240 3084 144 40 York.
454 3082 278 47 (35-10252)

166 3187 284 63 Barbour,
478 3187 187 63 Ralph
695 3187 220 62 Henry,
944 3187 169 53 1870-

238 3264 358 52 Adventure:
643 3281 31 32 a
718 3262 192 67 Ralph
952 3262 203 67 Henry
1199 3262 261 53 Barbour
1505 3262 258 53 omnibus
1806 3262 347 68 containing.

167 3341 223 53 Pirates
427 3340 64 53 of
526 3340 95 52 the
657 3338 203 68 shoals,
898 3339 121 52 The
1056 3358 143 34 crew
1236 3339 64 52 of
1336 3340 96 52 the
1469 3338 264 66 “Casco”,
1769 3338 156 56 Peril
1965 3342 57 51 in
2059 3341 93 53 the

166 3437 231 49 swamp.
471 3418 138 51 New
646 3416 177 58 York,
858 3417 215 53 Farrar
1105 3419 46 49 &
1185 3415 297 57 Rinehart,
1518 3416 393 67 incorporated
2136 3453 11 33 [c1935]

240 3489 1507 51 5 p. l., 3-250 p., 2 l., 3-277 p., 2 1., 3-272 p. illus. 20 cm .
170 3544 52 53 ©
246 3549 115 50 July
384 3549 40 45 8,
449 3547 139 46 1935;
617 3547 68 40 2c.
713 3548 114 46 July
852 3546 79 41 10:
961 3545 80 41 aff.
1068 3546 117 48 July
1206 3545 53 46 9;
1288 3547 41 38 A
1355 3546 168 47 85113;
1553 3548 55 39 R.
1634 3548 59 39 H.
1720 3549 235 46 Barbour,
239 3550 1897 102 Northampton,
476 3606 144 37 Mass.
692 3602 248 48 (35-9852)

171 3693 305 64 Berdi͡aev,
505 3692 213 54 Nīkolaǐ
770 3691 523 64 Aleksandrovīch,
1327 3694 168 51 1874-

238 3770 121 52 The
382 3769 119 52 fate
523 3768 65 53 of
609 3786 131 34 man
768 3768 60 51 in
852 3768 94 52 the
968 3767 235 53 modern
1229 3766 198 56 world,
1453 3766 76 68 by
1556 3767 269 56 Nicholas
1852 3771 300 68 Berdyaev

231 3842 1921 71 … translated by Donald A. Lowrie. New York, Milwaukee,
169 3922 332 52 Morehouse
533 3920 333 68 publishing
898 3939 79 34 co.
1198 3952 12 33 [c1935]
