2424 4375
1265 4029 103 54 794

459 506 8 16 xv,
498 475 86 39 222
611 486 42 37 p.
709 474 114 41 20cm.

323 542 52 51 ©
403 547 113 46 May
545 546 68 46 15,
644 544 140 45 1935;
815 545 66 39 2c.
912 547 113 45 May
1055 545 80 45 17;
1171 543 78 39 aff.
1283 546 113 45 May
1428 544 80 45 16;
1542 545 39 36 A
1610 544 169 46 83154;
1813 544 201 39 Charles
2047 542 264 41 Scribner's

391 612 124 30 sons.
585 601 250 48 (35-7655)

323 705 279 59 Bertaux,
637 703 180 57 Félix.

392 780 49 51 A
482 797 306 50 panorama
831 779 62 52 of
934 779 248 55 German
1227 778 296 54 literature
1565 778 151 54 from
1762 778 132 54 1871
1936 784 58 48 to
2040 782 151 53 1931,
2233 778 71 69 by

322 856 161 53 Félix
535 859 278 64 Bertaux;
866 858 307 52 translated
1230 856 139 53 with
1419 855 448 70 bibliographies
1916 856 75 70 by
2044 856 155 54 John
2250 857 56 54 J.

318 935 358 53 Trounstine.
743 936 136 51 New
909 935 180 67 York,
1116 935 341 68 Whittlesey
1484 935 189 68 house,
1704 933 425 56 McGraw-Hill
2161 934 146 54 book

317 1030 297 51 company,
645 1014 105 51 inc.
830 1014 150 65 [c1935]

393 1085 59 42 vi.
480 1086 85 40 332
595 1096 41 38 p.
697 1086 47 38 21
756 1088 43 21 cm
805 1116 7 7 .

389 1142 162 41 “First
582 1141 225 42 edition.”

392 1198 444 48 “Bibliographies”
855 1210 8 28 :
896 1208 41 38 p.
986 1197 234 42 [283]-326.

326 1268 52 52 ©
406 1272 129 39 June
559 1271 67 48 10,
656 1271 112 40 1935
787 1281 9 35 ;
829 1271 66 39 2c.
923 1272 96 38 and
1047 1270 82 39 aff.
1158 1271 126 38 June
1313 1271 54 38 12
1386 1281 8 36 ;
1428 1270 39 39 A
1497 1270 168 47 84231;
1700 1271 349 40 McGraw-Hill
2079 1272 120 39 book
2229 1282 81 37 co.,

395 1328 90 41 inc.
555 1327 249 49 (35-8653)

326 1430 401 65 Bontempelli,
762 1430 298 65 Massimo,
1100 1432 167 53 1878-

455 1507 1732 69 … Galleria degli schiavi. Milano, A. Mondadori [1934]
394 1582 24 38 5
449 1593 41 37 p.
554 1613 8 15 l.,
593 1579 183 45 13-237,
809 1583 53 48 [1]
893 1593 55 36 p.,
979 1583 20 37 1
1032 1582 10 37 1
1122 1582 52 37 19½
1208 1583 42 20 cm
1256 1613 9 8 ·

397 1639 144 38 Short
572 1638 187 39 stories.

327 1691 1985 52 © Nov. 17, 1934; 1c. Mar. 29, 1935 ; A-Foreign 27502 ; Casa éditrice
396 1752 53 39 A.
482 1749 301 42 Mondadori.
853 1749 248 49 (35-8794)

329 1855 238 63 Booras,
598 1854 211 53 Harris
837 1854 172 53 John.

398 1932 261 53 Hellenic
706 1931 415 68 independence
1170 1934 111 51 and
1328 1930 309 54 America’s
1684 1931 384 54 contribution
2114 1938 55 48 to
2217 1933 93 53 the

332 2029 178 43 cause,
545 2011 74 66 by
655 2010 209 52 Harris
898 2012 55 52 J.
993 2012 232 63 Booras,
1334 2052 9 9 LL.
1419 2052 10 9 B.
1500 2010 275 67 Rutland,
1812 2011 114 66 Vt.,
1962 2011 120 53 The
2117 2012 191 52 Tuttle

328 2107 295 50 company.
652 2090 148 51 1934.

395 2164 26 38 4
448 2174 28 36 p
552 2194 8 13 l.,
588 2161 146 40 5-240
758 2172 42 36 p.
856 2160 125 41 illus.
1012 2160 131 48 (incl.
1171 2161 174 47 ports.)
1408 2160 54 39 21
1466 2162 44 21 cm
1515 2192 8 8 .

328 2217 52 52 ©
403 2221 109 38 Dec.
537 2218 69 47 24,
630 2217 138 47 1934;
794 2218 66 40 2c.
885 2218 96 39 and
1003 2217 79 40 aff.
1108 2218 126 39 June
1256 2219 39 45 1,
1320 2216 112 40 1935
1450 2227 9 37 ;
1486 2218 40 38 A
1548 2217 169 47 83428;
1741 2219 60 38 H.
1827 2219 41 39 J.
1895 2219 198 46 Booras,
2117 2220 192 39 Boston.

410 2276 249 48 (35-8635)

328 2378 263 65 Broome,
623 2378 206 53 Edwin
861 2377 320 63 Cornelius,
1216 2378 167 54 1874-

400 2455 258 55 Conduct
694 2457 111 52 and
841 2454 350 68 citizenship.
1267 2455 135 53 Rev.
1439 2456 84 52 ed.
1599 2458 90 64 By
1725 2456 204 52 Edwin
1970 2457 60 54 C.
2071 2459 236 51 Broome

329 2533 1954 147 … and Edwin W. Adams … New York, The Macmillan company, 1935.
402 2695 29 29 x
458 2694 57 37 p.,
542 2685 18 37 1
627 2715 8 17 l.,
659 2682 57 41 428
770 2692 42 38 p.
838 2683 107 40 incl.
972 2682 161 42 front.,
1160 2682 141 47 illus.,
1330 2683 175 47 diagrs.
1568 2682 54 40 19½
1654 2686 44 20 cm
1703 2714 9 9 .

402 2739 344 48 Bibliography
765 2750 9 28 :
809 2750 41 37 p.
879 2739 217 39 411-422.

329 2795 52 52 ©
409 2799 124 39 June
558 2798 68 47 18,
653 2796 139 47 1935;
820 2796 65 40 2c.
914 2797 95 39 and
1036 2795 79 40 aff.
1145 2796 128 39 June
1298 2794 81 48 19;
1408 2796 40 38 A
1474 2795 169 47 84342;
1673 2795 279 40 Macmillan
1978 2806 66 30 co.

411 2853 248 50 (35-8658)

329 2957 227 63 Brown,
586 2957 246 54 Barron.

395 3031 335 66 Comanche,
755 3031 97 52 the
874 3031 113 52 sole
1014 3030 262 54 survivor
1302 3030 64 53 of
1392 3031 77 52 all
1498 3030 97 53 the
1623 3029 181 54 forces
1834 3031 56 52 in
1925 3030 245 54 Custer’s
2200 3031 106 52 last

325 3110 184 60 stand,
540 3109 95 52 the
665 3107 173 54 battle
871 3107 62 54 of
960 3108 93 52 the
1083 3107 175 53 Little
1290 3107 115 69 Big
1434 3107 182 53 Horn.
1687 3109 91 67 By
1811 3109 221 51 Barron
2066 3109 237 62 Brown;

329 3185 317 53 illustrated
685 3185 148 52 from
872 3184 273 69 portraits
1181 3184 73 68 by
1290 3184 93 53 the
1422 3185 203 52 author
1663 3185 112 52 and
1813 3202 125 35 rare
1976 3185 94 53 old
324 3186 1958 144 photographs.

614 3260 1668 70 Kansas City, Mo., Burton publishing company [ c 1935]
394 3334 26 40 6
441 3344 40 38 p.
541 3366 8 17 l.,
578 3334 171 40 15-108
773 3344 40 37 p.
842 3334 105 42 incl.
970 3334 161 47 front.,
1158 3334 170 47 plates,
1354 3337 148 44 ports.
1562 3332 56 41 20½
1650 3336 44 21 cm
1699 3366 7 8 .

395 3390 283 41 Illustrated
711 3390 356 48 lining-papers.

330 3445 52 52 ©
411 3450 113 46 May
548 3448 68 46 20,
645 3448 111 40 1935
775 3459 9 36 ;
812 3449 63 39 2c.
906 3448 124 39 June
1056 3447 54 38 12
1128 3458 8 37 ;
1168 3447 81 40 aff.
1277 3448 125 39 June
1428 3448 54 38 11
1501 3458 8 36 ;
1538 3449 40 38 A
1606 3448 141 40 84194
1766 3458 9 37 ;
1807 3449 187 39 Burton
2022 3449 105 48 pub.
2159 3458 66 30 co.

408 3504 248 49 (35-8644)

327 3606 228 61 Brown,
583 3605 256 54 Thomas
865 3604 156 65 Kite,
1052 3612 169 48 1885-

324 3680 1973 222 The secretary’s desk book; a modern guide to correct English with approved forms for business, official, and social correspondence, by Thomas Kite Brown, jr. … W. J. Pelo, a. m.
323 3911 112 51 and
471 3910 189 54 Violet
701 3911 240 67 Bender,
979 3929 51 35 a.
1067 3930 49 33 b.
1192 3911 309 67 Including
1538 3912 120 50 The
1694 3910 262 54 Winston
1997 3909 302 69 simplified
