2526 4384
1280 4005 103 49 220

335 383 145 53 New
508 385 228 62 Jersey.
810 387 183 64 Laws,
1021 389 257 63 statutes,
1307 393 100 45 etc.

407 462 139 52 New
601 465 201 66 Jersey
857 467 214 49 statute
1124 464 226 52 service.
1442 466 281 65 January,
1781 468 150 63 1935,
1988 465 344 53 cumulative

340 540 313 67 pamphlet,
700 541 331 68 containing
1077 543 97 52 the
1217 542 194 67 public
1456 547 116 48 acts
1619 542 62 53 of
1726 543 96 52 the
1866 541 211 69 special
2121 543 210 52 session

343 620 134 50 1934
502 623 59 48 to
598 619 331 68 September
964 623 81 64 19,
1080 623 150 64 1934,
1262 621 231 67 regular
1524 620 210 53 session
1768 624 134 49 1934
1934 627 58 46 to
2025 622 308 53 December

338 697 1995 149 18, 1934, regular session 1935 to January 9, 1935, with annotations, cumulative table and index … Newark, Soney & Sage
335 852 1308 71 co.; St. Paul, West publishing co. [ c 1935]
402 940 58 41 85
488 951 42 37 p.
585 940 57 39 24
645 942 47 21 cm
694 972 8 8 .

337 1007 53 54 ©
421 1012 109 39 Jan.
562 1011 70 50 22,
664 1011 140 48 1935;
838 1011 68 40 2c.
939 1013 95 38 and
1066 1011 81 40 aff.
1181 1012 111 39 Feb.
1325 1011 82 48 28;
1442 1012 41 39 A
1514 1011 172 48 80749;
1726 1012 155 47 Soney
1913 1012 38 40 &
1983 1011 121 48 Sage
2136 1022 66 30 co.
2238 1013 96 39 and

403 1068 138 42 West
566 1069 109 48 pub.
705 1079 66 30 co.

335 1171 144 56 New
505 1174 288 52 universal
819 1172 536 68 self-pronouncing
1380 1172 323 67 dictionary
1729 1172 63 55 of
1817 1172 96 54 the
1940 1172 246 67 English
409 1177 1899 140 language

686 1247 1648 69 … based upon the foundation laid by Noah Webster,
409 1324 1924 72 edited and modernized by W. J. Pelo … with an appendix
411 1404 331 69 containing
779 1403 228 71 foreign
1046 1406 184 52 words
1271 1406 113 52 and
1422 1406 248 68 phrases,
1712 1403 292 56 Christian
2042 1422 193 36 names
2270 1404 65 55 of

410 1499 126 35 men
569 1482 113 52 and
717 1500 234 50 women,
987 1482 177 54 tables
1198 1481 64 57 of
1296 1482 240 68 weights
1572 1482 113 53 and
1719 1500 297 51 measures,
2052 1481 281 56 electrical

412 1561 168 67 units,
626 1558 437 70 abbreviations,
1107 1566 118 63 etc.,
1270 1567 101 47 etc.
1446 1558 423 71 Philadelphia,
1916 1558 416 57 International

408 1655 174 51 press,
611 1639 151 52 1934.

407 1723 83 39 xvi
520 1733 57 37 p.,
607 1726 24 37 1
698 1754 10 16 l.,
737 1721 115 41 1064
882 1733 43 37 p.
985 1722 87 41 col.
1101 1722 162 50 front.,
1295 1724 141 48 illus.,
1469 1725 169 48 plates.
1699 1724 56 41 19
1757 1727 44 21 cm
1807 1758 7 7 .

410 1792 71 41 On
510 1803 168 31 cover:
707 1794 258 40 Universal
991 1795 200 47 graphic
1220 1795 286 49 dictionary,
1538 1795 457 49 self-pronouncing.

336 1864 52 53 ©
418 1869 109 39 Dec.
559 1869 69 46 14,
660 1868 140 48 1934;
831 1867 66 42 2c.
930 1869 97 39 and
1058 1868 80 40 aff.
1171 1869 110 39 Feb.
1314 1869 68 47 18,
1414 1868 140 48 1935;
1588 1869 41 39 A
1659 1868 170 48 79710;
1864 1870 128 39 John
2026 1869 47 40 C.
2107 1869 223 39 Winston

401 1935 68 30 co.
533 1926 284 48 [Copyright
841 1926 41 40 is
912 1924 205 42 claimed
1142 1936 61 29 on
1230 1925 236 41 revisions
1496 1927 96 39 and
1620 1925 262 51 additions]

411 1982 251 48 (35-3229)

333 2086 145 52 New
506 2086 161 53 York
694 2085 165 55 adult
888 2086 309 54 education
1226 2086 242 56 council.

403 2160 54 53 A
485 2161 222 69 picture
734 2161 65 54 of
828 2162 162 52 adult
1020 2162 298 53 education
1347 2162 61 52 in
1437 2162 97 52 the
1562 2162 139 53 New
1734 2161 163 53 York
1925 2153 405 75 metropolitan

333 2256 147 50 area,
512 2258 60 35 as
605 2239 195 53 shown
831 2239 77 70 by
938 2259 31 34 a
1001 2240 172 69 study
1202 2239 65 54 of
1295 2240 97 53 the
1423 2239 120 54 files
1575 2239 63 53 of
1670 2239 97 53 the
1800 2239 139 53 New
1972 2238 164 53 York
2167 2236 162 54 adult

333 2317 299 54 education
667 2318 220 53 council
925 2337 59 35 as
1019 2318 65 53 of
1119 2318 168 68 June,
1329 2321 149 50 1934.
1553 2317 139 54 New
1732 2317 179 68 York,
1950 2318 70 53 N.
2060 2317 91 68 Y.,
2189 2316 138 54 New

336 2395 160 52 York
526 2396 162 53 adult
718 2396 300 53 education
1047 2395 219 54 council
1301 2428 13 35 [
1319 2402 18 21 c
1342 2398 135 50 1934
1480 2428 13 35 ]

402 2482 282 47 cover-title,
715 2481 57 41 32
803 2492 43 38 p.
906 2483 178 47 diagrs.
1142 2481 57 41 22½
1231 2484 46 22 cm
1280 2514 9 9 .

403 2551 123 42 Text
552 2564 61 28 on
637 2562 147 38 pages
812 2552 55 51 [2j
894 2554 96 39 and
1020 2552 112 51 [3-4]
1158 2553 54 40 of
1234 2561 155 33 cover.

406 2607 128 42 “The
562 2609 337 47 organization
927 2609 53 40 of
1006 2610 82 40 the
1118 2610 145 46 study
1290 2610 96 39 and
1415 2609 81 40 the
1522 2608 225 48 bringing
1773 2609 220 47 together
2021 2608 52 41 of
2101 2608 83 41 the
2212 2608 113 40 data

336 2674 124 31 were
482 2666 121 39 done
628 2666 59 46 by
711 2665 120 41 Miss
857 2666 137 41 Olive
1019 2666 104 40 Van
1148 2666 151 47 Horn,
1325 2675 55 32 or
1401 2664 205 48 directly
1632 2666 153 40 under
1809 2665 87 40 her
1920 2662 406 51 supervision.”—

334 2719 272 45 Foreword.

335 2789 53 52 ©
421 2793 117 40 Nov.
574 2795 68 46 13,
678 2793 140 46 1934;
855 2793 66 41 2c.
957 2795 111 38 Dec.
1103 2795 52 45 3;
1194 2792 82 41 aff.
1311 2794 117 39 Nov.
1463 2793 82 47 17;
1582 2794 40 38 A
1657 2792 169 48 79496;
1864 2792 242 42 Winifred
2140 2791 185 48 Fisher,

403 2851 117 39 New
551 2851 144 39 York.
765 2850 252 49 (35-3310)

334 2951 167 55 Ohio.
579 2954 205 54 Courts
817 2955 63 66 of
910 2954 250 67 appeals.

407 3030 1918 68 Reports of cases argued and determined … Reported by
337 3106 54 56 J.
425 3110 63 50 L.
519 3110 91 52 W.
642 3110 260 65 Henney,
935 3110 179 54 Court
1144 3108 64 53 of
1240 3109 231 66 appeals
1501 3114 283 61 reporter;
1820 3108 237 55 Clinton
2089 3106 234 68 Collins,

335 3185 77 53 H.
437 3187 62 51 L.
531 3186 262 67 Connett,
821 3185 268 54 assistant
1114 3192 297 62 reporters,
1475 3204 50 35 v.
1555 3186 82 56 47.
1702 3183 218 57 Official
1948 3186 84 55 ed.
333 3185 1965 145 Columbus,
480 3265 121 51 The
627 3265 65 51 F.
720 3266 55 53 J.
804 3265 154 51 Heer
982 3264 265 68 printing
1272 3284 97 47 co.,
1400 3268 148 52 1934.

401 3352 51 39 lx
480 3351 85 40 673
593 3361 43 37 p.
693 3349 55 39 22½
781 3352 43 21 cm
828 3381 8 8 .

333 3419 52 52 ©
409 3423 111 39 Dec.
545 3423 70 45 31,
639 3421 140 46 1934;
806 3421 67 40 2c.
899 3423 96 38 and
1021 3421 81 40 aff.
1128 3423 119 37 Mar.
1275 3420 39 48 6,
1340 3420 141 47 1935;
1509 3421 40 38 A
1575 3419 168 47 80809;
1774 3421 40 39 J.
1843 3421 50 39 L,
1921 3420 70 40 W.
2019 3420 202 46 Henney
2245 3420 79 38 for

405 3479 84 39 the
514 3480 131 38 state
671 3478 53 40 of
749 3477 137 48 Ohio,
914 3478 273 46 Columbus,
1217 3478 50 40 O.

337 3581 152 54 Ohio
520 3586 177 63 poets,
733 3599 72 36 an
841 3582 310 66 anthology
1185 3581 63 54 of
1284 3583 66 50 90
1385 3581 504 65 contemporaries;
1928 3578 283 54 foreword
2246 3577 73 68 by

409 3657 221 68 George
671 3657 277 69 Elliston;
990 3658 188 53 edited
1215 3659 77 66 by
1330 3658 96 52 the
1464 3660 173 50 house
1676 3657 63 51 of
1778 3658 201 65 Henry
2020 3655 299 55 Harrison,

408 3735 940 68 publisher. New York [ c 1934]
408 3821 87 43 288
521 3832 44 37 p.
623 3821 57 39 22½
711 3823 46 22 cm
759 3855 11 11 .

337 3882 52 53 ©
415 3886 102 40 Oct.
543 3888 40 45 1,
639 3884 111 48 1934;
779 3885 66 40 2c.
874 3886 119 38 Mar.
1023 3885 39 46 2,
1090 3883 139 48 1935;
1259 3883 81 41 aff.
1370 3885 120 38 Mar.
1518 3883 53 48 1;
1601 3883 40 39 A
1670 3882 168 47 80686;
1869 3882 168 47 Henry
2066 3879 253 48 Harrison,

401 3943 115 35 New
548 3943 144 35 York,
785 3942 202 36 (35-3343)
