2424 4375
1230 4064 99 49 630

313 421 194 56 North
548 430 237 49 eastern
824 426 200 69 digest.
1102 432 136 48 1934
1272 430 346 55 cumulative
1656 437 208 49 annual
1903 436 201 67 pocket
2140 442 159 63 parts

447 502 1719 76 … [for] v. 1-35 … St. Paul, West publishing co. [ c 1935 ]
381 575 55 39 35
470 586 41 28 v.
576 575 59 40 25
635 577 43 21 cm
684 607 8 8 .

385 646 155 40 These
568 646 273 48 pamphlets
873 657 82 32 are
986 651 48 36 to
1066 649 58 39 be
1151 648 137 41 fitted
1320 649 100 40 into
1453 650 83 41 the
1565 652 197 48 pockets
1793 656 51 37 at
1877 655 84 38 the
1987 654 122 40 back
2139 656 52 39 of
2221 656 80 40 the

316 702 212 40 volumes
554 703 51 39 of
631 704 81 39 the
738 706 74 37 set
838 706 45 37 to
913 703 156 42 which
1097 706 114 47 they
1238 706 182 47 belong.

314 768 53 52 ©
397 774 111 46 Apr.
538 772 67 48 12,
637 774 139 46 1935;
807 774 66 40 2c.
902 775 117 39 each
1052 776 96 39 and
1175 776 81 39 aff.
1289 778 114 46 May
1434 777 81 48 13;
1547 778 41 39 A
1617 778 170 47 81772;
1821 780 132 40 West
1983 780 106 49 pub.
2123 790 64 31 co.

313 891 331 66 O’Donnell,
676 893 283 57 Bernard.

377 967 123 53 The
538 967 165 54 trials
747 968 64 54 of
854 970 109 52 Mr.
1008 970 222 54 Justice
1272 974 217 67 Avory,
1532 973 76 69 by
1653 973 261 53 Bernard
1959 973 337 56 O’Donnell.

306 1043 257 70 London,
587 1045 148 53 Rich
760 1049 46 50 &
834 1046 227 68 Cowan,
1088 1049 102 52 ltd.
1384 1082 13 35 [1935]

376 1131 26 39 5
427 1142 41 38 p.
519 1164 23 17 l.,
566 1132 86 41 280
679 1143 43 37 p.
782 1134 160 45 front.,
972 1138 161 44 ports.,
1163 1134 214 41 facsims.
1437 1133 55 41 23½
1525 1139 44 20 cm
1574 1169 8 8 .

305 1201 1990 56 © 1c. Apr. 25, 1935; A ad int. 20172; pubd. Mar. 7; B. O’Donnell, London.
389 1261 250 50 (37-7197)

307 1363 1987 74 Oregon digest annotated. April, 1935, pamphlet … with table
377 1442 63 52 of
487 1447 237 49 statutes
775 1444 314 53 construed.
1178 1444 115 54 San
1343 1445 320 69 Francisco,
1713 1448 580 68 Bancroft-Whitney

375 1521 1258 71 company; St. Paul, West publishing co. [c1935]
375 1610 55 36 32
461 1620 42 36 p.
565 1609 54 38 24
624 1612 44 20 cm
673 1640 8 8 .

376 1666 72 39 On
472 1674 140 30 cover:
668 1665 112 40 1853
809 1668 50 37 to
884 1665 123 40 date.
1068 1664 329 41 Semi-annual
1425 1666 259 49 pamphlet.

307 1729 53 52 ©
386 1734 112 46 Apr.
527 1733 70 46 23,
625 1733 140 45 1935;
796 1732 66 40 2c.
890 1732 95 40 and
1013 1732 81 40 aff.
1125 1733 113 47 May
1266 1732 81 47 13;
1378 1733 40 38 A
1448 1731 169 49 81798;
1649 1733 134 41 West
1812 1734 107 47 pub.

1950 1744 65 30 co.
2046 1734 97 41 and
375 1733 1900 107 Bancroft-Whitney
779 1799 67 30 co.

303 1893 257 65 Parmly,
588 1893 181 55 Ruth.

374 1971 118 52 The
539 1970 401 68 geographical
986 1968 311 54 references
1343 1971 59 50 in
1447 1971 96 52 the
1589 1970 265 54 Chanson
1899 1972 70 51 de
2009 1971 185 56 Garin
2238 1974 49 51 le

304 2046 300 58 Loherain,
638 2048 73 61 by
745 2047 155 52 Ruth
935 2049 252 55 Parmly.
1258 2048 137 52 New
1430 2049 178 62 York,
1640 2049 300 55 Columbia
1971 2049 315 63 university

306 2127 191 66 [c1935]

370 2199 59 39 90
454 2209 40 37 p.
527 2199 107 39 incl.
665 2208 151 37 maps,
845 2197 180 49 geneal.
1057 2197 95 40 tab.
1213 2197 54 38 21
1271 2199 44 21 cm
1320 2229 7 7 .
1397 2197 355 49 (Publications
1782 2199 52 39 of
1864 2199 82 40 the
1976 2196 233 45 Institute
2237 2201 51 38 of

302 2256 186 40 French
517 2256 198 45 studies,
745 2255 116 47 inc.)

746 2310 252 50 Bibliography: p. 73-74.
301 2380 53 52 ©
386 2385 120 38 Mar.
539 2383 67 46 15,
637 2381 140 47 1935;
810 2381 66 40 2c.
909 2382 120 39 Mar.
1061 2380 80 46 20;
1175 2380 81 40 aff.
1291 2382 120 38 Mar.
1445 2380 56 39 19;
1561 2382 40 38 A
1633 2381 168 47 81084;
1838 2381 50 41 G.
1923 2383 48 38 L.
2005 2382 106 40 Van
2142 2383 143 39 Roos-

370 2439 187 48 broeck,
581 2440 117 39 New
723 2439 144 39 York.
937 2435 250 51 (35-6904)

300 2543 169 64 Peck,
495 2542 310 55 Winifred.

371 2622 118 50 The
522 2620 172 52 skirts
727 2620 62 51 of
821 2618 152 58 time,
1000 2620 75 66 by
1106 2618 292 56 Winifred
1430 2619 165 54 Peck.
1665 2620 255 67 London,
1953 2620 185 53 Faber
2170 2619 111 54 and

300 2698 199 65 Faber,
524 2697 221 52 limited
776 2701 170 63 [1935]

366 2769 517 50 2 p. l., 7-308 p. 19½cm.
298 2836 1979 57 © 1c. May 10, 1935; A ad int. 20204; pubd. Mar. 14; W. Peck, London.
377 2896 249 51 (35-7609)

296 3001 295 62 Perowne,
620 3000 210 63 Barry.

362 3075 205 52 Ladies
589 3076 61 50 in
672 3079 224 61 retreat,
917 3073 76 68 by
1017 3075 188 66 Barry
1227 3074 287 53 Perowne.
1573 3073 257 67 London,
1855 3074 250 52 Toronto
2240 3102 29 35 [etc.]

293 3149 212 55 Cassell
532 3152 112 52 and
673 3168 294 51 company,
993 3151 102 52 ltd.
1289 3183 12 33 [1935]

363 3222 512 49 4 p. l., 3-309 p. 19½cm.
295 3276 1960 114 © 1c. May 3, 1935; A ad int. 20191; pubd. Mar. 7; Philip Atkey, Gampamento,
565 3338 162 46 Cadiz,
754 3337 159 49 Spain.
985 3336 249 48 (35-7448)

294 3436 331 68 Pfleiderer,
653 3441 202 62 Ernst,
885 3443 170 51 1882-

366 3514 657 68 Dampfkesselschäden,
1053 3514 120 53 ihre
1203 3513 288 68 Ursachen,
1523 3515 323 66 Verhütung
1875 3513 114 52 und
2020 3518 252 60 nutzung

298 3592 98 52 für
422 3591 89 52 die
535 3589 588 69 Weiterentwicklung.
1197 3590 115 54 Ein
1338 3591 269 53 lehrbuch
1635 3590 97 53 für
1756 3590 89 53 die
296 3585 1951 139 dampfkessel-industrie
596 3668 117 51 und

737 3667 108 55 den
872 3666 636 70 dampfkessel-betrieb,
1537 3686 106 34 von
1670 3667 224 67 dr.-ing.
1916 3667 169 51 Ernst
299 3661 1943 153 Pfleiderer;

517 3744 104 54 mit
651 3748 100 48 244
780 3743 517 69 textabbildungen.
1373 3744 214 67 Berlin,
1617 3744 54 54 J.
1703 3743 293 70 Springer,
2028 3745 145 51 1934.

365 3815 81 45 vii,
479 3815 70 48 [1],
576 3815 98 46 259,
707 3816 54 48 [1]
791 3826 41 36 p.
893 3817 141 46 illus.,
1062 3816 175 46 diagrs.
1298 3815 54 39 23½cm.

368 3870 603 42 “Literaturverzeichnis”:
1028 3882 43 38 p.
1118 3870 231 50 [254]-259.

293 3938 1973 57 © Nov. 29, 1934; 1c. Feb. 19, 1935; A -Foreign 27003; Julius Springer.
370 4000 248 48 (35-7134)
