2424 4375
1207 4094 133 49 1006

363 541 1213 50 4 p. l. , [11]-253 p., 1 l. illus. (port.) 17½ cm .
369 598 229 41 Author’s
626 600 178 46 pseud.,
836 596 226 43 Frédéric
1091 597 226 48 Gundolf,
1346 601 53 38 at
1426 600 124 39 head
1579 599 53 41 of
1660 599 122 42 title.

300 667 1991 52 © Mar. 25, 1935; 1c. May 31; A-Foreign 27980; Société commerciale
364 726 230 41 d’édition
621 733 47 34 et
696 728 60 38 de
783 725 231 49 librairie,
1042 725 153 40 Paris.
1270 726 279 47 (35-11291)

299 830 150 64 Hall,
477 830 155 52 John
661 830 282 63 Leander,
977 830 170 54 1875-

371 907 257 67 Country
657 909 140 50 tales
827 906 92 53 for
948 908 117 65 city
1092 907 155 67 boys,
1276 907 73 67 by
1378 908 156 54 John
1562 910 64 50 L.
1657 910 157 52 Hall.
1880 909 289 67 Marietta,
2199 909 87 69 O.,

300 988 54 53 J.
382 988 63 50 L.
469 986 160 64 Hall,
655 992 17 21 c
678 988 148 50 1935.

363 1056 1201 50 1 p. l., 5-109 p. front. (port.) col. pl. 24 cm .
296 1125 52 52 ©
371 1129 116 47 July
510 1129 40 45 5,
574 1126 111 41 1935;
739 1127 66 40 2c.
833 1129 94 38 and
949 1127 82 41 aff.
1055 1128 115 47 July
1195 1128 51 46 6;
1275 1128 40 39 A
1340 1128 170 47 84552;
1539 1129 42 39 J.
1609 1129 50 39 L.
1685 1129 129 39 Hall.

374 1184 280 50 (35-10998)

299 1290 230 62 Hanna,
554 1288 133 53 Phil
711 1289 344 54 Townsend.

365 1364 325 56 California
728 1365 249 67 through
1018 1365 135 53 four
1191 1364 306 66 centuries;
1539 1386 30 33 a
1607 1366 305 53 handbook
1949 1365 63 54 of
295 1385 1967 111 memorable
451 1443 292 53 historical

778 1444 174 65 dates,
986 1444 76 66 by
1096 1443 136 52 Phil
1265 1444 317 54 Townsend
1617 1443 241 64 Hanna;
1895 1445 138 52 with
2069 1464 30 33 a
299 1443 1962 130 foreword
505 1521 75 66 by
632 1520 249 53 Herbert

932 1520 235 66 Eugene
1220 1520 211 53 Bolton;
1514 1519 291 67 drawings
1857 1520 74 66 by
1981 1521 301 66 Raymond

297 1595 1843 68 P. Winters. New York, Farrar & Rinehart, inc. [ c 1935]
363 1681 63 27 xv
454 1681 57 37 p.,
540 1671 26 36 2
628 1699 8 16 l.,
665 1668 144 41 3-212
836 1680 43 37 p.
939 1667 127 41 illus.
1127 1669 55 39 19½
1214 1670 43 21 cm
1263 1699 9 9 .

367 1725 344 49 Bibliography
739 1725 222 40 included
991 1725 47 38 in
1068 1725 81 40 the
1176 1724 209 48 preface.

294 1780 52 52 ©
379 1785 83 38 July
523 1783 70 46 22,
625 1781 140 47 1935;
798 1781 66 40 2c.
896 1782 114 47 July
1042 1780 81 48 24;
1157 1780 82 40 aff.
1269 1781 116 47 July
1413 1779 82 48 23;
1530 1782 39 37 A
1600 1781 169 46 85158;
1804 1781 47 39 P.
1885 1782 51 39 T.
1969 1782 191 47 Hanna,
2193 1782 91 40 Los

360 1841 218 47 Angeles.
649 1837 278 49 (35-10995)

295 1945 219 51 Hatom
543 1942 342 64 Africanus,
912 1942 193 66 pseud.

361 2021 504 66 Kapitalbildung,
896 2020 234 52 Ursache
1164 2020 100 51 der
1296 2018 311 67 Weltkrise;
1643 2020 91 50 ein
292 2019 1964 132 gemeinverständlicher
528 2098 279 66 logischer

867 2097 1412 67 gedankengang … von Hatom Africanus.
287 2177 185 64 Wien,
500 2177 215 65 Verlag
742 2173 455 67 “Widerstand”,
1225 2175 171 52 Bund
1425 2173 98 54 für
1552 2175 326 53 Wirtschaft
1903 2175 117 51 und
2048 2175 232 68 aufbau,

297 2258 147 49 1934.

361 2325 330 49 89 p. 22 ½ cm .
290 2379 1990 53 © Apr. 15, 1934; 1c. July 6; A -Foreign 25119; Verlag “Widerstand”,
356 2441 142 38 Bund
522 2439 81 39 für
633 2438 279 40 Wirtschaft
940 2438 97 39 und
1067 2437 198 39 anfbau.

293 2541 242 64 Hewitt,
565 2541 218 53 Nelson
815 2540 215 56 Eimer.

361 2619 149 51 How
550 2618 168 52 “red”
758 2619 48 51 is
845 2618 94 52 the
980 2616 337 68 University
1357 2617 62 51 of
1463 2616 284 69 Chicago?
1826 2620 90 65 By
1957 2619 207 52 Nelson
2208 2620 66 51 E.

290 2696 236 52 Hewitt.
602 2695 269 67 Chicago,
902 2695 112 66 Ill.,
1048 2694 290 67 Advisory
1371 2695 314 66 associates,
1720 2699 147 49 1935.

359 2769 83 40 102
469 2779 42 38 p.
565 2767 56 41 20½
653 2770 44 21 cm
701 2798 9 9 .

361 2826 68 39 “A
452 2823 333 50 presentation
807 2824 54 39 of
879 2824 107 40 fact
1008 2822 287 49 concerning
1316 2822 280 41 subversive

1621 2823 242 40 activities
1889 2834 60 29 on
1975 2825 81 40 the
2079 2833 198 39 campus

289 2882 53 41 of
366 2884 93 38 and
486 2891 174 37 among
688 2880 82 41 the
795 2881 222 39 students
1049 2881 93 38 and
1171 2879 190 49 faculty
1387 2880 51 39 of
1465 2882 81 38 the
1575 2879 281 49 University
1883 2880 53 40 of
290 2879 1987 108 Chicago.”—p.
355 2940 40 40 3.

288 2993 52 51 ©
373 2997 113 46 May
516 2995 68 46 18,
616 2993 140 47 1935;
789 2993 67 39 2c.
889 2994 96 39 and
1015 2992 82 40 aff.
1132 2993 115 47 July
1277 2994 52 45 1;
1367 2994 43 37 A
1440 2992 169 47 84492;
1645 2994 56 38 N.
1735 2994 51 38 E.
1821 2992 198 47 Hewitt,
2051 2991 223 49 Chicago.

367 3051 277 49 (35-11152)

294 3153 285 63 Hinkson,
606 3151 256 56 Pamela.

358 3228 119 53 The
515 3230 204 67 deeply
753 3228 212 68 rooted,
999 3229 75 66 by
1110 3228 231 53 Pamela
1379 3228 282 53 Hinkson.
1736 3229 256 64 London,
2028 3229 68 54 V.
293 3228 1951 134 Gollancz,
495 3307 121 60 ltd.,
650 3310 148 51 1935.

357 3379 86 40 286
472 3389 42 37 p.
574 3378 56 40 19
632 3381 44 21 cm
681 3409 9 10 .

286 3432 1985 52 © 1c. July 10, 1935; A ad int. 20387; pubd. May 13; P. Hinkson, Leixlip,
354 3493 78 39 Co.
461 3491 215 47 Kildare,
705 3492 206 38 Ireland.
981 3490 278 48 (35-11480)

289 3590 325 65 Hirshfeld,
648 3591 273 54 Clarence
954 3592 200 63 Floyd.

352 3667 1913 68 Heat-power engineering, by William N. Barnard … Frank
286 3743 1976 69 O. Ellen wood … [and] Clarence F. Hirshfeld … part 2.
288 3819 554 68 Steam-generating
870 3827 309 60 apparatus
1210 3823 110 50 and
1350 3824 180 64 prime
1557 3839 236 39 movers,
1822 3823 164 63 fuels,
285 3822 1953 130 combustion.
457 3897 111 51 and

602 3898 132 50 heat
765 3897 406 53 transmission.
1241 3898 183 52 Third
1458 3897 215 53 edition
1706 3898 62 51 of
1802 3899 195 53 second
2036 3903 132 61 part
2200 3897 62 52 of

277 3973 307 52 Hirshfeld
617 3974 110 51 and
757 3974 307 52 Barnard’s
1096 3975 287 53 Elements
1413 3975 62 53 of
1504 3976 347 66 heat-power
1880 3976 381 66 engineering,
