2568 4342
1329 4072 65 51 38

439 539 117 40 This
579 541 247 46 pamphlet
850 540 45 39 is
916 542 48 37 to
989 539 56 39 be
1069 538 138 41 fitted
1231 538 102 39 into
1358 539 82 38 the
1463 538 175 47 pocket
1659 540 51 38 at
1736 538 83 40 the
1843 538 121 40 back
1989 538 50 40 of
2063 539 81 39 the
2170 538 190 41 volume

367 597 52 38 of
445 597 83 39 the
552 599 73 37 set
651 597 48 39 to
725 595 157 40 which
909 596 42 39 it
976 596 208 46 belongs.

370 649 51 51 ©
455 654 109 39 Dec.
597 653 69 40 29.
700 651 114 41 1934;
871 651 66 41 2c.
972 652 108 39 Jan.
1114 652 40 46 2,
1187 650 113 41 1935;
1362 650 82 40 aff.
1478 651 110 39 Dec.
1622 650 70 48 31,
1725 649 115 42 1934;
1902 651 43 39 A
1976 649 143 42 77945;
440 651 1919 98 Bobbs-Merrill
656 720 64 30 co.

370 813 83 51 De
478 813 55 52 la
558 812 212 64 Roche,
796 812 185 64 Mazo,
1011 815 169 51 1885-

439 889 202 52 Beside
670 907 31 33 a
730 887 255 53 Norman
1012 893 192 61 tower,
1232 888 73 67 by
1335 886 167 53 Mazo
1531 888 89 51 De
1646 888 55 51 la
1731 886 217 67 Roche;
1979 885 381 56 illustrations

369 967 75 67 by
475 966 70 54 A.
576 966 75 52 H.
683 966 254 54 Watson.
1012 965 257 67 London,
1299 963 334 53 Macmillan
1666 965 113 53 and
1809 983 98 49 co.,
1937 963 242 69 limited,
2211 966 149 51 1934.

441 1040 63 47 ix,
531 1040 99 46 229,
659 1040 54 50 [1]
743 1050 42 38 p.
813 1039 109 41 incl.
947 1039 163 42 front.,
1138 1038 127 40 illus.
1327 1036 115 42 19cm.

373 1093 52 52 ©
450 1098 17 38 3
479 1108 36 29 c.
542 1098 107 39 Jan.
677 1097 67 47 12,
770 1096 140 47 1935;
937 1097 40 38 A
1003 1097 60 39 ad
1089 1096 85 39 int.
1202 1094 169 47 19866;
1400 1096 141 47 pubd.
1566 1096 118 39 Nov.
1711 1094 70 48 20,
1808 1095 141 47 1934;
1978 1095 163 49 Little,
2169 1096 191 48 Brown,

439 1156 94 37 and
564 1164 247 37 company,
843 1154 194 39 Boston.
1109 1152 250 49 (35-1922)

369 1252 210 65 Digest
610 1256 63 53 of
702 1257 96 51 the
825 1256 217 54 United
1074 1254 186 55 States
1295 1255 273 67 Supreme
1599 1259 161 48 court
1789 1256 261 66 Reports.

440 1254 1921 147 Supplements … of vols. 1-9 … for use during 1935 only. Rochester,
439 1410 69 53 N.
541 1414 89 64 Y.,
660 1411 122 53 The
808 1414 266 64 Lawyers
1106 1411 385 67 co-operative
1517 1410 335 68 publishing
1882 1428 299 51 company,
2211 1414 151 51 1934.

440 1483 28 40 9
492 1496 40 28 v.
588 1483 114 40 24cm.

442 1542 153 38 These
626 1541 272 47 pamphlets
926 1551 84 29 are
1040 1543 52 37 to
1120 1541 55 38 be
1204 1539 139 41 fitted
1374 1540 102 40 into
1507 1542 81 37 the
1619 1541 197 47 pockets
1849 1542 50 38 at
1931 1541 82 41 the
2044 1540 122 40 back
2196 1540 54 40 of
2282 1540 81 41 the

441 1598 214 39 volumes
683 1598 50 39 of
760 1599 80 38 the
866 1600 75 37 set
964 1600 48 37 to
1039 1596 159 41 which
1224 1597 115 46 they
1364 1597 184 47 belong.

374 1650 51 51 ©
458 1656 109 38 Dec.
599 1654 68 47 21,
699 1652 139 48 1934;
873 1654 64 39 2c.
971 1654 117 39 each
1121 1655 95 38 and
1249 1653 81 40 aff.
1363 1654 108 39 Jan.
1535 1684 9 17 2,
1577 1651 140 50 1935;
1752 1654 40 38 A
1822 1652 171 48 77949;
2030 1654 234 48 Lawyers
442 1664 1903 94 cooperative
713 1712 107 46 pub.
851 1720 64 30 co.

369 1813 217 64 Dilnot,
618 1813 243 64 George.

441 1887 242 69 Rogues’
710 1888 212 67 march,
946 1888 75 69 by
1048 1887 224 70 George
1297 1888 219 53 Dilnot.
1581 1888 260 68 London,
1870 1887 70 55 G.
1970 1889 152 66 Bles,
2151 1890 150 51 1934.

437 1959 88 42 240
551 1971 42 37 p.
653 1961 115 39 22cm.

375 2015 1988 52 © 1c. Jan. 19, 1935; A ad int. 19891; pubd. Nov. 21, 1934; G. Dilnot,
441 2076 207 39 London.
721 2074 247 49 (35-1901)

373 2177 119 52 The
521 2177 260 53 diseases
811 2178 62 51 of
902 2178 258 53 children;
1219 2197 31 34 a
1280 2178 157 53 work
1466 2179 95 51 for
1588 2179 95 52 the
1714 2179 319 66 practicing
2062 2178 294 68 physician

466 2253 1896 68 [edited by] Dr. M. Pfaundler … [and] Dr. A. Schlossmann
503 2329 1859 71 … written by 61 eminent pediatric authorities; English
440 2408 1858 69 translation, American editor-in-chief, M. G. Peterman …
442 2486 1895 130 with the cooperation of 21 American pediatrists … Illustrated
661 2564 75 67 by
766 2563 66 54 76
866 2564 284 69 full-page
1181 2565 182 68 plates
1394 2566 62 52 in
1487 2566 180 52 colors
1701 2565 113 52 and
1843 2563 167 54 black
2042 2566 114 52 and
2189 2563 173 55 white

442 2641 138 52 with
623 2645 148 62 1,129
811 2644 161 51 other
1008 2643 380 54 illustrations
1427 2643 60 52 in
1524 2644 95 51 the
1657 2644 138 65 text,
1833 2640 64 54 of
1933 2640 186 55 which
2159 2642 66 54 79
2265 2661 96 35 are

441 2718 1920 70 in color … Philadelphia, London [etc.] J. B. Lippincott
441 2814 279 49 company
754 2800 190 64 [c1935]

443 2869 28 40 5
510 2880 43 30 v.
612 2869 126 42 illus.
768 2870 134 49 (part
943 2871 113 49 col.)
1105 2872 157 48 plates
1290 2872 134 48 (part
1466 2871 113 48 col.)
1628 2872 154 40 tables
1811 2869 138 50 (part
1986 2869 145 50 fold.)
2180 2869 180 49 diagrs.

372 2926 146 40 28½cm.

441 2982 312 39 Translation
784 2983 50 41 of
863 2984 272 40 Handbuch
1165 2985 83 39 der
1278 2983 448 48 kinderheilkunde,
1755 2984 40 40 4.
1826 2982 127 48 aufl.,
1982 2982 130 42 1931.

375 3034 51 51 ©
456 3038 107 39 Jan.
589 3038 40 47 2,
658 3037 138 48 1935;
827 3040 65 39 2c.
922 3041 117 39 each
1067 3041 95 39 and
1192 3039 81 41 aff.
1305 3041 107 39 Jan.
1443 3041 81 46 11;
1556 3041 43 38 A
1626 3040 168 47 78976;
1828 3041 43 39 J.
1901 3041 52 38 B.
1985 3040 280 49 Lippincott
2291 3051 66 30 co.

452 3093 218 50 (35-968)

371 3196 235 65 Dooley,
635 3197 263 53 Bernard
927 3199 63 54 F.
1017 3199 53 54 J.

442 3273 118 53 The
592 3273 109 52 lair
731 3275 63 52 of
825 3275 95 52 the
951 3278 223 65 wolves,
1203 3276 75 68 by
1311 3278 261 52 Bernard
1604 3279 65 51 F.
1702 3280 55 53 J.
1790 3277 234 68 Dooley.
370 3277 1961 139 Milwaukee,

511 3351 120 53 The
659 3353 182 51 Bruce
869 3351 333 70 publishing
1228 3371 279 51 company
1555 3356 177 65 [c1934]

439 3421 717 49 3 p. l ,276 p. front. 20cm.
374 3475 51 51 ©
451 3481 109 37 Dec.
587 3481 37 44 7,
650 3479 113 40 1934;
817 3479 64 40 2c.
909 3481 109 39 Dec.
1046 3482 80 45 17;
1155 3481 81 40 aff.
1265 3483 107 39 Jan.
1400 3481 68 48 19,
1494 3482 140 48 1935;
1663 3484 40 38 A
1729 3482 169 47 79294;
1925 3483 52 38 B.
2008 3482 51 39 F.
2087 3482 41 39 J.
2158 3481 195 48 Dooley,

440 3536 137 39 Otter
607 3536 142 46 Lake,
780 3537 52 37 N.
864 3537 51 37 Y.
988 3537 247 48 (35-1088)

370 3636 309 65 Douglass,
707 3636 226 65 Albert,
963 3643 171 49 1864-

443 3713 297 67 Footlight
786 3714 339 68 reflections;
1175 3718 95 50 the
1314 3717 254 68 musings
1612 3718 64 52 of
1719 3735 103 34 one
1866 3718 126 52 who
2039 3718 103 50 has
2187 3719 163 63 spent

371 3790 1918 72 sixty years in the theatrical profession, by Albert Douglass …
370 3866 254 67 London,
654 3867 56 55 S.
738 3868 238 67 French,
1004 3868 131 68 ltd.;
1166 3871 137 51 New
1330 3870 179 67 York,
1539 3870 55 56 S.
1623 3872 241 66 French,
1891 3870 136 66 inc.;
2080 3875 118 61 [etc.,
2226 3874 119 61 etc.]

370 3948 170 50 c1934.

441 4015 84 40 145
555 4027 43 37 p.
657 4015 127 41 illus.
812 4015 197 48 (ports.)
1076 4017 145 44 18½cm.
