2424 4375
1044 4087 98 51 539

107 613 85 69 ity
218 613 64 54 of
308 613 154 69 Pope
492 614 274 55 Benedict
793 634 89 49 xv,
911 615 206 68 edited,
1145 614 139 54 with
1317 613 376 69 annotations,
1723 613 75 70 by
1827 614 95 53 the
1952 613 135 53 Rev.

104 689 1982 71 Bartholomew Eustace … New York, J. F. Wagner, inc.
109 770 193 66 [c1935]

175 839 49 40 iv
250 850 57 38 p.,
335 840 29 39 2
421 871 9 17 l.,
457 839 145 42 3-106
627 853 43 36 p.
729 841 116 41 21cm.

102 895 52 53 ©
182 899 109 40 Feb.
317 899 69 43 28,
414 900 112 40 1935;
582 900 67 40 2c.
677 902 120 38 Mar.
826 901 80 46 13;
937 900 82 41 aff.
1046 902 121 39 Mar.
1195 900 83 48 12;
1309 901 41 39 A
1378 900 169 48 79994;
1578 901 181 48 Joseph
1786 900 50 41 F.
1866 902 223 47 Wagner,

171 954 89 43 inc.
331 956 249 49 (35-6331)

102 1028 341 67 Chambers,
475 1032 221 54 Robert
729 1031 270 62 William,
1036 1038 323 51 1865-1933.
1379 1031 14 39 ;

173 1108 152 51 Love
368 1108 111 53 and
523 1108 95 52 the
659 1108 328 68 lieutenant,
1032 1108 73 68 by
1146 1107 215 54 Robert
1402 1108 87 53 W.
1536 1107 323 56 Chambers.
1950 1108 135 53 New

106 1183 178 68 York,
325 1184 256 69 London,
623 1185 70 53 D.
736 1184 575 70 Appleton-Century
1353 1204 278 51 company
1672 1184 417 71 incorporated,

104 1263 150 50 1935.

171 1334 87 41 viii
287 1346 57 37 p.,
374 1337 25 38 1
461 1366 9 16 l.,
497 1336 89 40 402
608 1348 43 37 p.
709 1335 119 43 20cm.

101 1387 53 52 ©
178 1393 115 46 May
315 1393 40 45 3,
380 1391 117 42 1935;
547 1392 68 40 2c.
643 1394 95 38 and
764 1392 82 41 aff.
872 1393 114 48 May
1010 1392 53 47 6;
1090 1393 41 39 A
1158 1392 169 48 82893;
1357 1392 132 41 Elsie
1513 1395 62 38 M.
1603 1393 278 47 Chambers,
171 1392 1918 102 Broad-albin,

341 1449 56 39 N.
423 1450 51 38 Y.
547 1448 249 49 (35-6348)

101 1522 300 67 Charters,
430 1526 260 53 Werrett
718 1524 270 56 Wallace.

171 1600 216 52 Health
425 1603 112 50 and
573 1603 224 65 growth
833 1602 182 52 series.
1111 1621 50 33 [v.
1200 1605 48 63 3,
1283 1605 50 63 4]
1374 1602 266 67 Keeping
1673 1603 250 66 healthy.
1997 1604 90 64 By

100 1676 1986 71 W. W. Charters … Dean F. Smiley … [and] Ruth M. Strang
161 1756 1925 68 … Illustrated with drawings by Corinne Pauli Waterall and
100 1833 391 69 photographs
522 1834 74 67 by
627 1834 172 54 Doris
830 1837 145 65 Day.
1044 1835 137 53 New
1214 1835 178 67 York,
1424 1836 122 53 The
1574 1835 335 53 Macmillan
99 1854 1961 126 company,
298 1916 150 50 1935.

168 1985 61 48 vi,
256 1986 84 40 363
367 1996 43 37 p.
465 1986 127 40 illus.
622 1985 135 49 (part
782 1986 112 48 col.)
930 1985 179 49 diagrs.
1162 1985 148 41 19½cm.

171 2043 113 39 Two
310 2044 136 46 parts
474 2043 47 39 in
549 2042 25 40 1
602 2053 70 35 v.;
702 2043 153 47 paged
880 2041 354 49 continuously.

100 2095 52 53 ©
176 2100 109 40 Jan.
309 2100 69 46 15,
403 2098 115 42 1935;
568 2099 68 40 2c.
660 2100 97 39 and
781 2099 80 40 aff.
887 2100 110 39 Jan.
1022 2099 82 46 16;
1133 2099 43 39 A
1199 2097 170 48 79189;
1399 2098 281 41 Macmillan
1706 2110 68 29 co.

101 2171 191 66 Clark,
324 2175 252 53 Edward
606 2174 277 65 Maurice,
916 2180 170 50 1891-

164 2251 121 51 The
307 2251 159 52 other
486 2250 130 52 half
637 2250 63 53 of
722 2251 193 68 Japan
951 2250 59 68 (a
1031 2251 158 52 rural
1211 2249 378 69 perspective)
1623 2250 78 69 by
1722 2251 253 52 Edward
2001 2252 79 51 M.

98 2327 1843 70 Clark … Harrisburg, Pa., The Evangelical press [ c 1934]
166 2401 89 41 220
278 2413 43 38 p.
379 2402 116 40 20cm.

170 2457 374 51 Bibliography:
574 2470 43 37 p.
643 2458 216 41 219-220.

103 2511 52 53 ©
191 2516 113 48 Apr.
341 2516 70 46 25,
449 2515 140 47 1935;
627 2516 66 40 2c.
731 2516 96 40 and
863 2514 81 42 aff.
982 2515 113 48 Apr.
1133 2515 82 47 18;
1255 2516 41 38 A
1334 2515 170 47 81461;
1545 2517 53 38 E.
1636 2517 61 37 M.
1738 2516 161 45 Clark,
1941 2517 147 46 Kobe,

170 2573 173 47 Japan.
414 2573 249 48 (35-6287)

101 2645 249 67 Coburn,
382 2648 176 64 Walt,
595 2653 168 50 1889-

171 2724 135 51 Law
334 2721 150 54 rides
511 2723 96 52 the
633 2740 190 50 range,
853 2723 73 67 by
952 2722 160 54 Walt
1140 2722 242 53 Coburn.
1457 2721 135 52 New
1624 2720 177 69 York,
1832 2721 253 68 London,

103 2800 69 51 D.
201 2798 572 64 Appleton-Century
800 2817 292 45 company,
1120 2798 415 64 incorporated,
1567 2800 148 50 1935.

171 2873 46 39 vi
242 2885 29 37 p.
327 2875 21 38 1
411 2904 9 17 l.,
447 2874 85 39 265
560 2885 43 37 p.
663 2873 144 41 19½cm.

173 2929 144 40 “This
341 2929 122 40 book
487 2939 101 30 was
612 2928 256 48 published
892 2927 197 49 serially
1116 2930 152 39 under
1296 2929 81 40 the
1403 2927 135 42 title;
1570 2928 214 40 ‘Marked
1813 2926 164 41 men’.”

103 2980 52 53 ©
191 2986 113 46 May
339 2986 41 46 3,
417 2984 140 47 1935;
597 2985 67 40 2c.
703 2984 95 40 and
834 2983 80 41 aff.
954 2985 114 47 May
1105 2984 53 47 6;
1196 2984 41 39 A
1274 2983 169 47 82892;
1484 2985 70 39 W.
1592 2983 205 47 Coburn,
1836 2984 89 38 Del
1964 2984 120 45 Mar,

170 3042 143 40 Calif.
384 3040 248 50 (35-6349)

103 3115 254 54 Colonial
387 3116 459 64 Williamsburg,
878 3117 111 54 inc.

169 3193 55 51 A
256 3192 171 68 guide
458 3192 146 52 book
637 3191 93 54 for
762 3191 450 69 Williamsburg,
1245 3190 285 71 Virginia.
1611 3189 467 68 [Williamsburg]

104 3268 258 55 Colonial
391 3268 452 70 Williamsburg,
872 3270 106 54 inc.
1016 3303 12 33 [
1033 3276 18 21 c
1057 3272 149 64 1935]

171 3343 57 40 47
263 3354 43 37 p.
365 3343 128 40 illus.
521 3342 159 49 (map)
748 3343 143 40 19½cm.

174 3398 70 41 On
276 3408 166 31 cover;
475 3399 73 39 An
581 3398 171 41 official
784 3398 295 49 publication
1111 3398 50 41 of
1193 3397 218 42 Colonial
1442 3396 378 44 Williamsburg,
1853 3394 87 41 inc.

105 3449 51 53 ©
181 3455 113 48 Apr.
323 3455 69 47 20,
421 3455 117 40 1935;
590 3455 66 41 2c.
685 3456 112 47 Apr.
826 3456 82 46 27;
939 3453 83 42 aff.
1049 3455 112 48 Apr.
1192 3454 83 47 25;
1307 3455 43 38 A
1376 3454 169 46 81613;
1578 3452 218 42 Colonial
169 3451 1903 108 Williamsburg,
330 3513 90 39 inc.
491 3511 249 49 (35-6368)

105 3570 294 67 Doerffler,
430 3573 229 65 Alfred,
687 3574 72 65 jr.

166 3644 1917 73 The yoke made easy, by Alfred Doerffler … St. Louis, Mo.,
101 3720 313 57 Concordia
442 3724 335 70 publishing
803 3726 188 67 house,
1024 3729 149 48 1935.

174 3797 61 47 vi,
259 3798 84 40 119
369 3810 44 36 p.
469 3799 144 39 19½cm.

174 3852 343 42 “Meditations
542 3854 97 40 and
663 3863 203 39 prayers
889 3854 82 40 for
994 3854 82 40 the
1102 3852 118 48 sick,
1246 3852 375 46 convalescents,
1648 3852 96 39 and
105 3848 1982 105 invalids.”—p.
173 3907 50 41 ii.

107 3959 51 52 ©
187 3965 110 40 Feb.
326 3965 69 47 22,
427 3967 140 44 1935;
601 3966 65 40 2c.
699 3967 94 39 and
825 3966 81 42 aff.
939 3967 122 40 Mar.
1093 3966 81 45 16;
1207 3966 41 39 A
1280 3964 169 48 81027;
1483 3963 269 43 Concordia
1781 3963 109 49 pub.
1922 3963 161 39 house.

184 4020 246 50 (35-6285)
