2424 4375
1021 4073 131 53 1763

107 447 274 64 Bennett,
410 446 240 65 Arnold,
683 449 322 52 1867-1931.

178 523 224 52 Arnold
455 522 292 54 Bennett’s
798 523 192 52 letters
1042 527 57 47 to
1149 520 89 55 his
1288 521 255 66 nephew,
1594 519 141 54 with
1786 539 32 33 a
1868 520 230 68 preface

109 600 73 67 by
229 599 198 53 Frank
473 597 376 56 Swinnerton.
926 599 137 52 New
1112 598 162 53 York
1322 599 111 52 and
1474 598 258 66 London,
1777 598 233 67 Harper
2054 600 45 49 &

108 677 274 66 brothers,
412 679 148 50 1935.

177 749 99 48 xxi,
306 749 100 49 352,
487 769 10 30 [1]
533 761 42 37 p.
635 749 56 39 22½
724 751 43 22 cm

179 805 162 41 “First
372 805 227 42 edition.”

108 858 1807 52 © Nov. 15, 1935; 2c. Nov. 15; aff. Dec. 6; A 89448; Harper & bros.
187 918 278 47 (35-36750)

106 996 182 56 Bible.
360 1002 71 50 N.
471 1000 61 51 T.
609 999 251 65 Gospels.
933 997 262 66 English.
1267 997 361 55 Harmonies.
1700 1002 153 51 1935.

175 1073 1922 70 Jesus as teacher, by Henry Burton Sharman … New York
106 1154 1018 67 and London, Harper & brothers [c1935]
177 1226 646 48 4 p. l., 3-168 p., 2 l. 24½cm.
179 1282 161 41 “First
368 1283 226 40 edition.”

107 1336 1993 52 © Dec. 2, 1935; 2c. Nov. 30: aff. Dec. 4: A 88498; H. B. Sharman, Pebble
176 1397 172 47 Beach,
413 1397 103 39 Calif.
589 1396 279 48 (35-34895)

107 1485 351 66 Blackburn,
487 1486 254 54 William
769 1486 218 64 James,
1014 1487 74 65 jr.

177 1562 120 53 The
333 1562 462 54 administration
831 1561 62 55 of
929 1561 261 54 criminal
1225 1561 202 68 justice
1460 1560 59 53 in
1554 1559 280 54 Franklin
1872 1564 226 63 county,

109 1637 1989 70 Ohio [by] William J. Blackburn, jr. … Baltimore, The Johns
108 1715 266 70 Hopkins
404 1735 173 50 press,
611 1720 150 50 1935.

176 1801 80 36 xx,
287 1789 85 41 274
402 1801 44 37 p.
506 1789 179 49 diagrs.
743 1789 57 41 23½
833 1792 43 22 cm
881 1821 10 10 .

178 1845 250 42 Half-title:
496 1845 154 49 Study
685 1847 51 40 of
770 1846 205 48 judicial
1009 1845 399 42 administration
1443 1846 50 39 in
1529 1843 136 43 Ohio.
1728 1846 101 40 The
1863 1845 234 43 Institute

108 1903 50 40 of
183 1904 96 39 law
308 1903 50 41 of
384 1904 82 40 the
494 1902 154 42 Johns
676 1903 221 49 Hopkins
924 1901 286 50 university.

178 1958 146 42 “This
351 1961 162 47 report
538 1960 43 40 is
604 1963 112 45 part
742 1960 50 40 of
817 1961 81 40 the
921 1960 198 48 general
1144 1960 145 47 study
1315 1959 51 41 of
1390 1959 207 47 judicial
1622 1958 399 43 administration
2046 1960 49 40 in

107 2014 123 42 Ohio
254 2017 265 40 conducted
545 2017 61 47 by
633 2018 80 39 the
741 2016 232 40 Institute
1001 2016 50 40 of
1076 2016 95 40 law
1198 2016 51 40 of
1274 2017 82 41 the
1380 2014 154 43 Johns
1560 2016 223 49 Hopkins
1808 2016 286 49 university,

108 2073 219 49 working
363 2073 50 40 in
451 2072 312 48 conjunction
800 2073 119 40 with
956 2074 84 40 the
1079 2072 122 41 Ohio
1238 2071 216 43 Judicial
1492 2074 188 40 council
1719 2075 98 39 and
1854 2076 82 39 the
1974 2073 123 42 Ohio

107 2131 128 40 state
267 2130 88 40 bar
387 2128 641 42 association.”—Editorial
1062 2129 257 42 foreword.

178 2185 374 50 Bibliography:
585 2197 44 38 p.
659 2184 214 42 269-274.

106 2239 1825 54 © Dec. 2, 1935; 2c. and aff. Dec. 7; A 89754; Johns Hopkins press.
185 2300 278 48 (35-35698)

106 2387 209 65 Booth,
345 2390 145 63 Roy.

237 2462 1262 71 … Tiger Lil. New York, Godwin [c1935]
174 2533 87 42 268
284 2547 44 37 p.
387 2533 58 42 19½cm.

105 2590 1991 54 © Dec. 6, 1935; 2c. Dec. 14; aff. Dec. 13; A 88651; Godwin, publishers.
185 2649 279 48 (35-35375)

107 2735 248 67 Borden,
385 2741 137 51 Mrs.
553 2736 218 55 Lucille
803 2739 245 63 (Papin)
1089 2740 170 52 1873-

174 2815 195 55 White
394 2815 319 68 hawthorn,
736 2815 75 68 by
837 2814 217 53 Lucille
1079 2814 190 69 Papin
1297 2815 244 53 Borden.
1603 2815 140 54 New
1769 2815 180 68 York,
1974 2817 120 52 The

107 2892 332 53 Macmillan
471 2910 297 50 company,
804 2895 151 50 1935.

177 2964 666 50 xii p., 1 l., 395 p. 20½ cm .
105 3018 1719 52 © Dec. 10, 1935; 2c. and aff. Dec. 11; A 88615; Macmillan co.
185 3079 279 47 (35-34916)

107 3165 222 64 Bower;
356 3168 266 63 Warren,
652 3169 84 54 ed.

177 3243 122 53 The
338 3242 210 69 college
589 3243 220 68 writer;
854 3264 70 34 an
966 3245 313 70 anthology
1317 3245 64 53 of
1420 3247 232 52 student
1688 3264 181 50 prose,
1909 3245 186 54 edited

109 3320 1986 71 for college composition classes by Warren Bower … New
108 3395 178 69 York,
311 3397 88 53 W.
427 3397 88 54 W.
546 3398 221 53 Norton
795 3402 45 50 &
864 3418 296 51 company,
1187 3401 108 53 inc.
1509 3435 11 33 [c1935]

177 3469 349 49 xiii, 463 p. 19½cm.
180 3525 162 41 “First
373 3526 225 41 edition.”

179 3581 176 40 “Notes
384 3592 59 29 on
473 3582 356 42 contributors”:
887 3596 41 37 p.
956 3584 217 42 456-463.

179 3636 224 42 Includes
438 3637 389 50 bibliographies.

110 3687 1988 58 © Dec. 4, 1935; 2c. Dec. 11; aff. Dec. 10: A 88602; W. W. Norton & co.,
176 3748 88 41 inc.
336 3750 278 45 (35-36747)

109 3833 214 67 Brady,
354 3839 141 53 Eve.

179 3910 223 70 Beauty
435 3911 46 56 is
517 3934 31 33 a
583 3914 188 68 witch,
803 3916 75 68 by
912 3918 120 52 Eve
1066 3919 216 67 Brady.
1356 3920 220 67 Dallas,
1608 3921 121 52 The
1762 3925 158 61 story
1952 3919 147 52 book

111 4003 153 50 press
300 4024 12 33 [
317 3996 18 21 c
341 3994 131 49 1935
478 4024 13 33 ]
