2526 4384
1144 4133 65 54 97

195 450 466 56 Akademischer
691 452 199 54 verein
920 454 207 65 Hütte,
1156 454 216 55 Berlin.

264 530 281 66 “Hiitte”;
586 532 95 51 des
717 532 326 67 ingenieurs
1080 533 393 52 taschenbuch.
1549 535 478 66 Herausgegeben
2065 552 69 33 vom

194 607 454 55 Akademischen
674 610 190 53 verein
890 612 202 55 Hütte,
1118 630 41 33 e.
1187 629 50 34 v.
1266 610 58 53 in
1352 612 214 51 Berlin.
1627 615 81 49 26.
1736 613 297 52 neubearb.
2064 611 127 54 aufl.

193 687 1442 68 4. bd. l. lfg. Berlin, TY Ernst & sohn, 1934.
265 760 96 46 xvi,
389 760 84 41 580
498 772 41 37 p.
595 761 142 47 illus.,
766 761 170 49 tables,
965 761 177 43 diagrs.
1198 761 55 40 20
1255 765 45 20 cm
1306 794 7 8 .

199 811 51 53 ©
287 818 129 39 June
447 819 67 45 15,
551 817 139 48 1934;
728 820 66 39 1c.
831 820 108 39 Jan.
975 819 70 47 21,
1079 818 139 48 1935;
1258 820 311 46 A-Foreign
1604 819 171 48 20726;
1814 820 379 40 Akademischer

267 874 161 40 verein
458 876 167 45 Hütte,
653 886 37 29 e.
719 887 42 28 v.

218 978 151 65 [Alpi,
399 981 136 52 Mrs.
567 980 223 53 Fannie
819 980 245 54 Francis]

263 1055 121 54 The
421 1056 167 53 dawn
625 1058 47 51 is
710 1075 170 49 come,
915 1059 76 66 by
1024 1058 171 67 spirit
1230 1058 175 53 John.
1480 1058 116 55 San
1633 1058 322 66 Francisco,
1994 1058 195 57 Calif.,

193 1133 752 68 California press [ c 1934]
265 1206 25 39 1
319 1216 43 38 p.
428 1237 8 16 l.,
468 1206 85 40 157
581 1217 43 38 p.
686 1206 57 41 19
745 1208 42 21 cm
792 1239 7 8 .

265 1260 1923 55 “Reverend Mary Alice Mortensen … through her trance mediumship
197 1319 1988 52 [gave] these messages … to me from my beloved son.”—Introd., signed:
194 1376 183 43 Fannie
409 1378 50 40 F.
490 1377 123 49 Alpi.

196 1431 50 52 ©
270 1437 110 39 Dec.
405 1436 68 47 15,
498 1434 140 47 1934;
664 1434 67 41 2c.
757 1436 94 38 and
873 1433 81 41 aff.
980 1435 110 39 Dec.
1116 1434 80 43 26;
1222 1435 41 39 A
1288 1434 169 48 79309;
1486 1436 50 39 F.
1564 1435 49 39 F.
1639 1436 124 48 Alpi,
1792 1437 97 40 San
1915 1435 273 41 Francisco.

271 1492 249 44 (35-2126)

188 1595 314 54 American
544 1595 277 53 institute
862 1595 63 52 of
965 1593 229 65 mining
1231 1596 115 52 and
1386 1596 431 64 metallurgical
1858 1596 329 64 engineers.

255 1675 273 51 Institute
559 1675 62 65 of
644 1674 200 52 metals
872 1673 262 54 division.

257 1753 402 51 Transactions
687 1751 63 53 of
773 1753 94 51 the
894 1753 306 51 American
1225 1753 263 52 institute
1514 1752 64 52 of
1602 1752 223 67 mining
1852 1753 110 51 and
185 1755 1976 142 metallurgical
461 1829 291 68 engineers
785 1829 454 68 (incorporated)
1316 1847 51 38 v.
1403 1834 115 50 111.
1587 1829 274 55 Institute
1892 1831 62 52 of
1986 1833 200 51 metals

186 1907 263 58 division,
478 1911 148 49 1934.
689 1909 216 67 Papers
932 1909 112 51 and
1070 1908 340 53 discussions
1437 1909 298 67 presented
1760 1909 194 53 before
1980 1910 95 52 the
188 1910 1970 128 division
407 1999 57 41 at
493 1987 276 67 meetings
802 1987 133 51 held
971 1992 58 46 at
1061 1987 246 65 Detroit,
1341 1986 265 62 October^
1640 1991 132 48 1933
1809 1987 111 52 and
1956 1993 61 46 at
2047 1989 138 51 New

188 2065 176 64 York,
401 2066 313 66 February.
754 2068 135 50 1934
924 2066 111 51 and
1073 2064 262 67 October,
1373 2068 148 48 1934.
1594 2066 138 51 New
1770 2065 179 55 York,
1986 2067 69 51 N.
2094 2068 90 53 Y.,

185 2144 119 52 The
333 2143 272 53 Institute
639 2177 11 33 [
657 2151 18 20 c
680 2146 134 48 1934
819 2176 11 33 ]

256 2217 88 40 379
367 2228 41 36 p.
435 2218 108 38 incl.
572 2217 141 45 illus.,
741 2219 138 45 port.,
909 2217 168 46 tables,
1106 2217 176 47 diagrs.
1338 2215 26 40 23½
1427 2219 43 20 cm
1475 2247 8 7 .

191 2269 51 54 ©
272 2275 110 40 Dec.
416 2275 67 45 27,
517 2273 139 47 1934;
690 2273 65 41 2c.
790 2273 107 41 Jan.
929 2273 69 48 21,
1032 2272 139 46 1935;
1205 2272 81 42 aff.
1321 2273 108 40 Jan.
1463 2272 81 42 19:
1580 2274 39 39 A
1652 2272 169 42 80100:

1856 2274 158 39 Amer.
257 2272 1909 101 institute
389 2332 51 40 of
465 2331 185 48 mining
675 2332 95 39 and
798 2330 354 48 metallurgical
1182 2330 263 48 engineers,
1475 2331 104 46 inc.,
1608 2331 117 39 New
1753 2331 145 40 York.

184 2434 314 54 American
525 2434 225 63 society
777 2434 97 52 for
901 2432 230 65 testing
1154 2433 325 56 materials.

315 2510 1865 69 … Proceedings of the thirty-seventh annual meeting, held
187 2590 1933 67 at Atlantic City, N. J., June 25-29, 1934. v. 34. Part I-II …
186 2668 423 68 Philadelphia,
667 2670 119 56 Pa.,
843 2667 305 52 American
1205 2667 211 68 society
1473 2667 93 52 for
1623 2668 213 67 testing
1891 2668 290 53 materials

189 2780 11 33 [
207 2754 16 21 c
230 2751 149 62 1934]

256 2821 24 38 2
307 2832 40 27 v.
405 2822 141 44 illus.,
576 2821 157 39 tables
761 2820 135 47 (part
918 2819 144 48 fold.)
1098 2819 177 47 diagrs.
1331 2818 55 40 23
1390 2822 14 19 cm
1439 2850 8 7 .

520 2877 141 48 CONTENTS.—pt.
685 2884 34 32 I.
742 2876 285 41 Committee
1052 2877 213 46 reports;
1292 2886 106 29 new
1421 2875 94 40 and
1541 2874 188 40 revised
1756 2874 237 40 tentative
186 2875 1976 105 standards;
356 2934 240 40 tentative
623 2933 237 40 revisions
888 2933 53 40 of
967 2932 409 48 standards.—pt.
1406 2938 54 33 II.
1488 2932 257 39 Technical
1776 2941 186 38 papers.

189 2987 52 52 ©
268 2992 107 39 Jan.
404 2991 67 47 10,
499 2990 140 40 1935;
667 2992 65 38 2c.
763 2991 118 38 each
909 2990 109 39 Jan.
1047 2989 80 41 25;
1159 2988 81 41 aff.
1271 2989 108 39 Jan.
1409 2987 82 41 26:
1521 2989 40 38 A
1590 2987 171 47 80214;
1792 2989 157 39 Amer.
1980 2999 90 28 soc.
2102 2987 77 40 for

255 3049 182 47 testing
462 3047 267 40 materials.

185 3139 489 63 Auchampaugh,
702 3138 193 63 Philip
925 3137 230 55 Gerald.

251 3211 1694 72 Robert Tyler, southern rights champion. 1847-1866: a
183 3212 1964 150 documentary
465 3294 170 65 study
663 3291 204 69 chiefly
893 3291 65 54 of
985 3292 340 51 antebellum
1356 3289 244 69 politics,
1627 3290 74 68 by
1731 3290 198 67 Philip
1960 3289 207 53 Gerald

185 3370 470 68 Auchampaugh.
720 3369 243 66 Duluth,
990 3368 202 65 Minn.,
1221 3367 77 53 H.
1332 3367 177 55 Stein,
1544 3367 234 68 printer.
1817 3371 146 48 1934.

251 3443 52 39 ix
326 3454 56 37 p.,
411 3445 19 37 1
499 3474 8 16 l.,
533 3442 85 41 387
644 3453 43 36 p.
746 3441 149 41 front.
925 3441 170 48 (port.)
1162 3439 56 41 23½
1251 3442 43 21 cm
1300 3472 8 8 .

257 3499 226 41 “Edition
512 3498 189 41 limited
732 3501 49 37 to
811 3509 88 29 one
932 3498 221 40 hundred
1183 3497 110 46 fifty
1325 3497 160 47 copies
1516 3496 52 41 of
1601 3497 158 39 which
1793 3497 99 39 this
1924 3497 41 39 is
1999 3508 74 29 no.
2151 3497 24 15 l.”

250 3555 410 48 Bibliographical
689 3555 270 40 references
985 3554 51 40 in
1061 3552 204 42 “Notes”
1303 3553 65 47 (p.
1400 3552 257 49 [352,-367)

187 3611 50 51 ©
274 3615 109 40 Dec.
419 3614 68 47 22,
522 3613 115 41 1934
653 3623 9 36 ;
700 3612 66 40 2c.
804 3614 94 38 and
933 3610 80 42 aff.
1050 3614 108 38 Dec.
1195 3612 82 46 26;
1316 3613 40 38 A
1392 3610 141 42 79292
1553 3623 8 29 :
1600 3613 48 39 P.
1688 3613 51 40 G.
1778 3613 396 47 Auchampaugh,

251 3673 200 45 Duluth,
480 3669 148 42 Minn.
700 3669 250 48 (35-2168)

185 3759 360 65 Bacharach,
573 3758 210 53 Alfred
809 3757 197 64 Louis,
1034 3758 84 53 ed.

255 3836 118 54 The
417 3835 236 54 musical
696 3831 366 70 companion;
1108 3853 29 34 a
1182 3833 395 61 compendium
1623 3834 94 54 for
1761 3836 77 52 all
1883 3839 182 51 lovers
2110 3836 63 52 of

187 3913 190 69 music,
407 3915 76 66 by
514 3915 89 52 W.
636 3914 67 52 R.
734 3913 320 56 Anderson,
1085 3912 193 55 Julius
1309 3912 302 67 Harrison,
1645 3914 253 54 Edward
1931 3916 54 53 J.
2019 3917 154 50 Dent

184 3989 1963 139 … [and others] edited by A. L. Bacharach, London, Y. Gollancz. ltd., 1934.
