2424 4375
1243 4091 134 48 1020

310 455 207 63 Carey,
544 455 259 53 Thomas
830 455 240 63 Fabian,
1103 461 169 49 1904-

436 531 1860 69 … The relation of physical growth to developmental age in
305 608 1968 133 boys, by Thomas F. Carey … Washington, D. C., The Catholic
443 687 316 68 university
790 686 64 55 of
880 685 284 69 America,
1196 691 151 50 1935.

377 760 452 49 119 p. pl. 23 cm .
376 818 61 41 At
462 818 122 39 head
613 818 51 39 of
691 817 134 41 title:
855 816 101 42 The
981 816 222 43 Catholic
1228 817 271 49 university
1526 818 52 41 of
1605 817 237 42 America.

373 873 172 41 Thesis
572 874 106 48 (PH.
739 873 326 47 D.)—Catholic
1090 873 271 49 university
1386 874 53 41 of
1466 874 237 45 America,
1727 874 127 41 1935.

378 930 370 49 Bibliography:
787 942 41 37 p.
867 930 212 41 109-116.

309 999 53 52 ©
418 1013 62 28 June
532 1002 38 46 5,
595 1001 114 41 1935
726 1013 8 35 ;
760 1002 65 39 2c.
850 1003 93 38 and
968 1002 80 39 aff.
1072 1002 125 39 June
1220 1002 81 46 18;
1329 1002 40 39 A
1391 1001 145 40 83707
1552 1012 8 35 ;
1588 1001 221 41 Catholic
1837 1000 127 41 univ.
1991 1001 53 40 of
2063 998 237 42 America.

385 1059 279 48 (35-11309)

315 1161 292 63 Carleton,
637 1161 287 53 Roderick
954 1161 208 64 Lewis,
1194 1167 170 49 1902-

380 1240 171 52 Local
579 1246 368 60 government
976 1240 111 51 and
1114 1240 463 52 administration
1603 1240 60 53 in
1689 1239 326 67 Louisiana,
2041 1239 73 68 by
2141 1240 66 52 R.
2235 1240 63 52 L.

313 1317 1987 69 Carleton … Baton Rouge, Louisiana state university press,
314 1399 147 49 1935.

378 1469 82 40 333
491 1480 40 36 p.
589 1468 54 40 23½
677 1470 43 21 cm
725 1500 7 7 .
803 1468 298 49 ([Louisiana
1136 1471 132 37 state
1293 1468 286 50 university]
1644 1468 192 41 Studies
1866 1479 73 30 no.
2086 1471 13 47 XVII)

379 1527 66 38 “A
477 1525 226 40 diamond
733 1525 178 48 jubilee
941 1524 340 49 publication.”

379 1583 76 40 An
483 1583 220 39 abstract
731 1593 100 28 was
863 1582 160 40 issued
1055 1593 54 29 as
1143 1581 151 41 thesis
1336 1582 105 47 (PH.
1506 1583 33 45 D.)
1584 1581 281 49 University
1898 1582 53 39 of
1983 1581 202 41 Illinois.

382 1639 211 40 ‘Official
627 1638 221 39 sources”
869 1649 7 28 :
909 1649 42 37 p.
998 1639 235 40 [325]-326.
1297 1638 278 40 “Unofficial
1608 1638 221 40 sources”
1850 1649 8 28 :
1893 1649 41 37 p.
1973 1638 237 50 [327]-330

312 1706 53 52 ©
389 1710 116 46 July
530 1710 67 40 15,
625 1710 113 39 1935
756 1720 8 33 ;
793 1708 66 40 2c.
886 1709 119 47 Aug.
1030 1710 25 38 3
1075 1719 8 29 :
1112 1708 81 40 aff.
1222 1708 118 48 Aug.
1366 1709 25 39 5
1409 1719 9 36 ;
1446 1708 41 39 A
1514 1708 143 41 85317
1674 1719 9 36 ;
1712 1707 262 42 Louisiana
2004 1711 129 38 state
2159 1707 142 51 univ.,

377 1768 159 38 Baton
570 1767 176 47 Rouge,
779 1766 83 38 La.
932 1765 279 47 (35-28076)

315 1869 342 65 Carpenter,
688 1870 195 52 Frank
913 1871 87 62 D.,
1033 1875 169 49 1850-

381 1947 360 53 Adventures
774 1946 57 54 in
863 1965 197 50 geyser
1092 1947 163 66 land;
1290 1945 292 69 reprinted
1615 1946 151 54 from
1798 1948 119 52 The
1953 1948 253 52 wonders
2236 1947 64 52 of

313 2042 198 51 geyser
553 2025 152 66 land,
747 2024 210 54 edition
1003 2024 64 54 of
1113 2027 149 55 1878,
1304 2026 72 66 by
1420 2026 194 52 Frank
1657 2027 69 52 D.
1772 2026 341 66 Carpenter;
2160 2023 134 54 with

316 2101 305 55 facsimiles
654 2101 63 53 of
750 2103 95 53 the
876 2101 245 70 original
1159 2101 123 55 title
1318 2121 142 50 liage
1496 2105 109 51 and
1642 2102 383 66 frontispiece,
2060 2105 110 51 and
2206 2104 93 51 the

313 2180 256 54 addition
608 2181 62 52 of
704 2200 29 33 a
773 2181 243 68 preface,
1050 2189 173 59 notes,
1259 2181 356 66 appendices,
1650 2181 109 52 and
1798 2180 393 55 illustrations,
2227 2181 69 67 by

314 2257 229 55 Heister
573 2260 158 52 Dean
765 2258 144 56 Guie
942 2261 108 51 and
1087 2259 268 52 Lucullus
1387 2258 190 68 Virgil
1608 2260 392 63 McWhorter;
2036 2278 130 47 maps
2228 2260 70 57 by

314 2337 61 54 C.
407 2338 69 53 A.
510 2338 247 52 Badeau.
836 2337 291 67 Caldwell,
1159 2338 106 64 Id.,
1296 2337 118 53 The
1446 2338 222 55 Caxton
1701 2336 264 68 printers,
1996 2337 119 56 ltd.,
2153 2342 144 48 1935.

385 2408 1546 49 318 p.. 2 l. front., pl., ports., fold. map. facsini. 19½cm.
389 2469 135 45 Maps
556 2478 58 28 on
648 2467 357 47 lining-papers.

387 2524 233 41 “Sources
649 2524 50 39 of
725 2525 392 46 supplementary
1146 2523 280 40 material":
1459 2525 14 37 1
1510 2523 99 40 leaf
1634 2526 48 36 at
1714 2524 105 39 end.

314 2592 53 52 ©
398 2597 127 39 June
556 2596 68 41 15.
656 2596 140 39 1935;
831 2595 66 40 2c.
931 2596 126 39 June
1088 2595 81 42 20:
1207 2595 81 39 aff.
1323 2595 115 47 July
1472 2595 82 45 13;
1592 2596 40 38 A
1666 2594 168 42 85075;
1870 2596 60 38 H.
1963 2596 54 38 D.
2053 2594 122 41 Guie
2206 2595 95 39 and

381 2653 49 39 L.
464 2653 53 39 V.
549 2653 317 45 McWhorter,
900 2651 219 47 Yakima,
1153 2652 163 39 Wash.
1380 2650 283 50 [Copyright
1691 2652 42 39 is
1766 2651 203 40 claimed
2001 2662 62 28 on
2092 2650 209 48 preface,

380 2713 150 42 notes,
564 2709 288 47 appendices
882 2710 95 37 and
1010 2709 342 46 illustrations]
1424 2708 279 46 (35-11470)

317 2811 237 61 Cather,
583 2811 170 53 Willa
780 2811 213 61 Sibert,
1032 2817 161 48 1875-

446 2884 1614 69 … Lucy Gayheart. New York, A. A. Knopf, 1935.
382 2957 741 49 3 p. l., 3-231 p.. 1 l. 19½ cm .
385 3014 62 41 At
473 3015 123 39 head
622 3014 51 40 of
700 3015 135 40 title:
867 3016 69 46 By
966 3015 141 38 Willa
1141 3015 192 40 Cather.

386 3071 286 40 “Published
705 3071 187 48 August
924 3071 39 47 1,
996 3069 128 44 1935.
1184 3071 132 41 First
1350 3072 94 39 and
1477 3072 173 40 second
1681 3071 241 49 printings
1953 3070 165 41 before
313 3070 1968 97 publication.”

317 3198 53 52 ©
399 3203 116 43 Aug.
545 3203 37 40 1,
613 3200 111 42 1935
743 3212 8 35 ;
783 3202 66 39 2c.
876 3202 96 38 and
1001 3201 80 38 aff.
1110 3201 119 46 Aug.
1257 3199 30 39 2.
1301 3211 8 35 ;
1340 3201 40 38 A
1410 3199 142 41 85282
1570 3210 9 37 ;
1611 3201 70 39 W.
1714 3199 44 41 S.
1790 3200 192 47 Cather,
2011 3200 117 40 New
2155 3200 144 39 York.

391 3258 278 47 (35-11495)

319 3359 354 65 Chambran,
700 3360 162 54 Paul.

318 3435 1956 144 … Mathématiques, t. n. Calcul vectoriel, par Paul Chambran. Paris, Dunod, 1935.
384 3585 99 47 viii,
518 3586 88 39 226
633 3598 42 36 p.
739 3586 177 47 diagrs.
979 3586 54 39 19½
1066 3589 44 20 cm
1115 3618 8 7 .
1196 3585 364 49 (Bibliothèque
1591 3588 58 39 de
1681 3585 287 49 l’ingénieur
1997 3588 61 39 de
2089 3589 212 37 travaux

312 3641 210 48 publics)

312 3694 1537 52 © June 3, 1935 : 1c. Aug. 21 ; A- Foreign 28737; Dunod.
321 3798 303 65 Champly,
654 3801 221 63 Henry,
908 3806 168 48 1894-

447 3875 1849 68 … Femmes blanches, hommes de couleur. Paris, Tallandier
321 3954 171 64 [1935]

389 4023 746 53 2 p. l., [7]-251 p., 1 l. 19 cm .
