2424 4375
1223 4061 99 49 508

259 451 186 66 Bohn,
478 452 216 64 Frank,
730 453 168 55 1878-

327 527 121 52 The
468 532 162 64 great
651 528 243 69 change;
919 528 156 51 work
1099 527 113 53 and
1234 527 208 53 wealth
1465 527 59 53 in
1549 528 95 52 the
1667 547 122 34 new
1814 547 121 51 age,
1955 528 76 70 by
2055 528 196 53 Frank

263 604 1987 70 Bohn … and Richard T. Ely … New York, T. Nelson and
255 700 148 49 sons,
432 686 148 49 1935.

329 754 79 49 vii,
435 755 83 41 373
543 765 45 38 p.
646 754 155 49 diagr.
859 754 57 41 20
918 756 44 22 cm
966 789 9 9 .

329 824 371 49 Bibliography:
732 835 43 38 p.
804 824 216 42 357-363.

263 892 54 54 ©
345 899 112 46 Apr.
489 898 68 47 13,
588 897 113 42 1935;
761 898 67 40 2c.
859 898 112 47 Apr.
1003 898 58 41 16;
1120 897 82 41 aff.
1233 897 113 49 Apr.
1378 896 55 43 23;
1494 899 40 38 A
1565 898 144 41 81534;
1769 899 211 41 Thomas
2012 900 179 40 Nelson
2222 900 38 40 &

333 964 125 31 sons.
527 954 251 48 (35-6098)

263 1056 265 66 Boomer,
557 1058 145 53 Paul
731 1060 80 64 C.,
838 1064 170 49 1868-

333 1134 200 54 Moods
577 1135 112 53 and
733 1134 234 68 fancies,
1006 1135 75 68 by
1119 1135 151 54 Paul
1314 1136 62 55 C.
1421 1138 261 64 Boomer,
1780 1178 10 11 M.
1872 1178 9 10 D.
1967 1136 292 69 [Chicago,

264 1202 241 63 Printed
531 1212 77 67 by
635 1212 314 54 Methodist
977 1212 147 54 book
1152 1231 254 48 concern,
1490 1217 119 63 c1935]

331 1284 88 41 310
452 1296 44 38 p.
556 1286 123 48 port.
741 1284 143 41 19½cm.

334 1354 182 43 Poems.

267 1423 53 53 ©
346 1428 121 39 Mar.
495 1427 70 42 21,
593 1426 113 41 1935;
762 1426 65 41 2c.
856 1428 121 39 Mar.
1004 1426 82 47 25;
1116 1427 80 40 aff.
1226 1427 113 48 Apr.
1367 1427 81 47 18;
1480 1427 40 39 A
1548 1426 143 42 82559;
1749 1428 49 39 P.
1829 1428 50 41 C.
1906 1428 219 47 Boomer,
335 1427 1907 105 Chicago.
535 1482 250 49 (35-5910)

265 1583 296 66 Bowman,
596 1585 245 56 Charles
872 1584 162 66 Ellis,
1069 1592 170 49 1886-

337 1663 448 51 Fundamentals
817 1661 63 53 of
913 1661 392 70 bookkeeping
1338 1662 113 54 and
1483 1661 252 54 business
1790 1662 92 68 [by]
1923 1659 237 58 Charles
2193 1663 67 52 E.

269 1739 1928 69 Bowman … [and] Atlee L. Percy … Frederick G. Nichols …
265 1819 229 68 general
555 1817 200 54 editor.
830 1817 311 54 Advanced
1203 1836 208 35 course.
1487 1818 137 52 New
1688 1817 180 68 York,
1931 1815 328 57 Cincinnati

290 1894 1149 69 [etc.] American book company [ c 1935]
339 1970 84 48 xii,
451 1971 85 39 441
565 1980 42 38 p.
636 1968 110 42 incl.
773 1968 165 50 diagr.,
967 1969 168 41 forms.
1195 1970 54 40 23
1254 1972 44 21 cm
1302 2000 9 9 .

342 2040 262 40 Published
640 2039 50 40 in
729 2040 115 40 1927
879 2041 153 39 under
1070 2039 135 41 title:
1244 2038 268 49 Principles
1550 2040 51 40 of
1638 2039 331 50 bookkeeping
2002 2040 96 41 and
271 2040 1970 104 business,
428 2098 248 40 advanced
709 2107 180 30 course.

271 2163 53 53 ©
347 2168 112 48 Apr.
484 2168 40 46 9,
550 2168 113 40 1935;
717 2167 66 41 2c.
810 2168 94 39 and
931 2167 81 40 aff.
1038 2168 113 47 Apr.
1179 2168 53 40 13;
1288 2168 40 38 A
1354 2167 170 47 81404;
1550 2167 146 40 Amer.
1738 2168 122 40 book
1886 2179 67 29 co.

350 2225 250 49 (35-6061)

273 2326 314 67 Campbell,
615 2330 137 51 Mrs.
782 2328 162 54 Alice
973 2329 276 63 Ormond,
1283 2329 169 54 1887-

341 2406 160 67 Keep
538 2424 160 50 away
734 2406 150 52 from
920 2406 204 53 water!
1200 2407 90 67 By
1324 2405 161 54 Alice
1522 2406 312 68 Campbell.
1908 2408 138 52 New
2082 2406 178 67 York,

270 2484 1241 67 Farrar & Rinehart, incorporated [ c 1935]
341 2571 572 49 3 p. l. , 3-376 p. 21 cm .
274 2638 53 53 ©
353 2642 112 47 Apr.
492 2641 69 47 25,
589 2641 113 40 1935;
758 2641 66 40 2c.
851 2642 94 39 and
972 2640 82 40 aff.
1080 2642 111 46 Apr.
1219 2640 56 41 27;
1331 2641 40 39 A
1398 2640 142 41 82793;
1599 2642 53 38 A.
1683 2641 50 39 O.
1763 2640 259 49 Campbell,
2051 2640 211 41 London.

352 2698 249 47 (35-5968)

276 2798 315 64 Campbell,
623 2798 246 55 Charles
893 2797 227 66 Milton,
1153 2804 170 49 1852-

345 2874 230 65 Colitis;
623 2893 229 35 mucous
897 2876 112 52 and
1054 2873 307 54 ulcerative
1405 2879 186 64 stages
1635 2873 64 52 of
1743 2872 399 70 constipation,
2186 2873 75 69 by

275 2950 1987 70 Charles M. Campbell and Albert K. Detwiller … New York,
274 3029 938 69 The Educational press [ c 1935]
346 3118 82 47 vii,
459 3117 84 40 103
574 3127 41 38 p.
676 3116 128 41 illus.
865 3116 143 41 19½cm.

277 3184 53 53 ©
358 3188 107 39 Feb.
495 3188 69 46 27,
594 3187 140 47 1935;
765 3186 67 41 2c.
863 3187 109 40 Feb.
1001 3188 81 46 21;
1114 3187 81 40 aff.
1226 3188 119 38 Mar.
1375 3186 83 47 21;
1488 3188 40 38 A
1558 3186 142 41 82183;
1762 3186 322 40 Educational
2113 3196 148 38 press.

356 3244 249 48 (35-6070)

278 3344 361 66 Carnochan,
671 3344 275 55 Frederic
971 3346 350 63 Grosvenor,
1355 3351 169 48 1890-

349 3423 121 51 The
507 3422 213 67 empire
757 3422 64 53 of
858 3424 94 51 the
990 3422 215 60 snakes,
1242 3423 74 66 by
1354 3424 65 51 F.
1460 3423 68 54 G.
1570 3421 336 55 Carnochan
1945 3423 112 53 and
2096 3424 163 52 Hans

281 3498 293 54 Christian
616 3500 308 53 Adamson.
1004 3503 138 50 New
1185 3500 178 66 York,
1406 3498 307 55 Frederick
1755 3501 69 52 A.
1872 3498 201 55 Stokes
280 3518 1956 126 company,
479 3581 147 50 1935.

350 3650 50 39 ix
425 3661 57 37 p.,
509 3651 24 38 1
581 3680 24 17 l.,
630 3648 89 41 290
740 3660 42 37 p.
838 3650 26 37 21½
924 3652 44 21 cm
973 3681 9 9 .

350 3707 142 47 Maps
515 3716 62 30 on
605 3704 358 49 lining-papers.

350 3763 73 38 An
466 3763 205 38 account
712 3760 52 40 of
808 3761 80 40 the
930 3760 285 48 Wakaioka,
1261 3761 84 40 the
1387 3760 336 48 snake-people
1764 3760 54 39 of
1860 3760 52 40 the
1986 3758 276 49 Nyamwezi

281 3818 125 39 tribe
431 3818 53 39 of
507 3816 316 48 Tanganyika
854 3816 243 48 territory.

281 3882 53 52 ©
362 3886 112 47 Apr.
505 3885 69 47 18,
605 3885 113 40 1935;
777 3885 66 40 2c.
873 3886 95 39 and
999 3886 80 39 aff.
1112 3886 113 47 Apr.
1257 3885 56 39 25;
1372 3886 44 41 A
1443 3884 145 41 81576;
1648 3885 49 38 F.
1730 3885 53 39 G.
1815 3884 297 46 Carnochan,
2145 3884 115 39 New

350 3942 130 40 York
510 3942 122 47 City,
661 3943 56 39 N.
747 3942 67 46 Y.,
845 3943 93 38 and
967 3943 141 39 Hans
1134 3941 250 41 Christian
1412 3941 257 47 Adamson,
1698 3941 115 39 New
1844 3940 143 40 York.

361 3997 249 51 (35-5996)
