2424 4375
1234 4019 133 49 1202

319 407 283 63 Marquis,
632 408 147 61 Don,
810 410 169 53 1878-

390 482 124 54 Her
544 484 125 54 foot
693 484 49 54 is
770 504 72 34 on
867 485 94 53 the
988 486 159 53 brass
1174 485 126 68 rail,
1327 486 75 67 by
1429 489 131 52 Don
1587 487 272 68 Marquis.
1940 489 154 67 [New
2122 490 179 67 York]

322 560 155 55 Priv.
507 562 174 67 print.
717 564 138 66 [The
880 563 384 53 Marchbanks
1292 582 173 49 press]
1502 570 148 49 1935.

393 633 890 51 3 p. l., 3-23, [1] p. 1 illus. 22 cm .
397 690 1911 55 “Of this book 500 copies have been printed … on Linweave text,
323 746 1967 99 ivory laid 80 lb. … for the members and friends of the Linweave, association.”
607 805 119 40 This
753 815 118 38 copy
898 807 84 38 not
1009 806 276 41 numbered.

326 858 52 53 ©
414 862 109 40 Feb.
562 863 68 46 14,
668 861 140 48 1935;
848 862 65 41 2c.
953 863 110 40 Feb.
1102 864 80 41 18;
1224 863 81 40 aff.
1344 864 110 40 Feb.
1492 865 81 46 16;
1613 865 41 38 A
1690 864 170 48 79695;
1902 866 191 40 Donald
2132 866 179 41 Robert

397 920 154 46 Perry
576 919 233 48 Marquis,
835 920 115 39 New
978 920 144 39 York.
1192 919 280 50 (35-15137)

321 1021 239 66 Martin,
590 1023 139 53 Mrs.
763 1023 225 65 George
1020 1024 312 64 (Madden)
1374 1029 169 51 1866-

389 1097 172 56 Made
592 1098 62 54 in
687 1097 281 70 America,
1003 1100 74 68 by
1113 1098 217 69 George
1364 1099 251 54 Madden
1651 1100 234 54 Martin.
1955 1100 135 54 New
2132 1100 177 71 York,

320 1175 253 70 London,
602 1176 70 55 D.
701 1174 573 71 Appleton-Century
1302 1194 277 52 company
1607 1178 415 68 incorporated,
2054 1180 150 50 1935.

391 1246 461 50 5 p. l., 281 p. 19½cm.
324 1303 1985 54 © Sept. 6, 1935; 2c. Sept. 9; aff. Sept. 10; A 86234; D. Appleton-Century
392 1374 81 38 co.,
505 1365 89 39 inc.
668 1364 278 49 (35-15039)

316 1468 329 63 Maryland.
722 1469 178 53 Court
938 1468 62 67 of
1032 1469 249 66 appeals.

319 1545 1964 145 Reports of cases argued and adjudged … Herbert T. Tiffany,
506 1629 145 46 state
680 1628 269 62 reporter.
1014 1623 246 53 Volume
1288 1626 115 63 166,
1431 1622 331 68 containing
1792 1641 148 35 cases
1970 1625 63 51 of
2063 1624 246 54 October

323 1701 1982 69 term, 1933, January and April terms, 1934 … Baltimore,
323 1779 160 67 King
506 1779 276 67 brothers,
809 1782 149 50 1935.

390 1852 170 46 xxviii,
587 1852 84 39 772
701 1862 43 37 p.
802 1852 54 39 23
861 1854 42 20 cm
909 1883 8 8 .

323 1904 1983 53 © Feb. 2, 1935; 2c. and aff. Sept. 23; A 86424; Herbert T. Tiffany, for
323 1967 80 39 the
433 1968 126 38 state
587 1965 53 40 of
670 1965 270 47 Maryland,
973 1964 279 40 Baltimore.

316 2069 277 64 Masters,
622 2069 220 63 Joseph
872 2068 85 65 G.,
988 2068 170 55 1873-

392 2143 215 56 Stories
645 2143 63 53 of
745 2144 96 52 the
880 2144 93 52 far
1012 2145 187 65 West;
1242 2144 189 53 heroic
1471 2144 141 53 tales
1650 2143 64 54 of
1752 2143 97 54 the
1889 2143 109 55 last
2038 2142 263 69 frontier,

319 2220 1976 70 written by Joseph G. Masters … Boston, New York [etc.]
317 2297 154 55 Ginn
501 2301 111 51 and
644 2316 278 52 company
956 2332 12 34 [
974 2305 17 21 c
997 2302 132 49 1935]

391 2371 81 47 xii,
495 2371 86 40 297
605 2383 44 36 p.
674 2371 108 41 incl.
809 2371 160 48 front.,
999 2372 126 39 illus.
1156 2371 131 49 (incl.
1313 2371 160 48 maps)
1540 2369 57 42 20½
1629 2373 44 21 cm
1678 2403 8 9 .

393 2428 347 48 Bibliography
769 2429 223 39 included
1023 2428 48 39 in
1100 2428 253 40 foreword.

322 2483 52 53 ©
394 2487 119 46 Aug.
534 2486 68 47 29,
625 2486 112 40 1935;
788 2486 67 40 2c.
880 2487 126 47 Sept.
1030 2485 26 40 9;
1108 2485 82 40 aff.
1218 2486 125 47 Sept.
1369 2486 52 46 6;
1447 2487 40 37 A
1512 2485 169 48 85821;
1707 2487 42 39 J.
1776 2486 52 40 G.
1854 2487 223 47 Masters,
2102 2487 198 40 Omaha.

400 2543 279 49 (35-15264)

316 2647 222 64 Means,
566 2648 138 52 Mrs.
735 2648 276 52 Florence
1040 2646 289 56 Crannell.

386 2722 198 68 Penny
620 2721 93 53 for
744 2721 157 66 luck;
939 2739 30 33 a
1005 2728 155 61 story
1192 2721 65 52 of
1288 2721 96 54 the
1419 2720 254 67 Rockies,
1708 2720 74 68 by
1819 2720 267 54 Florence

318 2719 1959 132 Crannell
469 2798 226 67 Means;
739 2798 138 53 with
920 2797 376 54 illustrations
1337 2797 74 69 by
1452 2797 148 53 Paul
1644 2794 209 63 Quinn.
1934 2797 213 53 Boston
2190 2796 108 52 and

317 2875 135 53 New
481 2875 176 68 York,
682 2875 315 67 Houghton
1021 2872 204 56 Mifflin
1253 2892 292 51 company,
1573 2876 149 49 1935.

385 2946 871 49 4 p. l., 232 p. illus., plates. 21½cm.
318 3002 52 53 ©
400 3008 127 47 Sept.
553 3008 39 46 3,
619 3005 140 48 1935;
788 3005 65 41 2c.
884 3006 126 47 Sept.
1036 3007 53 45 7;
1118 3005 81 40 aff.
1229 3005 127 48 Sept.
1382 3005 51 46 6;
1462 3006 41 38 A
1530 3004 169 48 86219;
1729 3006 51 39 F.
1850 3037 9 8 C.
1887 3006 180 46 Means,
2096 3006 201 38 Denver.

400 3063 277 48 (35-15043)

315 3164 205 66 Minet,
548 3166 165 64 Jean,
745 3171 168 49 1883-

387 3240 1904 68 Manuel de clinique medicale, par Jean Minet … avec la
318 3317 1978 66 collaboration de Emile Bertin, Pierre Dupire [e. a.] … avec
317 3393 65 54 78
410 3394 207 69 figures
645 3396 141 52 dans
812 3397 51 51 le
889 3398 166 49 texte.
1119 3394 184 67 Paris,
1332 3393 68 55 G.
1429 3393 153 53 Doin
1610 3396 45 49 &
1680 3411 27 34 c
1711 3392 34 27 ie
1750 3434 11 25 ,
1790 3396 149 49 1935.

385 3468 27 39 3
439 3479 43 37 p.
544 3500 8 16 l.,
580 3468 49 47 ii,
658 3466 114 41 1276
797 3479 44 37 p.
899 3467 142 46 illus.,
1068 3467 177 48 diagrs.
1306 3466 56 39 22
1365 3468 43 21 cm
1412 3498 9 9 .

321 3520 1974 53 © Oct. 31, 1934; 1c. Apr. 16, 1935; A-Foreign 27626; Gaston Doin et
389 3593 26 29 c
417 3576 33 28 ie
454 3613 7 8 .
533 3581 277 48 (35-14695)

319 3669 309 65 Morrison,
658 3669 223 65 Edwin,
911 3674 170 50 1861-

389 3742 1688 71 Experimental physics, by Edwin Morrison … and S.
317 3741 1971 145 Elisabeth Morrison … with one hundred eighty-nine illustrations.
318 3899 422 66 Philadelphia,
769 3900 64 51 P.
867 3899 345 53 Blakiston’s
1239 3917 100 36 son
1367 3901 46 49 &
1440 3915 96 48 co.,
1565 3896 107 52 inc.
1709 3930 11 32 [
1726 3903 17 20 c
1749 3900 148 61 1935]
