2424 4375
1214 4095 134 50 1262

293 466 285 66 Gardner,
606 467 136 53 Erle
769 467 262 66 Stanley,
1061 473 169 50 1889-

359 544 123 53 The
517 561 125 36 case
678 543 66 53 of
781 544 98 53 the
915 544 336 54 caretaker’s
1288 550 108 63 cat,
1434 546 75 67 by
1549 547 137 52 Erle
1727 546 236 69 Stanley
2004 547 276 54 Gardner.

290 621 140 54 New
457 621 179 67 York,
661 621 91 54 W.
779 621 251 53 Morrow
1058 622 114 54 and
1200 640 297 51 company,
1527 627 151 50 1935.

359 694 523 49 3 p. l., 3-309 p. 19½cm.
291 761 53 53 ©
376 764 125 49 Sept.
533 764 68 48 18,
631 764 142 47 1935;
803 765 68 39 2c.
901 766 98 38 and
1025 763 81 41 aff.
1142 764 128 49 Sept.
1300 764 82 49 25;
1415 766 43 39 A
1484 766 169 47 87231;
1690 768 51 38 E.
1777 766 45 41 S.
1854 766 234 49 Gardner,

356 767 1909 102 Hollywood,
538 820 144 43 Calif.
753 821 279 48 (35-16584)

295 923 271 66 Gilfillan,
594 925 58 54 S.
681 924 221 65 Colum,
932 930 170 49 1889-

356 1002 124 53 The
509 1002 288 68 sociology
827 1001 65 54 of
922 1001 296 54 invention
1234 1021 12 49 ;
1283 1021 73 34 an
1388 1019 159 51 essay
1579 1002 61 54 in
1673 1003 97 52 the
1798 1002 171 54 social
2003 1020 191 37 causes
2223 1003 62 52 of

287 1079 221 54 technic
542 1080 295 54 invention
872 1080 112 54 and
1019 1099 153 36 some
1203 1080 65 54 of
1297 1080 77 55 its
1408 1079 173 55 social
1616 1081 232 68 results;
1887 1081 302 68 especially
2226 1100 60 35 as

287 1159 422 54 demonstrated
736 1155 61 56 in
822 1159 97 53 the
942 1157 226 71 history
1187 1158 65 55 of
1276 1158 97 55 the
1397 1160 148 68 ship.
1618 1159 57 53 A
1701 1159 339 69 companion
2064 1161 221 52 volume

287 1236 1937 71 to the same author’s Inventing the ship. By S. C. Gilfillan …
290 1314 1383 70 Chicago, Follett publishing company [ c 1935]
358 1390 105 48 xiii,
492 1390 87 40 185
605 1401 42 37 p.
704 1390 177 48 diagrs.
939 1389 56 40 20½
1027 1392 45 21 cm
1076 1421 9 9 .

363 1446 146 41 “This
546 1446 136 47 book,
722 1449 171 45 except
925 1446 82 41 for
1041 1446 186 41 certain
1268 1445 247 42 additions
1554 1447 97 39 and
1687 1446 308 48 corrections,
2033 1456 103 30 was

290 1446 1975 98 published
475 1503 199 48 serially
704 1501 52 41 in
784 1504 82 40 the
896 1503 205 40 Journal
1133 1504 50 38 of
1215 1504 82 39 the
1326 1505 170 46 patent
1525 1503 131 40 office
1686 1503 194 48 society,
1911 1502 121 42 with
2062 1503 82 41 the
2177 1500 104 44 title

290 1560 158 42 Social
479 1560 262 49 principles
770 1560 54 41 of
851 1559 486 41 invention.”—Pref.

366 1617 295 41 “Citational
685 1616 167 40 notes”:
906 1627 43 37 p.
975 1616 201 40 159-163;
1233 1615 445 49 “Bibliographies”:
1733 1628 43 36 p.
1802 1616 214 40 164-175.

295 1684 1986 52 © July 22,1935; 1c. and aff. Aug. 7; 1c. Aug. 19; A 85549; S. C . Gilfillan,
358 1744 221 49 Chicago.
653 1744 280 48 (35-16153)

295 1847 334 64 Gilmartin,
661 1847 155 54 John
848 1848 66 55 G.

357 1920 1921 71 Gilmartin’s word study, by John G. Gilmartin … Rev. ed.
287 1999 139 53 New
452 2000 180 68 York,
658 2000 451 68 Prentice-Hall,
1137 2000 126 69 inc.,
1294 2002 149 50 1935.

360 2084 45 36 x,
434 2073 85 41 165
546 2083 44 40 p.
650 2072 55 40 19
709 2075 45 21 cm
757 2105 9 9 .

360 2129 163 42 “First
547 2129 230 49 printing,
806 2128 126 48 May,
960 2128 157 42 1935.”

294 2185 52 52 ©
373 2189 116 47 July
516 2189 39 47 1,
583 2187 141 48 1935;
752 2188 66 40 2c.
848 2185 117 50 July
988 2187 54 47 9;
1073 2188 82 40 aff.
1185 2187 117 48 July
1330 2187 51 47 6;
1410 2188 40 38 A
1480 2185 170 49 83991;
1681 2187 373 50 Prentice-Hall,
2084 2187 91 41 inc.

373 2244 280 50 (35-16711)

296 2346 202 65 Glück,
532 2348 176 54 Elsie.

363 2423 1854 68 Introduction to American trade unionism, by Elsie Glück …
292 2501 140 54 New
463 2499 163 55 York
656 2501 134 68 city,
820 2501 120 54 The
970 2500 290 54 Affiliated
1292 2501 218 53 schools
1542 2501 94 53 for
1667 2500 246 54 workers
1950 2533 191 35 [c1935]

363 2575 55 41 95
446 2586 43 38 p.
549 2573 179 50 diagrs.
784 2573 58 41 23
844 2576 43 22 cm
890 2606 10 9 .

365 2631 294 49 “Suggested
688 2631 299 41 references”
1016 2633 53 39 at
1096 2632 92 40 end
1215 2631 51 40 of
1292 2632 119 40 each
1437 2632 214 48 chapter.

294 2687 53 52 ©
373 2692 115 45 May
513 2688 68 49 19,
609 2688 140 46 1935;
777 2689 67 39 2c.
874 2689 128 46 Sept.
1029 2688 58 46 6;
1112 2688 82 40 aff.
1225 2688 127 47 Sept.
1380 2689 52 45 7;
1460 2688 41 38 A
1519 2687 169 47 86208;
1718 2686 243 42 Affiliated
1989 2688 189 40 schools
2202 2687 77 40 for

359 2747 229 46 workers,
622 2745 91 40 inc.
783 2743 279 49 (35-16324)

297 2847 323 65 Goldstein,
651 2846 221 65 Irving.

363 2918 1686 72 Trial technique, by Irving Goldstein … Chicago,
293 2918 1959 151 Callaghan
475 3000 111 53 and
613 3016 293 51 company,
936 3000 151 52 1935.

362 3071 150 47 xxvii,
543 3069 86 41 790
659 3081 43 37 p.
763 3070 177 47 diagrs.
999 3068 58 41 26
1057 3071 45 21 cm
1106 3100 11 11 .

365 3127 177 40 “Table
569 3126 53 40 of
652 3126 191 41 cases”:
873 3138 43 37 p.
948 3125 214 42 693-741.

295 3183 53 53 ©
377 3188 125 46 Sept.
531 3187 69 46 18,
627 3185 116 41 1935;
797 3185 67 40 2c.
891 3186 95 39 and
1014 3184 81 40 aff.
1127 3185 125 47 Sept.
1281 3184 81 47 21;
1394 3185 40 38 A
1462 3184 169 47 86395;
1665 3183 269 49 Callaghan
1959 3185 38 40 &
2023 3195 67 30 co.

376 3242 279 50 (35-16574)

299 3346 283 63 Gregory,
611 3345 272 63 Jackson,
913 3350 169 49 1882-

363 3414 1907 74 Lords of the coast, by Jackson Gregory … New York,
292 3497 190 67 Dodd,
509 3497 169 52 Mead
707 3497 45 49 &
780 3514 295 51 company,
1104 3499 148 50 1935.

361 3568 30 39 64
415 3580 43 37 p.
488 3569 38 48 l.,
550 3568 87 41 340
659 3578 44 39 p.
766 3568 56 40 19½
855 3570 44 22 cm
902 3598 11 12 .

297 3622 53 53 ©
392 3627 126 48 Sept.
560 3627 67 48 18,
671 3625 140 48 1935;
850 3626 66 40 2c.
962 3627 127 46 Sept.
1129 3626 82 46 23;
1255 3625 94 40 aff.
1380 3626 127 48 Sept.
1547 3626 81 47 21;
1671 3627 41 38 A
1752 3626 168 46 87181;
1965 3626 42 39 J.
2050 3625 219 46 Gregory,

361 3683 215 48 Auburn,
606 3682 144 43 Calif.
821 3680 276 51 (35-16479)

301 3785 309 63 Guaranty
635 3789 160 49 trust
822 3802 285 47 company
1133 3786 63 52 of
1220 3787 145 50 New
1390 3785 180 55 York.

364 3856 1901 73 Revenue act of 1935, approved August 30, 1935 … [New
296 3937 178 66 York]
519 3936 239 54 London
912 3971 30 33 [etc.]
989 3938 300 68 Guaranty
1328 3943 150 47 trust
1517 3955 277 49 company
1834 3936 63 53 of
1935 3937 138 51 New
2113 3930 152 56 York

299 4045 13 35 [
317 4020 18 21 c
340 4017 151 63 1935]
