2424 4375
1265 4075 99 51 672

318 535 52 52 ©
398 540 120 37 Mar.
544 537 69 47 27,
641 537 113 40 1935;
810 534 66 43 2c.
906 539 95 37 and
1029 537 79 39 aff.
1138 538 112 47 Apr.
1279 537 24 39 6;
1363 538 41 38 A
1431 537 142 40 83060;
1631 539 50 38 E.
1716 539 42 39 S.
1789 539 205 46 Harrar,
2028 535 194 43 Seattle.

397 593 248 49 (35-7277)

318 696 271 52 Harvard
625 695 215 54 studies
875 697 111 51 and
1020 701 157 47 notes
1211 698 61 51 in
1309 696 296 68 philology
1641 697 112 53 and
1789 698 310 52 literature.
387 697 1895 130 Volume
553 773 76 54 17.
706 775 211 52 Edited
956 773 94 54 for
1086 776 95 51 the
1215 774 266 53 Division
1518 774 63 52 of
1617 776 235 52 modern
1889 777 307 66 languages
2232 775 75 68 by

388 852 1920 68 F. P. Magoun, jr., chairman … Arthur Burkhard … André
386 931 1895 146 Morize … Hyder E. Rollins … Cambridge, Harvard university press, 1935.
391 1094 774 49 5 p. l., 182 p. fold. pl. 23cm.
330 1162 44 52 ©
406 1167 113 47 May
550 1166 68 46 16,
651 1164 113 41 1935;
823 1166 66 39 2c.
922 1166 96 39 and
1052 1165 80 40 aff.
1168 1167 113 47 May
1312 1166 82 47 20;
1428 1166 39 39 A
1501 1165 169 49 83202;
1707 1165 254 41 President
1993 1166 95 40 and
2119 1166 190 40 fellows

389 1221 52 41 of
474 1224 228 38 Harvard
736 1223 190 47 college,
962 1221 301 49 Cambridge,
1297 1224 144 39 Mass.

318 1326 229 64 Hasler,
578 1327 332 53 Alexander
938 1328 82 64 T.,
1049 1328 83 52 ed.

493 1402 1714 70 … Lexicon games; especially devised for Lexicon cards …
321 1482 187 52 edited
544 1482 73 67 by
650 1481 164 52 Alex.
851 1482 62 52 T.
950 1481 225 52 Hasler.
1251 1482 177 52 Leeds
1463 1482 113 52 and
1610 1481 257 68 London,
1901 1480 55 54 J.
322 1482 1964 134 Waddington,

466 1560 101 52 ltd.,
614 1562 172 49 c1935.

392 1632 57 41 75
477 1643 42 39 p.
580 1633 116 40 13cm.

395 1701 73 41 On
499 1711 140 30 cover
656 1712 9 29 :
698 1701 60 40 25
785 1711 106 29 new
918 1711 163 38 games
1114 1704 48 38 to
1194 1702 58 39 be
1281 1701 174 49 played
1485 1700 120 42 with
1636 1701 208 40 Lexicon
1876 1701 153 41 cards.

424 1759 200 39 “Printed
653 1758 47 41 in
732 1759 81 39 the
843 1758 52 40 U.
928 1759 43 39 S.
1001 1758 53 40 A.”

423 1814 134 41 “First
584 1813 226 42 edition.”

321 1881 52 53 ©
404 1886 113 47 Apr.
548 1884 67 48 19,
648 1884 140 48 1935;
819 1885 66 40 2c.
918 1887 94 39 and
1043 1885 81 40 aff.
1158 1885 112 48 Apr.
1300 1884 58 41 23;
1414 1885 42 39 A
1487 1885 170 47 81554;
1693 1886 127 39 John
1852 1886 339 48 Waddington,
2222 1888 85 38 ltd.

401 1942 249 49 (35-7201)

323 2045 271 66 Higgins,
623 2048 202 52 James
853 2048 64 54 B.

323 2123 1962 144 The prevention and detection of forgery, by James B. Higgins … and Aaron Rittenhouse Lewis … [Newark, N. J.]
327 2278 163 52 Bank
521 2277 315 66 protection
866 2295 293 49 company,
1188 2281 174 49 c1935.

392 2348 611 50 2 p. l., 47 p., 8 l. 23cm.
395 2420 128 40 “The
560 2420 158 46 object
755 2420 51 40 of
841 2420 98 40 this
974 2420 192 40 booklet
1201 2420 41 40 is
1278 2421 84 39 the
1394 2420 284 48 prevention
1715 2421 50 39 of
1800 2421 127 39 bank
1964 2420 195 49 forgery
322 2421 1969 96 losses.”—Foreword.

325 2544 52 53 ©
405 2550 115 45 May
544 2548 67 48 16,
641 2547 139 48 1935;
812 2548 65 40 2c.
908 2548 95 39 and
1030 2547 81 39 aff.
1141 2548 112 47 May
1283 2548 57 39 17
1356 2558 8 30 :
1396 2547 41 39 A
1465 2547 169 47 83160;
1665 2548 140 39 Bank
1833 2547 269 48 protection
2132 2557 64 31 co.

404 2605 249 49 (30-7324)

322 2709 218 63 Hoche,
567 2709 210 51 Alfred
803 2709 195 63 Erich,
1029 2714 169 47 1865-

391 2784 110 53 Die
539 2786 233 51 wunder
810 2786 98 51 der
947 2785 242 53 Therese
1227 2786 298 51 Neumann
1562 2803 110 33 von
1711 2785 448 66 Konnersreuth,
2197 2803 109 33 von

327 2862 1655 67 dr. A. E. Hoche … München, J. F. Lehmann, 1933.
394 2934 424 51 51, [1] p. 19 ½ cm.
396 3007 161 38 “Nach
590 3005 155 41 einem
773 3006 47 38 in
851 3007 81 38 der
964 3005 481 39 Naturforschenden
1478 3004 315 48 gesellschaft
1821 3005 48 38 in
1901 3003 238 49 Freiburg
2167 3003 29 41 i.
2228 3006 78 37 Br.

327 3074 77 28 am
428 3064 55 37 22
509 3063 203 39 februar
735 3062 111 40 1933
872 3062 286 46 gehaltenen
1185 3061 313 41 öffentlichen
1523 3060 374 48 vortrage.”—p.
1923 3061 40 39 3.

328 3129 1979 51 © Oct. 2, 1933; 1c. Nov. 27; A -Foreign 23339; J. F. Lehmanns verlag.
408 3189 248 48 (34-4495)

326 3290 266 64 Holland,
620 3291 154 54 John
802 3289 248 66 Wesley,
1082 3292 168 53 1877-

397 3368 121 52 The
543 3385 121 34 ears
692 3367 63 51 of
780 3366 206 67 Midas,
1015 3367 111 52 and
1155 3366 161 52 other
1342 3364 160 55 radio
1530 3367 380 54 sermonettes,
1935 3365 74 67 by
2037 3364 154 54 John
2218 3362 86 53 W.

329 3442 1495 69 Holland … Chicago, The Prairie press [c1935]
400 3518 83 38 144
516 3527 41 37 p.
619 3516 143 40 19½cm.

329 3568 1785 54 © Mar. 1, 1935; 2 c . Apr. 1; aff. Apr. 30; A 81693; Prairie press,
406 3628 250 50 (35-7298)

332 3729 258 64 Hughes,
619 3729 252 54 William
897 3731 284 62 Leonard,
1211 3734 169 49 1895-

398 3807 480 54 Administration
908 3807 61 52 of
996 3807 195 51 health
1219 3806 111 51 and
1359 3805 256 65 physical
1644 3805 296 51 education
1966 3803 59 50 in
2053 3802 248 63 colleges,

329 3873 1971 77 by William Leonard Hughes … New York, A. S. Barnes and
329 3977 293 47 company,
650 3958 415 65 incorporated,
1097 3961 151 49 1935.
