2526 4384
1096 4105 96 49 113

146 475 301 64 Academy
474 476 62 53 of
563 474 256 65 political
848 473 244 65 science,
1119 476 139 52 New
1288 474 175 53 York.

284 559 1855 71 … The stabilization of peace; a series of addresses and
152 657 204 50 papers
397 639 296 69 presented
735 647 60 47 at
834 640 96 53 the
969 639 210 54 annual
1219 640 249 67 meeting
1509 638 63 53 of
1612 638 95 53 the
1750 638 290 69 Academy
2080 638 61 52 of

150 716 254 68 political
440 716 227 69 science,
700 715 316 54 November
1046 714 49 69 7,
1131 719 151 65 1934,
1316 714 188 56 edited
1537 717 76 67 by
1645 715 218 52 Parker
1896 716 247 54 Thomas

147 793 189 55 Moon.
434 793 136 53 [New
602 792 177 69 York]
813 793 123 54 The
964 793 288 69 Academy
1280 793 64 55 of
1369 792 257 69 political
1654 793 228 68 science,
147 792 1968 133 Columbia
270 870 333 69 university,
637 874 150 50 1935.

216 957 1913 50 iv, 147 p. 22 cm . (Its Proceedings … vol. XVI, no. 2. January, 1935)
147 1027 55 52 ©
230 1032 109 40 Dec.
372 1031 68 47 21,
475 1030 112 41 1934;
647 1030 67 41 2c.
747 1032 107 39 Jan.
889 1032 68 45 14,
989 1030 113 41 1935;
1163 1026 81 45 aff.
1276 1031 107 40 Jan.
1418 1031 59 39 12;
1536 1031 41 39 A
1607 1030 143 42 78989;
1814 1032 246 47 Academy
2089 1032 52 39 of

210 1087 218 50 political
466 1089 196 40 science.
736 1088 250 49 (35-2506)

143 1193 312 64 Aldredge,
486 1194 171 53 Edna
682 1195 78 54 M.

212 1285 166 66 Baby
407 1284 241 53 animals
676 1285 113 52 and
817 1284 151 53 their
997 1284 266 67 mothers,
1291 1286 75 64 by
1394 1284 172 53 Edna
1592 1283 81 53 M.
1704 1284 295 67 Aldredge
2027 1285 112 52 and

141 1361 1974 146 Jessie F. McKee. Cleveland, The Harter publishing company [ c 1935]
215 1524 674 52 [32] p. illus. 30½ × 23 cm .
213 1596 123 41 Text
366 1607 60 30 on
454 1607 43 38 p.
531 1595 54 51 [2]
617 1595 52 42 of
694 1606 155 31 cover.

147 1663 51 52 ©
226 1667 108 40 Jan.
361 1668 40 45 3,
426 1666 112 41 1935;
594 1667 65 40 2c.
691 1667 107 39 Feb.
826 1666 26 39 2;
909 1666 83 40 aff.
1020 1667 107 39 Jan.
1158 1668 80 45 17;
1269 1667 41 39 A
1336 1667 169 46 80320;
1536 1668 185 40 Harter
1748 1669 107 47 pub.
1885 1680 67 28 co.

221 1724 250 48 (35-2356)

143 1825 250 55 Alvarez
423 1826 304 68 Quintero,
757 1828 257 63 Serafin,
1046 1829 171 54 1871-

143 1905 1996 148 … Comedia y drama, edited, with introduction, notes, exercises, and vocabulary, by Agnes M. Brady … New York, The
142 2061 334 55 Macmillan
505 2081 296 49 company,
832 2068 150 48 1935.

213 2147 133 49 xxxi,
373 2148 87 40 256
484 2157 43 37 p.
587 2148 163 47 front.,
776 2159 76 37 pl.,
881 2151 150 45 ports.
1090 2146 56 42 18
1148 2149 43 21 cm
1197 2178 8 8 .
1276 2147 14 48 (
1304 2147 69 41 On
1402 2158 163 30 cover:
1589 2148 101 40 The
1718 2147 282 41 Macmillan
146 2149 1974 104 Hispanic
313 2205 175 47 series)

208 2286 64 42 At
297 2286 125 41 head
450 2285 52 42 of
530 2285 108 43 title:
736 2286 167 40 Álvarez
928 2283 248 51 Quintero.

218 2340 1919 49 Los Quinteros and Pérez Gald ó s, by José Martínez Ruiz: p. xv-xxxi.
489 2398 690 48 CONTENTS.—Vámonos.—Castañuela,
1217 2397 270 42 arbitrista.
1504 2421 59 4 —
1581 2398 67 40 La
1683 2408 186 38 quema.
1887 2421 60 5 —
144 2398 1975 100 Marianela.

145 2525 51 52 ©
230 2530 107 39 Jan.
371 2530 68 46 15,
473 2528 140 47 1935;
646 2528 67 40 2c.
747 2529 95 39 and
873 2527 81 40 aff.
989 2527 109 40 Jan.
1133 2527 81 47 16;
1250 2528 40 38 A
1324 2526 170 48 79193;
1531 2527 282 40 Macmillan
1846 2538 65 29 co.
213 2527 1910 101 [Copyright
374 2586 40 39 is
447 2586 205 40 claimed
685 2597 60 28 on
778 2585 344 47 introduction,
1155 2588 151 43 notes,
1340 2584 240 40 exercises
1614 2586 95 38 and
1742 2585 311 48 vocabulary]

221 2643 249 47 (35-2234)

142 2746 315 54 American
498 2747 277 52 institute
815 2747 63 52 of
916 2745 229 64 mining
1181 2746 115 51 and
1336 2744 433 66 metallurgical
1808 2745 329 65 engineers.

208 2827 139 51 Iron
374 2826 114 52 and
514 2828 137 52 steel
678 2825 262 52 division.

210 2903 404 54 Transactions
639 2902 63 55 of
728 2903 98 52 the
848 2903 306 52 American
1180 2901 262 53 institute
1467 2901 63 53 of
1556 2902 223 67 mining
1806 2902 111 51 and
143 2902 1970 147 metallurgical
421 2981 292 68 engineers
746 2980 453 68 (incorporated)
1282 2997 50 36 v.
1372 2983 114 52 113.
1558 2981 142 51 Iron
1734 2980 113 52 and
1882 2981 136 52 steel
144 2980 1968 146 division,
378 3063 147 49 1934.
594 3062 218 65 Papers
846 3060 111 51 and
991 3058 342 53 discussions
1364 3058 299 68 presented
1696 3057 195 54 before
1924 3059 98 51 the
143 3059 1968 131 division
365 3145 56 46 at
457 3139 94 53 the
585 3137 275 68 meetings
894 3135 132 54 held
1064 3142 60 47 at
1156 3137 247 66 Detroit,
1440 3137 124 54 Oct.
1601 3140 120 62 4-5,
1759 3139 133 50 1933
1929 3138 112 51 and
2079 3142 61 47 at

143 3217 137 54 New
310 3217 179 67 York,
517 3217 133 52 Feb.
685 3217 186 66 19-22,
902 3218 151 52 1934.
1117 3215 137 53 New
1284 3215 179 62 York,
1493 3216 68 53 N.
1594 3216 91 66 Y.,
1714 3216 121 53 The
1862 3215 279 54 Institute

145 3331 12 33 [
163 3303 19 21 c
187 3300 151 63 1934]

211 3384 87 41 299
323 3395 41 37 p.
394 3385 77 38 incl.
531 3382 142 46 illus.,
704 3383 169 46 tables,
904 3381 177 47 diagrs.
1139 3380 143 40 23½cm.

144 3453 51 52 ©
221 3458 109 38 Dec.
357 3455 68 46 12,
451 3453 113 42 1934;
619 3454 65 40 2c.
712 3454 107 39 Jan.
847 3452 68 47 21,
941 3451 113 41 1935;
1107 3451 79 41 aff.
1214 3452 107 40 Jan.
1351 3450 54 41 19;
1460 3452 41 38 A
1528 3451 142 41 80101;
1725 3452 145 39 Amer.
1909 3450 228 42 institute

213 3513 53 40 of
292 3511 186 49 mining
505 3512 94 38 and
629 3509 359 48 metallurgical
1017 3509 264 47 engineers,
1312 3510 104 44 inc.,
1447 3509 116 39 New
1596 3510 140 38 York.

143 3615 277 65 Deeding,
448 3613 264 65 Francis,
739 3614 194 66 pseud.

212 3693 189 53 Death
432 3692 62 52 in
526 3691 134 52 four
691 3690 210 67 letters,
931 3689 75 69 by
1039 3688 240 55 Francis
1311 3686 273 70 Beeding.
1658 3688 140 53 New
1829 3689 165 53 York
2025 3692 113 52 and

143 3772 255 64 London,
429 3770 233 65 Harper
692 3771 46 49 &
767 3767 277 66 brothers,
1077 3770 148 51 1935.

214 3869 41 36 v,
289 3856 87 41 289
407 3867 42 37 p.
510 3854 57 40 19
568 3856 44 22 cm
617 3886 8 8 .

216 3927 162 39 “First
415 3923 226 43 edition.”

145 3994 51 52 ©
225 3999 108 39 Jan.
361 3997 70 46 31,
458 3994 113 42 1935;
629 3994 66 40 2c.
723 3995 97 39 and
849 3993 81 41 aff.
959 3993 111 40 Feb.
1097 3994 81 46 15;
1208 3993 43 40 A
1278 3992 169 52 79659;
1480 3994 194 48 Harper
1704 3995 36 41 &
1768 3995 123 41 bros.

221 4053 249 49 (35-2340)
