2424 4375
1241 4090 136 55 1740

326 471 143 52 New
498 470 179 54 York.
752 472 270 52 Museum
1052 471 64 53 of
1142 472 242 52 modern
1413 475 113 51 art.

393 546 244 52 Vincent
668 563 112 34 van
812 545 196 69 Gogh;
1044 546 140 52 with
1217 564 71 34 an
1320 546 387 53 introduction
1741 547 112 52 and
1887 551 158 49 notes
2075 546 235 54 selected

325 620 151 54 from
512 623 95 52 the
644 622 193 54 letters
874 621 65 53 of
975 623 96 52 the
1109 623 183 68 artist,
1330 623 190 53 edited
1556 623 75 69 by
1668 622 212 55 Alfred
1920 624 77 54 H.
2037 625 168 67 Barr,
2240 623 72 70 jr.

324 699 1465 69 New York, The Museum of modern art [ c 1935]
395 771 1128 52 193. [1] p. incl. col. front., illus. 26 × 20 cm .
396 828 159 41 “Four
588 830 239 40 thousand
863 828 157 48 copies
1054 830 52 39 of
1138 828 99 42 this
1271 828 191 48 catalog
1495 839 124 31 were
1654 828 191 49 printed
1881 829 80 40 for
1992 831 80 40 the
2107 833 208 39 trustees

324 885 54 39 of
408 886 81 39 the
521 885 219 40 Museum
776 886 52 39 of
859 886 193 40 modern
1089 888 79 38 art
1200 886 59 47 by
1294 886 81 41 the
1409 884 158 49 Spiral
1602 895 150 38 press.
1789 886 116 41 New
1943 886 139 48 York,
324 887 1973 101 November,
447 940 157 42 1935.”

396 997 188 43 “Books
616 1008 95 30 van
747 997 134 48 Gogh
920 999 113 39 read
1067 1009 54 30 as
1157 999 127 40 cited
1319 999 50 40 in
1405 999 75 40 his
1516 998 225 42 letters”;
1778 1008 45 39 p.
1858 999 170 46 44-46;
2069 999 243 42 “Selected

323 1053 363 49 bibliography”:
743 1064 43 39 p.
812 1053 216 43 192-193.

325 1122 52 53 ©
405 1127 118 39 Nov.
551 1128 40 46 4,
623 1125 113 41 1935;
795 1127 66 40 2c.
892 1128 95 39 and
1018 1126 81 40 aff.
1129 1127 116 40 Nov.
1279 1127 80 43 13;
1391 1128 40 38 A
1460 1127 169 43 88388;
1663 1129 220 39 Museum
1916 1129 52 39 of
1995 1129 198 39 modern
2224 1131 91 38 art.

401 1182 280 49 (35-34461)

331 1284 414 67 [Newbrough,
779 1285 154 54 John
966 1285 223 67 Ballou]
1228 1289 324 52 1828-1891.

396 1360 256 69 Oahspe;
699 1363 94 54 the
837 1361 233 54 kosmon
1115 1364 337 53 revelations
1495 1363 57 51 in
1600 1363 93 52 the
1738 1364 183 51 words
1965 1363 62 51 of
2071 1363 244 53 Jehovih

325 1443 113 52 and
476 1439 90 54 his
604 1441 163 66 angel
806 1440 398 54 embassadors.
1288 1439 49 51 A
1373 1441 195 52 sacred
1607 1439 218 69 history
1864 1440 63 51 of
1967 1440 93 53 the
325 1440 1967 130 dominions
478 1517 62 52 of
569 1517 95 55 the
692 1517 203 68 higher
924 1517 113 52 and
1067 1518 170 52 lower
1265 1517 242 52 heavens
1534 1517 63 52 of
1626 1518 95 53 the
1750 1518 161 53 earth
1942 1517 92 52 for
2064 1518 94 53 the
2189 1524 129 63 past

326 1593 1968 147 twenty-four thousand years … Los Angeles and London, Kosmon press, 1935.
395 1753 76 37 xv,
513 1741 98 49 590,
656 1741 70 50 [2],
768 1741 200 42 591-891
1010 1753 41 37 p.
1112 1742 133 41 front.
1289 1743 172 47 (port.)
1511 1743 141 47 illus.,
1698 1744 155 47 plates
1881 1745 46 45 (1
1972 1745 143 50 fold.)
2166 1756 149 37 maps,

324 1800 178 46 charts,
533 1798 180 48 diagrs.
771 1799 57 40 26½
859 1801 43 21 cm
908 1829 8 8 .

397 1856 131 40 Each
557 1856 120 40 book
709 1856 88 40 has
827 1857 102 39 also
961 1859 225 44 separate
1219 1857 295 46 pagination.

325 1912 53 53 ©
404 1917 119 47 Aug.
549 1917 69 46 15,
647 1916 140 46 1935;
815 1916 66 39 2c.
908 1917 118 39 Nov.
1053 1915 80 46 12;
1164 1915 81 40 aff.
1274 1916 116 38 Nov.
1420 1917 81 45 14;
1531 1916 40 38 A
1600 1914 168 44 89380;
1801 1917 51 39 E.
1881 1917 144 47 Wing
2051 1917 264 48 Anderson,

394 1974 95 39 Los
511 1973 219 47 Angeles.
801 1971 279 49 (35-33134)

348 2076 224 65 [Nilsen,
601 2077 242 52 Anthon
872 2077 306 51 Bernhard
1210 2075 179 67 Elias]

397 2154 182 54 Glade
623 2154 279 67 ungdom;
948 2153 161 52 korte
1154 2171 259 34 romaner
1457 2152 94 53 fra
1597 2160 51 45 et
1692 2153 163 67 langt
1898 2153 97 66 liv,
2040 2172 70 33 av
2155 2153 160 54 Elias

325 2230 1363 71 Kræmmer [ pseud.] Oslo, Gyldendal, 1933.
397 2306 27 39 1
452 2317 41 29 v.

325 2359 1989 52 © Nov. 1, 1933; 1c. Dec. 27; A-Foreign 23231; Gyldendal Norsk forlag.
325 2451 213 65 North,
566 2449 279 65 Sterling,
873 2450 84 53 ed.

394 2525 76 54 So
500 2527 99 51 red
631 2527 94 51 the
758 2543 130 35 nose;
941 2543 81 49 or,
1044 2525 216 51 Breath
1281 2525 58 51 in
1360 2525 94 52 the
1489 2523 320 67 afternoon,
1829 2523 189 53 edited
2049 2523 76 69 by
324 2521 1966 152 Sterling
487 2603 188 54 North
717 2603 112 53 and
872 2602 136 54 Carl
1049 2602 224 66 Kroch;
1320 2601 324 53 illustrated
1688 2601 75 69 by
1806 2601 127 69 Roy
1976 2600 63 55 C.
2085 2599 227 53 Nelson.

322 2681 138 52 New
489 2681 179 66 York,
694 2681 214 51 Farrar
934 2679 46 51 &
1006 2679 299 67 Rinehart,
1330 2678 399 67 incorporated
1761 2711 14 33 [
1778 2684 18 22 c
1802 2680 151 64 1935]

399 2752 83 50 [72]
510 2763 40 37 p.
613 2753 126 40 illus.
800 2751 56 40 20
858 2754 43 21 cm
906 2784 8 8 .

393 2808 217 42 Cocktail
642 2809 182 46 recipes
850 2808 59 46 by
933 2807 58 41 30
1017 2807 195 47 leading
1234 2806 216 41 authors.

329 2864 52 53 ©
405 2869 117 38 Nov.
551 2868 70 46 29,
649 2867 113 40 1935;
820 2866 66 40 2c.
916 2867 112 40 Dec.
1056 2865 54 48 2;
1141 2865 82 40 aff.
1253 2866 117 38 Nov.
1400 2864 81 46 30;
1514 2866 40 37 A
1583 2863 142 42 89728;
1786 2865 184 40 Farrar
1996 2865 37 40 &
2062 2863 252 47 Rinehart,

395 2924 91 41 inc.
558 2923 279 49 (35-36166)

326 3015 542 52 Northumberland
905 3015 220 61 county
1154 3012 160 65 (Pa.)
1358 3009 304 54 historical
1697 3010 242 64 society.

458 3087 1830 70 … Proceedings and addresses. volume 7. [Sunbury, Pa.]
326 3170 119 52 The
476 3168 243 68 Society,
748 3171 149 50 1935.

397 3241 87 40 269
508 3252 42 37 p.
605 3241 163 46 front.,
796 3241 140 45 illus.,
964 3241 170 47 plates,
1162 3249 124 38 map,
1314 3240 127 46 plan,
1470 3237 189 41 facsim.
1713 3237 56 39 25½
1802 3239 43 21 cm
1850 3267 8 9 .

326 3294 52 53 ©
409 3299 124 47 Sept.
561 3298 70 47 30,
660 3297 139 46 1935;
830 3298 65 38 2c.
924 3299 94 37 and
1048 3296 78 40 aff.
1155 3296 100 40 Oct.
1286 3296 80 41 11;
1397 3296 40 37 A
1465 3294 142 40 87613;
1663 3292 444 41 Northumberland
2137 3295 176 46 county

402 3354 250 40 historical
680 3364 106 38 soc.,
817 3354 236 47 Sunbury,
1081 3353 82 39 Pa.

328 3416 192 52 North
564 3419 254 49 western
862 3416 198 65 digest.
1137 3413 261 58 October,
1442 3416 151 61 1935,
1635 3410 340 53 cumulative
2016 3409 297 69 pamphlet

458 3491 1225 68 … St. Paul, West publishing co. [ c 1935 ]
395 3565 87 39 290
510 3577 43 36 p.
612 3564 56 39 24
670 3567 45 21 cm
720 3597 8 8 .

331 3616 52 52 ©
414 3622 100 39 Oct.
545 3622 69 46 14,
641 3620 117 41 1935;
813 3621 66 39 2c.
911 3621 116 40 Nov.
1060 3620 59 39 16;
1176 3618 81 41 aff.
1288 3620 118 39 Nov.
1438 3619 54 38 21;
1554 3618 39 38 A
1625 3615 145 41 89530;
1827 3616 138 39 West
1991 3614 109 49 pub.
2132 3623 68 32 co.

328 3708 330 62 Notestein,
691 3708 267 62 Wallace,
992 3708 171 54 1879-
1372 3708 84 53 ed.

400 3781 1845 71 Commons debates, 1621 [edited by] Wallace Notestein …
329 3858 1975 70 Frances Helen Relf … [and] Hartley Simpson … New Haven,
331 3937 144 53 Yale
504 3935 315 70 university
847 3956 182 48 press;
1059 3938 256 65 London,
1342 3938 76 53 H.
1446 3934 262 68 Milford,
1738 3935 225 55 Oxford
1994 3932 309 64 university

333 4032 167 40 press,
532 4018 149 50 1935.
