2424 4375
1053 4073 64 49 505

106 455 314 55 American
451 456 277 55 institute
757 457 64 54 of
850 456 291 55 electrical
1171 458 330 64 engineers.

107 532 1986 150 Transactions … [Volume 53] January to December, 1934, including certain 1933 material, as explained in the preface.
109 688 138 54 New
284 689 178 67 York,
499 691 68 52 N.
607 693 89 63 Y.,
733 692 118 52 The
884 689 306 55 American
1224 692 260 52 institute
1523 691 62 52 of
1622 692 283 54 electrical
106 693 1965 141 engineers,
310 771 148 51 1934.

176 840 1674 51 2 p. l., 1832 p. illus. (incl. ports.) col. plates., diagrs. 29½ cm .
109 895 53 52 ©
190 899 109 40 Jan.
329 898 69 48 28,
429 898 116 41 1935;
601 899 66 40 2c.
698 900 115 47 May
841 899 56 40 27;
955 898 81 41 aff.
1068 900 113 47 May
1212 898 81 48 24;
1327 901 41 38 A
1399 900 169 45 83336;
1601 899 145 40 Amer.
1791 899 229 41 institute
2046 902 53 39 of

176 955 244 41 electrical
449 955 263 49 engineers.

104 1044 315 56 American
466 1046 245 54 medical
758 1046 373 54 association.
1226 1047 238 54 Council
1509 1066 74 33 on
1622 1048 313 67 pharmacy
1981 1048 113 51 and

175 1124 319 68 chemistry.

176 1204 139 52 New
351 1204 111 51 and
496 1200 316 57 nonofficial
843 1200 287 70 remedies,
1167 1206 151 51 1935,
1352 1202 335 69 containing
1720 1202 374 69 descriptions

107 1282 63 51 of
204 1282 95 53 the
332 1280 222 54 articles
590 1280 185 54 which
809 1282 166 53 stand
1010 1281 262 68 accepted
1306 1281 74 68 by
1415 1281 96 53 the
1546 1280 238 57 Council
1818 1301 72 34 on
106 1282 1964 145 pharmacy
306 1360 112 52 and
455 1359 305 68 chemistry
797 1360 63 52 of
895 1360 97 53 the
1027 1359 306 54 American
1369 1359 241 53 medical
1648 1359 337 54 association
2023 1380 72 33 on

106 1439 262 67 January
426 1442 47 62 1,
532 1441 148 49 1935.
776 1438 267 68 Chicago,
1100 1437 305 54 American
1459 1438 241 54 medical
1758 1436 337 57 association

113 1551 12 33 [
127 1525 21 20 c
153 1521 150 64 1935]

177 1590 99 48 510,
303 1590 70 41 lxi
400 1602 42 37 p.
498 1590 56 40 20
556 1593 44 20 cm
606 1622 8 7 .

106 1644 53 52 ©
185 1649 112 46 May
322 1647 68 47 13,
416 1645 114 41 1935;
583 1646 66 40 2c.
677 1646 114 47 May
815 1645 58 39 20;
925 1645 80 39 aff.
1035 1645 115 47 May
1174 1644 55 40 18;
1284 1644 40 40 A
1350 1644 143 41 83175;
1548 1645 145 39 Amer.
1733 1644 204 41 medical
1967 1656 126 30 assn.

106 1794 314 54 American
447 1794 225 64 society
697 1793 63 55 of
784 1792 247 66 heating
1054 1793 114 53 and
1196 1790 357 67 ventilating
1578 1792 328 65 engineers.

239 1869 1856 70 … Guide, 1935 … containing reference data on the design
107 1951 112 52 and
245 1949 385 70 specification
656 1950 62 54 of
744 1949 235 68 heating
1005 1949 112 53 and
1145 1948 343 68 ventilating
1514 1949 478 67 systems—based
2022 1969 72 33 on

104 2029 95 55 the
229 2027 544 55 transactions—the
801 2026 434 69 investigations
1265 2025 64 54 of
1356 2027 96 52 the
1481 2028 255 52 research
1765 2027 328 67 laboratory

106 2108 113 52 and
245 2107 367 68 cooperating
641 2105 540 54 institutions—and
1210 2105 98 54 the
1334 2106 248 66 practice
1609 2105 63 53 of
1699 2106 98 52 the
1819 2107 274 52 members

107 2187 113 52 and
265 2186 220 53 friends
529 2185 62 52 of
634 2185 93 51 the
773 2183 243 67 Society,
1057 2183 260 67 together
1361 2183 140 52 with
1545 2204 30 32 a
1619 2184 473 53 manufacturers’

105 2266 223 66 catalog
357 2265 134 51 data
520 2263 212 53 section
760 2259 332 69 containing
1120 2261 263 52 essential
1412 2261 113 53 and
1555 2261 232 54 reliable
106 2261 1963 134 information
262 2341 339 67 concerning
636 2341 235 52 modern
905 2337 353 69 equipment;
1296 2339 117 55 also
1449 2339 95 53 the
1579 2341 110 51 roll
1724 2340 62 53 of
107 2342 1962 147 membership
275 2420 64 52 of
378 2421 94 52 the
515 2418 243 67 Society,
799 2417 138 53 with
979 2417 275 67 complete
1293 2416 229 54 indexes
1562 2421 58 50 to
1660 2418 279 54 technical
1980 2420 112 52 and

107 2494 1984 73 catalog data. v. 13 … New York, N. Y., American society of
103 2577 235 67 heating
362 2577 112 52 and
501 2573 345 68 ventilating
871 2571 294 69 engineers
1195 2607 14 33 [
1210 2580 22 20 c
1237 2577 152 63 1935]

176 2652 61 44 vi,
264 2651 98 45 962,
389 2651 54 39 57
470 2660 43 37 p.
569 2648 143 47 illus.,
740 2647 178 47 diagrs.
946 2645 49 48 (1
1021 2646 144 46 fold.)
1228 2645 59 39 22½
1316 2649 43 20 cm
1364 2678 8 8 .

107 2706 53 51 ©
187 2710 121 37 Mar.
337 2708 39 45 8,
404 2705 140 46 1935;
574 2705 66 39 2c.
671 2705 95 38 and
796 2703 80 40 aff.
906 2704 121 37 Mar.
1056 2702 82 46 21;
1169 2703 41 37 A
1238 2702 169 46 81115;
1439 2702 158 40 Amer.
1628 2713 92 29 soc.
1751 2704 53 39 of
1831 2702 198 50 heating
2059 2705 36 39 &

175 2762 292 48 ventilating
489 2760 261 49 engineers.

168 2848 1924 136 … L’année aéronautique. 15 e année. 1933-1934. Par L. Hirschauer … et Ch. Dollfus … avec la collaboration de: m me
177 3003 1913 69 Jaffeux-Tissot … m. Raymond Chabert … Paris, Dunod,
178 3091 149 50 1934.

178 3162 87 40 388
289 3172 58 37 p.,
372 3160 81 44 1.l.
509 3159 142 43 illus.,
680 3156 169 46 tables,
876 3152 176 50 diagrs.
1108 3154 58 39 27
1167 3155 45 22 cm
1216 3185 9 8 .

108 3208 1507 59 © Jan. 2, 1935; 1c. Apr. 16; A- Foreign 27668; Dunod.
109 3304 267 55 Atlantic
407 3307 281 64 reporter;
725 3318 147 37 cases
908 3299 213 68 argued
1156 3298 111 53 and
1301 3298 348 53 determined
1683 3298 61 52 in
1775 3300 96 53 the
1903 3304 188 49 courts

179 3384 62 52 of
286 3380 384 65 Connecticut,
712 3378 314 65 Delaware,
1068 3375 211 67 Maine,
1320 3376 327 66 Maryland,
1689 3377 138 51 New
176 3377 1889 150 Hampshire,
384 3461 138 51 New
562 3460 217 63 Jersey,
819 3453 439 67 Pennsylvania,
1300 3453 201 53 Rhode
1539 3452 217 57 Island,
1797 3455 293 67 Vermont,

179 3538 139 54 with
362 3538 110 66 key
511 3534 237 53 number
793 3530 358 55 annotations.
1248 3550 52 33 v.
1347 3529 114 54 175.
1542 3532 333 66 November,
178 3536 1915 146 1934-January,
486 3616 149 51 1935.
703 3610 82 54 St.
814 3610 164 65 Paul,
1003 3610 163 55 West
1190 3607 335 68 publishing
1552 3626 97 48 co.,
1678 3611 150 50 1935.

179 3690 97 47 xvi,
306 3688 118 41 1032
448 3697 43 38 p.
550 3684 59 41 26½
638 3686 45 21 cm
687 3715 7 8 .

109 3746 53 52 ©
185 3749 120 39 Mar.
332 3746 68 46 14,
426 3741 113 42 1935;
594 3740 65 40 2c.
687 3738 94 41 and
807 3737 81 41 aff.
914 3737 113 48 Apr.
1054 3736 59 40 26;
1166 3736 42 39 A
1234 3735 146 41 82725;
1434 3736 136 39 West
1594 3736 109 48 pub.
1731 3747 67 30 co.

109 3822 288 62 Atwater,
423 3819 138 51 Mrs.
588 3817 172 58 Mary
790 3811 248 64 (Meigs)
1074 3812 171 53 1878-

243 3885 1847 69 … Crime in corn-weather, by Mary M. Atwater. Boston and
108 3978 138 51 New
272 3973 180 66 York,
477 3967 319 69 Houghton
822 3962 202 56 Mifflin
1052 3982 294 50 company,
1376 3966 132 50 1935.
