2424 4375
1048 4071 130 48 1001

152 457 334 54 [Alexander
513 458 341 64 publishing
877 475 302 48 company,
1209 461 138 51 New
1378 459 178 66 York]

201 535 238 52 Federal
478 536 264 52 Revenue
779 540 92 47 act
907 535 65 52 of
1011 539 138 48 1934
1184 535 261 67 showing
1480 535 246 68 changes
1760 534 152 52 from
1953 534 159 67 prior

130 611 1979 69 law, approved May 10, 1934 … with explanation of changes;
129 694 253 63 excerpts
417 688 151 54 from
601 689 416 69 congressional
1049 695 223 62 reports
1302 691 113 52 and
1447 689 294 68 hearings;
1776 695 122 48 text
1931 689 63 53 of

129 690 1956 142 income,
323 772 191 62 estate,
540 767 136 68 gift,
705 768 112 53 and
849 773 185 62 stamp
1066 773 100 48 tax
1194 769 165 66 laws;
1394 768 228 67 general
1655 767 456 54 administrative

131 845 342 67 provisions;
516 846 187 67 digest
739 844 65 54 of
840 846 427 53 miscellaneous
1302 850 175 49 taxes.
1575 845 156 66 [New
1771 844 179 67 York,
1991 846 120 51 The

128 922 325 53 Alexander
481 920 334 71 publishing
842 940 296 51 company,
1167 923 126 68 inc.,
1319 929 21 22 c
1344 926 151 63 1934]

192 996 97 47 252,
340 996 40 48 [8]
414 1007 40 36 p.
515 996 55 40 23½c
620 997 27 22 m
651 1025 9 10 .

194 1052 157 39 Blank
381 1061 146 39 pages
553 1052 79 40 for
661 1051 211 42 “Memo”
900 1052 83 50 ([8]
1013 1054 54 40 at
1094 1052 117 48 end)

123 1104 52 53 ©
200 1110 113 46 May
338 1109 67 47 10,
433 1108 139 47 1934;
599 1109 66 40 2c.
693 1110 116 47 July
833 1109 68 47 25,
929 1109 139 46 1935;
1100 1108 80 41 aff.
1212 1110 115 47 July
1352 1108 53 47 2;
1433 1109 42 38 A
1500 1108 169 46 84732;
1698 1109 273 39 Alexander
2000 1109 107 46 pub.

193 1177 80 35 co.,
302 1166 87 39 inc.
465 1165 277 49 (35-11138)

120 1239 313 55 American
466 1240 212 65 digest.

189 1316 243 56 Current
460 1317 187 68 digest
676 1318 331 67 (American
1037 1318 187 67 digest
1252 1318 235 67 system)
1528 1319 221 52 volume
1783 1321 79 48 14.
124 1318 1958 143 January

254 1399 46 60 1,
331 1398 150 64 1935,
507 1401 58 48 to
593 1397 138 65 May
758 1400 84 63 31,
872 1399 147 49 1935.
1083 1397 58 51 A
1168 1396 185 67 digest
1380 1396 62 52 of
1472 1397 77 50 all
1577 1401 225 47 current
1832 1394 274 54 decisions

123 1472 63 53 of
222 1473 94 52 the
353 1473 305 52 American
695 1477 185 49 courts
919 1492 58 34 as
1015 1474 263 66 reported
1317 1475 59 51 in
1412 1474 94 53 the
1543 1475 272 51 National
1852 1478 254 62 reporter

119 1555 206 61 system
364 1551 110 51 and
511 1551 94 52 the
642 1554 143 49 state
820 1556 236 62 reports,
1093 1550 335 68 continuing
1463 1552 95 51 the
1595 1551 183 52 Third
1816 1552 291 51 decennial

121 1626 1986 68 digest … by the publisher’s editorial staff. St. Paul, West
125 1703 333 68 publishing
483 1723 96 48 co.,
609 1707 147 50 1935.

191 1777 80 46 vii,
301 1777 117 39 2255
447 1788 41 37 p.
548 1777 53 39 26
605 1780 45 20 cm
654 1809 8 8 .

125 1829 51 52 ©
204 1834 115 47 July
347 1833 69 47 26,
446 1833 140 47 1935;
615 1833 68 40 2c.
710 1834 120 47 Aug.
858 1834 50 45 6;
938 1833 81 40 aff.
1050 1834 119 47 Aug.
1198 1833 53 47 5;
1280 1834 42 39 A
1350 1833 170 46 85394;
1552 1835 133 39 West
1714 1835 107 47 pub.
1853 1845 66 29 co.

124 1951 326 64 Anderson,
479 1952 302 63 Marjorie.

191 2027 1912 68 Old English handbook, by Marjorie Anderson … and
123 2104 1540 66 Blanche Colton Williams … Boston, New York
120 2107 1957 141 [etc.] Houghton Mifflin company [ c 1935]
190 2252 1515 52 vii, 503 p. front. (facsim.) illus. (map) diagr. 20½c m .
192 2310 112 49 Map
337 2322 58 30 on
426 2311 134 40 front
593 2310 334 49 lining-paper.

530 2365 1066 49 CONTENTS.—Grammar.—Reader.—Notes.—Glossary.

123 2420 51 52 ©
202 2425 115 47 July
345 2425 68 45 15,
442 2423 138 41 1935;
610 2424 64 39 2c.
705 2424 116 46 July
849 2423 81 41 25;
962 2423 80 40 aff.
1074 2424 118 46 July
1219 2423 82 41 24;
1333 2424 40 38 A
1402 2424 169 46 85178;
1605 2426 61 38 M.
1696 2425 264 49 Anderson,
186 2427 1905 101 Sandusky,

385 2481 66 46 O.,
479 2482 95 38 and
603 2481 216 39 Blanche
849 2480 170 40 Colton
1047 2479 254 42 Williams.
1328 2481 118 39 New
1473 2481 144 39 York.

198 2538 278 47 (35-10885)

125 2612 206 64 Aymé,
360 2612 234 55 Marcel.

191 2689 106 53 Les
330 2692 188 49 contes
550 2689 76 50 du
659 2688 131 51 chat
823 2686 218 68 perché,
1074 2691 153 48 texte
1259 2688 67 51 de
1358 2688 214 52 Marcel
1606 2687 211 68 Aymé;
122 2687 1959 132 illustrations

297 2765 67 52 de
391 2765 70 53 N.
489 2764 254 54 Altman.
830 2763 183 68 [PariS]
1047 2763 320 55 Gallimard
1404 2768 170 63 [1934]

193 2838 97 47 138,
323 2839 54 48 [4]
408 2848 42 37 p.
511 2839 85 39 col.
624 2838 128 40 illus.
811 2838 56 39 24½c
915 2839 27 22 m
946 2868 9 9 .

120 2891 1984 52 © Dec. 1, 1934; 1c. Mar. 5, 1935; A-Foreign 27190; Librairie Gallimard.
200 2952 278 47 (35-11175)

126 3024 249 65 Babson,
404 3028 193 61 Roger
623 3027 196 64 Ward,
851 3027 168 53 1875-

196 3104 265 53 Business
503 3103 343 53 barometers
887 3103 136 53 used
1068 3103 60 52 in
1172 3103 94 53 the
1311 3108 397 62 management
1749 3103 64 53 of
1856 3104 252 53 business

128 3182 110 51 and
275 3181 338 54 investment
649 3180 64 53 of
746 3198 229 50 money;
1016 3200 30 34 a
1084 3186 123 47 text
1239 3181 147 52 book
1423 3200 71 33 on
1531 3182 227 66 applied
1799 3183 308 51 economics

128 3257 90 53 for
255 3259 337 66 merchants,
629 3258 241 53 bankers
907 3259 113 52 and
1060 3258 294 66 investors,
1393 3259 75 66 by
1506 3259 190 66 Roger
1732 3259 90 53 W.
1867 3259 239 54 Babson.

130 3335 1952 146 (24th ed.) Babson Park, Mass., Babson’s reports incorporated [ c 1935]
191 3487 97 47 370,
320 3488 54 48 [7]
402 3497 42 37 p.
505 3488 156 39 tables
688 3486 134 48 (part
851 3486 140 48 fold.)
1030 3486 178 47 diagrs.
1238 3486 133 48 (part
1399 3486 144 47 fold.)
1609 3486 55 40 19
1667 3489 15 21 cm
1715 3518 7 7 .

193 3543 72 40 On
292 3554 165 29 cover:
491 3543 232 41 Business
753 3544 296 39 barometers
1078 3543 82 39 for
1190 3541 321 48 anticipating
1543 3542 281 40 conditions.

121 3595 51 52 ©
195 3601 117 46 July
332 3601 68 45 12,
423 3600 139 45 1935;
586 3600 64 40 2c.
675 3601 118 46 July
812 3600 80 46 26;
918 3600 81 40 aff.
1024 3600 117 47 Aug.
1168 3601 51 38 5:
1244 3600 40 38 A
1307 3598 169 46 85194;
1505 3600 54 39 R.
1584 3601 70 39 W.
1681 3601 206 46 Babson,

188 3602 1900 102 Wellesley
294 3657 141 47 Hills,
466 3658 144 38 Mass.
682 3657 277 47 (35-11135)

127 3730 207 64 Barns,
364 3732 275 53 Florence
666 3732 258 52 Elberta.

128 3807 1954 129 Texas writers of today, by Florence Elberta Barns … foreword
316 3885 1788 70 by Robert Adger Law … [v. 1] [1935] Dallas, Tex.,
127 3961 1028 68 Tardy publishing company [ c 1935]
