2424 4375
0 0 0 0 1039
153 443 256 63 Kanner,
438 443 133 62 Leo,
605 448 168 49 1894-

220 516 1911 71 Child psychiatry, by Leo Kanner … with prefaces by Adolf
151 593 1954 146 Meyer… and Edwards A. Park … Springfield, Ill., Baltimore, Md., C. C. Thomas [ c 1935 ]
220 743 132 47 xviii.
378 742 84 41 527
487 753 56 37 p.,
568 744 24 38 1
642 775 9 9 l.
709 743 57 40 26
768 744 46 23 cm
816 775 9 9 .

223 799 66 39 “A
321 800 81 40 list
430 800 52 40 of
508 799 197 48 pioneer
732 800 159 41 works
919 802 201 38 devoted
1152 802 49 39 to
1230 800 127 41 child
1391 800 335 49 psychiatry”:
1760 811 42 38 p.
1834 800 134 43 xviii.

147 854 56 53 ©
227 859 125 39 June
376 858 68 46 26,
471 857 138 43 1935;
638 858 65 40 2c.
730 859 116 47 July
868 857 83 47 29;
979 859 80 39 aff.
1090 859 116 48 July
1230 859 82 47 31;
1340 861 41 37 A
1405 859 169 47 85265;
1604 860 201 40 Charles
1833 860 48 40 C.
1909 860 222 41 Thomas.

230 915 277 47 (35-11862)

153 1019 360 64 Kaufmann,
540 1018 230 55 Alfred.

218 1094 238 53 Modern
495 1094 229 68 Europe
763 1093 151 53 from
951 1095 96 51 the
1085 1094 281 53 sixteenth
1403 1099 234 63 century
1673 1102 59 45 to
1770 1094 95 53 the
1905 1098 227 64 present

148 1169 1982 71 time, by Alfred Kaufmann … Rev. ed. Boston, New York
171 1255 117 60 [etc.]
321 1249 176 68 Allyn
527 1249 113 52 and
665 1249 194 52 Bacon
890 1281 14 35 [
907 1254 20 22 c
931 1251 151 65 1935]

221 1322 101 41 xiii.
415 1353 9 15 [1],
449 1320 85 41 613
555 1332 57 36 p..
637 1322 23 38 1
708 1352 24 17 l.,
759 1321 58 40 55
837 1331 42 37 p.
933 1321 86 41 col.
1043 1321 163 45 front.,
1234 1321 141 45 illus.,
1404 1331 135 38 maps
1566 1322 137 47 (part
1728 1321 195 49 double)
1988 1321 55 42 19½
2074 1323 45 23 cm
2122 1353 10 10 .

154 1378 112 48 [The
298 1377 480 41 Betten-Kaufmann
812 1377 241 50 histories]

152 1433 1965 105 “The second half of Betten and Kaufmann’s ‘Modern world’ … expanded into an independent volume.”—Pref.
223 1545 323 49 “Companion
584 1546 188 40 volume
809 1548 50 39 to
897 1546 185 41 Father
1116 1545 215 42 Betten’s
1369 1546 221 42 ‘Ancient
1627 1548 95 40 and
1763 1546 237 42 medieval
152 1547 1965 99 history’.”—Pref.

223 1657 160 41 “Book
409 1657 136 41 list”:
573 1668 44 38 p.
643 1657 144 41 19-24
813 1660 54 39 at
890 1659 104 39 end.

151 1711 51 53 ©
229 1717 125 39 June
378 1715 69 48 24,
474 1715 139 48 1935;
638 1715 68 41 2c.
733 1718 94 38 and
854 1715 81 41 aff.
965 1716 116 48 July
1106 1718 53 45 5;
1187 1717 41 38 A
1252 1716 169 47 84538;
1452 1718 144 47 Allyn
1622 1718 38 40 &
1686 1718 174 39 Bacon.

229 1773 278 47 (35-11751)

152 1877 244 63 Keyser,
424 1876 144 53 Paul
598 1877 271 55 Edward.

219 1952 338 68 Improving
598 1971 103 33 our
742 1951 338 67 leadership,
1120 1953 75 67 by
1236 1953 146 51 Paul
1426 1953 250 52 Edward
1719 1953 246 68 Keyser;
153 1972 1957 124 prepared
371 2031 179 53 under
596 2030 94 52 the
736 2029 251 69 auspices
1033 2029 63 53 of
1141 2031 95 54 the
1280 2030 204 53 Parish
1532 2031 106 52 and
1689 2031 207 52 church
1945 2032 188 53 school

150 2107 1979 147 board of the United Lutheran church of America. Philadelphia, Pa., The United Lutheran publication house [ c 1935]
220 2259 86 40 144
333 2269 44 38 p.
436 2258 145 41 19½cm.

221 2315 347 47 Bibliography
597 2317 51 39 at
674 2316 91 39 end
792 2315 54 40 of
871 2315 117 39 each
1016 2315 213 46 chapter.

153 2368 52 52 ©
233 2373 112 46 May
373 2372 69 45 24,
472 2370 138 47 1935;
643 2371 65 40 2c.
738 2372 95 39 and
861 2371 80 40 aff.
972 2371 125 39 June
1129 2371 53 45 6;
1213 2372 40 37 A
1284 2370 168 48 83486;
1484 2373 162 38 Board
1675 2372 52 40 of
1756 2372 297 48 publication
2083 2374 54 39 of

218 2430 81 38 the
330 2429 177 39 United
535 2429 248 39 Lutheran
812 2428 192 40 Church
1032 2428 50 38 in
1110 2427 235 48 America,
1377 2427 348 49 Philadelphia.

229 2485 279 48 (35-12059)

152 2570 334 66 Klineberg,
515 2571 159 64 Otto,
705 2576 167 49 1899-

220 2645 1914 69 Race differences, by Otto Klineberg … New York and
150 2726 254 60 London,
433 2724 233 65 Harper
692 2726 46 49 &
763 2724 276 66 brothers,
1070 2726 148 49 1935.

222 2798 51 40 ix
298 2809 58 38 p.,
383 2798 26 39 1
456 2827 24 18 l.,
506 2796 88 42 367
618 2807 44 37 p.
719 2795 116 42 21cm.

223 2854 161 39 “First
416 2852 226 41 edition.”

223 2909 346 48 Bibliography
596 2911 54 39 at
675 2909 92 40 end
795 2908 52 40 of
874 2908 118 40 each
1020 2906 212 49 chapter.

155 2963 52 52 ©
233 2967 114 46 July
376 2966 69 46 24,
473 2965 139 46 1935;
640 2965 67 39 2c.
734 2965 116 47 July
875 2963 82 46 24;
988 2963 81 40 aff.
1099 2964 114 47 July
1242 2964 81 46 26;
1353 2965 40 37 A
1419 2964 169 46 85225;
1619 2965 192 47 Harper
1839 2965 36 39 &
1901 2966 123 38 bros.

233 3022 278 48 (35-12065)

154 3107 303 64 Klinkner,
484 3108 286 62 Anthony
796 3106 350 63 Ferdinand,
1177 3110 169 51 1880-

223 3183 252 54 Selected
516 3199 205 51 poems,
761 3181 75 69 by
876 3181 275 68 Anthony
1194 3181 62 50 F.
1301 3180 299 53 Klinkner.
1692 3178 296 70 Dubuque,
2068 3198 67 52 Ia.,

154 3263 147 50 1935.

222 3332 55 39 74
310 3341 43 37 p.
412 3331 127 39 illus.
568 3328 171 50 (port.)
806 3328 144 49 19½cm.

156 3387 52 52 ©
236 3392 114 47 July
377 3390 41 48 2,
446 3389 140 47 1935;
616 3389 67 40 2c.
712 3389 114 47 July
857 3390 51 45 5;
940 3387 81 41 aff.
1053 3387 113 48 July
1200 3388 80 44 13;
1312 3388 40 38 A
1381 3387 170 46 85042;
1582 3388 54 38 A.
1672 3387 51 40 F.
1754 3387 251 48 Klinkner,
222 3389 1894 106 Dubuque,
450 3457 40 28 Ia.
561 3445 278 48 (35-11906)

158 3535 228 64 Kroger
411 3551 248 48 grocery
685 3535 114 52 and
827 3534 218 64 baking
1073 3549 81 39 co.

223 3610 249 68 Grocery
501 3608 485 69 merchandising;
1020 3611 229 52 student
1279 3627 235 48 grocery
1543 3609 314 65 manager’s
1887 3609 245 52 manual.

155 3686 343 63 Cincinnati,
534 3687 87 66 O.,
653 3687 226 67 Kroger
914 3704 234 49 grocery
1184 3686 112 52 and
1331 3685 213 66 baking
1578 3703 98 47 co.,
1712 3687 149 50 1934.

224 3757 1105 51 5 p. l., 179 p. 2 illus. (1 mounted) 22cm.
225 3815 131 40 Each
386 3816 181 40 section
595 3815 232 48 preceded
853 3816 60 46 by
941 3814 236 40 half-title
1204 3816 83 37 not
1316 3813 223 40 included
1567 3813 48 38 in
1646 3813 81 40 the
1756 3813 190 48 paging.

225 3870 162 42 “First
415 3870 225 42 edition.”

160 3922 52 52 ©
241 3928 109 39 Dec.
383 3928 39 46 1,
452 3927 114 40 1934;
626 3926 66 40 2c.
724 3926 95 40 and
849 3925 80 41 aff.
961 3926 115 47 July
1106 3924 69 48 25,
1208 3924 139 47 1935;
1380 3925 42 38 A
1453 3924 168 47 84741;
1654 3925 187 47 Kroger
1870 3933 201 38 grocery
2100 3923 36 39 &

406 3982 420 34 baking co. (35-11708)
