2424 4375
1321 4113 101 49 350

354 499 298 66 Galigher,
679 500 209 54 Albert
914 502 272 64 Edward,
1216 508 170 49 1899-

421 577 122 52 The
569 577 291 53 essentials
884 576 65 54 of
973 577 276 68 practical
1274 577 478 70 microtechnique
1779 579 60 52 in
1865 576 213 56 animal
2102 576 245 71 biology,

354 654 72 68 by
471 654 207 53 Albert
721 655 66 51 E.
835 654 305 70 Galigher;
1189 655 324 54 illustrated
1557 655 141 54 with
1746 660 64 49 58
1855 656 249 69 original
353 656 1969 145 photomicrographs
777 734 112 52 and
919 733 306 69 drawings.
1300 734 295 69 Berkeley,
1627 733 195 69 Calif.,
1852 735 71 53 A.
1957 735 66 52 E.
2056 733 291 70 Galigher,

353 811 124 65 inc.,
508 810 356 70 Laboratory
893 811 65 53 of
983 811 496 69 microtechnique,
1512 816 150 50 1934.

425 884 88 40 288
542 895 42 37 p.
645 884 143 48 illus.,
820 885 176 48 diagrs.
1058 885 54 40 23½
1146 888 44 21 cm
1195 916 9 9 .

427 940 379 43 “References”:
839 952 41 38 p.
913 941 220 42 280-281.

357 1006 53 53 ©
440 1010 107 40 Jan.
578 1010 70 48 10,
679 1010 118 41 1935;
852 1011 65 40 2c.
947 1012 111 39 Jan.
1088 1010 82 49 21;
1203 1011 82 41 aff.
1317 1011 111 42 Feb.
1460 1013 25 39 7;
1543 1013 47 38 A
1615 1012 170 48 80362;
1817 1014 54 39 A.
1904 1014 50 38 E.
1989 1012 243 48 Galigher,
2262 1013 88 40 inc.

436 1067 253 50 (35-4486)

357 1169 265 68 Galopin,
649 1170 283 68 Arnould,
962 1177 170 50 1865-

490 1249 1857 70 … La dernière incarnation d’Edgar Pipe, roman. Paris,
355 1327 71 53 A.
458 1326 214 55 Michel
727 1331 151 64 [1934]

430 1399 98 48 349,
561 1400 55 49 [1]
649 1410 43 37 p.
752 1401 24 38 1
807 1400 128 42 illus.
994 1400 57 41 19
1053 1403 44 22 cm
1101 1432 10 10 .

359 1466 1883 55 © Oct. 27, 1934; 1c. Feb. 2, 1935; A- Foreign 26824; Albin Michel.
438 1528 251 49 (35-4551)

359 1631 216 65 Ganoe,
603 1630 256 56 William
886 1632 348 66 Addleman,
1266 1640 171 48 1881-

359 1707 1973 149 Soldiers unmasked, by William Addleman Ganoe … [Hartford, Printed by the Payne-Davidson co.] 1935.
431 1860 1352 50 3 p. l., ii p., 1 l., 136 p., 1 l. front. (port.) 19 ½ cm .
434 1917 100 39 Ten
566 1917 138 40 radio
739 1917 130 41 talks
902 1929 60 29 on
995 1919 81 39 the
1109 1917 246 41 activities
1387 1919 52 39 of
1472 1919 82 40 the
1586 1916 256 42 American
1875 1927 138 37 army
2045 1915 49 41 in
2129 1927 102 30 war
2262 1917 89 40 and

365 1983 157 38 peace.

436 2030 180 41 “Other
643 2031 148 40 books
820 2029 391 42 recommended”:
1270 2042 42 37 p.
1344 2031 113 49 [137]

361 2096 53 54 ©
441 2102 121 38 Mar.
589 2100 39 47 9,
656 2101 113 40 1935;
826 2101 66 40 2c.
920 2103 121 38 Mar.
1069 2100 56 40 12;
1181 2103 41 38 A
1249 2101 141 41 80943;
1450 2102 70 40 W.
1548 2102 54 39 A.
1632 2101 177 48 Ganoe,
1837 2102 196 40 Boston.

441 2158 251 48 (35-4475)

364 2259 284 67 Gardner,
675 2262 190 64 Percy
887 2259 391 67 Winchester,
1307 2266 172 51 1881-

435 2338 1862 69 A lawyer’s philosophy of life, by Percy W. Gardner …;
367 2417 234 67 Boston,
626 2417 124 53 The
775 2417 224 55 Beacon
1026 2435 176 51 press,
1227 2417 127 67 inc.,
1383 2420 150 50 1935.

435 2489 495 49 2 p. l. , 49 p. 21 cm .
367 2541 53 53 ©
448 2547 122 39 Mar.
598 2546 41 47 4,
667 2545 141 49 1935;
837 2545 67 41 2c.
933 2545 97 41 and
1057 2545 84 41 aff.
1170 2547 122 39 Mar.
1322 2545 54 49 6;
1406 2547 41 38 A
1475 2545 170 48 80813;
1678 2547 194 39 Beacon
1899 2555 150 39 press,
2080 2544 90 41 inc.

446 2603 251 48 (35-4468)

364 2701 244 67 Garner,
638 2706 205 52 James
870 2705 269 64 Wilford,
1173 2707 171 53 1871-

441 2779 269 54 Political
739 2781 208 52 science
979 2781 112 52 and
1120 2785 386 64 government,
1532 2779 75 69 by
1635 2779 194 54 James
1857 2778 255 54 Wilford
2143 2776 215 55 Gamer

530 2856 137 55 New
722 2856 178 69 York,
954 2856 326 56 Cincinnati
1354 2865 122 60 [etc.]
1535 2856 305 55 American
1891 2854 145 54 book
2088 2870 270 53 company

379 2967 14 36 [
397 2940 19 23 c
421 2936 152 66 1935]

438 3020 44 35 x,
511 3008 83 41 821
622 3019 41 37 p.
720 3009 48 39 23½
808 3012 15 20 cm
857 3040 9 9 .

441 3066 246 39 “Selected
719 3064 299 42 references”
1049 3068 54 38 at
1131 3066 82 40 the
1241 3065 262 48 beginning
1531 3064 53 41 of
1614 3068 125 37 most
1766 3063 54 42 of
1851 3066 80 39 the
1958 3064 238 48 chapters.

369 3131 52 52 ©
449 3135 121 40 Mar.
599 3136 69 47 14,
697 3134 113 41 1935;
867 3135 66 40 2c.
961 3137 95 39 and
1086 3135 81 40 aff.
1197 3136 122 39 Mar.
1346 3134 56 40 21;
1460 3135 41 39 A
1529 3134 144 40 81121;
1730 3135 148 38 Amer.
1918 3135 124 39 book
2068 3144 69 30 co.
441 3132 1900 107 [Copyright
597 3192 43 39 is
667 3192 205 41 claimed
901 3203 61 29 on
990 3192 252 49 revisions]
1314 3190 251 50 (35-4497)

370 3293 273 66 Gartner,
671 3295 147 52 Karl
842 3295 189 64 Knox,
1060 3300 171 50 1886-

373 3369 1964 147 A cure for the bureaucracy that has developed in the regulation of interstate transportation, by Karl Knox Gartner …
375 3527 397 66 Washington,
796 3526 73 53 D.
899 3525 83 69 C.,
1012 3530 150 50 1935.

443 3598 913 49 3 p. l. , 56 p. double diagr. 23 cm .
374 3666 52 52 ©
458 3670 108 39 Jan.
599 3668 68 46 21,
701 3668 139 47 1935;
873 3668 67 40 2c.
974 3670 98 39 and
1102 3668 82 40 aff.
1218 3668 110 39 Feb.
1361 3666 81 48 12;
1477 3668 41 38 A
1550 3665 169 48 80399;
1755 3666 59 39 K.
1847 3666 57 38 K.
1940 3665 222 46 Gartner,

441 3663 1900 110 Washington.
693 3723 248 50 (35-4400)

372 3828 203 62 Glenn,
604 3828 115 53 Isa.

505 3894 1851 72 … The little candle’s beam. Garden City, N. Y., Doubleday,
377 3978 193 51 Doran
595 3981 44 48 &
665 3994 295 50 company,
987 3977 126 67 inc.,
1143 3980 150 49 1935.

443 4047 573 50 7 p. l. , 3-307 p. 20 cm .
