2424 4375
1240 4066 101 52 746

272 443 209 67 Baten,
509 445 310 53 Anderson
846 446 256 64 Monroe,
1133 450 170 51 1888-

338 520 1920 69 Do you believe in yourself, by Anderson M. Baten … Grand
270 597 236 68 Rapids,
537 598 193 67 Mich.,
762 598 148 53 Wm.
947 600 67 51 B.
1049 599 317 52 Eerdmans
1401 598 332 71 publishing
1769 617 97 49 co.,
1905 601 147 50 1935.

339 684 85 39 142
448 695 42 38 p.
551 684 56 40 20
611 686 44 21 cm
660 716 8 9 .

276 754 52 53 ©
356 760 112 46 May
493 757 69 47 29,
591 758 141 46 1935;
761 758 65 39 2c.
857 759 96 38 and
980 758 80 40 aff.
1092 758 125 40 June
1246 759 53 45 3;
1333 758 40 39 A
1401 757 169 48 84058;
1602 758 52 39 A.
1687 760 61 38 M.
1778 760 170 47 Baten,
1975 759 184 39 Dallas.

353 814 250 49 (35-8190)

274 918 192 65 Beale,
496 919 219 64 Joseph
746 920 221 63 Henry,
1001 924 169 49 1861-

345 994 1860 70 A treatise on the conflict of laws, by Joseph H. Beale …
274 1072 137 53 New
439 1072 179 55 York.
646 1072 205 68 Baker,
878 1073 247 53 Voorhis
1152 1072 45 50 &
1221 1090 98 50 co.,
1348 1076 149 50 1935.

344 1146 26 39 3
399 1156 42 31 V.
500 1146 146 39 25½cm.

348 1215 157 48 Paged
541 1215 352 46 continuously.

346 1272 146 41 “This
522 1272 132 39 work
687 1273 41 39 is
761 1272 189 47 printed
985 1273 49 39 in
1068 1273 79 39 the
1180 1272 127 39 form
1341 1272 53 41 of
1422 1284 26 28 a
1483 1274 328 46 commentary
1846 1284 58 29 on
1937 1274 81 40 the
281 1273 1972 96 Restatement
442 1330 52 37 of
527 1330 81 39 the

642 1328 204 41 Conflict
878 1329 52 39 of
962 1331 120 38 laws
1119 1330 159 39 issued
1312 1329 59 48 by
1409 1330 80 39 the
1525 1329 255 41 American
1819 1330 92 39 law
1948 1329 324 41 institute.”—

312 1386 248 47 v. 1, p. xv .
352 1441 175 41 “Table
553 1443 51 38 of
627 1441 164 42 cases”;
851 1453 37 29 v.
913 1441 41 48 3,
978 1452 42 38 p.
1048 1442 272 41 1691-1878.

350 1497 1919 50 “General bibliography”; v 1, p. xvii-cxii. Bibliography also at end
279 1554 53 39 of
357 1565 129 32 sonic
512 1556 52 37 of
592 1556 79 39 the
698 1556 237 47 chapters.

283 1622 52 52 ©
363 1628 128 38 June
515 1627 69 45 10,
611 1627 140 46 1935;
782 1627 65 39 2c.
878 1629 116 37 each
1024 1628 130 39 June
1183 1628 53 38 12;
1297 1626 81 41 aff.
1410 1629 128 38 June
1566 1629 81 45 11;
1679 1629 40 38 A
1749 1630 169 45 83570;
1952 1631 42 38 J.
2024 1630 58 38 H.
2114 1629 160 46 Beale,

355 1683 301 48 Cambridge,
688 1685 146 38 Mass.
904 1683 249 48 (35-8264)

288 1787 191 65 [Beck,
508 1789 138 51 Mrs.
675 1787 132 64 Lily
837 1788 334 65 (Moresby)
1205 1788 244 67 Adams]
1482 1790 53 52 d.
1568 1793 147 49 1931.

356 1865 120 53 The
511 1868 256 51 crowned
805 1867 196 56 lovers,
1035 1867 94 51 the
1165 1875 123 45 true
1326 1885 256 34 romance
1617 1867 63 52 of
1718 1867 235 55 Charles
1986 1869 95 51 the
2118 1867 156 53 First

286 1944 111 52 and
430 1943 89 53 his
550 1961 192 51 queen,
775 1944 75 68 by
881 1946 66 51 E.
982 1944 348 68 Barrington
1391 1945 194 67 [pseud.]
1683 1945 238 53 London
1980 1950 100 47 [ctc.]
285 1944 1964 132 Cassell

415 2024 112 52 and
555 2039 295 51 company,
878 2021 220 55 limited
1134 2027 171 63 [1935]

356 2106 713 51 3 p. l., 9-191, [1] p. 19½cm.
289 2176 1991 53 © 1c. May 10, 1935; A ad int. 20253; pubd. Mar. 14; Harry Drake
360 2235 329 48 Hodgkinson,
726 2235 152 40 Paris.
950 2236 250 47 (35-8478)

288 2340 206 52 Better
523 2340 204 53 homes
754 2339 51 53 &
832 2341 272 62 gardens.

358 2418 119 53 The
518 2420 196 50 Better
752 2418 190 52 homes
982 2420 44 49 &
1063 2418 244 67 gardens
1345 2417 303 53 handbook
1688 2417 94 53 for
1821 2416 456 53 home-builders,

286 2492 1991 70 edited by John Normile … [and] Christine Holbrook … Des
287 2570 236 70 Moines,
572 2571 103 67 la.,
723 2573 194 51 Better
963 2571 191 53 homes
1203 2572 46 50 &
1297 2572 262 68 gardens,
1608 2570 282 54 Meredith
1946 2571 331 67 publishing

285 2665 296 52 company,
610 2652 147 49 1935.

357 2733 55 39 72
443 2744 41 37 p.
546 2734 141 46 illus.,
719 2733 176 45 diagrs.
957 2733 55 39 28
1016 2735 42 20 cm
1063 2764 7 7 .

361 2788 71 41 On
475 2800 139 30 cover;
685 2790 168 39 Better
894 2790 164 39 homes
1099 2788 35 40 &
1177 2788 221 48 gardens’
1441 2788 281 40 Household
1767 2789 92 38 and
1904 2786 376 47 home-building

290 2847 182 39 service
504 2846 196 40 bureau.

361 2902 167 40 “Final
561 2904 138 44 entry
733 2902 139 40 form.
904 2900 112 41 1935
1050 2902 168 39 Better
1249 2902 165 39 homes
1447 2902 200 46 contest,
1678 2910 105 30 new
1813 2900 218 49 building
2074 2898 203 49 (section

339 2957 1024 50 II )”; 12 p. (pamphlet mounted on t.-p.)
294 3026 52 53 ©
375 3031 112 48 Apr.
517 3031 68 47 23,
616 3030 112 41 1935;
788 3030 66 40 2c.
885 3030 111 47 Apr.
1027 3030 82 46 27;
1145 3029 81 40 aff.
1259 3029 124 40 June
1414 3030 82 45 14;
1528 3030 41 38 A
1601 3029 169 46 81625;
1804 3029 240 40 Meredith
2076 3030 107 46 pub.
2213 3037 66 31 co.

373 3087 249 49 (35-8198)

294 3189 221 58 Biddle,
545 3190 210 55 Violet.

367 3267 153 53 René
545 3267 204 65 Bache,
773 3271 533 64 great-great-great
1333 3266 285 65 grandson
1645 3265 63 52 of
1732 3264 303 68 Benjamin
299 3265 1956 142 Franklin,

440 3344 73 67 by
562 3344 188 54 Violet
798 3346 222 52 Biddle.
1096 3342 421 68 Philadelphia,
1563 3346 288 51 Dorrance
1896 3346 44 49 &
1985 3359 292 50 company,

299 3422 104 54 inc.
441 3456 12 33 [
459 3429 17 21 c
482 3428 149 61 1935]

369 3508 83 39 104
485 3518 40 37 p.
586 3506 162 42 front.,
781 3508 167 47 plates,
981 3508 146 47 ports.
1188 3506 55 38 19½
1275 3508 42 21 cm
1324 3538 7 8 .

298 3576 187 52 ©Apr.
511 3579 69 47 22,
607 3578 140 49 1935;
775 3579 67 40 2c.
870 3581 111 46 May
1007 3579 82 46 25;
1121 3578 78 39 aff.
1232 3580 113 46 May
1369 3578 83 46 27;
1482 3578 40 39 A
1548 3577 169 46 83318;
1747 3578 245 38 Dorrance
2021 3576 35 39 &
2082 3585 81 31 co.,
2192 3574 87 39 inc.

377 3637 248 47 (35-8235)

299 3739 197 65 Black,
526 3739 275 54 Florence
827 3741 86 63 D.,
942 3758 176 49 comp.

374 3816 218 52 Black’s
619 3816 171 65 guide
818 3823 56 45 to
904 3817 93 51 the
1032 3815 209 54 United
1270 3814 205 64 States,
1505 3813 277 64 compiled
1810 3812 74 64 by
1911 3812 270 50 Florence
2242 3812 35 46 I).

297 3889 1580 67 Black, m. a. Scarsdale, N. Y., L. D. Black [ c 1935]
369 3962 1088 54 3 p. l., 341, [5] p. incl. double map. 17 cm .
