2424 4375
1316 3998 100 50 804

442 462 83 40 122
555 474 41 37 p.
656 465 147 39 front.
834 465 168 48 (port.)
1041 465 126 41 illus.
1228 464 115 46 20cm.

442 520 166 39 “Fifth
637 521 286 40 thousand.”

377 573 52 54 ©
455 579 120 38 Mar.
599 578 69 47 30,
693 577 113 42 1935;
860 579 66 40 2c.
950 580 96 38 and
1072 579 82 40 aff.
1183 581 113 46 May
1322 579 55 40 29;
1433 581 41 38 A
1499 580 142 40 84357;
1700 580 50 41 G.
1780 582 48 37 F.
1857 582 282 39 Robertson.

445 582 1895 100 [Copyright
605 634 40 40 is
673 635 203 40 claimed
907 646 58 29 on
995 636 328 41 illustrations
1353 639 95 38 and
1478 637 260 49 additions]
1813 637 248 48 (35-8643)

378 736 195 64 Roule,
602 736 196 64 Louis,
830 744 169 49 1861-

447 814 1904 70 Fishes and their ways of life, by Louis Roule … translated
385 890 142 53 from
561 892 94 52 the
686 892 219 53 French
938 893 73 66 by
1045 892 224 55 Conrad
1306 893 393 68 Elphinstone.
1778 895 137 51 New
1946 895 178 60 York,
2156 897 84 53 W.
2273 897 80 53 W.

378 968 786 69 Norton & company, inc. [c1935]
448 1043 98 42 viii.
576 1043 99 42 311,
708 1044 54 48 [1]
795 1055 40 36 p.
896 1043 128 42 illus.
1084 1044 115 41 24cm.

450 1098 161 41 “First
637 1100 226 40 edition.”

377 1151 52 52 ©
457 1156 125 39 June
609 1157 39 41 4.
678 1155 140 47 1935;
847 1157 64 40 2c.
941 1158 125 39 June
1094 1159 52 45 7;
1178 1157 80 40 aff.
1290 1158 126 40 June
1445 1160 51 45 8;
1530 1159 39 38 A
1600 1159 169 47 84174;
1804 1161 71 38 W.
1906 1161 69 38 W.
2005 1160 184 39 Norton
2218 1160 39 39 &
2279 1170 78 38 co.,

445 1211 89 41 inc.
605 1213 279 48 (35-27208)

375 1302 196 62 Rylee,
598 1304 239 54 Robert.

376 1381 1949 142 … Deep dark river. New York, Farrar & Rinehart, incorporated [c1935]
447 1530 577 49 3 p. l., 3-308 p. 21cm
377 1583 52 52 ©
457 1589 127 40 June
607 1588 69 45 26,
705 1587 140 44 1935;
876 1587 67 41 2c.
974 1589 125 39 June
1128 1589 81 46 28;
1240 1589 81 40 aff.
1352 1590 129 39 June
1505 1589 82 42 27:
1618 1590 40 38 A
1685 1590 169 46 84451;
1886 1590 53 39 R.
1971 1590 160 47 Rylee,
2164 1590 192 40 Stevens

449 1643 156 48 Point,
634 1644 115 40 Wis.
821 1643 276 50 (35-27234)

378 1733 207 64 Schell,
614 1735 181 51 Adolf
823 1751 129 40 von.

450 1812 191 51 Battle
688 1812 348 67 leadership;
1086 1831 149 33 some
1280 1813 262 67 personal
1589 1815 352 65 experiences
1987 1812 62 52 of
2095 1831 27 33 a
2170 1812 182 67 junior

377 1885 180 55 officer
587 1889 62 51 of
679 1891 94 51 the
804 1891 245 53 German
1084 1909 160 48 army
1274 1890 140 52 with
1445 1891 385 52 observations
1858 1909 70 33 on
1957 1891 177 51 battle
2165 1891 186 53 tactics

381 1967 111 52 and
539 1967 93 53 the
679 1967 421 68 psychological
1146 1968 276 53 reactions
1469 1969 61 52 of
1578 1976 194 60 troops
1816 1969 61 51 in
1923 1968 316 68 campaign,
2284 1969 67 67 by

378 2045 1971 69 Adolf von Schell … Fort Benning, Columbus, Ga., Printed
378 2122 34 51 by
479 2125 93 51 the
601 2126 265 65 Benning
888 2124 199 52 herald
1121 2126 172 64 [c1933]

449 2195 1083 49 5 p. l., 9-95 p. maps (part fold.) 23cm.
375 2249 52 52 ©
454 2254 112 45 May
593 2253 67 46 12,
691 2251 139 49 1935;
858 2253 65 40 2c.
949 2255 95 38 and
1070 2253 80 40 aff.
1179 2254 129 39 June
1331 2254 80 46 14;
1439 2254 40 38 A
1505 2253 170 46 84265;
1704 2253 170 40 Edwin
1904 2254 198 39 FOrrest
2125 2253 225 47 Harding,

445 2310 333 48 Washington.
849 2310 247 48 (35-8600)

378 2399 351 65 Sea-wrack,
757 2401 193 65 pseud.

447 2476 222 65 “Still”,
699 2477 74 67 by
807 2477 322 54 Sea-wrack
1181 2477 193 67 [pseud.
1444 2478 340 56 Instalment
1817 2481 46 63 1]

456 2550 84 47 (In
563 2546 145 52 Boy’s
736 2560 108 29 own
871 2560 166 38 paper,
1063 2546 141 51 June,
1234 2547 142 49 1935)

374 2603 1978 52 © 1c. July 20, 1935; A ad int. 20411; pubd. May 24; Edward Horace
446 2664 219 46 Crebbin,
690 2663 305 48 Angmering,
1025 2663 192 48 Sussex,
1244 2663 235 48 England.

380 2750 195 62 Shive,
604 2752 256 53 Richard
888 2754 131 61 Jay,
1052 2753 169 53 1873-

450 2828 317 54 Oklahoma
809 2830 260 51 criminal
1108 2830 198 66 digest.
1383 2830 70 50 3d
1493 2830 83 51 ed.
1654 2829 198 67 Citing
1890 2829 98 52 the
2020 2833 235 47 statutes
2291 2825 55 53 of

380 2906 338 66 Oklahoma,
749 2908 97 51 the
874 2907 274 52 decisions
1182 2908 61 51 of
1274 2908 95 51 the
1404 2906 273 68 Supreme
1708 2913 159 46 court
1898 2907 58 51 in
1991 2907 76 51 all
2098 2903 247 55 criminal

381 3003 149 34 cases
574 2985 182 51 found
797 2985 60 53 in
896 2987 134 50 vols.
1078 2991 21 48 1
1146 2990 58 46 to
1247 2984 65 53 37
1352 2985 291 65 inclusive,
1686 2985 110 52 and
1840 2984 61 53 of
1940 2985 95 52 the
2079 2983 267 55 Criminal

380 3069 161 46 court
570 3062 63 53 of
665 3063 229 66 appeals
925 3063 298 51 contained
1254 3062 57 51 in
1343 3064 135 50 vols.
1513 3066 26 47 1
1571 3069 58 46 to
1661 3066 64 47 55
1754 3063 290 65 inclusive,
2076 3062 110 51 and
2217 3058 128 54 with

380 3140 265 52 citations
676 3146 57 46 to
763 3142 95 50 the
888 3138 209 55 Pacific
1130 3145 254 61 reporter
1412 3145 57 49 to
1501 3142 107 49 vol.
1642 3144 83 61 35,
1756 3141 200 51 second
1989 3140 194 64 series;
2217 3137 128 53 with

379 3217 286 53 reference
708 3224 57 47 to
810 3217 229 67 leading
1085 3236 148 35 cases
1280 3217 62 53 of
1388 3218 159 52 other
1593 3222 189 54 states,
1827 3217 370 67 cyclopedias,
2242 3215 100 52 and

379 3296 275 51 standard
683 3301 120 46 text
830 3295 187 52 books.
1085 3296 118 50 The
1232 3296 202 51 second
1464 3296 214 51 edition
1710 3313 58 35 as
1797 3296 279 66 compiled
2103 3295 77 67 by
2204 3294 64 51 R.
2294 3290 48 55 J.

386 3372 1954 67 Shive, edited and brought up to date by C. W Van Eaton.
380 3451 319 53 Oklahoma
728 3450 149 65 City,
903 3452 239 50 Harlow
1167 3451 334 66 publishing
1526 3450 377 67 corporation,
1932 3454 146 49 1935.

443 3523 657 47 xxii p., 1 l., 813 p. 25cm.
376 3576 52 52 ©
459 3581 115 46 May
603 3579 68 48 22,
702 3579 140 45 1935;
873 3579 67 40 2c.
1007 3590 94 29 June
1130 3580 53 45 3;
1218 3578 81 40 aff.
1332 3578 125 39 June
1487 3579 81 45 27;
1605 3579 39 38 A
1679 3578 169 46 84048;
1885 3578 200 40 Harlow
2118 3576 103 49 pub.
443 3582 1887 101 corporation.
750 3635 247 48 (35-7791)

373 3722 213 65 Smith,
615 3726 200 61 Harry
842 3726 348 61 Worcester,
1224 3729 168 49 1865-

440 3799 135 51 Life
606 3800 107 50 and
750 3804 158 61 sport
941 3800 54 50 in
1032 3799 185 51 Aiken
1256 3800 111 50 and
1402 3801 160 50 those
1592 3800 125 51 who
1752 3799 162 51 made
1950 3799 61 57 it,
2045 3798 75 67 by
2154 3796 204 62 Harry,

371 3871 1960 71 Worcester Smith … New York, The Derrydale press [c1935]
