2424 4375
0 0 0 0 1604
299 401 300 64 Quennell,
629 403 195 64 Peter,
857 407 170 50 1905-

366 478 1928 77 Byron; the years of fame, by Peter Quennell … New York,
299 558 120 53 The
450 557 218 67 Viking
693 576 175 48 press,
896 562 150 51 1935.

368 627 86 41 320
485 639 42 38 p.
587 629 163 46 front.,
782 628 171 49 plates,
985 631 150 46 ports.
1195 628 117 46 24cm.

298 690 52 53 ©
377 694 118 40 Nov.
523 694 69 48 12,
621 693 113 41 1935;
793 693 66 41 2c.
887 696 95 38 and
1011 694 83 41 aff.
1123 695 117 40 Nov.
1270 697 56 38 13;
1384 696 41 39 A
1452 694 142 43 89352;
1654 697 176 49 Viking
1860 709 149 38 press,
2040 700 89 40 inc.

380 751 280 48 (35-24920)

298 856 248 53 Ralston
574 854 205 54 health
808 856 148 54 club.

369 932 294 68 Complete
699 931 106 54 life
841 932 265 67 building
1141 933 231 52 method
1409 933 64 53 of
1508 934 95 53 the
1639 935 241 53 Ralston
1917 936 193 53 health
2148 937 143 54 club.

295 1010 139 53 New
462 1009 326 54 “advanced
812 1010 223 66 private
1065 1010 269 66 edition”,
1361 1013 331 66 presenting
1717 1012 95 53 the
1840 1032 119 35 new
1988 1013 304 55 all-nature

295 1090 224 65 system.
594 1087 278 67 Meriden,
910 1088 198 66 Conn.,
1141 1088 121 53 The
1296 1088 240 54 Ralston
1570 1089 228 60 society,
1838 1094 148 51 1936.

365 1158 101 51 288,
498 1159 55 50 [2]
584 1170 43 37 p.
688 1158 128 41 illus.
876 1158 116 45 24cm.

367 1215 71 40 On
465 1226 142 30 cover
623 1226 9 29 :
661 1215 228 41 Nature’s
914 1218 205 38 doctors.

295 1278 52 53 ©
374 1282 102 41 Oct.
502 1283 38 46 8,
567 1280 118 41 1935;
735 1281 68 40 2c.
829 1282 95 38 and
951 1280 82 41 aff.
1062 1280 101 41 Oct.
1189 1281 83 46 21;
1299 1282 41 38 A
1367 1280 170 48 86923;
1568 1282 205 42 Ralston
1799 1293 81 36 co.,
1908 1284 226 47 Trenton,
2164 1286 54 38 N.
2247 1287 42 40 J.

369 1338 280 51 [Copyright
675 1338 40 40 is
742 1338 204 40 claimed
974 1348 60 30 on
1060 1348 106 29 new
1193 1340 194 47 matter]
1460 1338 280 49 (35-24874)

293 1444 451 63 Ratzesberger,
772 1443 192 54 Anna.

365 1518 1823 71 Camel bells; a boy of Baghdad, by Anna Ratzesberger …
293 1596 1992 69 pictures by Kurt Wiese … Chicago, A. Whitman & co., 1935.
361 1669 57 41 80
447 1681 42 37 p.
549 1670 87 40 col.
666 1669 129 41 illus.
853 1668 116 42 29cm.

363 1726 287 40 Illustrated
681 1727 97 45 t.-p.
807 1728 93 40 and
929 1723 349 50 lining-papers
1307 1724 48 40 in
1384 1726 170 41 colors.

364 1781 390 51 “Lithographed
783 1783 50 40 in
863 1783 81 39 the
974 1782 55 42 U.
1062 1781 43 42 S.
1136 1781 83 41 A.”

363 1839 203 41 “Junior
593 1848 136 39 press
758 1836 191 43 hooks.”

292 1900 52 53 ©
373 1905 118 38 Nov.
521 1905 38 45 1,
590 1901 141 48 1935;
762 1902 67 40 2c.
859 1903 117 39 Nov.
1005 1902 83 46 11;
1122 1901 81 41 aff.
1234 1901 117 41 Nov.
1383 1902 82 46 13;
1498 1902 41 39 A
1569 1901 170 47 88218;
1773 1903 168 39 Albert
1972 1902 248 40 Whitman
2251 1904 36 40 &

357 1971 67 30 co.
495 1959 280 49 (35-24892)

291 2065 142 52 Real
468 2068 283 60 property
785 2064 315 62 inventory
1135 2063 60 52 of
1230 2062 417 64 metropolitan
1686 2063 329 55 Cleveland.

360 2141 321 55 Standards
719 2141 63 53 of
817 2141 185 67 living
1038 2141 59 53 in
1135 2141 95 52 the
1269 2140 310 55 Cleveland
1615 2141 406 66 metropolitan
2059 2140 225 53 district

289 2240 57 34 as
380 2220 258 67 depicted
673 2219 73 67 by
777 2219 95 53 the
901 2219 216 53 federal
1153 2221 115 51 real
1301 2224 273 62 property
1605 2218 304 67 inventory
1964 2218 190 53 [edited
2187 2219 72 67 by]

287 2297 256 54 Howard
593 2295 277 69 Whipple
921 2296 213 66 Green;
1188 2295 210 68 special
1454 2299 132 50 1935
1639 2299 195 64 report
1882 2296 63 52 of
1996 2296 94 54 the
2141 2297 136 52 Real

288 2381 273 62 property
603 2377 302 64 inventory
947 2374 64 53 of
1053 2374 405 68 metropolitan
1503 2373 327 66 Cleveland,
1873 2374 302 67 Raymond
2215 2376 62 52 T.

287 2451 1288 68 Cragi n, chairman … [Cleveland, c1935]
390 2555 9 16 v,
422 2523 85 41 695
531 2533 43 38 p.
629 2533 136 37 maps
793 2524 48 45 (1
865 2523 102 40 fold.
1006 2522 52 41 in
1081 2522 195 48 pocket)
1344 2521 118 43 30cm.

359 2580 102 43 The
496 2582 116 39 data
648 2580 228 40 collected
909 2580 49 40 in
995 2579 236 49 January,
1270 2579 127 48 1934,
1435 2580 49 40 in
1520 2582 83 39 the
1636 2580 257 48 inventory
1928 2581 140 41 made
2101 2579 63 49 by
2197 2579 81 42 the

289 2636 194 42 Bureau
514 2638 51 39 of
593 2637 190 48 foreign
815 2639 95 38 and
940 2637 233 41 domestic
1204 2646 263 33 commerce
1496 2637 90 41 has
1618 2637 118 41 been
1770 2637 250 42 tabulated
2053 2638 80 40 for
2162 2638 116 40 each

286 2693 53 39 of
372 2696 82 38 the
489 2694 77 40 321
613 2704 172 30 census
819 2695 153 39 tracts
1009 2693 53 41 of
1096 2693 260 41 Cleveland
1393 2693 211 47 through
1641 2695 82 40 the
1760 2694 309 47 cooperation
2106 2695 54 39 of
2195 2693 80 41 the

284 2747 260 51 Cuyahoga
577 2752 176 45 county
782 2750 141 40 relief
951 2750 398 40 administration.
1423 2751 61 47 cf.
1516 2750 128 41 Pref.

287 2812 1973 109 © July 12, 1935; 1c. Oct. 30; 1c. Oct. 31; aff. Oct. 7; A 88073; Real property inventory of metropolitan Cleveland. (35-248601)
284 2984 313 64 Regnolds,
627 2984 144 52 Karl
801 2984 66 55 G.

352 3060 284 54 Practical
668 3060 309 54 economics
1008 3060 64 53 of
1101 3061 106 52 life
1237 3062 316 65 insurance,
1584 3062 74 65 by
1688 3061 148 52 Karl
1867 3061 68 55 G.
1968 3060 301 67 Regnolds.

287 3138 291 67 [Lincoln?
619 3138 157 66 Neb.]
820 3138 279 53 Research
1138 3138 335 67 publishing
1511 3156 278 49 company
1852 3141 173 63 [c1935]

349 3208 84 41 163
459 3219 43 38 p.
562 3209 103 40 fold.
707 3209 153 47 diagr.
888 3208 49 40 in
965 3209 184 48 pocket.
1210 3207 116 42 23cm.

283 3270 52 53 ©
364 3275 102 40 Oct.
492 3275 71 46 22,
590 3274 141 47 1935;
761 3273 67 41 2c.
857 3275 94 38 and
979 3274 82 40 aff.
1091 3274 101 40 Oct.
1220 3273 82 47 26;
1334 3275 39 38 A
1402 3273 170 47 88013;
1602 3274 59 39 K.
1692 3274 52 39 G.
1775 3273 256 48 Regnolds,
2061 3270 208 42 Lincoln.

360 3330 279 48 (35-24866)

281 3440 312 64 Reynolds,
621 3440 204 53 James
851 3439 238 64 Joseph.

350 3515 1803 68 The beginning of our nation, by James J. Reynolds …
280 3590 1983 70 Grace A. Taylor … and Wilson Parkhill … New York, Noble
282 3671 111 51 and
420 3669 197 68 Noble,
643 3671 336 66 publishers,
1004 3672 106 52 inc.
1144 3674 191 63 [c1935]

349 3741 83 48 xii,
464 3741 87 41 368
580 3752 43 37 p.
683 3742 127 40 illus.
870 3742 116 41 20cm.

351 3797 143 38 From
521 3799 82 37 the
631 3798 206 39 colonial
864 3798 165 46 period
1055 3800 48 37 to
1131 3798 83 40 the
1240 3797 113 40 civil
1379 3808 116 29 war.

351 3854 224 39 Includes
605 3853 390 48 bibliographies.

281 3910 52 53 ©
355 3916 113 47 Apr.
491 3914 70 48 20,
583 3915 114 41 1935;
748 3917 67 39 2c.
839 3917 96 38 and
959 3915 79 40 aff.
1064 3915 101 41 Oct.
1188 3915 56 41 15;
1297 3916 43 38 A
1362 3914 142 41 88195;
1558 3915 152 39 Noble
1733 3915 36 39 &
1790 3914 163 48 Noble,
1979 3911 282 50 publishers,

346 3971 92 39 inc.
508 3971 280 47 (35-24881)
