2424 4375
1066 4041 129 48 1619

132 421 220 64 Morey,
383 422 245 54 Charles
654 421 214 63 Rufus,
899 425 168 49 1877-

203 496 294 55 Christian
538 503 106 61 art,
681 497 75 68 by
794 496 63 55 C.
896 498 69 51 R.
1006 497 216 68 Morey.
1296 497 258 67 London,
1592 498 137 51 New
1770 498 164 51 York
1977 505 137 59 [etc.]

131 574 955 69 Longmans, Green & co. [ c 1935]
200 646 1727 50 4 p. l., 120 p. incl. col. front., illus., plates, plan, facsims. 22 cm .
203 704 227 41 “Printed
458 705 50 39 in
535 705 80 40 the
644 704 178 40 United
855 704 160 40 States
1044 704 50 40 of
1122 704 265 41 America.”

204 761 180 42 “These
416 761 286 41 summaries
734 761 50 39 of
816 761 80 41 the
924 761 90 40 five
1046 761 241 48 principal
1315 762 176 48 phases
1523 761 50 41 of
1603 760 250 43 Christian
1884 768 77 36 art
1998 775 121 30 wore

131 818 305 42 contributed
463 828 54 29 as
543 817 198 40 articles
769 820 48 38 to
847 815 279 49 ‘Liturgical
1156 816 355 42 arts’.”—Pref.

203 875 162 40 “First
395 873 225 42 edition.”

132 929 52 52 ©
209 934 114 45 July
346 933 39 46 3,
413 932 112 40 1935;
579 931 66 40 2c.
669 932 95 39 and
789 930 80 39 aff.
896 930 99 40 Oct.
1024 931 51 41 5;
1103 931 40 38 A
1169 930 144 40 86604;
1368 931 268 48 Liturgical
1664 936 103 37 arts
1794 934 194 49 society,
2014 935 106 47 inc.,

198 990 118 39 New
344 989 142 39 York.
561 987 277 48 (35-27321)

133 1089 172 65 Muir,
338 1091 332 63 Augustus,
703 1093 169 50 1892-

202 1168 119 53 The
350 1168 243 52 crimson
622 1174 261 60 crescent,
911 1166 75 68 by
1014 1170 294 65 Augustus
1335 1168 172 54 Muir.
1566 1171 254 66 London,
1849 1173 270 55 Methuen

132 1250 45 50 &
205 1263 97 50 co.,
330 1246 104 53 ltd.
470 1249 171 64 [1935]

204 1316 628 52 3 p. l., 281, [1] p. 19 cm .
135 1373 1987 53 © 1c. Nov. 9, 1935; A ad int. 20721; pubd. Sept. 12; A. Muir, Berden,
199 1443 70 29 nr.
304 1431 221 48 Bishop’s
562 1431 260 45 Stortford,
856 1431 164 45 Essex,
1054 1431 236 46 England.
1360 1430 280 51 (35-29673)

134 1533 246 62 Norton,
410 1534 305 62 Margaret
746 1532 194 64 Cross,
972 1535 171 50 1891-
1354 1534 84 52 ed.

265 1609 1851 57 … Illinois census returns … edited with introduction and
136 1685 1982 72 notes by Margaret Cross Norton … Springfield, Ill., The
135 1762 1832 71 Trustees of the Illinois state historical library [ c 1935, c 34]
206 1836 25 38 2
299 1868 7 8 v.
368 1835 154 40 tables
550 1836 134 48 (part
715 1835 132 47 fold.,
880 1837 23 37 1
937 1836 254 46 mounted)
1260 1835 54 39 22½
1348 1839 43 20 cm
1396 1869 8 7 .
1478 1837 315 47 (Collections
1826 1839 51 39 of
1911 1841 79 39 the

138 1841 1965 91 Illinois
282 1892 126 40 state
448 1891 252 41 historical
740 1890 196 48 library,
1006 1893 90 38 vol.
1261 1923 9 17 XXIV,
1434 1926 9 8 XXVI.
1514 1894 271 40 Statistical
1826 1898 164 41 series,
2035 1900 86 36 vol.

177 1951 114 45 II - III )
207 2005 1018 49 Maps mounted on lining-paper of v. [1]
484 2081 123 29 CONTENTS.—[v.
639 2060 40 50 1]
712 2061 126 47 1810,
986 2080 132 30 1818.—[v.
1150 2060 42 50 2]
1225 2062 126 40 1820.

137 2132 41 28 v.
215 2121 38 46 1,
291 2116 52 52 ©
381 2120 100 40 Oct.
518 2120 69 47 11,
624 2119 140 46 1935;
804 2118 66 40 2c.
906 2119 101 40 Oct.
1044 2118 81 46 21;
1165 2119 80 39 aff.
1287 2119 100 40 Oct.
1426 2118 81 48 19;
1547 2131 41 29 v.
1627 2120 41 47 2,
1706 2117 52 52 ©
1797 2121 99 40 Oct.
1936 2122 80 47 11;
2058 2123 66 40 2c.

205 2177 101 40 Oct.
333 2177 55 38 21;
447 2176 81 40 aff.
556 2177 118 39 Nov.
703 2177 59 38 15;
815 2176 41 38 A
882 2175 157 47 86885,
1069 2175 141 40 88245;
1270 2175 189 40 Illinois
1490 2179 126 37 state
1646 2177 252 41 historical
1928 2177 197 49 library.

214 2234 280 47 (35-28321)

136 2335 332 65 O’Donnell,
499 2337 212 63 Roger,
745 2336 171 53 1875-

207 2415 318 52 Procedure
571 2415 112 51 and
728 2413 178 53 forms
952 2432 256 34 common
1252 2414 108 52 law
1404 2415 290 66 pleading,
1738 2417 267 67 covering
2050 2418 75 51 all

139 2491 1986 67 common law actions, by Roger O’Donnell … The forms in
137 2570 114 52 this
280 2569 221 52 volume
530 2570 142 51 have
700 2569 135 52 been
865 2570 280 66 prepared
1174 2569 60 51 in
1261 2568 408 55 collaboration
1700 2573 139 50 with
1869 2575 156 53 John
2054 2576 71 52 A.

138 2645 1964 147 Bresnahan … Washington, D. C., National law book company, 1934.
205 2797 114 47 xvii,
349 2796 99 47 283,
477 2795 235 47 xix-xlix,
742 2794 200 41 285-821
973 2806 42 36 p.
1074 2795 55 38 24½
1161 2797 44 20 cm
1211 2827 8 7 .
1288 2796 197 48 (Scotus
1516 2798 163 39 series.
1778 2798 37 49 [I])

205 2855 168 39 Forms
403 2854 122 38 have
555 2851 179 49 special
763 2854 96 45 t.-p.

141 2907 52 52 ©
218 2912 126 46 Sept.
369 2910 69 47 20,
463 2908 140 47 1934;
631 2909 66 39 2c.
725 2910 95 38 and
847 2908 77 39 aff.
953 2909 117 38 Nov.
1098 2908 82 47 15;
1208 2909 41 38 A
1274 2908 169 48 77242;
1473 2910 129 40 Natl.
1630 2911 94 39 law
1750 2912 122 39 book
1899 2924 66 28 co.

219 2967 278 48 (34-33045)

141 3070 172 63 Park,
341 3069 254 54 William
622 3069 132 64 Lee,
786 3071 168 49 1859-

211 3146 239 52 Pioneer
497 3145 298 68 pathways
839 3149 57 48 to
941 3145 96 52 the
1083 3143 230 69 Pacific,
1358 3145 76 66 by
1478 3145 260 53 William
1784 3148 110 54 Lee
1941 3151 184 67 Park;

143 3223 286 67 drawings
454 3222 76 68 by
554 3222 65 52 P.
645 3222 75 53 H.
748 3222 66 51 F.
841 3221 228 52 Follett.
1132 3221 183 68 Clare,
1342 3222 192 67 Mich.,
1562 3223 173 54 Clara
1760 3224 139 55 Aire
1929 3260 12 34 [
1948 3234 17 21 c
1971 3232 132 49 1935]

212 3293 1308 52 xi p., 1 l., 13-284 p. front., plates, ports. 20½ cm .
145 3351 52 52 ©
226 3355 101 39 Oct.
355 3354 39 39 1.
424 3351 139 47 1935;
594 3351 65 40 2c.
691 3351 94 39 and
815 3350 80 41 aff.
927 3351 101 39 Oct.
1058 3349 82 47 19;
1172 3351 41 38 A
1242 3351 169 47 86866;
1444 3353 71 39 W.
1547 3353 49 39 L.
1627 3354 144 47 Park,
1801 3356 155 50 Clare,
1986 3360 141 39 Mich.

220 3409 277 48 (35-25770)

145 3513 332 62 Patterson,
506 3512 248 53 Warner
783 3511 259 54 Forrest.

214 3589 182 51 Three
430 3588 276 51 centuries
743 3586 63 53 of
841 3587 221 51 French
1099 3585 184 67 poetic
1319 3587 227 67 theory;
1586 3608 29 33 a
1653 3592 219 53 critical
1908 3595 218 69 history

146 3666 62 51 of
236 3666 96 53 the
362 3664 153 53 chief
549 3668 115 48 arts
696 3663 63 52 of
791 3666 202 63 poetry
1024 3663 63 51 in
1119 3664 217 51 France
1369 3664 365 70 (1328-1630)
1778 3669 75 67 by
1886 3674 242 52 Warner

147 3739 1979 78 Forrest Patterson … Amn Arbor, University of Michigan
147 3837 171 48 press,
349 3821 149 49 1935.

212 3888 25 37 2
266 3898 40 30 v.
357 3889 134 38 front.
535 3886 169 48 (port.)
765 3884 57 40 24
825 3887 43 21 cm
872 3918 7 8 .
944 3885 273 48 (Half-title;
1264 3885 282 50 University
1570 3889 52 39 of
1649 3891 244 48 Michigan
149 3896 1962 88 publications.

342 3944 259 47 Language
629 3943 94 39 and
749 3941 270 41 literature,
1078 3940 92 42 vol.
1280 3942 120 49 XIV-XV)
