2424 4375
1003 4091 132 50 1525

176 539 1268 48 6 p. l., 326 p. incl. plates, front. (port.) 24 cm .
173 600 130 38 Each
334 602 113 44 part
481 600 230 47 preceded
745 601 61 45 hy
839 600 99 39 leaf
971 599 119 41 with
1122 600 238 41 half-title
1390 602 87 37 not
1508 600 223 40 included
1767 601 49 38 in
1851 601 81 40 the
103 598 1973 93 pagination
309 652 48 49 (3
385 652 184 47 leaves)

176 710 128 39 “The
340 710 156 39 entire
532 711 182 38 edition
752 711 52 38 of
843 711 95 40 this
976 712 122 39 book
1136 712 206 39 consists
1381 712 51 39 of
1469 711 87 40 300
1592 711 261 42 numbered
1890 712 201 47 copies.”

103 766 118 39 This
246 776 119 37 copy
390 768 84 38 not
499 766 276 40 numbered.

172 824 408 47 Autobiography.

449 881 206 39 CONTENTS.—Farm
691 882 94 38 and
821 882 418 40 steamboat.—On
1275 883 82 39 the
1389 883 386 40 frontier.—The
1807 886 135 45 great
1980 885 109 38 civil

105 947 113 32 war.

104 994 1988 52 © Oct. 29, 1935; 2c. Oct. 31: aff. Nov. 7: A 88137: Annie Larson Blum,
173 1053 421 47 Fredericksburg,
622 1054 114 39 Tex.
807 1052 277 49 (35-22330)

103 1157 181 64 Long,
321 1158 224 63 Mason,
582 1159 170 50 1892-

170 1231 1923 70 The Bible and English literature, by Mason Long … [State
104 1310 242 67 College,
373 1310 118 68 Pa.,
519 1317 17 21 c
543 1312 149 64 1935]

170 1380 489 49 1 p. l., 42 p. 23 cm .
173 1439 56 38 In
259 1439 99 39 this
386 1438 229 48 syllabus,
647 1439 81 38 the
757 1438 227 46 compiler
1013 1439 109 39 lists
1153 1440 135 39 those
1319 1440 203 47 literary
1551 1441 154 49 pieces
1741 1443 157 40 which
1931 1444 160 38 reveal

102 1495 336 40 indebtedness
467 1498 47 37 to
546 1496 82 39 the
658 1495 151 40 Bible,
870 1496 59 47 cf.
963 1495 130 40 Pref.

171 1551 373 48 Bibliography:
574 1562 42 37 p.
644 1550 158 41 41-42.

100 1608 1990 52 © Sept. 21, 1935; 2c. and aff. Sept. 23: A 86882: M. Long. State College,
172 1669 80 39 Pa.
323 1666 278 49 (35-21801)

103 1758 187 63 Mack,
318 1758 144 52 Effie
486 1759 193 53 Mona.

171 1833 260 65 Nevada;
489 1851 28 33 a
571 1833 218 66 history
843 1831 61 53 of
956 1832 91 51 the
1102 1837 141 47 state
1298 1831 150 53 from
1503 1832 95 53 the
1652 1832 224 54 earliest
1929 1835 162 52 times

104 1907 1986 71 through the civil war, by Effie Mona Mack, PH. D. Glendale,
102 1987 191 67 Calif.,
330 1988 120 53 The
487 1987 222 53 Arthur
748 1987 75 51 H.
866 1986 173 54 Clark
1078 2004 294 50 company,
1415 1989 149 49 1936.

165 2061 88 40 495
282 2073 42 37 p.
357 2062 108 40 incl.
498 2062 163 47 front.,
694 2063 170 46 plates,
895 2063 163 45 ports.,
1092 2071 135 38 maps
1256 2061 49 47 (1
1338 2061 143 49 fold.)
1521 2062 204 48 facsim.,
1760 2062 150 48 diagr.
1972 2062 56 40 25
2031 2065 44 21 cm
2080 2094 8 8 .

168 2120 140 39 “Two
339 2120 219 38 hundred
593 2119 97 39 and
721 2117 111 48 fifty
865 2117 157 48 copies
1056 2118 192 47 printed
1282 2129 60 27 on
1373 2118 251 40 Covenant
1656 2129 88 37 rag
1775 2129 161 38 paper,
1972 2120 118 40 each

99 2173 259 39 numbered
393 2173 94 39 and
520 2173 166 47 signed
723 2173 59 46 by
817 2173 80 39 the
931 2173 189 39 author.
1183 2173 212 38 Number
1429 2173 264 47 Copyright
1730 2174 161 46 copy.”

170 2230 372 46 Bibliography:
578 2239 42 37 p.
670 2228 233 49 [467]-176.

100 2285 52 53 ©
179 2290 100 40 Oct.
308 2289 68 47 26,
406 2288 139 47 1935;
575 2288 66 40 2c.
672 2288 98 40 Oct.
803 2289 80 42 31;
916 2288 80 40 aff.
1029 2288 101 40 Oct.
1159 2288 81 41 30:
1273 2288 40 38 A
1342 2287 168 41 89081:
1540 2289 185 39 Arthur
1754 2290 59 39 H.
1845 2289 147 41 Clark
2022 2300 65 30 go.

176 2345 278 49 (35-22337)

101 2436 222 62 Mason,
354 2435 179 53 Louis
559 2435 183 55 Bond.

167 2510 120 52 The
326 2510 103 54 life
470 2511 112 52 and
621 2511 162 52 times
821 2509 62 52 of
922 2507 189 68 Major
1151 2509 156 53 John
1346 2509 202 53 Mason
1590 2508 60 52 of
1693 2508 393 54 Connecticut:

102 2585 1984 71 1600-1672, by Louis B. Mason … New York, London, G. P.
100 2664 290 54 Putnam’s
419 2683 143 49 sons,
592 2667 149 49 1935.

167 2734 1777 49 xi p., 1 l., 15-350 p. front., illus. (facsim.) plates, plan. 22 cm .
167 2792 372 47 Bibliography:
571 2802 41 37 p.
642 2789 215 42 337-338.

99 2847 1986 52 © Oct. 18, 1935; 2c. Oct. 24: aff. Oct. 21; A 86938: G. P. Putnam's sons.
175 2907 277 49 (35-22339)

99 2995 213 63 Moore,
343 2994 264 55 Clement
638 2994 227 65 Clarke,
894 2996 323 53 1779-1863.

166 3072 120 54 The
331 3071 168 68 night
547 3070 195 53 before
792 3070 333 68 Christmas,
1172 3072 75 65 by
1296 3070 257 55 Clement
1604 3071 205 54 Clarke
1857 3070 224 67 Moore;

97 3150 320 52 illustrated
469 3148 74 66 by
594 3148 310 52 Fanchette
977 3149 215 66 [pseud.]
1271 3149 138 52 New
1461 3148 178 64 York,
1690 3148 232 54 Grosset
1971 3150 111 51 and

97 3227 231 68 Dunlap
367 3260 13 33 [
385 3234 17 21 c
408 3229 150 64 1935]

169 3300 83 49 [32]
284 3311 43 38 p.
387 3300 84 41 col.
502 3300 128 39 illus.
690 3298 55 40 22
748 3302 44 20 cm
798 3331 7 8 .

167 3357 286 39 Illustrated
480 3358 96 45 t.-p.
605 3356 95 39 and
726 3354 345 47 lining-papers
1098 3354 48 38 in
1176 3356 167 38 colors.

98 3407 51 52 ©
179 3412 100 40 Oct.
311 3413 69 46 15,
412 3410 138 48 1935;
585 3412 65 39 2c.
683 3412 96 38 and
811 3411 81 39 aff.
926 3410 101 40 Oct.
1061 3412 80 39 17:
1177 3411 40 38 A
1250 3410 168 40 86844:
1456 3410 196 40 Grosset
1683 3411 35 39 &
1750 3412 207 48 Dunlap,
1991 3413 90 40 inc.

164 3467 277 49 [Copyright
471 3469 39 38 is
540 3468 202 39 claimed
773 3478 58 28 on
861 3468 187 38 colored
1078 3466 342 49 illustrations]

173 3525 277 47 (35-20681)

97 3609 267 66 Mouritz,
393 3611 230 54 Arthur
650 3611 208 53 Albert
884 3614 86 52 St.
998 3614 97 61 M.,
1126 3616 170 48 1861-

163 3688 121 54 Our
305 3694 236 47 western
565 3693 245 62 outpost,
833 3688 248 58 Hawaii,
1104 3690 60 51 in
1186 3689 93 50 the
1301 3707 98 48 eye
1423 3686 63 54 of
1508 3688 95 51 the
1625 3706 104 33 sun
1764 3688 118 66 (Ka
1907 3689 168 52 onohi

95 3763 1982 68 o ka la) … the dawn of exploration, by A. Mouritz. Honolulu,
94 3839 222 56 Hawaii
351 3843 137 65 [The
513 3841 313 67 Printshop
851 3859 294 50 company,
1171 3840 239 66 limited]
1443 3843 149 50 1935.

163 3913 1124 49 xi, 188 p. illus., fold. map. fold. tab. 23 cm.
95 3963 49 52 ©
169 3969 97 40 Oct.
293 3971 39 46 3,
358 3971 111 39 1935;
523 3970 64 40 2c.
616 3971 100 39 Oct.
743 3971 53 39 16;
851 3971 80 39 aff.
959 3971 98 39 Oct.
1084 3971 54 37 12;
1194 3971 39 37 A
1259 3969 142 41 86834:
1458 3970 183 39 Arthur
1668 3970 223 45 Mouritz,
160 3971 1896 94 Honolulu.
345 4026 277 47 (35-21923)
