2424 4375
1006 4057 131 49 1523

102 435 380 65 Fitzpatrick,
515 438 62 53 F.
611 438 226 63 Stuart,
871 441 170 49 1891-

167 514 121 52 The
318 512 268 62 troubler,
618 513 74 61 by
722 513 66 52 F.
825 512 197 54 Stuart
1057 514 376 60 Fitzpatrick.
1501 513 401 61 Washington,
1936 517 149 49 1935.

168 586 69 45 35,
270 587 55 48 [1]
354 596 42 37 p.
456 584 56 39 22½cm.

171 643 128 42 Most
324 642 51 39 of
399 642 81 39 the
506 642 163 39 leaves
691 641 192 48 printed
910 653 60 29 on
996 652 88 30 one
1111 642 103 41 side
1241 644 126 46 only.

171 697 1917 50 “Fifty copies … designed by Lester Douglas, have been printed under
99 755 83 38 the
207 754 235 39 direction
471 753 50 40 of
549 754 52 39 E.
630 754 137 47 Boyd
793 753 314 49 Fitzpatrick,
1135 758 52 37 at
1212 757 81 38 the
1320 754 217 49 printing
1563 755 130 40 office
1722 753 51 42 of
1801 756 81 39 the
99 756 1989 93 Times-herald

291 810 279 47 publishing
592 820 246 38 company,
864 810 104 48 inc.,
992 810 164 48 Olean,
1183 811 116 40 New
1323 811 144 47 York,
1492 812 140 47 June,
1659 812 126 40 1935.
1840 812 100 40 The
99 823 1972 83 symbol

205 877 58 28 on
296 867 80 39 the
405 877 140 29 cover
572 867 95 39 and
698 866 252 48 title-page
976 867 41 39 is
1047 867 127 39 from
1203 879 27 28 a
1262 868 220 47 drawing
1512 868 61 47 by
1604 868 137 40 Anna
1772 870 161 46 Myers
99 869 1972 101 Fitzpatrick.”

168 979 184 40 Poems.

97 1030 53 53 ©
177 1035 101 40 Oct.
307 1035 69 46 21,
405 1035 111 40 1935;
573 1034 68 41 2c.
670 1036 95 39 and
793 1035 81 40 aff.
905 1035 100 40 Oct.
1034 1036 83 43 23;
1149 1037 39 38 A
1218 1035 168 47 87897;
1420 1038 50 39 F.
1504 1038 43 40 S.
1574 1038 316 49 Fitzpatrick,
165 1039 1904 100 Washington.
415 1091 277 49 (35-21930)

99 1181 368 65 Frischauer,
496 1182 162 64 Paul,
689 1186 171 49 1898-

169 1258 456 67 Beaumarchais,
654 1258 339 53 adventurer
1018 1259 61 52 in
1103 1261 96 52 the
1226 1265 236 63 century
1489 1260 63 52 of
1580 1279 231 50 women,
1838 1261 73 67 by
1938 1262 145 54 Paul

101 1335 365 66 Frischauer;
507 1336 314 53 translated
859 1336 75 69 by
973 1336 297 69 Margaret
1308 1336 344 55 Goldsmith.
1726 1338 139 52 New
1908 1337 178 67 York,

96 1414 118 51 The
245 1413 220 69 Viking
494 1431 173 50 press,
699 1417 150 49 1935.

165 1486 84 48 xii,
279 1486 85 40 312
395 1497 44 38 p.
498 1488 148 47 ports.
706 1486 56 39 24
765 1489 44 21 cm
813 1519 9 9 .

169 1544 371 49 Bibliography:
571 1554 44 38 p.
643 1542 218 42 307-308.

95 1597 53 52 ©
181 1602 100 39 Oct.
313 1600 71 47 25,
417 1600 139 46 1935;
592 1601 66 40 2c.
694 1601 99 40 Oct.
828 1601 81 44 25;
946 1601 82 40 aff.
1064 1601 100 40 Oct.
1199 1601 83 40 26:
1318 1603 41 37 A
1393 1602 169 45 88015;
1598 1602 180 47 Viking
1809 1612 150 38 press,
1993 1604 91 39 inc.

175 1657 278 49 (35-21941)

95 1747 228 65 Harris,
358 1746 245 56 Charles
630 1745 204 67 Willis,
870 1746 169 54 1873-

166 1823 121 54 The
317 1823 243 53 Hebrew
590 1822 283 68 heritage;
907 1841 31 33 a
970 1822 169 68 study
1171 1822 63 52 of
1264 1822 224 54 Israel’s
1521 1821 245 54 cultural
1800 1821 112 54 and
96 1821 1969 132 spiritual

95 1898 1967 148 origins [by] Charles W. Harris … New York, Cincinnati [etc.] The Abingdon press [c1935]
163 2049 87 41 370
277 2060 44 37 p.
379 2050 163 47 front.,
573 2050 126 40 illus.
729 2049 132 47 (incl.
892 2050 161 47 maps)
1091 2051 76 47 ph,
1197 2051 152 46 diagr.
1410 2051 55 39 21½cm.

162 2107 346 47 Bibliography:
568 2118 42 37 p.
641 2106 217 41 355-358.

95 2163 1989 53 © Oct. 21, 1935; 2c. and aff. Oct. 25: A 87970; C. W. Harris, Easton, Pa.
173 2223 278 48 (35-22327)

95 2311 407 65 Hemingway,
536 2313 235 63 Ernest,
808 2315 167 50 1898-

161 2388 184 55 Green
371 2388 134 52 hills
529 2388 64 52 of
617 2387 223 66 Africa,
864 2388 74 67 by
960 2387 208 54 Ernest
1192 2387 411 68 Hemingway,*
1632 2389 354 51 decorations
2010 2389 68 66 by

93 2467 251 52 Edward
379 2465 270 55 Shenton.
718 2465 137 53 New
888 2464 177 68 York,
1099 2465 62 54 C.
1197 2463 312 56 Scribner’s
1540 2483 155 38 sons;
1731 2465 256 67 London,
2019 2465 62 55 C.

94 2543 310 55 Scribner’s
432 2560 145 49 sons,
604 2543 120 56 ltd.,
756 2546 150 49 1935.

162 2620 27 37 4
216 2628 42 37 p.
321 2649 8 9 l.,
353 2617 101 42 294.
483 2618 54 48 [1]
568 2627 42 37 p.
671 2616 126 40 illus.
858 2616 25 39 2½
945 2617 44 22 cm.

92 2669 1989 53 © Oct. 25, 1935; 2c. Oct. 30; aff. Oct. 28; A 89036; Charles Scribner's
163 2740 125 30 sons.
359 2730 277 47 (35-21935)

92 2810 250 65 Husing,
374 2812 252 52 Edward
656 2812 84 63 B.,
773 2815 170 49 1899-

161 2890 120 51 Ten
309 2906 162 50 years
499 2887 195 53 before
722 2887 95 53 the
846 2886 166 66 mike,
1040 2887 76 68 by
1146 2888 118 51 Ted
1294 2886 260 67 Husing;
1588 2885 324 53 illustrated
1942 2886 136 52 with

95 2966 405 69 photographs.
583 2966 138 52 New
767 2966 178 66 York,
991 2966 216 51 Farrar
1250 2967 45 50 &
1341 2965 297 66 Rinehart,
1684 2962 395 69 incorporated

97 3078 12 33 [
114 3052 18 21 c
137 3049 132 48 1935
275 3078 12 33 ]

162 3120 26 39 5
217 3130 41 37 p.
325 3150 9 15 l.,
360 3118 144 41 3-298
534 3129 42 36 p.
605 3118 110 40 incl.
744 3119 163 46 front.,
936 3119 171 46 plates,
1135 3118 163 46 ports.,
1328 3116 189 41 facsim.
1577 3116 53 39 21
1636 3118 43 21 cm
1686 3148 8 7 .

91 3171 53 53 ©
176 3176 100 40 Oct.
308 3175 70 48 24,
412 3175 141 46 1935;
587 3174 67 40 2c.
690 3174 101 40 Oct.
825 3174 81 46 26;
942 3173 82 41 aff.
1059 3174 101 40 Oct.
1195 3173 81 47 25;
1313 3175 40 37 A
1388 3173 169 47 87967;
1595 3174 99 39 Ted
1727 3172 206 48 Husing,
1964 3175 117 39 New

158 3232 144 39 York.
372 3231 278 48 (35-22358)

94 3315 280 62 Johnson,
402 3315 264 51 Norman
695 3314 67 54 B.

162 3387 1917 70 Elementary Latin, by Norman B. Johnson … Ann Arbor,
93 3467 189 67 Mich.,
311 3467 281 53 Edwards
617 3466 275 54 brothers,
920 3466 126 57 inc.,
1073 3469 149 48 1935.

161 3540 83 48 xii,
274 3539 86 40 195
387 3550 43 37 p.
489 3540 55 39 21½
577 3542 45 21 cm
626 3570 9 9 .

163 3597 122 39 Text
310 3596 332 47 lithoprinted.

95 3648 51 52 ©
175 3653 126 47 Sept.
327 3652 39 46 9,
391 3652 116 40 1935;
559 3652 66 39 2c.
655 3652 94 39 and
777 3651 80 39 aff.
887 3651 100 40 Oct.
1015 3650 82 47 23;
1127 3650 41 39 A
1195 3650 168 46 87853;
1394 3651 56 39 N.
1479 3651 53 38 B.
1562 3650 231 47 Johnson,
1820 3649 259 49 Asheville,

162 3709 54 39 N.
245 3710 49 40 C.
364 3707 277 49 (35-21931)

96 3782 193 63 Kelty,
320 3784 174 61 Mary
524 3783 65 53 G.

95 3853 1960 147 … How our civilization began, by Mary G. Kelty … Boston, New York [etc.] Ginn and company [c1935]
