2424 4375
1268 4033 131 48 1048

339 415 259 65 Willans,
628 415 332 55 Katharine
988 417 80 55 M.

411 492 1859 69 The proceedings of the society, by Katharine M. Willans …
340 571 258 67 London,
627 570 304 56 Constable
957 574 45 51 &
1027 590 98 48 co.,
1151 572 102 54 ltd.
1309 575 151 64 [1935]

413 642 711 50 4 p. l., 3-290 p., 1 l. 19 cm .
340 697 1995 53 © 1c. July 17, 1935; A ad int. 20417; pubd. May 16; K . M. Willans, New
409 758 188 47 Milton,
630 759 175 46 Hants,
839 758 233 48 England.
1145 758 281 49 (35-12184)

339 833 306 66 Williams,
678 834 243 55 Bertha.

400 908 314 55 Luminous
740 908 186 69 token,
953 925 191 52 poems
1169 909 75 68 by
1271 908 217 54 Bertha
1513 908 303 56 Williams.
1881 907 137 55 New
2050 907 178 69 York,
2257 908 73 52 H.

331 986 514 69 Harrison [ c 1935]
398 1058 55 41 63
487 1069 44 37 p.
589 1057 57 40 22½
678 1059 44 22 cm
728 1090 8 8 .

343 1115 53 53 ©
423 1119 116 48 July
567 1119 41 47 1,
634 1117 140 48 1935;
803 1118 65 39 2c.
898 1117 120 48 July
1044 1117 81 47 15;
1158 1116 82 41 aff.
1270 1118 119 47 July
1413 1117 54 41 13;
1525 1117 41 40 A
1595 1116 168 48 84621;
1798 1119 168 47 Henry
1996 1114 255 44 Harrison,

420 1175 280 49 (35-10451)

344 1250 295 66 Winslow,
668 1251 244 54 Charles
938 1250 254 54 Edward
1218 1250 244 65 Amory,
1491 1251 171 55 1877-

411 1325 1920 70 The new healthy living … by Charles-Edward Amory
340 1402 1992 71 Winslow … and Mary L. Hahn … New York and Chicago,
342 1480 237 55 Charles
609 1482 66 53 E.
706 1481 225 53 Merrill
960 1500 281 51 company
1277 1514 13 34 [
1295 1487 18 22 c
1318 1483 133 50 1935]

413 1554 26 40 2
503 1587 7 8 v.
573 1555 128 40 illus.
730 1554 131 48 (incl.
893 1555 174 47 ports.)
1108 1554 179 47 diagrs.
1347 1554 57 40 19½
1435 1555 44 22 cm
1484 1589 8 8 .

418 1609 1915 47 “It has … seemed desirable to rewrite the two volumes of Healthy
345 1664 150 50 living
524 1667 236 46 radically
791 1667 93 40 and
916 1665 518 49 completely.”—Pref.

342 1721 53 53 ©
422 1726 129 39 June
573 1725 69 48 28,
669 1724 113 42 1935;
838 1725 65 40 2c.
933 1726 117 41 each
1078 1726 96 39 and
1203 1725 108 39 affs.
1340 1726 115 47 July
1482 1724 55 41 25;
1598 1726 40 38 A
1664 1725 157 48 84727,
1850 1724 145 42 84728;
2052 1725 201 41 Charles
2283 1727 50 39 E.

411 1783 187 39 Merrill
625 1793 65 30 co.
758 1782 282 48 [Copyright
1066 1781 42 41 is
1135 1782 204 40 claimed
1366 1793 61 29 on
1455 1791 105 31 new
1588 1784 182 39 matter
1797 1783 94 39 and
1919 1783 223 48 changes]

424 1839 280 48 (35-11002)

341 1913 198 65 Wood,
571 1915 207 65 Grant,
811 1919 170 50 1892-

415 1990 207 54 Revolt
662 1988 223 72 against
924 1991 95 52 the
1059 1991 134 68 city,
1232 1989 75 70 by
1347 1988 186 56 Grant
1569 1990 198 53 Wood.
1843 1989 155 54 Iowa
2040 1988 151 70 City,
2233 1990 101 68 la.,

348 2067 126 56 Clio
503 2086 174 51 press,
706 2070 149 51 1935.

415 2139 57 40 44
497 2150 58 37 p.,
581 2140 24 38 1
631 2141 30 38 1.
721 2138 58 40 20½
809 2141 44 21 cm
857 2171 9 9 .
937 2139 298 50 (Half-title:
1259 2139 244 49 Whirling
1528 2139 152 41 world
1708 2141 176 46 series;
1915 2141 52 39 F.
1996 2141 50 39 L.
2074 2142 138 47 Mott,
346 2141 1969 95 editor.
495 2205 75 31 no.
599 2195 51 48 1)

416 2252 306 48 Head-piece.

415 2309 156 47 Essay
604 2319 59 30 on
698 2309 310 48 regionalism
1038 2310 52 38 in
1120 2311 79 39 art
1229 2311 97 38 and
1360 2310 48 39 in
1442 2309 272 41 literature.

345 2366 53 52 ©
422 2371 114 46 May
557 2370 68 47 15,
650 2368 113 42 1935;
814 2368 65 41 2c.
904 2370 95 38 and
1022 2367 82 41 aff.
1129 2369 125 39 June
1277 2368 54 39 12;
1384 2369 41 38 A
1448 2367 142 41 84192;
1645 2368 165 40 Frank
1833 2368 183 40 Luther
2041 2370 138 46 Mott,
2204 2370 130 39 Iowa

411 2426 125 49 City,
596 2437 40 29 Ia.
709 2425 277 49 (35-10002)

342 2499 198 65 Wood,
570 2500 219 53 Leland
819 2501 228 63 Foster,
1078 2505 169 49 1885-

413 2577 334 53 Beatitudes
778 2576 94 54 for
898 2576 97 54 the
1025 2576 208 66 family
1252 2595 9 34 :
1290 2577 234 53 modern
1554 2577 236 53 wisdom
1818 2577 62 53 in
1911 2576 223 55 ancient
2163 2577 171 66 form,

345 2653 72 68 by
451 2654 218 52 Leland
704 2655 201 52 Foster
937 2655 200 53 Wood.
1208 2653 367 66 Providence,
1609 2655 69 52 R.
1713 2654 69 64 I.,
1814 2653 121 54 The
1967 2655 190 65 Roger
342 2654 1965 130 Williams

537 2748 173 48 press,
741 2734 148 49 1934.

415 2801 732 50 7 p. l., 17-106, [4] p. 19½ cm .
345 2856 55 52 ©
429 2861 113 46 Apr.
573 2860 69 46 22,
674 2858 140 47 1935;
848 2858 66 41 2c.
948 2860 116 47 May
1090 2860 82 45 13;
1208 2858 81 40 aff.
1321 2859 114 48 May
1466 2858 81 46 10;
1580 2859 41 38 A
1650 2856 168 48 83279;
1853 2858 49 39 L.
1937 2858 51 40 F.
2020 2859 165 46 Wood,
2216 2858 118 41 New

414 2917 144 39 York.
629 2916 277 47 (35-10411)

348 2986 352 64 Woodbury,
730 2988 243 62 George,
1004 2992 169 48 1902-

415 3062 349 53 Prehistoric
788 3063 233 53 skeletal
1045 3064 243 52 remains
1316 3062 150 54 from
1489 3063 96 53 the
1610 3064 182 53 Texas
1819 3068 169 60 coast,
2011 3062 76 66 by
2111 3062 220 67 George

347 3139 329 66 Woodbury
714 3140 111 52 and
864 3140 168 52 Edna
1068 3140 349 66 Woodbury.
1513 3139 197 67 [Globe,
1746 3139 177 66 Ariz.,
1960 3139 156 53 Priv.
2154 3140 177 65 print,

346 3216 94 52 for
466 3217 96 53 the
590 3216 331 65 Medallion,
952 3216 133 55 Gila
1114 3217 222 66 pueblo]
1374 3219 150 50 1935.

450 3319 8 10 v.
491 3288 55 41 45
578 3299 43 37 p.
682 3287 126 41 illus.
869 3287 53 41 25½
955 3290 44 21 cm
1004 3320 9 9 .
1083 3288 96 42 (On
1211 3298 162 30 cover:
1406 3288 261 41 Medallion
1701 3298 187 39 papers,
2085 3290 13 39 XVIII)

417 3343 128 42 “The
581 3345 159 40 Texas
777 3345 203 41 skeletal
1015 3344 227 42 material
1278 3345 158 39 which
1472 3344 153 41 forms
1662 3345 82 40 the
1779 3342 131 42 basis
1945 3343 51 41 of
2032 3344 98 40 this
2168 3346 158 47 report

345 3399 194 50 belongs
568 3403 49 39 to
647 3399 108 42 Gila
784 3400 183 49 pueblo,
999 3400 160 49 Globe,
1187 3400 498 41 Arizona.”—Introd.

417 3456 346 50 Bibliography
781 3468 9 28 :
825 3469 42 37 p.
901 3456 157 42 44-45.

347 3510 53 52 ©
429 3514 115 41 July
569 3515 40 42 3,
638 3514 139 46 1935;
807 3514 67 39 2c.
901 3515 94 38 and
1023 3513 79 40 aff.
1134 3513 115 47 July
1277 3512 80 46 12;
1389 3513 44 38 A
1458 3512 168 47 85013;
1660 3512 107 41 Gila
1798 3513 184 47 pueblo,
2013 3512 160 48 Globe,
2202 3511 126 41 Ariz.

424 3570 280 48 (35-10993)

356 3630 324 67 [Woolfolk,
709 3630 204 54 Josiah
942 3630 176 65 Pitts]
1157 3636 167 48 1894-

417 3706 139 54 Vice
582 3724 186 46 versa;
802 3727 31 33 a
861 3710 162 51 novel
1052 3706 74 68 by
1154 3704 147 55 Jack
1327 3704 319 54 Woodford
1702 3704 207 69 [pseud.]
1988 3702 135 53 New
2155 3703 176 68 York,

345 3782 471 67 Godwin [ c 1935]
414 3852 86 40 284
531 3863 45 38 p.
635 3852 55 40 19½
722 3855 44 21 cm
771 3885 9 9 .

349 3908 53 52 ©
424 3911 119 48 Aug.
569 3913 40 46 1,
634 3911 140 47 1935;
801 3913 65 39 2c.
891 3913 95 39 and
1011 3910 81 42 aff.
1117 3912 119 47 Aug.
1260 3913 53 45 3;
1342 3912 40 39 A
1408 3910 168 48 84829;
1605 3912 41 39 J.
1672 3912 50 39 P.
1748 3911 255 47 Woolfolk,
2030 3909 297 48 Hollywood,

417 3968 143 41 Calif.
631 3968 276 49 (35-11491)
