2424 4375
1087 4045 131 48 1045

235 509 1913 49 Chapters I - III (p. 15-128) published also as chapters I - III in the
162 566 217 42 author’s
406 567 66 39 “A
501 566 250 40 historical
778 566 293 39 sourcebook
1098 567 51 38 of
1177 567 79 38 the
1287 566 158 47 Japan
1475 565 197 40 mission
1700 567 51 38 of
1777 567 81 39 the
1888 566 257 41 Reformed

162 625 177 40 church
365 625 51 38 in
440 622 219 41 America
696 621 345 49 (1859-1930)”

232 680 346 49 Bibliography
597 690 8 29 :
639 691 39 36 p.
713 678 213 41 163-172.

165 748 53 53 ©
246 754 119 37 Mar.
391 751 68 42 30,
487 750 138 41 1935;
654 751 66 40 2c.
749 752 93 38 and
873 750 81 39 aff.
981 750 113 47 Apr.
1124 750 24 39 6
1167 761 8 29 :
1208 751 39 37 A
1274 749 143 40 81318;
1476 750 41 40 S.
1548 751 70 38 W.
1648 750 176 47 Ryder,
1856 750 291 46 Saugerties,

234 810 53 37 N.
318 810 52 37 Y.
441 807 277 47 (35-11737)

233 908 52 52 A
328 908 289 53 historical
661 907 340 53 sourcebook
1041 906 63 53 of
1146 907 93 52 the
1281 906 192 68 Japan
1518 906 233 53 mission
1793 907 64 54 of
1899 908 95 52 the
164 908 1956 131 Reformed

430 986 208 53 church
688 985 55 51 in
793 985 260 52 America
1111 983 364 70 (1859-1930)
1532 985 74 68 by
1654 983 252 69 Stephen
1952 985 193 52 Willis

162 1061 1884 70 Ryder, PH. D. York, Penna., The York printing co., 1935.
230 1138 85 41 156
343 1149 42 38 p.
446 1138 143 40 23½cm.

234 1206 1915 51 Chapters I-III (p. 15-128) published also as chapters I to III of the
164 1266 216 40 author’s
415 1264 150 41 thesis
610 1264 105 47 (PH.
781 1264 35 44 D.)
861 1262 247 41 Columbia
1145 1261 282 49 university,
1466 1264 66 38 “A
1568 1262 579 42 historical-educational

164 1324 144 46 study
336 1323 51 39 of
414 1322 82 40 the
525 1322 156 47 Japan
711 1319 196 40 mission
936 1320 51 40 of
1015 1320 82 39 the
1123 1319 261 40 Reformed
1412 1320 177 39 church
1620 1321 50 38 in
1695 1319 264 41 America”.

230 1378 345 49 Bibliography
594 1389 9 28 :
635 1389 43 37 p.
710 1376 212 41 147-156.

165 1446 53 53 ©
244 1451 120 38 Mar.
392 1449 69 42 30,
488 1448 140 45 1935;
657 1448 67 40 2c.
754 1449 94 38 and
875 1447 82 40 aff.
985 1447 113 48 Apr.
1127 1446 52 46 6;
1209 1447 40 38 A
1277 1447 170 47 81316;
1478 1448 43 39 S.
1549 1448 72 39 W.
1650 1447 175 48 Ryder,
1858 1445 290 49 Saugerties,

235 1508 53 38 N.
317 1507 53 38 Y.
441 1505 277 48 (35-11736)

167 1609 244 63 Rypins,
437 1609 239 63 Harold,
707 1614 167 48 1892-

234 1685 244 55 Medical
520 1691 140 47 state
703 1683 172 54 board
923 1681 438 67 examinations;
1410 1681 203 67 topical
1664 1681 328 55 summaries
2039 1682 109 53 and

166 1781 268 48 answers;
485 1780 69 34 an
602 1760 298 69 organized
952 1761 203 52 review
1202 1760 63 52 of
1311 1761 182 52 actual
1545 1760 283 66 questions
1875 1757 167 71 given
2090 1761 58 52 in

163 1840 237 54 medical
437 1839 273 68 licensing
745 1836 408 57 examinations
1190 1837 350 67 throughout
1577 1837 94 54 the
1710 1837 210 55 United
1962 1838 188 54 States

225 1913 1924 73 [b y] Harold Rypins … 2d ed., rev. Philadelphia [etc.] J. B.
165 1994 863 69 Lippincott company [ c 1935]
231 2068 96 45 xvi,
356 2067 87 40 448
475 2077 40 37 p.
576 2066 144 40 23½cm.

235 2137 159 41 Blank
426 2147 143 38 pages
602 2136 77 40 for
714 2137 255 38 ‘Tersonal
1006 2134 339 40 memoranda”
1378 2138 50 38 at
1461 2137 90 39 end
1587 2136 51 40 of
1671 2139 117 38 each
1824 2139 212 47 chapter.

167 2209 53 53 ©
246 2214 127 39 June
397 2212 69 43 25,
493 2209 138 42 1935;
658 2210 67 39 2c.
755 2210 94 39 and
876 2209 81 39 aff.
987 2209 116 47 July
1129 2207 82 47 10;
1241 2208 40 38 A
1310 2206 145 42 83987
1470 2219 9 30 :
1512 2209 41 39 J.
1584 2210 53 38 B.
1667 2207 276 50 Lippincott
1972 2220 64 30 co.

246 2268 277 49 (35-11582)

175 2374 217 64 [Saper,
420 2372 53 52 Ann]

234 2450 173 51 What
440 2447 288 52 character
762 2448 128 51 does
923 2463 142 47 your
1092 2442 394 70 handwriting
1517 2443 220 54 reveal?
1816 2447 90 66 By
159 2446 1963 134 Andrienne
341 2526 208 66 [pseud.]

650 2522 296 59 Portland,
985 2521 119 67 Or.,
1140 2523 160 51 West
1337 2527 150 48 coast
1526 2520 263 71 printing
1827 2524 46 50 &
1909 2523 242 69 binding

165 2605 507 67 company [ c 1935]
236 2680 29 39 4
290 2689 44 39 p.
383 2709 24 16 l.,
435 2676 117 42 3-60
578 2687 43 37 p.
681 2674 126 40 illus.
868 2674 54 39 22
925 2675 44 21 cm
974 2705 8 9 .

168 2745 53 53 ©
247 2750 125 39 June
396 2746 70 45 24,
493 2744 138 42 1935;
662 2744 66 39 2c.
758 2744 94 39 and
879 2742 81 40 aff.
988 2742 129 40 June
1141 2741 82 46 29;
1252 2742 42 39 A
1321 2742 168 41 83851;
1517 2742 54 40 A.
1603 2743 163 48 Saper,
1794 2744 247 43 Portland,
2073 2746 78 40 Or.

248 2803 277 50 (35-12056)

168 2907 390 61 Schweriner,
586 2902 255 54 Thomas
868 2901 207 63 Maria,
1106 2906 322 49 1883-1933.

239 2984 169 55 Saint
431 2979 297 70 Raymond
759 2977 63 54 of
850 2976 315 55 Pennafort
1196 2977 63 51 of
1286 2977 94 53 the
1411 2976 185 55 Order
1624 2979 63 51 of
1716 2976 174 54 friars
168 2982 1956 147 preachers,

299 3055 1850 73 by Thomas M . Schweriner … revised and edited by C. M.
168 3140 236 63 Antony
445 3135 261 68 [pseud.];
747 3132 384 53 introduction
1165 3130 75 68 by
1274 3132 94 53 the
1404 3132 154 51 Most
1593 3132 293 54 Reverend
1922 3134 227 54 Amleto

169 3207 1982 76 Giovanni Cicognani … Milwaukee, The Bruce publishing
169 3293 501 67 company [ c 1935]
239 3358 1908 56 xxiii p., 1 l., 158 p. 20½cm. (Half-title: Dominican library of spiritual
170 3422 185 49 works)

242 3475 291 51 “Writings”
552 3487 9 28 :
594 3487 42 37 p.
666 3474 201 40 135-137;
926 3470 345 41 “References”
1290 3482 9 29 :
1335 3482 40 37 p.
1407 3471 214 41 138-152.

170 3550 53 52 ©
249 3553 127 40 June
397 3550 69 46 13,
491 3547 139 41 1935;
658 3546 65 40 2c.
752 3546 128 39 June
902 3543 54 39 21;
1014 3542 78 39 aff.
1120 3543 129 39 June
1271 3542 81 47 22;
1381 3543 42 38 A
1448 3543 142 41 84607;
1647 3546 195 39 Anselm
1869 3547 282 49 Townsend,

238 3610 116 38 New
383 3607 144 38 York.
597 3602 276 48 (35-12051)

174 3710 256 61 Shively,
459 3711 184 50 Roma
672 3704 229 53 Louise.

242 3779 1843 73 Jubilee—a pioneer college [by] Roma Louise Shively …
176 3856 1387 67 Elmwood, Ill., The Elmwood gazette [ c 1935]
242 3939 1020 60 2 p. l., vii-xi, 79 p. incl. front. 21½ cm .
