2424 4375
1110 4048 136 55 2137

188 416 282 66 Scheffer,
498 417 272 54 Thassila
795 418 160 51 Fritz
981 418 71 53 H.
1080 433 130 49 von,
1240 416 130 54 1873-

257 496 109 51 Die
401 495 260 65 Kyprien
680 514 11 45 ;
730 495 88 52 ein
853 494 364 53 hellenisches
1253 511 130 49 epos
1418 494 57 52 in
1511 494 173 52 zwölf
1719 497 280 63 gesängen
2017 513 10 37 ;
2068 514 104 33 neu

187 568 317 70 geschaffen
538 590 110 33 von
680 570 260 54 Thassilo
970 588 108 35 von
1113 567 269 57 Scheffer.
1449 571 304 65 München,
1786 570 168 57 Beck,
1990 574 147 50 1934.

261 643 865 50 xiii p, 2 l., [3]-258 p., 1 l. 24 cm .
265 714 100 39 “Da
400 723 132 30 muss
567 714 257 39 besonders
859 712 203 41 bedacht
1098 714 205 46 werden,
1340 713 113 39 dass
1488 724 49 29 es
1573 712 102 40 sich
1712 723 79 29 um
1827 712 104 41 eine
192 714 1964 96 vollkommene

368 769 378 49 neuschöpfung,
789 771 106 38 also
935 779 79 30 um
1057 769 106 40 eine
1204 770 229 39 deutsche
1476 768 457 49 Originaldichtung,
1977 769 199 40 handelt

192 829 96 38 und
322 826 203 41 beileibe
560 837 79 28 um
676 826 142 39 keine
854 824 439 42 rekonstruktion.”
1294 826 299 39 —Vorwort.

193 891 1983 53 © May 10, 1934 ; 1c. Oct. 15, 1935 ; A-Foreign 29583 ; C. H. Beck'sche
263 952 570 48 Verlagsbuchhandlung
858 950 180 48 (Oskar
1066 950 153 47 Beck)
1292 950 250 48 (36-6110)

188 1052 289 66 Schemfil,
505 1053 230 56 Viktor.

259 1129 102 55 Col
407 1130 57 52 di
510 1131 187 64 Lana;
745 1148 214 49 genaue
1003 1130 320 67 geschichte
1366 1130 100 52 der
1507 1130 238 67 kämpfe
1800 1129 365 68 (1915-1917)

187 1225 96 34 um
336 1208 106 51 den
496 1208 631 53 heissestumstrittenen
1183 1208 138 66 berg
1375 1208 99 52 der
1529 1208 346 55 Dolomiten,
1929 1207 249 54 verfasst

187 1283 104 54 auf
339 1285 188 66 grund
579 1284 486 54 österreichischer
1116 1285 423 66 truppenakten
1588 1285 116 52 und
1757 1286 418 51 authentischer

186 1362 478 54 reichsdeutscher
713 1362 247 53 berichte
1008 1362 169 63 s.owie
1225 1360 382 54 italienischer
1655 1361 520 68 kriegsgeschichtl.

188 1437 1987 69 werke, von Viktor Schemfil … mit 93 bilddrucken von gross-
188 1517 125 53 teils
353 1519 58 52 in
453 1518 183 65 jenem
677 1516 205 68 kampf
885 1517 184 67 gebiet
1110 1516 76 51 im
1228 1517 193 66 kriege
1463 1517 102 52 auf
1569 1534 403 50 genommenen
187 1517 1962 132 lichtbildern,

451 1595 105 51 mit
579 1593 66 53 27
671 1594 480 65 gefechtsskizzen
1177 1595 116 50 und
1322 1595 134 50 zwei
1483 1595 356 52 landkarten.
1902 1598 273 62 Bregenz,

188 1674 54 53 J.
270 1674 69 52 N.
365 1671 262 65 Teutsch,
654 1674 149 50 1935.

261 1743 85 41 327
368 1754 42 38 p.
433 1743 77 40 incl.
565 1743 162 46 front.,
750 1743 141 48 illus.,
915 1746 162 46 ports.,
1102 1753 150 37 maps,
1277 1744 151 46 plans,
1452 1743 188 40 facsim.
1680 1742 25 39 2
1729 1743 115 40 fold.
1872 1752 148 38 maps.
2061 1743 57 39 24
2119 1745 44 21 cm
2167 1777 9 8 .

262 1813 335 40 “Verzeichnis
638 1814 83 38 der
761 1812 258 40 benützten
1059 1812 325 50 kriegsakten,
1426 1814 83 38 der
1550 1812 233 41 literatur
1820 1815 97 38 und
1959 1815 85 38 der
194 1813 1966 105 beitrage”
377 1881 7 28 :
418 1881 43 37 p.
497 1868 246 50 [321]-322.

193 1935 1766 53 © Mar. 28, 1935 ; 1c. Nov. 26 ; A -Foreign 29888 ; J. N. Teutsch.
270 1995 250 48 (36-6645)

188 2097 253 65 Scholes,
467 2100 187 62 Percy
679 2098 227 64 Alfred,
936 2098 170 54 1877-

256 2177 201 63 Music,
482 2177 92 51 the
601 2177 154 53 child
781 2177 111 51 and
916 2177 96 51 the
1035 2177 364 65 masterpiece
1416 2198 11 34 ;
1459 2196 31 33 a
1517 2174 457 68 comprehensive
187 2177 1965 128 handbook

359 2253 62 52 of
450 2252 141 54 aims
619 2253 111 52 and
757 2253 257 53 methods
1041 2255 60 51 in
1130 2253 78 52 all
1234 2253 124 53 that
1387 2253 45 53 is
1461 2254 226 65 usually
1715 2253 180 53 called
1925 2253 251 53 ‘musical

190 2329 1824 69 appreciation’, by Percy A. Scholes … London, Oxford
188 2332 1963 143 university
426 2427 173 47 press,
626 2408 77 52 H.
731 2408 264 56 Milford,
1025 2411 149 50 1935.

263 2481 63 46 ix,
358 2479 89 42 320
473 2492 44 37 p.
577 2480 126 40 illus.
734 2480 214 48 (music.)
1015 2479 60 40 22:½
1103 2482 43 21 cm
1152 2511 8 7 .

267 2550 201 47 “Books,
495 2549 210 48 articles,
735 2549 234 47 journals,
998 2551 183 40 letters,
1210 2552 103 44 etc.,
1342 2551 177 46 quoted
1548 2561 53 29 or
1630 2549 302 41 mentioned”
1953 2561 7 29 :
1991 2561 40 37 p.
2062 2550 117 41 314-

191 2608 98 40 317.

193 2671 1981 53 © 1c. Dec. 7, 1935 ; A ad int. 20857 : pubd. Oct. 17 ; P. A. Scholes.
264 2732 222 40 Gorneux
525 2742 110 37 pres
674 2733 214 45 Chamby
927 2742 83 29 sur
1050 2733 273 45 Montreux,
1366 2731 331 41 Switzerland.

266 2786 249 49 (36-6285)

188 2890 244 64 Schoop,
457 2892 78 52 M.
561 2892 71 54 U.

258 2968 327 52 Handbuch
623 2969 99 51 der
760 2968 649 67 metallspritz-technik,
1448 2986 108 35 von
1597 2970 81 51 dr.
1720 2969 77 51 M.
1901 3012 9 8 U.
1953 2968 221 65 Schoop

187 3044 118 53 und
331 3044 63 55 C.
417 3046 77 52 H.
517 3045 290 54 Daeschle.
881 3045 110 52 Mit
1017 3044 180 54 einem
1220 3050 242 49 Vorwort
1493 3064 107 34 von
1628 3045 149 67 prof.
1807 3046 83 51 dr.
1918 3047 65 50 E.
187 3047 1964 127 Bosshard

370 3123 118 52 und
526 3123 180 53 einem
742 3123 223 66 beitrag
1000 3142 108 33 von
1148 3124 83 52 dr.
1271 3144 50 33 v.
1362 3125 147 51 Ries.
1585 3124 224 63 Zürich,
1846 3123 250 52 Rascher
2133 3126 42 49 &

190 3198 115 67 cie.,
330 3218 128 48 a.-g.
491 3202 171 65 [1935]

264 3273 25 38 1
316 3282 42 30 v.

196 3336 1981 55 © Feb. 20. 1935; 1c. Nov. 30; A -Foreign 29960; Rascher & cie., a.-g..
263 3400 177 46 verlag.

190 3498 271 54 Schwarz
487 3517 113 35 van
626 3501 174 64 Berk,
826 3502 182 52 Hans.

258 3575 107 52 Die
412 3578 202 51 stunde
660 3577 264 60 diktiert;
970 3578 189 53 kleine
1204 3578 404 68 Sprechstunde
1656 3577 98 52 für
1798 3576 379 67 unpolitische

190 3670 107 34 von
341 3653 262 54 Schwarz
647 3672 110 35 van
799 3655 164 53 Berk.
1043 3657 321 65 Hamburg,
1404 3652 410 55 Hanseatische
1855 3656 320 65 verlagsan-

188 3729 138 52 stalt
357 3733 170 64 [1935]

266 3802 354 47 136 p. 20 ½ cm .
266 3857 187 49 “[Diese
479 3857 223 41 aufsätze]
745 3860 280 40 erschienen
1052 3859 205 48 1934/35
1280 3860 64 39 im
1372 3859 368 47 ‘Angriff’.”—p.
1764 3858 100 42 5-6.

195 3921 1984 58 © June· 12. 1935 : 1c. Oct. 15 ; A -Foreign 29547; Hanseatische verlags-
253 3985 197 46 anstalt,
476 3995 102 38 a.-g.
643 3985 249 48 (36-6642)
