2526 4384
1312 4046 98 49 146

440 510 343 48 Bibliography;
849 520 41 38 p.
927 509 226 46 797-830;
1190 509 375 49 “Bibliography
1604 510 75 38 for
1714 508 156 41 topical
1928 508 212 41 studies”
2178 511 53 40 at
2265 510 89 40 end

363 568 52 37 ot‘
444 568 116 39 each
591 568 210 45 chapter.

366 635 52 52 ©
455 640 108 39 Jan.
599 638 69 48 25,
705 638 139 47 1935;
880 639 66 39 2c.
984 639 110 39 Feb.
1132 638 80 46 16;
1252 638 80 40 aff.
1370 639 111 40 Feb.
1518 639 81 46 15;
1639 640 40 37 A
1715 639 169 46 79668;
1925 640 40 39 J.
2005 640 60 39 H.
2103 640 250 47 Breasted,

431 695 222 48 Chicago.
725 695 250 48 (35-2786)

383 799 484 66 [ Buchan, Anna]
433 875 194 51 Taken
667 876 74 67 by
781 877 94 51 the
916 876 172 57 hand,
1126 875 72 68 by
1241 875 66 53 O.
1351 876 254 67 Douglas
1677 876 186 66 [pseud.]
1964 875 161 68 chap.
2168 879 184 49 34-35.

362 953 357 55 Conclusion.

442 1027 79 47 (In
551 1023 134 42 Good
714 1022 384 52 housekeeping,
1125 1022 127 49 Jan.,
1285 1023 142 49 1935)

368 1080 51 51 ©
452 1085 64 38 3c.
551 1084 107 39 Feb.
693 1083 68 46 23,
794 1082 113 41 1935;
968 1084 40 37 A
1041 1084 61 38 ad
1133 1083 84 38 int.
1250 1081 169 46 19971;
1454 1084 141 46 pubd.
1629 1084 109 38 Dec.
1773 1084 68 43 28,
1877 1082 139 41 1934;
2053 1083 53 38 A.
2142 1083 213 46 Buchan,

435 1141 209 45 Peebles,
680 1140 241 40 Scotland.

365 1243 242 62 Burton,
635 1243 242 63 Ronald,
910 1248 166 49 1899-
1289 1248 66 47 ed

441 1318 189 53 Venus
670 1320 292 51 Oceanica.
1037 1319 117 51 The
1192 1321 191 50 sexual
1421 1318 102 53 life
1562 1318 63 52 of
1662 1317 182 55 South
1884 1336 89 33 sea
2011 1316 235 70 natives,
2286 1317 70 69 by

369 1397 296 53 Professor
696 1398 61 50 B.
790 1395 281 55 Schidloff
1119 1398 8 52 [!]
1235 1397 192 53 Erotic
1458 1397 200 53 rituals
1686 1397 62 51 of
1774 1395 333 55 Australian
372 1396 1961 145 aboriginals,

560 1474 71 68 by
666 1475 209 53 Doctor
902 1475 75 51 H.
1009 1475 284 52 Basedow.
1373 1475 638 67 Ethnopornographia,
2042 1474 72 68 by
2147 1474 210 54 Doctor

373 1552 81 51 W.
492 1552 65 52 E.
593 1551 165 54 Roth.
838 1552 209 54 Edited
1083 1553 69 67 by
1188 1553 65 50 R.
1293 1553 236 53 Burton.
1606 1552 133 52 New
1779 1551 175 67 York,
1990 1552 156 53 Priv.
2183 1551 172 70 print,

377 1630 86 52 for
490 1630 358 68 subscribers,
877 1630 119 52 The
1025 1628 272 55 Oceanica
1328 1630 253 53 research
1613 1647 170 52 press,
1813 1632 151 51 1935.

437 1702 1380 49 4 p. l., 11-411, [3] p. incl. front., illus., map. 23½ cm .
439 1758 1914 50 “This edition … is limited to 925 copies.” This copy not numbered.
438 1814 252 40 Half-title;
745 1815 160 39 Venus
934 1815 233 40 Oceanica;
1230 1816 411 46 anthropological
1671 1817 186 40 studies
1887 1818 48 38 in
1966 1818 81 40 the
2076 1828 83 29 sex
2188 1817 89 40 life
2305 1818 51 38 of

371 1871 79 38 the
479 1871 151 40 South
659 1881 77 29 sea
766 1872 202 38 natives.

368 1927 51 51 ©
450 1932 109 39 Feb.
589 1932 38 44 1,
658 1930 112 41 1935;
827 1930 65 40 2c.
922 1931 109 39 Feb.
1059 1932 28 38 4;
1142 1930 70 40 aff
1253 1931 108 39 Feb.
1394 1933 24 37 7;
1475 1932 39 37 A
1543 1931 143 40 80365;
1746 1932 216 39 Jul-Mar
1987 1933 107 47 pub.
2124 1943 68 29 co.

445 1987 249 46 (35-2770)

364 2092 266 63 Carfrae,
661 2091 325 54 Elizabeth.

431 2168 164 64 Lady
622 2168 74 66 by
723 2168 298 67 marriage.
1093 2169 357 65 [Instalment
1482 2171 63 48 12]

444 2242 84 47 (In,
553 2238 157 42 Home
736 2238 130 42 chat.
894 2237 111 44 Jan.
1032 2239 41 49 5,
1103 2238 141 49 1935)

369 2294 1986 52 © 1c. Feb. 23, 1935; A ad int. 19968; pubd. Dec. 31, 1934; Elizabeth
435 2356 208 40 Carfrae
671 2356 92 39 Ora
771 2356 132 46 dock,
935 2356 190 46 Hadley
1154 2355 165 46 Wood,
1354 2355 192 46 Sussex,
1577 2356 234 47 England.

366 2458 169 64 Cecil,
565 2461 155 51 Lord
749 2459 209 63 David,
991 2464 168 50 1902-

441 2535 177 54 Early
656 2536 296 54 Victorian
989 2536 295 62 novelists;
1326 2555 186 49 essays
1550 2537 55 51 in
1642 2536 372 68 revaluation,
2050 2538 75 67 by
2161 2537 188 53 David

369 2613 167 54 Cecil.
613 2615 255 66 London,
899 2615 301 55 Constable
1226 2618 46 50 &
1300 2634 97 46 co.,
1425 2615 120 65 ltd.,
1577 2620 148 48 1934.

435 2688 26 39 6
489 2699 39 36 p.
558 2690 15 37 1.,
629 2687 142 40 3-332
801 2698 41 37 p.
899 2687 56 40 20½
987 2690 44 21 cm
1035 2719 8 8 .

437 2745 181 39 "These
647 2754 166 37 essays
844 2755 83 29 are
959 2743 191 42 derived
1184 2745 126 38 from
1343 2754 25 29 a
1402 2744 149 39 series
1582 2744 51 39 of
1662 2745 208 41 lectures
1902 2754 58 29 on
1994 2744 80 40 the
2107 2742 246 41 Victorian

366 2803 133 38 novel
534 2801 241 40 delivered
808 2804 52 37 at
892 2800 186 41 Oxford
1112 2804 93 37 two
1237 2812 52 26 or
1321 2801 136 40 three
1487 2811 141 36 years
1660 2800 455 47 ago."—Prefatory
2148 2804 122 36 note.

713 2858 125 38 CONTENTS.—As
875 2859 111 46 they
1022 2858 105 39 look
1167 2860 47 37 to
1251 2859 79 37 the
1369 2856 447 41 reader.—Charles
1856 2857 281 40 Dickens.—
2147 2856 204 41 William

362 2916 288 46 Makepeace
675 2914 360 47 Thackeray.—
1037 2914 251 40 Charlotte
1314 2914 192 39 Brontë.
1511 2914 220 46 —Emily
1757 2915 180 38 Bronte
1955 2914 93 39 and
2069 2912 285 48 Wnthering

364 2971 381 46 heights.—Mrs.
784 2970 497 47 Gaskell.—Anthony
1317 2970 483 47 Trollope.—George
1838 2970 138 41 Eliot.

368 3024 1796 51 © 1c. Jan. 23, 1935; A ad int. 19008; pubd. Nov. 20, 1934; Bobbs - Merrill
433 3096 81 34 co.,
551 3084 346 47 Indianapolis.
969 3083 248 48 (35-2904)

365 3185 428 67 Christiansen,
822 3187 286 64 Johanne,
1139 3192 170 50 1882-

365 3262 1963 146 Ernæringens elleve bud, af Johanne Christiansen … København, Gyldendal, 1934.
437 3413 68 46 19,
539 3414 53 48 [1]
623 3425 43 36 p.
726 3414 127 39 illus.
913 3414 56 39 24½
1001 3416 45 21 cm
1049 3446 8 8 .

367 3465 1970 109 © Dec. 8, 1934; 1c. Jan. 8, 1935; A-Foreign 26606; Gyldendalske boghandel, Nordisk forlag. (35-3076)
364 3627 225 65 Collier,
619 3628 252 54 William
899 3629 207 56 Miller.

433 3707 131 48 1935
600 3706 209 50 annual
845 3707 339 51 cumulative
1221 3707 358 65 supplement
1612 3703 324 69 (including
1972 3704 75 52 all
2083 3705 263 65 previous

360 3783 386 64 supplements
775 3783 110 51 and
912 3787 57 49 to
996 3785 261 64 January
1283 3787 46 51 1,
1357 3784 160 65 1935)
1552 3787 57 47 to
1639 3783 213 54 Collier
1876 3800 71 33 on
1972 3781 372 67 bankruptcy.

369 3859 1916 66 13th ed. … with amendments to date, by Ralph E. Rogers …
346 3934 251 70 Albany,
621 3938 68 56 N.
717 3938 53 54 Y.,
828 3937 275 52 Matthew
1126 3937 224 52 Bender
1371 3940 45 49 &
1436 3953 296 49 company,
1755 3936 414 66 incorporated,
2196 3938 148 48 1935.
