2424 4375
1270 4055 99 49 622

324 443 1953 146 Materials; a work book; preface by Charlotte Krum … Chicago, Ill., Integrated knowledge, inc. [c1934]
391 598 57 38 (>S
473 607 39 36 p.
543 596 107 39 incl.
679 597 157 46 plates
864 595 136 48 (part
1023 596 112 46 col.)
1198 595 59 39 26
1256 597 43 20 cm
1304 625 9 9 .
2118 615 8 17 ·

393 653 70 41 On
490 662 140 31 cover…
687 651 252 41 Materials
966 653 94 38 and
1087 653 105 38 liow
1222 654 48 38 to
1300 661 84 30 use
1411 652 142 40 them.

394 709 345 48 “Suggestions
761 719 58 28 on
846 710 106 39 liow
978 712 47 37 to
1053 720 87 29 use
1162 707 97 42 this
1285 708 164 47 book”,
1477 709 59 47 by
1563 708 130 41 Elsie
1720 709 221 47 Wygant,
1969 709 143 40 Clara
2143 711 162 40 Pettee

323 769 92 38 and
444 766 185 40 Jessica
661 767 299 39 MacDonald:
1015 777 42 37 p.
1083 766 159 40 47-07.

395 824 189 39 “Books
608 824 254 46 suggested
887 823 78 39 for
992 833 83 29 use
1103 821 116 41 with
1249 822 98 40 this
1376 821 131 41 text”:
1565 833 42 37 p.
1634 822 67 40 08.

323 891 53 52 ©
409 895 102 40 Oct.
603 925 8 15 15,
642 893 140 48 1934;
817 894 66 40 2c.
915 895 94 38 and
1043 893 79 40 aff.
1155 893 118 40 Nov.
1306 893 81 46 16;
1422 893 40 39 A
1496 893 169 49 78104;
1702 894 280 46 Integrated
2014 893 290 49 knowledge,

391 951 90 41 inc.
550 950 279 49 (34-39390)

323 1055 221 63 Mayer,
578 1053 293 64 Clarence,
905 1053 170 54 1879-

397 1131 217 54 Secrets
652 1131 63 53 of
754 1129 395 68 metaphysics,
1186 1130 73 66 by
1301 1129 268 54 Clarence
1606 1130 214 67 Mayer.
1895 1131 110 52 Los
2043 1131 262 70 Angeles,

323 1208 192 62 Calif.,
543 1209 263 55 DeVorss
831 1212 45 51 &
901 1226 97 49 co.,
1027 1210 148 51 1935.

392 1279 938 52 4 p. l., 13-120, [6] p. diagrs. 20c m .
392 1340 145 39 “New
565 1340 94 38 and
687 1339 229 47 enlarged
946 1337 226 41 edition.”

325 1406 52 53 ©
401 1411 108 38 Jan.
534 1409 39 46 2,
598 1408 140 47 1935;
763 1407 64 42 2c.
855 1410 119 38 Mar.
998 1409 53 45 4;
1078 1407 82 41 aff.
1184 1408 112 47 Apr.
1321 1407 82 47 28;
1432 1408 39 38 A
1524 1406 140 47 80761;
1731 1438 8 9 C.
1767 1409 179 46 Mayer,
1974 1409 91 39 Dos
2091 1408 216 48 Angeles.

401 1467 251 49 (35-4353)

324 1570 239 63 Mundy,
591 1569 226 63 Talbot,
849 1566 168 55 1879-

398 1645 130 53 Full
562 1662 182 43 moon,
774 1645 74 65 by
878 1644 205 53 Talbot
1114 1643 240 67 Mundy.
1420 1644 138 52 New
1590 1643 178 67 York,
1798 1643 256 70 London,
2085 1646 70 52 D.
322 1646 1959 138 Appleton-Century
828 1739 294 45 company,
1153 1720 415 64 incorporated,
1601 1724 149 51 1935.

393 1780 546 64 4 p. l., 312 p. 19½c m .
327 1863 52 53 ©
409 1868 120 38 Mar.
557 1864 69 48 22,
657 1865 139 46 1935;
828 1862 67 41 2c.
926 1865 121 38 Mar.
1076 1863 82 46 25;
1192 1862 81 41 aff.
1307 1863 119 40 Mar.
1458 1862 82 48 20;
1572 1864 39 38 A
1673 1864 139 46 81176;
1844 1865 51 39 T.
1930 1864 195 49 Mundy,
2158 1866 151 40 South

398 1923 318 45 Alancliester,
742 1921 143 40 Conn.
956 1918 250 51 (35-4294)

330 2026 277 54 National
636 2023 312 55 industrial
978 2024 345 54 conference
1350 2024 200 53 board.

398 2102 163 56 Costs
612 2101 112 53 and
775 2098 199 70 profits
1025 2099 58 53 in
1133 2097 471 71 manufacturing
1652 2099 282 70 industry,
1986 2102 321 54 1914-1933.

330 2183 134 51 New
515 2179 163 53 York
724 2177 133 69 city,
904 2176 270 55 National
1225 2176 305 54 industrial
1582 2175 328 56 conference
1958 2178 196 70 board,
2202 2178 105 56 inc.

350 2262 174 62 [ c 1935 ]
398 2327 1381 53 4 p. l., 15 p. diagrs. 23 cm . [Its Studies, no. 213]
429 2387 116 40 "This
577 2387 145 46 study
754 2395 99 30 was
883 2385 235 48 prepared
1150 2384 60 48 by
1242 2385 88 40 Mr.
1363 2384 219 40 Leonard
1612 2384 177 48 Kuvin,
1821 2384 52 41 of
1904 2385 81 40 the
2017 2384 292 43 Conference

331 2443 186 41 board's
553 2442 224 41 research
810 2440 495 42 staff.”—Foreword.

330 2510 1962 105 © Mar. 20, 1935; 2c. and aff. Apr. 8; A 82423; Natl. industrial conference board, inc. (35-6927)
403 2659 303 55 Vacations
736 2656 137 53 with
905 2675 113 50 pay
1050 2657 93 52 for
1172 2675 158 50 wage
1359 2675 242 35 earners.
1675 2657 138 52 New
1842 2658 162 52 York
2033 2658 134 69 city,

331 2658 1953 142 National industrial conference board, inc. [c1935]
400 2810 98 47 viii,
526 2809 56 41 35
611 2820 41 37 p.
712 2807 55 41 23
771 2810 43 21 cm
820 2839 9 8 .
890 2808 87 49 [Its
1007 2807 208 40 Studies,
1274 2816 74 33 no.
1376 2807 99 49 215]

330 2874 1978 53 © Apr. 4, 1935; 2c. and aff. Apr. 8; A 82422; Natl. industrial conference
397 2936 163 46 board,
586 2934 87 40 inc.
745 2931 249 50 (35-0929)

330 3036 201 65 Neely,
559 3037 224 61 Wayne
812 3034 286 65 Caldwell,
1128 3041 170 49 1904-

395 3110 1910 70 The agricultural fair, by Wayne Caldwell Neely … New
331 3189 174 67 York,
535 3188 296 55 Columbia
860 3188 315 68 university
1202 3206 172 49 press,
1404 3191 150 51 1935.

400 3259 1888 51 xii p., 2 l., [3]-313 p., 1 l. front. (port.) plates. 22 cm . (Half-title:
331 3314 250 43 Columbia
623 3317 267 47 university
933 3317 184 39 studies
1161 3316 49 39 in
1255 3317 81 39 the
1377 3317 187 46 history
1607 3317 52 40 of
1701 3317 254 40 American
2000 3316 306 48 agriculture,

331 3370 1432 50 edited by H. J. Carman … and R. G. Tugwell … II)
401 3428 168 41 Issued
597 3429 103 40 also
723 3440 54 29 as
806 3429 149 40 thesis
989 3429 15 48 (PH.
1154 3430 32 46 D.)
1222 3427 249 42 Columbia
1499 3428 282 49 university.

398 3482 344 50 Bibliography:
807 3495 43 37 p.
890 3484 243 50 [205]-290.

333 3537 52 53 ©
409 3542 121 40 Mar.
552 3542 68 47 27,
644 3541 139 48 1935;
807 3543 65 39 2c.
897 3543 114 47 Apr.
1033 3544 52 44 1;
1111 3542 82 40 aff.
1219 3544 121 38 Mar.
1364 3542 82 47 30;
1473 3544 38 38 A
1535 3543 168 48 81228;
1732 3543 249 42 Columbia
2006 3542 129 43 univ.
2160 3553 146 39 press.

412 3598 277 48 (35-27113)

332 3701 144 51 New
505 3702 225 62 Jersey.
805 3705 180 62 Laws,
1013 3708 253 55 statutes,
1296 3709 98 46 etc.

403 3777 136 51 New
577 3780 198 64 Jersey
813 3784 208 46 statute
1060 3779 222 53 service.
1356 3778 189 67 April,
1587 3784 148 57 1935,
1774 3780 338 52 cumulative

338 3797 1942 121 pamphlet.
580 3852 346 70 Containing
957 3856 92 52 the
1080 3855 191 67 public
1301 3861 115 48 acts
1447 3856 62 52 of
1539 3857 93 52 the
1662 3857 207 66 special
1900 3856 225 66 session,
2157 3857 147 62 1934,

337 3934 56 46 to
431 3931 326 64 September
795 3936 78 53 19,
910 3937 149 58 1934,
1095 3933 225 63 regular
1353 3935 226 59 session,
1613 3937 149 53 1934.
1795 3939 58 48 to
1886 3933 304 54 December
2225 3934 78 56 18,
