2424 4375
1249 4053 101 53 704

364 503 1355 51 xxv, 449 p. front., illus. (incl. music) diagr. 24 cm.
371 564 250 43 Half-title
650 566 257 49 preceding
937 566 121 41 book
1088 578 49 29 rv
1166 570 83 39 not
1282 568 221 40 included
1538 571 45 37 in
1619 569 79 40 the
1732 569 201 48 paging;
1967 579 110 38 map
2110 580 59 29 on
297 568 1974 102 lining-paper.

303 690 1986 55 © Apr. 29, 1935; 2c. May 17; aff. May 16; A 83155; W. T. Hornaday,
373 751 262 48 Stamford,
663 752 146 41 Conn.
879 754 250 49 (35-7621)

303 854 183 63 Hunt,
516 856 262 53 Francis.

306 930 1959 130 … The messenger dog’s secret, by Francis Hunt … illustrated
542 1007 70 68 by
661 1009 292 67 Margaret
1004 1009 170 68 Ayer.
1267 1009 135 52 New
1456 1008 177 70 York,
1685 1008 231 55 Grosset
1962 1010 45 50 &
2057 1008 231 69 Dunlap

335 1087 150 66 [1935]

376 1155 1912 53 2 p. l., 178 p. front., plates. 19½cm. (His Mary and Jerry mystery
307 1211 199 49 stories)

377 1270 287 40 Illustrated
699 1271 346 48 lining-papers

305 1338 52 53 ©
381 1344 114 47 May
517 1343 68 47 28,
612 1342 114 41 1935;
779 1344 67 40 2c.
871 1345 96 39 and
988 1343 81 41 aff.
1097 1345 113 47 May
1233 1345 54 40 31;
1341 1345 40 38 A
1406 1344 143 41 84005;
1604 1345 198 40 Grosset
1831 1345 36 40 &
1891 1345 208 48 Dunlap,
2126 1343 89 41 inc.

384 1400 250 47 (35-7601)

303 1506 281 62 Jacoupy,
614 1506 356 63 Jacqueline.

429 1580 1862 68 … La transhumance. Préface de Maurice Constantin-Weyer
360 1656 1928 70 … Avec 35 reproductions photographiques par l’auteur.
301 1734 182 54 Paris.
513 1734 172 55 Stock
723 1735 328 68 (Delamain
1078 1743 53 45 et
1156 1735 363 69 Boutelleau)
1564 1737 171 65 [1933]

370 1819 1921 52 3 p. l ., [9]-138 p., 1 l. front. (port.) illus. (plans) plates. 22½ cm . (Les
302 1876 143 41 livres
478 1879 56 41 de
567 1884 174 34 nature
776 1877 229 41 illustrés.
1068 1878 81 49 [4])

307 1945 1986 53 © Nov. 30, 1933; 1c. Jan. 30; 1934; A-Foreign 23590; Librairie Stock,
376 2006 255 40 Delamain
660 2007 36 40 &
723 2007 298 39 Boutelleau.
1093 2007 250 48 (35-7765)

306 2106 221 67 Kelley,
559 2111 244 52 Francis
832 2108 281 65 Clement,
1146 2111 108 65 bp.,
1285 2112 169 51 1870-

386 2185 485 54 Blood-drenched
922 2186 202 63 altars;
1177 2184 260 54 Mexican
1490 2187 169 66 study
1713 2186 106 51 and
1878 2191 292 61 comment,
2225 2185 65 66 by

315 2263 231 53 Francis
595 2263 255 53 Clement
893 2261 201 69 Kelley;
1172 2264 139 51 with
1360 2263 453 53 documentation
1863 2265 106 50 and
2021 2270 154 46 notes
2221 2262 72 68 by

315 2341 147 51 Eber
497 2339 134 55 Cole
665 2340 199 69 Byam.
939 2340 71 52 2d
1044 2339 269 55 ed.—rev.
1390 2340 356 68 Milwaukee,
1782 2340 119 51 The

1941 2341 180 50 Bruce
314 2339 1956 146 publishing
558 2435 277 51 company
873 2420 192 66 [c1935]

379 2490 98 46 xix,
515 2489 83 39 521
634 2499 42 37 p.
737 2490 168 47 plates,
941 2491 147 46 ports.
1149 2489 57 39 22½
1236 2491 44 21 cm
1285 2521 9 9 .

381 2546 138 47 Maps
547 2555 59 29 on
634 2546 359 47 lining-papers.

381 2602 329 48 “Chronology
741 2604 94 38 and
866 2602 162 40 notes”:
1090 2613 41 37 p.
1176 2602 233 49 [395]-500.

311 2672 52 52 ©
392 2677 113 46 May
591 2709 8 15 18,
630 2675 112 41 1935;
799 2675 66 41 2c.
896 2677 112 46 May
1036 2675 54 40 31;
1153 2675 80 39 aff.
1265 2677 113 46 May
1406 2675 55 40 29;
1521 2676 40 38 A
1590 2675 142 41 83397;
1791 2677 155 39 Bruce
1976 2676 108 48 pub.
2116 2684 65 31 co.

389 2733 249 48 (35-7744)

311 2832 235 67 Koffka,
574 2834 174 64 Kurt,
777 2839 168 49 1886-

381 2906 1908 72 Principles of gestalt psycholog} 7 , by K. Koffka … New
323 2986 167 68 York,
516 2988 305 65 Harcourt,
849 2987 178 52 Brace
1055 2988 110 50 and
1193 3004 293 51 company,
1516 2990 149 49 1935.

384 3059 62 42 xi,
490 3058 85 39 720
616 3069 41 37 p.
733 3059 126 40 illus.
887 3059 131 47 (incl.
1061 3059 176 47 music)
1288 3061 175 44 diagrs.
1539 3058 54 40 22
1597 3062 43 21 cm
1646 3091 8 8 .
1740 3061 296 46 (Half-title:
315 3061 1958 94 International

494 3115 183 46 library
706 3115 50 40 of
785 3116 300 47 psychology,
1118 3116 282 47 philosophy
1430 3118 95 38 and
1556 3117 232 40 scientific
1818 3115 218 47 method)

385 3172 160 39 “First
580 3171 224 41 edition.”

384 3228 345 47 Bibliography:
790 3239 42 37 p.
862 3228 212 41 687-701.

311 3298 53 53 ©
387 3304 113 46 May
522 3302 39 42 9,
586 3302 138 46 1935;
749 3302 66 40 2c.
841 3303 94 38 and
957 3301 82 40 aff.
1065 3301 113 47 May
1202 3301 54 39 15;
1308 3301 40 39 A
1373 3301 140 40 83122;
1570 3302 258 46 Harcourt,
1856 3303 151 38 Brace
2035 3302 35 39 &
2093 3310 81 33 co.,
2201 3300 89 39 inc.

392 3360 248 47 (35-7711)

314 3460 293 63 Lasswell,
636 3462 219 53 Harold
882 3461 259 64 Dwiglit,
1170 3467 168 48 1902-

383 3538 381 67 Propaganda
799 3539 109 51 and
944 3537 378 68 promotional
1356 3536 297 66 activities,
1688 3555 68 33 an
1791 3536 305 52 annotated
313 3533 1950 149 bibliography,

625 3616 276 65 prepared
940 3616 179 51 under
1157 3614 91 53 the
1284 3613 274 54 direction
1596 3613 62 54 of
1694 3614 91 51 the
1823 3612 287 69 Advisory
317 3630 1949 114 committee

537 3710 70 32 on
641 3710 255 49 pressure
929 3710 210 48 groups
1175 3692 111 51 and
1319 3691 390 66 propaganda.
1745 3689 185 55 Social
1966 3690 209 53 science

313 3706 1953 129 research council [by] Harold D. Lasswell … Ralph D. Casey …
319 3841 1943 147 ,and] Bruce Lannes Smith … Minneapolis, Minn., The University
553 3921 64 52 of
642 3921 320 53 Minnesota
989 3939 173 49 press,
1192 3923 145 49 1935.

385 3995 114 47 xvii,
528 3995 89 39 450
642 4005 42 37 p.
744 3993 56 40 24
803 3996 44 21 cm
850 4026 9 9 .
