2424 4375
1079 4106 130 49 1349

152 485 160 63 Peet,
340 484 341 63 Creighton.

220 558 248 69 Captain
503 558 201 69 Teddy
741 559 110 52 and
888 558 173 52 sailor
1099 556 197 70 Chips,
1330 557 391 68 photographs
1760 555 111 52 and
1906 560 119 47 text
2062 555 73 67 by

151 634 1780 71 Creighton Peet … New York, Loring & Mussey [c1935]
228 710 83 50 [96]
340 721 43 37 p.
412 710 108 39 incl.
549 709 164 47 front.,
741 709 127 40 illus.
922 708 56 39 23½
1010 710 45 21 cm
1058 740 10 10 .

151 763 1877 54 © Oct. 1, 1935; 2c. and aff. Oct. 3; A 86561; Loring & Mussey, inc.
237 823 278 50 (35-17489)

155 926 249 64 Pierrot,
434 927 224 63 George
688 926 260 63 Francis,
980 931 169 49 1898-

224 1003 120 52 The
393 1001 297 69 vagabond
741 1001 161 66 trail;
957 1002 218 52 around
1224 1000 95 54 the
1370 1000 180 53 world
1600 1000 61 52 in
1715 1001 101 49 100
1865 997 155 70 days,
2072 998 72 67 by

155 1078 220 69 George
405 1080 66 52 F.
504 1078 251 63 Pierrot;
792 1078 283 53 foreword
1107 1078 73 68 by
1212 1076 210 53 Lowell
1458 1077 273 65 Thomas;
1768 1075 377 55 illustrations

150 1157 73 69 by
251 1157 213 53 Robert
489 1156 79 54 M.
601 1153 383 56 Brinkerhoff.
1060 1154 135 53 New
1230 1154 176 67 York,
1436 1154 254 69 London,
1722 1154 69 51 D.
1822 1153 316 69 Appleton-

154 1234 250 68 Century
436 1251 292 50 company,
757 1232 410 68 incorporated,
1202 1235 149 50 1935.

220 1293 1170 61 xiv p.’, 1 l., 248 p. incl. front., illus. 19½ cm .
225 1363 138 46 Maps
396 1372 60 29 on
486 1362 363 47 lining-papers.

153 1414 53 57 ©
240 1423 126 47 Sept.
399 1422 70 47 20,
502 1420 139 48 1935;
675 1421 68 40 2c.
777 1421 95 39 and
903 1420 82 40 aff.
1022 1420 127 47 Sept.
1181 1420 81 47 23;
1298 1421 41 38 A
1371 1419 168 48 87152;
1576 1420 56 40 D.
1666 1419 476 49 Appleton-Century

223 1490 81 36 co.,
334 1479 90 40 inc.
495 1478 279 49 (35-17507)

151 1581 450 63 Prentice-Hall,
633 1581 127 63 inc.,
787 1582 136 51 New
957 1580 175 53 York.

220 1655 241 52 Federal
494 1659 98 47 tax
624 1655 109 51 law
766 1655 139 51 with
941 1654 376 68 explanatory
1352 1654 200 68 digest.
1622 1653 264 53 Revenue
1924 1660 116 47 acts
2078 1652 62 54 of

152 1730 1985 148 1934 and 1935. August, 1935, ed. … [New York] Prentice-Hall, inc., c1935.
222 1886 165 43 xxxvi,
415 1883 39 47 1,
482 1882 161 48 la-lp,
671 1882 113 40 2-91
813 1891 43 39 p.
916 1882 55 40 23
975 1884 43 21 cm
1023 1914 8 9 .

158 1937 53 53 ©
241 1942 117 47 Aug.
392 1942 69 45 31,
491 1941 139 47 1935;
666 1942 66 38 2c.
765 1942 96 38 and
892 1939 82 41 aff.
1010 1941 126 47 Sept.
1169 1942 52 45 7;
1256 1941 40 38 A
1329 1940 169 47 86201;
1534 1940 373 49 Prentice-Hall,
1942 1941 89 40 inc.

238 1998 278 48 (35-17323)

151 2098 185 67 Price,
366 2100 181 53 Edith
576 2099 315 66 Ballinger,
923 2102 170 53 1897-

223 2176 271 54 Lubber’s
527 2177 148 67 luck,
707 2177 75 69 by
813 2177 182 53 Edith
1027 2177 298 68 Ballinger
1357 2177 194 66 Price;
1586 2175 323 55 illustrated
1942 2177 74 68 by
2049 2177 93 52 the

158 2256 219 52 author.
453 2256 234 66 Boston,
723 2254 193 67 Little,
955 2256 229 66 Brown,
1224 2255 113 53 and
1376 2273 295 50 company,
1712 2259 152 49 1935.

225 2327 1214 50 x p., 2 l., [3]-275 p. incl. front., plates. 21 cm .
156 2382 53 53 ©
242 2387 127 47 Sept.
398 2386 69 47 20,
497 2384 113 41 1935;
671 2385 67 40 2c.
772 2386 126 47 Sept.
929 2385 82 47 21;
1045 2385 80 39 aff.
1160 2386 102 39 Oct.
1292 2385 53 47 2;
1379 2386 43 38 A
1452 2385 169 47 86570;
1657 2387 52 38 E.
1739 2386 54 39 B.
1826 2385 153 47 Price,
226 2387 1902 103 Newport,
375 2443 55 39 R.
456 2444 36 38 I.
564 2441 279 49 (35-17495)

157 2544 221 53 Punch,
453 2565 50 32 v.
534 2548 115 61 189,
676 2563 86 33 no.
791 2543 153 67 4917,
968 2545 229 66 August
1222 2548 83 62 28,
1335 2547 147 51 1935.

157 2613 1985 53 © 1c. Oct. 23, 1935; A ad int. 20663; pubcl. Aug. 28; Herbert Heather,
228 2675 212 39 London.

157 2774 342 65 Rockwood,
537 2778 137 50 Mrs.
713 2776 177 52 Lemo
928 2775 292 53 Theressa
1252 2775 282 64 (Dennis)
1585 2782 169 49 1896-
1967 2793 176 50 comp.

222 2852 257 52 Pictures
510 2851 63 54 of
604 2851 206 69 family
839 2851 131 67 life;
1002 2869 192 51 young
1223 2852 243 67 people’s
1498 2850 376 68 descriptions
1903 2852 63 53 of
153 2852 1967 146 family
267 2929 131 66 life;

436 2929 309 53 assembled
780 2929 93 52 for
904 2931 95 51 the
1031 2930 305 52 American
1369 2931 164 52 home
1566 2928 309 55 economics
153 2931 1967 129 association
315 3007 74 68 by
432 3026 31 33 a

508 3008 318 52 committee
867 3008 62 52 of
971 3007 95 53 the
1111 3006 265 54 Division
1419 3007 64 52 of
1524 3009 96 51 the
1664 3007 206 69 family
1915 3010 112 51 and
2071 3008 74 54 its

156 3084 420 68 relationships,
619 3084 253 53 Mildred
916 3086 66 50 B.
1028 3085 267 64 Thurow,
1338 3085 321 64 chairman;
1707 3085 281 68 compiled
2033 3088 112 52 and

158 3161 1987 70 edited by Lemo Dennis Rockwood … assisted by Marion H.
159 3237 195 56 Steele.
430 3238 399 69 Washington,
869 3241 70 52 D.
981 3239 81 67 C.,
1101 3240 307 53 American
1444 3242 165 52 home
1649 3239 310 56 economics
157 3261 1963 123 association,
418 3320 150 50 1935.

227 3401 45 36 x,
299 3391 88 40 303
411 3403 41 36 p.
509 3391 55 39 20½cm.

164 3442 53 53 ©
243 3448 126 39 June
395 3447 68 49 10,
493 3447 113 40 1935;
662 3448 65 39 2c.
758 3449 95 38 and
880 3448 82 39 aff.
993 3448 124 39 June
1146 3448 79 47 13;
1257 3448 40 39 A
1326 3448 170 47 83578;
1527 3450 159 38 Amer.
1712 3450 142 38 home
1880 3450 266 41 economics

231 3514 126 29 assn.
428 3503 277 47 (35-17481)

227 3602 291 69 Teaching
548 3602 206 69 family
786 3604 400 68 relationships
1217 3604 60 53 in
1306 3607 95 51 the
1429 3605 140 68 high
1602 3606 215 67 school;
1854 3625 31 33 a
1915 3605 231 54 manual

156 3678 1992 74 for teachers, by Lemo Dennis Rockwood … Washington, D. C.,
158 3755 303 54 American
489 3758 163 52 home
681 3758 306 55 economics
1018 3759 354 68 association,
1405 3764 148 49 1935.

229 3828 64 47 xi,
325 3830 83 39 117
441 3840 42 38 p.
544 3830 56 39 20½
632 3832 42 20 cm
681 3862 7 8 .

230 3884 103 40 The
362 3887 196 37 manual
593 3885 41 41 is
667 3885 193 41 divided
894 3887 100 39 into
1028 3888 136 39 three
1198 3888 149 47 parts.
1408 3888 120 40 Part
1605 3919 8 17 II,
1648 3888 227 40 Material
1908 3888 79 40 for
2019 3889 126 40 class

162 3938 281 50 discussion,
484 3941 42 40 is
566 3941 145 39 based
754 3954 58 27 on
853 3943 80 39 the
975 3943 217 40 author's
1234 3942 199 50 “Living
1475 3945 217 45 together
1732 3945 49 39 in
1822 3946 81 38 the
1943 3944 201 49 family”

163 3996 93 39 and
287 3996 246 41 “Pictures
562 3998 51 39 of
639 3997 172 48 family
840 3997 321 41 life."—Pref.
