2424 4375
1046 4078 133 39 2041

125 434 173 54 Atlas
347 434 62 52 of
454 434 212 52 human
714 436 293 63 anatomy;
1058 431 138 54 with
1244 431 375 68 explanatory
1664 435 123 49 text
1830 432 75 65 by
1951 433 157 54 Jesse

193 507 1914 70 Feiring Williams … colored illustrations by Franz Frohse
255 584 1854 69 … Max Brödel … [and] Leon Schlossberg … New York,
193 664 877 68 Barnes & Noble, inc. [ c 1935]
193 739 58 40 64
279 749 43 38 p.
383 737 127 42 illus.
539 739 135 48 (part
703 738 111 49 col.)
880 736 57 41 21½
968 739 45 22 cm
1016 767 11 11 .

181 794 101 40 The
311 793 293 41 anatomical
634 794 166 40 charts
830 794 60 47 by
921 793 158 40 Franz
1110 793 196 48 Frohse,
1338 792 254 49 published
1626 792 61 49 by
1718 793 55 41 A.
1805 793 44 40 J.
1881 793 224 48 Nystroin

125 851 37 42 &
191 862 67 31 co.
290 851 52 42 of
371 850 210 51 Chicago
610 851 166 42 before
804 851 82 42 the
916 850 153 43 world
1098 860 118 38 war,
1246 852 124 40 have
1400 849 119 42 been
1550 850 294 49 reproduced
1876 852 95 39 and
123 862 1972 95 supplementary
447 909 166 40 charts
634 909 124 40 have
782 909 115 40 been
920 909 157 40 added
1102 908 60 48 by
1185 907 254 42 Professor
1462 907 178 42 Brodel
1662 908 96 40 and
1783 907 90 42 Mr.

124 907 1969 108 Schlossberg.
311 965 295 42 Publisher’s
637 967 125 40 note.

196 1021 245 43 “Selected
471 1021 392 50 bibliography”:
895 1033 44 38 p.
972 1020 70 43 62.

127 1076 54 53 ©
207 1081 109 39 Dec.
342 1079 40 48 9,
411 1079 112 41 1935;
581 1079 67 41 2c.
676 1080 95 40 and
799 1080 81 39 aff.
909 1080 112 39 Dec.
1050 1080 54 38 11;
1162 1079 40 40 A
1232 1078 141 42 88611;
1433 1080 190 39 Barnes·
1648 1078 37 41 &
1713 1079 163 42 Noble,
1907 1080 89 39 inc.

204 1136 249 49 (36-3288)

123 1239 247 66 Bartky,
397 1239 241 64 Walter,
668 1245 170 49 1901-

190 1314 1923 71 Highligbts of astronomy, by Walter Bartky … photographs
122 1394 73 68 by
225 1394 215 53 Yerkes
470 1393 393 69 observatory;
895 1392 290 70 drawings
1214 1393 75 69 by
1320 1393 203 55 Chichi
1552 1393 221 68 Lasley.
1844 1392 269 69 Chicago,

123 1471 111 67 Ill.,
260 1471 120 55 The
409 1471 331 68 University
770 1471 64 56 of
863 1470 248 69 Chicago
1139 1488 154 51 press
1326 1474 172 65 [1935]

191 1545 101 43 xiii.
321 1545 89 41 280
436 1556 41 38 p.
532 1545 127 41 illus.
715 1545 55 41 23½
803 1548 45 21 cm
852 1578 9 8 .

191 1602 345 47 Bibliography:
600 1613 41 37 p.
679 1602 244 50 [262]-263.

127 1653 53 54 ©
210 1659 118 40 Nov.
361 1658 26 41 8,
433 1657 113 42 1935;
607 1658 67 40 2c.
707 1660 98 39 and
835 1658 81 40 aff.
950 1659 111 40 Dec.
1094 1658 59 40 16;
1212 1659 39 38 A
1284 1657 142 42 89891;
1491 1657 280 50 University
1806 1659 51 39 of
1889 1657 223 50 Chicago,

197 1715 221 48 Chicago.
493 1715 248 48 (36-3287)

121 1819 242 64 Berndt,
389 1818 210 54 Alfred
627 1821 291 63 Ingemar.

189 1896 128 54 Wir
343 1896 219 52 erleben
590 1897 90 52 die
707 1896 300 68 befreiung
1034 1897 99 52 der
1162 1895 142 55 Saar;
1360 1897 155 52 sechs
1542 1896 248 53 berichte
1816 1896 295 54 deutscher

123 1973 390 66 schriftleiter,
549 1975 453 67 herausgegeben
1040 1993 110 34 von
1188 1974 509 67 Alfred-Ingemar
1736 1974 218 54 Berndt
1994 1975 118 52 und

122 2051 84 53 dr.
277 2051 139 54 Otto
484 2051 237 67 Kriegk.
814 2053 111 51 Mit
994 2051 383 68 abbildungen
1448 2052 115 53 und
1634 2052 477 67 photographien,

124 2129 383 67 zeichnungen
542 2130 116 52 und
694 2129 152 53 einer
879 2129 177 54 karte.
1133 2130 215 65 Berlin,
1382 2130 69 52 A.
1493 2129 195 55 Scherl
1729 2133 172 64 [1935]

220 2203 71 39 1 v.
128 2254 1984 53 © Feb. 21, 1935; 1c. June 5; A-Foreign 28065; August Scherl,
196 2325 42 39 g.
269 2326 60 29 m.
359 2315 39 40 b.
432 2316 45 39 h.

121 2418 381 64 Bieberbach,
529 2420 264 63 Ludwig.

193 2496 297 52 Lehrbuch
553 2496 99 53 der
714 2496 575 53 funktionentheorie.
1389 2496 90 52 bd.
1548 2500 43 49 1.
1657 2497 293 53 Elemente
2013 2497 99 51 der

123 2571 575 56 funktionentheorie.
778 2578 46 48 4.
869 2574 447 53 neubearbeitete
1363 2572 127 54 aufl.
1566 2575 129 53 Yon
1737 2573 83 53 dr.
1866 2573 246 67 Ludwig

123 2649 364 55 Bieberbach.
563 2652 110 53 Mit
721 2649 217 68 figuren
984 2651 78 53 im
1108 2656 137 49 text.
1319 2651 255 67 Leipzig,
1621 2652 66 52 B.
1735 2651 69 55 G.
1851 2652 259 52 Teubner

129 2731 171 62 [1935]

196 2799 96 48 xiv,
320 2799 87 40 322
433 2810 41 37 p.
530 2799 178 49 diagrs.
764 2799 55 40 24
822 2802 44 21 cm
871 2831 7 8 .

120 2851 1700 54 © May 18, 1935; 1c. Sept. 3; A-Foreign 29170; B. G. Teubner.
124 2945 216 65 Brady,
367 2946 154 54 John
550 2947 216 63 Edson,
796 2947 83 52 ed.

194 3021 273 54 National
504 3022 243 69 housing
786 3028 90 47 act
912 3022 63 54 of
1014 3026 163 63 1934;
1219 3023 386 54 amendments
1642 3029 59 48 to
1739 3023 96 53 the
1870 3022 236 53 Federal

125 3098 161 54 home
316 3100 131 53 loan
474 3099 153 53 bank
657 3105 90 48 act
773 3100 64 53 of
867 3104 133 49 1932
1031 3100 111 53 and
1171 3101 95 53 the
1296 3100 184 53 Home
1510 3100 232 54 owners’
1770 3102 127 52 loan
1929 3106 87 47 act
2049 3100 61 52 of

129 3179 150 58 1933,
315 3177 186 53 edited
539 3178 74 68 by
650 3178 156 54 John
842 3178 195 53 Edson
1076 3178 213 69 Brady.
1365 3177 362 71 Cambridge,
1765 3179 188 63 Mass.,
1990 3180 120 53 The

126 3254 271 64 Banking
425 3255 110 53 law
574 3254 237 64 journal,
843 3259 151 51 1934.

194 3328 56 40 71
279 3339 45 38 p.
383 3327 145 42 23½cm.

131 3380 52 53 ©
216 3386 126 47 Sept.
373 3385 68 47 10,
473 3384 112 42 1934;
646 3387 66 40 2c.
745 3388 121 39 Mar.
897 3388 40 40 7.
969 3387 139 46 1935;
1143 3387 80 40 aff.
1258 3389 120 39 Mar.
1412 3388 26 39 6;
1500 3388 38 39 A
1570 3387 169 47 80818;
1772 3388 41 40 J.
1849 3390 50 37 E.
1934 3390 178 47 Brady.

194 3441 300 50 Cambridge,
518 3444 145 39 Mass.
725 3443 248 48 (36-3071)

126 3530 215 65 Carlot,
370 3532 241 57 Jeanne.

255 3607 1854 71 … Le regime fiscal des sociétés à responsabilité limitée. 4. éd.
127 3700 111 36 rev.
273 3691 54 47 et
360 3686 137 52 mise
533 3686 30 51 à
597 3686 130 66 jour
761 3705 129 34 avec
926 3690 76 50 les
1037 3689 284 54 dernières
1355 3688 104 53 lois
1495 3690 66 51 de
1600 3692 134 49 1934
1768 3692 51 49 et
1857 3690 67 51 de
1961 3693 150 63 1935,

125 3761 178 52 suivie
338 3762 66 53 de
440 3762 288 54 formules.
799 3765 183 56 Paris,
1017 3753 265 64 Éditions
1318 3766 67 51 de
1419 3766 305 58 “l’Usine”,
1761 3770 148 49 1935.

199 3833 458 49 151, [1] p. 23 ½ cm .
197 3888 1414 46 At head of title: Jeanne Carlot … et Alfred Goxes.
130 3939 1615 56 © Oct. 17, 1935; 1c. Nov. 20; A-Foreign 29704; D’Usine.
209 4001 248 49 (36-3072)
