2424 4375
1217 4043 132 51 1408

295 432 345 66 Townsend,
669 433 180 64 Leah,
881 438 170 50 1889-

370 507 180 56 South
605 510 269 55 Carolina
925 509 278 68 Baptists,
1254 510 326 67 1670-1805,
1626 511 76 66 by
1749 512 156 51 Leah
1954 513 334 66 Townsend,

383 630 10 10 PH.
462 630 9 9 D.
548 585 289 66 Florence,
869 586 56 57 S.
958 588 81 66 C.,
1068 589 120 52 The
1218 588 272 53 Florence
1519 587 262 69 printing
1810 607 296 49 company,
2140 593 146 51 1935.

367 658 881 51 8 p. l., 391 p. fold. map. 23½ cm .
370 715 229 43 “Printed
627 716 127 39 from
780 718 110 46 type
916 716 48 40 in
990 727 59 29 an
1078 716 182 41 edition
1289 716 52 40 of
1367 716 87 41 500
1478 715 202 50 copies.”

371 771 302 42 “Submitted
710 773 49 39 in
795 772 113 41 1926
943 775 48 37 to
1027 774 80 39 the
1142 774 322 48 Department
1496 773 51 40 of
1582 771 188 49 history
1805 772 52 41 of
1892 774 80 40 the
2009 774 279 49 University

298 829 52 40 of
377 828 150 42 South
555 828 226 42 Carolina
809 830 94 39 and
929 831 226 47 accepted
1182 829 48 41 in
1257 828 181 50 partial
1465 829 262 41 fulfilment
1754 830 51 39 of
1833 830 80 40 the
1942 831 347 48 requirements

298 884 78 41 for
405 887 82 39 the
512 887 173 47 degree
710 886 53 41 of
787 887 168 40 doctor
982 887 52 40 of
1061 885 666 50 philosophy.”—Foreword.

368 941 377 52 Bibliography:
777 954 42 37 p.
850 942 218 42 306-325.

295 995 53 54 ©
391 1000 124 48 Sept.
559 1001 68 47 21,
670 1001 141 45 1935;
853 1001 65 40 2c.
964 1001 126 47 Sept,
1132 1001 83 46 25;
1258 999 81 42 aff.
1381 1000 101 40 Oct.
1527 1001 50 45 1;
1622 1001 38 38 A
1702 1000 171 47 86558;
1918 1001 48 39 L.
2008 1000 282 46 Townsend,

364 1057 242 48 Florence,
645 1059 44 38 S.
724 1058 48 39 O.
844 1057 279 47 (35-18953)

296 1153 294 64 Tunberg,
625 1154 161 55 Karl.

360 1228 190 53 While
579 1229 94 53 the
700 1230 183 52 crowd
918 1230 207 68 cheers,
1153 1229 76 69 by
1259 1228 146 53 Karl
1437 1228 285 69 Tunberg.
1790 1228 137 53 New
1958 1227 179 56 York,
2168 1227 118 53 The

291 1304 839 71 Macaulay company [ c 1935]
362 1378 86 41 256
474 1389 42 38 p.
606 1379 27 41 19½
665 1381 45 22 cm
715 1413 7 8 .

294 1433 53 54 ©
378 1439 127 47 Sept.
533 1438 70 46 23,
631 1438 112 39 1935;
802 1440 65 38 2c.
899 1438 100 40 Oct.
1030 1439 81 46 12;
1144 1437 81 41 aff.
1257 1438 99 40 Oct.
1386 1438 82 45 11;
1501 1438 41 39 A
1566 1438 170 47 87639;
1769 1439 256 47 Macaulay
2055 1449 66 28 co.

373 1493 280 49 (35-18999)

298 1592 70 53 U.
396 1593 57 51 S.
529 1595 183 61 Laws,
735 1599 257 56 statutes,
1016 1600 99 44 etc.

368 1669 213 53 United
631 1669 187 55 States
865 1669 150 55 Code
1064 1670 325 64 annotated,
1434 1669 351 66 comprising
1827 1668 97 53 the
1969 1669 135 52 laws
2150 1668 62 52 of
2257 1687 30 33 a

297 1750 226 65 general
569 1748 109 52 and
724 1754 333 61 permanent
1098 1752 201 47 nature
1341 1748 57 51 in
1443 1747 153 52 force
1638 1749 264 65 January
1945 1751 49 62 3,
2039 1750 148 62 1935,
2230 1765 58 35 as

297 1824 297 55 contained
632 1827 60 51 in
726 1826 95 53 the
857 1826 152 55 Code
1043 1825 62 52 of
1141 1826 96 52 the
1267 1827 136 51 laws
1436 1825 62 52 of
1533 1826 95 53 the
1662 1825 215 54 United
1915 1823 204 62 States,
2157 1827 130 50 1934

297 1904 232 53 edition.
605 1904 156 67 Kept
809 1907 60 50 to
913 1905 130 52 date
1092 1904 74 67 by
1212 1903 345 53 cumulative
1604 1903 211 53 annual
1863 1903 202 67 pocket
2114 1908 172 62 parts.

299 1982 325 53 Annotated
676 1982 151 52 from
876 1982 76 53 all
998 1982 96 53 the
1140 1999 149 35 cases
1337 1981 333 67 construing
1715 1982 155 54 these
1917 1984 152 51 laws.
299 1983 1965 145 Prepared
510 2059 75 68 by
622 2060 95 52 the
753 2059 260 53 editorial
1052 2056 162 57 staffs
1249 2059 63 53 of
1353 2059 251 53 Edward
1644 2060 328 67 Thompson
2010 2078 276 49 company

298 2139 109 52 and
456 2139 155 54 West
660 2137 334 68 publishing
1038 2157 78 34 co.
1192 2137 244 54 General
1481 2138 188 53 index.
1748 2138 82 55 St.
1879 2138 165 68 Paul,
2087 2138 200 66 Minn.,

294 2218 153 54 West
488 2215 332 69 publishing
853 2234 105 48 co.;
995 2217 340 67 Northport,
1366 2218 164 65 Long
1561 2217 218 66 Island,
1808 2217 69 53 N.
1912 2218 92 66 Y.,
2035 2217 248 53 Edward

296 2296 327 66 Thompson
654 2313 278 49 company
966 2296 191 65 [c1935]

364 2368 134 46 xlvii,
529 2368 112 40 1747
672 2378 43 37 p.
773 2366 55 40 24
831 2369 44 22 cm
879 2352 27 54 .‘

297 2421 53 53 ©
381 2425 128 48 Sept.
539 2424 68 47 19,
638 2424 139 44 1935;
810 2423 65 39 2c.
908 2423 101 40 Oct.
1042 2424 80 45 12;
1156 2423 81 39 aff.
1268 2422 101 41 Oct.
1403 2423 80 44 14;
1519 2424 37 38 A
1588 2423 169 44 86788;
1793 2424 129 39 West
1957 2425 107 47 pub.
2095 2436 67 28 co.
2191 2424 92 39 and

362 2482 211 40 Edward
603 2481 272 46 Thompson
910 2490 65 29 co.
1043 2478 279 50 [Copyright
1355 2480 40 38 is
1428 2480 201 39 claimed
1665 2491 59 28 on
1754 2490 106 30 now
1890 2481 94 39 and
2018 2479 264 41 additional

363 2538 287 46 references]

299 2632 213 64 Vance,
538 2633 202 53 James
767 2634 183 63 Isaac,
981 2637 170 49 1862-

368 2709 88 50 The
522 2709 211 66 college
765 2709 65 51 of
862 2709 272 66 apostles;
1170 2730 29 32 a
1234 2709 170 65 study
1436 2708 64 53 of
1531 2711 95 50 the
1657 2710 217 64 twelve,
1905 2709 74 66 by
2011 2711 192 52 James
2235 2710 45 50 I.

299 2784 1983 69 Vance … New York [etc.] Fleming H. Revell company
303 2868 191 64 [c1935]

369 2936 85 40 160
483 2947 42 37 p.
586 2934 147 43 19½cm.

292 2989 56 54 ©
379 2994 118 46 Aug.
531 2994 38 44 2,
604 2993 112 39 1935;
777 2994 65 38 2c.
877 2993 94 40 and
1006 2992 80 40 aff.
1122 2992 127 47 Sept.
1282 2993 83 45 23;
1399 2993 38 38 A
1468 2991 169 47 87130;
1674 2990 219 49 Fleming
1927 2992 57 38 IT.
2021 2992 161 38 Revell
2217 3000 64 30 co.

419 3049 225 49 [Copyright
677 3049 41 39 is
749 3048 202 41 claimed
986 3058 59 29 on
1080 3049 208 48 preface]
1360 3048 279 47 (35-18963)

297 3139 262 61 Watson,
589 3139 219 63 Emery
835 3140 235 62 Ernest,
1104 3138 170 55 1876-

364 3213 287 53 Elements
681 3213 64 52 of
778 3213 308 68 projective
1120 3218 306 64 geometry,
1459 3213 74 68 by
1566 3214 212 67 Emery
1809 3213 207 53 Ernest
2045 3212 230 54 Watson

356 3290 1915 68 … and Margaret Marie Watson … Boston, New York [etc.]
294 3365 70 54 D.
394 3366 60 54 C.
480 3367 190 53 Heath
700 3368 110 52 and
839 3386 279 50 company
1147 3400 12 34 [
1163 3373 19 22 c
1188 3369 131 51 1935]

363 3449 28 28 v
414 3449 56 38 p.,
496 3440 17 37 1
565 3471 23 16 l.,
615 3439 84 39 255
725 3449 44 38 p.
829 3440 140 48 illus.,
994 3440 180 47 diagrs.
1233 3439 59 40 20½
1322 3441 44 22 cm
1371 3472 9 9 .

295 3493 53 53 ©
378 3499 124 46 Sept.
532 3498 69 45 28,
631 3498 138 45 1935;
800 3499 67 39 2c.
894 3500 94 38 and
1017 3498 83 40 aff.
1130 3498 101 40 Oct.
1258 3499 28 38 2;
1340 3499 38 38 A
1408 3499 169 46 87414;
1610 3500 49 38 E.
1692 3500 50 38 E.
1773 3500 200 39 Watson
2003 3499 94 39 and
2127 3499 61 38 M.
2218 3497 60 39 M.

363 3554 214 46 Watson,
610 3555 158 39 Cedar
797 3554 144 44 Falls,
975 3556 68 38 In.
1114 3554 279 48 (35-18786)

300 3639 343 65 Whitmore,
672 3643 258 64 Eugene,
960 3648 168 50 1895-

432 3716 1845 71 How to get a better job, by Eugene Whitmore … Chicago
300 3792 1571 69 and New York, The Dartnell corporation [ c 1935]
366 3861 881 50 3 p. l., 9-128 p. fold. tab. 19 cm .
295 3917 53 53 ©
379 3922 111 47 May
520 3922 68 45 25,
620 3922 139 46 1935;
792 3923 66 40 2c.
889 3923 101 40 Oct.
1020 3924 52 44 3;
1107 3922 80 41 aff.
1218 3923 101 40 Oct.
1348 3924 52 44 2;
1434 3925 38 38 A
1504 3923 168 43 87425;
1706 3925 223 39 Dartnell
1960 3918 312 52 corporation.

377 3976 278 50 (35-18974)
