2424 4375
1299 4024 103 55 772

349 409 244 65 Penton,
622 409 202 54 Brian.

421 485 384 66 Landtakers;
834 485 95 52 the
954 490 158 62 story
1139 485 64 52 of
1229 503 72 34 an
1329 485 175 66 epoch
1554 485 75 67 [by]
1681 486 178 51 Brian
1889 485 236 52 Penton.
2200 484 133 52 New

359 562 172 66 York,
566 563 213 52 Farrar
814 564 46 50 &
893 560 296 70 Rinehart,
1223 563 398 66 incorporated
1663 594 12 34 [
1680 568 17 21 c
1704 563 132 50 1935
1844 594 11 34 ]

459 667 9 16 x,
499 636 87 41 485
614 646 43 38 p.
717 635 58 41 20½
806 637 44 22 cm
854 667 8 9 .

352 702 52 53 ©
429 707 125 39 June
579 707 70 47 13,
675 706 141 47 1935;
843 705 66 40 2c.
937 706 95 39 and
1057 705 79 40 aff.
1165 706 130 39 June
1316 705 82 47 14;
1427 706 40 38 A
1494 704 168 49 84279;
1695 705 182 40 Farrar
1905 705 36 40 &
1969 704 250 47 Rinehart,
2249 705 87 39 inc.

431 763 251 47 (35-8369)

352 866 322 66 Randolph,
706 868 213 64 Vance,
952 872 169 50 1892-

422 942 266 69 Hedwig,
736 963 31 33 a
814 944 180 67 novel,
1161 945 192 53 Vance
1401 942 326 69 Randolph.
1809 943 138 52 New
1995 941 179 67 York,
2219 941 119 54 The

356 1022 313 67 Vanguard
697 1039 156 49 press
887 1054 13 34 [
904 1028 19 21 c
928 1024 150 65 1935]

426 1095 84 41 188
538 1106 43 37 p.
640 1094 116 42 20cm.

354 1160 53 53 ©
438 1166 129 39 June
595 1166 69 45 13,
696 1164 140 49 1935;
870 1166 64 39 2c.
967 1165 126 40 June
1124 1166 81 46 17;
1239 1164 82 41 aff.
1352 1165 125 40 June
1508 1165 80 47 18;
1624 1165 40 38 A
1694 1164 170 48 83698;
1897 1164 263 47 Vanguard
2192 1173 146 38 press,

422 1222 90 41 inc.
582 1222 226 49 (35-8374)

354 1325 323 65 Raymond,
707 1327 228 63 Wayte,
969 1331 169 50 1886-

422 1400 289 53 Premium
750 1401 190 53 values
979 1402 63 52 of
1076 1420 125 34 rare
1235 1400 219 55 United
1496 1399 190 56 States
1722 1399 180 67 coins;
1944 1414 34 38 a
2012 1399 97 53 list
2144 1398 64 54 of
2244 1398 92 53 the

355 1496 120 34 rare
509 1480 156 51 dates
699 1479 63 52 of
794 1479 96 52 the
916 1479 217 54 United
1170 1478 186 55 States
1389 1479 153 68 gold,
1576 1478 189 67 silver,
1799 1477 113 54 and
1944 1495 208 50 copper
2186 1476 152 53 coins

355 1555 149 52 from
539 1557 91 51 the
662 1556 424 53 establishment
1118 1554 63 55 of
1213 1557 95 51 the
1339 1556 145 52 mint
1517 1556 59 52 in
1611 1554 153 69 1793,
1794 1554 202 71 giving
2029 1555 95 52 the
2159 1554 179 69 prices

352 1640 56 44 at
450 1634 180 51 which
671 1635 93 50 the
801 1633 290 67 publisher
1132 1633 118 52 will
1290 1634 114 67 buy
1441 1634 183 66 them;
1665 1632 138 53 with
1842 1633 167 51 much
2050 1631 288 53 authentic

355 1709 374 53 information
763 1711 111 51 and
910 1710 378 53 illustrations
1321 1709 63 54 of
1421 1712 77 50 all
1534 1711 96 52 the
1664 1715 179 63 types.
1916 1708 313 54 Published
2264 1709 75 68 by

354 1786 200 68 Wayte
582 1788 318 68 Raymond,
926 1787 107 53 inc.
1098 1788 137 52 New
1265 1786 179 70 York,
1472 1786 361 54 Distributed
1861 1787 74 69 by
1965 1786 158 55 Scott
2154 1790 182 64 stamp

350 1865 43 49 &
420 1866 125 51 coin
573 1883 296 50 company,
895 1867 150 52 1935.

418 1936 54 40 16
502 1948 44 37 p.
606 1938 127 39 illus.
792 1937 55 40 23
852 1940 43 21 cm
899 1970 9 8 .

421 1994 312 48 Advertising
758 1995 204 40 matter:
991 2003 45 39 p.
1063 1993 70 42 16.

357 2061 52 53 ©
446 2067 113 46 May
594 2065 39 47 6,
669 2065 139 48 1935;
848 2065 66 41 2c.
950 2067 95 38 and
1080 2065 81 41 aff.
1202 2067 112 47 May
1350 2066 53 47 8;
1439 2066 40 39 A
1515 2065 170 49 82950;
1722 2067 176 47 Wayte
1934 2066 266 47 Raymond,
2236 2065 102 49 inc.,

424 2123 117 40 New
565 2123 144 40 York.
780 2121 249 50 (35-8393)

426 2222 290 54 Standard
750 2223 280 69 premium
1066 2223 96 53 list
1198 2224 64 51 of
1298 2225 78 51 all
1413 2242 128 35 rare
1572 2224 215 54 United
1826 2223 188 55 States
2051 2224 171 66 coins,
353 2222 1961 146 including

626 2301 156 68 early
820 2302 242 52 colonial
1102 2302 112 52 and
1254 2301 408 68 experimental
1701 2301 199 69 pieces,
1942 2302 221 66 private
2205 2299 133 70 gold

359 2377 167 52 issues
559 2378 111 52 and
704 2395 128 35 rare
858 2378 217 54 United
1108 2377 186 55 States
1325 2384 186 62 notes;
1545 2378 201 70 listing
1777 2379 77 53 all
1888 2379 153 53 coins
2075 2380 94 51 the

357 2377 1958 130 publisher
563 2455 117 52 will
713 2455 114 69 buy
861 2457 111 51 and
1008 2457 95 51 the
1138 2456 182 68 prices
1356 2455 138 69 paid
1531 2455 93 53 for
1658 2456 168 54 them.
1899 2457 98 51 4th
2035 2457 85 52 ed.
357 2454 1957 131 Published

575 2533 73 68 by
686 2532 203 54 Wayde
928 2533 320 68 Raymond,
1286 2533 107 53 inc.
1467 2533 138 53 New
1646 2533 179 69 York,
1865 2533 361 53 Distributed
2265 2533 74 67 by

356 2607 159 55 Scott
537 2614 186 63 stamp
749 2610 44 49 &
817 2610 124 52 coin
965 2627 97 51 co.,
1091 2613 149 50 1935.

421 2681 53 39 31
506 2692 42 38 p.
609 2682 127 39 illus.
796 2682 54 39 23
855 2685 43 20 cm
902 2714 8 8 .

359 2748 53 53 ©
446 2754 120 37 Mar.
602 2752 39 48 1,
675 2751 140 48 1935;
854 2752 66 40 2c.
953 2755 96 38 and
1083 2752 82 41 aff.
1199 2755 121 38 Mar.
1356 2754 51 46 6;
1446 2754 40 39 A
1520 2754 169 47 82914;
1726 2754 176 48 Wayte
1936 2754 266 48 Raymond,
2236 2755 102 45 inc.,

427 2809 118 39 New
575 2810 144 39 York.
790 2808 249 51 (35-8392)

358 2909 245 65 Razous,
630 2911 163 63 Paul,
826 2914 168 52 1870-

423 2985 297 68 Principes
760 2990 53 48 et
852 2987 378 67 applications
1270 2989 67 51 de
1379 2988 408 53 l’économétrie
1804 3007 12 48 ;
1861 2986 477 68 caractéristiques

359 3062 343 68 principales
743 3064 95 52 des
881 3068 195 64 agents
1118 3065 68 52 de
1228 3065 55 52 la
1328 3065 355 69 production,
1727 3066 95 53 des
1865 3065 264 53 éléments
2173 3065 67 53 de
2283 3066 53 50 la

354 3139 334 52 circulation
720 3141 95 52 des
846 3140 176 68 biens,
1054 3141 95 53 des
1183 3140 248 55 facteurs
1465 3143 70 52 de
1566 3144 55 51 la
1654 3141 388 70 distribution,
2073 3142 69 53 de
357 3141 1956 126 l’évolution

577 3217 94 52 des
709 3218 470 53 consommations
1219 3223 54 48 et
1315 3219 65 52 de
1424 3218 377 69 l’ajustement
1842 3219 356 68 économique
356 3236 1957 109 national
578 3298 53 47 et
672 3294 422 69 international,

1137 3294 1199 71 par Paul Razous … Paris, Dunod,
358 3371 148 51 1935.

430 3443 64 47 xi,
521 3444 88 40 187
631 3455 41 36 p.
729 3444 177 47 diagrs.
960 3444 54 39 21
1019 3447 45 21 cm
1068 3477 7 7 .

429 3499 417 49 “Bibliographie”
865 3512 9 29 :
902 3512 43 37 p.
990 3501 231 41 [181]-183.

363 3552 1692 55 © Nov. 5, 1934; 1c. Feb. 2, 1935; A- Foreign 26828; Dunod.
441 3614 249 48 (35-8085)

363 3716 343 65 Robertson,
735 3717 251 54 William
1015 3719 200 53 Webb.

432 3792 120 51 The
586 3792 471 67 peepie-winkies,
1092 3795 74 66 by
1201 3794 257 55 William
1493 3796 178 54 Webb
1709 3797 310 51 Robertson
2040 3817 9 33 ;
364 3796 1946 124 illustrations
553 3872 111 51 and
709 3870 350 53 decorations
1102 3872 74 65 by
1218 3872 236 53 Bernice
1500 3873 57 54 S.
1601 3874 299 53 Williams.
1979 3873 111 54 San
2138 3872 195 66 Diego,

365 3943 820 72 Calif., C. J. Creller [ c 1935]
