<alto xmlns="http://www.loc.gov/standards/alto/ns-v3#" xmlns:xlink="http://www.w3.org/1999/xlink" xmlns:xsi="http://www.w3.org/2001/XMLSchema-instance" xsi:schemaLocation="http://www.loc.gov/standards/alto/ns-v3# http://www.loc.gov/alto/v3/alto-3-0.xsd"><Description>
<MeasurementUnit>pixel</MeasurementUnit>
<sourceImageInformation>
<fileName>1935_v32_Part1.pdf</fileName>
</sourceImageInformation>
<OCRProcessing ID="IdOcr">
<ocrProcessingStep>
<processingDateTime>2019-01-15</processingDateTime>
<processingSoftware>
<softwareCreator>ABBYY</softwareCreator>
<softwareName>ABBYY Recognition Server</softwareName>
<softwareVersion>4.0</softwareVersion>
</processingSoftware>
</ocrProcessingStep>
</OCRProcessing>
</Description>
<Styles>
<ParagraphStyle ID="StyleId-FFFFFFFF-FFFF-FFFF-FFFF-FFFFFFFFFFFF-" ALIGN="Left" LEFT="0." RIGHT="0." FIRSTLINE="0."/>
<ParagraphStyle ID="StyleId-09A13A44-4F77-4ABE-84F3-84CC8B3C72CE-" ALIGN="Left" LEFT="0." RIGHT="0." FIRSTLINE="0." LINESPACE="7.699999809"/>
<ParagraphStyle ID="StyleId-1F945060-F8CD-4435-B69A-5FF49DB0C586-" ALIGN="Left" LEFT="0." RIGHT="0." FIRSTLINE="-10." LINESPACE="12.19999981"/>
<ParagraphStyle ID="StyleId-C6CAE747-F5A4-4D0D-8D74-D452DA7E2C1C-" ALIGN="Block" LEFT="0." RIGHT="0." FIRSTLINE="-14." LINESPACE="8.350000381"/>
<ParagraphStyle ID="StyleId-FC0F3374-189A-459E-BE29-2DC14180F022-" ALIGN="Left" LEFT="0." RIGHT="0." FIRSTLINE="0."/>
<ParagraphStyle ID="StyleId-49397C49-A894-4B3E-BA5E-1126226BA375-" ALIGN="Left" LEFT="0." RIGHT="0." FIRSTLINE="-12." LINESPACE="11.09000015"/>
<ParagraphStyle ID="StyleId-9E34DD3A-E661-48BD-A3A1-6A3D48346F00-" ALIGN="Block" LEFT="0." RIGHT="0." FIRSTLINE="-14." LINESPACE="11.09000015"/>
<ParagraphStyle ID="StyleId-56CE54AA-A08B-4BAA-8605-F26020A0E36E-" ALIGN="Left" LEFT="0." RIGHT="0." FIRSTLINE="0." LINESPACE="9.399999619"/>
<ParagraphStyle ID="StyleId-77814FFC-C42F-4AA9-9880-EF33B947DEC8-" ALIGN="Left" LEFT="0." RIGHT="0." FIRSTLINE="-11." LINESPACE="11.06999969"/>
<ParagraphStyle ID="StyleId-FDE92EC0-67DC-4C7B-8A24-094B12C38B6C-" ALIGN="Center" LEFT="0." RIGHT="0." FIRSTLINE="0." LINESPACE="11.30000019"/>
<ParagraphStyle ID="StyleId-65180E3B-4C93-4FB8-81EE-E026DD63DBF3-" ALIGN="Left" LEFT="0." RIGHT="0." FIRSTLINE="0." LINESPACE="11.10000038"/>
<ParagraphStyle ID="StyleId-10E885C2-5813-4620-B0AA-0FBA30CF7A32-" ALIGN="Left" LEFT="0." RIGHT="0." FIRSTLINE="0." LINESPACE="9.5"/>
<ParagraphStyle ID="StyleId-913C2DB5-9F02-4067-BAF7-0AED37B60BBE-" ALIGN="Left" LEFT="0." RIGHT="0." FIRSTLINE="0." LINESPACE="6.099999905"/>
<ParagraphStyle ID="StyleId-9C79A9D2-8F08-4A8F-985D-B00E253ED1E5-" ALIGN="Left" LEFT="0." RIGHT="0." FIRSTLINE="0." LINESPACE="4.400000095"/>
<ParagraphStyle ID="StyleId-A41F0407-FEFE-4738-9EC5-E05AFFF62781-" ALIGN="Left" LEFT="0." RIGHT="0." FIRSTLINE="0." LINESPACE="7.300000191"/>
<ParagraphStyle ID="StyleId-61D37176-94E8-408D-9B87-01C406CE8AB2-" ALIGN="Left" LEFT="0." RIGHT="0." FIRSTLINE="0." LINESPACE="8.050000191"/>
</Styles>
<Layout>
<Page ID="Page1619" PHYSICAL_IMG_NR="1619" HEIGHT="4375" WIDTH="2424">
<TopMargin HEIGHT="368" WIDTH="2424" VPOS="0" HPOS="0">
</TopMargin>
<LeftMargin HEIGHT="3727" WIDTH="120" VPOS="368" HPOS="0">
</LeftMargin>
<RightMargin HEIGHT="3727" WIDTH="284" VPOS="368" HPOS="2140">
</RightMargin>
<BottomMargin HEIGHT="280" WIDTH="2424" VPOS="4095" HPOS="0">
</BottomMargin>
<PrintSpace HEIGHT="3727" WIDTH="2020" VPOS="368" HPOS="120">
<TextBlock ID="Page1619_Block1" HEIGHT="76" WIDTH="287" VPOS="4019" HPOS="970" LANG="en-US" STYLEREFS="StyleId-812FE406-FBCE-4503-AD82-841AFF56A22C-">
<TextLine HEIGHT="48" WIDTH="129" VPOS="4041" HPOS="1066">
<String CONTENT="1619" HEIGHT="48" WIDTH="129" VPOS="4041" HPOS="1066"/>
</TextLine>
</TextBlock>
<TextBlock ID="Page1619_Block2" HEIGHT="3631" WIDTH="2020" VPOS="368" HPOS="120" LANG="en-US" CS="1" STYLEREFS="StyleId-3B0AC4AD-095A-496B-A583-5D73D5F479B9-">
<TextLine HEIGHT="64" WIDTH="935" VPOS="421" HPOS="132" STYLEREFS="StyleId-C2AEFC21-15A1-4312-B1CA-B7CA021584A9-">
<String CONTENT="Morey," HEIGHT="64" WIDTH="220" VPOS="421" HPOS="132"/>
<SP HEIGHT="62" WIDTH="29" VPOS="423" HPOS="353"/>
<String CONTENT="Charles" HEIGHT="54" WIDTH="245" VPOS="422" HPOS="383"/>
<SP HEIGHT="52" WIDTH="24" VPOS="422" HPOS="629"/>
<String CONTENT="Rufus," HEIGHT="63" WIDTH="214" VPOS="421" HPOS="654"/>
<SP HEIGHT="59" WIDTH="29" VPOS="425" HPOS="869"/>
<String CONTENT="1877-" HEIGHT="49" WIDTH="168" VPOS="425" HPOS="899"/>
</TextLine>
<TextLine HEIGHT="69" WIDTH="1911" VPOS="496" HPOS="203" STYLEREFS="StyleId-812FE406-FBCE-4503-AD82-841AFF56A22C-">
<String CONTENT="Christian" HEIGHT="55" WIDTH="294" VPOS="496" HPOS="203"/>
<SP HEIGHT="34" WIDTH="39" VPOS="516" HPOS="498"/>
<String CONTENT="art," HEIGHT="61" WIDTH="106" VPOS="503" HPOS="538"/>
<SP HEIGHT="67" WIDTH="35" VPOS="497" HPOS="645"/>
<String CONTENT="by" HEIGHT="68" WIDTH="75" VPOS="497" HPOS="681"/>
<SP HEIGHT="69" WIDTH="36" VPOS="496" HPOS="757"/>
<String LANG="fr" CONTENT="C." HEIGHT="55" WIDTH="63" VPOS="496" HPOS="794"/>
<SP HEIGHT="50" WIDTH="37" VPOS="498" HPOS="858"/>
<String CONTENT="R." HEIGHT="51" WIDTH="69" VPOS="498" HPOS="896"/>
<SP HEIGHT="52" WIDTH="39" VPOS="497" HPOS="966"/>
<String CONTENT="Morey." HEIGHT="68" WIDTH="216" VPOS="497" HPOS="1006"/>
<SP HEIGHT="51" WIDTH="72" VPOS="497" HPOS="1223"/>
<String CONTENT="London," HEIGHT="67" WIDTH="258" VPOS="497" HPOS="1296"/>
<SP HEIGHT="66" WIDTH="36" VPOS="498" HPOS="1555"/>
<String CONTENT="New" HEIGHT="51" WIDTH="137" VPOS="498" HPOS="1592"/>
<SP HEIGHT="51" WIDTH="39" VPOS="498" HPOS="1730"/>
<String CONTENT="York" HEIGHT="51" WIDTH="164" VPOS="498" HPOS="1770"/>
<SP HEIGHT="66" WIDTH="41" VPOS="498" HPOS="1935"/>
<String CONTENT="[etc.]" HEIGHT="59" WIDTH="137" VPOS="505" HPOS="1977"/>
</TextLine>
<TextLine HEIGHT="69" WIDTH="955" VPOS="574" HPOS="131" STYLEREFS="StyleId-812FE406-FBCE-4503-AD82-841AFF56A22C-" CS="1">
<String CONTENT="Longmans," HEIGHT="69" WIDTH="343" VPOS="574" HPOS="131"/>
<SP HEIGHT="67" WIDTH="25" VPOS="574" HPOS="475"/>
<String CONTENT="Green" HEIGHT="55" WIDTH="185" VPOS="574" HPOS="501"/>
<SP HEIGHT="50" WIDTH="23" VPOS="576" HPOS="687"/>
<String CONTENT="&amp;" HEIGHT="50" WIDTH="46" VPOS="576" HPOS="711"/>
<SP HEIGHT="51" WIDTH="25" VPOS="576" HPOS="758"/>
<String LANG="ru" CONTENT="co." HEIGHT="35" WIDTH="77" VPOS="592" HPOS="784"/>
<SP HEIGHT="33" WIDTH="31" VPOS="608" HPOS="862"/>
<String LANG="ru" CS="1" CONTENT="["/>
<String STYLE="superscript" CONTENT="c" HEIGHT="21" WIDTH="18" VPOS="580" HPOS="912"/>
<String CONTENT="1935]" HEIGHT="64" WIDTH="151" VPOS="577" HPOS="935"/>
</TextLine>
<TextLine HEIGHT="50" WIDTH="1727" VPOS="646" HPOS="200" CS="1">
<String CONTENT="4" HEIGHT="38" WIDTH="29" VPOS="649" HPOS="200"/>
<SP HEIGHT="47" WIDTH="23" VPOS="649" HPOS="230"/>
<String LANG="fr" CONTENT="p." HEIGHT="38" WIDTH="44" VPOS="658" HPOS="254"/>
<SP/>
<String LANG="fr" CS="1" CONTENT="l.,"/>
<SP/>
<String CONTENT="120" HEIGHT="41" WIDTH="86" VPOS="646" HPOS="396"/>
<SP HEIGHT="49" WIDTH="21" VPOS="647" HPOS="483"/>
<String CONTENT="p." HEIGHT="38" WIDTH="45" VPOS="658" HPOS="505"/>
<SP HEIGHT="40" WIDTH="24" VPOS="647" HPOS="551"/>
<String CONTENT="incl." HEIGHT="40" WIDTH="109" VPOS="647" HPOS="576"/>
<SP HEIGHT="28" WIDTH="24" VPOS="659" HPOS="686"/>
<String CONTENT="col." HEIGHT="41" WIDTH="87" VPOS="646" HPOS="711"/>
<SP HEIGHT="39" WIDTH="24" VPOS="648" HPOS="799"/>
<String CONTENT="front.," HEIGHT="45" WIDTH="162" VPOS="648" HPOS="824"/>
<SP HEIGHT="46" WIDTH="26" VPOS="647" HPOS="987"/>
<String CONTENT="illus.," HEIGHT="46" WIDTH="142" VPOS="647" HPOS="1014"/>
<SP HEIGHT="37" WIDTH="26" VPOS="658" HPOS="1157"/>
<String CONTENT="plates," HEIGHT="47" WIDTH="171" VPOS="648" HPOS="1184"/>
<SP HEIGHT="37" WIDTH="24" VPOS="659" HPOS="1356"/>
<String CONTENT="plan," HEIGHT="48" WIDTH="129" VPOS="648" HPOS="1381"/>
<SP HEIGHT="46" WIDTH="24" VPOS="648" HPOS="1511"/>
<String CONTENT="facsims." HEIGHT="42" WIDTH="215" VPOS="647" HPOS="1536"/>
<SP HEIGHT="41" WIDTH="58" VPOS="648" HPOS="1752"/>
<String CONTENT="22" HEIGHT="38" WIDTH="54" VPOS="648" HPOS="1811"/>
<String STYLE="superscript" CS="1" CONTENT="cm" HEIGHT="20" WIDTH="15" VPOS="652" HPOS="1869"/>
<String CONTENT="." HEIGHT="9" WIDTH="10" VPOS="681" HPOS="1917"/>
</TextLine>
<TextLine HEIGHT="41" WIDTH="1184" VPOS="704" HPOS="203">
<String CONTENT="&#8220;Printed" HEIGHT="41" WIDTH="227" VPOS="704" HPOS="203"/>
<SP HEIGHT="39" WIDTH="26" VPOS="705" HPOS="431"/>
<String CONTENT="in" HEIGHT="39" WIDTH="50" VPOS="705" HPOS="458"/>
<SP HEIGHT="37" WIDTH="25" VPOS="707" HPOS="509"/>
<String CONTENT="the" HEIGHT="40" WIDTH="80" VPOS="705" HPOS="535"/>
<SP HEIGHT="41" WIDTH="27" VPOS="704" HPOS="616"/>
<String CONTENT="United" HEIGHT="40" WIDTH="178" VPOS="704" HPOS="644"/>
<SP HEIGHT="39" WIDTH="31" VPOS="704" HPOS="823"/>
<String CONTENT="States" HEIGHT="40" WIDTH="160" VPOS="704" HPOS="855"/>
<SP HEIGHT="28" WIDTH="27" VPOS="716" HPOS="1016"/>
<String CONTENT="of" HEIGHT="40" WIDTH="50" VPOS="704" HPOS="1044"/>
<SP HEIGHT="39" WIDTH="26" VPOS="704" HPOS="1095"/>
<String CONTENT="America.&#8221;" HEIGHT="41" WIDTH="265" VPOS="704" HPOS="1122"/>
</TextLine>
<TextLine HEIGHT="50" WIDTH="1915" VPOS="760" HPOS="204">
<String CONTENT="&#8220;These" HEIGHT="42" WIDTH="180" VPOS="761" HPOS="204"/>
<SP HEIGHT="31" WIDTH="30" VPOS="772" HPOS="385"/>
<String CONTENT="summaries" HEIGHT="41" WIDTH="286" VPOS="761" HPOS="416"/>
<SP HEIGHT="30" WIDTH="30" VPOS="771" HPOS="703"/>
<String CONTENT="of" HEIGHT="39" WIDTH="50" VPOS="761" HPOS="734"/>
<SP HEIGHT="40" WIDTH="30" VPOS="761" HPOS="785"/>
<String CONTENT="the" HEIGHT="41" WIDTH="80" VPOS="761" HPOS="816"/>
<SP HEIGHT="41" WIDTH="26" VPOS="761" HPOS="897"/>
<String CONTENT="five" HEIGHT="40" WIDTH="90" VPOS="761" HPOS="924"/>
<SP HEIGHT="37" WIDTH="30" VPOS="772" HPOS="1015"/>
<String CONTENT="principal" HEIGHT="48" WIDTH="241" VPOS="761" HPOS="1046"/>
<SP HEIGHT="49" WIDTH="26" VPOS="761" HPOS="1288"/>
<String CONTENT="phases" HEIGHT="48" WIDTH="176" VPOS="762" HPOS="1315"/>
<SP HEIGHT="30" WIDTH="30" VPOS="772" HPOS="1492"/>
<String CONTENT="of" HEIGHT="41" WIDTH="50" VPOS="761" HPOS="1523"/>
<SP HEIGHT="41" WIDTH="28" VPOS="760" HPOS="1574"/>
<String CONTENT="Christian" HEIGHT="43" WIDTH="250" VPOS="760" HPOS="1603"/>
<SP HEIGHT="29" WIDTH="29" VPOS="774" HPOS="1854"/>
<String CONTENT="art" HEIGHT="36" WIDTH="77" VPOS="768" HPOS="1884"/>
<SP HEIGHT="36" WIDTH="35" VPOS="768" HPOS="1962"/>
<String CONTENT="wore" HEIGHT="30" WIDTH="121" VPOS="775" HPOS="1998"/>
</TextLine>
<TextLine HEIGHT="49" WIDTH="1380" VPOS="815" HPOS="131">
<String CONTENT="contributed" HEIGHT="42" WIDTH="305" VPOS="818" HPOS="131"/>
<SP HEIGHT="39" WIDTH="25" VPOS="819" HPOS="437"/>
<String CONTENT="as" HEIGHT="29" WIDTH="54" VPOS="828" HPOS="463"/>
<SP HEIGHT="29" WIDTH="24" VPOS="828" HPOS="518"/>
<String CONTENT="articles" HEIGHT="40" WIDTH="198" VPOS="817" HPOS="543"/>
<SP HEIGHT="38" WIDTH="26" VPOS="820" HPOS="742"/>
<String CONTENT="to" HEIGHT="38" WIDTH="48" VPOS="820" HPOS="769"/>
<SP HEIGHT="40" WIDTH="28" VPOS="817" HPOS="818"/>
<String CONTENT="&#8216;Liturgical" HEIGHT="49" WIDTH="279" VPOS="815" HPOS="847"/>
<SP HEIGHT="39" WIDTH="28" VPOS="818" HPOS="1127"/>
<String CONTENT="arts&#8217;.&#8221;&#8212;Pref." HEIGHT="42" WIDTH="355" VPOS="816" HPOS="1156"/>
</TextLine>
<TextLine HEIGHT="42" WIDTH="417" VPOS="873" HPOS="203">
<String CONTENT="&#8220;First" HEIGHT="40" WIDTH="162" VPOS="875" HPOS="203"/>
<SP HEIGHT="39" WIDTH="28" VPOS="876" HPOS="366"/>
<String CONTENT="edition.&#8221;" HEIGHT="42" WIDTH="225" VPOS="873" HPOS="395"/>
</TextLine>
<TextLine HEIGHT="54" WIDTH="1988" VPOS="929" HPOS="132" CS="1">
<String CONTENT="&#169;" HEIGHT="52" WIDTH="52" VPOS="929" HPOS="132"/>
<SP HEIGHT="52" WIDTH="23" VPOS="929" HPOS="185"/>
<String CONTENT="July" HEIGHT="45" WIDTH="114" VPOS="934" HPOS="209"/>
<SP HEIGHT="46" WIDTH="21" VPOS="933" HPOS="324"/>
<String CONTENT="3," HEIGHT="46" WIDTH="39" VPOS="933" HPOS="346"/>
<SP HEIGHT="46" WIDTH="26" VPOS="933" HPOS="386"/>
<String CS="1" CONTENT="1935;" HEIGHT="40" WIDTH="112" VPOS="932" HPOS="413"/>
<SP HEIGHT="47" WIDTH="26" VPOS="931" HPOS="552"/>
<String CONTENT="2c." HEIGHT="40" WIDTH="66" VPOS="931" HPOS="579"/>
<SP HEIGHT="30" WIDTH="22" VPOS="941" HPOS="646"/>
<String CONTENT="and" HEIGHT="39" WIDTH="95" VPOS="932" HPOS="669"/>
<SP HEIGHT="38" WIDTH="23" VPOS="932" HPOS="765"/>
<String CONTENT="aff." HEIGHT="39" WIDTH="80" VPOS="930" HPOS="789"/>
<SP HEIGHT="40" WIDTH="25" VPOS="930" HPOS="870"/>
<String CONTENT="Oct." HEIGHT="40" WIDTH="99" VPOS="930" HPOS="896"/>
<SP HEIGHT="38" WIDTH="27" VPOS="931" HPOS="996"/>
<String CONTENT="5;" HEIGHT="41" WIDTH="51" VPOS="931" HPOS="1024"/>
<SP HEIGHT="41" WIDTH="26" VPOS="931" HPOS="1076"/>
<!-- cceid 95EA00CE-6D82-1014-B070-FDFD250A9EDA --><String LANG="ru" CONTENT="A" HEIGHT="38" WIDTH="40" VPOS="931" HPOS="1103"/>
<SP HEIGHT="39" WIDTH="24" VPOS="931" HPOS="1144"/>
<String CS="1" CONTENT="86604;" HEIGHT="40" WIDTH="144" VPOS="930" HPOS="1169"/>
<SP HEIGHT="45" WIDTH="28" VPOS="932" HPOS="1339"/>
<String CONTENT="Liturgical" HEIGHT="48" WIDTH="268" VPOS="931" HPOS="1368"/>
<SP HEIGHT="38" WIDTH="26" VPOS="934" HPOS="1637"/>
<String CONTENT="arts" HEIGHT="37" WIDTH="103" VPOS="936" HPOS="1664"/>
<SP HEIGHT="29" WIDTH="25" VPOS="944" HPOS="1768"/>
<String CONTENT="society," HEIGHT="49" WIDTH="194" VPOS="934" HPOS="1794"/>
<SP HEIGHT="48" WIDTH="24" VPOS="935" HPOS="1989"/>
<String CONTENT="inc.," HEIGHT="47" WIDTH="106" VPOS="935" HPOS="2014"/>
</TextLine>
<TextLine HEIGHT="48" WIDTH="640" VPOS="987" HPOS="198">
<String CONTENT="New" HEIGHT="39" WIDTH="118" VPOS="990" HPOS="198"/>
<SP HEIGHT="39" WIDTH="26" VPOS="990" HPOS="317"/>
<String CONTENT="York." HEIGHT="39" WIDTH="142" VPOS="989" HPOS="344"/>
<SP HEIGHT="48" WIDTH="73" VPOS="987" HPOS="487"/>
<String CONTENT="(35-27321)" HEIGHT="48" WIDTH="277" VPOS="987" HPOS="561"/>
</TextLine>
<TextLine HEIGHT="65" WIDTH="739" VPOS="1089" HPOS="133" STYLEREFS="StyleId-C2AEFC21-15A1-4312-B1CA-B7CA021584A9-">
<String CONTENT="Muir," HEIGHT="65" WIDTH="172" VPOS="1089" HPOS="133"/>
<SP HEIGHT="63" WIDTH="31" VPOS="1091" HPOS="306"/>
<String CONTENT="Augustus," HEIGHT="63" WIDTH="332" VPOS="1091" HPOS="338"/>
<SP HEIGHT="59" WIDTH="31" VPOS="1094" HPOS="671"/>
<String CONTENT="1892-" HEIGHT="50" WIDTH="169" VPOS="1093" HPOS="703"/>
</TextLine>
<TextLine HEIGHT="71" WIDTH="1917" VPOS="1166" HPOS="202" STYLEREFS="StyleId-812FE406-FBCE-4503-AD82-841AFF56A22C-">
<String CONTENT="The" HEIGHT="53" WIDTH="119" VPOS="1168" HPOS="202"/>
<SP HEIGHT="35" WIDTH="27" VPOS="1186" HPOS="322"/>
<String CONTENT="crimson" HEIGHT="52" WIDTH="243" VPOS="1168" HPOS="350"/>
<SP HEIGHT="35" WIDTH="27" VPOS="1184" HPOS="594"/>
<String CONTENT="crescent," HEIGHT="60" WIDTH="261" VPOS="1174" HPOS="622"/>
<SP HEIGHT="68" WIDTH="26" VPOS="1166" HPOS="884"/>
<String CONTENT="by" HEIGHT="68" WIDTH="75" VPOS="1166" HPOS="911"/>
<SP HEIGHT="64" WIDTH="26" VPOS="1170" HPOS="987"/>
<String CONTENT="Augustus" HEIGHT="65" WIDTH="294" VPOS="1170" HPOS="1014"/>
<SP HEIGHT="52" WIDTH="25" VPOS="1169" HPOS="1309"/>
<String CONTENT="Muir." HEIGHT="54" WIDTH="172" VPOS="1168" HPOS="1335"/>
<SP HEIGHT="51" WIDTH="57" VPOS="1171" HPOS="1508"/>
<String CONTENT="London," HEIGHT="66" WIDTH="254" VPOS="1171" HPOS="1566"/>
<SP HEIGHT="64" WIDTH="27" VPOS="1173" HPOS="1821"/>
<String CONTENT="Methuen" HEIGHT="55" WIDTH="270" VPOS="1173" HPOS="1849"/>
</TextLine>
<TextLine HEIGHT="67" WIDTH="509" VPOS="1246" HPOS="132" STYLEREFS="StyleId-812FE406-FBCE-4503-AD82-841AFF56A22C-">
<String LANG="en-US" CONTENT="&amp;" HEIGHT="50" WIDTH="45" VPOS="1250" HPOS="132"/>
<SP HEIGHT="50" WIDTH="26" VPOS="1250" HPOS="178"/>
<String LANG="ru" CONTENT="co.," HEIGHT="50" WIDTH="97" VPOS="1263" HPOS="205"/>
<SP HEIGHT="65" WIDTH="26" VPOS="1248" HPOS="303"/>
<String LANG="en-US" CONTENT="ltd." HEIGHT="53" WIDTH="104" VPOS="1246" HPOS="330"/>
<SP HEIGHT="33" WIDTH="34" VPOS="1280" HPOS="435"/>
<String LANG="en-US" CONTENT="[1935]" HEIGHT="64" WIDTH="171" VPOS="1249" HPOS="470"/>
</TextLine>
<TextLine HEIGHT="52" WIDTH="628" VPOS="1316" HPOS="204" CS="1">
<String LANG="en-US" CONTENT="3" HEIGHT="40" WIDTH="27" VPOS="1319" HPOS="204"/>
<SP HEIGHT="49" WIDTH="24" VPOS="1319" HPOS="232"/>
<String LANG="fr" CONTENT="p." HEIGHT="38" WIDTH="43" VPOS="1330" HPOS="257"/>
<SP/>
<String LANG="fr" CS="1" CONTENT="l.,"/>
<SP/>
<String LANG="en-US" CONTENT="281," HEIGHT="48" WIDTH="97" VPOS="1317" HPOS="399"/>
<SP HEIGHT="31" WIDTH="30" VPOS="1336" HPOS="497"/>
<String LANG="en-US" CONTENT="[1]" HEIGHT="49" WIDTH="56" VPOS="1318" HPOS="528"/>
<SP HEIGHT="38" WIDTH="27" VPOS="1328" HPOS="585"/>
<String LANG="en-US" CONTENT="p." HEIGHT="37" WIDTH="43" VPOS="1328" HPOS="613"/>
<SP HEIGHT="39" WIDTH="57" VPOS="1317" HPOS="657"/>
<String LANG="en-US" CONTENT="19" HEIGHT="41" WIDTH="56" VPOS="1316" HPOS="715"/>
<String STYLE="superscript" LANG="en-US" CONTENT="cm" HEIGHT="21" WIDTH="44" VPOS="1319" HPOS="774"/>
<String LANG="en-US" CONTENT="." HEIGHT="10" WIDTH="10" VPOS="1350" HPOS="822"/>
</TextLine>
<TextLine HEIGHT="53" WIDTH="1987" VPOS="1373" HPOS="135" CS="1">
<String CONTENT="&#169;" HEIGHT="52" WIDTH="52" VPOS="1373" HPOS="135"/>
<SP/>
<String CS="1" CONTENT="1c."/>
<SP/>
<String CONTENT="Nov." HEIGHT="38" WIDTH="116" VPOS="1377" HPOS="316"/>
<SP HEIGHT="40" WIDTH="31" VPOS="1375" HPOS="433"/>
<String CONTENT="9," HEIGHT="46" WIDTH="38" VPOS="1375" HPOS="465"/>
<SP HEIGHT="45" WIDTH="31" VPOS="1376" HPOS="504"/>
<String CS="1" CONTENT="1935;" HEIGHT="40" WIDTH="113" VPOS="1374" HPOS="536"/>
<SP HEIGHT="45" WIDTH="33" VPOS="1375" HPOS="677"/>
<!-- cceid 95EA3241-6D82-1014-B070-FDFD250A9EDA --><String CONTENT="A" HEIGHT="38" WIDTH="40" VPOS="1375" HPOS="711"/>
<SP HEIGHT="38" WIDTH="31" VPOS="1375" HPOS="752"/>
<String CONTENT="ad" HEIGHT="38" WIDTH="61" VPOS="1375" HPOS="784"/>
<SP HEIGHT="40" WIDTH="29" VPOS="1373" HPOS="846"/>
<String CONTENT="int." HEIGHT="40" WIDTH="86" VPOS="1373" HPOS="876"/>
<SP HEIGHT="40" WIDTH="30" VPOS="1373" HPOS="963"/>
<String CS="1" CONTENT="20721;" HEIGHT="40" WIDTH="144" VPOS="1373" HPOS="994"/>
<SP HEIGHT="37" WIDTH="34" VPOS="1384" HPOS="1165"/>
<String CONTENT="pubd." HEIGHT="47" WIDTH="141" VPOS="1374" HPOS="1200"/>
<SP HEIGHT="39" WIDTH="35" VPOS="1375" HPOS="1342"/>
<String CONTENT="Sept." HEIGHT="47" WIDTH="127" VPOS="1375" HPOS="1378"/>
<SP HEIGHT="38" WIDTH="31" VPOS="1376" HPOS="1506"/>
<String CS="1" CONTENT="12;" HEIGHT="38" WIDTH="54" VPOS="1375" HPOS="1538"/>
<SP HEIGHT="46" WIDTH="30" VPOS="1376" HPOS="1621"/>
<String CONTENT="A." HEIGHT="39" WIDTH="54" VPOS="1376" HPOS="1652"/>
<SP HEIGHT="37" WIDTH="34" VPOS="1378" HPOS="1707"/>
<String CONTENT="Muir," HEIGHT="50" WIDTH="142" VPOS="1375" HPOS="1742"/>
<SP HEIGHT="47" WIDTH="34" VPOS="1378" HPOS="1885"/>
<String CONTENT="Berden," HEIGHT="48" WIDTH="202" VPOS="1378" HPOS="1920"/>
</TextLine>
<TextLine HEIGHT="51" WIDTH="1441" VPOS="1430" HPOS="199">
<String CONTENT="nr." HEIGHT="29" WIDTH="70" VPOS="1443" HPOS="199"/>
<SP HEIGHT="38" WIDTH="33" VPOS="1434" HPOS="270"/>
<String CONTENT="Bishop&#8217;s" HEIGHT="48" WIDTH="221" VPOS="1431" HPOS="304"/>
<SP HEIGHT="39" WIDTH="35" VPOS="1432" HPOS="526"/>
<String CONTENT="Stortford," HEIGHT="45" WIDTH="260" VPOS="1431" HPOS="562"/>
<SP HEIGHT="45" WIDTH="32" VPOS="1431" HPOS="823"/>
<String CONTENT="Essex," HEIGHT="45" WIDTH="164" VPOS="1431" HPOS="856"/>
<SP HEIGHT="45" WIDTH="32" VPOS="1431" HPOS="1021"/>
<String CONTENT="England." HEIGHT="46" WIDTH="236" VPOS="1431" HPOS="1054"/>
<SP HEIGHT="46" WIDTH="68" VPOS="1432" HPOS="1291"/>
<String CONTENT="(35-29673)" HEIGHT="51" WIDTH="280" VPOS="1430" HPOS="1360"/>
</TextLine>
<TextLine HEIGHT="64" WIDTH="1304" VPOS="1532" HPOS="134" STYLEREFS="StyleId-C2AEFC21-15A1-4312-B1CA-B7CA021584A9-">
<String CONTENT="Norton," HEIGHT="62" WIDTH="246" VPOS="1533" HPOS="134"/>
<SP HEIGHT="61" WIDTH="28" VPOS="1534" HPOS="381"/>
<String CONTENT="Margaret" HEIGHT="62" WIDTH="305" VPOS="1534" HPOS="410"/>
<SP HEIGHT="54" WIDTH="29" VPOS="1532" HPOS="716"/>
<String CONTENT="Cross," HEIGHT="64" WIDTH="194" VPOS="1532" HPOS="746"/>
<SP HEIGHT="59" WIDTH="30" VPOS="1537" HPOS="941"/>
<String CONTENT="1891-" HEIGHT="50" WIDTH="171" VPOS="1535" HPOS="972"/>
<SP HEIGHT="34" WIDTH="209" VPOS="1549" HPOS="1144"/>
<String CONTENT="ed." HEIGHT="52" WIDTH="84" VPOS="1534" HPOS="1354"/>
</TextLine>
<TextLine HEIGHT="57" WIDTH="1851" VPOS="1609" HPOS="265" STYLEREFS="StyleId-812FE406-FBCE-4503-AD82-841AFF56A22C-" CS="1">
<String CS="1" CONTENT="&#8230;"/>
<SP HEIGHT="52" WIDTH="42" VPOS="1610" HPOS="265"/>
<String CONTENT="Illinois" HEIGHT="54" WIDTH="227" VPOS="1609" HPOS="308"/>
<SP HEIGHT="35" WIDTH="37" VPOS="1628" HPOS="536"/>
<String CONTENT="census" HEIGHT="34" WIDTH="194" VPOS="1627" HPOS="574"/>
<SP HEIGHT="33" WIDTH="35" VPOS="1628" HPOS="769"/>
<String CONTENT="returns" HEIGHT="47" WIDTH="223" VPOS="1614" HPOS="805"/>
<SP HEIGHT="33" WIDTH="43" VPOS="1629" HPOS="1029"/>
<String CS="1" CONTENT="&#8230;"/>
<SP HEIGHT="35" WIDTH="44" VPOS="1628" HPOS="1130"/>
<String CONTENT="edited" HEIGHT="53" WIDTH="188" VPOS="1609" HPOS="1175"/>
<SP HEIGHT="51" WIDTH="35" VPOS="1611" HPOS="1364"/>
<String CONTENT="with" HEIGHT="52" WIDTH="141" VPOS="1612" HPOS="1400"/>
<SP HEIGHT="52" WIDTH="37" VPOS="1610" HPOS="1542"/>
<String CONTENT="introduction" HEIGHT="56" WIDTH="389" VPOS="1610" HPOS="1580"/>
<SP HEIGHT="33" WIDTH="39" VPOS="1633" HPOS="1970"/>
<String CONTENT="and" HEIGHT="49" WIDTH="106" VPOS="1617" HPOS="2010"/>
</TextLine>
<TextLine HEIGHT="72" WIDTH="1982" VPOS="1685" HPOS="136" STYLEREFS="StyleId-812FE406-FBCE-4503-AD82-841AFF56A22C-" CS="1">
<String CONTENT="notes" HEIGHT="46" WIDTH="155" VPOS="1693" HPOS="136"/>
<SP HEIGHT="53" WIDTH="43" VPOS="1685" HPOS="292"/>
<String CONTENT="by" HEIGHT="69" WIDTH="75" VPOS="1685" HPOS="336"/>
<SP HEIGHT="67" WIDTH="42" VPOS="1687" HPOS="412"/>
<String CONTENT="Margaret" HEIGHT="67" WIDTH="296" VPOS="1687" HPOS="455"/>
<SP HEIGHT="56" WIDTH="43" VPOS="1686" HPOS="752"/>
<String CONTENT="Cross" HEIGHT="56" WIDTH="168" VPOS="1686" HPOS="796"/>
<SP HEIGHT="53" WIDTH="42" VPOS="1686" HPOS="965"/>
<String CONTENT="Norton" HEIGHT="53" WIDTH="222" VPOS="1686" HPOS="1008"/>
<SP HEIGHT="33" WIDTH="49" VPOS="1705" HPOS="1231"/>
<String CS="1" CONTENT="&#8230;"/>
<SP HEIGHT="55" WIDTH="89" VPOS="1687" HPOS="1336"/>
<String CONTENT="Springfield," HEIGHT="70" WIDTH="370" VPOS="1686" HPOS="1426"/>
<SP HEIGHT="65" WIDTH="43" VPOS="1691" HPOS="1797"/>
<String CONTENT="Ill.," HEIGHT="66" WIDTH="111" VPOS="1691" HPOS="1841"/>
<SP HEIGHT="64" WIDTH="46" VPOS="1693" HPOS="1953"/>
<String CONTENT="The" HEIGHT="52" WIDTH="118" VPOS="1692" HPOS="2000"/>
</TextLine>
<TextLine HEIGHT="71" WIDTH="1832" VPOS="1762" HPOS="135" STYLEREFS="StyleId-812FE406-FBCE-4503-AD82-841AFF56A22C-" CS="1">
<String CONTENT="Trustees" HEIGHT="52" WIDTH="263" VPOS="1765" HPOS="135"/>
<SP HEIGHT="35" WIDTH="30" VPOS="1782" HPOS="399"/>
<String CONTENT="of" HEIGHT="52" WIDTH="63" VPOS="1763" HPOS="430"/>
<SP HEIGHT="53" WIDTH="28" VPOS="1763" HPOS="494"/>
<String CONTENT="the" HEIGHT="53" WIDTH="95" VPOS="1763" HPOS="523"/>
<SP HEIGHT="52" WIDTH="29" VPOS="1764" HPOS="619"/>
<String CONTENT="Illinois" HEIGHT="56" WIDTH="226" VPOS="1763" HPOS="649"/>
<SP HEIGHT="36" WIDTH="28" VPOS="1783" HPOS="876"/>
<String CONTENT="state" HEIGHT="48" WIDTH="144" VPOS="1768" HPOS="905"/>
<SP HEIGHT="53" WIDTH="29" VPOS="1763" HPOS="1050"/>
<String CONTENT="historical" HEIGHT="54" WIDTH="293" VPOS="1762" HPOS="1080"/>
<SP HEIGHT="54" WIDTH="28" VPOS="1764" HPOS="1374"/>
<String CONTENT="library" HEIGHT="69" WIDTH="219" VPOS="1763" HPOS="1403"/>
<SP HEIGHT="50" WIDTH="33" VPOS="1783" HPOS="1623"/>
<String CS="1" CONTENT="["/>
<String STYLE="superscript" CONTENT="c" HEIGHT="21" WIDTH="18" VPOS="1771" HPOS="1674"/>
<String CONTENT="1935," HEIGHT="65" WIDTH="148" VPOS="1768" HPOS="1698"/>
<SP HEIGHT="59" WIDTH="32" VPOS="1774" HPOS="1847"/>
<String STYLE="superscript" LANG="ru" CONTENT="c" HEIGHT="20" WIDTH="17" VPOS="1774" HPOS="1880"/>
<String LANG="ru" CS="1" CONTENT="34]" HEIGHT="48" WIDTH="66" VPOS="1771" HPOS="1901"/>
</TextLine>
<TextLine HEIGHT="49" WIDTH="1784" VPOS="1835" HPOS="206" STYLEREFS="StyleId-812FE406-FBCE-4503-AD82-841AFF56A22C-" CS="1">
<String CONTENT="2" HEIGHT="38" WIDTH="25" VPOS="1836" HPOS="206"/>
<SP HEIGHT="40" WIDTH="32" VPOS="1836" HPOS="232"/>
<String CS="1" CONTENT="v." HEIGHT="8" WIDTH="7" VPOS="1868" HPOS="299"/>
<SP HEIGHT="38" WIDTH="60" VPOS="1838" HPOS="307"/>
<String CONTENT="tables" HEIGHT="40" WIDTH="154" VPOS="1835" HPOS="368"/>
<SP HEIGHT="48" WIDTH="26" VPOS="1836" HPOS="523"/>
<String CONTENT="(part" HEIGHT="48" WIDTH="134" VPOS="1836" HPOS="550"/>
<SP HEIGHT="40" WIDTH="29" VPOS="1835" HPOS="685"/>
<String CONTENT="fold.," HEIGHT="47" WIDTH="132" VPOS="1835" HPOS="715"/>
<SP HEIGHT="45" WIDTH="31" VPOS="1837" HPOS="848"/>
<String CONTENT="1" HEIGHT="37" WIDTH="23" VPOS="1837" HPOS="880"/>
<SP HEIGHT="37" WIDTH="32" VPOS="1837" HPOS="904"/>
<String CONTENT="mounted)" HEIGHT="46" WIDTH="254" VPOS="1836" HPOS="937"/>
<SP HEIGHT="47" WIDTH="67" VPOS="1835" HPOS="1192"/>
<String CS="1" CONTENT="22&#189;" HEIGHT="39" WIDTH="54" VPOS="1835" HPOS="1260"/>
<String STYLE="superscript" CONTENT="cm" HEIGHT="20" WIDTH="43" VPOS="1839" HPOS="1348"/>
<String CONTENT="." HEIGHT="7" WIDTH="8" VPOS="1869" HPOS="1396"/>
<SP HEIGHT="46" WIDTH="72" VPOS="1838" HPOS="1405"/>
<String CONTENT="(Collections" HEIGHT="47" WIDTH="315" VPOS="1837" HPOS="1478"/>
<SP HEIGHT="29" WIDTH="31" VPOS="1849" HPOS="1794"/>
<String CONTENT="of" HEIGHT="39" WIDTH="51" VPOS="1839" HPOS="1826"/>
<SP HEIGHT="40" WIDTH="32" VPOS="1839" HPOS="1878"/>
<String CONTENT="the" HEIGHT="39" WIDTH="79" VPOS="1841" HPOS="1911"/>
</TextLine>
<TextLine HEIGHT="99" WIDTH="1983" VPOS="1841" HPOS="138" STYLEREFS="StyleId-812FE406-FBCE-4503-AD82-841AFF56A22C-" CS="1">
<String CONTENT="Illinois" HEIGHT="91" WIDTH="1965" VPOS="1841" HPOS="138"/>
<SP HEIGHT="29" WIDTH="38" VPOS="1903" HPOS="243"/>
<String CONTENT="state" HEIGHT="40" WIDTH="126" VPOS="1892" HPOS="282"/>
<SP HEIGHT="39" WIDTH="38" VPOS="1892" HPOS="409"/>
<String CONTENT="historical" HEIGHT="41" WIDTH="252" VPOS="1891" HPOS="448"/>
<SP HEIGHT="39" WIDTH="38" VPOS="1892" HPOS="701"/>
<String CONTENT="library," HEIGHT="48" WIDTH="196" VPOS="1890" HPOS="740"/>
<SP HEIGHT="28" WIDTH="68" VPOS="1903" HPOS="937"/>
<String CONTENT="vol." HEIGHT="38" WIDTH="90" VPOS="1893" HPOS="1006"/>
<SP HEIGHT="28" WIDTH="39" VPOS="1903" HPOS="1097"/>
<String CS="1" CONTENT="XXIV," HEIGHT="17" WIDTH="9" VPOS="1923" HPOS="1261"/>
<SP HEIGHT="37" WIDTH="38" VPOS="1903" HPOS="1271"/>
<String CS="1" CONTENT="XXVI." HEIGHT="8" WIDTH="9" VPOS="1926" HPOS="1434"/>
<SP HEIGHT="40" WIDTH="69" VPOS="1894" HPOS="1444"/>
<String CONTENT="Statistical" HEIGHT="40" WIDTH="271" VPOS="1894" HPOS="1514"/>
<SP HEIGHT="40" WIDTH="39" VPOS="1895" HPOS="1786"/>
<String CONTENT="series," HEIGHT="41" WIDTH="164" VPOS="1898" HPOS="1826"/>
<SP HEIGHT="29" WIDTH="43" VPOS="1910" HPOS="1991"/>
<String CONTENT="vol." HEIGHT="36" WIDTH="86" VPOS="1900" HPOS="2035"/>
</TextLine>
<TextLine HEIGHT="45" WIDTH="114" VPOS="1951" HPOS="177" STYLEREFS="StyleId-812FE406-FBCE-4503-AD82-841AFF56A22C-" CS="1">
<String LANG="en-US" CS="1" CONTENT="II"/>
<String LANG="ru" CONTENT="-" HEIGHT="5" WIDTH="25" VPOS="1973" HPOS="177"/>
<String LANG="en-US" CS="1" CONTENT="III"/>
<String LANG="ru" CONTENT=")" HEIGHT="45" WIDTH="14" VPOS="1951" HPOS="277"/>
</TextLine>
<TextLine HEIGHT="49" WIDTH="1018" VPOS="2005" HPOS="207" CS="1">
<String CONTENT="Maps" HEIGHT="46" WIDTH="137" VPOS="2007" HPOS="207"/>
<SP HEIGHT="28" WIDTH="29" VPOS="2017" HPOS="345"/>
<String CONTENT="mounted" HEIGHT="39" WIDTH="226" VPOS="2007" HPOS="375"/>
<SP HEIGHT="39" WIDTH="29" VPOS="2007" HPOS="602"/>
<String CONTENT="on" HEIGHT="30" WIDTH="60" VPOS="2015" HPOS="632"/>
<SP HEIGHT="40" WIDTH="25" VPOS="2005" HPOS="693"/>
<String CONTENT="lining-paper" HEIGHT="48" WIDTH="321" VPOS="2005" HPOS="719"/>
<SP HEIGHT="27" WIDTH="28" VPOS="2016" HPOS="1041"/>
<String CONTENT="of" HEIGHT="38" WIDTH="51" VPOS="2005" HPOS="1070"/>
<SP HEIGHT="39" WIDTH="28" VPOS="2005" HPOS="1122"/>
<String CONTENT="v." HEIGHT="32" WIDTH="42" VPOS="2016" HPOS="1151"/>
<SP HEIGHT="30" WIDTH="31" VPOS="2024" HPOS="1194"/>
<String CS="1" CONTENT="[1]"/>
</TextLine>
<TextLine HEIGHT="50" WIDTH="867" VPOS="2060" HPOS="484" CS="1">
<String CS="1" CONTENT="CONTENTS.&#8212;[v." HEIGHT="29" WIDTH="123" VPOS="2081" HPOS="484"/>
<SP HEIGHT="42" WIDTH="30" VPOS="2060" HPOS="608"/>
<String CONTENT="1]" HEIGHT="50" WIDTH="40" VPOS="2060" HPOS="639"/>
<SP HEIGHT="47" WIDTH="31" VPOS="2063" HPOS="680"/>
<String CONTENT="1810," HEIGHT="47" WIDTH="126" VPOS="2061" HPOS="712"/>
<SP HEIGHT="45" WIDTH="29" VPOS="2063" HPOS="839"/>
<String CS="1" CONTENT="1818.&#8212;[v." HEIGHT="30" WIDTH="132" VPOS="2080" HPOS="986"/>
<SP HEIGHT="42" WIDTH="30" VPOS="2060" HPOS="1119"/>
<String CONTENT="2]" HEIGHT="50" WIDTH="42" VPOS="2060" HPOS="1150"/>
<SP HEIGHT="47" WIDTH="31" VPOS="2063" HPOS="1193"/>
<String CONTENT="1820." HEIGHT="40" WIDTH="126" VPOS="2062" HPOS="1225"/>
</TextLine>
<TextLine HEIGHT="53" WIDTH="1987" VPOS="2116" HPOS="137">
<String LANG="fr" CONTENT="v." HEIGHT="28" WIDTH="41" VPOS="2132" HPOS="137"/>
<SP HEIGHT="39" WIDTH="35" VPOS="2121" HPOS="179"/>
<String CONTENT="1," HEIGHT="46" WIDTH="38" VPOS="2121" HPOS="215"/>
<SP HEIGHT="52" WIDTH="36" VPOS="2116" HPOS="254"/>
<String CONTENT="&#169;" HEIGHT="52" WIDTH="52" VPOS="2116" HPOS="291"/>
<SP HEIGHT="52" WIDTH="36" VPOS="2116" HPOS="344"/>
<String CONTENT="Oct." HEIGHT="40" WIDTH="100" VPOS="2120" HPOS="381"/>
<SP HEIGHT="38" WIDTH="35" VPOS="2121" HPOS="482"/>
<String CONTENT="11," HEIGHT="47" WIDTH="69" VPOS="2120" HPOS="518"/>
<SP HEIGHT="48" WIDTH="35" VPOS="2119" HPOS="588"/>
<String CONTENT="1935;" HEIGHT="46" WIDTH="140" VPOS="2119" HPOS="624"/>
<SP HEIGHT="47" WIDTH="38" VPOS="2118" HPOS="765"/>
<String CONTENT="2c." HEIGHT="40" WIDTH="66" VPOS="2118" HPOS="804"/>
<SP HEIGHT="40" WIDTH="34" VPOS="2119" HPOS="871"/>
<String CONTENT="Oct." HEIGHT="40" WIDTH="101" VPOS="2119" HPOS="906"/>
<SP HEIGHT="40" WIDTH="35" VPOS="2118" HPOS="1008"/>
<String CONTENT="21;" HEIGHT="46" WIDTH="81" VPOS="2118" HPOS="1044"/>
<SP HEIGHT="35" WIDTH="38" VPOS="2129" HPOS="1126"/>
<String CONTENT="aff." HEIGHT="39" WIDTH="80" VPOS="2119" HPOS="1165"/>
<SP HEIGHT="40" WIDTH="40" VPOS="2119" HPOS="1246"/>
<String CONTENT="Oct." HEIGHT="40" WIDTH="100" VPOS="2119" HPOS="1287"/>
<SP HEIGHT="38" WIDTH="37" VPOS="2120" HPOS="1388"/>
<String CONTENT="19;" HEIGHT="48" WIDTH="81" VPOS="2118" HPOS="1426"/>
<SP HEIGHT="36" WIDTH="38" VPOS="2130" HPOS="1508"/>
<String CONTENT="v." HEIGHT="29" WIDTH="41" VPOS="2131" HPOS="1547"/>
<SP HEIGHT="39" WIDTH="37" VPOS="2120" HPOS="1589"/>
<String CONTENT="2," HEIGHT="47" WIDTH="41" VPOS="2120" HPOS="1627"/>
<SP HEIGHT="52" WIDTH="36" VPOS="2117" HPOS="1669"/>
<String CONTENT="&#169;" HEIGHT="52" WIDTH="52" VPOS="2117" HPOS="1706"/>
<SP HEIGHT="52" WIDTH="37" VPOS="2117" HPOS="1759"/>
<String CONTENT="Oct." HEIGHT="40" WIDTH="99" VPOS="2121" HPOS="1797"/>
<SP HEIGHT="38" WIDTH="38" VPOS="2122" HPOS="1897"/>
<String CONTENT="11;" HEIGHT="47" WIDTH="80" VPOS="2122" HPOS="1936"/>
<SP HEIGHT="46" WIDTH="40" VPOS="2123" HPOS="2017"/>
<String CONTENT="2c." HEIGHT="40" WIDTH="66" VPOS="2123" HPOS="2058"/>
</TextLine>
<TextLine HEIGHT="51" WIDTH="1920" VPOS="2175" HPOS="205" CS="1">
<String CONTENT="Oct." HEIGHT="40" WIDTH="101" VPOS="2177" HPOS="205"/>
<SP HEIGHT="39" WIDTH="25" VPOS="2177" HPOS="307"/>
<String CS="1" CONTENT="21;" HEIGHT="38" WIDTH="55" VPOS="2177" HPOS="333"/>
<SP HEIGHT="35" WIDTH="31" VPOS="2187" HPOS="415"/>
<String CONTENT="aff." HEIGHT="40" WIDTH="81" VPOS="2176" HPOS="447"/>
<SP HEIGHT="39" WIDTH="26" VPOS="2177" HPOS="529"/>
<String CONTENT="Nov." HEIGHT="39" WIDTH="118" VPOS="2177" HPOS="556"/>
<SP HEIGHT="39" WIDTH="27" VPOS="2177" HPOS="675"/>
<String CS="1" CONTENT="15;" HEIGHT="38" WIDTH="59" VPOS="2177" HPOS="703"/>
<SP HEIGHT="46" WIDTH="29" VPOS="2176" HPOS="785"/>
<!-- cceid 95EA6441-6D82-1014-B070-FDFD250A9EDA --><String CONTENT="A" HEIGHT="38" WIDTH="41" VPOS="2176" HPOS="815"/>
<SP HEIGHT="39" WIDTH="24" VPOS="2176" HPOS="857"/>
<String CONTENT="86885," HEIGHT="47" WIDTH="157" VPOS="2175" HPOS="882"/>
<SP HEIGHT="46" WIDTH="28" VPOS="2176" HPOS="1040"/>
<String CS="1" CONTENT="88245;" HEIGHT="40" WIDTH="141" VPOS="2175" HPOS="1069"/>
<SP HEIGHT="40" WIDTH="31" VPOS="2177" HPOS="1238"/>
<String CONTENT="Illinois" HEIGHT="40" WIDTH="189" VPOS="2175" HPOS="1270"/>
<SP HEIGHT="28" WIDTH="29" VPOS="2187" HPOS="1460"/>
<String CONTENT="state" HEIGHT="37" WIDTH="126" VPOS="2179" HPOS="1490"/>
<SP HEIGHT="38" WIDTH="28" VPOS="2178" HPOS="1617"/>
<String CONTENT="historical" HEIGHT="41" WIDTH="252" VPOS="2177" HPOS="1646"/>
<SP HEIGHT="37" WIDTH="28" VPOS="2180" HPOS="1899"/>
<String CONTENT="library." HEIGHT="49" WIDTH="197" VPOS="2177" HPOS="1928"/>
</TextLine>
<TextLine HEIGHT="47" WIDTH="280" VPOS="2234" HPOS="214">
<String CONTENT="(35-28321)" HEIGHT="47" WIDTH="280" VPOS="2234" HPOS="214"/>
</TextLine>
<TextLine HEIGHT="65" WIDTH="780" VPOS="2335" HPOS="136" STYLEREFS="StyleId-C2AEFC21-15A1-4312-B1CA-B7CA021584A9-">
<String CONTENT="O&#8217;Donnell," HEIGHT="65" WIDTH="332" VPOS="2335" HPOS="136"/>
<SP HEIGHT="63" WIDTH="29" VPOS="2337" HPOS="469"/>
<String CONTENT="Roger," HEIGHT="63" WIDTH="212" VPOS="2337" HPOS="499"/>
<SP HEIGHT="59" WIDTH="32" VPOS="2341" HPOS="712"/>
<String CONTENT="1875-" HEIGHT="53" WIDTH="171" VPOS="2336" HPOS="745"/>
</TextLine>
<TextLine HEIGHT="71" WIDTH="1918" VPOS="2413" HPOS="207" STYLEREFS="StyleId-812FE406-FBCE-4503-AD82-841AFF56A22C-">
<String CONTENT="Procedure" HEIGHT="52" WIDTH="318" VPOS="2415" HPOS="207"/>
<SP HEIGHT="34" WIDTH="44" VPOS="2433" HPOS="526"/>
<String CONTENT="and" HEIGHT="51" WIDTH="112" VPOS="2415" HPOS="571"/>
<SP HEIGHT="53" WIDTH="43" VPOS="2413" HPOS="684"/>
<String CONTENT="forms" HEIGHT="53" WIDTH="178" VPOS="2413" HPOS="728"/>
<SP HEIGHT="33" WIDTH="44" VPOS="2432" HPOS="907"/>
<String CONTENT="common" HEIGHT="34" WIDTH="256" VPOS="2432" HPOS="952"/>
<SP HEIGHT="51" WIDTH="42" VPOS="2414" HPOS="1209"/>
<String CONTENT="law" HEIGHT="52" WIDTH="108" VPOS="2414" HPOS="1252"/>
<SP HEIGHT="48" WIDTH="42" VPOS="2432" HPOS="1361"/>
<String CONTENT="pleading," HEIGHT="66" WIDTH="290" VPOS="2415" HPOS="1404"/>
<SP HEIGHT="46" WIDTH="42" VPOS="2434" HPOS="1695"/>
<String CONTENT="covering" HEIGHT="67" WIDTH="267" VPOS="2417" HPOS="1738"/>
<SP HEIGHT="48" WIDTH="43" VPOS="2436" HPOS="2006"/>
<String CONTENT="all" HEIGHT="51" WIDTH="75" VPOS="2418" HPOS="2050"/>
</TextLine>
<TextLine HEIGHT="67" WIDTH="1986" VPOS="2491" HPOS="139" STYLEREFS="StyleId-812FE406-FBCE-4503-AD82-841AFF56A22C-" CS="1">
<String CONTENT="common" HEIGHT="33" WIDTH="253" VPOS="2511" HPOS="139"/>
<SP HEIGHT="49" WIDTH="36" VPOS="2495" HPOS="393"/>
<String CONTENT="law" HEIGHT="49" WIDTH="109" VPOS="2495" HPOS="430"/>
<SP HEIGHT="33" WIDTH="34" VPOS="2511" HPOS="540"/>
<String CONTENT="actions," HEIGHT="66" WIDTH="232" VPOS="2491" HPOS="575"/>
<SP HEIGHT="65" WIDTH="32" VPOS="2492" HPOS="808"/>
<String CONTENT="by" HEIGHT="65" WIDTH="74" VPOS="2492" HPOS="841"/>
<SP HEIGHT="65" WIDTH="34" VPOS="2492" HPOS="916"/>
<String CONTENT="Roger" HEIGHT="66" WIDTH="189" VPOS="2492" HPOS="951"/>
<SP HEIGHT="54" WIDTH="37" VPOS="2491" HPOS="1141"/>
<String CONTENT="O&#8217;Donnell" HEIGHT="54" WIDTH="319" VPOS="2491" HPOS="1179"/>
<SP HEIGHT="49" WIDTH="42" VPOS="2496" HPOS="1499"/>
<String CS="1" CONTENT="&#8230;"/>
<SP HEIGHT="51" WIDTH="92" VPOS="2495" HPOS="1598"/>
<String CONTENT="The" HEIGHT="51" WIDTH="120" VPOS="2495" HPOS="1691"/>
<SP HEIGHT="51" WIDTH="36" VPOS="2495" HPOS="1812"/>
<String CONTENT="forms" HEIGHT="53" WIDTH="180" VPOS="2495" HPOS="1849"/>
<SP HEIGHT="50" WIDTH="34" VPOS="2498" HPOS="2030"/>
<String CONTENT="in" HEIGHT="50" WIDTH="60" VPOS="2498" HPOS="2065"/>
</TextLine>
<TextLine HEIGHT="68" WIDTH="1988" VPOS="2568" HPOS="137" STYLEREFS="StyleId-812FE406-FBCE-4503-AD82-841AFF56A22C-">
<String CONTENT="this" HEIGHT="52" WIDTH="114" VPOS="2570" HPOS="137"/>
<SP HEIGHT="33" WIDTH="27" VPOS="2589" HPOS="252"/>
<String CONTENT="volume" HEIGHT="52" WIDTH="221" VPOS="2569" HPOS="280"/>
<SP HEIGHT="51" WIDTH="27" VPOS="2570" HPOS="502"/>
<String CONTENT="have" HEIGHT="51" WIDTH="142" VPOS="2570" HPOS="530"/>
<SP HEIGHT="52" WIDTH="26" VPOS="2569" HPOS="673"/>
<String CONTENT="been" HEIGHT="52" WIDTH="135" VPOS="2569" HPOS="700"/>
<SP HEIGHT="48" WIDTH="28" VPOS="2588" HPOS="836"/>
<String CONTENT="prepared" HEIGHT="66" WIDTH="280" VPOS="2570" HPOS="865"/>
<SP HEIGHT="52" WIDTH="27" VPOS="2569" HPOS="1146"/>
<String CONTENT="in" HEIGHT="51" WIDTH="60" VPOS="2569" HPOS="1174"/>
<SP HEIGHT="33" WIDTH="25" VPOS="2587" HPOS="1235"/>
<String CONTENT="collaboration" HEIGHT="55" WIDTH="408" VPOS="2568" HPOS="1261"/>
<SP HEIGHT="33" WIDTH="29" VPOS="2590" HPOS="1670"/>
<String CONTENT="with" HEIGHT="50" WIDTH="139" VPOS="2573" HPOS="1700"/>
<SP HEIGHT="55" WIDTH="28" VPOS="2573" HPOS="1840"/>
<String CONTENT="John" HEIGHT="53" WIDTH="156" VPOS="2575" HPOS="1869"/>
<SP HEIGHT="50" WIDTH="27" VPOS="2576" HPOS="2026"/>
<String CONTENT="A." HEIGHT="52" WIDTH="71" VPOS="2576" HPOS="2054"/>
</TextLine>
<TextLine HEIGHT="147" WIDTH="1964" VPOS="2645" HPOS="138" STYLEREFS="StyleId-812FE406-FBCE-4503-AD82-841AFF56A22C-" CS="1">
<String CONTENT="Bresnahan" HEIGHT="51" WIDTH="331" VPOS="2648" HPOS="142"/>
<SP HEIGHT="32" WIDTH="46" VPOS="2666" HPOS="474"/>
<String CS="1" CONTENT="&#8230;"/>
<SP HEIGHT="59" WIDTH="76" VPOS="2647" HPOS="577"/>
<String CONTENT="Washington," HEIGHT="68" WIDTH="399" VPOS="2645" HPOS="654"/>
<SP HEIGHT="65" WIDTH="40" VPOS="2648" HPOS="1054"/>
<String LANG="fr" CONTENT="D." HEIGHT="50" WIDTH="72" VPOS="2648" HPOS="1095"/>
<SP HEIGHT="54" WIDTH="43" VPOS="2647" HPOS="1168"/>
<String CONTENT="C.," HEIGHT="66" WIDTH="79" VPOS="2647" HPOS="1212"/>
<SP HEIGHT="65" WIDTH="41" VPOS="2648" HPOS="1292"/>
<String CONTENT="National" HEIGHT="53" WIDTH="271" VPOS="2647" HPOS="1334"/>
<SP HEIGHT="50" WIDTH="40" VPOS="2649" HPOS="1606"/>
<String CONTENT="law" HEIGHT="50" WIDTH="109" VPOS="2650" HPOS="1647"/>
<SP HEIGHT="51" WIDTH="39" VPOS="2650" HPOS="1757"/>
<String CONTENT="book" HEIGHT="51" WIDTH="146" VPOS="2650" HPOS="1797"/>
<SP HEIGHT="51" WIDTH="37" VPOS="2652" HPOS="1944"/>
<String CONTENT="company," HEIGHT="122" WIDTH="1964" VPOS="2670" HPOS="138"/>
<SP HEIGHT="56" WIDTH="30" VPOS="2728" HPOS="310"/>
<String CONTENT="1934." HEIGHT="49" WIDTH="148" VPOS="2728" HPOS="341"/>
</TextLine>
<TextLine HEIGHT="53" WIDTH="1610" VPOS="2794" HPOS="205" CS="1">
<String CONTENT="xvii," HEIGHT="47" WIDTH="114" VPOS="2797" HPOS="205"/>
<SP HEIGHT="48" WIDTH="28" VPOS="2796" HPOS="320"/>
<String CONTENT="283," HEIGHT="47" WIDTH="99" VPOS="2796" HPOS="349"/>
<SP HEIGHT="36" WIDTH="27" VPOS="2807" HPOS="449"/>
<String CONTENT="xix-xlix," HEIGHT="47" WIDTH="235" VPOS="2795" HPOS="477"/>
<SP HEIGHT="48" WIDTH="28" VPOS="2794" HPOS="713"/>
<String CONTENT="285-821" HEIGHT="41" WIDTH="200" VPOS="2794" HPOS="742"/>
<SP HEIGHT="46" WIDTH="29" VPOS="2796" HPOS="943"/>
<String CONTENT="p." HEIGHT="36" WIDTH="42" VPOS="2806" HPOS="973"/>
<SP HEIGHT="38" WIDTH="57" VPOS="2796" HPOS="1016"/>
<String CS="1" CONTENT="24&#189;" HEIGHT="38" WIDTH="55" VPOS="2795" HPOS="1074"/>
<String STYLE="superscript" CONTENT="cm" HEIGHT="20" WIDTH="44" VPOS="2797" HPOS="1161"/>
<String CONTENT="." HEIGHT="7" WIDTH="8" VPOS="2827" HPOS="1211"/>
<SP HEIGHT="48" WIDTH="67" VPOS="2796" HPOS="1220"/>
<String CONTENT="(Scotus" HEIGHT="48" WIDTH="197" VPOS="2796" HPOS="1288"/>
<SP HEIGHT="28" WIDTH="29" VPOS="2808" HPOS="1486"/>
<String CONTENT="series." HEIGHT="39" WIDTH="163" VPOS="2798" HPOS="1516"/>
<SP HEIGHT="29" WIDTH="63" VPOS="2818" HPOS="1680"/>
<String CS="1" CONTENT="[I])" HEIGHT="49" WIDTH="37" VPOS="2798" HPOS="1778"/>
</TextLine>
<TextLine HEIGHT="49" WIDTH="654" VPOS="2851" HPOS="205">
<String CONTENT="Forms" HEIGHT="39" WIDTH="168" VPOS="2855" HPOS="205"/>
<SP HEIGHT="39" WIDTH="28" VPOS="2854" HPOS="374"/>
<String CONTENT="have" HEIGHT="38" WIDTH="122" VPOS="2854" HPOS="403"/>
<SP HEIGHT="28" WIDTH="28" VPOS="2864" HPOS="526"/>
<String CONTENT="special" HEIGHT="49" WIDTH="179" VPOS="2851" HPOS="555"/>
<SP HEIGHT="38" WIDTH="27" VPOS="2853" HPOS="735"/>
<String CONTENT="t.-p." HEIGHT="45" WIDTH="96" VPOS="2854" HPOS="763"/>
</TextLine>
<TextLine HEIGHT="52" WIDTH="1824" VPOS="2907" HPOS="141">
<String CONTENT="&#169;" HEIGHT="52" WIDTH="52" VPOS="2907" HPOS="141"/>
<SP HEIGHT="52" WIDTH="23" VPOS="2907" HPOS="194"/>
<String CONTENT="Sept." HEIGHT="46" WIDTH="126" VPOS="2912" HPOS="218"/>
<SP HEIGHT="40" WIDTH="23" VPOS="2910" HPOS="345"/>
<String CONTENT="20," HEIGHT="47" WIDTH="69" VPOS="2910" HPOS="369"/>
<SP HEIGHT="46" WIDTH="23" VPOS="2911" HPOS="439"/>
<String CONTENT="1934;" HEIGHT="47" WIDTH="140" VPOS="2908" HPOS="463"/>
<SP HEIGHT="46" WIDTH="26" VPOS="2909" HPOS="604"/>
<String CONTENT="2c." HEIGHT="39" WIDTH="66" VPOS="2909" HPOS="631"/>
<SP HEIGHT="29" WIDTH="26" VPOS="2919" HPOS="698"/>
<String CONTENT="and" HEIGHT="38" WIDTH="95" VPOS="2910" HPOS="725"/>
<SP HEIGHT="38" WIDTH="25" VPOS="2910" HPOS="821"/>
<String CONTENT="aff." HEIGHT="39" WIDTH="77" VPOS="2908" HPOS="847"/>
<SP HEIGHT="37" WIDTH="27" VPOS="2909" HPOS="925"/>
<String CONTENT="Nov." HEIGHT="38" WIDTH="117" VPOS="2909" HPOS="953"/>
<SP HEIGHT="39" WIDTH="26" VPOS="2908" HPOS="1071"/>
<String CONTENT="15;" HEIGHT="47" WIDTH="82" VPOS="2908" HPOS="1098"/>
<SP HEIGHT="46" WIDTH="26" VPOS="2909" HPOS="1181"/>
<!-- cceid 95EA9BDD-6D82-1014-B070-FDFD250A9EDA --><String CONTENT="A" HEIGHT="38" WIDTH="41" VPOS="2909" HPOS="1208"/>
<SP HEIGHT="39" WIDTH="23" VPOS="2909" HPOS="1250"/>
<String CONTENT="77242;" HEIGHT="48" WIDTH="169" VPOS="2908" HPOS="1274"/>
<SP HEIGHT="46" WIDTH="28" VPOS="2910" HPOS="1444"/>
<String CONTENT="Natl." HEIGHT="40" WIDTH="129" VPOS="2910" HPOS="1473"/>
<SP HEIGHT="38" WIDTH="26" VPOS="2911" HPOS="1603"/>
<String CONTENT="law" HEIGHT="39" WIDTH="94" VPOS="2911" HPOS="1630"/>
<SP HEIGHT="39" WIDTH="24" VPOS="2912" HPOS="1725"/>
<String CONTENT="book" HEIGHT="39" WIDTH="122" VPOS="2912" HPOS="1750"/>
<SP HEIGHT="39" WIDTH="25" VPOS="2913" HPOS="1873"/>
<String LANG="ru" CONTENT="co." HEIGHT="28" WIDTH="66" VPOS="2924" HPOS="1899"/>
</TextLine>
<TextLine HEIGHT="48" WIDTH="278" VPOS="2967" HPOS="219">
<String CONTENT="(34-33045)" HEIGHT="48" WIDTH="278" VPOS="2967" HPOS="219"/>
</TextLine>
<TextLine HEIGHT="64" WIDTH="813" VPOS="3069" HPOS="141" STYLEREFS="StyleId-C2AEFC21-15A1-4312-B1CA-B7CA021584A9-">
<String CONTENT="Park," HEIGHT="63" WIDTH="172" VPOS="3070" HPOS="141"/>
<SP HEIGHT="62" WIDTH="26" VPOS="3071" HPOS="314"/>
<String CONTENT="William" HEIGHT="54" WIDTH="254" VPOS="3069" HPOS="341"/>
<SP HEIGHT="52" WIDTH="25" VPOS="3069" HPOS="596"/>
<String CONTENT="Lee," HEIGHT="64" WIDTH="132" VPOS="3069" HPOS="622"/>
<SP HEIGHT="62" WIDTH="30" VPOS="3071" HPOS="755"/>
<String CONTENT="1859-" HEIGHT="49" WIDTH="168" VPOS="3071" HPOS="786"/>
</TextLine>
<TextLine HEIGHT="75" WIDTH="1914" VPOS="3143" HPOS="211" STYLEREFS="StyleId-812FE406-FBCE-4503-AD82-841AFF56A22C-">
<String CONTENT="Pioneer" HEIGHT="52" WIDTH="239" VPOS="3146" HPOS="211"/>
<SP HEIGHT="50" WIDTH="45" VPOS="3163" HPOS="451"/>
<String CONTENT="pathways" HEIGHT="68" WIDTH="298" VPOS="3145" HPOS="497"/>
<SP HEIGHT="48" WIDTH="42" VPOS="3149" HPOS="796"/>
<String CONTENT="to" HEIGHT="48" WIDTH="57" VPOS="3149" HPOS="839"/>
<SP HEIGHT="47" WIDTH="43" VPOS="3150" HPOS="897"/>
<String CONTENT="the" HEIGHT="52" WIDTH="96" VPOS="3145" HPOS="941"/>
<SP HEIGHT="51" WIDTH="44" VPOS="3144" HPOS="1038"/>
<String CONTENT="Pacific," HEIGHT="69" WIDTH="230" VPOS="3143" HPOS="1083"/>
<SP HEIGHT="67" WIDTH="43" VPOS="3145" HPOS="1314"/>
<String CONTENT="by" HEIGHT="66" WIDTH="76" VPOS="3145" HPOS="1358"/>
<SP HEIGHT="66" WIDTH="42" VPOS="3145" HPOS="1435"/>
<String CONTENT="William" HEIGHT="53" WIDTH="260" VPOS="3145" HPOS="1478"/>
<SP HEIGHT="51" WIDTH="44" VPOS="3148" HPOS="1739"/>
<String CONTENT="Lee" HEIGHT="54" WIDTH="110" VPOS="3148" HPOS="1784"/>
<SP HEIGHT="51" WIDTH="45" VPOS="3151" HPOS="1895"/>
<String CONTENT="Park;" HEIGHT="67" WIDTH="184" VPOS="3151" HPOS="1941"/>
</TextLine>
<TextLine HEIGHT="73" WIDTH="1960" VPOS="3221" HPOS="143" STYLEREFS="StyleId-812FE406-FBCE-4503-AD82-841AFF56A22C-" CS="1">
<String CONTENT="drawings" HEIGHT="67" WIDTH="286" VPOS="3223" HPOS="143"/>
<SP HEIGHT="53" WIDTH="23" VPOS="3222" HPOS="430"/>
<String CONTENT="by" HEIGHT="68" WIDTH="76" VPOS="3222" HPOS="454"/>
<SP HEIGHT="68" WIDTH="22" VPOS="3222" HPOS="531"/>
<String LANG="fr" CONTENT="P." HEIGHT="52" WIDTH="65" VPOS="3222" HPOS="554"/>
<SP HEIGHT="52" WIDTH="24" VPOS="3222" HPOS="620"/>
<String LANG="fr" CONTENT="H." HEIGHT="53" WIDTH="75" VPOS="3222" HPOS="645"/>
<SP HEIGHT="53" WIDTH="26" VPOS="3222" HPOS="721"/>
<String CONTENT="F." HEIGHT="51" WIDTH="66" VPOS="3222" HPOS="748"/>
<SP HEIGHT="52" WIDTH="25" VPOS="3221" HPOS="815"/>
<String CONTENT="Follett." HEIGHT="52" WIDTH="228" VPOS="3221" HPOS="841"/>
<SP HEIGHT="54" WIDTH="61" VPOS="3221" HPOS="1070"/>
<String CONTENT="Clare," HEIGHT="68" WIDTH="183" VPOS="3221" HPOS="1132"/>
<SP HEIGHT="67" WIDTH="25" VPOS="3222" HPOS="1316"/>
<String CONTENT="Mich.," HEIGHT="67" WIDTH="192" VPOS="3222" HPOS="1342"/>
<SP HEIGHT="66" WIDTH="26" VPOS="3223" HPOS="1535"/>
<String CONTENT="Clara" HEIGHT="54" WIDTH="173" VPOS="3223" HPOS="1562"/>
<SP HEIGHT="52" WIDTH="23" VPOS="3224" HPOS="1736"/>
<String CONTENT="Aire" HEIGHT="55" WIDTH="139" VPOS="3224" HPOS="1760"/>
<SP HEIGHT="48" WIDTH="28" VPOS="3246" HPOS="1900"/>
<String CONTENT="[" HEIGHT="34" WIDTH="12" VPOS="3260" HPOS="1929"/>
<String STYLE="superscript" CONTENT="c" HEIGHT="21" WIDTH="17" VPOS="3234" HPOS="1948"/>
<String CS="1" CONTENT="1935]" HEIGHT="49" WIDTH="132" VPOS="3232" HPOS="1971"/>
</TextLine>
<TextLine HEIGHT="52" WIDTH="1308" VPOS="3293" HPOS="212" STYLEREFS="StyleId-812FE406-FBCE-4503-AD82-841AFF56A22C-" CS="1">
<String LANG="fr" CONTENT="xi" HEIGHT="38" WIDTH="49" VPOS="3298" HPOS="212"/>
<SP HEIGHT="47" WIDTH="23" VPOS="3298" HPOS="262"/>
<String LANG="fr" CONTENT="p.," HEIGHT="37" WIDTH="58" VPOS="3308" HPOS="286"/>
<SP HEIGHT="46" WIDTH="25" VPOS="3297" HPOS="345"/>
<String CONTENT="1" HEIGHT="38" WIDTH="26" VPOS="3297" HPOS="371"/>
<SP/>
<String CS="1" CONTENT="l.,"/>
<SP/>
<String CONTENT="13-284" HEIGHT="41" WIDTH="173" VPOS="3293" HPOS="493"/>
<SP HEIGHT="48" WIDTH="21" VPOS="3295" HPOS="667"/>
<String CONTENT="p." HEIGHT="37" WIDTH="44" VPOS="3306" HPOS="689"/>
<SP HEIGHT="41" WIDTH="52" VPOS="3294" HPOS="734"/>
<String CONTENT="front.," HEIGHT="44" WIDTH="162" VPOS="3294" HPOS="787"/>
<SP HEIGHT="37" WIDTH="23" VPOS="3305" HPOS="950"/>
<String CONTENT="plates," HEIGHT="49" WIDTH="171" VPOS="3293" HPOS="974"/>
<SP HEIGHT="37" WIDTH="25" VPOS="3305" HPOS="1146"/>
<String CONTENT="ports." HEIGHT="45" WIDTH="149" VPOS="3297" HPOS="1172"/>
<SP HEIGHT="40" WIDTH="52" VPOS="3295" HPOS="1322"/>
<String CS="1" CONTENT="20&#189;" HEIGHT="41" WIDTH="56" VPOS="3294" HPOS="1375"/>
<String STYLE="superscript" CONTENT="cm" HEIGHT="21" WIDTH="44" VPOS="3298" HPOS="1463"/>
<String CONTENT="." HEIGHT="8" WIDTH="9" VPOS="3327" HPOS="1511"/>
</TextLine>
<TextLine HEIGHT="57" WIDTH="1982" VPOS="3349" HPOS="145">
<String CONTENT="&#169;" HEIGHT="52" WIDTH="52" VPOS="3351" HPOS="145"/>
<SP HEIGHT="52" WIDTH="27" VPOS="3351" HPOS="198"/>
<String CONTENT="Oct." HEIGHT="39" WIDTH="101" VPOS="3355" HPOS="226"/>
<SP HEIGHT="39" WIDTH="26" VPOS="3354" HPOS="328"/>
<String CONTENT="1." HEIGHT="39" WIDTH="39" VPOS="3354" HPOS="355"/>
<SP HEIGHT="40" WIDTH="28" VPOS="3353" HPOS="395"/>
<String CONTENT="1935;" HEIGHT="47" WIDTH="139" VPOS="3351" HPOS="424"/>
<SP HEIGHT="47" WIDTH="29" VPOS="3351" HPOS="564"/>
<String CONTENT="2c." HEIGHT="40" WIDTH="65" VPOS="3351" HPOS="594"/>
<SP HEIGHT="29" WIDTH="30" VPOS="3362" HPOS="660"/>
<String CONTENT="and" HEIGHT="39" WIDTH="94" VPOS="3351" HPOS="691"/>
<SP HEIGHT="39" WIDTH="28" VPOS="3351" HPOS="786"/>
<String CONTENT="aff." HEIGHT="41" WIDTH="80" VPOS="3350" HPOS="815"/>
<SP HEIGHT="40" WIDTH="30" VPOS="3351" HPOS="896"/>
<String CONTENT="Oct." HEIGHT="39" WIDTH="101" VPOS="3351" HPOS="927"/>
<SP HEIGHT="40" WIDTH="28" VPOS="3350" HPOS="1029"/>
<String CONTENT="19;" HEIGHT="47" WIDTH="82" VPOS="3349" HPOS="1058"/>
<SP HEIGHT="45" WIDTH="30" VPOS="3351" HPOS="1141"/>
<!-- cceid 95EAD53F-6D82-1014-B070-FDFD250A9EDA --><String CONTENT="A" HEIGHT="38" WIDTH="41" VPOS="3351" HPOS="1172"/>
<SP HEIGHT="39" WIDTH="27" VPOS="3351" HPOS="1214"/>
<String CONTENT="86866;" HEIGHT="47" WIDTH="169" VPOS="3351" HPOS="1242"/>
<SP HEIGHT="45" WIDTH="31" VPOS="3353" HPOS="1412"/>
<String LANG="fr" CONTENT="W." HEIGHT="39" WIDTH="71" VPOS="3353" HPOS="1444"/>
<SP HEIGHT="39" WIDTH="30" VPOS="3353" HPOS="1516"/>
<String CONTENT="L." HEIGHT="39" WIDTH="49" VPOS="3353" HPOS="1547"/>
<SP HEIGHT="38" WIDTH="29" VPOS="3354" HPOS="1597"/>
<String CONTENT="Park," HEIGHT="47" WIDTH="144" VPOS="3354" HPOS="1627"/>
<SP HEIGHT="45" WIDTH="28" VPOS="3356" HPOS="1772"/>
<String CONTENT="Clare," HEIGHT="50" WIDTH="155" VPOS="3356" HPOS="1801"/>
<SP HEIGHT="46" WIDTH="28" VPOS="3360" HPOS="1957"/>
<String CONTENT="Mich." HEIGHT="39" WIDTH="141" VPOS="3360" HPOS="1986"/>
</TextLine>
<TextLine HEIGHT="48" WIDTH="277" VPOS="3409" HPOS="220">
<String CONTENT="(35-25770)" HEIGHT="48" WIDTH="277" VPOS="3409" HPOS="220"/>
</TextLine>
<TextLine HEIGHT="64" WIDTH="897" VPOS="3511" HPOS="145" STYLEREFS="StyleId-C2AEFC21-15A1-4312-B1CA-B7CA021584A9-">
<String CONTENT="Patterson," HEIGHT="62" WIDTH="332" VPOS="3513" HPOS="145"/>
<SP HEIGHT="63" WIDTH="27" VPOS="3512" HPOS="478"/>
<String CONTENT="Warner" HEIGHT="53" WIDTH="248" VPOS="3512" HPOS="506"/>
<SP HEIGHT="51" WIDTH="27" VPOS="3511" HPOS="755"/>
<String CONTENT="Forrest." HEIGHT="54" WIDTH="259" VPOS="3511" HPOS="783"/>
</TextLine>
<TextLine HEIGHT="79" WIDTH="1912" VPOS="3585" HPOS="214" STYLEREFS="StyleId-812FE406-FBCE-4503-AD82-841AFF56A22C-">
<String CONTENT="Three" HEIGHT="51" WIDTH="182" VPOS="3589" HPOS="214"/>
<SP HEIGHT="34" WIDTH="32" VPOS="3606" HPOS="397"/>
<String CONTENT="centuries" HEIGHT="51" WIDTH="276" VPOS="3588" HPOS="430"/>
<SP HEIGHT="34" WIDTH="35" VPOS="3605" HPOS="707"/>
<String CONTENT="of" HEIGHT="53" WIDTH="63" VPOS="3586" HPOS="743"/>
<SP HEIGHT="51" WIDTH="33" VPOS="3586" HPOS="807"/>
<String CONTENT="French" HEIGHT="51" WIDTH="221" VPOS="3587" HPOS="841"/>
<SP HEIGHT="65" WIDTH="35" VPOS="3587" HPOS="1063"/>
<String CONTENT="poetic" HEIGHT="67" WIDTH="184" VPOS="3585" HPOS="1099"/>
<SP HEIGHT="47" WIDTH="34" VPOS="3592" HPOS="1284"/>
<String CONTENT="theory;" HEIGHT="67" WIDTH="227" VPOS="3587" HPOS="1319"/>
<SP HEIGHT="47" WIDTH="38" VPOS="3607" HPOS="1547"/>
<String CONTENT="a" HEIGHT="33" WIDTH="29" VPOS="3608" HPOS="1586"/>
<SP HEIGHT="34" WIDTH="36" VPOS="3608" HPOS="1616"/>
<String CONTENT="critical" HEIGHT="53" WIDTH="219" VPOS="3592" HPOS="1653"/>
<SP HEIGHT="52" WIDTH="34" VPOS="3594" HPOS="1873"/>
<String CONTENT="history" HEIGHT="69" WIDTH="218" VPOS="3595" HPOS="1908"/>
</TextLine>
<TextLine HEIGHT="73" WIDTH="1982" VPOS="3663" HPOS="146" STYLEREFS="StyleId-812FE406-FBCE-4503-AD82-841AFF56A22C-">
<String CONTENT="of" HEIGHT="51" WIDTH="62" VPOS="3666" HPOS="146"/>
<SP HEIGHT="53" WIDTH="26" VPOS="3666" HPOS="209"/>
<String CONTENT="the" HEIGHT="53" WIDTH="96" VPOS="3666" HPOS="236"/>
<SP HEIGHT="35" WIDTH="28" VPOS="3683" HPOS="333"/>
<String CONTENT="chief" HEIGHT="53" WIDTH="153" VPOS="3664" HPOS="362"/>
<SP HEIGHT="51" WIDTH="32" VPOS="3664" HPOS="516"/>
<String CONTENT="arts" HEIGHT="48" WIDTH="115" VPOS="3668" HPOS="549"/>
<SP HEIGHT="35" WIDTH="30" VPOS="3681" HPOS="665"/>
<String CONTENT="of" HEIGHT="52" WIDTH="63" VPOS="3663" HPOS="696"/>
<SP HEIGHT="66" WIDTH="30" VPOS="3663" HPOS="760"/>
<String CONTENT="poetry" HEIGHT="63" WIDTH="202" VPOS="3666" HPOS="791"/>
<SP HEIGHT="66" WIDTH="29" VPOS="3663" HPOS="994"/>
<String CONTENT="in" HEIGHT="51" WIDTH="63" VPOS="3663" HPOS="1024"/>
<SP HEIGHT="51" WIDTH="30" VPOS="3664" HPOS="1088"/>
<String CONTENT="France" HEIGHT="51" WIDTH="217" VPOS="3664" HPOS="1119"/>
<SP HEIGHT="65" WIDTH="31" VPOS="3664" HPOS="1337"/>
<String CONTENT="(1328-1630)" HEIGHT="70" WIDTH="365" VPOS="3664" HPOS="1369"/>
<SP HEIGHT="66" WIDTH="42" VPOS="3668" HPOS="1735"/>
<String CONTENT="by" HEIGHT="67" WIDTH="75" VPOS="3669" HPOS="1778"/>
<SP HEIGHT="62" WIDTH="31" VPOS="3674" HPOS="1854"/>
<String CONTENT="Warner" HEIGHT="52" WIDTH="242" VPOS="3674" HPOS="1886"/>
</TextLine>
<TextLine HEIGHT="78" WIDTH="1979" VPOS="3739" HPOS="147" STYLEREFS="StyleId-812FE406-FBCE-4503-AD82-841AFF56A22C-" CS="1">
<String CONTENT="Forrest" HEIGHT="52" WIDTH="231" VPOS="3744" HPOS="147"/>
<SP HEIGHT="50" WIDTH="40" VPOS="3744" HPOS="379"/>
<String CONTENT="Patterson" HEIGHT="50" WIDTH="303" VPOS="3744" HPOS="420"/>
<SP HEIGHT="34" WIDTH="50" VPOS="3760" HPOS="724"/>
<String CS="1" CONTENT="&#8230;"/>
<SP HEIGHT="51" WIDTH="78" VPOS="3740" HPOS="832"/>
<String CONTENT="Amn" HEIGHT="51" WIDTH="135" VPOS="3740" HPOS="911"/>
<SP HEIGHT="51" WIDTH="46" VPOS="3741" HPOS="1047"/>
<String CONTENT="Arbor," HEIGHT="67" WIDTH="205" VPOS="3739" HPOS="1094"/>
<SP HEIGHT="64" WIDTH="44" VPOS="3742" HPOS="1300"/>
<String CONTENT="University" HEIGHT="68" WIDTH="336" VPOS="3742" HPOS="1345"/>
<SP HEIGHT="46" WIDTH="43" VPOS="3764" HPOS="1682"/>
<String CONTENT="of" HEIGHT="52" WIDTH="62" VPOS="3746" HPOS="1726"/>
<SP HEIGHT="55" WIDTH="42" VPOS="3746" HPOS="1789"/>
<String CONTENT="Michigan" HEIGHT="68" WIDTH="294" VPOS="3749" HPOS="1832"/>
</TextLine>
<TextLine HEIGHT="64" WIDTH="351" VPOS="3821" HPOS="147" STYLEREFS="StyleId-812FE406-FBCE-4503-AD82-841AFF56A22C-">
<String CONTENT="press," HEIGHT="48" WIDTH="171" VPOS="3837" HPOS="147"/>
<SP HEIGHT="59" WIDTH="29" VPOS="3823" HPOS="319"/>
<String CONTENT="1935." HEIGHT="49" WIDTH="149" VPOS="3821" HPOS="349"/>
</TextLine>
<TextLine HEIGHT="100" WIDTH="1962" VPOS="3884" HPOS="149" CS="1">
<String CONTENT="2" HEIGHT="37" WIDTH="25" VPOS="3888" HPOS="212"/>
<SP HEIGHT="38" WIDTH="27" VPOS="3888" HPOS="238"/>
<String LANG="fr" CONTENT="v." HEIGHT="30" WIDTH="40" VPOS="3898" HPOS="266"/>
<SP HEIGHT="39" WIDTH="49" VPOS="3889" HPOS="307"/>
<String CS="1" CONTENT="front." HEIGHT="38" WIDTH="134" VPOS="3889" HPOS="357"/>
<SP HEIGHT="48" WIDTH="28" VPOS="3886" HPOS="506"/>
<String CONTENT="(port.)" HEIGHT="48" WIDTH="169" VPOS="3886" HPOS="535"/>
<SP HEIGHT="49" WIDTH="59" VPOS="3884" HPOS="705"/>
<String CONTENT="24" HEIGHT="40" WIDTH="57" VPOS="3884" HPOS="765"/>
<String STYLE="superscript" CONTENT="cm" HEIGHT="21" WIDTH="43" VPOS="3887" HPOS="825"/>
<String CONTENT="." HEIGHT="8" WIDTH="7" VPOS="3918" HPOS="872"/>
<SP HEIGHT="48" WIDTH="63" VPOS="3885" HPOS="880"/>
<String CS="1" CONTENT="(Half-title;" HEIGHT="48" WIDTH="273" VPOS="3885" HPOS="944"/>
<SP HEIGHT="41" WIDTH="22" VPOS="3885" HPOS="1241"/>
<String CONTENT="University" HEIGHT="50" WIDTH="282" VPOS="3885" HPOS="1264"/>
<SP HEIGHT="37" WIDTH="22" VPOS="3898" HPOS="1547"/>
<String CONTENT="of" HEIGHT="39" WIDTH="52" VPOS="3889" HPOS="1570"/>
<SP HEIGHT="40" WIDTH="25" VPOS="3889" HPOS="1623"/>
<String CONTENT="Michigan" HEIGHT="48" WIDTH="244" VPOS="3891" HPOS="1649"/>
<SP HEIGHT="37" WIDTH="25" VPOS="3904" HPOS="1894"/>
<String CONTENT="publications." HEIGHT="88" WIDTH="1962" VPOS="3896" HPOS="149"/>
</TextLine>
<TextLine HEIGHT="51" WIDTH="1058" VPOS="3940" HPOS="342" CS="1">
<String CONTENT="Language" HEIGHT="47" WIDTH="259" VPOS="3944" HPOS="342"/>
<SP HEIGHT="30" WIDTH="26" VPOS="3953" HPOS="602"/>
<String CONTENT="and" HEIGHT="39" WIDTH="94" VPOS="3943" HPOS="629"/>
<SP HEIGHT="40" WIDTH="24" VPOS="3942" HPOS="724"/>
<String CONTENT="literature," HEIGHT="41" WIDTH="270" VPOS="3941" HPOS="749"/>
<SP HEIGHT="30" WIDTH="57" VPOS="3951" HPOS="1020"/>
<String CONTENT="vol." HEIGHT="42" WIDTH="92" VPOS="3940" HPOS="1078"/>
<SP HEIGHT="30" WIDTH="24" VPOS="3952" HPOS="1171"/>
<String CS="1" CONTENT="XIV-XV)" HEIGHT="49" WIDTH="120" VPOS="3942" HPOS="1280"/>
</TextLine>
</TextBlock>
</PrintSpace>
</Page>
</Layout>
</alto>