2424 4375
1190 4102 98 49 938

266 473 268 63 Madden,
568 472 293 58 Clarence.

337 547 121 54 The
497 547 352 68 advertising
882 547 64 52 of
980 548 209 66 hotels;
1231 567 69 34 an
1338 549 229 69 inquiry
1603 551 111 52 and
1751 568 147 35 some
1936 552 317 68 suggestive

268 623 469 68 considerations;
769 625 226 53 written
1022 625 94 52 for
1144 625 96 55 the
1268 626 148 53 hotel
1445 627 283 54 executive
1758 628 126 51 who
1910 628 166 53 needs
269 629 1982 126 well-founded
559 700 263 69 opinions
860 701 170 54 about
1067 702 96 54 the
1201 702 561 69 profit-possibilities
1803 704 63 52 of
1904 705 350 69 advertising

269 779 56 51 in
371 778 88 53 his
505 796 125 34 own
675 779 309 67 operation,
1028 779 75 68 by
1151 778 266 55 Clarence
1459 780 267 53 Madden.
1821 780 266 70 Chicago,
2132 782 120 54 The

268 856 169 53 Hotel
469 856 259 68 monthly
757 874 171 50 press,
960 859 149 49 1935.

336 937 28 28 v
394 936 57 37 p.,
481 927 24 38 1
556 958 22 16 l.,
610 926 85 41 136
722 938 42 37 p.
825 927 56 40 20
883 929 42 21 cm
932 959 8 8 .

336 983 265 48 “Chapters
647 985 239 46 appeared
933 986 166 38 month
1147 987 60 46 by
1253 987 165 38 month
1467 988 48 38 in
1563 989 82 38 the
1693 998 144 38 pages
1881 990 51 38 of
1978 991 80 38 the
2105 989 145 41 Hotel

267 1041 218 46 monthly
510 1041 79 38 for
615 1042 170 46 nearly
814 1052 27 29 a
871 1041 263 47 year.”—p.
1163 1042 40 40 2.

263 1111 52 52 ©
347 1116 128 39 June
502 1114 69 47 20,
604 1113 138 43 1935;
778 1114 66 40 2c.
876 1115 116 47 July
1024 1114 80 46 12;
1139 1115 81 40 aff.
1253 1116 115 47 July
1400 1116 81 45 11;
1516 1117 40 38 A
1590 1117 169 47 84615;
1793 1118 126 39 John
1954 1118 158 48 Willy,
2147 1118 104 48 inc.,

332 1172 222 47 Chicago.
625 1171 248 48 (35-9822)

263 1273 238 65 Martin,
528 1275 220 53 Robert
776 1276 273 64 Sanford,
1081 1280 169 50 1900-

334 1352 150 51 How
536 1354 59 49 to
649 1369 179 45 prune
882 1355 235 49 western
1170 1350 219 64 shrubs,
1442 1352 73 59 by
1568 1352 67 51 R.
1692 1350 248 55 Sanford
1998 1354 247 63 Martin;

265 1430 319 52 illustrated
625 1429 75 68 by
740 1430 96 54 the
875 1429 221 52 author.
1170 1429 320 70 Monrovia,
1534 1429 193 70 Calif.,
1768 1432 119 52 The
1932 1433 320 66 News-post

265 1526 169 48 press,
470 1510 148 50 1935.

333 1581 829 48 5 p. l., 15-111 p. illus. 22½ cm .
262 1646 52 52 ©
337 1651 120 39 Mar.
483 1650 68 47 12,
573 1649 139 48 1935;
738 1650 67 40 2c.
830 1651 94 39 and
947 1650 83 40 aff.
1056 1651 125 39 June
1205 1649 81 48 19;
1313 1652 40 37 A
1376 1651 169 47 84326;
1574 1652 54 39 R.
1657 1652 42 40 S.
1726 1651 196 49 Martin,
1950 1653 299 49 Hollywood,

333 1707 144 39 Calif.
548 1707 249 46 (35-9842)

261 1811 308 63 Mathews,
598 1811 246 64 Shailer,
877 1816 169 49 1863-

329 1888 1917 67 Creative Christianity … by Shailer Mathews. Nashville,
258 1965 723 67 Cokesbury press [ c 1935]
330 2036 94 47 167,
461 2038 54 48 [1]
549 2049 43 37 p.
653 2037 55 40 19½
741 2039 42 21 cm
789 2070 8 8 .
868 2037 123 48 (The
1022 2036 113 42 Cole
1166 2038 206 40 lectures
1403 2038 79 40 for
1514 2036 136 50 1934)

259 2105 52 52 ©
339 2111 113 45 May
484 2109 37 45 8,
553 2108 116 40 1935;
723 2107 65 40 2c.
820 2109 112 46 May
960 2108 82 41 31;
1074 2107 81 40 aff.
1185 2109 113 46 May
1328 2106 80 48 29;
1442 2108 40 38 A
1511 2107 168 47 84036;
1712 2107 268 41 Whitmore
2010 2109 37 39 &
2076 2108 169 50 Smith,

326 2165 263 40 Nashville.
661 2162 248 50 (35-9861)

255 2267 207 64 Meigs,
494 2268 205 63 Henry
729 2267 332 64 Benjamin,
1098 2273 322 49 1844-1922.

327 2343 219 52 Record
575 2342 64 53 of
663 2343 95 52 the
784 2343 368 52 descendants
1179 2342 64 53 of
1268 2343 247 53 Vincent
1541 2343 185 67 Meigs
1754 2344 126 51 who
1909 2361 155 34 came
2089 2341 152 53 from

257 2418 1986 71 Dorsetshire, England, to America about 1635 … [Westfield,
255 2497 69 53 N.
356 2498 74 66 J.]
465 2504 17 21 c
488 2501 150 50 1935.

328 2569 1133 49 2 p. l., 230 p. illus. (coat of arms) 29½ cm .
331 2627 130 41 “The
492 2626 106 40 first
631 2627 184 39 edition
851 2627 51 39 of
935 2627 99 39 this
1072 2628 165 38 record
1272 2637 101 29 was
1406 2627 235 46 prepared
1679 2625 60 47 by
1775 2625 167 46 Henry
1980 2625 54 41 B.
2074 2624 166 48 Meigs,

259 2692 101 30 was
393 2683 313 47 copyrighted
740 2684 60 46 by
834 2685 97 38 him
966 2684 48 38 in
1050 2683 126 47 1901,
1213 2684 95 39 and
1342 2683 254 47 published
1632 2684 50 38 in
1718 2681 127 42 1902.
1908 2682 117 40 This
2073 2681 160 48 (1934)

257 2738 182 40 edition
463 2740 89 39 has
575 2739 119 39 been
713 2741 236 45 prepared
977 2739 58 48 by
1061 2739 187 40 Return
1272 2739 247 39 Jonathan
1546 2738 166 48 Meigs,
1736 2738 126 40 9th.”

326 2794 223 41 Includes
575 2795 146 40 blank
745 2806 146 37 pages
916 2796 79 39 for
1021 2795 325 48 genealogical
1372 2796 131 40 data.

326 2852 405 47 Mimeographed.

328 2907 71 40 On
423 2918 165 30 cover:
617 2908 99 40 The
742 2909 152 46 Meigs
920 2908 173 48 family
1119 2910 49 37 in
1196 2908 232 39 America.

255 2963 53 51 ©
335 2967 114 47 July
475 2966 68 48 10,
570 2966 113 40 1935;
737 2966 66 39 2c.
832 2967 95 39 and
954 2964 81 41 aff.
1063 2966 114 47 July
1206 2967 80 44 13;
1316 2967 40 38 A
1384 2965 140 41 84623;
1583 2967 186 39 Return
1797 2967 246 39 Jonathan
2074 2966 165 47 Meigs,

325 3023 261 47 Westfield,
619 3024 56 38 N.
710 3024 42 38 J.
824 3021 248 48 (35-9676)

255 3125 206 63 Miller,
491 3125 242 54 Charles
758 3126 197 62 Jacob,
985 3130 170 48 1886-

388 3200 1847 68 … Notes on marriage and divorce in Massachusetts, by
255 3281 233 54 Charles
513 3282 53 52 J.
594 3281 208 52 Miller.
865 3282 231 62 Boston,
1123 3281 231 65 Eugene
1377 3281 88 52 W.
1493 3279 292 65 Hildreth,
1811 3281 148 48 1935.

325 3353 67 46 iii,
423 3354 83 39 157
537 3364 43 37 p.
640 3354 54 39 23½
727 3355 44 20 cm
777 3385 8 7 .

268 3411 62 38 At
354 3411 123 38 head
501 3410 53 39 of
575 3409 135 40 title:
739 3409 241 46 Marriage
1007 3409 94 38 and
1126 3407 192 40 divorce
1342 3406 149 48 <XIII>
1517 3406 124 40 1934.

324 3460 1909 52 “These notes supplement ‘Notes on marriage and divorce’ … which
253 3524 150 38 ended
437 3522 118 39 with
590 3522 131 40 Coan
756 3533 41 28 v.
834 3522 142 45 Chan,
1012 3520 86 39 264
1131 3521 145 38 Mass.
1312 3519 98 40 291.
1470 3520 153 38 These
1656 3521 135 36 notes
1828 3517 91 40 end
1955 3517 118 39 with
252 3516 1965 102 Rudnick
387 3590 43 28 v.
459 3578 235 45 Rudnick,
727 3579 145 38 Mass.
899 3578 106 38 adv.
1034 3588 70 28 sh.
1142 3575 161 49 (1934)
1340 3575 157 39 2105.”

253 3632 52 52 ©
329 3636 115 47 July
466 3635 68 46 18,
560 3635 112 39 1935;
726 3634 66 39 2c.
818 3635 118 46 Aug.
960 3634 52 46 5;
1041 3632 81 40 aff.
1148 3633 117 46 Aug.
1292 3633 24 38 3;
1370 3633 41 37 A
1436 3630 141 40 85326;
1633 3630 48 40 C.
1710 3631 43 38 J.
1778 3629 172 47 Miller,
1978 3630 195 37 Boston.

251 3753 206 58 Miller,
486 3752 235 55 Samuel
747 3753 60 54 C.

323 3829 157 51 Neon
521 3828 183 68 signs;
749 3827 395 53 manufacture
1161 3858 72 6 —
1251 3824 349 53 installation
1623 3857 70 4 —
1712 3824 403 54 maintenance,
2155 3821 75 66 by

255 3897 1972 63 Samuel C. Miller … and Donald G. Fink … 1st ed. New
255 3984 157 51 York
442 3984 108 50 and
583 3983 255 65 London,
868 3980 425 55 McGraw-Hill
1323 3980 146 51 book
1498 3995 293 49 company,
1823 3975 124 65 inc.,
1981 3979 148 49 1935.
