<alto xmlns="http://www.loc.gov/standards/alto/ns-v3#" xmlns:xsi="http://www.w3.org/2001/XMLSchema-instance" xsi:schemaLocation="http://www.loc.gov/standards/alto/ns-v3# http://www.loc.gov/alto/v3/alto-3-0.xsd"><Description>
<MeasurementUnit>pixel</MeasurementUnit>
<sourceImageInformation>
<fileName>1935_v32_Part1.pdf</fileName>
</sourceImageInformation>
<OCRProcessing ID="IdOcr">
<ocrProcessingStep>
<processingDateTime>2019-01-15</processingDateTime>
<processingSoftware>
<softwareCreator>ABBYY</softwareCreator>
<softwareName>ABBYY Recognition Server</softwareName>
<softwareVersion>4.0</softwareVersion>
</processingSoftware>
</ocrProcessingStep>
</OCRProcessing>
</Description>
<Styles>
<ParagraphStyle ALIGN="Left" FIRSTLINE="0." ID="StyleId-FFFFFFFF-FFFF-FFFF-FFFF-FFFFFFFFFFFF-" LEFT="0." RIGHT="0." />
<ParagraphStyle ALIGN="Left" FIRSTLINE="0." ID="StyleId-09A13A44-4F77-4ABE-84F3-84CC8B3C72CE-" LEFT="0." LINESPACE="7.699999809" RIGHT="0." />
<ParagraphStyle ALIGN="Left" FIRSTLINE="-10." ID="StyleId-1F945060-F8CD-4435-B69A-5FF49DB0C586-" LEFT="0." LINESPACE="12.19999981" RIGHT="0." />
<ParagraphStyle ALIGN="Block" FIRSTLINE="-14." ID="StyleId-C6CAE747-F5A4-4D0D-8D74-D452DA7E2C1C-" LEFT="0." LINESPACE="8.350000381" RIGHT="0." />
<ParagraphStyle ALIGN="Left" FIRSTLINE="0." ID="StyleId-FC0F3374-189A-459E-BE29-2DC14180F022-" LEFT="0." RIGHT="0." />
<ParagraphStyle ALIGN="Left" FIRSTLINE="-12." ID="StyleId-49397C49-A894-4B3E-BA5E-1126226BA375-" LEFT="0." LINESPACE="11.09000015" RIGHT="0." />
<ParagraphStyle ALIGN="Block" FIRSTLINE="-14." ID="StyleId-9E34DD3A-E661-48BD-A3A1-6A3D48346F00-" LEFT="0." LINESPACE="11.09000015" RIGHT="0." />
<ParagraphStyle ALIGN="Left" FIRSTLINE="0." ID="StyleId-56CE54AA-A08B-4BAA-8605-F26020A0E36E-" LEFT="0." LINESPACE="9.399999619" RIGHT="0." />
<ParagraphStyle ALIGN="Left" FIRSTLINE="-11." ID="StyleId-77814FFC-C42F-4AA9-9880-EF33B947DEC8-" LEFT="0." LINESPACE="11.06999969" RIGHT="0." />
<ParagraphStyle ALIGN="Center" FIRSTLINE="0." ID="StyleId-FDE92EC0-67DC-4C7B-8A24-094B12C38B6C-" LEFT="0." LINESPACE="11.30000019" RIGHT="0." />
<ParagraphStyle ALIGN="Left" FIRSTLINE="0." ID="StyleId-65180E3B-4C93-4FB8-81EE-E026DD63DBF3-" LEFT="0." LINESPACE="11.10000038" RIGHT="0." />
<ParagraphStyle ALIGN="Left" FIRSTLINE="0." ID="StyleId-10E885C2-5813-4620-B0AA-0FBA30CF7A32-" LEFT="0." LINESPACE="9.5" RIGHT="0." />
<ParagraphStyle ALIGN="Left" FIRSTLINE="0." ID="StyleId-913C2DB5-9F02-4067-BAF7-0AED37B60BBE-" LEFT="0." LINESPACE="6.099999905" RIGHT="0." />
<ParagraphStyle ALIGN="Left" FIRSTLINE="0." ID="StyleId-9C79A9D2-8F08-4A8F-985D-B00E253ED1E5-" LEFT="0." LINESPACE="4.400000095" RIGHT="0." />
<ParagraphStyle ALIGN="Left" FIRSTLINE="0." ID="StyleId-A41F0407-FEFE-4738-9EC5-E05AFFF62781-" LEFT="0." LINESPACE="7.300000191" RIGHT="0." />
<ParagraphStyle ALIGN="Left" FIRSTLINE="0." ID="StyleId-61D37176-94E8-408D-9B87-01C406CE8AB2-" LEFT="0." LINESPACE="8.050000191" RIGHT="0." />
</Styles>
<Layout>
<Page HEIGHT="4375" ID="Page1189" PHYSICAL_IMG_NR="1189" WIDTH="2424">
<TopMargin HEIGHT="406" HPOS="0" VPOS="0" WIDTH="2424">
</TopMargin>
<LeftMargin HEIGHT="3622" HPOS="0" VPOS="406" WIDTH="53">
</LeftMargin>
<RightMargin HEIGHT="3622" HPOS="2074" VPOS="406" WIDTH="350">
</RightMargin>
<BottomMargin HEIGHT="347" HPOS="0" VPOS="4028" WIDTH="2424">
<TextBlock HEIGHT="70" HPOS="992" ID="Page1189_Block1" LANG="en-US" STYLEREFS="StyleId-C1E08354-0D92-40D5-A239-6BEC3862A5A0-" VPOS="4062" WIDTH="152">
<TextLine HEIGHT="49" HPOS="1002" VPOS="4073" WIDTH="132">
<String CONTENT="1189" HEIGHT="49" HPOS="1002" VPOS="4073" WIDTH="132" />
</TextLine>
</TextBlock>
<GraphicalElement HEIGHT="347" HPOS="0" ID="Page1189_Block2" VPOS="4028" WIDTH="18" />
<GraphicalElement HEIGHT="304" HPOS="20" ID="Page1189_Block3" VPOS="4028" WIDTH="14" />
</BottomMargin>
<PrintSpace HEIGHT="3622" HPOS="53" VPOS="406" WIDTH="2021">
<TextBlock CS="1" HEIGHT="3622" HPOS="53" ID="Page1189_Block4" LANG="en-US" STYLEREFS="StyleId-B5AB450B-D1B7-425E-9C05-334C98EB6E05-" VPOS="406" WIDTH="2021">
<TextLine CS="1" HEIGHT="49" HPOS="141" LANG="fr" VPOS="531" WIDTH="808">
<String CONTENT="2" HEIGHT="38" HPOS="141" VPOS="532" WIDTH="27" />
<SP HEIGHT="47" HPOS="169" VPOS="532" WIDTH="25" />
<String CONTENT="p." HEIGHT="36" HPOS="195" VPOS="543" WIDTH="44" />
<SP />
<String CONTENT="l.," CS="1" />
<SP />
<String CONTENT="vii-xvii," HEIGHT="48" HPOS="344" VPOS="532" WIDTH="216" />
<SP HEIGHT="49" HPOS="561" VPOS="531" WIDTH="27" />
<String CONTENT="339" HEIGHT="41" HPOS="589" VPOS="531" WIDTH="85" />
<SP HEIGHT="47" HPOS="675" VPOS="533" WIDTH="26" />
<String CONTENT="p." HEIGHT="36" HPOS="702" VPOS="544" WIDTH="44" />
<SP HEIGHT="39" HPOS="747" VPOS="533" WIDTH="56" />
<String CONTENT="23" HEIGHT="39" HPOS="804" VPOS="532" WIDTH="56" />
<String CONTENT="&#189;" CS="1" LANG="en-US" />
<String CONTENT="cm" HEIGHT="21" HPOS="892" STYLE="superscript" VPOS="535" WIDTH="44" />
<String CONTENT="." HEIGHT="9" HPOS="940" VPOS="564" WIDTH="9" />
</TextLine>
<TextLine HEIGHT="52" HPOS="145" VPOS="586" WIDTH="1911">
<String CONTENT="&#8220;This" HEIGHT="41" HPOS="145" VPOS="586" WIDTH="146" />
<SP HEIGHT="30" HPOS="292" VPOS="597" WIDTH="19" />
<String CONTENT="material" HEIGHT="39" HPOS="312" VPOS="588" WIDTH="226" />
<SP HEIGHT="39" HPOS="539" VPOS="589" WIDTH="21" />
<String CONTENT="appeared" HEIGHT="48" HPOS="561" VPOS="589" WIDTH="242" />
<SP HEIGHT="40" HPOS="804" VPOS="588" WIDTH="20" />
<String CONTENT="in" HEIGHT="39" HPOS="825" VPOS="588" WIDTH="48" />
<SP HEIGHT="28" HPOS="874" VPOS="600" WIDTH="22" />
<String CONTENT="manuscript," HEIGHT="50" HPOS="897" VPOS="587" WIDTH="314" />
<SP HEIGHT="46" HPOS="1212" VPOS="590" WIDTH="23" />
<String CONTENT="in" HEIGHT="38" HPOS="1236" VPOS="590" WIDTH="48" />
<SP HEIGHT="29" HPOS="1285" VPOS="600" WIDTH="24" />
<String CONTENT="a" HEIGHT="29" HPOS="1310" VPOS="600" WIDTH="27" />
<SP HEIGHT="29" HPOS="1338" VPOS="600" WIDTH="23" />
<String CONTENT="slightly" HEIGHT="49" HPOS="1362" VPOS="589" WIDTH="199" />
<SP HEIGHT="47" HPOS="1562" VPOS="590" WIDTH="21" />
<String CONTENT="different" HEIGHT="42" HPOS="1584" VPOS="589" WIDTH="229" />
<SP HEIGHT="40" HPOS="1814" VPOS="590" WIDTH="21" />
<String CONTENT="form," HEIGHT="48" HPOS="1836" VPOS="590" WIDTH="143" />
<SP HEIGHT="37" HPOS="1980" VPOS="601" WIDTH="21" />
<String CONTENT="as" HEIGHT="30" HPOS="2002" VPOS="601" WIDTH="54" />
</TextLine>
<TextLine HEIGHT="54" HPOS="75" VPOS="639" WIDTH="1981">
<String CONTENT="&#8220;a" HEIGHT="41" HPOS="75" VPOS="643" WIDTH="55" />
<SP HEIGHT="45" HPOS="131" VPOS="639" WIDTH="17" />
<String CONTENT="dissertation" HEIGHT="42" HPOS="161" VPOS="643" WIDTH="315" />
<SP HEIGHT="37" HPOS="477" VPOS="656" WIDTH="26" />
<String CONTENT="presented" HEIGHT="47" HPOS="504" VPOS="646" WIDTH="255" />
<SP HEIGHT="39" HPOS="760" VPOS="646" WIDTH="29" />
<String CONTENT="to" HEIGHT="39" HPOS="790" VPOS="647" WIDTH="49" />
<SP HEIGHT="40" HPOS="840" VPOS="646" WIDTH="28" />
<String CONTENT="the" HEIGHT="40" HPOS="869" VPOS="646" WIDTH="81" />
<SP HEIGHT="42" HPOS="951" VPOS="644" WIDTH="26" />
<String CONTENT="faculty" HEIGHT="49" HPOS="978" VPOS="644" WIDTH="189" />
<SP HEIGHT="36" HPOS="1168" VPOS="657" WIDTH="28" />
<String CONTENT="of" HEIGHT="40" HPOS="1197" VPOS="645" WIDTH="51" />
<SP HEIGHT="40" HPOS="1249" VPOS="645" WIDTH="26" />
<String CONTENT="the" HEIGHT="40" HPOS="1276" VPOS="647" WIDTH="81" />
<SP HEIGHT="39" HPOS="1358" VPOS="648" WIDTH="29" />
<String CONTENT="Graduate" HEIGHT="41" HPOS="1388" VPOS="646" WIDTH="249" />
<SP HEIGHT="31" HPOS="1638" VPOS="656" WIDTH="27" />
<String CONTENT="school" HEIGHT="40" HPOS="1666" VPOS="648" WIDTH="162" />
<SP HEIGHT="40" HPOS="1829" VPOS="648" WIDTH="29" />
<String CONTENT="of" HEIGHT="40" HPOS="1859" VPOS="648" WIDTH="52" />
<SP HEIGHT="39" HPOS="1912" VPOS="648" WIDTH="26" />
<String CONTENT="Yale" HEIGHT="41" HPOS="1939" VPOS="648" WIDTH="117" />
</TextLine>
<TextLine HEIGHT="55" HPOS="76" VPOS="699" WIDTH="1983">
<String CONTENT="university," HEIGHT="49" HPOS="76" VPOS="699" WIDTH="280" />
<SP HEIGHT="47" HPOS="357" VPOS="701" WIDTH="25" />
<String CONTENT="in" HEIGHT="39" HPOS="383" VPOS="701" WIDTH="49" />
<SP HEIGHT="29" HPOS="433" VPOS="711" WIDTH="25" />
<String CONTENT="candidacy" HEIGHT="47" HPOS="459" VPOS="700" WIDTH="266" />
<SP HEIGHT="46" HPOS="726" VPOS="701" WIDTH="25" />
<String CONTENT="for" HEIGHT="40" HPOS="752" VPOS="701" WIDTH="77" />
<SP HEIGHT="37" HPOS="830" VPOS="704" WIDTH="24" />
<String CONTENT="the" HEIGHT="40" HPOS="855" VPOS="702" WIDTH="80" />
<SP HEIGHT="40" HPOS="936" VPOS="702" WIDTH="24" />
<String CONTENT="degree" HEIGHT="48" HPOS="961" VPOS="702" WIDTH="171" />
<SP HEIGHT="31" HPOS="1133" VPOS="712" WIDTH="27" />
<String CONTENT="of" HEIGHT="41" HPOS="1161" VPOS="702" WIDTH="51" />
<SP HEIGHT="39" HPOS="1213" VPOS="702" WIDTH="23" />
<String CONTENT="doctor" HEIGHT="40" HPOS="1237" VPOS="702" WIDTH="167" />
<SP HEIGHT="30" HPOS="1405" VPOS="713" WIDTH="25" />
<String CONTENT="of" HEIGHT="41" HPOS="1431" VPOS="702" WIDTH="52" />
<SP HEIGHT="49" HPOS="1484" VPOS="702" WIDTH="22" />
<String CONTENT="philosophy" HEIGHT="50" HPOS="1507" VPOS="702" WIDTH="286" />
<SP HEIGHT="38" HPOS="1794" VPOS="715" WIDTH="29" />
<String CONTENT="[1933]&#8221;&#8212;" HEIGHT="50" HPOS="1824" VPOS="704" WIDTH="235" />
</TextLine>
<TextLine HEIGHT="40" HPOS="75" VPOS="758" WIDTH="268">
<String CONTENT="Foreword." HEIGHT="40" HPOS="75" VPOS="758" WIDTH="268" />
</TextLine>
<TextLine CS="1" HEIGHT="50" HPOS="142" VPOS="812" WIDTH="704">
<String CONTENT="Bibliography;" CS="1" HEIGHT="50" HPOS="142" VPOS="812" WIDTH="346" />
<SP HEIGHT="38" HPOS="516" VPOS="824" WIDTH="35" />
<String CONTENT="p." HEIGHT="38" HPOS="552" VPOS="824" WIDTH="43" />
<SP HEIGHT="41" HPOS="596" VPOS="812" WIDTH="33" />
<String CONTENT="306-322." HEIGHT="42" HPOS="630" VPOS="812" WIDTH="216" />
</TextLine>
<TextLine CS="1" HEIGHT="109" HPOS="77" VPOS="880" WIDTH="1966">
<String CONTENT="&#169;" HEIGHT="53" HPOS="77" VPOS="880" WIDTH="51" />
<SP HEIGHT="53" HPOS="129" VPOS="880" WIDTH="25" />
<String CONTENT="June" HEIGHT="39" HPOS="155" VPOS="885" WIDTH="124" />
<SP HEIGHT="39" HPOS="280" VPOS="884" WIDTH="25" />
<String CONTENT="29," HEIGHT="45" HPOS="306" VPOS="884" WIDTH="68" />
<SP HEIGHT="44" HPOS="375" VPOS="885" WIDTH="27" />
<String CONTENT="1935;" CS="1" HEIGHT="40" HPOS="403" VPOS="883" WIDTH="116" />
<SP HEIGHT="46" HPOS="544" VPOS="884" WIDTH="28" />
<String CONTENT="2c." HEIGHT="39" HPOS="573" VPOS="884" WIDTH="67" />
<SP HEIGHT="39" HPOS="641" VPOS="884" WIDTH="26" />
<String CONTENT="Aug." HEIGHT="47" HPOS="668" VPOS="884" WIDTH="118" />
<SP HEIGHT="39" HPOS="787" VPOS="883" WIDTH="29" />
<String CONTENT="12;" CS="1" HEIGHT="39" HPOS="817" VPOS="883" WIDTH="55" />
<SP HEIGHT="35" HPOS="899" VPOS="894" WIDTH="30" />
<String CONTENT="aff." HEIGHT="40" HPOS="930" VPOS="883" WIDTH="81" />
<SP HEIGHT="38" HPOS="1012" VPOS="884" WIDTH="28" />
<String CONTENT="Aug." HEIGHT="47" HPOS="1041" VPOS="884" WIDTH="118" />
<SP HEIGHT="37" HPOS="1160" VPOS="885" WIDTH="29" />
<String CONTENT="10;" CS="1" HEIGHT="40" HPOS="1190" VPOS="883" WIDTH="58" />
<SP HEIGHT="45" HPOS="1272" VPOS="885" WIDTH="30" />
<String CONTENT="A" HEIGHT="38" HPOS="1303" VPOS="885" WIDTH="43" />
<SP HEIGHT="39" HPOS="1347" VPOS="885" WIDTH="25" />
<String CONTENT="85437;" CS="1" HEIGHT="40" HPOS="1373" VPOS="885" WIDTH="144" />
<SP HEIGHT="46" HPOS="1544" VPOS="886" WIDTH="29" />
<String CONTENT="T." HEIGHT="39" HPOS="1574" LANG="fr" VPOS="886" WIDTH="52" />
<SP HEIGHT="39" HPOS="1627" VPOS="886" WIDTH="26" />
<String CONTENT="L." HEIGHT="39" HPOS="1654" VPOS="886" WIDTH="52" />
<SP HEIGHT="39" HPOS="1707" VPOS="886" WIDTH="28" />
<String CONTENT="Relier," HEIGHT="47" HPOS="1736" LANG="fr" VPOS="886" WIDTH="176" />
<SP HEIGHT="46" HPOS="1913" VPOS="887" WIDTH="27" />
<String CONTENT="Hatfield," HEIGHT="103" HPOS="142" VPOS="886" WIDTH="1901" />
<SP HEIGHT="47" HPOS="269" VPOS="942" WIDTH="27" />
<String CONTENT="Pa." HEIGHT="38" HPOS="297" VPOS="942" WIDTH="81" />
<SP HEIGHT="47" HPOS="379" VPOS="941" WIDTH="73" />
<String CONTENT="(35-14858)" CS="1" HEIGHT="48" HPOS="453" VPOS="940" WIDTH="278" />
</TextLine>
<TextLine HEIGHT="64" HPOS="73" STYLEREFS="StyleId-02431BC3-183E-4225-89D0-6B36BAF0BCDA-" VPOS="1043" WIDTH="692">
<String CONTENT="Reuss," HEIGHT="64" HPOS="73" VPOS="1043" WIDTH="206" />
<SP HEIGHT="64" HPOS="280" VPOS="1043" WIDTH="25" />
<String CONTENT="August," HEIGHT="64" HPOS="306" VPOS="1043" WIDTH="257" />
<SP HEIGHT="58" HPOS="564" VPOS="1049" WIDTH="32" />
<String CONTENT="1879-" HEIGHT="54" HPOS="597" VPOS="1044" WIDTH="168" />
</TextLine>
<TextLine HEIGHT="69" HPOS="145" STYLEREFS="StyleId-0895A812-18D0-4DBF-9B23-F12354CEC37D-" VPOS="1118" WIDTH="1913">
<String CONTENT="S&#228;uglingskrankheiten," HEIGHT="69" HPOS="145" LANG="de" VPOS="1118" WIDTH="703" />
<SP HEIGHT="46" HPOS="849" VPOS="1139" WIDTH="59" />
<String CONTENT="von" HEIGHT="34" HPOS="909" LANG="en-US" VPOS="1139" WIDTH="111" />
<SP HEIGHT="48" HPOS="1021" VPOS="1139" WIDTH="56" />
<String CONTENT="professor" HEIGHT="67" HPOS="1078" LANG="en-US" VPOS="1120" WIDTH="288" />
<SP HEIGHT="52" HPOS="1367" VPOS="1121" WIDTH="60" />
<String CONTENT="dr." HEIGHT="53" HPOS="1428" LANG="en-US" VPOS="1121" WIDTH="84" />
<SP HEIGHT="53" HPOS="1513" VPOS="1121" WIDTH="59" />
<String CONTENT="August" HEIGHT="66" HPOS="1573" LANG="en-US" VPOS="1121" WIDTH="231" />
<SP HEIGHT="52" HPOS="1805" VPOS="1124" WIDTH="55" />
<String CONTENT="Reuss." HEIGHT="53" HPOS="1861" LANG="en-US" VPOS="1124" WIDTH="197" />
</TextLine>
<TextLine HEIGHT="68" HPOS="74" STYLEREFS="StyleId-0895A812-18D0-4DBF-9B23-F12354CEC37D-" VPOS="1195" WIDTH="1146">
<String CONTENT="Wien" HEIGHT="54" HPOS="74" LANG="de" VPOS="1196" WIDTH="163" />
<SP HEIGHT="34" HPOS="238" VPOS="1215" WIDTH="26" />
<String CONTENT="und" HEIGHT="52" HPOS="265" LANG="de" VPOS="1197" WIDTH="117" />
<SP HEIGHT="52" HPOS="383" VPOS="1197" WIDTH="25" />
<String CONTENT="Berlin," HEIGHT="65" HPOS="409" LANG="en-US" VPOS="1196" WIDTH="217" />
<SP HEIGHT="65" HPOS="627" VPOS="1196" WIDTH="27" />
<String CONTENT="J." HEIGHT="55" HPOS="655" LANG="en-US" VPOS="1196" WIDTH="57" />
<SP HEIGHT="54" HPOS="713" VPOS="1197" WIDTH="29" />
<String CONTENT="Springer," HEIGHT="68" HPOS="743" LANG="en-US" VPOS="1195" WIDTH="296" />
<SP HEIGHT="60" HPOS="1040" VPOS="1201" WIDTH="28" />
<String CONTENT="1935." HEIGHT="51" HPOS="1069" LANG="en-US" VPOS="1200" WIDTH="151" />
</TextLine>
<TextLine CS="1" HEIGHT="55" HPOS="143" VPOS="1267" WIDTH="1906">
<String CONTENT="vi," HEIGHT="49" HPOS="143" LANG="en-US" VPOS="1267" WIDTH="62" />
<SP HEIGHT="48" HPOS="206" VPOS="1268" WIDTH="32" />
<String CONTENT="233," HEIGHT="48" HPOS="239" LANG="en-US" VPOS="1268" WIDTH="99" />
<SP HEIGHT="30" HPOS="339" VPOS="1289" WIDTH="35" />
<String CONTENT="[1]" HEIGHT="48" HPOS="375" LANG="en-US" VPOS="1271" WIDTH="55" />
<SP HEIGHT="38" HPOS="431" VPOS="1280" WIDTH="34" />
<String CONTENT="p." HEIGHT="37" HPOS="466" LANG="en-US" VPOS="1280" WIDTH="43" />
<SP HEIGHT="41" HPOS="510" VPOS="1267" WIDTH="57" />
<String CONTENT="21" HEIGHT="40" HPOS="568" LANG="en-US" VPOS="1267" WIDTH="57" />
<String CONTENT="cm" HEIGHT="22" HPOS="628" LANG="en-US" STYLE="superscript" VPOS="1270" WIDTH="44" />
<String CONTENT="." HEIGHT="8" HPOS="675" LANG="en-US" VPOS="1299" WIDTH="9" />
<SP HEIGHT="47" HPOS="685" VPOS="1269" WIDTH="70" />
<String CONTENT="(On" HEIGHT="47" HPOS="756" LANG="en-US" VPOS="1269" WIDTH="98" />
<SP HEIGHT="29" HPOS="855" VPOS="1279" WIDTH="31" />
<String CONTENT="cover;" CS="1" HEIGHT="31" HPOS="887" LANG="en-US" VPOS="1278" WIDTH="141" />
<SP HEIGHT="39" HPOS="1051" VPOS="1269" WIDTH="32" />
<String CONTENT="Biicher" HEIGHT="42" HPOS="1084" LANG="en-US" VPOS="1269" WIDTH="189" />
<SP HEIGHT="40" HPOS="1274" VPOS="1270" WIDTH="33" />
<String CONTENT="der" HEIGHT="41" HPOS="1308" LANG="de" VPOS="1270" WIDTH="83" />
<SP HEIGHT="40" HPOS="1392" VPOS="1270" WIDTH="32" />
<String CONTENT="&#228;rztlichen" HEIGHT="42" HPOS="1425" LANG="de" VPOS="1270" WIDTH="269" />
<SP HEIGHT="38" HPOS="1695" VPOS="1282" WIDTH="30" />
<String CONTENT="praxis." HEIGHT="48" HPOS="1726" LANG="en-US" VPOS="1272" WIDTH="184" />
<SP HEIGHT="41" HPOS="1911" VPOS="1272" WIDTH="56" />
<String CONTENT="41)" HEIGHT="50" HPOS="1968" LANG="en-US" VPOS="1272" WIDTH="81" />
</TextLine>
<TextLine CS="1" HEIGHT="53" HPOS="77" VPOS="1337" WIDTH="1791">
<String CONTENT="&#169;" HEIGHT="53" HPOS="77" VPOS="1337" WIDTH="51" />
<SP HEIGHT="53" HPOS="129" VPOS="1337" WIDTH="25" />
<String CONTENT="Jan." HEIGHT="39" HPOS="155" VPOS="1342" WIDTH="109" />
<SP HEIGHT="38" HPOS="265" VPOS="1342" WIDTH="26" />
<String CONTENT="10," HEIGHT="48" HPOS="292" VPOS="1340" WIDTH="69" />
<SP HEIGHT="48" HPOS="362" VPOS="1340" WIDTH="26" />
<String CONTENT="1935;" HEIGHT="48" HPOS="389" VPOS="1340" WIDTH="141" />
<SP />
<String CONTENT="1c." CS="1" />
<SP />
<String CONTENT="June" HEIGHT="39" HPOS="655" VPOS="1341" WIDTH="129" />
<SP HEIGHT="39" HPOS="785" VPOS="1341" WIDTH="21" />
<String CONTENT="5;" HEIGHT="46" HPOS="807" VPOS="1341" WIDTH="52" />
<SP HEIGHT="46" HPOS="860" VPOS="1341" WIDTH="27" />
<String CONTENT="A-Foreign" HEIGHT="50" HPOS="888" VPOS="1339" WIDTH="312" />
<SP HEIGHT="39" HPOS="1201" VPOS="1341" WIDTH="25" />
<String CONTENT="28099;" CS="1" HEIGHT="42" HPOS="1227" VPOS="1340" WIDTH="143" />
<SP HEIGHT="41" HPOS="1404" VPOS="1340" WIDTH="25" />
<String CONTENT="Julius" HEIGHT="40" HPOS="1430" VPOS="1342" WIDTH="165" />
<SP HEIGHT="40" HPOS="1596" VPOS="1343" WIDTH="28" />
<String CONTENT="Springer." HEIGHT="47" HPOS="1625" VPOS="1343" WIDTH="243" />
</TextLine>
<TextLine HEIGHT="49" HPOS="154" VPOS="1397" WIDTH="278">
<String CONTENT="(35-14698)" HEIGHT="49" HPOS="154" VPOS="1397" WIDTH="278" />
</TextLine>
<TextLine HEIGHT="65" HPOS="77" STYLEREFS="StyleId-02431BC3-183E-4225-89D0-6B36BAF0BCDA-" VPOS="1500" WIDTH="833">
<String CONTENT="Reuter," HEIGHT="65" HPOS="77" VPOS="1500" WIDTH="235" />
<SP HEIGHT="64" HPOS="313" VPOS="1501" WIDTH="28" />
<String CONTENT="Frederick" HEIGHT="54" HPOS="342" VPOS="1500" WIDTH="314" />
<SP HEIGHT="53" HPOS="657" VPOS="1500" WIDTH="26" />
<String CONTENT="Albert." HEIGHT="56" HPOS="684" VPOS="1500" WIDTH="226" />
</TextLine>
<TextLine CS="1" HEIGHT="69" HPOS="145" STYLEREFS="StyleId-0895A812-18D0-4DBF-9B23-F12354CEC37D-" VPOS="1576" WIDTH="1914">
<String CONTENT="Our" HEIGHT="54" HPOS="145" VPOS="1576" WIDTH="121" />
<SP HEIGHT="52" HPOS="267" VPOS="1577" WIDTH="31" />
<String CONTENT="boys;" CS="1" HEIGHT="65" HPOS="299" VPOS="1577" WIDTH="137" />
<SP HEIGHT="59" HPOS="466" VPOS="1583" WIDTH="32" />
<String CONTENT="talks" HEIGHT="54" HPOS="499" VPOS="1578" WIDTH="151" />
<SP HEIGHT="50" HPOS="651" VPOS="1582" WIDTH="29" />
<String CONTENT="to" HEIGHT="49" HPOS="681" VPOS="1582" WIDTH="58" />
<SP HEIGHT="53" HPOS="740" VPOS="1578" WIDTH="30" />
<String CONTENT="boys" HEIGHT="64" HPOS="771" VPOS="1578" WIDTH="136" />
<SP HEIGHT="34" HPOS="908" VPOS="1597" WIDTH="32" />
<String CONTENT="and" HEIGHT="52" HPOS="941" VPOS="1578" WIDTH="112" />
<SP HEIGHT="65" HPOS="1054" VPOS="1578" WIDTH="31" />
<String CONTENT="young" HEIGHT="47" HPOS="1086" VPOS="1596" WIDTH="193" />
<SP HEIGHT="46" HPOS="1280" VPOS="1597" WIDTH="27" />
<String CONTENT="men" HEIGHT="34" HPOS="1308" VPOS="1597" WIDTH="128" />
<SP HEIGHT="34" HPOS="1437" VPOS="1597" WIDTH="30" />
<String CONTENT="on" HEIGHT="34" HPOS="1468" VPOS="1597" WIDTH="72" />
<SP HEIGHT="56" HPOS="1541" VPOS="1578" WIDTH="31" />
<String CONTENT="Catholic" HEIGHT="56" HPOS="1573" VPOS="1578" WIDTH="262" />
<SP HEIGHT="34" HPOS="1836" VPOS="1599" WIDTH="30" />
<String CONTENT="ethics," HEIGHT="65" HPOS="1867" VPOS="1580" WIDTH="192" />
</TextLine>
<TextLine CS="1" HEIGHT="146" HPOS="73" STYLEREFS="StyleId-0895A812-18D0-4DBF-9B23-F12354CEC37D-" VPOS="1652" WIDTH="1959">
<String CONTENT="by" HEIGHT="67" HPOS="76" VPOS="1652" WIDTH="74" />
<SP HEIGHT="66" HPOS="151" VPOS="1653" WIDTH="44" />
<String CONTENT="Rev." HEIGHT="53" HPOS="196" VPOS="1653" WIDTH="139" />
<SP HEIGHT="53" HPOS="336" VPOS="1653" WIDTH="48" />
<String CONTENT="Frederick" HEIGHT="55" HPOS="385" VPOS="1652" WIDTH="309" />
<SP HEIGHT="52" HPOS="695" VPOS="1653" WIDTH="44" />
<String CONTENT="A." HEIGHT="54" HPOS="740" VPOS="1653" WIDTH="71" />
<SP HEIGHT="53" HPOS="812" VPOS="1654" WIDTH="47" />
<String CONTENT="Reuter" HEIGHT="53" HPOS="860" VPOS="1654" WIDTH="213" />
<SP HEIGHT="33" HPOS="1074" VPOS="1674" WIDTH="51" />
<String CONTENT="&#8230;" HEIGHT="10" HPOS="1126" VPOS="1697" WIDTH="56" />
<SP HEIGHT="52" HPOS="1183" VPOS="1655" WIDTH="85" />
<String CONTENT="New" HEIGHT="52" HPOS="1269" VPOS="1655" WIDTH="138" />
<SP HEIGHT="54" HPOS="1408" VPOS="1653" WIDTH="50" />
<String CONTENT="York" HEIGHT="55" HPOS="1459" VPOS="1653" WIDTH="162" />
<SP HEIGHT="53" HPOS="1622" VPOS="1655" WIDTH="44" />
<String CONTENT="and" HEIGHT="52" HPOS="1667" VPOS="1656" WIDTH="114" />
<SP HEIGHT="55" HPOS="1782" VPOS="1655" WIDTH="48" />
<String CONTENT="Cincinnati," HEIGHT="142" HPOS="73" VPOS="1655" WIDTH="1959" />
<SP HEIGHT="67" HPOS="212" VPOS="1730" WIDTH="28" />
<String CONTENT="F." HEIGHT="53" HPOS="241" VPOS="1730" WIDTH="66" />
<SP HEIGHT="53" HPOS="308" VPOS="1730" WIDTH="26" />
<String CONTENT="Pustet" HEIGHT="53" HPOS="335" LANG="de" VPOS="1730" WIDTH="202" />
<SP HEIGHT="48" HPOS="538" VPOS="1735" WIDTH="26" />
<String CONTENT="co." HEIGHT="36" HPOS="565" LANG="ru" VPOS="1748" WIDTH="79" />
<SP HEIGHT="68" HPOS="645" VPOS="1729" WIDTH="32" />
<String CONTENT="(inc.)" HEIGHT="69" HPOS="678" VPOS="1729" WIDTH="161" />
<SP HEIGHT="68" HPOS="840" VPOS="1730" WIDTH="40" />
<String CONTENT="1935." HEIGHT="49" HPOS="881" VPOS="1734" WIDTH="149" />
</TextLine>
<TextLine CS="1" HEIGHT="52" HPOS="143" STYLEREFS="StyleId-0895A812-18D0-4DBF-9B23-F12354CEC37D-" VPOS="1800" WIDTH="475">
<String CONTENT="xii," HEIGHT="50" HPOS="143" VPOS="1801" WIDTH="84" />
<SP HEIGHT="50" HPOS="228" VPOS="1801" WIDTH="26" />
<String CONTENT="284" HEIGHT="43" HPOS="255" VPOS="1801" WIDTH="88" />
<SP HEIGHT="50" HPOS="344" VPOS="1802" WIDTH="25" />
<String CONTENT="p." HEIGHT="38" HPOS="370" VPOS="1814" WIDTH="44" />
<SP HEIGHT="42" HPOS="415" VPOS="1800" WIDTH="56" />
<String CONTENT="22&#189;" CS="1" HEIGHT="41" HPOS="472" VPOS="1800" WIDTH="56" />
<String CONTENT="cm" HEIGHT="22" HPOS="561" STYLE="superscript" VPOS="1804" WIDTH="45" />
<String CONTENT="." HEIGHT="10" HPOS="608" VPOS="1834" WIDTH="10" />
</TextLine>
<TextLine CS="1" HEIGHT="50" HPOS="144" VPOS="1859" WIDTH="548">
<String CONTENT="Bibliography;" CS="1" HEIGHT="49" HPOS="144" VPOS="1859" WIDTH="345" />
<SP HEIGHT="39" HPOS="519" VPOS="1870" WIDTH="30" />
<String CONTENT="p." HEIGHT="38" HPOS="550" VPOS="1871" WIDTH="44" />
<SP HEIGHT="41" HPOS="595" VPOS="1859" WIDTH="29" />
<String CONTENT="ix." HEIGHT="42" HPOS="625" VPOS="1859" WIDTH="67" />
</TextLine>
<TextLine CS="1" HEIGHT="53" HPOS="77" VPOS="1913" WIDTH="1984">
<String CONTENT="&#169;." HEIGHT="53" HPOS="77" VPOS="1913" WIDTH="53" />
<SP HEIGHT="39" HPOS="131" VPOS="1917" WIDTH="25" />
<String CONTENT="Aug." HEIGHT="48" HPOS="157" VPOS="1917" WIDTH="120" />
<SP HEIGHT="41" HPOS="278" VPOS="1916" WIDTH="28" />
<String CONTENT="26," HEIGHT="48" HPOS="307" VPOS="1916" WIDTH="70" />
<SP HEIGHT="46" HPOS="378" VPOS="1918" WIDTH="31" />
<String CONTENT="1935;" CS="1" HEIGHT="40" HPOS="410" VPOS="1916" WIDTH="116" />
<SP HEIGHT="47" HPOS="551" VPOS="1917" WIDTH="33" />
<String CONTENT="2c." HEIGHT="39" HPOS="585" VPOS="1917" WIDTH="66" />
<SP HEIGHT="29" HPOS="652" VPOS="1927" WIDTH="33" />
<String CONTENT="and" HEIGHT="38" HPOS="686" VPOS="1918" WIDTH="96" />
<SP HEIGHT="38" HPOS="783" VPOS="1918" WIDTH="31" />
<String CONTENT="aff." HEIGHT="40" HPOS="815" VPOS="1916" WIDTH="79" />
<SP HEIGHT="39" HPOS="895" VPOS="1917" WIDTH="33" />
<String CONTENT="Aug." HEIGHT="47" HPOS="929" VPOS="1917" WIDTH="119" />
<SP HEIGHT="39" HPOS="1049" VPOS="1917" WIDTH="34" />
<String CONTENT="28;" HEIGHT="47" HPOS="1084" VPOS="1917" WIDTH="82" />
<SP HEIGHT="47" HPOS="1167" VPOS="1917" WIDTH="33" />
<String CONTENT="A" HEIGHT="39" HPOS="1201" VPOS="1917" WIDTH="42" />
<SP HEIGHT="39" HPOS="1244" VPOS="1917" WIDTH="30" />
<String CONTENT="85661;" HEIGHT="48" HPOS="1275" VPOS="1916" WIDTH="170" />
<SP HEIGHT="47" HPOS="1446" VPOS="1917" WIDTH="33" />
<String CONTENT="Frederick" HEIGHT="42" HPOS="1480" VPOS="1916" WIDTH="263" />
<SP HEIGHT="38" HPOS="1744" VPOS="1918" WIDTH="30" />
<String CONTENT="Pustet" HEIGHT="41" HPOS="1775" LANG="de" VPOS="1919" WIDTH="173" />
<SP HEIGHT="38" HPOS="1949" VPOS="1922" WIDTH="29" />
<String CONTENT="co.," HEIGHT="36" HPOS="1979" LANG="ru" VPOS="1930" WIDTH="82" />
</TextLine>
<TextLine HEIGHT="50" HPOS="145" VPOS="1972" WIDTH="437">
<String CONTENT="inc." HEIGHT="41" HPOS="145" VPOS="1973" WIDTH="90" />
<SP HEIGHT="49" HPOS="236" VPOS="1973" WIDTH="67" />
<String CONTENT="(35-14988)" HEIGHT="50" HPOS="304" VPOS="1972" WIDTH="278" />
</TextLine>
<TextLine HEIGHT="64" HPOS="78" STYLEREFS="StyleId-02431BC3-183E-4225-89D0-6B36BAF0BCDA-" VPOS="2075" WIDTH="622">
<String CONTENT="Romaine," HEIGHT="64" HPOS="78" LANG="de" VPOS="2075" WIDTH="297" />
<SP HEIGHT="62" HPOS="376" VPOS="2077" WIDTH="28" />
<String CONTENT="Florence." HEIGHT="56" HPOS="405" LANG="en-US" VPOS="2076" WIDTH="295" />
</TextLine>
<TextLine CS="1" HEIGHT="68" HPOS="146" STYLEREFS="StyleId-0895A812-18D0-4DBF-9B23-F12354CEC37D-" VPOS="2152" WIDTH="1728">
<String CONTENT="The" HEIGHT="53" HPOS="146" VPOS="2152" WIDTH="119" />
<SP HEIGHT="53" HPOS="266" VPOS="2152" WIDTH="23" />
<String CONTENT="Flute" HEIGHT="53" HPOS="290" VPOS="2152" WIDTH="169" />
<SP HEIGHT="51" HPOS="460" VPOS="2154" WIDTH="25" />
<String CONTENT="Boy" HEIGHT="65" HPOS="486" VPOS="2154" WIDTH="127" />
<SP HEIGHT="48" HPOS="614" VPOS="2171" WIDTH="23" />
<String CONTENT="of" HEIGHT="53" HPOS="638" VPOS="2153" WIDTH="63" />
<SP HEIGHT="53" HPOS="702" VPOS="2153" WIDTH="23" />
<String CONTENT="the" HEIGHT="53" HPOS="726" VPOS="2153" WIDTH="96" />
<SP HEIGHT="54" HPOS="823" VPOS="2152" WIDTH="22" />
<String CONTENT="Navajos" HEIGHT="67" HPOS="846" VPOS="2152" WIDTH="253" />
<SP HEIGHT="46" HPOS="1100" VPOS="2174" WIDTH="29" />
<String CONTENT="[by]" HEIGHT="67" HPOS="1130" VPOS="2153" WIDTH="111" />
<SP HEIGHT="66" HPOS="1242" VPOS="2154" WIDTH="28" />
<String CONTENT="Florence" HEIGHT="53" HPOS="1271" VPOS="2154" WIDTH="272" />
<SP HEIGHT="52" HPOS="1544" VPOS="2154" WIDTH="23" />
<String CONTENT="Romaine;" HEIGHT="65" HPOS="1568" LANG="de" VPOS="2154" WIDTH="306" />
</TextLine>
<TextLine CS="1" HEIGHT="141" HPOS="78" STYLEREFS="StyleId-0895A812-18D0-4DBF-9B23-F12354CEC37D-" VPOS="2155" WIDTH="1982">
<String CONTENT="illustrated" HEIGHT="127" HPOS="78" VPOS="2155" WIDTH="1958" />
<SP HEIGHT="53" HPOS="264" VPOS="2229" WIDTH="38" />
<String CONTENT="by" HEIGHT="67" HPOS="303" VPOS="2229" WIDTH="76" />
<SP HEIGHT="68" HPOS="380" VPOS="2228" WIDTH="37" />
<String CONTENT="Nils" HEIGHT="56" HPOS="418" VPOS="2228" WIDTH="128" />
<SP HEIGHT="54" HPOS="547" VPOS="2230" WIDTH="39" />
<String CONTENT="Hogner" HEIGHT="66" HPOS="587" VPOS="2230" WIDTH="237" />
<SP HEIGHT="32" HPOS="825" VPOS="2251" WIDTH="43" />
<String CONTENT="&#8230;" HEIGHT="10" HPOS="869" VPOS="2273" WIDTH="56" />
<SP HEIGHT="53" HPOS="926" VPOS="2230" WIDTH="77" />
<String CONTENT="New" HEIGHT="54" HPOS="1004" VPOS="2230" WIDTH="141" />
<SP HEIGHT="53" HPOS="1146" VPOS="2231" WIDTH="38" />
<String CONTENT="York," HEIGHT="66" HPOS="1185" VPOS="2230" WIDTH="179" />
<SP HEIGHT="65" HPOS="1365" VPOS="2231" WIDTH="38" />
<String CONTENT="T." HEIGHT="53" HPOS="1404" VPOS="2231" WIDTH="67" />
<SP HEIGHT="53" HPOS="1472" VPOS="2231" WIDTH="37" />
<String CONTENT="Nelson" HEIGHT="53" HPOS="1510" VPOS="2231" WIDTH="212" />
<SP HEIGHT="34" HPOS="1723" VPOS="2250" WIDTH="39" />
<String CONTENT="and" HEIGHT="52" HPOS="1763" VPOS="2232" WIDTH="112" />
<SP HEIGHT="52" HPOS="1876" VPOS="2232" WIDTH="37" />
<String CONTENT="sons," HEIGHT="45" HPOS="1914" VPOS="2251" WIDTH="146" />
</TextLine>
<TextLine HEIGHT="52" HPOS="79" STYLEREFS="StyleId-0895A812-18D0-4DBF-9B23-F12354CEC37D-" VPOS="2309" WIDTH="148">
<String CONTENT="1935." HEIGHT="52" HPOS="79" VPOS="2309" WIDTH="148" />
</TextLine>
<TextLine CS="1" HEIGHT="52" HPOS="144" VPOS="2377" WIDTH="1797">
<String CONTENT="4" HEIGHT="38" HPOS="144" VPOS="2378" WIDTH="29" />
<SP HEIGHT="48" HPOS="174" VPOS="2378" WIDTH="26" />
<String CONTENT="p." HEIGHT="38" HPOS="201" VPOS="2388" WIDTH="44" />
<SP />
<String CONTENT="l.," CS="1" />
<SP />
<String CONTENT="11-80" HEIGHT="42" HPOS="351" VPOS="2377" WIDTH="143" />
<SP HEIGHT="48" HPOS="495" VPOS="2379" WIDTH="28" />
<String CONTENT="p." HEIGHT="37" HPOS="524" VPOS="2390" WIDTH="44" />
<SP HEIGHT="41" HPOS="569" VPOS="2378" WIDTH="29" />
<String CONTENT="incl." HEIGHT="41" HPOS="599" VPOS="2378" WIDTH="109" />
<SP HEIGHT="40" HPOS="709" VPOS="2379" WIDTH="30" />
<String CONTENT="front.," HEIGHT="48" HPOS="740" VPOS="2379" WIDTH="162" />
<SP HEIGHT="48" HPOS="903" VPOS="2379" WIDTH="30" />
<String CONTENT="illus." HEIGHT="41" HPOS="934" VPOS="2379" WIDTH="127" />
<SP HEIGHT="40" HPOS="1062" VPOS="2379" WIDTH="59" />
<String CONTENT="19&#189;" CS="1" HEIGHT="41" HPOS="1122" VPOS="2378" WIDTH="54" />
<String CONTENT="cm" HEIGHT="22" HPOS="1209" STYLE="superscript" VPOS="2380" WIDTH="44" />
<String CONTENT="." HEIGHT="9" HPOS="1257" VPOS="2410" WIDTH="9" />
<SP HEIGHT="47" HPOS="1267" VPOS="2380" WIDTH="70" />
<String CONTENT="(Our" HEIGHT="49" HPOS="1338" VPOS="2378" WIDTH="123" />
<SP HEIGHT="30" HPOS="1462" VPOS="2389" WIDTH="30" />
<String CONTENT="changing" HEIGHT="50" HPOS="1493" VPOS="2378" WIDTH="241" />
<SP HEIGHT="37" HPOS="1735" VPOS="2391" WIDTH="28" />
<String CONTENT="world)" HEIGHT="48" HPOS="1764" VPOS="2381" WIDTH="177" />
</TextLine>
<TextLine HEIGHT="49" HPOS="146" VPOS="2435" WIDTH="689">
<String CONTENT="Illustrated" HEIGHT="41" HPOS="146" VPOS="2435" WIDTH="286" />
<SP HEIGHT="39" HPOS="433" VPOS="2436" WIDTH="40" />
<String CONTENT="lining-papers." HEIGHT="49" HPOS="474" VPOS="2435" WIDTH="361" />
</TextLine>
<TextLine HEIGHT="51" HPOS="147" VPOS="2489" WIDTH="749">
<String CONTENT="Contains" HEIGHT="43" HPOS="147" VPOS="2489" WIDTH="230" />
<SP HEIGHT="29" HPOS="378" VPOS="2503" WIDTH="30" />
<String CONTENT="songs" HEIGHT="37" HPOS="409" VPOS="2503" WIDTH="141" />
<SP HEIGHT="30" HPOS="551" VPOS="2502" WIDTH="30" />
<String CONTENT="with" HEIGHT="38" HPOS="582" VPOS="2493" WIDTH="120" />
<SP HEIGHT="38" HPOS="703" VPOS="2493" WIDTH="27" />
<String CONTENT="music." HEIGHT="41" HPOS="731" VPOS="2491" WIDTH="165" />
</TextLine>
<TextLine HEIGHT="53" HPOS="81" VPOS="2544" WIDTH="1981">
<String CONTENT="&#169;" HEIGHT="53" HPOS="81" VPOS="2544" WIDTH="51" />
<SP HEIGHT="53" HPOS="133" VPOS="2544" WIDTH="27" />
<String CONTENT="Aug." HEIGHT="47" HPOS="161" VPOS="2549" WIDTH="117" />
<SP HEIGHT="39" HPOS="279" VPOS="2549" WIDTH="29" />
<String CONTENT="1," HEIGHT="47" HPOS="309" VPOS="2549" WIDTH="42" />
<SP HEIGHT="46" HPOS="352" VPOS="2550" WIDTH="28" />
<String CONTENT="1935;" HEIGHT="47" HPOS="381" VPOS="2548" WIDTH="139" />
<SP HEIGHT="47" HPOS="521" VPOS="2548" WIDTH="31" />
<String CONTENT="2c." HEIGHT="40" HPOS="553" VPOS="2548" WIDTH="67" />
<SP HEIGHT="29" HPOS="621" VPOS="2559" WIDTH="30" />
<String CONTENT="and" HEIGHT="39" HPOS="652" VPOS="2549" WIDTH="96" />
<SP HEIGHT="39" HPOS="749" VPOS="2549" WIDTH="29" />
<String CONTENT="aff." HEIGHT="41" HPOS="779" VPOS="2547" WIDTH="82" />
<SP HEIGHT="40" HPOS="862" VPOS="2547" WIDTH="29" />
<String CONTENT="Aug." HEIGHT="48" HPOS="892" VPOS="2547" WIDTH="120" />
<SP HEIGHT="39" HPOS="1013" VPOS="2548" WIDTH="33" />
<String CONTENT="8;" HEIGHT="46" HPOS="1047" VPOS="2548" WIDTH="52" />
<SP HEIGHT="47" HPOS="1100" VPOS="2547" WIDTH="33" />
<String CONTENT="A" HEIGHT="39" HPOS="1134" VPOS="2547" WIDTH="43" />
<SP HEIGHT="40" HPOS="1178" VPOS="2547" WIDTH="28" />
<String CONTENT="84895;" HEIGHT="48" HPOS="1207" VPOS="2546" WIDTH="170" />
<SP HEIGHT="45" HPOS="1378" VPOS="2549" WIDTH="33" />
<String CONTENT="Thomas" HEIGHT="39" HPOS="1412" VPOS="2549" WIDTH="211" />
<SP HEIGHT="38" HPOS="1624" VPOS="2549" WIDTH="31" />
<String CONTENT="Nelson" HEIGHT="38" HPOS="1656" VPOS="2549" WIDTH="178" />
<SP HEIGHT="39" HPOS="1835" VPOS="2549" WIDTH="32" />
<String CONTENT="&amp;" HEIGHT="39" HPOS="1868" VPOS="2549" WIDTH="36" />
<SP HEIGHT="40" HPOS="1905" VPOS="2549" WIDTH="30" />
<String CONTENT="sons." HEIGHT="30" HPOS="1936" VPOS="2559" WIDTH="126" />
</TextLine>
<TextLine HEIGHT="49" HPOS="157" VPOS="2605" WIDTH="277">
<String CONTENT="(35-14581)" HEIGHT="49" HPOS="157" VPOS="2605" WIDTH="277" />
</TextLine>
<TextLine HEIGHT="65" HPOS="83" STYLEREFS="StyleId-02431BC3-183E-4225-89D0-6B36BAF0BCDA-" VPOS="2707" WIDTH="865">
<String CONTENT="Russell," HEIGHT="65" HPOS="83" VPOS="2707" WIDTH="244" />
<SP HEIGHT="63" HPOS="328" VPOS="2709" WIDTH="27" />
<String CONTENT="Charlotte" HEIGHT="53" HPOS="356" VPOS="2708" WIDTH="302" />
<SP HEIGHT="51" HPOS="659" VPOS="2709" WIDTH="26" />
<String CONTENT="Murray." HEIGHT="61" HPOS="686" VPOS="2709" WIDTH="262" />
</TextLine>
<TextLine CS="1" HEIGHT="67" HPOS="147" STYLEREFS="StyleId-0895A812-18D0-4DBF-9B23-F12354CEC37D-" VPOS="2782" WIDTH="1737">
<String CONTENT="Murder" HEIGHT="54" HPOS="147" VPOS="2782" WIDTH="236" />
<SP HEIGHT="34" HPOS="384" VPOS="2802" WIDTH="30" />
<String CONTENT="at" HEIGHT="47" HPOS="415" VPOS="2789" WIDTH="59" />
<SP HEIGHT="47" HPOS="475" VPOS="2789" WIDTH="28" />
<String CONTENT="the" HEIGHT="52" HPOS="504" VPOS="2784" WIDTH="97" />
<SP HEIGHT="34" HPOS="602" VPOS="2802" WIDTH="32" />
<String CONTENT="old" HEIGHT="52" HPOS="635" VPOS="2784" WIDTH="95" />
<SP HEIGHT="53" HPOS="731" VPOS="2784" WIDTH="31" />
<String CONTENT="stone" HEIGHT="48" HPOS="763" VPOS="2789" WIDTH="158" />
<SP HEIGHT="54" HPOS="922" VPOS="2783" WIDTH="29" />
<String CONTENT="house" HEIGHT="52" HPOS="952" VPOS="2783" WIDTH="173" />
<SP HEIGHT="49" HPOS="1126" VPOS="2800" WIDTH="36" />
<String CONTENT="[by]" CS="1" HEIGHT="66" HPOS="1180" VPOS="2783" WIDTH="76" />
<SP HEIGHT="66" HPOS="1274" VPOS="2783" WIDTH="37" />
<String CONTENT="Charlotte" HEIGHT="55" HPOS="1312" VPOS="2783" WIDTH="297" />
<SP HEIGHT="54" HPOS="1610" VPOS="2783" WIDTH="31" />
<String CONTENT="Murray" HEIGHT="66" HPOS="1642" VPOS="2783" WIDTH="242" />
</TextLine>
<TextLine CS="1" HEIGHT="143" HPOS="80" STYLEREFS="StyleId-0895A812-18D0-4DBF-9B23-F12354CEC37D-" VPOS="2784" WIDTH="1979">
<String CONTENT="Russell" HEIGHT="128" HPOS="80" VPOS="2784" WIDTH="1956" />
<SP HEIGHT="52" HPOS="180" VPOS="2861" WIDTH="32" />
<String CONTENT="&#8230;" HEIGHT="10" HPOS="213" VPOS="2903" WIDTH="56" />
<SP HEIGHT="55" HPOS="270" VPOS="2859" WIDTH="69" />
<String CONTENT="Garden" HEIGHT="55" HPOS="340" VPOS="2859" WIDTH="231" />
<SP HEIGHT="55" HPOS="572" VPOS="2860" WIDTH="30" />
<String CONTENT="City," HEIGHT="67" HPOS="603" VPOS="2860" WIDTH="153" />
<SP HEIGHT="66" HPOS="757" VPOS="2860" WIDTH="27" />
<String CONTENT="N." HEIGHT="53" HPOS="785" VPOS="2860" WIDTH="72" />
<SP HEIGHT="53" HPOS="858" VPOS="2860" WIDTH="28" />
<String CONTENT="Y.," HEIGHT="67" HPOS="887" VPOS="2860" WIDTH="90" />
<SP HEIGHT="66" HPOS="978" VPOS="2861" WIDTH="28" />
<String CONTENT="Pub." HEIGHT="53" HPOS="1007" VPOS="2860" WIDTH="144" />
<SP HEIGHT="54" HPOS="1152" VPOS="2859" WIDTH="29" />
<String CONTENT="for" HEIGHT="53" HPOS="1182" VPOS="2859" WIDTH="94" />
<SP HEIGHT="46" HPOS="1277" VPOS="2866" WIDTH="28" />
<String CONTENT="the" HEIGHT="52" HPOS="1306" VPOS="2861" WIDTH="94" />
<SP HEIGHT="55" HPOS="1401" VPOS="2860" WIDTH="31" />
<String CONTENT="Crime" HEIGHT="55" HPOS="1433" VPOS="2860" WIDTH="190" />
<SP HEIGHT="35" HPOS="1624" VPOS="2878" WIDTH="29" />
<String CONTENT="club," HEIGHT="65" HPOS="1654" VPOS="2861" WIDTH="146" />
<SP HEIGHT="66" HPOS="1801" VPOS="2860" WIDTH="28" />
<String CONTENT="inc.," HEIGHT="67" HPOS="1830" VPOS="2860" WIDTH="127" />
<SP HEIGHT="65" HPOS="1958" VPOS="2862" WIDTH="28" />
<String CONTENT="by" HEIGHT="65" HPOS="1987" VPOS="2862" WIDTH="72" />
</TextLine>
<TextLine HEIGHT="68" HPOS="82" STYLEREFS="StyleId-0895A812-18D0-4DBF-9B23-F12354CEC37D-" VPOS="2935" WIDTH="1369">
<String CONTENT="Doubleday," HEIGHT="68" HPOS="82" VPOS="2935" WIDTH="348" />
<SP HEIGHT="65" HPOS="431" VPOS="2938" WIDTH="26" />
<String CONTENT="Doran" HEIGHT="51" HPOS="458" VPOS="2938" WIDTH="197" />
<SP HEIGHT="33" HPOS="656" VPOS="2956" WIDTH="26" />
<String CONTENT="and" HEIGHT="52" HPOS="683" VPOS="2937" WIDTH="113" />
<SP HEIGHT="52" HPOS="797" VPOS="2937" WIDTH="26" />
<String CONTENT="company," HEIGHT="48" HPOS="824" VPOS="2955" WIDTH="294" />
<SP HEIGHT="66" HPOS="1119" VPOS="2936" WIDTH="25" />
<String CONTENT="inc.," HEIGHT="65" HPOS="1145" VPOS="2936" WIDTH="126" />
<SP HEIGHT="60" HPOS="1272" VPOS="2941" WIDTH="28" />
<String CONTENT="1935." HEIGHT="49" HPOS="1301" VPOS="2940" WIDTH="150" />
</TextLine>
<TextLine CS="1" HEIGHT="51" HPOS="147" VPOS="3008" WIDTH="525">
<String CONTENT="4" HEIGHT="40" HPOS="147" VPOS="3009" WIDTH="29" />
<SP HEIGHT="49" HPOS="177" VPOS="3009" WIDTH="20" />
<String CONTENT="p." HEIGHT="39" HPOS="198" VPOS="3019" WIDTH="45" />
<SP />
<String CONTENT="l.," CS="1" />
<SP />
<String CONTENT="311" HEIGHT="41" HPOS="339" VPOS="3008" WIDTH="87" />
<SP HEIGHT="50" HPOS="427" VPOS="3009" WIDTH="23" />
<String CONTENT="p." HEIGHT="39" HPOS="451" VPOS="3020" WIDTH="45" />
<SP HEIGHT="40" HPOS="497" VPOS="3009" WIDTH="56" />
<String CONTENT="20" HEIGHT="41" HPOS="554" VPOS="3008" WIDTH="59" />
<String CONTENT="cm" HEIGHT="21" HPOS="614" STYLE="superscript" VPOS="3011" WIDTH="44" />
<String CONTENT="." HEIGHT="10" HPOS="662" VPOS="3040" WIDTH="10" />
</TextLine>
<TextLine HEIGHT="41" HPOS="150" VPOS="3065" WIDTH="415">
<String CONTENT="&#8220;First" HEIGHT="41" HPOS="150" VPOS="3065" WIDTH="159" />
<SP HEIGHT="37" HPOS="310" VPOS="3069" WIDTH="30" />
<String CONTENT="edition.&#8221;" HEIGHT="41" HPOS="341" VPOS="3065" WIDTH="224" />
</TextLine>
<TextLine CS="1" HEIGHT="55" HPOS="84" VPOS="3116" WIDTH="1979">
<String CONTENT="&#169;" HEIGHT="53" HPOS="84" VPOS="3116" WIDTH="51" />
<SP HEIGHT="53" HPOS="136" VPOS="3116" WIDTH="20" />
<String CONTENT="July" HEIGHT="48" HPOS="157" VPOS="3122" WIDTH="113" />
<SP HEIGHT="46" HPOS="271" VPOS="3124" WIDTH="23" />
<String CONTENT="19," HEIGHT="48" HPOS="295" VPOS="3121" WIDTH="69" />
<SP HEIGHT="45" HPOS="365" VPOS="3124" WIDTH="24" />
<String CONTENT="1935;" HEIGHT="47" HPOS="390" VPOS="3121" WIDTH="140" />
<SP HEIGHT="47" HPOS="531" VPOS="3121" WIDTH="25" />
<String CONTENT="2c." HEIGHT="40" HPOS="557" VPOS="3121" WIDTH="67" />
<SP HEIGHT="29" HPOS="625" VPOS="3132" WIDTH="25" />
<String CONTENT="and" HEIGHT="39" HPOS="651" VPOS="3122" WIDTH="95" />
<SP HEIGHT="39" HPOS="747" VPOS="3122" WIDTH="24" />
<String CONTENT="aff." HEIGHT="41" HPOS="772" VPOS="3120" WIDTH="81" />
<SP HEIGHT="39" HPOS="854" VPOS="3121" WIDTH="25" />
<String CONTENT="Aug." HEIGHT="47" HPOS="880" VPOS="3121" WIDTH="119" />
<SP HEIGHT="39" HPOS="1000" VPOS="3121" WIDTH="26" />
<String CONTENT="29;" HEIGHT="47" HPOS="1027" VPOS="3120" WIDTH="82" />
<SP HEIGHT="47" HPOS="1110" VPOS="3120" WIDTH="26" />
<String CONTENT="A" HEIGHT="40" HPOS="1137" VPOS="3120" WIDTH="43" />
<SP HEIGHT="40" HPOS="1181" VPOS="3120" WIDTH="21" />
<String CONTENT="85761;" CS="1" HEIGHT="40" HPOS="1203" VPOS="3120" WIDTH="116" />
<SP HEIGHT="45" HPOS="1373" VPOS="3122" WIDTH="27" />
<String CONTENT="Doubleday," HEIGHT="48" HPOS="1401" VPOS="3121" WIDTH="298" />
<SP HEIGHT="47" HPOS="1700" VPOS="3122" WIDTH="24" />
<String CONTENT="Doran" HEIGHT="39" HPOS="1725" VPOS="3122" WIDTH="166" />
<SP HEIGHT="39" HPOS="1892" VPOS="3122" WIDTH="26" />
<String CONTENT="&amp;" HEIGHT="39" HPOS="1919" VPOS="3122" WIDTH="38" />
<SP HEIGHT="39" HPOS="1958" VPOS="3122" WIDTH="22" />
<String CONTENT="co.," HEIGHT="39" HPOS="1981" LANG="ru" VPOS="3132" WIDTH="82" />
</TextLine>
<TextLine HEIGHT="49" HPOS="150" VPOS="3177" WIDTH="435">
<String CONTENT="inc." HEIGHT="42" HPOS="150" VPOS="3177" WIDTH="89" />
<SP HEIGHT="47" HPOS="240" VPOS="3179" WIDTH="67" />
<String CONTENT="(35-14569)" HEIGHT="49" HPOS="308" VPOS="3177" WIDTH="277" />
</TextLine>
<TextLine HEIGHT="67" HPOS="83" STYLEREFS="StyleId-02431BC3-183E-4225-89D0-6B36BAF0BCDA-" VPOS="3278" WIDTH="1048">
<String CONTENT="Sanford," HEIGHT="67" HPOS="83" VPOS="3278" WIDTH="268" />
<SP HEIGHT="61" HPOS="352" VPOS="3284" WIDTH="26" />
<String CONTENT="Mrs." HEIGHT="51" HPOS="379" VPOS="3284" WIDTH="138" />
<SP HEIGHT="49" HPOS="518" VPOS="3285" WIDTH="28" />
<String CONTENT="Anne" HEIGHT="50" HPOS="547" VPOS="3285" WIDTH="170" />
<SP HEIGHT="53" HPOS="718" VPOS="3282" WIDTH="24" />
<String CONTENT="Putnam," HEIGHT="63" HPOS="743" VPOS="3282" WIDTH="274" />
<SP HEIGHT="47" HPOS="1018" VPOS="3298" WIDTH="27" />
<String CONTENT="ed." HEIGHT="52" HPOS="1046" VPOS="3281" WIDTH="85" />
</TextLine>
<TextLine HEIGHT="71" HPOS="152" STYLEREFS="StyleId-0895A812-18D0-4DBF-9B23-F12354CEC37D-" VPOS="3354" WIDTH="1908">
<String CONTENT="Thanksgiving" HEIGHT="71" HPOS="152" VPOS="3354" WIDTH="434" />
<SP HEIGHT="51" HPOS="587" VPOS="3374" WIDTH="25" />
<String CONTENT="plays," HEIGHT="68" HPOS="613" VPOS="3357" WIDTH="180" />
<SP HEIGHT="48" HPOS="794" VPOS="3377" WIDTH="24" />
<String CONTENT="selected" HEIGHT="53" HPOS="819" VPOS="3357" WIDTH="235" />
<SP HEIGHT="53" HPOS="1055" VPOS="3356" WIDTH="25" />
<String CONTENT="by" HEIGHT="69" HPOS="1081" VPOS="3356" WIDTH="76" />
<SP HEIGHT="70" HPOS="1158" VPOS="3355" WIDTH="24" />
<String CONTENT="A." HEIGHT="53" HPOS="1183" VPOS="3355" WIDTH="71" />
<SP HEIGHT="51" HPOS="1255" VPOS="3357" WIDTH="27" />
<String CONTENT="P." HEIGHT="52" HPOS="1283" VPOS="3357" WIDTH="66" />
<SP HEIGHT="55" HPOS="1350" VPOS="3354" WIDTH="25" />
<String CONTENT="Sanford." HEIGHT="55" HPOS="1376" VPOS="3354" WIDTH="273" />
<SP HEIGHT="53" HPOS="1650" VPOS="3356" WIDTH="61" />
<String CONTENT="New" HEIGHT="53" HPOS="1712" VPOS="3356" WIDTH="140" />
<SP HEIGHT="53" HPOS="1853" VPOS="3356" WIDTH="25" />
<String CONTENT="York," HEIGHT="68" HPOS="1879" VPOS="3355" WIDTH="181" />
</TextLine>
<TextLine HEIGHT="75" HPOS="85" STYLEREFS="StyleId-0895A812-18D0-4DBF-9B23-F12354CEC37D-" VPOS="3428" WIDTH="953">
<String CONTENT="Dodd," HEIGHT="71" HPOS="85" VPOS="3428" WIDTH="184" />
<SP HEIGHT="66" HPOS="270" VPOS="3433" WIDTH="24" />
<String CONTENT="Mead" HEIGHT="54" HPOS="295" VPOS="3433" WIDTH="170" />
<SP HEIGHT="52" HPOS="466" VPOS="3435" WIDTH="25" />
<String CONTENT="&amp;" HEIGHT="50" HPOS="492" VPOS="3436" WIDTH="47" />
<SP HEIGHT="50" HPOS="540" VPOS="3436" WIDTH="21" />
<String CONTENT="company," HEIGHT="52" HPOS="562" VPOS="3451" WIDTH="296" />
<SP HEIGHT="65" HPOS="859" VPOS="3437" WIDTH="28" />
<String CONTENT="1935." HEIGHT="50" HPOS="888" VPOS="3436" WIDTH="150" />
</TextLine>
<TextLine CS="1" HEIGHT="50" HPOS="155" VPOS="3503" WIDTH="573">
<String CONTENT="5" HEIGHT="40" HPOS="155" VPOS="3503" WIDTH="26" />
<SP HEIGHT="48" HPOS="182" VPOS="3503" WIDTH="21" />
<String CONTENT="p." HEIGHT="37" HPOS="204" VPOS="3514" WIDTH="42" />
<SP />
<String CONTENT="l.," CS="1" />
<SP />
<String CONTENT="3-219" HEIGHT="39" HPOS="342" VPOS="3506" WIDTH="143" />
<SP HEIGHT="47" HPOS="486" VPOS="3506" WIDTH="24" />
<String CONTENT="p." HEIGHT="37" HPOS="511" VPOS="3516" WIDTH="42" />
<SP HEIGHT="38" HPOS="554" VPOS="3507" WIDTH="59" />
<String CONTENT="19" HEIGHT="39" HPOS="614" VPOS="3506" WIDTH="54" />
<String CONTENT="cm" HEIGHT="21" HPOS="672" STYLE="superscript" VPOS="3508" WIDTH="44" />
<String CONTENT="." HEIGHT="8" HPOS="720" VPOS="3539" WIDTH="8" />
</TextLine>
<TextLine HEIGHT="56" HPOS="88" VPOS="3556" WIDTH="1975">
<String CONTENT="&#169;" HEIGHT="53" HPOS="88" VPOS="3556" WIDTH="51" />
<SP HEIGHT="53" HPOS="140" VPOS="3556" WIDTH="22" />
<String CONTENT="Aug." HEIGHT="48" HPOS="163" VPOS="3562" WIDTH="117" />
<SP HEIGHT="41" HPOS="281" VPOS="3562" WIDTH="24" />
<String CONTENT="21," HEIGHT="50" HPOS="306" VPOS="3562" WIDTH="68" />
<SP HEIGHT="47" HPOS="375" VPOS="3565" WIDTH="26" />
<String CONTENT="1935;" HEIGHT="47" HPOS="402" VPOS="3563" WIDTH="140" />
<SP HEIGHT="46" HPOS="543" VPOS="3564" WIDTH="27" />
<String CONTENT="2c." HEIGHT="40" HPOS="571" VPOS="3564" WIDTH="66" />
<SP HEIGHT="39" HPOS="638" VPOS="3565" WIDTH="25" />
<String CONTENT="Aug." HEIGHT="46" HPOS="664" VPOS="3565" WIDTH="119" />
<SP HEIGHT="38" HPOS="784" VPOS="3565" WIDTH="26" />
<String CONTENT="22;" HEIGHT="47" HPOS="811" VPOS="3564" WIDTH="82" />
<SP HEIGHT="37" HPOS="894" VPOS="3574" WIDTH="27" />
<String CONTENT="aff." HEIGHT="39" HPOS="922" VPOS="3564" WIDTH="80" />
<SP HEIGHT="38" HPOS="1003" VPOS="3565" WIDTH="28" />
<String CONTENT="Aug." HEIGHT="46" HPOS="1032" VPOS="3565" WIDTH="118" />
<SP HEIGHT="40" HPOS="1151" VPOS="3564" WIDTH="27" />
<String CONTENT="23;" HEIGHT="46" HPOS="1179" VPOS="3564" WIDTH="83" />
<SP HEIGHT="46" HPOS="1263" VPOS="3564" WIDTH="29" />
<String CONTENT="A" HEIGHT="39" HPOS="1293" VPOS="3564" WIDTH="42" />
<SP HEIGHT="40" HPOS="1336" VPOS="3563" WIDTH="25" />
<String CONTENT="85603;" HEIGHT="48" HPOS="1362" VPOS="3563" WIDTH="169" />
<SP HEIGHT="45" HPOS="1532" VPOS="3566" WIDTH="29" />
<String CONTENT="Dodd," HEIGHT="47" HPOS="1562" VPOS="3565" WIDTH="154" />
<SP HEIGHT="45" HPOS="1717" VPOS="3567" WIDTH="28" />
<String CONTENT="Mead" HEIGHT="39" HPOS="1746" VPOS="3566" WIDTH="142" />
<SP HEIGHT="40" HPOS="1889" VPOS="3566" WIDTH="28" />
<String CONTENT="&amp;" HEIGHT="40" HPOS="1918" VPOS="3566" WIDTH="38" />
<SP HEIGHT="40" HPOS="1957" VPOS="3566" WIDTH="23" />
<String CONTENT="co.," HEIGHT="36" HPOS="1981" LANG="ru" VPOS="3576" WIDTH="82" />
</TextLine>
<TextLine HEIGHT="50" HPOS="153" VPOS="3617" WIDTH="433">
<String CONTENT="inc." HEIGHT="41" HPOS="153" VPOS="3617" WIDTH="87" />
<SP HEIGHT="47" HPOS="241" VPOS="3620" WIDTH="68" />
<String CONTENT="(35-14709)" HEIGHT="47" HPOS="310" VPOS="3620" WIDTH="276" />
</TextLine>
<TextLine HEIGHT="67" HPOS="89" STYLEREFS="StyleId-02431BC3-183E-4225-89D0-6B36BAF0BCDA-" VPOS="3717" WIDTH="458">
<String CONTENT="Scherf," HEIGHT="67" HPOS="89" LANG="de" VPOS="3717" WIDTH="223" />
<SP HEIGHT="61" HPOS="313" VPOS="3723" WIDTH="25" />
<String CONTENT="David." HEIGHT="53" HPOS="339" LANG="en-US" VPOS="3723" WIDTH="208" />
</TextLine>
<TextLine CS="1" HEIGHT="130" HPOS="88" LANG="de" STYLEREFS="StyleId-0895A812-18D0-4DBF-9B23-F12354CEC37D-" VPOS="3794" WIDTH="1952">
<String CONTENT="Klinik" HEIGHT="54" HPOS="155" VPOS="3794" WIDTH="203" />
<SP HEIGHT="52" HPOS="359" VPOS="3797" WIDTH="20" />
<String CONTENT="und" HEIGHT="50" HPOS="380" VPOS="3800" WIDTH="116" />
<SP HEIGHT="50" HPOS="497" VPOS="3800" WIDTH="19" />
<String CONTENT="therapie" HEIGHT="65" HPOS="517" LANG="en-US" VPOS="3800" WIDTH="256" />
<SP HEIGHT="51" HPOS="774" VPOS="3800" WIDTH="22" />
<String CONTENT="der" HEIGHT="51" HPOS="797" VPOS="3800" WIDTH="97" />
<SP HEIGHT="50" HPOS="895" VPOS="3801" WIDTH="20" />
<String CONTENT="herzkrankheiten;" CS="1" HEIGHT="51" HPOS="916" VPOS="3800" WIDTH="511" />
<SP HEIGHT="47" HPOS="1456" VPOS="3818" WIDTH="25" />
<String CONTENT="vortr&#228;ge" HEIGHT="62" HPOS="1482" VPOS="3804" WIDTH="266" />
<SP HEIGHT="52" HPOS="1749" VPOS="3801" WIDTH="22" />
<String CONTENT="f&#252;r" HEIGHT="51" HPOS="1772" VPOS="3801" WIDTH="99" />
<SP HEIGHT="46" HPOS="1872" VPOS="3820" WIDTH="21" />
<String CONTENT="praktische" HEIGHT="123" HPOS="88" VPOS="3801" WIDTH="1952" />
</TextLine>
<TextLine CS="1" HEIGHT="144" HPOS="90" LANG="de" STYLEREFS="StyleId-0895A812-18D0-4DBF-9B23-F12354CEC37D-" VPOS="3874" WIDTH="1948">
<String CONTENT="&#228;rzte," HEIGHT="65" HPOS="291" VPOS="3875" WIDTH="167" />
<SP HEIGHT="47" HPOS="459" VPOS="3893" WIDTH="27" />
<String CONTENT="von" HEIGHT="34" HPOS="487" VPOS="3893" WIDTH="110" />
<SP HEIGHT="49" HPOS="598" VPOS="3893" WIDTH="30" />
<String CONTENT="privatdozent" HEIGHT="68" HPOS="629" VPOS="3874" WIDTH="398" />
<SP HEIGHT="52" HPOS="1028" VPOS="3876" WIDTH="29" />
<String CONTENT="dr." HEIGHT="52" HPOS="1058" LANG="en-US" VPOS="3876" WIDTH="85" />
<SP HEIGHT="53" HPOS="1144" VPOS="3875" WIDTH="29" />
<String CONTENT="D." HEIGHT="52" HPOS="1174" VPOS="3875" WIDTH="72" />
<SP HEIGHT="56" HPOS="1247" VPOS="3874" WIDTH="32" />
<String CONTENT="Scherf" HEIGHT="56" HPOS="1280" VPOS="3874" WIDTH="206" />
<SP HEIGHT="53" HPOS="1487" VPOS="3875" WIDTH="35" />
<String CONTENT="&#8230;" HEIGHT="10" HPOS="1523" VPOS="3918" WIDTH="56" />
<SP HEIGHT="34" HPOS="1580" VPOS="3894" WIDTH="33" />
<String CONTENT="mit" HEIGHT="53" HPOS="1614" VPOS="3875" WIDTH="106" />
<SP HEIGHT="49" HPOS="1721" VPOS="3878" WIDTH="30" />
<String CONTENT="10" HEIGHT="50" HPOS="1752" VPOS="3878" WIDTH="64" />
<SP HEIGHT="50" HPOS="1817" VPOS="3879" WIDTH="27" />
<String CONTENT="textabbildungen." HEIGHT="139" HPOS="90" VPOS="3876" WIDTH="1948" />
<SP HEIGHT="53" HPOS="410" VPOS="3953" WIDTH="64" />
<String CONTENT="Wien," HEIGHT="65" HPOS="475" VPOS="3953" WIDTH="183" />
<SP HEIGHT="65" HPOS="659" VPOS="3953" WIDTH="29" />
<String CONTENT="J." HEIGHT="53" HPOS="689" VPOS="3953" WIDTH="56" />
<SP HEIGHT="55" HPOS="746" VPOS="3952" WIDTH="32" />
<String CONTENT="Springer," HEIGHT="66" HPOS="779" VPOS="3952" WIDTH="295" />
<SP HEIGHT="62" HPOS="1075" VPOS="3956" WIDTH="30" />
<String CONTENT="1935." HEIGHT="49" HPOS="1106" VPOS="3956" WIDTH="150" />
</TextLine>
</TextBlock>
</PrintSpace>
</Page>
</Layout>
</alto>