2424 4375
1301 4047 100 50 814

369 418 139 64 Fox,
543 419 291 54 Gertrude
870 419 306 54 Elizabeth
1208 419 286 66 (Wilbur)
1534 421 172 53 “Mrs.
1741 420 315 56 Frederick
2089 422 53 54 J.
2177 422 174 64 Fox,”

439 497 170 54 1878-

499 573 186 68 Raising
710 572 188 54 minks
920 574 62 53 in
1008 572 297 70 captivity,
1330 573 74 69 by
1432 574 137 53 Mrs.
1601 573 305 54 Frederick
1933 572 56 56 J.
2018 574 139 52 Fox.
2220 573 134 56 New

373 649 177 68 York,
580 649 69 54 N.
681 650 89 67 Y.,
797 650 138 54 Mrs.
963 649 64 53 F.
1057 650 54 55 J.
1143 650 141 69 Fox,
1312 657 19 22 c
1336 653 149 50 1935.

438 722 70 46 44,
541 721 54 50 [3]
627 732 42 37 p.
730 721 142 49 illus.,
903 722 178 48 diagrs.
1141 722 56 39 22
1199 725 44 21 cm
1248 755 9 8 .

442 778 158 39 Blank
628 787 144 39 pages
800 778 78 40 for
908 778 370 41 “Memoranda”
1319 780 82 49 ([3]
1433 783 52 37 at
1513 780 117 47 end)

368 847 52 52 ©
457 852 111 47 Apr.
603 852 40 47 1,
678 852 116 39 1935;
853 851 65 41 2c.
954 853 96 39 and
1084 851 82 43 aff.
1201 852 129 39 June
1359 852 53 47 6;
1448 852 43 41 A
1524 853 169 47 83501;
1731 853 242 40 Gertrude
2005 855 49 38 E.
2092 854 115 47 Fox,
2241 855 112 39 New

438 909 143 40 York.
652 908 249 49 (35-8898)

372 1010 331 65 Friedman,
732 1012 262 52 Bernard
1026 1013 79 63 C.,
1137 1018 168 49 1895-

494 1087 1854 70 … Model airplanes. By B. C. Friedman … [Chicago] c 1934.
435 1163 24 38 1
494 1173 40 28 v.
598 1161 170 48 plates.
829 1162 57 40 25
887 1164 44 21 cm
936 1194 8 8 .
1016 1162 266 50 ([Chicago]
1350 1162 152 41 South
1538 1164 121 47 park
1693 1163 399 41 commissioners.
370 1164 1966 94 Recreation
498 1220 124 47 dept.
683 1218 213 49 [Leisure
923 1219 156 48 hobby
1108 1219 193 50 series])

437 1275 1869 51 At head of title: South park commissioners. Edward J. Kelly, pres. …
435 1332 282 41 Loose-leaf.

440 1390 186 39 “Model
652 1388 224 49 airplane
898 1387 392 51 bibliography”:
1320 1391 27 38 4
1373 1391 162 40 leaves
1559 1392 54 39 at
1636 1391 106 40 end.

366 1454 52 53 ©
444 1460 129 39 June
599 1461 38 44 1,
665 1459 139 48 1934;
833 1460 65 39 2c.
927 1461 96 39 and
1050 1460 81 41 aff.
1161 1460 116 40 Nov.
1307 1461 53 46 5;
1390 1462 39 38 A
1456 1459 171 49 76901;
1658 1461 53 39 V.
1742 1461 58 40 K.
1829 1462 192 46 Brown,
2051 1460 220 46 Chicago.

446 1516 250 47 (35-8840)

367 1617 270 64 Georgia.
715 1621 177 51 Court
920 1620 63 66 of
1009 1622 248 64 appeals.

365 1696 1960 224 Reports of cases decided … at the October term, 1934. Volume 50. Stevens and Graham, reporters. Atlanta, The Harrison company, 1935.
433 1926 81 45 liv,
542 1924 84 40 971
656 1936 41 36 p.
755 1924 115 41 23½cm.

364 1977 52 53 ©
447 1983 125 38 June
603 1983 68 46 13,
705 1980 140 49 1935;
877 1981 66 41 2c.
977 1983 125 39 June
1134 1983 81 46 17;
1250 1982 81 40 aff.
1366 1983 115 47 July
1513 1984 52 46 5;
1602 1984 40 38 A
1675 1983 169 46 83875;
1882 1983 139 40 State
2048 1983 51 39 of
2132 1983 215 48 Georgia,

431 2040 215 38 Atlanta.

368 2139 217 54 Golden
620 2140 210 68 jubilee
862 2142 61 52 of
957 2142 110 53 His
1103 2143 304 53 Eminence
1440 2143 260 55 William
1733 2143 256 53 cardinal
2024 2144 324 68 O’Connell,

444 2219 339 68 archbishop
816 2219 64 54 of
910 2221 235 66 Boston,
1179 2223 324 51 1884-1934.
1579 2220 362 68 Cambridge,
1973 2222 157 52 Priv.
2164 2221 188 67 print.,

440 2298 122 51 The
589 2295 297 56 Riverside
915 2316 174 49 press,
1121 2301 151 50 1935.

432 2369 99 44 viii.
562 2370 84 40 166
673 2379 42 38 p.
776 2369 58 41 19½
864 2372 43 21 cm
910 2401 9 9 .

434 2427 280 46 Addresses,
742 2427 169 40 letters
939 2427 95 39 and
1061 2436 283 39 newspaper
1369 2426 197 41 articles
1592 2426 197 40 written
1815 2427 80 39 for
1920 2426 230 41 Cardinal
363 2425 1970 96 O’Connell’s
528 2481 170 48 golden
727 2481 195 48 jubilee.

702 2537 308 48 CONTENTS.—Religious
1037 2537 308 47 celebration,
1372 2537 263 41 Cathedral
1661 2537 52 39 of
1736 2537 84 40 the
1838 2536 111 48 holy
1976 2546 145 36 cross,
2148 2537 191 43 Boston,

365 2593 126 39 June
523 2593 40 47 8,
595 2593 460 41 1934.—Children’s
1085 2594 108 47 day,
1227 2594 181 39 Boston
1441 2593 177 48 college
1646 2591 126 49 field,
1806 2592 125 40 June
1962 2591 40 48 9,
2032 2589 318 43 1934.—Civic

363 2648 306 48 celebration,
701 2649 208 47 Fenway
940 2649 136 47 park,
1108 2649 197 46 Boston,
1335 2648 129 40 June
1492 2647 70 47 10,
1594 2647 420 41 1934.—National
2045 2645 302 46 celebration,

367 2703 218 40 Catholic
609 2704 282 47 university,
915 2703 334 48 Washington,
1274 2703 55 38 D.
1353 2703 63 47 C.,
1438 2703 267 40 November
1729 2703 69 46 15,
1821 2701 383 41 1934.;—Letters
2225 2702 122 38 from

365 2759 80 39 the
472 2758 254 41 President
752 2760 52 39 of
832 2759 80 40 the
940 2758 179 41 United
1149 2758 162 41 States
1335 2759 95 40 and
1458 2767 260 38 governors
1747 2757 52 40 of
1826 2755 199 43 various
2050 2757 165 39 states.

367 2811 53 53 ©
443 2816 111 47 Apr.
578 2816 39 46 3,
640 2814 139 47 1935;
804 2816 64 39 2c.
894 2817 94 38 and
1015 2814 79 40 aff.
1120 2816 113 47 May
1258 2816 81 45 13;
1365 2815 39 38 A
1428 2814 170 47 83063;
1624 2815 70 40 W.
1720 2815 59 38 H.
1806 2813 271 47 O'Connell,
2101 2812 245 46 Brighton,

438 2873 142 39 Mass.
654 2871 248 49 (35-8820)

355 2974 210 65 Grabo,
594 2976 134 53 Carl
753 2976 221 63 Henry,
1005 2979 168 50 1881-

421 3049 1853 69 Prometheus unbound, an interpretation, by Carl Grabo …
356 3128 216 67 Chapel
605 3128 145 66 Hill,
783 3129 119 52 The
933 3129 335 66 University
1300 3128 63 53 of
1394 3125 187 56 North
1614 3127 270 56 Carolina
1916 3146 171 47 press,
2119 3130 148 49 1935.

422 3201 64 47 ix,
517 3200 82 40 205
630 3212 42 37 p.
732 3200 56 38 22
792 3202 43 21 cm
839 3232 8 9 .

353 3252 53 53 ©
432 3258 128 39 June
582 3258 38 45 7,
647 3257 117 39 1935;
814 3257 66 40 2c.
906 3257 129 39 June
1056 3256 80 46 10;
1166 3256 80 40 aff.
1274 3257 126 39 June
1425 3256 82 47 11;
1537 3257 39 38 A
1603 3256 168 46 83541;
1801 3254 280 48 University
2107 3255 50 40 of
2183 3254 148 39 North

421 3313 226 41 Carolina
681 3324 149 37 press.
899 3312 249 49 (35-8797)

354 3414 277 65 Graham,
659 3415 240 55 Willard
924 3417 72 63 J.,
1028 3416 169 54 1897-

339 3489 1964 376 Economics of business; a practical treatise covering the organization of society, the development of economic organization, modern economic organization, and the principles of economics, by Willard J. Graham … Chicago, American technical society, 1935.
413 3870 1195 50 3 p. l., 331 p., 1 l., 6 p. illus., diagrs. 21½ cm .
345 3922 52 52 ©
422 3928 111 46 May
560 3928 67 45 13,
652 3927 139 46 1935;
818 3928 65 39 2c.
908 3929 113 46 May
1046 3928 81 46 16;
1155 3928 80 39 aff.
1264 3927 128 39 June
1415 3927 80 47 12;
1524 3928 39 38 A
1590 3926 168 48 83593;
1786 3927 156 39 Amer.
1970 3923 234 43 technical
2231 3932 86 31 soc.

422 3982 249 40 (35-8836)
