2424 4375
1243 4092 132 49 1468

314 466 246 66 Damon,
590 468 236 55 Samuel
856 468 227 63 Foster,
1116 470 171 51 1893-

386 545 153 67 Amy
587 546 232 65 Lowell,
870 566 29 32 a
947 545 302 65 chronicle,
1297 545 139 51 with
1485 549 246 47 extracts
1781 545 153 52 from
1982 545 100 50 her

314 561 1997 130 correspondence, by S. Foster Damon … Boston and New York,
314 704 319 66 Houghton
665 700 204 54 Mifflin
901 719 298 50 company,
1234 705 149 50 1935.

382 776 98 47 xxi,
509 777 83 39 773
621 786 41 37 p.
718 776 163 47 front.,
910 776 171 47 plates,
1109 777 164 46 ports.,
1301 774 213 40 facsims.
1573 774 54 41 23
1632 776 45 21 cm
1681 806 8 9 .

315 830 53 53 ©
392 834 118 39 Nov.
536 834 39 42 1,
602 832 140 46 1935;
770 832 67 40 2c.
865 833 95 39 and
987 832 82 40 aff.
1096 832 118 39 Nov.
1241 832 81 46 11;
1352 833 41 38 A
1417 830 169 48 89320;
1620 831 43 41 S.
1694 831 49 40 F.
1773 832 204 46 Damon,
2005 830 308 41 Providence.

317 922 273 64 Dawson,
619 921 134 56 Carl
781 922 362 63 Addington.

388 995 1921 70 An introduction to sociology, by Carl A. Dawson … and
315 1072 2001 72 Warner E. Gettys … Rev. ed. New York, The Ronald press
316 1171 277 51 company
626 1188 13 34 [
644 1160 18 21 c
668 1155 132 50 1935
807 1186 13 35 ]

390 1228 115 46 xvii,
534 1228 88 41 870
648 1239 41 38 p.
748 1229 126 38 illus.
904 1227 186 48 (maps)
1127 1226 176 49 diagrs.
1363 1226 51 40 21
1421 1229 44 21 cm
1471 1259 8 8 .

392 1284 347 42 “References”
770 1287 51 38 at
847 1286 89 38 end
965 1285 53 40 of
1043 1284 115 41 each
1189 1285 203 47 chapter
1415 1287 170 44 except
1611 1284 201 48 chapter
1839 1294 29 30 i.

318 1338 53 53 ©
407 1344 127 47 Sept.
567 1343 70 42 25,
672 1341 114 41 1935;
849 1343 64 39 2c.
950 1342 102 41 Oct.
1088 1343 51 45 1;
1176 1341 82 40 aff.
1295 1341 126 48 Sept.
1457 1341 82 47 27;
1577 1341 40 39 A
1647 1341 170 47 87647;
1856 1342 189 39 Ronald
2078 1351 136 39 press
2248 1351 66 31 co.

397 1399 282 48 (35-19805)

319 1496 261 54 Decimal
613 1498 187 67 digest
830 1497 61 53 of
924 1499 95 52 the
1050 1497 246 52 Indiana
1334 1497 275 67 Supreme
1641 1497 113 52 and
1786 1496 310 68 Appellate
2128 1500 186 51 courts

391 1576 294 64 decisions,
729 1576 152 51 from
923 1576 96 52 the
1061 1575 226 55 earliest
1328 1575 200 66 period
1570 1581 58 47 to
1672 1576 145 53 date.
1897 1575 273 54 Lifetime
2212 1576 103 65 ed.,

390 1653 139 52 with
569 1651 345 55 cumulative
953 1653 201 67 pocket
1196 1653 403 67 supplements.
1677 1653 212 53 Edited
1928 1653 75 67 by
2042 1655 96 51 the
390 1654 1901 132 publisher’s

639 1732 267 53 editorial
937 1727 148 58 staff,
1157 1731 223 53 volume
1411 1735 45 49 5.
1492 1730 282 56 Criminal
1803 1731 110 54 law
1944 1735 58 49 to
2037 1731 278 54 Criminal

389 1807 254 56 offenses.
713 1809 416 69 Indianapolis,
1164 1811 122 52 The
1322 1810 443 52 Bobbs-Merrill
1800 1827 278 51 company
2299 1843 11 34 [c1935]

390 1882 530 50 1 p. l., 884 p. 26 cm .
317 1937 56 53 ©
400 1941 102 41 Oct.
531 1941 68 47 15,
628 1939 139 48 1935;
798 1940 67 40 2c.
894 1940 101 41 Oct.
1025 1941 81 41 14;
1137 1940 82 40 aff.
1247 1940 118 39 Nov.
1393 1939 53 47 2;
1477 1940 39 39 A
1545 1939 142 41 89165;
1746 1939 369 41 Bobbs-Merrill
2142 1951 68 30 co.

322 2027 309 67 Diamond,
659 2031 214 64 Moses,
904 2035 171 50 1894-

390 2106 210 54 Dental
629 2112 293 61 anatomy;
955 2124 28 34 a
1014 2105 241 68 graphic
1283 2106 384 67 presentation
1695 2106 64 53 of
1785 2106 160 53 tooth
1973 2105 177 53 forms
2181 2105 134 54 with

322 2202 70 34 an
428 2185 247 67 original
708 2183 296 67 technique
1039 2184 92 52 for
1164 2182 149 54 their
1349 2182 420 70 reproduction,
1804 2182 73 70 by
1913 2184 79 51 M.
2032 2183 282 53 Diamond

383 2259 1934 70 … 2d ed. rev. and enl. New York, The Macmillan company,
323 2341 151 50 1935.

391 2410 1391 50 xix p., 1 l., 309 p. incl. front., illus., diagrs. 24 cm .
390 2468 377 48 Bibliography:
798 2478 44 37 p.
871 2467 98 40 299.

323 2525 52 53 ©
402 2529 99 40 Oct.
534 2529 69 46 15,
631 2527 117 41 1935;
803 2527 66 41 2c.
901 2529 98 38 and
1025 2527 81 40 aff.
1139 2527 102 41 Oct.
1272 2526 81 47 16;
1386 2528 43 38 A
1457 2527 169 47 87738;
1660 2527 281 41 Macmillan
1971 2539 65 29 co.

405 2584 279 49 (35-19824)

327 2691 231 64 [Eager,
588 2689 236 53 Samuel
850 2689 292 67 Watkins]
1179 2693 171 50 1900-

395 2767 269 53 Bender’s
707 2767 179 52 forms
928 2767 94 53 for
1062 2769 97 52 the
1202 2768 404 54 Consolidated
1648 2771 137 50 laws
1828 2769 63 51 of
1930 2769 96 51 the
2065 2771 146 50 state
2251 2768 62 53 of

323 2846 139 52 New
504 2846 179 64 York,
725 2847 139 52 with
905 2847 377 66 explanatory
1321 2853 158 46 notes
1524 2847 111 52 and
1677 2865 148 34 cross
1869 2847 329 65 references,
2240 2846 72 67 by

323 2923 1989 68 B. G. Bonomi … For use with McKinney’s Consolidated laws
323 3002 63 52 of
413 3003 139 52 New
579 3002 180 66 York,
788 3003 321 52 annotated,
1175 3002 224 52 volume
1428 3006 44 49 8.
1503 3004 123 50 Tax
1652 3002 110 53 law
1789 3009 58 46 to
1877 3004 112 52 and
2016 3002 296 68 including

321 3080 356 54 Workmen’s
707 3080 422 67 compensation
1158 3081 138 63 law;
1332 3083 117 50 also
1479 3082 485 53 Unconsolidated
1995 3084 152 50 laws.
325 3081 1963 144 Albany,

524 3160 68 51 N.
627 3160 91 63 Y.,
749 3160 136 51 New
919 3158 179 55 York,
1131 3160 67 51 N.
1235 3160 89 56 Y.,
1356 3160 77 51 M.
1470 3160 225 51 Bender
1727 3163 44 49 &
1804 3178 295 49 company,
322 3158 1964 145 incorporated,
611 3240 149 50 1935.

393 3309 130 48 xxvi,
554 3309 115 40 1067
697 3320 41 37 p.
797 3309 55 39 24
856 3311 41 21 cm
904 3342 7 7 .

324 3361 52 53 ©
407 3366 101 40 Oct.
540 3366 69 46 28,
640 3364 113 41 1935;
813 3365 66 40 2c.
912 3366 96 39 and
1037 3365 81 40 aff.
1153 3365 101 40 Oct.
1283 3364 81 44 29;
1400 3366 40 38 A
1472 3365 168 47 88037;
1676 3366 234 39 Matthew
1942 3366 189 39 Bender
2164 3366 34 39 &
2231 3375 78 37 co.,

394 3422 89 41 inc.

324 3516 409 64 Enciclopedia
781 3518 237 53 italiana
1066 3519 59 51 di
1173 3520 230 64 scienze,
1449 3519 196 51 lettere
1690 3519 69 52 ed
1806 3521 130 64 arti,
1983 3518 324 68 pubblicata

393 3600 147 48 sotto
571 3594 157 54 l’alto
759 3601 304 61 patronato
1094 3596 59 52 di
1188 3597 55 53 S.
1276 3598 78 51 M.
1387 3598 42 51 il
1460 3597 83 51 Re
1573 3595 249 54 d’ltalia.
2088 3638 10 10 [XXVII.
392 3595 1917 143 Peth-Porth]

667 3674 199 64 Roma,
899 3675 237 51 Istituto
1172 3674 148 54 della
1357 3674 406 67 Enciclopedia
1797 3673 236 53 italiana
2071 3673 236 52 fondata

393 3750 72 51 da
494 3750 288 55 Giovanni
812 3752 288 56 Treccani,
1132 3755 148 50 1935.

392 3823 27 36 4
443 3831 44 37 p.
512 3824 44 45 h,
585 3822 211 48 [ix]-xvi,
823 3823 86 39 970
933 3833 41 37 p.
1027 3824 127 38 illus.
1184 3823 131 46 (inch
1342 3824 174 47 ports.)
1552 3825 158 45 plates
1735 3823 134 47 (part
1896 3824 100 46 col.,
2024 3825 113 45 part
2159 3819 140 46 fold.)

322 3887 149 37 maps,
500 3877 231 48 facsims.,
759 3878 176 47 diagrs.
992 3879 26 39 31½
1081 3881 43 21 cm
1130 3910 8 9 .

322 3929 1981 53 © Oct. 1, 1935; 1c. Oct. 30; A-Foreign 29605; Istituto dell’ Enciclopedia
393 3989 206 41 italiana
627 3991 206 40 fondata
862 3991 59 39 da
953 3991 239 42 Giovanni
1219 3991 245 39 Treccani.
