2424 4375
1009 4089 135 52 1259

93 475 166 65 Beer,
291 474 225 66 Edwin,
549 476 171 55 1876-

161 547 1920 72 Tumors of the urinary bladder, by Edwin Beer … with 52
91 629 394 67 illustrations,
527 629 299 68 including
868 633 28 49 8
939 628 64 54 in
1041 629 168 53 color.
1302 628 335 68 Baltimore,
1677 629 90 54 W.
1810 629 185 54 Wood
2036 632 46 49 &

90 723 295 52 company,
415 710 152 50 1935.

157 780 81 48 vii,
269 780 87 40 166
382 790 41 38 p.
484 779 142 49 illus.,
653 780 85 40 col.
768 780 171 49 plates.
997 779 56 41 23½c
1085 780 46 23 m
1135 811 10 10 .

159 847 373 48 Bibliography:
562 858 42 37 p.
636 846 216 42 131-157.

94 914 51 53 ©
170 918 118 48 Aug.
316 919 68 47 17,
413 918 117 41 1935;
582 918 66 40 2c.
679 919 97 39 and
800 917 81 41 aff.
911 918 118 47 Aug.
1060 916 81 49 19;
1172 918 44 40 A
1239 916 169 48 85558;
1438 916 244 41 Williams
1710 917 36 40 &
1772 916 305 42 Wilkins.co.

167 974 279 50 (35-16577)

94 1078 171 64 Bliss,
294 1079 206 64 Henry
529 1078 244 65 Evelyn,
805 1079 169 55 1870-

155 1155 57 53 A
246 1158 208 65 system
491 1153 65 54 of
591 1153 421 71 bibliographic
1050 1152 417 71 classification,
1501 1154 75 69 by
1613 1154 204 68 Henry
1856 1153 221 69 Evelyn

91 1232 164 55 Bliss.
330 1232 139 54 New
497 1232 179 69 York,
707 1233 121 53 The
856 1233 78 53 H.
963 1234 90 54 W.
1080 1232 225 55 Wilson
1334 1249 298 51 company,
1664 1234 150 51 1935.

157 1317 45 38 x,
239 1307 87 41 343
359 1318 44 38 p.
462 1306 147 42 26½cm.

161 1363 229 41 “Printed
417 1365 62 46 by
508 1364 82 40 the
620 1362 335 49 ‘photo-offset’
986 1361 237 50 process.”

161 1420 130 40 “The
317 1419 350 49 bibliographic
696 1418 345 43 classification
1069 1419 270 41 condensed
1367 1420 51 39 in
1447 1420 81 39 the
1555 1419 174 41 second
1759 1420 113 47 part
1900 1420 53 39 of
1982 1419 98 42 this

91 1477 131 41 work
260 1476 295 49 exemplifies
594 1477 86 40 the
714 1476 259 49 principles
1011 1478 112 39 that
1159 1487 85 31 are
1281 1477 161 40 stated
1480 1476 51 40 in
1568 1478 113 47 part
1719 1486 20 30 i
1776 1477 93 40 and
1909 1476 50 40 in
1999 1478 80 39 the

90 1532 216 42 author’s
337 1534 95 39 two
462 1533 258 48 preceding
751 1534 214 39 volumes
997 1543 60 31 on
1090 1532 113 42 ‘The
1232 1532 336 49 organization
1600 1533 51 41 of
1682 1531 398 50 knowledge’.”—

91 1589 127 41 Pref.

496 1658 71 49 CONTENTS.—pt.
597 1665 33 34 I.
663 1660 102 39 The
796 1661 181 46 system
1009 1659 53 42 of
1090 1658 279 50 knowledge
1402 1659 210 48 adapted
1647 1660 48 40 to
1729 1659 351 49 bibliographic

90 1714 487 50 classification.—pt.
608 1722 55 34 II.
694 1715 260 42 Schedules
985 1717 96 39 and
1110 1715 303 50 tables.—pt.
1505 1745 12 11 III.
1545 1716 154 40 Index
1728 1717 47 39 to
1804 1716 82 40 the
89 1714 1974 99 classification.

93 1839 51 53 ©
170 1844 127 40 June
321 1844 69 47 18,
418 1844 116 40 1935;
588 1844 68 40 2c.
680 1844 120 48 Aug.
828 1845 24 38 1;
911 1843 80 41 aff.
1022 1845 119 47 Aug.
1168 1843 59 41 28;
1283 1845 42 39 A
1353 1844 142 41 86103;
1554 1845 61 40 H.
1645 1846 53 39 E.
1727 1845 143 50 Bliss,
1903 1845 176 41 Dobb’s

158 1901 164 48 Ferry,
353 1902 56 39 N.
440 1902 52 39 Y.
563 1901 280 48 (35-16339)

96 2003 202 65 Boder,
325 2004 190 54 David
544 2004 196 66 Pablo,
772 2010 170 50 1886-

223 2078 1855 70 … The influence of concomitant activity and fatigue upon
93 2157 208 54 certain
333 2157 179 55 forms
540 2157 63 54 of
631 2157 309 70 reciprocal
967 2156 156 56 hand
1150 2163 316 48 movement
1497 2157 112 53 and
1637 2158 76 55 its
93 2157 1964 130 fundamental
206 2240 379 64 components,
616 2234 75 70 by

726 2233 1355 71 David P. Boder … Baltimore, Md., The
93 2310 179 56 Johns
297 2312 269 68 Hopkins
595 2330 155 51 press
785 2315 172 67 [1935]

159 2384 280 48 cover-title,
478 2384 84 40 121
602 2395 44 38 p.
719 2384 143 50 illus.,
900 2385 179 48 diagrs.
1152 2385 57 39 25½
1240 2386 16 22 cm
1289 2415 10 10 .
1382 2384 364 49 (Comparative
1787 2386 289 49 psychology

90 2441 331 48 monographs,
481 2451 44 30 v.
552 2440 69 49 11,
649 2441 145 40 serial
820 2452 74 30 no.
921 2441 69 49 54,
1017 2441 140 49 June,
1185 2441 140 50 1935)

159 2497 346 48 Bibliography:
563 2508 43 38 p.
632 2496 187 42 99-104.

95 2567 52 53 ©
177 2572 124 42 June
330 2572 70 46 17,
430 2570 140 48 1935;
603 2572 67 40 20.
702 2572 97 40 and
830 2571 81 40 aff.
941 2572 126 40 June
1099 2570 82 49 22;
1214 2572 42 39 A
1287 2571 169 47 83750;
1490 2572 157 40 Johns
1673 2571 228 49 Hopkins
1929 2580 150 40 press.

171 2628 278 49 (35-16174)

96 2731 289 65 Brennan,
416 2733 324 63 Raymond.

159 2805 120 54 The
308 2807 110 51 law
452 2807 316 68 governing
801 2811 274 64 cemetery
1108 2808 151 52 rules
1293 2806 111 53 and
1438 2802 349 72 regulations
1822 2804 252 55 national

94 2882 57 52 in
189 2900 176 52 scope.
438 2884 95 52 An
575 2884 247 67 analysis
863 2883 64 55 of
967 2885 95 53 the
1102 2902 189 50 power
1333 2883 63 53 of
1438 2882 305 56 interment
93 2880 1960 133 organizations
275 2966 58 48 to
377 2966 161 49 enact
577 2962 148 54 rules
771 2961 111 55 and
924 2961 364 69 regulations,
1331 2960 331 68 containing
1701 2959 184 53 model
1929 2959 149 54 rules

97 3037 108 52 and
243 3039 365 67 regulations,
647 3057 122 37 case
808 3039 376 66 annotations,
1222 3037 273 70 practical
1535 3042 322 62 comments,
1894 3037 185 52 model

96 3112 1959 149 forms, by Raymond Brennan … Los Angeles, Interment association of California, 1935.
162 3262 101 49 xiii,
289 3262 85 41 237
401 3273 44 38 p.
503 3263 56 41 23½
591 3266 45 21 cm
640 3294 9 11 .

163 3318 1210 52 “Co-author … Lois White Brennan.”—p. [iii]
165 3374 172 43 “Table
363 3376 52 40 of
440 3376 163 41 cases”:
660 3387 43 38 p.
729 3377 185 41 ix-xiii.

96 3443 52 53 ©
169 3449 123 41 June
315 3450 69 48 28,
409 3451 140 47 1935;
574 3451 66 40 2c.
666 3452 96 39 and
787 3450 81 41 aff.
895 3452 118 47 Aug.
1038 3452 52 46 5;
1119 3450 41 40 A
1186 3451 168 47 85313;
1384 3450 253 48 Raymond
1662 3449 150 42 Louis
1834 3452 242 46 Brennan,

162 3505 93 41 Los
284 3507 216 48 Angeles.
572 3507 279 50 (35-16568)

100 3606 248 67 Briscoe,
378 3610 221 55 Alonzo
626 3611 150 65 Otis,
808 3618 169 49 1892-

163 3685 119 52 The
306 3685 111 54 size
441 3686 65 54 of
530 3687 96 54 the
649 3688 146 53 local
820 3688 124 52 unit
972 3687 94 54 for
1092 3686 462 55 administration
1582 3690 112 52 and
1722 3684 355 70 supervision

96 3760 1983 72 of public schools, by Alonzo Otis Briscoe … New York city,
96 3835 269 58 Teachers
394 3840 227 69 college,
650 3840 295 55 Columbia
974 3841 334 69 university,
1340 3844 150 50 1935.

164 3924 81 40 xiv
277 3936 56 38 p.,
366 3927 25 39 1
456 3959 9 16 l.,
497 3928 88 40 110
614 3939 42 37 p.
717 3928 177 49 diagrs.
954 3929 145 40 23½cm.
1170 3927 264 48 (Teachers
1466 3929 192 50 college,
1691 3925 251 46 Columbia
99 3926 1960 102 university.
349 3982 363 43 Contributions
742 3987 48 39 to
821 3983 270 50 education,
1121 3995 73 31 no.
1226 3983 110 49 649)
