2424 4375
1092 4042 131 48 1029

233 510 736 48 5 p. l., 70, [1] p., 1 l. 23 ½ cm.
235 577 249 42 Classified
513 580 93 37 and
635 579 276 46 annotated,
941 578 118 40 with
1087 579 179 40 author
1293 580 159 39 index.

164 645 51 52 ©
249 650 125 40 June
406 649 69 43 22.
510 649 138 42 1935;
685 650 65 39 2c.
789 650 127 40 June
945 649 82 47 26;
1063 650 82 39 aff.
1178 651 128 38 June
1337 650 82 46 27;
1456 651 39 37 A
1529 650 169 46 83781;
1735 650 250 40 Columbia
2020 649 128 40 univ.

229 716 146 37 press.
447 706 277 46 (35-13450)

167 807 273 66 Rawlins,
471 809 225 63 George
725 806 255 67 Mimms,
1012 814 171 49 1902-

290 883 1861 68 … The distribution of calcium and iron in black oak trees,
161 961 1990 71 by George Mimms Rawlins, jr. … Nashville, Tenn., George
161 1041 267 66 Peabody
455 1041 212 68 college
695 1041 96 54 for
817 1041 269 67 teachers,
1113 1045 149 50 1934.

227 1114 1919 50 1 p. l., 7 p. 23½cm. ([George Peabody college for teachers, Nashville]
158 1170 229 41 Abstract
414 1170 51 40 of
493 1170 338 42 Contribution
861 1174 48 38 to
937 1172 271 47 education,
1233 1182 75 31 no.
1337 1172 111 50 145)

230 1240 227 41 Abstract
481 1240 51 41 of
558 1241 149 40 thesis
736 1243 106 46 (PH.
892 1242 288 48 D.)—George
1206 1242 223 48 Peabody
1456 1243 178 46 college
1656 1240 79 42 for
1761 1242 234 43 teachers,
2023 1241 126 42 1934.

167 1307 51 52 ©
251 1311 110 39 Feb.
394 1311 67 45 12,
499 1310 112 42 1935;
677 1311 66 41 2c.
781 1312 108 39 Feb.
924 1312 55 40 25;
1044 1312 82 40 aff.
1162 1312 109 40 Feb.
1308 1312 55 39 21;
1427 1313 42 38 A
1503 1311 142 41 79811;
1709 1312 186 47 George
1927 1312 225 48 Peabody

234 1369 180 46 college
438 1368 81 40 for
546 1370 235 38 teachers.
850 1369 278 47 (35-11306)

166 1468 225 66 Ripley,
419 1471 273 61 Thomas,
724 1478 168 48 1895-

232 1547 160 66 They
422 1548 129 53 died
585 1549 139 52 with
754 1549 148 52 their
932 1551 158 51 boots
1123 1569 89 42 on,
1242 1551 74 65 by
1346 1551 247 52 Thomas
1623 1548 229 68 Ripley.
1918 1549 228 55 Garden

164 1623 153 67 City,
352 1624 70 52 N.
462 1624 90 65 Y.,
587 1625 355 65 Doubleday,
978 1627 195 51 Doran
1212 1630 45 49 &
1294 1643 297 49 company,
1627 1627 125 54 inc.,
1791 1630 150 48 1935.

232 1694 1586 53 5 p. l., ix-xx p., 1 l., 285 p. front., plates, ports. 21½cm.
233 1751 285 43 Illustrated
559 1751 358 51 lining-papers.

233 1808 99 41 The
357 1810 134 46 story
515 1809 52 41 of
590 1809 127 41 John
743 1811 188 47 Wesley
957 1810 192 40 Hardin
1176 1811 95 39 and
1297 1811 76 41 his
1399 1811 161 40 fellow
1586 1812 291 47 desperados
1904 1811 48 39 in
1977 1813 172 39 Texas.

233 1865 162 42 “First
427 1866 196 41 edition.

234 1919 346 52 Bibliography
614 1923 223 41 included
872 1924 48 39 in
956 1923 285 41 “Foreword
1276 1924 95 40 and
1406 1924 487 48 acknowledgment.”

165 1990 51 52 ©
240 1994 115 47 July
379 1993 67 48 19,
470 1993 112 41 1935;
635 1994 67 40 2c.
728 1995 95 39 and
850 1993 87 40 aff.
957 1993 115 48 July
1094 1994 56 38 24;
1204 1994 39 38 A
1269 1993 145 40 85156;
1466 1994 51 38 T.
1545 1994 184 48 Ripley,
1756 1995 215 39 Atlanta.

242 2049 278 49 (35-10988)

170 2154 304 63 Schepers,
502 2155 370 61 Hansjulius.

234 2230 219 67 Japans
503 2229 336 54 Seefischerei;
925 2231 118 53 eine
1094 2229 794 69 wirtschaftsgeographische
166 2248 1961 126 Zusammenfassung,
597 2325 101 33 von
755 2304 334 67 Hansjulius
1138 2306 289 70 Schepers.
1502 2307 471 68 Herausgegeben
2026 2325 122 34 vom

167 2383 444 69 Japan-institut
650 2386 52 51 in
746 2383 208 54 Berlin.
1029 2385 256 64 Breslau,
1319 2384 62 50 F.
1415 2384 158 65 Hirt,
1612 2387 147 49 1935.

235 2455 1434 48 228 p. incl. illus. (incl. maps) tables, diagrs. 23 ½ cm.
235 2512 673 41 “Schrifttumsverzeicbnis”
928 2525 9 27 :
969 2523 42 37 p.
1042 2512 215 40 213-219.

167 2582 1799 52 © Nov. 15, 1934; 1c. Dec. 17; A -Foreign 26853; Ferdinand Hirt.
245 2643 278 48 (35-11605)

171 2745 184 64 Scott,
386 2746 200 63 Harry
613 2745 288 64 Fletcher,
934 2751 169 49 1869-

237 2822 308 67 Language
576 2822 111 51 and
718 2821 73 53 its
821 2820 250 68 growth;
1106 2840 69 35 an
1208 2822 388 52 introduction
1625 2826 58 48 to
1714 2820 95 54 the
1839 2819 221 71 history
2091 2821 63 52 of

168 2898 1897 69 language, by Harry Fletcher Scott … Wilbur [!] Lester Carr …
192 2975 1956 70 [and] Gerald Thomas Wilkinson … Chicago, Atlanta [etc.]
170 3052 176 58 Scott,
375 3054 303 52 Foresman
708 3056 43 49 &
781 3072 296 50 company,
1107 3056 148 50 1935.

241 3126 627 50 vii p., 1 l., 389 p. 21cm.
243 3183 144 40 “This
413 3184 122 39 book
563 3183 40 40 is
631 3195 27 29 a
688 3183 206 40 revision
922 3185 94 40 and
1043 3185 330 46 enlargement
1401 3184 53 41 of
1480 3184 114 40 ‘The
1621 3184 333 47 development
1980 3184 51 41 of
171 3184 1966 104 language’,
380 3240 252 48 copyright
660 3239 156 41 1921.”

242 3295 374 49 Bibliography:
646 3307 43 38 p.
717 3296 99 41 378.

172 3363 51 52 ©
247 3368 115 46 July
387 3368 39 45 6,
454 3367 111 40 1935;
619 3367 65 40 2c.
713 3368 113 46 July
853 3366 51 46 9;
937 3367 81 40 aff.
1045 3368 114 46 July
1186 3367 80 43 10;
1294 3368 40 38 A
1362 3367 142 40 83951;
1564 3368 148 48 Scott,
1739 3368 262 40 Foresman
2028 3368 36 40 &
2087 3380 68 29 co.

242 3422 277 49 [Copyright
547 3424 40 39 is
614 3423 205 40 claimed
846 3434 58 29 on
932 3422 223 49 revision]
1228 3423 278 47 (35-11170)

176 3525 192 63 Sears,
399 3527 312 52 Frederick
743 3527 288 63 Edmund,
1061 3532 169 50 1871-

242 3602 1917 70 Essentials of physics, by Frederick E. Sears … Chicago,
173 3680 135 52 New
339 3680 178 66 York,
543 3681 207 52 Laurel
775 3681 147 53 book
947 3699 279 49 company
1260 3685 172 63 [c1935]

239 3764 45 35 x,
313 3752 85 40 596
423 3764 40 37 p.
494 3754 106 39 incl.
626 3753 161 46 front.,
814 3754 143 45 illus.,
985 3756 85 38 col.
1100 3765 76 37 pl.,
1203 3754 177 48 diagrs.
1440 3753 117 43 19cm.

241 3808 169 41 “Sixth
443 3810 228 46 printing,
703 3809 151 48 April,
884 3809 157 41 1935.”

177 3873 51 52 ©
259 3879 125 39 June
415 3879 39 45 6,
484 3878 138 41 1935;
655 3878 66 40 2c.
754 3881 94 38 and
879 3879 80 39 aff.
994 3880 118 46 July
1139 3879 52 46 5;
1224 3879 40 39 A
1296 3879 169 46 83574;
1502 3879 179 40 Laurel
1712 3879 123 40 book
1864 3888 69 31 co.
244 3877 1898 104 [Copyright
403 3935 43 39 is
477 3934 202 40 claimed
713 3946 58 29 on
804 3946 103 29 new
937 3938 193 45 matter]
1203 3935 277 49 (35-11307)
