2424 4375
1016 4082 133 53 1367

187 522 84 39 193
300 533 44 37 p.
403 523 55 38 21
462 525 43 21 cm
510 554 8 8 .

188 577 162 41 “First
378 578 218 49 printing
628 578 290 49 September,
950 580 307 48 1935—6,000
1288 582 204 49 copies.”

115 630 53 53 ©
195 634 126 49 Sept.
344 634 70 48 21,
439 636 140 46 1935;
605 636 66 40 2c.
701 637 126 48 Sept.
852 638 82 45 25;
960 638 82 39 aff.
1072 639 125 47 Sept.
1226 640 81 46 24;
1335 641 40 38 A
1401 641 169 47 86447;
1599 643 130 40 Arno
1757 643 49 41 C.
1834 643 272 50 Gaebelein,

182 689 105 49 inc.,
313 692 116 40 New
452 693 143 40 York.
669 693 278 48 (35-18082)

117 794 198 65 Gibbs,
341 795 100 55 Sir
467 796 192 65 Philip
687 796 320 65 Hamilton,
1040 801 170 53 1877-

186 873 182 53 Blood
414 872 297 68 relations;
762 895 31 33 a
834 876 163 53 novel
1042 877 75 66 by
1161 876 198 68 Philip
1404 879 196 54 Gibbs.
1672 880 235 55 Garden
1954 882 153 68 City,

115 953 68 51 N.
221 953 89 64 Y.,
344 953 355 66 Doubledav,
734 956 197 51 Doran
966 958 44 49 &
1044 973 296 49 company,
1377 956 126 67 inc.,
1540 961 149 49 1935.

183 1025 603 48 5 p. l. , 3-477 p. 20½ cm .
187 1082 159 40 “First
378 1082 225 40 edition.”

112 1134 53 53 ©
193 1138 101 40 Oct.
321 1140 41 46 4,
390 1138 140 47 1935;
559 1139 69 40 2c.
655 1140 95 39 and
779 1140 82 39 aff.
891 1140 102 40 Oct.
1022 1140 81 41 17:
1132 1141 40 38 A
1200 1140 169 48 86894;
1401 1142 164 48 Philip
1592 1142 161 48 Gibbs,
1785 1144 208 39 London.

193 1195 279 47 (35-27363)

113 1282 248 66 Gilman,
405 1288 137 50 Mrs.
590 1284 305 55 Charlotte
926 1284 309 66 (Perkins)
1288 1288 259 64 Stetson,
1597 1291 324 51 1860-1935.

182 1364 120 51 The
334 1364 185 65 living
551 1362 63 55 of
651 1364 293 55 Charlotte
976 1364 242 53 Perkins
1253 1365 251 67 Gilman,
1539 1384 72 34 an
1644 1367 459 68 autobiography

111 1441 73 66 by
219 1441 295 54 Charlotte
547 1442 243 52 Perkins
821 1441 260 67 Gilman;
1118 1442 285 53 foreword
1436 1444 75 66 by
1545 1446 152 51 Zona
1730 1445 158 55 Gale.
1964 1447 139 52 New

112 1519 178 65 York,
328 1519 256 66 London,
623 1522 71 51 D.
734 1521 578 66 Appleton-Century
1349 1538 296 50 company,
1685 1522 417 69 incorporated,

112 1601 148 48 1935.

173 1669 189 39 xxxviii
391 1679 58 38 p.,
476 1669 25 39 1
564 1699 9 17 l.,
599 1669 85 40 341
709 1680 43 38 p.
807 1670 164 48 front.,
1000 1672 149 45 ports.
1206 1670 54 38 21½
1294 1672 44 22 cm
1343 1702 8 8 .

112 1721 53 53 ©
205 1726 101 40 Oct.
348 1727 68 46 11,
457 1724 117 42 1935
588 1736 9 35 ;
638 1725 68 40 2c.
748 1727 96 39 and
884 1725 80 40 aff.
1009 1726 100 40 Oct.
1153 1726 82 48 16;
1277 1727 42 39 A
1360 1726 170 47 87704;
1574 1726 279 42 Katharine
1891 1730 212 38 Beecher

176 1783 192 40 Stetson
405 1781 323 48 Chamberlin,
762 1782 268 47 Pasadena,
1066 1782 144 41 Calif.
1282 1783 279 49 (35-27339)

112 1873 301 64 Goldman,
442 1875 307 61 Raymond
778 1874 208 64 Leslie,
1018 1879 170 50 1895-

175 1951 120 52 The
330 1950 148 68 good
512 1948 162 70 fight,
708 1950 76 68 by
818 1949 301 68 Raymond
1152 1949 183 55 Leslie
1372 1948 302 56 Goldman.
1748 1949 137 54 New
1922 1950 178 70 York,

108 2027 546 66 Coward-McCann,
685 2028 126 67 inc.,
847 2029 148 50 1935.

175 2099 64 46 ix,
269 2099 98 47 193,
402 2119 10 30 [1]
489 2109 42 37 p.
591 2098 58 40 19½
678 2100 45 22 cm
727 2130 10 9 .

177 2156 69 39 “A
269 2156 127 40 brief
422 2156 386 47 autobiography
831 2155 51 41 of
907 2166 28 30 a
962 2156 160 47 happy
1150 2155 260 47 man.”—p.
1437 2156 39 41 9.

105 2212 53 53 ©
188 2217 125 47 Sept.
340 2216 69 47 20,
438 2215 112 41 1935
569 2226 8 35 ;
609 2215 66 41 2c.
709 2215 128 48 Sept.
866 2214 82 47 20;
979 2215 82 39 aff.
1095 2215 127 47 Sept.
1253 2215 81 47 21;
1366 2216 40 38 A
1437 2215 170 47 87126;
1640 2216 457 48 Coward-McCann,

175 2273 89 40 inc.
335 2272 280 49 (35-18112)

108 2364 274 60 Gundolf,
411 2363 284 54 Cordelia.

171 2440 241 68 Myrtles
441 2439 112 53 and
579 2437 169 68 mice;
780 2439 183 52 leaves
993 2438 152 52 from
1173 2439 96 52 the
1294 2437 217 53 Italian
1540 2436 167 71 diary
1735 2439 64 51 of
1830 2437 265 55 Cordelia

102 2517 290 66 Gundolf;
435 2516 316 54 translated
789 2516 77 68 by
901 2516 68 52 R.
1008 2517 89 53 W.
1138 2515 305 69 Reynolds.
1520 2516 138 53 New
1700 2516 179 68 York,
1918 2517 68 52 E.
2028 2518 65 52 P.

102 2594 766 68 Dutton & co., inc. [ c 1935]
171 2667 1138 50 xiii, 132 p. incl. front., plates, pl. 19½ cm .
174 2726 162 39 “First
365 2723 227 42 edition.”

102 2777 53 53 ©
195 2782 126 48 Sept.
359 2780 69 49 24,
466 2780 139 46 1935;
647 2780 67 39 2c.
754 2781 95 38 and
887 2779 82 40 aff.
1013 2779 127 47 Sept.
1179 2778 82 47 25;
1302 2780 42 37 A
1413 2779 139 46 86458;
1596 2779 214 41 Richard
1851 2780 242 41 Williams

171 2831 1375 54 Reynolds, ℅ Lloyds bank, Birmingham, England.
182 2894 279 49 (35-18086)

98 2984 222 64 Hardy,
353 2984 245 55 Charles
627 2982 202 63 Oscar,
864 2988 169 49 1884-

230 3059 1859 69 … The Warren-Pearson price theory, by Charles O. Hardy.
103 3139 395 67 Washington,
525 3140 71 51 D.
628 3138 81 66 C.,
735 3138 121 53 The
886 3137 322 68 Brookings
1236 3136 345 67 institution,
1613 3141 148 49 1935.

174 3211 81 48 vii,
295 3212 56 39 34
393 3222 44 37 p.
507 3210 176 48 diagrs.
756 3210 56 39 22½
844 3212 42 22 cm
892 3241 10 10 .
985 3210 124 49 (The
1153 3210 270 48 Brookings
1469 3209 294 42 institution.
1836 3210 254 49 Pamphlet

100 3265 162 40 series,
320 3274 77 33 no.
426 3263 80 48 17)
630 3262 130 50 $0.50

171 3324 278 41 Half-title:
476 3324 101 40 The
602 3323 234 41 Institute
862 3322 50 41 of
938 3322 265 41 economics
1232 3323 51 40 of
1308 3324 83 39 the
1418 3322 270 49 Brookings
1715 3320 294 43 institution.

176 3382 68 39 “A
275 3380 236 49 pre-print
541 3380 126 39 from
700 3390 27 29 a
761 3380 144 47 study
938 3379 50 39 of
1021 3380 80 39 the
1135 3379 235 40 influence
1404 3380 49 39 of
1486 3380 245 46 exchange
1761 3379 329 48 depreciation

104 3448 58 30 on
191 3438 168 48 prices,
390 3438 94 39 and
517 3447 59 28 on
604 3438 82 39 the
715 3436 187 40 volume
932 3436 97 39 and
1059 3434 236 41 direction
1326 3436 52 40 of
1409 3437 80 40 the
1520 3436 107 39 flow
1655 3435 53 40 of
1738 3434 349 43 international

106 3492 1982 48 trade … Harold G. Moulton and Leo Pasvolsky have served with the
104 3551 209 40 director
337 3561 55 30 as
419 3560 28 30 a
474 3549 272 41 committee
771 3548 327 48 co-operating
1126 3548 117 41 with
1273 3550 80 39 the
1381 3549 178 40 author
1589 3548 48 39 in
1667 3549 80 40 the
1775 3547 313 50 preparation

99 3607 50 39 of
175 3609 80 42 the
283 3604 616 51 pamphlet.”—Director’s
929 3605 121 48 pref.

99 3660 53 52 ©
177 3664 115 47 July
317 3663 67 47 12,
411 3663 140 46 1935;
580 3662 65 40 2c.
673 3663 115 46 July
814 3662 51 46 8;
894 3661 80 40 aff.
1004 3662 115 47 July
1146 3662 51 45 5;
1228 3662 39 38 A
1295 3660 170 47 83917;
1493 3660 270 49 Brookings
1792 3660 293 41 institution.

178 3719 278 48 (35-17613)

97 3807 325 64 Hargrave,
451 3808 173 62 John,
655 3813 170 49 1894-

169 3883 259 55 Summer
459 3881 137 53 time
625 3883 152 68 ends,
808 3883 74 68 by
914 3882 156 55 John
1101 3883 321 67 Hargrave.
1496 3879 416 71 Indianapolis,
1946 3882 138 53 New

102 3959 1331 69 York, The Bobbs-Merrill company [ c 1935]
