2424 4375
1006 4069 134 55 1177

94 451 268 56 Aladdin.

162 527 258 52 Aladdin
461 530 112 50 and
612 529 96 52 the
747 528 322 53 wonderful
1108 529 186 67 lamp;
1336 527 322 53 illustrated
1699 529 76 66 by
1814 529 70 50 E.
95 529 1927 144 Mac-Kinstry.

427 605 139 53 New
597 603 179 68 York,
803 606 118 53 The
948 605 332 52 Macmillan
1310 623 296 50 company,
1635 608 150 50 1935.

168 679 83 49 [17]
282 689 41 38 p.
384 678 126 41 illus.
541 678 134 48 (part
706 678 110 48 col.)
881 677 147 42 28½cm.

98 732 51 53 ©
180 737 126 47 Sept.
332 736 39 41 3.
400 735 115 40 1935;
567 734 67 41 2c.
663 736 95 39 and
786 734 79 40 aff.
898 735 127 48 Sept.
1052 735 28 38 4;
1136 735 43 39 A
1204 734 146 41 86152;
1406 734 281 40 Macmillan
1716 746 65 29 co.

174 793 277 48 (35-14574)

86 894 312 54 American
450 895 112 52 and
613 894 296 54 Canadian
957 895 300 52 insurance
1303 894 251 66 counsel;
1607 895 330 67 presenting
1984 895 98 52 the

157 992 187 34 names
370 973 63 52 of
458 974 438 67 representative
922 973 273 52 members
1221 971 64 53 of
1307 973 99 52 the
1426 973 103 51 bar
1554 972 125 54 who
1706 990 96 35 are
1824 974 254 67 engaged

157 1052 59 52 in
248 1051 122 66 life,
403 1050 118 67 fire,
555 1053 273 65 casualty,
861 1055 193 62 surety
1090 1051 111 51 and
1234 1051 221 52 marine
1490 1050 300 54 insurance
1820 1053 111 51 law
1966 1053 111 52 and

157 1133 248 65 practice
429 1132 60 51 in
515 1130 94 52 the
636 1128 216 55 United
880 1128 188 55 States
1096 1129 110 52 and
1238 1129 252 66 Canada,
1516 1135 58 46 to
1601 1130 186 52 which
1811 1130 103 53 has
1941 1130 137 54 been

155 1206 1923 149 added a supplementary list of general practitioners, corporation and trial lawyers … [Year book] 1935-36. New York,
155 1366 76 52 H.
259 1366 67 52 R.
356 1366 212 51 Brown
614 1366 177 64 [c1935]

162 1436 578 50 5 p. l., 3-491 p. 21cm.
96 1491 51 53 ©
180 1497 119 45 Aug.
335 1494 70 47 20,
439 1492 114 41 1935;
617 1492 66 41 2c.
721 1494 95 38 and
853 1491 79 41 aff.
974 1492 128 47 Sept.
1139 1492 56 40 13;
1261 1492 43 39 A
1338 1491 143 41 85941;
1549 1493 193 41 Hubert
1775 1493 303 42 Rutherford

163 1554 190 38 Brown.

87 1657 117 52 The
236 1654 315 54 American
582 1654 216 55 Jewish
826 1672 134 49 year
990 1653 164 54 book,
1188 1655 152 65 5696,
1375 1652 329 68 September
1735 1657 84 64 28,
1852 1658 133 50 1935
2019 1660 57 47 to

162 1733 327 69 September
523 1735 82 64 16,
637 1735 148 50 1936.
854 1731 225 53 volume
1108 1734 82 50 37.
1259 1730 213 53 Edited
1503 1732 77 66 by
1613 1732 198 67 Harry
153 1732 1898 134 Schneiderman

417 1811 94 53 for
541 1811 98 53 the
665 1810 304 52 American
1001 1809 216 55 Jewish
1249 1811 334 52 committee.
1651 1810 426 69 Philadelphia,

156 1892 119 51 The
303 1889 216 57 Jewish
545 1886 351 70 publication
925 1887 212 67 society
1162 1887 64 52 of
1252 1888 284 67 America,
1566 1891 151 51 1935.

161 1959 850 53 viii p., 1 l., 546 p. ports. 19cm.
94 2018 51 53 ©
171 2022 124 47 Sept.
318 2021 69 46 18,
412 2018 115 41 1935;
578 2018 66 40 2c.
673 2018 127 47 Sept.
826 2015 80 49 19;
935 2016 81 40 aff.
1043 2017 125 47 Sept.
1196 2016 83 48 20;
1305 2017 41 39 A
1399 2017 116 40 87104;
1569 2017 183 40 Jewish
1777 2017 300 50 publication

161 2089 90 29 soc.
280 2077 52 40 of
355 2076 238 40 America.

89 2182 320 63 Anderton,
440 2180 260 62 Stephen
729 2177 251 66 Philbin,
1012 2180 171 53 1874-

234 2255 351 69 Washington’s
623 2255 234 67 appeal;
899 2254 100 52 the
1037 2253 372 54 foundations
1452 2252 65 55 of
1559 2253 378 55 constructive
90 2255 1958 148 democracy,
387 2334 77 69 by
492 2332 250 69 Stephen
769 2333 66 52 P.
863 2331 317 53 Anderton.
1242 2331 138 53 New
1410 2331 180 69 York,
1620 2331 215 69 Covici,
1864 2331 208 55 Friede

96 2414 189 66 [c1935]

161 2480 1174 52 viii p., 2 l., 13-63 p. illus. (facsims.) 18cm.
94 2539 51 53 ©
170 2545 117 47 Aug.
317 2543 39 48 2,
386 2541 140 41 1935;
556 2541 65 40 2c.
654 2542 120 47 Aug.
803 2541 28 39 5;
888 2540 80 40 aff.
999 2541 120 46 Aug.
1148 2540 28 39 3;
1233 2540 42 38 A
1304 2540 142 40 84841;
1508 2541 44 40 S.
1583 2541 52 40 P.
1663 2541 263 48 Anderton,
1957 2543 118 39 New

159 2601 141 39 York.
372 2599 278 48 (35-14827)

92 2700 341 66 Antonucci,
462 2701 254 63 Alceste,
749 2705 169 49 1881-

267 2775 1806 71 … Le bilan des réparations et la crise mondiale. Paris,
91 2856 528 69 Berger-Levrault,
646 2859 150 50 1935.

157 2930 98 47 xii,.
269 2930 83 40 563
382 2940 42 38 p.
484 2929 117 40 25cm.

155 2987 65 41 At
242 2987 125 40 head
390 2986 52 40 of
466 2986 110 40 title
593 2995 10 29 :
629 2985 53 39 A.
709 2983 282 41 Antonucci.

93 3038 1978 53 © Apr. 11, 1935; 1c. June 12; A-Foreign 28248: A. Antonucci, Rome.
170 3099 276 48 (35-14661)

91 3187 174 66 Asch,
291 3188 262 64 Nathan,
587 3192 171 50 1902-

158 3265 119 54 The
313 3266 204 65 valley,
553 3265 77 65 by
667 3263 231 53 Nathan
937 3261 172 54 Asch.
1181 3262 140 53 New
1361 3262 178 64 York,
1577 3262 122 53 The
1736 3262 329 55 Macmillan

92 3358 289 50 company,
416 3345 152 50 1935.

158 3413 26 40 3
211 3425 42 38 p.
303 3445 24 16 l.,
355 3413 85 40 233
468 3424 42 38 p.
571 3412 146 41 20½cm.

94 3466 51 53 ©
174 3470 124 49 Sept.
324 3472 40 45 3,
390 3470 116 41 1935;
556 3469 67 40 2c.
652 3468 95 41 and
774 3468 79 39 aff.
886 3468 125 47 Sept.
1038 3468 28 38 4;
1121 3467 44 39 A
1188 3467 146 40 86148;
1388 3465 280 42 Macmillan
1697 3478 67 30 co.

172 3527 274 48 (35-14573)

87 3615 130 64 Bac,
250 3618 329 52 Ferdinand
610 3615 340 65 Sigismund
979 3613 180 65 Bach,
1188 3615 201 51 known
1425 3631 59 34 as
1514 3614 351 64 Ferdinand,
1903 3622 170 48 1859-

213 3691 1851 70 … Promenades dans l’Italie nouvelle. [III] La Sicile. [Paris]
94 3771 479 67 Hachette [ 1935]
162 3839 1158 53 2 p. l., vi, 384 p., 1 1. front. (port.) 19cm.
161 3900 62 39 At
246 3901 125 39 head
399 3900 50 39 of
475 3899 133 41 title:
639 3897 278 41 Ferdinand
944 3899 113 38 Bac.

96 3951 1974 52 © June 26, 1935 : 1c. Sept. 7; A-Foreign 29276; Ferdinand Bac, Menton
172 4012 74 47 (A.
273 4013 87 46 M.)
396 4013 197 39 France.
