2424 4375
1067 4031 100 54 703

177 486 792 48 vii. 376 p. front. (port.) 23½cm.
178 543 340 46 Bibliography
537 553 8 28 :
579 552 43 37 p.
651 541 215 42 360-364.

112 610 51 53 ©
186 615 112 46 May
322 613 68 48 10,
416 613 139 47 1935;
582 613 66 40 2c.
675 614 113 47 May
811 613 81 46 20;
922 613 82 40 aff.
1031 614 114 46 May
1167 613 82 46 25;
1281 613 38 38 A
1345 611 171 47 81964;
1546 612 163 38 Board
1734 611 51 39 of
1812 612 213 40 trustees
2045 611 53 39 of

180 672 78 39 the
287 671 182 39 Leland
499 671 235 40 Stanford
764 670 162 47 junior
957 670 144 46 univ.,
1135 670 235 40 Stanford
1403 667 294 49 University,
1729 667 144 41 Calif.

188 727 247 47 (35-7759)

114 829 215 64 Henry,
357 830 178 62 Hugh
565 829 273 62 Thomas,
871 835 168 49 1862-

183 905 118 52 The
338 904 199 54 Lord’s
580 923 232 49 prayer;
856 926 30 33 a
927 922 189 36 course
1158 904 63 52 of
1260 922 161 35 seven
1465 904 211 51 Lenten
1721 919 265 50 sermons,
2028 902 70 67 by

117 978 1959 150 the Right Rev. Msgr. H. T. Henry … New York, J. F. Wagner, inc. [ c 1935 ]
184 1130 55 40 96
267 1141 41 37 p.
369 1129 56 41 20½cm.

113 1200 51 53 ©
194 1205 107 39 Feb.
331 1205 39 45 5,
400 1204 139 43 1935;
569 1204 67 40 2c.
666 1205 121 40 Mar.
817 1205 80 46 13;
930 1204 80 39 aff.
1041 1205 122 39 Mar.
1198 1204 81 46 12;
1311 1205 42 38 A
1381 1202 170 49 79992;
1583 1204 180 47 Joseph
1794 1203 48 40 F.
1876 1203 225 46 Wagner,

180 1262 87 39 inc.
338 1261 249 48 (35-7741)

121 1363 128 56 Hill,
278 1365 251 52 Howard
560 1365 309 63 Copeland.

186 1440 1852 69 The life and work of the citizen, by Howard C. Hill …
122 1518 221 52 Boston.
371 1520 136 52 New
538 1519 160 53 York
836 1552 29 33 [etc.]
898 1519 155 55 Ginn
1082 1519 110 53 and
1220 1537 280 49 company
1533 1551 12 34 [
1547 1525 22 21 c
1574 1520 151 63 1935]

184 1590 110 41 xvii.
347 1592 54 47 [1],
434 1590 85 40 637
548 1601 42 38 p.
649 1591 85 41 col.
765 1592 164 41 front.,
961 1593 126 40 illus.
1118 1591 131 49 (inch
1281 1592 172 49 ports.)
1494 1592 179 48 diagrs.
1706 1590 56 41 20
1765 1591 42 22 cm
1813 1622 8 8 .

184 1646 298 50 “Readings”
510 1650 52 38 at
590 1648 91 40 end
710 1648 52 40 of
787 1648 116 41 each
931 1648 215 48 chapter.

117 1713 51 53 ©
196 1719 112 46 May
334 1718 38 46 1,
403 1716 138 48 1935;
571 1717 67 40 2c.
667 1718 114 48 May
807 1716 83 48 24;
920 1717 81 41 aff.
1036 1717 113 48 May
1177 1716 83 48 22;
1291 1718 39 38 A
1359 1715 170 50 83289;
1562 1717 59 40 H.
1651 1717 49 41 C.
1732 1716 117 48 Hill,
1880 1715 224 47 Chicago.

192 1774 249 48 (35-7665)

188 1876 1854 68 The life and work of the citizen, by Howard C. Hill …
122 1951 199 60 Civics.
371 1954 302 55 Economic
721 1955 353 67 citizenship.
1122 1955 381 53 Educational
1549 1955 110 53 and
1709 1954 393 68 occupational

121 2032 385 67 opportunity.
593 2034 233 67 Boston,
872 2035 135 51 New
1061 2034 158 53 York
1272 2040 137 60 [etc.]
1462 2033 153 55 Ginn
1667 2033 108 54 and
1824 2051 277 49 company

123 2113 187 63 [c1935]

186 2181 113 48 xvii,
334 2184 70 47 [1],
435 2182 99 48 637,
565 2183 53 40 73
650 2195 43 37 p.
750 2183 85 42 col.
867 2185 163 43 front.,
1062 2185 126 39 illus.
1218 2184 133 48 (incl.
1383 2187 162 46 ports.,
1576 2186 134 46 map)
1749 2184 178 46 diagrs.
1987 2187 56 37 20c
2064 2187 25 21 m
2095 2217 7 8 .

187 2238 70 40 On
284 2250 166 29 cover:
484 2240 91 40 For
603 2240 111 41 New
746 2241 127 39 York
902 2244 140 36 state.

188 2295 298 48 “Readings”
518 2301 51 36 at
597 2297 91 41 end
717 2296 52 41 of
795 2297 116 41 each
940 2297 214 48 chapter.

122 2347 51 53 ©
199 2354 112 47 May
337 2354 39 45 3,
405 2353 139 46 1935;
574 2353 67 40 2c.
670 2354 115 47 May
811 2353 80 46 24;
925 2352 80 40 aff.
1042 2354 111 47 May
1181 2352 81 47 22;
1295 2354 38 38 A
1363 2353 134 39 83291:
1617 2386 7 7 H.
1656 2354 47 40 C.
1734 2353 118 48 Hill,
1884 2353 223 47 Chicago.

191 2409 280 49 [Copyright
496 2410 42 40 is
565 2411 203 39 claimed
799 2421 58 29 on
886 2411 318 48 supplement]
1276 2410 250 47 (35-7666)

124 2512 352 66 [Holmgren,
510 2514 283 63 Ephraim
826 2515 75 66 S.]
941 2519 170 49 1902-
1324 2532 177 49 comp.

190 2590 170 54 Rules
388 2590 93 54 for
510 2589 309 56 admission
849 2597 58 47 to
934 2591 95 54 the
1059 2591 104 53 bar
1192 2591 60 53 in
1281 2591 95 53 the
1407 2593 214 52 several
1653 2598 172 46 states
1856 2593 109 52 and

126 2600 1959 122 territories
376 2668 65 53 of
471 2669 95 53 the
595 2669 216 54 United
849 2668 187 56 States
1068 2667 59 54 in
1160 2669 154 53 force
1345 2669 204 53 March
1586 2672 46 62 1,
1669 2673 150 63 1934,
1851 2671 259 64 together

129 2744 135 53 with
299 2746 97 52 the
423 2744 152 56 Code
610 2745 65 54 of
706 2746 176 53 ethics
916 2746 247 67 adopted
1194 2745 76 68 by
1302 2747 95 52 the
1429 2746 307 54 American
1771 2746 103 53 bar
125 2748 1959 127 association

307 2824 305 53 annotated
641 2829 58 48 to
728 2842 151 35 cases
906 2824 60 52 in
993 2825 166 66 point
1184 2824 112 53 and
1327 2824 96 53 list
1451 2823 66 54 of
1545 2824 109 53 law
1682 2823 234 54 schools.
1990 2826 117 50 21st

126 2901 79 51 ed.
282 2900 81 55 St.
393 2901 164 66 Paul,
587 2901 203 68 Minn.,
813 2901 161 54 West
1003 2901 335 68 publishing
1367 2918 297 51 company,
1698 2904 147 50 1934.

193 2973 114 48 xxii,
334 2974 84 40 175
445 2985 40 37 p.
542 2974 57 39 24
601 2976 44 21 cm
650 3005 8 9 .

193 3030 230 41 Previous
448 3030 209 41 editions
682 3031 232 47 compiled
942 3031 59 47 by
1029 3031 53 40 E.
1112 3031 43 40 S.
1183 3031 277 47 Holmgren.

194 3087 249 41 “Includes
488 3087 225 40 valuable
758 3088 316 39 information
1118 3088 49 38 in
1213 3088 171 46 regard
1433 3091 47 37 to
1526 3088 79 39 the
1650 3088 224 45 statutes,
1922 3088 187 46 reports

128 3144 93 39 and
253 3143 179 48 digests
467 3145 52 39 of
551 3145 117 39 each
701 3145 143 46 state,
876 3143 261 48 especially
1169 3143 225 41 valuable
1429 3147 47 37 to
1514 3145 79 39 the
1628 3145 181 46 lawyer
1844 3142 205 49 opening
2083 3153 23 28 a

128 3208 100 32 new
254 3200 362 41 office.”—Pref.

129 3251 51 52 ©
208 3257 110 47 Apr.
349 3258 40 46 5,
418 3257 112 40 1934;
587 3257 65 40 2c.
685 3258 115 47 May
825 3257 70 47 27,
923 3257 140 46 1935;
1097 3256 81 41 aff.
1210 3259 112 45 May
1356 3256 80 47 10;
1470 3257 39 38 A
1540 3255 169 48 81997;
1742 3258 134 38 West
1907 3258 106 46 pub.
2044 3266 65 30 co.

204 3312 245 51 (35-7792)

128 3410 330 70 Hornaday,
486 3414 252 56 William
767 3415 252 66 Temple,
1051 3421 169 49 1854-

191 3487 359 72 Hornaday’s
579 3491 303 53 American
912 3492 227 51 natural
1171 3491 249 69 history;
1455 3510 30 33 a
1519 3490 342 53 foundation
1895 3490 62 53 of
130 3507 1957 108 useful
251 3565 328 68 knowledge

617 3568 64 53 of
719 3569 93 52 the
854 3568 204 69 higher
1099 3568 241 53 animals
1378 3567 65 53 of
1480 3568 185 52 North
1709 3567 282 66 America,
2032 3567 76 69 by

127 3638 1981 76 William T. Hornaday … 16th ed., rev. Illustrated by 228
128 3716 236 69 original
410 3722 287 69 drawings
741 3722 74 69 by
861 3723 206 53 Beard.
1110 3721 280 69 Rungius,
1437 3720 249 71 Sawyer,
1733 3722 112 53 and
1889 3724 217 59 others;

130 3795 93 47 120
257 3798 404 67 photographs,
695 3799 201 67 chiefly
928 3799 74 67 by
1037 3798 280 68 Sanborn,
1348 3799 214 56 Keller,
1598 3800 109 52 and
1744 3799 361 53 Underwood

130 3870 102 51 and
264 3890 295 36 numerous
583 3876 189 52 charts
798 3877 105 51 and
934 3894 175 48 maps.
1172 3876 137 51 New
1338 3875 178 65 York,
1542 3876 259 67 London,
1827 3874 62 56 C.
131 3875 1954 125 Scribner’s
295 3968 125 36 sons
452 3984 11 34 [
469 3956 17 22 c
493 3954 131 49 1935]
