2526 4384
1331 4063 99 48 164

360 437 266 69 Gielgud,
654 440 109 55 Val
789 442 223 63 Henry.

426 516 238 53 Murder
692 518 59 52 in
782 518 94 53 the
905 517 206 53 studio.
1191 518 362 66 [Instalment
1581 517 49 69 7]

461 592 62 37 (In
547 587 237 43 Pictorial
812 587 204 52 weekly,
1047 588 116 43 Feb.
1192 590 41 48 2,
1265 588 143 50 1935)

365 643 1989 53 © 1c. Mar. 22, 1935; A ad int. 20045; pubd. Jan. 25; V. H. Gielgud,
430 705 209 40 London.

361 806 116 52 Der
518 822 206 49 grosse
765 808 256 66 Herder;
1066 807 531 68 nachschlagewerk
1638 807 99 53 für
1779 807 200 54 wissen
2018 808 118 52 und
2177 807 176 53 leben.

428 887 67 65 4.,
531 884 180 69 völlig
743 885 300 53 neubearb.
1078 883 128 54 aufl.
1242 903 111 33 von
1389 885 253 53 Herders
1677 885 677 53 konversationslexikon.

432 965 45 50 9.
507 963 91 52 bd.
665 962 215 55 Osman
907 962 85 54 bis
1023 962 294 54 Reuchlin.
1384 963 285 68 Freiburg
1697 965 76 52 im
1805 964 297 67 Breisgau,
2129 964 227 53 Herder

431 1044 46 50 &
500 1058 97 49 co.,
621 1060 53 48 g.
699 1061 72 32 m.
796 1040 50 53 b.
872 1040 54 53 h.
957 1043 170 65 [1934]

433 1112 1926 51 31 p. l., 1754, [2] numb. col. illus. (incl. ports, plans, music) plates
371 1171 136 48 (part
533 1171 101 47 col.,
662 1173 113 46 part
801 1170 198 47 double)
1036 1180 137 38 maps
1201 1169 137 50 (part
1365 1170 196 49 double)
1601 1171 177 48 diagrs.
1836 1171 145 39 24½cm.

434 1228 124 41 Text
583 1239 61 28 on
670 1238 166 30 versos
860 1228 53 39 of
938 1230 112 46 part
1074 1228 53 39 of
1153 1228 83 40 the
1260 1229 156 46 plates
1445 1230 94 38 and
1568 1239 150 37 maps.

367 1280 1992 53 © Oct. 29, 1934; 1c. Feb. 19, 1935; A-Foreign 26973; Herder & co.,
433 1352 40 38 g.
501 1354 59 27 m.
588 1342 40 39 b.
657 1343 44 38 h.

363 1435 192 63 Hand,
584 1435 222 63 Henry,
839 1437 171 51 1860-

441 1506 1921 71 The drama of the ages, by Henry Hand … Los Angeles,
372 1585 192 69 Calif.,
595 1586 264 54 DeVorss
888 1587 46 50 &
966 1604 77 34 co.
1080 1587 175 67 [c1934]

438 1657 1002 49 3 p. l., xi-xv p., 1 l., 19-188 p. 20cm.
440 1715 376 47 Bibliography:
846 1725 43 38 p.
917 1713 99 43 188.

369 1770 51 53 ©
449 1776 109 39 Dec.
586 1775 40 47 3,
654 1774 114 41 1934;
823 1773 66 41 2c.
919 1776 95 38 and
1041 1773 81 40 aff.
1149 1773 107 41 Jan.
1287 1774 39 46 5,
1354 1773 113 41 1935;
1523 1775 41 38 A
1592 1773 147 42 78879;
1793 1775 59 39 H.
1882 1775 160 48 Hand,
2073 1774 96 42 San
2196 1774 164 48 Diego,

436 1832 143 41 Calif.
651 1830 250 50 (35-2979)

367 1924 273 52 Harvard
678 1921 351 65 university.
1103 1923 229 52 Bureau
1364 1922 98 66 for
1494 1923 282 52 economic
1807 1923 257 53 research
2096 1924 63 52 in
2188 1922 175 54 Latin

437 2002 280 52 America.

439 2078 123 53 The
617 2077 282 53 economic
956 2076 296 54 literature
1310 2076 64 53 of
1430 2075 174 53 Latin
1661 2074 283 68 America,
2002 2094 32 34 a
2087 2076 275 53 tentative

371 2153 1967 148 bibliography, compiled by the staff of the Bureau for economic research in Latin America, Harvard university …
373 2312 362 68 Cambridge,
764 2311 275 53 Harvard
1067 2309 316 70 university
1415 2328 174 51 press,
1621 2313 171 50 1935-

602 2417 9 9 v.
671 2386 117 40 23cm.

446 2439 1917 49 “Mr. Normano … initiated the undertaking of this much-needed
376 2498 349 48 bibliography.
786 2498 47 39 It
876 2498 91 39 has
1008 2498 119 39 been
1169 2496 281 49 completed,
1495 2496 202 49 revised,
1743 2499 93 38 and
1882 2498 235 47 prepared
2161 2497 78 40 for
2284 2498 82 39 the

376 2564 135 40 press
535 2555 63 46 by
622 2554 234 39 members
882 2553 52 42 of
958 2554 82 40 the
1064 2553 118 41 staff
1204 2556 153 39 under
1383 2554 80 39 the
1486 2553 195 49 general
1706 2553 302 48 supervision
2036 2554 52 40 of
2112 2553 254 41 Professor

374 2611 51 42 C.
457 2611 61 41 H.
553 2609 482 49 Haring.”—Introd.

375 2664 54 52 ©
461 2668 109 40 Feb.
604 2669 42 46 4,
680 2667 117 40 1935;
856 2667 66 40 2c.
960 2668 99 39 and
1090 2666 80 39 aff.
1207 2666 107 39 Feb.
1352 2666 54 39 11;
1470 2667 41 38 A
1544 2665 142 41 79605;
1754 2666 256 41 President
2044 2668 94 39 and
2175 2667 189 40 fellows

442 2725 52 40 of
522 2725 231 39 Harvard
783 2724 191 47 college,
1008 2722 299 48 Cambridge,
1341 2723 144 39 Mass.
1557 2723 250 48 (35-2804)

374 2813 222 65 Hilton,
624 2812 246 55 Francis
894 2814 87 55 W.

446 2891 122 52 The
601 2890 136 67 long
771 2907 137 50 rope
965 2889 92 68 [by]
1100 2889 235 53 Francis
1372 2890 88 52 W.
1497 2888 225 52 Hilton.
1797 2889 138 52 New
1974 2888 178 68 York,
2186 2889 77 53 H.
2302 2888 61 55 C.

377 2969 218 66 Kinsey
624 2969 45 50 &
698 2984 297 50 company,
1022 2967 127 66 inc.,
1182 2969 149 50 1935.

448 3040 555 49 3 p. l ., 282 p. 19½cm.
379 3093 53 52 ©
459 3098 109 39 Feb.
596 3097 69 48 28,
693 3095 117 42 1935;
864 3096 66 41 2c.
961 3098 96 38 and
1085 3095 82 41 aff.
1197 3096 109 39 Feb.
1335 3094 82 48 25;
1447 3096 41 38 A
1516 3095 169 47 80585;
1717 3096 60 39 H.
1847 3125 7 8 C.
1888 3094 184 48 Kinsey
2100 3095 36 39 &
2164 3104 81 38 co.,
2275 3096 89 38 inc.

456 3153 250 49 (35-2816)

378 3245 273 64 Howard,
678 3246 152 51 Ezra
855 3245 133 63 Lee,
1014 3248 170 51 1869-

447 3322 103 67 My
592 3321 312 53 adventure
942 3321 121 52 into
1104 3319 395 68 spiritualism,
1537 3319 75 67 by
1652 3319 66 52 E.
1762 3319 112 52 Lee
1913 3317 275 68 Howard,
2265 3361 10 9 D.
2354 3361 10 9 D.

379 3399 136 53 New
546 3398 180 68 York,
754 3399 123 53 The
903 3396 333 56 Macmillan
1268 3414 296 51 company,
1597 3400 150 50 1935.

451 3471 568 49 5 p. l., 181 p. front. 19½cm.
383 3525 54 51 ©
467 3529 108 39 Feb.
608 3527 67 47 19,
706 3526 112 41 1935;
876 3526 66 41 2c.
974 3528 94 38 and
1098 3526 79 40 aff.
1209 3527 108 39 Feb.
1350 3525 83 47 20;
1465 3526 41 38 A
1537 3524 170 48 79750;
1741 3523 281 41 Macmillan
2052 3533 66 30 co.

459 3584 250 48 (35-2873)

382 3673 302 64 Huffman,
711 3674 211 62 Jasper
948 3672 323 64 Abraham,
1302 3676 170 50 1880-

458 3742 1911 73 Building the home Christian, by J. A. Huffman … Marion,
423 3824 112 68 Ind.,
561 3825 121 52 The
709 3823 289 55 Standard
1026 3841 153 49 press
1211 3826 173 65 [c1935]

456 3895 83 39 142
569 3905 43 37 p.
672 3894 114 40 20cm.

387 3950 51 52 ©
463 3955 107 39 Jan.
594 3954 40 47 2,
659 3953 112 41 1935;
825 3953 65 40 2c.
919 3954 106 39 Jan.
1051 3953 80 47 11;
1160 3952 79 40 aff.
1266 3953 109 39 Jan.
1399 3952 52 47 9;
1478 3953 41 38 A
1542 3951 142 41 79127;
1740 3952 42 39 J.
1810 3952 52 38 A.
1890 3949 248 46 Huffman,
2164 3948 204 46 Marion,

451 4012 102 38 Ind.
624 4009 249 47 (35-2978)
