2424 4375
1041 4002 93 49 831

94 375 1229 68 Punch. v . 188, no. 4902, May 22, 1935.
93 447 1978 54 © 1c. July 19, 1935; A ad int. 20409; pubd. May 22; Herbert Heather,
157 508 205 39 London.

92 607 313 65 Roorbach,
434 609 224 62 Agnew
686 606 245 65 Ogilvie,
962 612 168 50 1892-

157 683 1810 70 Backgrounds of American life, by Agnew O. Roorbach …
93 762 1953 69 and Miles W. Albright … New York, Cincinnati [etc.]
95 839 288 55 American
419 841 142 52 book
594 859 277 50 company
923 846 173 63 [c1935]

160 913 62 48 ix,
250 913 70 50 [1],
345 913 85 40 484
457 923 42 37 p.
527 913 109 41 incl.
661 915 86 39 col.
772 913 162 49 front.,
960 911 143 50 illus.,
1130 923 149 38 maps.
1341 913 145 41 20½cm.

160 970 219 41 Includes
412 970 390 49 bibliographies.

93 1025 50 53 ©
169 1030 123 39 June
318 1028 39 46 6,
389 1029 140 46 1935;
561 1028 67 40 2c.
659 1030 96 39 and
784 1028 82 40 aff.
897 1028 126 40 June
1052 1028 83 46 11;
1165 1029 40 39 A
1237 1028 169 46 83546;
1440 1028 158 40 Amer.
1630 1028 124 40 book
1781 1039 68 29 co.
161 1028 1897 107 [Copyright
314 1086 44 39 is
382 1085 203 40 claimed
613 1096 61 29 on
702 1084 250 50 revisions]
1024 1084 250 48 (35-8918)

92 1185 270 67 Schmitz,
387 1188 220 63 Joseph
633 1186 272 58 William.

158 1264 153 53 Thus
353 1264 136 67 they
530 1264 181 67 lived;
755 1265 172 53 social
967 1264 107 54 life
1114 1265 62 52 in
1216 1265 96 53 the
1353 1264 256 67 republic
1651 1264 63 54 of
1757 1264 200 67 Texas,
1999 1265 74 67 by

92 1341 1981 68 Joseph William Schmitz … San Antonio, Tex., The Naylor
93 1436 286 48 company,
415 1421 151 51 1935.

160 1476 627 63 vi p., 1 l., 141 p. 21½cm.
158 1547 227 41 Author’s
411 1549 273 48 autograph
711 1558 61 30 on
798 1550 96 46 t.-p.

160 1605 344 48 Bibliography
521 1616 9 28 :
563 1617 43 36 p.
638 1603 216 41 132-141.

96 1657 49 53 ©
171 1661 127 40 June
322 1661 67 46 10,
418 1660 114 41 1935;
591 1661 64 40 2c.
687 1661 124 40 June
840 1661 52 38 21;
952 1660 81 40 aff.
1063 1661 125 40 June
1219 1661 54 40 18;
1332 1661 40 39 A
1401 1661 142 40 84352;
1602 1662 187 47 Naylor
1814 1672 67 30 co.

171 1717 245 49 (35-8938)

94 1818 472 67 Schoffelmayer,
593 1819 203 56 Victor
827 1822 72 55 H.

163 1898 178 54 Texas
379 1904 58 47 at
472 1899 95 52 the
604 1899 346 68 crossroads;
992 1919 29 33 a
1061 1902 181 51 Texas
1280 1898 184 54 editor
1499 1899 159 53 looks
1696 1907 58 45 at
1789 1897 288 70 changing

99 1975 1978 139 Europe as it affects the Southwest, by Victor H. Schoffelmayer … Dallas, Tex., A.
764 2057 77 53 H.
874 2056 138 53 Belo
1045 2054 360 66 corporation
1464 2060 172 63 [c1935]

164 2127 1120 49 4 p. l., 248 p. front., illus. (map) plates. 19½cm.
99 2180 49 53 ©
174 2185 109 48 Apr.
312 2185 67 48 16,
408 2185 112 40 1935;
578 2185 66 41 2c.
674 2187 94 39 and
798 2185 80 41 aff.
907 2186 113 47 Apr.
1048 2186 59 39 22;
1163 2186 40 39 A
1233 2185 142 41 82597;
1434 2186 54 40 A.
1519 2187 58 38 H.
1610 2186 116 40 Belo
1757 2185 322 48 corporation.

172 2242 246 48 (35-8919)

98 2344 164 65 Shea,
288 2344 254 56 William
566 2345 260 66 Patrick,
856 2352 168 50 1899-

168 2420 184 56 Silver
378 2422 227 65 dollars,
631 2422 72 68 by
731 2422 257 54 William
1016 2422 63 54 P.
1111 2422 163 54 Shea.
1373 2421 136 52 [New
1538 2421 179 68 York]
1750 2420 68 55 G.
1847 2421 64 52 P,
102 2421 1955 130 Putnam’s
301 2518 142 36 sons.
478 2503 148 50 1935.

167 2569 53 40 64
253 2582 42 37 p.
355 2571 151 47 diagr.
567 2571 144 40 18½cm.

102 2625 49 53 ©
180 2631 110 47 May
321 2630 69 49 29,
424 2630 111 41 1935;
596 2631 66 41 2c.
699 2633 112 46 May
842 2632 81 46 31;
960 2631 80 40 aff.
1074 2631 128 41 June
1232 2632 52 46 1;
1320 2632 41 38 A
1394 2631 169 47 83423;
1599 2632 70 40 W.
1704 2632 50 39 P.
1791 2632 138 47 Shea,
1965 2632 116 39 New

166 2687 140 41 York.
376 2687 248 47 (35-9020)

100 2773 278 68 Snedden,
406 2776 187 54 David
623 2777 252 61 Samuel,
906 2782 169 49 1868-

169 2850 92 54 An
296 2851 389 69 introductory
719 2852 285 68 sociology
1036 2852 93 52 for
1162 2852 267 67 teachers,
1464 2851 75 69 by
1573 2851 192 53 David
1800 2850 280 55 Snedden.

105 2925 131 56 New
267 2928 176 67 York,
473 2930 63 51 T.
568 2929 208 54 Nelson
807 2929 110 54 and
950 2947 142 49 sons,
1126 2932 148 49 1935.

170 2999 63 45 xi,
260 2999 86 40 456
374 3010 42 36 p.
478 3000 112 41 21cm.
661 3002 297 48 (Half-title:
987 3002 178 39 Nelson
1195 3003 257 39 education
1480 3001 175 48 series)

173 3054 213 49 “Special
413 3057 269 40 references
709 3057 79 39 for
814 3058 199 46 chapter
1040 3057 181 48 topics”
1249 3061 53 37 at
1325 3060 92 39 end
1445 3058 52 41 of
1522 3060 118 39 each
1666 3060 213 46 chapter.
106 3059 1959 93 “Reference
292 3113 82 38 list
399 3114 50 37 of
474 3114 146 39 books
646 3114 79 38 for
749 3113 203 48 parallel
980 3113 254 48 readings”
1253 3126 9 29 :
1291 3125 42 37 p.
1358 3114 102 42 450.

105 3165 50 54 ©
182 3172 110 48 Apr.
323 3173 67 47 19,
421 3173 138 40 1935;
591 3173 67 39 2c.
689 3174 112 46 Apr.
831 3172 81 46 26;
947 3172 82 40 aff.
1060 3173 113 47 Apr.
1203 3173 56 40 27;
1320 3174 42 38 A
1391 3171 169 49 82779;
1596 3174 213 39 Thomas
1836 3174 179 39 Nelson
2046 3174 37 40 &

170 3238 121 31 sons.
360 3229 248 49 (35-9024)

197 3317 1346 69 … Snickeri. Stockholm, Lindfors bokförlag [c1934]
171 3390 1910 50 6 p. l., 440 p. illus., col. plates, diagrs. 31cm. (Hantverkets bok.
110 3444 110 49 [Ser.
247 3447 40 48 1]
319 3448 94 48 [II])

108 3496 1958 111 © Dec. 15, 1934; 1c. May 29, 1935; A-Foreign 28049; Lindfors bokförlag.
108 3643 390 70 Southworth,
525 3651 138 51 Mrs.
693 3651 289 53 Gertrude
1009 3651 130 53 Van
1166 3651 193 62 Duyn.

174 3722 116 55 The
319 3725 243 53 thirteen
591 3726 304 53 American
928 3727 269 64 colonies;
1226 3727 96 52 the
1350 3725 304 54 American
1686 3725 268 66 Indians;
1986 3725 95 54 the

110 3799 188 62 period
337 3802 61 51 of
435 3803 386 65 exploration;
859 3804 95 52 the
993 3804 246 52 thirteen
1278 3804 260 63 colonies,
1576 3804 113 51 and
1725 3804 95 52 the
1859 3803 222 52 French

112 3874 104 52 and
238 3876 209 54 Indian
470 3897 161 48 wars,
651 3879 75 66 by
747 3879 281 55 Gertrude
1049 3880 130 53 Van
1201 3880 174 64 Duyn
1399 3878 368 56 Southworth
1792 3880 109 52 and
1926 3880 154 53 John
