<alto xmlns="http://www.loc.gov/standards/alto/ns-v3#" xmlns:xsi="http://www.w3.org/2001/XMLSchema-instance" xsi:schemaLocation="http://www.loc.gov/standards/alto/ns-v3# http://www.loc.gov/alto/v3/alto-3-0.xsd"><Description>
<MeasurementUnit>pixel</MeasurementUnit>
<sourceImageInformation>
<fileName>1935_v32_Part1.pdf</fileName>
</sourceImageInformation>
<OCRProcessing ID="IdOcr">
<ocrProcessingStep>
<processingDateTime>2019-01-15</processingDateTime>
<processingSoftware>
<softwareCreator>ABBYY</softwareCreator>
<softwareName>ABBYY Recognition Server</softwareName>
<softwareVersion>4.0</softwareVersion>
</processingSoftware>
</ocrProcessingStep>
</OCRProcessing>
</Description>
<Styles>
<ParagraphStyle ALIGN="Left" FIRSTLINE="0." ID="StyleId-FFFFFFFF-FFFF-FFFF-FFFF-FFFFFFFFFFFF-" LEFT="0." RIGHT="0." />
<ParagraphStyle ALIGN="Left" FIRSTLINE="0." ID="StyleId-09A13A44-4F77-4ABE-84F3-84CC8B3C72CE-" LEFT="0." LINESPACE="7.699999809" RIGHT="0." />
<ParagraphStyle ALIGN="Left" FIRSTLINE="-10." ID="StyleId-1F945060-F8CD-4435-B69A-5FF49DB0C586-" LEFT="0." LINESPACE="12.19999981" RIGHT="0." />
<ParagraphStyle ALIGN="Block" FIRSTLINE="-14." ID="StyleId-C6CAE747-F5A4-4D0D-8D74-D452DA7E2C1C-" LEFT="0." LINESPACE="8.350000381" RIGHT="0." />
<ParagraphStyle ALIGN="Left" FIRSTLINE="0." ID="StyleId-FC0F3374-189A-459E-BE29-2DC14180F022-" LEFT="0." RIGHT="0." />
<ParagraphStyle ALIGN="Left" FIRSTLINE="-12." ID="StyleId-49397C49-A894-4B3E-BA5E-1126226BA375-" LEFT="0." LINESPACE="11.09000015" RIGHT="0." />
<ParagraphStyle ALIGN="Block" FIRSTLINE="-14." ID="StyleId-9E34DD3A-E661-48BD-A3A1-6A3D48346F00-" LEFT="0." LINESPACE="11.09000015" RIGHT="0." />
<ParagraphStyle ALIGN="Left" FIRSTLINE="0." ID="StyleId-56CE54AA-A08B-4BAA-8605-F26020A0E36E-" LEFT="0." LINESPACE="9.399999619" RIGHT="0." />
<ParagraphStyle ALIGN="Left" FIRSTLINE="-11." ID="StyleId-77814FFC-C42F-4AA9-9880-EF33B947DEC8-" LEFT="0." LINESPACE="11.06999969" RIGHT="0." />
<ParagraphStyle ALIGN="Center" FIRSTLINE="0." ID="StyleId-FDE92EC0-67DC-4C7B-8A24-094B12C38B6C-" LEFT="0." LINESPACE="11.30000019" RIGHT="0." />
<ParagraphStyle ALIGN="Left" FIRSTLINE="0." ID="StyleId-65180E3B-4C93-4FB8-81EE-E026DD63DBF3-" LEFT="0." LINESPACE="11.10000038" RIGHT="0." />
<ParagraphStyle ALIGN="Left" FIRSTLINE="0." ID="StyleId-10E885C2-5813-4620-B0AA-0FBA30CF7A32-" LEFT="0." LINESPACE="9.5" RIGHT="0." />
<ParagraphStyle ALIGN="Left" FIRSTLINE="0." ID="StyleId-913C2DB5-9F02-4067-BAF7-0AED37B60BBE-" LEFT="0." LINESPACE="6.099999905" RIGHT="0." />
<ParagraphStyle ALIGN="Left" FIRSTLINE="0." ID="StyleId-9C79A9D2-8F08-4A8F-985D-B00E253ED1E5-" LEFT="0." LINESPACE="4.400000095" RIGHT="0." />
<ParagraphStyle ALIGN="Left" FIRSTLINE="0." ID="StyleId-A41F0407-FEFE-4738-9EC5-E05AFFF62781-" LEFT="0." LINESPACE="7.300000191" RIGHT="0." />
<ParagraphStyle ALIGN="Left" FIRSTLINE="0." ID="StyleId-61D37176-94E8-408D-9B87-01C406CE8AB2-" LEFT="0." LINESPACE="8.050000191" RIGHT="0." />
</Styles>
<Layout>
<Page HEIGHT="4375" ID="Page1752" PHYSICAL_IMG_NR="1752" WIDTH="2424">
<TopMargin HEIGHT="411" HPOS="0" VPOS="0" WIDTH="2424">
</TopMargin>
<LeftMargin HEIGHT="3699" HPOS="0" VPOS="411" WIDTH="308">
</LeftMargin>
<RightMargin HEIGHT="3699" HPOS="2326" VPOS="411" WIDTH="98">
</RightMargin>
<BottomMargin HEIGHT="265" HPOS="0" VPOS="4110" WIDTH="2424">
</BottomMargin>
<PrintSpace HEIGHT="3699" HPOS="308" VPOS="411" WIDTH="2018">
<TextBlock HEIGHT="72" HPOS="1234" ID="Page1752_Block1" LANG="en-US" STYLEREFS="StyleId-596C1A9F-8C40-42F4-A957-1CE4A4D577B2-" VPOS="4038" WIDTH="154">
<TextLine HEIGHT="52" HPOS="1245" VPOS="4048" WIDTH="132">
<String CONTENT="1752" HEIGHT="52" HPOS="1245" VPOS="4048" WIDTH="132" />
</TextLine>
</TextBlock>
<TextBlock CS="1" HEIGHT="3631" HPOS="308" ID="Page1752_Block2" LANG="en-US" STYLEREFS="StyleId-E4AF8D64-D850-43DC-8140-9D322AFF0645-" VPOS="411" WIDTH="2018">
<TextLine HEIGHT="69" HPOS="321" STYLEREFS="StyleId-22C6E590-08F4-48CA-B4C3-BA931194771B-" VPOS="510" WIDTH="1987">
<String CONTENT="full-page" HEIGHT="67" HPOS="321" VPOS="510" WIDTH="286" />
<SP HEIGHT="51" HPOS="608" VPOS="511" WIDTH="38" />
<String CONTENT="illustrations," HEIGHT="66" HPOS="647" VPOS="511" WIDTH="396" />
<SP HEIGHT="48" HPOS="1044" VPOS="529" WIDTH="40" />
<String CONTENT="and" HEIGHT="51" HPOS="1085" VPOS="511" WIDTH="113" />
<SP HEIGHT="52" HPOS="1199" VPOS="511" WIDTH="37" />
<String CONTENT="over" HEIGHT="34" HPOS="1237" VPOS="529" WIDTH="133" />
<SP HEIGHT="47" HPOS="1371" VPOS="516" WIDTH="38" />
<String CONTENT="two" HEIGHT="47" HPOS="1410" VPOS="516" WIDTH="112" />
<SP HEIGHT="51" HPOS="1523" VPOS="512" WIDTH="37" />
<String CONTENT="hundred" HEIGHT="52" HPOS="1561" VPOS="511" WIDTH="261" />
<SP HEIGHT="52" HPOS="1823" VPOS="511" WIDTH="41" />
<String CONTENT="engravings" HEIGHT="68" HPOS="1865" VPOS="511" WIDTH="341" />
<SP HEIGHT="33" HPOS="2207" VPOS="532" WIDTH="39" />
<String CONTENT="of" HEIGHT="53" HPOS="2247" VPOS="512" WIDTH="61" />
</TextLine>
<TextLine CS="1" HEIGHT="72" HPOS="319" STYLEREFS="StyleId-22C6E590-08F4-48CA-B4C3-BA931194771B-" VPOS="585" WIDTH="1991">
<String CONTENT="lines," HEIGHT="68" HPOS="319" VPOS="585" WIDTH="158" />
<SP HEIGHT="48" HPOS="478" VPOS="605" WIDTH="23" />
<String CONTENT="mounts," HEIGHT="62" HPOS="502" VPOS="592" WIDTH="243" />
<SP HEIGHT="47" HPOS="746" VPOS="607" WIDTH="25" />
<String CONTENT="and" HEIGHT="53" HPOS="772" VPOS="587" WIDTH="111" />
<SP HEIGHT="52" HPOS="884" VPOS="587" WIDTH="23" />
<String CONTENT="marks;" CS="1" HEIGHT="53" HPOS="908" VPOS="586" WIDTH="190" />
<SP HEIGHT="66" HPOS="1128" VPOS="587" WIDTH="27" />
<String CONTENT="drawings" HEIGHT="69" HPOS="1156" VPOS="587" WIDTH="288" />
<SP HEIGHT="34" HPOS="1445" VPOS="607" WIDTH="26" />
<String CONTENT="of" HEIGHT="53" HPOS="1472" VPOS="588" WIDTH="62" />
<SP HEIGHT="53" HPOS="1535" VPOS="588" WIDTH="25" />
<String CONTENT="the" HEIGHT="53" HPOS="1561" VPOS="588" WIDTH="94" />
<SP HEIGHT="35" HPOS="1656" VPOS="606" WIDTH="22" />
<String CONTENT="seven" HEIGHT="35" HPOS="1679" VPOS="606" WIDTH="164" />
<SP HEIGHT="45" HPOS="1844" VPOS="596" WIDTH="25" />
<String CONTENT="types" HEIGHT="61" HPOS="1870" VPOS="596" WIDTH="161" />
<SP HEIGHT="51" HPOS="2032" VPOS="590" WIDTH="24" />
<String CONTENT="by" HEIGHT="67" HPOS="2057" VPOS="590" WIDTH="74" />
<SP HEIGHT="67" HPOS="2132" VPOS="590" WIDTH="22" />
<String CONTENT="Theo" HEIGHT="53" HPOS="2155" LANG="de" VPOS="589" WIDTH="155" />
</TextLine>
<TextLine CS="1" HEIGHT="131" HPOS="319" STYLEREFS="StyleId-22C6E590-08F4-48CA-B4C3-BA931194771B-" VPOS="664" WIDTH="1967">
<String CONTENT="Dor&#233;;" CS="1" HEIGHT="52" HPOS="319" LANG="fr" VPOS="665" WIDTH="153" />
<SP HEIGHT="36" HPOS="501" VPOS="683" WIDTH="46" />
<String CONTENT="reproductions" HEIGHT="69" HPOS="548" VPOS="664" WIDTH="429" />
<SP HEIGHT="34" HPOS="978" VPOS="684" WIDTH="42" />
<String CONTENT="of" HEIGHT="54" HPOS="1021" VPOS="664" WIDTH="63" />
<SP HEIGHT="53" HPOS="1085" VPOS="664" WIDTH="41" />
<String CONTENT="famous" HEIGHT="54" HPOS="1127" VPOS="665" WIDTH="225" />
<SP HEIGHT="52" HPOS="1353" VPOS="666" WIDTH="40" />
<String CONTENT="hands," HEIGHT="66" HPOS="1394" VPOS="666" WIDTH="201" />
<SP HEIGHT="46" HPOS="1596" VPOS="686" WIDTH="41" />
<String CONTENT="also" HEIGHT="52" HPOS="1638" VPOS="667" WIDTH="117" />
<SP HEIGHT="34" HPOS="1756" VPOS="685" WIDTH="40" />
<String CONTENT="normal" HEIGHT="50" HPOS="1797" VPOS="669" WIDTH="220" />
<SP HEIGHT="51" HPOS="2018" VPOS="669" WIDTH="41" />
<String CONTENT="and" HEIGHT="54" HPOS="2060" VPOS="666" WIDTH="113" />
<SP HEIGHT="54" HPOS="2174" VPOS="666" WIDTH="42" />
<String CONTENT="abnormal" HEIGHT="128" HPOS="319" VPOS="667" WIDTH="1967" />
<SP HEIGHT="52" HPOS="541" VPOS="742" WIDTH="38" />
<String CONTENT="hands" HEIGHT="52" HPOS="580" VPOS="743" WIDTH="183" />
</TextLine>
<TextLine CS="1" HEIGHT="74" HPOS="802" STYLEREFS="StyleId-22C6E590-08F4-48CA-B4C3-BA931194771B-" VPOS="741" WIDTH="1508">
<String CONTENT="taken" HEIGHT="53" HPOS="802" VPOS="742" WIDTH="169" />
<SP HEIGHT="53" HPOS="972" VPOS="741" WIDTH="41" />
<String CONTENT="from" HEIGHT="55" HPOS="1014" VPOS="741" WIDTH="153" />
<SP HEIGHT="51" HPOS="1168" VPOS="745" WIDTH="36" />
<String CONTENT="life" HEIGHT="54" HPOS="1205" VPOS="742" WIDTH="104" />
<SP HEIGHT="34" HPOS="1310" VPOS="762" WIDTH="45" />
<String CONTENT="&#8230;" CS="1" />
<SP HEIGHT="52" HPOS="1414" VPOS="744" WIDTH="77" />
<String CONTENT="Enl." HEIGHT="52" HPOS="1492" VPOS="744" WIDTH="133" />
<SP HEIGHT="50" HPOS="1626" VPOS="746" WIDTH="37" />
<String CONTENT="25th" HEIGHT="52" HPOS="1664" VPOS="744" WIDTH="133" />
<SP HEIGHT="53" HPOS="1798" VPOS="744" WIDTH="40" />
<String CONTENT="ed.," HEIGHT="67" HPOS="1839" VPOS="744" WIDTH="102" />
<SP HEIGHT="47" HPOS="1942" VPOS="764" WIDTH="38" />
<String CONTENT="containing" HEIGHT="70" HPOS="1981" VPOS="745" WIDTH="329" />
</TextLine>
<TextLine HEIGHT="70" HPOS="321" STYLEREFS="StyleId-22C6E590-08F4-48CA-B4C3-BA931194771B-" VPOS="819" WIDTH="1990">
<String CONTENT="descriptions" HEIGHT="69" HPOS="321" VPOS="820" WIDTH="374" />
<SP HEIGHT="34" HPOS="696" VPOS="840" WIDTH="34" />
<String CONTENT="of" HEIGHT="55" HPOS="731" VPOS="819" WIDTH="64" />
<SP HEIGHT="54" HPOS="796" VPOS="819" WIDTH="31" />
<String CONTENT="hands" HEIGHT="53" HPOS="828" VPOS="820" WIDTH="181" />
<SP HEIGHT="51" HPOS="1010" VPOS="822" WIDTH="32" />
<String CONTENT="by" HEIGHT="66" HPOS="1043" VPOS="822" WIDTH="75" />
<SP HEIGHT="62" HPOS="1119" VPOS="826" WIDTH="30" />
<String CONTENT="the" HEIGHT="53" HPOS="1150" VPOS="821" WIDTH="96" />
<SP HEIGHT="34" HPOS="1247" VPOS="840" WIDTH="33" />
<String CONTENT="author" HEIGHT="53" HPOS="1281" VPOS="821" WIDTH="205" />
<SP HEIGHT="34" HPOS="1487" VPOS="840" WIDTH="31" />
<String CONTENT="with" HEIGHT="52" HPOS="1519" VPOS="822" WIDTH="139" />
<SP HEIGHT="53" HPOS="1659" VPOS="822" WIDTH="34" />
<String CONTENT="instructions" HEIGHT="54" HPOS="1694" VPOS="822" WIDTH="366" />
<SP HEIGHT="52" HPOS="2061" VPOS="823" WIDTH="32" />
<String CONTENT="how" HEIGHT="53" HPOS="2094" VPOS="823" WIDTH="127" />
<SP HEIGHT="46" HPOS="2222" VPOS="830" WIDTH="30" />
<String CONTENT="to" HEIGHT="47" HPOS="2253" VPOS="830" WIDTH="58" />
</TextLine>
<TextLine CS="1" HEIGHT="147" HPOS="321" STYLEREFS="StyleId-22C6E590-08F4-48CA-B4C3-BA931194771B-" VPOS="897" WIDTH="1966">
<String CONTENT="make" HEIGHT="53" HPOS="322" VPOS="898" WIDTH="157" />
<SP HEIGHT="33" HPOS="480" VPOS="918" WIDTH="25" />
<String CONTENT="clear" HEIGHT="52" HPOS="506" VPOS="899" WIDTH="147" />
<SP HEIGHT="54" HPOS="654" VPOS="897" WIDTH="22" />
<String CONTENT="impressions." HEIGHT="69" HPOS="677" VPOS="897" WIDTH="380" />
<SP HEIGHT="52" HPOS="1058" VPOS="898" WIDTH="56" />
<String CONTENT="Los" HEIGHT="53" HPOS="1115" VPOS="898" WIDTH="111" />
<SP HEIGHT="53" HPOS="1227" VPOS="898" WIDTH="23" />
<String CONTENT="Angeles," HEIGHT="69" HPOS="1251" VPOS="898" WIDTH="265" />
<SP HEIGHT="69" HPOS="1517" VPOS="898" WIDTH="23" />
<String CONTENT="Calif.," HEIGHT="69" HPOS="1541" VPOS="898" WIDTH="196" />
<SP HEIGHT="67" HPOS="1738" VPOS="900" WIDTH="23" />
<String CONTENT="The" HEIGHT="52" HPOS="1762" VPOS="900" WIDTH="120" />
<SP HEIGHT="51" HPOS="1883" VPOS="901" WIDTH="24" />
<String CONTENT="London" HEIGHT="52" HPOS="1908" VPOS="901" WIDTH="238" />
<SP HEIGHT="50" HPOS="2147" VPOS="920" WIDTH="25" />
<String CONTENT="publishing" HEIGHT="142" HPOS="321" VPOS="902" WIDTH="1966" />
<SP HEIGHT="49" HPOS="536" VPOS="995" WIDTH="25" />
<String CONTENT="co.;" HEIGHT="49" HPOS="562" LANG="ru" VPOS="993" WIDTH="108" />
</TextLine>
<TextLine HEIGHT="69" HPOS="700" STYLEREFS="StyleId-22C6E590-08F4-48CA-B4C3-BA931194771B-" VPOS="975" WIDTH="1011">
<String CONTENT="London," HEIGHT="69" HPOS="700" VPOS="975" WIDTH="256" />
<SP HEIGHT="68" HPOS="957" VPOS="976" WIDTH="28" />
<String CONTENT="H." HEIGHT="52" HPOS="986" VPOS="976" WIDTH="76" />
<SP HEIGHT="54" HPOS="1063" VPOS="975" WIDTH="27" />
<String CONTENT="Jenkins," HEIGHT="68" HPOS="1091" VPOS="975" WIDTH="260" />
<SP HEIGHT="65" HPOS="1352" VPOS="978" WIDTH="27" />
<String CONTENT="ltd." HEIGHT="54" HPOS="1380" VPOS="976" WIDTH="103" />
<SP HEIGHT="33" HPOS="1484" VPOS="1010" WIDTH="34" />
<String CONTENT="[" HEIGHT="33" HPOS="1519" STYLE="subscript" VPOS="1010" WIDTH="12" />
<String CONTENT="c" HEIGHT="22" HPOS="1537" STYLE="superscript" VPOS="982" WIDTH="18" />
<String CONTENT="1935" HEIGHT="49" HPOS="1560" VPOS="980" WIDTH="133" />
<String CONTENT="]" HEIGHT="34" HPOS="1700" STYLE="subscript" VPOS="1010" WIDTH="11" />
</TextLine>
<TextLine CS="1" HEIGHT="51" HPOS="459" VPOS="1048" WIDTH="1174">
<String CONTENT="xv," CS="1" HEIGHT="16" HPOS="459" VPOS="1081" WIDTH="9" />
<SP HEIGHT="47" HPOS="469" VPOS="1050" WIDTH="27" />
<String CONTENT="197" HEIGHT="41" HPOS="497" VPOS="1048" WIDTH="85" />
<SP HEIGHT="47" HPOS="583" VPOS="1050" WIDTH="29" />
<String CONTENT="p." HEIGHT="37" HPOS="613" VPOS="1060" WIDTH="44" />
<SP HEIGHT="41" HPOS="658" VPOS="1048" WIDTH="55" />
<String CONTENT="front." HEIGHT="41" HPOS="714" VPOS="1048" WIDTH="150" />
<SP HEIGHT="48" HPOS="865" VPOS="1049" WIDTH="26" />
<String CONTENT="(port.)" HEIGHT="48" HPOS="892" VPOS="1049" WIDTH="171" />
<SP HEIGHT="47" HPOS="1064" VPOS="1051" WIDTH="36" />
<String CONTENT="plates," HEIGHT="49" HPOS="1101" VPOS="1049" WIDTH="172" />
<SP HEIGHT="44" HPOS="1274" VPOS="1050" WIDTH="28" />
<String CONTENT="diagr." HEIGHT="49" HPOS="1303" VPOS="1050" WIDTH="154" />
<SP HEIGHT="39" HPOS="1458" VPOS="1051" WIDTH="57" />
<String CONTENT="26" HEIGHT="40" HPOS="1516" VPOS="1050" WIDTH="57" />
<String CONTENT="cm" HEIGHT="21" HPOS="1576" STYLE="superscript" VPOS="1052" WIDTH="44" />
<String CONTENT="." HEIGHT="9" HPOS="1624" VPOS="1082" WIDTH="9" />
</TextLine>
<TextLine HEIGHT="42" HPOS="392" VPOS="1105" WIDTH="470">
<String CONTENT="&#8220;Second" HEIGHT="42" HPOS="392" VPOS="1105" WIDTH="213" />
<SP HEIGHT="40" HPOS="606" VPOS="1107" WIDTH="28" />
<String CONTENT="edition.&#8221;" HEIGHT="42" HPOS="635" VPOS="1105" WIDTH="227" />
</TextLine>
<TextLine CS="1" HEIGHT="55" HPOS="320" VPOS="1160" WIDTH="1993">
<String CONTENT="&#169;" HEIGHT="53" HPOS="320" VPOS="1160" WIDTH="53" />
<SP HEIGHT="53" HPOS="374" VPOS="1160" WIDTH="30" />
<String CONTENT="Sept." HEIGHT="47" HPOS="405" VPOS="1164" WIDTH="127" />
<SP HEIGHT="38" HPOS="533" VPOS="1165" WIDTH="29" />
<String CONTENT="16," HEIGHT="46" HPOS="563" VPOS="1164" WIDTH="69" />
<SP HEIGHT="45" HPOS="633" VPOS="1165" WIDTH="28" />
<String CONTENT="1935;" HEIGHT="47" HPOS="662" VPOS="1162" WIDTH="140" />
<SP HEIGHT="47" HPOS="803" VPOS="1162" WIDTH="28" />
<String CONTENT="2c." HEIGHT="41" HPOS="832" VPOS="1162" WIDTH="65" />
<SP HEIGHT="29" HPOS="898" VPOS="1174" WIDTH="30" />
<String CONTENT="and" HEIGHT="39" HPOS="929" VPOS="1163" WIDTH="96" />
<SP HEIGHT="39" HPOS="1026" VPOS="1163" WIDTH="29" />
<String CONTENT="aff." HEIGHT="40" HPOS="1056" LANG="de" VPOS="1162" WIDTH="78" />
<SP HEIGHT="40" HPOS="1135" VPOS="1163" WIDTH="34" />
<String CONTENT="Oct." HEIGHT="40" HPOS="1170" VPOS="1163" WIDTH="101" />
<SP HEIGHT="40" HPOS="1272" VPOS="1163" WIDTH="30" />
<String CONTENT="19;" CS="1" HEIGHT="38" HPOS="1303" VPOS="1163" WIDTH="59" />
<SP HEIGHT="38" HPOS="1385" VPOS="1165" WIDTH="34" />
<String CONTENT="A" HEIGHT="37" HPOS="1420" VPOS="1165" WIDTH="38" />
<SP HEIGHT="40" HPOS="1459" VPOS="1164" WIDTH="29" />
<String CONTENT="89550;" CS="1" HEIGHT="42" HPOS="1489" VPOS="1162" WIDTH="147" />
<SP HEIGHT="41" HPOS="1659" VPOS="1165" WIDTH="34" />
<String CONTENT="L." HEIGHT="39" HPOS="1694" VPOS="1165" WIDTH="49" />
<SP HEIGHT="39" HPOS="1744" VPOS="1165" WIDTH="31" />
<String CONTENT="Hamon," HEIGHT="47" HPOS="1776" VPOS="1165" WIDTH="205" />
<SP HEIGHT="46" HPOS="1982" VPOS="1166" WIDTH="30" />
<String CONTENT="Hollywood," HEIGHT="49" HPOS="2013" VPOS="1166" WIDTH="300" />
</TextLine>
<TextLine HEIGHT="49" HPOS="392" VPOS="1220" WIDTH="492">
<String CONTENT="Calif." HEIGHT="41" HPOS="392" VPOS="1220" WIDTH="143" />
<SP HEIGHT="48" HPOS="536" VPOS="1221" WIDTH="69" />
<String CONTENT="(35-38560)" HEIGHT="49" HPOS="606" VPOS="1220" WIDTH="278" />
</TextLine>
<TextLine HEIGHT="65" HPOS="320" STYLEREFS="StyleId-B49B8880-6FFC-4BF8-9E72-BD268BB9AA9A-" VPOS="1324" WIDTH="1153">
<String CONTENT="Harding," HEIGHT="64" HPOS="320" VPOS="1325" WIDTH="289" />
<SP HEIGHT="64" HPOS="610" VPOS="1325" WIDTH="26" />
<String CONTENT="Arthur" HEIGHT="53" HPOS="637" VPOS="1324" WIDTH="234" />
<SP HEIGHT="52" HPOS="872" VPOS="1325" WIDTH="23" />
<String CONTENT="McCracken," HEIGHT="63" HPOS="896" VPOS="1324" WIDTH="380" />
<SP HEIGHT="57" HPOS="1277" VPOS="1330" WIDTH="29" />
<String CONTENT="1884-" HEIGHT="49" HPOS="1307" VPOS="1328" WIDTH="166" />
</TextLine>
<TextLine HEIGHT="69" HPOS="392" STYLEREFS="StyleId-22C6E590-08F4-48CA-B4C3-BA931194771B-" VPOS="1399" WIDTH="1922">
<String CONTENT="Astronomy," HEIGHT="67" HPOS="392" VPOS="1401" WIDTH="365" />
<SP HEIGHT="60" HPOS="758" VPOS="1407" WIDTH="39" />
<String CONTENT="the" HEIGHT="54" HPOS="798" VPOS="1400" WIDTH="91" />
<SP HEIGHT="33" HPOS="890" VPOS="1420" WIDTH="42" />
<String CONTENT="splendor" HEIGHT="68" HPOS="933" VPOS="1399" WIDTH="266" />
<SP HEIGHT="34" HPOS="1200" VPOS="1417" WIDTH="41" />
<String CONTENT="of" HEIGHT="51" HPOS="1242" VPOS="1400" WIDTH="61" />
<SP HEIGHT="51" HPOS="1304" VPOS="1400" WIDTH="39" />
<String CONTENT="the" HEIGHT="53" HPOS="1344" VPOS="1400" WIDTH="95" />
<SP HEIGHT="53" HPOS="1440" VPOS="1400" WIDTH="40" />
<String CONTENT="heavens" HEIGHT="53" HPOS="1481" VPOS="1400" WIDTH="241" />
<SP HEIGHT="52" HPOS="1723" VPOS="1400" WIDTH="40" />
<String CONTENT="brought" HEIGHT="68" HPOS="1764" VPOS="1400" WIDTH="245" />
<SP HEIGHT="52" HPOS="2010" VPOS="1401" WIDTH="40" />
<String CONTENT="down" HEIGHT="52" HPOS="2051" VPOS="1401" WIDTH="163" />
<SP HEIGHT="46" HPOS="2215" VPOS="1410" WIDTH="41" />
<String CONTENT="to" HEIGHT="46" HPOS="2257" VPOS="1410" WIDTH="57" />
</TextLine>
<TextLine CS="1" HEIGHT="71" HPOS="322" STYLEREFS="StyleId-22C6E590-08F4-48CA-B4C3-BA931194771B-" VPOS="1476" WIDTH="1990">
<String CONTENT="earth," HEIGHT="68" HPOS="322" VPOS="1478" WIDTH="178" />
<SP HEIGHT="67" HPOS="501" VPOS="1479" WIDTH="26" />
<String CONTENT="by" HEIGHT="67" HPOS="528" VPOS="1479" WIDTH="74" />
<SP HEIGHT="68" HPOS="603" VPOS="1478" WIDTH="25" />
<String CONTENT="Arthur" HEIGHT="53" HPOS="629" VPOS="1477" WIDTH="222" />
<SP HEIGHT="52" HPOS="852" VPOS="1476" WIDTH="25" />
<String CONTENT="M." HEIGHT="53" HPOS="878" VPOS="1476" WIDTH="78" />
<SP HEIGHT="52" HPOS="957" VPOS="1478" WIDTH="28" />
<String CONTENT="Harding" HEIGHT="68" HPOS="986" VPOS="1476" WIDTH="272" />
<SP HEIGHT="50" HPOS="1259" VPOS="1494" WIDTH="28" />
<String CONTENT="&#8230;" CS="1" />
<SP HEIGHT="51" HPOS="1345" VPOS="1478" WIDTH="31" />
<String CONTENT="drawings" HEIGHT="68" HPOS="1377" VPOS="1477" WIDTH="287" />
<SP HEIGHT="52" HPOS="1665" VPOS="1477" WIDTH="26" />
<String CONTENT="by" HEIGHT="68" HPOS="1692" VPOS="1477" WIDTH="73" />
<SP HEIGHT="69" HPOS="1766" VPOS="1476" WIDTH="28" />
<String CONTENT="Claude" HEIGHT="55" HPOS="1795" VPOS="1476" WIDTH="212" />
<SP HEIGHT="51" HPOS="2008" VPOS="1478" WIDTH="30" />
<String CONTENT="H." HEIGHT="52" HPOS="2039" VPOS="1478" WIDTH="74" />
<SP HEIGHT="52" HPOS="2114" VPOS="1478" WIDTH="29" />
<String CONTENT="Dyer." HEIGHT="69" HPOS="2144" VPOS="1478" WIDTH="168" />
</TextLine>
<TextLine HEIGHT="72" HPOS="323" STYLEREFS="StyleId-22C6E590-08F4-48CA-B4C3-BA931194771B-" VPOS="1552" WIDTH="1991">
<String CONTENT="Garden" HEIGHT="54" HPOS="323" VPOS="1555" WIDTH="230" />
<SP HEIGHT="55" HPOS="554" VPOS="1554" WIDTH="45" />
<String CONTENT="City," HEIGHT="69" HPOS="600" VPOS="1554" WIDTH="151" />
<SP HEIGHT="68" HPOS="752" VPOS="1554" WIDTH="43" />
<String CONTENT="N." HEIGHT="54" HPOS="796" VPOS="1554" WIDTH="69" />
<SP HEIGHT="55" HPOS="866" VPOS="1553" WIDTH="44" />
<String CONTENT="Y.," HEIGHT="68" HPOS="911" VPOS="1553" WIDTH="89" />
<SP HEIGHT="68" HPOS="1001" VPOS="1553" WIDTH="41" />
<String CONTENT="Garden" HEIGHT="54" HPOS="1043" VPOS="1553" WIDTH="231" />
<SP HEIGHT="55" HPOS="1275" VPOS="1553" WIDTH="45" />
<String CONTENT="City" HEIGHT="69" HPOS="1321" VPOS="1553" WIDTH="132" />
<SP HEIGHT="50" HPOS="1454" VPOS="1572" WIDTH="42" />
<String CONTENT="publishing" HEIGHT="70" HPOS="1497" VPOS="1552" WIDTH="334" />
<SP HEIGHT="50" HPOS="1832" VPOS="1572" WIDTH="41" />
<String CONTENT="company," HEIGHT="53" HPOS="1874" VPOS="1571" WIDTH="291" />
<SP HEIGHT="69" HPOS="2166" VPOS="1555" WIDTH="42" />
<String CONTENT="inc." HEIGHT="56" HPOS="2209" VPOS="1555" WIDTH="105" />
</TextLine>
<TextLine CS="1" HEIGHT="65" HPOS="327" STYLEREFS="StyleId-22C6E590-08F4-48CA-B4C3-BA931194771B-" VPOS="1635" WIDTH="174">
<String CONTENT="[c1935]" CS="1" HEIGHT="65" HPOS="327" VPOS="1635" WIDTH="174" />
</TextLine>
<TextLine CS="1" HEIGHT="49" HPOS="424" VPOS="1701" WIDTH="1201">
<String CONTENT="x" CS="1" />
<SP HEIGHT="38" HPOS="424" VPOS="1712" WIDTH="26" />
<String CONTENT="p.," HEIGHT="37" HPOS="451" VPOS="1713" WIDTH="58" />
<SP HEIGHT="47" HPOS="510" VPOS="1703" WIDTH="26" />
<String CONTENT="1" HEIGHT="38" HPOS="537" VPOS="1703" WIDTH="23" />
<SP />
<String CONTENT="l.," CS="1" />
<SP HEIGHT="48" HPOS="636" VPOS="1702" WIDTH="23" />
<String CONTENT="418" HEIGHT="41" HPOS="660" VPOS="1701" WIDTH="88" />
<SP HEIGHT="49" HPOS="749" VPOS="1701" WIDTH="24" />
<String CONTENT="p." HEIGHT="37" HPOS="774" VPOS="1713" WIDTH="44" />
<SP HEIGHT="41" HPOS="819" VPOS="1701" WIDTH="56" />
<String CONTENT="front.," HEIGHT="49" HPOS="876" VPOS="1701" WIDTH="163" />
<SP HEIGHT="49" HPOS="1040" VPOS="1701" WIDTH="28" />
<String CONTENT="illus.," HEIGHT="48" HPOS="1069" VPOS="1701" WIDTH="142" />
<SP HEIGHT="46" HPOS="1212" VPOS="1703" WIDTH="28" />
<String CONTENT="diagrs." HEIGHT="47" HPOS="1241" VPOS="1703" WIDTH="177" />
<SP HEIGHT="41" HPOS="1419" VPOS="1702" WIDTH="59" />
<String CONTENT="25&#189;" CS="1" HEIGHT="40" HPOS="1479" VPOS="1702" WIDTH="56" />
<String CONTENT="cm" HEIGHT="21" HPOS="1567" STYLE="superscript" VPOS="1705" WIDTH="44" />
<String CONTENT="." HEIGHT="9" HPOS="1616" VPOS="1734" WIDTH="9" />
</TextLine>
<TextLine HEIGHT="47" HPOS="392" VPOS="1758" WIDTH="681">
<String CONTENT="Illustrated" HEIGHT="41" HPOS="392" VPOS="1758" WIDTH="288" />
<SP HEIGHT="40" HPOS="681" VPOS="1758" WIDTH="31" />
<String CONTENT="lining-papers." HEIGHT="47" HPOS="713" VPOS="1758" WIDTH="360" />
</TextLine>
<TextLine CS="1" HEIGHT="53" HPOS="325" VPOS="1815" WIDTH="1989">
<String CONTENT="&#169;" HEIGHT="53" HPOS="325" VPOS="1815" WIDTH="53" />
<SP HEIGHT="53" HPOS="379" VPOS="1815" WIDTH="32" />
<String CONTENT="Nov." HEIGHT="38" HPOS="412" VPOS="1820" WIDTH="117" />
<SP HEIGHT="38" HPOS="530" VPOS="1820" WIDTH="35" />
<String CONTENT="14," HEIGHT="44" HPOS="566" VPOS="1820" WIDTH="68" />
<SP HEIGHT="44" HPOS="635" VPOS="1820" WIDTH="33" />
<String CONTENT="1935;" HEIGHT="46" HPOS="669" VPOS="1818" WIDTH="141" />
<SP HEIGHT="47" HPOS="811" VPOS="1817" WIDTH="33" />
<String CONTENT="2c." HEIGHT="40" HPOS="845" VPOS="1817" WIDTH="65" />
<SP HEIGHT="29" HPOS="911" VPOS="1828" WIDTH="36" />
<String CONTENT="and" HEIGHT="38" HPOS="948" VPOS="1818" WIDTH="96" />
<SP HEIGHT="39" HPOS="1045" VPOS="1818" WIDTH="33" />
<String CONTENT="aff." HEIGHT="40" HPOS="1079" VPOS="1817" WIDTH="81" />
<SP HEIGHT="39" HPOS="1161" VPOS="1818" WIDTH="36" />
<String CONTENT="Dec." HEIGHT="38" HPOS="1198" VPOS="1818" WIDTH="107" />
<SP HEIGHT="38" HPOS="1306" VPOS="1818" WIDTH="36" />
<String CONTENT="5;" CS="1" HEIGHT="37" HPOS="1343" VPOS="1818" WIDTH="24" />
<SP HEIGHT="40" HPOS="1395" VPOS="1818" WIDTH="36" />
<String CONTENT="A" HEIGHT="38" HPOS="1432" VPOS="1818" WIDTH="41" />
<SP HEIGHT="39" HPOS="1474" VPOS="1818" WIDTH="33" />
<String CONTENT="89731;" HEIGHT="49" HPOS="1508" VPOS="1816" WIDTH="169" />
<SP HEIGHT="47" HPOS="1678" VPOS="1818" WIDTH="38" />
<String CONTENT="Garden" HEIGHT="40" HPOS="1717" VPOS="1818" WIDTH="193" />
<SP HEIGHT="40" HPOS="1911" VPOS="1819" WIDTH="35" />
<String CONTENT="City" HEIGHT="41" HPOS="1947" VPOS="1819" WIDTH="110" />
<SP HEIGHT="37" HPOS="2058" VPOS="1831" WIDTH="31" />
<String CONTENT="pub." HEIGHT="48" HPOS="2090" VPOS="1820" WIDTH="105" />
<SP HEIGHT="29" HPOS="2196" VPOS="1831" WIDTH="36" />
<String CONTENT="co.," HEIGHT="36" HPOS="2233" LANG="ru" VPOS="1830" WIDTH="81" />
</TextLine>
<TextLine HEIGHT="49" HPOS="394" VPOS="1874" WIDTH="441">
<String CONTENT="inc." HEIGHT="40" HPOS="394" VPOS="1875" WIDTH="89" />
<SP HEIGHT="48" HPOS="484" VPOS="1875" WIDTH="70" />
<String CONTENT="(35-34860)" HEIGHT="49" HPOS="555" VPOS="1874" WIDTH="280" />
</TextLine>
<TextLine HEIGHT="63" HPOS="324" STYLEREFS="StyleId-B49B8880-6FFC-4BF8-9E72-BD268BB9AA9A-" VPOS="1978" WIDTH="777">
<String CONTENT="Haslett," HEIGHT="63" HPOS="324" VPOS="1978" WIDTH="257" />
<SP HEIGHT="61" HPOS="582" VPOS="1980" WIDTH="28" />
<String CONTENT="Arthur" HEIGHT="53" HPOS="611" VPOS="1978" WIDTH="235" />
<SP HEIGHT="53" HPOS="847" VPOS="1979" WIDTH="24" />
<String CONTENT="Woods." HEIGHT="53" HPOS="872" VPOS="1979" WIDTH="229" />
</TextLine>
<TextLine CS="1" HEIGHT="70" HPOS="395" STYLEREFS="StyleId-22C6E590-08F4-48CA-B4C3-BA931194771B-" VPOS="2051" WIDTH="1919">
<String CONTENT="Unsolved" HEIGHT="57" HPOS="395" VPOS="2052" WIDTH="290" />
<SP HEIGHT="69" HPOS="686" VPOS="2052" WIDTH="39" />
<String CONTENT="problems" HEIGHT="68" HPOS="726" VPOS="2053" WIDTH="279" />
<SP HEIGHT="34" HPOS="1006" VPOS="2072" WIDTH="39" />
<String CONTENT="of" HEIGHT="53" HPOS="1046" VPOS="2053" WIDTH="63" />
<SP HEIGHT="52" HPOS="1110" VPOS="2053" WIDTH="39" />
<String CONTENT="science," HEIGHT="69" HPOS="1150" VPOS="2051" WIDTH="229" />
<SP HEIGHT="67" HPOS="1380" VPOS="2053" WIDTH="39" />
<String CONTENT="by" HEIGHT="67" HPOS="1420" VPOS="2053" WIDTH="69" />
<SP HEIGHT="67" HPOS="1490" VPOS="2053" WIDTH="38" />
<String CONTENT="A." HEIGHT="53" HPOS="1529" VPOS="2053" WIDTH="71" />
<SP HEIGHT="53" HPOS="1601" VPOS="2053" WIDTH="39" />
<String CONTENT="W." HEIGHT="52" HPOS="1641" VPOS="2053" WIDTH="87" />
<SP HEIGHT="52" HPOS="1729" VPOS="2053" WIDTH="42" />
<String CONTENT="Haslett" HEIGHT="55" HPOS="1772" VPOS="2053" WIDTH="226" />
<SP HEIGHT="45" HPOS="1999" VPOS="2063" WIDTH="44" />
<String CONTENT="&#8230;" CS="1" />
<SP HEIGHT="53" HPOS="2100" VPOS="2053" WIDTH="78" />
<String CONTENT="New" HEIGHT="54" HPOS="2179" VPOS="2053" WIDTH="135" />
</TextLine>
<TextLine HEIGHT="71" HPOS="328" STYLEREFS="StyleId-22C6E590-08F4-48CA-B4C3-BA931194771B-" VPOS="2129" WIDTH="1194">
<String CONTENT="York," HEIGHT="68" HPOS="328" VPOS="2132" WIDTH="177" />
<SP HEIGHT="68" HPOS="506" VPOS="2132" WIDTH="29" />
<String CONTENT="The" HEIGHT="51" HPOS="536" VPOS="2131" WIDTH="118" />
<SP HEIGHT="52" HPOS="655" VPOS="2131" WIDTH="29" />
<String CONTENT="Macmillan" HEIGHT="54" HPOS="685" VPOS="2129" WIDTH="332" />
<SP HEIGHT="34" HPOS="1018" VPOS="2148" WIDTH="28" />
<String CONTENT="company," HEIGHT="50" HPOS="1047" VPOS="2147" WIDTH="294" />
<SP HEIGHT="63" HPOS="1342" VPOS="2133" WIDTH="31" />
<String CONTENT="1935." HEIGHT="50" HPOS="1374" VPOS="2132" WIDTH="148" />
</TextLine>
<TextLine CS="1" HEIGHT="51" HPOS="393" VPOS="2199" WIDTH="1248">
<String CONTENT="xi" HEIGHT="38" HPOS="393" LANG="fr" VPOS="2204" WIDTH="50" />
<SP HEIGHT="46" HPOS="444" VPOS="2204" WIDTH="22" />
<String CONTENT="p.," HEIGHT="37" HPOS="467" LANG="fr" VPOS="2213" WIDTH="58" />
<SP HEIGHT="47" HPOS="526" VPOS="2203" WIDTH="24" />
<String CONTENT="1" HEIGHT="38" HPOS="551" VPOS="2203" WIDTH="24" />
<SP />
<String CONTENT="l.," CS="1" />
<SP HEIGHT="48" HPOS="646" VPOS="2201" WIDTH="22" />
<String CONTENT="317" HEIGHT="40" HPOS="669" VPOS="2201" WIDTH="86" />
<SP HEIGHT="47" HPOS="756" VPOS="2202" WIDTH="22" />
<String CONTENT="p." HEIGHT="37" HPOS="779" VPOS="2212" WIDTH="43" />
<SP HEIGHT="41" HPOS="823" VPOS="2200" WIDTH="58" />
<String CONTENT="illus." HEIGHT="40" HPOS="882" VPOS="2200" WIDTH="127" />
<SP HEIGHT="48" HPOS="1010" VPOS="2199" WIDTH="27" />
<String CONTENT="(maps)" HEIGHT="50" HPOS="1038" VPOS="2199" WIDTH="186" />
<SP HEIGHT="48" HPOS="1225" VPOS="2201" WIDTH="32" />
<String CONTENT="diagrs." HEIGHT="46" HPOS="1258" VPOS="2202" WIDTH="179" />
<SP HEIGHT="41" HPOS="1438" VPOS="2200" WIDTH="58" />
<String CONTENT="20&#189;" CS="1" HEIGHT="41" HPOS="1497" VPOS="2199" WIDTH="56" />
<String CONTENT="cm" HEIGHT="21" HPOS="1584" STYLE="superscript" VPOS="2204" WIDTH="43" />
<String CONTENT="." HEIGHT="8" HPOS="1633" VPOS="2234" WIDTH="8" />
</TextLine>
<TextLine CS="1" HEIGHT="53" HPOS="325" VPOS="2259" WIDTH="1989">
<String CONTENT="&#169;" HEIGHT="53" HPOS="325" VPOS="2259" WIDTH="53" />
<SP HEIGHT="53" HPOS="379" VPOS="2259" WIDTH="26" />
<String CONTENT="Nov." HEIGHT="38" HPOS="406" VPOS="2264" WIDTH="117" />
<SP HEIGHT="39" HPOS="524" VPOS="2263" WIDTH="27" />
<String CONTENT="19," HEIGHT="48" HPOS="552" VPOS="2261" WIDTH="68" />
<SP HEIGHT="46" HPOS="621" VPOS="2263" WIDTH="27" />
<String CONTENT="1935;" CS="1" HEIGHT="40" HPOS="649" VPOS="2261" WIDTH="113" />
<SP HEIGHT="47" HPOS="790" VPOS="2261" WIDTH="26" />
<String CONTENT="2c." HEIGHT="40" HPOS="817" VPOS="2261" WIDTH="66" />
<SP HEIGHT="30" HPOS="884" VPOS="2271" WIDTH="28" />
<String CONTENT="and" HEIGHT="39" HPOS="913" VPOS="2261" WIDTH="97" />
<SP HEIGHT="39" HPOS="1011" VPOS="2261" WIDTH="25" />
<String CONTENT="aff." HEIGHT="40" HPOS="1037" VPOS="2260" WIDTH="82" />
<SP HEIGHT="39" HPOS="1120" VPOS="2261" WIDTH="28" />
<String CONTENT="Nov." HEIGHT="39" HPOS="1149" VPOS="2261" WIDTH="117" />
<SP HEIGHT="38" HPOS="1267" VPOS="2262" WIDTH="27" />
<String CONTENT="20;" CS="1" HEIGHT="38" HPOS="1295" VPOS="2260" WIDTH="55" />
<SP HEIGHT="39" HPOS="1378" VPOS="2261" WIDTH="30" />
<String CONTENT="A" HEIGHT="37" HPOS="1409" VPOS="2261" WIDTH="40" />
<SP HEIGHT="39" HPOS="1450" VPOS="2261" WIDTH="27" />
<String CONTENT="89475;" HEIGHT="48" HPOS="1478" VPOS="2259" WIDTH="169" />
<SP HEIGHT="45" HPOS="1648" VPOS="2262" WIDTH="31" />
<String CONTENT="A." HEIGHT="38" HPOS="1680" VPOS="2262" WIDTH="51" />
<SP HEIGHT="38" HPOS="1732" VPOS="2262" WIDTH="32" />
<String CONTENT="W." HEIGHT="38" HPOS="1765" VPOS="2262" WIDTH="69" />
<SP HEIGHT="38" HPOS="1835" VPOS="2262" WIDTH="28" />
<String CONTENT="Haslett," HEIGHT="47" HPOS="1864" VPOS="2261" WIDTH="210" />
<SP HEIGHT="46" HPOS="2075" VPOS="2262" WIDTH="29" />
<String CONTENT="London." HEIGHT="40" HPOS="2105" VPOS="2261" WIDTH="209" />
</TextLine>
<TextLine HEIGHT="47" HPOS="406" VPOS="2318" WIDTH="280">
<String CONTENT="(35-34862)" HEIGHT="47" HPOS="406" VPOS="2318" WIDTH="280" />
</TextLine>
<TextLine HEIGHT="64" HPOS="325" STYLEREFS="StyleId-B49B8880-6FFC-4BF8-9E72-BD268BB9AA9A-" VPOS="2421" WIDTH="787">
<String CONTENT="Hawthorne," HEIGHT="63" HPOS="325" LANG="en-US" VPOS="2422" WIDTH="382" />
<SP HEIGHT="63" HPOS="708" VPOS="2422" WIDTH="28" />
<String CONTENT="Hildegarde." HEIGHT="63" HPOS="737" LANG="de" VPOS="2421" WIDTH="375" />
</TextLine>
<TextLine CS="1" HEIGHT="70" HPOS="396" STYLEREFS="StyleId-22C6E590-08F4-48CA-B4C3-BA931194771B-" VPOS="2493" WIDTH="1920">
<String CONTENT="Enos" HEIGHT="55" HPOS="396" LANG="en-US" VPOS="2497" WIDTH="154" />
<SP HEIGHT="54" HPOS="551" VPOS="2497" WIDTH="32" />
<String CONTENT="Mills" HEIGHT="52" HPOS="584" LANG="en-US" VPOS="2497" WIDTH="161" />
<SP HEIGHT="34" HPOS="746" VPOS="2514" WIDTH="32" />
<String CONTENT="of" HEIGHT="53" HPOS="779" LANG="en-US" VPOS="2495" WIDTH="63" />
<SP HEIGHT="55" HPOS="843" VPOS="2495" WIDTH="28" />
<String CONTENT="the" HEIGHT="55" HPOS="872" LANG="en-US" VPOS="2495" WIDTH="95" />
<SP HEIGHT="52" HPOS="968" VPOS="2495" WIDTH="31" />
<String CONTENT="Rockies" HEIGHT="55" HPOS="1000" LANG="en-US" VPOS="2494" WIDTH="238" />
<SP HEIGHT="48" HPOS="1239" VPOS="2515" WIDTH="39" />
<String CONTENT="[by]" CS="1" HEIGHT="67" HPOS="1298" LANG="en-US" VPOS="2495" WIDTH="90" />
<SP HEIGHT="67" HPOS="1389" VPOS="2495" WIDTH="38" />
<String CONTENT="Hildegarde" HEIGHT="69" HPOS="1428" LANG="de" VPOS="2493" WIDTH="354" />
<SP HEIGHT="52" HPOS="1783" VPOS="2495" WIDTH="36" />
<String CONTENT="Hawthorne" HEIGHT="54" HPOS="1820" LANG="en-US" VPOS="2495" WIDTH="351" />
<SP HEIGHT="38" HPOS="2172" VPOS="2511" WIDTH="33" />
<String CONTENT="and" HEIGHT="52" HPOS="2206" LANG="en-US" VPOS="2495" WIDTH="110" />
</TextLine>
<TextLine HEIGHT="71" HPOS="327" STYLEREFS="StyleId-22C6E590-08F4-48CA-B4C3-BA931194771B-" VPOS="2569" WIDTH="1989">
<String CONTENT="Esther" HEIGHT="53" HPOS="327" VPOS="2575" WIDTH="208" />
<SP HEIGHT="52" HPOS="536" VPOS="2574" WIDTH="48" />
<String CONTENT="Burnell" HEIGHT="54" HPOS="585" VPOS="2571" WIDTH="236" />
<SP HEIGHT="52" HPOS="822" VPOS="2572" WIDTH="46" />
<String CONTENT="Mills." HEIGHT="55" HPOS="869" VPOS="2572" WIDTH="174" />
<SP HEIGHT="55" HPOS="1044" VPOS="2572" WIDTH="91" />
<String CONTENT="Boston," HEIGHT="67" HPOS="1136" VPOS="2572" WIDTH="232" />
<SP HEIGHT="67" HPOS="1369" VPOS="2572" WIDTH="44" />
<String CONTENT="Houghton" HEIGHT="68" HPOS="1414" VPOS="2571" WIDTH="315" />
<SP HEIGHT="51" HPOS="1730" VPOS="2571" WIDTH="45" />
<String CONTENT="Mifflin" HEIGHT="54" HPOS="1776" VPOS="2569" WIDTH="201" />
<SP HEIGHT="35" HPOS="1978" VPOS="2589" WIDTH="46" />
<String CONTENT="company," HEIGHT="51" HPOS="2025" VPOS="2589" WIDTH="291" />
</TextLine>
<TextLine HEIGHT="49" HPOS="328" STYLEREFS="StyleId-22C6E590-08F4-48CA-B4C3-BA931194771B-" VPOS="2655" WIDTH="149">
<String CONTENT="1935." HEIGHT="49" HPOS="328" VPOS="2655" WIDTH="149" />
</TextLine>
<TextLine CS="1" HEIGHT="50" HPOS="397" VPOS="2720" WIDTH="1238">
<String CONTENT="5" HEIGHT="39" HPOS="397" VPOS="2722" WIDTH="26" />
<SP HEIGHT="47" HPOS="424" VPOS="2722" WIDTH="24" />
<String CONTENT="p." HEIGHT="36" HPOS="449" VPOS="2733" WIDTH="41" />
<SP />
<String CONTENT="l.," CS="1" />
<SP HEIGHT="30" HPOS="563" VPOS="2740" WIDTH="28" />
<String CONTENT="[3]-260" HEIGHT="49" HPOS="592" VPOS="2721" WIDTH="177" />
<SP HEIGHT="47" HPOS="770" VPOS="2721" WIDTH="22" />
<String CONTENT="p." HEIGHT="37" HPOS="793" VPOS="2731" WIDTH="43" />
<SP HEIGHT="41" HPOS="837" VPOS="2720" WIDTH="56" />
<String CONTENT="front.," HEIGHT="47" HPOS="894" VPOS="2720" WIDTH="164" />
<SP HEIGHT="36" HPOS="1059" VPOS="2732" WIDTH="24" />
<String CONTENT="plates," HEIGHT="47" HPOS="1084" VPOS="2721" WIDTH="170" />
<SP HEIGHT="36" HPOS="1255" VPOS="2731" WIDTH="25" />
<String CONTENT="ports." HEIGHT="45" HPOS="1281" VPOS="2722" WIDTH="149" />
<SP HEIGHT="40" HPOS="1431" VPOS="2720" WIDTH="57" />
<String CONTENT="21&#189;" CS="1" HEIGHT="39" HPOS="1489" VPOS="2720" WIDTH="55" />
<String CONTENT="cm" HEIGHT="20" HPOS="1577" STYLE="superscript" VPOS="2723" WIDTH="44" />
<String CONTENT="." HEIGHT="10" HPOS="1625" VPOS="2752" WIDTH="10" />
</TextLine>
<TextLine CS="1" HEIGHT="100" HPOS="327" VPOS="2777" WIDTH="1973">
<String CONTENT="&#169;" HEIGHT="53" HPOS="327" VPOS="2777" WIDTH="53" />
<SP HEIGHT="53" HPOS="381" VPOS="2777" WIDTH="28" />
<String CONTENT="Nov." HEIGHT="39" HPOS="410" VPOS="2782" WIDTH="117" />
<SP HEIGHT="39" HPOS="528" VPOS="2782" WIDTH="29" />
<String CONTENT="19," HEIGHT="46" HPOS="558" VPOS="2781" WIDTH="68" />
<SP HEIGHT="45" HPOS="627" VPOS="2782" WIDTH="30" />
<String CONTENT="1935;" HEIGHT="47" HPOS="658" VPOS="2779" WIDTH="139" />
<SP HEIGHT="45" HPOS="798" VPOS="2781" WIDTH="31" />
<String CONTENT="2c." HEIGHT="38" HPOS="830" VPOS="2781" WIDTH="65" />
<SP HEIGHT="39" HPOS="896" VPOS="2780" WIDTH="31" />
<String CONTENT="Nov." HEIGHT="38" HPOS="928" VPOS="2780" WIDTH="115" />
<SP HEIGHT="38" HPOS="1044" VPOS="2780" WIDTH="32" />
<String CONTENT="25;" HEIGHT="46" HPOS="1077" VPOS="2779" WIDTH="82" />
<SP HEIGHT="36" HPOS="1160" VPOS="2789" WIDTH="33" />
<String CONTENT="aff." HEIGHT="40" HPOS="1194" VPOS="2778" WIDTH="80" />
<SP HEIGHT="39" HPOS="1275" VPOS="2779" WIDTH="32" />
<String CONTENT="Nov." HEIGHT="39" HPOS="1308" VPOS="2779" WIDTH="117" />
<SP HEIGHT="41" HPOS="1426" VPOS="2777" WIDTH="31" />
<String CONTENT="21;" HEIGHT="48" HPOS="1458" VPOS="2777" WIDTH="81" />
<SP HEIGHT="46" HPOS="1540" VPOS="2779" WIDTH="33" />
<String CONTENT="A" HEIGHT="38" HPOS="1574" VPOS="2779" WIDTH="41" />
<SP HEIGHT="39" HPOS="1616" VPOS="2779" WIDTH="26" />
<String CONTENT="89598;" CS="1" HEIGHT="41" HPOS="1643" VPOS="2778" WIDTH="146" />
<SP HEIGHT="40" HPOS="1813" VPOS="2780" WIDTH="33" />
<String CONTENT="Hildegarde" HEIGHT="47" HPOS="1847" LANG="de" VPOS="2779" WIDTH="300" />
<SP HEIGHT="39" HPOS="2148" VPOS="2780" WIDTH="26" />
<String CONTENT="Hawthorne" HEIGHT="97" HPOS="399" VPOS="2780" WIDTH="1901" />
</TextLine>
<TextLine HEIGHT="50" HPOS="610" VPOS="2834" WIDTH="1704">
<String CONTENT="Oskison," HEIGHT="47" HPOS="610" VPOS="2837" WIDTH="221" />
<SP HEIGHT="47" HPOS="832" VPOS="2837" WIDTH="37" />
<String CONTENT="Berkeley," HEIGHT="48" HPOS="870" VPOS="2836" WIDTH="248" />
<SP HEIGHT="49" HPOS="1119" VPOS="2835" WIDTH="38" />
<String CONTENT="Calif.," HEIGHT="47" HPOS="1158" VPOS="2835" WIDTH="160" />
<SP HEIGHT="35" HPOS="1319" VPOS="2847" WIDTH="36" />
<String CONTENT="and" HEIGHT="38" HPOS="1356" VPOS="2836" WIDTH="93" />
<SP HEIGHT="38" HPOS="1450" VPOS="2836" WIDTH="37" />
<String CONTENT="Esther" HEIGHT="39" HPOS="1488" VPOS="2836" WIDTH="177" />
<SP HEIGHT="37" HPOS="1666" VPOS="2836" WIDTH="36" />
<String CONTENT="B." HEIGHT="39" HPOS="1703" VPOS="2836" WIDTH="53" />
<SP HEIGHT="39" HPOS="1757" VPOS="2836" WIDTH="39" />
<String CONTENT="Hills," HEIGHT="49" HPOS="1797" VPOS="2834" WIDTH="143" />
<SP HEIGHT="47" HPOS="1941" VPOS="2836" WIDTH="37" />
<String CONTENT="Longs" HEIGHT="46" HPOS="1979" VPOS="2836" WIDTH="157" />
<SP HEIGHT="39" HPOS="2137" VPOS="2836" WIDTH="35" />
<String CONTENT="Peak," HEIGHT="45" HPOS="2173" VPOS="2836" WIDTH="141" />
</TextLine>
<TextLine HEIGHT="48" HPOS="397" VPOS="2893" WIDTH="448">
<String CONTENT="Col." HEIGHT="40" HPOS="397" VPOS="2895" WIDTH="97" />
<SP HEIGHT="46" HPOS="495" VPOS="2895" WIDTH="70" />
<String CONTENT="(35-34859)" HEIGHT="48" HPOS="566" VPOS="2893" WIDTH="279" />
</TextLine>
<TextLine HEIGHT="66" HPOS="328" STYLEREFS="StyleId-B49B8880-6FFC-4BF8-9E72-BD268BB9AA9A-" VPOS="2993" WIDTH="977">
<String CONTENT="Henry," HEIGHT="64" HPOS="328" VPOS="2995" WIDTH="222" />
<SP HEIGHT="63" HPOS="551" VPOS="2996" WIDTH="29" />
<String CONTENT="George" HEIGHT="63" HPOS="581" VPOS="2996" WIDTH="225" />
<SP HEIGHT="53" HPOS="807" VPOS="2996" WIDTH="25" />
<String CONTENT="William," HEIGHT="66" HPOS="833" VPOS="2993" WIDTH="271" />
<SP HEIGHT="58" HPOS="1105" VPOS="3001" WIDTH="29" />
<String CONTENT="1889-" HEIGHT="52" HPOS="1135" VPOS="2997" WIDTH="170" />
</TextLine>
<TextLine CS="1" HEIGHT="71" HPOS="399" STYLEREFS="StyleId-22C6E590-08F4-48CA-B4C3-BA931194771B-" VPOS="3067" WIDTH="1855">
<String CONTENT="Essentials" HEIGHT="52" HPOS="399" VPOS="3071" WIDTH="312" />
<SP HEIGHT="36" HPOS="712" VPOS="3090" WIDTH="50" />
<String CONTENT="of" HEIGHT="56" HPOS="763" VPOS="3070" WIDTH="64" />
<SP HEIGHT="68" HPOS="828" VPOS="3070" WIDTH="47" />
<String CONTENT="psychopathology," HEIGHT="68" HPOS="876" VPOS="3070" WIDTH="544" />
<SP HEIGHT="68" HPOS="1421" VPOS="3069" WIDTH="48" />
<String CONTENT="by" HEIGHT="68" HPOS="1470" VPOS="3069" WIDTH="71" />
<SP HEIGHT="70" HPOS="1542" VPOS="3067" WIDTH="51" />
<String CONTENT="George" HEIGHT="69" HPOS="1594" VPOS="3067" WIDTH="215" />
<SP HEIGHT="53" HPOS="1810" VPOS="3069" WIDTH="49" />
<String CONTENT="W." HEIGHT="53" HPOS="1860" VPOS="3069" WIDTH="89" />
<SP HEIGHT="52" HPOS="1950" VPOS="3068" WIDTH="50" />
<String CONTENT="Henry" HEIGHT="67" HPOS="2001" VPOS="3068" WIDTH="199" />
<SP HEIGHT="48" HPOS="2201" VPOS="3087" WIDTH="53" />
<String CONTENT="&#8230;" CS="1" />
</TextLine>
<TextLine HEIGHT="69" HPOS="331" STYLEREFS="StyleId-22C6E590-08F4-48CA-B4C3-BA931194771B-" VPOS="3147" WIDTH="1229">
<String CONTENT="Baltimore," HEIGHT="67" HPOS="331" VPOS="3149" WIDTH="328" />
<SP HEIGHT="68" HPOS="660" VPOS="3148" WIDTH="26" />
<String CONTENT="W." HEIGHT="53" HPOS="687" VPOS="3148" WIDTH="89" />
<SP HEIGHT="53" HPOS="777" VPOS="3148" WIDTH="27" />
<String CONTENT="Wood" HEIGHT="52" HPOS="805" VPOS="3148" WIDTH="182" />
<SP HEIGHT="52" HPOS="988" VPOS="3148" WIDTH="24" />
<String CONTENT="&amp;" HEIGHT="50" HPOS="1013" VPOS="3148" WIDTH="45" />
<SP HEIGHT="51" HPOS="1059" VPOS="3148" WIDTH="25" />
<String CONTENT="company," HEIGHT="50" HPOS="1085" VPOS="3164" WIDTH="294" />
<SP HEIGHT="64" HPOS="1380" VPOS="3150" WIDTH="30" />
<String CONTENT="1935." HEIGHT="52" HPOS="1411" VPOS="3147" WIDTH="149" />
</TextLine>
<TextLine CS="1" HEIGHT="48" HPOS="398" STYLEREFS="StyleId-22C6E590-08F4-48CA-B4C3-BA931194771B-" VPOS="3218" WIDTH="677">
<String CONTENT="ix," HEIGHT="46" HPOS="398" VPOS="3220" WIDTH="63" />
<SP HEIGHT="46" HPOS="462" VPOS="3220" WIDTH="33" />
<String CONTENT="312" HEIGHT="41" HPOS="496" VPOS="3218" WIDTH="85" />
<SP HEIGHT="48" HPOS="582" VPOS="3218" WIDTH="31" />
<String CONTENT="p." HEIGHT="38" HPOS="614" VPOS="3228" WIDTH="43" />
<SP HEIGHT="40" HPOS="658" VPOS="3219" WIDTH="58" />
<String CONTENT="diagr." HEIGHT="46" HPOS="717" VPOS="3219" WIDTH="153" />
<SP HEIGHT="40" HPOS="871" VPOS="3218" WIDTH="57" />
<String CONTENT="23&#189;" CS="1" HEIGHT="40" HPOS="929" VPOS="3218" WIDTH="56" />
<String CONTENT="cm" HEIGHT="22" HPOS="1016" STYLE="superscript" VPOS="3219" WIDTH="44" />
<String CONTENT="." HEIGHT="10" HPOS="1065" VPOS="3248" WIDTH="10" />
</TextLine>
<TextLine CS="1" HEIGHT="49" HPOS="398" VPOS="3273" WIDTH="690">
<String CONTENT="Bibliography;" CS="1" HEIGHT="47" HPOS="398" VPOS="3275" WIDTH="348" />
<SP HEIGHT="37" HPOS="774" VPOS="3285" WIDTH="27" />
<String CONTENT="p." HEIGHT="37" HPOS="802" VPOS="3285" WIDTH="42" />
<SP HEIGHT="42" HPOS="845" VPOS="3273" WIDTH="26" />
<String CONTENT="303-305." HEIGHT="41" HPOS="872" VPOS="3273" WIDTH="216" />
</TextLine>
<TextLine CS="1" HEIGHT="109" HPOS="332" VPOS="3329" WIDTH="1965">
<String CONTENT="&#169;" HEIGHT="51" HPOS="332" VPOS="3332" WIDTH="52" />
<SP HEIGHT="51" HPOS="385" VPOS="3332" WIDTH="31" />
<String CONTENT="Nov." HEIGHT="38" HPOS="417" VPOS="3336" WIDTH="118" />
<SP HEIGHT="39" HPOS="536" VPOS="3335" WIDTH="32" />
<String CONTENT="9," HEIGHT="46" HPOS="569" VPOS="3335" WIDTH="39" />
<SP HEIGHT="45" HPOS="609" VPOS="3336" WIDTH="34" />
<String CONTENT="1935;" CS="1" HEIGHT="39" HPOS="644" VPOS="3334" WIDTH="112" />
<SP HEIGHT="48" HPOS="784" VPOS="3332" WIDTH="35" />
<String CONTENT="2c." HEIGHT="41" HPOS="820" VPOS="3332" WIDTH="66" />
<SP HEIGHT="39" HPOS="887" VPOS="3334" WIDTH="31" />
<String CONTENT="Nov." HEIGHT="37" HPOS="919" VPOS="3334" WIDTH="116" />
<SP HEIGHT="38" HPOS="1036" VPOS="3333" WIDTH="35" />
<String CONTENT="18;" HEIGHT="41" HPOS="1072" VPOS="3333" WIDTH="80" />
<SP HEIGHT="31" HPOS="1153" VPOS="3343" WIDTH="36" />
<String CONTENT="aff." HEIGHT="39" HPOS="1190" VPOS="3332" WIDTH="81" />
<SP HEIGHT="39" HPOS="1272" VPOS="3332" WIDTH="33" />
<String CONTENT="Nov." HEIGHT="39" HPOS="1306" VPOS="3332" WIDTH="118" />
<SP HEIGHT="38" HPOS="1425" VPOS="3333" WIDTH="34" />
<String CONTENT="16;" CS="1" HEIGHT="39" HPOS="1460" VPOS="3331" WIDTH="57" />
<SP HEIGHT="37" HPOS="1541" VPOS="3334" WIDTH="37" />
<String CONTENT="A" HEIGHT="35" HPOS="1579" VPOS="3334" WIDTH="39" />
<SP HEIGHT="39" HPOS="1619" VPOS="3332" WIDTH="32" />
<String CONTENT="88267;" CS="1" HEIGHT="40" HPOS="1652" VPOS="3331" WIDTH="143" />
<SP HEIGHT="45" HPOS="1822" VPOS="3332" WIDTH="36" />
<String CONTENT="Williams" HEIGHT="40" HPOS="1859" VPOS="3331" WIDTH="240" />
<SP HEIGHT="38" HPOS="2100" VPOS="3331" WIDTH="34" />
<String CONTENT="&amp;" HEIGHT="38" HPOS="2135" VPOS="3331" WIDTH="35" />
<SP HEIGHT="38" HPOS="2171" VPOS="3331" WIDTH="33" />
<String CONTENT="Wilkins" HEIGHT="101" HPOS="399" VPOS="3329" WIDTH="1898" />
<SP HEIGHT="27" HPOS="509" VPOS="3403" WIDTH="26" />
<String CONTENT="co.," HEIGHT="35" HPOS="536" LANG="ru" VPOS="3403" WIDTH="80" />
<SP HEIGHT="46" HPOS="617" VPOS="3392" WIDTH="27" />
<String CONTENT="Baltimore." HEIGHT="40" HPOS="645" VPOS="3390" WIDTH="279" />
<SP HEIGHT="44" HPOS="925" VPOS="3391" WIDTH="72" />
<String CONTENT="(35-34007)" HEIGHT="47" HPOS="998" VPOS="3388" WIDTH="279" />
</TextLine>
<TextLine HEIGHT="64" HPOS="330" STYLEREFS="StyleId-B49B8880-6FFC-4BF8-9E72-BD268BB9AA9A-" VPOS="3493" WIDTH="502">
<String CONTENT="Holland," HEIGHT="63" HPOS="330" VPOS="3494" WIDTH="267" />
<SP HEIGHT="64" HPOS="598" VPOS="3493" WIDTH="27" />
<String CONTENT="Lydia." HEIGHT="64" HPOS="626" VPOS="3493" WIDTH="206" />
</TextLine>
<TextLine CS="1" HEIGHT="150" HPOS="330" STYLEREFS="StyleId-22C6E590-08F4-48CA-B4C3-BA931194771B-" VPOS="3564" WIDTH="1961">
<String CONTENT="Greenwich" HEIGHT="54" HPOS="401" VPOS="3569" WIDTH="334" />
<SP HEIGHT="52" HPOS="736" VPOS="3569" WIDTH="44" />
<String CONTENT="old" HEIGHT="52" HPOS="781" VPOS="3569" WIDTH="93" />
<SP HEIGHT="52" HPOS="875" VPOS="3569" WIDTH="42" />
<String CONTENT="&amp;" HEIGHT="49" HPOS="918" VPOS="3570" WIDTH="46" />
<SP HEIGHT="49" HPOS="965" VPOS="3570" WIDTH="38" />
<String CONTENT="new;" HEIGHT="47" HPOS="1004" VPOS="3586" WIDTH="151" />
<SP HEIGHT="47" HPOS="1156" VPOS="3586" WIDTH="48" />
<String CONTENT="a" HEIGHT="33" HPOS="1205" VPOS="3586" WIDTH="30" />
<SP HEIGHT="51" HPOS="1236" VPOS="3568" WIDTH="45" />
<String CONTENT="history," HEIGHT="66" HPOS="1282" VPOS="3568" WIDTH="237" />
<SP HEIGHT="67" HPOS="1520" VPOS="3566" WIDTH="44" />
<String CONTENT="illustrated" HEIGHT="52" HPOS="1565" VPOS="3566" WIDTH="324" />
<SP HEIGHT="51" HPOS="1890" VPOS="3566" WIDTH="44" />
<String CONTENT="with" HEIGHT="51" HPOS="1935" VPOS="3565" WIDTH="138" />
<SP HEIGHT="66" HPOS="2074" VPOS="3565" WIDTH="44" />
<String CONTENT="photographs," HEIGHT="150" HPOS="330" VPOS="3564" WIDTH="1961" />
<SP HEIGHT="47" HPOS="561" VPOS="3665" WIDTH="32" />
<String CONTENT="of" HEIGHT="52" HPOS="594" VPOS="3646" WIDTH="64" />
</TextLine>
<TextLine HEIGHT="71" HPOS="690" STYLEREFS="StyleId-22C6E590-08F4-48CA-B4C3-BA931194771B-" VPOS="3641" WIDTH="1623">
<String CONTENT="Greenwich," HEIGHT="66" HPOS="690" VPOS="3646" WIDTH="350" />
<SP HEIGHT="69" HPOS="1041" VPOS="3643" WIDTH="34" />
<String CONTENT="Connecticut," HEIGHT="67" HPOS="1076" VPOS="3643" WIDTH="386" />
<SP HEIGHT="66" HPOS="1463" VPOS="3644" WIDTH="34" />
<String CONTENT="from" HEIGHT="51" HPOS="1498" VPOS="3644" WIDTH="151" />
<SP HEIGHT="33" HPOS="1650" VPOS="3662" WIDTH="31" />
<String CONTENT="colonial" HEIGHT="51" HPOS="1682" VPOS="3644" WIDTH="242" />
<SP HEIGHT="51" HPOS="1925" VPOS="3644" WIDTH="32" />
<String CONTENT="days" HEIGHT="65" HPOS="1958" VPOS="3644" WIDTH="138" />
<SP HEIGHT="47" HPOS="2097" VPOS="3648" WIDTH="32" />
<String CONTENT="to" HEIGHT="47" HPOS="2130" VPOS="3648" WIDTH="57" />
<SP HEIGHT="49" HPOS="2188" VPOS="3646" WIDTH="33" />
<String CONTENT="the" HEIGHT="50" HPOS="2222" VPOS="3641" WIDTH="91" />
</TextLine>
<TextLine HEIGHT="74" HPOS="334" STYLEREFS="StyleId-22C6E590-08F4-48CA-B4C3-BA931194771B-" VPOS="3717" WIDTH="1977">
<String CONTENT="present," HEIGHT="59" HPOS="334" VPOS="3731" WIDTH="241" />
<SP HEIGHT="65" HPOS="576" VPOS="3724" WIDTH="38" />
<String CONTENT="by" HEIGHT="67" HPOS="615" VPOS="3724" WIDTH="73" />
<SP HEIGHT="67" HPOS="689" VPOS="3724" WIDTH="40" />
<String CONTENT="Lydia" HEIGHT="67" HPOS="730" VPOS="3724" WIDTH="185" />
<SP HEIGHT="51" HPOS="916" VPOS="3724" WIDTH="39" />
<String CONTENT="Holland" HEIGHT="52" HPOS="956" VPOS="3723" WIDTH="258" />
<SP HEIGHT="51" HPOS="1215" VPOS="3724" WIDTH="40" />
<String CONTENT="and" HEIGHT="51" HPOS="1256" VPOS="3723" WIDTH="112" />
<SP HEIGHT="52" HPOS="1369" VPOS="3722" WIDTH="38" />
<String CONTENT="Margaret" HEIGHT="67" HPOS="1408" VPOS="3722" WIDTH="294" />
<SP HEIGHT="51" HPOS="1703" VPOS="3722" WIDTH="41" />
<String CONTENT="Leaf." HEIGHT="51" HPOS="1745" VPOS="3721" WIDTH="160" />
<SP HEIGHT="54" HPOS="1906" VPOS="3720" WIDTH="77" />
<String CONTENT="Greenwich" HEIGHT="57" HPOS="1984" VPOS="3717" WIDTH="327" />
</TextLine>
<TextLine CS="1" HEIGHT="67" HPOS="356" STYLEREFS="StyleId-22C6E590-08F4-48CA-B4C3-BA931194771B-" VPOS="3800" WIDTH="1099">
<String CONTENT="[Conn]" CS="1" HEIGHT="52" HPOS="356" VPOS="3801" WIDTH="159" />
<SP HEIGHT="63" HPOS="553" VPOS="3802" WIDTH="34" />
<String CONTENT="The" HEIGHT="49" HPOS="588" VPOS="3802" WIDTH="119" />
<SP HEIGHT="53" HPOS="708" VPOS="3800" WIDTH="30" />
<String CONTENT="Greenwich" HEIGHT="53" HPOS="739" VPOS="3800" WIDTH="332" />
<SP HEIGHT="66" HPOS="1072" VPOS="3801" WIDTH="27" />
<String CONTENT="press," HEIGHT="49" HPOS="1100" VPOS="3818" WIDTH="173" />
<SP HEIGHT="60" HPOS="1274" VPOS="3805" WIDTH="33" />
<String CONTENT="1935." HEIGHT="47" HPOS="1308" VPOS="3803" WIDTH="147" />
</TextLine>
<TextLine CS="1" HEIGHT="51" HPOS="402" VPOS="3871" WIDTH="1086">
<String CONTENT="6" HEIGHT="37" HPOS="402" VPOS="3875" WIDTH="25" />
<SP HEIGHT="45" HPOS="428" VPOS="3875" WIDTH="26" />
<String CONTENT="p." HEIGHT="35" HPOS="455" VPOS="3885" WIDTH="40" />
<SP />
<String CONTENT="l.," CS="1" />
<SP HEIGHT="29" HPOS="568" VPOS="3892" WIDTH="30" />
<String CONTENT="[3]-164," HEIGHT="48" HPOS="599" VPOS="3873" WIDTH="188" />
<SP HEIGHT="29" HPOS="788" VPOS="3893" WIDTH="29" />
<String CONTENT="[9]" HEIGHT="49" HPOS="818" VPOS="3873" WIDTH="54" />
<SP HEIGHT="37" HPOS="873" VPOS="3885" WIDTH="28" />
<String CONTENT="p." HEIGHT="36" HPOS="902" VPOS="3885" WIDTH="42" />
<SP HEIGHT="40" HPOS="945" VPOS="3873" WIDTH="26" />
<String CONTENT="incl." HEIGHT="41" HPOS="972" VPOS="3873" WIDTH="110" />
<SP HEIGHT="37" HPOS="1083" VPOS="3884" WIDTH="26" />
<String CONTENT="plates." HEIGHT="48" HPOS="1110" VPOS="3873" WIDTH="171" />
<SP HEIGHT="41" HPOS="1282" VPOS="3871" WIDTH="60" />
<String CONTENT="24&#189;" CS="1" HEIGHT="39" HPOS="1343" VPOS="3871" WIDTH="56" />
<String CONTENT="cm" HEIGHT="21" HPOS="1431" STYLE="superscript" VPOS="3874" WIDTH="44" />
<String CONTENT="." HEIGHT="9" HPOS="1480" VPOS="3903" WIDTH="8" />
</TextLine>
<TextLine CS="1" HEIGHT="54" HPOS="335" VPOS="3924" WIDTH="1977">
<String CONTENT="&#169;" HEIGHT="52" HPOS="335" VPOS="3926" WIDTH="52" />
<SP HEIGHT="52" HPOS="388" VPOS="3926" WIDTH="32" />
<String CONTENT="Oct." HEIGHT="40" HPOS="421" VPOS="3930" WIDTH="101" />
<SP HEIGHT="38" HPOS="523" VPOS="3931" WIDTH="31" />
<String CONTENT="17," HEIGHT="43" HPOS="555" VPOS="3931" WIDTH="69" />
<SP HEIGHT="44" HPOS="625" VPOS="3930" WIDTH="32" />
<String CONTENT="1935;" CS="1" HEIGHT="40" HPOS="658" VPOS="3928" WIDTH="116" />
<SP HEIGHT="46" HPOS="798" VPOS="3930" WIDTH="33" />
<String CONTENT="2c." HEIGHT="39" HPOS="832" VPOS="3930" WIDTH="66" />
<SP HEIGHT="38" HPOS="899" VPOS="3931" WIDTH="32" />
<String CONTENT="Nov." HEIGHT="38" HPOS="932" VPOS="3931" WIDTH="115" />
<SP HEIGHT="37" HPOS="1048" VPOS="3931" WIDTH="33" />
<String CONTENT="18;" CS="1" HEIGHT="38" HPOS="1082" VPOS="3931" WIDTH="56" />
<SP HEIGHT="37" HPOS="1164" VPOS="3939" WIDTH="36" />
<String CONTENT="aff." HEIGHT="39" HPOS="1201" VPOS="3929" WIDTH="80" />
<SP HEIGHT="39" HPOS="1282" VPOS="3929" WIDTH="34" />
<String CONTENT="Nov." HEIGHT="39" HPOS="1317" VPOS="3929" WIDTH="117" />
<SP HEIGHT="39" HPOS="1435" VPOS="3929" WIDTH="32" />
<String CONTENT="20;" CS="1" HEIGHT="40" HPOS="1468" VPOS="3928" WIDTH="58" />
<SP HEIGHT="38" HPOS="1550" VPOS="3930" WIDTH="35" />
<String CONTENT="A" HEIGHT="36" HPOS="1586" VPOS="3930" WIDTH="40" />
<SP HEIGHT="38" HPOS="1627" VPOS="3929" WIDTH="32" />
<String CONTENT="89471;" CS="1" HEIGHT="40" HPOS="1660" VPOS="3927" WIDTH="138" />
<SP HEIGHT="39" HPOS="1829" VPOS="3928" WIDTH="36" />
<String CONTENT="Greenwich" HEIGHT="41" HPOS="1866" VPOS="3924" WIDTH="281" />
<SP HEIGHT="45" HPOS="2148" VPOS="3926" WIDTH="31" />
<String CONTENT="press" HEIGHT="37" HPOS="2180" VPOS="3934" WIDTH="132" />
</TextLine>
<TextLine CS="1" HEIGHT="48" HPOS="400" VPOS="3985" WIDTH="495">
<String CONTENT="co.," HEIGHT="35" HPOS="400" LANG="ru" VPOS="3998" WIDTH="81" />
<SP HEIGHT="48" HPOS="482" VPOS="3985" WIDTH="28" />
<String CONTENT="inc." HEIGHT="39" HPOS="511" LANG="en-US" VPOS="3985" WIDTH="89" />
<SP HEIGHT="46" HPOS="601" VPOS="3986" WIDTH="73" />
<String CONTENT="(35-34878)" CS="1" HEIGHT="46" HPOS="675" LANG="en-US" VPOS="3986" WIDTH="220" />
</TextLine>
</TextBlock>
</PrintSpace>
</Page>
</Layout>
</alto>