2424 4375
1015 4043 132 50 1233

145 516 100 46 viii,
271 516 88 39 286
382 527 41 36 p.
481 516 55 38 21
539 518 46 22 cm
589 547 8 7 .

146 572 72 41 On
246 582 139 30 cover;
443 571 171 41 Public
639 570 247 50 speaking.

145 628 278 48 “Specimen
450 627 138 40 radio
615 627 159 41 talks”;
833 638 42 37 p.
910 626 247 50 [121]-286.

77 680 52 53 ©
157 686 119 47 Aug.
307 685 70 47 15,
407 683 117 42 1935;
577 684 67 41 2c.
673 685 95 39 and
798 684 80 40 aff.
911 684 119 48 Aug.
1062 685 58 39 17;
1177 684 41 38 A
1247 683 145 40 85537;
1450 682 54 40 G.
1533 681 206 48 Kleiser,
1769 681 118 40 New
1915 680 145 39 York.

155 741 279 49 (35-15435)

77 831 303 66 Kraetzer,
407 832 232 53 Arthur
666 832 277 63 Furman,
973 836 171 50 1891-

147 951 56 10 …
255 909 320 53 Procedure
619 908 63 53 in
727 906 385 54 examination
1155 907 65 53 of
1264 907 96 54 the
1405 906 185 68 lungs,
1633 903 142 54 with
1822 903 238 70 especial

72 986 284 53 reference
382 991 58 48 to
468 985 95 54 the
591 985 288 69 diagnosis
905 984 63 55 of
994 984 390 68 tuberculosis,
1410 984 75 68 by
1510 983 226 53 Arthur
1762 984 65 52 F.

73 983 1967 134 Kraetzer
197 1106 55 10 …
287 1062 140 54 with
457 1082 31 35 a
518 1062 284 55 foreword
831 1063 74 68 by
933 1063 193 54 James
1154 1062 329 54 Alexander
1511 1060 212 69 Miller,
1810 1106 11 10 M.
1889 1104 11 11 D.
1974 1061 88 52 2d.

72 1142 83 52 ed.
230 1141 139 52 New
399 1140 179 69 York,
608 1140 229 56 Oxford
866 1138 317 71 university
1210 1159 156 49 press
1402 1172 12 35 [
1419 1147 18 22 c
1442 1142 152 65 1935]

144 1214 84 48 xii,
265 1214 86 41 126
386 1226 45 37 p.
489 1214 128 41 illus.
676 1214 56 41 21
736 1217 44 21 cm
785 1245 10 10 .
863 1213 211 49 (Oxford
1111 1214 205 41 medical
1353 1212 350 51 publications)

79 1267 52 53 ©
165 1272 120 47 Aug.
321 1272 68 47 15,
425 1270 116 42 1935;
602 1272 67 39 2c.
706 1272 96 39 and
839 1271 80 40 aff.
956 1272 118 47 Aug.
1113 1272 82 45 20;
1236 1271 41 39 A
1313 1271 169 46 84980;
1522 1269 186 42 Oxford
1745 1269 130 41 univ.
1914 1280 151 37 press,

146 1328 117 40 New
287 1329 146 47 York,
459 1328 87 40 inc.
618 1328 279 48 (35-15438)

79 1417 335 65 Kunhardt,
444 1419 288 63 Dorothy.

146 1491 196 70 Lucky
375 1493 137 54 Mrs.
547 1492 436 70 Ticklefeather,
1015 1493 75 69 by
1123 1492 263 69 Dorothy
1421 1491 313 55 Kunhardt
1771 1534 58 14 …
1930 1491 135 57 [New

79 1568 177 70 York]
286 1570 307 69 Harcourt,
620 1571 180 54 Brace
826 1571 111 54 and
965 1587 294 53 company,
1284 1576 19 23 c
1308 1572 149 50 1935.

149 1643 784 50 [63] p. col. illus. 17½ × 26cm.
81 1696 52 53 ©
165 1701 127 48 Sept.
323 1701 39 47 5,
391 1700 116 41 1935;
563 1700 68 41 2c.
660 1701 99 42 and
783 1700 82 41 aff.
897 1701 128 47 Sept.
1056 1701 54 39 11;
1170 1701 44 40 A
1242 1700 147 41 85888;
1444 1701 261 48 Harcourt,
1737 1702 156 39 Brace
1918 1701 37 40 &
1984 1712 83 37 co.,

150 1758 88 39 inc.
310 1757 278 48 (35-15460)

82 1831 298 65 Lambert,
410 1832 288 64 Dorothy.

149 1906 256 69 Nothing
436 1912 65 57 to.
529 1905 240 72 forgive,
805 1907 71 69 by
912 1907 261 69 Dorothy
1208 1907 267 56 Lambert
1513 1950 57 12 …
1647 1907 257 69 London,
81 1905 1959 147 Collins,
235 1988 149 50 1935.

146 2059 86 40 267
258 2069 43 38 p.
358 2058 116 41 19cm.

85 2111 1986 54 © 1c. Sept. 11, 1935; A ad int. 20558; pubd. July 17; D. Lambert,
154 2174 397 47 Shepherdswell,
584 2183 71 30 nr.
688 2174 174 46 Dover,
895 2173 235 48 England.
1201 2172 280 48 (35-15908)

83 2248 175 66 Lanz,
283 2249 172 53 Titus
480 2266 131 39 von.

153 2326 335 53 Praktische
523 2327 309 65 anatomie·;
872 2329 90 51 ein
997 2327 146 52 lehr-
1179 2327 118 52 und
1333 2327 291 53 hilfsbuch
1660 2328 100 51 der
85 2326 1962 131 anatomischen

279 2405 360 66 grundlagen
667 2405 311 52 ärztlichen
1005 2405 296 67 handelns,
1329 2423 111 33 von
1468 2405 85 53 dr.
1582 2408 64 50 T.
1679 2424 109 34 von
1818 2407 155 51 Lanz
2011 2448 57 10 …

91 2483 151 65 [und]
279 2483 83 52 dr.
391 2484 91 53 W.
511 2483 374 53 Wachsmuth
924 2525 54 9 …
1051 2486 44 50 1.
1128 2483 92 53 bd.
1287 2487 47 49 3.
1364 2488 39 48 t.
1439 2484 160 52 Arm.
1667 2484 115 52 Mit
1811 2487 101 49 208
1944 2503 129 33 zum

85 2564 254 62 grössten
369 2560 99 53 teil
497 2560 265 67 farbigen
793 2561 399 67 abbildungen.
1258 2560 218 68 Berlin,
1504 2564 56 53 J.
1593 2561 296 69 Springer,
1922 2566 148 50 1935.

153 2633 83 46 xii,
265 2633 87 40 276
376 2644 42 36 p.
475 2633 125 40 illus.
632 2633 136 47 (part
792 2634 111 48 col.)
938 2633 169 40 tables.
1163 2634 56 39 33
1222 2636 44 20 cm
1272 2665 8 7 .

86 2685 1792 54 © Apr. 5, 1935; 1c. Sept. 3; A-Foreign 29093; Julius Springer.
90 2806 270 65 Lashley,
387 2806 144 54 Karl
558 2808 271 64 Spencer,
858 2812 169 50 1890-

158 2882 228 56 Studies
421 2882 62 55 of
518 2883 246 53 cerebral
798 2882 261 55 function
1091 2885 60 52 in
1185 2883 278 69 learning,
1600 2926 11 10 XI.
1650 2885 120 52 The
1805 2884 269 55 behavior

89 2960 62 53 of
183 2961 96 53 the
313 2968 89 46 rat
432 2960 62 53 in
526 2960 153 54 latch
713 2960 111 53 box
855 2960 318 54 situations.
1243 2961 121 53 The
1396 2961 345 54 mechanism
1775 2963 63 52 of
1874 2962 198 55 vision.

91 3056 99 35 xii.
228 3039 256 53 Nervous
524 3042 307 50 structures
873 3039 305 52 concerned
1220 3038 62 53 in
1322 3039 95 54 the
1458 3038 336 69 acquisition
1837 3041 109 52 and
91 3059 1960 110 retention

339 3115 63 53 of
433 3115 190 54 habits
655 3115 171 53 based
858 3134 70 34 on
961 3115 276 54 reactions
1268 3121 59 48 to
1359 3116 151 67 light
1548 3148 12 35 [
1565 3116 92 68 by]
1697 3116 74 53 K.
1807 3117 58 55 S.
93 3118 1956 144 Lashley
212 3237 56 10 …

336 3192 332 68 Baltimore,
697 3193 121 53 The
845 3193 182 54 Johns
1057 3191 266 69 Hopkins
1354 3210 175 51 press,
1559 3196 151 50 1935.

159 3265 56 41 79
246 3276 43 38 p.
321 3265 111 41 incl.
462 3266 142 47 illus.,
637 3265 170 50 plates.
869 3265 54 41 25½
957 3267 44 22 cm
1004 3296 10 10 .
1085 3265 95 48 (On
1215 3276 141 30 cover;
1411 3264 341 51 Comparative
1786 3270 287 49 psychology

92 3323 331 49 monographs,
479 3333 41 30 v.
549 3323 68 46 11,
645 3322 148 42 serial
819 3333 73 30 no.
919 3322 70 49 52,
1020 3322 263 48 February,
1310 3321 138 49 1935)

163 3379 190 40 Earlier
387 3379 185 41 studies
607 3380 50 39 in
690 3380 81 40 the
805 3380 148 40 series
988 3379 223 40 “Studies
1247 3378 52 41 of
1331 3379 217 41 cerebral
1581 3379 221 42 function
1839 3381 47 40 in
97 3382 1959 103 learning”
239 3438 96 39 and

374 3436 128 41 “The
541 3434 294 43 mechanism
873 3434 52 42 of
961 3435 184 40 vision”
1183 3436 123 40 have
1345 3436 117 40 been
1499 3436 254 48 published
1791 3439 48 38 in
1881 3439 195 41 various

94 3493 231 41 scientific
354 3492 301 50 periodicals.

165 3549 303 41 “Literature
497 3548 155 41 cited”
680 3551 52 38 at
759 3550 91 39 end
879 3548 51 40 of
955 3548 118 41 each
1099 3558 150 38 paper
1286 3548 65 49 (p.
1379 3547 170 47 39-40;
1579 3560 43 38 p.
1652 3550 167 47 75-76)

97 3604 51 52 ©
171 3609 120 38 Mar.
319 3609 38 46 1,
383 3606 116 40 1935;
548 3606 66 40 2c.
642 3606 120 39 Mar.
790 3605 28 39 8;
871 3604 80 40 aff.
979 3605 121 38 Mar.
1127 3605 53 38 11;
1237 3605 41 38 A
1304 3603 143 40 80912;
1501 3605 157 41 Johns
1681 3606 224 48 Hopkins
1929 3615 149 39 press.

178 3663 277 49 (35-15587)

100 3740 247 63 Leavell,
379 3738 196 53 Frank
603 3736 303 55 Hartwell.

166 3809 1910 73 Baptist student· union methods [ by] Frank H. Leavell …
99 3889 306 69 Nashville,
442 3890 195 65 Tenn.,
676 3887 121 52 The
837 3885 234 69 Sunday
1113 3885 187 53 school
1340 3885 176 56 board
1556 3887 63 53 of
1658 3888 96 53 the
1797 3887 284 57 Southern

101 3965 804 70 Baptist convention [ c1935 ]
