2424 4375
1222 4078 134 50 1222

317 444 228 67 Stuart,
575 446 262 56 Francis.

383 521 72 50 In
484 521 194 53 search
708 521 63 52 of
798 524 151 64 love;
981 540 31 33 a
1039 522 164 53 novel
1233 522 73 68 by
1335 523 237 53 Francis
1600 523 216 54 Stuart.
1891 524 255 70 London,
313 526 1964 139 Collins,
468 600 151 52 1935.

382 672 30 40 3
434 683 42 37 p.
536 703 9 17 l.,
570 671 145 42 5-252
740 683 42 38 p.
835 671 57 42 20
892 674 45 25 cm
940 704 8 9 .

315 738 1969 109 © 1c. Sept. 11, 1935; A ad int. 20561; pubd. Aug. 19; F. Stuart, Glendalough,
580 800 79 41 Co.
691 800 247 48 Wicklow,
970 802 210 39 Ireland.
1251 802 279 48 (35-15904)

315 901 280 66 Sullivan,
623 903 179 54 Louis
829 904 221 67 Henry,
1082 909 325 52 1856-1924.

385 981 426 68 Kindergarten
852 982 157 55 chats
1051 1002 70 34 on
1163 983 391 66 architecture,
1595 985 298 52 education
1934 986 112 53 and
317 987 1961 138 democracy,
486 1059 75 67 by
581 1058 173 54 Louis
778 1060 75 53 H.

880 1059 290 68 Sullivan;
1196 1061 188 52 edited
1408 1062 112 53 and
1542 1062 335 54 introduced
1900 1064 74 66 by
2002 1063 216 56 Claude
2238 1066 62 52 F.

315 1135 288 69 Bragdon.
675 1141 85 49 1st
787 1139 82 52 ed.
944 1139 353 66 [Lawrence?
1336 1139 168 66 Kan.]
1545 1138 211 56 Scarab
1789 1140 310 69 fraternity
2130 1160 171 49 press,

318 1216 149 52 1934.

383 1287 1351 51 2 p. l., xi, [1], 256 p. front. (port.) plates. 24½ cm .
383 1344 237 41 “Limited
646 1344 226 41 edition.”

385 1402 164 40 “First
576 1401 206 48 printed,
816 1402 48 38 in
896 1401 128 49 1901,
1056 1402 50 39 in
1136 1402 227 48 fifty-two
1395 1403 272 40 successive
1694 1405 227 39 numbers
1954 1405 52 40 of
2037 1407 85 38 the
311 1407 1973 92 Interstate
473 1458 236 41 architect
743 1461 96 38 and
871 1458 479 42 builder.”—Introd.

315 1524 1984 55 © Dec. 15, 1934; 2c. Dec. 28; aff. July 16, 1935; A 80615; George G.
383 1586 212 46 Elmslie,
623 1585 204 49 literary
851 1589 229 37 executor
1107 1586 53 41 of
1188 1586 145 40 Louis
1363 1587 60 39 H.
1456 1586 234 48 Sullivan,
1720 1586 220 49 Chicago.

393 1641 249 47 (35-3513)

312 1744 259 65 Tangye,
597 1744 192 66 Nigel,
824 1751 169 49 1909-
1204 1746 83 52 ed.

383 1823 121 52 The
533 1823 85 52 air
648 1825 47 51 is
725 1841 102 34 our
855 1841 263 48 concern;
1152 1842 31 34 a
1212 1824 220 52 critical
1464 1824 170 66 study
1664 1823 62 53 of
1757 1823 315 67 England’s
2104 1823 194 53 future

310 1902 63 50 in
400 1901 271 66 aviation,
697 1901 187 53 edited
913 1901 74 67 by
1013 1902 170 65 Nigel
1212 1903 262 65 Tangye;
1505 1900 139 53 with
1673 1921 31 32 a
1731 1901 285 53 foreword
2043 1902 75 67 by
2144 1902 153 52 Lord

312 1978 1696 68 Gorell … London, Methuen and company, ltd. [1935]
382 2052 63 47 ix,
475 2051 88 41 188
587 2063 43 37 p.
686 2051 57 40 19
742 2054 45 20 cm
793 2083 9 8 .

311 2117 1984 53 © 1c. Aug. 29, 1935; A ad int. 20527; pubd. July 4; N. Tangye, London.
395 2178 279 48 (35-15758)

309 2281 347 54 Tennessee.
730 2283 182 65 Laws,
937 2288 256 59 statutes,
1220 2288 99 46 etc.

309 2358 1962 145 … Cumulative pocket supplement [August, 1935, for volumes 1-8] Williams
996 2440 309 50 Tennessee
1335 2437 154 56 Code
1520 2437 325 65 annotated,
1873 2436 279 66 compiled
2184 2436 109 53 and

310 2513 1984 68 annotated by Samuel C. Williams … [Indianapolis, Ind.] The
310 2592 441 54 Bobbs-Merrill
778 2611 294 48 company,
1099 2599 17 21 c
1122 2595 147 50 1935.

378 2667 25 39 8
433 2677 42 28 v.
533 2665 55 40 25½
621 2667 44 21 cm
671 2696 8 8 .

380 2723 157 37 These
562 2722 273 47 pamphlets
866 2732 84 30 are
980 2723 47 36 to
1059 2721 59 38 be
1143 2721 137 38 fitted
1309 2720 102 39 into
1443 2721 85 38 the
1556 2721 195 46 pockets
1782 2722 52 36 at
1866 2720 79 38 the
1977 2720 121 37 back
2129 2720 55 39 of
2213 2720 83 38 the

306 2780 215 38 volumes
549 2777 53 39 of
627 2778 82 39 the
735 2779 74 37 set
836 2779 47 37 to
912 2775 157 41 which
1096 2778 113 45 they
1237 2776 183 47 belong.

310 2844 52 52 ©
388 2848 127 47 Sept.
537 2846 229 47 11,1935;
791 2847 65 39 2c.
876 2847 121 39 each
1022 2846 127 48 Sept.
1175 2846 82 46 16;
1284 2845 106 40 affs.
1421 2846 126 47 Sept.
1572 2846 81 45 14;
1681 2845 40 38 A
1746 2844 345 46 87034-87041;
383 2843 1894 102 Bobbs-Merrill
600 2914 66 30 co.

308 3007 192 53 Texas
526 3007 270 52 folk-lore
823 3005 241 64 society.

376 3085 181 52 Texas
603 3083 270 53 folk-lore
916 3084 210 64 society
1171 3081 395 68 publications.
1648 3080 251 52 Number
1947 3098 103 34 xn.
2134 3081 151 51 Puro

308 3161 305 53 mexicano.
691 3161 211 52 Edited
941 3161 74 66 by
1054 3162 55 53 J.
1150 3159 196 53 Frank
1383 3157 196 55 Dobie.
1653 3158 229 65 Austin,
1920 3161 182 50 Texas
307 3157 1956 134 folklore
449 3240 228 64 society,
705 3241 147 50 1935.

381 3312 25 39 3
435 3323 42 36 p.
539 3343 8 15 l.,
576 3322 106 35 v-x,
710 3311 85 39 261
820 3322 43 36 p.
915 3310 55 40 23½c
1020 3312 26 20 m
1052 3341 8 8 .

378 3367 231 40 Previous
654 3366 208 41 editions
906 3367 125 39 have
1075 3366 134 40 title:
1259 3365 335 40 Publications
1638 3365 53 38 of
1734 3366 83 38 the
1862 3364 161 39 Texas
2065 3364 223 41 folk-lore

306 3424 193 47 society.

310 3489 52 52 ©
389 3494 120 46 Aug.
536 3493 70 47 28,
634 3492 140 47 1935;
806 3492 66 40 2c.
901 3493 95 39 and
1025 3491 82 40 aff.
1137 3491 128 48 Sept.
1291 3491 82 46 30;
1405 3491 41 38 A
1475 3489 168 47 87296;
1674 3490 158 39 Texas
1861 3489 224 39 folk-lore
2115 3498 89 31 soc.

307 3610 195 52 Thorn
509 3610 304 64 ton-Cook,
843 3608 177 66 Elsie,
1052 3614 169 50 1889-

305 3682 1948 148 They lived: a Bronte novel, by E. Thornton Cook … London, J. Murray [1935]
376 3834 87 40 317
489 3844 43 38 p.
591 3833 144 41 19½cm.

379 3889 162 41 “First
568 3888 226 42 edition.”

307 3954 1970 56 © 1c. June 21, 1935; A ad int. 20494; pubd. May 1; Elsie Prentys Cook,
376 4018 210 39 London.
656 4016 275 49 (35-15627)
