<alto xmlns="http://www.loc.gov/standards/alto/ns-v3#" xmlns:xsi="http://www.w3.org/2001/XMLSchema-instance" xsi:schemaLocation="http://www.loc.gov/standards/alto/ns-v3# http://www.loc.gov/alto/v3/alto-3-0.xsd"><Description>
<MeasurementUnit>pixel</MeasurementUnit>
<sourceImageInformation>
<fileName>1935_v32_Part1.pdf</fileName>
</sourceImageInformation>
<OCRProcessing ID="IdOcr">
<ocrProcessingStep>
<processingDateTime>2019-01-15</processingDateTime>
<processingSoftware>
<softwareCreator>ABBYY</softwareCreator>
<softwareName>ABBYY Recognition Server</softwareName>
<softwareVersion>4.0</softwareVersion>
</processingSoftware>
</ocrProcessingStep>
</OCRProcessing>
</Description>
<Styles>
<ParagraphStyle ALIGN="Left" FIRSTLINE="0." ID="StyleId-FFFFFFFF-FFFF-FFFF-FFFF-FFFFFFFFFFFF-" LEFT="0." RIGHT="0." />
<ParagraphStyle ALIGN="Left" FIRSTLINE="0." ID="StyleId-09A13A44-4F77-4ABE-84F3-84CC8B3C72CE-" LEFT="0." LINESPACE="7.699999809" RIGHT="0." />
<ParagraphStyle ALIGN="Left" FIRSTLINE="-10." ID="StyleId-1F945060-F8CD-4435-B69A-5FF49DB0C586-" LEFT="0." LINESPACE="12.19999981" RIGHT="0." />
<ParagraphStyle ALIGN="Block" FIRSTLINE="-14." ID="StyleId-C6CAE747-F5A4-4D0D-8D74-D452DA7E2C1C-" LEFT="0." LINESPACE="8.350000381" RIGHT="0." />
<ParagraphStyle ALIGN="Left" FIRSTLINE="0." ID="StyleId-FC0F3374-189A-459E-BE29-2DC14180F022-" LEFT="0." RIGHT="0." />
<ParagraphStyle ALIGN="Left" FIRSTLINE="-12." ID="StyleId-49397C49-A894-4B3E-BA5E-1126226BA375-" LEFT="0." LINESPACE="11.09000015" RIGHT="0." />
<ParagraphStyle ALIGN="Block" FIRSTLINE="-14." ID="StyleId-9E34DD3A-E661-48BD-A3A1-6A3D48346F00-" LEFT="0." LINESPACE="11.09000015" RIGHT="0." />
<ParagraphStyle ALIGN="Left" FIRSTLINE="0." ID="StyleId-56CE54AA-A08B-4BAA-8605-F26020A0E36E-" LEFT="0." LINESPACE="9.399999619" RIGHT="0." />
<ParagraphStyle ALIGN="Left" FIRSTLINE="-11." ID="StyleId-77814FFC-C42F-4AA9-9880-EF33B947DEC8-" LEFT="0." LINESPACE="11.06999969" RIGHT="0." />
<ParagraphStyle ALIGN="Center" FIRSTLINE="0." ID="StyleId-FDE92EC0-67DC-4C7B-8A24-094B12C38B6C-" LEFT="0." LINESPACE="11.30000019" RIGHT="0." />
<ParagraphStyle ALIGN="Left" FIRSTLINE="0." ID="StyleId-65180E3B-4C93-4FB8-81EE-E026DD63DBF3-" LEFT="0." LINESPACE="11.10000038" RIGHT="0." />
<ParagraphStyle ALIGN="Left" FIRSTLINE="0." ID="StyleId-10E885C2-5813-4620-B0AA-0FBA30CF7A32-" LEFT="0." LINESPACE="9.5" RIGHT="0." />
<ParagraphStyle ALIGN="Left" FIRSTLINE="0." ID="StyleId-913C2DB5-9F02-4067-BAF7-0AED37B60BBE-" LEFT="0." LINESPACE="6.099999905" RIGHT="0." />
<ParagraphStyle ALIGN="Left" FIRSTLINE="0." ID="StyleId-9C79A9D2-8F08-4A8F-985D-B00E253ED1E5-" LEFT="0." LINESPACE="4.400000095" RIGHT="0." />
<ParagraphStyle ALIGN="Left" FIRSTLINE="0." ID="StyleId-A41F0407-FEFE-4738-9EC5-E05AFFF62781-" LEFT="0." LINESPACE="7.300000191" RIGHT="0." />
<ParagraphStyle ALIGN="Left" FIRSTLINE="0." ID="StyleId-61D37176-94E8-408D-9B87-01C406CE8AB2-" LEFT="0." LINESPACE="8.050000191" RIGHT="0." />
</Styles>
<Layout>
<Page HEIGHT="4375" ID="Page659" PHYSICAL_IMG_NR="659" WIDTH="2424">
<TopMargin HEIGHT="358" HPOS="0" VPOS="0" WIDTH="2424">
</TopMargin>
<LeftMargin HEIGHT="3626" HPOS="0" VPOS="358" WIDTH="105">
</LeftMargin>
<RightMargin HEIGHT="3626" HPOS="2134" VPOS="358" WIDTH="290">
</RightMargin>
<BottomMargin HEIGHT="391" HPOS="0" VPOS="3984" WIDTH="2424">
<TextBlock HEIGHT="70" HPOS="1044" ID="Page659_Block1" LANG="en-US" STYLEREFS="StyleId-73632CF4-3772-413B-91BD-AF57D3917AEA-" VPOS="4018" WIDTH="120">
<TextLine HEIGHT="49" HPOS="1055" VPOS="4028" WIDTH="98">
<String CONTENT="659" HEIGHT="49" HPOS="1055" VPOS="4028" WIDTH="98" />
</TextLine>
</TextBlock>
<GraphicalElement HEIGHT="82" HPOS="0" ID="Page659_Block2" VPOS="3984" WIDTH="28" />
</BottomMargin>
<PrintSpace HEIGHT="3626" HPOS="105" VPOS="358" WIDTH="2029">
<TextBlock CS="1" HEIGHT="3626" HPOS="105" ID="Page659_Block3" STYLEREFS="StyleId-EF3BC8F5-B153-4213-A74B-7DAE61860494-" VPOS="358" WIDTH="2029">
<TextLine HEIGHT="69" HPOS="113" STYLEREFS="StyleId-2255E6D5-F91F-4FD2-986D-DC282678ABA7-" VPOS="419" WIDTH="1074">
<String CONTENT="Du" HEIGHT="53" HPOS="113" LANG="fr" VPOS="422" WIDTH="91" />
<SP HEIGHT="53" HPOS="205" VPOS="422" WIDTH="25" />
<String CONTENT="Bois," HEIGHT="66" HPOS="231" LANG="fr" VPOS="422" WIDTH="154" />
<SP HEIGHT="65" HPOS="386" VPOS="423" WIDTH="23" />
<String CONTENT="Mrs." HEIGHT="51" HPOS="410" LANG="fr" VPOS="423" WIDTH="138" />
<SP HEIGHT="51" HPOS="549" VPOS="423" WIDTH="27" />
<String CONTENT="Rachel" HEIGHT="55" HPOS="577" LANG="de" VPOS="420" WIDTH="218" />
<SP HEIGHT="66" HPOS="796" VPOS="420" WIDTH="28" />
<String CONTENT="(Davis)" HEIGHT="67" HPOS="825" LANG="fr" VPOS="419" WIDTH="242" />
<SP HEIGHT="63" HPOS="1068" VPOS="421" WIDTH="34" />
<String CONTENT="ed." HEIGHT="53" HPOS="1103" LANG="fr" VPOS="421" WIDTH="84" />
</TextLine>
<TextLine HEIGHT="67" HPOS="182" VPOS="497" WIDTH="1912">
<String CONTENT="The" HEIGHT="52" HPOS="182" LANG="en-US" VPOS="499" WIDTH="120" />
<SP HEIGHT="52" HPOS="303" VPOS="500" WIDTH="26" />
<String CONTENT="Jews" HEIGHT="52" HPOS="330" LANG="en-US" VPOS="500" WIDTH="152" />
<SP HEIGHT="52" HPOS="483" VPOS="499" WIDTH="27" />
<String CONTENT="in" HEIGHT="50" HPOS="511" LANG="fr" VPOS="499" WIDTH="60" />
<SP HEIGHT="51" HPOS="572" VPOS="499" WIDTH="28" />
<String CONTENT="American" HEIGHT="53" HPOS="601" LANG="fr" VPOS="497" WIDTH="300" />
<SP HEIGHT="49" HPOS="902" VPOS="500" WIDTH="32" />
<String CONTENT="life," HEIGHT="67" HPOS="935" LANG="en-US" VPOS="497" WIDTH="121" />
<SP HEIGHT="47" HPOS="1057" VPOS="517" WIDTH="28" />
<String CONTENT="edited" HEIGHT="52" HPOS="1086" LANG="en-US" VPOS="498" WIDTH="189" />
<SP HEIGHT="51" HPOS="1276" VPOS="499" WIDTH="28" />
<String CONTENT="by" HEIGHT="65" HPOS="1305" LANG="en-US" VPOS="499" WIDTH="73" />
<SP HEIGHT="65" HPOS="1379" VPOS="499" WIDTH="30" />
<String CONTENT="Rachel" HEIGHT="51" HPOS="1410" LANG="en-US" VPOS="499" WIDTH="211" />
<SP HEIGHT="51" HPOS="1622" VPOS="499" WIDTH="29" />
<String CONTENT="Davis-DuBois" HEIGHT="53" HPOS="1652" LANG="de" VPOS="497" WIDTH="442" />
</TextLine>
<TextLine HEIGHT="68" HPOS="119" LANG="en-US" VPOS="575" WIDTH="1974">
<String CONTENT="[and]" HEIGHT="67" HPOS="119" VPOS="576" WIDTH="146" />
<SP HEIGHT="65" HPOS="266" VPOS="578" WIDTH="34" />
<String CONTENT="Emma" HEIGHT="51" HPOS="301" VPOS="578" WIDTH="202" />
<SP HEIGHT="55" HPOS="504" VPOS="576" WIDTH="28" />
<String CONTENT="Schweppe." HEIGHT="67" HPOS="533" VPOS="576" WIDTH="325" />
<SP HEIGHT="52" HPOS="859" VPOS="576" WIDTH="73" />
<String CONTENT="New" HEIGHT="52" HPOS="933" VPOS="576" WIDTH="137" />
<SP HEIGHT="52" HPOS="1071" VPOS="576" WIDTH="27" />
<String CONTENT="York," HEIGHT="66" HPOS="1099" VPOS="575" WIDTH="177" />
<SP HEIGHT="65" HPOS="1277" VPOS="576" WIDTH="26" />
<String CONTENT="T." HEIGHT="53" HPOS="1304" VPOS="576" WIDTH="64" />
<SP HEIGHT="53" HPOS="1369" VPOS="576" WIDTH="26" />
<String CONTENT="Nelson" HEIGHT="53" HPOS="1396" VPOS="575" WIDTH="210" />
<SP HEIGHT="34" HPOS="1607" VPOS="593" WIDTH="24" />
<String CONTENT="and" HEIGHT="52" HPOS="1632" VPOS="576" WIDTH="111" />
<SP HEIGHT="52" HPOS="1744" VPOS="576" WIDTH="25" />
<String CONTENT="sons," HEIGHT="48" HPOS="1770" VPOS="593" WIDTH="144" />
<SP HEIGHT="61" HPOS="1915" VPOS="580" WIDTH="29" />
<String CONTENT="1935." HEIGHT="49" HPOS="1945" VPOS="580" WIDTH="148" />
</TextLine>
<TextLine CS="1" HEIGHT="52" HPOS="184" LANG="en-US" VPOS="660" WIDTH="1514">
<String CONTENT="130" HEIGHT="40" HPOS="184" VPOS="663" WIDTH="83" />
<SP HEIGHT="48" HPOS="268" VPOS="664" WIDTH="30" />
<String CONTENT="p." HEIGHT="37" HPOS="299" VPOS="675" WIDTH="41" />
<SP HEIGHT="39" HPOS="341" VPOS="665" WIDTH="58" />
<String CONTENT="20&#189;" CS="1" HEIGHT="40" HPOS="400" VPOS="663" WIDTH="56" />
<String CONTENT="cm" HEIGHT="21" HPOS="487" STYLE="superscript" VPOS="665" WIDTH="44" />
<String CONTENT="." HEIGHT="9" HPOS="535" VPOS="696" WIDTH="10" />
<SP HEIGHT="48" HPOS="546" VPOS="663" WIDTH="67" />
<String CONTENT="(Half-title;" CS="1" HEIGHT="48" HPOS="614" VPOS="663" WIDTH="275" />
<SP HEIGHT="40" HPOS="911" VPOS="662" WIDTH="28" />
<String CONTENT="Building" HEIGHT="48" HPOS="940" VPOS="660" WIDTH="230" />
<SP HEIGHT="46" HPOS="1171" VPOS="662" WIDTH="26" />
<String CONTENT="American" HEIGHT="39" HPOS="1198" VPOS="662" WIDTH="257" />
<SP HEIGHT="30" HPOS="1456" VPOS="672" WIDTH="28" />
<String CONTENT="culture)" HEIGHT="47" HPOS="1485" VPOS="662" WIDTH="213" />
</TextLine>
<TextLine HEIGHT="50" HPOS="187" LANG="en-US" VPOS="731" WIDTH="1909">
<String CONTENT="&#8220;Supplementary" HEIGHT="47" HPOS="187" VPOS="734" WIDTH="430" />
<SP HEIGHT="37" HPOS="618" VPOS="744" WIDTH="34" />
<String CONTENT="reading&#8221;" HEIGHT="49" HPOS="653" VPOS="731" WIDTH="227" />
<SP HEIGHT="41" HPOS="881" VPOS="732" WIDTH="34" />
<String CONTENT="at" HEIGHT="37" HPOS="916" VPOS="736" WIDTH="51" />
<SP HEIGHT="37" HPOS="968" VPOS="736" WIDTH="32" />
<String CONTENT="end" HEIGHT="39" HPOS="1001" VPOS="735" WIDTH="91" />
<SP HEIGHT="39" HPOS="1093" VPOS="735" WIDTH="32" />
<String CONTENT="of" HEIGHT="39" HPOS="1126" VPOS="733" WIDTH="51" />
<SP HEIGHT="38" HPOS="1178" VPOS="733" WIDTH="31" />
<String CONTENT="most" HEIGHT="38" HPOS="1210" VPOS="735" WIDTH="125" />
<SP HEIGHT="38" HPOS="1336" VPOS="735" WIDTH="31" />
<String CONTENT="of" HEIGHT="41" HPOS="1368" VPOS="732" WIDTH="51" />
<SP HEIGHT="41" HPOS="1420" VPOS="732" WIDTH="33" />
<String CONTENT="the" HEIGHT="39" HPOS="1454" VPOS="734" WIDTH="82" />
<SP HEIGHT="30" HPOS="1537" VPOS="743" WIDTH="32" />
<String CONTENT="chapters;" HEIGHT="48" HPOS="1570" VPOS="733" WIDTH="252" />
<SP HEIGHT="46" HPOS="1823" VPOS="734" WIDTH="37" />
<String CONTENT="&#8220;General" HEIGHT="41" HPOS="1861" VPOS="734" WIDTH="235" />
</TextLine>
<TextLine CS="1" HEIGHT="49" HPOS="117" LANG="en-US" VPOS="790" WIDTH="704">
<String CONTENT="bibliography&#8221;;" CS="1" HEIGHT="48" HPOS="117" VPOS="791" WIDTH="359" />
<SP HEIGHT="37" HPOS="504" VPOS="802" WIDTH="28" />
<String CONTENT="p." HEIGHT="37" HPOS="533" VPOS="802" WIDTH="43" />
<SP HEIGHT="41" HPOS="577" VPOS="791" WIDTH="28" />
<String CONTENT="125-130." HEIGHT="41" HPOS="606" VPOS="790" WIDTH="215" />
</TextLine>
<TextLine HEIGHT="52" HPOS="113" LANG="en-US" VPOS="859" WIDTH="1984">
<String CONTENT="&#169;" HEIGHT="52" HPOS="113" VPOS="859" WIDTH="52" />
<SP HEIGHT="52" HPOS="166" VPOS="859" WIDTH="26" />
<String CONTENT="Apr." HEIGHT="48" HPOS="193" VPOS="863" WIDTH="113" />
<SP HEIGHT="40" HPOS="307" VPOS="862" WIDTH="27" />
<String CONTENT="29," HEIGHT="48" HPOS="335" VPOS="861" WIDTH="68" />
<SP HEIGHT="47" HPOS="404" VPOS="862" WIDTH="31" />
<String CONTENT="1935;" HEIGHT="45" HPOS="436" VPOS="862" WIDTH="139" />
<SP HEIGHT="47" HPOS="576" VPOS="860" WIDTH="28" />
<String CONTENT="2c." HEIGHT="41" HPOS="605" VPOS="860" WIDTH="66" />
<SP HEIGHT="38" HPOS="672" VPOS="862" WIDTH="31" />
<String CONTENT="Apr." HEIGHT="47" HPOS="704" VPOS="862" WIDTH="111" />
<SP HEIGHT="40" HPOS="816" VPOS="861" WIDTH="29" />
<String CONTENT="30;" HEIGHT="47" HPOS="846" VPOS="860" WIDTH="81" />
<SP HEIGHT="36" HPOS="928" VPOS="871" WIDTH="33" />
<String CONTENT="aff." HEIGHT="41" HPOS="962" VPOS="859" WIDTH="82" />
<SP HEIGHT="38" HPOS="1045" VPOS="862" WIDTH="30" />
<String CONTENT="May" HEIGHT="46" HPOS="1076" VPOS="862" WIDTH="115" />
<SP HEIGHT="47" HPOS="1192" VPOS="861" WIDTH="28" />
<String CONTENT="11;" HEIGHT="45" HPOS="1221" VPOS="861" WIDTH="80" />
<SP HEIGHT="45" HPOS="1302" VPOS="861" WIDTH="31" />
<String CONTENT="A" HEIGHT="38" HPOS="1334" VPOS="861" WIDTH="41" />
<SP HEIGHT="39" HPOS="1376" VPOS="861" WIDTH="31" />
<String CONTENT="81755;" HEIGHT="48" HPOS="1408" VPOS="860" WIDTH="169" />
<SP HEIGHT="46" HPOS="1578" VPOS="862" WIDTH="31" />
<String CONTENT="Thomas" HEIGHT="39" HPOS="1610" VPOS="862" WIDTH="210" />
<SP HEIGHT="39" HPOS="1821" VPOS="862" WIDTH="29" />
<String CONTENT="Nelson" HEIGHT="40" HPOS="1851" VPOS="862" WIDTH="179" />
<SP HEIGHT="41" HPOS="2031" VPOS="862" WIDTH="29" />
<String CONTENT="&amp;" HEIGHT="41" HPOS="2061" VPOS="862" WIDTH="36" />
</TextLine>
<TextLine HEIGHT="49" HPOS="181" LANG="en-US" VPOS="918" WIDTH="444">
<String CONTENT="sons." HEIGHT="29" HPOS="181" VPOS="930" WIDTH="125" />
<SP HEIGHT="48" HPOS="307" VPOS="919" WIDTH="68" />
<String CONTENT="(35-7106)" HEIGHT="49" HPOS="376" VPOS="918" WIDTH="249" />
</TextLine>
<TextLine HEIGHT="65" HPOS="113" LANG="en-US" STYLEREFS="StyleId-2255E6D5-F91F-4FD2-986D-DC282678ABA7-" VPOS="1024" WIDTH="881">
<String CONTENT="Fribourg," HEIGHT="64" HPOS="113" VPOS="1025" WIDTH="306" />
<SP HEIGHT="64" HPOS="420" VPOS="1025" WIDTH="28" />
<String CONTENT="Albert" HEIGHT="52" HPOS="449" VPOS="1024" WIDTH="207" />
<SP HEIGHT="53" HPOS="657" VPOS="1024" WIDTH="27" />
<String CONTENT="W.," HEIGHT="64" HPOS="685" VPOS="1024" WIDTH="106" />
<SP HEIGHT="59" HPOS="792" VPOS="1029" WIDTH="31" />
<String CONTENT="1902-" HEIGHT="49" HPOS="824" VPOS="1028" WIDTH="170" />
</TextLine>
<TextLine HEIGHT="71" HPOS="175" LANG="en-US" STYLEREFS="StyleId-AAA9780F-5D3B-42BD-ADD6-4AE73AE37F69-" VPOS="1098" WIDTH="1913">
<String CONTENT="Judge" HEIGHT="69" HPOS="175" VPOS="1100" WIDTH="191" />
<SP HEIGHT="54" HPOS="367" VPOS="1099" WIDTH="47" />
<String CONTENT="for" HEIGHT="53" HPOS="415" VPOS="1099" WIDTH="94" />
<SP HEIGHT="49" HPOS="510" VPOS="1118" WIDTH="46" />
<String CONTENT="yourself," HEIGHT="69" HPOS="557" VPOS="1098" WIDTH="273" />
<SP HEIGHT="67" HPOS="831" VPOS="1099" WIDTH="45" />
<String CONTENT="by" HEIGHT="69" HPOS="877" VPOS="1099" WIDTH="76" />
<SP HEIGHT="70" HPOS="954" VPOS="1098" WIDTH="48" />
<String CONTENT="Albert" HEIGHT="53" HPOS="1003" VPOS="1098" WIDTH="205" />
<SP HEIGHT="54" HPOS="1209" VPOS="1099" WIDTH="46" />
<String CONTENT="W." HEIGHT="54" HPOS="1256" VPOS="1099" WIDTH="90" />
<SP HEIGHT="52" HPOS="1347" VPOS="1100" WIDTH="51" />
<String CONTENT="Fribourg" HEIGHT="69" HPOS="1399" VPOS="1099" WIDTH="288" />
<SP HEIGHT="50" HPOS="1688" VPOS="1118" WIDTH="49" />
<String CONTENT="and" HEIGHT="52" HPOS="1738" VPOS="1101" WIDTH="112" />
<SP HEIGHT="53" HPOS="1851" VPOS="1100" WIDTH="49" />
<String CONTENT="David" HEIGHT="54" HPOS="1901" VPOS="1100" WIDTH="187" />
</TextLine>
<TextLine CS="1" HEIGHT="69" HPOS="109" LANG="en-US" STYLEREFS="StyleId-AAA9780F-5D3B-42BD-ADD6-4AE73AE37F69-" VPOS="1176" WIDTH="1469">
<String CONTENT="Stein." HEIGHT="55" HPOS="109" VPOS="1177" WIDTH="175" />
<SP HEIGHT="53" HPOS="285" VPOS="1178" WIDTH="63" />
<String CONTENT="New" HEIGHT="52" HPOS="349" VPOS="1178" WIDTH="137" />
<SP HEIGHT="52" HPOS="487" VPOS="1178" WIDTH="24" />
<String CONTENT="York," HEIGHT="69" HPOS="512" VPOS="1176" WIDTH="180" />
<SP HEIGHT="68" HPOS="693" VPOS="1177" WIDTH="26" />
<String CONTENT="The" HEIGHT="52" HPOS="720" VPOS="1177" WIDTH="123" />
<SP HEIGHT="53" HPOS="844" VPOS="1177" WIDTH="23" />
<String CONTENT="Vanguard" HEIGHT="69" HPOS="868" VPOS="1176" WIDTH="317" />
<SP HEIGHT="68" HPOS="1186" VPOS="1176" WIDTH="27" />
<String CONTENT="press" HEIGHT="50" HPOS="1214" VPOS="1194" WIDTH="155" />
<SP HEIGHT="46" HPOS="1370" VPOS="1197" WIDTH="31" />
<String CONTENT="[" CS="1" />
<String CONTENT="c" HEIGHT="22" HPOS="1420" STYLE="superscript" VPOS="1181" WIDTH="19" />
<String CONTENT="1934]" CS="1" HEIGHT="51" HPOS="1443" VPOS="1178" WIDTH="135" />
</TextLine>
<TextLine CS="1" HEIGHT="48" HPOS="180" STYLEREFS="StyleId-AAA9780F-5D3B-42BD-ADD6-4AE73AE37F69-" VPOS="1265" WIDTH="358">
<String CONTENT="128" HEIGHT="41" HPOS="180" LANG="en-US" VPOS="1265" WIDTH="83" />
<SP HEIGHT="47" HPOS="264" VPOS="1266" WIDTH="27" />
<String CONTENT="p." HEIGHT="37" HPOS="292" LANG="fr" VPOS="1276" WIDTH="42" />
<SP HEIGHT="40" HPOS="335" VPOS="1266" WIDTH="59" />
<String CONTENT="19" HEIGHT="40" HPOS="395" LANG="fr" VPOS="1265" WIDTH="55" />
<String CONTENT="&#189;" CS="1" LANG="en-US" />
<String CONTENT="cm" HEIGHT="21" HPOS="482" LANG="fr" STYLE="superscript" VPOS="1266" WIDTH="42" />
<String CONTENT="." HEIGHT="8" HPOS="531" LANG="fr" VPOS="1296" WIDTH="7" />
</TextLine>
<TextLine HEIGHT="53" HPOS="112" LANG="en-US" VPOS="1336" WIDTH="1982">
<String CONTENT="&#169;" HEIGHT="53" HPOS="112" VPOS="1336" WIDTH="51" />
<SP HEIGHT="53" HPOS="164" VPOS="1336" WIDTH="24" />
<String CONTENT="Feb." HEIGHT="39" HPOS="189" VPOS="1340" WIDTH="109" />
<SP HEIGHT="39" HPOS="299" VPOS="1340" WIDTH="24" />
<String CONTENT="14," HEIGHT="45" HPOS="324" VPOS="1340" WIDTH="67" />
<SP HEIGHT="45" HPOS="392" VPOS="1340" WIDTH="25" />
<String CONTENT="1935;" HEIGHT="47" HPOS="418" VPOS="1338" WIDTH="139" />
<SP HEIGHT="48" HPOS="558" VPOS="1337" WIDTH="23" />
<String CONTENT="2c." HEIGHT="40" HPOS="582" VPOS="1337" WIDTH="67" />
<SP HEIGHT="40" HPOS="650" VPOS="1337" WIDTH="26" />
<String CONTENT="Feb." HEIGHT="39" HPOS="677" VPOS="1337" WIDTH="110" />
<SP HEIGHT="39" HPOS="788" VPOS="1337" WIDTH="23" />
<String CONTENT="18;" HEIGHT="46" HPOS="812" VPOS="1337" WIDTH="81" />
<SP HEIGHT="37" HPOS="894" VPOS="1346" WIDTH="27" />
<String CONTENT="aff." HEIGHT="40" HPOS="922" VPOS="1336" WIDTH="81" />
<SP HEIGHT="40" HPOS="1004" VPOS="1336" WIDTH="26" />
<String CONTENT="Feb." HEIGHT="39" HPOS="1031" VPOS="1336" WIDTH="110" />
<SP HEIGHT="38" HPOS="1142" VPOS="1337" WIDTH="25" />
<String CONTENT="19;" HEIGHT="47" HPOS="1168" VPOS="1336" WIDTH="82" />
<SP HEIGHT="46" HPOS="1251" VPOS="1337" WIDTH="25" />
<String CONTENT="A" HEIGHT="38" HPOS="1277" VPOS="1337" WIDTH="41" />
<SP HEIGHT="39" HPOS="1319" VPOS="1336" WIDTH="24" />
<String CONTENT="80482;" HEIGHT="47" HPOS="1344" VPOS="1336" WIDTH="169" />
<SP HEIGHT="45" HPOS="1514" VPOS="1338" WIDTH="25" />
<String CONTENT="Vanguard" HEIGHT="47" HPOS="1540" VPOS="1338" WIDTH="264" />
<SP HEIGHT="47" HPOS="1805" VPOS="1340" WIDTH="26" />
<String CONTENT="press," HEIGHT="38" HPOS="1832" VPOS="1349" WIDTH="148" />
<SP HEIGHT="46" HPOS="1981" VPOS="1341" WIDTH="22" />
<String CONTENT="inc." HEIGHT="38" HPOS="2004" VPOS="1341" WIDTH="90" />
</TextLine>
<TextLine HEIGHT="50" HPOS="190" LANG="en-US" VPOS="1395" WIDTH="249">
<String CONTENT="(35-7194)" HEIGHT="50" HPOS="190" VPOS="1395" WIDTH="249" />
</TextLine>
<TextLine HEIGHT="67" HPOS="113" LANG="en-US" STYLEREFS="StyleId-2255E6D5-F91F-4FD2-986D-DC282678ABA7-" VPOS="1496" WIDTH="749">
<String CONTENT="Frymir," HEIGHT="64" HPOS="113" VPOS="1499" WIDTH="248" />
<SP HEIGHT="63" HPOS="362" VPOS="1500" WIDTH="28" />
<String CONTENT="Alice" HEIGHT="54" HPOS="391" VPOS="1498" WIDTH="162" />
<SP HEIGHT="55" HPOS="554" VPOS="1498" WIDTH="25" />
<String CONTENT="Willetta." HEIGHT="57" HPOS="580" VPOS="1496" WIDTH="282" />
</TextLine>
<TextLine CS="1" HEIGHT="151" HPOS="113" LANG="en-US" STYLEREFS="StyleId-AAA9780F-5D3B-42BD-ADD6-4AE73AE37F69-" VPOS="1571" WIDTH="1957">
<String CONTENT="Team" HEIGHT="53" HPOS="183" VPOS="1577" WIDTH="172" />
<SP HEIGHT="33" HPOS="356" VPOS="1596" WIDTH="32" />
<String CONTENT="sports" HEIGHT="60" HPOS="389" VPOS="1582" WIDTH="187" />
<SP HEIGHT="54" HPOS="577" VPOS="1574" WIDTH="31" />
<String CONTENT="for" HEIGHT="52" HPOS="609" VPOS="1574" WIDTH="93" />
<SP HEIGHT="33" HPOS="703" VPOS="1593" WIDTH="31" />
<String CONTENT="women," HEIGHT="48" HPOS="735" VPOS="1592" WIDTH="231" />
<SP HEIGHT="66" HPOS="967" VPOS="1574" WIDTH="32" />
<String CONTENT="by" HEIGHT="67" HPOS="1000" VPOS="1574" WIDTH="75" />
<SP HEIGHT="67" HPOS="1076" VPOS="1574" WIDTH="31" />
<String CONTENT="Alice" HEIGHT="55" HPOS="1108" VPOS="1571" WIDTH="163" />
<SP HEIGHT="53" HPOS="1272" VPOS="1576" WIDTH="30" />
<String CONTENT="W." HEIGHT="53" HPOS="1303" VPOS="1576" WIDTH="88" />
<SP HEIGHT="51" HPOS="1392" VPOS="1576" WIDTH="35" />
<String CONTENT="Frymir" HEIGHT="66" HPOS="1428" VPOS="1575" WIDTH="232" />
<SP HEIGHT="37" HPOS="1661" VPOS="1593" WIDTH="36" />
<String CONTENT="&#8230;" CS="1" />
<SP HEIGHT="33" HPOS="1754" VPOS="1598" WIDTH="39" />
<String CONTENT="and" HEIGHT="53" HPOS="1794" VPOS="1578" WIDTH="112" />
<SP HEIGHT="52" HPOS="1907" VPOS="1578" WIDTH="32" />
<String CONTENT="Marjorie" HEIGHT="143" HPOS="113" VPOS="1579" WIDTH="1957" />
<SP HEIGHT="51" HPOS="255" VPOS="1655" WIDTH="37" />
<String CONTENT="Hillas" HEIGHT="54" HPOS="293" VPOS="1652" WIDTH="191" />
</TextLine>
<TextLine CS="1" HEIGHT="150" HPOS="112" LANG="en-US" STYLEREFS="StyleId-AAA9780F-5D3B-42BD-ADD6-4AE73AE37F69-" VPOS="1650" WIDTH="1959">
<String CONTENT="&#8230;" CS="1" />
<SP HEIGHT="53" HPOS="585" VPOS="1652" WIDTH="77" />
<String CONTENT="New" HEIGHT="53" HPOS="663" VPOS="1652" WIDTH="137" />
<SP HEIGHT="53" HPOS="801" VPOS="1652" WIDTH="37" />
<String CONTENT="York," HEIGHT="67" HPOS="839" VPOS="1650" WIDTH="178" />
<SP HEIGHT="66" HPOS="1018" VPOS="1651" WIDTH="37" />
<String CONTENT="A." HEIGHT="53" HPOS="1056" VPOS="1651" WIDTH="71" />
<SP HEIGHT="55" HPOS="1128" VPOS="1651" WIDTH="41" />
<String CONTENT="S." HEIGHT="55" HPOS="1170" VPOS="1651" WIDTH="57" />
<SP HEIGHT="51" HPOS="1228" VPOS="1653" WIDTH="38" />
<String CONTENT="Barnes" HEIGHT="51" HPOS="1267" VPOS="1653" WIDTH="217" />
<SP HEIGHT="34" HPOS="1485" VPOS="1670" WIDTH="38" />
<String CONTENT="and" HEIGHT="52" HPOS="1524" VPOS="1653" WIDTH="112" />
<SP HEIGHT="52" HPOS="1637" VPOS="1653" WIDTH="38" />
<String CONTENT="company," HEIGHT="51" HPOS="1676" VPOS="1671" WIDTH="295" />
<SP HEIGHT="67" HPOS="1972" VPOS="1655" WIDTH="37" />
<String CONTENT="incorporated," HEIGHT="145" HPOS="112" VPOS="1655" WIDTH="1959" />
<SP HEIGHT="63" HPOS="463" VPOS="1735" WIDTH="31" />
<String CONTENT="1935." HEIGHT="50" HPOS="495" VPOS="1735" WIDTH="150" />
</TextLine>
<TextLine CS="1" HEIGHT="52" HPOS="182" LANG="en-US" VPOS="1814" WIDTH="911">
<String CONTENT="xii" HEIGHT="39" HPOS="182" VPOS="1819" WIDTH="70" />
<SP HEIGHT="47" HPOS="253" VPOS="1819" WIDTH="27" />
<String CONTENT="p.," HEIGHT="37" HPOS="281" LANG="fr" VPOS="1829" WIDTH="57" />
<SP HEIGHT="46" HPOS="339" VPOS="1820" WIDTH="26" />
<String CONTENT="1" HEIGHT="37" HPOS="366" VPOS="1820" WIDTH="26" />
<SP />
<String CONTENT="l.," CS="1" />
<SP />
<String CONTENT="203" HEIGHT="40" HPOS="494" VPOS="1817" WIDTH="85" />
<SP HEIGHT="48" HPOS="580" VPOS="1817" WIDTH="26" />
<String CONTENT="p." HEIGHT="38" HPOS="607" VPOS="1827" WIDTH="43" />
<SP HEIGHT="39" HPOS="651" VPOS="1817" WIDTH="59" />
<String CONTENT="diagrs." HEIGHT="50" HPOS="711" VPOS="1814" WIDTH="176" />
<SP HEIGHT="40" HPOS="888" VPOS="1816" WIDTH="58" />
<String CONTENT="23&#189;" CS="1" HEIGHT="40" HPOS="947" VPOS="1815" WIDTH="56" />
<String CONTENT="cm" HEIGHT="21" HPOS="1035" STYLE="superscript" VPOS="1817" WIDTH="44" />
<String CONTENT="." HEIGHT="9" HPOS="1084" VPOS="1846" WIDTH="9" />
</TextLine>
<TextLine HEIGHT="47" HPOS="185" LANG="en-US" VPOS="1886" WIDTH="1912">
<String CONTENT="&#8220;Selected" HEIGHT="40" HPOS="185" VPOS="1890" WIDTH="245" />
<SP HEIGHT="38" HPOS="431" VPOS="1890" WIDTH="35" />
<String CONTENT="references&#8221;" HEIGHT="41" HPOS="467" VPOS="1886" WIDTH="299" />
<SP HEIGHT="40" HPOS="767" VPOS="1886" WIDTH="32" />
<String CONTENT="and" HEIGHT="39" HPOS="800" VPOS="1887" WIDTH="95" />
<SP HEIGHT="39" HPOS="896" VPOS="1887" WIDTH="31" />
<String CONTENT="blank" HEIGHT="40" HPOS="928" VPOS="1886" WIDTH="147" />
<SP HEIGHT="47" HPOS="1076" VPOS="1886" WIDTH="32" />
<String CONTENT="page" HEIGHT="37" HPOS="1109" VPOS="1896" WIDTH="121" />
<SP HEIGHT="40" HPOS="1231" VPOS="1886" WIDTH="30" />
<String CONTENT="for" HEIGHT="39" HPOS="1262" VPOS="1886" WIDTH="78" />
<SP HEIGHT="38" HPOS="1341" VPOS="1886" WIDTH="33" />
<String CONTENT="&#8220;Additional" HEIGHT="42" HPOS="1375" VPOS="1886" WIDTH="311" />
<SP HEIGHT="39" HPOS="1687" VPOS="1888" WIDTH="31" />
<String CONTENT="notes&#8221;" HEIGHT="40" HPOS="1719" VPOS="1889" WIDTH="165" />
<SP HEIGHT="41" HPOS="1885" VPOS="1889" WIDTH="33" />
<String CONTENT="at" HEIGHT="38" HPOS="1919" VPOS="1893" WIDTH="53" />
<SP HEIGHT="38" HPOS="1973" VPOS="1893" WIDTH="32" />
<String CONTENT="end" HEIGHT="39" HPOS="2006" VPOS="1893" WIDTH="91" />
</TextLine>
<TextLine HEIGHT="47" HPOS="113" LANG="en-US" VPOS="1946" WIDTH="441">
<String CONTENT="of" HEIGHT="39" HPOS="113" VPOS="1948" WIDTH="51" />
<SP HEIGHT="39" HPOS="165" VPOS="1948" WIDTH="27" />
<String CONTENT="each" HEIGHT="40" HPOS="193" VPOS="1947" WIDTH="118" />
<SP HEIGHT="39" HPOS="312" VPOS="1947" WIDTH="26" />
<String CONTENT="chapter." HEIGHT="47" HPOS="339" VPOS="1946" WIDTH="215" />
</TextLine>
<TextLine CS="1" HEIGHT="54" HPOS="113" LANG="en-US" VPOS="2015" WIDTH="1984">
<String CONTENT="&#169;" HEIGHT="52" HPOS="113" VPOS="2017" WIDTH="52" />
<SP HEIGHT="52" HPOS="166" VPOS="2017" WIDTH="18" />
<String CONTENT="Apr." HEIGHT="46" HPOS="185" VPOS="2021" WIDTH="110" />
<SP HEIGHT="38" HPOS="296" VPOS="2020" WIDTH="23" />
<String CONTENT="16." HEIGHT="40" HPOS="320" VPOS="2019" WIDTH="69" />
<SP />
<String CONTENT="1935;" HEIGHT="47" HPOS="411" VPOS="2017" WIDTH="139" />
<SP HEIGHT="47" HPOS="551" VPOS="2017" WIDTH="23" />
<String CONTENT="2c." HEIGHT="40" HPOS="575" VPOS="2017" WIDTH="65" />
<SP HEIGHT="38" HPOS="641" VPOS="2018" WIDTH="21" />
<String CONTENT="Apr." HEIGHT="47" HPOS="663" VPOS="2018" WIDTH="113" />
<SP HEIGHT="40" HPOS="777" VPOS="2016" WIDTH="23" />
<String CONTENT="22;" CS="1" HEIGHT="40" HPOS="801" VPOS="2015" WIDTH="54" />
<SP HEIGHT="37" HPOS="882" VPOS="2026" WIDTH="24" />
<String CONTENT="aff." HEIGHT="40" HPOS="907" VPOS="2015" WIDTH="81" />
<SP HEIGHT="37" HPOS="989" VPOS="2017" WIDTH="22" />
<String CONTENT="May" HEIGHT="46" HPOS="1012" VPOS="2017" WIDTH="113" />
<SP HEIGHT="46" HPOS="1126" VPOS="2017" WIDTH="19" />
<String CONTENT="3;" CS="1" HEIGHT="39" HPOS="1146" VPOS="2017" WIDTH="25" />
<SP HEIGHT="47" HPOS="1200" VPOS="2016" WIDTH="24" />
<String CONTENT="A" HEIGHT="38" HPOS="1225" VPOS="2016" WIDTH="41" />
<SP HEIGHT="40" HPOS="1267" VPOS="2016" WIDTH="19" />
<String CONTENT="82874;" CS="1" HEIGHT="40" HPOS="1287" VPOS="2016" WIDTH="143" />
<SP HEIGHT="47" HPOS="1458" VPOS="2017" WIDTH="24" />
<String CONTENT="A." HEIGHT="40" HPOS="1483" VPOS="2017" WIDTH="52" />
<SP HEIGHT="40" HPOS="1536" VPOS="2018" WIDTH="25" />
<String CONTENT="S." HEIGHT="40" HPOS="1562" VPOS="2018" WIDTH="45" />
<SP HEIGHT="38" HPOS="1608" VPOS="2019" WIDTH="22" />
<String CONTENT="Barnes" HEIGHT="40" HPOS="1631" VPOS="2019" WIDTH="187" />
<SP HEIGHT="40" HPOS="1819" VPOS="2020" WIDTH="23" />
<String CONTENT="&amp;" HEIGHT="40" HPOS="1843" VPOS="2020" WIDTH="36" />
<SP HEIGHT="40" HPOS="1880" VPOS="2020" WIDTH="20" />
<String CONTENT="co.," HEIGHT="38" HPOS="1901" LANG="ru" VPOS="2029" WIDTH="82" />
<SP HEIGHT="46" HPOS="1984" VPOS="2021" WIDTH="21" />
<String CONTENT="inc." HEIGHT="41" HPOS="2006" VPOS="2021" WIDTH="91" />
</TextLine>
<TextLine HEIGHT="50" HPOS="191" LANG="en-US" VPOS="2075" WIDTH="249">
<String CONTENT="(35-7118)" HEIGHT="50" HPOS="191" VPOS="2075" WIDTH="249" />
</TextLine>
<TextLine HEIGHT="65" HPOS="112" LANG="en-US" STYLEREFS="StyleId-2255E6D5-F91F-4FD2-986D-DC282678ABA7-" VPOS="2179" WIDTH="652">
<String CONTENT="Gauger," HEIGHT="64" HPOS="112" VPOS="2180" WIDTH="250" />
<SP HEIGHT="62" HPOS="363" VPOS="2181" WIDTH="27" />
<String CONTENT="Kurt," HEIGHT="61" HPOS="391" VPOS="2181" WIDTH="174" />
<SP HEIGHT="58" HPOS="566" VPOS="2184" WIDTH="26" />
<String CONTENT="1907-" HEIGHT="54" HPOS="593" VPOS="2179" WIDTH="171" />
</TextLine>
<TextLine CS="1" HEIGHT="149" HPOS="112" STYLEREFS="StyleId-AAA9780F-5D3B-42BD-ADD6-4AE73AE37F69-" VPOS="2253" WIDTH="1961">
<String CONTENT="&#8230;" CS="1" LANG="en-US" />
<SP HEIGHT="52" HPOS="243" VPOS="2258" WIDTH="49" />
<String CONTENT="Politische" HEIGHT="54" HPOS="293" LANG="de" VPOS="2255" WIDTH="308" />
<SP HEIGHT="34" HPOS="602" VPOS="2273" WIDTH="42" />
<String CONTENT="medizin;" HEIGHT="67" HPOS="645" LANG="en-US" VPOS="2253" WIDTH="272" />
<SP HEIGHT="50" HPOS="918" VPOS="2271" WIDTH="49" />
<String CONTENT="grundriss" HEIGHT="68" HPOS="968" LANG="en-US" VPOS="2253" WIDTH="297" />
<SP HEIGHT="32" HPOS="1266" VPOS="2274" WIDTH="45" />
<String CONTENT="einer" HEIGHT="53" HPOS="1312" LANG="de" VPOS="2254" WIDTH="151" />
<SP HEIGHT="52" HPOS="1464" VPOS="2254" WIDTH="46" />
<String CONTENT="deutschen" HEIGHT="54" HPOS="1511" LANG="de" VPOS="2254" WIDTH="303" />
<SP HEIGHT="51" HPOS="1815" VPOS="2274" WIDTH="46" />
<String CONTENT="psychotherapie." CS="1" HEIGHT="143" HPOS="112" LANG="fr" VPOS="2259" WIDTH="1961" />
</TextLine>
<TextLine CS="1" HEIGHT="73" HPOS="457" LANG="de" STYLEREFS="StyleId-AAA9780F-5D3B-42BD-ADD6-4AE73AE37F69-" VPOS="2330" WIDTH="1492">
<String CONTENT="Hamburg," HEIGHT="68" HPOS="457" LANG="en-US" VPOS="2332" WIDTH="321" />
<SP HEIGHT="68" HPOS="779" VPOS="2332" WIDTH="39" />
<String CONTENT="Hanseatische" HEIGHT="55" HPOS="819" VPOS="2330" WIDTH="411" />
<SP HEIGHT="35" HPOS="1231" VPOS="2350" WIDTH="40" />
<String CONTENT="verlagsanstalt" CS="1" HEIGHT="67" HPOS="1310" VPOS="2332" WIDTH="400" />
<SP HEIGHT="61" HPOS="1711" VPOS="2339" WIDTH="46" />
<String CONTENT="[" HEIGHT="35" HPOS="1758" VPOS="2365" WIDTH="13" />
<String CONTENT="c" HEIGHT="22" HPOS="1775" STYLE="superscript" VPOS="2339" WIDTH="19" />
<String CONTENT="1934]" HEIGHT="66" HPOS="1799" VPOS="2337" WIDTH="150" />
</TextLine>
<TextLine HEIGHT="50" HPOS="184" LANG="de" VPOS="2421" WIDTH="303">
<String CONTENT="64" HEIGHT="41" HPOS="184" VPOS="2423" WIDTH="56" />
<SP HEIGHT="47" HPOS="241" VPOS="2424" WIDTH="26" />
<String CONTENT="p." HEIGHT="38" HPOS="268" VPOS="2433" WIDTH="42" />
<SP HEIGHT="41" HPOS="311" VPOS="2421" WIDTH="57" />
<String CONTENT="21" HEIGHT="39" HPOS="369" VPOS="2421" WIDTH="56" />
<String CONTENT="cm" HEIGHT="22" HPOS="428" STYLE="superscript" VPOS="2422" WIDTH="45" />
<String CONTENT="." HEIGHT="10" HPOS="477" VPOS="2451" WIDTH="10" />
</TextLine>
<TextLine CS="1" HEIGHT="63" HPOS="182" VPOS="2487" WIDTH="1916">
<String CONTENT="&#8220;Rede" HEIGHT="39" HPOS="182" LANG="de" VPOS="2501" WIDTH="160" />
<SP HEIGHT="40" HPOS="343" VPOS="2500" WIDTH="31" />
<String CONTENT="beim" HEIGHT="42" HPOS="375" LANG="de" VPOS="2498" WIDTH="125" />
<SP HEIGHT="50" HPOS="501" VPOS="2487" WIDTH="38" />
<String CONTENT="&#196;rztlichen" HEIGHT="50" HPOS="540" LANG="de" VPOS="2487" WIDTH="278" />
<SP HEIGHT="39" HPOS="819" VPOS="2496" WIDTH="35" />
<String CONTENT="kongress" HEIGHT="48" HPOS="855" LANG="de" VPOS="2496" WIDTH="234" />
<SP HEIGHT="40" HPOS="1090" VPOS="2496" WIDTH="33" />
<String CONTENT="f&#252;r" HEIGHT="40" HPOS="1124" LANG="de" VPOS="2495" WIDTH="86" />
<SP HEIGHT="38" HPOS="1211" VPOS="2506" WIDTH="32" />
<String CONTENT="psychotherapie," CS="1" HEIGHT="49" HPOS="1244" LANG="fr" VPOS="2497" WIDTH="417" />
<SP HEIGHT="46" HPOS="1662" VPOS="2500" WIDTH="37" />
<String CONTENT="Bad" HEIGHT="40" HPOS="1700" LANG="de" VPOS="2500" WIDTH="106" />
<SP HEIGHT="41" HPOS="1807" VPOS="2500" WIDTH="37" />
<String CONTENT="Nauheim," HEIGHT="49" HPOS="1845" LANG="de" VPOS="2501" WIDTH="253" />
</TextLine>
<TextLine CS="1" HEIGHT="48" HPOS="116" LANG="de" VPOS="2556" WIDTH="309">
<String CONTENT="1934&#8221;;" CS="1" HEIGHT="42" HPOS="116" VPOS="2556" WIDTH="139" />
<SP HEIGHT="36" HPOS="284" VPOS="2568" WIDTH="29" />
<String CONTENT="p." HEIGHT="36" HPOS="314" VPOS="2568" WIDTH="42" />
<SP HEIGHT="38" HPOS="357" VPOS="2556" WIDTH="28" />
<String CONTENT="7." HEIGHT="39" HPOS="386" VPOS="2556" WIDTH="39" />
</TextLine>
<TextLine CS="1" HEIGHT="55" HPOS="115" LANG="de" VPOS="2622" WIDTH="1984">
<String CONTENT="&#169;" HEIGHT="53" HPOS="115" VPOS="2624" WIDTH="51" />
<SP HEIGHT="53" HPOS="167" VPOS="2624" WIDTH="34" />
<String CONTENT="Nov." CS="1" HEIGHT="9" HPOS="312" VPOS="2657" WIDTH="8" />
<SP HEIGHT="40" HPOS="321" VPOS="2626" WIDTH="34" />
<String CONTENT="24," HEIGHT="46" HPOS="356" VPOS="2626" WIDTH="70" />
<SP HEIGHT="46" HPOS="427" VPOS="2626" WIDTH="36" />
<String CONTENT="1934;" HEIGHT="48" HPOS="464" VPOS="2623" WIDTH="140" />
<SP />
<String CONTENT="1c." CS="1" />
<SP />
<String CONTENT="Jan." HEIGHT="38" HPOS="749" VPOS="2624" WIDTH="109" />
<SP HEIGHT="40" HPOS="859" VPOS="2622" WIDTH="35" />
<String CONTENT="17," HEIGHT="47" HPOS="895" VPOS="2622" WIDTH="70" />
<SP HEIGHT="47" HPOS="966" VPOS="2622" WIDTH="36" />
<String CONTENT="1935;" HEIGHT="47" HPOS="1003" VPOS="2622" WIDTH="140" />
<SP HEIGHT="47" HPOS="1144" VPOS="2622" WIDTH="38" />
<String CONTENT="A" HEIGHT="38" HPOS="1183" LANG="fr" VPOS="2622" WIDTH="41" />
<String CONTENT="-Foreign" HEIGHT="48" HPOS="1224" VPOS="2622" WIDTH="268" />
<SP HEIGHT="38" HPOS="1493" VPOS="2624" WIDTH="36" />
<String CONTENT="26634;" HEIGHT="48" HPOS="1530" VPOS="2624" WIDTH="172" />
<SP HEIGHT="45" HPOS="1703" VPOS="2627" WIDTH="39" />
<String CONTENT="Hanseatische" HEIGHT="43" HPOS="1743" VPOS="2625" WIDTH="356" />
</TextLine>
<TextLine HEIGHT="51" HPOS="181" LANG="de" VPOS="2679" WIDTH="833">
<String CONTENT="Verlagsanstalt" HEIGHT="47" HPOS="181" VPOS="2683" WIDTH="381" />
<SP HEIGHT="37" HPOS="563" VPOS="2684" WIDTH="27" />
<String CONTENT="a.-g." HEIGHT="37" HPOS="591" VPOS="2691" WIDTH="103" />
<SP HEIGHT="47" HPOS="695" VPOS="2679" WIDTH="69" />
<String CONTENT="(35-7638)" HEIGHT="49" HPOS="765" VPOS="2679" WIDTH="249" />
</TextLine>
<TextLine HEIGHT="67" HPOS="116" LANG="de" STYLEREFS="StyleId-2255E6D5-F91F-4FD2-986D-DC282678ABA7-" VPOS="2784" WIDTH="683">
<String CONTENT="Gehl," HEIGHT="66" HPOS="116" VPOS="2785" WIDTH="161" />
<SP HEIGHT="64" HPOS="278" VPOS="2787" WIDTH="28" />
<String CONTENT="Walther," HEIGHT="65" HPOS="307" VPOS="2784" WIDTH="283" />
<SP HEIGHT="46" HPOS="591" VPOS="2803" WIDTH="30" />
<String CONTENT="comp." HEIGHT="49" HPOS="622" VPOS="2801" WIDTH="177" />
</TextLine>
<TextLine CS="1" HEIGHT="148" HPOS="110" LANG="de" STYLEREFS="StyleId-AAA9780F-5D3B-42BD-ADD6-4AE73AE37F69-" VPOS="2857" WIDTH="1963">
<String CONTENT="Der" HEIGHT="51" HPOS="177" VPOS="2863" WIDTH="118" />
<SP HEIGHT="32" HPOS="296" VPOS="2882" WIDTH="24" />
<String CONTENT="staat" HEIGHT="48" HPOS="321" VPOS="2866" WIDTH="149" />
<SP HEIGHT="53" HPOS="471" VPOS="2860" WIDTH="23" />
<String CONTENT="im" HEIGHT="52" HPOS="495" VPOS="2860" WIDTH="78" />
<SP HEIGHT="34" HPOS="574" VPOS="2878" WIDTH="24" />
<String CONTENT="aufbau" HEIGHT="54" HPOS="599" VPOS="2858" WIDTH="214" />
<SP HEIGHT="69" HPOS="814" VPOS="2857" WIDTH="36" />
<String CONTENT="(vom" HEIGHT="69" HPOS="851" VPOS="2857" WIDTH="155" />
<SP HEIGHT="49" HPOS="1007" VPOS="2861" WIDTH="26" />
<String CONTENT="15." HEIGHT="49" HPOS="1034" VPOS="2861" WIDTH="79" />
<SP HEIGHT="34" HPOS="1114" VPOS="2876" WIDTH="26" />
<String CONTENT="november" HEIGHT="52" HPOS="1141" VPOS="2858" WIDTH="304" />
<SP HEIGHT="48" HPOS="1446" VPOS="2862" WIDTH="26" />
<String CONTENT="1933" HEIGHT="50" HPOS="1473" VPOS="2861" WIDTH="133" />
<SP HEIGHT="52" HPOS="1607" VPOS="2861" WIDTH="25" />
<String CONTENT="bis" HEIGHT="53" HPOS="1633" VPOS="2860" WIDTH="86" />
<SP HEIGHT="49" HPOS="1720" VPOS="2864" WIDTH="28" />
<String CONTENT="10." HEIGHT="50" HPOS="1749" VPOS="2864" WIDTH="79" />
<SP HEIGHT="33" HPOS="1829" VPOS="2881" WIDTH="28" />
<String CONTENT="September" HEIGHT="122" HPOS="110" VPOS="2869" WIDTH="1963" />
<SP HEIGHT="47" HPOS="207" VPOS="2944" WIDTH="36" />
<String CONTENT="1934)" HEIGHT="68" HPOS="244" VPOS="2937" WIDTH="160" />
</TextLine>
<TextLine CS="1" HEIGHT="79" HPOS="450" LANG="de" STYLEREFS="StyleId-AAA9780F-5D3B-42BD-ADD6-4AE73AE37F69-" VPOS="2928" WIDTH="1646">
<String CONTENT="herausgegeben" HEIGHT="77" HPOS="450" VPOS="2928" WIDTH="452" />
<SP HEIGHT="33" HPOS="903" VPOS="2954" WIDTH="35" />
<String CONTENT="von" HEIGHT="33" HPOS="939" VPOS="2954" WIDTH="111" />
<SP HEIGHT="51" HPOS="1051" VPOS="2936" WIDTH="36" />
<String CONTENT="dr." HEIGHT="52" HPOS="1088" VPOS="2936" WIDTH="84" />
<SP HEIGHT="53" HPOS="1173" VPOS="2936" WIDTH="38" />
<String CONTENT="Walther" HEIGHT="53" HPOS="1212" VPOS="2936" WIDTH="260" />
<SP HEIGHT="55" HPOS="1473" VPOS="2935" WIDTH="37" />
<String CONTENT="Gehl" HEIGHT="55" HPOS="1511" VPOS="2935" WIDTH="147" />
<SP HEIGHT="53" HPOS="1659" VPOS="2938" WIDTH="42" />
<String CONTENT="&#8230;" CS="1" />
<SP HEIGHT="51" HPOS="1760" VPOS="2940" WIDTH="77" />
<String CONTENT="Breslau," HEIGHT="67" HPOS="1838" VPOS="2940" WIDTH="258" />
</TextLine>
<TextLine HEIGHT="65" HPOS="113" LANG="de" STYLEREFS="StyleId-AAA9780F-5D3B-42BD-ADD6-4AE73AE37F69-" VPOS="3017" WIDTH="451">
<String CONTENT="F." HEIGHT="52" HPOS="113" VPOS="3017" WIDTH="62" />
<SP HEIGHT="52" HPOS="176" VPOS="3017" WIDTH="25" />
<String CONTENT="Hirt" HEIGHT="52" HPOS="202" VPOS="3017" WIDTH="141" />
<SP HEIGHT="61" HPOS="344" VPOS="3021" WIDTH="29" />
<String CONTENT="[" HEIGHT="33" HPOS="374" VPOS="3049" WIDTH="13" />
<String CONTENT="c" HEIGHT="21" HPOS="391" STYLE="superscript" VPOS="3022" WIDTH="19" />
<String CONTENT="1934]" HEIGHT="64" HPOS="414" VPOS="3017" WIDTH="150" />
</TextLine>
<TextLine CS="1" HEIGHT="53" HPOS="181" VPOS="3097" WIDTH="1898">
<String CONTENT="239" HEIGHT="42" HPOS="181" LANG="de" VPOS="3101" WIDTH="84" />
<SP HEIGHT="48" HPOS="266" VPOS="3102" WIDTH="25" />
<String CONTENT="p." HEIGHT="37" HPOS="292" LANG="de" VPOS="3113" WIDTH="43" />
<SP HEIGHT="41" HPOS="336" VPOS="3102" WIDTH="28" />
<String CONTENT="incl." HEIGHT="40" HPOS="365" LANG="de" VPOS="3101" WIDTH="108" />
<SP HEIGHT="38" HPOS="474" VPOS="3100" WIDTH="26" />
<String CONTENT="front.," HEIGHT="46" HPOS="501" LANG="de" VPOS="3100" WIDTH="162" />
<SP HEIGHT="46" HPOS="664" VPOS="3100" WIDTH="27" />
<String CONTENT="illus.," HEIGHT="47" HPOS="692" LANG="de" VPOS="3100" WIDTH="142" />
<SP HEIGHT="37" HPOS="835" VPOS="3110" WIDTH="27" />
<String CONTENT="ports.," HEIGHT="47" HPOS="863" LANG="en-US" VPOS="3099" WIDTH="162" />
<SP HEIGHT="34" HPOS="1026" VPOS="3108" WIDTH="30" />
<String CONTENT="map," HEIGHT="38" HPOS="1057" LANG="de" VPOS="3107" WIDTH="124" />
<SP HEIGHT="43" HPOS="1182" VPOS="3098" WIDTH="30" />
<String CONTENT="diagrs." HEIGHT="49" HPOS="1213" LANG="de" VPOS="3097" WIDTH="177" />
<SP HEIGHT="39" HPOS="1391" VPOS="3099" WIDTH="58" />
<String CONTENT="19" HEIGHT="40" HPOS="1450" LANG="de" VPOS="3099" WIDTH="58" />
<String CONTENT="cm" CS="1" HEIGHT="21" HPOS="1510" LANG="de" STYLE="superscript" VPOS="3101" WIDTH="14" />
<String CONTENT="." HEIGHT="9" HPOS="1557" LANG="de" VPOS="3131" WIDTH="9" />
<SP HEIGHT="48" HPOS="1567" VPOS="3100" WIDTH="70" />
<String CONTENT="(" HEIGHT="48" HPOS="1638" LANG="de" VPOS="3100" WIDTH="14" />
<String CONTENT="Half-title" HEIGHT="47" HPOS="1660" LANG="en-US" VPOS="3100" WIDTH="252" />
<String CONTENT=";" CS="1" LANG="de" />
<SP HEIGHT="42" HPOS="1936" VPOS="3101" WIDTH="25" />
<String CONTENT="Hirts" CS="1" HEIGHT="42" HPOS="1962" LANG="de" VPOS="3101" WIDTH="117" />
</TextLine>
<TextLine CS="1" HEIGHT="52" HPOS="112" LANG="de" VPOS="3154" WIDTH="1985">
<String CONTENT="deutsche" HEIGHT="39" HPOS="112" VPOS="3160" WIDTH="226" />
<SP HEIGHT="31" HPOS="339" VPOS="3168" WIDTH="34" />
<String CONTENT="Sammlung." HEIGHT="46" HPOS="374" VPOS="3157" WIDTH="282" />
<SP HEIGHT="42" HPOS="657" VPOS="3155" WIDTH="65" />
<String CONTENT="Sachkundliche" HEIGHT="42" HPOS="723" VPOS="3154" WIDTH="384" />
<SP HEIGHT="30" HPOS="1108" VPOS="3165" WIDTH="33" />
<String CONTENT="abt." HEIGHT="40" HPOS="1142" VPOS="3155" WIDTH="96" />
<SP HEIGHT="9" HPOS="1239" VPOS="3186" WIDTH="38" />
<String CONTENT="&#8230;" CS="1" />
<SP HEIGHT="41" HPOS="1326" VPOS="3154" WIDTH="63" />
<String CONTENT="Gruppe" HEIGHT="49" HPOS="1390" VPOS="3154" WIDTH="193" />
<SP HEIGHT="30" HPOS="1584" VPOS="3167" WIDTH="33" />
<String CONTENT="III;" CS="1" />
<SP HEIGHT="42" HPOS="1705" VPOS="3155" WIDTH="36" />
<String CONTENT="Grundfragen," HEIGHT="51" HPOS="1742" VPOS="3155" WIDTH="355" />
</TextLine>
<TextLine HEIGHT="50" HPOS="112" LANG="de" VPOS="3213" WIDTH="152">
<String CONTENT="bd." HEIGHT="41" HPOS="112" VPOS="3213" WIDTH="73" />
<SP HEIGHT="39" HPOS="186" VPOS="3215" WIDTH="25" />
<String CONTENT="4)" HEIGHT="48" HPOS="212" VPOS="3215" WIDTH="52" />
</TextLine>
<TextLine CS="1" HEIGHT="53" HPOS="118" LANG="de" VPOS="3282" WIDTH="1980">
<String CONTENT="&#169;" HEIGHT="53" HPOS="118" VPOS="3282" WIDTH="51" />
<SP HEIGHT="53" HPOS="170" VPOS="3282" WIDTH="28" />
<String CONTENT="Dec." HEIGHT="38" HPOS="199" LANG="en-US" VPOS="3288" WIDTH="111" />
<SP HEIGHT="40" HPOS="311" VPOS="3286" WIDTH="29" />
<String CONTENT="28," HEIGHT="46" HPOS="341" VPOS="3286" WIDTH="69" />
<SP HEIGHT="46" HPOS="411" VPOS="3286" WIDTH="31" />
<String CONTENT="1934;" CS="1" HEIGHT="41" HPOS="443" VPOS="3284" WIDTH="113" />
<SP />
<String CONTENT="1c." CS="1" />
<SP />
<String CONTENT="Feb." HEIGHT="39" HPOS="719" VPOS="3284" WIDTH="107" />
<SP HEIGHT="40" HPOS="827" VPOS="3283" WIDTH="33" />
<String CONTENT="8," HEIGHT="48" HPOS="861" VPOS="3283" WIDTH="39" />
<SP HEIGHT="47" HPOS="901" VPOS="3284" WIDTH="33" />
<String CONTENT="1935;" CS="1" HEIGHT="41" HPOS="935" VPOS="3282" WIDTH="113" />
<SP HEIGHT="47" HPOS="1076" VPOS="3283" WIDTH="32" />
<String CONTENT="A" HEIGHT="38" HPOS="1109" LANG="en-US" VPOS="3283" WIDTH="41" />
<String CONTENT="-Foreign" HEIGHT="48" HPOS="1151" VPOS="3283" WIDTH="267" />
<SP HEIGHT="38" HPOS="1419" VPOS="3284" WIDTH="32" />
<String CONTENT="26871;" CS="1" HEIGHT="41" HPOS="1452" VPOS="3284" WIDTH="141" />
<SP HEIGHT="46" HPOS="1622" VPOS="3286" WIDTH="35" />
<String CONTENT="Ferdinand" HEIGHT="41" HPOS="1658" VPOS="3286" WIDTH="276" />
<SP HEIGHT="38" HPOS="1935" VPOS="3289" WIDTH="33" />
<String CONTENT="Hirt." HEIGHT="39" HPOS="1969" VPOS="3288" WIDTH="129" />
</TextLine>
<TextLine HEIGHT="49" HPOS="196" LANG="de" VPOS="3342" WIDTH="248">
<String CONTENT="(35-7545)" HEIGHT="49" HPOS="196" VPOS="3342" WIDTH="248" />
</TextLine>
<TextLine HEIGHT="68" HPOS="121" STYLEREFS="StyleId-2255E6D5-F91F-4FD2-986D-DC282678ABA7-" VPOS="3443" WIDTH="964">
<String CONTENT="[Goodwin," HEIGHT="67" HPOS="121" LANG="en-US" VPOS="3444" WIDTH="311" />
<SP HEIGHT="63" HPOS="433" VPOS="3446" WIDTH="27" />
<String CONTENT="Rutherfoord]" HEIGHT="66" HPOS="461" LANG="de" VPOS="3443" WIDTH="420" />
<SP HEIGHT="61" HPOS="882" VPOS="3448" WIDTH="34" />
<String CONTENT="1901-" HEIGHT="49" HPOS="917" LANG="de" VPOS="3448" WIDTH="168" />
</TextLine>
<TextLine CS="1" HEIGHT="149" HPOS="120" LANG="en-US" STYLEREFS="StyleId-AAA9780F-5D3B-42BD-ADD6-4AE73AE37F69-" VPOS="3518" WIDTH="1951">
<String CONTENT="A" HEIGHT="52" HPOS="189" LANG="de" VPOS="3522" WIDTH="53" />
<SP HEIGHT="53" HPOS="243" VPOS="3522" WIDTH="35" />
<String CONTENT="brief" HEIGHT="54" HPOS="279" VPOS="3521" WIDTH="151" />
<SP HEIGHT="52" HPOS="431" VPOS="3521" WIDTH="37" />
<String CONTENT="and" HEIGHT="51" HPOS="469" VPOS="3522" WIDTH="111" />
<SP HEIGHT="51" HPOS="581" VPOS="3522" WIDTH="35" />
<String CONTENT="true" HEIGHT="47" HPOS="617" VPOS="3527" WIDTH="125" />
<SP HEIGHT="33" HPOS="743" VPOS="3540" WIDTH="35" />
<String CONTENT="report" HEIGHT="59" HPOS="779" VPOS="3527" WIDTH="191" />
<SP HEIGHT="55" HPOS="971" VPOS="3518" WIDTH="37" />
<String CONTENT="for" HEIGHT="53" HPOS="1009" VPOS="3518" WIDTH="94" />
<SP HEIGHT="46" HPOS="1104" VPOS="3525" WIDTH="35" />
<String CONTENT="the" HEIGHT="51" HPOS="1140" VPOS="3520" WIDTH="97" />
<SP HEIGHT="46" HPOS="1238" VPOS="3525" WIDTH="34" />
<String CONTENT="traveller" HEIGHT="52" HPOS="1273" VPOS="3520" WIDTH="266" />
<SP HEIGHT="35" HPOS="1540" VPOS="3538" WIDTH="38" />
<String CONTENT="concerning" HEIGHT="68" HPOS="1579" VPOS="3522" WIDTH="338" />
<SP HEIGHT="64" HPOS="1918" VPOS="3526" WIDTH="36" />
<String CONTENT="Williamsburg" HEIGHT="142" HPOS="120" VPOS="3525" WIDTH="1951" />
</TextLine>
<TextLine HEIGHT="73" HPOS="453" LANG="en-US" STYLEREFS="StyleId-AAA9780F-5D3B-42BD-ADD6-4AE73AE37F69-" VPOS="3596" WIDTH="1643">
<String CONTENT="in" HEIGHT="55" HPOS="453" VPOS="3598" WIDTH="60" />
<SP HEIGHT="53" HPOS="514" VPOS="3600" WIDTH="24" />
<String CONTENT="Virginia," HEIGHT="69" HPOS="539" VPOS="3597" WIDTH="283" />
<SP HEIGHT="66" HPOS="823" VPOS="3598" WIDTH="22" />
<String CONTENT="being" HEIGHT="69" HPOS="846" VPOS="3596" WIDTH="169" />
<SP HEIGHT="49" HPOS="1016" VPOS="3616" WIDTH="25" />
<String CONTENT="an" HEIGHT="33" HPOS="1042" VPOS="3616" WIDTH="69" />
<SP HEIGHT="33" HPOS="1112" VPOS="3616" WIDTH="28" />
<String CONTENT="account" HEIGHT="47" HPOS="1141" VPOS="3602" WIDTH="234" />
<SP HEIGHT="48" HPOS="1376" VPOS="3602" WIDTH="24" />
<String CONTENT="of" HEIGHT="54" HPOS="1401" VPOS="3596" WIDTH="64" />
<SP HEIGHT="53" HPOS="1466" VPOS="3596" WIDTH="24" />
<String CONTENT="the" HEIGHT="51" HPOS="1491" VPOS="3598" WIDTH="94" />
<SP HEIGHT="35" HPOS="1586" VPOS="3616" WIDTH="22" />
<String CONTENT="most" HEIGHT="46" HPOS="1609" VPOS="3606" WIDTH="146" />
<SP HEIGHT="52" HPOS="1756" VPOS="3600" WIDTH="24" />
<String CONTENT="important" HEIGHT="69" HPOS="1781" VPOS="3600" WIDTH="315" />
</TextLine>
<TextLine HEIGHT="71" HPOS="123" LANG="en-US" STYLEREFS="StyleId-AAA9780F-5D3B-42BD-ADD6-4AE73AE37F69-" VPOS="3673" WIDTH="1974">
<String CONTENT="occurrences" HEIGHT="35" HPOS="123" VPOS="3695" WIDTH="349" />
<SP HEIGHT="53" HPOS="473" VPOS="3676" WIDTH="23" />
<String CONTENT="in" HEIGHT="52" HPOS="497" VPOS="3676" WIDTH="60" />
<SP HEIGHT="46" HPOS="558" VPOS="3682" WIDTH="22" />
<String CONTENT="this" HEIGHT="53" HPOS="581" VPOS="3675" WIDTH="114" />
<SP HEIGHT="48" HPOS="696" VPOS="3694" WIDTH="23" />
<String CONTENT="place" HEIGHT="66" HPOS="720" VPOS="3676" WIDTH="157" />
<SP HEIGHT="52" HPOS="878" VPOS="3675" WIDTH="26" />
<String CONTENT="from" HEIGHT="52" HPOS="905" VPOS="3675" WIDTH="152" />
<SP HEIGHT="53" HPOS="1058" VPOS="3674" WIDTH="22" />
<String CONTENT="its" HEIGHT="53" HPOS="1081" VPOS="3674" WIDTH="73" />
<SP HEIGHT="53" HPOS="1155" VPOS="3674" WIDTH="25" />
<String CONTENT="first" HEIGHT="53" HPOS="1181" VPOS="3674" WIDTH="122" />
<SP HEIGHT="52" HPOS="1304" VPOS="3674" WIDTH="24" />
<String CONTENT="beginning" HEIGHT="70" HPOS="1329" VPOS="3673" WIDTH="313" />
<SP HEIGHT="61" HPOS="1643" VPOS="3682" WIDTH="22" />
<String CONTENT="to" HEIGHT="46" HPOS="1666" VPOS="3682" WIDTH="58" />
<SP HEIGHT="46" HPOS="1725" VPOS="3683" WIDTH="25" />
<String CONTENT="the" HEIGHT="51" HPOS="1751" VPOS="3679" WIDTH="94" />
<SP HEIGHT="48" HPOS="1846" VPOS="3696" WIDTH="26" />
<String CONTENT="present" HEIGHT="57" HPOS="1873" VPOS="3687" WIDTH="224" />
</TextLine>
<TextLine HEIGHT="74" HPOS="122" LANG="en-US" STYLEREFS="StyleId-AAA9780F-5D3B-42BD-ADD6-4AE73AE37F69-" VPOS="3751" WIDTH="1972">
<String CONTENT="time;" HEIGHT="70" HPOS="122" VPOS="3752" WIDTH="158" />
<SP HEIGHT="47" HPOS="281" VPOS="3775" WIDTH="40" />
<String CONTENT="also" HEIGHT="50" HPOS="322" VPOS="3757" WIDTH="116" />
<SP HEIGHT="33" HPOS="439" VPOS="3773" WIDTH="35" />
<String CONTENT="containing" HEIGHT="69" HPOS="475" VPOS="3752" WIDTH="330" />
<SP HEIGHT="49" HPOS="806" VPOS="3772" WIDTH="34" />
<String CONTENT="a" HEIGHT="33" HPOS="841" VPOS="3772" WIDTH="31" />
<SP HEIGHT="52" HPOS="873" VPOS="3753" WIDTH="32" />
<String CONTENT="handsome" HEIGHT="54" HPOS="906" VPOS="3752" WIDTH="309" />
<SP HEIGHT="34" HPOS="1216" VPOS="3772" WIDTH="33" />
<String CONTENT="map" HEIGHT="48" HPOS="1250" VPOS="3770" WIDTH="133" />
<SP HEIGHT="48" HPOS="1384" VPOS="3770" WIDTH="37" />
<String CONTENT="showing" HEIGHT="70" HPOS="1422" VPOS="3751" WIDTH="257" />
<SP HEIGHT="66" HPOS="1680" VPOS="3755" WIDTH="34" />
<String CONTENT="buildings" HEIGHT="71" HPOS="1715" VPOS="3754" WIDTH="291" />
<SP HEIGHT="49" HPOS="2007" VPOS="3761" WIDTH="35" />
<String CONTENT="&amp;" HEIGHT="49" HPOS="2043" VPOS="3761" WIDTH="51" />
</TextLine>
<TextLine HEIGHT="70" HPOS="122" LANG="en-US" STYLEREFS="StyleId-AAA9780F-5D3B-42BD-ADD6-4AE73AE37F69-" VPOS="3828" WIDTH="1970">
<String CONTENT="sites" HEIGHT="54" HPOS="122" VPOS="3830" WIDTH="130" />
<SP HEIGHT="33" HPOS="253" VPOS="3852" WIDTH="43" />
<String CONTENT="of" HEIGHT="54" HPOS="297" VPOS="3831" WIDTH="64" />
<SP HEIGHT="67" HPOS="362" VPOS="3831" WIDTH="41" />
<String CONTENT="particular" HEIGHT="68" HPOS="404" VPOS="3830" WIDTH="313" />
<SP HEIGHT="56" HPOS="718" VPOS="3828" WIDTH="44" />
<String CONTENT="interest," HEIGHT="59" HPOS="763" VPOS="3828" WIDTH="247" />
<SP HEIGHT="36" HPOS="1011" VPOS="3851" WIDTH="44" />
<String CONTENT="such" HEIGHT="54" HPOS="1056" VPOS="3829" WIDTH="135" />
<SP HEIGHT="66" HPOS="1192" VPOS="3829" WIDTH="42" />
<String CONTENT="places" HEIGHT="67" HPOS="1235" VPOS="3828" WIDTH="186" />
<SP HEIGHT="53" HPOS="1422" VPOS="3828" WIDTH="43" />
<String CONTENT="being" HEIGHT="68" HPOS="1466" VPOS="3828" WIDTH="170" />
<SP HEIGHT="48" HPOS="1637" VPOS="3848" WIDTH="40" />
<String CONTENT="marked" HEIGHT="55" HPOS="1678" VPOS="3832" WIDTH="232" />
<SP HEIGHT="51" HPOS="1911" VPOS="3836" WIDTH="46" />
<String CONTENT="with" HEIGHT="52" HPOS="1958" VPOS="3834" WIDTH="134" />
</TextLine>
<TextLine HEIGHT="68" HPOS="124" LANG="en-US" STYLEREFS="StyleId-AAA9780F-5D3B-42BD-ADD6-4AE73AE37F69-" VPOS="3905" WIDTH="1967">
<String CONTENT="numbers" HEIGHT="54" HPOS="124" VPOS="3908" WIDTH="258" />
<SP HEIGHT="33" HPOS="383" VPOS="3929" WIDTH="24" />
<String CONTENT="and" HEIGHT="52" HPOS="408" VPOS="3910" WIDTH="111" />
<SP HEIGHT="52" HPOS="520" VPOS="3910" WIDTH="24" />
<String CONTENT="afterwards" HEIGHT="53" HPOS="545" VPOS="3907" WIDTH="337" />
<SP HEIGHT="54" HPOS="883" VPOS="3906" WIDTH="25" />
<String CONTENT="fully" HEIGHT="67" HPOS="909" VPOS="3906" WIDTH="150" />
<SP HEIGHT="66" HPOS="1060" VPOS="3907" WIDTH="23" />
<String CONTENT="discussed" HEIGHT="54" HPOS="1084" VPOS="3905" WIDTH="284" />
<SP HEIGHT="53" HPOS="1369" VPOS="3905" WIDTH="23" />
<String CONTENT="in" HEIGHT="53" HPOS="1393" VPOS="3905" WIDTH="58" />
<SP HEIGHT="46" HPOS="1452" VPOS="3912" WIDTH="24" />
<String CONTENT="the" HEIGHT="52" HPOS="1477" VPOS="3907" WIDTH="94" />
<SP HEIGHT="46" HPOS="1572" VPOS="3913" WIDTH="22" />
<String CONTENT="text." HEIGHT="49" HPOS="1595" VPOS="3913" WIDTH="135" />
<SP HEIGHT="51" HPOS="1731" VPOS="3911" WIDTH="74" />
<String CONTENT="To" HEIGHT="51" HPOS="1806" VPOS="3911" WIDTH="81" />
<SP HEIGHT="34" HPOS="1888" VPOS="3929" WIDTH="24" />
<String CONTENT="which" HEIGHT="54" HPOS="1913" VPOS="3911" WIDTH="178" />
</TextLine>
</TextBlock>
</PrintSpace>
</Page>
</Layout>
</alto>