<alto xmlns="http://www.loc.gov/standards/alto/ns-v3#" xmlns:xsi="http://www.w3.org/2001/XMLSchema-instance" xsi:schemaLocation="http://www.loc.gov/standards/alto/ns-v3# http://www.loc.gov/alto/v3/alto-3-0.xsd"><Description>
<MeasurementUnit>pixel</MeasurementUnit>
<sourceImageInformation>
<fileName>1935_v32_Part1.pdf</fileName>
</sourceImageInformation>
<OCRProcessing ID="IdOcr">
<ocrProcessingStep>
<processingDateTime>2019-01-15</processingDateTime>
<processingSoftware>
<softwareCreator>ABBYY</softwareCreator>
<softwareName>ABBYY Recognition Server</softwareName>
<softwareVersion>4.0</softwareVersion>
</processingSoftware>
</ocrProcessingStep>
</OCRProcessing>
</Description>
<Styles>
<ParagraphStyle ALIGN="Left" FIRSTLINE="0." ID="StyleId-FFFFFFFF-FFFF-FFFF-FFFF-FFFFFFFFFFFF-" LEFT="0." RIGHT="0." />
<ParagraphStyle ALIGN="Left" FIRSTLINE="0." ID="StyleId-09A13A44-4F77-4ABE-84F3-84CC8B3C72CE-" LEFT="0." LINESPACE="7.699999809" RIGHT="0." />
<ParagraphStyle ALIGN="Left" FIRSTLINE="-10." ID="StyleId-1F945060-F8CD-4435-B69A-5FF49DB0C586-" LEFT="0." LINESPACE="12.19999981" RIGHT="0." />
<ParagraphStyle ALIGN="Block" FIRSTLINE="-14." ID="StyleId-C6CAE747-F5A4-4D0D-8D74-D452DA7E2C1C-" LEFT="0." LINESPACE="8.350000381" RIGHT="0." />
<ParagraphStyle ALIGN="Left" FIRSTLINE="0." ID="StyleId-FC0F3374-189A-459E-BE29-2DC14180F022-" LEFT="0." RIGHT="0." />
<ParagraphStyle ALIGN="Left" FIRSTLINE="-12." ID="StyleId-49397C49-A894-4B3E-BA5E-1126226BA375-" LEFT="0." LINESPACE="11.09000015" RIGHT="0." />
<ParagraphStyle ALIGN="Block" FIRSTLINE="-14." ID="StyleId-9E34DD3A-E661-48BD-A3A1-6A3D48346F00-" LEFT="0." LINESPACE="11.09000015" RIGHT="0." />
<ParagraphStyle ALIGN="Left" FIRSTLINE="0." ID="StyleId-56CE54AA-A08B-4BAA-8605-F26020A0E36E-" LEFT="0." LINESPACE="9.399999619" RIGHT="0." />
<ParagraphStyle ALIGN="Left" FIRSTLINE="-11." ID="StyleId-77814FFC-C42F-4AA9-9880-EF33B947DEC8-" LEFT="0." LINESPACE="11.06999969" RIGHT="0." />
<ParagraphStyle ALIGN="Center" FIRSTLINE="0." ID="StyleId-FDE92EC0-67DC-4C7B-8A24-094B12C38B6C-" LEFT="0." LINESPACE="11.30000019" RIGHT="0." />
<ParagraphStyle ALIGN="Left" FIRSTLINE="0." ID="StyleId-65180E3B-4C93-4FB8-81EE-E026DD63DBF3-" LEFT="0." LINESPACE="11.10000038" RIGHT="0." />
<ParagraphStyle ALIGN="Left" FIRSTLINE="0." ID="StyleId-10E885C2-5813-4620-B0AA-0FBA30CF7A32-" LEFT="0." LINESPACE="9.5" RIGHT="0." />
<ParagraphStyle ALIGN="Left" FIRSTLINE="0." ID="StyleId-913C2DB5-9F02-4067-BAF7-0AED37B60BBE-" LEFT="0." LINESPACE="6.099999905" RIGHT="0." />
<ParagraphStyle ALIGN="Left" FIRSTLINE="0." ID="StyleId-9C79A9D2-8F08-4A8F-985D-B00E253ED1E5-" LEFT="0." LINESPACE="4.400000095" RIGHT="0." />
<ParagraphStyle ALIGN="Left" FIRSTLINE="0." ID="StyleId-A41F0407-FEFE-4738-9EC5-E05AFFF62781-" LEFT="0." LINESPACE="7.300000191" RIGHT="0." />
<ParagraphStyle ALIGN="Left" FIRSTLINE="0." ID="StyleId-61D37176-94E8-408D-9B87-01C406CE8AB2-" LEFT="0." LINESPACE="8.050000191" RIGHT="0." />
</Styles>
<Layout>
<Page HEIGHT="4375" ID="Page1510" PHYSICAL_IMG_NR="1510" WIDTH="2424">
<TopMargin HEIGHT="476" HPOS="0" VPOS="0" WIDTH="2424">
</TopMargin>
<LeftMargin HEIGHT="3586" HPOS="0" VPOS="476" WIDTH="228">
</LeftMargin>
<RightMargin HEIGHT="3586" HPOS="2331" VPOS="476" WIDTH="93">
</RightMargin>
<BottomMargin HEIGHT="313" HPOS="0" VPOS="4062" WIDTH="2424">
<TextBlock HEIGHT="70" HPOS="1190" ID="Page1510_Block1" LANG="en-US" STYLEREFS="StyleId-33CCA40A-83FF-4029-A3CE-CDAF46010185-" VPOS="4096" WIDTH="154">
<TextLine HEIGHT="50" HPOS="1200" VPOS="4105" WIDTH="134">
<String CONTENT="1510" HEIGHT="50" HPOS="1200" VPOS="4105" WIDTH="134" />
</TextLine>
</TextBlock>
<GraphicalElement HEIGHT="199" HPOS="2416" ID="Page1510_Block2" VPOS="4176" WIDTH="8" />
</BottomMargin>
<PrintSpace HEIGHT="3586" HPOS="228" VPOS="476" WIDTH="2103">
<TextBlock CS="1" HEIGHT="3586" HPOS="228" ID="Page1510_Block3" LANG="en-US" STYLEREFS="StyleId-9DD1B47F-2D47-41F8-A461-9CA4E3F640FD-" VPOS="476" WIDTH="2103">
<TextLine HEIGHT="65" HPOS="303" LANG="de" STYLEREFS="StyleId-7D1F61D2-C1BF-4C72-9775-8CE725361CD6-" VPOS="487" WIDTH="1086">
<String CONTENT="Thomas," HEIGHT="64" HPOS="303" VPOS="487" WIDTH="275" />
<SP HEIGHT="62" HPOS="579" VPOS="489" WIDTH="26" />
<String CONTENT="Norman" HEIGHT="52" HPOS="606" VPOS="489" WIDTH="264" />
<SP HEIGHT="51" HPOS="871" VPOS="490" WIDTH="29" />
<String CONTENT="Mattoon," HEIGHT="63" HPOS="901" VPOS="489" WIDTH="287" />
<SP HEIGHT="58" HPOS="1189" VPOS="494" WIDTH="29" />
<String CONTENT="1884-" HEIGHT="49" HPOS="1219" VPOS="493" WIDTH="170" />
</TextLine>
<TextLine CS="1" HEIGHT="71" HPOS="374" STYLEREFS="StyleId-7D1F61D2-C1BF-4C72-9775-8CE725361CD6-" VPOS="563" WIDTH="1855">
<String CONTENT="War;" HEIGHT="69" HPOS="374" LANG="de" VPOS="563" WIDTH="169" />
<SP HEIGHT="50" HPOS="544" VPOS="582" WIDTH="36" />
<String CONTENT="no" HEIGHT="35" HPOS="581" VPOS="581" WIDTH="72" />
<SP HEIGHT="51" HPOS="654" VPOS="581" WIDTH="35" />
<String CONTENT="glory," HEIGHT="69" HPOS="690" VPOS="564" WIDTH="182" />
<SP HEIGHT="51" HPOS="873" VPOS="582" WIDTH="33" />
<String CONTENT="no" HEIGHT="34" HPOS="907" VPOS="582" WIDTH="72" />
<SP HEIGHT="49" HPOS="980" VPOS="582" WIDTH="35" />
<String CONTENT="profit," HEIGHT="68" HPOS="1016" VPOS="564" WIDTH="189" />
<SP HEIGHT="49" HPOS="1206" VPOS="583" WIDTH="34" />
<String CONTENT="no" HEIGHT="37" HPOS="1241" VPOS="583" WIDTH="72" />
<SP HEIGHT="37" HPOS="1314" VPOS="583" WIDTH="34" />
<String CONTENT="need," HEIGHT="67" HPOS="1349" VPOS="566" WIDTH="158" />
<SP HEIGHT="66" HPOS="1508" VPOS="567" WIDTH="32" />
<String CONTENT="by" HEIGHT="67" HPOS="1541" VPOS="567" WIDTH="76" />
<SP HEIGHT="66" HPOS="1618" VPOS="568" WIDTH="33" />
<String CONTENT="Norman" HEIGHT="53" HPOS="1652" VPOS="568" WIDTH="254" />
<SP HEIGHT="50" HPOS="1907" VPOS="571" WIDTH="34" />
<String CONTENT="Thomas" HEIGHT="54" HPOS="1942" VPOS="570" WIDTH="246" />
<SP HEIGHT="35" HPOS="2189" VPOS="591" WIDTH="40" />
<String CONTENT="&#8230;" CS="1" />
</TextLine>
<TextLine HEIGHT="71" HPOS="304" STYLEREFS="StyleId-7D1F61D2-C1BF-4C72-9775-8CE725361CD6-" VPOS="641" WIDTH="1521">
<String CONTENT="New" HEIGHT="53" HPOS="304" VPOS="642" WIDTH="138" />
<SP HEIGHT="53" HPOS="443" VPOS="643" WIDTH="27" />
<String CONTENT="York," HEIGHT="69" HPOS="471" VPOS="641" WIDTH="178" />
<SP HEIGHT="67" HPOS="650" VPOS="643" WIDTH="28" />
<String CONTENT="Frederick" HEIGHT="54" HPOS="679" VPOS="641" WIDTH="308" />
<SP HEIGHT="52" HPOS="988" VPOS="643" WIDTH="25" />
<String CONTENT="A." HEIGHT="54" HPOS="1014" VPOS="643" WIDTH="71" />
<SP HEIGHT="55" HPOS="1086" VPOS="642" WIDTH="31" />
<String CONTENT="Stokes" HEIGHT="55" HPOS="1118" VPOS="642" WIDTH="200" />
<SP HEIGHT="35" HPOS="1319" VPOS="662" WIDTH="28" />
<String CONTENT="company," HEIGHT="51" HPOS="1348" VPOS="661" WIDTH="295" />
<SP HEIGHT="61" HPOS="1644" VPOS="651" WIDTH="32" />
<String CONTENT="1935." HEIGHT="50" HPOS="1677" VPOS="648" WIDTH="148" />
</TextLine>
<TextLine CS="1" HEIGHT="50" HPOS="376" STYLEREFS="StyleId-7D1F61D2-C1BF-4C72-9775-8CE725361CD6-" VPOS="714" WIDTH="667">
<String CONTENT="xii" HEIGHT="42" HPOS="376" VPOS="714" WIDTH="71" />
<SP HEIGHT="47" HPOS="448" VPOS="717" WIDTH="24" />
<String CONTENT="p.," HEIGHT="39" HPOS="473" LANG="fr" VPOS="725" WIDTH="58" />
<SP HEIGHT="48" HPOS="532" VPOS="715" WIDTH="26" />
<String CONTENT="1" HEIGHT="40" HPOS="559" VPOS="715" WIDTH="26" />
<SP />
<String CONTENT="l.," CS="1" HEIGHT="17" HPOS="647" VPOS="746" WIDTH="10" />
<SP HEIGHT="48" HPOS="658" VPOS="715" WIDTH="25" />
<String CONTENT="234" HEIGHT="41" HPOS="684" VPOS="714" WIDTH="86" />
<SP HEIGHT="48" HPOS="771" VPOS="715" WIDTH="25" />
<String CONTENT="p." HEIGHT="38" HPOS="797" VPOS="725" WIDTH="42" />
<SP HEIGHT="41" HPOS="840" VPOS="715" WIDTH="57" />
<String CONTENT="19&#189;cm." CS="1" HEIGHT="41" HPOS="898" VPOS="714" WIDTH="145" />
</TextLine>
<TextLine CS="1" HEIGHT="56" HPOS="377" VPOS="771" WIDTH="1916">
<String CONTENT="In" HEIGHT="39" HPOS="377" VPOS="772" WIDTH="57" />
<SP HEIGHT="29" HPOS="435" VPOS="782" WIDTH="28" />
<String CONTENT="chapters" HEIGHT="47" HPOS="464" VPOS="773" WIDTH="225" />
<SP HEIGHT="29" HPOS="690" VPOS="783" WIDTH="29" />
<String CONTENT="V" CS="1" />
<SP HEIGHT="29" HPOS="749" VPOS="782" WIDTH="30" />
<String CONTENT="and" HEIGHT="40" HPOS="780" VPOS="771" WIDTH="95" />
<SP HEIGHT="40" HPOS="876" VPOS="771" WIDTH="29" />
<String CONTENT="VI" CS="1" />
<SP HEIGHT="39" HPOS="959" VPOS="772" WIDTH="25" />
<String CONTENT="has" HEIGHT="40" HPOS="985" VPOS="772" WIDTH="89" />
<SP HEIGHT="40" HPOS="1075" VPOS="772" WIDTH="29" />
<String CONTENT="been" HEIGHT="41" HPOS="1105" VPOS="772" WIDTH="117" />
<SP HEIGHT="39" HPOS="1223" VPOS="772" WIDTH="30" />
<String CONTENT="inserted" HEIGHT="41" HPOS="1254" VPOS="772" WIDTH="213" />
<SP HEIGHT="40" HPOS="1468" VPOS="773" WIDTH="29" />
<String CONTENT="certain" HEIGHT="40" HPOS="1498" VPOS="774" WIDTH="187" />
<SP HEIGHT="29" HPOS="1686" VPOS="784" WIDTH="29" />
<String CONTENT="material" HEIGHT="41" HPOS="1716" VPOS="774" WIDTH="226" />
<SP HEIGHT="41" HPOS="1943" VPOS="774" WIDTH="30" />
<String CONTENT="commenting" HEIGHT="50" HPOS="1974" VPOS="777" WIDTH="319" />
</TextLine>
<TextLine CS="1" HEIGHT="106" HPOS="305" VPOS="827" WIDTH="1967">
<String CONTENT="on" HEIGHT="29" HPOS="306" VPOS="839" WIDTH="60" />
<SP HEIGHT="40" HPOS="367" VPOS="828" WIDTH="26" />
<String CONTENT="Ethiopian" HEIGHT="48" HPOS="394" VPOS="827" WIDTH="263" />
<SP HEIGHT="39" HPOS="658" VPOS="829" WIDTH="27" />
<String CONTENT="developments" HEIGHT="46" HPOS="686" VPOS="829" WIDTH="357" />
<SP HEIGHT="29" HPOS="1044" VPOS="838" WIDTH="25" />
<String CONTENT="and" HEIGHT="39" HPOS="1070" VPOS="829" WIDTH="93" />
<SP HEIGHT="39" HPOS="1164" VPOS="829" WIDTH="29" />
<String CONTENT="on" HEIGHT="29" HPOS="1194" VPOS="838" WIDTH="57" />
<SP HEIGHT="37" HPOS="1252" VPOS="831" WIDTH="28" />
<String CONTENT="the" HEIGHT="40" HPOS="1281" VPOS="828" WIDTH="81" />
<SP HEIGHT="30" HPOS="1363" VPOS="838" WIDTH="25" />
<String CONTENT="new" HEIGHT="30" HPOS="1389" VPOS="839" WIDTH="106" />
<SP HEIGHT="39" HPOS="1496" VPOS="829" WIDTH="25" />
<String CONTENT="American" HEIGHT="41" HPOS="1522" VPOS="829" WIDTH="256" />
<SP HEIGHT="30" HPOS="1779" VPOS="840" WIDTH="27" />
<String CONTENT="stand" HEIGHT="39" HPOS="1807" VPOS="832" WIDTH="143" />
<SP HEIGHT="39" HPOS="1951" VPOS="832" WIDTH="28" />
<String CONTENT="for" HEIGHT="39" HPOS="1980" VPOS="832" WIDTH="77" />
<SP HEIGHT="29" HPOS="2058" VPOS="842" WIDTH="25" />
<String CONTENT="neutrality." HEIGHT="99" HPOS="305" VPOS="834" WIDTH="1967" />
<SP HEIGHT="31" HPOS="390" VPOS="895" WIDTH="58" />
<String CONTENT="cf." HEIGHT="48" HPOS="449" VPOS="885" WIDTH="62" />
<SP HEIGHT="41" HPOS="512" VPOS="885" WIDTH="29" />
<String CONTENT="Foreword." HEIGHT="42" HPOS="542" VPOS="885" WIDTH="273" />
</TextLine>
<TextLine CS="1" HEIGHT="49" HPOS="376" VPOS="940" WIDTH="909">
<String CONTENT="&#8220;Notes" HEIGHT="40" HPOS="376" VPOS="942" WIDTH="178" />
<SP HEIGHT="31" HPOS="555" VPOS="951" WIDTH="28" />
<String CONTENT="on" HEIGHT="29" HPOS="584" VPOS="953" WIDTH="60" />
<SP HEIGHT="30" HPOS="645" VPOS="952" WIDTH="30" />
<String CONTENT="chapters&#8221;:" CS="1" HEIGHT="49" HPOS="676" VPOS="940" WIDTH="254" />
<SP HEIGHT="38" HPOS="959" VPOS="951" WIDTH="33" />
<String CONTENT="p." HEIGHT="38" HPOS="993" VPOS="951" WIDTH="42" />
<SP HEIGHT="40" HPOS="1036" VPOS="941" WIDTH="31" />
<String CONTENT="223-234." HEIGHT="41" HPOS="1068" VPOS="941" WIDTH="217" />
</TextLine>
<TextLine HEIGHT="52" HPOS="302" VPOS="996" WIDTH="1992">
<String CONTENT="&#169;" HEIGHT="52" HPOS="302" VPOS="996" WIDTH="54" />
<SP HEIGHT="52" HPOS="357" VPOS="996" WIDTH="26" />
<String CONTENT="Oct." HEIGHT="40" HPOS="384" VPOS="999" WIDTH="100" />
<SP HEIGHT="39" HPOS="485" VPOS="999" WIDTH="27" />
<String CONTENT="18," HEIGHT="47" HPOS="513" VPOS="999" WIDTH="68" />
<SP HEIGHT="47" HPOS="582" VPOS="999" WIDTH="29" />
<String CONTENT="1935;" HEIGHT="47" HPOS="612" VPOS="998" WIDTH="139" />
<SP HEIGHT="47" HPOS="752" VPOS="998" WIDTH="29" />
<String CONTENT="2c." HEIGHT="40" HPOS="782" VPOS="998" WIDTH="66" />
<SP HEIGHT="41" HPOS="849" VPOS="998" WIDTH="29" />
<String CONTENT="Oct." HEIGHT="41" HPOS="879" VPOS="998" WIDTH="101" />
<SP HEIGHT="39" HPOS="981" VPOS="999" WIDTH="24" />
<String CONTENT="24;" HEIGHT="46" HPOS="1006" VPOS="999" WIDTH="82" />
<SP HEIGHT="36" HPOS="1089" VPOS="1009" WIDTH="30" />
<String CONTENT="aff." HEIGHT="41" HPOS="1120" VPOS="998" WIDTH="81" />
<SP HEIGHT="41" HPOS="1202" VPOS="998" WIDTH="29" />
<String CONTENT="Oct." HEIGHT="41" HPOS="1232" VPOS="998" WIDTH="101" />
<SP HEIGHT="40" HPOS="1334" VPOS="998" WIDTH="27" />
<String CONTENT="22;" HEIGHT="47" HPOS="1362" VPOS="998" WIDTH="82" />
<SP HEIGHT="46" HPOS="1445" VPOS="999" WIDTH="30" />
<String CONTENT="A" HEIGHT="39" HPOS="1476" VPOS="999" WIDTH="40" />
<SP HEIGHT="41" HPOS="1517" VPOS="999" WIDTH="28" />
<String CONTENT="86944;" HEIGHT="47" HPOS="1546" VPOS="999" WIDTH="168" />
<SP HEIGHT="46" HPOS="1715" VPOS="1000" WIDTH="31" />
<String CONTENT="Frederick" HEIGHT="41" HPOS="1747" VPOS="1000" WIDTH="260" />
<SP HEIGHT="39" HPOS="2008" VPOS="1002" WIDTH="27" />
<String CONTENT="A." HEIGHT="38" HPOS="2036" VPOS="1003" WIDTH="54" />
<SP HEIGHT="39" HPOS="2091" VPOS="1004" WIDTH="32" />
<String CONTENT="Stokes" HEIGHT="39" HPOS="2124" VPOS="1004" WIDTH="170" />
</TextLine>
<TextLine HEIGHT="48" HPOS="375" VPOS="1055" WIDTH="415">
<String CONTENT="co." HEIGHT="29" HPOS="375" VPOS="1067" WIDTH="66" />
<SP HEIGHT="47" HPOS="442" VPOS="1056" WIDTH="69" />
<String CONTENT="(35-21221)" HEIGHT="48" HPOS="512" VPOS="1055" WIDTH="278" />
</TextLine>
<TextLine HEIGHT="65" HPOS="303" STYLEREFS="StyleId-7D1F61D2-C1BF-4C72-9775-8CE725361CD6-" VPOS="1157" WIDTH="977">
<String CONTENT="Tittle," HEIGHT="63" HPOS="303" VPOS="1157" WIDTH="197" />
<SP HEIGHT="60" HPOS="501" VPOS="1160" WIDTH="31" />
<String CONTENT="Ernest" HEIGHT="53" HPOS="533" VPOS="1160" WIDTH="217" />
<SP HEIGHT="52" HPOS="751" VPOS="1161" WIDTH="29" />
<String CONTENT="Fremont," HEIGHT="61" HPOS="781" VPOS="1161" WIDTH="297" />
<SP HEIGHT="58" HPOS="1079" VPOS="1164" WIDTH="32" />
<String CONTENT="1885-" HEIGHT="49" HPOS="1112" VPOS="1164" WIDTH="168" />
</TextLine>
<TextLine HEIGHT="70" HPOS="374" STYLEREFS="StyleId-7D1F61D2-C1BF-4C72-9775-8CE725361CD6-" VPOS="1235" WIDTH="1919">
<String CONTENT="A" HEIGHT="51" HPOS="374" VPOS="1236" WIDTH="55" />
<SP HEIGHT="51" HPOS="430" VPOS="1236" WIDTH="48" />
<String CONTENT="way" HEIGHT="50" HPOS="479" VPOS="1254" WIDTH="126" />
<SP HEIGHT="64" HPOS="606" VPOS="1240" WIDTH="46" />
<String CONTENT="to" HEIGHT="48" HPOS="653" VPOS="1240" WIDTH="57" />
<SP HEIGHT="50" HPOS="711" VPOS="1238" WIDTH="50" />
<String CONTENT="life," HEIGHT="68" HPOS="762" VPOS="1235" WIDTH="122" />
<SP HEIGHT="67" HPOS="885" VPOS="1236" WIDTH="47" />
<String CONTENT="by" HEIGHT="68" HPOS="933" VPOS="1236" WIDTH="75" />
<SP HEIGHT="68" HPOS="1009" VPOS="1236" WIDTH="50" />
<String CONTENT="Ernest" HEIGHT="53" HPOS="1060" VPOS="1236" WIDTH="209" />
<SP HEIGHT="52" HPOS="1270" VPOS="1237" WIDTH="46" />
<String CONTENT="Fremont" HEIGHT="51" HPOS="1317" VPOS="1237" WIDTH="275" />
<SP HEIGHT="51" HPOS="1593" VPOS="1237" WIDTH="47" />
<String CONTENT="Tittle." HEIGHT="52" HPOS="1641" VPOS="1237" WIDTH="192" />
<SP HEIGHT="52" HPOS="1834" VPOS="1237" WIDTH="89" />
<String CONTENT="New" HEIGHT="52" HPOS="1924" VPOS="1237" WIDTH="138" />
<SP HEIGHT="51" HPOS="2063" VPOS="1239" WIDTH="51" />
<String CONTENT="York," HEIGHT="67" HPOS="2115" VPOS="1238" WIDTH="178" />
</TextLine>
<TextLine CS="1" HEIGHT="69" HPOS="300" STYLEREFS="StyleId-7D1F61D2-C1BF-4C72-9775-8CE725361CD6-" VPOS="1314" WIDTH="925">
<String CONTENT="H." HEIGHT="52" HPOS="300" VPOS="1314" WIDTH="77" />
<SP HEIGHT="52" HPOS="378" VPOS="1314" WIDTH="27" />
<String CONTENT="Holt" HEIGHT="53" HPOS="406" VPOS="1314" WIDTH="145" />
<SP HEIGHT="49" HPOS="552" VPOS="1320" WIDTH="26" />
<String CONTENT="and" HEIGHT="53" HPOS="579" VPOS="1316" WIDTH="113" />
<SP HEIGHT="51" HPOS="693" VPOS="1316" WIDTH="27" />
<String CONTENT="company" HEIGHT="50" HPOS="721" VPOS="1333" WIDTH="279" />
<SP HEIGHT="50" HPOS="1001" VPOS="1333" WIDTH="32" />
<String CONTENT="[" CS="1" />
<String CONTENT="c" HEIGHT="22" HPOS="1051" STYLE="superscript" VPOS="1320" WIDTH="18" />
<String CONTENT="1935]" HEIGHT="63" HPOS="1075" VPOS="1318" WIDTH="150" />
</TextLine>
<TextLine CS="1" HEIGHT="49" HPOS="373" STYLEREFS="StyleId-7D1F61D2-C1BF-4C72-9775-8CE725361CD6-" VPOS="1388" WIDTH="473">
<String CONTENT="xii," HEIGHT="48" HPOS="373" VPOS="1388" WIDTH="84" />
<SP HEIGHT="46" HPOS="458" VPOS="1390" WIDTH="27" />
<String CONTENT="183" HEIGHT="41" HPOS="486" VPOS="1388" WIDTH="87" />
<SP HEIGHT="48" HPOS="574" VPOS="1389" WIDTH="25" />
<String CONTENT="p." HEIGHT="37" HPOS="600" VPOS="1400" WIDTH="43" />
<SP HEIGHT="38" HPOS="644" VPOS="1390" WIDTH="56" />
<String CONTENT="19&#189;cm." CS="1" HEIGHT="41" HPOS="701" VPOS="1388" WIDTH="145" />
</TextLine>
<TextLine HEIGHT="48" HPOS="375" VPOS="1446" WIDTH="1915">
<String CONTENT="&#8220;The" HEIGHT="43" HPOS="375" VPOS="1446" WIDTH="130" />
<SP HEIGHT="33" HPOS="506" VPOS="1456" WIDTH="25" />
<String CONTENT="substance" HEIGHT="40" HPOS="532" VPOS="1446" WIDTH="258" />
<SP HEIGHT="30" HPOS="791" VPOS="1456" WIDTH="27" />
<String CONTENT="of" HEIGHT="39" HPOS="819" VPOS="1446" WIDTH="52" />
<SP HEIGHT="40" HPOS="872" VPOS="1446" WIDTH="24" />
<String CONTENT="this" HEIGHT="40" HPOS="897" VPOS="1446" WIDTH="99" />
<SP HEIGHT="40" HPOS="997" VPOS="1446" WIDTH="28" />
<String CONTENT="book" HEIGHT="39" HPOS="1026" VPOS="1446" WIDTH="122" />
<SP HEIGHT="40" HPOS="1149" VPOS="1446" WIDTH="27" />
<String CONTENT="was" HEIGHT="30" HPOS="1177" VPOS="1456" WIDTH="102" />
<SP HEIGHT="38" HPOS="1280" VPOS="1456" WIDTH="27" />
<String CONTENT="presented" HEIGHT="47" HPOS="1308" VPOS="1447" WIDTH="255" />
<SP HEIGHT="40" HPOS="1564" VPOS="1446" WIDTH="29" />
<String CONTENT="in" HEIGHT="40" HPOS="1594" VPOS="1446" WIDTH="51" />
<SP HEIGHT="30" HPOS="1646" VPOS="1457" WIDTH="28" />
<String CONTENT="a" HEIGHT="30" HPOS="1675" VPOS="1457" WIDTH="28" />
<SP HEIGHT="30" HPOS="1704" VPOS="1457" WIDTH="30" />
<String CONTENT="series" HEIGHT="41" HPOS="1735" VPOS="1446" WIDTH="148" />
<SP HEIGHT="29" HPOS="1884" VPOS="1458" WIDTH="28" />
<String CONTENT="of" HEIGHT="40" HPOS="1913" VPOS="1447" WIDTH="52" />
<SP HEIGHT="39" HPOS="1966" VPOS="1447" WIDTH="26" />
<String CONTENT="lectures" HEIGHT="40" HPOS="1993" VPOS="1449" WIDTH="208" />
<SP HEIGHT="30" HPOS="2202" VPOS="1459" WIDTH="28" />
<String CONTENT="on" HEIGHT="30" HPOS="2231" VPOS="1459" WIDTH="59" />
</TextLine>
<TextLine HEIGHT="53" HPOS="303" VPOS="1501" WIDTH="1986">
<String CONTENT="the" HEIGHT="41" HPOS="303" VPOS="1502" WIDTH="82" />
<SP HEIGHT="40" HPOS="386" VPOS="1503" WIDTH="44" />
<String CONTENT="Ayer" HEIGHT="47" HPOS="431" VPOS="1503" WIDTH="129" />
<SP HEIGHT="39" HPOS="561" VPOS="1502" WIDTH="44" />
<String CONTENT="foundation" HEIGHT="42" HPOS="606" VPOS="1501" WIDTH="291" />
<SP HEIGHT="30" HPOS="898" VPOS="1513" WIDTH="46" />
<String CONTENT="at" HEIGHT="38" HPOS="945" VPOS="1505" WIDTH="55" />
<SP HEIGHT="41" HPOS="1001" VPOS="1502" WIDTH="42" />
<String CONTENT="Colgate-Rochester" HEIGHT="48" HPOS="1044" VPOS="1502" WIDTH="485" />
<SP HEIGHT="39" HPOS="1530" VPOS="1504" WIDTH="46" />
<String CONTENT="divinity" HEIGHT="50" HPOS="1577" VPOS="1501" WIDTH="209" />
<SP HEIGHT="37" HPOS="1787" VPOS="1514" WIDTH="44" />
<String CONTENT="school" HEIGHT="40" HPOS="1832" VPOS="1505" WIDTH="162" />
<SP HEIGHT="40" HPOS="1995" VPOS="1504" WIDTH="45" />
<String CONTENT="in" HEIGHT="39" HPOS="2041" VPOS="1504" WIDTH="50" />
<SP HEIGHT="38" HPOS="2092" VPOS="1506" WIDTH="45" />
<String CONTENT="April," HEIGHT="49" HPOS="2138" VPOS="1505" WIDTH="151" />
</TextLine>
<TextLine HEIGHT="41" HPOS="301" VPOS="1558" WIDTH="351">
<String CONTENT="1935.&#8221;&#8212;Pref." HEIGHT="41" HPOS="301" VPOS="1558" WIDTH="351" />
</TextLine>
<TextLine CS="1" HEIGHT="51" HPOS="300" VPOS="1613" WIDTH="1989">
<String CONTENT="&#169;" HEIGHT="51" HPOS="300" VPOS="1613" WIDTH="52" />
<SP HEIGHT="51" HPOS="353" VPOS="1613" WIDTH="31" />
<String CONTENT="Oct." HEIGHT="39" HPOS="385" VPOS="1616" WIDTH="102" />
<SP HEIGHT="39" HPOS="488" VPOS="1616" WIDTH="30" />
<String CONTENT="17," HEIGHT="45" HPOS="519" VPOS="1616" WIDTH="68" />
<SP HEIGHT="45" HPOS="588" VPOS="1616" WIDTH="32" />
<String CONTENT="1935;" CS="1" HEIGHT="40" HPOS="621" VPOS="1614" WIDTH="112" />
<SP HEIGHT="45" HPOS="760" VPOS="1616" WIDTH="32" />
<String CONTENT="2c." HEIGHT="38" HPOS="793" VPOS="1616" WIDTH="67" />
<SP HEIGHT="27" HPOS="861" VPOS="1627" WIDTH="31" />
<String CONTENT="and" HEIGHT="38" HPOS="893" VPOS="1616" WIDTH="95" />
<SP HEIGHT="38" HPOS="989" VPOS="1616" WIDTH="31" />
<String CONTENT="aff." HEIGHT="39" HPOS="1021" VPOS="1615" WIDTH="80" />
<SP HEIGHT="40" HPOS="1102" VPOS="1615" WIDTH="34" />
<String CONTENT="Oct." HEIGHT="40" HPOS="1137" VPOS="1615" WIDTH="102" />
<SP HEIGHT="37" HPOS="1240" VPOS="1617" WIDTH="31" />
<String CONTENT="19;" CS="1" HEIGHT="39" HPOS="1272" VPOS="1615" WIDTH="58" />
<SP HEIGHT="45" HPOS="1354" VPOS="1617" WIDTH="33" />
<String CONTENT="A" HEIGHT="37" HPOS="1388" VPOS="1617" WIDTH="40" />
<SP HEIGHT="39" HPOS="1429" VPOS="1616" WIDTH="28" />
<String CONTENT="86877;" CS="1" HEIGHT="39" HPOS="1458" VPOS="1616" WIDTH="143" />
<SP HEIGHT="45" HPOS="1628" VPOS="1617" WIDTH="35" />
<String CONTENT="Henry" HEIGHT="46" HPOS="1664" VPOS="1617" WIDTH="169" />
<SP HEIGHT="45" HPOS="1834" VPOS="1618" WIDTH="30" />
<String CONTENT="Holt" HEIGHT="38" HPOS="1865" VPOS="1618" WIDTH="121" />
<SP HEIGHT="38" HPOS="1987" VPOS="1618" WIDTH="28" />
<String CONTENT="&amp;" HEIGHT="38" HPOS="2016" VPOS="1618" WIDTH="37" />
<SP HEIGHT="38" HPOS="2054" VPOS="1618" WIDTH="30" />
<String CONTENT="co.," HEIGHT="35" HPOS="2085" VPOS="1628" WIDTH="81" />
<SP HEIGHT="45" HPOS="2167" VPOS="1618" WIDTH="30" />
<String CONTENT="inc." HEIGHT="38" HPOS="2198" VPOS="1618" WIDTH="91" />
</TextLine>
<TextLine HEIGHT="49" HPOS="379" VPOS="1671" WIDTH="278">
<String CONTENT="(35-21555)" HEIGHT="49" HPOS="379" VPOS="1671" WIDTH="278" />
</TextLine>
<TextLine HEIGHT="66" HPOS="297" STYLEREFS="StyleId-7D1F61D2-C1BF-4C72-9775-8CE725361CD6-" VPOS="1732" WIDTH="1016">
<String CONTENT="Toulmin," HEIGHT="64" HPOS="297" VPOS="1733" WIDTH="287" />
<SP HEIGHT="63" HPOS="585" VPOS="1734" WIDTH="29" />
<String CONTENT="Harry" HEIGHT="63" HPOS="615" VPOS="1734" WIDTH="200" />
<SP HEIGHT="65" HPOS="816" VPOS="1732" WIDTH="31" />
<String CONTENT="Aubrey," HEIGHT="66" HPOS="848" VPOS="1732" WIDTH="260" />
<SP HEIGHT="59" HPOS="1109" VPOS="1739" WIDTH="32" />
<String CONTENT="1890-" HEIGHT="51" HPOS="1142" VPOS="1735" WIDTH="171" />
</TextLine>
<TextLine HEIGHT="70" HPOS="367" STYLEREFS="StyleId-7D1F61D2-C1BF-4C72-9775-8CE725361CD6-" VPOS="1808" WIDTH="1921">
<String CONTENT="Graphic" HEIGHT="69" HPOS="367" VPOS="1809" WIDTH="256" />
<SP HEIGHT="35" HPOS="624" VPOS="1828" WIDTH="25" />
<String CONTENT="course" HEIGHT="35" HPOS="650" VPOS="1828" WIDTH="193" />
<SP HEIGHT="35" HPOS="844" VPOS="1828" WIDTH="26" />
<String CONTENT="of" HEIGHT="52" HPOS="871" VPOS="1809" WIDTH="64" />
<SP HEIGHT="68" HPOS="936" VPOS="1809" WIDTH="27" />
<String CONTENT="patentable" HEIGHT="69" HPOS="964" VPOS="1808" WIDTH="326" />
<SP HEIGHT="51" HPOS="1291" VPOS="1811" WIDTH="28" />
<String CONTENT="inventions," HEIGHT="67" HPOS="1320" VPOS="1809" WIDTH="341" />
<SP HEIGHT="66" HPOS="1662" VPOS="1810" WIDTH="26" />
<String CONTENT="by" HEIGHT="67" HPOS="1689" VPOS="1810" WIDTH="75" />
<SP HEIGHT="68" HPOS="1765" VPOS="1809" WIDTH="28" />
<String CONTENT="H." HEIGHT="52" HPOS="1794" VPOS="1809" WIDTH="77" />
<SP HEIGHT="52" HPOS="1872" VPOS="1809" WIDTH="29" />
<String CONTENT="A." HEIGHT="51" HPOS="1902" VPOS="1809" WIDTH="69" />
<SP HEIGHT="50" HPOS="1972" VPOS="1811" WIDTH="29" />
<String CONTENT="Toulmin," HEIGHT="65" HPOS="2002" VPOS="1810" WIDTH="286" />
</TextLine>
<TextLine CS="1" HEIGHT="69" HPOS="295" STYLEREFS="StyleId-7D1F61D2-C1BF-4C72-9775-8CE725361CD6-" VPOS="1887" WIDTH="1828">
<String CONTENT="jr." HEIGHT="68" HPOS="295" VPOS="1888" WIDTH="68" />
<SP HEIGHT="9" HPOS="364" VPOS="1930" WIDTH="36" />
<String CONTENT="&#8230;" CS="1" />
<SP HEIGHT="53" HPOS="458" VPOS="1888" WIDTH="77" />
<String CONTENT="New" HEIGHT="54" HPOS="536" VPOS="1888" WIDTH="139" />
<SP HEIGHT="52" HPOS="676" VPOS="1888" WIDTH="29" />
<String CONTENT="York," HEIGHT="67" HPOS="706" VPOS="1887" WIDTH="178" />
<SP HEIGHT="66" HPOS="885" VPOS="1888" WIDTH="27" />
<String CONTENT="D." HEIGHT="54" HPOS="913" VPOS="1888" WIDTH="71" />
<SP HEIGHT="54" HPOS="985" VPOS="1888" WIDTH="27" />
<String CONTENT="Van" HEIGHT="53" HPOS="1013" VPOS="1888" WIDTH="129" />
<SP HEIGHT="53" HPOS="1143" VPOS="1887" WIDTH="26" />
<String CONTENT="Nostrand" HEIGHT="53" HPOS="1170" VPOS="1887" WIDTH="289" />
<SP HEIGHT="51" HPOS="1460" VPOS="1888" WIDTH="29" />
<String CONTENT="company," HEIGHT="50" HPOS="1490" VPOS="1905" WIDTH="297" />
<SP HEIGHT="65" HPOS="1788" VPOS="1889" WIDTH="27" />
<String CONTENT="inc.," HEIGHT="64" HPOS="1816" VPOS="1889" WIDTH="126" />
<SP HEIGHT="62" HPOS="1943" VPOS="1891" WIDTH="30" />
<String CONTENT="1935." HEIGHT="50" HPOS="1974" VPOS="1891" WIDTH="149" />
</TextLine>
<TextLine CS="1" HEIGHT="49" HPOS="367" STYLEREFS="StyleId-7D1F61D2-C1BF-4C72-9775-8CE725361CD6-" VPOS="1961" WIDTH="691">
<String CONTENT="vi," HEIGHT="48" HPOS="367" VPOS="1961" WIDTH="61" />
<SP HEIGHT="47" HPOS="429" VPOS="1962" WIDTH="30" />
<String CONTENT="7-40" HEIGHT="41" HPOS="460" VPOS="1961" WIDTH="117" />
<SP HEIGHT="49" HPOS="578" VPOS="1961" WIDTH="22" />
<String CONTENT="p." HEIGHT="38" HPOS="601" VPOS="1972" WIDTH="43" />
<SP HEIGHT="39" HPOS="645" VPOS="1962" WIDTH="60" />
<String CONTENT="diagrs." HEIGHT="48" HPOS="706" VPOS="1961" WIDTH="175" />
<SP HEIGHT="39" HPOS="882" VPOS="1961" WIDTH="60" />
<String CONTENT="23cm." CS="1" HEIGHT="40" HPOS="943" VPOS="1961" WIDTH="115" />
</TextLine>
<TextLine CS="1" HEIGHT="54" HPOS="297" VPOS="2014" WIDTH="1989">
<String CONTENT="&#169;" HEIGHT="52" HPOS="297" VPOS="2014" WIDTH="52" />
<SP HEIGHT="52" HPOS="350" VPOS="2014" WIDTH="20" />
<String CONTENT="Aug." HEIGHT="47" HPOS="371" VPOS="2019" WIDTH="119" />
<SP HEIGHT="39" HPOS="491" VPOS="2019" WIDTH="23" />
<String CONTENT="16," HEIGHT="47" HPOS="515" VPOS="2019" WIDTH="68" />
<SP HEIGHT="46" HPOS="584" VPOS="2020" WIDTH="24" />
<String CONTENT="1935;" CS="1" HEIGHT="41" HPOS="609" VPOS="2017" WIDTH="113" />
<SP HEIGHT="46" HPOS="749" VPOS="2018" WIDTH="23" />
<String CONTENT="2c." HEIGHT="40" HPOS="773" VPOS="2018" WIDTH="67" />
<SP HEIGHT="40" HPOS="841" VPOS="2018" WIDTH="23" />
<String CONTENT="Aug." HEIGHT="47" HPOS="865" VPOS="2018" WIDTH="117" />
<SP HEIGHT="39" HPOS="983" VPOS="2017" WIDTH="22" />
<String CONTENT="22;" CS="1" HEIGHT="39" HPOS="1006" VPOS="2017" WIDTH="54" />
<SP HEIGHT="36" HPOS="1088" VPOS="2028" WIDTH="25" />
<String CONTENT="aff." HEIGHT="40" HPOS="1114" VPOS="2017" WIDTH="82" />
<SP HEIGHT="40" HPOS="1197" VPOS="2017" WIDTH="24" />
<String CONTENT="Oct." HEIGHT="40" HPOS="1222" VPOS="2017" WIDTH="101" />
<SP HEIGHT="38" HPOS="1324" VPOS="2019" WIDTH="24" />
<String CONTENT="10;" HEIGHT="47" HPOS="1349" VPOS="2017" WIDTH="80" />
<SP HEIGHT="45" HPOS="1430" VPOS="2019" WIDTH="27" />
<String CONTENT="A" HEIGHT="37" HPOS="1458" VPOS="2019" WIDTH="40" />
<SP HEIGHT="40" HPOS="1499" VPOS="2017" WIDTH="23" />
<String CONTENT="86689;" HEIGHT="48" HPOS="1523" VPOS="2016" WIDTH="168" />
<SP HEIGHT="45" HPOS="1692" VPOS="2019" WIDTH="26" />
<String CONTENT="D." HEIGHT="39" HPOS="1719" VPOS="2019" WIDTH="56" />
<SP HEIGHT="39" HPOS="1776" VPOS="2019" WIDTH="24" />
<String CONTENT="Van" HEIGHT="38" HPOS="1801" VPOS="2019" WIDTH="105" />
<SP HEIGHT="39" HPOS="1907" VPOS="2018" WIDTH="24" />
<String CONTENT="Nostrand" HEIGHT="40" HPOS="1932" VPOS="2018" WIDTH="246" />
<SP HEIGHT="40" HPOS="2179" VPOS="2019" WIDTH="25" />
<String CONTENT="co.," HEIGHT="40" HPOS="2205" VPOS="2028" WIDTH="81" />
</TextLine>
<TextLine HEIGHT="51" HPOS="362" VPOS="2073" WIDTH="445">
<String CONTENT="inc." HEIGHT="42" HPOS="362" VPOS="2073" WIDTH="92" />
<SP HEIGHT="48" HPOS="455" VPOS="2075" WIDTH="72" />
<String CONTENT="(35-21230)" HEIGHT="50" HPOS="528" VPOS="2074" WIDTH="279" />
</TextLine>
<TextLine HEIGHT="64" HPOS="295" STYLEREFS="StyleId-7D1F61D2-C1BF-4C72-9775-8CE725361CD6-" VPOS="2178" WIDTH="710">
<String CONTENT="Touring" HEIGHT="64" HPOS="295" VPOS="2178" WIDTH="262" />
<SP HEIGHT="47" HPOS="558" VPOS="2195" WIDTH="25" />
<String CONTENT="club" HEIGHT="54" HPOS="584" VPOS="2178" WIDTH="129" />
<SP HEIGHT="53" HPOS="714" VPOS="2178" WIDTH="30" />
<String CONTENT="italiano." HEIGHT="56" HPOS="745" VPOS="2178" WIDTH="260" />
</TextLine>
<TextLine CS="1" HEIGHT="133" HPOS="294" STYLEREFS="StyleId-7D1F61D2-C1BF-4C72-9775-8CE725361CD6-" VPOS="2252" WIDTH="1966">
<String CONTENT="&#8230;" CS="1" />
<SP HEIGHT="55" HPOS="425" VPOS="2253" WIDTH="44" />
<String CONTENT="Gli" HEIGHT="55" HPOS="470" VPOS="2253" WIDTH="97" />
<SP HEIGHT="51" HPOS="568" VPOS="2255" WIDTH="39" />
<String CONTENT="stati" HEIGHT="52" HPOS="608" VPOS="2255" WIDTH="134" />
<SP HEIGHT="53" HPOS="743" VPOS="2254" WIDTH="41" />
<String CONTENT="del" HEIGHT="52" HPOS="785" VPOS="2254" WIDTH="89" />
<SP HEIGHT="51" HPOS="875" VPOS="2255" WIDTH="35" />
<String CONTENT="mondo;" HEIGHT="65" HPOS="911" VPOS="2254" WIDTH="236" />
<SP HEIGHT="47" HPOS="1148" VPOS="2272" WIDTH="41" />
<String CONTENT="commento" HEIGHT="47" HPOS="1190" VPOS="2259" WIDTH="311" />
<SP HEIGHT="50" HPOS="1502" VPOS="2272" WIDTH="39" />
<String CONTENT="geografico-statistico" HEIGHT="70" HPOS="1542" VPOS="2252" WIDTH="622" />
<SP HEIGHT="34" HPOS="2165" VPOS="2273" WIDTH="40" />
<String CONTENT="all&#8217;" HEIGHT="133" HPOS="294" VPOS="2252" WIDTH="1966" />
<String CONTENT="Atlante" HEIGHT="52" HPOS="351" LANG="fr" VPOS="2332" WIDTH="239" />
</TextLine>
<TextLine HEIGHT="58" HPOS="633" STYLEREFS="StyleId-7D1F61D2-C1BF-4C72-9775-8CE725361CD6-" VPOS="2329" WIDTH="1648">
<String CONTENT="internazionale" HEIGHT="55" HPOS="633" VPOS="2329" WIDTH="444" />
<SP HEIGHT="52" HPOS="1078" VPOS="2332" WIDTH="41" />
<String CONTENT="del" HEIGHT="52" HPOS="1120" VPOS="2332" WIDTH="90" />
<SP HEIGHT="51" HPOS="1211" VPOS="2332" WIDTH="41" />
<String CONTENT="T." HEIGHT="51" HPOS="1253" LANG="fr" VPOS="2332" WIDTH="63" />
<SP HEIGHT="54" HPOS="1317" VPOS="2333" WIDTH="44" />
<String CONTENT="C." HEIGHT="54" HPOS="1362" LANG="fr" VPOS="2333" WIDTH="61" />
<SP HEIGHT="52" HPOS="1424" VPOS="2331" WIDTH="43" />
<String CONTENT="I." HEIGHT="52" HPOS="1468" VPOS="2331" WIDTH="48" />
<SP HEIGHT="49" HPOS="1517" VPOS="2334" WIDTH="73" />
<String CONTENT="494" HEIGHT="48" HPOS="1591" VPOS="2334" WIDTH="104" />
<SP HEIGHT="50" HPOS="1696" VPOS="2334" WIDTH="37" />
<String CONTENT="schizzi" HEIGHT="54" HPOS="1734" VPOS="2330" WIDTH="206" />
<SP HEIGHT="53" HPOS="1941" VPOS="2331" WIDTH="40" />
<String CONTENT="e" HEIGHT="33" HPOS="1982" VPOS="2351" WIDTH="25" />
<SP HEIGHT="33" HPOS="2008" VPOS="2351" WIDTH="42" />
<String CONTENT="cartine." HEIGHT="52" HPOS="2051" VPOS="2333" WIDTH="230" />
</TextLine>
<TextLine CS="1" HEIGHT="69" HPOS="294" STYLEREFS="StyleId-7D1F61D2-C1BF-4C72-9775-8CE725361CD6-" VPOS="2408" WIDTH="1556">
<String CONTENT="Milano" HEIGHT="54" HPOS="294" VPOS="2409" WIDTH="217" />
<SP HEIGHT="46" HPOS="512" VPOS="2430" WIDTH="38" />
<String CONTENT="[Stamperia" CS="1" HEIGHT="69" HPOS="571" VPOS="2408" WIDTH="323" />
<SP HEIGHT="54" HPOS="895" VPOS="2409" WIDTH="34" />
<String CONTENT="Capriolo" HEIGHT="67" HPOS="930" VPOS="2409" WIDTH="270" />
<SP HEIGHT="50" HPOS="1201" VPOS="2411" WIDTH="30" />
<String CONTENT="&amp;" HEIGHT="49" HPOS="1232" VPOS="2411" WIDTH="44" />
<SP HEIGHT="51" HPOS="1277" VPOS="2409" WIDTH="30" />
<String CONTENT="Massimino]" HEIGHT="68" HPOS="1308" VPOS="2408" WIDTH="352" />
<SP HEIGHT="64" HPOS="1661" VPOS="2412" WIDTH="38" />
<String CONTENT="1934." HEIGHT="49" HPOS="1700" VPOS="2412" WIDTH="150" />
</TextLine>
<TextLine CS="1" HEIGHT="48" HPOS="365" VPOS="2482" WIDTH="1034">
<String CONTENT="1287" HEIGHT="40" HPOS="365" VPOS="2483" WIDTH="114" />
<SP HEIGHT="46" HPOS="480" VPOS="2484" WIDTH="32" />
<String CONTENT="p." HEIGHT="36" HPOS="513" VPOS="2494" WIDTH="42" />
<SP HEIGHT="40" HPOS="556" VPOS="2483" WIDTH="60" />
<String CONTENT="illus." HEIGHT="39" HPOS="617" VPOS="2483" WIDTH="126" />
<SP HEIGHT="46" HPOS="744" VPOS="2482" WIDTH="43" />
<String CONTENT="(maps)" CS="1" HEIGHT="48" HPOS="788" VPOS="2482" WIDTH="184" />
<SP HEIGHT="46" HPOS="973" VPOS="2483" WIDTH="42" />
<String CONTENT="diagrs." HEIGHT="46" HPOS="1016" VPOS="2482" WIDTH="177" />
<SP HEIGHT="40" HPOS="1194" VPOS="2482" WIDTH="59" />
<String CONTENT="31&#189;cm." CS="1" HEIGHT="40" HPOS="1254" VPOS="2482" WIDTH="145" />
</TextLine>
<TextLine CS="1" HEIGHT="47" HPOS="365" VPOS="2537" WIDTH="1080">
<String CONTENT="At" HEIGHT="39" HPOS="365" VPOS="2539" WIDTH="62" />
<SP HEIGHT="38" HPOS="428" VPOS="2540" WIDTH="27" />
<String CONTENT="head" HEIGHT="38" HPOS="456" VPOS="2540" WIDTH="122" />
<SP HEIGHT="38" HPOS="579" VPOS="2540" WIDTH="29" />
<String CONTENT="of" HEIGHT="39" HPOS="609" VPOS="2539" WIDTH="51" />
<SP HEIGHT="40" HPOS="661" VPOS="2539" WIDTH="27" />
<String CONTENT="title:" CS="1" HEIGHT="40" HPOS="689" VPOS="2539" WIDTH="107" />
<SP HEIGHT="38" HPOS="823" VPOS="2540" WIDTH="31" />
<String CONTENT="Tovring" HEIGHT="45" HPOS="855" VPOS="2539" WIDTH="210" />
<SP HEIGHT="35" HPOS="1066" VPOS="2549" WIDTH="26" />
<String CONTENT="clvb" HEIGHT="38" HPOS="1093" VPOS="2539" WIDTH="104" />
<SP HEIGHT="37" HPOS="1198" VPOS="2539" WIDTH="30" />
<String CONTENT="italiano." HEIGHT="41" HPOS="1229" VPOS="2537" WIDTH="216" />
</TextLine>
<TextLine CS="1" HEIGHT="52" HPOS="294" VPOS="2591" WIDTH="1986">
<String CONTENT="&#169;" HEIGHT="52" HPOS="294" VPOS="2591" WIDTH="52" />
<SP HEIGHT="52" HPOS="347" VPOS="2591" WIDTH="36" />
<String CONTENT="Nov." HEIGHT="39" HPOS="384" VPOS="2596" WIDTH="116" />
<SP HEIGHT="39" HPOS="501" VPOS="2597" WIDTH="40" />
<String CONTENT="8." HEIGHT="39" HPOS="542" VPOS="2597" WIDTH="40" />
<SP HEIGHT="40" HPOS="583" VPOS="2596" WIDTH="37" />
<String CONTENT="1934;" CS="1" HEIGHT="41" HPOS="621" VPOS="2594" WIDTH="113" />
<SP />
<String CONTENT="1c." CS="1" />
<SP HEIGHT="39" HPOS="870" VPOS="2595" WIDTH="37" />
<String CONTENT="June" HEIGHT="40" HPOS="908" VPOS="2595" WIDTH="127" />
<SP HEIGHT="39" HPOS="1036" VPOS="2596" WIDTH="35" />
<String CONTENT="12," HEIGHT="49" HPOS="1072" VPOS="2594" WIDTH="68" />
<SP HEIGHT="48" HPOS="1141" VPOS="2595" WIDTH="39" />
<String CONTENT="1935;" CS="1" HEIGHT="41" HPOS="1181" VPOS="2593" WIDTH="112" />
<SP HEIGHT="46" HPOS="1322" VPOS="2595" WIDTH="39" />
<String CONTENT="A-Foreign" HEIGHT="49" HPOS="1362" VPOS="2593" WIDTH="310" />
<SP HEIGHT="39" HPOS="1673" VPOS="2594" WIDTH="37" />
<String CONTENT="28267;" CS="1" HEIGHT="41" HPOS="1711" VPOS="2594" WIDTH="145" />
<SP HEIGHT="47" HPOS="1881" VPOS="2595" WIDTH="40" />
<String CONTENT="Touring" HEIGHT="47" HPOS="1922" VPOS="2595" WIDTH="215" />
<SP HEIGHT="36" HPOS="2138" VPOS="2606" WIDTH="33" />
<String CONTENT="club" HEIGHT="39" HPOS="2172" VPOS="2597" WIDTH="108" />
</TextLine>
<TextLine HEIGHT="49" HPOS="361" VPOS="2651" WIDTH="568">
<String CONTENT="italiano." HEIGHT="41" HPOS="361" VPOS="2651" WIDTH="218" />
<SP HEIGHT="46" HPOS="580" VPOS="2653" WIDTH="70" />
<String CONTENT="(35-21243)" HEIGHT="48" HPOS="651" VPOS="2652" WIDTH="278" />
</TextLine>
<TextLine HEIGHT="65" HPOS="292" STYLEREFS="StyleId-7D1F61D2-C1BF-4C72-9775-8CE725361CD6-" VPOS="2740" WIDTH="914">
<String CONTENT="Trabue," HEIGHT="65" HPOS="292" VPOS="2740" WIDTH="248" />
<SP HEIGHT="63" HPOS="541" VPOS="2742" WIDTH="31" />
<String CONTENT="Marion" HEIGHT="53" HPOS="573" VPOS="2740" WIDTH="228" />
<SP HEIGHT="51" HPOS="802" VPOS="2741" WIDTH="30" />
<String CONTENT="Rex," HEIGHT="63" HPOS="833" VPOS="2741" WIDTH="142" />
<SP HEIGHT="60" HPOS="976" VPOS="2744" WIDTH="31" />
<String CONTENT="1890-." HEIGHT="49" HPOS="1008" VPOS="2743" WIDTH="198" />
</TextLine>
<TextLine CS="1" HEIGHT="68" HPOS="363" STYLEREFS="StyleId-7D1F61D2-C1BF-4C72-9775-8CE725361CD6-" VPOS="2817" WIDTH="1916">
<String CONTENT="Today&#8217;s" HEIGHT="66" HPOS="363" VPOS="2818" WIDTH="245" />
<SP HEIGHT="52" HPOS="609" VPOS="2820" WIDTH="31" />
<String CONTENT="English." HEIGHT="68" HPOS="641" VPOS="2817" WIDTH="259" />
<SP HEIGHT="49" HPOS="901" VPOS="2822" WIDTH="70" />
<String CONTENT="5th" HEIGHT="51" HPOS="972" VPOS="2818" WIDTH="95" />
<SP HEIGHT="66" HPOS="1068" VPOS="2818" WIDTH="30" />
<String CONTENT="yr." HEIGHT="47" HPOS="1099" VPOS="2837" WIDTH="83" />
<SP HEIGHT="50" HPOS="1183" VPOS="2820" WIDTH="68" />
<String CONTENT="By" HEIGHT="64" HPOS="1252" VPOS="2820" WIDTH="89" />
<SP HEIGHT="67" HPOS="1342" VPOS="2817" WIDTH="30" />
<String CONTENT="M." HEIGHT="53" HPOS="1373" LANG="fr" VPOS="2817" WIDTH="77" />
<SP HEIGHT="52" HPOS="1451" VPOS="2818" WIDTH="34" />
<String CONTENT="R." HEIGHT="51" HPOS="1486" VPOS="2818" WIDTH="66" />
<SP HEIGHT="50" HPOS="1553" VPOS="2819" WIDTH="33" />
<String CONTENT="Trabue" HEIGHT="51" HPOS="1587" VPOS="2818" WIDTH="225" />
<SP HEIGHT="33" HPOS="1813" VPOS="2835" WIDTH="36" />
<String CONTENT="&#8230;" CS="1" />
<SP HEIGHT="33" HPOS="1905" VPOS="2836" WIDTH="38" />
<String CONTENT="and" HEIGHT="51" HPOS="1944" VPOS="2818" WIDTH="111" />
<SP HEIGHT="51" HPOS="2056" VPOS="2818" WIDTH="32" />
<String CONTENT="Bessie" HEIGHT="53" HPOS="2089" VPOS="2818" WIDTH="190" />
</TextLine>
<TextLine CS="1" HEIGHT="147" HPOS="291" STYLEREFS="StyleId-7D1F61D2-C1BF-4C72-9775-8CE725361CD6-" VPOS="2894" WIDTH="1962">
<String CONTENT="Bacon" HEIGHT="51" HPOS="294" VPOS="2898" WIDTH="192" />
<SP HEIGHT="54" HPOS="487" VPOS="2896" WIDTH="34" />
<String CONTENT="Goodrich" HEIGHT="54" HPOS="522" VPOS="2896" WIDTH="288" />
<SP HEIGHT="50" HPOS="811" VPOS="2897" WIDTH="40" />
<String CONTENT="&#8230;" CS="1" />
<SP HEIGHT="53" HPOS="907" VPOS="2895" WIDTH="72" />
<String CONTENT="New" HEIGHT="53" HPOS="980" VPOS="2895" WIDTH="139" />
<SP HEIGHT="51" HPOS="1120" VPOS="2896" WIDTH="33" />
<String CONTENT="York," HEIGHT="66" HPOS="1154" VPOS="2894" WIDTH="179" />
<SP HEIGHT="65" HPOS="1334" VPOS="2895" WIDTH="33" />
<String CONTENT="Chicago," HEIGHT="67" HPOS="1368" VPOS="2894" WIDTH="268" />
<SP HEIGHT="65" HPOS="1637" VPOS="2895" WIDTH="35" />
<String CONTENT="C." HEIGHT="54" HPOS="1673" LANG="fr" VPOS="2895" WIDTH="62" />
<SP HEIGHT="51" HPOS="1736" VPOS="2896" WIDTH="34" />
<String CONTENT="E." HEIGHT="52" HPOS="1771" VPOS="2896" WIDTH="67" />
<SP HEIGHT="52" HPOS="1839" VPOS="2896" WIDTH="34" />
<String CONTENT="Merrill" HEIGHT="52" HPOS="1874" VPOS="2896" WIDTH="223" />
<SP HEIGHT="51" HPOS="2098" VPOS="2896" WIDTH="34" />
<String CONTENT="company" HEIGHT="128" HPOS="291" VPOS="2913" WIDTH="1962" />
<SP HEIGHT="46" HPOS="445" VPOS="2995" WIDTH="32" />
<String CONTENT="[" HEIGHT="33" HPOS="478" STYLE="subscript" VPOS="3008" WIDTH="12" />
<String CONTENT="c" HEIGHT="21" HPOS="496" STYLE="superscript" VPOS="2981" WIDTH="17" />
<String CONTENT="1935" HEIGHT="48" HPOS="519" VPOS="2978" WIDTH="132" />
<String CONTENT="]" HEIGHT="33" HPOS="658" STYLE="subscript" VPOS="3007" WIDTH="11" />
</TextLine>
<TextLine CS="1" HEIGHT="50" HPOS="358" VPOS="3045" WIDTH="983">
<String CONTENT="xlv." CS="1" HEIGHT="30" HPOS="358" VPOS="3058" WIDTH="95" />
<SP HEIGHT="41" HPOS="454" VPOS="3047" WIDTH="26" />
<String CONTENT="242" HEIGHT="39" HPOS="481" VPOS="3046" WIDTH="83" />
<SP HEIGHT="49" HPOS="565" VPOS="3046" WIDTH="26" />
<String CONTENT="p." HEIGHT="37" HPOS="592" VPOS="3058" WIDTH="42" />
<SP HEIGHT="40" HPOS="635" VPOS="3046" WIDTH="55" />
<String CONTENT="illus.," HEIGHT="46" HPOS="691" VPOS="3046" WIDTH="141" />
<SP HEIGHT="36" HPOS="833" VPOS="3056" WIDTH="27" />
<String CONTENT="col." HEIGHT="38" HPOS="861" VPOS="3047" WIDTH="83" />
<SP HEIGHT="37" HPOS="945" VPOS="3056" WIDTH="27" />
<String CONTENT="plates." HEIGHT="46" HPOS="973" VPOS="3047" WIDTH="170" />
<SP HEIGHT="40" HPOS="1144" VPOS="3045" WIDTH="52" />
<String CONTENT="19&#189;cm." CS="1" HEIGHT="39" HPOS="1197" VPOS="3045" WIDTH="144" />
</TextLine>
<TextLine HEIGHT="52" HPOS="293" VPOS="3099" WIDTH="1980">
<String CONTENT="&#169;" HEIGHT="52" HPOS="293" VPOS="3099" WIDTH="51" />
<SP HEIGHT="52" HPOS="345" VPOS="3099" WIDTH="31" />
<String CONTENT="July" HEIGHT="39" HPOS="377" VPOS="3104" WIDTH="115" />
<SP HEIGHT="39" HPOS="493" VPOS="3104" WIDTH="31" />
<String CONTENT="12," HEIGHT="48" HPOS="525" VPOS="3103" WIDTH="68" />
<SP HEIGHT="48" HPOS="594" VPOS="3103" WIDTH="33" />
<String CONTENT="1935;" HEIGHT="48" HPOS="628" VPOS="3101" WIDTH="139" />
<SP HEIGHT="47" HPOS="768" VPOS="3102" WIDTH="33" />
<String CONTENT="21c." HEIGHT="40" HPOS="802" VPOS="3102" WIDTH="66" />
<SP HEIGHT="30" HPOS="869" VPOS="3112" WIDTH="32" />
<String CONTENT="and" HEIGHT="38" HPOS="902" VPOS="3103" WIDTH="95" />
<SP HEIGHT="38" HPOS="998" VPOS="3103" WIDTH="31" />
<String CONTENT="aff." HEIGHT="40" HPOS="1030" VPOS="3101" WIDTH="82" />
<SP HEIGHT="39" HPOS="1113" VPOS="3102" WIDTH="33" />
<String CONTENT="Nov." HEIGHT="39" HPOS="1147" VPOS="3102" WIDTH="116" />
<SP HEIGHT="39" HPOS="1264" VPOS="3102" WIDTH="34" />
<String CONTENT="8;" HEIGHT="41" HPOS="1299" VPOS="3102" WIDTH="51" />
<SP HEIGHT="41" HPOS="1351" VPOS="3102" WIDTH="36" />
<String CONTENT="A" HEIGHT="37" HPOS="1388" VPOS="3102" WIDTH="39" />
<SP HEIGHT="39" HPOS="1428" VPOS="3101" WIDTH="33" />
<String CONTENT="89225;" HEIGHT="48" HPOS="1462" VPOS="3099" WIDTH="168" />
<SP HEIGHT="47" HPOS="1631" VPOS="3100" WIDTH="36" />
<String CONTENT="Charles" HEIGHT="40" HPOS="1668" VPOS="3100" WIDTH="201" />
<SP HEIGHT="38" HPOS="1870" VPOS="3102" WIDTH="34" />
<String CONTENT="E." HEIGHT="38" HPOS="1905" VPOS="3102" WIDTH="50" />
<SP HEIGHT="38" HPOS="1956" VPOS="3102" WIDTH="35" />
<String CONTENT="Merrill" HEIGHT="39" HPOS="1992" VPOS="3100" WIDTH="184" />
<SP HEIGHT="39" HPOS="2177" VPOS="3102" WIDTH="33" />
<String CONTENT="co." HEIGHT="30" HPOS="2211" VPOS="3111" WIDTH="62" />
</TextLine>
<TextLine HEIGHT="64" HPOS="290" STYLEREFS="StyleId-7D1F61D2-C1BF-4C72-9775-8CE725361CD6-" VPOS="3254" WIDTH="661">
<String CONTENT="Trenker," HEIGHT="63" HPOS="290" VPOS="3255" WIDTH="278" />
<SP HEIGHT="62" HPOS="569" VPOS="3256" WIDTH="29" />
<String CONTENT="Luis," HEIGHT="63" HPOS="599" VPOS="3254" WIDTH="160" />
<SP HEIGHT="59" HPOS="760" VPOS="3258" WIDTH="30" />
<String CONTENT="1893-" HEIGHT="48" HPOS="791" VPOS="3258" WIDTH="160" />
</TextLine>
<TextLine CS="1" HEIGHT="149" HPOS="288" LANG="de" STYLEREFS="StyleId-7D1F61D2-C1BF-4C72-9775-8CE725361CD6-" VPOS="3324" WIDTH="1986">
<String CONTENT="&#8230;" CS="1" LANG="en-US" />
<SP HEIGHT="53" HPOS="419" VPOS="3331" WIDTH="59" />
<String CONTENT="Kameraden" HEIGHT="53" HPOS="479" VPOS="3330" WIDTH="363" />
<SP HEIGHT="51" HPOS="843" VPOS="3332" WIDTH="52" />
<String CONTENT="der" HEIGHT="51" HPOS="896" VPOS="3332" WIDTH="99" />
<SP HEIGHT="52" HPOS="996" VPOS="3329" WIDTH="51" />
<String CONTENT="berge;" HEIGHT="67" HPOS="1048" VPOS="3329" WIDTH="196" />
<SP HEIGHT="46" HPOS="1245" VPOS="3348" WIDTH="57" />
<String CONTENT="mit" HEIGHT="52" HPOS="1303" VPOS="3328" WIDTH="104" />
<SP HEIGHT="48" HPOS="1408" VPOS="3332" WIDTH="55" />
<String CONTENT="62" HEIGHT="49" HPOS="1464" VPOS="3331" WIDTH="65" />
<SP HEIGHT="48" HPOS="1530" VPOS="3331" WIDTH="54" />
<String CONTENT="abbildungen." HEIGHT="69" HPOS="1585" VPOS="3326" WIDTH="400" />
<SP HEIGHT="50" HPOS="1986" VPOS="3329" WIDTH="74" />
<String CONTENT="Berlin," HEIGHT="67" HPOS="2061" VPOS="3324" WIDTH="213" />
<SP />
<String CONTENT="T." HEIGHT="50" HPOS="288" VPOS="3409" WIDTH="63" />
<SP HEIGHT="51" HPOS="352" VPOS="3408" WIDTH="33" />
<String CONTENT="Knaur" HEIGHT="52" HPOS="386" VPOS="3408" WIDTH="208" />
<SP HEIGHT="35" HPOS="595" VPOS="3425" WIDTH="29" />
<String CONTENT="nachf.," HEIGHT="66" HPOS="625" VPOS="3407" WIDTH="211" />
<SP HEIGHT="62" HPOS="837" VPOS="3411" WIDTH="34" />
<String CONTENT="1935." HEIGHT="50" HPOS="872" VPOS="3409" WIDTH="149" />
</TextLine>
<TextLine CS="1" HEIGHT="53" HPOS="359" VPOS="3476" WIDTH="1453">
<String CONTENT="235," HEIGHT="46" HPOS="359" LANG="de" VPOS="3481" WIDTH="98" />
<SP HEIGHT="29" HPOS="458" VPOS="3500" WIDTH="31" />
<String CONTENT="[1]" HEIGHT="48" HPOS="490" LANG="de" VPOS="3481" WIDTH="53" />
<SP HEIGHT="37" HPOS="544" VPOS="3491" WIDTH="29" />
<String CONTENT="p." HEIGHT="37" HPOS="574" LANG="de" VPOS="3491" WIDTH="41" />
<SP HEIGHT="40" HPOS="616" VPOS="3480" WIDTH="59" />
<String CONTENT="front.," HEIGHT="47" HPOS="676" LANG="de" VPOS="3480" WIDTH="163" />
<SP HEIGHT="48" HPOS="840" VPOS="3479" WIDTH="25" />
<String CONTENT="illus." HEIGHT="40" HPOS="866" LANG="de" VPOS="3479" WIDTH="126" />
<SP HEIGHT="47" HPOS="993" VPOS="3479" WIDTH="35" />
<String CONTENT="(music)" HEIGHT="48" HPOS="1029" LANG="en-US" VPOS="3478" WIDTH="201" />
<SP HEIGHT="48" HPOS="1231" VPOS="3478" WIDTH="33" />
<String CONTENT="plates," HEIGHT="47" HPOS="1265" LANG="en-US" VPOS="3479" WIDTH="168" />
<SP HEIGHT="37" HPOS="1434" VPOS="3488" WIDTH="25" />
<String CONTENT="ports." HEIGHT="45" HPOS="1460" LANG="en-US" VPOS="3480" WIDTH="148" />
<SP HEIGHT="41" HPOS="1609" VPOS="3476" WIDTH="58" />
<String CONTENT="20" HEIGHT="40" HPOS="1668" LANG="de" VPOS="3476" WIDTH="55" />
<String CONTENT="&#189;" CS="1" LANG="en-US" />
<String CONTENT="cm." CS="1" HEIGHT="8" HPOS="1805" LANG="de" VPOS="3509" WIDTH="7" />
</TextLine>
<TextLine CS="1" HEIGHT="52" HPOS="290" VPOS="3532" WIDTH="1871">
<String CONTENT="&#169;" HEIGHT="52" HPOS="290" LANG="de" VPOS="3532" WIDTH="52" />
<SP HEIGHT="52" HPOS="343" VPOS="3532" WIDTH="26" />
<String CONTENT="Feb." HEIGHT="40" HPOS="370" VPOS="3536" WIDTH="109" />
<SP HEIGHT="38" HPOS="480" VPOS="3538" WIDTH="29" />
<String CONTENT="15," HEIGHT="45" HPOS="510" VPOS="3537" WIDTH="68" />
<SP HEIGHT="45" HPOS="579" VPOS="3537" WIDTH="30" />
<String CONTENT="1935;" HEIGHT="47" HPOS="610" VPOS="3535" WIDTH="138" />
<SP />
<String CONTENT="1c." CS="1" />
<SP HEIGHT="39" HPOS="848" VPOS="3536" WIDTH="30" />
<String CONTENT="July" HEIGHT="46" HPOS="879" VPOS="3536" WIDTH="116" />
<SP HEIGHT="46" HPOS="996" VPOS="3536" WIDTH="28" />
<String CONTENT="10;" HEIGHT="45" HPOS="1025" VPOS="3535" WIDTH="80" />
<SP HEIGHT="44" HPOS="1106" VPOS="3536" WIDTH="31" />
<String CONTENT="A-Foreign" HEIGHT="47" HPOS="1138" VPOS="3534" WIDTH="309" />
<SP HEIGHT="38" HPOS="1448" VPOS="3534" WIDTH="27" />
<String CONTENT="28437;" HEIGHT="45" HPOS="1476" VPOS="3534" WIDTH="169" />
<SP HEIGHT="45" HPOS="1646" VPOS="3534" WIDTH="33" />
<String CONTENT="Th." HEIGHT="39" HPOS="1680" VPOS="3534" WIDTH="85" />
<SP HEIGHT="40" HPOS="1766" VPOS="3533" WIDTH="30" />
<String CONTENT="Knaur" HEIGHT="39" HPOS="1797" VPOS="3533" WIDTH="172" />
<SP HEIGHT="28" HPOS="1970" VPOS="3543" WIDTH="30" />
<String CONTENT="nachf." HEIGHT="39" HPOS="2001" VPOS="3532" WIDTH="160" />
</TextLine>
<TextLine HEIGHT="47" HPOS="372" VPOS="3591" WIDTH="278">
<String CONTENT="(35-21241)" HEIGHT="47" HPOS="372" VPOS="3591" WIDTH="278" />
</TextLine>
<TextLine HEIGHT="66" HPOS="290" STYLEREFS="StyleId-7D1F61D2-C1BF-4C72-9775-8CE725361CD6-" VPOS="3679" WIDTH="1098">
<String CONTENT="Van" HEIGHT="52" HPOS="290" VPOS="3680" WIDTH="128" />
<SP HEIGHT="51" HPOS="419" VPOS="3681" WIDTH="25" />
<String CONTENT="Loon," HEIGHT="64" HPOS="445" VPOS="3681" WIDTH="177" />
<SP HEIGHT="63" HPOS="623" VPOS="3682" WIDTH="27" />
<String CONTENT="Hendrik" HEIGHT="52" HPOS="651" VPOS="3681" WIDTH="264" />
<SP HEIGHT="53" HPOS="916" VPOS="3681" WIDTH="28" />
<String CONTENT="Willem," HEIGHT="64" HPOS="945" VPOS="3679" WIDTH="245" />
<SP HEIGHT="56" HPOS="1191" VPOS="3687" WIDTH="28" />
<String CONTENT="1882-" HEIGHT="51" HPOS="1220" VPOS="3683" WIDTH="168" />
</TextLine>
<TextLine HEIGHT="71" HPOS="360" STYLEREFS="StyleId-7D1F61D2-C1BF-4C72-9775-8CE725361CD6-" VPOS="3752" WIDTH="1905">
<String CONTENT="Around" HEIGHT="55" HPOS="360" VPOS="3755" WIDTH="241" />
<SP HEIGHT="51" HPOS="602" VPOS="3759" WIDTH="34" />
<String CONTENT="the" HEIGHT="52" HPOS="637" VPOS="3757" WIDTH="94" />
<SP HEIGHT="35" HPOS="732" VPOS="3774" WIDTH="36" />
<String CONTENT="world" HEIGHT="52" HPOS="769" VPOS="3758" WIDTH="175" />
<SP HEIGHT="51" HPOS="945" VPOS="3759" WIDTH="39" />
<String CONTENT="with" HEIGHT="52" HPOS="985" VPOS="3756" WIDTH="137" />
<SP HEIGHT="51" HPOS="1123" VPOS="3758" WIDTH="34" />
<String CONTENT="the" HEIGHT="52" HPOS="1158" VPOS="3757" WIDTH="93" />
<SP HEIGHT="33" HPOS="1252" VPOS="3776" WIDTH="37" />
<String CONTENT="alphabet" HEIGHT="67" HPOS="1290" VPOS="3756" WIDTH="267" />
<SP HEIGHT="46" HPOS="1558" VPOS="3762" WIDTH="33" />
<String CONTENT="and" HEIGHT="53" HPOS="1592" VPOS="3756" WIDTH="112" />
<SP HEIGHT="53" HPOS="1705" VPOS="3756" WIDTH="33" />
<String CONTENT="Hendrik" HEIGHT="54" HPOS="1739" VPOS="3754" WIDTH="266" />
<SP HEIGHT="53" HPOS="2006" VPOS="3755" WIDTH="34" />
<String CONTENT="Willem" HEIGHT="56" HPOS="2041" VPOS="3752" WIDTH="224" />
</TextLine>
<TextLine HEIGHT="56" HPOS="291" STYLEREFS="StyleId-7D1F61D2-C1BF-4C72-9775-8CE725361CD6-" VPOS="3830" WIDTH="1974">
<String CONTENT="van" HEIGHT="34" HPOS="291" VPOS="3849" WIDTH="109" />
<SP HEIGHT="51" HPOS="401" VPOS="3833" WIDTH="21" />
<String CONTENT="Loon." HEIGHT="52" HPOS="423" VPOS="3833" WIDTH="174" />
<SP HEIGHT="50" HPOS="598" VPOS="3835" WIDTH="59" />
<String CONTENT="To" HEIGHT="50" HPOS="658" VPOS="3835" WIDTH="81" />
<SP HEIGHT="47" HPOS="740" VPOS="3838" WIDTH="23" />
<String CONTENT="teach" HEIGHT="51" HPOS="764" VPOS="3834" WIDTH="159" />
<SP HEIGHT="52" HPOS="924" VPOS="3834" WIDTH="23" />
<String CONTENT="little" HEIGHT="53" HPOS="948" VPOS="3833" WIDTH="148" />
<SP HEIGHT="34" HPOS="1097" VPOS="3851" WIDTH="20" />
<String CONTENT="children" HEIGHT="53" HPOS="1118" VPOS="3832" WIDTH="254" />
<SP HEIGHT="46" HPOS="1373" VPOS="3838" WIDTH="24" />
<String CONTENT="their" HEIGHT="53" HPOS="1398" VPOS="3831" WIDTH="148" />
<SP HEIGHT="51" HPOS="1547" VPOS="3833" WIDTH="21" />
<String CONTENT="letters" HEIGHT="51" HPOS="1569" VPOS="3833" WIDTH="192" />
<SP HEIGHT="34" HPOS="1762" VPOS="3849" WIDTH="23" />
<String CONTENT="and" HEIGHT="52" HPOS="1786" VPOS="3831" WIDTH="111" />
<SP HEIGHT="52" HPOS="1898" VPOS="3831" WIDTH="23" />
<String CONTENT="at" HEIGHT="46" HPOS="1922" VPOS="3836" WIDTH="56" />
<SP HEIGHT="47" HPOS="1979" VPOS="3835" WIDTH="23" />
<String CONTENT="the" HEIGHT="51" HPOS="2003" VPOS="3830" WIDTH="93" />
<SP HEIGHT="34" HPOS="2097" VPOS="3847" WIDTH="23" />
<String CONTENT="same" HEIGHT="37" HPOS="2121" VPOS="3844" WIDTH="144" />
</TextLine>
<TextLine HEIGHT="71" HPOS="292" STYLEREFS="StyleId-7D1F61D2-C1BF-4C72-9775-8CE725361CD6-" VPOS="3905" WIDTH="1969">
<String CONTENT="time" HEIGHT="53" HPOS="292" VPOS="3905" WIDTH="133" />
<SP HEIGHT="50" HPOS="426" VPOS="3925" WIDTH="35" />
<String CONTENT="give" HEIGHT="68" HPOS="462" VPOS="3907" WIDTH="129" />
<SP HEIGHT="46" HPOS="592" VPOS="3915" WIDTH="34" />
<String CONTENT="their" HEIGHT="52" HPOS="627" VPOS="3909" WIDTH="148" />
<SP HEIGHT="48" HPOS="776" VPOS="3928" WIDTH="37" />
<String CONTENT="papas" HEIGHT="49" HPOS="814" VPOS="3927" WIDTH="177" />
<SP HEIGHT="34" HPOS="992" VPOS="3928" WIDTH="37" />
<String CONTENT="and" HEIGHT="51" HPOS="1030" VPOS="3911" WIDTH="111" />
<SP HEIGHT="51" HPOS="1142" VPOS="3911" WIDTH="37" />
<String CONTENT="mamas" HEIGHT="35" HPOS="1180" VPOS="3927" WIDTH="210" />
<SP HEIGHT="33" HPOS="1391" VPOS="3928" WIDTH="35" />
<String CONTENT="something" HEIGHT="67" HPOS="1427" VPOS="3907" WIDTH="319" />
<SP HEIGHT="62" HPOS="1747" VPOS="3912" WIDTH="35" />
<String CONTENT="to" HEIGHT="47" HPOS="1783" VPOS="3912" WIDTH="56" />
<SP HEIGHT="45" HPOS="1840" VPOS="3913" WIDTH="37" />
<String CONTENT="think" HEIGHT="53" HPOS="1878" VPOS="3905" WIDTH="165" />
<SP HEIGHT="51" HPOS="2044" VPOS="3905" WIDTH="35" />
<String CONTENT="about." HEIGHT="51" HPOS="2080" VPOS="3905" WIDTH="181" />
</TextLine>
<TextLine HEIGHT="67" HPOS="295" STYLEREFS="StyleId-7D1F61D2-C1BF-4C72-9775-8CE725361CD6-" VPOS="3985" WIDTH="1399">
<String CONTENT="[New" HEIGHT="67" HPOS="295" VPOS="3985" WIDTH="155" />
<SP HEIGHT="51" HPOS="451" VPOS="3987" WIDTH="27" />
<String CONTENT="York," HEIGHT="66" HPOS="479" VPOS="3986" WIDTH="177" />
<SP HEIGHT="66" HPOS="657" VPOS="3986" WIDTH="30" />
<String CONTENT="Simon" HEIGHT="56" HPOS="688" VPOS="3985" WIDTH="196" />
<SP HEIGHT="34" HPOS="885" VPOS="4005" WIDTH="27" />
<String CONTENT="and" HEIGHT="53" HPOS="913" VPOS="3987" WIDTH="112" />
<SP HEIGHT="55" HPOS="1026" VPOS="3987" WIDTH="29" />
<String CONTENT="Schuster," HEIGHT="64" HPOS="1056" VPOS="3987" WIDTH="284" />
<SP HEIGHT="65" HPOS="1341" VPOS="3986" WIDTH="27" />
<String CONTENT="inc.," HEIGHT="64" HPOS="1369" VPOS="3986" WIDTH="125" />
<SP HEIGHT="59" HPOS="1495" VPOS="3991" WIDTH="26" />
<String CONTENT="c" HEIGHT="22" HPOS="1522" STYLE="superscript" VPOS="3991" WIDTH="17" />
<String CONTENT="1935]" HEIGHT="62" HPOS="1545" VPOS="3988" WIDTH="149" />
</TextLine>
</TextBlock>
</PrintSpace>
</Page>
</Layout>
</alto>