2424 4375
1033 4076 132 50 1643

120 443 196 68 [Buck,
346 443 162 68 Glen]
542 443 171 55 1876-

183 519 169 68 Fifty
394 538 179 51 years,
619 525 324 60 1884-1934,
986 522 71 51 A.
1103 523 66 51 B.
1214 520 150 53 Dick
1405 539 295 49 company.
1805 519 289 68 [Chicago]

113 596 154 56 Priv.
297 597 174 69 print.
507 599 138 67 [The
674 598 271 54 Lakeside
980 617 172 49 press,
1185 602 135 50 1934]

186 682 1184 51 [27] p. col. front. (port.) ilius. 30½ × 24 cm .
187 753 236 40 “Written
450 753 60 48 by
540 752 118 41 Glen
685 753 136 40 Buck;
875 752 119 41 with
1022 752 244 49 drawings
1293 753 62 48 by
1382 752 243 41 Rockwell
1656 753 128 39 Kent
1813 753 95 39 and
114 754 1969 105 photographs
321 810 60 48 by
412 810 173 40 Torkel
616 809 247 49 Korling.”

117 878 51 52 ©
200 882 112 47 Apr.
345 882 70 46 25,
449 880 140 47 1934;
624 880 67 41 2c.
725 882 94 39 and
855 881 80 40 aff.
969 881 118 39 Nov.
1121 881 69 47 13,
1225 880 142 47 1935;
1402 880 44 39 A
1478 878 169 48 89350;
1685 880 53 39 A.
1774 881 55 38 B.
1861 877 124 41 Dick
2020 888 82 37 co.,

181 938 220 48 Chicago.
472 937 279 49 (35-29684)

115 1039 282 66 Canning,
428 1041 248 54 Graeme
706 1041 352 64 Alexander,
1092 1043 170 50 1900-

109 1115 1969 151 The balance of life; lectures in zoology, by Graeme A. Canning …
410 1197 137 52 Ann
571 1197 209 66 Arbor,
805 1197 193 67 Mich.,
1024 1197 281 52 Edwards
1330 1195 277 67 brothers,
1634 1196 126 66 inc.,
1789 1198 148 49 1935.

180 1271 1533 49 xiii p., 1 l., 321 p. incl. front., ilius., ports., diagrs. 21 cm .
179 1328 408 49 “Lithoprinted.”

183 1386 126 39 “The
335 1384 251 48 following
611 1385 150 40 series
787 1384 51 40 of
865 1387 136 38 notes
1029 1395 83 29 are
1141 1385 81 41 the
1250 1384 153 40 result
1432 1384 50 39 of
1507 1385 207 38 lectures
1743 1382 234 49 compiled
2008 1385 92 38 and

111 1442 136 48 given
275 1445 51 37 at
354 1442 81 41 the
465 1442 280 47 University
774 1442 53 40 of
852 1442 268 39 Tennessee
1149 1452 113 28 over
1292 1451 28 30 a
1350 1439 166 49 period
1547 1440 51 40 of
1625 1439 391 49 years.”'—Pref.

177 1498 345 41 “References”;
583 1510 43 37 p.
655 1498 217 40 299-305.

115 1565 51 52 ©
193 1569 100 41 Oct.
321 1570 39 46 1,
389 1568 113 41 1935;
556 1568 67 40 2c.
651 1570 96 38 and
775 1567 82 40 aff.
886 1567 99 40 Oct.
1016 1568 58 39 23;
1128 1567 41 38 A
1197 1566 142 40 87852;
1399 1566 52 40 G.
1480 1567 54 39 A.
1564 1566 232 47 Canning,
1826 1564 275 50 Knoxville,

179 1627 145 38 Tenu.
395 1625 278 48 (35-29171)

115 1729 160 63 Case,
307 1729 207 63 Henry
543 1728 132 64 Jay,
710 1726 172 54 1875-

180 1805 176 53 Town
394 1804 63 54 of
492 1803 234 69 Darien,
762 1803 254 53 founded
1055 1805 152 65 1641,
1243 1801 399 69 incorporated
1681 1803 153 66 1820,
1872 1801 228 53 written

113 1882 72 70 by
220 1883 201 68 Henry
458 1882 116 69 Jay
610 1882 140 54 Case
787 1882 111 52 and
935 1880 200 56 Simon
1167 1881 90 54 W.
1295 1879 221 69 Cooper
1552 1897 59 35 as
1647 1898 31 33 a
1714 1878 385 54 contribution

114 1966 56 48 to
200 1961 92 53 the
326 1959 372 57 Connecticut
726 1964 407 62 tercentenary.
1208 1957 253 69 [Darien,
1494 1958 199 66 Conn.]
1731 1958 121 53 The
1883 1958 218 53 Darien

113 2036 940 70 community association [ c 1935]
179 2108 1087 53 2 p. l., 98 p. front., plates, ports. 24 cm .
182 2169 125 41 “The
335 2167 182 42 edition
545 2168 42 40 is
613 2166 187 42 limited
829 2170 49 37 to
905 2166 114 40 1000
1048 2165 202 49 copies.”

115 2236 51 52 ©
201 2240 124 47 Sept.
360 2240 39 45 3,
433 2237 113 41 1935;
609 2237 67 40 2c.
711 2237 101 40 Oct.
846 2237 25 38 1;
934 2235 80 41 aff.
1051 2236 101 40 Oct.
1187 2236 55 38 24;
1305 2237 41 38 A
1380 2236 147 40 89228;
1588 2236 183 40 Darien
1806 2236 296 48 community

179 2307 141 37 assn.,
343 2296 91 39 inc.
507 2293 279 49 (35-29188)

115 2397 262 66 Cendow,
408 2397 194 65 Celya,
632 2400 173 51 1905-

184 2473 96 55 Off
308 2475 95 53 the
433 2475 197 53 record;
688 2476 142 65 love,
860 2472 121 68 life,
1009 2471 245 70 politics,
1283 2472 76 68 by
1389 2474 175 66 Celya
1596 2474 264 54 Cendow.
115 2475 1959 145 Caldwell,
284 2553 107 66 Id.,

420 2553 120 52 The
572 2554 224 54 Caxton
823 2551 267 68 printers,
1119 2552 121 65 ltd.,
1273 2555 149 50 1935.

181 2625 56 41 76
265 2635 42 38 p.
367 2625 128 40 ilius.
553 2624 57 41 23½
642 2627 44 21 cm
691 2656 9 9 .

182 2682 181 40 Poems.

115 2746 51 52 ©
196 2751 99 40 Oct.
327 2751 68 47 15,
425 2750 115 40 1935;
600 2750 66 40 2c.
700 2750 96 39 and
826 2748 81 41 aff.
939 2750 118 38 Nov.
1088 2750 26 37 4;
1174 2748 42 39 A
1246 2747 143 41 89136;
1451 2747 188 41 Caxton
1671 2748 228 49 printers,
1930 2748 84 39 ltd.

191 2807 277 49 (35-29204)

118 2909 186 66 Clark,
336 2911 153 54 John
520 2912 201 63 Bates,
751 2910 171 54 1847-

182 2990 56 51 A
261 2989 197 53 tender
485 2988 63 54 of
573 3006 195 50 peace;
799 2988 95 53 the
921 2993 173 48 terms
1122 3005 72 35 on
1223 2984 184 56 which
1436 2985 261 53 civilized
1724 2986 226 53 nations
1978 3002 121 47 can,

118 3064 47 52 if
191 3066 132 67 they
350 3066 136 67 will,
516 3066 167 53 avoid
712 3066 264 66 warfare,
1002 3066 75 66 by
1105 3066 157 53 John
1290 3066 170 51 Bates
1493 3064 192 55 Clark.
1750 3064 140 52 New
1920 3064 180 65 York,

118 3142 292 55 Columbia
436 3144 318 67 university
779 3162 172 49 press,
981 3145 151 52 1935.

181 3216 618 49 4 p. l., 57 p., 1 1. 22 cm .
119 3280 51 52 ©
201 3286 115 40 Nov.
350 3287 68 47 11,
454 3286 117 40 1935;
630 3286 68 41 2c.
732 3287 118 40 Nov.
885 3286 81 46 16;
1004 3285 82 41 aff.
1122 3286 118 39 Nov.
1276 3286 81 41 13;
1396 3286 41 38 A
1472 3284 170 47 89414;
1681 3283 250 41 Columbia
1970 3282 129 41 univ.

181 3352 147 37 press.
396 3343 280 48 (35-29637)

118 3442 187 68 Clark,
337 3447 276 53 Kenneth
644 3448 325 62 Raymond,
1004 3450 172 50 1909-

117 3522 1957 148 Inheritance and estate taxes on life insurance, by K. Raymond Clark … Chicago, Callaghan and company, 1935.
184 3672 63 48 xi,
275 3673 86 41 251
387 3684 45 38 p.
489 3673 117 43 23cm.

187 3728 65 38 “A
289 3730 309 47 compilation
636 3731 51 40 of
724 3733 127 39 state
888 3733 223 44 statutes,
1151 3731 311 48 regulations,
1502 3728 198 49 rulings,
1736 3729 96 40 and
118 3728 1963 99 administrative
316 3786 267 47 practices”;
639 3799 43 36 p.
709 3786 217 42 203-227.

186 3839 171 43 “Table
385 3842 51 40 of
461 3843 162 40 cases”;
681 3854 42 37 p.
753 3843 214 40 229-238.

120 3905 51 52 ©
197 3911 115 40 Nov.
343 3914 38 46 5,
411 3913 139 47 1935;
583 3912 64 42 2c.
678 3915 118 39 Nov.
826 3915 80 46 11;
940 3914 80 42 aff.
1052 3915 115 38 Nov.
1200 3914 26 39 9;
1286 3915 39 37 A
1356 3913 168 47 89276;
1560 3913 267 47 Callaghan
1858 3913 34 39 &
1924 3922 66 30 co.

196 3967 274 45 (35-29635)
