2424 4375
1053 4069 132 50 1409

131 455 326 65 Anderson,
485 456 262 64 Forrest,
775 460 170 50 1903-

197 529 107 55 Sea
349 531 180 68 pieces
574 532 112 51 and
730 531 160 52 other
933 547 210 51 poems,
1186 530 75 68 by
1304 530 233 52 Forrest
1580 528 319 53 Anderson.
1981 528 138 51 New

126 606 162 53 York
312 608 133 68 city,
472 607 121 53 The
620 606 333 70 Cassowary
978 624 174 51 press,
1182 609 150 50 1935.

193 679 646 50 4 p. l., 53 p., 1 l. 24½ cm .
186 736 115 41 “155
327 737 158 48 copies
512 737 52 39 of
591 738 134 39 these
753 747 162 37 poems
944 737 124 39 have
1094 735 120 41 been
1241 736 194 47 printed
1465 745 61 30 on
1554 734 178 41 Arak.”

131 792 52 53 ©
214 797 120 47 Aug.
365 796 69 46 30,
468 796 141 47 1935;
641 796 66 40 2c.
745 796 124 47 Sept.
903 795 52 47 9;
992 795 82 40 aff.
1109 795 127 48 Sept.
1271 796 51 45 7;
1360 795 41 39 A
1432 794 169 48 87266;
1638 795 51 40 F.
1723 794 266 47 Anderson,
2026 795 95 40 San

199 854 167 45 Pedro,
394 853 143 40 Calif.
608 852 278 49 (35-19117)

129 957 316 64 Atherton,
474 958 189 54 Sarah
695 957 222 64 Henry.

130 1031 1966 149 Brass-eagles, by Sarah Atherton … Philadelphia, London, J. B. Lippincott company [c1935]
196 1186 98 47 289,
328 1188 55 47 [1]
414 1198 42 36 p.
514 1186 59 40 19½
603 1188 43 21 cm
652 1218 8 8 .

130 1239 52 53 ©
222 1245 118 46 Aug.
380 1244 68 46 12,
490 1242 139 48 1935;
671 1242 67 41 2c.
778 1243 118 47 Aug.
937 1242 82 46 30;
1064 1242 40 39 A
1145 1241 169 48 85679;
1361 1242 156 40 Sarah
1559 1242 240 39 Atherton
1842 1240 279 48 Bridgman,

199 1300 152 41 South
376 1301 244 45 Norwalk,
649 1300 145 40 Conn.
866 1298 279 49 (35-14232)

130 1403 211 65 Baker,
370 1404 201 64 Harry
597 1404 132 64 Jay,
761 1408 170 51 1889-

129 1475 1970 150 Detroit tests of learning aptitude; a new instrument of mental diagnosis, by Harry J. Baker … and Bernice Leland …
128 1630 1971 150 Examiner’s handbook. Bloomington, Ill., Public school publishing company [ c 1935]
197 1781 62 48 vi,
290 1782 85 41 157
406 1794 43 37 p.
510 1783 143 47 illus.,
681 1783 180 46 diagrs.
919 1781 147 42 23½cm.

197 1838 155 41 These
383 1840 120 39 tests
536 1847 127 31 were
694 1838 259 48 developed
984 1839 50 39 in
1067 1838 82 41 the
1181 1839 194 40 Detroit
1408 1838 355 49 psychological
1797 1839 156 47 clinic,
1986 1850 27 29 a
130 1840 1976 104 department
406 1895 51 41 of
492 1896 82 40 the
608 1895 194 41 Detroit
837 1894 161 50 public
1034 1895 188 40 schools.
1296 1895 63 49 cf.
1394 1894 131 42 Pref.

199 1952 207 41 “Errata
437 1951 164 42 sheet”
631 1953 229 39 mounted
888 1961 62 31 on
979 1962 43 38 p.
1050 1963 44 29 v.

198 2008 375 49 Bibliography:
607 2019 43 38 p.
681 2007 216 42 156-157.

132 2066 51 52 ©
214 2070 128 48 Sept.
370 2070 69 47 16,
467 2069 114 40 1935;
641 2069 67 40 2c.
741 2069 127 47 Sept.
898 2068 81 46 12;
1013 2067 82 41 aff.
1127 2067 102 40 Oct.
1260 2069 54 45 3;
1346 2068 41 38 A
1417 2067 170 47 85939;
1621 2067 170 41 Public
1820 2069 162 39 school
2013 2069 109 46 pub.

198 2138 64 29 co.
333 2125 280 48 (35-19107)

132 2229 238 65 Baxter,
397 2229 232 54 Arthur
655 2227 303 67 Beverley,
988 2233 171 51 1891-

197 2303 245 71 Strange
468 2310 186 63 street,
678 2304 76 70 by
781 2305 71 53 A.
882 2304 276 69 Beverley
1188 2305 231 52 Baxter.
1484 2304 140 52 New
1653 2303 182 69 York,
1861 2303 260 67 London,

126 2381 69 53 D.
222 2381 576 70 Appleton-Century
823 2400 296 50 company,
1146 2382 417 67 incorporated,
1592 2384 149 52 1935.

198 2455 51 39 ix
269 2465 57 38 p.,
350 2456 25 39 1
422 2487 22 16 l.,
470 2455 86 41 296
577 2465 45 38 p.
681 2455 164 53 front.,
869 2456 170 47 plates,
1066 2456 163 46 ports.,
1255 2453 215 41 facsims.
1524 2452 148 44 20½cm.

193 2511 409 49 Autobiography.

134 2565 50 53 ©
212 2571 100 40 Oct.
341 2572 68 45 31,
437 2571 140 45 1935;
607 2570 66 40 2c.
703 2571 95 39 and
827 2569 79 41 aff.
938 2570 102 40 Oct.
1068 2570 81 46 16;
1181 2570 41 38 A
1249 2569 170 47 87703;
1450 2571 56 39 D.
1537 2571 476 48 Appleton-Century
2041 2582 81 38 co.,

199 2626 88 42 inc.
359 2626 279 49 (35-19118)

134 2728 173 65 Bays,
339 2730 210 53 Alfred
577 2730 274 63 William,
884 2732 170 52 1876-

263 2806 1858 69 … The law of bankruptcy, with added chapters on general
136 2884 105 53 law
282 2885 62 52 of
385 2885 199 52 debtor
626 2885 111 52 and
779 2885 244 53 creditor
1066 2886 113 51 and
1220 2886 284 66 questions
1549 2887 113 51 and
1703 2887 302 67 problems,
2046 2887 77 67 by

136 2962 1961 146 Alfred W. Bays … 3d ed. … Chicago, Callaghan and company, 1935.
201 3112 112 48 xvii,
347 3113 83 40 192
461 3124 42 37 p.
566 3113 54 40 19
623 3116 43 21 cm
671 3145 7 7 .
751 3115 114 47 (His
898 3113 257 40 American
1188 3115 304 39 commercial
1527 3116 94 38 law
1656 3114 148 40 series.
1882 3115 121 39 book
2102 3117 12 45 IX)

203 3168 254 43 “National
489 3171 229 39 textbook
750 3169 192 41 series.”

202 3225 70 40 On
296 3237 139 30 cover:
492 3226 316 41 Commercial
834 3228 107 38 law.
997 3227 151 39 Third
1171 3226 198 40 edition.
1426 3228 102 39 Vol.
1555 3228 40 39 4.

206 3282 1695 49 With his … The law of property … 3d ed. … Chicago, 1935.
139 3332 50 53 ©
218 3339 98 40 Oct.
346 3340 39 46 9,
416 3340 112 39 1935;
584 3340 66 39 2c.
681 3341 95 38 and
806 3338 79 41 aff.
918 3340 101 40 Oct.
1051 3341 54 38 11;
1165 3341 39 38 A
1236 3339 169 47 86720;
1440 3340 268 48 Callaghan
1740 3341 35 38 &
1806 3352 66 28 co.

215 3395 276 49 (35-18803)

266 3498 1855 68 … The law of corporations, with questions and problems,
141 3572 1919 72 and text of Uniform stock transfer act, by Alfred W. Bays …
141 3650 1698 71 3d ed. … Chicago, Callaghan and company, 1935.
205 3723 81 47 xii,
320 3723 87 42 208
435 3737 42 36 p.
540 3726 55 39 39
598 3728 43 21 cm
647 3758 8 8 .
728 3726 118 47 (His
876 3726 255 39 American
1168 3726 304 40 commercial
1506 3728 94 37 law
1637 3727 148 39 series.
1862 3727 123 39 book
2101 3729 14 47 VII)

203 3779 254 42 “National
491 3783 229 39 textbook
753 3783 191 39 series.”

207 3834 69 40 On
304 3846 164 30 cover:
500 3837 314 41 Commercial
844 3839 107 38 law.
1010 3836 151 41 Third
1191 3836 197 42 edition.
1447 3839 102 39 Vol.
1580 3839 40 39 3.

209 3889 1830 54 With his … The law of partnerships … 3d ed. … Chicago, 1935.
141 3940 50 52 ©
219 3946 95 40 Oct.
343 3950 41 42 4,
438 3949 109 46 1935;
577 3950 65 40 2c.
672 3952 94 37 and
796 3950 80 39 aff.
907 3950 100 40 Oct.
1038 3952 81 44 11;
1150 3951 41 38 A
1219 3949 172 48 86719;
1422 3951 270 48 Callaghan
1719 3952 37 40 &
1784 3963 68 29 co.

217 4002 273 44 (35-18807)
