2424 4375
1218 4015 102 55 782

285 392 216 64 Dreux,
530 392 260 53 Désirée.

411 457 1862 80 … Ce qui se passa dans l’arche de Noé. Paris, Éditions Spes,
283 547 148 50 1934.

353 630 973 51 [32] p. illus. (part col.) 27 ½ × 22 cm .
286 700 1910 61 © Dec. 10, 1934; 1c. Mar. 26, 1935; A- Foreign 27463; Éditions Spes.
365 767 250 48 (35-8455)

289 876 87 53 Du
407 877 155 64 Bois,
595 877 251 54 William
877 878 252 53 Edward
1161 879 365 63 Burghardt,
1560 884 170 49 1868-

349 953 178 52 Black
561 955 443 52 reconstruction;
1067 973 72 34 an
1171 973 158 51 essay
1357 955 220 52 toward
1612 974 31 33 a
1671 954 222 69 history
1923 953 64 54 of
2016 953 99 54 the
2142 957 131 64 part

285 1030 176 53 which
496 1031 164 53 black
693 1031 124 53 folk
848 1033 206 68 played
1089 1032 58 53 in
1181 1033 94 52 the
1309 1037 244 64 attempt
1585 1038 58 47 to
1679 1036 346 49 reconstruct
286 1032 1964 145 democracy
450 1110 54 51 in

539 1109 1673 70 America, 1860-1880, by W. E. Burghardt Du Bois …
287 1186 131 52 New
454 1187 177 66 York,
666 1187 312 69 Harcourt,
1009 1190 179 51 Brace
1226 1188 112 53 and
1375 1205 279 52 company
1696 1220 13 35 [
1714 1192 17 23 c
1737 1190 151 64 1935]

349 1259 27 40 6
403 1270 41 37 p.
509 1292 7 16 l.,
543 1260 145 40 3-746
712 1270 43 38 p.
816 1260 54 39 22
874 1263 44 21 cm
922 1294 8 7 .

350 1329 161 46 “First
543 1330 226 40 edition.”

349 1384 346 50 bibliography
713 1398 8 28 :
758 1397 43 38 p.
838 1386 214 42 731-737.

286 1454 52 53 ©
466 1468 29 29 June
523 1459 67 44 13,
619 1458 140 43 1935;
787 1460 65 38 2c.
883 1461 94 38 and
1009 1459 80 40 aff.
1121 1460 125 39 June
1275 1460 81 46 19;
1389 1460 37 38 A
1458 1459 168 49 84328;
1657 1461 260 43 Harcourt,
1948 1462 156 38 Brace
2132 1460 38 41 &
2195 1470 80 38 co.,

355 1514 89 42 inc.
518 1515 250 49 (35-8545)

288 1619 264 64 Duffzeld,
582 1621 187 54 Anne.

356 1697 158 54 Wild
544 1716 266 48 memory.
891 1699 387 65 [Instalments
1303 1697 49 67 7,
1382 1701 47 63 8]

365 1784 84 48 (In
472 1781 85 51 My
584 1780 156 51 home,
767 1780 141 51 June,
936 1781 133 51 July,
1098 1781 143 50 1935)

286 1851 1989 53 © 1c. each July 9,1935; A ad int. 20377; pubd. May 25, June 25; Dorothy
356 1913 135 39 Duer
513 1912 219 47 Duffield,
759 1911 289 48 Aldbourne,
1075 1911 158 49 Wilts,
1262 1913 234 46 England.

285 2016 190 65 Dunn,
504 2016 189 54 Leslie
722 2016 293 64 Clarence,
1047 2021 170 50 1893-

351 2093 282 67 Heredity
661 2093 112 52 and
802 2092 283 53 variation;
1146 2091 321 70 continuity
1496 2093 111 51 and
1637 2092 217 68 change
1879 2091 59 53 in
1967 2091 98 53 the
2089 2089 184 70 living

287 2168 1986 70 world, L. C. Dunn, … New York, The University society,
283 2248 394 67 incorporated
711 2249 171 65 [1934]

354 2319 59 43 iv.
456 2319 70 50 [2],
569 2318 85 41 120
692 2330 43 38 p.
802 2319 141 46 illus.,
984 2320 178 47 diagrs.
1232 2318 55 41 23
1292 2322 42 20 cm
1342 2352 5 8 .
1429 2319 124 48 (The
1599 2319 278 46 University
1920 2317 175 49 series;
286 2318 1969 104 highlights
459 2377 51 39 of

538 2377 196 39 modern
761 2375 292 49 knowledge.
1109 2375 248 49 Genetics)

352 2446 160 40 “First
537 2447 141 39 trade
703 2446 180 40 edition
909 2445 156 42 1934.”

354 2501 343 49 “Suggestions
723 2503 79 39 for
825 2503 194 40 further
1047 2502 227 48 reading”
1293 2513 9 30 :
1332 2513 43 37 p.
1404 2502 98 44 114.

285 2569 52 53 ©
363 2575 111 39 Dec.
499 2575 68 46 14,
594 2572 140 49 1934;
764 2574 67 40 2c.
858 2575 128 39 June
1008 2575 40 46 4,
1074 2573 140 49 1935;
1244 2574 82 40 aff.
1355 2575 127 39 June
1507 2575 52 46 5;
1590 2576 40 38 A
1658 2574 169 47 84091;
1857 2574 281 48 University
2167 2583 105 40 soc.,

353 2630 89 41 inc.
514 2631 250 50 (35-8550)

283 2734 184 62 Eddy,
502 2736 137 50 Mrs.
674 2735 174 62 Mary
876 2734 254 64 (Baker)
1172 2739 324 50 1821-1910.

360 2808 286 54 Christian
698 2808 211 54 science
955 2810 356 67 instruction,
1359 2808 265 54 recorded
1673 2809 74 68 by
1795 2809 100 52 Dr.
1945 2807 210 54 Alfred
2203 2808 65 51 E.

292 2884 1917 71 Baker … during his association with Mary Baker Eddy …
292 2964 251 67 [Boston,
577 2963 189 68 Mass.,
798 2960 153 54 Priv.
989 2961 191 69 print.,
1213 2964 56 53 J.
1305 2964 66 54 R.
1408 2962 244 70 Cornell,
1688 2970 18 21 c
1711 2966 150 64 1935]

356 3034 69 47 42,
459 3053 11 30 [1]
549 3045 41 36 p.
651 3034 58 40 20½
739 3036 43 21 cm
787 3066 9 8 .

359 3105 224 38 “Edition
612 3105 187 39 limited
829 3107 46 37 to
905 3105 108 47 fifty
1044 3105 200 47 copies.”

287 3174 52 52 ©
379 3179 112 46 May
527 3179 39 44 1,
607 3177 138 47 1935;
790 3178 65 39 2c.
896 3179 96 38 and
1029 3177 80 40 aff.
1152 3179 112 46 May
1304 3178 52 46 2;
1398 3179 41 38 A
1477 3178 169 47 81681;
1688 3180 44 39 J.
1772 3179 251 47 Raymond
2065 3178 201 45 Cornell,

354 3234 307 47 Providence,
688 3235 53 38 R.
771 3236 36 37 I.
877 3234 229 48 (35-8536
1114 3236 12 46 )

288 3338 299 64 Emerson,
616 3338 189 64 Ralph
833 3338 219 64 Waldo,
1085 3344 322 50 1803-1882.

349 3414 119 51 The
506 3431 185 50 essays
728 3413 63 53 of
828 3414 191 67 Ralph
1058 3414 207 53 Waldo
1307 3415 301 66 Emerson;
1651 3414 139 52 with
1830 3413 219 54 critical
279 3414 1960 128 introduction
542 3491 72 68 by

651 3491 250 52 Edward
938 3492 63 51 F.
1039 3491 230 68 O’Day;
1308 3491 94 52 the
1434 3491 123 53 first
1592 3491 186 68 series,
2106 3533 12 26 MDCCCXLI,
2151 3489 111 54 and

281 3567 1957 142 the second series, MDCCCXLIV … San Francisco, Now newly imprinted
545 3644 91 51 for
666 3645 96 52 the
790 3645 246 52 Limited
1069 3645 242 52 editions
1343 3644 126 53 club
1501 3645 74 68 by
1606 3646 55 53 J.
1693 3646 76 51 H.
1802 3645 174 67 Nash,
2011 3648 147 49 1934.

352 3726 40 29 x.
422 3716 84 38 262
533 3727 53 36 p,
613 3717 24 37 1
663 3716 28 37 l.
750 3716 55 40 35
809 3718 45 21 cm
858 3746 7 10 .

353 3786 1907 46 “Of this book … fifteen hundred copies were printed … for members
280 3839 1977 51 of the Limited editions club … This copy is … copyright copy. [Signed!]
280 3895 124 39 John
432 3895 164 47 Henry
623 3896 177 40 Nash.”

355 3951 166 40 issued
546 3952 50 39 in
624 3962 122 31 case.
