<alto xmlns="http://www.loc.gov/standards/alto/ns-v3#" xmlns:xlink="http://www.w3.org/1999/xlink" xmlns:xsi="http://www.w3.org/2001/XMLSchema-instance" xsi:schemaLocation="http://www.loc.gov/standards/alto/ns-v3# http://www.loc.gov/alto/v3/alto-3-0.xsd"><Description>
<MeasurementUnit>pixel</MeasurementUnit>
<sourceImageInformation>
<fileName>1935_v32_Part1.pdf</fileName>
</sourceImageInformation>
<OCRProcessing ID="IdOcr">
<ocrProcessingStep>
<processingDateTime>2019-01-15</processingDateTime>
<processingSoftware>
<softwareCreator>ABBYY</softwareCreator>
<softwareName>ABBYY Recognition Server</softwareName>
<softwareVersion>4.0</softwareVersion>
</processingSoftware>
</ocrProcessingStep>
</OCRProcessing>
</Description>
<Styles>
<ParagraphStyle ID="StyleId-FFFFFFFF-FFFF-FFFF-FFFF-FFFFFFFFFFFF-" ALIGN="Left" LEFT="0." RIGHT="0." FIRSTLINE="0."/>
<ParagraphStyle ID="StyleId-09A13A44-4F77-4ABE-84F3-84CC8B3C72CE-" ALIGN="Left" LEFT="0." RIGHT="0." FIRSTLINE="0." LINESPACE="7.699999809"/>
<ParagraphStyle ID="StyleId-1F945060-F8CD-4435-B69A-5FF49DB0C586-" ALIGN="Left" LEFT="0." RIGHT="0." FIRSTLINE="-10." LINESPACE="12.19999981"/>
<ParagraphStyle ID="StyleId-C6CAE747-F5A4-4D0D-8D74-D452DA7E2C1C-" ALIGN="Block" LEFT="0." RIGHT="0." FIRSTLINE="-14." LINESPACE="8.350000381"/>
<ParagraphStyle ID="StyleId-FC0F3374-189A-459E-BE29-2DC14180F022-" ALIGN="Left" LEFT="0." RIGHT="0." FIRSTLINE="0."/>
<ParagraphStyle ID="StyleId-49397C49-A894-4B3E-BA5E-1126226BA375-" ALIGN="Left" LEFT="0." RIGHT="0." FIRSTLINE="-12." LINESPACE="11.09000015"/>
<ParagraphStyle ID="StyleId-9E34DD3A-E661-48BD-A3A1-6A3D48346F00-" ALIGN="Block" LEFT="0." RIGHT="0." FIRSTLINE="-14." LINESPACE="11.09000015"/>
<ParagraphStyle ID="StyleId-56CE54AA-A08B-4BAA-8605-F26020A0E36E-" ALIGN="Left" LEFT="0." RIGHT="0." FIRSTLINE="0." LINESPACE="9.399999619"/>
<ParagraphStyle ID="StyleId-77814FFC-C42F-4AA9-9880-EF33B947DEC8-" ALIGN="Left" LEFT="0." RIGHT="0." FIRSTLINE="-11." LINESPACE="11.06999969"/>
<ParagraphStyle ID="StyleId-FDE92EC0-67DC-4C7B-8A24-094B12C38B6C-" ALIGN="Center" LEFT="0." RIGHT="0." FIRSTLINE="0." LINESPACE="11.30000019"/>
<ParagraphStyle ID="StyleId-65180E3B-4C93-4FB8-81EE-E026DD63DBF3-" ALIGN="Left" LEFT="0." RIGHT="0." FIRSTLINE="0." LINESPACE="11.10000038"/>
<ParagraphStyle ID="StyleId-10E885C2-5813-4620-B0AA-0FBA30CF7A32-" ALIGN="Left" LEFT="0." RIGHT="0." FIRSTLINE="0." LINESPACE="9.5"/>
<ParagraphStyle ID="StyleId-913C2DB5-9F02-4067-BAF7-0AED37B60BBE-" ALIGN="Left" LEFT="0." RIGHT="0." FIRSTLINE="0." LINESPACE="6.099999905"/>
<ParagraphStyle ID="StyleId-9C79A9D2-8F08-4A8F-985D-B00E253ED1E5-" ALIGN="Left" LEFT="0." RIGHT="0." FIRSTLINE="0." LINESPACE="4.400000095"/>
<ParagraphStyle ID="StyleId-A41F0407-FEFE-4738-9EC5-E05AFFF62781-" ALIGN="Left" LEFT="0." RIGHT="0." FIRSTLINE="0." LINESPACE="7.300000191"/>
<ParagraphStyle ID="StyleId-61D37176-94E8-408D-9B87-01C406CE8AB2-" ALIGN="Left" LEFT="0." RIGHT="0." FIRSTLINE="0." LINESPACE="8.050000191"/>
</Styles>
<Layout>
<Page ID="Page548" PHYSICAL_IMG_NR="548" HEIGHT="4375" WIDTH="2424">
<TopMargin HEIGHT="430" WIDTH="2424" VPOS="0" HPOS="0">
</TopMargin>
<LeftMargin HEIGHT="3634" WIDTH="286" VPOS="430" HPOS="0">
</LeftMargin>
<RightMargin HEIGHT="3634" WIDTH="122" VPOS="430" HPOS="2302">
</RightMargin>
<BottomMargin HEIGHT="311" WIDTH="2424" VPOS="4064" HPOS="0">
<TextBlock ID="Page548_Block1" HEIGHT="70" WIDTH="120" VPOS="4070" HPOS="1236" LANG="en-US" STYLEREFS="StyleId-09675C31-4920-469D-8175-680B2F882468-">
<TextLine HEIGHT="49" WIDTH="98" VPOS="4081" HPOS="1247">
<String CONTENT="548" HEIGHT="49" WIDTH="98" VPOS="4081" HPOS="1247"/>
</TextLine>
</TextBlock>
<GraphicalElement ID="Page548_Block2" HEIGHT="311" WIDTH="58" VPOS="4064" HPOS="2366"/>
</BottomMargin>
<PrintSpace HEIGHT="3634" WIDTH="2016" VPOS="430" HPOS="286">
<TextBlock ID="Page548_Block3" HEIGHT="3634" WIDTH="2016" VPOS="430" HPOS="286" LANG="en-US" CS="1" STYLEREFS="StyleId-B1F77A7E-F63E-4D26-8C4E-219152CFCB03-">
<TextLine HEIGHT="50" WIDTH="1919" VPOS="531" HPOS="367" CS="1">
<String LANG="de" CONTENT="vi," HEIGHT="48" WIDTH="60" VPOS="532" HPOS="367"/>
<SP/>
<String LANG="de" CONTENT="336" HEIGHT="40" WIDTH="85" VPOS="533" HPOS="454"/>
<SP HEIGHT="46" WIDTH="22" VPOS="533" HPOS="540"/>
<String LANG="fr" CONTENT="p.," HEIGHT="38" WIDTH="57" VPOS="543" HPOS="563"/>
<SP HEIGHT="48" WIDTH="24" VPOS="533" HPOS="621"/>
<String LANG="de" CONTENT="1" HEIGHT="38" WIDTH="25" VPOS="533" HPOS="646"/>
<SP/>
<String LANG="de" CS="1" CONTENT="l.,"/>
<SP/>
<String LANG="de" CONTENT="311-418" HEIGHT="40" WIDTH="202" VPOS="533" HPOS="764"/>
<SP HEIGHT="47" WIDTH="22" VPOS="533" HPOS="967"/>
<String LANG="de" CONTENT="p." HEIGHT="37" WIDTH="43" VPOS="543" HPOS="990"/>
<SP HEIGHT="30" WIDTH="59" VPOS="543" HPOS="1034"/>
<String LANG="en-US" CONTENT="col." HEIGHT="40" WIDTH="85" VPOS="533" HPOS="1094"/>
<SP HEIGHT="40" WIDTH="23" VPOS="533" HPOS="1180"/>
<String LANG="de" CONTENT="front.," HEIGHT="40" WIDTH="162" VPOS="533" HPOS="1204"/>
<SP HEIGHT="40" WIDTH="22" VPOS="533" HPOS="1367"/>
<String LANG="de" CONTENT="illus." HEIGHT="39" WIDTH="129" VPOS="533" HPOS="1390"/>
<SP HEIGHT="45" WIDTH="27" VPOS="532" HPOS="1520"/>
<String LANG="de" CONTENT="(incl." HEIGHT="45" WIDTH="132" VPOS="532" HPOS="1548"/>
<SP HEIGHT="29" WIDTH="24" VPOS="543" HPOS="1681"/>
<String LANG="en-US" CONTENT="maps)" HEIGHT="46" WIDTH="160" VPOS="533" HPOS="1706"/>
<SP HEIGHT="46" WIDTH="34" VPOS="533" HPOS="1867"/>
<String LANG="en-US" CONTENT="diagrs." HEIGHT="47" WIDTH="178" VPOS="532" HPOS="1902"/>
<SP HEIGHT="39" WIDTH="58" VPOS="532" HPOS="2081"/>
<String LANG="de" CONTENT="25" HEIGHT="39" WIDTH="55" VPOS="531" HPOS="2140"/>
<String LANG="en-US" CS="1" CONTENT="&#189;"/>
<String STYLE="superscript" LANG="de" CONTENT="cm" HEIGHT="20" WIDTH="45" VPOS="533" HPOS="2228"/>
<String LANG="de" CONTENT="." HEIGHT="10" WIDTH="10" VPOS="561" HPOS="2276"/>
</TextLine>
<TextLine HEIGHT="51" WIDTH="1356" VPOS="586" HPOS="368" CS="1">
<String LANG="en-US" CONTENT="&#8220;The" HEIGHT="40" WIDTH="130" VPOS="588" HPOS="368"/>
<SP HEIGHT="37" WIDTH="21" VPOS="598" HPOS="499"/>
<String LANG="en-US" CONTENT="geography" HEIGHT="47" WIDTH="276" VPOS="589" HPOS="521"/>
<SP HEIGHT="37" WIDTH="22" VPOS="598" HPOS="798"/>
<String LANG="en-US" CONTENT="of" HEIGHT="41" WIDTH="52" VPOS="588" HPOS="821"/>
<SP HEIGHT="40" WIDTH="18" VPOS="588" HPOS="874"/>
<String LANG="de" CONTENT="New" HEIGHT="40" WIDTH="117" VPOS="589" HPOS="893"/>
<SP HEIGHT="40" WIDTH="22" VPOS="588" HPOS="1011"/>
<String LANG="de" CONTENT="York" HEIGHT="40" WIDTH="131" VPOS="588" HPOS="1034"/>
<SP HEIGHT="39" WIDTH="23" VPOS="589" HPOS="1166"/>
<String LANG="de" CS="1" CONTENT="state&#8221;;" HEIGHT="40" WIDTH="155" VPOS="588" HPOS="1190"/>
<SP HEIGHT="38" WIDTH="30" VPOS="598" HPOS="1374"/>
<String LANG="de" CONTENT="p." HEIGHT="38" WIDTH="41" VPOS="598" HPOS="1405"/>
<SP HEIGHT="29" WIDTH="31" VPOS="608" HPOS="1447"/>
<String LANG="de" CS="1" CONTENT="[309]-418." HEIGHT="51" WIDTH="245" VPOS="586" HPOS="1479"/>
</TextLine>
<TextLine HEIGHT="53" WIDTH="1906" VPOS="642" HPOS="301">
<String LANG="de" CONTENT="&#169;" HEIGHT="53" WIDTH="52" VPOS="642" HPOS="301"/>
<SP HEIGHT="53" WIDTH="27" VPOS="642" HPOS="354"/>
<String LANG="en-US" CONTENT="July" HEIGHT="47" WIDTH="115" VPOS="647" HPOS="382"/>
<SP HEIGHT="47" WIDTH="24" VPOS="647" HPOS="498"/>
<String LANG="de" CONTENT="20," HEIGHT="47" WIDTH="71" VPOS="646" HPOS="523"/>
<SP HEIGHT="46" WIDTH="26" VPOS="647" HPOS="595"/>
<String LANG="de" CONTENT="1934;" HEIGHT="48" WIDTH="139" VPOS="646" HPOS="622"/>
<SP HEIGHT="47" WIDTH="29" VPOS="647" HPOS="762"/>
<String LANG="de" CONTENT="2c." HEIGHT="40" WIDTH="66" VPOS="647" HPOS="792"/>
<SP HEIGHT="30" WIDTH="28" VPOS="657" HPOS="859"/>
<String LANG="de" CONTENT="and" HEIGHT="39" WIDTH="95" VPOS="647" HPOS="888"/>
<SP HEIGHT="39" WIDTH="25" VPOS="647" HPOS="984"/>
<String LANG="de" CONTENT="aff." HEIGHT="40" WIDTH="81" VPOS="646" HPOS="1010"/>
<SP HEIGHT="39" WIDTH="30" VPOS="647" HPOS="1092"/>
<String LANG="de" CONTENT="Nov." HEIGHT="39" WIDTH="115" VPOS="647" HPOS="1123"/>
<SP HEIGHT="39" WIDTH="28" VPOS="646" HPOS="1239"/>
<String LANG="de" CONTENT="22;" HEIGHT="43" WIDTH="82" VPOS="646" HPOS="1268"/>
<SP HEIGHT="41" WIDTH="29" VPOS="648" HPOS="1351"/>
<!-- cceid 8B7BF530-6D82-1014-B070-FDFD250A9EDA --><String LANG="en-US" CONTENT="A" HEIGHT="37" WIDTH="40" VPOS="648" HPOS="1381"/>
<SP HEIGHT="39" WIDTH="27" VPOS="648" HPOS="1422"/>
<String LANG="de" CONTENT="77380;" HEIGHT="46" WIDTH="169" VPOS="647" HPOS="1450"/>
<SP HEIGHT="45" WIDTH="31" VPOS="648" HPOS="1620"/>
<String LANG="de" CONTENT="John" HEIGHT="38" WIDTH="126" VPOS="648" HPOS="1652"/>
<SP HEIGHT="41" WIDTH="31" VPOS="646" HPOS="1779"/>
<String LANG="de" CONTENT="C." HEIGHT="41" WIDTH="48" VPOS="646" HPOS="1811"/>
<SP HEIGHT="39" WIDTH="29" VPOS="648" HPOS="1860"/>
<String LANG="en-US" CONTENT="Winston" HEIGHT="42" WIDTH="221" VPOS="645" HPOS="1890"/>
<SP HEIGHT="29" WIDTH="28" VPOS="658" HPOS="2112"/>
<String LANG="ru" CONTENT="co." HEIGHT="30" WIDTH="66" VPOS="657" HPOS="2141"/>
</TextLine>
<TextLine HEIGHT="51" WIDTH="1642" VPOS="703" HPOS="372" CS="1">
<String LANG="de" CONTENT="[Copyright" HEIGHT="51" WIDTH="281" VPOS="703" HPOS="372"/>
<SP HEIGHT="40" WIDTH="20" VPOS="704" HPOS="654"/>
<String CONTENT="is" HEIGHT="40" WIDTH="44" VPOS="704" HPOS="675"/>
<SP HEIGHT="30" WIDTH="18" VPOS="714" HPOS="720"/>
<String CONTENT="claimed" HEIGHT="41" WIDTH="203" VPOS="703" HPOS="739"/>
<SP HEIGHT="38" WIDTH="22" VPOS="706" HPOS="943"/>
<String CONTENT="on" HEIGHT="29" WIDTH="60" VPOS="715" HPOS="966"/>
<SP HEIGHT="27" WIDTH="23" VPOS="715" HPOS="1027"/>
<String CONTENT="revisions" HEIGHT="40" WIDTH="234" VPOS="703" HPOS="1051"/>
<SP HEIGHT="29" WIDTH="24" VPOS="714" HPOS="1286"/>
<String CONTENT="and" HEIGHT="38" WIDTH="95" VPOS="705" HPOS="1311"/>
<SP HEIGHT="38" WIDTH="23" VPOS="705" HPOS="1407"/>
<String CONTENT="additions]" HEIGHT="50" WIDTH="261" VPOS="703" HPOS="1431"/>
<SP HEIGHT="50" WIDTH="70" VPOS="703" HPOS="1693"/>
<String CS="1" CONTENT="(35-6251)" HEIGHT="48" WIDTH="250" VPOS="703" HPOS="1764"/>
</TextLine>
<TextLine HEIGHT="65" WIDTH="828" VPOS="807" HPOS="301" STYLEREFS="StyleId-F9CC421E-B963-4178-82C0-124F5C616D14-">
<String CONTENT="Snyder," HEIGHT="65" WIDTH="244" VPOS="807" HPOS="301"/>
<SP HEIGHT="63" WIDTH="32" VPOS="809" HPOS="546"/>
<String CONTENT="Louis" HEIGHT="53" WIDTH="177" VPOS="808" HPOS="579"/>
<SP HEIGHT="52" WIDTH="31" VPOS="809" HPOS="757"/>
<String CONTENT="Leo," HEIGHT="62" WIDTH="133" VPOS="809" HPOS="789"/>
<SP HEIGHT="57" WIDTH="34" VPOS="814" HPOS="923"/>
<String CONTENT="1907-" HEIGHT="55" WIDTH="171" VPOS="809" HPOS="958"/>
</TextLine>
<TextLine HEIGHT="132" WIDTH="1967" VPOS="883" HPOS="298" STYLEREFS="StyleId-C7D6DB02-0D2F-4322-8157-564602C3B198-" CS="1">
<String CONTENT="From" HEIGHT="52" WIDTH="172" VPOS="885" HPOS="370"/>
<SP HEIGHT="51" WIDTH="34" VPOS="885" HPOS="543"/>
<String CONTENT="Bismarck" HEIGHT="54" WIDTH="298" VPOS="883" HPOS="578"/>
<SP HEIGHT="54" WIDTH="29" VPOS="883" HPOS="877"/>
<String CONTENT="to" HEIGHT="45" WIDTH="57" VPOS="892" HPOS="907"/>
<SP HEIGHT="51" WIDTH="32" VPOS="885" HPOS="965"/>
<String CONTENT="Hitler;" HEIGHT="68" WIDTH="223" VPOS="883" HPOS="998"/>
<SP HEIGHT="61" WIDTH="35" VPOS="890" HPOS="1222"/>
<String CONTENT="the" HEIGHT="52" WIDTH="96" VPOS="885" HPOS="1258"/>
<SP HEIGHT="53" WIDTH="29" VPOS="885" HPOS="1355"/>
<String CONTENT="background" HEIGHT="68" WIDTH="367" VPOS="884" HPOS="1385"/>
<SP HEIGHT="55" WIDTH="33" VPOS="884" HPOS="1753"/>
<String CONTENT="of" HEIGHT="55" WIDTH="64" VPOS="884" HPOS="1787"/>
<SP HEIGHT="52" WIDTH="30" VPOS="884" HPOS="1852"/>
<String CONTENT="modern" HEIGHT="52" WIDTH="234" VPOS="884" HPOS="1883"/>
<SP HEIGHT="55" WIDTH="31" VPOS="884" HPOS="2118"/>
<String CONTENT="German" HEIGHT="131" WIDTH="1967" VPOS="884" HPOS="298"/>
</TextLine>
<TextLine HEIGHT="70" WIDTH="1827" VPOS="960" HPOS="464" STYLEREFS="StyleId-C7D6DB02-0D2F-4322-8157-564602C3B198-" CS="1">
<String CONTENT="nationalism," HEIGHT="67" WIDTH="381" VPOS="961" HPOS="464"/>
<SP HEIGHT="66" WIDTH="31" VPOS="962" HPOS="846"/>
<String CONTENT="by" HEIGHT="67" WIDTH="75" VPOS="962" HPOS="878"/>
<SP HEIGHT="66" WIDTH="34" VPOS="963" HPOS="954"/>
<String CONTENT="Louis" HEIGHT="52" WIDTH="172" VPOS="962" HPOS="989"/>
<SP HEIGHT="50" WIDTH="32" VPOS="963" HPOS="1162"/>
<String CONTENT="L." HEIGHT="50" WIDTH="64" VPOS="963" HPOS="1195"/>
<SP HEIGHT="54" WIDTH="37" VPOS="962" HPOS="1260"/>
<String CONTENT="Snyder" HEIGHT="68" WIDTH="223" VPOS="962" HPOS="1298"/>
<SP HEIGHT="32" WIDTH="39" VPOS="982" HPOS="1522"/>
<String CS="1" CONTENT="&#8230;"/>
<SP HEIGHT="53" WIDTH="78" VPOS="963" HPOS="1618"/>
<String CONTENT="Williamsport," HEIGHT="69" WIDTH="437" VPOS="960" HPOS="1697"/>
<SP HEIGHT="64" WIDTH="34" VPOS="964" HPOS="2135"/>
<String CONTENT="Pa.," HEIGHT="66" WIDTH="121" VPOS="964" HPOS="2170"/>
</TextLine>
<TextLine HEIGHT="67" WIDTH="795" VPOS="1040" HPOS="299" STYLEREFS="StyleId-C7D6DB02-0D2F-4322-8157-564602C3B198-" CS="1">
<String CONTENT="The" HEIGHT="52" WIDTH="121" VPOS="1040" HPOS="299"/>
<SP HEIGHT="51" WIDTH="29" VPOS="1041" HPOS="421"/>
<String CONTENT="Bayard" HEIGHT="66" WIDTH="232" VPOS="1041" HPOS="451"/>
<SP HEIGHT="65" WIDTH="29" VPOS="1041" HPOS="684"/>
<String CONTENT="press" HEIGHT="49" WIDTH="155" VPOS="1057" HPOS="714"/>
<SP HEIGHT="46" WIDTH="33" VPOS="1059" HPOS="870"/>
<String CS="1" CONTENT="["/>
<String STYLE="superscript" CONTENT="c" HEIGHT="21" WIDTH="18" VPOS="1046" HPOS="921"/>
<String CONTENT="1935]" HEIGHT="65" WIDTH="149" VPOS="1042" HPOS="945"/>
</TextLine>
<TextLine HEIGHT="49" WIDTH="691" VPOS="1112" HPOS="370" STYLEREFS="StyleId-C7D6DB02-0D2F-4322-8157-564602C3B198-" CS="1">
<String CONTENT="xiv" HEIGHT="41" WIDTH="84" VPOS="1112" HPOS="370"/>
<SP HEIGHT="37" WIDTH="27" VPOS="1124" HPOS="455"/>
<String LANG="fr" CONTENT="p.," HEIGHT="37" WIDTH="57" VPOS="1124" HPOS="483"/>
<SP HEIGHT="47" WIDTH="30" VPOS="1114" HPOS="541"/>
<String CONTENT="1" HEIGHT="39" WIDTH="25" VPOS="1114" HPOS="572"/>
<SP/>
<String CS="1" CONTENT="l.,"/>
<SP/>
<String CONTENT="164" HEIGHT="40" WIDTH="85" VPOS="1114" HPOS="700"/>
<SP HEIGHT="47" WIDTH="28" VPOS="1114" HPOS="786"/>
<String CONTENT="p." HEIGHT="37" WIDTH="43" VPOS="1124" HPOS="815"/>
<SP HEIGHT="41" WIDTH="56" VPOS="1113" HPOS="859"/>
<String CS="1" CONTENT="23&#189;" HEIGHT="40" WIDTH="55" VPOS="1113" HPOS="916"/>
<String STYLE="superscript" CONTENT="cm" HEIGHT="21" WIDTH="45" VPOS="1116" HPOS="1004"/>
<String CONTENT="." HEIGHT="8" WIDTH="8" VPOS="1146" HPOS="1053"/>
</TextLine>
<TextLine HEIGHT="50" WIDTH="1644" VPOS="1168" HPOS="645" CS="1">
<String CS="1" CONTENT="CONTENTS."/>
<SP HEIGHT="17" WIDTH="16" VPOS="1192" HPOS="645"/>
<String CONTENT="&#8212;" HEIGHT="5" WIDTH="60" VPOS="1192" HPOS="662"/>
<SP HEIGHT="37" WIDTH="15" VPOS="1180" HPOS="723"/>
<String CONTENT="pt." HEIGHT="47" WIDTH="70" VPOS="1170" HPOS="739"/>
<SP HEIGHT="32" WIDTH="30" VPOS="1177" HPOS="810"/>
<String CS="1" CONTENT="I." HEIGHT="9" WIDTH="10" VPOS="1201" HPOS="862"/>
<SP HEIGHT="40" WIDTH="30" VPOS="1170" HPOS="873"/>
<String CONTENT="The" HEIGHT="40" WIDTH="103" VPOS="1170" HPOS="904"/>
<SP HEIGHT="29" WIDTH="28" VPOS="1181" HPOS="1008"/>
<String CONTENT="apostles." HEIGHT="48" WIDTH="227" VPOS="1170" HPOS="1037"/>
<SP HEIGHT="17" WIDTH="14" VPOS="1192" HPOS="1265"/>
<String CONTENT="&#8212;" HEIGHT="5" WIDTH="60" VPOS="1192" HPOS="1280"/>
<SP HEIGHT="38" WIDTH="16" VPOS="1180" HPOS="1341"/>
<String CONTENT="pt." HEIGHT="48" WIDTH="69" VPOS="1170" HPOS="1358"/>
<SP HEIGHT="33" WIDTH="31" VPOS="1176" HPOS="1428"/>
<String CS="1" CONTENT="II." HEIGHT="10" WIDTH="11" VPOS="1199" HPOS="1502"/>
<SP HEIGHT="39" WIDTH="30" VPOS="1170" HPOS="1514"/>
<String CONTENT="The" HEIGHT="40" WIDTH="100" VPOS="1170" HPOS="1545"/>
<SP HEIGHT="40" WIDTH="31" VPOS="1170" HPOS="1646"/>
<String CONTENT="forces." HEIGHT="40" WIDTH="173" VPOS="1170" HPOS="1678"/>
<SP HEIGHT="17" WIDTH="15" VPOS="1192" HPOS="1852"/>
<String CONTENT="&#8212;" HEIGHT="6" WIDTH="60" VPOS="1192" HPOS="1868"/>
<SP HEIGHT="39" WIDTH="13" VPOS="1170" HPOS="1929"/>
<String CONTENT="Bibliography" HEIGHT="50" WIDTH="346" VPOS="1168" HPOS="1943"/>
</TextLine>
<TextLine HEIGHT="50" WIDTH="328" VPOS="1225" HPOS="309">
<String CONTENT="(p." HEIGHT="49" WIDTH="67" VPOS="1225" HPOS="309"/>
<SP HEIGHT="39" WIDTH="32" VPOS="1227" HPOS="377"/>
<String CONTENT="158-164)" HEIGHT="49" WIDTH="227" VPOS="1226" HPOS="410"/>
</TextLine>
<TextLine HEIGHT="53" WIDTH="1989" VPOS="1279" HPOS="299" CS="1">
<String CONTENT="&#169;" HEIGHT="52" WIDTH="53" VPOS="1279" HPOS="299"/>
<SP HEIGHT="52" WIDTH="22" VPOS="1279" HPOS="353"/>
<String CONTENT="Mar." HEIGHT="38" WIDTH="121" VPOS="1285" HPOS="376"/>
<SP HEIGHT="38" WIDTH="23" VPOS="1285" HPOS="498"/>
<String CONTENT="18," HEIGHT="47" WIDTH="69" VPOS="1284" HPOS="522"/>
<SP HEIGHT="46" WIDTH="23" VPOS="1285" HPOS="592"/>
<String CS="1" CONTENT="1935;" HEIGHT="41" WIDTH="114" VPOS="1282" HPOS="616"/>
<SP HEIGHT="47" WIDTH="24" VPOS="1283" HPOS="757"/>
<String CONTENT="2c." HEIGHT="40" WIDTH="66" VPOS="1283" HPOS="782"/>
<SP HEIGHT="28" WIDTH="23" VPOS="1295" HPOS="849"/>
<String CONTENT="and" HEIGHT="39" WIDTH="95" VPOS="1284" HPOS="873"/>
<SP HEIGHT="39" WIDTH="24" VPOS="1284" HPOS="969"/>
<String CONTENT="aff." HEIGHT="40" WIDTH="81" VPOS="1283" HPOS="994"/>
<SP HEIGHT="39" WIDTH="25" VPOS="1284" HPOS="1076"/>
<String CONTENT="Mar." HEIGHT="39" WIDTH="120" VPOS="1284" HPOS="1102"/>
<SP HEIGHT="40" WIDTH="25" VPOS="1283" HPOS="1223"/>
<String CONTENT="25;" HEIGHT="46" WIDTH="82" VPOS="1283" HPOS="1249"/>
<SP HEIGHT="44" WIDTH="26" VPOS="1285" HPOS="1332"/>
<!-- cceid 8B7C97DE-6D82-1014-B070-FDFD250A9EDA --><String CONTENT="A" HEIGHT="38" WIDTH="41" VPOS="1285" HPOS="1359"/>
<SP HEIGHT="39" WIDTH="24" VPOS="1284" HPOS="1401"/>
<String CONTENT="82120;" HEIGHT="47" WIDTH="168" VPOS="1283" HPOS="1426"/>
<SP HEIGHT="45" WIDTH="28" VPOS="1285" HPOS="1595"/>
<String CONTENT="L," HEIGHT="37" WIDTH="48" VPOS="1285" HPOS="1624"/>
<SP HEIGHT="37" WIDTH="26" VPOS="1285" HPOS="1673"/>
<String CONTENT="L," HEIGHT="38" WIDTH="49" VPOS="1285" HPOS="1700"/>
<SP HEIGHT="40" WIDTH="29" VPOS="1284" HPOS="1750"/>
<String CONTENT="Snyder," HEIGHT="48" WIDTH="198" VPOS="1284" HPOS="1780"/>
<SP HEIGHT="47" WIDTH="24" VPOS="1285" HPOS="1979"/>
<String CONTENT="New" HEIGHT="38" WIDTH="116" VPOS="1285" HPOS="2004"/>
<SP HEIGHT="38" WIDTH="24" VPOS="1285" HPOS="2121"/>
<String CONTENT="York." HEIGHT="38" WIDTH="142" VPOS="1285" HPOS="2146"/>
</TextLine>
<TextLine HEIGHT="49" WIDTH="249" VPOS="1340" HPOS="379">
<String CONTENT="(35-6207)" HEIGHT="49" WIDTH="249" VPOS="1340" HPOS="379"/>
</TextLine>
<TextLine HEIGHT="69" WIDTH="1188" VPOS="1440" HPOS="299" STYLEREFS="StyleId-F9CC421E-B963-4178-82C0-124F5C616D14-" CS="1">
<String CONTENT="Stearns," HEIGHT="67" WIDTH="264" VPOS="1440" HPOS="299"/>
<SP HEIGHT="62" WIDTH="28" VPOS="1445" HPOS="564"/>
<String CS="1" CONTENT="Mrs." HEIGHT="9" WIDTH="10" VPOS="1486" HPOS="721"/>
<SP HEIGHT="52" WIDTH="29" VPOS="1445" HPOS="732"/>
<String CONTENT="Norah" HEIGHT="54" WIDTH="203" VPOS="1443" HPOS="762"/>
<SP HEIGHT="64" WIDTH="32" VPOS="1443" HPOS="966"/>
<String CONTENT="(Dowell)" HEIGHT="65" WIDTH="277" VPOS="1444" HPOS="999"/>
<SP HEIGHT="64" WIDTH="39" VPOS="1445" HPOS="1277"/>
<String CONTENT="1891-" HEIGHT="49" WIDTH="170" VPOS="1450" HPOS="1317"/>
</TextLine>
<TextLine HEIGHT="70" WIDTH="1913" VPOS="1517" HPOS="377" STYLEREFS="StyleId-C7D6DB02-0D2F-4322-8157-564602C3B198-">
<String CONTENT="An" HEIGHT="50" WIDTH="85" VPOS="1519" HPOS="377"/>
<SP HEIGHT="51" WIDTH="37" VPOS="1521" HPOS="463"/>
<String CONTENT="island" HEIGHT="52" WIDTH="186" VPOS="1520" HPOS="501"/>
<SP HEIGHT="52" WIDTH="34" VPOS="1520" HPOS="688"/>
<String CONTENT="is" HEIGHT="51" WIDTH="47" VPOS="1520" HPOS="723"/>
<SP HEIGHT="52" WIDTH="34" VPOS="1519" HPOS="771"/>
<String CONTENT="born;" HEIGHT="66" WIDTH="169" VPOS="1519" HPOS="806"/>
<SP HEIGHT="67" WIDTH="40" VPOS="1518" HPOS="976"/>
<String CONTENT="Oahu" HEIGHT="54" WIDTH="166" VPOS="1518" HPOS="1017"/>
<SP HEIGHT="34" WIDTH="36" VPOS="1538" HPOS="1184"/>
<String CONTENT="roars" HEIGHT="34" WIDTH="156" VPOS="1538" HPOS="1221"/>
<SP HEIGHT="33" WIDTH="36" VPOS="1539" HPOS="1378"/>
<String CONTENT="up" HEIGHT="49" WIDTH="76" VPOS="1538" HPOS="1415"/>
<SP HEIGHT="69" WIDTH="37" VPOS="1518" HPOS="1492"/>
<String CONTENT="from" HEIGHT="55" WIDTH="150" VPOS="1518" HPOS="1530"/>
<SP HEIGHT="47" WIDTH="36" VPOS="1525" HPOS="1681"/>
<String CONTENT="the" HEIGHT="53" WIDTH="96" VPOS="1519" HPOS="1718"/>
<SP HEIGHT="53" WIDTH="34" VPOS="1518" HPOS="1815"/>
<String CONTENT="deep" HEIGHT="69" WIDTH="138" VPOS="1518" HPOS="1850"/>
<SP HEIGHT="62" WIDTH="36" VPOS="1525" HPOS="1989"/>
<String CONTENT="to" HEIGHT="47" WIDTH="57" VPOS="1525" HPOS="2026"/>
<SP HEIGHT="34" WIDTH="37" VPOS="1537" HPOS="2084"/>
<String CONTENT="claim" HEIGHT="56" WIDTH="168" VPOS="1517" HPOS="2122"/>
</TextLine>
<TextLine HEIGHT="144" WIDTH="1960" VPOS="1596" HPOS="306" STYLEREFS="StyleId-C7D6DB02-0D2F-4322-8157-564602C3B198-" CS="1">
<String CONTENT="its" HEIGHT="50" WIDTH="70" VPOS="1597" HPOS="306"/>
<SP HEIGHT="48" WIDTH="28" VPOS="1616" HPOS="377"/>
<String CONTENT="place" HEIGHT="67" WIDTH="157" VPOS="1597" HPOS="406"/>
<SP HEIGHT="50" WIDTH="28" VPOS="1596" HPOS="564"/>
<String CONTENT="in" HEIGHT="50" WIDTH="60" VPOS="1596" HPOS="593"/>
<SP HEIGHT="46" WIDTH="29" VPOS="1602" HPOS="654"/>
<String CONTENT="the" HEIGHT="51" WIDTH="95" VPOS="1597" HPOS="684"/>
<SP HEIGHT="50" WIDTH="27" VPOS="1597" HPOS="780"/>
<String CONTENT="Hawaiian" HEIGHT="53" WIDTH="305" VPOS="1596" HPOS="808"/>
<SP HEIGHT="49" WIDTH="30" VPOS="1615" HPOS="1114"/>
<String CONTENT="group" HEIGHT="49" WIDTH="182" VPOS="1615" HPOS="1145"/>
<SP HEIGHT="48" WIDTH="31" VPOS="1616" HPOS="1328"/>
<String CONTENT="of" HEIGHT="52" WIDTH="64" VPOS="1598" HPOS="1360"/>
<SP HEIGHT="51" WIDTH="29" VPOS="1598" HPOS="1425"/>
<String CS="1" CONTENT="Polynesia;" HEIGHT="66" WIDTH="298" VPOS="1598" HPOS="1455"/>
<SP HEIGHT="48" WIDTH="34" VPOS="1614" HPOS="1786"/>
<String CONTENT="a" HEIGHT="33" WIDTH="31" VPOS="1614" HPOS="1821"/>
<SP HEIGHT="33" WIDTH="30" VPOS="1614" HPOS="1853"/>
<String CONTENT="story" HEIGHT="61" WIDTH="154" VPOS="1604" HPOS="1884"/>
<SP HEIGHT="51" WIDTH="29" VPOS="1614" HPOS="2039"/>
<String CONTENT="of" HEIGHT="52" WIDTH="64" VPOS="1596" HPOS="2069"/>
<SP HEIGHT="70" WIDTH="29" VPOS="1596" HPOS="2134"/>
<String CONTENT="geological" HEIGHT="126" WIDTH="1960" VPOS="1614" HPOS="306"/>
</TextLine>
<TextLine HEIGHT="69" WIDTH="1732" VPOS="1673" HPOS="559" STYLEREFS="StyleId-C7D6DB02-0D2F-4322-8157-564602C3B198-">
<String CONTENT="genesis," HEIGHT="69" WIDTH="234" VPOS="1673" HPOS="559"/>
<SP HEIGHT="68" WIDTH="48" VPOS="1674" HPOS="794"/>
<String CONTENT="by" HEIGHT="66" WIDTH="71" VPOS="1674" HPOS="843"/>
<SP HEIGHT="67" WIDTH="53" VPOS="1673" HPOS="915"/>
<String CONTENT="Norah" HEIGHT="52" WIDTH="190" VPOS="1673" HPOS="969"/>
<SP HEIGHT="50" WIDTH="55" VPOS="1674" HPOS="1160"/>
<String CONTENT="D." HEIGHT="52" WIDTH="69" VPOS="1674" HPOS="1216"/>
<SP HEIGHT="54" WIDTH="53" VPOS="1673" HPOS="1286"/>
<String CONTENT="Stearns." HEIGHT="54" WIDTH="248" VPOS="1673" HPOS="1340"/>
<SP HEIGHT="53" WIDTH="89" VPOS="1674" HPOS="1589"/>
<String CONTENT="Honolulu," HEIGHT="68" WIDTH="313" VPOS="1673" HPOS="1679"/>
<SP HEIGHT="67" WIDTH="48" VPOS="1674" HPOS="1993"/>
<String CONTENT="Hawaii," HEIGHT="67" WIDTH="249" VPOS="1673" HPOS="2042"/>
</TextLine>
<TextLine HEIGHT="70" WIDTH="1350" VPOS="1750" HPOS="308" STYLEREFS="StyleId-C7D6DB02-0D2F-4322-8157-564602C3B198-">
<String CONTENT="Honolulu" HEIGHT="53" WIDTH="288" VPOS="1750" HPOS="308"/>
<SP HEIGHT="33" WIDTH="28" VPOS="1769" HPOS="597"/>
<String CONTENT="star-bulletin" HEIGHT="53" WIDTH="378" VPOS="1751" HPOS="626"/>
<SP HEIGHT="33" WIDTH="29" VPOS="1769" HPOS="1005"/>
<String CONTENT="compare," HEIGHT="51" WIDTH="294" VPOS="1769" HPOS="1035"/>
<SP HEIGHT="66" WIDTH="26" VPOS="1752" HPOS="1330"/>
<String CONTENT="ltd.," HEIGHT="68" WIDTH="121" VPOS="1752" HPOS="1357"/>
<SP HEIGHT="65" WIDTH="30" VPOS="1755" HPOS="1479"/>
<String CONTENT="1935." HEIGHT="50" WIDTH="148" VPOS="1754" HPOS="1510"/>
</TextLine>
<TextLine HEIGHT="49" WIDTH="1100" VPOS="1822" HPOS="375">
<String CONTENT="[1]," HEIGHT="48" WIDTH="70" VPOS="1822" HPOS="375"/>
<SP HEIGHT="45" WIDTH="26" VPOS="1823" HPOS="446"/>
<String CONTENT="iv-ix," HEIGHT="46" WIDTH="143" VPOS="1822" HPOS="473"/>
<SP HEIGHT="29" WIDTH="27" VPOS="1841" HPOS="617"/>
<String CONTENT="[1]," HEIGHT="49" WIDTH="71" VPOS="1822" HPOS="645"/>
<SP HEIGHT="46" WIDTH="24" VPOS="1823" HPOS="717"/>
<String CONTENT="115" HEIGHT="39" WIDTH="85" VPOS="1823" HPOS="742"/>
<SP HEIGHT="47" WIDTH="22" VPOS="1823" HPOS="828"/>
<String CONTENT="p." HEIGHT="37" WIDTH="41" VPOS="1833" HPOS="851"/>
<SP HEIGHT="40" WIDTH="60" VPOS="1824" HPOS="893"/>
<String CONTENT="illus.," HEIGHT="47" WIDTH="141" VPOS="1824" HPOS="954"/>
<SP HEIGHT="46" WIDTH="24" VPOS="1825" HPOS="1096"/>
<String CONTENT="diagrs." HEIGHT="45" WIDTH="178" VPOS="1825" HPOS="1121"/>
<SP HEIGHT="40" WIDTH="59" VPOS="1823" HPOS="1300"/>
<String CONTENT="23" HEIGHT="41" WIDTH="55" VPOS="1823" HPOS="1360"/>
<String STYLE="superscript" CONTENT="cm" HEIGHT="21" WIDTH="42" VPOS="1826" HPOS="1418"/>
<String CONTENT="." HEIGHT="9" WIDTH="8" VPOS="1857" HPOS="1467"/>
</TextLine>
<TextLine HEIGHT="48" WIDTH="613" VPOS="1879" HPOS="374">
<String CONTENT="Maps" HEIGHT="47" WIDTH="138" VPOS="1879" HPOS="374"/>
<SP HEIGHT="29" WIDTH="26" VPOS="1889" HPOS="513"/>
<String CONTENT="on" HEIGHT="28" WIDTH="60" VPOS="1890" HPOS="540"/>
<SP HEIGHT="39" WIDTH="25" VPOS="1879" HPOS="601"/>
<String CONTENT="lining-papers." HEIGHT="48" WIDTH="360" VPOS="1879" HPOS="627"/>
</TextLine>
<TextLine HEIGHT="105" WIDTH="1967" VPOS="1936" HPOS="305" CS="1">
<String CONTENT="&#8220;The" HEIGHT="40" WIDTH="130" VPOS="1936" HPOS="373"/>
<SP HEIGHT="31" WIDTH="24" VPOS="1945" HPOS="504"/>
<String CONTENT="chapters" HEIGHT="47" WIDTH="226" VPOS="1937" HPOS="529"/>
<SP HEIGHT="29" WIDTH="29" VPOS="1947" HPOS="756"/>
<String CONTENT="of" HEIGHT="39" WIDTH="51" VPOS="1937" HPOS="786"/>
<SP HEIGHT="40" WIDTH="28" VPOS="1937" HPOS="838"/>
<String CONTENT="this" HEIGHT="40" WIDTH="96" VPOS="1937" HPOS="867"/>
<SP HEIGHT="38" WIDTH="25" VPOS="1938" HPOS="964"/>
<String CONTENT="book" HEIGHT="38" WIDTH="122" VPOS="1938" HPOS="990"/>
<SP HEIGHT="38" WIDTH="28" VPOS="1939" HPOS="1113"/>
<String CONTENT="were" HEIGHT="30" WIDTH="125" VPOS="1947" HPOS="1142"/>
<SP HEIGHT="30" WIDTH="31" VPOS="1947" HPOS="1268"/>
<String CONTENT="written" HEIGHT="40" WIDTH="193" VPOS="1938" HPOS="1300"/>
<SP HEIGHT="40" WIDTH="27" VPOS="1938" HPOS="1494"/>
<String CONTENT="for" HEIGHT="40" WIDTH="78" VPOS="1938" HPOS="1522"/>
<SP HEIGHT="38" WIDTH="30" VPOS="1941" HPOS="1601"/>
<String CONTENT="the" HEIGHT="39" WIDTH="82" VPOS="1940" HPOS="1632"/>
<SP HEIGHT="39" WIDTH="26" VPOS="1939" HPOS="1715"/>
<String CONTENT="Honolulu" HEIGHT="40" WIDTH="246" VPOS="1939" HPOS="1742"/>
<SP HEIGHT="29" WIDTH="30" VPOS="1949" HPOS="1989"/>
<String CONTENT="star-bulletin" HEIGHT="93" WIDTH="1967" VPOS="1939" HPOS="305"/>
<SP HEIGHT="29" WIDTH="47" VPOS="2003" HPOS="374"/>
<String CONTENT="and" HEIGHT="40" WIDTH="95" VPOS="1993" HPOS="422"/>
<SP HEIGHT="40" WIDTH="46" VPOS="1993" HPOS="518"/>
<String CONTENT="appeared" HEIGHT="47" WIDTH="242" VPOS="1994" HPOS="565"/>
</TextLine>
<TextLine HEIGHT="48" WIDTH="1437" VPOS="1994" HPOS="854">
<String CONTENT="serially" HEIGHT="48" WIDTH="195" VPOS="1994" HPOS="854"/>
<SP HEIGHT="47" WIDTH="48" VPOS="1995" HPOS="1050"/>
<String CONTENT="in" HEIGHT="37" WIDTH="47" VPOS="1995" HPOS="1099"/>
<SP HEIGHT="37" WIDTH="46" VPOS="1996" HPOS="1147"/>
<String CONTENT="the" HEIGHT="39" WIDTH="82" VPOS="1995" HPOS="1194"/>
<SP HEIGHT="40" WIDTH="46" VPOS="1995" HPOS="1277"/>
<String CONTENT="Saturday" HEIGHT="47" WIDTH="244" VPOS="1995" HPOS="1324"/>
<SP HEIGHT="47" WIDTH="43" VPOS="1995" HPOS="1569"/>
<String CONTENT="feature" HEIGHT="41" WIDTH="195" VPOS="1995" HPOS="1613"/>
<SP HEIGHT="31" WIDTH="45" VPOS="2005" HPOS="1809"/>
<String CONTENT="section" HEIGHT="37" WIDTH="180" VPOS="1998" HPOS="1855"/>
<SP HEIGHT="29" WIDTH="46" VPOS="2006" HPOS="2036"/>
<String CONTENT="of" HEIGHT="40" WIDTH="52" VPOS="1995" HPOS="2083"/>
<SP HEIGHT="40" WIDTH="44" VPOS="1995" HPOS="2136"/>
<String CONTENT="that" HEIGHT="39" WIDTH="110" VPOS="1996" HPOS="2181"/>
</TextLine>
<TextLine HEIGHT="48" WIDTH="435" VPOS="2049" HPOS="305">
<String CONTENT="paper.&#8221;&#8212;Introd." HEIGHT="48" WIDTH="435" VPOS="2049" HPOS="305"/>
</TextLine>
<TextLine HEIGHT="107" WIDTH="1971" VPOS="2107" HPOS="301" CS="1">
<String CONTENT="&#169;" HEIGHT="52" WIDTH="53" VPOS="2107" HPOS="301"/>
<SP HEIGHT="52" WIDTH="24" VPOS="2107" HPOS="355"/>
<String CONTENT="Apr." HEIGHT="47" WIDTH="110" VPOS="2111" HPOS="380"/>
<SP HEIGHT="38" WIDTH="23" VPOS="2112" HPOS="491"/>
<String CONTENT="13," HEIGHT="46" WIDTH="68" VPOS="2111" HPOS="515"/>
<SP HEIGHT="47" WIDTH="24" VPOS="2110" HPOS="584"/>
<String CS="1" CONTENT="1935;" HEIGHT="40" WIDTH="114" VPOS="2110" HPOS="609"/>
<SP HEIGHT="46" WIDTH="25" VPOS="2109" HPOS="750"/>
<String CONTENT="2c." HEIGHT="40" WIDTH="67" VPOS="2109" HPOS="776"/>
<SP HEIGHT="29" WIDTH="24" VPOS="2120" HPOS="844"/>
<String CONTENT="and" HEIGHT="38" WIDTH="93" VPOS="2111" HPOS="869"/>
<SP HEIGHT="38" WIDTH="25" VPOS="2111" HPOS="963"/>
<String CONTENT="aff." HEIGHT="39" WIDTH="81" VPOS="2109" HPOS="989"/>
<SP HEIGHT="38" WIDTH="25" VPOS="2110" HPOS="1071"/>
<String CONTENT="Apr." HEIGHT="47" WIDTH="112" VPOS="2110" HPOS="1097"/>
<SP HEIGHT="40" WIDTH="26" VPOS="2109" HPOS="1210"/>
<String CONTENT="29;" HEIGHT="47" WIDTH="81" VPOS="2109" HPOS="1237"/>
<SP HEIGHT="46" WIDTH="28" VPOS="2110" HPOS="1319"/>
<!-- cceid 8B7D3841-6D82-1014-B070-FDFD250A9EDA --><String CONTENT="A" HEIGHT="38" WIDTH="39" VPOS="2110" HPOS="1348"/>
<SP HEIGHT="40" WIDTH="24" VPOS="2110" HPOS="1388"/>
<String CS="1" CONTENT="82831;" HEIGHT="41" WIDTH="141" VPOS="2109" HPOS="1413"/>
<SP HEIGHT="45" WIDTH="26" VPOS="2111" HPOS="1583"/>
<String CONTENT="N." HEIGHT="39" WIDTH="55" VPOS="2111" HPOS="1610"/>
<SP HEIGHT="39" WIDTH="26" VPOS="2111" HPOS="1666"/>
<String CONTENT="D." HEIGHT="39" WIDTH="54" VPOS="2111" HPOS="1693"/>
<SP HEIGHT="39" WIDTH="30" VPOS="2111" HPOS="1748"/>
<String CONTENT="Stearns," HEIGHT="47" WIDTH="214" VPOS="2111" HPOS="1779"/>
<SP HEIGHT="47" WIDTH="28" VPOS="2111" HPOS="1994"/>
<String CONTENT="Spreckelsville," HEIGHT="103" WIDTH="1902" VPOS="2111" HPOS="370"/>
<SP HEIGHT="46" WIDTH="31" VPOS="2168" HPOS="497"/>
<String CONTENT="Maui," HEIGHT="47" WIDTH="147" VPOS="2167" HPOS="529"/>
<SP HEIGHT="47" WIDTH="29" VPOS="2167" HPOS="677"/>
<String CONTENT="T." HEIGHT="40" WIDTH="52" VPOS="2167" HPOS="707"/>
<SP HEIGHT="40" WIDTH="29" VPOS="2167" HPOS="760"/>
<String CONTENT="H." HEIGHT="39" WIDTH="60" VPOS="2167" HPOS="790"/>
<SP HEIGHT="48" WIDTH="68" VPOS="2166" HPOS="851"/>
<String CONTENT="(35-6317)" HEIGHT="48" WIDTH="250" VPOS="2166" HPOS="920"/>
</TextLine>
<TextLine HEIGHT="63" WIDTH="576" VPOS="2271" HPOS="301" STYLEREFS="StyleId-F9CC421E-B963-4178-82C0-124F5C616D14-" LANG="de">
<String CONTENT="Strandwold," HEIGHT="62" WIDTH="388" VPOS="2272" HPOS="301"/>
<SP HEIGHT="62" WIDTH="32" VPOS="2272" HPOS="690"/>
<String CONTENT="Olaf." HEIGHT="56" WIDTH="154" VPOS="2271" HPOS="723"/>
</TextLine>
<TextLine HEIGHT="68" WIDTH="1917" VPOS="2346" HPOS="371" STYLEREFS="StyleId-C7D6DB02-0D2F-4322-8157-564602C3B198-" CS="1">
<String CONTENT="The" HEIGHT="50" WIDTH="120" VPOS="2349" HPOS="371"/>
<SP HEIGHT="51" WIDTH="47" VPOS="2349" HPOS="492"/>
<String CONTENT="Yarmouth" HEIGHT="52" WIDTH="322" VPOS="2348" HPOS="540"/>
<SP HEIGHT="51" WIDTH="47" VPOS="2348" HPOS="863"/>
<String CONTENT="stone" HEIGHT="46" WIDTH="157" VPOS="2353" HPOS="911"/>
<SP HEIGHT="33" WIDTH="52" VPOS="2366" HPOS="1069"/>
<String CS="1" CONTENT="&#8230;"/>
<SP HEIGHT="33" WIDTH="51" VPOS="2366" HPOS="1178"/>
<String CONTENT="mystic" HEIGHT="68" WIDTH="203" VPOS="2346" HPOS="1230"/>
<SP HEIGHT="34" WIDTH="46" VPOS="2366" HPOS="1434"/>
<String CONTENT="characters" HEIGHT="52" WIDTH="317" VPOS="2348" HPOS="1481"/>
<SP HEIGHT="33" WIDTH="47" VPOS="2367" HPOS="1799"/>
<String CONTENT="on" HEIGHT="33" WIDTH="71" VPOS="2367" HPOS="1847"/>
<SP HEIGHT="51" WIDTH="49" VPOS="2349" HPOS="1919"/>
<String CONTENT="Yarmouth" HEIGHT="51" WIDTH="319" VPOS="2349" HPOS="1969"/>
</TextLine>
<TextLine HEIGHT="68" WIDTH="1989" VPOS="2425" HPOS="300" STYLEREFS="StyleId-C7D6DB02-0D2F-4322-8157-564602C3B198-">
<String CONTENT="stone" HEIGHT="48" WIDTH="157" VPOS="2432" HPOS="300"/>
<SP HEIGHT="49" WIDTH="39" VPOS="2444" HPOS="458"/>
<String CONTENT="yield" HEIGHT="68" WIDTH="154" VPOS="2425" HPOS="498"/>
<SP HEIGHT="52" WIDTH="41" VPOS="2426" HPOS="653"/>
<String CONTENT="startling" HEIGHT="68" WIDTH="270" VPOS="2425" HPOS="695"/>
<SP HEIGHT="51" WIDTH="40" VPOS="2442" HPOS="966"/>
<String CONTENT="evidence" HEIGHT="52" WIDTH="260" VPOS="2425" HPOS="1007"/>
<SP HEIGHT="33" WIDTH="41" VPOS="2444" HPOS="1268"/>
<String CONTENT="of" HEIGHT="51" WIDTH="63" VPOS="2425" HPOS="1310"/>
<SP HEIGHT="52" WIDTH="41" VPOS="2425" HPOS="1374"/>
<String CONTENT="Norse" HEIGHT="51" WIDTH="177" VPOS="2426" HPOS="1416"/>
<SP HEIGHT="50" WIDTH="42" VPOS="2427" HPOS="1594"/>
<String CONTENT="discoveries," HEIGHT="67" WIDTH="352" VPOS="2425" HPOS="1637"/>
<SP HEIGHT="67" WIDTH="39" VPOS="2425" HPOS="1990"/>
<String CONTENT="by" HEIGHT="67" WIDTH="75" VPOS="2425" HPOS="2030"/>
<SP HEIGHT="67" WIDTH="41" VPOS="2425" HPOS="2106"/>
<String LANG="de" CONTENT="Olaf" HEIGHT="55" WIDTH="141" VPOS="2425" HPOS="2148"/>
</TextLine>
<TextLine HEIGHT="70" WIDTH="1984" VPOS="2501" HPOS="304" STYLEREFS="StyleId-C7D6DB02-0D2F-4322-8157-564602C3B198-">
<String LANG="de" CONTENT="Strandwold." HEIGHT="54" WIDTH="382" VPOS="2503" HPOS="304"/>
<SP HEIGHT="33" WIDTH="80" VPOS="2535" HPOS="687"/>
<String LANG="en-US" CONTENT="[Prosser," HEIGHT="64" WIDTH="267" VPOS="2504" HPOS="768"/>
<SP HEIGHT="64" WIDTH="60" VPOS="2503" HPOS="1036"/>
<String LANG="en-US" CONTENT="Wash.," HEIGHT="60" WIDTH="213" VPOS="2503" HPOS="1097"/>
<SP HEIGHT="59" WIDTH="61" VPOS="2504" HPOS="1311"/>
<String LANG="en-US" CONTENT="Prosser" HEIGHT="51" WIDTH="233" VPOS="2504" HPOS="1373"/>
<SP HEIGHT="50" WIDTH="61" VPOS="2521" HPOS="1607"/>
<String LANG="en-US" CONTENT="printing" HEIGHT="70" WIDTH="262" VPOS="2501" HPOS="1669"/>
<SP HEIGHT="50" WIDTH="61" VPOS="2520" HPOS="1932"/>
<String LANG="en-US" CONTENT="company," HEIGHT="52" WIDTH="294" VPOS="2519" HPOS="1994"/>
</TextLine>
<TextLine HEIGHT="63" WIDTH="174" VPOS="2584" HPOS="301" STYLEREFS="StyleId-C7D6DB02-0D2F-4322-8157-564602C3B198-">
<String STYLE="superscript" CONTENT="c" HEIGHT="21" WIDTH="18" VPOS="2588" HPOS="301"/>
<String CONTENT="1934]" HEIGHT="63" WIDTH="150" VPOS="2584" HPOS="325"/>
</TextLine>
<TextLine HEIGHT="51" WIDTH="880" VPOS="2652" HPOS="372" CS="1">
<String CONTENT="cover-title," HEIGHT="48" WIDTH="282" VPOS="2653" HPOS="372"/>
<SP HEIGHT="30" WIDTH="39" VPOS="2673" HPOS="655"/>
<String CONTENT="[16]" HEIGHT="50" WIDTH="84" VPOS="2653" HPOS="695"/>
<SP HEIGHT="38" WIDTH="37" VPOS="2664" HPOS="780"/>
<String CONTENT="p." HEIGHT="36" WIDTH="42" VPOS="2664" HPOS="818"/>
<SP HEIGHT="40" WIDTH="58" VPOS="2653" HPOS="861"/>
<String CONTENT="illus." HEIGHT="40" WIDTH="127" VPOS="2653" HPOS="920"/>
<SP HEIGHT="41" WIDTH="58" VPOS="2652" HPOS="1048"/>
<String CS="1" CONTENT="23&#189;cm." HEIGHT="41" WIDTH="145" VPOS="2652" HPOS="1107"/>
</TextLine>
<TextLine HEIGHT="48" WIDTH="1914" VPOS="2708" HPOS="374">
<String LANG="en-US" CONTENT="Includes" HEIGHT="38" WIDTH="224" VPOS="2711" HPOS="374"/>
<SP HEIGHT="29" WIDTH="25" VPOS="2720" HPOS="599"/>
<String LANG="en-US" CONTENT="also" HEIGHT="39" WIDTH="102" VPOS="2710" HPOS="625"/>
<SP HEIGHT="36" WIDTH="26" VPOS="2712" HPOS="728"/>
<String LANG="en-US" CONTENT="translations" HEIGHT="40" WIDTH="319" VPOS="2709" HPOS="755"/>
<SP HEIGHT="39" WIDTH="24" VPOS="2710" HPOS="1075"/>
<String LANG="en-US" CONTENT="by" HEIGHT="46" WIDTH="61" VPOS="2710" HPOS="1100"/>
<SP HEIGHT="45" WIDTH="25" VPOS="2711" HPOS="1162"/>
<String LANG="en-US" CONTENT="Thomas" HEIGHT="39" WIDTH="209" VPOS="2710" HPOS="1188"/>
<SP HEIGHT="39" WIDTH="28" VPOS="2709" HPOS="1398"/>
<String LANG="en-US" CONTENT="Sigurdsen" HEIGHT="47" WIDTH="261" VPOS="2708" HPOS="1427"/>
<SP HEIGHT="29" WIDTH="27" VPOS="2720" HPOS="1689"/>
<String LANG="en-US" CONTENT="and" HEIGHT="39" WIDTH="95" VPOS="2710" HPOS="1717"/>
<SP HEIGHT="40" WIDTH="27" VPOS="2709" HPOS="1813"/>
<String LANG="de" CONTENT="Olaf" HEIGHT="40" WIDTH="114" VPOS="2709" HPOS="1841"/>
<SP HEIGHT="40" WIDTH="25" VPOS="2709" HPOS="1956"/>
<String LANG="de" CONTENT="Strandwold" HEIGHT="40" WIDTH="306" VPOS="2709" HPOS="1982"/>
</TextLine>
<TextLine HEIGHT="50" WIDTH="1985" VPOS="2763" HPOS="303">
<String CONTENT="of" HEIGHT="40" WIDTH="53" VPOS="2766" HPOS="303"/>
<SP HEIGHT="40" WIDTH="26" VPOS="2766" HPOS="357"/>
<String CONTENT="several" HEIGHT="40" WIDTH="187" VPOS="2766" HPOS="384"/>
<SP HEIGHT="39" WIDTH="24" VPOS="2766" HPOS="572"/>
<String CONTENT="of" HEIGHT="39" WIDTH="53" VPOS="2766" HPOS="597"/>
<SP HEIGHT="39" WIDTH="26" VPOS="2766" HPOS="651"/>
<String CONTENT="the" HEIGHT="38" WIDTH="82" VPOS="2767" HPOS="678"/>
<SP HEIGHT="28" WIDTH="27" VPOS="2776" HPOS="761"/>
<String CONTENT="old" HEIGHT="40" WIDTH="76" VPOS="2766" HPOS="789"/>
<SP HEIGHT="41" WIDTH="28" VPOS="2765" HPOS="866"/>
<String CONTENT="Norse" HEIGHT="39" WIDTH="152" VPOS="2765" HPOS="895"/>
<SP HEIGHT="29" WIDTH="27" VPOS="2776" HPOS="1048"/>
<String CONTENT="sagas" HEIGHT="38" WIDTH="143" VPOS="2774" HPOS="1076"/>
<SP HEIGHT="39" WIDTH="27" VPOS="2766" HPOS="1220"/>
<String CONTENT="dealing" HEIGHT="48" WIDTH="193" VPOS="2765" HPOS="1248"/>
<SP HEIGHT="37" WIDTH="27" VPOS="2776" HPOS="1442"/>
<String CONTENT="with" HEIGHT="42" WIDTH="119" VPOS="2763" HPOS="1470"/>
<SP HEIGHT="41" WIDTH="29" VPOS="2763" HPOS="1590"/>
<String CONTENT="the" HEIGHT="37" WIDTH="79" VPOS="2767" HPOS="1620"/>
<SP HEIGHT="31" WIDTH="26" VPOS="2774" HPOS="1700"/>
<String CONTENT="early" HEIGHT="46" WIDTH="134" VPOS="2766" HPOS="1727"/>
<SP HEIGHT="36" WIDTH="29" VPOS="2776" HPOS="1862"/>
<String CONTENT="voyages" HEIGHT="39" WIDTH="206" VPOS="2774" HPOS="1892"/>
<SP HEIGHT="30" WIDTH="29" VPOS="2775" HPOS="2099"/>
<String CONTENT="of" HEIGHT="40" WIDTH="50" VPOS="2765" HPOS="2129"/>
<SP HEIGHT="40" WIDTH="27" VPOS="2765" HPOS="2180"/>
<String CONTENT="the" HEIGHT="38" WIDTH="80" VPOS="2767" HPOS="2208"/>
</TextLine>
<TextLine HEIGHT="49" WIDTH="719" VPOS="2821" HPOS="302">
<String CONTENT="vikings" HEIGHT="48" WIDTH="192" VPOS="2822" HPOS="302"/>
<SP HEIGHT="38" WIDTH="27" VPOS="2824" HPOS="495"/>
<String CONTENT="to" HEIGHT="37" WIDTH="48" VPOS="2824" HPOS="523"/>
<SP HEIGHT="39" WIDTH="29" VPOS="2822" HPOS="572"/>
<String CONTENT="North" HEIGHT="39" WIDTH="155" VPOS="2822" HPOS="602"/>
<SP HEIGHT="38" WIDTH="29" VPOS="2822" HPOS="758"/>
<String CONTENT="America." HEIGHT="40" WIDTH="233" VPOS="2821" HPOS="788"/>
</TextLine>
<TextLine HEIGHT="53" WIDTH="1989" VPOS="2874" HPOS="303" CS="1">
<String CONTENT="&#169;" HEIGHT="53" WIDTH="52" VPOS="2874" HPOS="303"/>
<SP HEIGHT="53" WIDTH="24" VPOS="2874" HPOS="356"/>
<String CONTENT="Oct." HEIGHT="40" WIDTH="100" VPOS="2879" HPOS="381"/>
<SP HEIGHT="38" WIDTH="24" VPOS="2879" HPOS="482"/>
<String CONTENT="4," HEIGHT="46" WIDTH="40" VPOS="2879" HPOS="507"/>
<SP HEIGHT="46" WIDTH="25" VPOS="2879" HPOS="548"/>
<String CS="1" CONTENT="1934;" HEIGHT="41" WIDTH="114" VPOS="2877" HPOS="574"/>
<SP HEIGHT="46" WIDTH="25" VPOS="2878" HPOS="714"/>
<String CONTENT="2c." HEIGHT="39" WIDTH="65" VPOS="2878" HPOS="740"/>
<SP HEIGHT="40" WIDTH="27" VPOS="2877" HPOS="806"/>
<String CONTENT="Oct." HEIGHT="40" WIDTH="97" VPOS="2877" HPOS="834"/>
<SP HEIGHT="37" WIDTH="28" VPOS="2879" HPOS="932"/>
<String CONTENT="13;" HEIGHT="46" WIDTH="80" VPOS="2878" HPOS="961"/>
<SP HEIGHT="35" WIDTH="28" VPOS="2889" HPOS="1042"/>
<String CONTENT="aff." HEIGHT="40" WIDTH="80" VPOS="2877" HPOS="1071"/>
<SP HEIGHT="39" WIDTH="28" VPOS="2878" HPOS="1152"/>
<String CONTENT="Feb." HEIGHT="39" WIDTH="109" VPOS="2878" HPOS="1181"/>
<SP HEIGHT="39" WIDTH="26" VPOS="2878" HPOS="1291"/>
<String CONTENT="18," HEIGHT="46" WIDTH="68" VPOS="2878" HPOS="1318"/>
<SP HEIGHT="46" WIDTH="27" VPOS="2878" HPOS="1387"/>
<String CONTENT="1935;" HEIGHT="47" WIDTH="139" VPOS="2877" HPOS="1415"/>
<SP HEIGHT="45" WIDTH="28" VPOS="2879" HPOS="1555"/>
<!-- cceid 8B7DD381-6D82-1014-B070-FDFD250A9EDA --><String CONTENT="A" HEIGHT="38" WIDTH="39" VPOS="2879" HPOS="1584"/>
<SP HEIGHT="39" WIDTH="24" VPOS="2878" HPOS="1624"/>
<String CONTENT="80490;" HEIGHT="48" WIDTH="168" VPOS="2877" HPOS="1649"/>
<SP HEIGHT="46" WIDTH="30" VPOS="2879" HPOS="1818"/>
<String CONTENT="Prosser" HEIGHT="39" WIDTH="203" VPOS="2879" HPOS="1849"/>
<SP HEIGHT="36" WIDTH="19" VPOS="2890" HPOS="2053"/>
<String CONTENT="printing" HEIGHT="49" WIDTH="219" VPOS="2877" HPOS="2073"/>
</TextLine>
<TextLine HEIGHT="49" WIDTH="387" VPOS="2934" HPOS="371">
<String LANG="ru" CONTENT="co." HEIGHT="29" WIDTH="65" VPOS="2946" HPOS="371"/>
<SP HEIGHT="48" WIDTH="70" VPOS="2935" HPOS="437"/>
<String LANG="en-US" CONTENT="(35-6367)" HEIGHT="49" WIDTH="250" VPOS="2934" HPOS="508"/>
</TextLine>
<TextLine HEIGHT="66" WIDTH="1039" VPOS="3036" HPOS="302" STYLEREFS="StyleId-F9CC421E-B963-4178-82C0-124F5C616D14-">
<String CONTENT="Strayer," HEIGHT="66" WIDTH="264" VPOS="3036" HPOS="302"/>
<SP HEIGHT="65" WIDTH="30" VPOS="3037" HPOS="567"/>
<String CONTENT="George" HEIGHT="64" WIDTH="224" VPOS="3037" HPOS="598"/>
<SP HEIGHT="52" WIDTH="28" VPOS="3038" HPOS="823"/>
<String CONTENT="Drayton," HEIGHT="64" WIDTH="285" VPOS="3038" HPOS="852"/>
<SP HEIGHT="58" WIDTH="31" VPOS="3044" HPOS="1138"/>
<String CONTENT="1876-" HEIGHT="54" WIDTH="171" VPOS="3038" HPOS="1170"/>
</TextLine>
<TextLine HEIGHT="69" WIDTH="1850" VPOS="3113" HPOS="435" STYLEREFS="StyleId-C7D6DB02-0D2F-4322-8157-564602C3B198-" CS="1">
<String CS="1" CONTENT="&#8230;"/>
<SP HEIGHT="54" WIDTH="46" VPOS="3114" HPOS="435"/>
<String CONTENT="Strayer-Upton" HEIGHT="67" WIDTH="459" VPOS="3114" HPOS="482"/>
<SP HEIGHT="33" WIDTH="40" VPOS="3133" HPOS="942"/>
<String CONTENT="arithmetics." HEIGHT="53" WIDTH="364" VPOS="3114" HPOS="983"/>
<SP HEIGHT="54" WIDTH="74" VPOS="3115" HPOS="1348"/>
<String CONTENT="Grades" HEIGHT="54" WIDTH="219" VPOS="3115" HPOS="1423"/>
<SP HEIGHT="53" WIDTH="37" VPOS="3115" HPOS="1643"/>
<String CONTENT="four," HEIGHT="67" WIDTH="150" VPOS="3115" HPOS="1681"/>
<SP HEIGHT="69" WIDTH="37" VPOS="3113" HPOS="1832"/>
<String CONTENT="five," HEIGHT="69" WIDTH="122" VPOS="3113" HPOS="1870"/>
<SP HEIGHT="48" WIDTH="39" VPOS="3134" HPOS="1993"/>
<String CONTENT="and" HEIGHT="51" WIDTH="111" VPOS="3116" HPOS="2033"/>
<SP HEIGHT="51" WIDTH="36" VPOS="3116" HPOS="2145"/>
<String CONTENT="six," HEIGHT="66" WIDTH="103" VPOS="3116" HPOS="2182"/>
</TextLine>
<TextLine HEIGHT="70" WIDTH="1984" VPOS="3190" HPOS="303" STYLEREFS="StyleId-C7D6DB02-0D2F-4322-8157-564602C3B198-" CS="1">
<String CONTENT="by" HEIGHT="67" WIDTH="74" VPOS="3192" HPOS="303"/>
<SP HEIGHT="68" WIDTH="34" VPOS="3191" HPOS="378"/>
<String CONTENT="George" HEIGHT="67" WIDTH="223" VPOS="3191" HPOS="413"/>
<SP HEIGHT="50" WIDTH="30" VPOS="3195" HPOS="637"/>
<String CONTENT="Drayton" HEIGHT="63" WIDTH="261" VPOS="3195" HPOS="668"/>
<SP HEIGHT="54" WIDTH="37" VPOS="3191" HPOS="930"/>
<String CONTENT="Strayer" HEIGHT="68" WIDTH="235" VPOS="3191" HPOS="968"/>
<SP HEIGHT="32" WIDTH="39" VPOS="3212" HPOS="1204"/>
<String CS="1" CONTENT="&#8230;"/>
<SP HEIGHT="33" WIDTH="41" VPOS="3211" HPOS="1299"/>
<String CONTENT="and" HEIGHT="52" WIDTH="111" VPOS="3192" HPOS="1341"/>
<SP HEIGHT="54" WIDTH="37" VPOS="3192" HPOS="1453"/>
<String CONTENT="Clifford" HEIGHT="56" WIDTH="243" VPOS="3190" HPOS="1491"/>
<SP HEIGHT="51" WIDTH="35" VPOS="3193" HPOS="1735"/>
<String CONTENT="Brewster" HEIGHT="50" WIDTH="285" VPOS="3195" HPOS="1771"/>
<SP HEIGHT="53" WIDTH="30" VPOS="3194" HPOS="2057"/>
<String CONTENT="Upton" HEIGHT="66" WIDTH="199" VPOS="3194" HPOS="2088"/>
</TextLine>
<TextLine HEIGHT="68" WIDTH="1846" VPOS="3269" HPOS="365" STYLEREFS="StyleId-C7D6DB02-0D2F-4322-8157-564602C3B198-" CS="1">
<String CS="1" CONTENT="&#8230;"/>
<SP HEIGHT="52" WIDTH="65" VPOS="3271" HPOS="365"/>
<String CONTENT="New" HEIGHT="52" WIDTH="137" VPOS="3271" HPOS="431"/>
<SP HEIGHT="51" WIDTH="25" VPOS="3272" HPOS="569"/>
<String CONTENT="York," HEIGHT="62" WIDTH="178" VPOS="3269" HPOS="595"/>
<SP HEIGHT="59" WIDTH="22" VPOS="3272" HPOS="774"/>
<String CONTENT="Boston" HEIGHT="49" WIDTH="212" VPOS="3272" HPOS="797"/>
<SP HEIGHT="46" WIDTH="31" VPOS="3289" HPOS="1010"/>
<String CONTENT="[etc.]" HEIGHT="61" WIDTH="137" VPOS="3274" HPOS="1042"/>
<SP HEIGHT="63" WIDTH="28" VPOS="3272" HPOS="1180"/>
<String CONTENT="American" HEIGHT="52" WIDTH="302" VPOS="3270" HPOS="1209"/>
<SP HEIGHT="51" WIDTH="26" VPOS="3271" HPOS="1512"/>
<String CONTENT="book" HEIGHT="53" WIDTH="145" VPOS="3270" HPOS="1539"/>
<SP HEIGHT="52" WIDTH="24" VPOS="3270" HPOS="1685"/>
<String CONTENT="company" HEIGHT="49" WIDTH="278" VPOS="3288" HPOS="1710"/>
<SP HEIGHT="47" WIDTH="30" VPOS="3290" HPOS="1989"/>
<String CONTENT="[1935]" HEIGHT="64" WIDTH="191" VPOS="3273" HPOS="2020"/>
</TextLine>
<TextLine HEIGHT="47" WIDTH="836" VPOS="3342" HPOS="373" CS="1">
<String CONTENT="3" HEIGHT="38" WIDTH="24" VPOS="3344" HPOS="373"/>
<SP HEIGHT="39" WIDTH="26" VPOS="3344" HPOS="398"/>
<String LANG="fr" CONTENT="v." HEIGHT="28" WIDTH="41" VPOS="3355" HPOS="425"/>
<SP HEIGHT="39" WIDTH="25" VPOS="3344" HPOS="467"/>
<String CONTENT="in" HEIGHT="38" WIDTH="48" VPOS="3344" HPOS="493"/>
<SP HEIGHT="39" WIDTH="27" VPOS="3343" HPOS="542"/>
<String CONTENT="1." HEIGHT="39" WIDTH="38" VPOS="3343" HPOS="570"/>
<SP HEIGHT="39" WIDTH="54" VPOS="3343" HPOS="609"/>
<String CONTENT="illus.," HEIGHT="46" WIDTH="142" VPOS="3343" HPOS="664"/>
<SP HEIGHT="47" WIDTH="25" VPOS="3342" HPOS="807"/>
<String CONTENT="diagrs." HEIGHT="46" WIDTH="176" VPOS="3342" HPOS="833"/>
<SP HEIGHT="38" WIDTH="55" VPOS="3343" HPOS="1010"/>
<String CS="1" CONTENT="18&#189;cm." HEIGHT="39" WIDTH="143" VPOS="3342" HPOS="1066"/>
</TextLine>
<TextLine HEIGHT="41" WIDTH="973" VPOS="3399" HPOS="373" CS="1">
<String CONTENT="At" HEIGHT="39" WIDTH="63" VPOS="3401" HPOS="373"/>
<SP HEIGHT="39" WIDTH="24" VPOS="3401" HPOS="437"/>
<String CONTENT="head" HEIGHT="38" WIDTH="123" VPOS="3401" HPOS="462"/>
<SP HEIGHT="38" WIDTH="28" VPOS="3401" HPOS="586"/>
<String CONTENT="of" HEIGHT="39" WIDTH="52" VPOS="3400" HPOS="615"/>
<SP HEIGHT="39" WIDTH="25" VPOS="3400" HPOS="668"/>
<String CS="1" CONTENT="title;" HEIGHT="39" WIDTH="110" VPOS="3400" HPOS="694"/>
<SP HEIGHT="39" WIDTH="29" VPOS="3399" HPOS="829"/>
<String CONTENT="Three-book" HEIGHT="39" WIDTH="295" VPOS="3399" HPOS="859"/>
<SP HEIGHT="38" WIDTH="28" VPOS="3399" HPOS="1155"/>
<String CONTENT="series." HEIGHT="39" WIDTH="162" VPOS="3399" HPOS="1184"/>
</TextLine>
<TextLine HEIGHT="53" WIDTH="1894" VPOS="3452" HPOS="306">
<String CONTENT="&#169;" HEIGHT="53" WIDTH="52" VPOS="3452" HPOS="306"/>
<SP HEIGHT="53" WIDTH="31" VPOS="3452" HPOS="359"/>
<String CONTENT="Apr." HEIGHT="46" WIDTH="111" VPOS="3457" HPOS="391"/>
<SP HEIGHT="39" WIDTH="33" VPOS="3456" HPOS="503"/>
<String CONTENT="24," HEIGHT="47" WIDTH="68" VPOS="3456" HPOS="537"/>
<SP HEIGHT="47" WIDTH="33" VPOS="3456" HPOS="606"/>
<String CONTENT="1935;" HEIGHT="47" WIDTH="139" VPOS="3455" HPOS="640"/>
<SP HEIGHT="47" WIDTH="34" VPOS="3455" HPOS="780"/>
<String CONTENT="2c." HEIGHT="40" WIDTH="66" VPOS="3455" HPOS="815"/>
<SP HEIGHT="39" WIDTH="35" VPOS="3456" HPOS="882"/>
<String CONTENT="May" HEIGHT="46" WIDTH="112" VPOS="3456" HPOS="918"/>
<SP HEIGHT="46" WIDTH="31" VPOS="3456" HPOS="1031"/>
<String CONTENT="3;" HEIGHT="45" WIDTH="53" VPOS="3456" HPOS="1063"/>
<SP HEIGHT="35" WIDTH="36" VPOS="3466" HPOS="1117"/>
<String CONTENT="aff." HEIGHT="39" WIDTH="80" VPOS="3455" HPOS="1154"/>
<SP HEIGHT="38" WIDTH="34" VPOS="3456" HPOS="1235"/>
<String CONTENT="May" HEIGHT="47" WIDTH="114" VPOS="3456" HPOS="1270"/>
<SP HEIGHT="47" WIDTH="29" VPOS="3456" HPOS="1385"/>
<String CONTENT="4;" HEIGHT="45" WIDTH="53" VPOS="3456" HPOS="1415"/>
<SP HEIGHT="46" WIDTH="35" VPOS="3455" HPOS="1469"/>
<!-- cceid 8B7E6EFB-6D82-1014-B070-FDFD250A9EDA --><String CONTENT="A" HEIGHT="39" WIDTH="40" VPOS="3455" HPOS="1505"/>
<SP HEIGHT="40" WIDTH="34" VPOS="3455" HPOS="1546"/>
<String CONTENT="81684;" HEIGHT="47" WIDTH="168" VPOS="3454" HPOS="1581"/>
<SP HEIGHT="46" WIDTH="34" VPOS="3455" HPOS="1750"/>
<String LANG="fr" CONTENT="Amer," HEIGHT="40" WIDTH="159" VPOS="3455" HPOS="1785"/>
<SP HEIGHT="40" WIDTH="34" VPOS="3455" HPOS="1945"/>
<String CONTENT="book" HEIGHT="39" WIDTH="121" VPOS="3455" HPOS="1980"/>
<SP HEIGHT="39" WIDTH="30" VPOS="3456" HPOS="2102"/>
<String LANG="ru" CONTENT="co." HEIGHT="30" WIDTH="67" VPOS="3465" HPOS="2133"/>
</TextLine>
<TextLine HEIGHT="69" WIDTH="1980" VPOS="3600" HPOS="305" STYLEREFS="StyleId-C7D6DB02-0D2F-4322-8157-564602C3B198-" CS="1">
<String CONTENT="Texas" HEIGHT="54" WIDTH="195" VPOS="3600" HPOS="305"/>
<SP HEIGHT="66" WIDTH="29" VPOS="3602" HPOS="501"/>
<String CONTENT="jurisprudence" HEIGHT="67" WIDTH="428" VPOS="3602" HPOS="531"/>
<SP HEIGHT="35" WIDTH="39" VPOS="3620" HPOS="960"/>
<String CS="1" CONTENT="&#8230;"/>
<SP HEIGHT="36" WIDTH="41" VPOS="3619" HPOS="1056"/>
<String CONTENT="a" HEIGHT="33" WIDTH="29" VPOS="3619" HPOS="1098"/>
<SP HEIGHT="33" WIDTH="34" VPOS="3619" HPOS="1128"/>
<String CONTENT="complete" HEIGHT="66" WIDTH="272" VPOS="3601" HPOS="1163"/>
<SP HEIGHT="34" WIDTH="33" VPOS="3620" HPOS="1436"/>
<String CONTENT="statement" HEIGHT="48" WIDTH="299" VPOS="3606" HPOS="1470"/>
<SP HEIGHT="47" WIDTH="35" VPOS="3606" HPOS="1770"/>
<String CONTENT="of" HEIGHT="51" WIDTH="61" VPOS="3602" HPOS="1806"/>
<SP HEIGHT="51" WIDTH="33" VPOS="3602" HPOS="1868"/>
<String CONTENT="the" HEIGHT="50" WIDTH="93" VPOS="3603" HPOS="1902"/>
<SP HEIGHT="50" WIDTH="33" VPOS="3603" HPOS="1996"/>
<String CONTENT="law" HEIGHT="50" WIDTH="109" VPOS="3603" HPOS="2030"/>
<SP HEIGHT="34" WIDTH="34" VPOS="3619" HPOS="2140"/>
<String CONTENT="and" HEIGHT="52" WIDTH="110" VPOS="3600" HPOS="2175"/>
</TextLine>
<TextLine HEIGHT="67" WIDTH="1909" VPOS="3678" HPOS="375" STYLEREFS="StyleId-C7D6DB02-0D2F-4322-8157-564602C3B198-">
<String CONTENT="practice" HEIGHT="66" WIDTH="246" VPOS="3679" HPOS="375"/>
<SP HEIGHT="34" WIDTH="24" VPOS="3696" HPOS="622"/>
<String CONTENT="of" HEIGHT="52" WIDTH="63" VPOS="3678" HPOS="647"/>
<SP HEIGHT="52" WIDTH="22" VPOS="3678" HPOS="711"/>
<String CONTENT="the" HEIGHT="51" WIDTH="95" VPOS="3680" HPOS="734"/>
<SP HEIGHT="33" WIDTH="22" VPOS="3698" HPOS="830"/>
<String CONTENT="state" HEIGHT="49" WIDTH="142" VPOS="3682" HPOS="853"/>
<SP HEIGHT="34" WIDTH="25" VPOS="3698" HPOS="996"/>
<String CONTENT="of" HEIGHT="54" WIDTH="63" VPOS="3678" HPOS="1022"/>
<SP HEIGHT="53" WIDTH="23" VPOS="3678" HPOS="1086"/>
<String CONTENT="Texas," HEIGHT="60" WIDTH="198" VPOS="3681" HPOS="1110"/>
<SP HEIGHT="63" WIDTH="23" VPOS="3678" HPOS="1309"/>
<String CONTENT="by" HEIGHT="66" WIDTH="75" VPOS="3678" HPOS="1333"/>
<SP HEIGHT="63" WIDTH="20" VPOS="3681" HPOS="1409"/>
<String CONTENT="William" HEIGHT="54" WIDTH="258" VPOS="3679" HPOS="1430"/>
<SP HEIGHT="50" WIDTH="24" VPOS="3679" HPOS="1689"/>
<String CONTENT="M." HEIGHT="51" WIDTH="77" VPOS="3679" HPOS="1714"/>
<SP HEIGHT="50" WIDTH="27" VPOS="3681" HPOS="1792"/>
<String CONTENT="McKinney" HEIGHT="66" WIDTH="327" VPOS="3679" HPOS="1820"/>
<SP HEIGHT="49" WIDTH="24" VPOS="3696" HPOS="2148"/>
<String CONTENT="and" HEIGHT="51" WIDTH="111" VPOS="3678" HPOS="2173"/>
</TextLine>
<TextLine HEIGHT="67" WIDTH="1907" VPOS="3755" HPOS="377" STYLEREFS="StyleId-C7D6DB02-0D2F-4322-8157-564602C3B198-" CS="1">
<String CONTENT="other" HEIGHT="53" WIDTH="161" VPOS="3756" HPOS="377"/>
<SP HEIGHT="51" WIDTH="35" VPOS="3758" HPOS="539"/>
<String CONTENT="lawyers." HEIGHT="64" WIDTH="253" VPOS="3758" HPOS="575"/>
<SP HEIGHT="51" WIDTH="69" VPOS="3757" HPOS="829"/>
<String CONTENT="Volume" HEIGHT="51" WIDTH="239" VPOS="3757" HPOS="899"/>
<SP HEIGHT="47" WIDTH="37" VPOS="3760" HPOS="1139"/>
<String CONTENT="35." HEIGHT="48" WIDTH="80" VPOS="3760" HPOS="1177"/>
<SP HEIGHT="50" WIDTH="35" VPOS="3758" HPOS="1258"/>
<String CONTENT="Railroads" HEIGHT="52" WIDTH="302" VPOS="3756" HPOS="1294"/>
<SP HEIGHT="46" WIDTH="36" VPOS="3761" HPOS="1597"/>
<String CONTENT="to" HEIGHT="47" WIDTH="57" VPOS="3761" HPOS="1634"/>
<SP HEIGHT="50" WIDTH="36" VPOS="3758" HPOS="1692"/>
<String CONTENT="Receipts" HEIGHT="67" WIDTH="261" VPOS="3755" HPOS="1729"/>
<SP HEIGHT="32" WIDTH="43" VPOS="3775" HPOS="1991"/>
<String CS="1" CONTENT="&#8230;"/>
<SP HEIGHT="55" WIDTH="79" VPOS="3755" HPOS="2090"/>
<String CONTENT="San" HEIGHT="55" WIDTH="114" VPOS="3755" HPOS="2170"/>
</TextLine>
<TextLine HEIGHT="66" WIDTH="1432" VPOS="3832" HPOS="375" STYLEREFS="StyleId-C7D6DB02-0D2F-4322-8157-564602C3B198-">
<String CONTENT="Francisco," HEIGHT="62" WIDTH="318" VPOS="3833" HPOS="375"/>
<SP HEIGHT="61" WIDTH="31" VPOS="3834" HPOS="694"/>
<String CONTENT="Bancroft-Whitney" HEIGHT="66" WIDTH="576" VPOS="3832" HPOS="726"/>
<SP HEIGHT="47" WIDTH="29" VPOS="3851" HPOS="1303"/>
<String CONTENT="company," HEIGHT="48" WIDTH="294" VPOS="3850" HPOS="1333"/>
<SP HEIGHT="59" WIDTH="32" VPOS="3838" HPOS="1628"/>
<String CONTENT="1935." HEIGHT="50" WIDTH="146" VPOS="3835" HPOS="1661"/>
</TextLine>
<TextLine HEIGHT="49" WIDTH="435" VPOS="3904" HPOS="376" CS="1">
<String CONTENT="vii," HEIGHT="47" WIDTH="81" VPOS="3905" HPOS="376"/>
<SP/>
<String CONTENT="913" HEIGHT="40" WIDTH="89" VPOS="3905" HPOS="484"/>
<SP HEIGHT="47" WIDTH="20" VPOS="3906" HPOS="574"/>
<String CONTENT="p." HEIGHT="36" WIDTH="43" VPOS="3917" HPOS="595"/>
<SP HEIGHT="40" WIDTH="56" VPOS="3904" HPOS="639"/>
<String CS="1" CONTENT="25cm." HEIGHT="40" WIDTH="115" VPOS="3904" HPOS="696"/>
</TextLine>
<TextLine HEIGHT="51" WIDTH="1892" VPOS="3957" HPOS="308" CS="1">
<String CONTENT="&#169;" HEIGHT="51" WIDTH="52" VPOS="3957" HPOS="308"/>
<SP HEIGHT="51" WIDTH="26" VPOS="3957" HPOS="361"/>
<String CONTENT="Apr." HEIGHT="46" WIDTH="112" VPOS="3962" HPOS="388"/>
<SP HEIGHT="39" WIDTH="27" VPOS="3961" HPOS="501"/>
<String CONTENT="26," HEIGHT="46" WIDTH="68" VPOS="3961" HPOS="529"/>
<SP HEIGHT="45" WIDTH="29" VPOS="3962" HPOS="598"/>
<String CONTENT="1935;" HEIGHT="48" WIDTH="139" VPOS="3959" HPOS="628"/>
<SP HEIGHT="46" WIDTH="29" VPOS="3961" HPOS="768"/>
<String CONTENT="2c." HEIGHT="39" WIDTH="66" VPOS="3961" HPOS="798"/>
<SP HEIGHT="28" WIDTH="26" VPOS="3972" HPOS="865"/>
<String CONTENT="and" HEIGHT="39" WIDTH="94" VPOS="3961" HPOS="892"/>
<SP HEIGHT="39" WIDTH="28" VPOS="3961" HPOS="987"/>
<String CONTENT="aff." HEIGHT="40" WIDTH="80" VPOS="3960" HPOS="1016"/>
<SP HEIGHT="39" WIDTH="31" VPOS="3961" HPOS="1097"/>
<String CONTENT="May" HEIGHT="47" WIDTH="112" VPOS="3961" HPOS="1129"/>
<SP HEIGHT="48" WIDTH="27" VPOS="3960" HPOS="1242"/>
<String CONTENT="2;" HEIGHT="45" WIDTH="52" VPOS="3960" HPOS="1270"/>
<SP HEIGHT="46" WIDTH="31" VPOS="3959" HPOS="1323"/>
<!-- cceid 8B7F0CEF-6D82-1014-B070-FDFD250A9EDA --><String CONTENT="A" HEIGHT="39" WIDTH="40" VPOS="3959" HPOS="1355"/>
<SP HEIGHT="41" WIDTH="27" VPOS="3959" HPOS="1396"/>
<String CONTENT="82873;" HEIGHT="47" WIDTH="168" VPOS="3959" HPOS="1424"/>
<SP HEIGHT="45" WIDTH="31" VPOS="3961" HPOS="1593"/>
<String CONTENT="Bancroft-Whitney" HEIGHT="48" WIDTH="482" VPOS="3958" HPOS="1625"/>
<SP HEIGHT="37" WIDTH="27" VPOS="3969" HPOS="2108"/>
<String CS="1" CONTENT="co." HEIGHT="28" WIDTH="36" VPOS="3969" HPOS="2164"/>
</TextLine>
</TextBlock>
</PrintSpace>
</Page>
</Layout>
</alto>