2424 4375
1238 4067 101 48 458

280 448 254 63 Baehne,
563 449 226 64 George
817 449 238 64 Walter,
1083 449 83 53 ed.

354 524 283 54 Practical
678 524 379 69 applications
1093 524 63 52 of
1193 524 95 53 the
1328 522 257 68 punched
1624 523 133 53 card
1796 522 228 53 method
2063 521 55 53 in
285 523 1956 147 colleges

471 603 112 52 and
622 600 371 67 universities,
1029 600 186 54 edited
1253 600 71 69 by
1365 599 67 54 G.
1471 600 88 53 W.
1598 600 243 53 Baehne.
1917 599 135 53 New
2095 598 175 70 York,

287 677 295 56 Columbia
614 680 310 67 university
953 696 170 50 press,
1156 680 149 49 1935.

355 750 1910 49 xxii p., 1 l., 442 p., 1 1. incl. illus., diagrs., forms, plates, tables (part
285 807 140 47 fold.)
493 808 56 39 26
551 810 43 20 cm
601 838 7 9 .

281 878 54 53 ©
361 883 119 38 Mar.
508 881 69 47 28,
604 881 117 41 1935;
771 881 68 41 2c.
865 882 111 47 Apr.
1004 883 25 39 3;
1086 882 84 39 aff.
1197 881 112 48 Apr.
1337 881 25 39 2;
1419 881 41 39 A
1487 880 144 42 81277;
1686 881 249 40 Columbia
1965 879 129 42 univ.
2124 890 148 39 press.

361 938 251 48 (35-5497)

279 1038 212 65 Beach,
523 1041 232 53 Arthur
787 1041 314 65 Granville,
1132 1042 324 54 1870-1934.

361 1116 50 51 A
437 1116 226 68 pioneer
687 1117 209 68 college;
951 1117 93 52 the
1069 1123 154 62 story
1247 1116 63 53 of
1332 1116 289 69 Marietta,
1646 1115 73 69 by
1744 1114 222 53 Arthur
1991 1113 67 56 G.
2085 1113 188 54 Beach

349 1193 1926 70 … Published on the 100th anniversary of the present charter
287 1272 64 53 of
382 1272 270 54 Marietta
682 1271 209 69 college
920 1272 108 52 and
1062 1272 94 54 the
1190 1273 163 51 138th
1386 1271 64 54 of
1481 1271 95 55 the
1609 1270 286 69 founding
1924 1271 63 52 of
287 1270 1962 148 Muskingum

464 1349 281 69 academy.
864 1349 267 69 [Chicago]
1177 1350 155 54 Priv.
1375 1350 174 68 print.
1598 1350 140 68 [The
1778 1349 153 54 John
1977 1350 62 52 F.
2084 1347 190 56 Cuneo

287 1445 297 52 company]
619 1430 149 50 1935.

355 1499 96 46 xiv,
483 1499 86 40 325
601 1510 56 37 p.,
691 1500 22 38 1
747 1501 28 38 1.
837 1499 161 45 front.,
1031 1499 140 47 illus.,
1204 1500 170 48 plates,
1405 1503 163 46 ports.,
1600 1501 189 40 facsim.
1849 1502 54 38 24
1906 1502 16 21 cm
1956 1534 8 8 .

359 1555 1633 50 “This first edition … is limited to twelve hundred copies.”
287 1626 52 51 ©
378 1631 120 37 Mar.
538 1629 70 46 22,
647 1629 141 46 1935;
827 1629 67 40 2c.
935 1631 121 37 Mar.
1095 1629 82 45 28;
1220 1629 82 39 aff.
1342 1631 122 37 Mar.
1503 1628 83 47 29;
1628 1630 43 38 A
1708 1629 170 48 82223;
1920 1632 141 45 Mary
2100 1631 175 37 Dawes

355 1687 176 46 Beach,
569 1687 264 45 Evanston,
870 1686 74 39 Ill.
1015 1684 250 49 (35-5495)

281 1783 276 70 Bigelow,
587 1788 222 54 Robert
838 1789 218 65 Payne,
1089 1793 170 51 1863-

361 1862 324 56 Directions
723 1863 94 54 for
855 1863 95 53 the
990 1863 299 54 dissection
1330 1863 63 53 of
1434 1863 95 55 the
1570 1870 107 59 cat,
1717 1863 74 69 by
1832 1862 212 53 Robert
2082 1862 194 68 Payne

291 1940 1986 70 Bigelow … Rev. ed. New York, The Macmillan company,
292 2021 149 49 1935.

358 2090 65 47 xi,
452 2089 56 41 65
535 2101 41 36 p.
638 2090 127 41 illus.
826 2089 55 40 19½
912 2092 43 21 cm
960 2121 9 8 .
1034 2090 283 50 [Zoölogical
1344 2091 280 46 laboratory
1652 2093 239 47 manuals]

361 2147 161 39 “First
547 2146 180 40 edition
755 2146 251 48 published
1037 2147 291 48 September,
1356 2147 156 41 1925.”

361 2202 347 41 “References”;
765 2214 43 37 p.
837 2202 155 41 63-65.

289 2273 53 53 ©
375 2279 119 38 Mar.
528 2277 70 47 19,
630 2276 117 41 1935;
806 2277 65 40 2c.
904 2278 96 39 and
1031 2277 83 39 aff.
1148 2278 121 38 Mar.
1302 2277 81 47 20;
1419 2278 41 38 A
1492 2277 169 47 82018;
1698 2278 280 40 Macmillan
2011 2289 68 29 co.

367 2334 228 48 (35-5406
604 2333 13 48 )

285 2434 156 67 Bolz,
464 2436 242 65 Walter,
734 2437 84 53 ed.

415 2511 1855 69 … Nebenerwerbs-siedlungen für kurz- und vollarbeiter;
283 2607 140 35 neue
456 2608 153 50 wege
641 2589 387 53 industrieller
1060 2588 519 70 Siedlungspolitik,
1613 2588 323 70 praktische
285 2589 1968 145 erfahrungen,

452 2667 135 52 ziele
631 2667 115 52 und
789 2666 414 69 forderungen;
1248 2667 78 52 im
1370 2665 267 70 auftrage
1678 2668 99 52 der
1818 2667 201 53 firmen
2062 2667 211 67 Krupp

286 2742 1987 70 und Siemens herausgegeben von AValter Bolz … Berlin,
285 2820 55 54 J.
372 2819 296 70 Springer,
700 2823 149 49 1934.

358 2893 80 46 vii.
465 2892 84 41 102
576 2903 57 37 p.,
662 2893 24 38 1
714 2893 29 39 1.
803 2893 126 39 illus.
958 2893 133 48 (inch
1116 2893 164 47 plans)
1348 2891 55 39 21
1408 2894 42 21 cm
1456 2924 8 8 .

355 2949 64 41 At
446 2950 122 40 head
596 2949 51 40 of
674 2949 106 41 title;
838 2948 420 49 Krupp-Siemens.

292 3017 1896 53 © Mar. 13, 1934; 1c. June 14; A -Foreign 24891; Julius Springer.
371 3076 250 50 (35-5644)

290 3182 217 61 Brann,
539 3182 237 54 Esther.

367 3255 221 54 ’Round
634 3257 95 51 the
775 3257 175 53 world
997 3256 138 53 tvith
1184 3258 205 53 Esther
1437 3260 212 50 Brann.
1748 3259 136 51 [New
1930 3259 178 62 York,
2154 3260 120 51 The

294 3331 331 56 Macmillan
657 3351 293 51 company,
986 3339 132 49 1935]

370 3406 761 48 [41] p. col. illus. 19 × 21 cm .
367 3459 367 49 Lining-papers
769 3463 276 40 illustrated
1081 3463 47 39 in
1162 3463 168 40 colors.

296 3516 52 52 ©
380 3520 113 47 Apr.
526 3520 69 45 16,
629 3519 114 41 1935;
803 3519 67 40 2c.
904 3521 97 39 and
1032 3520 82 39 aff.
1147 3521 114 46 Apr.
1296 3520 55 40 17;
1414 3520 40 39 A
1488 3519 141 41 82543;
1694 3520 280 40 Macmillan
2009 3531 65 29 co.

374 3576 250 48 (35-5465)

293 3674 320 66 Buhrman,
640 3676 256 54 Thomas
921 3678 165 53 Scott
1114 3678 279 64 Godfrey,
1422 3678 171 54 1887-

369 3752 201 53 Bach’s
598 3750 120 67 life,
747 3752 480 69 chronologically
1255 3773 59 34 as
1341 3756 69 50 he
1438 3753 151 54 lived
1617 3753 61 68 it,
1705 3755 75 66 by

1806 3756 65 50 T.
1902 3755 157 54 Scott
297 3754 1952 126 Buhrman.
524 3830 155 62 [New
708 3831 177 63 York,
913 3830 198 68 Organ
1139 3830 260 53 interests
1426 3830 123 66 inc.,
1577 3837 19 21 c
1601 3834 149 62 1935]

370 3901 55 39 54
452 3911 42 37 p.
523 3901 108 40 incl.
661 3903 169 47 plates,
859 3905 121 45 port.
1041 3902 56 40 19
1097 3905 44 21 cm
1146 3931 7 8 .

370 3956 303 48 Descriptive
699 3957 280 48 letterpress
1007 3969 59 28 on
1095 3969 163 30 versos
1284 3958 164 48 facing
1476 3959 79 39 the
1582 3960 169 46 plates.
