2424 4375
1095 4031 133 52 1687

243 491 26 38 2
297 501 42 37 p.
399 521 9 17 l.,
433 489 224 47 iii-xxiii,
682 490 84 40 162
794 502 42 37 p.
894 491 84 39 25i
983 492 42 21 cm
1031 520 9 9 .
1111 488 14 48 (
1134 489 253 48 Half-title
1394 501 15 28 :
1434 489 100 39 The
1562 488 271 39 Mediaeval
1860 487 229 49 academy
2115 489 52 39 of

174 545 234 40 America.
471 545 195 40 Studies
695 546 93 39 and
819 547 292 40 documents,
1140 555 74 29 no.
1242 546 51 44 1)

246 600 411 49 “Lithoprinted.”

247 657 293 47 “Catalogue
572 657 50 39 of
653 658 82 39 the
760 666 161 37 poems
952 656 270 40 attributed
1252 658 48 39 to
1333 657 185 39 Master
1547 656 167 47 Henry
1746 655 51 39 of
1827 655 308 41 Avranches”
2154 668 10 28 :

176 724 39 36 p.
244 712 260 41 xiii-xxiii.

175 766 51 52 ©
253 770 102 40 Oct.
380 770 38 41 9.
446 768 139 42 1935;
612 768 68 41 2c.
707 770 102 39 Oct.
834 770 52 37 11
906 778 9 31 :
944 768 82 39 aff.
1054 769 102 39 Oct.
1182 769 53 38 21
1254 779 9 35 ;
1293 770 39 37 A
1359 767 142 42 86904
1520 778 9 31 :
1561 769 270 39 Mediaeval
1858 769 231 47 academy
2116 769 52 39 of

239 826 236 39 America.
547 825 278 48 (35-30551)

175 908 252 62 Hervey,
456 908 173 64 John,
662 909 170 52 1870-

244 983 1921 69 Messenger, the great progenitor, by John Hervey … New
182 1061 171 67 York,
383 1062 121 53 The
532 1062 318 67 Derrydale
877 1079 157 50 press
1068 1064 193 65 [c1935]

244 1135 50 39 xi
318 1146 58 37 p.,
403 1136 23 37 1
488 1165 8 14 l.,
523 1133 69 46 63,
623 1136 53 48 [1]
704 1146 43 37 p.
774 1134 109 40 incl.
908 1134 149 40 front.
1117 1134 170 49 plates,
1315 1134 190 40 facsim.
1564 1134 56 38 24½
1653 1136 15 21 cm
1700 1166 9 8 .

246 1190 144 42 “Five
418 1192 221 39 hundred
669 1191 161 48 copies
857 1191 50 40 of
936 1190 277 49 Messenger
1241 1192 122 39 have
1394 1192 116 40 been
1540 1190 236 49 printed.”

173 1245 51 52 ©
261 1250 102 39 Oct.
396 1250 40 39 4.
473 1248 112 39 1835
604 1259 8 29 :
650 1247 66 40 2c.
753 1248 101 39 Oct.
890 1249 26 38 7
934 1258 9 31 :
981 1247 81 40 aff.
1102 1248 101 39 Oct.
1239 1248 54 39 23
1313 1259 8 28 :
1361 1249 37 37 A
1437 1247 142 40 87524
1598 1258 9 31 :
1647 1247 175 48 Piping
1857 1248 132 39 Rock
2026 1249 143 39 horse

245 1306 131 38 show
406 1316 126 28 assn.
578 1306 177 38 Locust
785 1305 182 47 Valley,
998 1305 134 47 Long
1160 1306 181 40 Island,
1416 1335 8 8 N.
1457 1305 52 38 Y.
1581 1304 279 45 (35-31944)

175 1388 143 51 How
346 1390 130 51 does
502 1406 144 48 your
671 1388 216 67 garden
911 1388 191 67 grow?
1181 1388 90 67 By
1299 1388 275 66 Beverley
1602 1388 252 67 Nichols,
1882 1389 285 66 Compton

244 1463 1925 68 Mackenzie, Marion Cran [ and] Y. Sackville-West. Garden
245 1542 152 69 City,
421 1542 69 53 N.
519 1541 89 68 Y.,
631 1541 355 69 Doubleday,
1010 1542 198 52 Doran
1231 1544 47 50 &
1301 1560 96 48 co.,
1421 1544 127 64 inc.,
1574 1544 151 50 1935.

244 1614 784 50 5 p. l. , 3-139 p. illus. 20 cm .
246 1671 161 41 “With
435 1671 305 41 decorations
767 1671 61 48 by
856 1671 130 41 Nora
1016 1670 45 41 S.
1091 1670 217 41 Unwin.”

244 1728 194 47 Essays.

246 1784 160 40 “First
433 1784 227 41 edition.”

173 1824 1994 66 © Nov 8 , 1835: 2c. and aff. Nov. 12 ; A 89342 : Doubledav, Doran & co.,
243 1898 88 40 inc.
403 1898 279 48 (35-31941)

175 1981 172 63 Jaffe,
375 1981 284 64 Bernard,
690 1984 171 50 1896-

245 2057 276 68 Outposts
548 2058 63 53 of
636 2056 241 68 science;
905 2077 31 33 a
964 2057 240 69 journey
1230 2064 59 46 to
1316 2058 97 52 the
1439 2056 329 69 workshops
1796 2057 63 54 of
1886 2076 103 36 our
177 2057 1964 146 leading
298 2154 125 34 men
450 2136 62 52 of
540 2135 273 68 research,
839 2135 73 67 by
937 2136 262 52 Bernard
1226 2134 170 54 Jaffe.
1456 2135 139 52 New
1624 2134 177 67 York,
1830 2134 198 55 Simon
2056 2136 111 52 and

176 2212 284 66 Schuster,
495 2216 149 50 1935.

243 2285 1409 50 xxvi, 547 p., 1 l. illus., plates, ports., diagrs. 24 cm .
245 2343 286 40 Illustrated
562 2342 109 41 title
699 2353 59 29 on
787 2345 95 38 two
913 2343 174 39 leaves.

247 2397 232 42 “Sources
510 2399 95 39 and
638 2398 245 42 reference
915 2398 252 41 material”
1187 2409 10 29 :
1231 2409 43 38 p.
1305 2398 216 40 517-529.

173 2452 51 52 ©
251 2457 118 39 Nov.
396 2456 69 46 25,
494 2455 140 40 1935;
663 2456 66 38 2c.
758 2455 116 39 Nov.
903 2454 82 42 23:
1016 2455 82 40 aff.
1126 2456 117 38 Nov.
1272 2455 55 40 30
1345 2466 9 30 :
1382 2457 41 37 A
1450 2455 143 39 88460
1611 2466 10 36 ;
1653 2457 53 39 B.
1735 2455 143 47 Jaffe,
1909 2456 259 47 Brooklyn.

254 2512 278 49 (35-31946)

175 2591 250 67 Jerome,
456 2594 252 53 Edward
739 2594 334 63 Columbus,
1106 2596 169 50 1892-

246 2670 412 58 Governments
689 2672 113 51 and
833 2689 217 48 money,
1081 2670 140 54 with
1253 2668 210 69 special
1495 2670 285 54 reference
1811 2677 57 46 to
1900 2672 267 52 financial

179 2745 320 70 legislation
535 2747 59 53 in
630 2747 95 53 the
759 2748 216 53 United
1012 2747 205 66 States,
1255 2748 110 52 and
1402 2748 95 51 the
1533 2747 426 53 establishment
1994 2747 64 52 of
2094 2767 71 33 an

180 2824 403 54 international
616 2825 273 54 standard
926 2824 63 52 of
1021 2825 178 65 trade,
1230 2824 76 67 by
1337 2824 253 54 Edward
1622 2826 243 53 Jerome.
1934 2827 231 64 Boston,

177 2902 191 65 Little,
401 2905 228 63 Brown,
660 2906 112 51 and
802 2919 294 50 company,
1130 2906 148 49 1935.

247 2974 574 49 4 p. l. , 3-372 p. 21 cm .
179 3029 51 52 ©
274 3034 115 38 Nov.
435 3032 69 47 22,
548 3030 140 44 1935;
735 3032 66 39 2c.
844 3032 94 39 and
983 3031 83 39 aff.
1110 3031 116 38 Nov.
1273 3031 81 40 23:
1403 3032 40 37 A
1488 3029 169 41 88358:
1706 3030 211 39 Edward
1964 3029 205 41 Jerome.

247 3089 341 47 Schenectady,
664 3120 8 8 N.
700 3089 54 39 Y.
824 3086 278 49 (35-31425)

177 3170 194 65 Jones,
400 3170 221 54 Harold
650 3171 270 63 Spencer,
951 3172 169 52 1890-

247 3242 1923 72 Worlds without end, by H. Spencer Jones … London, The
180 3323 240 69 English
453 3324 356 53 universities
843 3340 171 51 press,
1046 3322 103 54 ltd.
1191 3324 172 65 [1935]

247 3406 75 33 XV,
351 3394 84 41 262
461 3406 44 37 p.
564 3394 163 49 front.,
755 3394 141 43 illus.,
924 3394 169 48 plates,
1121 3394 179 46 diagrs.
1360 3392 55 41 19½
1447 3395 44 21 cm
1496 3424 9 9 .

179 3448 1991 55 © 1c. Nov. 7. 1935 ; A ad int. 20712 : pubd. Oct. 31 : Macmillan co., New
247 3512 142 39 York.
459 3510 278 48 (35-33573)

181 3592 206 59 Junod,
417 3594 72 54 A.

311 3662 1860 70 … Pour les nerveux; le traitement simple et efficace du d r
183 3744 209 55 Vittoz.
467 3743 181 60 Paris,
679 3744 91 51 En
806 3744 170 67 dépôt
1006 3744 30 50 à
1069 3748 56 50 la
1156 3742 223 52 Maison
1416 3741 72 52 du
1523 3741 144 54 livre
1702 3740 251 65 français
2013 3742 152 65 [1935]

251 3813 25 38 2
305 3825 42 35 p.
411 3845 8 14 l.,
452 3815 158 47 [7]-77,
687 3833 11 29 [1]
729 3826 44 35 p.
833 3814 53 39 19
889 3817 15 20 cm
938 3847 7 7 .

183 3868 1988 52 © May 15, 1935; 1c. Aug. 21; A- Foreign 28825: Anne Marie Junod,
254 3930 282 47 Marseilles,
569 3931 196 37 France.
836 3928 278 48 (35-34008)
