2424 4375
1083 4059 132 52 1047

227 521 26 38 2
286 532 41 27 V.
389 521 140 44 illus.,
561 521 169 46 plates,
765 520 166 39 tables.
990 519 56 40 23½
1078 521 44 21 cm
1149 518 66 46 (v.
1247 519 53 38 2:
1335 519 176 38 56×45
1514 521 43 21 cm
1569 518 13 44 )

230 576 93 41 “Of
354 577 81 39 the
467 576 105 39 first
604 575 183 40 edition
820 575 51 40 of
900 575 98 40 this
1031 574 122 41 book
1185 583 88 31 one
1308 575 215 39 hundred
1560 574 94 40 and
1686 573 109 49 fifty
1830 574 158 47 copies
2020 575 124 38 have

158 633 115 40 been
303 632 205 49 printed.
569 632 117 39 This
718 632 40 39 is
789 630 199 41 number
1016 630 128 40 148.”

230 687 359 43 “Corrections”
610 698 8 29 :
656 689 20 38 1
710 688 100 39 leaf
842 688 99 39 laid
973 687 63 39 in.

229 745 345 48 Bibliography
607 744 223 39 included
862 744 47 39 in
942 743 82 40 the
1057 742 342 41 introduction.

161 816 52 52 ©
239 820 115 39 July
386 817 67 47 19,
481 817 138 45 1935;
649 817 66 39 2c.
743 817 118 39 each
889 815 95 40 and
1014 815 82 40 aff.
1127 816 117 47 July
1271 815 82 47 25;
1384 816 40 38 A
1451 815 169 47 85231;
1652 816 42 39 J.
1725 816 50 37 F.
1805 816 141 46 Wall,
230 816 1896 107 Washington.
483 873 277 48 (36-11602)

163 978 263 55 Walther
452 979 224 62 league.

226 1054 261 55 Walther
514 1052 197 69 league
738 1054 256 65 manual;
1024 1051 150 53 basic
1202 1051 171 69 guide
1398 1058 58 46 to
1482 1050 97 53 the
1606 1050 157 53 work
1789 1049 64 53 of
1878 1051 95 53 the
2001 1050 143 55 local

158 1132 226 68 society.
459 1129 269 69 Chicago,
759 1129 112 68 Ill.,
902 1130 123 53 The
1051 1130 261 53 Walther
1341 1131 214 66 league,
1589 1132 149 49 1935.

223 1217 46 36 X,
297 1205 87 40 290
412 1216 42 37 p.
514 1204 142 47 illus.,
686 1204 176 44 diagrs.
920 1204 55 39 23½
1008 1206 45 21 cm
1058 1234 9 9 .

231 1262 224 40 Includes
490 1260 389 48 bibliographies.

161 1328 53 53 ©
252 1333 115 46 July
407 1330 68 47 12,
514 1330 139 46 1835;
695 1330 64 40 2c.
801 1331 93 39 and
932 1329 81 40 aff.
1055 1330 115 47 July
1209 1329 82 47 26;
1334 1330 41 38 A
1416 1329 169 47 85192;
1630 1331 256 40 Internatl.
1926 1330 220 40 Walther

227 1389 182 47 league,
438 1388 222 47 Chicago.
731 1387 277 48 (35-12062)

157 1489 303 65 Wellman,
488 1491 144 52 Paul
658 1492 63 62 I.,
751 1495 169 49 1895-

227 1567 190 53 Death
439 1566 61 53 in
524 1567 94 52 the
645 1567 183 52 desert;
884 1567 96 51 the
1004 1564 134 68 fifty
1163 1566 180 67 years’
1369 1585 116 33 war
1513 1566 93 53 for
1631 1567 95 52 the
1751 1572 162 61 great
160 1566 1962 144 Southwest,

346 1644 75 66 by
455 1645 147 52 Paul
637 1645 48 51 I.
721 1644 299 54 Wellman.
1090 1644 138 51 New
1262 1643 179 66 York,
1475 1644 120 51 The
1631 1643 334 55 Macmillan
157 1663 1965 126 company,
361 1724 148 51 1935.

227 1794 96 46 xiv,
349 1793 85 40 294
457 1804 40 37 p.
551 1793 162 42 front.,
740 1795 168 45 plates,
933 1795 163 45 ports.,
1124 1792 118 40 fold.
1270 1803 124 37 map.
1449 1792 55 39 22
1508 1795 43 20 cm
1556 1825 9 7 .

161 1847 52 52 ©
237 1852 119 46 Aug.
381 1849 68 47 20,
477 1850 112 39 1935;
644 1850 66 39 2c.
735 1851 96 38 and
857 1849 81 39 aff.
964 1850 119 46 Aug.
1110 1849 54 38 21;
1221 1850 41 38 A
1287 1849 142 40 85566;
1485 1849 279 40 Macmillan
1791 1859 64 30 co.

160 1950 165 55 West
367 1951 272 65 Virginia
680 1952 111 52 and
838 1953 178 54 South
1061 1957 219 48 eastern
1323 1952 202 66 digest,
1569 1952 265 68 covering
1878 1956 76 49 all
1998 1973 149 35 cases

226 2030 265 67 reported
530 2030 60 52 in
627 2031 161 52 West
824 2028 269 68 Virginia
1132 2034 238 62 reports,
1411 2030 180 54 South
1632 2036 221 47 eastern
1893 2038 254 61 reporter

233 2107 113 53 and
390 2108 225 52 various
661 2112 219 62 reports
925 2107 63 53 of
1032 2107 167 52 south
1244 2112 220 47 eastern
1508 2114 171 47 states
1724 2109 153 52 from
1922 2110 227 53 earliest

227 2186 181 64 times,
448 2184 138 51 with
629 2190 226 46 current
894 2185 342 52 cumulative
1277 2184 203 68 pocket
1519 2187 210 51 service
1768 2186 245 69 keeping
2053 2189 94 52 the

235 2262 1910 67 digest always to date … By the publisher’s editorial staff,
233 2338 1652 71 volume 31-32. St. Paid West publishing co. [ c 1935]
232 2413 29 39 2
287 2424 42 27 v.
386 2412 53 39 26
444 2414 44 20 cm
492 2443 8 7 .

231 2469 71 40 On
331 2477 138 31 cover
487 2479 8 28 :
526 2468 112 39 1863
671 2471 48 36 to
748 2469 125 38 date.

229 2526 133 47 “Key
390 2525 203 39 number
619 2524 222 48 system."

506 2591 105 30 CONTENTS.—v.
646 2578 70 42 31.
754 2581 155 39 Street
943 2580 613 42 railroads-Treaties.—v.
1593 2581 71 42 32.
1700 2584 448 48 Trespass-Trover

160 2639 93 39 and
281 2638 295 40 conversion.

163 2691 53 52 ©
239 2695 117 46 July
378 2695 40 46 2,
443 2694 113 40 1935;
611 2694 66 39 2c.
704 2694 118 39 each
845 2693 119 47 Aug.
991 2694 26 39 6;
1071 2693 108 41 affs.
1204 2694 118 47 Aug.
1350 2695 24 39 5;
1429 2695 43 41 A
1525 2695 130 48 85380,
1680 2696 142 39 85381;
1878 2699 133 38 West
2039 2700 108 45 pub.

231 2762 65 29 co.

166 2851 216 64 White,
408 2853 87 52 W.
522 2852 66 53 B.

237 2926 204 69 Seeing
474 2935 162 46 stars,
668 2928 73 66 by
773 2929 88 52 W.
896 2930 66 50 B.
994 2927 221 58 White;
1252 2929 322 54 illustrated
1607 2930 75 67 by
1715 2932 155 51 Ruth
1908 2932 61 55 C.
163 2932 1953 127 Williams.

419 3004 324 68 Cleveland,
776 3006 120 53 The
928 3007 216 52 Harter
1180 3005 330 69 publishing
1543 3025 296 51 company,
1873 3015 19 22 c
1897 3014 149 49 1935.

251 3078 1191 49 [3]-61, [1] p. illus. (incl. charts; 17 × 13½cm.
232 3135 70 40 On
331 3145 138 30 cover
488 3146 8 27 :
528 3136 42 37 H1
606 3137 66 36 66.

231 3192 123 40 Text
380 3201 59 28 on
468 3190 360 49 lining-papers.

165 3244 52 52 ©
244 3249 113 46 May
385 3247 39 48 9,
454 3247 111 40 1935;
654 3259 36 28 2c.
720 3248 125 39 June
872 3247 81 43 28;
987 3248 82 39 aff.
1100 3249 124 39 June
1255 3248 82 47 25;
1370 3250 41 38 A
1439 3249 169 47 84462;
1641 3250 182 39 Harter
1853 3252 108 47 pub.
1994 3262 66 30 co.

241 3304 277 47 (35-11880)

170 3402 263 63 Wilkins,
463 3406 217 53 Harold
710 3408 160 50 Tom.
901 3412 169 48 1891-

237 3480 247 67 Captain
523 3482 154 52 Kidd
725 3484 109 51 and
874 3484 88 51 his
1001 3483 246 52 skeleton
1293 3484 210 56 island;
1547 3485 92 51 the
1679 3485 291 68 discovery
2010 3487 62 51 of
2112 3507 26 32 a

166 3557 1917 71 strange secret hidden for 266 years, by Harold T. Wilkins …
167 3633 137 54 with
336 3635 325 68 twenty-six
694 3637 391 54 illustrations.
1158 3640 238 51 London
1434 3673 12 33 [
1451 3645 119 62 etc.]
1610 3640 213 55 Cassell
1856 3645 112 52 and

167 3660 1954 121 company,
362 3712 222 54 limited
637 3718 150 64 [1935]

235 3784 1911 53 3 p. l., ix-xvi, 377 p. front., illus., plates, ports., map, facsims. 22 cm .
235 3842 139 47 Maps
399 3851 63 30 on
490 3840 360 49 lining-papers.

170 3893 1976 58 © 1c. June 1, 1835; A ad int. 20357; pubd. May 23; H. T. Wilkins,
233 3954 344 47 Bexleyheath,
609 3955 141 45 Kent,
783 3955 232 48 England.
1086 3955 277 47 (35-11163)
