2424 4375
1043 4035 100 54 731

111 405 360 64 Gruenberg,
499 404 313 64 Benjamin
844 404 260 64 Charles,
1137 406 169 54 1875-

183 481 223 55 Science
446 483 111 52 and
594 483 95 52 the
727 483 192 66 public
955 481 177 67 mind,
1170 483 75 66 by
1282 482 305 67 Benjamin
1627 483 61 54 C.
1728 483 363 68 Gruenberg;

114 559 1210 66 with a foreword by John C. Merriam …
1448 561 139 53 New
1616 560 162 54 York
1806 560 113 53 and
108 562 1960 138 London,
263 636 424 55 McGraw-Hill
715 636 147 54 book
887 656 296 50 company,
1208 639 127 66 inc.,
1365 641 150 51 1935.

174 725 102 45 xiii,
305 724 86 40 196
419 734 41 38 p.
521 723 151 49 diagr.
733 723 56 40 21
791 725 45 22 cm
840 754 11 11 .

177 795 129 40 “The
337 794 145 47 study
517 804 99 30 was
650 793 299 42 undertaken
981 798 52 37 at
1068 793 82 41 the
1181 792 261 43 invitation
1477 793 54 42 of
1565 794 79 41 the
1680 793 253 42 American

107 805 1970 87 association
319 850 80 39 for
431 850 137 39 adult
602 849 256 41 education
895 852 48 38 to
976 849 108 41 look
1120 850 103 40 into
1257 849 82 42 the
1377 850 149 48 ‘place
1561 849 53 40 of
1648 849 185 41 science
1868 850 50 39 in
1957 851 134 40 adult

106 904 500 42 education'.”—Pref.

450 975 130 48 CONTENTS.—pt.
609 981 32 33 I.
673 975 101 40 The
804 975 134 49 place
969 974 52 41 of
1050 974 182 41 science
1265 975 50 39 in
1343 975 197 40 modern
1571 974 232 47 life.—pt.
1841 981 50 33 II.
1928 976 165 39 Means

106 1034 91 38 and
230 1031 217 41 methods
478 1031 51 40 of
556 1030 226 49 bringing
809 1029 185 43 science
1025 1033 49 38 to
1103 1030 82 42 the
1214 1029 305 50 public.—pt.
1549 1035 73 35 ill.
1655 1030 100 41 The
1785 1030 304 41 educational

103 1087 245 41 situation.

108 1153 50 53 ©
190 1158 112 46 May
330 1157 68 46 13,
428 1156 117 41 1935;
602 1157 66 40 2c.
699 1156 97 40 and
824 1155 81 41 aff.
936 1156 113 47 May
1082 1156 81 46 17;
1197 1155 40 39 A
1269 1155 168 46 83133;
1473 1154 351 41 McGraw-Hill
1856 1156 123 38 book
2010 1163 82 39 co.,

177 1213 87 40 inc.
335 1213 250 49 (35-7913)

108 1317 261 61 Herrick,
399 1316 245 55 Francis
669 1316 248 66 Hobart,
946 1321 171 51 1858-

178 1393 1912 67 Wild birds at home, by Francis Hobart Herrick … New
111 1472 172 66 York,
320 1473 259 67 London,
610 1472 72 54 D.
719 1470 579 70 Appleton-Century
1338 1489 299 51 company,
1676 1471 418 68 incorporated,

114 1554 137 50 1935.

174 1635 1495 49 xxii p., 1 l., 345 p. front., illus., plates, diagrs. 22½ cm .
108 1703 50 53 ©
183 1708 110 46 May
322 1707 68 48 31,
419 1706 141 47 1935;
589 1705 66 40 2c.
684 1706 126 39 June
837 1706 25 39 3;
919 1705 82 40 aff.
1028 1705 125 39 June
1179 1705 54 46 4;
1264 1705 40 39 A
1331 1703 171 48 83446;
1531 1705 56 39 D.
1618 1702 475 50 Appleton-Century

174 1775 80 34 co.,
285 1765 90 39 inc.
445 1761 250 51 (35-7910)

109 1867 148 64 Hull,
285 1869 136 52 Mrs.
450 1869 305 62 Margaret
786 1866 315 65 (Latham)

176 1945 117 50 The
324 1963 282 49 gangway
637 1950 57 46 to
727 1945 246 65 Europe,
1004 1944 74 66 by
1110 1945 295 65 Margaret
1437 1942 244 53 Latham
1716 1943 160 52 Hull.

110 1946 1956 135 Boston,
247 2024 186 59 Mass.,
462 2023 119 52 The
612 2020 294 57 Stratford
938 2039 278 49 company
1429 2055 11 32 [c1935]

174 2106 922 52 2 p l., 100 p. front., plates. 19 cm .
109 2177 50 52 ©
189 2182 112 46 May
328 2179 68 48 29,
426 2179 113 41 1935;
599 2179 65 40 2c.
696 2180 113 47 May
835 2180 82 45 31;
950 2178 79 40 aff.
1065 2179 125 39 June
1220 2180 53 45 4;
1307 2179 40 38 A
1378 2178 169 46 83458;
1586 2178 249 40 Stratford
1866 2188 81 37 co.,
173 2178 1901 100 publishers.
431 2235 250 50 (35-7938)

109 2339 291 65 Kennard,
429 2340 219 63 Joseph
678 2341 272 63 Spencer,
982 2345 169 49 1859-

169 2415 190 54 Masks
391 2416 109 52 and
536 2415 379 68 marionettes,
945 2415 74 69 by
1054 2415 215 68 Joseph
1304 2413 247 69 Spencer
1587 2414 293 54 Kennard.
1952 2415 135 52 New

106 2491 171 66 York,
304 2493 120 53 The
452 2493 332 52 Macmillan
812 2510 296 51 company,
1140 2494 148 51 1935.

174 2562 1623 52 ix p., 2 l., 3-129 p. front., plates (1 double) ports. 26 cm .
174 2634 72 40 An
268 2637 202 39 account
495 2636 52 39 of
568 2636 83 40 the
677 2636 262 40 commedia
967 2634 108 41 dell’
1096 2637 119 39 arte.

111 2701 50 52 ©
196 2707 114 46 May
340 2707 70 46 21,
445 2706 113 40 1935;
623 2706 66 40 2c.
727 2709 95 37 and
858 2707 81 38 aff.
977 2708 113 45 May
1126 2706 83 45 22;
1246 2707 40 38 A
1320 2707 170 46 83258;
1528 2708 41 38 J.
1612 2708 44 39 S.
1692 2707 247 46 Kennard,
1974 2708 116 37 New

174 2762 141 41 York.
386 2761 248 51 (35-7953)

108 2864 311 70 Knipping,
449 2870 208 63 Franz,
691 2870 170 53 1875-

173 2944 115 52 Der
314 2946 358 53 strassenbau
700 2946 99 52 der
825 2946 367 67 Vereinigten
1224 2947 235 54 Staaten
1486 2963 109 34 von
1623 2945 274 53 Amerika
1923 2951 166 48 unter

108 3021 529 70 beriicksichtigung
675 3024 98 52 der
810 3024 498 67 nutzanwendung
1344 3024 98 51 für
1479 3024 405 53 Deutschland.
1961 3026 127 52 Von

110 3099 1977 70 F. Knipping … K. Gölz … H. Mittmever … Berlin, J.
111 3175 287 71 Springer,
428 3182 147 50 1934.

176 3250 78 47 vii,
282 3251 69 48 [1],
376 3251 88 41 278
485 3263 42 37 p.
581 3252 142 47 illus.,
748 3262 136 38 maps
912 3251 137 48 (part
1070 3252 144 49 fold.)
1251 3252 177 48 diagrs.
1483 3252 57 39 24
1542 3254 44 21 cm
1591 3283 8 9 .

180 3322 644 40 “Literatur-verzeichnis”:
856 3334 42 37 p.
932 3323 244 49 [255]-271.

112 3385 1776 57 © June 8, 1934; 1c. Oct. 2; A-Foreign 25813; Julius Springer.
188 3447 118 49 (Agr
322 3450 196 47 34-611)

113 3545 228 68 Kunitz,
370 3552 241 64 Joshua,
642 3557 132 50 1896
791 3588 20 5 -

181 3625 179 56 Dawn
407 3646 130 35 over
584 3630 384 66 Samarkand;
1017 3630 93 52 the
1158 3628 215 55 rebirth
1419 3629 64 52 of
1529 3630 231 55 Central
1813 3631 153 60 Asia,
2013 3632 73 66 by

113 3700 211 57 Joshua
355 3704 231 56 Kunitz.
661 3708 137 53 New
831 3708 177 66 York,
1041 3706 211 67 Covici,
1284 3706 204 53 Friede
1528 3740 12 34 [
1545 3712 16 22 c
1568 3711 131 49 1935
1705 3742 13 32 ]

179 3776 598 51 6 p. l., 11-348 p. 22 cm .
181 3844 136 48 Maps
343 3856 59 29 on
428 3847 358 49 lining-papers.

116 3906 50 52 ©
190 3913 112 48 May
327 3915 68 48 21,
425 3915 138 50 1935;
592 3917 67 40 2c.
687 3919 95 39 and
810 3918 80 40 aff.
919 3919 113 47 May
1058 3919 82 47 31;
1171 3918 40 39 A
1242 3918 169 47 84011;
1442 3918 42 39 J.
1515 3917 196 49 Kunitz,
1741 3919 117 39 New
1886 3918 143 39 York.

191 3969 244 50 (35-7933)
